3778 6276
151 286 249 357 ist
1299 295 1663 355 exposmo
1701 297 1772 354 lN
1812 296 2140 354 PSALMUM
2178 298 2310 355 CIX.
3303 303 3412 361 tos

151 418 350 481 θυσίας
380 457 399 481 ,
444 417 576 471 οὔτε
603 419 874 489 ἱερατείας
899 459 913 484 ,
957 415 1078 471 οὔτε
1109 417 1287 488 λογίου
1311 459 1326 483 ,
1358 419 1499 473 κατὰ
1524 419 1625 491 τὴν
1655 420 1733 473 τοῐ

1851 422 2040 487 altare,
2104 436 2204 477 nec
2252 418 2639 487 sacerdotium,
2692 432 2879 490 neque
2928 417 3212 486 rationale,
3253 421 3408 492 juxta

152 511 447 581 προφήτου
475 511 684 583 φωνήν.
761 510 824 563 '0
852 508 920 562 δὲ
948 510 1168 576 δοῦλός
1197 526 1313 565 σου
1343 512 1733 581 εὐφρανθήσε·

1853 514 2132 585 Prophetas
2159 528 2365 569 vocem.
2404 511 2593 567 Servus
2619 520 2796 566 autem
2827 520 2949 566 tuus
2980 510 3267 566 lwtabitur.
3302 513 3409 569 Ne-

152 615 262 650 rae.
289 598 441 651 οὐδὲ
473 598 638 651 τοῦτο
662 600 810 669 ἡμᾶς
834 597 896 650 τὸ
924 598 1071 670 ῥῆμα
1094 598 1277 653 λαϐεῖν
1303 600 1382 664 είς
1407 600 1599 672 ἑτέραν
1628 601 1733 654 ὑπό

1850 620 1956 675 que
1986 605 2091 661 hoc
2118 605 2322 660 dictum
2366 606 2435 658 a’d
2480 604 2626 657 aliud
2680 612 3061 674 argumentum
3114 603 3411 659 transferre

152 690 299 742 θεσιν
335 691 659 758 ἀναγκάσει
678 707 692 720 ·
750 689 964 743 Παύλου
993 690 1240 759 λέγοντος
1265 709 1280 722 ο
1315 680 1501 747 ”Αλλ’
1532 692 1733 746 ἑαυτὸν

1849 710 2072 752 necesse
2101 695 2259 751 nobis
2291 703 2375 749 est
2406 712 2422 760 ;
2462 709 2586 749 cum
2618 693 2820 750 Paulus
2851 694 2997 749 dicat
3023 712 3036 748 :
3075 692 3179 749 Sed
3218 703 3408 747 semet-

150 781 422 835 ἑκένωσε
467 782 726 851 μορφὴν
780 782 1004 837 δούλου
1060 781 1291 837 λαϐών-θ
1342 785 1437 838 καὶ
1492 784 1733 838 Ἦσαῖουε

1848 787 2022 856 ipsum
2074 786 2366 840 exinanivit
2438 785 2664 855 formam
2718 791 2857 840 servi
2918 787 3180 856 accipiens
3222 786 3299 852 ‘7;
3354 791 3410 839 et

153 874 355 939 Οὕτως
382 873 563 943 λέγει
590 876 810 942 Κύριος
846 877 879 927 ὁ
909 873 1151 941 πλάσας
1175 892 1252 944 με
1288 876 1358 928 ἐν
1381 876 1576 943 κοιλίᾳ
1605 876 1733 930 δοῦ-

1850 877 2016 934 lsaias
2041 897 2055 933 :
2092 877 2184 933 Sic
2209 877 2341 932 dicit
2372 878 2629 932 Dominus
2656 879 2746 949 qui
2774 877 3020 947 formarit
3047 893 3127 930 me
3166 892 3230 929 ex
3258 886 3407 930 utero

150 971 260 1018 lor
285 966 499 1031 ἑαυτῷ
520 982 535 995 ·
580 967 674 1020 καὶ
704 966 865 1029 αὐτὸς
891 966 948 1018 δέ
976 983 1139 1037 φησιν
1170 967 1228 1018 ἐν
1260 966 1608 1035 Εὑαγγελίοις
1626 1007 1642 1030 ,
1671 969 1733 1032 ὡς

1848 984 2050 1022 servum
2076 969 2178 1023 sibi
2201 969 2244 1000 ¹⁸
2269 986 2284 1023 :
2307 977 2361 1023 et
2391 969 2509 1039 ipse
2533 969 2585 1023 in
2618 967 2924 1039 Evangeliis
2962 969 3077 1023 ait:
3114 965 3291 1022 Filius
3318 967 3410 1020 Iw-

164 1056 222 1107 '0
272 1055 422 1120 Υἱὸς
456 1055 570 1108 τοῦ
616 1054 929 1124 ἀνθρώπου
964 1057 1075 1109 οὐκ
1106 1052 1254 1126 ἦλθε
1294 1056 1733 1126 διακονηθῆναι,

1848 1061 2005 1114 minis
2039 1076 2142 1114 non
2171 1061 2309 1114 venit
2338 1060 2657 1125 ministrari,
2697 1059 2787 1113 sed
2806 1061 3107 1115 ministrare
3129 1060 3193 1111 ι’,

150 1147 304 1200 ἀλλὰ
334 1144 739 1215 διακονῆσαι.

221 1238 765 1293 ’ἔνδυσάσθωσαν
804 1242 858 1292 οἱ
898 1238 1389 1306 ἐνδιαϐάλλοντές
1431 1256 1507 1309 με
1546 1240 1745 1308 ἐντρο-

148 1328 283 1395 ςήν.
320 1329 475 1383 Ποία
507 1330 615 1401 γὰρ
640 1331 739 1382 οὐκ
767 1329 913 1383 ἔστιν
945 1330 1216 1394 Ἰουδαίοις
1242 1331 1506 1403 αἰσχύνης
1534 1333 1614 1385 Τὰ
1644 1333 1742 1403 μὲν

150 1421 270 1488 ima
299 1421 380 1473 τὰ
405 1421 631 1475 ἑαυτῶν
659 1421 859 1491 ὁρῶσιν
884 1423 947 1474 ἐκ
971 1421 1184 1492 βάθρων
1210 1424 1558 1493 ὴφανισμένα
1577 1440 1589 1453 ·
1620 1424 1744 1477 τοῦ·

147 1510 201 1561 τό
229 1527 290 1562 τε
332 1510 439 1563 τοῦ
482 1512 620 1581 παρ’
654 1510 832 1563 αὐτῶν
859 1509 1247 1581 ἀτιμασθέντος
1271 1514 1366 1566 καὶ
1399 1514 1741 1585 σταυρωθέν-

146 1617 227 1663 to;
245 1600 747 1672 προσκυνούμενον
764 1602 867 1672 μνῆ
877 1619 951 1671 μα
967 1618 980 1630 ·
1004 1603 1097 1656 καὶ
1111 1603 1210 1667 τὰς
1226 1604 1425 1677 Ἐκκλη
1434 1606 1553 1669 σίας
1577 1607 1739 1660 αὑτοῦ

148 1691 431 1763 πανταχοῦ
495 1691 752 1747 τοσοῦτον
802 1692 1142 1758 ἐπιδιδούσας
1177 1694 1258 1760 εἴς
1307 1713 1365 1749 τε
1410 1696 1614 1768 πλῆθος
1646 1699 1740 1752 καὶ

146 1781 317 1846 δόξαν,
1506 1762 1518 1768 ⁷
1771 1762 1814 1819 Β

220 1874 797 1945 Ἐξομολογήσομαι
823 1875 902 1942 τῷ
927 1877 1122 1946 Κυρίῳ
1141 1876 1377 1946 σφόδρα
1397 1879 1468 1933 ἐν
1495 1879 1576 1947 τῷ
1600 1883 1741 1935 στό-

1915 1235 2004 1290 29.
2030 1234 2334 1290 Induantur
2353 1237 2443 1307 qui
2472 1235 2756 1291 detrahunt
2780 1236 2907 1291 mihi
2936 1237 3153 1307 pudore.
3183 1233 3403 1305 Ecquod

1850 1342 1958 1381 non
1993 1337 2077 1381 est
2114 1326 2317 1383 Judaais
2352 1327 2574 1398 pudoris
2619 1329 2834 1398 genus?
2863 1327 3060 1383 Sancta
3094 1342 3194 1383 sua
3226 1327 3408 1381 vident

1844 1434 1875 1472 a
1905 1417 2274 1474 fundamentis
2319 1420 2541 1475 diruta:
2579 1421 2891 1490 sepulcrum
2923 1428 3104 1474 autem
3152 1418 3270 1488 ejus
3310 1418 3405 1488 qui

1842 1512 1913 1565 ab
1939 1509 2072 1579 ipsis
2097 1510 2374 1581 despectui
2406 1511 2624 1566 habitus
2647 1527 2712 1566 ac
2730 1510 3023 1566 cruciﬁxus
3042 1519 3125 1566 est
3152 1510 3402 1566 adorari:

1843 1600 2223 1667 Ecclesiasque
2248 1603 2368 1672 ejus
2396 1604 2597 1674 ubique
2637 1614 2902 1659 terrarum
2937 1611 3145 1657 tantum
3176 1617 3404 1658 numero

1842 1702 1895 1748 et
1927 1693 2098 1763 gloria
2130 1694 2339 1763 augeri.

1913 1866 2004 1922 50.
2040 1866 2341 1938 Confitebor
2368 1867 2595 1923 Domino
2636 1869 2791 1922 nimis
2816 1869 2870 1922 in
2903 1884 2992 1922 ore
3017 1884 3150 1922 meo.
3179 1865 3405 1923 Confes-

140 1966 279 2035 ματί
303 1983 465 2035 μου.
509 1965 578 2018 Ἦ
622 1966 1007 2039 ἐξομολόγησις
1033 1967 1130 2039 τὴν
1156 1968 1507 2041 εὐχαριστίαν
1540 1970 1740 2042 σημαί-

144 2076 238 2123 νει,
266 2059 341 2128 ἦν
371 2059 621 2111 ποιεῖται
648 2057 736 2111 διὰ
758 2057 867 2113 τῶν
888 2058 1055 2112 ἐθνῶν
1084 2062 1113 2113 ὁ
1140 2060 1288 2125 Υἱός.
1339 2062 1448 2116 Καὶ
1480 2063 1550 2116 ἐν
1571 2062 1740 2132 μέσῳ

140 2149 401 2204 πολλῶν
414 2149 645 2204 αίνέσω
664 2151 868 2206 αὐτόν.
889 2149 988 2205 Διὰ
1004 2151 1113 2225 γὰρ
1135 2153 1232 2224 τῆς
1259 2153 1583 2225 Ἐκκλησίας
1600 2157 1740 2211 αἰνεῖ

140 2240 226 2293 etv
255 2240 522 2312 Πατέρα.

721 2333 938 2387 ΨΑΛΜ
940 2335 1031 2386 ΟΣ
1074 2336 1185 2387 ΡΘ¹

206 2418 415 2482 Εἶπεν
450 2423 485 2475 ό
524 2422 746 2490 Κύριος
777 2422 859 2489 τῷ
886 2423 1082 2493 Κυρίῳ
1112 2442 1267 2494 μου·
1303 2426 1500 2482 Κάθου
1530 2427 1600 2481 ἐκ
1639 2426 1734 2481 δε-

140 2511 293 2575 ξιῶν
330 2528 487 2581 μου.
548 2512 658 2585 Τὴν
710 2512 853 2566 κατὰ
887 2514 1065 2585 σάρκα
1114 2515 1365 2589 γέννησιν
1394 2516 1486 2571 τοῦ
1526 2520 1731 2591 Κυρίου

136 2603 224 2657 διὰ
253 2603 372 2656 τῶν
410 2603 700 2676 παρόντων
749 2606 1145 2677 κατασημαίνει
1167 2647 1183 2673 ,
1208 2608 1301 2662 καὶ
1331 2610 1422 2664 τὸν
1453 2611 1735 2681 εὐαγγελι-

139 2697 234 2751 nov
274 2695 454 2752 αὐτοῦ
486 2696 678 2765 λόγον,
725 2697 816 2752 τὸν
846 2698 1062 2753 πάντων
1093 2701 1592 2774 κατακυριεύσαντα
1623 2706 1734 2760 τῶν

139 2789 340 2854 ἐθνῶν,
377 2790 479 2843 καὶ
513 2790 612 2861 τὴν
642 2791 722 2854 εἰς
740 2791 1000 2862 οὐρανοὺς
1025 2792 1190 2847 αὐτοῦ
1209 2795 1415 2861 ἄνοδον,
1437 2793 1506 2869 ἦς
1529 2798 1733 2870 κατάρ-

140 2897 298 2949 χεται
328 2882 359 2933 ὁ
389 2879 610 2949 ψαλμὺς
634 2880 811 2949 λέγων
829 2895 843 2910 ⁸
878 2878 1063 2936 Εἶπεν
1106 2886 1139 2936 ό
1190 2885 1406 2954 Κύριος
1436 2884 1516 2952 τῷ
1537 2890 1731 2956 Κυρίῳ

132 2990 287 3041 μουο
325 2972 536 3028 Κάθου
571 2974 642 3027 ἐκ
673 2973 888 3038 δεξιῶν
915 2994 1055 3044 μου.

214 3068 373 3135 Ἕως
404 3066 485 3120 ἂν
515 3066 596 3122 θῶ
627 3066 769 3133 τοὺς
807 3068 1056 3137 ἐχθρούς
1097 3083 1214 3124 σου
1240 3073 1573 3129 ὑποπόδιον
1613 3074 1732 3131 τῶν
1757 3097 1800 3154 c

141 3158 352 3213 ποδῶν
379 3175 526 3213 σου.
573 3158 686 3211 Καὶ⁵
716 3157 860 3222 τίνες
891 3158 957 3211 ἂν
986 3154 1096 3212 εἷεν
1120 3161 1169 3214 οἱ
1196 3161 1382 3234 ἐχθροὶ
1413 3166 1442 3217 ὁ
1483 3165 1731 3221 Ἀπόστο·

141 3248 231 3311 λος
261 3247 423 3317 δηλοῖ
456 3247 629 3313 βοῶν’
663 3248 841 3300 ’Ὅταν
874 3248 1221 3319 καταργήσῃ
1264 3252 1373 3319 τὰς
1403 3253 1595 3323 ἀρχὰς
1631 3258 1728 3310 καὶ

141 3338 249 3404 τὰς
278 3336 602 3402 ἐξουσίας,
631 3335 729 3389 καὶ
753 3336 896 3403 τοὺς
922 3339 1407 3410 κοσμοκράτορας
1424 3382 1439 3407 ,
1471 3344 1730 3415 ἔσχατος

141 3429 360 3499 ἐχθρὸς
388 3426 772 3497 καταργεῖται
803 3430 837 3481 ὁ
856 3427 1141 3497 ’θάνατος.

217 3520 484 3576 Ῥάὸὃον
511 3517 820 3589 δυνάμεως
848 3519 1249 3584 ἐξαποστελεῖ
1286 3538 1384 3577 σοι
1408 3526 1622 3594 Κύριος
1660 3527 1729 3581 ἐκ

144 3609 315 3667 Σιών.
382 3612 497 3665 Τὸν
525 3608 879 3679 εὐαγγελικόν
908 3628 1042 3682 φησι
1067 3611 1224 3681 λόγον
1265 3613 1357 3667 τὸν
1388 3615 1733 3688 ἀπεσταλμὲ-

144 3722 247 3769 νον,
279 3705 345 3767 ὃς
373 3703 478 3756 καὶ
508 3702 726 3755 πάντων
758 3702 865 3757 τῶν
893 3702 1104 3775 ἐχθρῶν
1136 3705 1474 3777 ἐκυρίευσεν.

205 3790 379 3846 Μετὰ
410 3788 534 3844 σοῦ
558 3788 597 3855 ἠ
631 3789 789 3860 ἀρχὴ
819 3790 890 3845 ἐν
910 3791 1100 3861 θήμέρᾳ
1125 3792 1237 3861 τῆς
1258 3793 1565 3865 δυνάμεώς
1588 3809 1727 3851 σου.

146 3885 213 3938 Ἢ
242 3888 343 3939 τὸν
376 3882 580 3955 καιρὸν
606 3883 706 3955 τῆς
737 3885 971 3955 κρίσεως
995 3885 1083 3939 διὰ
1111 3885 1314 3941 τούτων
1344 3890 1596 3961 σημαίνει
1621 3931 1636 3956 ,
1671 3892 1729 3944 ὲν

141 3969 183 4043 ᾧ
201 3977 445 4047 δυνάμει
475 3974 599 4046 θείᾳ
624 3974 832 4040 πάντας
860 3977 1036 4051 κρινεί
1059 3976 1229 4031 ὲλθὼν
1255 3979 1395 4050 μετὰ
1426 3981 1536 4035 τῶν
1560 3982 1729 4052 ἁγίων

142 4078 396 4147 ἀγγέλων
416 4075 620 4149 αὑτοῦτ
649 4077 683 4148 ἢ
717 4077 809 4130 τὸν
840 4076 1031 4149 καιρὸν
1063 4077 1166 4147 τῆς
1198 4076 1505 4147 γεννήσεως
1536 4073 1726 4143 αὐτοῦ,

140 4169 259 4237 ἣτις
284 4169 387 4221 καὶ
406 4166 594 4238 ἡμέρα
622 4167 904 4233 δυνάμεως
931 4166 1417 4239 προσαγορεύεται.
1449 4166 1605 4221 Μετὰ
1632 4165 1728 4219 σοῦ

142 4258 247 4331 γὰρ
282 4258 451 4312 ἔσται
483 4260 518 4329 ή
552 4258 716 4329 ἀρχή.
755 4257 1180 4323 Κατεξουσιάζει
1213 4257 1323 4329 γὰρ
1356 4256 1464 4311 τῶν
1495 4257 1652 4319 ὅλων,
1680 4257 1727 4308 εί

145 4351 236 4405 καὶ
278 4350 512 4419 γέγονεν
564 4349 868 4421 ἄνθρωπος.
916 4351 1018 4405 Ἐν
1046 4349 1175 4416 ταῖς
1202 4349 1583 4419 λαμπρότησι
1612 4346 1730 4401 τῶν

117 4426 332 4511 ’ἁγίων
348 4458 491 4494 σου.
520 4440 595 4493 Τὸ
617 4441 696 4504 δὲ,
732 4442 829 4495 Ἐν
848 4440 975 4507 ταῖς
1002 4441 1381 4510 λαμπρότησι
1401 4439 1520 4493 τῶν
1548 4440 1730 4509 ἁγίων
1763 4440 1807 4494 D

144 4546 295 4597 σου,
325 4530 486 4585 οὐδὲν
515 4531 702 4603 ἕτερον
730 4530 764 4601 ἢ
797 4531 897 4595 τὰς
926 4528 1144 4603 χορείας
1173 4531 1389 4594 ὲκείνας
1413 4530 1524 4583 τῶν
1556 4530 1727 4598 ἁγίων

146 4622 402 4692 ἀγγέλων
435 4623 571 4693 ἡμῖν
616 4622 1053 4694 κατασημαίνει,
1101 4621 1201 4687 τὰς
1234 4620 1386 4693 παρὰ
1430 4623 1530 4694 τὴν
1560 4620 1731 4675 νύκτα

146 4715 365 4784 ἐκείνην
394 4712 520 4766 καθ’
566 4714 634 4785 ἢν
659 4713 922 4785 ἐγεννήθη
956 4715 985 4766 ὁ
1016 4714 1251 4787 Χριστὸς
1282 4711 1523 4784 βοώσας·
1579 4712 1734 4777 Δόξα

144 4823 212 4859 er
231 4805 525 4872 ὑψίστοις
551 4804 674 4870 Θεῷ
700 4804 798 4859 καὶ
819 4805 918 4858 ἐπὶ
944 4804 1061 4874 τῆς
1085 4803 1315 4872 εἰρήνη.
1360 4804 1454 4856 Ἐκ
1476 4803 1735 4872 γαστρὸς

145 4894 261 4963 πρὸ
295 4895 611 4963 ἑωσφόρον
648 4895 949 4966 ἐγέννησα
979 4913 1072 4951 σε.
1121 4896 1261 4967 Ὅρα
1287 4894 1403 4960 πῶς
1440 4893 1730 4948 οἰκειοῦται

145 4988 245 5055 τὴν
272 4985 418 5039 κατά
445 4985 625 5056 σάρκα
652 4984 905 5058 γέννησιν
948 4986 1043 5040 τοῦ
1074 4984 1413 5055 Μονογενοῢς
1440 4987 1470 5038 ὁ
1514 4985 1727 5055 Πατήρ.

145 5078 285 5148 Φησὶ
316 5077 429 5150 γὰρ
456 5078 489 5130 ὁ
508 5078 700 5150 Πατὴρ
729 5079 868 5151 πρὸς
893 5078 983 5132 τὸν
1010 5078 1137 5132 Υίόν
1154 5096 1169 5109 υ
1202 5078 1316 5151 Πρὸ
1341 5078 1449 5149 γὰρ
1470 5076 1562 5131 τοῦ
1595 5078 1730 5148 ὁρω-

153 5170 322 5240 μένου
346 5172 555 5243 κόσμου
583 5170 772 5226 τούτου
805 5171 900 5226 καὶ
925 5171 1179 5240 διαυγοῦς
1205 5171 1382 5241 φωτὸς
1404 5171 1726 5240 γεννήσεως,

150 5259 260 5327 ἐγὼ
284 5260 594 5333 γεγέννηκά
622 5262 832 5334 σε.ούχ
858 5262 940 5316 ὅτι
969 5264 1208 5332 γαστέρα
1228 5261 1340 5332 ἔχει
1368 5262 1397 5314 ὁ
1421 5261 1554 5325 Θεὸς
1571 5276 1585 5290 ·
1614 5259 1730 5313 ἀλλ’

150 5348 338 5420 ὲπειδὴ
369 5350 440 5404 τὰ
469 5351 666 5423 γνήσια
688 5391 704 5416 ,
735 5354 830 5407 καὶ
872 5353 934 5405 οὐ
962 5352 1091 5406 νόθα
1109 5392 1124 5418 ,
1158 5353 1223 5405 ὲκ
1250 5340 1727 5423 γαστρὸςπρωτο-

156 5441 346 5495 τοκίων
378 5442 710 5511 πεφύκασιν.

223 5533 445 5602 Ὠμοσε
490 5536 737 5604 Κύριος,
770 5536 866 5589 καὶ
913 5536 985 5589 οὐ
1030 5534 1599 5604 μεταμεληθήσεται.
1685 5534 1727 5584 0

1840 1957 1925 2014 sio
1947 1960 2244 2029 gratiarum
2279 1960 2547 2016 actionem
2577 1960 2867 2031 signiﬁcat,
2899 1975 3062 2031 quam
3094 1974 3189 2029 per
3212 1967 3402 2031 gentes

1839 2046 2011 2104 Filius
2051 2048 2247 2104 reddit.
2279 2048 2350 2103 Et
2380 2050 2434 2102 in
2484 2050 2652 2104 medio
2686 2051 2976 2103 multorum
3005 2049 3233 2105 laudabo
3259 2065 3398 2105 eum.

1837 2138 1942 2193 Per
1980 2138 2278 2195 Ecclesiam
2307 2156 2543 2211 namque
2566 2139 2777 2195 Patrem
2807 2142 3012 2197 laudat.

2353 2315 2690 2372 PSALMUS
2720 2317 2873 2372 CIX.

1907 2410 1960 2464 1.
1986 2410 2135 2465 Dixit
2180 2409 2437 2464 Dominus
2493 2409 2721 2464 Domino
2767 2425 2921 2463 meo:
2949 2408 3080 2465 Sede
3116 2427 3149 2464 a
3196 2409 3397 2465 dextris

1835 2501 1984 2556 meis.
2022 2499 2183 2556 llisce
2204 2500 2386 2555 verbis
2419 2500 2821 2570 generationem
2851 2500 3066 2555 Domini
3095 2500 3397 2557 secundum

1835 2607 2056 2647 carnem
2119 2590 2410 2662 signiﬁcat,
2461 2600 2515 2647 et
2561 2591 2933 2661 evangelicum
2979 2591 3097 2661 ejus
3147 2591 3396 2658 verbum,

1833 2683 1980 2753 quod
2024 2680 2279 2737 omnibus
2313 2680 2565 2751 gentibus
2594 2681 2948 2736 dominatur:
2982 2689 3036 2735 et
3057 2681 3178 2751 ejus
3202 2695 3401 2737 ascen-

1834 2788 1954 2829 sum
2007 2772 2061 2826 in
2119 2769 2327 2835 caelos,
2374 2785 2534 2839 quem
2567 2778 2786 2824 enarrat
2832 2768 3077 2839 psalmus
3121 2767 3395 2825 dicendo;

1839 2849 1984 2916 Dixit
2009 2862 2265 2917 Dominus
2303 2858 2527 2913 Domino
2552 2874 2701 2913 meo:
2733 2857 2865 2914 Sede
2889 2876 2921 2913 a
2959 2859 3157 2914 deitris
3186 2859 3335 2915 meis.

1906 3031 2079 3087 Donec
2100 3050 2292 3103 ponam
2321 3034 2567 3090 inimicos
2596 3043 2711 3090 tuos
2733 3032 3019 3089 scabelium
3046 3034 3234 3105 pedum
3276 3042 3398 3088 tuo-

1836 3141 1975 3179 rum.
2019 3125 2253 3192 Quinam
2281 3126 2468 3184 hostes
2501 3128 2612 3184 sint
2657 3127 2898 3183 declarat
2930 3126 3222 3199 Apostolus
3268 3141 3394 3182 cum

1833 3217 2071 3272 clamat:
2104 3215 2237 3272 Cum
2260 3220 2585 3273 evacuaverit
2620 3218 2973 3289 principatum
3013 3228 3062 3272 et
3114 3225 3395 3288 potestates

1831 3318 1882 3361 et
1917 3316 2142 3362 rectores
2176 3309 2380 3377 mundi,
2414 3309 2700 3363 novissima
2734 3308 2968 3364 omnium
3003 3308 3221 3361 inimica
3255 3323 3396 3362 mors

1835 3396 2133 3452 destruetur
2157 3399 2225 3453 ’°.

1902 3488 1959 3543 2.
2007 3487 2221 3559 Virgam
2262 3492 2602 3547 virtutistua:
2642 3492 2839 3545 emittet
2879 3489 3139 3543 Dominus
3161 3504 3226 3543 ex
3244 3487 3393 3544 Sion.

1830 3578 2215 3651 Evangelicum
2244 3582 2377 3637 dicit
2406 3581 2651 3648 verbum,
2681 3579 2828 3650 quod
2864 3580 3125 3633 emissum
3158 3578 3395 3634 inimicis

1834 3673 2091 3729 omnibus
2113 3673 2449 3729 dominatum
2490 3683 2592 3729 est.

1901 3765 1957 3819 5.
1992 3763 2183 3818 Tecum
2214 3765 2531 3834 principium
2557 3763 2614 3817 in
2651 3764 2737 3816 die.
2769 3760 2982 3815 virtutis
3024 3769 3149 3814 tua.
3190 3757 3288 3815 llis
3319 3758 3395 3814 si-

1834 3857 2055 3929 gniﬁcat
2080 3865 2176 3912 aut
2198 3855 2392 3926 judicii
2430 3864 2664 3926 tempus,
2688 3867 2797 3924 quo
2830 3853 3030 3907 virtute
3057 3850 3237 3907 divina
3260 3864 3397 3904 om—

1832 3961 1931 4002 nes
1970 3944 2237 4017 judicabit
2286 3945 2514 4000 veniens
2575 3957 2700 3998 cum
2737 3941 2941 3998 sanctis
2987 3938 3195 4010 angelis
3241 3938 3393 3997 suis:

1833 4046 1929 4092 aut
1957 4044 2169 4108 tempus
2195 4034 2563 4108 generationis
2596 4033 2766 4099 illius,
2797 4047 2920 4103 quae
2951 4031 3116 4086 etiam
3153 4028 3271 4084 dies
3293 4026 3397 4083 vir-

1832 4128 1965 4183 tutis
1990 4128 2314 4199 appellatur.
2349 4124 2550 4181 Tecum
2581 4122 2724 4178 enim
2750 4121 2854 4177 erit
2883 4119 3233 4191 principium.
3256 4113 3392 4170 Nam

1832 4219 2149 4275 dominatur
2184 4218 2459 4274 universis
2504 4214 2717 4272 etiamsi
2763 4212 2942 4268 factus
2990 4212 3063 4265 sit
3106 4209 3291 4265 homo.
3327 4205 3394 4260 In

1832 4310 2195 4380 splendoribus
2228 4319 2531 4363 sanctorum
2546 4318 2777 4360 tuorum.
2814 4301 2945 4356 Illud
2974 4319 2988 4355 :
3018 4299 3085 4353 In
3108 4297 3397 4368 splendori-

1836 4401 1930 4455 bus
1959 4411 2264 4455 sanctorum
2298 4410 2527 4461 tuorum,
2574 4395 2709 4449 nihil
2737 4393 2882 4447 aliud
2923 4390 3195 4461 signiﬁcat
3227 4404 3391 4459 quam

1831 4493 2061 4548 choreas
2085 4491 2208 4546 illas
2241 4498 2558 4544 sanctorum
2591 4484 2932 4556 angelorum,
2965 4482 3265 4537 clamantes
3284 4496 3393 4551 qua

1829 4596 1991 4640 nocte
2021 4593 2184 4639 natus
2238 4580 2491 4636 Christus
2520 4585 2641 4632 est:
2675 4574 2857 4630 Gloria
2898 4576 2955 4628 in
2995 4571 3217 4628 excelsis
3246 4570 3393 4631 Deo,

1830 4688 1880 4731 et
1914 4678 1969 4731 in
1991 4685 2133 4730 terra
2151 4688 2257 4744 pax
2281 4673 2347 4725 ²¹.
2380 4670 2464 4725 Ea;
2500 4679 2649 4723 utero
2680 4676 2799 4722 ante
2829 4664 3109 4734 luciferum
3140 4664 3295 4734 genui
3321 4674 3392 4719 te.

1832 4767 1969 4823 Vide
1998 4781 2108 4837 quo
2137 4772 2295 4836 pacto
2343 4760 2505 4816 Pater
2536 4755 2813 4830 Unigeniti
2867 4754 3270 4827 generationem
3316 4768 3397 4810 se-

1834 4857 2071 4914 cundum
2130 4867 2346 4910 carnem
2399 4852 2505 4908 sibi
2555 4853 2827 4922 propriam
2884 4848 3068 4904 edicit.
3125 4848 3217 4902 Ait
3246 4845 3393 4903 enim

1832 4949 1993 5005 Pater
2020 4947 2089 5003 ad
2117 4946 2313 5001 Filium
2342 4963 2356 5000 :
2385 4944 2525 5000 Ante
2551 4942 2812 4999 mundum
2845 4941 2990 4996 hunc
3013 4938 3310 5003 visibilem,
3341 4949 3398 4991 et

1833 5040 2175 5111 splendidum
2211 5039 2395 5094 lumen
2424 5051 2527 5107 ego
2548 5043 2602 5090 te
2629 5030 2948 5106 genui.Non
2979 5029 3123 5101 quod
3152 5037 3393 5083 ventrem

1831 5133 1977 5188 Deus
2000 5132 2197 5187 habeat
2221 5147 2237 5197 ;
2263 5128 2357 5185 sed
2386 5128 2515 5197 quia
2547 5116 2833 5196 germana,
2854 5131 2908 5177 et
2939 5135 3051 5175 non
3081 5117 3291 5189 spuria,
3328 5132 3393 5173 es

1831 5234 2019 5281 ventre
2051 5221 2493 5293 primogenitum:
2524 5216 2657 5272 oriri
2682 5216 2877 5270 solent.

1899 5531 1954 5584 4.
1990 5529 2200 5583 Iuravit
2239 5525 2493 5579 Dominus
2524 5531 2571 5575 et
2609 5537 2712 5577 non
2757 5502 3198 5595 pauitebiteunrt.
3242 5515 3395 5576 luti-

212 5710 270 5788 ."
293 5710 635 5786 Philipp..n,
659 5713 712 5769 7.
764 5712 963 5788 0"lsa.
997 5729 1144 5782 ms,
1184 5713 1273 5786 5._
1316 5712 1358 5746 ¹⁹
1382 5708 1568 5766 Matth.
1602 5722 1694 5775 xx,
1729 5707 1819 5763 28.
1868 5704 1938 5787 u"
1972 5702 1990 5758 Ι
2022 5703 2150 5758 Cor.
2195 5716 2283 5771 xv,
2325 5699 2413 5756 26.
2470 5701 2531 5783 ,ιι
2573 5698 2708 5759 Luc.
2759 5715 2819 5767 ιι,
2858 5699 2941 5755 14.
