3778 6276
427 250 531 344 tos

1262 291 1320 348 s.
1361 291 1731 348 ATHANASII
1767 290 1919 349 ore.
1962 291 2144 349 rans
2182 293 2272 349 ιιι.
2312 322 2383 335 -
2420 274 2871 350 ΕιιεοετιοΑ.⁸

3542 299 3659 355 664

426 420 668 466 mentum
701 409 816 476 Dei,
850 418 932 468 est
958 413 1179 469 verbum
1210 414 1351 484 ejus,
1385 416 1528 487 quod
1561 416 1837 471 auditores
1865 429 1970 469 cer‘

2121 431 2247 485 ρκος
2288 414 2382 469 τοῦ
2414 414 2548 468 Θεοῦ
2603 417 2631 468 ὁ
2667 414 2825 484 λόγος
2873 414 3034 468 αὐτοῦ
3078 415 3191 467 ἐστι
3216 455 3229 479 ,
3295 414 3659 488 πληροφορῶν

427 502 592 556 tiores
617 498 768 565 facit,
801 510 855 555 et
883 501 1042 557 ﬁdem
1073 504 1270 574 cuique
1291 504 1402 571 dat,
1431 521 1549 574 qua:
1571 504 1686 575 ipse
1714 505 1983 574 promittit

424 609 489 648 ac
507 592 751 663 loquitur
784 592 1006 649 omnino
1033 592 1216 649 futura
1247 610 1387 651 esse.
1434 594 1550 649 Non
1579 596 1721 651 enim
1758 595 1984 665 perinde

423 697 584 758 atque
613 687 777 741 homo
815 685 955 742 Deus
1008 689 1192 758 jurat;
1243 695 1335 745 sed
1382 692 1604 747 verbum
1656 693 1775 761 ejus
1824 691 1983 745 nobis

421 778 598 834 instar
624 777 921 849 juramenti
953 789 1037 834 est
1066 778 1134 833 ad
1168 780 1445 835 veritatem
1473 798 1487 846 ;
1529 781 1785 835 nimirum
1824 796 1984 837 omne

420 869 645 923 verbum
677 869 796 938 ejus
830 870 937 923 tale
970 878 1054 925 est
1087 879 1146 924 ut
1176 887 1454 941 nunquam
1493 873 1751 941 pteniteat
1783 872 1979 942 ipsum,

424 959 629 1030 quippe
662 975 786 1015 cum
817 961 1074 1029 promissi
1119 960 1656 1030 iuramento-firmati
1690 963 1846 1017 (idem
1885 964 1984 1017 ha-

420 1051 565 1105 bent.
592 1048 671 1103 Tu
700 1065 755 1103 es
795 1051 1040 1103 sacerdos
1066 1050 1119 1103 in
1147 1061 1397 1106 aeternum
1420 1053 1700 1106 secundant
1748 1054 1981 1107 ordinem

420 1141 783 1198 llelchisedec.
831 1138 968 1208 Quia
1007 1157 1114 1196 non
1154 1144 1274 1197 oleo
1312 1141 1667 1198 Melchisedcc
1708 1144 1773 1198 ad
1811 1160 1984 1200 sacer-

416 1233 622 1289 dotium
678 1244 876 1289 unctus
920 1244 1025 1298 est,
1088 1236 1545 1305 quemadmodum
1583 1236 1764 1290 Aaron
1797 1278 1812 1301 ,
1854 1239 1980 1307 quia

416 1338 526 1379 non
562 1335 814 1380 cruentas
846 1326 1043 1380 obtulit
1080 1326 1318 1392 hostias;
1351 1328 1475 1397 quia
1524 1328 1761 1398 gentium
1803 1330 1985 1399 ponti-

418 1416 504 1472 fex
546 1426 681 1481 erat,
739 1425 793 1472 et
835 1418 963 1487 quia
999 1432 1095 1488 per
1136 1433 1329 1488 panem
1376 1428 1427 1475 et
1475 1420 1662 1474 vinum
1709 1420 1984 1478 benedixit

414 1507 744 1564 Abrahamo.

486 1597 541 1653 5.
572 1598 830 1653 Dominus
857 1615 889 1652 a
918 1599 1119 1652 dextris
1144 1599 1246 1652 tuis
1276 1598 1525 1669 confregit
1554 1599 1609 1652 in
1637 1600 1723 1653 die
1748 1601 1845 1656 ira:
1872 1616 1982 1656 suta

414 1705 577 1760 reges.
605 1689 757 1745 Diem
790 1690 901 1755 irae,
931 1689 1123 1761 judicii
1156 1698 1368 1759 tempus
1401 1706 1521 1746 esse
1544 1690 1698 1757 dicit,
1728 1708 1840 1763 quo
1881 1695 1980 1749 lio-

414 1781 589 1837 mines
625 1781 719 1851 qui
744 1782 872 1837 olim
914 1797 981 1837 ex
1031 1781 1243 1837 fallacia
1293 1783 1601 1837 daemonum
1654 1785 1974 1854 regnabant,

413 1870 737 1943 confringet,
768 1872 910 1927 intra
936 1872 1193 1944 abyssum
1218 1874 1551 1930 concludens
1580 1875 1750 1946 ipsos.

480 2049 533 2104 6.
563 2047 834 2104 Judicabit
856 2050 913 2104 in
939 2047 1266 2111 nationibus,
1296 2049 1531 2119 implebit
1551 2050 1753 2105 ruinas.
1783 2048 1975 2105 Natio-

410 2155 529 2207 nes,
561 2140 756 2209 inquit,
790 2141 1129 2209 impurorum
1163 2139 1467 2194 daemonum
1493 2140 1724 2209 puniens
1760 2140 1812 2193 in
1838 2150 1977 2195 tem-

409 2246 541 2301 pore
560 2231 775 2301 judicii,
800 2231 976 2287 ruinis
1004 2232 1192 2301 plenas
1219 2230 1486 2297 ostendet,
1511 2231 1562 2285 id
1585 2238 1668 2286 est
1716 2231 1893 2301 poenis
1917 2232 1974 2285 in

408 2319 757 2377 inferioribus
786 2319 1030 2389 partibus
1058 2328 1215 2373 terras
1240 2319 1562 2389 inlligendis.
1588 2317 1973 2389 Conquassabit

407 2415 581 2483 capita
607 2415 662 2468 in
690 2422 827 2467 terra
859 2412 1167 2468 multorum.
1200 2410 1389 2467 Simile
1426 2412 1557 2466 illud
1582 2421 1666 2467 est
1690 2412 1835 2466 dicto
1866 2410 1974 2466 Do-

407 2504 542 2559 mini
582 2519 679 2574 pcr
707 2503 940 2559 Isaiam:
973 2502 1039 2557 Et
1080 2502 1245 2572 dejeci
1291 2503 1597 2574 sanguinem
1642 2503 1877 2572 ipsorum
1917 2503 1972 2556 in

408 2605 605 2648 terram
628 2594 696 2647 ¹².

477 2686 528 2742 7.
553 2685 630 2739 De
655 2693 878 2739 torrente
900 2685 955 2737 iu
984 2685 1067 2737 via
1103 2683 1258 2737 bibet.
1286 2681 1603 2739 Torrentem
1631 2690 1803 2738 vocat
1827 2682 1974 2737 Scri-

405 2786 562 2847 ptura
587 2777 959 2832 tentationem.
976 2773 1130 2829 Viam
1150 2784 1330 2830 autem
1354 2775 1485 2830 dicit
1507 2776 1826 2830 descensum
1852 2774 1971 2846 ejus

406 2872 462 2924 in
487 2879 708 2935 terram,
746 2872 800 2924 in
826 2884 932 2941 qua
965 2883 1161 2939 passus
1189 2877 1274 2924 est
1296 2869 1389 2939 qui
1427 2884 1523 2938 per
1557 2876 1850 2924 torrentem
1877 2869 1972 2924 de-

404 2962 632 3018 scendit.
669 2962 953 3031 Propterea
976 2960 1226 3015 exaltabit
1247 2970 1423 3029 caput.
1467 2957 1780 3032 Propterea,
1803 2977 1970 3031 quare

404 3051 513 3107 nisi
534 3052 661 3121 quia
691 3067 886 3122 passus
909 3051 1065 3105 estin
1091 3065 1257 3106 carne
1282 3051 1304 3104 ?
1338 3050 1526 3105 Simile
1554 3060 1734 3105 autem
1766 3061 1850 3106 est
1886 3052 1969 3106 di-
1996 3087 2036 3137 C

2081 506 2209 567 τοὺς
2259 506 2554 570 ἀκούοντας
2576 546 2590 571 ,
2613 508 2728 560 ’καὶ
2777 506 2956 561 πίστιν
3006 505 3217 576 ἑκάστῳ
3251 506 3535 576 παρέχων,
3568 508 3660 562 ὅτι

2081 596 2110 649 ὃ
2140 597 2472 667 ἐπήγγελται
2503 599 2596 651 καὶ
2624 598 2792 662 λαλεῖ,
2827 598 3042 661 πάντως
3070 599 3373 669 γενήσεται.
3436 599 3508 651 Οὐ
3540 599 3656 670 γὰρ

2082 688 2158 751 ώς
2187 689 2463 760 ἄνθρωπος
2512 676 2701 762 δμνύει
2747 691 2879 754 Θεός
2897 708 2912 721 ·
2946 690 3058 743 ἀλλ’
3088 692 3217 761 ἡμῖν
3243 692 3273 743 ὁ
3297 690 3451 758 λόγος
3483 690 3654 743 αὐτοῦ

2083 778 2202 831 ἀντὶ
2235 779 2399 851 ὅρκου
2432 782 2568 852 πρὸς
2600 782 2856 853 ἀλήθειαν
2880 777 3117 851 γίνεται,
3149 783 3224 845 ὡς
3251 781 3342 834 τοῦ
3373 784 3658 851 ἀμεταμε-

2081 868 2240 940 λήτου
2286 871 2485 935 παντὸς
2516 874 2802 943 ἐσομένου,
2838 873 2979 927 κατὰ
3004 874 3101 943 τὴν
3136 873 3463 941 ἐπαγγελίαν
3486 874 3654 944 ὅρκου

2081 961 2455 1032 τυγχάνοντος.
2518 964 2602 1018 Σὺ
2627 965 2822 1033 ἱερεὺς
2868 968 2954 1030 εὶς
2988 965 3093 1018 τὸν
3123 962 3305 1018 αἰῶνα
3346 964 3494 1017 κατὰ
3536 963 3658 1030 τὴν

2083 1051 2254 1116 τάξιν
2282 1054 2671 1122 Μελχισεδέκ.
2709 1056 2829 1109 Ὀτι
2851 1057 2911 1109 οὐ
2946 1055 3011 1108 δι’
3036 1055 3215 1109 ἐλαίου
3243 1057 3321 1118 είς
3353 1054 3656 1127 ἱερωσύνην

2082 1142 2306 1214 ὲχρίσθη
2350 1146 2378 1196 ὁ
2425 1145 2789 1216 Μελχισεδὲκ,
2837 1147 2912 1209 ὡς
2952 1147 3157 1218 Ἀαρών
3181 1163 3195 1176 ·
3229 1147 3323 1201 καὶ
3354 1148 3433 1199 ὅτι
3461 1147 3521 1199 οὐ
3553 1145 3656 1209 τὰς

2081 1228 2146 1283 δι’
2175 1232 2419 1302 αἱμάτων
2452 1238 2767 1306 προσήγαγε
2818 1236 3040 1300 θυσίας·
3082 1236 3177 1290 καὶ
3218 1237 3299 1289 ὃτι
3340 1235 3447 1289 τῶν
3478 1235 3654 1289 ἐθνῶν

2080 1316 2147 1391 ῆν
2170 1324 2491 1396 ἀρχιερεὺς.
2537 1328 2630 1381 καὶ
2660 1328 2743 1381 ὅτι
2781 1326 2846 1381 δι’
2879 1328 3042 1399 ἄρτου
3074 1328 3169 1383 καὶ
3198 1328 3341 1381 οἴνου
3378 1327 3655 1398 ηὐλὸγησε

2081 1410 2173 1465 τὸν
2206 1413 2474 1486 Ἀϐραάμ.

2150 1569 2368 1638 Κύριος
2394 1570 2462 1625 ἐκ
2509 1570 2722 1636 δεξιῶν
2753 1590 2868 1627 σου
2926 1573 3308 1629 συνέθλασεν
3348 1573 3417 1626 ἐν
3457 1555 3676 1642 ἡμέρα

2083 1657 2265 1729 ὀργῆς
2287 1661 2472 1714 αὐτοῦ
2496 1662 2795 1730 βασιλεῖς.
2834 1664 3076 1735 Ἦμέραν
3104 1664 3269 1736 ὀργῆς
3291 1662 3381 1716 τὸν
3404 1663 3500 1733 τῆς
3526 1663 3651 1735 κρί-

2006 1755 2052 1811 Β
2080 1765 2216 1813 σεως
2244 1752 2433 1823 καιρόν
2468 1770 2631 1823 φησιν
2651 1794 2665 1819 ,
2712 1757 2769 1809 ὲν
2864 1758 2989 1819 τοὺς
3028 1754 3191 1809 πάλαι
3225 1753 3650 1825 βασιλεύσαντας

2078 1840 2138 1906 ἐξ
2164 1843 2379 1915 ἀπάτης
2409 1845 2514 1899 τῶν
2537 1846 2805 1918 δαιμόνων
2833 1848 3149 1921 ἀνθρώπους
3187 1847 3532 1920 συνθραύσει,
3568 1849 3650 1912 είς

2075 1933 2173 2005 τὴν
2201 1934 2434 1991 ἄϐυσσον
2460 1938 2751 2011 καθείρξας
2785 1940 2999 2004 αὐτούς.

2146 2027 2349 2095 Κρινεῖ
2360 2029 2430 2082 ἐν
2456 2030 2578 2096 τοῖς
2606 2031 2811 2086 ἔθνεσι
2833 2073 2848 2098 ,
2877 2030 3178 2101 πληρώσει
3206 2030 3501 2101 πτώματα.
3567 2029 3649 2085 Τά

2076 2114 2226 2190 ἔθνη,
2258 2119 2410 2190 φησὶ,
2435 2120 2543 2174 τῶν
2568 2121 2893 2195 ἀκαθάρτων
2915 2123 3183 2194 δαιμόνων
3211 2124 3267 2177 ἐν
3291 2123 3369 2194 τῷ
3397 2123 3497 2193 τῆς
3527 2123 3650 2195 κρί-

2077 2224 2215 2271 σεως
2260 2209 2434 2282 καιρῷ
2477 2211 2752 2276 κολάζων,
2804 2214 3109 2284 πτωμάτων
3137 2213 3404 2280 ἀποδείξει
3437 2212 3644 2285 πλήρη,

2073 2300 2317 2353 τουτέστι
2340 2302 2437 2372 τῆς
2462 2305 2540 2366 εἰς
2563 2304 2628 2356 τὰ
2649 2304 2930 2377 κατώτερα
2953 2305 3089 2377 μέρη
3109 2306 3208 2376 τῆς
3228 2306 3331 2376 γῆς
3349 2305 3642 2375 τιμωρίας.

2072 2392 2408 2448 Συνθλάσει
2432 2394 2697 2463 κεφαλὰς
2718 2396 2812 2449 ἐπὶ
2855 2396 2966 2466 γῆς
2989 2396 3255 2452 πολλῶν.
3309 2396 3370 2448 'L‘
3382 2412 3536 2468 μοιον
3568 2395 3647 2467 τῷ

2073 2486 2345 2558 εἰρημένῳ
2385 2489 2513 2559 παρ’
2548 2489 2710 2544 αὐτοῦ
2743 2490 2830 2545 διὰ
2872 2491 3120 2544 Ἡσαΐου·
3156 2491 3265 2545 Καὶ
3307 2491 3648 2561 κατήγαγον·

2072 2576 2139 2629 τὸ
2168 2572 2310 2647 alga
2330 2579 2528 2632 αὐτῶν
2555 2581 2642 2647 εἰς
2674 2580 2787 2649 τὴν
2814 2580 2948 2652 γῆν,
3617 2583 3634 2600 '

2156 2667 2255 2720 Ἐκ
2286 2667 2605 2737 χειμάῤῥου
2627 2670 2695 2722 ἐν
2716 2668 2831 2735 ὀδῷ
2859 2670 3072 2722 πίεται.
3103 2667 3412 2739 Χείμαρῤον
3438 2668 3472 2739 ἡ
3500 2667 3646 2740 Γραι-

2072 2758 2146 2829 φὴ
2174 2759 2264 2813 τὸν
2299 2762 2601 2831 πειρασμόν
2631 2778 2815 2832 φησιν.
2851 2761 2994 2815 Ὀδὸν
3025 2761 3081 2814 δὲ
3107 2761 3203 2832 τὴν
3232 2763 3371 2815 κατὰ
3407 2760 3514 2831 γῆν
3544 2762 3643 2816 αὐ-

2070 2849 2163 2902 τοῦ
2199 2851 2420 2925 πορείαν
2449 2852 2725 2924 σημαίνει,
2752 2854 2809 2906 ἐν
2836 2848 2870 2928 ᾖ
2897 2854 2955 2906 τὸ
2984 2852 3154 2916 πάθος
3179 2853 3465 2924 ὑπέμεινεν
3494 2852 3524 2905 ὃ
3550 2851 3647 2907 καὶ

2069 2940 2157 2995 διὰ
2190 2942 2282 2995 τοῦ
2320 2946 2623 3017 χειμάρρου
2656 2946 3001 3017 κατέρχεται.
3051 2944 3154 2999 Διὰ
3191 2944 3366 2999 τοῦτο
3404 2943 3641 3012 ὑψώσει

2072 3033 2365 3102 κεφαλήν.
2425 3033 2526 3087 Διὰ
2569 3034 2760 3099 τοῦτο,
2806 3038 2955 3088 ποῖον
3003 3034 3125 3107 ἢτὸ
3166 3034 3355 3089 παθεῖν
3386 3034 3550 3088 αὑτὸν
3583 3035 3640 3087 ὲν

404 3119 564 3198 ειιιιιι⁷
579 3119 710 3198 illud
742 3161 755 3197 :
782 3141 1098 3195 llumiliavit
1142 3143 1473 3212 semetipsum
1526 3141 1696 3211 factus
1727 3140 1965 3196 obediens

2121 3123 2269 3196 ιρκί;
2303 3124 2528 3195 Ὅμοιον
2562 3124 2620 3179 δὲ
2650 3126 2710 3179 τὸ
2737 3124 3045 3197 εἰρημένον,
3071 3125 3159 3190 τὸ,
3207 3125 3644 3180 Ἐταπείνωσεν

404 3250 566 3306 usque
598 3233 666 3287 ad
695 3243 912 3288 mortem
942 3233 1008 3287 ".

787 3320 1126 3378 PSALMUS
1163 3321 1280 3379 CX.
1314 3323 1566 3378 Alleluia.

476 3413 529 3469 1.
553 3412 860 3484 Conﬁtebor
893 3416 1006 3483 tibi,
1037 3415 1274 3481 Domine,
1307 3415 1362 3469 in
1394 3426 1501 3469 toto
1536 3415 1691 3468 corde
1728 3429 1859 3470 meo.
1886 3410 1967 3469 Ex

402 3519 637 3575 persona
683 3505 1059 3576 apostolorum
1099 3519 1338 3575 praesens
1379 3505 1623 3574 psalmus
1668 3504 1964 3570 inducitur,

402 3596 775 3652 enarrantium
817 3605 1021 3666 quanta
1060 3605 1114 3651 et
1151 3596 1333 3666 qualia
1360 3595 1512 3651 fuere
1560 3595 1613 3650 in
1661 3596 1965 3651 (Bcouomia

407 3685 708 3756 Salvatoris
732 3703 918 3758 Opera.
953 3686 1078 3743 llaec
1112 3697 1292 3742 autem
1322 3686 1520 3742 docent
1560 3701 1759 3741 novum
1800 3701 1968 3756 popu-

401 3775 536 3838 lum,
569 3778 733 3831 simul
755 3777 959 3848 gratias
978 3788 1227 3847 agentem
1252 3778 1317 3831 de
1347 3777 1521 3831 salute
1554 3792 1674 3840 sua,
1707 3777 1964 3846 quamobc

401 3880 519 3921 rem
546 3865 774 3921 Alleluia
808 3866 1102 3936 inscriptus
1126 3876 1229 3921 est.
1268 3866 1337 3920 In
1379 3867 1601 3920 consitio
1630 3876 1886 3921 rectorum
1914 3877 1964 3921 et

401 3960 819 4029 congregatione.
862 3957 1165 4013 Consilium
1210 3968 1481 4014 rectorum
1513 3959 1644 4015 dicit
1682 3974 1835 4014 nom
1864 3958 1965 4031 Sy-

403 4063 628 4121 nagogae
684 4049 967 4121 populum,
1010 4049 1077 4104 ad
1118 4050 1477 4104 dilferentiam
1525 4050 1709 4119 populi
1765 4052 1963 4106 veteris

406 4140 729 4213 Synagogaz.
761 4140 857 4195 llla
886 4142 1085 4212 quippe
1118 4150 1264 4197 recta
1307 4157 1416 4196 non
1461 4150 1565 4209 est,
1613 4148 1799 4212 utpote
1843 4158 1964 4214 quae

400 4246 618 4301 semper
646 4232 813 4287 corde
839 4232 1122 4287 erraverit.

469 4324 525 4378 2.
563 4322 760 4394 Magna
799 4339 958 4393 opera
990 4323 1243 4378 Domini:
1281 4324 1543 4396 exquisita
1580 4325 1634 4378 in
1668 4340 1842 4379 omnes
1882 4341 1963 4380 vo-

2067 3214 2285 3270 ἑαυτὸν
2314 3219 2633 3287 γενόμενος
2657 3219 2924 3286 ὑπήκοος
2947 3217 3122 3287 μέχρι
3148 3217 3426 3272 θανάτου.

2424 3309 2731 3362 ΨΑΛΜΟΣ
2756 3311 2860 3363 PI'.
2914 3310 3288 3376 Ἀλσῖηλούϊα.

2150 3395 2700 3467 Ἐξομολογήονομαί
2725 3412 2856 3462 σοι,
2918 3398 3123 3465 Κύριε,
3169 3396 3238 3450 ἐν
3270 3396 3384 3465 ὅλῃ
3427 3394 3645 3464 καρδίᾳ

2060 3504 2200 3556 μου.
2255 3489 2348 3542 Ἐκ
2378 3488 2668 3562 προσώπου
2706 3489 2812 3542 τῶν
2842 3489 3150 3543 ἀποστόλων
3179 3489 3207 3540 ὁ
3241 3485 3430 3559 παρὼν
3454 3488 3641 3557 εἰσφέ-

2070 3597 2219 3654 ρεται
2242 3581 2474 3652 ψαλμὸς,
2501 3582 2869 3652 διηγουμένων
2896 3581 2994 3634 ὅσα
3028 3579 3118 3634 τοῦ
3148 3580 3395 3651 Σωτῆρος
3429 3578 3521 3631 καὶ
3552 3575 3645 3633 οἷα

2066 3673 2260 3742 γέγονε
2309 3673 2408 3743 τῆς
2428 3674 2739 3744 οἰκονομίας
2760 3672 2829 3726 τὰ
2858 3672 3010 3744 ἔργα.
3044 3672 3361 3726 Διδάσκουσι
3387 3671 3442 3723 δὲ
3465 3669 3642 3724 ταῦτα

2064 3766 2160 3818 καὶ
2201 3765 2293 3818 τὸν
2317 3764 2434 3818 νέον
2458 3764 2602 3830 λαὶν,
2641 3765 2755 3834 ἅμα
2777 3763 3224 3835 εὐχαριστοῦντες
3250 3764 3341 3816 ἐπὶ
3368 3765 3435 3834 τῇ
3460 3762 3641 3816 αὐτῶν

2066 3854 2330 3926 σωτηρίαο
2348 3853 2425 3906 διὸ
2439 3854 2534 3908 καὶ
2563 3854 2917 3921 ἶιὶλληλούῖα
2940 3854 3357 3925 ἐπιγέγραπται.
3376 3852 3472 3904 Ἐν
3488 3851 3645 3916 ,ϐου-

2062 3943 2146 4013 λῇ
2175 3944 2397 3999 εὺθέων
2422 3944 2517 3998 καὶ
2542 3943 2881 4013 συναγωγῇ.
2927 3943 3128 4017 Βουλὴν
3150 3943 3352 3998 εὑθέων
3381 3937 3500 3996 εἶπε
3544 3944 3642 3997 τὸν

2062 4036 2162 4107 τῆς
2193 4036 2317 4100 νέας
2347 4035 2669 4105 συναγωγῆς
2694 4035 2820 4089 λαὸν
2853 4037 2989 4108 πρὸς
3017 4036 3114 4107 τὴν
3143 4036 3241 4108 τῆς
3266 4035 3497 4097 παλαιᾶς
3520 4034 3643 4112 δια-

2065 4131 2277 4202 στολήν.
2344 4130 2556 4202 Ἐκείνη
2585 4129 2692 4202 γὰρ
2717 4129 2816 4183 οὐκ
2841 4124 2908 4201 ἦν
2938 4130 3120 4184 εὐθεῖα
3137 4169 3152 4196 ,
3185 4130 3281 4184 ἅτε
3307 4129 3393 4182 ἀεὶ
3419 4128 3642 4184 πλανω-

2065 4222 2200 4293 μένη
2233 4225 2299 4292 τῇ
2334 4220 2552 4292 καρδία.

2130 4313 2375 4383 Marsua
2398 4313 2471 4367 τὰ
2493 4313 2633 4384 ἔργα
2660 4313 2899 4381 Κυρίου,
2925 4310 3315 4382 ἑξεζητημένα
3336 4314 3421 4377 εις
3439 4309 3639 4368 στάντε

397 4415 621 4471 luntates
656 4416 791 4486 ejus.
834 4416 893 4472 In
927 4431 1201 4489 synagoga
1231 4427 1501 4472 rectorum
1534 4434 1725 4474 omnes
1762 4419 1957 4473 volun-

2121 4424 2134 4460 ι
2160 4404 2465 4474 θελήματα
2492 4403 2697 4459 αὐτοῦ.
2767 4405 2853 4457 Ἐν
2880 4406 2945 4475 τῇ
2974 4404 3079 4457 τῶν
3114 4402 3311 4455 εὐθέων
3344 4403 3636 4473 συναγωγῇ

398 4518 537 4564 tates
588 4507 807 4565 Domini
860 4511 1154 4580 exquisita.
1200 4519 1344 4566 sunt.
1381 4509 1599 4564 Nullum
1650 4510 1794 4564 enim
1842 4510 1960 4581 ejus

407 4605 800 4666 praceptorum
832 4605 915 4654 est
939 4599 1083 4669 quod
1118 4614 1224 4653 non
1258 4600 1499 4669 requirat
1527 4608 1581 4654 et
1623 4600 1846 4670 impleat
1874 4616 1961 4671 sy-

398 4687 605 4755 nagoga
637 4695 932 4752 rectorum,
956 4686 1196 4758 [semper
1227 4689 1430 4743 scilicet
1460 4689 1683 4744 studens
1725 4690 1845 4760 ejus
1873 4705 1963 4744 vo-

397 4776 656 4832 luntatem
689 4776 936 4845 implere.

465 4866 520 4921 3.
551 4864 823 4934 Confessio
857 4875 908 4919 et
931 4865 1321 4935 magniﬁcentia
1353 4882 1479 4936 opus
1509 4870 1643 4937 ejus.
1671 4867 1847 4940 Opera
1876 4870 1958 4927 di-

393 4959 470 5014 cit
497 4973 563 5014 ea
599 4972 722 5028 quae
773 4958 828 5012 in
860 4956 1164 5013 (economia
1217 4972 1315 5011 sua
1347 4958 1593 5028 perfecit.
1644 4959 1957 5017 Laudentur

392 5049 486 5105 illa
533 5058 722 5120 utpote
766 5063 887 5120 quae
942 5045 1228 5119 magniﬁca
1276 5049 1405 5103 sint.
1455 5049 1521 5102 Et
1572 5051 1790 5121 justitia
1841 5054 1955 5124 ejus

393 5149 566 5194 manet
604 5140 674 5193 in
741 5138 1015 5194 saeculum.
1066 5137 1339 5195 Justitiam
1393 5139 1525 5194 dicit
1587 5144 1955 5213 evangelicum

392 5229 615 5282 verbum
648 5246 664 5283 :
696 5228 823 5299 quia
851 5227 1107 5283 omnibus
1131 5227 1408 5297 aequaliter
1442 5226 1751 5284 hominibus
1806 5231 1955 5286 salu-

391 5324 499 5369 tem
532 5317 834 5385 proposuit.

459 5406 514 5459 4.
544 5405 845 5462 Misericors
869 5418 918 5462 et
948 5410 1225 5463 miserator
1258 5408 1535 5465 Dominus.
1575 5408 1716 5466 Olim
1749 5411 1954 5481 promi-

389 5493 462 5553 sit
487 5510 583 5568 per
632 5498 924 5569 prophetas
953 5513 1105 5565 suos,
1140 5514 1201 5556 se
1241 5500 1297 5556 in
1342 5512 1589 5573 tempore
1632 5502 1955 5562 mcouomia:

456 5699 501 5734 ²¹
526 5697 626 5756 lsa.
658 5714 843 5769 xsstv,
867 5698 924 5757 7.
998 5698 1296 5771 “Philipp.
1327 5715 1389 5770 ιι,
1433 5699 1488 5756 8.

2062 4498 2237 4551 πάντα.
2262 4496 2331 4550 τὰ
2362 4496 2639 4568 θελήματα
2660 4495 2754 4549 τοῦ
2781 4495 2915 4549 Θεοῦ
2950 4496 3087 4549 εἰσιν
3118 4492 3509 4565 ὲξεζητημένα.
3558 4494 3634 4547 Οὐ

2060 4589 2167 4661 γάρ
2201 4590 2318 4641 ἐστι
2353 4588 2461 4641 τῶν
2504 4589 2634 4658 παρ’
2672 4586 2833 4641 αὐτοῦ
2887 4586 3185 4657 δεδομένων
3233 4584 3460 4638 ἐντολῶν
3490 4582 3519 4637 ὃ
3556 4582 3636 4656 μὴ

2059 4680 2277 4750 ὲκζητεῖ
2306 4681 2399 4733 καὶ
2438 4662 2694 4750 κατορθοῖ
2731 4682 2763 4750 ἡ
2803 4677 2911 4731 τῶν
2945 4677 3145 4731 εὐθέων
3179 4676 3503 4747 συναγωγὴ,
3535 4674 3633 4730 τοῦ

2057 4770 2222 4826 αὐτοῦ
2252 4771 2460 4841 θέλημα
2485 4770 2777 4834 διαπαντὸς
2810 4769 3181 4833 σπουδάζουσα
3210 4767 3495 4821 ἐπιτελεῖν.

2138 4863 2601 4933 Ἐξομολόγησις
2662 4860 2758 4914 καὶ
2811 4858 3292 4930 μεγαλοπρέπεια
3340 4857 3403 4911 τὸ
3454 4858 3635 4926 ἔργον

2053 4954 2259 5009 αὑτοῦ.
2288 4955 2465 5025 Ἔργα
2490 4953 2652 5024 φησιν
2682 4952 2821 5023 άπερ
2848 4954 2906 5005 ὲν
2933 4954 2998 5023 τῇ
3033 4949 3311 5021 οἰκονομίᾳ
3340 4947 3635 5019 διεπράξα-

2053 5064 2133 5101 το.
2171 5045 2472 5119 ’Υμνείσθω
2512 5045 2606 5099 άτε
2633 5043 3022 5118 μεγαλοπρεπῆ
3062 5043 3391 5114 ὑπάρχοντα.
3447 5039 3558 5094 Καὶ
3588 5039 3629 5105 ἡ

2052 5138 2405 5206 δικαιοσύνη
2433 5135 2618 5192 αὑτοῦ
2636 5137 2803 5207 μένει
2834 5138 2917 5202 εὶς
2950 5136 3056 5189 τὸν
3088 5131 3294 5187 αἰῶνα.
3345 5130 3632 5185 Δικαιοσύ-

2055 5246 2153 5301 νην
2176 5228 2265 5282 τὸν
2292 5226 2641 5297 εὐαγγελικὸν
2663 5226 2819 5295 λόγον
2846 5224 3038 5299 φησίν·
3067 5224 3149 5277 ὅτι
3177 5222 3241 5295 δὴ
3264 5224 3350 5276 ἐπ’
3382 5223 3502 5293 ίσης
3524 5224 3632 5275 πᾶα

2060 5339 2142 5377 σιν
2173 5318 2479 5391 ἀνθρώποις
2510 5320 2607 5391 τὴν
2633 5317 2904 5390 σωτηρίαν
2933 5314 3260 5389 προῦθηκεν.

2139 5410 2441 5481 Ἐλεήμων
2467 5409 2566 5464 καί
2602 5409 2915 5478 οἰκτίρμων
2946 5410 2980 5462 ὁ
3017 5409 3253 5477 Κύριος.
3315 5405 3490 5462 Πάλαι
3527 5404 3629 5477 μὲν

2058 5502 2418 5577 ἐπηγγείλατο
2438 5502 2527 5560 διὰ
2543 5500 2652 5557 τῶν
2682 5499 2974 5574 προφητῶν
3004 5498 3250 5575 αὑτοῦέν
3276 5498 3353 5570 τῷ
3371 5498 3470 5571 τῆς
3491 5499 3632 5556 oin.
