3778 6276
352 220 455 280 δότ
1195 215 1250 270 S.
1292 208 1661 268 ATHANASII
1696 205 1847 266 OPP.
1884 201 2068 260 PARS
2106 200 2192 260 lli.
2231 231 2302 246 -
2333 196 2743 256 EXEGETICA.
3474 188 3622 243 ιεε

353 328 563 411 [αείαηὶ
582 337 880 408 justitiam,
909 334 1005 407 qui
1030 334 1176 405 quod
1203 335 1414 404 justum
1448 338 1534 386 est
1572 342 1733 401 opere
1758 341 1845 383 ess

2126 338 2173 375 οι
2191 318 2299 391 γὰρ
2321 316 2624 379 ἀκολούθως
2639 314 2733 368 καὶ
2755 310 2991 379 ποιηταί
3010 307 3398 372 δικαιοσύνης
3420 309 3580 358 εἰσιν
3594 343 3618 366 ,

354 405 617 507 ιιυυιιιυέ.
927 405 943 407 ἡ

2021 410 2395 474 ἐπιτελοῦντες
2424 409 2567 481 ἔργῳ
2589 407 2650 459 τὸ
2675 405 2898 507 δίκαιον.

423 523 479 578 4.
514 521 776 577 Memento
820 518 1008 583 nostri,
1068 516 1311 582 Domine,
1345 517 1400 570 in
1453 513 1773 584 beneplacito
1823 527 1913 581 po.

2126 500 2401 569 ῐνήσθητι
2449 496 2661 568 ἡμῶν,
2699 484 2909 563 ⁵Κύριε,
2959 493 3030 547 ἐν
3076 490 3151 561 τῇ
3184 489 3424 558 εὐδοκία
3475 488 3618 542 τοῦ

353 613 465 682 puli
498 613 594 665 tui.
625 611 839 665 Abhinc
880 606 1155 662 inducitur
1180 620 1411 676 persona
1436 583 1770 665 Judteorum,
1796 615 1845 669 pl

2122 593 2169 646 ›ῦ
2204 608 2342 648 σου.
2386 589 2664 644 Ἐντεῦθεν
2705 588 2766 640 τὸ
2810 585 2917 639 τῶν
2977 583 3241 638 Ἰουδαίων
3288 583 3614 652 πρόσωπον

353 671 597 761 cautium
631 713 690 758 ut
715 709 995 759 consortes
1033 701 1144 756 sint
1172 698 1363 755 salutis
1402 696 1652 767 gentibus
1678 693 1836 747 datae.

2118 683 2297 752 ἂγεται
2328 722 2342 746 ,
2390 679 2699 751 εὐχομένων
2734 673 3059 749 μεταλαϐεῖν
3102 673 3201 743 τῆς
3235 672 3349 736 τοῖς
3402 671 3610 723 ἔθνεα-ι

2015 773 2295 844 διδομένης
2324 770 2616 843 σωτηρίας.

425 877 513 932 Η.
552 874 769 945 Operuit
792 891 929 944 aqua
958 872 1269 926 tribulantes
1296 887 1405 925 eos.
1434 866 1783 924 Tribulantes
1804 866 1915 920 sci-

2118 864 2440 932 Εκάλυψεν
2470 862 2626 931 ὕδωρ
2671 860 2811 926 τοὺς
2855 859 3170 923 θλίϐοντας
3204 856 3442 920 αὐτούς.
3476 858 3610 924 Arg-

352 968 499 1033 licet,
530 982 654 1021 nam
689 970 999 1036 promiscua
1034 966 1191 1017 turba
1229 978 1351 1033 qua:
1379 977 1503 1017 cum
1528 960 1661 1030 ipsis
1678 959 1838 1032 egred

2108 954 2144 1026 i1
2168 955 2275 1008 τῶν
2304 954 2590 1008 θλιϐόντων
2614 968 2628 981 ’
2658 955 2686 1006 ό
2713 951 2819 1022 γὰρ
2845 947 3170 1015 συνεξελθὼν
3199 948 3485 1018 ὲπίμικτος
3515 946 3600 998 οὐ

353 1058 535 1123 batur,
564 1075 670 1113 non
701 1057 1074 1112 tribulantium
1107 1056 1199 1111 sed
1238 1055 1571 1110 credentium
1601 1060 1739 1107 erat.
1842 1058 1845 1072 ‘

1842 1054 1862 1075 ⁵
2012 1046 2121 1100 τῶν
2146 1045 2431 1098 θλιϐόντων
2464 1040 2554 1115 ἦν,
2583 1043 2721 1097 ἀλλὰ
2751 1042 2859 1094 τῶν
2894 1039 3318 1094 πιστευσάντων.

424 1148 516 1211 12,
552 1145 638 1201 15.
680 1145 743 1200 Et
774 1145 1102 1199 crediderunt
1133 1144 1283 1198 verba
1311 1143 1447 1212 ejus,
1484 1152 1533 1196 et
1568 1141 1914 1195 laudauerunt

2109 1138 2190 1192 {ai
2213 1138 2586 1191 ἐπίστευσαν
2609 1132 2689 1199 τῷ
2719 1137 2880 1204 λόγῳ
2910 1133 3117 1197 αὐτοῦ,
3150 1131 3247 1185 καὶ
3275 1126 3436 1203 ᾖσαν
3461 1130 3601 1197 τὴν

349 1239 565 1293 laudem
597 1239 732 1308 ejus.
764 1234 899 1290 Nam
939 1252 1061 1291 cuni
1107 1244 1324 1306 propter
1364 1234 1659 1288 bonitatem
1695 1230 1841 1285 Domi

2108 1246 2249 1283 ἐσιν
2272 1228 2478 1282 αὑτοῦ.
2521 1230 2597 1281 Δι’
2617 1227 2935 1311 ﬁmum?
2965 1225 3074 1296 γὰρ
3112 1223 3203 1277 τοῦ
3237 1223 3370 1277 Θεοῦ
3415 1240 3600 1295 προσ·-

349 1330 519 1385 additi
549 1328 780 1384 fuissent
812 1329 1006 1382 ﬂuctus
1055 1328 1108 1381 in
1160 1327 1297 1381 mari
1338 1323 1543 1391 Rubro,
1568 1323 1747 1378 statim
1795 1339 1841 1378 et

2108 1322 2272 1375 έντων
2304 1319 2532 1374 καὶτῶν
2581 1321 2639 1372 ὲν
2679 1322 2746 1391 τῇ
2791 1317 3034 1387 θαλάσσῃ
3075 1315 3363 1384 κυμάτων,
3397 1332 3598 1385 παρα-

349 1422 537 1476 dentes
599 1421 872 1475 canticum
927 1419 1245 1474 cecinerunt
1305 1416 1360 1470 in
1414 1414 1602 1469 Exodo
1650 1413 1841 1484 positnl

2102 1413 2201 1484 ῆμα
2231 1413 2327 1482 μὲν
2363 1410 2768 1475 πιστεύσαντες,
2809 1406 2947 1483 ᾖσαν
2989 1408 3137 1480 αὐτῷ
3174 1407 3272 1479 τὴν
3302 1406 3444 1479 ᾠδὴν
3475 1409 3594 1479 τὴν

352 1510 617 1580 Deinceps
643 1526 772 1565 vero
804 1510 988 1564 omnia
1018 1508 1273 1565 oblivioni
1302 1508 1661 1562 tradiderunt.
1692 1504 1760 1559 Et
1792 1504 1844 1557 la

2112 1504 2304 1575 Ἐξόδῳ
2329 1503 2590 1574 κειμένην
2616 1520 2630 1534 ο
2661 1498 2779 1558 εἶτα
2828 1501 3003 1554 πάντα
3032 1501 3353 1571 παρέδωκαν
3411 1498 3589 1571 λήθῃ.

345 1603 602 1657 daterunt
637 1601 846 1655 laudem
879 1601 1013 1666 eius.
1051 1599 1281 1667 Quando
1320 1599 1541 1654 exibant
1589 1598 1837 1652 choreutr

2103 1594 2120 1648 l
2164 1590 2331 1667 ᾖσαν
2374 1594 2489 1663 τὴν
2533 1595 2768 1649 αἴγεσιν
2813 1593 3020 1648 αὑτοῦ.
3074 1594 3200 1644 Ὅτε
3247 1590 3468 1662 ἐξῆλθον
3523 1593 3593 1643 αἱ

350 1706 472 1745 cum
517 1690 681 1745 Maria
747 1693 988 1746 dicentes
1036 1709 1049 1745 :
1099 1690 1383 1746 Cantemus
1417 1687 1842 1759 Domino,glorit

2103 1665 2330 1739 edoceat
2390 1683 2528 1756 μετά
2567 1684 2799 1756 Μαριάμ
2838 1683 3092 1753 λέγουσαι
3124 1701 3139 1714 ·
3185 1683 3458 1753 ’ᾼσωμεν
3499 1699 3595 1748 τῳ

347 1782 485 1835 enim
512 1782 881 1852 magniﬁcatus
914 1791 991 1836 est
1019 1782 1084 1836 ".

2013 1777 2211 1844 Κυρίῳ
2230 1792 2244 1806 ⁸
2277 1775 2536 1839 ἐνδόξως
2556 1775 2664 1845 γὰρ
2697 1775 3072 1839 δεδόξασται.

416 1871 504 1924 14.
536 1869 605 1925 Et
630 1881 960 1926 tentaverunt
986 1871 1152 1925 Deum
1186 1871 1241 1924 in
1280 1871 1557 1941 inaquoso.
1606 1868 1764 1932 illud,
1806 1876 1908 1922 ten-

2098 1868 2191 1921 Καὶ
2220 1867 2549 1936 ἐπείρασαν
2572 1867 2681 1920 τόν
2706 1866 2855 1920 Θεὸν
2890 1867 2959 1920 ἐν
2982 1866 3234 1933 ἀνύδρῳ.
3265 1865 3338 1917 Τὸ
3367 1865 3442 1931 δὲ,
3476 1864 3590 1917 καὶ

352 1970 590 2016 laverunt
628 1963 792 2017 Deum
817 1964 870 2016 in
895 1965 1172 2032 iuaquoso,
1200 1962 1470 2033 signiﬁcat
1506 1981 1519 2016 :
1559 1961 1844 2016 irritaveru

2099 1960 2337 2027 είρασαν
2355 1959 2463 2012 τόν
2487 1957 2634 2011 Θεὸν
2667 1958 2737 2011 ἐν
2785 1958 3020 2026 ἀνύδρῳ
3044 1975 3058 1990 ·
3086 1956 3436 2029 παρὼργισαν
3466 1957 3591 2028 γὰρ

346 2068 472 2108 eum
503 2055 685 2111 statim
717 2064 839 2126 post
865 2056 1148 2110 transitum
1172 2055 1339 2109 maris
1362 2054 1551 2109 Rubri.

2012 2051 2172 2105 αὐτὸν
2192 2051 2392 2113 εὐθέως
2420 2050 2557 2120 μετά
2579 2049 2678 2120 τὴν
2722 2048 2987 2121 Ἐρυθρὰν
3011 2048 3303 2103 Θάλασσαν.

409 2146 499 2201 20.
545 2144 614 2199 Et
660 2155 991 2200 mutaverunt
1035 2148 1258 2216 gloriam
1306 2163 1457 2200 suam
1510 2147 1560 2198 in
1596 2144 1901 2198 similitudi-

2099 2140 2192 2194 Καὶ
2222 2140 2567 2208 ἠλλάξαντο
2588 2139 2705 2207 τὴν
2731 2138 2919 2203 δόξαν
2948 2139 3134 2193 αὑτοῦ
3170 2141 3240 2194 ἐν
3264 2138 3591 2211 ὁμοιώματι

347 2254 463 2290 nem
514 2237 665 2291 uituli
714 2238 1031 2292 comedentis
1088 2241 1285 2308 fenum.
1355 2235 1539 2291 Gloria
1598 2237 1730 2306 ipsis
1790 2253 1839 2292 et

2092 2244 2244 2299 σχου
2273 2230 2586 2295 ἐσθίοντος
2614 2231 2850 2298 χόρτον.
2873 2228 3010 2293 Δόξα
3031 2225 3097 2300 ἦν
3128 2230 3311 2293 αὐτοῖς
3344 2230 3373 2282 ό
3418 2230 3584 2295 Θεὸς,

345 2324 509 2393 Deus,
538 2342 644 2397 quo
673 2327 902 2383 dimisso
932 2328 1563 2382 adoraveruntvitulum.

2008 2319 2067 2373 ὃν
2101 2321 2329 2391 ἀφέντες
2363 2320 2774 2391 προσεκύνησαν
2802 2319 2880 2390 τῷ
2914 2321 3116 2391 μόσχῳ.

421 2419 513 2474 25.
544 2417 605 2474 Si
636 2437 739 2474 non
788 2419 997 2491 Moyses
1043 2420 1237 2474 electus
1277 2422 1390 2485 eius
1426 2420 1651 2474 stetisset
1680 2421 1736 2474 in
1782 2435 1906 2474 eon-

2090 2412 2145 2465 ει
2166 2412 2252 2480 μὴ
2284 2410 2545 2481 Μωῦσῆς
2576 2414 2609 2466 ό
2638 2411 2918 2477 ἐκλεκτὸς
2940 2411 3089 2479 ἔστη
3113 2412 3184 2465 ἐν
3209 2409 3283 2480 τῇ
3305 2412 3582 2480 θραύσει.

343 2511 623 2582 fractione.
659 2511 890 2578 Quando
922 2511 1057 2566 dixit
1089 2531 1103 2566 :
1138 2510 1197 2566 Si
1226 2512 1451 2565 dimittis
1482 2521 1752 2581 peccatum
1773 2550 1789 2575 ,
1819 2529 1835 2565 ι

2088 2515 2136 2552 τε
2178 2495 2362 2552 εἶπεν-
2402 2503 2470 2554 Et
2492 2498 2610 2570 μὲν
2642 2499 2816 2569 ἀφεῖς
2845 2499 3048 2566 αὐτοῖς
3100 2499 3217 2567 τὴν
3259 2501 3580 2570 ἁμαρτίαν,

340 2604 491 2657 mitte
513 2618 533 2657 :
563 2605 608 2658 si
639 2620 744 2657 non
768 2603 1016 2670 dimittis,
1034 2603 1146 2657 dele
1166 2620 1246 2658 me
1275 2606 1338 2658 de
1362 2604 1497 2657 libro
1526 2613 1613 2657 tuo
1636 2603 1733 2657 hoc
1751 2620 1832 2675 qut

2091 2608 2155 2658 ες
2181 2608 2196 2622 ο
2228 2594 2281 2645 εὶ
2327 2590 2396 2644 δὲ
2433 2590 2543 2660 μὴ,
2582 2591 2735 2659 κάμὲ
2773 2590 3098 2660 ἐξάλειψον
3116 2589 3184 2644 ἐκ
3212 2590 3321 2661 τῆς
3352 2592 3582 2655 ,βίϐλου

341 2692 604 2761 scripsisti
633 2691 699 2747 “.

2005 2697 2122 2736 σου
2147 2683 2366 2748 ταύτης
2396 2677 2471 2752 ἧς
2498 2682 2763 2752 ἔγραψας

421 2780 513 2835 24.
546 2781 617 2835 Et
645 2799 741 2851 pro
784 2781 951 2837 nihilo
997 2781 1293 2836 habuerunt
1333 2794 1529 2836 terram
1570 2781 1899 2835 desiderabi-

2090 2772 2185 2826 Καὶ
2204 2771 2756 2842 ἐξουδένωσανγῆν
2783 2772 3169 2842 ἐπιθυμητήν.
3202 2772 3457 2843 Πέμπτον
3490 2772 3582 2843 ἔγ-

339 2870 463 2924 tem.
495 2869 697 2937 Quinta
723 2874 999 2928 accusatio
1036 2874 1150 2940 haec
1174 2883 1278 2937 est,
1307 2882 1429 2943 post
1471 2873 1628 2939 alias,
1659 2873 1725 2927 de
1762 2888 1831 2926 in:

2083 2878 2192 2933 ημα
2223 2860 2381 2915 τοῦτο
2415 2859 2552 2932 μετά
2598 2860 2695 2931 τὴν
2754 2860 3039 2933 Ἐρυθρὰν,
3092 2861 3187 2914 καὶ
3216 2860 3314 2930 τὴν
3343 2860 3575 2932 ἔρημον,

337 2960 529 3018 Rubro
549 2965 775 3030 scilicet,
796 2966 863 3021 de
894 2965 1128 3030 deserto,
1147 2965 1213 3020 de
1237 2964 1419 3035 Moyse
1454 2965 1522 3019 ad
1554 2966 1688 3019 iram
1718 2981 1829 3020 cont

2087 2957 2100 3006 ι
2131 2954 2231 3024 τὴν
2258 2956 2337 3017 εἰς
2365 2953 2605 3023 Μωῠσῆν
2641 2951 2949 3023 παροινίαν,
2998 2952 3091 3005 καὶ
3119 2952 3208 3005 τὸν
3245 2952 3442 3022 μόσχον
3480 2952 3579 3006 τὸν

336 3059 476 3119 tato,
504 3054 570 3109 de
602 3055 772 3109 vitulo
813 3056 870 3109 in
917 3055 1152 3109 Choreb.
1201 3015 1424 3109 Reversi
1455 3070 1688 3124 namque
1713 3056 1828 3125 exp]

2106 3015 2329 3113 Χωρήϐ.
2371 3015 2784 3106 Ἐπανελθόντες
2816 3041 2925 3112 γὰρ
2958 3042 3006 3095 oi
3040 3015 3382 3095 κατάσκοποί-
3402 3082 3418 3106 ,
3472 3058 3579 3095 κα·-

335 3156 573 3211 ratores,
598 3148 738 3200 male
775 3146 1057 3216 loquentes
1081 3146 1148 3200 de
1174 3155 1337 3209 terra,
1363 3146 1497 3201 alios
1529 3162 1711 3201 secum
1739 3149 1827 3202 abt‘

2102 3153 2115 3199 ;
2139 3134 2386 3204 λέγοντες
2413 3136 2509 3206 τὴν
2542 3134 2665 3204 γῆν,
2699 3134 2792 3187 καὶ
2818 3135 2944 3198 τοὺς
2982 3133 3173 3198 ἄλλους
3197 3133 3594 3205 ἀπέστρεψαν,⁴

336 3246 559 3305 xerunt,
594 3247 819 3308 excepto
843 3236 970 3293 Jesu
1003 3236 1111 3293 lilio
1148 3235 1318 3304 Nave,
1353 3245 1408 3293 et
1446 3238 1647 3294 Chaleb
1681 3239 1792 3293 tilio

2002 3227 2169 3298 χωρἰς
2202 3225 2374 3298 Ἰησοῦ
2402 3224 2495 3278 τοῦ
2524 3225 2678 3296 Ναυῆ
2706 3226 2801 3278 καὶ
2822 3223 3001 3279 Χαλὲϐ
3032 3224 3125 3277 τοῦ
3158 3224 3400 3295 Ἰειρωνῆ.

339 3328 540 3398 pbone.

409 3418 499 3474 25.
520 3418 587 3475 Et
606 3431 1060 3476 murmuraverunt
1082 3425 1138 3477 in
1154 3423 1507 3479 tabernaculis
1523 3423 1901 3490 suis.'Quando

2082 3402 2181 3456 Καὶ
2204 3404 2540 3473 ἐγόγγυσαν
2557 3404 2627 3455 ἐν
2648 3403 2772 3469 τοῖς
2799 3404 3194 3475 σκηνώμασιν
3216 3406 3574 3462 αὑτῶν.”οτε

339 3512 550 3567 reversi
604 3512 974 3582 exploratores
1026 3526 1262 3571 mentem
1321 3515 1503 3586 populi
1568 3525 1831 3570 averterut

2096 3495 2411 3562 ιατάσκοποι
2445 3494 2689 3559 ἐλθόντες
2718 3495 3035 3568 διέστρεψαν
3065 3497 3163 3569 τὴν
3207 3497 3447 3570 γνώμηνί
3471 3502 3588 3554 τοῦ.

2096 3606 2151 3640 νυ.

2033 3604 2129 3640 αου
2136 3626 2151 3640 .

408 3688 499 3742 28.
534 3687 605 3742 Et
634 3690 835 3745 initiati
872 3702 996 3746 sunt
1019 3690 1356 3763 Beelphegor.
1411 3690 1524 3747 Hoc
1584 3692 1785 3747 idolum
1819 3702 1900 3747 est

2080 3678 2178 3732 Kal
2212 3677 2622 3745 ἐτελέσθησαν
2646 3678 2725 3745 τῷ
2752 3679 3117 3749 Βεελφεγώρ.
3150 3681 3381 3736 Εἴδωλον
3411 3682 3572 3737 τοῦτο

337 3779 796 3848 Ammonitarum,
829 3782 975 3851 quod
1005 3791 1234 3838 vocatur
1275 3798 1305 3837 a
1356 3781 1560 3839 Graecis
1608 3783 1829 3837 Saturni

2013 3770 2379 3841 Ἀμμανιτῶν,
2417 3770 2745 3842 καλούμενον
2772 3775 2900 3845 παρ’
2932 3772 3156 3844 Ἕλλησι
3190 3776 3412 3846 Κρόνος.

408 3869 497 3925 '50.
523 3870 589 3924 Et
619 3874 765 3925 stetit
786 3872 1005 3927 Pltinees
1029 3882 1078 3928 et
1124 3875 1372 3945 placavit.
1435 3874 1664 3941 Quando
1697 3875 1900 3930 Madia-

2100 3861 2179 3915 {at
2212 3861 2359 3930 ἔστη
2392 3860 2596 3928 Φινεὲς
2622 3863 2719 3917 καὶ
2746 3863 3226 3929 ἐξιλάσατο.⁰οτε
3260 3867 3434 3921 ἀνεῖλε
3468 3868 3592 3940 τὴν-

340 3961 564 4015 nitidem
598 3975 722 4017 cum
776 3966 993 4017 moecho
1023 3965 1242 4020 occidit.
1278 3964 1550 4019 Docemur
1599 3974 1781 4021 autem
1816 3967 1831 4021 l

2077 3951 2315 4005 ιδιανῖτιν
2347 3954 2482 4023 μετὰ
2512 3954 2606 4007 τοῦ
2636 3956 3047 4026 πορνεύσαντος.
3071 3958 3317 4011 Διδάσκει
3341 3958 3395 4011 δὲ
3420 3960 3569 4030 ἡμᾶς

337 4054 529 4124 quanti
559 4054 627 4109 sit
661 4054 803 4125 apud
828 4052 996 4110 Deum
1021 4056 1107 4111 vel
1139 4056 1302 4111 unius
1336 4056 1433 4111 viri
1466 4057 1656 4127 pietas.

2080 4041 2229 4111 λόγος
2276 4044 2437 4097 πόσον
2480 4044 2701 4100 δύναται
2751 4046 2868 4111 ἑνὸς
2920 4048 3109 4119 ἀνδρὸς
3152 4047 3401 4102 εὐσέϐεια
3432 4050 3572 4122 πρὸς

597 4160 603 4166 .
1999 4133 2150 4187 Θεόν.

408 4225 497 4281 59.
533 4224 602 4279 Et
638 4227 889 4297 fornicati
914 4238 1037 4283 sunt
1062 4228 1588 4287 inadinrentionibus
1611 4234 1742 4287 suis.
1776 4232 1900 4289 Hinc

2074 4225 2176 4278 Kal
2199 4225 2574 4294 ἐπόρνευσαν
2609 4227 2678 4280 ἐν
2710 4227 2831 4295 τοῖς
2856 4228 3320 4299 ἐπιτηδεύμασιν
3347 4231 3566 4287 αὐτῶν.

337 4317 535 4373 docent
553 4318 802 4375 Iudicum
834 4330 887 4376 et
911 4319 1219 4390 Regnorum
1244 4325 1384 4397 libri,
1416 4326 1559 4396 quod
1585 4326 1765 4381 traditi
1791 4328 1829 4382 si

2077 4313 2182 4366 ,ῡτα
2204 4313 2507 4368 διδάσκουσι
2524 4316 2740 4385 Κριτῶν
2761 4334 2820 4370 τε
2854 4318 2947 4372 καὶ
2972 4318 3264 4373 Βασιλειῶν
3289 4320 3344 4373 αί
3373 4318 3569 4390 βίϐλοι,

341 4410 475 4464 alias
501 4411 623 4467 aliis
649 4413 882 4482 populis,
911 4413 1259 4482 Ammonitis,
1307 4415 1642 4481 Amalecitis,
1694 4416 1833 4472 Μειύί

2078 4425 2081 4435 ’
2106 4406 2478 4478 παρεδόθησαν
2508 4408 2693 4463 ἄλλοτε
2723 4409 2916 4474 ἄλλοις.
2947 4410 3282 4477 Μωαϐίταις,
3301 4412 3570 4483 Ἀμμανί-

340 4497 491 4564 nitis,
516 4499 855 4573 alienigenis,
882 4518 948 4558 eo
982 4506 1146 4560 modo
1177 4506 1386 4561 scilicet
1415 4508 1690 4580 castigati.

2080 4516 2140 4562 ις,
2182 4500 2592 4572 Ἀμαληκίταις,
2614 4502 2986 4567 Μαδιαναίοις,
3025 4503 3441 4578 ἀλλοφύλοις,τῇ
3466 4524 3572 4561 πα·-

2003 4590 2213 4661 ραδόσει
2247 4593 2640 4664 παιδευόμενοι.

407 4670 496 4724 li.
523 4669 591 4723 Et
616 4671 875 4727 dominati
902 4685 1025 4729 sunt
1070 4692 1254 4729 eorum
1298 4680 1386 4747 qui
1411 4679 1632 4733 oderunt
1657 4696 1765 4733 eos.
1799 4679 1899 4734 Ba-

2074 4682 2181 4736 Καὶ
2223 4683 2582 4753 ἐκυρίευσαν
2626 4684 2847 4751 αὐτοὺς
2886 4689 2945 4739 oi
2973 4688 3293 4754 μισοῦντες
3326 4690 3566 4754 αὐτούς.

339 4759 549 4831 bylonii
584 4769 639 4814 et
664 4761 871 4832 Assyrii
894 4762 1162 4818 dominati
1193 4775 1323 4820 sunt
1357 4765 1622 4824 lsraelitis
1652 4772 1723 4825 ob
1750 4772 1831 4840 ips

2078 4774 2329 4828 mmemor.
2360 4776 2454 4829 καὶ
2489 4775 3125 4849 Ἀσσύριοινὲπεκράτουν
3149 4783 3262 4844 τοῖς
3305 4781 3570 4852 Ἰσραηλί-

342 4866 470 4914 rum,
496 4850 823 4921 impietates.

1999 4883 2120 4929 ταις
2152 4865 2238 4919 διὰ
2268 4865 2367 4929 τὰς
2398 4866 2743 4937 παρανομίας
2770 4867 2967 4926 αὐτῶν.

409 4942 502 4997 ﬂ.
528 4941 679 5012 Stepe
699 4941 937 4997 liberavit
958 4960 1066 4998 eos.
1099 4942 1212 5013 Ipsi
1236 4954 1414 5000 autem
1454 4951 1900 5006 exacerbaverunt

2079 4956 2369 5023 Πολλάκις
2410 4959 2703 5027 ἐρρύσατο
2739 4962 2979 5028 αὐτούς.
3020 4962 3199 5017 Αὐτοὶ
3231 4962 3300 5017 δὲ
3325 4964 3571 5032 παρεπί-

341 5048 459 5085 eum
486 5034 543 5086 in
565 5034 786 5088 consitio
833 5049 950 5089 suo.
982 5032 1075 5089 Ille
1130 5050 1230 5104 pro
1278 5035 1465 5091 innata
1510 5054 1608 5094 sua
1641 5054 1772 5111 erga
1806 5043 1833 5095 lt

2079 5064 2225 5101 αναν
2249 5047 2435 5102 αὐτὸν
2473 5048 2543 5102 ὲν
2580 5048 2654 5118 τῇ
2680 5050 2887 5121 ,βουλῇ
2928 5052 3145 5109 αὐτῶν.
3165 5054 3221 5107 '0
3253 5054 3350 5124 μὲν
3372 5051 3441 5127 ἦν
3473 5057 3571 5109 αύ-

345 5126 521 5180 mines
545 5127 830 5183 clementia
859 5134 1181 5184 mansuetus
1211 5128 1318 5183 illis
1339 5137 1476 5194 erat,
1498 5130 1574 5185 illi
1602 5146 1732 5187 vero
1750 5148 1837 5187 eo:

2077 5141 2113 5203 ἴς
2147 5140 2210 5192 ὲκ
2238 5138 2643 5211 φιλανθρωπίας
2672 5142 2896 5211 γλυκὺς,
2925 5144 2974 5196 oi
3018 5143 3075 5198 δὲ
3118 5144 3314 5216 πικρὸν
3360 5146 3569 5209 ἑαυτοῖς

344 5217 611 5285 pellebant
654 5234 780 5275 eum
833 5229 893 5276 ut
938 5220 1170 5276 acerbus
1205 5229 1349 5275 esset
1382 5222 1535 5292 ipsis.
1563 5221 1631 5279 Et
1678 5239 1835 5279 rursu

2079 5230 2312 5299 άγκαζον
2356 5231 2657 5301 φαίνεσθαι.
2704 5233 2813 5288 Καὶ
2856 5234 3016 5288 πάλιν
3061 5233 3260 5289 ἔσωσεν
3293 5235 3453 5289 αὑτὸν
3482 5231 3571 5289 οἶα

345 5306 573 5363 salvavit
604 5325 728 5364 eum
758 5320 944 5382 utpote
967 5310 1245 5367 Salvator.
1270 5312 1349 5367 illi
1379 5322 1560 5368 autem
1590 5313 1837 5383 perierun

2078 5322 2160 5393 ni)
2169 5337 2199 5391 ρ
2217 5337 2232 5351 ο
2264 5322 2315 5374 οἱ
2343 5320 2400 5373 δὲ
2424 5320 2699 5377 ἀπώλοντο
2725 5322 2906 5395 ἔργοις
2934 5322 3207 5387 ἀπωλείας
3232 5323 3457 5385 ἑαυτοὺς
3475 5340 3570 5376 πε-

345 5411 464 5453 sese
525 5401 782 5469 operibus
834 5402 1156 5473 perniciosis
1227 5404 1616 5475 complicantes
1641 5446 1658 5472 ,
1727 5406 1834 5462 don

2080 5411 2383 5483 πείραντες’
2415 5413 2574 5485 μέχρι
2602 5412 2860 5477 πολλάκις
2894 5414 3089 5478 αὐτοὺς
3117 5413 3393 5478 ποιοῦντες
3419 5414 3572 5478 τέλος

344 5504 468 5546 eum
497 5507 561 5546 ea
589 5494 788 5564 saepius
818 5496 1159 5567 repetiissent
1197 5497 1410 5566 penitus
1444 5498 1743 5574 interirent.
1770 5500 1836 5556 Ill:

2078 5502 2305 5562 τώλοντο.
2330 5503 2403 5558 Τὸ
2449 5503 2526 5573 δὲ,
2571 5504 2907 5573 πλεονάκις,
2952 5505 3134 5575 ὅμοιον
3178 5504 3283 5577 τῷ*
3305 5501 3570 5571 Ποσάκις

383 5586 430 5620 ⁸³
454 5585 626 5643 Exod.
652 5604 743 5655 xv,
768 5590 814 5645 i.
898 5592 945 5624 ”
976 5589 1147 5648 Exod.
1182 5609 1353 5659 nm,
1379 5593 1469 5661 3|,
1504 5593 1593 5649 52.
