3778 6276
145 291 253 344 ιν)
1318 277 1684 335 EXPOSITIO
1722 279 1727 333 l

1864 279 2158 339 ’SALMUM
2197 282 2328 341 CVI.
3297 291 3401 348 ιεο

145 401 437 469 ἠθέλησα
452 394 922 466 ἐπισυναγαγεῖν
948 394 1020 449 τὰ
1046 393 1226 449 τέκνα
1250 409 1401 460 σονς
1432 395 1492 449 τὸ
1515 396 1574 450 δέ
1591 412 1604 425 ’
1628 395 1727 451 Kal

1864 408 2039 464 iutem,
2074 417 2232 470 sepe,
2267 401 2449 456 simile
2473 411 2558 457 est
2581 401 2695 456 illi:
2757 399 2974 467 Quoties
3003 402 3146 458 votui
3183 421 3401 475 congre-

145 489 648 557 ἐταπεινώθησαν
678 488 749 540 ἐν
784 485 914 551 ταῖς
938 486 1212 554 ἀνομίαις
1245 485 1461 552 αὐτῶν,
1493 486 1593 558 τῷ,
1618 490 1727 543 Οὐκ

1864 505 1961 542 ναῖε
1979 490 2117 558 ﬁlios
2140 499 2255 545 tuos
2288 492 2370 545 ⁸δῖ
2390 490 2526 546 Illud
2556 502 2773 547 autem:
2801 491 2869 547 Et
2905 493 3181 549 humiliati
3197 512 3316 551 sun.
3345 502 3400 550 in

151 578 796 648 Μπξσατεθῐὲπάγων
825 580 934 648 γὰρ
965 578 1062 650 τὴν
1094 577 1363 641 παιδείαν,
1411 578 1573 632 πάλιν
1607 595 1738 649 μετ-

151 672 321 724 εδίδου
345 669 768 741 φιλανθρωπίας
791 684 805 698 ⁸
823 669 873 721 οἱ
892 668 948 720 δὲ
969 668 1130 721 αὑτὸν
1149 671 1261 732 τοῖς
1284 667 1561 739 πολεμίοις
1580 668 1740 739 ἡμεί-

152 762 331 816 θοντο.

219 853 332 907 Καὶ
390 851 621 905 ἔδωκεν
666 851 887 918 αὐτοὺς
932 852 1021 917 εἰς
1072 850 1409 920 οἰκτιρμοὺς
1462 850 1742 905 ἐναντιον

153 942 403 995 πάντων
453 941 580 994 τῶν
625 940 1239 1011 αἱχμαλωτευσὰντων
1285 942 1525 1007 αὐτούς.
1572 941 1741 995 Τοῦτό

156 1051 283 1104 ςῃσι
318 1033 415 1087 διὰ
458 1033 646 1105 Κῦρον
675 1033 767 1087 τὸν
804 1032 1148 1087 ἀπολύσαντα
1191 1033 1387 1096 αὐτοὺς
1414 1033 1513 1103 τῆς
1540 1034 1741 1103 αἰχμα-

154 1125 382 1187 λωσίας,
421 1125 525 1177 καὶ
545 1127 768 1196 Δαρεῖον
799 1124 893 1178 καὶ
920 1123 1298 1195 Ἀρταξέρξην,
1327 1123 1453 1188 τοὺς
1487 1126 1582 1177 καὶ
1613 1125 1742 1195 χρή-

158 1233 300 1285 ματα
329 1214 531 1278 δόντας
559 1216 639 1279 εἰς
671 1215 770 1286 τὴν
793 1215 1074 1286 οἰκοδομὴν
1104 1215 1198 1269 τοῦ
1226 1214 1375 1269 ναοῦ.

695 1308 1064 1375 Ἀλληλούῖα.
1097 1310 1238 1376 Pq'.

232 1396 736 1467 Ἑξομολοτεῖσθε
782 1397 862 1463 τῷ
895 1399 1107 1466 Κυρίῳ,
1141 1397 1232 1451 ὅτι
1276 1399 1558 1468 χρηστός.
1587 1398 1744 1454 Μετὰ

155 1487 245 1559 τὴν
279 1488 567 1559 ἁποόολὴν
601 1488 694 1541 τοῦ
730 1489 996 1543 Ἰουδαίων
1024 1489 1153 1543 λαοῦ
1187 1492 1407 1557 εἰκότως
1427 1493 1523 1565 τὴν
1552 1492 1741 1565 κλῆσιν

154 1579 257 1631 τῶν
278 1578 464 1631 ἐθνῶν
488 1595 699 1650 καταση
709 1579 905 1650 μαίνει,
928 1580 1026 1653 τὴν
1053 1583 1348 1654 γενομένην
1376 1584 1463 1638 διὰ
1488 1584 1596 1638 τῶν
1618 1586 1745 1638 ἀπο-

156 1672 381 1725 στόλων.
422 1671 519 1724 Διὸ
551 1672 648 1725 καὶ
676 1673 844 1725 αἰνεῖν
871 1674 1194 1743 προστάττει
1217 1675 1307 1729 τὸν
1338 1676 1492 1742 Θεὸν,
1529 1676 1623 1731 καὶ
1658 1677 1744 1744 ἐξ-

154 1764 540 1835 ομολογεῖσθαι
574 1763 724 1834 αὐτῷ
752 1765 842 1816 ἐπὶ
867 1764 945 1835 τῷ
975 1765 1194 1836 μεγάλῳ
1218 1766 1379 1820 αὐτοῦ
1406 1768 1560 1839 ἐλέῳ.

231 1857 370 1910 Ἀπὸ
408 1854 729 1909 ἀνατολῶν
754 1854 856 1909 καὶ
881 1854 1148 1925 δυσμῶν,
1168 1856 1267 1910 καί
1285 1858 1480 1927 ,ϐορῤᾶ
1507 1859 1604 1913 καί
1643 1862 1741 1914 θα-

154 1948 427 2017 λάσσης.
467 1948 578 2000 Καὶ
604 1946 747 2011 τίνες
776 1948 839 2001 ὲκ
865 1947 971 2001 τῶν
992 1949 1268 2021 τεσσάρων
1296 1950 1392 2021 τῆς
1421 1951 1743 2023 οἰκουμένης

156 2042 445 2113 κλιμάτων
495 2041 851 2110 συναχθέντες
893 2040 925 2112 ἢ
971 2042 1147 2095 πάντα
1178 2042 1246 2096 τὰ
1288 2043 1412 2115 ἔθνη
1463 2044 1531 2098 τὰ
1574 2044 1742 2099 πάλαι

158 2134 335 2204 ἔρημα
366 2130 684 2195 θεοσεϐείας
708 2130 1063 2203 τυγχάνοντα,
1090 2135 1183 2186 καὶ
1209 2134 1341 2203 μηδὲ
1363 2135 1561 2199 νοτίδος
1593 2134 1742 2199 θείας

161 2223 560 2294 μεταλαϐόντα,
594 2222 706 2278 ἀλλ’
740 2225 797 2275 ὲν
829 2222 1006 2294 πολλῷ
1034 2225 1174 2294 δίψει
1198 2228 1561 2297 τυγχάνοντας

234 2315 410 2368 Ὀδὸν
439 2318 676 2380 πόλεως
699 2316 1151 2383 κατοικητηρίου
1175 2319 1286 2386 οὐχ
1312 2313 1510 2386 εὗρον.
1538 2319 1612 2371 Οὐ
1634 2316 1742 2389 γὰρ

159 2401 222 2475 ἦν
254 2407 446 2468 αὐτοῖς
473 2404 720 2458 πολιτεία
741 2404 1254 2478 χρηστὴ,ὰλλ⁹ἦσαν
1274 2411 1332 2464 ἐν
1354 2409 1528 2482 πλάνῃ
1551 2410 1738 2482 πολλῇ.

224 2588 566 2653 Πεινῶντες
612 2589 710 2641 καὶ
760 2587 1072 2657 διψῶντες,
1122 2590 1161 2657 ἡ
1210 2590 1381 2660 ψυχὴ
1428 2593 1626 2647 αὐτῶν
1673 2595 1743 2648 ὲν

162 2678 363 2746 αὐτοῖς
400 2677 740 2743 ἐξέλειπεν.
772 2678 907 2732 Οὐδὲ
932 2679 1040 2749 γὰρ
1070 2674 1213 2750 εἶχον
1240 2680 1401 2752 ἄρτον
1429 2681 1522 2735 τδν
1556 2684 1744 2755 στηρί-

164 2772 320 2833 ζοντα
347 2770 584 2842 καρδίαν
616 2769 899 2841 ἀνθρώπου
920 2788 934 2802 ο
965 2770 1084 2825 οὐδὲ
1106 2772 1167 2825 τὸ
1195 2771 1338 2845 ὕδωρ
1362 2774 1424 2826 τὸ
1450 2772 1575 2840 ζῶν,
1614 2777 1742 2847 περὶ

164 2855 221 2913 οὗ
245 2862 533 2916 λέλεκταιυ
570 2862 627 2914 '0
654 2862 845 2915 πίνων
869 2863 938 2917 ἐκ
967 2862 1075 2917 τοῦ
1096 2863 1316 2930 ὕδατος
1334 2859 1407 2920 οὗ
1427 2864 1543 2936 ἐγὼ
1568 2865 1741 2921 δώσω

163 2952 341 3018 αὐτῷ,
377 2954 451 3007 οὐ
475 2951 565 3021 μὴ
593 2951 841 3022 διψήσει
872 2956 959 3020 εἰς
977 2952 1087 3007 τὸν
1115 2952 1321 3009 αἰῶνα.
1378 2978 1381 2979 ν

231 3046 341 3100 Καὶ
380 3042 703 3148 ὡδήγησεν
750 3046 971 3148 αὐτοὺς
1023 3048 1110 3112 εἰς
1158 3045 1303 3102 ὁδὸν
1346 3047 1601 3105 εὐθεῖαν.
1632 3047 1741 3121 Τὴν
1767 3090 1810 3148 C

165 3137 240 3200 εἰς
285 3137 485 3190 ἑαυτὸν
538 3137 722 3190 πίστιν
750 3137 967 3210 δηλαδή.
991 3138 1162 3203 Αὐτὸς
1190 3139 1300 3211 γὰρ
1333 3140 1519 3210 ἔλεγεν
1539 3160 1553 3173 ·
1594 3141 1741 3210 Ἐγώ

308 3228 350 3295 ἠ
382 3226 546 3294 ὁδός.
590 3227 698 3281 Τοῦ
726 3228 1092 3298 πορευθῆναι
1118 3232 1207 3298 εἰς
1250 3233 1434 3286 πόλιν
1465 3248 1741 3302 κατοικη-

166 3318 392 3383 τηρίου.
442 3315 557 3385 Τὴν
603 3316 927 3388 Ἐκκλησίαν
977 3319 1161 3388 φησὶν,
1208 3319 1243 3390 ἢ
1279 3321 1376 3391 τὴν
1423 3321 1743 3393 ἐπουράνιον

176 3406 242 3460 Ἰε
251 3408 494 3479 ρουσαλή
503 3426 565 3478 μ.

242 3497 942 3569 Ἐξομολογησὰσθωσαν
990 3498 1071 3566 τῷ
1105 3502 1303 3569 Κυρίῳ
1342 3502 1415 3556 τὰ
1456 3501 1599 3570 ὲλέη
1634 3505 1743 3558 αὐ-

167 3590 337 3646 τοῦ...
373 3589 468 3643 ὅτι
499 3590 792 3659 ἐχόρτασε
815 3591 1027 3660 ψυχὴν
1058 3592 1262 3658 κενήν.
1303 3592 1414 3646 Καὶ
1452 3594 1537 3657 τίς
1562 3594 1743 3666 ἐκείνη

168 3683 199 3751 ἠ
229 3680 399 3751 ψυχὴ,
425 3680 463 3751 ἢ
489 3681 714 3734 ἐκείνων
743 3681 871 3751 περὶ
894 3675 969 3735 ὧν
998 3681 1276 3737 λέλεκται·
1300 3682 1629 3751 Ποινῶν-τες
1648 3685 1745 3738 καὶ

166 3771 485 3839 διψῶντες,
523 3772 564 3840 ἡ
593 3772 765 3840 ψυχὴ
792 3770 988 3826 αὐτῶν
1026 3774 1097 3827 ἐν
1146 3773 1348 3841 αὐτοῖς
1393 3773 1704 3838 ἐξέλειπεν
1724 3792 1746 3840 ;

167 3863 269 3917 Καὶ
330 3865 422 3930 ψυ
427 3861 550 3931 χὴν
593 3863 897 3917 πεινῶσαν
940 3860 1281 3931 ἐνέπλησεν
1328 3862 1585 3933 ἀγαθῶν.
1639 3863 1745 3917 Τοῦ

166 3952 358 4026 νοητοῦ
393 3954 564 4025 ἄρτου
588 3952 853 4023 δηλονότι.

229 4045 625 4116 Καθημένους
652 4046 723 4099 ἐν
747 4046 949 4099 σκότει
975 4046 1073 4099 καὶ
1102 4045 1248 4114 σκιᾷ
1284 4048 1563 4103 θανάτου.
1582 4048 1747 4103 Σκιὰν

168 4136 399 4191 θανάτου
427 4137 530 4189 οὐκ
576 4135 642 4189 ἂν
679 4136 945 4206 ἁμάρτοις
980 4138 1156 4206 λέγων
1182 4139 1282 4211 τὴν
1308 4139 1749 4212 εἰδωλολατρείαν

164 4230 258 4284 καὶ
286 4228 392 4292 τὰς
417 4229 477 4281 ὲν
509 4226 762 4299 ἀθεότητι
792 4228 1050 4301 πράξεις·
1082 4222 1244 4284 αὗται
1269 4231 1379 4303 γάρ
1401 4232 1540 4285 εἰσιν
1558 4233 1613 4285 αἰ
1643 4250 1750 4303 χω-

166 4319 415 4391 ρίζουσαι
463 4320 611 4390 ἡμᾶς
657 4320 756 4390 τῆς
801 4319 1056 4391 ἀληθινῆς
1104 4319 1375 4390 ζωῆς.Ἐν
1423 4321 1649 4384 ταύταις
1691 4320 1751 4375 δὲ

1836 582 2203 651 iniquitatibus
2231 584 2364 649 suis,
2401 584 2482 637 illi
2529 602 2542 638 :
2593 582 2662 636 Et
2709 583 2957 641 noluistis
2983 585 3051 639 “.
3085 584 3224 641 Cum
3256 587 3404 642 enim

1839 674 2249 743 castigationem
2307 674 2650 739 immisisset,
2706 690 2929 730 rursum
2975 676 3407 732 misericorditer

1839 779 1962 818 cum
1994 765 2102 819 illis
2136 765 2350 835 agebat,
2380 764 2482 834 ipsi
2513 780 2642 819 vero
2661 764 2888 823 adversa
2918 766 3317 821 retribuebant.
3423 806 3426 820 .

1908 856 1996 911 46.
2032 856 2099 909 Et
2127 858 2270 911 dedit
2297 873 2383 911 eos
2402 859 2455 910 in
2487 857 2878 911 misericordias
2912 859 2966 910 in
2990 866 3267 927 conspectu
3285 873 3402 911 om-

1840 950 1983 1002 nium
2014 951 2104 1019 qui
2133 959 2374 1018 ceperant
2398 966 2504 1003 eos.
2524 948 2639 1004 Hoc
2686 950 2762 1004 ait
2799 959 3019 1020 propter
3046 949 3273 1021 Cyrum,
3307 951 3402 1020 qui

1840 1040 2046 1096 dimisit
2071 1056 2167 1095 eos
2187 1056 2255 1095 ex
2280 1042 2614 1111 captivitate,
2647 1050 2699 1096 et
2728 1040 2949 1096 Darium
2981 1043 3405 1099 etArtaxerxem

1840 1130 1934 1200 qui
1971 1131 2227 1199 pecunias
2257 1140 2550 1201 erOgarunt
2580 1130 2648 1186 ad
2682 1133 3147 1188 constructionem
3188 1134 3402 1203 templi.

3428 1234 3437 1277 ἰ

2405 1313 2660 1368 Alleluia.
2690 1312 2843 1368 CVI.

1913 1404 2029 1459 1-2.
2060 1402 2393 1474 Conﬁtemini
2424 1404 2648 1458 Domino
2664 1405 2911 1476 quoniam
2933 1403 3118 1457 bonus.
3146 1402 3277 1459 Post
3306 1402 3406 1458 ab-

1838 1496 2131 1566 jectionem
2188 1495 2401 1551 Judaici
2448 1497 2666 1567 populi,
2732 1502 3035 1565 opportune
3064 1497 3406 1551 vocationem

1842 1587 2081 1658 gentium
2136 1602 2233 1656 per
2300 1587 2575 1656 apostolos
2628 1585 2828 1641 factam
2905 1586 3168 1640 declarat.
3223 1583 3407 1650 Quare

1839 1680 1995 1748 jubet
2030 1678 2255 1733 laudare
2285 1678 2456 1734 Deum
2500 1689 2556 1734 et
2613 1677 2859 1733 conﬁteri
2908 1678 2984 1732 illi
3018 1678 3088 1732 ob
3144 1692 3401 1746 magnam

1845 1773 2018 1842 ipsius
2047 1771 2503 1827 misericordiam.

1911 1865 1965 1919 3.
2007 1863 2042 1917 Α
2071 1863 2197 1917 solis
2223 1874 2345 1917 ortu
2374 1872 2423 1917 et
2478 1879 2690 1927 occasu,
2747 1862 2811 1916 ab
2862 1863 3105 1934 aquilone
3161 1871 3210 1917 et
3236 1863 3394 1916 mari.

1843 1955 2145 2026 Ecquinam
2207 1970 2272 2011 ex
2325 1963 2561 2025 quatuor
2602 1963 2761 2010 terra:
2794 1955 3055 2012 lateribus
3094 1955 3407 2027 congregati

1843 2057 1971 2103 sunt
1998 2048 2104 2103 nisi
2131 2062 2323 2104 omnes
2347 2054 2555 2119 gentes,
2588 2062 2711 2117 quae
2768 2048 2898 2102 olim
2943 2048 3143 2117 pietate
3184 2056 3239 2103 et
3269 2047 3403 2103 reli-

1842 2141 1999 2212 gione
2025 2156 2208 2196 vacuas
2252 2148 2428 2207 erant,
2468 2149 2522 2195 et
2559 2154 2629 2193 ne
2684 2139 2881 2197 stillam
2911 2140 3130 2209 quidem
3160 2140 3401 2196 divinam

1844 2232 2193 2300 accipientes,
2219 2230 2312 2284 sed
2334 2230 2538 2297 ingenti
2563 2228 2651 2284 siti
2676 2228 2923 2283 amictae?

1912 2322 1966 2376 4.
2009 2320 2160 2374 Viam
2188 2320 2423 2374 civitatis
2455 2320 2748 2373 habitaculi
2773 2335 2876 2372 non
2921 2320 3244 2376 invencrwt.
3287 2318 3410 2374 Non

1840 2423 1958 2470 erat
1982 2414 2062 2470 eis
2094 2415 2384 2468 honestum
2415 2414 2728 2468 institutum
2782 2412 2926 2479 vitaz,
2967 2413 3061 2467 sed
3107 2427 3304 2483 magno
3348 2412 3405 2466 in

1841 2523 2025 2564 errore
2056 2507 2436 2562 versabantur.

1913 2600 1966 2655 5.
2000 2598 2304 2653 Esunentes
2330 2606 2381 2651 et
2430 2598 2685 2660 sitientes,
2716 2597 2899 2649 anima
2959 2612 3140 2650 eorum
3174 2598 3229 2650 in
3276 2597 3410 2665 ipsis

1841 2693 2050 2763 defecit.
2074 2690 2262 2761 Neque
2286 2690 2433 2744 enim
2469 2688 2738 2743 habebant
2770 2704 2966 2758 panem
2999 2688 3409 2744 conﬁrmantem

1842 2797 1938 2837 cor
1961 2781 2232 2836 hominis:
2265 2794 2440 2848 neque
2473 2793 2672 2847 aquam
2725 2779 2901 2832 vivam
2947 2778 3016 2833 de
3040 2794 3148 2848 qua
3193 2779 3403 2835 dictum

1839 2880 1956 2926 est:
1988 2871 2093 2936 Qui
2122 2869 2255 2923 bibit
2276 2884 2341 2922 ea:
2375 2885 2510 2938 aqua
2560 2884 2719 2937 quam
2765 2885 2859 2939 ego
2902 2869 3039 2923 dabo
3069 2871 3140 2934 ei,
3186 2888 3293 2925 non
3335 2873 3411 2927 si-

1842 2960 1937 3013 tiet
1960 2960 2016 3013 in
2046 2967 2300 3012 ceternum
2345 2958 2412 3011 ".

1915 3050 1968 3106 7.
2001 3048 2070 3105 Et
2096 3050 2315 3106 deduxit
2338 3066 2429 3107 eos
2461 3052 2515 3106 in
2541 3052 2680 3108 viam
2710 3060 2925 3107 rectam.
2960 3050 3145 3109 Fidem
3195 3052 3411 3110 scilicet

1843 3143 1899 3197 in
1931 3142 2131 3212 ipsum.
2174 3143 2293 3212 Ipse
2335 3158 2572 3213 namque
2613 3143 2780 3198 dixit:
2817 3143 2928 3213 Ego
2961 3160 3079 3197 sum
3120 3144 3206 3197 via
3235 3144 3300 3197 ⁸⁸.
3337 3142 3408 3199 Ut

1840 3234 1977 3288 irent
2001 3236 2056 3288 in
2082 3236 2345 3288 civitatem
2370 3234 2740 3291 habitationis.
2776 3233 3077 3290 Ecclesiam
3115 3236 3284 3303 dicit,
3317 3246 3414 3291 aut

1840 3329 2115 3382 cmlestem
2146 3325 2472 3382 Jerusalem.

1913 3506 2030 3562 8-9.
2057 3505 2423 3575 Confiteantur
2446 3507 2669 3560 Domino
2685 3507 3064 3562 misericordia:
3075 3523 3260 3578 ejus...
3286 3509 3419 3579 quia

1842 3602 2058 3655 satiavit
2087 3605 2325 3654 animam
2353 3603 2584 3654 inanem.
2627 3598 2886 3666 Quaenam
2935 3600 3030 3654 illa
3063 3601 3271 3661 anima,
3300 3601 3412 3656 nisi

1842 3707 2030 3748 eorum
2055 3690 2123 3745 de
2149 3692 2349 3761 quibus
2373 3690 2578 3745 dictum
2604 3700 2721 3746 est:
2748 3689 3057 3745 Esurientes
3091 3700 3142 3745 et
3174 3692 3417 3747 sitientes

1845 3785 2026 3838 anima
2063 3798 2244 3836 eorum
2260 3783 2313 3836 in
2341 3783 2472 3851 ipsis
2499 3782 2728 3851 defecit?
2749 3779 2819 3836 Et
2845 3782 3079 3835 animam
3100 3782 3417 3837 esurientem

1845 3877 2058 3932 satiavit
2086 3876 2254 3943 bonis,
2285 3873 2557 3945 spirituali
2579 3873 2833 3928 videlicet
2874 3887 3037 3943 pane.

1934 4047 2021 4102 lO.
2055 4044 2299 4100 Sedentes
2345 4045 2401 4098 in
2455 4044 2676 4099 tenearis
2707 4053 2756 4098 et
2803 4040 2991 4097 umbra
3027 4044 3235 4098 mortis.
3283 4041 3419 4098 Um-

1846 4138 2000 4194 bram
2036 4136 2230 4192 mortis
2246 4136 2294 4192 si
2321 4135 2474 4191 dicas
2501 4135 3006 4191 csseidololatriam
3053 4143 3107 4189 et
3161 4134 3412 4204 impieta-

1848 4233 1920 4288 tis
1953 4245 2157 4300 opera,
2200 4243 2544 4299 nequaquam
2604 4241 2637 4281 a
2681 4240 2812 4280 vero
2873 4224 3231 4280 aberraveris.
3281 4223 3421 4293 Ipsa:

1848 4337 2085 4392 namque
2109 4328 2239 4377 sunt
2270 4335 2392 4388 qua:
2422 4332 2523 4371 nos
2551 4326 2807 4385 separant
2833 4330 2864 4370 a
2899 4330 3027 4370 vera
3054 4316 3187 4369 vita.
3215 4314 3271 4368 In
3301 4315 3416 4370 his-

165 4409 307 4482 ἦμεν
337 4410 627 4483 πρότερον,
655 4409 743 4463 διὰ
773 4409 835 4463 τὸ
874 4412 1327 4482 παραπικραίνειν
1356 4412 1447 4466 τὸν
1476 4412 1630 4477 Θεὸν,
1657 4416 1727 4469 κα

1864 4430 1913 4470 :e
1938 4413 2290 4468 versabamur
2326 4412 2500 4480 prius,
2535 4409 2664 4478 quia
2713 4406 3176 4463 exacerbabamus
3221 4407 3420 4473 Deum,

167 4506 260 4575 τὴν
300 4503 497 4575 βουλὴν
531 4502 625 4556 τοῦ
641 4502 893 4571 Ὑψίστου
923 4502 1264 4575 παροξύνειν.
1290 4503 1418 4556 Δέον
1440 4502 1547 4575 γὰρ
1571 4504 1635 4557 ὲκ
1662 4520 1751 4573 με·

167 4595 359 4662 γέθονς
384 4595 481 4648 καὶ
507 4593 768 4665 καλλονῆς
790 4595 1101 4665 κτισμάτων
1125 4594 1214 4647 τὸν
1246 4592 1621 4665 γενεσιουργὸν
1641 4593 1748 4647 τῶν

167 4687 301 4740 ὅλων
332 4687 583 4757 θεωρεῖν,
614 4687 709 4740 καὶ
731 4688 828 4758 τὴν
859 4686 1031 4740 ἀΐδιον
1058 4685 1220 4738 αὑτοῦ
1244 4684 1474 4756 δύναμιν
1498 4685 1593 4739 καὶ
1618 4684 1754 4738 θειό-

168 4795 305 4850 τητα
350 4778 462 4832 ἀπὸ
520 4778 750 4842 κτίσεως
785 4777 992 4847 κόσμου
1020 4778 1160 4829 νοεῖν
1179 4792 1192 4806 ·
1219 4778 1379 4847 ἡμεῖς
1416 4772 1504 4829 οἷα
1536 4774 1747 4843 τυφλοὶ,

168 4872 225 4923 ἐν
256 4872 436 4942 σκότῳ
468 4872 562 4925 καὶ
591 4872 719 4942 σκιᾷ
751 4870 980 4925 θανάτου
1010 4869 1310 4939 διάγοντες,
1339 4869 1432 4923 καὶ
1472 4870 1573 4934 τὰς
1607 4870 1751 4939 λογι-

172 4967 272 5031 κὰς
296 4964 611 5036 τῆςψυχῆς
656 4963 913 5033 δυνάμεις
944 4961 1305 5032 πεπεδημένοι
1351 4962 1440 5015 καὶ
1490 4979 1750 5033 πεπηρω-

176 5057 340 5126 μένοι,
373 5056 773 5128 ὲνηλλάττομεν
801 5054 900 5125 τὴν
924 5053 1081 5119 δόξαν
1105 5053 1199 5107 τοῦ
1226 5054 1501 5126 ἀφθάρτου
1531 5055 1664 5108 Θεοῦ
1692 5055 1752 5110 ἐν

171 5150 474 5221 ὁμοιώματι
503 5149 713 5205 εἰκόνος
751 5146 993 5217 φθαρτοῦ
1024 5144 1333 5216 ἀνθρῴπου,
1370 5148 1461 5201 καὶ
1488 5150 1748 5205 πετεινῶν

173 5240 262 5291 καὶ
311 5237 679 5308 τετραπόδων.
707 5235 1166 5304 Πεπεδημένους
1224 5236 1295 5290 ἐν
1343 5238 1601 5307 πτωχείᾳ
1650 5240 1747 5293 καί

173 5328 408 5398 σιδήρῳ.
440 5330 577 5394 Ταῖς
625 5330 832 5399 σειραῖς
874 5327 981 5380 τῶν
1024 5327 1168 5381 ἰδίων
1215 5329 1496 5399 ἁμαρτιῶν
1521 5329 1752 5396 ἕκαστος

178 5421 482 5492 σφίγγεται,
510 5421 714 5484 παντὸς
742 5420 1035 5492 πτωχεύων
1065 5419 1271 5488 ἀγαθοῦ
1306 5423 1399 5475 καὶ
1426 5423 1616 5478 καλοῦ.

237 5710 283 5744 ⁸⁵
306 5710 443 5767 Luc.
472 5725 594 5773 sm,
622 5710 709 5766 5i.

1849 4515 1903 4560 et
1925 4503 2212 4559 consilium
2262 4500 2525 4555 Altissimi
2580 4498 2955 4554 irritabamus.
3005 4496 3232 4567 Oportet
3257 4497 3405 4554 enim

1850 4608 1917 4648 ex
1938 4588 2309 4661 magnitudine
2333 4599 2388 4642 et
2412 4587 2820 4657 pulchritudine
2860 4596 3260 4651 creaturarum,
3288 4587 3414 4642 uni-

1851 4697 2134 4739 versorum
2186 4682 2439 4752 opilicem
2490 4679 2869 4751 contemplari,
2920 4689 2975 4737 et
3024 4682 3414 4751 sempiternam

1848 4778 1969 4847 ejus
1990 4777 2245 4832 virtutem
2267 4790 2332 4831 ac
2364 4774 2704 4830 divinitatem
2745 4790 2777 4831 a
2804 4785 3057 4837 creatura
3088 4776 3277 4832 mundi
3324 4775 3413 4830 in-

1855 4870 2120 4939 telligere.
2178 4867 2293 4924 Nos
2329 4877 2515 4939 utpote
2567 4869 2699 4924 caeci
2743 4868 2799 4923 in
2843 4870 3082 4926 tenebris
3121 4877 3176 4924 et
3220 4869 3415 4923 umbra

1854 4962 2051 5018 mortis
2079 4961 2360 5030 degentes,
2394 4968 2449 5014 et
2465 4959 2819 5016 facultatibus
2836 4961 3032 5015 animae
3055 4959 3414 5015 rationalibus

1853 5054 2130 5124 praepediti
2163 5062 2218 5108 et
2268 5051 2544 5115 obdurati,
2588 5051 3001 5105 immutavimus
3045 5049 3276 5119 gloriam
3329 5050 3417 5103 in-

1855 5145 2228 5215 corruptibilis
2254 5142 2372 5211 Dei,
2402 5144 2459 5198 in
2489 5143 2904 5198 similitudinem
2933 5140 3188 5210 imaginis
3237 5140 3415 5196 homi-

1855 5237 1945 5292 nis
1972 5235 2344 5306 corruptibilis
2403 5243 2457 5290 et
2485 5234 2823 5298 volatilium,
2857 5242 2913 5289 et
2974 5231 3408 5303 quadrupedum.

1866 5326 2078 5382 Vinctos
2113 5327 2168 5379 in
2202 5325 2539 5379 mendicitate
2584 5335 2636 5378 et
2689 5324 2850 5393 ferro.
2886 5322 3109 5379 Catenis
3166 5324 3415 5394 proprio-

1854 5434 1977 5472 rum
2009 5425 2355 5487 peccatorum
2398 5414 2779 5485 unusquisque.
2800 5414 3214 5487 constringitur,
3256 5416 3420 5487 inopis

1857 5524 2034 5565 omnis
2062 5508 2193 5564 boni
2216 5517 2271 5565 et
2318 5507 2553 5565 honesti.

790 5712 837 5743 "
866 5710 998 5765 ibid.
1070 5711 1115 5743 θ’
1148 5709 1307 5765 Joan.
1350 5725 1421 5775 iv,
1459 5709 1543 5765 l3.
1633 5709 1679 5744 ⁸⁸
1699 5706 1858 5765 Joan.
1886 5725 1998 5779 xw,
2022 5707 2075 5764 6.
