3778 6276
341 322 443 378 451

412 439 498 493 11.
543 436 682 503 Quia
729 443 1162 491 exacerbaverunt
1225 433 1432 503 eloquia
1492 432 1611 486 Dei.
1658 430 1906 485 Divinam
1937 436 1986 493 Α

343 535 514 602 legem
544 531 849 585 nullatenus
877 527 1246 590 admittentes,
1276 529 1371 580 secl
1417 525 1757 594 sapientibus
1809 524 1911 577 hu-

340 625 429 695 jus
450 622 634 677 saeculi
659 636 779 676 sese
815 619 1177 673 instituendos
1211 615 1585 671 tradcntes.Et
1630 615 1912 668 consilium

345 713 608 767 Altissimi
670 713 1037 765 irritaverant.
1090 708 1374 774 Quodnam
1435 716 1552 762 erat
1623 707 1912 761 consilium

343 800 638 864 Altissimi,
673 799 778 853 nisi
816 797 962 867 quod
1007 797 1134 850 velit
1170 798 1284 866 ipse
1320 812 1495 850 omnes
1518 797 1751 849 homines
1797 795 1911 848 sal-

341 907 430 945 vos
447 892 583 959 ﬁeri,
605 900 655 944 et
679 891 746 942 ad
765 890 1082 960 agnitionem
1105 889 1340 942 veritatis
1363 889 1534 940 venire
1549 886 1633 939 "?

413 1069 500 1122 12.
528 1067 794 1138 Infirmati
815 1077 959 1132 sunt,
992 1083 1083 1121 nec
1104 1067 1207 1136 fuit
1253 1067 1342 1136 qui
1395 1065 1692 1134 adjunaret.
1742 1062 1913 1119 Nemo

341 1161 485 1213 enim
508 1169 714 1229 poterat
743 1168 1026 1229 peccatum
1057 1159 1364 1214 destruere.

415 1250 503 1303 15.
551 1249 615 1302 Et
667 1250 730 1303 de
782 1249 1182 1303 necessitatibus
1247 1265 1428 1302 eorum
1491 1247 1737 1301 liberavit
1801 1262 1909 1301 eos.

342 1338 670 1410 Ecquaenam
705 1340 878 1408 major
901 1339 1219 1404 necessitas,
1255 1353 1419 1408 quam
1473 1347 1533 1392 nt
1587 1340 1711 1409 quis
1753 1340 1913 1392 mali-

342 1447 572 1500 gnorum
612 1433 898 1501 spirituum
929 1447 1118 1486 servus
1152 1432 1244 1494 sit,
1274 1432 1327 1485 in
1353 1431 1659 1501 ignorantia
1693 1430 1910 1497 mentis,

341 1525 512 1578 animi
537 1523 983 1587 mendicitate,et
1009 1530 1329 1593 paupertate
1376 1538 1474 1592 per
1526 1522 1787 1576 malitiam
1825 1523 1914 1576 in-

343 1616 506 1670 dueta
529 1615 553 1668 ?

413 1705 500 1760 M.
533 1704 600 1758 Et
639 1705 846 1759 vincula
881 1720 1065 1759 eorum
1121 1706 1366 1766 disrupit.
1429 1702 1585 1770 Illud,
1642 1703 1897 1772 disrupit,

341 1796 672 1864 repentinam
706 1797 906 1864 peccati
930 1795 1353 1850 destructionem
1389 1795 1610 1848 indicat.

415 1887 597 1942 15-16.
660 1887 1027 1956 Con/iteantur
1081 1887 1306 1941 Domino
1358 1887 1733 1941 misericordia:
1772 1885 1906 1954 ejus.

343 1979 540 2034 Eadem
573 1980 685 2048 ipsa
721 1980 786 2034 de
817 1980 1090 2034 beneﬁciis
1119 1980 1238 2046 ejus
1267 1979 1476 2047 repetit.
1500 1979 1637 2043 Quia
1667 1978 1911 2031 contrivit

340 2079 520 2141 portas
548 2086 734 2125 terens.
800 2069 1126 2124 Descensnm
1167 2067 1464 2123 Salvatoris
1507 2069 1574 2123 ad
1632 2067 1910 2123 infernum

341 2156 644 2226 signiﬁcat,
714 2171 978 2226 quocum
1035 2157 1399 2225 pervenisset,
1470 2167 1654 2226 portas
1713 2157 1910 2211 inferni

341 2251 574 2318 aperuit,
611 2247 739 2300 olim
768 2249 1002 2301 vinculis
1029 2248 1436 2308 insolubilibus.
1473 2247 1729 2301 omnibus
1761 2248 1911 2302 clau-

343 2353 450 2392 sas.
497 2335 611 2389 Non
638 2336 786 2390 enim
842 2337 1075 2390 facultas
1113 2347 1231 2391 erat
1262 2337 1573 2390 volentibus
1636 2345 1911 2406 retrogre-

341 2426 395 2478 (li
427 2443 441 2488 ;
471 2425 563 2480 sed
601 2426 717 2493 ipse
745 2425 882 2479 dixit
903 2427 968 2480 iis
995 2427 1082 2494 qui
1116 2426 1273 2478 vincti
1319 2435 1481 2479 sunt:
1526 2424 1700 2486 Exite.
1753 2439 1803 2480 et
1836 2427 1906 2479 iis

341 2519 430 2587 qui
463 2519 517 2570 in
555 2517 815 2571 tenebris:
841 2517 1159 2570 Reuelamini
1186 2517 1224 2570 ¹.

415 2607 502 2660 18.
543 2606 760 2661 Omnem
791 2624 964 2661 escam
996 2607 1311 2659 abominata
1331 2615 1409 2660 est
1462 2608 1643 2660 anima
1705 2623 1907 2660 eorum.

343 2696 461 2752 Non
483 2698 628 2752 enim
651 2698 839 2752 aderat
866 2697 1093 2752 verbum
1125 2697 1275 2766 quod
1308 2707 1494 2766 posset
1525 2715 1618 2753 eos
1647 2700 1909 2755 enutrirc.

341 2786 521 2842 Porta:
552 2796 731 2842 autem
761 2789 956 2843 mortis
992 2797 1117 2844 sunt
1144 2799 1365 2860 peccata
1411 2804 1533 2859 quae
1561 2789 1627 2844 ad
1679 2799 1911 2844 mortem

344 2881 574 2935 ducunt.

414 2971 503 3024 22.
528 2971 596 3024 Et
619 2973 914 3043 sacriﬁcent
943 2975 990 3027 ei
1005 2975 1328 3042 sacriﬁcium
1359 2975 1554 3029 laudis.
1579 2975 1660 3029 Ad
1691 2985 1911 3031 sanctos

344 3063 618 3130 apostolos
650 3079 955 3119 sermonem
989 3065 1298 3128 convertit;
1341 3065 1442 3134 ipsi
1495 3081 1732 3136 namque
1785 3074 1913 3121 sunt

344 3154 437 3222 qui
471 3156 729 3224 mysteria
785 3154 918 3210 Novi
950 3155 1284 3211 Testamenti
1339 3157 1497 3213 nobis
1548 3158 1910 3214 tradiderunt.

414 3325 503 3380 35.
536 3323 722 3379 Posuit
742 3325 963 3394 flumina
999 3328 1053 3380 in
1076 3329 1360 3384 desertum.
1415 3328 1726 3385 Judteorum
1761 3330 1916 3384 volu-

343 3415 452 3469 bile
480 3431 544 3470 ac
578 3417 882 3484 improbum
912 3434 1081 3488 genus
1109 3419 1261 3474 dicit.
1301 3418 1437 3474 Nam
1497 3435 1594 3475 eos
1639 3421 1731 3491 qui
1785 3422 1913 3476 olim

345 3503 490 3559 tame
519 3505 890 3573 tabescebant,
923 3515 978 3562 et
1014 3508 1282 3577 Spirituali
1319 3508 1442 3564 cibo
1476 3518 1697 3578 egentes
1727 3519 1911 3578 erant,

343 3604 566 3666 prapter
595 3613 658 3653 ea
686 3598 911 3653 ﬂumina
940 3600 1251 3656 collocavit.

417 3689 508 3744 54.
546 3689 761 3744 Terram
783 3691 1115 3758 fructi/eram
1143 3694 1199 3747 in
1224 3692 1564 3763 salsuginem.
1600 3692 1911 3750 Iudaeorum

345 3790 674 3848 synagogam
706 3778 901 3848 inquit.
941 3778 1111 3835 Erant
1150 3781 1423 3838 daemones
1451 3783 1784 3840 habitatores
1816 3793 1920 3838 ter-

342 3880 492 3919 rena:
517 3867 773 3932 civitatis,
807 3883 968 3937 quem
995 3868 1232 3924 fructum
1263 3871 1512 3940 impietas
1544 3872 1768 3928 ferebat.
1783 3873 1915 3929 Eam

343 3963 524 4009 autem
569 3957 918 4010 exsiccarunt
959 3957 1058 4027 ipsi
1102 3961 1334 4028 apostoli
1377 3962 1490 4017 sale
1540 3962 1821 4030 doctrinae,
1849 3964 1917 4019 de

343 4045 545 4114 quibus
577 4045 652 4099 ait
678 4061 692 4098 :
733 4044 835 4100 Vos
856 4048 980 4101 estis
1012 4047 1095 4101 sal
1123 4059 1278 4104 terra:
1295 4051 1338 4105 ².

416 4234 512 4290 35.
550 4235 738 4290 Posuit
760 4238 1023 4292 desertum
1047 4241 1102 4293 in
1126 4250 1316 4311 stagna
1342 4258 1620 4314 aquarum.
1649 4244 1915 4316 Populum

345 4327 598 4396 gentilem
648 4327 947 4399 signiticet,
983 4346 1108 4384 nam
1147 4333 1437 4388 commista
1477 4345 1561 4390 est
1607 4337 1913 4406 prophetia,

1219 319 1273 374 S.
1315 314 1689 371 ATHANASII
1723 314 1874 370 OPP.
1915 313 2096 370 PARS
2135 313 2222 369 III.
2268 345 2336 355 —
2375 312 2783 369 EXEGETICA.

3476 309 3594 368 452

2087 431 2214 483 Ὅτι
2243 405 2690 497 παρεπίκραναν
2729 427 2802 480 τὰ
2847 427 3022 495 λόγια
3063 420 3374 479 τούςδθεόυ.
3416 427 3602 480 Οὐδα-

2019 521 2133 591 μῶς
2159 522 2249 574 τὸν
2274 521 2414 574 θεῖον
2443 520 2870 590 παραδεχόμενοι
2900 519 3080 588 νόμον,
3111 517 3246 571 ἀλλὰ
3267 520 3377 582 τοῖς
3401 521 3599 586 σοφοῖς

2014 613 2107 666 τοῦ
2159 613 2352 675 αἰῶνος
2402 612 2590 664 τούτου
2640 611 3002 681 προνέμοντες
3045 608 3288 671 ἑαυτούς.
3324 607 3431 662 Καὶ
3471 608 3599 674 τὴν

2008 703 2252 770 ,ϐουλὴν
2287 701 2394 754 τοῦ
2439 701 2718 769 Ὑψίστου
2755 699 3134 767 παρώξυναν.
3164 697 3274 751 Καὶ
3307 698 3431 750 ποία
3457 693 3528 768 ἦν
3555 700 3595 769 ἡ

2015 794 2177 866 βουλὴ
2209 792 2302 846 τοῦ
2349 792 2623 862 Ὑψίστου,
2649 793 2680 863 ἢ
2707 791 2767 844 τὸ
2801 791 2973 843 θέλειν
3008 789 3169 842 αὐτὸν
3206 788 3432 856 πάντας
3477 790 3597 843 ἀν-

2013 881 2284 952 θρώπους
2327 880 2630 946 σώζεσθαι,
2672 880 2770 934 καὶ
2815 881 2902 946 εὶς
2945 879 3269 948 ἐπίγνωσιν
3303 880 3601 947 ἀληθείας

2013 973 2212 1028 ἐλθεῖν
2228 990 2246 1037 ;

2099 1063 2484 1129 Ἠσθένησαν,
2516 1061 2614 1116 καί
2644 1063 2753 1115 οὐκ
2781 1055 2859 1131 ἦν
2881 1064 2914 1116 ό
2932 1059 3192 1128 βοηθῶν.
3213 1059 3286 1113 Οὐ
3307 1059 3413 1132 γὰρ
3435 1059 3600 1130 ίσχυέ

2012 1173 2097 1218 τις
2125 1157 2223 1224 τῆς
2249 1156 2520 1226 ἁμαρτίας
2550 1153 2880 1226 ποιήσασθαι
2915 1153 3013 1222 τὴν
3039 1153 3338 1223 ἀναίρεσιν.

2083 1247 2192 1300 Kal
2241 1247 2310 1299 ἐκ
2350 1246 2469 1300 τῶν
2499 1245 2775 1316 ἀναγκῶν
2816 1247 3012 1299 αὐτῶν
3056 1244 3292 1298 ἔσωσεν
3341 1243 3596 1310 αὐτούς.

2014 1337 2110 1401 Τίς
2156 1337 2262 1408 γὰρ
2314 1339 2512 1410 μείζων
2559 1341 2770 1410 ἀνάγκη
2805 1337 2898 1391 τοῦ
2940 1336 3288 1390 δεδουλῶσθαι
3317 1335 3602 1406 πνεύμασι

2014 1432 2268 1500 πονηροῖς
2304 1431 2361 1484 ὲν
2396 1429 2588 1504 ἀγνοίᾳ
2619 1431 2778 1498 Θεοῦ,
2829 1432 2923 1485 καὶ
2977 1431 3218 1502 πτωχείᾳ
3270 1429 3462 1502 ψυχῆς,
3492 1429 3600 1484 καὶ

2014 1518 2176 1591 πενίᾳ
2206 1521 2404 1584 κακίας
2421 1538 2435 1587 ;

2085 1712 2189 1768 Kal
2209 1713 2352 1780 τοὺς
2369 1714 2628 1784 δεσμοὺς
2646 1713 2844 1770 αὐτῶν
2860 1712 3148 1784 διέρρηξε.
3168 1714 3261 1778 Τὸ,
3288 1713 3592 1783 διέρρηξε,

2010 1803 2106 1876 τὴν
2140 1798 2338 1876 ἁθρόαν
2360 1805 2458 1874 τῆς
2484 1805 2755 1876 ἁμαρτίας
2775 1805 3093 1876 καθαίρεσιν
3123 1805 3555 1859 καταδείκνυσιν.

2093 1894 2779 1964 Ἐξομολογησὰσθωσαιο·
2794 1895 2874 1961 τῷ
2893 1899 3083 1964 Κιρίῳ
3110 1897 3181 1948 τὰ
3209 1895 3349 1962 ἑλέη
3377 1897 3593 1950 αὐτοῦ.
3678 1947 3682 1952 .

2010 1985 2091 2039 Τὰ
2125 1986 2264 2040 αὐτὰ
2291 1986 2539 2057 δεύτερον
2575 1983 2743 2062 εἶπεν·
2767 1985 2860 2039 ἐπὶ
2893 1990 3011 2049 ταῖς
3033 1986 3372 2056 εὐεργεσίαις
3398 1985 3593 2040 αὐτοῦ.

2013 2077 2132 2129 Ὅτι
2150 2075 2475 2145 συνέτριψε
2499 2076 2696 2141 πύλας
2724 2074 2975 2145 χαλκᾶς.
3001 2074 3108 2145 Τὴν
3133 2074 3322 2146 μέχρις
3347 2074 3469 2144 ᾅδου
3492 2072 3596 2126 τοῦ

2011 2169 2262 2240 Σωτῆρος
2309 2169 2530 2223 κάθοδον
2576 2167 2847 2238 σημαίνει,
2883 2169 2947 2237 ἢν
2976 2167 3360 2237 ποιησάμενος,
3393 2167 3597 2219 ἀνεπέ-

2009 2277 2140 2313 τασε
2184 2260 2277 2312 τοῦ
2322 2261 2446 2331 ᾅδου
2480 2259 2578 2324 τὰς
2624 2259 2818 2323 πύλας,
2846 2259 3010 2313 πάλαι
3047 2258 3263 2329 δεσμοῖς
3294 2259 3598 2329 ἀρρήκτοις

2010 2351 2399 2422 κεκλεισμένας
2441 2353 2624 2404 πᾶσιν.
2659 2352 2735 2404 Οὐ
2773 2351 2880 2422 γὰρ
2905 2347 2972 2420 ἧν
3000 2351 3433 2422 παλινδρομῆσαι
3469 2348 3600 2418 βου-

2010 2440 2255 2510 λομένοις
2272 2458 2285 2471 ο
2316 2441 2429 2494 ἀλλ’
2455 2440 2615 2503 αὐτὸς
2645 2440 2833 2511 εἴρηκε
2857 2440 2980 2504 τοῖς
2996 2441 3065 2491 ἐν
3083 2438 3327 2507 δεσμοῖς
3351 2455 3363 2468 ·
3393 2435 3600 2500 Ἐξέλ-

2011 2532 2167 2596 θατε,
2201 2530 2299 2584 καί
2334 2530 2458 2598 τοῖς
2491 2531 2558 2584 ἐν
2587 2530 2663 2595 τῷ
2689 2532 2921 2583 σκότει·
2964 2530 3453 2596 Ἀνακαλύερθητε.

2083 2619 2212 2676 Πᾶν
2253 2621 2466 2690 ,ϐρῶμα
2517 2619 2879 2684 ἐϐδελύξατο
2935 2621 2974 2687 ἡ
3026 2619 3194 2688 ψυχὴ
3240 2619 3456 2671 αὐτῶν.
3513 2619 3595 2671 Οὐ

2013 2709 2122 2782 γὰρ
2161 2707 2230 2781 ἦν
2262 2713 2290 2763 ὁ
2315 2711 2626 2782 διατρέφειν
2651 2712 2844 2774 αὐτοὺς
2888 2710 3181 2782 δυνάμενος
3211 2710 3386 2778 λόγος.
3415 2708 3597 2762 Πύλαι

2011 2802 2066 2855 δὲ
2095 2802 2324 2857 θανάτου
2353 2805 2407 2857 αἱ
2438 2803 2698 2876 φέρουσαι
2733 2803 2870 2875 πρὸς
2901 2803 3128 2857 θάνατον
3158 2802 3441 2874 ἁμαρτίαι.

2082 2982 2188 3037 Kal
2242 2982 2602 3036 θυσάτωσαν
2657 2983 2818 3048 αὐτῷ
2868 2983 3089 3038 θυσίαν
3117 2982 3599 3049 αἰνέσεως-,Ἐπὶ

1938 3099 1981 3156 C
2013 3073 2138 3136 τοὺς
2178 3071 2362 3140 ἁγίους
2405 3073 2733 3137 ἀποστόλους
2775 3075 3067 3146 μεταφέρει
3099 3075 3189 3128 τὸν
3217 3074 3371 3142 λόγον
3393 3092 3405 3104 ·
3435 3075 3598 3127 αὐτοὶ

2014 3165 2122 3235 γάρ
2150 3167 2284 3217 εἰσιν
2330 3165 2378 3216 οἱ
2411 3164 2481 3217 τὰ
2513 3168 2785 3238 μυστήρια
2808 3167 2906 3237 τῆς
2937 3167 3143 3236 Καινῆς
3188 3167 3458 3237 Διαθήκης
3495 3184 3602 3219 πα-

2016 3255 2268 3326 ραδόντες
2301 3256 2451 3326 ἡμῖν.

2088 3349 2288 3402 Ἕθετο
2334 3347 2639 3417 ποταμοὺς
2675 3351 2760 3416 είς
2785 3351 3024 3418 ἔρημον.
3066 3349 3138 3403 Τὸ
3178 3348 3286 3402 τῶν
3324 3348 3599 3402 Ἰουδαίων

2013 3435 2238 3508 εὔρυτον
2267 3437 2522 3509 ἀδόκιμον
2555 3440 2709 3509 γένος
2755 3441 2906 3510 φησί.
2941 3442 3078 3503 Τοὺς
3106 3439 3214 3512 γὰρ
3249 3440 3415 3494 πάλαι
3445 3441 3598 3512 λιμῷ

2012 3527 2346 3598 τηκομὲνους
2384 3528 2477 3581 καὶ
2525 3529 2625 3599 τῆς
2668 3531 3039 3602 πνευματικῆς
3075 3530 3278 3601 τροφῆς
3303 3529 3498 3594 ἐνδεεῖς
3532 3533 3598 3584 ἐν

2013 3616 2239 3679 ἐκείνοις
2267 3617 2537 3687 κατῴκισε
2566 3605 2678 3682 τοῖς
2709 3623 2993 3690 ποταμοῖς.

2082 3706 2215 3776 Γῆν
2257 3710 2638 3779 καρποφόρον
2661 3712 2748 3776 είς
2783 3711 3001 3779 ἅλμην.
3028 3710 3136 3782 Τὴν
3173 3710 3281 3763 τῶν
3323 3711 3597 3765 Ἰουδαίων

2015 3798 2147 3869 φησι.
2187 3797 2713 3870 συναγωγήν.⁷Ησαν
2760 3799 2869 3871 γὰρ
2913 3802 2963 3853 οἱ
3019 3800 3269 3870 δαίμονες
3309 3801 3598 3871 οἰκήτορες

2012 3885 2111 3956 τῆς
2145 3887 2339 3956 γηΐνης
2377 3887 2686 3952 πολιτείας-
2728 3890 3092 3961 ὲκαρποιρόρει
3121 3889 3178 3942 δὲ
3202 3889 3368 3961 αὐτὴν
3400 3894 3432 3961 ἡ
3465 3893 3590 3946 aaé-

2013 3974 2155 4028 6εια.
2173 3975 2472 4046 Ἐξήραναν
2498 3977 2550 4029 δὲ
2581 3978 2751 4049 αὐτὴν
2779 3981 2830 4032 οἱ
2857 3979 3145 4032 ἀπόστολοι
3188 3978 3264 4048 τῷ
3309 3979 3464 4033 ἅλατι
3489 3982 3598 4054 τῆς

2014 4065 2378 4131 διδασκαλίας,
2413 4070 2540 4141 περὶ
2577 4061 2652 4122 ὧν
2694 4087 2888 4141 φησιν’
2937 4070 3117 4140 Ὑμεῖς
3151 4071 3288 4124 ἐστε
3329 4071 3397 4124 τὸ
3435 4073 3596 4140 ἅλας

2015 4157 2125 4226 τῆς
2153 4155 2283 4227 γῆς-
2745 4172 2752 4178 ’

2088 4250 2290 4303 Ἕθετὸ
2323 4248 2545 4319 ἔρημον
2569 4253 2657 4318 εἰς
2680 4253 2899 4321 λίμνας
2930 4254 3182 4312 ὑδάτων.
3206 4258 3308 4312 Τὺν
3337 4257 3393 4325 ἐξ
3419 4257 3595 4311 ἐθνῶν

2015 4341 2356 4412 διασημαίνει
2388 4342 2513 4396 λαόν
2537 4361 2552 4374 ο
2589 4343 2892 4415 σύμμικτος
2928 4346 3036 4418 γὰρ
3072 4350 3104 4418 ἡ
3131 4349 3454 4422 προφητεία,
3479 4351 3595 4402 τῶν

345 4415 578 4512 duorum
607 4418 933 4485 p0pnlorum
967 4417 1147 4474 ferens
1181 4436 1495 4490 personam.
1528 4422 1678 4481 Illius
1706 4427 1914 4482 scilicet
1943 4439 1967 4495 Ῑ

2064 4431 2107 4484 io
2136 4431 2280 4484 λαῶν
2304 4434 2632 4506 εἰσφέρουσα
2659 4437 2720 4490 τὸ
2750 4438 3066 4508 πρόσωπον·
3088 4441 3182 4494 τοῦ
3212 4443 3308 4512 μὲν
3334 4445 3431 4511 τὴν
3460 4445 3595 4496 ἁπο-

346 4504 728 4572 abjectionem,
758 4505 922 4576 hujus
946 4507 1426 4564 introductionem.

426 4593 516 4648 36.
544 4594 611 4648 Et
636 4598 1018 4651 constituerunt
1041 4599 1280 4654 civitates
1302 4601 1671 4658 habitationis.
1702 4603 1910 4659 Bonam

345 4683 596 4738 videlicet
622 4696 676 4738 et
695 4686 970 4742 caelestem
1002 4689 1125 4744 vitae
1153 4692 1441 4747 rationem.

421 4776 512 4830 57.
549 4776 612 4829 Et
641 4779 914 4833 seminavit
949 4797 1104 4851 agros
1135 4793 1183 4836 et
1219 4783 1478 4852 plantavit
1505 4784 1701 4838 vineas.
1736 4783 1912 4853 Agros

346 4867 616 4938 intelliges
651 4870 720 4924 ab
753 4870 1063 4939 hujusmodi
1110 4875 1296 4930 dicto:
1333 4875 1483 4929 Exiit
1527 4877 1616 4946 qui
1661 4878 1912 4944 seminat,

345 4958 606 5011 seminare
627 4975 801 5013 semen
829 4978 979 5015 suum
1005 4963 1058 5016 ἐ
1089 4964 1278 5020 vineas
1315 4974 1494 5020 autem
1539 4965 1831 5028 Ecclesias.
1853 4977 1914 5023 ut

345 5046 551 5103 dictum
579 5057 700 5104 est:
741 5047 916 5106 Vinea:
947 5052 1260 5121 ﬂoruerunt,
1291 5054 1500 5108 odorem
1530 5055 1845 5112 dederunt‘.

419 5236 508 5292 38.
543 5236 612 5290 Et
651 5239 894 5306 jumenta
943 5256 1122 5294 eorum
1173 5256 1276 5293 non
1324 5240 1624 5295 minoratn't.
1659 5241 1911 5299 Jumenta

346 5335 504 5380 vocat
521 5343 615 5382 eos
633 5330 724 5398 qui
752 5331 1237 5385 irrationabiliores
1262 5337 1390 5382 sunt
1422 5329 1473 5382 in
1499 5329 1738 5386 Ecclesia
1755 5331 1909 5400 juxta

345 5418 479 5473 illud
507 5438 520 5472 :
550 5418 617 5474 Ut
631 5421 928 5490 jumentum
960 5423 1132 5491 factus
1159 5438 1276 5475 sum
1300 5422 1440 5488 apud
1477 5427 1594 5492 te‘;
1630 5433 1704 5488 et,
1732 5424 1912 5480 Homi-

347 5525 437 5562 nes
463 5520 512 5562 et
525 5511 768 5579 jumenta
789 5515 1038 5578 salvabis,
1071 5514 1291 5567 Domine
1320 5514 1361 5571 ⁸.

418 5646 462 5676 ’³
496 5647 513 5697 l
537 5644 677 5701 Tim.
705 5664 761 5709 ιι,
789 5649 841 5703 4.

347 5714 369 5746 ⁸
391 5713 531 5768 Psal.
567 5732 729 5786 xxxv,
759 5717 812 5772 7.

899 5720 914 5725 ἱ
942 5651 959 5680 ¹
987 5649 1090 5706 lsa.
1123 5666 1272 5716 nix,
1297 5651 1350 5708 9.
1430 5655 1462 5725 f
1489 5651 1676 5710 Matth.
1707 5671 1761 5720 v,
1784 5655 1868 5710 l3.
1953 5657 1972 5688 ³
2002 5655 2189 5714 Matth.
2224 5675 2344 5729 xm,
2375 5661 2428 5716 '5.

2013 4521 2196 4593 δολὴν,
2229 4522 2320 4576 τοῦ
2350 4524 2407 4578 δὲ
2433 4525 2532 4596 τὴν
2560 4527 2828 4598 εἰσϐολήν.

2083 4614 2191 4668 Kal
2216 4617 2677 4682 συνεστήσαντο
2705 4621 2915 4688 πόλεις
2943 4627 3336 4692 κατοικεσιάς.
3355 4629 3591 4700 Ἀγαθὴν

1951 4713 1958 4720 '
2011 4704 2251 4776 δηλονότι
2287 4709 2379 4760 καὶ
2406 4709 2657 4780 οὐράνιον
2690 4712 2965 4768 πολιτείαν

2082 4798 2191 4852 Kal
2234 4799 2517 4868 ἔσπειρεν
2558 4803 2778 4871 ἀγροὺς
2821 4806 2918 4858 καὶ
2953 4807 3285 4876 ἐφύτευσεν
3307 4811 3589 4880 ἀμπελῶ-

2010 4906 2140 4958 νας.
2158 4893 2392 4964 Νοήσεις
2407 4896 2532 4958 τοὺς
2554 4896 2757 4968 ἀγροὺς
2776 4898 2882 4951 ἀπὸ
2903 4900 2995 4953 τοῦ
3023 4905 3301 4974 εἰρηκότος
3321 4921 3334 4934 ’
3380 4905 3584 4973 Ἐξῆλ-

2013 4984 2118 5034 θεν
2164 4985 2196 5034 ό
2228 4984 2491 5050 σπείρων
2531 4985 2639 5038 τοῦ
2676 4987 2914 5055 σπεζοαι
2961 4992 3068 5044 τὸν
3117 4994 3347 5061 σπόρον
3373 4997 3586 5049 αὐτοῦ·

2013 5071 2139 5134 τοὺς
2187 5071 2244 5125 δὲ
2285 5073 2614 5142 ἀμπελῶνας
2651 5075 2750 5141 τὰς
2784 5079 3120 5152 Ἐκκλησίας,
3157 5084 3292 5138 καθὸ
3333 5088 3544 5159 εἴρηται
3566 5105 3581 5118 ·

2011 5166 2086 5218 Δί
2110 5163 2362 5232 ἄμπελοι
2398 5166 2751 5234 ἐκύπριοναν,
2781 5171 3013 5226 ἔδωκαν
3043 5173 3258 5242 ὀσμήν.

2084 5250 2197 5304 Kal
2239 5253 2312 5306 τὰ
2350 5253 2539 5323 κτήνη
2583 5257 2783 5312 αὐτῶν
2813 5262 2922 5314 οὐκ
2966 5263 3344 5331 ἐσμίκρυνεν.
3392 5268 3580 5338 Κτήνη

2013 5341 2138 5406 τοὺς
2170 5343 2537 5416 ἁλογωτέρους
2565 5349 2663 5419 τῆς
2704 5351 3023 5421 Ἐκκλησίας
3053 5356 3205 5424 φησὶ,
3239 5355 3381 5410 κατὰ
3403 5358 3466 5410 τὸ
3499 5361 3576 5411 είς

2020 5433 2249 5504 ρημένον
2272 5451 2285 5463 ·
2313 5435 2632 5506 Κτηνώδης
2652 5441 2944 5509 ἐγενήθην
2968 5445 3125 5512 παρὰ
3155 5446 3299 5501 σοῦ·
3333 5450 3445 5509 καὶ,
3463 5450 3556 5503 Ἂν

2015 5523 2280 5592 opoan
2317 5529 2413 5582 καὶ
2442 5531 2632 5600 κτήνη
2654 5531 2892 5599 σώσεις,
2930 5533 3120 5604 Κύριε.

2525 5663 2543 5695 ⁸
2570 5662 2727 5719 Cant.
2760 5682 2818 5734 ιι,
2851 5666 2934 5722 15.
3042 5669 3063 5702 ⁸
3091 5667 3235 5725 Psal.
3283 5685 3452 5740 Lxxn,
3478 5670 3566 5727 23.
