3778 6276
125 302 226 358 ιῶ

1244 293 1608 350 EXPOSITIO
1648 293 1718 348 IN
1753 293 2085 351 PSALMUM
2121 293 2283 350 CVII.

3281 297 3389 354 ι’δι

195 414 314 469 Καὶ
363 412 778 483 Μιγώθησαν.
827 413 892 466 Οἱ
947 412 1003 465 ὲν
1047 410 1125 481 τῷ
1175 412 1422 482 προτέρῳ
1479 408 1706 480 δηλονότι

1892 409 1982 464 59.
2019 409 2088 462 Et
2110 413 2266 478 pauci
2313 410 2443 480 facti
2487 420 2629 464 sunt.
2653 409 2757 478 Qui
2785 410 2838 464 in
2867 410 3034 481 priori
3061 413 3268 470 scilicet
3297 431 3391 485 po-

127 528 254 562 an).

203 566 508 670 236811501)
569 597 965 662 ἐξουδένωσις
1027 596 1119 649 ἐπ’
1149 597 1444 666 ἄρχοντας
1498 593 1714 648 αὐτῶν.

125 697 262 757 τοὺς
298 694 671 764 Γραμματεῖς
720 690 815 743 καὶ
850 690 1175 761 Φαρισαίους
1201 689 1352 759 φησί.
1385 689 1495 742 Ital
1525 685 1713 741 ἐπλά-

123 799 318 848 νησεν
345 782 578 847 αὐτοὺς
603 781 673 833 ἐν
693 779 905 846 ἀϐάτῳ,
937 782 1049 848 οὐχ
1077 779 1212 844 ὀδῷ.
1248 779 1560 833 Πλανῶνται
1583 777 1715 846 γὰρ,

124 876 308 944 φησὶν.
338 875 713 943 ἀγνοήσαντες
737 873 827 925 τὸν
861 872 1110 926 εἰπόντα’
1149 869 1295 941 Ἐγώ
1315 873 1429 940 εἰμι
1455 871 1493 937 ’ἡ
1519 869 1674 934 ὁδός.

192 966 306 1020 Καὶ
341 965 646 1032 ἐϐοήθησε
674 964 885 1032 πένητι
911 965 980 1017 ἐν
1005 967 1284 1034 πτωχεία.
1325 965 1436 1018 Kal.
1458 964 1540 1028 τίς
1567 967 1596 1016 ὁ
1620 964 1716 1016 πέ-

123 1073 235 1126 νης,
280 1055 318 1124 ἦ
358 1056 577 1117 ἐκεῖνος
609 1055 737 1125 περὶ
779 1047 840 1106 οὗ
871 1053 1116 1125 εἴρηταιο
1147 1053 1433 1121 Μακάριοι
1470 1057 1524 1107 oi
1561 1067 1713 1106 πτω-

123 1147 212 1215 χοί
248 1143 336 1209 τῷ
358 1146 701 1214 πνεύματι;
724 1144 838 1198 Καὶ
861 1145 1027 1198 ἔθετο
1053 1147 1132 1210 ὡς
1153 1146 1418 1212 πρόϐατα
1443 1145 1710 1213 πατριάς.

137 1237 313 1299 Ἰδίας,
350 1237 548 1306 φησὶν,
585 1235 865 1304 ἐλογίσατο
889 1235 985 1299 τὰς
1031 1238 1096 1290 ἐκ
1134 1236 1242 1290 τῶν
1277 1237 1517 1308 πατριῶν
1545 1238 1714 1292 ἀπάν-

125 1346 225 1382 των
260 1328 652 1398 συναγομένας
680 1328 900 1396 ἀγέλας.

190 1424 489 1490 Ὄψονται
521 1421 717 1487 εὐθεῑς
744 1422 843 1474 καὶ
868 1421 1405 1490 εὐφρανθήσονται.
1436 1422 1546 1475 Καὶ
1570 1421 1716 1488 τίνες

125 1515 169 1566 οἱ
209 1514 420 1578 εὖθεῖς,
467 1514 501 1585 ἢ
538 1515 668 1585 περὶ
714 1507 790 1566 ὧν
823 1513 1069 1583 εἴρηται·
1119 1514 1176 1566 Ὺ
1168 1513 1300 1582 μῶν
1334 1514 1402 1568 δὲ
1438 1515 1717 1585 μακάριοι

125 1607 173 1656 οἱ
205 1605 543 1673 ὀφθαλμοί,
593 1604 682 1657 ὅτι
729 1605 1096 1669 βλέπουσιν.
1136 1603 1250 1658 Καὶ
1282 1604 1450 1660 πᾶσα
1499 1609 1716 1677 ἀνομία

1824 502 1952 570 pulo
1973 511 2146 555 erant.

1893 593 1984 646 40.
2013 591 2204 660 Eﬂ'usa
2234 601 2310 646 est
2345 596 2663 664 contemptio
2698 611 2852 663 super
2889 597 3148 665 principes
3186 613 3388 654 eorum.

1826 681 2045 739 Scribas
2061 694 2114 739 et
2130 684 2435 742 Pharisaeos
2457 689 2608 743 dicit.
2631 687 2696 740 Et
2713 705 2892 741 errare
2907 689 3025 758 fecit
3047 707 3134 744 eos
3156 691 3208 744 iu
3228 694 3388 758 invio,

1821 785 1868 829 et
1913 792 2015 828 non
2051 777 2102 829 in
2145 779 2248 832 via.
2281 776 2476 832 Errant
2511 781 2657 834 enim
2679 819 2694 843 ,
2723 780 2919 850 inquit,
2962 782 3090 851 quia
3137 784 3392 852 ignorant

1821 882 1943 921 eum
1967 868 2058 937 qui
2093 869 2230 922 dixit
2263 889 2275 924 :
2313 870 2425 940 Ego
2451 888 2567 924 sum
2600 872 2746 926 via".
3392 907 3397 937 ε

1893 961 1982 1014 Li.
2013 960 2080 1013 Et
2104 963 2308 1032 adjuvit
2332 981 2613 1033 pauperem
2637 967 2692 1019 iu
2716 968 2914 1037 inopia.
2941 967 3141 1039 Ecquis
3162 987 3388 1043 pauper,

1823 1048 1926 1102 nisi
1980 1051 2048 1105 de
2094 1067 2203 1121 quo
2247 1053 2452 1108 dictum
2483 1063 2597 1110 est:
2646 1056 2798 1111 Beati
2830 1075 3082 1129 pauperes
3108 1066 3298 1132 spiritu
3322 1064 3390 1117 εἳ

1822 1138 1889 1192 Ει
1923 1143 2096 1210 posuit
2122 1145 2255 1197 sicut
2301 1162 2417 1200 oves
2458 1147 2714 1216 familias.
2747 1149 3024 1220 Proprios,
3054 1155 3250 1224 inquit,
3284 1157 3390 1216 sibi

1819 1229 2154 1287 existimavit
2177 1249 2368 1304 greges
2392 1251 2459 1290 ex
2491 1237 2744 1293 omnibus
2786 1239 3005 1298 familiis
3042 1256 3287 1303 coactos.

1892 1416 1982 1472 42.
2028 1417 2286 1477 Videbunt
2321 1427 2450 1481 recti
2488 1435 2538 1481 et
2581 1429 2925 1487 laetabuntur.
2961 1433 3261 1505 Ecquinam
3297 1456 3387 1496 re-

1768 1550 1774 1554 .
1821 1509 1894 1564 cti
1931 1512 2037 1567 nisi
2073 1514 2140 1569 de
2178 1517 2379 1585 quibus
2405 1519 2608 1576 dictum
2657 1532 2744 1578 est
2777 1543 2791 1579 :
2822 1524 2994 1581 Vestri
3035 1540 3210 1584 autem
3248 1536 3388 1590 oculi

1822 1601 1960 1657 beati
1995 1607 2122 1674 quia
2165 1608 2338 1663 vident
2370 1609 2412 1665 ’.
2439 1609 2507 1664 Et
2536 1616 2704 1667 omnis
2733 1615 2986 1687 iniquitas
3030 1622 3281 1690 oppilabit
3329 1643 3387 1680 as

124 1693 415 1763 ἐμφράξει
448 1695 516 1748 τὸ
556 1697 749 1766 στόμα
780 1694 992 1764 αὐτῆς.
1027 1694 1172 1762 Θεὸς
1203 1699 1235 1750 ό
1268 1695 1530 1765 δικαιῶν,
1555 1701 1646 1767 τίς
1683 1706 1706 1755 ὸ

1839 1710 1975 1748 suum
2000 1697 2064 1750 ¹⁰.
2100 1697 2236 1752 Deus
2258 1701 2348 1769 qui
2374 1700 2653 1772 iusti/ient,
2678 1708 2795 1775 quis
2815 1719 2893 1762 est
2915 1711 3005 1779 qui
3029 1713 3330 1770 condemnet
3349 1717 3375 1770 .’

125 1785 505 1852 κατακρίνω
519 1826 536 1848 ,

421 1877 566 1947 ᾮδὴ
603 1881 922 1933 ΨΑΛΜΟΥ
945 1878 1024 1944 τῷ
1052 1879 1254 1934 Δαυτδ.
1293 1883 1421 1934 PZ'.

767 1969 1096 2036 Ὺπόθεσις.

123 2058 223 2112 Καὶ
255 2059 316 2111 ἐν
361 2059 549 2130 τούτῳ
597 2063 630 2131 ἡ
679 2063 946 2131 παρουσία
969 2063 1062 2117 τοῦ
1091 2066 1293 2136 Κυρίου
1321 2070 1353 2138 ἡ
1383 2068 1461 2131 εἰς
1487 2070 1553 2122 τὰ
1585 2067 1714 2141 ἔθνη

181 2153 460 2223 γενομένη
493 2152 989 2228 κηρύττεται.Ἤδη
1032 2158 1088 2211 δὲ
1123 2160 1338 2213 πάντων
1377 2160 1483 2213 τῶν
1518 2161 1714 2232 στίχων

182 2243 296 2295 τῶν
340 2246 404 2295 ἐν
435 2244 518 2314 τῷ
549 2246 775 2317 παρόντι
806 2247 1003 2321 ψαλμῷ
1049 2251 1107 2302 ὲν
1138 2255 1249 2315 τοῖς
1276 2253 1450 2306 ὀπίσω
1482 2255 1714 2324 ψαλμοῖς

185 2336 674 2407 ἑρμηνευομένων,
705 2341 957 2411 περιττὸν
990 2342 1055 2395 ἂν
1080 2345 1165 2415 εἴη
1201 2346 1361 2399 πάλιν
1393 2349 1505 2410 τοῖς
1531 2346 1713 2408 αὐτοῖς

181 2429 506 2499 χρήσασθαι
533 2432 613 2494 εἰς
642 2433 934 2504 ἑρμηνείαν
963 2436 1070 2490 τῶν
1106 2439 1497 2509 προκειμένων.

192 2520 438 2591 Ἑτοίμη
470 2525 509 2592 ἡ
540 2525 753 2592 καρδία
783 2545 923 2595 μου,
965 2532 997 2583 ὀ
1028 2531 1189 2596 θεός.
1217 2533 1325 2584 Καὶ
1353 2533 1410 2584 ἐν
1437 2531 1611 2602 τούτῳ
1633 2531 1711 2602 τῷ

346 2617 381 2686 ἡ
421 2618 698 2688 παρουσία
742 2618 834 2671 τοῦ
882 2623 1087 2691 Κυρίου
1120 2626 1152 2692 ἡ
1183 2626 1262 2688 εἰς
1300 2623 1369 2677 τὰ
1406 2623 1532 2694 ἔθνη
1561 2641 1713 2692 γενο-

122 2707 252 2776 μένη
293 2708 807 2780 κηρύττεται.Ἧδη
852 2711 909 2762 δὲ
958 2711 1066 2764 τῶν
1119 2714 1313 2784 στίχων
1365 2714 1567 2769 τούτων
1611 2717 1710 2788 τὴν

119 2799 419 2868 ἑρμηνείαν
447 2803 509 2852 ὲν
539 2800 616 2870 τῷ
647 2800 720 2852 νθ¹
745 2801 942 2873 ψαλμῷ
973 2804 1317 2875 τεθείκαμεν.

194 2889 597 2959 Ἑξεγέρθητι.
633 2893 670 2959 ἡ
701 2890 851 2956 δόξα
874 2911 1014 2962 μου.
1055 2895 1194 2961 Δόξα
1225 2897 1279 2949 δὲ
1310 2894 1473 2949 αὑτοῦ
1505 2899 1540 2968 ἡ
1585 2897 1712 2952 θεω-

123 2983 316 3054 ρητικὴ
373 2986 470 3036 καὶ
519 2986 797 3057 πρακτικὴ
850 2985 980 3052 ἕξις,
1010 2987 1130 3040 καθ’
1165 2988 1231 3059 ἣν
1275 2989 1543 3044 διάκειται
1575 2991 1712 3062 πρὸς

119 3077 213 3147 τὴν
246 3077 454 3148 ἠθικὴν
486 3079 582 3132 καὶ
613 3079 998 3150 διακονητικὴν
1023 3081 1246 3153 ἀρετήν.

185 3169 320 3221 Ὅτι
356 3169 518 3239 μέγα
560 3169 762 3222 ἐπάνω
805 3169 924 3222 τῶν
951 3170 1222 3238 οὐρανῶν
1264 3171 1332 3224 τὸ
1366 3172 1536 3237 ἔλεός
1568 3185 1705 3228 σου.

121 3260 384 3313 τοσοῦτόν
437 3277 535 3312 σου
587 3261 648 3313 τὸ
695 3260 860 3325 ἕλεος,
896 3262 972 3324 ὡς
1014 3262 1359 3334 ὑπερϐαίνειν
1388 3262 1524 3332 ’ὕψος
1549 3263 1710 3335 ούρά-

121 3369 244 3414 νιον,
283 3353 385 3406 καὶ
420 3352 700 3422 πανταχοῦ
747 3353 1048 3425 διᾴττουσιν
1093 3355 1150 3408 αἰ
1181 3355 1279 3426 τῆς
1327 3355 1424 3426 σῆς
1453 3355 1710 3426 ἀληθείας

121 3443 355 3505 ἀκτῖνες,
383 3442 684 3514 προφητῶν
737 3445 828 3496 καὶ
875 3443 1189 3498 ἀποστόλων
1241 3445 1334 3498 καὶ
1375 3445 1708 3500 διδασκάλων

119 3537 232 3596 ταῖς
264 3535 491 3604 ἐκείνης
532 3535 744 3606 ῥανίσιν
771 3536 1104 3607 ἀρδευόντων
1137 3536 1235 3608 τὴν
1259 3538 1380 3608 γῆν.

195 3626 494 3696 Ὑψώθητι
518 3626 618 3679 ἐπὶ
646 3626 788 3693 τοὺς
807 3626 1120 3695 οὐρανοὺς,
1147 3629 1179 3680 ὀ
1208 3630 1371 3693 Θεός.
1391 3627 1509 3681 Ἀπ’
1534 3628 1707 3698 ἀρχῆς

125 3721 277 3791 μέχρι
323 3720 427 3789 τῆς
470 3718 751 3788 παρούσης
779 3718 977 3786 λέξεως
1003 3720 1031 3772 ὁ
1058 3719 1220 3783 αὑτός
1262 3722 1377 3772 ὲστι
1410 3719 1485 3790 τῷ
1519 3737 1709 3790 πεντη-

124 3812 293 3883 κοστῷ
323 3812 475 3880 ἕκτῳ
494 3809 715 3882 ψαλμῷ,
739 3810 833 3864 καὶ
857 3812 964 3865 ἀπὸ
988 3812 1191 3883 ταύτης
1223 3813 1383 3883 μέχρι
1415 3811 1601 3876 τέλους
1629 3811 1707 3883 τῷ

124 3902 473 3976 πεντηκοστῷ
506 3904 730 3973 ὲννάτῳ.
756 3904 863 3957 Καὶ
893 3904 1104 3976 εἴρηται
1131 3904 1197 3958 τὰ
1220 3904 1422 3959 εἰκότα.

196 4085 622 4156 Ὺψωθήσομαι
651 4083 750 4138 καί
778 4083 1050 4154 διαμεριῶ
1076 4084 1307 4153 Σίκιμα.
1336 4081 1417 4136 Τὰ
1440 4081 1546 4136 τῶν
1575 4083 1707 4135 Ἰου-

124 4178 278 4233 δαίων
311 4178 549 4249 ἕγκριτα
583 4179 677 4231 καὶ
708 4177 962 4248 ἐξαίρετα
992 4176 1327 4248 διαμερίζειν
1369 4178 1480 4240 τοῖς
1527 4175 1705 4229 ἔθνεσι

124 4274 209 4324 καὶ
251 4274 335 4334 εἰς
374 4270 746 4342 κληρονομίαν
788 4272 1153 4341 καταμετρεῖν
1199 4267 1337 4338 μετὰ
1379 4269 1553 4338 χαρᾶς
1605 4267 1706 4320 ὑπ-

125 4365 434 4434 έσχετο.Ὡς
469 4363 579 4434 γὰρ
612 4361 813 4430 ἀγαθὸς
862 4362 1046 4433 πατὴρ
1077 4361 1256 4432 χαίρει
1288 4360 1517 4422 πολλοὺς
1557 4360 1705 4422 υίοὺς

1989 1875 2029 1930 Ι.
2056 1875 2330 1931 Canticum
2357 1877 2630 1934 PSALMI
2669 1883 2769 1951 ipsi
2798 1882 2989 1940 David.
3022 1884 3210 1941 CVII.

2393 1969 2801 2039 Argumentum.

1811 2051 1868 2107 In
1901 2053 2005 2110 hoc
2030 2072 2248 2127 quoque
2275 2060 2487 2129 psalmo
2515 2063 2782 2119 adventus
2815 2064 3032 2122 Domini
3085 2071 3151 2125 ad
3196 2082 3385 2142 gentes

1883 2145 2233 2213 przedicatur.
2295 2147 2432 2201 Cum
2491 2159 2674 2205 autem
2725 2169 2922 2209 versus
2975 2173 3166 2214 omnes
3219 2162 3388 2232 hujus

1884 2238 2080 2306 psalmi
2126 2239 2182 2293 in
2228 2243 2661 2309 praecedentibus
2711 2247 2966 2317 eXplieati
3015 2250 3238 2320 fuerint,
3290 2271 3386 2310 su-

1881 2346 2274 2399 pervacanequ
2309 2344 2455 2390 esset
2485 2337 2678 2395 iisdem
2709 2339 2843 2409 ipsis
2872 2343 2951 2396 uti
2974 2343 3041 2398 ad
3066 2344 3276 2400 horum‘
3297 2349 3384 2403 in-

1815 2447 1821 2455 -
1884 2424 2322 2491 terpretationem
2337 2466 2350 2479 .

1883 2513 1938 2568 2.
1983 2514 2240 2570 Paratum
2285 2534 2376 2572 cor
2436 2535 2628 2586 meum,
2682 2521 2845 2578 Deus.
2901 2525 2958 2580 In
3017 2529 3123 2584 hoc
3167 2547 3386 2603 quoque

1811 2608 2021 2676 psalmo
2049 2608 2314 2666 adventus
2342 2610 2556 2667 Domini
2588 2613 2654 2667 ad
2683 2625 2870 2685 gentes
2898 2621 3243 2688 praedicatur.
3275 2623 3382 2679 Ho-

1811 2713 1934 2751 rum
1989 2714 2118 2753 vero
2167 2702 2585 2770 explicationem
2635 2706 2692 2759 in
2740 2709 3196 2781 quinquagesimo
3239 2731 3384 2771 nouo

1811 2792 2022 2860 psalmo
2055 2794 2358 2848 attulimus.

1883 2883 1935 2937 '5.
1953 2883 2215 2956 Exsurge,
2241 2887 2411 2957 gloria
2429 2905 2565 2943 mea.
2587 2890 2770 2946 Gloria
2794 2902 2974 2948 autem
2994 2896 3113 2965 ejus
3127 2898 3381 2955 estluhi.

1812 2983 1902 3028 tus
1921 2978 2322 3046 contemplandi
2348 2990 2401 3032 et
2430 2981 2646 3051 agendi,
2671 2985 2970 3038 secundum
2999 3002 3159 3055 quem
3176 2990 3243 3043 ad
3267 3005 3384 3044 mo-

1814 3068 1980 3121 ralem
2017 3077 2072 3122 et
2108 3070 2635 3128 administratoriam
2665 3075 2915 3130 virtutem
2944 3089 3024 3133 est
3051 3095 3378 3150 propensus.

1878 3159 1932 3216 5.
1967 3159 2107 3224 Quia
2147 3180 2338 3234 magna
2366 3176 2441 3220 est
2472 3184 2630 3237 super
2662 3170 2818 3222 caelos
2857 3172 3222 3226 misericordia
3265 3183 3378 3228 tua.

1811 3250 1981 3308 Tanta
2002 3263 2086 3308 est
2112 3257 2489 3314 misericordia
2518 3269 2634 3325 tua,
2659 3271 2720 3316 ut
2746 3264 3007 3318 caelorum
3039 3267 3382 3323 altitudinem

1809 3355 2123 3415 exsuperet,
2155 3357 2209 3402 et
2245 3351 2448 3421 ubique
2471 3354 2787 3409 transiliunt
2817 3357 3063 3414 veritatis
3083 3366 3189 3414 tua:
3216 3361 3378 3426 radii,

1809 3439 2113 3507 prophetis,
2166 3444 2430 3511 apostolis
2476 3452 2532 3499 et
2573 3447 2853 3518 magistris
2888 3457 3090 3503 terram
3133 3466 3229 3521 per
3257 3452 3380 3522 ejus

1809 3530 1986 3585 stillas
2016 3531 2392 3603 irrigantibus.

1880 3622 1934 3677 6.
1970 3622 2224 3678 Exaltare
2251 3643 2406 3696 super
2431 3629 2607 3694 caelos,
2639 3629 2796 3685 Deus.
2824 3632 2908 3686 Ab
2935 3632 3091 3687 initio
3122 3635 3190 3688 ad
3231 3635 3378 3691 hunc

1807 3729 2027 3770 versum
2071 3732 2244 3786 usque
2282 3719 2423 3774 idem
2462 3730 2546 3776 est
2590 3721 2679 3777 hic
2725 3723 2970 3792 psalmus
3014 3731 3179 3794 atque
3214 3727 3379 3796 quin-

1807 3807 2156 3877 quagesimus
2174 3819 2378 3877 sextus,
2397 3811 2466 3866 ab
2482 3812 2585 3868 hoc
2602 3821 2780 3868 autem
2800 3828 2956 3870 versu
2974 3816 3041 3869 ad
3058 3816 3220 3871 linem
3236 3819 3376 3874 idem

1807 3907 1972 3970 atque
1993 3901 2479 3973 quiuquagesimus
2517 3920 2714 3962 nonus.
2743 3905 2810 3962 Et
2843 3907 2958 3979 jam
2992 3925 3114 3980 quae
3151 3925 3376 3982 compe-

1807 3993 1991 4048 tebant
2022 3993 2163 4050 dicta
2203 4004 2349 4051 sunt.

1874 4087 1927 4142 8.
1967 4086 2265 4143 Emattabor
2298 4098 2349 4144 et
2389 4089 2624 4143 dividam
2669 4089 2931 4147 Sichima.
2986 4091 3265 4150 Promittit
3313 4109 3377 4152 se

1805 4179 2114 4236 Judaeorum
2145 4182 2590 4251 praestantissima
2614 4191 2668 4238 et
2705 4184 3098 4253 pretiosissima
3122 4187 3373 4255 gentibus

1806 4273 2109 4328 divisurum
2145 4284 2199 4329 et
2228 4275 2281 4328 in
2325 4275 2694 4329 hareditatem
2742 4275 3184 4330 distributurum.
3233 4275 3398 4349 Nam.

1806 4373 1990 4434 utpote
2010 4367 2185 4421 bonus
2215 4375 2385 4436 pater,
2419 4365 2560 4420 ﬁlios
2589 4367 2788 4421 multos
2823 4383 2944 4421 cum
2972 4360 3168 4438 gaudio
3195 4370 3372 4425 susci-

125 4457 558 4528 προσλαμὸάνων
593 4456 687 4509 καὶ
727 4453 1024 4527 κτώμενος.
1065 4453 1413 4525 Συμϐολικῶς
1449 4454 1506 4508 δὲ
1535 4452 1704 4506 ταῦτα

1839 4456 1887 4509 ιὶι
1913 4465 1968 4511 et
1993 4457 2255 4527 possidet.
2289 4456 2414 4512 Haec
2459 4472 2623 4528 porro
2658 4459 2903 4528 ﬁgurate,
2939 4467 2994 4514 et
3017 4475 3112 4530 per
3137 4461 3371 4532 aenigma

125 4553 208 4604 καὶ
251 4549 321 4602 δι’
347 4549 671 4620 αἰνίγματος
717 4547 1084 4617 αἰνιττόμενος
1111 4546 1421 4615 φθέγγεται.
1440 4545 1564 4598 Ἑπί⁹
1597 4545 1706 4615 γὰρ

122 4647 179 4715 τῇ
226 4644 440 4698 κοιλάδι
485 4641 594 4695 τῶν
644 4640 811 4694 ἐθνῶν
838 4639 1034 4711 χωρίον
1072 4638 1230 4690 τοῦτο
1271 4638 1370 4708 τῆς
1407 4637 1576 4707 Σιχὲμ
1605 4637 1699 4689 καὶ

123 4738 316 4810 Σίκιμα
347 4737 652 4809 λεγομένης
688 4736 1001 4806 ἐτύγχανεν.
1020 4735 1078 4788 ὐ
1122 4732 1338 4799 Ἰακὼϐ,
1368 4733 1432 4784 ὲκ
1458 4733 1701 4784 Μεσοπο-

121 4836 313 4908 Ιιαμίιις
339 4834 550 4897 ἀναϐὰς
600 4831 738 4904 μετὰ
784 4831 892 4885 τῶν
937 4831 1163 4893 τέκνων,
1191 4827 1406 4899 ᾤκησεν
1443 4825 1572 4878 ἔνθα
1600 4822 1696 4894 τὴν

122 4930 272 4981 Δείνα
301 4925 577 4994 θυγατέρα
598 4923 691 4977 τοῦ
736 4921 929 4975 Ἰακὼό
974 4920 1158 4991 Ἑμὼρ
1194 4920 1222 4970 ὁ
1252 4917 1366 4980 υίὸς
1394 4914 1487 4969 τού
1531 4915 1699 4985 Σιχὲμ

122 5018 364 5091 ἐρασθεὶς
416 5017 635 5089 ἥρπασε
670 5017 764 5068 καί
791 5013 1064 5086 ἔφθειρεν.
1097 5011 1159 5062 Οἱ
1205 5009 1315 5080 γὰρ
1362 5007 1455 5060 τοῦ
1505 5006 1695 5060 Ἰακὼὸ

123 5110 301 5172 παῖδες
339 5108 504 5162 αὑτὸν
531 5106 668 5178 μετὰ
700 5105 897 5167 παντὸς
922 5100 1051 5156 λαοῦ
1082 5096 1426 5167 κατέσφαξαν
1455 5098 1696 5166 ἀπαντή-

123 5221 328 5267 σαντες.
359 5202 518 5256 Οὖτω
565 5200 635 5253 τὰ
681 5199 900 5269 Σίχιμα,
933 5195 1042 5248 τῶν
1094 5193 1308 5265 σκηνῶν
1343 5191 1545 5255 κοιλὰς,
1575 5190 1693 5242 κτί-

124 5313 294 5366 spata
325 5295 421 5348 τοῦ
455 5293 791 5364 πατριάρχου
819 5287 1204 5358 γέγονε.Τοῦτο
1225 5286 1398 5339 τοίνυν
1419 5283 1479 5337 τὸ
1499 5282 1693 5353 χωρίον

127 5389 354 5458 μερίζων
399 5385 598 5440 Ἰακὼϐ
645 5387 757 5446 τοῖς
805 5381 982 5442 παισὶ,
1038 5379 1127 5431 τὸν
1177 5377 1376 5447 κλῆρον
1418 5373 1692 5445 ἐξαίρετον

133 5480 322 5551 Ἰωσὴφ
351 5481 649 5547 ἀπένειμεν
669 5492 683 5506 ’
721 5473 906 5544 ἐπειδὴ
937 5475 1049 5535 τοῖς
1073 5470 1318 5538 ἀδελφοῖς
1347 5467 1463 5521 νέος
1489 5464 1563 5516 ὢν
1594 5465 1692 5517 οὐκ

125 5571 385 5626 ὶκοινώνει
436 5570 534 5623 τοῦ
577 5568 871 5640 δράματος.
906 5564 1016 5618 Καὶ
1044 5562 1233 5616 τούτου
1276 5561 1434 5630 χάριν
1463 5574 1694 5628 καταμε-

1812 4559 1974 4619 atque
2001 4549 2233 4605 obscure
2266 4550 2529 4621 loquitur.
2565 4550 2623 4604 In
2663 4551 2804 4606 valle
2832 4565 3067 4623 namque
3103 4557 3368 4626 gentium,

1803 4640 1958 4695 locus
1990 4640 2096 4702 hic,
2131 4639 2348 4694 Sichem
2383 4651 2476 4696 aut
2506 4641 2747 4697 Sichima
2778 4643 2917 4699 situs
2955 4655 3071 4700 erat
3101 4663 3115 4700 :
3157 4647 3213 4701 in
3259 4661 3368 4716 quo

1800 4730 1970 4786 Jacob
2003 4747 2125 4786 cum
2163 4747 2230 4786 ex
2273 4733 2658 4803 Mesopotamia
2689 4737 3044 4802 ascendisset,
3076 4753 3201 4792 cum
3241 4738 3369 4795 ﬁliis

1802 4827 1918 4881 suis
1952 4825 2233 4880 habitavit.
2261 4825 2364 4881 Ubi
2399 4827 2589 4882 Diuam
2617 4827 2805 4883 Jacobi
2837 4829 3000 4883 tiliam
3031 4829 3198 4886 Emur
3223 4829 3367 4885 ﬁlius

1805 4918 2044 4984 Sichem,
2063 4919 2252 4988 puellae
2276 4920 2677 4990 pulchritudine
2703 4930 2913 4992 captus,
2937 4922 3118 4991 rapuit
3137 4933 3190 4977 et
3211 4923 3383 4976 vitia-.

1800 5005 1896 5058 vit.
1933 5003 2068 5058 Tum
2097 5006 2190 5060 lilii
2216 5005 2383 5062 Iacob
2417 5024 2539 5063 eum
2570 5023 2694 5062 cum
2730 5010 2876 5063 omni
2907 5011 3106 5078 popqu
3142 5023 3242 5063 suo
3267 5010 3366 5063 ub-

1801 5106 2141 5152 truncarunt.
2175 5097 2253 5152 Ita
2285 5097 2546 5163 Sichima,
2578 5099 2839 5155 convallis
2868 5101 3359 5164 tabernaculorum.

1801 5189 1869 5243 ad
1922 5191 2327 5259 possessionem
2390 5192 2710 5261 patriarchae
2765 5193 3016 5247 devoluta
3051 5199 3151 5247 est.
3203 5194 3364 5249 Hune.

1801 5281 1986 5350 itaque
2019 5281 2196 5337 locum
2219 5281 2387 5337 Jacob
2410 5299 2532 5338 cum
2558 5292 2753 5336 terram
2785 5283 2910 5337 ﬁliis
2938 5284 3050 5338 suis
3075 5284 3359 5350 divideret,

1795 5374 1952 5441 quasi
1987 5375 2315 5444 praecipuam
2361 5384 2560 5429 sortem
2605 5372 2842 5444 Josepho
2882 5375 3030 5430 dedit
3069 5376 3234 5446 :quia
3269 5377 3363 5445 ju-

1793 5467 1949 5521 venis
2025 5483 2150 5522 cum
2226 5477 2407 5532 esset,
2470 5467 2741 5536 ejusmodi
2811 5468 3070 5525 facinoris
3132 5481 3360 5527 consone

1792 5575 1914 5615 cum
1986 5559 2246 5614 fratribus
2310 5575 2420 5616 non
2491 5557 2702 5616 fuisset.
2750 5557 2984 5631 Ideoque
3016 5575 3097 5617 'se
3151 5560 3358 5619 divisu-

189 5686 206 5716 ⁷
238 5686 390 5740 Joan.
416 5699 528 5752 xlv,
546 5681 599 5736 6.
681 5683 703 5715 ⁸
726 5679 916 5735 Matth.
945 5696 998 5747 v,
1034 5677 1087 5734 ὅ.
1162 5677 1183 5709 ⁹
1211 5674 1398 5732 Matth.
1429 5689 1551 5741 xm,
1588 5673 1675 5728 16.
1756 5673 1796 5704 ³ο
1822 5670 1980 5727 Rom.
2014 5684 2132 5733 vm,
2175 5668 2264 5725 '55.
