3778 6276
421 277 531 333 455

1251 276 1309 332 S.
1349 273 1719 331 ATHANA‘SII
1756 273 1908 331 OPP.
1948 271 2130 328 PARS
2166 273 2254 331 Ill.
2291 305 2363 317 —
2400 273 2812 334 EXEGETICA.

3545 280 3656 337 456

419 404 542 443 rum
572 397 628 442 et
646 385 1085 453 distributurum,
1134 396 1195 443 ut
1220 389 1653 459 praestantiorem
1688 386 1836 442 illam
1856 383 1984 439 novi

2141 387 2237 439 δεῖν
2286 387 2381 441 καὶ
2424 385 2666 458 μερίζειν
2703 386 3120 456 ἐπαγγέλλεταιο
3150 386 3238 442 ἵνα
3258 386 3356 460 τὴν
3385 386 3664 463 ἐξαίρετον

416 481 616 552 Joseph
653 477 856 535 Chrisxi
885 480 1256 540 hereditatem
1296 485 1525 554 ﬁgurate
1553 480 1823 550 intelligas
1848 492 1985 548 gen-

420 576 565 631 tibus
586 571 932 628 dividendam
958 589 1099 629 esse.

598 660 639 716 l.
672 659 739 716 In
768 663 946 731 ﬁnem,
978 658 1316 717 PSALMUS
1344 657 1531 712 David.
1563 651 1786 711 CVIII.

1003 756 1405 826 Argumentum.

415 844 661 901 Prxsens
691 846 935 916 psalmus
978 849 1264 917 passiones
1289 842 1496 899 Christi
1528 840 1819 912 signiﬁcat,
1854 854 1986 895 nec-

482 953 593 994 non
625 938 888 1008 supplicia
924 939 992 993 de
1030 937 1169 992 Juda
1205 946 1260 992 et
1306 936 1373 991 de
1416 935 1617 1006 populo
1638 932 1866 989 Iudaico
1889 947 1984 986 su-

486 1030 700 1085 menda.
723 1029 1071 1099 Quaecunque
1100 1042 1263 1097 porro
1281 1028 1334 1081 in
1369 1027 1475 1081 hoc
1500 1024 1712 1095 psalmo
1741 1021 1983 1092 optando

482 1121 759 1187 dicuntur,
783 1121 1096 1191 prophetice
1115 1120 1298 1174 omnia
1325 1119 1470 1174 dicta
1500 1116 1673 1171 fuisse
1698 1114 1983 1170 sciendum

481 1223 586 1269 est.
618 1212 693 1268 Ut
728 1229 853 1268 cum
895 1213 1024 1268 dicit
1057 1231 1071 1267 :
1103 1211 1355 1266 Diabolus
1390 1218 1492 1264 stet
1529 1225 1564 1262 a
1609 1207 1808 1261 dextris
1842 1205 1978 1270 eius,

482 1304 705 1375 perinde
730 1318 812 1360 est
832 1320 895 1361 ac
925 1306 972 1360 si
990 1305 1195 1359 diceret
1224 1324 1237 1356 :
1272 1301 1468 1356 Stabit.
1501 1298 1618 1354 Non
1651 1299 1800 1353 enim
1829 1306 1982 1367 Optat

482 1407 542 1453 ut
575 1398 628 1452 id
670 1397 1051 1465 eveniat;.sed
1085 1411 1208 1466 quae
1244 1396 1364 1465 ejus
1403 1391 1771 1464 improbitatis
1814 1404 1977 1446 causa

483 1499 744 1545 eventura
789 1490 922 1545 sint'
947 1490 1062 1560 ipse
1100 1487 1430 1558 praenuntiat
1467 1503 1482 1539 :
1522 1484 1670 1556 quod
1703 1482 1869 1539 etiam
1913 1481 1982 1535 de

478 1583 603 1639 aliis
652 1583 902 1637 similiter
953 1582 1266 1637 dicendum.
1318 1578 1570 1634 Habeant
1622 1577 1723 1643 illi,
1780 1574 1977 1645 inquit,

479 1674 927 1739 calumniatores,
945 1673 1039 1742 qui
1063 1687 1169 1727 non
1195 1671 1492 1726 abscedant
1514 1668 1583 1723 ab
1607 1668 1708 1723 cis.
1727 1665 1785 1722 Si
1813 1680 1977 1735 porro

469 1764 807 1836 judicentur,
845 1735 922 1819 abi
954 1735 1062 1818 illis
1106 1763 1453 1817 damnentur.
1491 1760 1605 1815 lmo
1647 1760 1814 1814 etiam
1851 1757 1895 1812 si
1928 1764 1980 1812 te
2008 1735 2052 1790 Β

484 1854 538 1910 in
565 1865 809 1925 tempore
841 1854 1106 1926 angustia:
1134 1852 1525 1918 invocaverint,
1550 1852 1602 1905 id
1630 1851 1738 1905 illis
1770 1850 1825 1903 in
1853 1863 1978 1918 pec-

473 1954 658 2000 catum
686 1954 1046 2015 computetur,
1071 1952 1321 1998 revocata
1343 1951 1693 2013 peccatorum
1729 1940 1973 2010 ipsorum

479 2036 765 2092 memoria.
811 2037 937 2091 Dies
977 2051 1167 2091 eorum
1219 2033 1495 2100 abbrevia,
1532 2040 1593 2087 ut
1620 2032 1754 2102 ipsis
1797 2031 1979 2085 adhuc

477 2127 783 2182 viventibus
832 2142 898 2182 ac
942 2127 1270 2191 videntibus,
1309 2126 1623 2194 dignitatem
1668 2123 1816 2184 illam
1867 2136 1976 2190 qua

478 2233 756 2288 nunquam
806 2233 932 2274 vere
976 2220 1132 2289 potiti
1174 2227 1305 2275 sunt
1347 2218 1487 2273 alter
1519 2216 1718 2285 rapiat.
1769 2212 1976 2267 Deinde

471 2325 619 2381 ipsos
650 2311 776 2367 tolle
791 2312 860 2366 de
887 2310 1089 2377 medio,
1116 2311 1192 2366 ita
1232 2319 1292 2365 ut
1330 2309 1573 2381 ipsorum
1602 2304 1885 2362 calamitas
1906 2303 1976 2358 ad

467 2418 659 2459 eorum
691 2412 938 2474 posteros
971 2404 1335 2470 devolvatur;
1380 2413 1435 2459 et
1480 2401 1576 2456 lilii
1619 2414 1814 2456 eorum
1860 2396 1976 2452 sint

473 2495 725 2564 orpliani,
760 2504 815 2550 et
849 2511 987 2550 uxor
1030 2511 1222 2551 eorum
1262 2496 1529 2550 viduitate
1565 2491 1876 2563 ailligatur;
1909 2502 1974 2544 ac

470 2583 567 2639 lilii
596 2584 649 2639 vi
686 2585 943 2654 pertracti
970 2594 1134 2656 atque
1164 2585 1384 2655 raptati,
1416 2583 1484 2639 de
1509 2591 1726 2653 patrum
1753 2577 1975 2636 sceleri-

473 2676 577 2732 bus
605 2691 793 2744 ρωπος
824 2677 1000 2733 luant.

470 2767 526 2823 2.
576 2767 740 2833 Deus,
777 2768 990 2823 laudem
1030 2781 1199 2820 meam
1234 2779 1296 2817 ne
1324 2768 1573 2818 tacueris.
1614 2763 1674 2818 In
1709 2761 1973 2822 Ecclesiis

399 2856 606 2915 Christi
631 2868 1114 2930 quantumcunque
1137 2871 1233 2927 per
1249 2856 1437 2911 orbem
1470 2854 1903 2932 multiplicemur
1919 2865 1975 2913 et

399 2951 736 3018 esoriantur,
780 2951 966 3006 laudat
1015 2949 1159 3005 Deus
1196 2948 1395 3003 Filium
1439 2962 1623 3002 suum.
1669 2948 1757 3004 Ait
1807 2948 1974 3020 igitur

2085 476 2178 530 τοῦ
2212 477 2332 531 νέου
2370 477 2565 549 Ἰωσὴφ
2612 478 2707 532 τοῦ
2758 477 2995 550 Χριστοῦ
3032 478 3396 550 κληρονομίαν
3443 482 3665 554 μερίζε-

2087 567 2210 620 σθαι
2242 568 2582 639 συμϐολικῶς
2609 571 2808 643 νοήσῃς
2840 572 2953 633 τοῖς
2979 570 3208 626 ἔθνεσιν.

2234 663 2338 726 Εἰς
2367 662 2435 716 τὸ
2466 661 2661 729 τέλος,
2692 664 3000 717 ΨΑΛΜΟΣ
3029 662 3108 729 τῷ
3135 663 3336 720 Δαυΐδ.
3377 667 3507 722 PII'.

2265 799 2277 810 .
2712 755 3033 821 Ὺπόθεσις.

2095 843 2153 896 Ὀ
2182 843 2373 915 παρὼν
2403 844 2613 917 ψαλμδς
2643 845 2714 899 τὰ
2746 845 2890 918 πάθη
2922 845 3016 900 τοῦ
3052 845 3289 919 Χριστοῦ
3316 851 3660 922 κατασημαί-

2155 952 2257 999 νει,
2298 936 2397 1000 τάς
2437 954 2497 990 τε
2521 938 2786 1008 ἐσομένας
2807 937 3075 1009 τιμωρίας
3104 939 3245 993 κατά
3265 957 3325 993 τε
3352 939 3446 993 τοῦ
3492 940 3664 997 Ἰούδα

2153 1029 2245 1082 καὶ
2266 1029 2429 1083 αὐτοῦ
2459 1030 2554 1084 τοῦ
2593 1027 2856 1084 Ἰουδαίων
2884 1030 3183 1084 λαοῦ.”οσα
3202 1031 3259 1086 δὲ
3279 1032 3546 1097 εὑκτικῶς
3568 1035 3660 1088 λέ-

2151 1117 2337 1172 λεκται
2358 1121 2415 1173 ὲν
2439 1120 2516 1191 τῷ
2533 1119 2755 1191 ψαλμῷ,
2781 1120 2974 1185 ἰστέον,
2996 1121 3079 1174 ὅτι
3102 1124 3455 1193 προφητικῶς
3478 1124 3663 1178 πάντα

2150 1210 2382 1281 εἴρηται.
2410 1206 2534 1265 Οἷον
2558 1213 2684 1266 ὅταν
2708 1211 2881 1281 λέγει’
2917 1213 3201 1280 Διάϐολος
3230 1213 3430 1282 στήτω
3456 1216 3526 1270 ἐκ
3557 1217 3658 1272 δε-

2151 1300 2297 1366 ξιῶν
2331 1302 2537 1370 αὐτοῦ,
2577 1303 2700 1357 ἀντί¹
2742 1303 2857 1369 τοῦ,
2887 1304 3196 1373 στήσεται,
3231 1305 3397 1375 λέγει.
3427 1307 3501 1361 Οὐ
3548 1308 3660 1381 γὰρ

2151 1392 2372 1464 εὔχεται
2398 1395 2556 1448 τοῦτο
2578 1395 2828 1464 γενέσθαι
2847 1413 2860 1427 ⁸
2892 1396 3007 1450 ἀλλ’
3035 1396 3063 1449 ὃ
3092 1396 3243 1468 μέλει
3272 1398 3543 1468 συμϐῆναι
3570 1399 3661 1455 διὰ

2149 1484 2246 1555 τήν
2273 1485 2479 1539 ἐκείνου
2503 1487 2702 1540 κακίαν
2725 1485 2882 1540 τοῦτο
2906 1487 3291 1558 προαγορεύει·
3317 1488 3411 1541 καὶ
3436 1488 3528 1542 ἐπὶ
3547 1489 3661 1545 τῶν

2148 1575 2324 1650 ἄλλων
2354 1576 2412 1631 δὲ
2439 1566 3144 1649 ὡσαύτωςίΈξοιενίφησὶ,
3190 1578 3284 1632 καὶ
3332 1573 3474 1633 οὗτοι
3530 1580 3661 1645 τοὺς

2147 1666 2551 1732 διαϐάλλοντας,
2580 1668 2675 1721 καὶ
2708 1666 2782 1739 μὴ
2826 1668 3118 1722 ἀποσταῖεν
3142 1668 3340 1722 αὐτῶν.
3367 1670 3430 1723 Εἰ
3454 1671 3511 1723 δὲ
3543 1672 3662 1743 κρί-

2148 1776 2342 1821 νοιντο,
2395 1759 2531 1831 πρὸς
2576 1759 2774 1835 αὐτοὺς
2823 1758 3220 1830 κατακριθεῖεν.
3248 1759 3408 1814 Ἀλλὰ
3464 1761 3558 1814 καὶ
3608 1764 3660 1816 εί

2148 1851 2542 1905 ἐπεκαλέσαντό
2574 1868 2655 1916 σε,
2679 1851 2863 1923 φησὶν,
2888 1851 2946 1904 ὲν
2966 1850 3043 1921 τῷ
3062 1851 3239 1923 καιρῷ
3265 1853 3363 1924 τῆς
3385 1853 3657 1924 ἀνάγκης,

2146 1943 2227 2005 εἰς
2259 1942 2747 2013 ἀμαρτίαναύτοῖς
2777 1941 3074 2013 λογισθείη,
3110 1944 3329 2014 μνήμης
3357 1944 3660 2015 γενομένης

2144 2030 2219 2088 ὧν
2254 2035 2520 2106 ἥμαρτον.
2555 2034 2795 2107 Σύντεμε
2835 2035 2893 2088 δὲ
2936 2035 3033 2100 τὰς
3062 2036 3273 2108 ὴμέρας
3308 2036 3507 2103 αὐτῶν,
3541 2039 3660 2099 ἴνα,

2142 2122 2360 2188 ζώντων
2405 2125 2500 2178 καὶ
2544 2123 2793 2195 ὁρώντων
2845 2123 3043 2189 αὐτῶν,
3074 2124 3174 2194 τὴν
3220 2123 3396 2190 ἀξίαν,
3425 2127 3489 2197 ἢν
3528 2126 3657 2179 οὐδὲ

2141 2215 2309 2281 ὅντως
2333 2216 2634 2288 ὠνήσαντο,
2662 2217 2749 2270 ἕτε
2759 2234 2847 2288 ρος
2873 2217 3435 2289 ἀφαρπάσῃ.Ἔπειτα
3466 2217 3522 2270 δὲ
3557 2220 3660 2271 καὶ

2139 2308 2337 2373 αὐτοὺς
2367 2307 2542 2370 ἄνελε,
2568 2308 2644 2373 ὡς
2670 2308 2918 2379 διαϐῆναι
2956 2308 3056 2381 τὴν
3085 2309 3367 2381 συμφορὰν
3409 2311 3488 2375 είς
3520 2313 3657 2374 τοὺς

2143 2398 2202 2467 ἐξ
2243 2399 2463 2455 ἐκείνων
2482 2417 2495 2431 ο
2522 2398 2664 2453 ὥστε
2694 2401 3072 2473 ὀρφανωθῆναι
3107 2402 3205 2473 μὲν
3243 2402 3367 2466 τοὺς
3389 2404 3538 2467 υἱοὺς
3563 2404 3664 2457 αὐ-

2142 2489 2273 2554 τῶν,
2305 2489 2501 2561 χηρείᾳ
2531 2490 2589 2544 δὲ
2617 2490 2902 2563 ἐκδοθῆναι
2930 2490 3029 2564 τὴν
3057 2494 3291 2562 γυναῖκα
3309 2509 3322 2523 ³
3357 2491 3497 2547 ὥστε
3523 2497 3660 2559 τοὺς

2143 2581 2290 2646 υἱοὺς
2319 2580 2667 2655 βιαζομένους
2692 2582 2790 2636 καὶ
2834 2584 3167 2655 συρομένους
3194 2585 3334 2656 ὑπὲρ
3382 2584 3661 2658 πατρῴων

2143 2675 2625 2747 παρανομημάτων
2653 2674 2807 2741 δίκας
2840 2676 3077 2747 ὑφέξειν.

2160 2764 2219 2819 '0
2253 2764 2417 2832 Θεὸς,
2451 2765 2565 2834 τὴν
2589 2766 2828 2821 αῖνεσίν
2861 2785 2979 2837 μου
3024 2767 3110 2838 μὴ
3153 2768 3658 2839 παρασιωπήσῃς.

2073 2850 2240 2909 Ὅσον
2271 2856 2328 2908 αἱ
2374 2854 2693 2926 Ἐκκλησίαι
2715 2856 2953 2929 Χριστοῦ
2984 2858 3311 2912 συνεστῶσιν
3343 2859 3399 2911 αἱ
3429 2859 3662 2913 ἀνατέλ-

2071 2945 2258 2999 λοῦσαι
2292 2944 2587 3016 πανταχοῦ,
2626 2946 2768 3000 αἰνεί
2810 2948 2839 3000 ὁ
2890 2945 3023 3011 Θεὸς
3056 2948 3114 3001 ὲν
3147 2947 3336 3011 αὑταῖς
3378 2947 3469 3001 τὸν
3500 2947 3656 3001 Υζόν.

400 3041 550 3098 Patri
584 3058 686 3099 suo
724 3041 978 3098 Christus
1010 3060 1024 3096 :
1062 3040 1287 3095 Etiamsi
1322 3038 1490 3095 Judas
1521 3053 1649 3095 cum
1683 3055 1768 3095 me
1802 3041 2000 3125 tradi“

2141 3037 2234 3107 Ξγει
2259 3032 2350 3091 οῦν
2376 3039 2405 3091 ὁ
2429 3037 2664 3108 Χριστὸς
2689 3037 2826 3108 πρὸς
2857 3037 2946 3092 τὸν
2965 3038 3190 3110 Πατέρα
3210 3053 3222 3066 ·
3262 3039 3326 3093 El
3350 3038 3444 3092 καὶ
3474 3039 3662 3110 προδι-

399 3134 477 3191 dit
502 3136 651 3191 visus
680 3136 780 3190 sibi
821 3135 983 3190 fuerit
1006 3133 1270 3203 impedire
1302 3132 1519 3187 laudem
1556 3145 1732 3186 meam
1766 3148 1782 3198 ;
1816 3144 1873 3188 at
1910 3142 1967 3188 tu
1999 3122 2000 3125 “

2141 3127 2197 3191 ύς
2248 3144 2314 3198 με
2350 3129 2378 3181 ὁ
2423 3125 2638 3193 Ἰούδας,
2672 3126 2811 3192 δόξει
2838 3127 3146 3197 ἐμποδίζειν
3192 3127 3282 3181 τὸν
3313 3122 3458 3180 αἶνόν
3505 3145 3616 3199 μου
3640 3147 3656 3161 ’

399 3240 488 3281 me
524 3226 764 3292 laudato,
796 3225 1092 3295 deitatique
1143 3239 1278 3279 mea:
1331 3223 1509 3294 praebe
1561 3222 1965 3290 testimonium,

399 3329 562 3383 quam
590 3316 718 3384 quia
749 3331 856 3370 non
890 3316 1120 3371 credidit
1143 3315 1333 3383 ludas,
1355 3331 1443 3372 mc
1469 3315 1708 3370 tradidit.
1740 3314 1882 3381 Quia
1908 3334 1967 3373 os

396 3408 688 3477 peccatoris
724 3417 772 3462 et
795 3423 852 3462 os
878 3406 1049 3461 dolosi
1086 3423 1344 3477 superme
1375 3416 1617 3477 apertum
1651 3416 1749 3461 est.
1778 3406 1974 3463 Pecca-

400 3498 552 3566 toris,
580 3499 788 3555 scilicet
814 3498 1017 3553 diaboli
1043 3517 1058 3565 ;
1090 3500 1208 3570 ipse
1235 3514 1471 3568 namque
1489 3506 1741 3570 peccator
1776 3499 1970 3555 adver-

395 3603 492 3645 sus
530 3589 810 3645 veritatem
858 3608 872 3644 :
913 3589 1086 3644 dolosi
1131 3597 1335 3654 autem,
1361 3587 1514 3645 Judte
1543 3605 1776 3662 nempe;
1804 3592 1967 3648 ambo

392 3679 541 3734 enim
574 3689 759 3734 contra
783 3678 1059 3734 Christum
1090 3679 1256 3734 locuti
1287 3687 1433 3734 sunt.

466 3770 521 3835 5,
550 3769 605 3829 4.
625 3769 677 3823 5'.
705 3769 810 3824 Pro
833 3786 892 3825 eo
911 3779 968 3824 ut
985 3787 1064 3824 me
1080 3770 1355 3841 diligerent
1379 3769 1719 3826 detrahebant
1742 3771 1962 3825 milii....

393 3868 445 3913 et
473 3869 756 3930 posuerunt
776 3861 1052 3915 adversum
1072 3877 1153 3915 me
1176 3860 1320 3915 mala
1347 3876 1441 3930 pro
1468 3860 1640 3925 bonis,
1672 3859 1967 3916 etc.Verha

397 3951 504 4005 alia
533 3951 739 4006 amoris
766 3959 914 4015 sunt,
944 3952 1050 4005 alia
1079 3951 1213 4018 odii,
1274 3952 1384 4006 alia
1416 3951 1483 4007 ad
1517 3960 1771 4008 neutrum
1796 3954 1965 4024 perti-

396 4052 546 4098 nent.
571 4041 910 4106 Adulabatur
928 4058 1162 4112 namque
1190 4043 1281 4098 ille
1308 4058 1406 4098 ceu
1434 4044 1776 4115 magistrum,
1799 4053 1965 4115 atque

394 4133 538 4189 dolis
564 4134 616 4189 id
650 4134 1010 4189 contendebat
1035 4143 1094 4188 ut
1117 4134 1440 4205 magistrum
1462 4136 1735 4205 proderet.

466 4224 520 4279 6.
559 4224 832 4281 Constitue
856 4242 1014 4295 super
1046 4242 1166 4280 eum
1189 4233 1536 4295 peccatorem.
1578 4226 1842 4283 Peccator
1879 4236 1964 4284 est

309 4328 315 4339 ‘
393 4317 511 4387 ipse
537 4317 744 4388 peccati
780 4316 1031 4371 inventor
1071 4314 1324 4371 Satanas.
1356 4314 1496 4371 Illud
1527 4325 1731 4385 autem,
1763 4318 1961 4372 consti-

2073 3218 2248 3282 οὕτως
2277 3219 2335 3273 δὲ
2374 3217 2583 3274 αῐνεσόν
2621 3237 2708 3291 με,
2744 3218 3037 3291 μαρτυρῶν
3067 3236 3167 3291 μου
3211 3222 3278 3290 τῇ
3321 3219 3554 3289 Θεότητι,
3588 3220 3661 3292 ἢν

2076 3311 2151 3385 μὴ
2199 3312 2495 3377 πιστεύσας
2541 3314 2600 3367 ὲν
2650 3314 2771 3383 ἐμοὶ
2809 3312 3024 3378 Ἰούδας,
3070 3312 3373 3385 προδέδωκέ
3425 3312 3659 3382 με.⁶ὐτι

2074 3406 2267 3475 στόμα
2295 3404 2646 3476 ἀμαρτωλοῦ
2680 3404 2777 3459 καί
2802 3406 2995 3473 στόμα
3017 3404 3226 3459 δολίου
3250 3405 3340 3458 ἐπ’
3356 3404 3460 3474 ἐμὲ
3483 3405 3659 3473 ἠνοί-

2073 3501 2207 3565 χθη.
2226 3496 2591 3567 Ἀμαρτωλοῦ
2633 3496 2727 3550 τοῦ
2769 3496 3013 3550 διαϐόλου
3031 3512 3046 3527 ο
3074 3495 3236 3559 αὐτὸς
3267 3495 3373 3568 γὰρ
3400 3496 3661 3566 ἁμαρτω-

2072 3589 2161 3654 λὸς
2184 3590 2318 3661 πρὸς
2337 3587 2616 3661 ἀλήθειαν
2642 3589 2849 3644 δολίου
2870 3587 2964 3642 τοῦ
2980 3586 3167 3641 Ἰούδα·
3195 3586 3359 3658 ἄμφω
3381 3586 3486 3659 γὰρ
3506 3589 3660 3643 κατά

2070 3679 2165 3733 τοῦ
2190 3679 2425 3751 Χριστοῦ
2452 3678 2738 3749 ἐλάλησαν.

2153 3770 2300 3825 Ἀντί
2333 3770 2439 3825 τοῦ
2484 3766 2722 3841 ἀγαπᾷν
2761 3785 2838 3838 με
2887 3766 3274 3822 ἐνί-διέϐαλλόν
3315 3784 3411 3837 με.
3433 3806 3448 3819 .
3478 3807 3493 3822 .
3545 3768 3659 3825 καὶ

2030 3888 2035 3895 ί
2070 3860 2273 3916 ἔθεντο
2299 3862 2425 3915 κατ’
2438 3858 2584 3931 ἐμοῦ
2610 3859 2763 3913 κακὰ
2789 3859 3189 3929 ἀντὶάγαθῶν,
3206 3876 3258 3913 κ.
3276 3876 3325 3913 τ.
3340 3858 3388 3911 λ.
3409 3857 3529 3910 Τῶν
3565 3858 3632 3912 λά

2070 3970 2181 4022 γων
2207 3955 2255 4007 οἱ
2279 3954 2376 4023 μέν
2388 3952 2523 4003 εἰσιν
2541 3951 2782 4020 ἀγάπης,
2800 3953 2848 4004 ol
2868 3952 2924 4007 δὲ
2944 3950 3155 4022 μίσους,
3171 3953 3219 4005 οἱ
3243 3951 3299 4005 δὲ
3322 3950 3430 4024 ob?
3443 3950 3659 4023 ἑτέρως

2069 4045 2302 4116 ἔχοντες.
2322 4042 2640 4096 Ἐκολάκευε
2668 4043 2777 4113 γὰρ
2805 4043 2881 4107 ὡς
2912 4042 3249 4106 διδάσκαλον,
3282 4043 3376 4095 καὶ
3405 4042 3483 4113 τῷ
3508 4042 3659 4114 δόλῳ

2068 4136 2145 4200 ὡς
2172 4135 2344 4190 ἐδόκει
2372 4133 2671 4205 ἠγωνίζετο
2702 4136 2781 4199 είς
2809 4134 3095 4206 προδοσίαν
3123 4134 3215 4188 τοῦ
3248 4134 3596 4188 διδασκάλου.

2138 4225 2538 4294 Κατάστησον
2582 4226 2674 4280 ἐπ’
2700 4226 2887 4280 αὑτὸν
2913 4227 3281 4295 ἀμαρτωλόν.
3300 4226 3432 4297 Ἀμα
3442 4226 3655 4297 ρτωλὸς

2070 4318 2168 4391 μὲν
2196 4317 2359 4381 αὐτὸς
2389 4318 2418 4372 ὁ
2442 4318 2538 4388 τῆς
2565 4316 2836 4389 ἁμαρτίας
2864 4317 3091 4389 εὑρετὴς
3118 4321 3146 4371 ὁ
3171 4318 3411 4380 Σατανᾶς
3429 4335 3443 4347 ·
3474 4318 3538 4371 τδ
3563 4318 3651 4386 δὲ,

395 4419 503 4474 tue,
537 4410 777 4478 positum
812 4415 897 4463 est
931 4422 1054 4479 pro,
1091 4405 1339 4463 futurum
1373 4416 1457 4463 est
1487 4416 1547 4462 ut
1572 4408 1958 4464 constituatur.
1988 4430 2000 4488 1

2141 4408 2471 4477 τάστησον,
2502 4410 2621 4463 ἀντὶ
2644 4409 2760 4473 τοῦ,
2793 4409 2977 4481 μέλλει
3008 4408 3383 4462 καθίστασθαι.
3402 4408 3657 4464 Ἐπἀὐ-

395 4500 567 4569 Super
608 4516 748 4566 eum,
794 4514 960 4570 super
997 4514 1157 4569 quem
1202 4498 1308 4554 nisi
1352 4499 1685 4569 proditorem
1718 4498 1962 4554 Judam?

397 4578 466 4645 Ei
494 4588 734 4643 diabolus
759 4598 859 4643 stet
888 4606 923 4643 a
958 4589 1156 4643 dextris
1182 4588 1318 4658 ejus.
1354 4586 1412 4641 ln
1440 4586 1707 4643 Zacharia
1741 4600 1963 4656 quoque

394 4676 656 4745 scriptum
700 4684 785 4730 est
816 4675 857 4706 “
891 4695 905 4730 :
936 4674 1006 4730 Et
1050 4677 1276 4731 ostendit
1316 4676 1448 4729 mihi
1488 4675 1745 4729 Dominus
1774 4676 1960 4729 Jesum

392 4765 719 4820 sacerdotem
767 4781 1047 4835 magnum,
1102 4776 1332 4821 stantem
1385 4776 1507 4820 ante
1554 4766 1742 4836 faciem
1788 4764 1961 4835 angeli

394 4857 641 4921 Domini,
681 4867 729 4912 et
753 4858 993 4912 diabolus
1021 4858 1196 4912 stabat
1231 4875 1264 4912 a
1298 4858 1495 4913 dextris
1526 4858 1664 4927 ejus,
1695 4867 1753 4911 ut
1779 4858 1962 4911 adver-

392 4960 601 5005 saretur
630 4950 751 5019 ipsi.
781 4947 898 5003 Non
928 4952 1249 5004 adversatur
1280 4959 1463 5005 autem
1490 4948 1666 5004 Judze.

466 5037 517 5092 7.
543 5036 674 5093 Cum
694 5038 976 5107 judicatur
1014 5045 1163 5092 exeat
1203 5038 1599 5092 condemnatus.
1651 5035 1710 5089 ln
1751 5034 1957 5105 futuro,

396 5131 592 5201 inquit,
625 5132 882 5186 tribunali
915 5132 1118 5187 nullam
1148 5131 1371 5186 habebit
1408 5127 1743 5184 defensionis
1788 5131 1960 5186 ratio-

394 5237 540 5277 nem.
573 5220 643 5275 Et
676 5223 846 5277 oratio
867 5222 983 5292 ejus
1017 5223 1112 5293 ﬁat
1140 5224 1197 5277 in
1234 5229 1524 5291 peccatum.
1559 5218 1791 5285 Quidam
1829 5231 1961 5278 sunt

393 5327 626 5382 quorum
649 5314 735 5368 vel
756 5315 873 5384 ipsa
891 5314 1065 5370 oratio
1086 5315 1140 5369 in
1164 5318 1446 5383 peccatum
1463 5310 1667 5378 evadit,
1682 5323 1763 5378 ut,
1783 5327 1960 5369 exem-

392 5404 466 5474 pli
488 5419 675 5471 causa,
701 5407 1008 5477 gentilium,
1038 5406 1131 5476 qui
1162 5403 1322 5460 idolis
1350 5402 1436 5459 vel
1474 5412 1739 5461 creaturae
1770 5420 1960 5475 preces

390 5495 669 5565 fundunt;
703 5507 758 5553 et
799 5497 1111 5553 Judzeorum
1150 5497 1248 5569 qui
1286 5495 1458 5557 Deum
1503 5497 1726 5569 quidem
1772 5507 1957 5569 orant,
2003 5546 2021 5555 η

480 5673 504 5707 ¹
539 5672 702 5728 larh.
732 5690 810 5729 ιιι.
840 5676 881 5729 l.

2061 4502 2170 4556 τὸν
2195 4502 2252 4556 δὲ
2279 4501 2400 4556 τίνα
2438 4502 2472 4573 ἢ
2514 4502 2605 4555 τὸν
2644 4503 2909 4574 προδότην
2953 4500 3187 4566 Ἰυύδαν;
3222 4502 3331 4554 Kal
3361 4500 3652 4569 διάϐολος

2062 4593 2261 4660 στήτω
2305 4592 2375 4646 ἐκ
2419 4589 2634 4654 δεξιῶν
2663 4590 2868 4644 αὑτοῦ.
2906 4590 3015 4643 Καὶ
3065 4592 3123 4642 ὲν
3170 4588 3246 4660 τῷ
3295 4589 3540 4660 Ζαχαρία
3583 4590 3650 4643 δέ

2063 4696 2225 4751 φησι·
2269 4678 2382 4732 Kal
2428 4677 2620 4743 ἕδειξέ
2661 4694 2762 4747 μοι
2804 4680 3020 4747 Κύριος
3060 4677 3293 4747 Ἰησοῦν
3336 4679 3440 4732 τὸν
3479 4679 3651 4746 ἱερέα

2060 4770 2168 4823 τὸν
2190 4768 2404 4837 μέγαν,
2433 4768 2640 4821 ἑστῶτα
2682 4768 2785 4839 πρὸ
2815 4769 3104 4840 προσώπου
3137 4771 3365 4839 ἀγγέλου
3404 4770 3646 4842 Κυρίου,

2062 4860 2155 4913 καὶ
2181 4858 2422 4924 διάϐολος
2452 4861 2690 4930 εἱστήκει
2737 4863 2802 4913 ἐκ
2845 4859 3032 4926 δεξιῶν
3060 4861 3243 4925 αὑτοῦ,
3280 4861 3371 4915 τοῦ
3400 4862 3648 4916 ἀντικεῖ-

2064 4948 2185 5001 σθαι
2211 4950 2382 5021 αὑτῷ.
2415 4951 2527 5004 Οὐκ
2553 4951 2851 5005 ἀντίκειται
2876 4952 2933 5005 δὲ
2966 4953 3042 5024 τῷ
3079 4954 3265 5026 Ἰούδᾳ.

2066 5064 2089 5083 ον
2142 5040 2240 5095 Ἐν
2272 5039 2352 5107 τῷ
2398 5041 2705 5110 κρίνεσθαι
2746 5043 2930 5097 αὑτὸν
2972 5044 3204 5108 ἐξέλθοι
3247 5041 3642 5111 καταδεδικαο

2060 5131 2409 5204 σμένος-,Ἐν
2460 5132 2538 5204 τῷ
2587 5134 2854 5205 μέλλοντι,
2888 5137 3042 5206 φησὶ,
3078 5135 3410 5207 δικαστηρίῳ
3441 5134 3643 5188 οὐδένα

2059 5226 2169 5293 ἕξει
2213 5223 2370 5294 λόγον
2410 5225 2724 5295 ἀπολογίας.
2759 5228 2867 5282 Kal
2910 5227 2948 5293 ἡ
2995 5225 3303 5296 προσευχὴ
3333 5224 3520 5281 αὐτοῦ
3547 5243 3646 5296 τεο

2059 5316 2252 5372 νέσθω
2274 5317 2361 5383 είς
2391 5315 2703 5387 ἁμαρτίαν.
2734 5318 2852 5371 Εἰσί
2874 5335 3015 5381 τινες
3033 5311 3106 5373 ὧν
3129 5316 3265 5389 αὐτὴ
3292 5319 3325 5388 ή
3353 5312 3638 5388 προσευχὴ

2030 5410 2138 5472 ,είς
2177 5408 2450 5481 ἁμαρτίαν
2482 5408 2710 5477 γίνεται,
2741 5409 2816 5472 ὼς
2855 5408 3021 5461 ἐθνῶν
3056 5400 3507 5479 προσευχομένων
3548 5407 3635 5456 εί-

2060 5498 2301 5571 δώλοις.ἢ
2326 5502 2392 5573 τῇ
2422 5499 2595 5554 κτίσει
2615 5516 2627 5529 ο
2656 5499 2748 5552 καί¹
2790 5497 3056 5552 Ἰουδαίων
3086 5499 3144 5550 οὐ
3176 5497 3262 5550 διὰ
3296 5494 3468 5566 Ἰησοῦ
3489 5491 3640 5567 Χρο-
