3778 6276
156 302 267 361 ιδτ

1286 306 1646 364 EXPOSITIO
1683 307 1747 363 IN
1788 309 2119 372 PSALMUM
2157 317 2337 377 CVIII.

3304 334 3410 395 158

160 421 291 476 em’
331 419 788 490 προσευχομένων
818 419 894 490 τῷ
919 416 1065 492 Θεῷ·
1091 422 1181 475 καὶ
1205 424 1716 496 αἱρετωιῶναεὺχομέ

1852 430 1943 484 sed
1974 448 2083 487 non
2110 449 2205 503 per
2221 433 2405 491 Iesum
2431 435 2705 493 Christum
2739 457 2754 506 ;
2786 456 2995 497 necnon
3028 445 3409 508 haereticorum

158 532 269 567 van
303 510 438 582 Θεῷ
462 512 564 565 οὐκ
582 511 694 564 ὄντι
711 528 723 541 ·
752 513 846 564 καὶ
865 513 1309 584 προσευχομένων
1335 516 1390 569 δὲ
1418 521 1558 586 μετὰ
1581 520 1748 591 ὀργῆς

159 606 253 659 καὶ
286 604 382 657 διὰ
408 603 706 673 λογισμῶν,
728 602 763 672 ἢ
793 603 1060 673 διψυχίας,
1083 606 1115 676 ἡ
1144 609 1416 679 προσευχὴ
1439 609 1647 677 γίνεται
1670 615 1748 678 ei;

158 694 464 768 ἁμαρτίαν.

221 784 687 853 Γεγηθήτωσαν
717 788 777 838 αἱ
812 785 1020 856 ἡμέραι
1051 787 1238 841 αὑτοῦ
1283 790 1497 861 ὀλίγαι.
1531 793 1747 861 Εὐθέως

128 877 261 949 οτὲιρ
294 876 445 948 μετὰ
475 877 577 948 τὴν
601 878 887 949 προδοσίαν
916 878 1118 952 ἀγχόνῃ
1151 881 1337 935 ἑαυτὸν
1364 888 1747 958 μεταχειρίσας

158 970 482 1041 ἀπηλλάγη,
510 970 604 1022 καὶ
634 971 733 1024 οὐκ
766 972 957 1041 ἐφάνη.
997 971 1106 1025 Καὶ
1129 972 1244 1040 τὴν
1270 975 1614 1047 ἐπισκοπὴν
1637 984 1746 1034 αὐ-

154 1060 260 1113 τοῦ
290 1059 481 1113 ,ζὰὄοι
512 1058 736 1125 ἕτερος.
778 1060 914 1131 Περὶ
942 1059 1037 1113 τοῦ
1067 1061 1309 1116 Ματθίου
1346 1066 1508 1136 φησίν
1526 1081 1540 1095 ⁸
1584 1070 1744 1136 αὐτὸς

154 1154 261 1219 γὰρ
278 1149 550 1220 ἐλογίσθη
574 1153 654 1214 εἰς
669 1151 1010 1224 δικαιοσύνην
1036 1156 1118 1219 εὶς
1146 1155 1236 1208 τὸν
1260 1156 1460 1228 κλῆρον
1487 1159 1594 1213 τῶν
1616 1164 1747 1216 ἁπο-

155 1242 379 1294 πόλων.

214 1330 678 1400 Γενηθήτωσαν
702 1335 755 1386 al
784 1332 901 1387 vlol
925 1335 1109 1389 αὐτοῦ
1134 1336 1402 1405 ὀρφανοί.
1436 1340 1556 1393 Υἱοὶ
1584 1342 1631 1392 oi
1659 1340 1745 1393 λο-

151 1424 337 1494 γισμοὶ
364 1422 544 1476 αὐτοῦ
568 1439 581 1453 ·
608 1424 834 1493 ὀρφανοὶ
867 1425 974 1496 γὰρ
1005 1426 1250 1494 ἐγένοντο
1276 1430 1384 1483 ἀπὸ
1404 1429 1504 1500 τῆς
1524 1431 1743 1503 χάριτος

150 1514 237 1568 τοῦ
282 1514 562 1586 Χριστοῦ.
608 1514 748 1585 Γυνὴ
779 1514 891 1585 δὲή
922 1515 1068 1587 ψυχὴ
1107 1518 1271 1571 αὑτοῦ
1291 1536 1305 1550 ο
1346 1522 1608 1591 ἐχήρευσε
1634 1522 1741 1593 γὰρ

152 1609 237 1661 καὶ
263 1608 412 1676 αὐτὴ
449 1607 764 1660 ἐκπεσοῦσα
785 1608 892 1660 ἀπὸ
927 1608 1021 1661 τοῦ
1047 1609 1282 1679 Χριστοῦ
1317 1610 1406 1665 διά
1432 1613 1529 1683 τῆς
1560 1630 1738 1684 παρα-

148 1698 359 1767 νομίας.
398 1699 810 1766 Σαιευιῌιενοι
835 1697 1294 1765 μεταναστήτωο
1306 1716 1384 1753 αν
1407 1703 1461 1755 oi
1485 1702 1602 1755 vlol
1631 1706 1738 1757 αὑ-

1848 522 1939 591 qui
1964 522 2133 579 Deum
2155 541 2263 581 non
2281 542 2407 582 vere
2436 528 2784 586 exsistentem
2809 545 2969 589 orant
2999 555 3014 592 :
3055 539 3181 595 item
3210 558 3404 601 eorum

1847 614 2101 682 quicum
2150 618 2231 671 ira
2276 627 2333 673 et
2379 602 2805 689 cogitationibus
2843 626 3054 694 alienis,
3104 634 3186 687 vel
3221 637 3404 692 animo

1847 698 2045 770 duplici
2082 715 2395 773 precantur,
2432 710 2605 764 oratio
2633 710 2691 765 lit
2725 713 2777 767 in
2812 726 3115 784 peccatum.

1916 792 1970 846 8.
2011 792 2178 849 Fiant
2217 799 2327 852 dies
2381 800 2494 865 eius
2553 805 2730 870 pauci.
2769 805 2905 861 Nam
2949 813 3131 867 statim
3170 831 3201 869 a
3227 820 3413 886 prodi-

1847 882 2013 948 tione,
2042 885 2235 955 laqueo
2261 904 2320 943 se
2348 890 2649 959 praelucens
2693 897 2919 964 interiit,
2954 917 3055 957 nec
3090 882 3414 963 ultra-visus

1845 981 1947 1027 est.
1975 973 2043 1027 Et
2069 978 2424 1047 episcopatum
2470 982 2584 1051 ejus
2628 989 2852 1057 accipiat
2885 984 3038 1048 alter.
3070 994 3148 1051 De
3189 997 3413 1055 Matthia

1847 1065 2109 1135 loquitur,
2137 1071 2230 1138 qui
2267 1072 2332 1125 ad
2359 1077 2736 1143 apostolorum
2769 1082 2973 1137 clerum
2993 1085 3222 1154 justitia:
3245 1107 3411 1148 causa

1843 1157 2072 1214 allectus
2101 1172 2202 1217 est.

1915 1334 2090 1399 9,10.
2135 1338 2300 1395 Fiant
2347 1344 2450 1412 ﬁlii
2496 1347 2608 1415 ejus
2654 1351 2895 1412 orphani.
2947 1353 3066 1409 Filii
3126 1370 3256 1413 sunt
3292 1362 3411 1432 ejus

1842 1427 2196 1496 cogitationes
2224 1452 2237 1487 :
2266 1439 2496 1505 orphani
2533 1455 2770 1511 namque
2802 1446 2976 1514 gratia
2999 1448 3204 1505 Christi
3236 1427 3407 1507 fuere.

1844 1516 1993 1574 Uxor
2037 1533 2242 1591 autem,
2278 1527 2398 1597 ejus
2436 1539 2520 1584 est
2563 1532 2767 1600 anima,
2804 1551 2929 1590 nam
2973 1549 3027 1592 et
3081 1542 3196 1609 ipsa
3246 1543 3411 1598 vidua

1840 1610 1942 1666 fuit
1969 1612 2117 1684 lapsa
2158 1632 2189 1671 a
2223 1618 2443 1675 Christo
2468 1637 2564 1691 per
2603 1626 2947 1695 iniquitatem
2983 1646 3161 1687 suam.
3202 1632 3413 1690 Nutan-

1842 1711 1915 1756 tes
1937 1707 2329 1776 transferantur
2352 1712 2455 1781 ﬁlii
2489 1715 2602 1784 ejus
2625 1729 2673 1771 et
2698 1720 3009 1777 mendicent.
3042 1723 3411 1795 Cogitationes

148 1789 246 1843 τοῦ
294 1787 403 1842 καὶ
448 1788 975 1856 ἐπαιτησὰτωσαν.
1010 1792 1071 1843 Oi
1106 1790 1214 1863 γὰρ
1260 1791 1506 1863 λογισμοὶ
1550 1793 1712 1848 αὐτοῦ

1846 1794 1982 1848 enim
2016 1797 2157 1865 ejus,
2189 1816 2329 1869 quas
2358 1817 2481 1857 esse
2520 1805 2664 1861 lilios
2686 1808 2806 1878 ejus
2831 1810 3095 1879 diximus,
3126 1830 3154 1867 a
3186 1814 3408 1871 Christo

146 1878 231 1943 ὡς
277 1879 506 1949 ἔφαμεν
559 1873 698 1934 εἶναι
752 1881 923 1944 υἱοὺς,
957 1882 1289 1952 μετανάσται
1322 1886 1598 1956 γενόμενοι
1627 1888 1736 1941 ἀπὸ

144 1971 230 2025 τοῦ
255 1969 536 2041 Χριστοῦ,
574 1972 655 2033 εἰς
682 1969 780 2043 τὴν
806 1971 1163 2044 φιλαργυρίαν
1193 1978 1348 2046 χεῖρα
1372 1973 1637 2041 ἐξέτειναν
1656 1980 1736 2044 εἰς

142 2059 201 2115 ὼ
224 2059 529 2133 ἀργύριον,
560 2061 638 2124 ὡς
658 2060 855 2125 ἐνδεεῖς
884 2064 976 2116 καὶ
1005 2068 1316 2135 προσαῖται.

218 2154 668 2222 Ἀναμνησθείη
714 2155 753 2222 ἡ
801 2154 1053 2223 ἁμαρτία
1094 2154 1214 2209 τῶν
1244 2155 1513 2226 πατέρων
1548 2159 1734 2212 αὐτοῦ

140 2243 343 2296 ἔναντι
376 2244 635 2311 Κυρίου.
664 2244 837 2298 Αὑτοῦ
880 2246 975 2299 τοῦ
1021 2247 1180 2300 λαοῦ·
1231 2250 1489 2302 συνάπτει
1523 2249 1630 2320 γὰρ
1654 2248 1733 2320 τῷ

142 2336 376 2407 προδότῃ
413 2336 512 2388 τὸν
546 2336 860 2407 παράνομον
889 2338 1035 2393 λαόν.
1055 2340 1308 2411 Ἀνομίαν
1331 2341 1388 2394 δὲ
1411 2341 1518 2395 τῶν
1564 2343 1731 2395 πατέ-

142 2442 247 2497 pm
271 2425 432 2495 λέγει
466 2426 533 2478 τὺ
564 2427 879 2482 ἀποκτεῖναι
907 2431 1031 2493 τοὺς
1060 2433 1364 2503 προφήτας,
1396 2434 1536 2487 κατά
1560 2434 1621 2487 τὸ
1652 2437 1731 2487 εξ-

141 2519 380 2591 ρημένον
427 2518 543 2572 ὑπὸ
591 2519 699 2573 τοῦ·
729 2521 933 2593 Κυρίου
956 2540 967 2553 ·
995 2523 1079 2576 ὅτι
1112 2526 1220 2578 πᾶν
1249 2519 1386 2595 αἷμα
1413 2525 1618 2580 δίκαιον
1640 2530 1731 2581 ὲκ-

138 2614 442 2682 χυνόμενον
494 2611 605 2664 ἀπὸ
641 2610 737 2666 τοῦ
767 2611 930 2666 ’Ἅϐελ
954 2612 1059 2677 ἕως
1089 2615 1355 2686 Ζαχαρίου
1393 2616 1487 2669 τοῦ
1518 2620 1731 2690 προφή-

136 2716 226 2753 του
270 2701 704 2771 ὲκδικηθήσεται
752 2703 860 2756 ἀπὸ
907 2705 1007 2775 τῆς
1048 2709 1239 2774 γενεᾶς
1284 2706 1505 2780 ταύτης.
1547 2712 1655 2765 Kal
1688 2712 1728 2781 ἠ

136 2790 397 2859 ἁμαρτία
433 2791 552 2860 τῆς
586 2792 818 2861 μητρὸς
849 2795 1033 2849 αὑτοῦ
1054 2796 1141 2865 μὴ
1173 2797 1571 2868 ἐξαλειφθείη.
1603 2802 1726 2874 Μη-

137 2883 269 2957 τέρα
316 2883 417 2938 τοῦ
462 2884 762 2950 δυσσεϐοῦς
807 2886 934 2940 λαοῦ
964 2890 1063 2959 τὴν
1098 2891 1338 2962 πονηρὰν
1363 2893 1575 2963 ἐκείνην
1599 2896 1728 2966 νοή-

140 2992 249 3041 σεις
275 2976 636 3048 συναγωγὴν,
686 2976 785 3049 τὴν
830 2979 1086 3045 πολλάκις
1113 2984 1609 3054 παραπικράνασαν
1636 2986 1726 3039 τὸν

137 3068 281 3122 Θεόν.

1838 1896 2080 1951 remotas,
2118 1904 2227 1958 prae
2263 1893 2492 1949 avaritia
2529 1896 2594 1951 ad
2634 1900 2922 1967 pecuniam
2966 1918 3190 1959 manum
3213 1915 3404 1961 exten-

1835 1978 2053 2047 derunt,
2080 1990 2140 2036 ut
2166 1985 2321 2054 egeni
2356 1994 2410 2039 et
2450 1989 2705 2043 mendici.

1902 2160 1988 2213 14.
2024 2160 2090 2215 In
2111 2166 2418 2219 memoriam
2451 2169 2629 2221 redeat
2663 2172 2917 2241 iniquitas
2950 2183 3161 2242 patrum
3192 2176 3302 2241 eius
3343 2180 3399 2233 in

1834 2260 2116 2319 conspectu
2139 2251 2375 2308 Domini.
2397 2254 2590 2326 Populi
2623 2260 2792 2328 ipsius
2822 2262 3068 2318 videlicet
3093 2282 3108 2330 ;
3135 2267 3402 2335 proditori

1832 2355 2069 2410 namque
2101 2345 2569 2412 praevaricatorem
2596 2351 2855 2419 pupulum
2884 2353 3149 2425 adjungit.
3186 2356 3397 2428 Iniqui-

1830 2439 1996 2488 tatem
2029 2444 2208 2490 autem
2239 2446 2454 2506 patrum
2481 2440 2631 2505 dicit,
2661 2443 2805 2512 quod
2840 2444 3141 2501 occiderint
3166 2451 3400 2519 prophe-

1832 2530 1938 2587 tas,
1968 2524 2120 2594 juxta
2147 2525 2278 2581 illud
2304 2527 2518 2584 Domini
2550 2531 2754 2587 dictum
2783 2536 2846 2599 ",
2876 2536 3021 2606 quod
3050 2539 3256 2594 scilicet
3281 2557 3401 2595 om-

1831 2615 1917 2669 nis
1943 2617 2226 2685 sanguinis
2250 2618 2386 2688 justi
2414 2622 2569 2678 eﬂ‘usi
2593 2626 2662 2680 ab
2699 2626 2866 2682 Ahele
2897 2644 3071 2699 usque
3099 2628 3165 2686 ad
3194 2630 3399 2687 Zacha-

1830 2705 1967 2759 riam
1995 2708 2313 2779 prophetam
2345 2727 2506 2781 pcena
2538 2717 2803 2771 sumenda
2834 2718 2906 2772 sit
2932 2720 3000 2774 ab
3028 2720 3130 2775 hac
3171 2738 3399 2793 genera-

1828 2798 1998 2853 tione.
2033 2798 2100 2853 Et
2122 2811 2392 2869 peccatum
2415 2807 2604 2859 matris
2633 2807 2747 2877 ejus
2768 2824 2871 2863 non
2888 2810 3149 2868 deleatur.
3168 2812 3394 2871 Matrem

1828 2888 1979 2958 impii
2002 2891 2207 2960 populi,
2227 2894 2534 2964 improbam
2561 2897 2707 2952 illam
2737 2898 3078 2973 Synagogam
3104 2905 3397 2978 intelligas,

1827 2995 1948 3052 qua:
1975 2982 2296 3055 plerumque
2325 2984 2493 3042 Deum
2517 2991 2879 3060 exasperavit.

205 3160 540 3229 Γενηθήτω
573 3162 851 3217 ἐναντίον
868 3164 1088 3233 Κυρίου
1107 3164 1463 3233 διαπαντός·
1492 3168 1591 3223 καὶ
1630 3168 1720 3235 ἐξ·

1900 3163 1987 3219 15.
2032 3164 2154 3219 Fiat
2184 3178 2370 3222 contra
2399 3167 2701 3225 Dominum
2720 3190 2921 3245 semper
2951 3185 3001 3231 et
3030 3178 3292 3249 dispereat
3331 3182 3397 3236 de

137 3253 527 3321 ολοθρευθείη
549 3253 619 3307 ἐκ
641 3252 754 3322 γῆς
779 3254 847 3308 τὸ
867 3257 1265 3327 μνημόσυνον
1305 3258 1522 3315 αὐτῶν.
1561 3262 1722 3328 Ὅσα,

141 3343 298 3412 φησὶν
318 3383 337 3406 ,
368 3344 686 3415 ἐτόλμησαν
719 3345 806 3399 ἀεὶ
831 3344 1100 3417 θεώμενος
1131 3349 1160 3399 6
1190 3346 1323 3412 Θεὸς
1348 3342 1603 3422 οὑῖεμιᾶς
1628 3353 1725 3405 αῦ-

141 3432 229 3486 τοῦ
257 3433 497 3500 ἀξιώσει
532 3434 747 3505 φειδοῦς
767 3452 779 3466 ·
829 3437 905 3501 ὡς
937 3437 1064 3507 περὶ
1095 3438 1309 3501 πάντων
1341 3439 1400 3493 δὲ
1443 3440 1550 3495 τῶν
1591 3445 1724 3519 ἠπι-

146 3525 445 3595 σημάτων.
499 3525 612 3578 Καὶ
638 3527 700 3579 οὐ
734 3526 892 3597 μόνον
920 3526 1093 3595 λέγων
1136 3528 1334 3582 Ἰούδαν
1355 3569 1370 3593 ,
1400 3531 1466 3583 τὸ
1493 3535 1725 3602 μνημό-

141 3631 336 3671 συνον
360 3614 590 3683 αὐτῶν,
622 3616 725 3688 ἔφη
762 3617 1154 3688 πληθυντικῶς.
1194 3620 1385 3689 Δέγοις
1432 3623 1477 3676 δ’
1524 3622 1591 3677 ἂν
1630 3626 1723 3679 καὶ

144 3706 311 3771 ἄλλως
337 3706 592 3778 πατέρας
622 3706 790 3761 ’ἰούδα
810 3709 934 3772 τοὺς
956 3710 1095 3762 κατὰ
1111 3710 1399 3782 προδοσίαν
1418 3714 1579 3766 αὑτὸν
1600 3730 1724 3782 γενσ⁸

144 3799 430 3870 νήσαντας.
463 3790 622 3853 Οὗτοι
645 3798 690 3853 δ’
715 3797 781 3852 ἂν
810 3797 919 3854 εἷεν
943 3801 991 3854 οε
1014 3800 1103 3856 διὰ
1123 3802 1232 3854 τῶν
1259 3802 1536 3875 ἀργυρίων
1559 3806 1721 3861 αὐτὸν

144 3892 623 3962 παρορμήσαντες.
658 3890 769 3944 Καὶ
797 3892 1012 3963 πρῶτος
1038 3895 1067 3946 6
1094 3894 1342 3963 ἐμϐαλὼν
1368 3896 1466 3968 τὴν
1494 3897 1720 3969 καρδίαν

145 3982 304 4034 αὑτοῦ
334 3984 606 4047 Σατανᾶς,
624 3983 717 4036 καὶ
735 3984 783 4036 οἱ
807 3982 1017 4054 ἔχοντες
1049 3986 1239 4055 σοφίαν
1268 3986 1453 4040 τούτου
1475 3988 1569 4042 τοῦ
1594 3989 1723 4043 αξῶ-

144 4091 227 4137 vo;
251 4076 545 4145 ἄρχοντες,
569 4076 695 4145 περὶ
720 4069 792 4128 ὧν
814 4078 841 4128 6
867 4076 1077 4141 Παῦλος
1102 4095 1264 4150 φησιν
1285 4096 1299 4110 ’
1316 4083 1383 4132 El
1408 4082 1516 4150 γὰρ
1536 4082 1719 4152 ἔγνω-

142 4181 281 4227 σαν,
313 4166 389 4218 οὐ
411 4166 636 4240 Κύριον
665 4165 776 4235 τῆς
807 4166 991 4236 δόξης
1024 4170 1434 4238 ἐσταύρωσαν.
1489 4173 1598 4227 Kal
1624 4175 1719 4240 ἐξ·

143 4258 523 4325 ολοθρευθείη
548 4258 617 4310 ἐκ
642 4257 754 4327 γῆς
776 4258 841 4311 τὸ
861 4262 1258 4328 μνημόσυνον
1277 4263 1480 4317 αὑτοῦ.
1496 4264 1569 4317 Τὸ
1584 4282 1719 4336 μνη-

146 4344 374 4415 μόσυνον
402 4344 571 4399 αὑτοῦ
599 4345 693 4399 τοῦ
735 4347 902 4402 Ἰούδα
936 4348 1098 4418 φησίν
1120 4367 1132 4379 ·
1162 4350 1195 4421 ἥ
1239 4351 1333 4405 καὶ
1360 4351 1533 4415 ἄλλως
1552 4390 1567 4415 ,
1608 4352 1717 4407 τῶν

146 4436 421 4507 ἀρχόντων
475 4436 697 4491 ἐκείνων
742 4438 852 4493 τῶν
910 4438 1049 4493 κατὰ
1096 4441 1332 4511 Χριστοῦ
1384 4441 1711 4498 συστάντων.

144 4527 273 4582 Οὐδὲ
318 4529 432 4599 γὰρ
482 4529 705 4601 σπέρμα
746 4530 922 4585 αὐτῶν
979 4531 1193 4603 ἔμεινεν
1239 4534 1319 4598 εἰς
1376 4533 1715 4605 μνημόσυνον

144 4619 338 4674 αὐτῶν.

220 4711 367 4766 Ἀνθ⁹
390 4704 481 4765 ὧν
502 4713 616 4765 οὐκ
638 4710 908 4781 ἐμνήσθη
932 4712 1177 4782 ποιῆσαι
1201 4714 1390 4780 ἕλεος.
1443 4714 1516 4768 Τὸ
1543 4715 1709 4781 ἕλεος,

144 4802 325 4871 φησὶν,
349 4801 452 4854 οὐκ
479 4801 710 4872 ἠθέλησε
738 4800 991 4866 δέξασθαι
1015 4803 1043 4857 ὃ
1073 4803 1300 4858 δέδωκεν
1323 4805 1352 4856 6
1385 4804 1574 4878 Πατὴρ
1599 4810 1711 4872 τοῖς

143 4889 468 4961 ἀνθρώποις,
500 4892 596 4944 καὶ
618 4891 755 4962 πρὸς
782 4897 894 4957 τοῖς
923 4895 1105 4957 αὐτοῖς
1126 4896 1239 4958 τοῖς
1260 4893 1559 4950 ἀπολωλόσι
1580 4914 1714 4968 προ-

144 4978 325 5044 εάτοις
353 4980 451 5033 τοῦ
496 4979 733 5053 Ἰσραήλ.
765 4982 837 5034 Τὸ
858 4981 998 5054 γὰρ,
1030 4984 1283 5056 ποιῆσαι,
1313 4984 1433 5037 ἀντὶ
1460 4983 1555 5039 τοῦ
1576 5027 1592 5051 ,
1621 4985 1710 5039 δέ·

144 5072 329 5137 ξασθαι
344 5113 361 5138 ,
400 5073 667 5127 τέθεικεν.

204 5166 314 5220 Kal
342 5165 706 5231 κατεδίωξεν
728 5167 1040 5236 ἄνθρωπον
1071 5168 1299 5233 πένητα
1329 5166 1425 5220 καὶ
1449 5169 1708 5237 πτωχόν.

140 5256 305 5312 λῦσόν
328 5275 463 5329 φησι
488 5259 581 5313 τὸν
601 5259 823 5330 Κύριον,
844 5260 907 5325 ὃς
929 5259 1268 5327 ἐπτώχευσε
1291 5261 1584 5325 πλούσιος
1605 5258 1707 5322 ὢν,

141 5346 213 5401 ἶν’
246 5350 416 5419 ἡμεῖς
457 5349 535 5417 τῇ
571 5350 759 5405 αὐτοῦ
789 5351 1049 5419 πτωχείᾳ
1092 5349 1545 5418 πλουτήσωμεν.
1600 5350 1709 5405 Kal

140 5442 656 5515 κατανενυγμένον
676 5440 753 5511 τῇ
780 5442 994 5511 καρδίᾳ
1023 5440 1127 5497 τοῦ
1155 5439 1510 5498 θανατῶσαι.
1564 5441 1709 5496 Ἀντὶ

1828 3264 1972 3310 terra
2012 3259 2261 3312 memoria
2308 3276 2509 3317 eorum.
2570 3262 2736 3329 Cum,
2786 3267 2983 3335 inquit,
3036 3268 3179 3329 Deus
3212 3276 3396 3329 omnia

1821 3346 1943 3417 ejus
1974 3346 2218 3404 facinora
2244 3365 2458 3422 semper
2489 3352 2716 3422 viderit,
2757 3358 3066 3416 nullatenus
3110 3363 3397 3419 miserabi-

1824 3446 1916 3493 tur
1943 3455 2090 3507 eum,
2125 3441 2350 3510 perinde
2375 3452 2537 3513 atque
2560 3459 2750 3502 onmes
2776 3450 2870 3518 qui
2896 3466 3000 3505 non
3024 3454 3391 3511 crediderunt.

1822 3526 2011 3598 Neque
2039 3530 2184 3583 enim
2216 3532 2284 3586 de
2316 3532 2434 3588 solo
2460 3532 2598 3588 Juda
2632 3536 2895 3607 loquitur,
2931 3555 3054 3595 cum
3088 3544 3388 3612 pluraliter,
3428 3614 3439 3622 _

1824 3620 2079 3673 memoria
2128 3636 2330 3686 eorum,
2381 3623 2614 3680 dicatur.
2664 3626 2786 3681 Alio
2853 3632 3013 3684 modo
3056 3633 3163 3687 dici
3216 3645 3393 3704 potest

1822 3722 2004 3782 patres
2037 3710 2190 3768 Iudae
2236 3714 2488 3783 indicari,
2526 3718 2620 3785 qui
2655 3719 2720 3772 ad
2771 3718 3133 3791 proditionem
3178 3742 3384 3796 genue-

1823 3810 1951 3856 runt
1978 3801 2151 3856 illum.
2205 3799 2273 3857 Hi
2325 3812 2506 3858 autem
2544 3805 2766 3875 fuerint,
2821 3811 2913 3880 qui
2961 3828 3055 3881 per
3102 3826 3391 3886 argenteos

1822 3891 2178 3960 perpulerunt
2217 3892 2393 3947 illum.
2428 3893 2494 3948 Et
2526 3895 2733 3964 primus
2781 3900 2971 3954 eorum
3026 3900 3256 3960 Satanas
3285 3919 3387 3973 est,

1821 3984 1915 4053 qui
1953 3984 2181 4040 immisit
2212 3985 2267 4038 in
2298 4000 2393 4040 cor
2411 3986 2550 4055 ejus,
2580 4003 2790 4043 necnon
2828 3993 3098 4063 principes
3124 3997 3388 4065 sapientia

1820 4075 2029 4144 praediti
2060 4076 2289 4145 hujusce
2311 4078 2521 4145 mundi,
2546 4079 2613 4135 de
2634 4081 2833 4148 quibus
2861 4082 2938 4137 ait
2963 4082 3166 4141 Paulus
3198 4105 3211 4140 :
3245 4085 3389 4141 Nam

1818 4168 1866 4218 si
1897 4169 2279 4237 cognovissent,
2314 4187 2581 4243 nunquam
2624 4175 2907 4229 Dominum
2955 4179 3141 4245 gloria:
3178 4181 3390 4248 cruci/i-

1817 4262 2022 4313 xissent
2041 4259 2106 4312 ⁸³.
2137 4259 2204 4313 Ει
2237 4261 2501 4331 dispereat
2522 4263 2585 4317 de
2606 4275 2744 4318 terra
2769 4268 3018 4320 memoria
3046 4284 3243 4321 eorum.
3278 4269 3389 4326 Meo

1819 4350 1992 4403 moria
2043 4349 2197 4405 Judze
2245 4353 2489 4419 scilicet;
2551 4364 2646 4409 aut
2689 4356 2798 4409 alio
2845 4358 3028 4421 modo,
3080 4358 3385 4429 principum

1818 4455 2008 4495 eorum
2051 4443 2143 4512 qui
2190 4443 2450 4499 adversus
2494 4445 2773 4500 Christum
2805 4462 2914 4501 una
2958 4457 3243 4507 steterunt.
3277 4451 3383 4508 Ne-

1820 4547 1927 4602 que
1980 4533 2124 4587 enim
2159 4549 2343 4590 semen
2388 4549 2576 4589 eorum
2631 4538 2894 4593 remansit
2941 4540 3008 4594 ad
3063 4546 3386 4603 memoriam

1818 4638 2007 4678 eorum
2018 4664 2028 4677 .

1894 4714 1980 4769 16.
2015 4714 2125 4768 Pro
2156 4733 2215 4770 eo
2253 4716 2393 4787 quod
2420 4733 2521 4770 non
2551 4726 2628 4772 est
2668 4722 2971 4778 recordatus
3011 4723 3184 4790 facere
3230 4728 3388 4782 mise-

1825 4806 2134 4861 ricordiam.
2160 4804 2366 4872 Noluit,
2396 4807 2593 4878 inquit,
2634 4810 3069 4868 misericordiam
3117 4816 3383 4885 accipere,
3446 4802 3450 4807 v

1818 4913 1982 4967 quam
2009 4896 2158 4953 dedit
2192 4897 2352 4953 Pater
2396 4899 2734 4969 hominibus,
2784 4913 2836 4959 et
2873 4905 3008 4975 ipsis
3040 4907 3232 4962 ovibus
3265 4924 3387 4978 quae

1817 4989 2093 5059 perierant
2119 5004 2186 5043 ex
2221 4986 2406 5045 lsrael.
2457 4988 2616 5058 Nam,
2652 4990 2850 5060 facere,
2901 4994 2992 5050 hic
3035 4997 3272 5065 positum
3305 5008 3390 5052 est

1818 5094 1937 5149 pro.
1973 5080 2239 5150 accipere.

1887 5170 1975 5224 17.
2009 5169 2078 5226 Et
2120 5180 2420 5242 persecutus
2447 5182 2525 5227 est
2555 5172 2817 5227 hominem
2859 5174 3063 5243 inopem
3112 5187 3160 5230 et
3187 5179 3384 5232 mendi-

1816 5260 2164 5332 cum.lpsum
2215 5264 2291 5317 ait
2321 5261 2636 5328 Dominum,
2687 5265 2779 5334 qui
2828 5263 3001 5333 factus
3059 5276 3136 5321 est
3185 5283 3384 5339 pauper

1816 5370 1934 5408 cum
1963 5354 2105 5408 dives
2134 5361 2284 5419 esset,
2318 5363 2374 5408 ut
2412 5370 2503 5408 nos
2554 5354 2668 5424 ejus
2693 5356 2873 5423 inopia
2915 5356 3284 5416 ditesceremus
3317 5361 3383 5418 “'.

1816 5444 1886 5501 Et
1920 5455 2285 5517 compunctum
2310 5445 2465 5501 corde
2489 5445 2829 5517 morti/icore.
2862 5446 2920 5505 ld
2942 5458 3045 5518 est,
3070 5451 3379 5524 dolentem;

209 5682 449 5744 "llatth.
482 5701 643 5765 uin,
677 5685 766 5742 55.
844 5683 931 5739 ¹³1
951 5683 1076 5741 Cor.
1113 5702 1172 5752 n,
1198 5686 1251 5744 8.
1328 5687 1372 5720 ί*
1399 5685 1441 5742 11
1475 5685 1600 5742 Cor.
1635 5699 1753 5753 vm,
1784 5683 1837 5740 9.

465 5781 740 5843 ΡΑτιοι.
773 5780 890 5843 Gn.
926 5780 1192 5843 XXVII.

3018 5782 3094 5845 15
