3778 6276
411 304 517 359 659

1241 293 1296 347 S.
1337 293 1708 350 ATHANASII
1754 293 1902 352 OPP.
1941 297 2123 352 PARS
2163 296 2250 351 111.
2296 330 2361 340 --
2400 296 2790 358 EXEGETICA

3536 299 3644 359 ισο

408 418 624 476 dolebat
660 416 804 472 enim
832 414 1020 470 videns
1047 428 1235 469 eorum
1265 414 1582 484 perniciem.
1620 414 1777 472 Hunc.
1810 416 1976 488 igitur

2123 415 2170 470 >ὖ
2190 457 2205 481 ,
2229 416 2564 488 λυπούμενον
2583 432 2597 446 ’
2653 414 2899 469 ἐλυπεῖτο
2923 410 3031 484 γὰρ
3060 409 3202 483 όρῶν
3227 410 3405 467 αὐτῶν
3426 411 3526 485 τὴν
3546 415 3657 469 ἀπ-

406 512 498 585 qui
530 519 752 583 propter
784 523 879 564 eos
911 507 1126 563 dolebat
1156 508 1224 563 ad
1249 517 1478 563 mortem
1509 508 1844 579 quaerebant.

480 694 658 759 18,i9.
677 693 747 747 Et
760 692 947 747 dilexit
963 690 1476 747 maledictionem....
1492 704 1541 746 et
1560 693 1736 747 induit
1751 692 1973 747 maledi—

400 789 625 842 etionem
669 786 804 840 sicut
838 784 1219 839 vestimentum.
1265 782 1517 850 Quando,
1563 784 1760 854 inquit,
1809 785 1969 839 tinem

401 880 661 935 facientes
691 893 779 933 me
807 875 1183 942 benediccndi,
1227 876 1560 931 maledicunt
1605 875 1735 930 mihi
1784 876 1968 946 quoti-

398 974 485 1027 die
515 991 528 1027 :
566 971 619 1027 id
657 986 894 1041 namque
927 970 996 1024 ad
1023 971 1167 1023 hunc
1201 982 1375 1038 usque
1399 968 1542 1023 diem
1568 965 1738 1022 Judaei
1767 978 1967 1038 agunt;

400 1065 520 1120 ideo
555 1064 741 1119 omnia
779 1062 1032 1133 superius
1065 1072 1365 1117 memorata
1402 1061 1655 1117 evenient
1699 1061 1856 1131 ipsis.
1897 1059 1967 1115 Et

398 1159 610 1211 intravit
664 1159 798 1212 sicut
843 1172 980 1227 aqua
1033 1156 1088 1209 in
1145 1156 1399 1210 interiora
1459 1154 1593 1223 ejus.
1633 1152 1753 1208 Non
1806 1153 1967 1208 modo

397 1251 543 1304 enim
571 1249 814 1304 exterius
847 1248 940 1302 sed
963 1247 1125 1302 etiam
1167 1246 1397 1301 interius
1432 1245 1845 1301 circumsistunt
1868 1260 1967 1299 nos

398 1342 539 1395 mala
575 1339 916 1395 inundantia.
969 1337 1039 1394 Et
1077 1339 1212 1393 sicut
1263 1339 1431 1393 oleum
1474 1339 1529 1392 in
1567 1338 1770 1391 ossibus
1802 1336 1961 1420 .ejus.

395 1432 585 1489 Oleum
607 1435 749 1488 enim
777 1432 939 1487 habet
969 1430 1218 1487 stabilem
1261 1430 1658 1486 humiditatem.
1697 1429 1963 1485 Malorum

396 1541 563 1595 porro
592 1524 880 1580 colluviem
907 1523 1060 1579 dicit.
1086 1522 1366 1593 Siquidem
1395 1538 1537 1593 aqua
1566 1522 1963 1577 vehementiam

393 1618 610 1672 denotat
640 1634 656 1683 ;
694 1616 873 1671 oleum
895 1624 1076 1670 autem
1111 1614 1486 1670 stabilitatem.
1529 1611 1740 1680 Quibus
1788 1613 1965 1685 inquit

394 1707 553 1763 malis
607 1707 765 1779 quasi
809 1706 1135 1763 vestimento
1183 1707 1481 1776 operiatur,
1537 1713 1593 1760 et
1633 1703 1790 1775 quasi
1824 1718 1960 1759 zona

392 1799 777 1871 prmcingatur.

410 1880 417 1887 ί
462 1890 551 1946 20.
589 1889 705 1945 Hoc
750 1906 878 1960 opus
923 1906 1103 1944 eorum
1159 1889 1248 1959 qui
1298 1888 1583 1944 detrahunt
1637 1888 1768 1941 mihi
1819 1887 1961 1957 apud

390 1980 700 2047 Dominum,
730 1991 779 2034 et
815 1981 905 2051 qui
936 1980 1226 2051 loquuntur
1270 1979 1415 2034 mala
1446 1980 1694 2035 adversus
1727 1981 1959 2034 animam

392 2090 582 2127 meam.
619 2070 733 2127 Hos
754 2071 1055 2143 percipient
1081 2070 1292 2126 fructus
1317 2072 1410 2141 qui
1446 2071 1631 2126 odium
1668 2070 1955 2126 adversum

391 2182 479 2221 me
517 2174 898 2234 susceperunt,
933 2174 987 2219 et
1007 2162 1252 2234 proditor
1290 2163 1385 2234 qui
1411 2177 1600 2218 eorum
1640 2161 1959 2218 administer

388 2257 510 2313 fuit.
559 2256 697 2312 Cum
736 2256 881 2312 enim
916 2270 1043 2312 eum
1082 2254 1193 2311 Deo
1235 2254 1608 2311 adversarium
1648 2268 1712 2309 ac
1745 2268 1955 2325 praeva-

385 2351 674 2404 ricatorem
718 2355 997 2416 vocarent,
1032 2347 1158 2419 jure
1213 2346 1330 2401 ait:
1364 2344 1469 2412 Qui
1503 2346 1786 2401 detrahunt
1825 2346 1957 2400 mihi

382 2440 523 2510 apud
551 2437 857 2493 Dominum.

454 2532 544 2587 21.
579 2532 649 2587 Et
683 2540 763 2600 tu,
812 2531 1057 2597 Domine,
1099 2529 1342 2597 Domine,
1387 2530 1475 2600 [ac
1514 2546 1715 2584 meeum
1741 2538 1954 2601 propter

378 2639 568 2678 nomen
609 2634 779 2679 tuum.
820 2621 963 2678 seHaec
1011 2622 1142 2677 item
1178 2622 1442 2678 Dominus
1470 2621 1725 2677 Christus
1754 2636 1953 2677 secun-

379 2714 512 2769 dum
560 2714 957 2772 humanitatem
993 2714 1260 2784 loquitur.
1292 2712 1544 2769 Humana
1575 2713 1722 2769 enim
1769 2715 1951 2769 omnia

377 2815 573 2876 praeter
616 2816 896 2877 peccatum
928 2806 1192 2878 implevit.
1241 2803 1411 2862 Natus
1440 2807 1587 2861 enim
1631 2815 1715 2862 est
1749 2821 1949 2862 secun-

377 2896 509 2951 dum
540 2905 749 2953 naturae
775 2898 969 2969 legem.
1002 2895 1163 2952 Nasci
1190 2897 1335 2951 enim
1365 2913 1433 2952 ex
1465 2897 1717 2965 muliere,
1750 2897 1808 2953 id
1841 2897 1949 2952 hu-

374 3000 552 3042 mana:
581 2996 792 3043 natura:
821 2999 938 3056 est;
970 3005 1135 3059 supra
1156 2989 1450 3044 humanam
1481 2998 1664 3044 autem
1690 2998 1947 3046 naturam

374 3088 481 3140 est,
518 3078 669 3132 nasci
703 3093 770 3133 ex
809 3078 1037 3149 virgine.
1069 3078 1306 3135 Admisit
1334 3094 1547 3150 pannos
1575 3092 1630 3136 et
1655 3079 1945 3137 circumci-

375 3168 609 3236 sionem,
644 3184 855 3225 necnon
888 3169 1045 3226 lactis
1074 3170 1435 3226 alimentum:
1479 3172 1687 3227 hostias
1723 3172 1941 3241 obtulit,

359 3258 660 3328 jejunavit,
701 3260 948 3327 esurivit,
999 3261 1193 3327 sitivit,
1240 3262 1419 3318 lassus
1459 3260 1600 3329 fuit;
1648 3263 1722 3318 ita
1752 3262 1845 3318 diu
1878 3279 1944 3319 o-

374 3366 530 3407 rasse
568 3351 720 3406 illum
745 3352 798 3407 in
831 3353 1003 3409 sacris
1033 3352 1340 3426 Evangeliis
1366 3356 1630 3425 scriptum
1659 3366 1762 3412 est.
1794 3356 1944 3412 Pari-

374 3452 567 3513 terque
607 3460 753 3501 nunc
792 3446 1032 3500 humano
1091 3462 1244 3502 more
1273 3446 1517 3502 divinum
1558 3448 1817 3518 implorat
1841 3465 1942 3504 au-

370 3534 583 3588 xilium.

440 3625 529 3683 2:2.
558 3625 754 3681 Libera
786 3644 865 3681 me
894 3627 1017 3697 quia
1039 3643 1229 3699 egenus
1246 3639 1294 3683 et
1316 3646 1516 3700 pauper
1534 3647 1628 3702 ego
1652 3648 1792 3686 sum.
1824 3628 1944 3687 Hoc

367 3718 438 3773 ab
470 3718 591 3788 ipso
621 3720 677 3774 in
699 3721 873 3776 sacris
900 3719 1209 3792 Evangeliis
1242 3722 1443 3778 dictum
1474 3723 1805 3780 invenimus.
1837 3723 1942 3778 Ac-

369 3825 627 3866 cessurus
650 3811 794 3865 enim
828 3811 892 3865 ad
922 3812 1235 3881 passionem
1270 3814 1386 3868 ait:
1428 3813 1586 3870 Nunc
1614 3817 1796 3870 anima
1824 3832 1941 3871 mea

367 3901 583 3959 turbata
615 3912 713 3958 est.
741 3903 810 3957 Et
837 3904 963 3974 quid
998 3906 1176 3959 dicam
1202 3908 1226 3958 ?
1256 3907 1437 3973 Pater,
1467 3909 1613 3963 salva
1644 3926 1725 3964 me
1751 3926 1817 3964 ex
1841 3911 1939 3964 hac

364 3994 516 4049 liora.
545 3992 719 4061 Abba,
751 4004 1028 4064 propterea
1064 3997 1177 4051 veni
1200 3997 1255 4050 in
1285 3998 1421 4051 hanc
1450 3998 1636 4053 harant
1663 4000 1725 4055 ".

432 4167 523 4223 25.
564 4166 714 4223 Sicut
746 4169 934 4222 umbra
973 4185 1093 4223 cum
1127 4170 1359 4225 declinat
1400 4171 1611 4227 ablatus
1638 4189 1773 4227 sum.
1808 4172 1939 4229 Per-

350 4258 490 4314 inde
528 4268 693 4330 atque
734 4260 930 4314 umbra
966 4261 1271 4329 declinans,
1324 4263 1487 4319 linem
1530 4264 1656 4319 vitae
1704 4264 1886 4321 inveni
1920 4284 1934 4322 :

362 4348 456 4404 sed
482 4358 536 4404 et
565 4350 742 4405 insrar
766 4351 1109 4407 locustarum
1137 4367 1168 4407 a
1201 4362 1362 4409 vento
1394 4355 1822 4427 circumquaque
1849 4373 1938 4412 ra-

2074 508 2284 563 ώλειαν.
2309 508 2508 563 Τοῦτον
2536 505 2629 562 οὖν
2654 508 2747 562 τὸν
2773 505 2842 561 δι’
2858 506 3052 569 αὐτοὺς
3073 503 3406 576 λυπούμενον
3427 506 3655 562 ἐδίωκον

2073 601 2397 655 θανατῶσαι.

2152 692 2262 748 Καὶ
2281 692 2561 764 ἠγάπησε
2587 693 2854 762 κατάραν
2889 731 2905 748 .
2932 733 2947 747 .
2978 734 2990 748 .
3018 733 3033 747 .
3061 730 3075 745 .
3106 732 3119 746 .
3150 732 3163 745 .
3197 691 3297 746 καὶ
3319 692 3654 748 ἐνεδύσατο

2069 783 2338 853 κατάραν
2367 785 2509 839 ὡσεὶ
2541 786 2792 855 ἱμάτιον.
2836 786 3076 859 Ἐπειδὴ,
3105 787 3269 857 φησιν
3288 827 3303 852 ,
3330 786 3562 856 ἀφέντες
3591 786 3655 841 τὸ

2068 875 2309 945 εὐλογεῖν
2329 876 2448 948 ἐμὲ,
2476 877 2599 930 καθ’
2624 878 2861 950 ἑκάστην
2886 878 3100 949 ἡμέραν
3122 879 3468 949 καταρῶνται
3486 898 3505 915 ο
3527 860 3678 931 τοῦ-α

2018 978 2029 991 ⁸
2067 984 2129 1020 το
2151 966 2259 1038 γὰρ
2288 966 2447 1038 μέχρι
2472 970 2572 1039 τῆς
2593 969 2831 1041 σήμερον
2867 968 3137 1023 Ἰουδαίων
3160 969 3345 1033 παῖδες
3373 968 3650 1023 ποιοῦσιν

2066 1058 2256 1111 τούτου
2288 1058 2445 1130 χάριν
2471 1059 2648 1113 πάντα
2677 1061 2860 1125 αὐτοῖς
2889 1061 2956 1114 τὰ
2989 1061 3393 1134 προλελεγμένα
3425 1062 3653 1133 γενήσε-

2067 1165 2175 1202 ται.
2219 1149 2328 1203 Kal
2361 1148 2650 1219 εἰσῆλθεν
2674 1152 2817 1207 ὡσεὶ
2851 1152 3007 1222 ὕδωρ
3039 1157 3127 1221 εἰς
3162 1154 3235 1209 τὰ
3271 1153 3491 1224 ἔγκατα
3537 1155 3651 1209 αὺ-

2067 1239 2195 1294 τοῦ.
2223 1241 2296 1293 υύ
2317 1241 2425 1312 γὰρ
2448 1241 2643 1307 ἔξωθεν
2669 1245 2848 1316 μόνον,
2866 1245 3002 1299 ἀλλὰ
3027 1247 3120 1299 καὶ
3138 1244 3345 1299 ἔνδοθεν
3373 1245 3653 1318 περίκειν-

2065 1347 2153 1384 ται
2184 1332 2254 1385 τὰ
2274 1334 2419 1387 κακὰ
2449 1335 2860 1407 περικλύζοντα.
2894 1338 3003 1392 Kal
3028 1337 3172 1391 ὡσεὶ
3191 1337 3399 1393 ἔλαιον
3429 1339 3500 1392 ἐν
3520 1339 3652 1407 τοῖς

2066 1423 2300 1491 ὀστέοις
2336 1426 2542 1483 αὐτοῦ.
2607 1428 2776 1483 Τοῦτο
2805 1430 2914 1502 γὰρ
2947 1430 3060 1501 ἔχει
3097 1431 3320 1502 μόνιμον
3347 1431 3445 1503 τὴν

2064 1532 2222 1586 τητα.
2254 1518 2431 1591 Φορὰν
2455 1518 2514 1572 δέ
2547 1514 2915 1592 φησίκακῶν,
2947 1523 3041 1577 τοῦ
3079 1523 3178 1594 μὲν
3207 1522 3399 1588 ὕδατος
3422 1524 3484 1577 τὸ
3509 1541 3651 1594 σιρο-

2063 1605 2186 1677 δρὸν
2211 1608 2526 1680 δηλοῦντος,
2570 1610 2664 1664 τοῦ
2693 1611 2750 1665 δὲ
2780 1612 2961 1667 ἐλαίου
2988 1613 3048 1667 τὸ
3083 1613 3326 1685 μόνιμον.
3396 1615 3514 1685 Ὑφ’
3543 1608 3647 1681 ὧν,

2065 1697 2221 1769 φησὶ,
2249 1700 2342 1753 καὶ
2373 1701 2449 1766 ὡς
2477 1703 2535 1757 ἐν
2560 1703 2747 1777 ἐσθῆτι
2778 1703 3155 1773 καλυπτέσθω,
3176 1705 3270 1758 καὶ
3296 1705 3372 1771 ὡς
3400 1705 3649 1780 ζωστῆρι

1992 1782 2036 1838 Β
2066 1791 2399 1860 σφιγγέσθω.

2138 1883 2319 1939 Τοῦτο
2364 1885 2435 1939 τὸ
2477 1886 2657 1960 ἔργον
2678 1887 2798 1942 τῶν
2823 1887 3338 1946 ἐνδιαϐαλλόντων
3378 1890 3476 1944 καί
3521 1889 3648 1945 τῶν

2059 1977 2412 2032 λαλούντων
2433 1980 2665 2049 πονηρὰ
2691 1979 2803 2049 τῆς
2830 1979 3039 2050 ψυχῆς
3058 1999 3197 2052 μου.
3247 1982 3481 2046 Τούτους
3504 1999 3643 2054 τρυο

2058 2069 2285 2138 γήσουσι
2317 2070 2443 2133 τοὺς
2473 2071 2719 2141 καρποὺς
2742 2071 2800 2128 οἱ
2820 2070 2882 2122 τὸ
2909 2071 3049 2142 πρὸς
3077 2071 3175 2143 ἐμὲ
3207 2074 3361 2143 μῖσος
3383 2058 3647 2137 ἀναδεξᾶ-

2062 2175 2232 2229 μενοι,
2259 2160 2352 2213 καὶ
2379 2161 2407 2213 ό
2436 2160 2644 2225 τούτοις
2676 2162 3032 2233 ὑπουργήσας
3057 2163 3347 2234 προδότης.
3414 2163 3641 2236 Ἐπειδὴ

2056 2249 2165 2322 γὰρ
2188 2251 2440 2305 ἀντίθεον
2472 2252 2635 2308 αὐτὸν
2667 2254 2761 2307 καὶ
2788 2254 3100 2326 παράνομον
3132 2256 3379 2319 ἐκάλουν,
3412 2257 3645 2320 εἰκότως

2056 2337 2175 2395 εἷπε
2196 2359 2209 2373 ·
2251 2343 2374 2399 Τῶν
2396 2344 2912 2400 ἐνδιαϐαλλόντων
2928 2364 3006 2416 με
3038 2348 3197 2416 παρὰ
3218 2350 3459 2417 Κυρίου.

2122 2525 2232 2579 Kal
2265 2525 2367 2591 σὺ,
2399 2527 2607 2595 Κύριε,
2642 2531 2850 2598 Κύριε,
2887 2530 3147 2598 ποίησον
3171 2532 3297 2600 μετ’
3323 2531 3469 2602 ἐμοῦ
3499 2532 3639 2589 ἕνε-

2053 2632 2160 2670 κεν
2176 2617 2285 2672 τοῦ
2308 2618 2600 2688 ὀνόματός
2622 2635 2761 2677 σου.
2784 2621 2895 2674 Καὶ
2913 2621 3085 2676 ταῦτα
3109 2623 3461 2695 ἀνθρωπίνως
3482 2626 3640 2698 εἴρη-

2052 2724 2148 2762 κεν
2184 2708 2213 2761 ό
2241 2710 2520 2781 Δεσπότης
2545 2712 2797 2784 Χριστός.
2856 2713 3040 2767 Πάντα
3084 2714 3193 2787 γὰρ
3221 2715 3290 2769 τὰ
3316 2716 3637 2788 ἀνθρώπινα

2051 2797 2190 2870 πλὴν
2223 2798 2496 2869 ἁμαρτίας
2522 2799 2906 2873 πεπλήρωκεν.
2964 2804 3188 2875 Ἐτέχθη
3232 2807 3339 2878 γὰρ
3366 2806 3506 2860 κατά
3537 2808 3635 2862 v6-

2052 2906 2152 2961 μον
2182 2890 2416 2960 φύσεως.
2450 2891 2523 2944 Τὸ
2552 2892 2650 2962 μὲν
2677 2893 2787 2964 γὰρ
2821 2895 2885 2946 ἐκ
2913 2895 3194 2963 γυναικὸς,
3227 2897 3325 2968 τῆς
3349 2897 3634 2967 ἀνθρωπί-

2049 2999 2147 3054 νης
2173 2983 2387 3053 φύσεως
2407 3002 2420 3015 ’
2452 2984 2593 3056 ὑπὲρ
2612 2984 2816 3057 ταύτην
2842 2986 2920 3052 δὲ,
2951 2989 3014 3041 ἐκ
3035 2989 3335 3061 Παρθένου.
3380 2990 3637 3057 Ἐδέξατο

2052 3075 2344 3148 σπάργανα
2373 3076 2468 3129 καὶ
2496 3076 2799 3148 περιτομὴν
2821 3117 2836 3143 ,
2877 3079 2969 3132 καὶ
2996 3078 3093 3151 τὴν
3125 3083 3189 3133 ἐκ
3210 3081 3479 3150 γάλακτος
3500 3100 3637 3155 τρο-

2050 3170 2158 3238 φήν
2179 3185 2193 3198 ο
2220 3167 2315 3222 καὶ
2339 3166 2528 3231 θυσίας
2550 3168 2867 3238 ἐξήνεγκεν,
2897 3171 3205 3243 ἐνήστευσε,
3233 3172 3326 3225 καὶ
3346 3172 3631 3244 ἐπείνησε,

2047 3260 2143 3313 καὶ
2171 3259 2412 3330 ἐδίψησε,
2437 3261 2532 3314 καὶ
2565 3261 2855 3314 ἐκοπίασεν
2871 3280 2884 3292 ’
2907 3262 3048 3316 οὕτω
3069 3265 3163 3317 καὶ
3193 3265 3634 3336 προσευχόμενος

2047 3351 2106 3403 ἐν
2150 3354 2263 3415 τοῖς
2299 3352 2478 3421 ἁγίοις
2502 3351 2856 3420 Εὖαγγελίοις
2890 3352 3153 3426 διηνεκῶς
3190 3356 3629 3429 ἀναγέγραπται.

2047 3442 2159 3496 Καὶ
2191 3442 2426 3496 ἐνταῦθα
2458 3443 2931 3517 ἀνθρωπίνωςτὴν
2961 3446 3109 3501 θείαν
3137 3448 3477 3503 ἐπικαλεῖται
3505 3449 3635 3522 βοή-

2047 3534 2215 3588 θειαν.

2126 3626 2341 3681 Ῥῦσαί
2366 3644 2441 3696 με
2466 3666 2481 3692 ,
2540 3626 2629 3680 ὅτι
2668 3628 2904 3696 πτωχὸς
2956 3629 3053 3683 καὶ
3102 3630 3291 3699 πένης
3338 3631 3455 3702 εἰμί
3484 3632 3626 3701 ἐγώ.

2044 3717 2214 3771 Τοῦτο
2240 3718 2333 3771 καὶ
2363 3718 2454 3771 ὑπ’
2503 3718 2672 3773 αὐτοῦ
2701 3723 2758 3773 ἐν
2786 3723 2899 3784 τοῖς
2929 3722 3092 3791 ἱεροῖς
3111 3722 3459 3793 Εὐαγγελίοις
3483 3724 3630 3797 εὗρε·

2045 3825 2246 3880 σκομεν
2278 3810 2584 3882 εἰρημένον.
2630 3812 2858 3866 Μέλλων
2889 3813 2998 3885 γὰρ
3028 3815 3307 3886 προσιέναι
3342 3817 3423 3889 τῷ
3459 3817 3628 3872 πάθει

2043 3895 2197 3953 εἷπε⁸
2232 3899 2363 3955 Νῦν
2391 3902 2429 3969 ἡ
2462 3901 2633 3972 ψυχή
2661 3914 2780 3972 μου
2810 3904 3177 3973 τετάρακται.
3209 3911 3317 3964 Kal
3351 3912 3410 3964 ri
3430 3911 3627 3973 elata);

2041 3991 2253 4060 Πάτερ,
2283 3992 2493 4048 σῶσόν
2512 3995 2673 4064 μεὲκ
2704 3996 2815 4067 τῆς
2845 3998 3001 4069 ὥρας
3022 4003 3263 4071 ταύτης.
3301 4005 3488 4070 Ἀϐϐά,
3521 4004 3629 4061 διὰ

2042 4086 2217 4141 τοῦτο
2244 4087 2517 4153 ἐλήλυθα
2547 4091 2634 4155 εὶς
2660 4089 2777 4159 τὴν
2807 4089 2966 4161 ὥραν
3002 4094 3247 4163 ταύτην.

2121 4179 2284 4233 Ὦσεὶ
2306 4180 2448 4235 σκιὰ
2469 4180 2539 4233 ἐν
2562 4180 2642 4246 τῷ
2666 4181 2937 4237 ἐκκλῖναι
2963 4185 3159 4253 αὐτὴν
3181 4187 3620 4257 ἀντανῃρέθην.

2016 4253 2176 4343 ¹Σκιᾷ
2203 4270 2449 4345 κλιθείσῃ
2475 4273 2873 4344 παραπλησίως
2897 4274 3164 4348 ἐδεξάμην
3187 4277 3279 4331 τοῦ
3311 4253 3423 4349 βίου
3446 4279 3506 4332 τὸ
3526 4253 3623 4335 τέ-

2038 4361 2129 4426 λος
2149 4381 2161 4393 ·
2189 4361 2324 4416 ἀλλὰ
2345 4364 2441 4417 καὶ
2460 4363 2617 4437 δίκην
2638 4367 3084 4438 περιφερομένων
3108 4369 3201 4422 ὑπ’
3222 4370 3437 4440 ἀνέμων
3458 4371 3594 4443 ἁκρί
3606 4402 3624 4415 ο

365 4450 605 4509 ptarum,
634 4444 800 4498 vitam
836 4446 944 4516 egi,
998 4461 1109 4500 non
1157 4449 1370 4515 urbem,
1414 4464 1521 4505 non
1570 4450 1773 4517 vicum,
1824 4468 1979 4528 non]

2123 4472 2142 4507 ν
2174 4454 2450 4509 διετέλεσα
2477 4455 2539 4508 οὐ
2572 4455 2728 4509 πόλιν
2760 4455 2919 4528 ἔχων,
2947 4458 3006 4511 οὐ
3037 4456 3261 4531 κώμην,
3285 4462 3385 4514 οὐκ
3413 4462 3620 4529 οἰκίαν,

370 4531 596 4585 domum
644 4534 869 4601 hahens,
908 4536 1042 4592 alias
1067 4536 1136 4592 ad
1180 4538 1286 4593 alia
1324 4540 1454 4596 'loca
1497 4549 1552 4596 et
1599 4541 1668 4598 ad
1722 4554 1934 4601 montes

362 4622 751 4692 commigrans,
774 4626 1047 4682 interdum
1073 4629 1139 4684 ad
1164 4630 1438 4687 desertum
1470 4649 1788 4693 accurrens.

433 4709 523 4766 25.
571 4710 822 4767 Viderunt
854 4731 933 4768 me
958 4725 1007 4769 et
1039 4724 1512 4791 moveruntcapita
1541 4740 1662 4778 sua.
1708 4723 1819 4781 Hoc
1856 4726 1933 4782 ait

361 4803 490 4873 quia
517 4802 647 4858 dum
679 4804 734 4858 in
766 4819 928 4860 cruce
967 4817 1133 4877 esset,
1176 4812 1467 4869 movebant
1498 4814 1673 4884 capita
1723 4832 1843 4883 sua,
1877 4827 1933 4874 et

358 4896 649 4953 dicebant:
705 4896 769 4951 ui
809 4895 1119 4969 Qtemplum
1178 4902 1384 4971 solvis,
1447 4906 1660 4961 salvum
1715 4907 1802 4964 fac
1852 4918 1932 4966 te-

359 4992 652 5062 metipsum
682 4993 745 5046 “.

427 5084 517 5138 27.
547 5084 616 5139 Et
646 5088 818 5141 sciant
847 5089 974 5160 quia
1009 5104 1198 5142 manus
1240 5097 1333 5142 tua
1372 5090 1503 5144 Itwc.
1535 5080 1732 5148 manus
1773 5103 1932 5150 voca.

358 5191 496 5246 opus
533 5177 665 5233 illud
699 5194 809 5251 quo
844 5196 963 5236 sese
984 5196 1049 5236 ex
1087 5181 1320 5237 mortuis
1349 5182 1626 5239 excitavit.

426 5349 517 5433 28.
546 5351 861 5410 Maledicent
892 5355 996 5421 illi,
1029 5366 1079 5411 et
1108 5365 1164 5411 tu
1196 5357 1500 5423 benedicca;
1529 5361 1619 5431 qui
1648 5361 1929 5430 insurgunt

356 5439 409 5491 in
431 5454 509 5491 me
532 5440 945 5510 confundantur.
965 5443 1099 5499 Nam
1125 5447 1330 5515 pudore
1356 5447 1534 5503 allecti
1558 5457 1689 5504 sunt
1712 5463 1925 5514 omnes,

354 5528 501 5599 quod
531 5544 640 5584 non
668 5541 812 5587 esset
842 5532 979 5602 ipsis,
1004 5536 1283 5602 sacerdos,
1310 5553 1411 5594 nec
1434 5539 1793 5609 sacriﬁcium,
1824 5555 1927 5599 nee

463 5687 683 5746 "Joan.
726 5707 824 5760 xn,
864 5692 953 5750 27.
1033 5698 1077 5732 ⁸⁸
1098 5696 1283 5756 Matth.
1310 5716 1479 5769 xxvu,
1513 5701 1610 5757 '40.

2040 4544 2225 4599 ἄλλοτε
2258 4545 2315 4599 δὲ
2346 4544 2578 4616 ἀλλαχοῦ
2610 4547 2705 4599 καὶ
2730 4547 2810 4610 είς
2839 4545 2939 4618 ὅρη
2981 4548 3351 4619 μεταϐαίνων,
3379 4549 3491 4604 ἔσθ’
3526 4553 3622 4607 ὅτε

2038 4635 2133 4690 καὶ
2163 4635 2373 4707 τρέχων
2401 4637 2480 4700 είς
2513 4635 2735 4707 ἔρημον.

2109 4726 2377 4781 Εἶδοσάν
2417 4743 2491 4796 με
2541 4727 2641 4781 καὶ
2672 4726 3022 4784 ἐσάλευσαν
3073 4732 3343 4801 κεφαλὰς
3392 4732 3619 4790 αὐτῶν.

2038 4816 2209 4870 Τοῦτό
2243 4833 2375 4887 φησι
2419 4816 2505 4871 διὰ
2539 4818 2601 4869 τὸ
2632 4819 2725 4873 ἐπὶ
2767 4817 2845 4889 τῷ
2891 4820 3111 4891 σταυρῷ
3133 4822 3244 4875 ὄντι
3272 4822 3422 4894 αὐτῷ
3443 4828 3621 4879 κινεῖν

2037 4903 2137 4967 τὰς
2159 4903 2424 4972 κεφαλὰς,
2455 4904 2550 4957 καὶ⁵
2573 4904 2754 4975 λέγειν
2775 4924 2789 4937 ’
2827 4908 2887 4961 '0
2917 4908 3201 4963 καταλύων
3228 4910 3318 4963 τὸν
3341 4910 3487 4976 ναὸν,
3520 4913 3624 4966 σῶ-

2040 5011 2132 5047 σον
2168 4994 2416 5048 σεαυτόν.

2108 5087 2219 5140 Καὶ
2267 5086 2591 5158 γνώτωσαν
2612 5130 2626 5154 ,
2664 5089 2752 5144 ὅτι
2780 5092 2820 5160 ἠ
2853 5092 2982 5161 zs/p
3018 5106 3137 5146 σου
3169 5093 3346 5164 αὕτη.
3412 5095 3620 5169 Χεῖρας

2037 5178 2275 5232 ἐνταῦθα
2298 5179 2395 5251 τὴν
2420 5180 2618 5251 πρᾶξίν
2652 5200 2815 5255 φησιν
2834 5224 2849 5249 ,
2886 5186 2953 5255 ἢν
2982 5185 3278 5258 εἰργάσατο
3302 5188 3620 5261 ἀναστήσας

2034 5270 2225 5325 ἑαυτὸν
2258 5271 2322 5323 ἐκ
2348 5270 2577 5343 νεκρῶν.

2108 5361 2557 5430 Καταράσονται
2608 5365 2809 5432 αὐτοὶ,
2866 5366 3079 5421 καὶσὺ
3110 5369 3503 5438 εὐλοπηξσεις,
3561 5375 3621 5426 οι

2034 5453 2500 5523 ἐπανιστάμενοι
2516 5472 2619 5524 μοι
2644 5457 3165 5526 αἱσχυνθήτωσαν.
3219 5461 3620 5536 Κατῃσχύνθη-

2036 5558 2143 5599 σαν
2165 5543 2273 5631 γὰρ
2294 5545 2551 5632 ᾇπαντες,
2575 5547 2675 5601 οὐκ
2696 5547 2848 5613 ὄντος
2869 5550 3051 5616 αὐτοῖς
3068 5553 3280 5626 ἱερέως,
3300 5554 3421 5609 οὐδὲ
3445 5552 3618 5626 οὔσης
