3778 6276
161 301 257 358 εει

160 418 362 481 θυσίας
389 457 406 482 ,

162 511 451 582 amigrant
481 510 685 582 φωνήν.
761 510 824 562 '0
852 507 919 562 δὲ
947 508 1168 575 δοῦλός
1197 524 1313 563 σου
1343 510 1748 579 εὐφρανθήσε-

162 615 270 651 ται.
298 598 445 651 Οὐδὲ
480 597 638 651 τοῦτο
662 599 811 668 ἡμᾶς
835 596 895 649 τὸ
924 598 1071 669 ῥῆμα
1094 596 1277 651 λαϐεῖν
1302 599 1382 662 εἰς
1407 598 1599 669 ἑτέραν
1628 598 1750 651 ὑπό-

162 689 309 742 θεσιν
345 690 660 758 ἀναγκάσει
679 706 694 720 ο
751 689 964 742 Παύλου
993 688 1241 757 λέγοντος
1264 707 1279 720 ο
1314 678 1501 745 “AM”
1532 689 1750 743 ἑαυτὸν

159 780 426 835 inﬁrmae
475 780 727 851 μορφὴν
781 781 1004 836 δούλου
1060 779 1291 835 λαϐώνο
1343 782 1438 836 καὶ
1492 782 1742 835 Ἡσαΐου·

164 874 363 939 Οὕτως
388 873 565 943 λέγει
593 875 811 941 Κύριος
846 876 878 926 ό
909 872 1152 939 πλάσας
1175 890 1253 942 με
1289 874 1359 926 ἐν
1383 873 1577 940 κοιλίᾳ
1606 873 1747 927 δοῦ-

159 970 268 1018 λον
294 965 534 1031 ἑαυτίῖν
582 967 675 1019 καὶ
705 965 865 1029 αὐτὸς
892 964 948 1017 δέ.
976 981 1140 1036 φησιν
1171 966 1229 1017 ἐν
1262 964 1609 1032 Εὐαγγελίοις
1628 1004 1643 1028 ,
1672 966 1748 1029 ὡς

172 1056 229 1107 '0
279 1054 428 1120 Υἱὸς
463 1054 573 1108 τοῦ
617 1054 929 1123 ἀνθρώπου
964 1056 1076 1108 οὐκ
1106 1050 1255 1124 ἦλθε
1295 1054 1743 1123 διακονηθῆναι,

159 1147 314 1200 ἀλλὰ
343 1144 740 1214 διακονῆσαι.

231 1237 766 1292 Ἐνδυσάσθωσαν
805 1241 859 1291 οἱ
899 1236 1390 1304 ἐνδιαίἁλλσντές
1432 1254 1508 1307 με
1548 1238 1747 1305 ἐντρο-

157 1327 292 1395 πήν.
328 1329 479 1382 Ποία
508 1328 616 1400 γὰρ
641 1330 741 1381 οὐκ
768 1329 914 1382 ἔστιν
946 1328 1219 1393 Ἰουδαίοις
1243 1329 1508 1400 αἰσχύνης
1536 1330 1616 1383 Τὰ
1646 1330 1744 1400 μὲν

158 1421 279 1489 in:
308 1420 385 1473 τὰ
412 1420 633 1475 ἑαυτῶν
661 1420 860 1491 ὁρῶσιν
885 1422 948 1474 ἐκ
973 1420 1186 1491 βάθρων
1212 1421 1559 1491 ἠφανισμένα
1579 1438 1591 1450 ⁸
1621 1421 1745 1474 τοῦ-

157 1510 210 1561 vi
237 1526 299 1561 τε
339 1509 447 1562 τοῦ
485 1511 622 1580 παρ’
656 1509 833 1563 αὐτῶν
860 1508 1249 1581 ἀτιμασθέντος
1274 1512 1369 1564 καὶ
1401 1511 1743 1583 σταυρωθέν-

156 1616 237 1662 ea;
257 1600 750 1671 προσκυνούμενον
766 1602 953 1672 μνῆμα
970 1617 982 1630 ’
1006 1602 1100 1655 καὶ
1113 1602 1212 1665 τὰς
1228 1602 1427 1675 Ἐκκλη
1436 1603 1555 1667 σίας
1579 1604 1741 1658 αύτοῦ

158 1690 439 1762 πανταχοῦ
496 1690 755 1746 τοσοῦτον
805 1692 1145 1757 ἐπιδιδούσας
1179 1693 1260 1758 εἷς
1310 1711 1368 1747 τε
1413 1694 1616 1765 πλῆθος
1649 1696 1742 1749 καὶ

156 1780 324 1846 Win.

231 1874 800 1944 Ἐξομολογήσομαι
826 1874 905 1941 τῷ
929 1876 1124 1945 Κιιρίῳ
1144 1874 1380 1945 σφόδρα
1400 1877 1471 1931 ἐν
1498 1876 1579 1944 τῷ
1602 1881 1743 1932 στό-

150 1966 286 2035 ματι
309 1982 466 2036 μου.
512 1964 580 2018 Ἥ
625 1965 1010 2038 ἐξομολόγησις
1036 1966 1134 2038 τὴν
1159 1967 1510 2038 εὐχαριστίαν
1543 1968 1742 2039 σημαί-

154 2075 247 2122 νει,
274 2059 346 2128 ἦν
377 2059 624 2110 ποιεῖται
651 2056 739 2110 διὰ
762 2057 870 2112 τῶν
891 2057 1058 2112 ἐθνῶν
1087 2060 1116 2111 6
1142 2058 1291 2123 Υἱός.
1343 2060 1452 2114 Καὶ
1483 2061 1553 2113 ἐν
1574 2059 1742 2129 μέσῳ

151 2149 406 2204 πολλῶν
419 2148 649 2203 αἰνέσω
667 2150 872 2205 αὐτόν.
892 2148 991 2203 Διὰ
1007 2149 1117 2222 γὰρ
1137 2151 1235 2222 τῆς
1262 2151 1586 2222 Ἐκκλησίας
1604 2154 1743 2209 αἰνεῖ

150 2240 237 2293 τὸν
264 2240 527 2312 Πατέρα.

725 2333 1034 2386 ΨΛΛΜΟΣ
1077 2334 1188 2386 ΡΘ¹

216 2417 418 2477 Εἶπεν
449 2423 487 2474 ό
529 2421 750 2489 Κύριος
781 2420 862 2489 τῷ
889 2422 1086 2491 Κυρίῳ
1116 2441 1237 2492 μου
1256 2441 1271 2456 ο
1307 2424 1504 2480 Κάθου
1535 2425 1603 2478 ἐκ
1642 2424 1737 2478 δε-

150 2510 296 2575 {uir
335 2528 491 2581 μου.
550 2511 662 2583 Τὴν
715 2511 857 2565 κατὰ
890 2513 1069 2584 σάρκα
1117 2514 1369 2587 γέννησιν
1398 2514 1491 2568 τοῦ
1529 2517 1735 2588 Κυρίου

146 2604 234 2656 διὰ
260 2602 378 2655 τῶν
412 2602 704 2675 παρόντων
753 2605 1149 2675 κατασημαίνει
1171 2645 1187 2671 ,
1212 2606 1305 2660 καὶ
1335 2608 1427 2662 τὸν
1458 2609 1739 2679 εὐαγγελι-

150 2696 241 2750 κὺν
278 2695 457 2751 αὐτοῦ
491 2695 683 2763 λόγον,
728 2696 819 2750 τὸν
850 2696 1066 2751 πάντων
1097 2699 1596 2771 κατακυριεύσαντα
1627 2703 1738 2758 τῶν

150 2788 345 2854 ἐθνῶν,
384 2790 485 2843 καὶ
517 2790 617 2861 τὴν
646 2791 725 2853 εἰς
744 2790 1005 2861 οὐρανοὺς
1028 2790 1194 2845 αὐτοῦ
1214 2792 1420 2859 ἄνοδον,
1442 2791 1510 2867 ἧς
1534 2795 1737 2867 κατάρ-

150 2896 304 2949 χεται
333 2882 365 2933 6
393 2878 614 2949 ψαλμδς
640 2878 814 2948 λέγων
834 2894 847 2908 ·
881 2876 1068 2934 Εἶπεν
1110 2883 1144 2934 ό
1196 2883 1411 2952 Κύριος
1441 2882 1521 2949 τῷ
1541 2887 1735 2953 Κυρίῳ

142 2990 294 3041 pov'
331 2972 539 3028 Κάθου
576 2973 646 3026 ἐκ
678 2972 892 3037 δεξιῶν
919 2992 1060 3043 μου.

223 3067 380 3133 Ἕως
408 3066 492 3120 ἂν
519 3064 601 3120 θῶ
632 3065 774 3132 τοὺς
811 3067 1061 3136 ἐχθρούς
1102 3081 1219 3123 σου
1245 3071 1577 3126 ὑποπόδιον
1618 3071 1737 3127 τῶν
1762 3094 1805 3151 c

151 3157 360 3212 ποδῶν
386 3174 530 3212 σου.
578 3158 691 3211 Καὶ
721 3156 864 3221 τινες
896 3156 962 3211 ἂν
990 3153 1102 3211 εἶεν
1125 3159 1175 3212 οἱ
1202 3159 1387 3232 ἐχθροὶ
1418 3163 1446 3214 6
1488 3162 1736 3217 Ἀπόστο·

151 3247 241 3311 λος
270 3246 429 3317 δηλοῖ
463 3245 604 3313 βοῶν
620 3262 635 3276 σ
669 3247 845 3299 Ὅταν
879 3246 1227 3318 καταργήσῃ
1270 3250 1377 3316 τὰς
1408 3250 1599 3320 ἀρχὰς
1636 3254 1733 3306 καὶ

151 3338 259 3403 τὰς
289 3336 607 3402 ἐξουσίας,
636 3334 735 3388 καὶ
758 3334 901 3402 τοὺς
928 3337 1412 3407 κοσμοκράτορας
1429 3379 1444 3404 ,
1476 3342 1736 3411 ἔσχατος

151 3428 371 3498 ἐχθρὸς
396 3424 776 3496 καταργεῖται
808 3428 841 3480 ὀ
861 3426 1147 3495 ’θάνατος.

230 3518 489 3574 Ῥάϐδον
516 3516 825 3587 δυνάμεως
854 3517 1255 3582 ἐξαποστελεῒ
1292 3536 1389 3574 σοι
1414 3523 1628 3591 Κύριος
1666 3524 1735 3578 ἐκ

154 3608 329 3666 Σιών.
386 3610 503 3663 Τὸν
530 3607 885 3678 εύαγγελικόν
914 3626 1048 3680 φησι
1074 3608 1230 3679 λόγον
1271 3611 1362 3663 τὸν
1394 3612 1739 3685 ἀπεσταλμέ-

154 3721 263 3767 νον,
294 3704 357 3766 ὃς
384 3701 484 3755 xui
514 3701 731 3755 πάντων
763 3700 870 3755 τῶν
900 3700 1111 3773 ἐχθρῶν
1143 3702 1481 3773 ἐκυρίευσεν.

222 3788 389 3845 Μετὰ
420 3788 539 3843 σοῦ
563 3788 602 3854 ἠ
636 3788 794 3859 ἀρχὴ
826 3788 897 3843 ἐν
916 3789 1106 3859 ἡμέρᾳ
1132 3789 1243 3859 τῆς
1264 3790 1571 3862 δυνάμεως
1595 3807 1733 3849 σου.

158 3883 230 3936 Ἡ
257 3886 355 3937 τὸν
387 3882 583 3954 καιρὸν
612 3882 712 3954 τῆς
742 3883 977 3954 κρίσεως
1002 3881 1090 3937 διὰ
1117 3883 1320 3938 τούτων
1350 3888 1603 3958 σημαίνει
1627 3929 1643 3953 ,
1677 3890 1735 3941 ἐν

155 3967 198 4041 ᾧ
217 3975 454 4044 δυνάμει
481 3973 604 4045 θεία
628 3973 838 4039 πάντας
866 3975 1043 4049 κρινεῖ
1066 3974 1236 4029 ἐλθὼν
1261 3977 1401 4047 μετὰ
1433 3978 1543 4033 τῶν
1567 3980 1736 4049 ἁγίων

155 4075 407 4145 ἀγγέλων
427 4074 625 4147 αὑτοῦὴ
654 4076 689 4147 ἢ
722 4076 815 4129 τὸν
846 4074 1039 4147 καιρὸν
1070 4074 1173 4145 τῆς
1205 4073 1512 4145 γεννήσεως
1544 4070 1732 4137 αὑτοῦ,

153 4167 275 4235 ἣτις
300 4166 400 4219 καὶ
417 4165 600 4237 ἡμέρα
627 4166 910 4231 δυνάμεως
938 4164 1425 4237 προσαγορεύεται.
1457 4163 1612 4218 Μετὰ
1639 4162 1735 4215 σοῦ

154 4256 263 4328 γὰρ
296 4254 460 4309 ἔσται
490 4258 525 4327 ἡ
558 4257 722 4328 ἀρχή.
761 4254 1187 4322 Κατεξουσιάζει
1220 4254 1330 4326 γὰρ
1364 4253 1471 4309 τῶν
1502 4254 1660 4317 ὅλων,
1687 4254 1735 4306 εἰ

156 4348 250 4402 καὶ
291 4348 520 4417 γέγονεν
571 4347 875 4419 ἄνθρωπος.
924 4350 1026 4403 Ἐν
1053 4347 1182 4414 ταῖς
1209 4346 1591 4416 λαμπρότησι
1618 4343 1738 4398 τῶν

127 4425 344 4510 ’ἁγίων
360 4455 500 4492 σου-
528 4438 602 4492 Τὸ
625 4439 704 4502 δὲ,
739 4440 836 4493 Ἐν
855 4439 982 4506 ταῖς
1009 4439 1389 4507 λαμπρότησι
1409 4436 1528 4490 τῶν
1555 4437 1738 4505 ἁγίων
1770 4436 1814 4490 D

156 4544 308 4595 σου,
336 4528 494 4582 οὐδὲν
523 4529 710 4602 ἕτερον
737 4528 772 4599 ἢ
804 4529 904 4593 τὰς
933 4526 1152 4601 χορείας
1181 4529 1396 4591 ἐκείνας
1421 4527 1531 4580 τῶν
1563 4527 1736 4596 ἁγίων

158 4620 411 4691 ἀγγέλων
444 4622 580 4692 ἡμῖν
625 4621 1061 4692 κατασημαίνει,
1109 4619 1209 4685 τὰς
1242 4617 1394 4691 παρὰ
1438 4620 1538 4691 τὴν
1568 4616 1739 4672 νύκτα

157 4714 375 4783 ἐκείνην
404 4711 528 4765 καθ’
574 4712 642 4784 ἢν
667 4711 930 4784 ἐγεννήθη
963 4713 992 4765 6
1024 4712 1259 4784 Χριστὸς
1290 4708 1530 4782 βοώσας’
1587 4709 1742 4774 Δόξα

153 4822 223 4859 (γ
240 4804 533 4872 ὑψίστοις
559 4802 683 4869 Θεῷ
708 4802 807 4857 καὶ
828 4802 926 4856 ἐπὶ
953 4802 1068 4872 γῆς
1093 4801 1323 4870 εἰρήνη.
1368 4802 1462 4853 Ἐκ
1484 4800 1743 4870 γαστρὸς

155 4895 270 4964 πρὸ
304 4895 619 4964 ἑωσφόρον
656 4893 957 4964 ἐγέννησά
987 4911 1081 4948 σε.
1129 4894 1270 4964 Ὅρα
1295 4891 1412 4957 πῶς
1448 4891 1738 4945 οἰκειοῦται

155 4988 253 5055 τὴν
281 4985 425 5040 κατὰ
453 4986 633 5056 σάρκα
660 4983 913 5056 γέννησιν
956 4984 1052 5038 τοῦ
1083 4982 1421 5053 Μονογενοῦς
1449 4984 1478 5035 6
1522 4982 1735 5051 Πατήρ.

155 5078 293 5148 Φησὶ
324 5078 437 5150 γὰρ
464 5078 495 5129 6
516 5078 708 5149 Πατὴρ
738 5077 876 5148 πρὸς
902 5076 992 5130 τὸν
1019 5076 1146 5129 Υἱόν
1164 5093 1178 5107 ·
1210 5076 1325 5148 Πρὸ
1349 5075 1457 5146 γὰρ
1478 5073 1570 5128 τοῦ
1603 5075 1738 5144 ὁρω-

160 5171 329 5239 μένου
351 5171 562 5242 κόσμου
592 5169 781 5224 τούτου
812 5170 908 5224 καὶ
934 5168 1188 5238 διαυγοῦς
1215 5168 1391 5238 φωτὸς
1413 5168 1735 5237 γεννήσεως.

158 5258 267 5326 ἐγὼ
290 5260 603 5332 γεγέννηκά
630 5260 841 5332 σε.ούχ
866 5261 949 5314 ὅτι
978 5261 1217 5329 γαστέρα
1238 5259 1350 5330 ἔχει
1377 5259 1407 5311 6
1430 5258 1562 5322 Θεὸς
1580 5274 1593 5287 ·
1623 5256 1738 5309 ἀλλ’

156 5348 345 5419 ἐπειδὴ
376 5349 447 5403 τὰ
477 5351 676 5422 γνήσια
697 5389 713 5414 ,
745 5352 839 5406 καὶ
880 5351 942 5404 ού
970 5350 1100 5404 νόθα
1118 5389 1133 5415 ,
1167 5350 1232 5401 ἐκ
1260 5349 1495 5420 γαστρὸς
1525 5363 1736 5419 πρωτο-

160 5441 353 5495 miunt
386 5442 719 5511 πεφύκασιν.

231 5533 453 5602 Ὠμοσε
499 5535 747 5603 Κύριος,
779 5535 875 5588 καὶ
921 5534 993 5588 οὐ
1038 5531 1608 5603 μεταμεληθήσεται.
1695 5530 1736 5580 Ο

1298 293 1662 353 EXPOSITIO
1699 294 1771 350 1N
1811 293 2139 351 PSALMUM
2177 294 2309 351 CIX.

447 416 575 471 οὔτε
603 418 874 489 ἱερατείας
898 458 912 483 ,
956 415 1077 470 οὔτε
1109 416 1286 486 λογίου
1311 457 1326 480 ,
1357 417 1499 471 κατὰ
1523 416 1624 489 τὴν
1654 417 1738 471 τοῐ

1853 419 2040 482 altare,
2104 432 2204 473 nec
2252 414 2639 481 sacerdotium,
2692 426 2877 484 neque
2927 411 3212 478 rationale,
3254 414 3408 485 juxta

3303 296 3411 354 463

1851 511 2131 581 Propheta;
2159 524 2366 564 vocem.
2404 506 2593 563 Servus
2619 515 2796 561 autem
2827 514 2949 560 tuus
2980 504 3267 559 (relabitur.
3304 506 3409 562 Ne-

1849 617 1956 672 que
1985 602 2090 657 hoc
2117 601 2322 656 dictum
2366 601 2435 654 a'd
2480 598 2626 652 aliud
2681 606 3061 668 argumentum
3114 596 3412 652 transferre

1849 706 2072 748 necesse
2100 691 2259 747 nobis
2292 698 2375 745 est
2406 707 2422 755 ;
2462 704 2586 744 cum
2619 688 2821 744 Paulus
2851 688 2997 742 dicat
3024 706 3038 742 :
3076 686 3180 742 Sed
3219 696 3409 740 semet—

1847 784 2022 853 ipsum
2075 782 2366 836 exinanivit
2438 780 2665 850 formam
2719 785 2857 834 servi
2920 780 3181 849 accipiens
3224 778 3301 845 ¹⁷;
3355 784 3411 832 et

1851 874 2017 931 Isaias
2042 893 2056 929 :
2093 873 2184 930 Sic
2209 873 2341 928 dicit
2372 872 2629 927 Dominus
2656 873 2747 943 qui
2775 871 3021 940 formavit
3048 886 3129 923 me
3167 885 3231 923 ea:
3260 878 3408 922 utero

1847 982 2051 1019 servum
2077 966 2179 1018 sibi
2202 964 2245 996 ¹⁸
2270 982 2285 1019 :
2308 972 2362 1019 et
2392 964 2510 1034 ipse
2534 964 2586 1017 in
2618 961 2925 1033 Evangeliis
2963 962 3079 1016 ait:
3116 958 3292 1016 Filius
3320 960 3411 1013 Iw-

1848 1058 2007 1110 minis
2041 1072 2143 1110 non
2172 1056 2310 1110 venit
2339 1056 2658 1120 ministrari,
2699 1053 2787 1108 sed
2806 1056 3108 1108 ministrare
3131 1053 3194 1105 ¹⁹.

1915 1231 2006 1286 29.
2032 1230 2335 1286 Induantur
2355 1232 2445 1302 qui
2474 1230 2757 1285 detrahunt
2781 1231 2909 1285 mihi
2939 1230 3155 1301 pudore.
3185 1227 3405 1299 Ecquod

1851 1339 1960 1377 non
1995 1333 2079 1378 est
2116 1322 2319 1378 Judaais
2354 1322 2577 1393 pudoris
2621 1322 2837 1393 genus?
2865 1320 3061 1377 Sancta
3097 1336 3195 1376 sua
3227 1320 3410 1375 vident

1846 1432 1877 1469 a
1907 1414 2276 1470 fundamentis
2321 1416 2543 1471 diruta:
2582 1415 2893 1485 sepulcrum
2926 1422 3106 1468 autem
3153 1412 3272 1482 ejus
3312 1412 3406 1482 qui

1845 1508 1914 1561 ab
1940 1505 2073 1576 ipsis
2098 1506 2375 1577 despectui
2408 1506 2626 1561 habitus
2649 1522 2713 1561 ac
2732 1504 3025 1560 cruciﬁxus
3045 1513 3127 1560 est
3154 1503 3404 1560 adorari:

1845 1597 2225 1663 Ecclesiasque
2250 1599 2369 1668 ejus
2397 1600 2598 1670 ubique
2639 1608 2905 1653 terrarum
2940 1606 3147 1652 tantum
3178 1611 3405 1652 numero

1845 1700 1897 1746 et
1930 1690 2101 1760 gloria
2132 1691 2341 1760 augeri.

1915 1863 2006 1919 50.
2043 1863 2343 1934 Conﬁtebor
2370 1862 2597 1919 Domino
2639 1864 2793 1917 nimis
2818 1864 2872 1917 in
2906 1879 2994 1917 ore
3018 1878 3152 1916 meo.
3181 1859 3406 1916 Confes-

1843 1954 1928 2010 sio
1950 1956 2247 2026 gratiarum
2281 1955 2549 2011 actionem
2580 1955 2869 2025 signiﬁcat,
2902 1970 3064 2025 quam
3097 1968 3191 2023 per
3214 1961 3403 2025 gentes

1842 2043 2014 2100 Filius
2053 2043 2249 2099 reddit.
2282 2044 2352 2099 Et
2383 2046 2437 2098 in
2486 2046 2655 2099 medio
2689 2046 2978 2098 multorum
3007 2026 3243 2098 laudabo
3262 2059 3401 2099 eum.

1840 2134 1944 2189 Per
1984 2134 2280 2191 Ecclesiam
2310 2150 2546 2206 namque
2569 2134 2780 2190 Patrem
2810 2136 3015 2191 laudat.

2357 2311 2694 2369 PSALMUS
2724 2312 2876 2367 CIX.

1911 2406 1963 2460 1.
1990 2406 2139 2461 Dixit
2184 2405 2440 2460 Dominus
2499 2404 2725 2459 Domino
2772 2421 2882 2458 meo
2906 2421 2924 2458 :
2952 2402 3083 2460 Sede
3120 2421 3153 2458 a
3200 2403 3401 2459 dextris

1839 2498 1988 2553 meis.
2026 2495 2187 2552 Hisce
2207 2496 2391 2551 verbis
2424 2495 2825 2566 generationem
2854 2494 3069 2550 Domini
3098 2494 3401 2551 secundum

1839 2604 2060 2644 carnem
2123 2587 2414 2659 signiﬁcat,
2466 2596 2519 2642 et
2566 2586 2936 2656 evangelicum
2982 2586 3100 2656 ejus
3151 2586 3400 2652 verbum,

1837 2679 1984 2751 quod
2028 2677 2283 2733 omnibus
2316 2676 2569 2748 gentibus
2597 2677 2951 2731 dominatur:
2986 2684 3040 2730 et
3061 2676 3183 2746 ejus
3206 2689 3405 2731 ascen-

1838 2784 1957 2826 sum
2010 2769 2065 2822 in
2123 2765 2331 2832 ctelos,
2378 2781 2538 2835 quem
2571 2772 2790 2821 enarrat
2836 2763 3081 2834 psalmus
3125 2762 3399 2820 dicendos

1843 2858 1988 2912 Dixit
2014 2858 2269 2913 Dominus
2309 2854 2532 2909 Domino
2556 2869 2706 2909 meo:
2738 2853 2868 2909 Sede
2893 2871 2925 2908 a
2963 2854 3161 2909 deitris
3190 2854 3340 2909 meis.

1910 3028 2084 3084 Donec
2105 3046 2298 3100 ponam
2326 3030 2572 3086 inimicos
2601 3038 2715 3086 tuos
2738 3028 3024 3084 scabellum
3051 3029 3239 3099 pedum
3281 3037 3402 3082 tuo-

1840 3138 1980 3176 rum.
2024 3122 2257 3189 Quinam
2286 3122 2473 3180 hostes
2506 3123 2617 3180 sint
2662 3123 2903 3180 declarat
2935 3121 3226 3195 Apostolus
3273 3136 3399 3177 cum

1838 3214 2075 3269 clamat:
2109 3211 2242 3269 Cum
2264 3216 2590 3270 evacuaverit
2625 3215 2979 3284 principatum
3018 3223 3067 3267 et
3119 3221 3399 3283 potestates

1837 3315 1888 3358 et
1922 3313 2147 3359 rectores
2181 3305 2386 3373 mundi,
2419 3305 2705 3359 novissima
2740 3304 2973 3359 omnium
3008 3303 3225 3357 inimica
3260 3318 3400 3356 mors

1841 3393 2139 3449 destruetur
2162 3395 2231 3449 ’°.

1908 3486 1965 3539 2.
2012 3484 2226 3556 Virgam
2267 3488 2608 3542 uirtutistua:
2648 3487 2844 3541 emittet
2884 3485 3144 3538 Dominus
3166 3499 3231 3537 ea:
3249 3481 3398 3538 Sion.

1836 3575 2221 3649 Evangelicum
2250 3578 2383 3633 dicit
2412 3577 2657 3643 verbum,
2687 3575 2833 3645 quod
2869 3574 3131 3629 emissum
3164 3573 3401 3628 inimicis

1840 3670 2097 3725 omnibus
2119 3670 2455 3725 dominatum
2495 3679 2599 3724 est.

1908 3762 1963 3815 5.
1999 3760 2188 3815 Tecum
2220 3761 2538 3831 principium
2564 3758 2620 3812 in
2657 3759 2744 3811 die
2774 3755 2987 3810 virtutis
3030 3763 3155 3809 tua.
3197 3751 3294 3809 llis
3325 3752 3401 3809 si-

1840 3854 2061 3925 gniﬁcat
2086 3861 2183 3908 aut
2204 3851 2397 3922 judicii
2437 3860 2670 3922 tempus,
2694 3862 2804 3919 quo
2836 3848 3035 3901 virtute
3063 3844 3243 3901 divina
3266 3858 3403 3899 om-

1839 3958 1938 3998 nes
1977 3940 2243 4013 judicabit
2293 3941 2520 3996 veniens
2582 3952 2706 3994 cum
2743 3935 2947 3993 sanctis
2994 3933 3201 4005 angelis
3248 3933 3399 3992 suis:

1839 4043 1936 4089 aut
1964 4040 2175 4104 tempus
2201 4029 2570 4104 generationis
2603 4028 2772 4095 illius,
2803 4042 2926 4097 quae
2957 4026 3123 4081 etiam
3160 4023 3278 4079 dies
3300 4021 3403 4077 vir-

1838 4125 1972 4180 tutis
1997 4124 2320 4195 appellatur.
2355 4119 2557 4177 Tecum
2588 4118 2732 4173 enim
2757 4116 2860 4171 erit
2888 4114 3239 4186 principium.
3263 4108 3399 4164 Nam

1839 4216 2155 4272 dominatur
2190 4213 2465 4270 universis
2511 4210 2724 4267 etiamsi
2770 4206 2950 4263 factus
2998 4207 3070 4259 sit
3113 4204 3297 4260 homo.
3333 4199 3401 4255 In

1840 4306 2201 4376 splendoribus
2234 4313 2783 4359 sanctorumtuorum.
2821 4296 2952 4351 Illud
2982 4314 2995 4349 :
3025 4294 3092 4347 In
3115 4292 3404 4362 splendori-

1844 4397 1937 4451 bus
1967 4407 2272 4450 sanctorum
2305 4406 2534 4457 tuorum,
2581 4390 2717 4444 nihil
2744 4388 2889 4443 aliud
2930 4384 3202 4455 signiﬁcat
3233 4398 3399 4453 quam

1839 4489 2068 4544 choreas
2092 4487 2215 4543 illas
2248 4494 2565 4540 sanctorum
2598 4479 2940 4551 angelorum,
2972 4476 3271 4531 clamantes
3290 4490 3400 4546 qua

1838 4591 1999 4636 nocte
2028 4589 2192 4634 natus
2245 4576 2498 4631 Christus
2527 4582 2649 4628 est:
2682 4569 2865 4625 Gloria
2906 4570 2962 4622 in
3003 4566 3223 4622 excelsis
3253 4564 3400 4625 Deo,

1839 4683 1888 4727 et
1922 4673 1977 4726 in
1998 4680 2141 4725 terra
2159 4684 2265 4741 pax
2288 4669 2354 4721 “.
2386 4665 2472 4721 Ex
2507 4675 2656 4719 utero
2687 4672 2807 4717 ante
2837 4659 3117 4729 luciferum
3148 4658 3302 4729 genui
3328 4668 3399 4713 te.

1840 4763 1978 4818 Vide
2006 4776 2115 4833 quo
2145 4769 2303 4832 pacto
2351 4756 2512 4812 Pater
2544 4751 2821 4825 Unigeniti
2875 4748 3278 4822 generationem
3324 4762 3404 4804 se-

1842 4853 2080 4910 cundum
2138 4863 2354 4906 carnem
2406 4848 2514 4904 sibi
2562 4848 2835 4918 propriam
2892 4842 3075 4899 efﬁcit.
3133 4841 3224 4896 Ait
3254 4840 3401 4897 enim

1840 4945 2002 5001 Pater
2029 4943 2097 4999 ad
2126 4942 2321 4997 Filium
2350 4960 2364 4996 :
2393 4939 2532 4995 Ante
2559 4938 2820 4993 mundum
2854 4936 2998 4990 hunc
3021 4933 3318 4998 visibilem,
3349 4945 3406 4987 et

1841 5035 2184 5108 splendidum
2218 5034 2404 5090 lumen
2432 5046 2534 5103 ego
2556 5039 2610 5085 te
2638 5025 2957 5101 genui.Non
2987 5023 3131 5096 quod
3160 5032 3402 5079 ventrem

1840 5130 1986 5185 Deus
2009 5128 2206 5183 habeat
2231 5144 2246 5193 ;
2271 5124 2365 5181 sed
2395 5123 2523 5192 quia
2555 5134 2834 5191 germana,
2862 5126 2916 5172 et
2948 5129 3059 5170 non
3090 5112 3300 5184 spuria,
3336 5127 3402 5166 ex

1840 5230 2028 5277 ventre
2060 5216 2502 5290 primogenitum:
2533 5212 2665 5267 oriri
2690 5211 2885 5266 solent.

1908 5527 1964 5580 4.
1999 5525 2209 5578 Iuravit
2248 5521 2501 5575 Dominus
2533 5527 2581 5572 et
2619 5533 2722 5572 non
2767 5496 3207 5590 panitebitjurn.
3251 5509 3404 5570 inra-

228 5709 279 5747 ⁸⁷
302 5710 644 5785 Ριιὶιίρρ.ηιι,
668 5712 721 5767 7.
774 5712 847 5787 ﬂ"
868 5711 973 5769 lsa.
1006 5726 1155 5781 xm,
1194 5711 1246 5765 5.
1277 5780 1281 5784 _
1327 5710 1368 5743 ¹⁹
1392 5705 1578 5763 Matth.
1612 5720 1704 5772 ss,

1875 5701 1948 5783 H"
1981 5698 2000 5754 l
2032 5700 2159 5755 Cor.
2205 5712 2292 5767 xv,
2334 5695 2422 5753 26.
2499 5697 2541 5730 ἰ
2583 5694 2718 5755 Luc.
2769 5711 2829 5763 ιι,
2868 5694 2951 5751 ιι.
