3778 6276
419 255 524 349 tos

1255 295 1313 351 S.
1354 293 1724 350 ATHANASII
1761 292 1912 351 OPP.
1955 293 2138 351 PARS
2176 294 2264 352 111.
2304 324 2377 337 -
2414 277 2863 352 ΕΧΕΟΕΤΙΕΑ.’

3536 301 3645 355 664

419 426 661 471 mentum
695 413 811 480 Dei,
845 422 927 471 est
951 417 1172 472 verbum
1203 416 1344 486 ejus,
1378 418 1521 489 quod
1554 418 1830 473 auditores
1859 431 1963 471 cer‘

2094 419 2240 487 proc;
2281 416 2375 470 τοῦ
2408 416 2541 470 Θεοῦ
2596 419 2625 470 ὁ
2660 416 2818 486 λόγος
2866 416 3027 469 αὐτοῦ
3071 417 3184 469 ἐστι
3208 457 3222 481 ,
3287 415 3646 489 πληροφορῶν

420 506 586 561 liores
612 503 763 570 facit,
795 514 849 559 et
877 504 1035 561 fidem
1067 506 1263 576 cuique
1284 506 1395 573 dat,
1424 523 1543 576 quae
1565 506 1679 576 ipse
1708 507 1976 577 promittit

419 597 745 667 acloquitnr
779 595 1000 652 omnino
1026 595 1209 652 futura
1241 613 1380 652 esse.
1427 596 1543 651 Non
1572 598 1714 653 enim
1752 598 1977 668 perinde

417 701 578 762 atque
607 691 771 746 homo
809 689 949 745 Deus
1002 691 1186 761 jurat;
1237 697 1330 747 sed
1376 694 1597 749 verbum
1649 695 1769 763 ejus
1818 693 1976 747 nobis

415 782 593 837 instar
618 780 916 852 juramenti
948 791 1031 837 est
1060 781 1127 836 ad
1162 782 1481 849 veritatem;
1522 783 1779 837 nimi-rum
1818 799 1977 839 omne

414 873 639 927 verbum
671 872 791 942 ejus
825 873 931 926 tale
964 880 1049 927 est
1081 880 1140 927 ut
1170 890 1447 943 nunquam
1487 875 1744 944 paeniteat
1777 875 1972 944 ipsum,

418 963 622 1033 quippe
657 978 780 1018 cum
811 964 1068 1032 promissi
1113 963 1649 1033 juramenttrtlrmati
1683 964 1839 1019 fidem
1879 966 1978 1019 ba-

414 1054 559 1109 beal.
586 1051 665 1107 Tu
695 1069 749 1107 es
790 1054 1033 1105 sacerdos
1061 1053 1114 1106 in
1141 1064 1391 1108 wternum
1414 1055 1695 1108 secundum
1741 1056 1974 1110 ordinem

413 1146 777 1202 Melchisedec.
825 1142 963 1210 Quia
1001 1160 1108 1199 non
1148 1146 1269 1200 oleo
1306 1143 1661 1200 Melcliisedcc
1701 1147 1767 1200 ad
1804 1162 1977 1202 sacer-

410 1237 616 1293 dotium
673 1248 870 1292 unctus
915 1246 1019 1301 est,
1083 1238 1538 1307 quemadmodum
1577 1237 1757 1292 Aaron
1791 1279 1805 1304 ,
1847 1241 1973 1309 quia

409 1342 519 1383 non
556 1339 808 1384 cruentas
840 1328 1037 1383 obtulit
1075 1329 1313 1395 hostias;
1345 1330 1469 1399 quia
1518 1330 1755 1401 gentium
1797 1332 1978 1403 ponti-

410 1420 498 1476 fex
540 1430 676 1485 erat,
734 1428 787 1475 et
829 1421 957 1491 quia
993 1435 1089 1491 per
1130 1436 1323 1491 panem
1370 1430 1422 1477 et
1470 1422 1656 1477 vinum
1702 1423 1977 1480 benedixit

407 1511 739 1568 Alirabamo.

480 1601 534 1656 5.
566 1601 825 1656 Dominus
851 1618 884 1655 a
912 1601 1113 1655 dextris
1138 1602 1240 1655 tuis
1270 1600 1520 1672 confregit
1548 1602 1603 1655 in
1632 1602 1717 1656 die
1742 1603 1839 1658 ira:
1866 1619 1975 1658 sua:

408 1709 571 1763 reges.
600 1692 752 1748 Diem
784 1693 896 1758 irae,
925 1693 1117 1764 judicii
1150 1702 1362 1762 tempus
1394 1708 1515 1749 esse
1538 1693 1692 1759 dicit,
1722 1710 1833 1765 quo
1875 1696 1973 1751 lto-

407 1784 582 1841 mines
619 1785 714 1855 qui
738 1785 867 1840 olim
908 1800 975 1839 ex
1025 1784 1238 1839 fallacia
1286 1787 1595 1840 daemonum
1647 1787 1967 1856 regnabant,

407 1874 732 1946 confringet,
762 1874 904 1931 intra
930 1875 1186 1947 abyssum
1212 1877 1545 1932 concludens
1574 1877 1745 1948 ipsos.

473 2051 527 2106 6.
556 2051 828 2107 Judicabit
850 2053 907 2107 in
934 2050 1259 2114 nationibus,
1290 2051 1525 2121 implebit
1545 2052 1746 2107 ruinas.
1776 2050 1967 2107 Natio-

404 2158 523 2209 nes,
554 2143 750 2212 inquit,
784 2144 1123 2212 impurornm
1156 2141 1460 2196 daemonum
1486 2142 1718 2211 puniens
1753 2142 1805 2195 in
1831 2152 1970 2196 tem-

402 2248 535 2304 pore
554 2233 768 2303 judicii,
794 2233 970 2289 ruinis
998 2234 1186 2304 plenas
1212 2232 1479 2298 ostendet,
1503 2233 1555 2288 id
1579 2241 1662 2288 est
1709 2233 1886 2303 poenis
1911 2233 1968 2287 in

401 2321 751 2379 inferioribus
779 2321 1024 2392 partibus
1052 2330 1209 2376 terra:
1234 2321 1555 2392 inlligendis.
1582 2319 1967 2391 Conquassabit

400 2417 574 2485 capita
601 2417 655 2470 in
683 2424 822 2469 terra
853 2415 1161 2470 multorum.
1194 2413 1383 2469 Simile
1420 2414 1550 2468 illud
1575 2424 1659 2469 est
1683 2413 1829 2468 dicto
1860 2412 1968 2467 Do-

401 2506 536 2561 mini
576 2521 672 2577 per
701 2504 934 2561 Isaiam:
967 2505 1034 2560 Et
1074 2504 1238 2575 dejeci
1284 2505 1591 2576 sanguinem
1636 2505 1871 2574 ipsorum
1910 2505 1966 2557 in

402 2607 599 2650 terram
622 2597 690 2650 ".

471 2688 522 2744 7.
548 2687 624 2742 De
649 2695 873 2741 torrente
895 2688 950 2740 in
979 2688 1061 2740 via
1097 2686 1251 2740 bibet.
1280 2684 1596 2741 Torrentem
1625 2694 1797 2741 vocat
1821 2684 1967 2740 Scri-

399 2788 556 2850 ptura
582 2779 953 2835 tentationem.
971 2776 1124 2832 Viam
1144 2787 1323 2832 autem
1347 2777 1479 2833 dicit
1500 2778 1819 2833 descensum
1846 2777 1964 2848 ejus

400 2874 455 2926 in
481 2881 703 2939 terram,
740 2874 794 2927 in
820 2887 926 2944 qua
959 2886 1155 2942 passus
1182 2871 1382 2942 estqui
1421 2886 1517 2940 per
1551 2878 1845 2926 torrentem
1871 2871 1965 2927 de-

399 2965 626 3021 scendit.
664 2964 948 3033 Propterea
971 2963 1219 3018 exaltabit
1240 2972 1417 3031 caput.
1460 2959 1774 3034 Propterea,
1797 2979 1963 3033 quare

398 3054 506 3111 nisi
528 3054 655 3124 quia
684 3070 880 3125 passus
904 3062 986 3108 est
1008 3053 1059 3107 in
1085 3068 1250 3108 carne
1275 3053 1298 3106 ?
1332 3052 1519 3108 Simile
1548 3062 1728 3107 autem
1760 3062 1843 3108 est
1879 3053 1963 3108 di-

399 3155 547 3199 ctum
572 3145 704 3199 illud
736 3163 750 3199 :
777 3144 1092 3198 Humiliavit
1135 3145 1467 3199 semetipsum
1521 3144 1690 3199 factus
1720 3143 1958 3199 obediens

2094 3052 2359 3103 πεφανιην.
2418 3052 2519 3089 Δια
2562 3053 2754 3101 τουτο,
2800 3054 2949 3089 ποιον
2996 3052 3030 3108 η
3058 3052 3118 3089 το
3159 3052 3348 3090 παυειν
3379 3052 3539 3091 αυτον
3572 3052 3637 3088 εν

2094 3125 2263 3197 ἀρκί;
2297 3126 2522 3197 Ὅμοιον
2556 3127 2613 3181 δὲ
2643 3128 2704 3181 τὸ
2731 3126 3039 3199 εἰρημένον,
3065 3126 3152 3192 τὸ,
3200 3127 3643 3181 Ἐταπείνωσεν

2248 3168 2263 3192 ⁹
2324 3158 2521 3197 υμυιυν
2556 3158 2613 3181 υῦ
2644 3158 2704 3181 ’δυ
2731 3158 3039 3198 ιιριηιιινυν,
3075 3158 3152 3192 ευ,
3214 3158 3375 3181 Ωιιωο

399 3155 547 3201 ctum
572 3145 704 3200 illud
736 3163 750 3199 :
777 3144 1092 3198 Humiliavit
1135 3145 1467 3214 semetipsum
1520 3144 1690 3213 factus
1720 3143 1958 3199 obediens

398 3252 560 3308 usque
592 3235 660 3289 ad
690 3246 907 3291 mortem
937 3236 1003 3289 ”.

783 3322 1121 3380 PSALMUS
1157 3324 1273 3381 CX.
1307 3325 1560 3380 Alleluia.

470 3416 523 3472 ί.
548 3414 854 3487 Confitebor
887 3418 1001 3484 tibi,
1032 3417 1268 3483 Domine,
1301 3418 1356 3471 in
1388 3429 1495 3471 toto
1529 3417 1684 3471 corde
1722 3432 1852 3473 meo.
1879 3413 1960 3471 Ex

396 3521 632 3578 persona
678 3507 1053 3578 apostolorum
1093 3522 1332 3577 praesens
1372 3508 1617 3577 psalmus
1662 3507 1957 3571 inducitur,

396 3598 770 3654 enarrantium
812 3607 1015 3668 quanta
1054 3606 1108 3653 et
1145 3599 1328 3669 qualia
1354 3597 1506 3654 fuere
1553 3599 1606 3653 in
1655 3598 1959 3654 (economia

402 3687 703 3759 Salvatoris
727 3705 913 3760 opera.
946 3688 1072 3745 "ac
1106 3698 1286 3744 autem
1317 3688 1514 3744 docent
1553 3704 1752 3744 novum
1794 3704 1961 3758 popu-

394 3778 531 3841 lum,
563 3781 727 3835 simul
749 3779 954 3851 gratias
973 3791 1222 3850 agentem
1246 3780 1312 3834 de
1341 3779 1515 3834 salute
1548 3794 1667 3842 sua,
1700 3779 1957 3848 quamob-

396 3883 514 3925 rem
540 3868 769 3925 Alleluia
803 3869 1096 3940 inscriptus
1121 3878 1224 3925 est.
1263 3868 1331 3923 In
1373 3870 1594 3922 consilio
1624 3878 1880 3923 rectorum
1908 3880 1957 3924 et

395 3963 814 4031 congregatione.
857 3960 1160 4016 Consilium
1205 3970 1475 4017 rectorum
1506 3962 1637 4017 dicit
1676 3976 1829 4018 novae
1858 3961 1959 4034 Sy-

397 4066 622 4124 nagogte
679 4052 961 4123 populum,
1005 4052 1071 4106 ad
1113 4052 1471 4107 dill‘erentiam
1519 4052 1703 4122 populi
1759 4055 1956 4110 veteris

400 4142 723 4215 Synagogaa.
756 4143 853 4198 llla
882 4144 1080 4214 quippe
1112 4152 1259 4200 recta
1301 4159 1410 4198 non
1455 4153 1559 4211 est,
1607 4152 1793 4216 utpote
1836 4161 1957 4218 quae

395 4248 613 4304 semper
641 4233 807 4291 corde
834 4234 1117 4290 erraverit.

463 4326 520 4381 2.
557 4324 755 4397 Magna
794 4342 950 4395 opera
984 4325 1238 4381 Domini:
1276 4327 1538 4398 exquisita
1576 4328 1629 4381 in
1662 4343 1835 4383 omnes
1875 4344 1955 4382 vo-

2074 509 2202 569 τοὺς
2252 508 2583 574 ἀκούοντας,
2607 510 2721 563 ’καὶ
2770 507 2950 562 πίστιν
2999 507 3209 578 ἑκάστῳ
3243 508 3528 579 παρέχων,
3558 510 3645 563 ὅτι

2073 598 2102 651 ὃ
2133 599 2466 670 ἐπήγγελται
2495 600 2589 653 καὶ
2617 600 2784 665 λαλεῖ,
2820 600 3036 663 πάντως
3064 600 3365 670 γενήσεται.
3428 600 3501 652 Οὐ
3533 601 3641 671 γὰρ

2074 690 2151 753 ὡς
2180 690 2457 762 ἄνθρωπος
2505 678 2694 764 ὂμνύει
2739 694 2904 757 Θεόςο
2938 692 3051 745 ἀλλ’
3082 693 3210 763 ἡμῖν
3236 694 3265 744 ὁ
3290 692 3444 759 λόγος
3475 692 3638 744 αὑτοῦ

2075 781 2195 833 ἀντὶ
2228 782 2393 853 ὅρκου
2426 783 2561 854 πρὸς
2593 784 2848 855 ἀλήθειαν
2872 784 3110 853 γίνεται,
3141 784 3217 847 ὡς
3244 782 3335 836 τοῦ
3366 786 3642 853 ἀμεταμέ-

2074 870 2233 943 λήτου
2278 873 2479 938 παντὸς
2510 877 2795 945 ἐσομένου,
2830 876 2971 929 κατὰ
2997 877 3094 946 τὴν
3128 875 3455 944 ἐπαγγελίαν
3479 876 3638 946 ὅρκου

2075 964 2449 1035 τυγχάνοντος.
2512 966 2595 1021 Σὺ
2621 967 2815 1035 ἱερεὺς
2861 970 2947 1032 εἰς
2980 967 3086 1020 τὸν
3115 965 3298 1020 αἰῶνα
3338 966 3486 1019 κατὰ
3527 964 3642 1033 τὴν

2076 1053 2248 1118 τάξιν
2275 1056 2664 1125 Μελχισεδέκ.
2702 1059 2823 1111 Ὅτι
2843 1060 2904 1111 οὐ
2939 1057 3004 1111 δι’
3029 1057 3208 1111 ἐλαίου
3236 1059 3312 1120 εἰς
3345 1056 3641 1129 ἱερωσύνην

2075 1145 2300 1216 ὲχρίσθη
2343 1148 2371 1198 ὀ
2419 1147 2782 1217 Μελχισεδὲκ,
2829 1149 2905 1211 ὡς
2944 1149 3150 1221 Ἀαρών
3173 1166 3186 1179 ·
3221 1150 3315 1203 καὶ
3346 1150 3425 1202 ὅτι
3454 1149 3511 1201 οὐ
3541 1147 3641 1213 τὰς

2074 1231 2139 1284 δι’
2168 1234 2412 1304 αἱμάτων
2445 1240 2760 1308 προσήγαγε
2811 1237 3033 1302 Θυσίας·
3075 1238 3169 1292 καὶ
3210 1240 3291 1292 ὅτι
3331 1238 3439 1291 τῶν
3471 1238 3640 1291 ἐθνῶν

2074 1318 2140 1393 ἦν
2163 1326 2485 1398 ἀρχιερεὺς,
2530 1330 2623 1383 καὶ
2654 1330 2736 1383 ὅτι
2774 1329 2839 1383 δι’
2872 1330 3035 1402 ἄρτου
3067 1330 3161 1385 καὶ
3191 1330 3334 1383 οἴνου
3370 1329 3641 1401 ηὐλόγησε

2074 1413 2167 1467 τὸν
2200 1415 2402 1486 Ἀϐραά
2409 1434 2467 1488 μ.

2144 1571 2361 1640 Κύριος
2387 1572 2456 1627 ἐκ
2503 1572 2715 1638 δεξιῶν
2746 1592 2860 1629 σου
2919 1575 3300 1631 συνέθλασεν
3340 1574 3410 1627 ἐν
3450 1556 3665 1644 ψώρᾳί

2076 1659 2258 1730 ὀργῆς
2280 1663 2465 1716 αὐτοῦ
2489 1664 2788 1731 βασιλεῖς.
2827 1666 3068 1737 Ἢμέραν
3096 1666 3261 1738 ὀργῆς
3283 1665 3373 1718 τὸν
3397 1665 3492 1735 τῆς
3516 1665 3639 1736 κρί-

2000 1756 2045 1812 Β
2073 1766 2209 1815 σεως
2237 1754 2426 1824 καιρόν
2461 1772 2624 1825 φησιν
2644 1797 2658 1821 ,
2705 1759 2762 1811 ὲν
2857 1759 2982 1821 τοὺς
3020 1756 3184 1811 πάλαι
3217 1755 3639 1826 βασιλεύσαντας

2071 1842 2132 1908 ἐξ
2158 1845 2373 1917 ἀπάτης
2403 1847 2508 1900 τῶν
2531 1848 2798 1919 δαιμόνων
2827 1849 3141 1922 ἀνθρώπους
3180 1848 3520 1922 συνθραύσει,
3553 1850 3639 1913 εἰς

2068 1934 2166 2007 τὴν
2194 1936 2427 1992 ἄϐυσσον
2453 1938 2745 2012 καθείρξας
2777 1941 2992 2005 αὐτούς.

2139 2028 2343 2096 Κρινεῖ
2354 2030 2424 2083 ἐν
2448 2030 2572 2098 τοῖς
2600 2032 2804 2087 ἔθνεσι
2826 2075 2841 2099 ,
2870 2032 3171 2102 πληρώσει
3198 2031 3493 2102 πτώματα.
3553 2030 3639 2086 Τὰ

2069 2117 2219 2191 ἔθνη,
2252 2121 2404 2192 φησι,
2428 2120 2536 2176 τῶν
2563 2122 2886 2196 ἀκαθάρτων
2908 2125 3175 2196 δαιμόνων
3204 2125 3260 2178 ἐν
3284 2123 3361 2196 τῷ
3389 2124 3488 2195 τῆς
3515 2124 3640 2196 κρί-

2071 2227 2208 2273 σεως
2254 2211 2427 2284 καιρῷ
2470 2213 2746 2278 κολάζων,
2798 2216 3102 2286 πτωμάτων
3130 2214 3396 2281 ἀποδείξει
3429 2214 3634 2287 πλήρη,

2066 2302 2310 2355 τουτέστι
2333 2304 2431 2373 τῆς
2455 2307 2534 2368 εἰς
2556 2306 2621 2358 τὰ
2643 2305 2924 2379 κατώτερα
2947 2307 3082 2379 μέρη
3102 2307 3201 2376 τῆς
3221 2307 3323 2377 γῆς
3341 2306 3632 2376 τιμωρίας.

2066 2394 2402 2449 Συνθλάσει
2426 2396 2691 2465 κεφαλὰς
2711 2397 2806 2451 ἐπὶ
2848 2398 2959 2468 γῆς
2982 2398 3248 2454 πολλῶν.
3301 2397 3363 2450 "t3
3374 2414 3523 2469 μοιον
3555 2397 3639 2470 τῷ

2066 2488 2338 2559 εἰρημένῳ
2378 2490 2507 2561 παρ’
2542 2490 2704 2545 αὐτοῦ
2737 2492 2823 2546 διὰ
2865 2492 3114 2545 Ἡσαΐου·
3148 2493 3258 2546 Καὶ
3300 2492 3641 2562 κατήγαγον

2066 2577 2132 2631 τὸ
2163 2574 2304 2648 αζιια
2324 2580 2521 2634 αὐτῶν
2549 2584 2636 2648 εἰς
2668 2581 2781 2651 τὴν
2807 2582 2942 2654 γῆν.
3606 2584 3624 2602 '

2149 2669 2249 2722 Ἐκ
2280 2668 2598 2739 χειμάρρου
2621 2671 2689 2725 ἐν
2709 2670 2825 2737 ὁδῷ
2853 2672 3065 2724 πίεται.
3096 2669 3405 2741 Χείμαρρον
3430 2670 3464 2740 ἡ
3491 2669 3641 2742 Γρα-

2066 2759 2139 2831 φὴ
2168 2760 2258 2815 τὸν
2292 2764 2595 2833 πειρασμόν
2625 2780 2808 2834 φησιν.
2845 2763 2987 2817 Ὀδὸν
3018 2763 3075 2817 δὲ
3100 2764 3196 2833 τὴν
3225 2764 3364 2817 κατὰ
3400 2762 3504 2834 γῆν
3534 2764 3638 2816 αὖ-

2063 2851 2157 2905 τοῦ
2193 2854 2414 2927 πορείαν
2442 2854 2719 2926 σημαίνει,
2746 2856 2803 2907 ἐν
2831 2850 2864 2930 ᾖ
2890 2855 2949 2907 τὸ
2978 2854 3146 2918 πάθος
3172 2854 3459 2926 ὑπέμεινεν
3485 2853 3513 2906 ὃ
3539 2853 3643 2908 καὶ

2062 2943 2150 2997 διὰ
2184 2944 2275 2997 τοῦ
2314 2948 2617 3018 χειμάρρου
2651 2947 2994 3018 κατέρχεται.
3045 2946 3147 3001 Διὰ
3183 2946 3359 3001 τοῦτο
3397 2944 3638 3015 ὑψώσει

2064 3035 2359 3103 κεφαλήν.
2418 3035 2519 3089 Διὰ
2562 3036 2754 3101 τοῦτο,
2800 3039 2949 3089 ποῖον
2996 3036 3118 3108 ἢτδ
3159 3036 3348 3090 παθεῖν
3379 3035 3539 3091 αὑτὸν
3572 3037 3637 3088 ἐν

2060 3216 2279 3273 ἑαυτὸν
2308 3220 2627 3288 γενόμενος
2650 3221 2918 3288 ὑπήκοος
2941 3218 3116 3289 μέχρι
3142 3219 3419 3274 θανάτου.

2417 3311 2725 3364 ΨΑΛΜΟΣ
2750 3312 2853 3365 PI'.
2908 3311 3281 3377 Ἀλληνιούτα.

2144 3396 2693 3469 Ἐξομολογήσομαί
2719 3415 2850 3465 σοι,
2912 3400 3118 3467 Κύριε,
3163 3398 3232 3452 ἐν
3263 3398 3377 3467 ὕλῃ
3418 3395 3643 3466 καρδίᾳ

2052 3506 2195 3559 μου.
2249 3491 2342 3544 Ἐκ
2372 3490 2662 3564 προσώπου
2700 3491 2807 3545 τῶν
2836 3491 3145 3545 ἀποστόλων
3173 3491 3200 3542 ὁ
3234 3487 3422 3560 παρὼν
3446 3490 3639 3558 εἰσφέ-

2063 3600 2213 3656 ρεται
2236 3582 2468 3655 ψαλμὸς,
2495 3584 2862 3655 διηγουμένων
2890 3583 2988 3637 ὅσα
3022 3582 3112 3637 τοῦ
3142 3581 3389 3653 Σωτῆρος
3422 3580 3516 3633 καὶ
3544 3576 3643 3635 οἷα

2059 3675 2254 3745 γέγονε
2303 3675 2402 3745 τῆς
2422 3676 2733 3746 οἰκονομίας
2754 3675 2823 3728 τὰ
2853 3675 3004 3747 ἔργα.
3037 3674 3354 3728 Διδάσκουσι
3380 3673 3434 3725 δὲ
3457 3671 3643 3726 ταῦτα.

2058 3768 2153 3821 καὶ
2195 3768 2286 3821 τὸν
2311 3766 2428 3820 νέον
2452 3766 2597 3833 λαὶν,
2635 3767 2749 3837 ἅμα
2771 3765 3218 3837 εὐχαριστοῦντες
3243 3766 3334 3818 ἐπὶ
3361 3766 3428 3836 τῇ
3452 3763 3643 3819 αὐτῶν

2059 3857 2324 3928 σωτηρίαο
2343 3855 2419 3909 διὸ
2434 3856 2529 3910 καὶ
2558 3856 2910 3923 inamoena
2933 3856 3350 3927 ἐπιγέγραπται.
3369 3854 3465 3906 Ἐν
3480 3854 3648 3919 ,βου-

2055 3946 2139 4016 λῇ
2169 3947 2391 4002 εὑθέων
2416 3946 2511 4001 καὶ
2536 3945 2875 4016 συναγωγῇ.
2921 3945 3122 4019 Βουλὴν
3144 3946 3346 4000 εὐθέων
3374 3939 3495 3997 εἰπε
3539 3946 3645 4001 τὸν

2055 4039 2155 4110 τῆς
2187 4039 2312 4102 νέας
2340 4038 2664 4107 συναγωγῆς
2688 4037 2814 4092 λαὸν
2847 4039 2983 4110 πρὸς
3011 4038 3108 4110 τὴν
3138 4039 3234 4110 τῆς
3260 4037 3490 4099 παλαιᾶς
3516 4035 3647 4113 δια-

2058 4133 2271 4204 στολήν.
2338 4132 2550 4205 Ἐκείνη
2579 4131 2686 4203 γὰρ
2711 4132 2810 4185 οὐκ
2835 4127 2902 4203 ἦν
2932 4132 3114 4186 εὐθεῖα
3131 4172 3147 4198 ,
3179 4131 3274 4186 ᾶτε
3301 4131 3385 4184 ἀεὶ
3411 4129 3647 4185 πλανω-

2058 4225 2193 4295 μένη
2226 4228 2292 4295 τῇ
2328 4222 2546 4295 καρδίᾳ.

2122 4316 2369 4386 Μεγὰιία
2392 4315 2465 4370 τὰ
2487 4316 2627 4386 ἔργα
2653 4315 2894 4384 Κυρίου,
2919 4312 3307 4384 ἑξεζητημένα
3328 4315 3414 4379 εἰς
3432 4311 3645 4370 πάντα

391 4417 616 4475 luntates
650 4420 785 4489 ejus.
829 4418 888 4475 ln
923 4434 1195 4491 synagoga
1225 4430 1496 4474 rectorum
1530 4437 1719 4477 omnes
1756 4423 1949 4476 volun-

2094 4407 2127 4463 ὰ
2154 4407 2459 4477 θελήματα
2486 4405 2692 4462 αὐτοῦ.
2762 4407 2848 4461 Ἐν
2874 4409 2939 4477 τῇ
2969 4406 3074 4460 τῶν
3108 4404 3304 4457 εὐθέων
3337 4407 3643 4476 συναγωγῇ

392 4521 532 4566 tates
584 4510 801 4568 Domini
855 4513 1148 4583 exquisita.
1194 4521 1340 4569 sunt.
1377 4512 1594 4566 Nullum
1644 4513 1787 4567 enim
1835 4513 1953 4583 ejus

402 4608 795 4669 praceptorum
827 4609 909 4657 est
934 4602 1077 4672 quod
1112 4617 1219 4656 non
1253 4603 1494 4672 requirat
1522 4611 1575 4657 et
1617 4602 1840 4673 impleat
1868 4618 1954 4674 sy-

348 4732 353 4737 .
393 4702 599 4758 uagoga
632 4699 926 4756 rectorum,
950 4689 1191 4761 [semper
1221 4691 1426 4746 scilicet
1456 4692 1677 4746 studens
1719 4692 1839 4761 ejus
1867 4707 1957 4746 vo-

391 4779 652 4836 luntatem
684 4780 931 4849 implere.

459 4869 515 4925 3.
546 4868 817 4939 Confessio
851 4879 902 4924 et
926 4870 1316 4941 magniﬁcentia
1348 4887 1474 4941 opus
1503 4872 1636 4940 ejus.
1665 4868 1840 4942 Opera
1870 4873 1953 4928 di-

387 4962 465 5017 cit
492 4977 557 5018 ea
594 4977 716 5032 quae
768 4963 823 5017 in
854 4962 1159 5018 oeconomia
1212 4978 1309 5017 sua
1342 4962 1587 5033 perfecit.
1638 4960 1952 5019 Laudentur

386 5052 479 5109 illa
527 5062 716 5124 utpote
760 5068 881 5125 quae
937 5052 1223 5126 magniﬁca
1270 5054 1399 5108 sint.
1448 5052 1514 5105 Et
1566 5053 1784 5124 justitia
1836 5055 1950 5126 ejus

387 5154 561 5198 manet
598 5144 668 5197 in
736 5144 1009 5199 saeculum.
1060 5143 1334 5200 Justitiam
1387 5142 1519 5197 dicit
1580 5147 1949 5217 evangelicum

385 5234 610 5287 verbum
643 5250 659 5288 :
690 5233 818 5303 quia
845 5232 1101 5288 omnibus
1125 5231 1402 5302 aequaliter
1436 5230 1744 5288 hominibus
1799 5233 1949 5288 salu-

385 5329 494 5374 tem
527 5322 829 5391 proposuit.

454 5412 509 5465 4.
539 5411 839 5467 Misericors
864 5422 913 5466 et
942 5413 1220 5467 miserator
1252 5411 1529 5469 Dominus.
1569 5412 1709 5469 Olim
1742 5414 1947 5485 promi-

384 5499 457 5558 sit
482 5516 578 5574 per
626 5504 919 5575 prophetas
949 5517 1101 5569 suos,
1135 5517 1197 5559 se
1236 5503 1293 5558 in
1336 5515 1582 5575 tempore
1626 5506 1949 5565 teconomia:

450 5705 495 5739 ²¹
520 5704 620 5763 lsa.
653 5719 839 5772 xutv,
864 5702 919 5760 7.
993 5704 1038 5737 ⁸³
1057 5699 1290 5773 Philipp.
1322 5716 1383 5771 ιι,
1428 5701 1483 5758 8.

2054 4500 2232 4554 πάντα
2257 4498 2325 4553 τὰ
2356 4498 2634 4572 θελήματα
2655 4498 2749 4552 τοῦ
2775 4498 2910 4552 Θεοῦ
2945 4499 3081 4551 εἰσιν
3112 4495 3506 4567 ὲξεζητημένα.
3555 4498 3641 4549 Οὐ

2053 4592 2161 4665 γάρ
2196 4593 2313 4645 ἐστι
2348 4591 2456 4645 τῶν
2500 4593 2629 4662 παρ’
2667 4589 2828 4644 αὑτοῦ
2881 4590 3179 4661 δεδομένων
3226 4586 3453 4641 ἐντολῶν
3486 4586 3517 4640 δ
3552 4587 3643 4659 μὴ

2053 4683 2272 4753 ὲκζητεῖ
2300 4685 2394 4736 καὶ
2432 4683 2689 4754 κατορθοῖ
2725 4684 2757 4753 ὴ
2798 4681 2905 4734 τῶν
2940 4680 3138 4733 εὐθέων
3172 4680 3461 4750 συναγωγὴ
3485 4718 3501 4743 ,
3533 4679 3641 4734 τοῦ

2051 4774 2217 4829 αὐτοῦ
2247 4775 2456 4844 θέλημα
2480 4773 2771 4837 διαπαντὸς
2804 4772 3175 4836 σπουδάζουσα
3203 4769 3491 4824 ἐπιτελεῖν.

2133 4866 2596 4935 Ἐξομολόγησις
2656 4863 2753 4917 καὶ
2806 4860 3285 4933 μεγαλοπρέπεια
3334 4860 3397 4914 τὸ
3448 4860 3643 4928 ἔργον

2048 4957 2253 5012 αὐτοῦ.
2283 4958 2460 5028 Ἔργα
2485 4956 2647 5026 φησὶν
2677 4955 2815 5026 ἅπερ
2843 4957 2900 5008 ὲν
2928 4956 2993 5025 τῇ
3027 4951 3305 5023 οἰκονομίᾳ
3334 4949 3643 5021 διεπράξα-

2048 5067 2129 5104 το.
2167 5048 2467 5121 Ὑμνείσθω
2507 5048 2601 5102 ἆτε
2628 5045 3016 5119 μεγαλοπρεπῆ
3057 5044 3385 5116 ὑπάρχοντα.
3440 5042 3558 5096 Καὶ
3591 5042 3637 5110 ἡ

2048 5141 2400 5209 δικαιοσύνη
2428 5138 2613 5194 αὑτοῦ
2632 5139 2798 5209 μένει
2829 5141 2912 5204 εὶς
2944 5138 3050 5190 τὸν
3083 5133 3288 5189 αἰῶνα.
3338 5134 3641 5186 Δικαιοσύ-

2050 5248 2148 5303 νην
2171 5230 2261 5284 τὸν
2288 5228 2636 5299 εὐαγγελικὺν
2659 5228 2814 5297 λόγον
2842 5226 3033 5299 φησίν·
3062 5226 3142 5279 ὅτι
3170 5223 3235 5296 δὴ
3257 5226 3344 5278 ἐπ’
3376 5224 3500 5295 ἴσης
3521 5228 3640 5277 πᾶ-

2055 5341 2137 5380 σιν
2168 5322 2474 5394 ἀνθρώποις
2505 5323 2602 5393 τὴν
2628 5318 2899 5391 σωτηρίαν
2928 5317 3253 5390 προῦθηκεν.

2134 5414 2436 5484 Ἕλεήμων
2461 5412 2560 5467 καὶ
2596 5412 2910 5480 οἰκτίρμων
2941 5411 2975 5464 ό
3011 5410 3246 5478 Κύριος.
3309 5407 3488 5463 Πάλαι
3523 5407 3638 5479 μὶν

2052 5505 2413 5581 ἐπηγγείλατο
2433 5505 2521 5562 διὰ
2537 5503 2646 5560 τῶν
2676 5500 2968 5576 προφητῶν
2998 5499 3243 5576 αὐτοῦέν
3270 5499 3347 5573 τῷ
3365 5500 3466 5573 τῆς
3488 5502 3641 5561 otia.
