3778 6276
130 299 233 355 ισὸ
963 285 1001 320 ο

1243 310 1608 371 EXPOSITIO
1644 315 1715 371 IN
1749 315 2083 378 PSALMUM
2120 324 2281 382 CXH.

3280 336 3383 392 466

130 416 331 486 mula;
361 416 543 486 καιρῷ
567 418 814 490 ποιήσειν
838 420 1117 493 θαυμάσια
1135 443 1150 458 ’
1178 427 1247 481 τὰ
1266 432 1406 486 αὐτὰ
1430 434 1613 490 ἐκεῖνα
1639 437 1703 490 ὲκ

1835 440 2096 500 mirabilia
2133 446 2421 517 facturum,
2453 450 2751 522 eademque
2782 452 2900 523 ipsa
2932 453 3155 524 implere
3191 455 3385 511 voluit.

133 505 381 577 πληροῦν
430 506 699 577 ἠθέλησε·
761 512 883 563 ποῖα
927 511 983 564 δὲ
1016 508 1084 584 ἦν
1130 514 1165 569 ἆ
1209 520 1598 589 ἐπηγγείλατο,
1661 524 1718 595 ἢ.

135 600 266 651 Τότε
326 596 803 665 ἀναχθήσονται
847 602 1136 673 ὀφθαλμοὶ
1171 610 1450 678 τυφλῶν,
1509 615 1602 668 καὶ
1652 614 1722 670 τὰ

128 688 289 741 λοιπὰ
341 688 462 741 τῶν
511 690 786 759 σημείων;
818 695 880 747 οὐ
924 697 1032 767 μὴν
1066 697 1200 752 ἀλλά
1252 704 1343 756 καὶ
1391 704 1497 757 τῶν
1550 706 1719 761 ἐθνῶν

130 781 392 834 ἁπάντων
421 783 460 851 ὴ
492 781 707 852 κλῆσις,
732 786 799 856 ἣν
824 786 916 839 καὶ
946 788 1086 860 λόγῳ
1121 793 1213 845 καὶ
1242 792 1387 865 ἔργῳ
1414 797 1716 853 ἐπετέλεσε.

134 870 370 939 ΤῙοεςὴν
393 871 591 926 ἔδωκε
622 875 747 941 τοῖς
771 879 1164 947 φοϐουμένοις
1202 885 1407 939 αὐτόν.
1464 888 1565 941 Τὸν
1595 906 1719 961 νοη-

129 964 210 1017 τὸν
234 964 412 1034 ἄρτον
453 966 611 1035 φησὶ,
644 966 733 1020 τὸν
759 969 817 1035 ἐξ
851 971 1093 1042 οὐρανῶν
1125 976 1451 1033 καταϐάντα.

188 1056 638 1123 Μνησθήσεται
689 1061 778 1127 εὶς
811 1061 918 1114 τὸν
950 1063 1135 1118 αἰῶνα
1182 1066 1472 1136 διαθήκης
1507 1072 1715 1127 αὐτοῦ.

128 1146 401 1217 Ambigua;
427 1148 531 1219 τῆς
562 1150 698 1220 πρὸς
724 1152 815 1204 τὸν
849 1154 1125 1226 Ἀϐραάμ·
1153 1159 1234 1212 ὃτι
1256 1162 1717 1232 Εὑλογηθιξσον-

132 1252 213 1291 ται
241 1239 316 1290 ἐν
340 1239 688 1294 σοὶ·πάντα
717 1242 788 1296 τὰ
819 1243 985 1314 ἔθνη.
1046 1248 1256 1319 Ἰσχὺν
1282 1252 1470 1322 ἔργων
1505 1256 1710 1310 αὑτοῦ.

138 1329 190 1382 '0
213 1331 615 1396 ἀποστολικδς,
644 1335 797 1404 φησὶ,
822 1338 979 1408 χορὸς
1004 1339 1080 1410 τῷ
1103 1340 1354 1413 κληθέντι
1380 1344 1513 1414 πρὸς
1535 1345 1713 1399 πίστιν

128 1418 230 1490 λαῷ
281 1420 389 1491 τὴν
449 1423 607 1493 ἰσχὺν
640 1423 747 1478 τῶν
781 1426 957 1498 ἔργων
990 1430 1277 1502 ἀνήγγειλε
1307 1434 1401 1487 τοῦ
1438 1436 1671 1509 Χριστοῦ
1694 1455 1708 1468 ο

129 1514 235 1566 ἀντὶ
264 1515 367 1568 τοῦ
387 1532 405 1545 ο
460 1516 621 1571 Δύτὰ
647 1518 719 1572 τὰ
747 1520 883 1593 ἔργα
907 1523 944 1578 ἃ
983 1525 1069 1579 ἀεὶ
1100 1526 1388 1599 ἐργάζεται
1416 1532 1475 1584 ὲν
1503 1534 1570 1604 τῇ
1606 1531 1712 1605 ίδίᾳ

129 1606 281 1675 ierit.

138 1698 532 1769 ’ωηλούτω
567 1703 683 1773 Τῆς
711 1705 1081 1779 ἐπιστροφῆς
1109 1713 1373 1784 Ἀγγαίου
1395 1716 1495 1771 καί
1522 1720 1713 1789 Ζαχα-

584 1796 745 1862 ρίου.
776 1799 1076 1856 ΨΑΛΜΟΣ
1096 1807 1259 1860 PIA'.

189 1882 505 1973 Πακάριος
552 1889 587 1939 ὀ
637 1888 797 1959 ἀνὴρ
836 1894 869 1945 ὁ
898 1896 1267 1965 φοϐούμενος
1308 1900 1419 1954 τὸν
1459 1902 1716 1973 Κύριον,

125 1970 186 2022 ir
237 1972 378 2039 ταῖς
435 1975 724 2043 ἐντολαῖς
766 1981 954 2035 αὐτοῦ
991 1985 1233 2054 θελήσει
1295 1989 1549 2057 σφόδρα.
1627 1970 1719 2045 Ἐν

132 2063 294 2136 mare;
319 2066 649 2123 διδάσκεται
679 2072 709 2124 ὁ
735 2074 1091 2141 ἀποστολικδς
1121 2080 1301 2151 χορὸς,
1335 2082 1410 2145 ὡς
1436 2085 1468 2153 ἡ
1499 2083 1607 2136 τῶν
1635 2085 1720 2137 ὲν-

126 2153 281 2207 τολῶν
295 2156 685 2229 ἐκπλήρωσις,
707 2164 1006 2235 μακαρίους
1025 2169 1151 2232 τοὺς
1167 2170 1563 2241 ἐργαζομένους
1587 2174 1719 2227 ἀπο-

129 2247 390 2312 φαίνουσα
405 2288 422 2313 ,
448 2250 667 2319 ἀγαθὰς
691 2255 1015 2325 προσδοκίας
1038 2260 1118 2323 είς
1153 2261 1244 2314 τὸν
1268 2262 1525 2333 μέλλοντα
1546 2264 1718 2321 αίῶνα

134 2339 454 2409 παρέχεται.

191 2432 489 2489 Δυνατὸν
529 2434 603 2488 ἐν
650 2435 726 2506 τῇ
774 2437 852 2507 γῇ
882 2439 1051 2496 ἔσται
1100 2442 1167 2497 τὸ
1222 2446 1460 2517 σπέρμα
1506 2452 1713 2508 αὐτοῦ.

123 2524 344 2615 Σπέρμα
384 2526 492 2591 τὰς
523 2528 735 2597 ἀγαθὰς
763 2535 992 2607 πράξεις
1016 2537 1179 2607 φησὶν
1204 2578 1219 2601 ,
1256 2539 1314 2594 αἳ
1351 2542 1445 2595 καὶ
1488 2542 1716 2615 δύναμιν

123 2614 298 2680 ἕξουσι
332 2621 723 2693 πνευματικὴν
756 2626 835 2688 εἰς
853 2626 1067 2697 ἐκείνην
1100 2628 1198 2700 τὴν
1231 2632 1453 2702 πραέων
1486 2634 1609 2705 γῆν,
1628 2614 1715 2700 είς

122 2707 179 2759 τὸ
203 2709 515 2764 ἀπολαϐεῖν
543 2714 744 2779 αὐτοὺς
770 2710 845 2769 ὧν
870 2719 1196 2789 εἰργάσαντο
1223 2721 1323 2786 τὰς
1348 2724 1602 2795 ἀμοιϐάς.

188 2801 345 2865 Δόξα
376 2803 481 2856 καὶ
517 2805 787 2873 πλοῦτος
805 2808 876 2862 ἐν
900 2809 982 2875 τῷ
1003 2812 1149 2879 οἴκῳ
1177 2814 1385 2869 αὑτοῦ.
1427 2817 1537 2870 Καὶ
1565 2819 1599 2888 ή
1624 2817 1707 2871 δύο

125 2891 186 2957 ξα
215 2897 313 2948 καὶ
338 2896 370 2948 ὁ
402 2896 639 2962 πλοῦτος
668 2898 742 2971 μὴ
774 2901 881 2955 τῶν
912 2905 1339 2976 παρερχομένων
1382 2907 1712 2977 λογιζέσθω“

125 2983 271 3037 οὐδὲν
298 2985 415 3057 γὰρ
448 2988 641 3058 ὅμοιον
678 2991 831 3062 παρὰ
857 2995 969 3057 τοῖς
998 2995 1173 3063 ἁγίοις
1202 2997 1536 3068 εὑρίσκεται.

202 3076 628 3141 Ἐξανέτειλεν
670 3082 741 3135 ἐν
782 3085 984 3139 σκότει
1014 3085 1140 3155 φῶς
1177 3087 1300 3153 τοῖς
1330 3089 1553 3145 εὺθέσι.
1614 3090 1712 3146 Διά

68 3232 81 3245 θ
126 3168 219 3237 τῆς
244 3169 514 3236 γνώσεως
548 3172 768 3243 καὶτῆς
798 3174 1163 3241 διδασκαλίας.
1216 3179 1312 3243 Τίς
1335 3180 1390 3235 δὲ
1408 3222 1423 3245 ,
1455 3182 1487 3253 ἢ
1516 3184 1544 3236 ὀ
1577 3183 1712 3237 ἀπο-

128 3259 371 3325 στολικδς
412 3263 581 3334 χορὸς
612 3266 641 3317 ὁ
675 3264 773 3336 τὴν
799 3266 1069 3334 ἀγνωσίαν
1098 3269 1356 3337 ἐξελάσας
1404 3272 1515 3328 τῶν
1546 3274 1714 3330 ἐθνῶν

134 3347 218 3401 διὰ
248 3350 349 3404 τοῦ
380 3353 743 3422 εὐαγγελικοῦ
777 3358 1133 3430 κηρύγματος
1149 3377 1164 3427 ;

197 3442 603 3510 Οἰκονομήσει
636 3445 781 3512 τοὺς
810 3449 1030 3517 λόγους
1055 3450 1242 3505 αὑτοῦ
1278 3451 1349 3505 ἐν
1373 3452 1586 3520 κρίσει.
1637 3456 1714 3511 Οὐ

130 3527 207 3581 δεῖ
230 3529 345 3601 γὰρ
374 3531 567 3596 ἁπλῶς
601 3535 694 3588 καὶ
725 3536 962 3608 ἀκρίτως
995 3526 1129 3593 πᾶσι
1171 3540 1452 3613 προθεῖναι
1484 3545 1580 3615 τῆς
1615 3563 1716 3616 μυ-

134 3623 445 3691 σταγωγίας
480 3624 572 3679 τὸν
598 3626 775 3695 λόγον.
813 3630 924 3682 Καὶ
953 3631 1112 3685 τοῦτο
1135 3627 1204 3704 ἦν
1235 3633 1265 3687 ὃ
1292 3630 1445 3689 εἶπεν
1473 3637 1657 3702 αὐτοῖς
1685 3639 1714 3691 ὁ

134 3713 336 3785 Κύριος
357 3733 371 3746 ·
406 3716 507 3785 Μὴ
531 3718 757 3781 ,ϐάλετε
781 3722 853 3775 τὰ
876 3723 1013 3793 ἅγια
1036 3725 1157 3789 τοῖς
1181 3727 1388 3781 κυσίν.

211 3808 356 3862 Ἀπὸ
404 3809 597 3878 ἀκοῆς
644 3812 910 3881 πονηρᾶς
940 3818 1010 3869 οὐ
1051 3817 1475 3887 φοϐηθήσεται.
1551 3820 1714 3876 Οὐδὲν

133 3898 236 3970 γὰρ
266 3899 412 3970 πρὸς
444 3901 572 3965 τοὺς
603 3902 788 3971 ἁγίους
817 3904 925 3959 τῶν
951 3906 1325 3980 κολαζομένων
1349 3912 1377 3965 ὁ
1404 3910 1586 3981 φόϐος.
1685 3932 1713 3977 ω

208 3990 630 4059 Ἐσκόρπισεν,
650 3994 834 4051 ἔδωκε
861 3997 986 4064 τοῖς
1010 3998 1249 4067 πένησι.
1304 4002 1546 4075 Πένητας
1582 4006 1713 4059 κάν-

134 4081 304 4136 ταῦθα
336 4085 467 4147 τοὺς
493 4085 691 4150 ἐνδεεῖς
718 4090 933 4160 νοήσεις
955 4088 1051 4144 τοῦ
1090 4091 1234 4146 θείου
1261 4092 1419 4162 λόγου
1437 4134 1453 4159 ,
1482 4095 1553 4149 τὰ
1581 4096 1709 4169 ἔθνη

134 4172 376 4245 δηλονότι
399 4191 413 4206 ⁸
446 4176 495 4229 οἳ
533 4178 796 4249 γεωργῶν
828 4180 981 4251 δίκην
1013 4182 1106 4236 τὸν
1131 4184 1319 4255 νοητὸν
1344 4188 1712 4259 κατέσπειραν

135 4265 310 4335 λόγον.
332 4267 500 4322 Οὗδὲν
520 4270 630 4342 γὰρ
650 4271 847 4325 κωλύει
865 4273 960 4326 καὶ
984 4274 1268 4347 ἱστορικῶς
1284 4278 1416 4331 αὐτὸ
1434 4278 1708 4346 δέξασθαι.

146 4356 213 4410 Ἦ
244 4357 604 4429 δικαιοσύνη
632 4362 817 4417 αὑτοῦ
832 4363 1001 4432 μένει
1022 4367 1108 4432 είς
1131 4366 1237 4420 τὸν
1263 4365 1469 4433 αἰῶνα,
1498 4370 1595 4422 καὶ
1644 4369 1712 4424 τά

1828 532 2085 599 Quasnam
2129 554 2258 594 vero
2298 541 2568 611 promisit,
2611 542 2715 597 nisi
2744 559 2850 598 ea:
2905 541 3049 598 Tum:
3089 546 3387 614 aperientur

1827 625 1966 679 oculi
1992 645 2247 683 ειεεονιιηι
2273 632 2339 697 ’⁸,
2367 641 2420 688 et
2449 634 2652 704 reliqua
2684 634 2837 706 signa
2863 635 2887 689 ’ί
2916 636 3026 708 imo
3057 650 3185 691 vero
3213 635 3387 707 ipsam

1826 717 2066 785 gentium
2101 722 2345 776 omnium
2375 724 2738 792 vocationem,
2768 740 2931 795 quam
2959 726 3126 781 verbo
3152 734 3205 781 et
3225 742 3388 795 opere

1824 809 2084 880 implevit.
2135 812 2327 868 Escam
2374 815 2518 869 dedit
2566 817 2865 871 timentibus
2910 834 2984 872 se.
3038 816 3386 889 Spiritualem

1823 916 2016 972 panem
2043 903 2197 969 dicit,
2232 907 2340 976 qui'
2358 906 2426 962 de
2464 907 2621 963 caelis
2659 907 2959 965 descendit.

1891 1082 1943 1137 5.
1974 1081 2177 1138 Memor
2213 1086 2311 1138 erit
2337 1085 2391 1139 in
2437 1087 2688 1141 steculum
2720 1088 3014 1142 testamenti
3042 1088 3147 1142 sui.
3197 1085 3385 1153 Testa-

1820 1175 1989 1229 menti
2024 1175 2232 1231 scilicet
2267 1192 2391 1232 cum
2428 1178 2738 1233 Abrahamo
2767 1178 2949 1248 pacti:
2982 1177 3051 1232 In
3087 1189 3135 1233 te
3172 1178 3378 1233 benedi-

1820 1275 2000 1320 centur
2024 1283 2199 1323 omnes
2246 1272 2513 1339 gentes".
2583 1270 2835 1326 Virtutem
2879 1287 3091 1341 operum
3144 1286 3379 1327 suorum.

1817 1354 2168 1425 Apostolicus
2198 1359 2420 1427 chorus,
2448 1361 2644 1431 inquit,
2672 1363 2873 1433 populo
2890 1363 2955 1418 ad
2980 1361 3139 1417 [idem
3161 1370 3378 1428 vocato,

1817 1446 2070 1501 virtutem
2113 1462 2336 1517 operum
2393 1451 2595 1507 Christi
2651 1454 3010 1519 annuntiavit,
3042 1454 3251 1510 scilicet
3315 1469 3379 1509 ea

1816 1537 1933 1611 ipsa
1971 1556 2134 1611 opera
2166 1558 2288 1613 quae
2321 1545 2537 1614 propria
2573 1545 2772 1602 virtute
2803 1561 3016 1618 semper
3045 1555 3322 1617 operatur.

1990 1710 2246 1768 Alleluia.
2265 1713 2593 1770 Reversionis
2621 1716 2802 1786 Aggaai
2832 1726 2881 1772 et
2915 1715 3213 1772 Zacharias.

2334 1804 2672 1861 PSALMUS
2713 1806 2864 1864 CXI.

1891 1893 1941 1950 1.
1968 1894 2165 1952 Beatus
2185 1897 2266 1951 vir
2288 1899 2377 1965 qui
2402 1899 2548 1952 timet
2573 1898 2879 1967 Dominum,
2898 1902 2951 1954 in
2976 1900 3237 1955 mandatis
3264 1899 3379 1970 ejus

1817 1987 1951 2041 volet
1999 1990 2177 2043 nimis.
2239 1988 2297 2044 ln
2334 1989 2438 2046 hoc
2490 1991 2715 2047 docetur
2762 1992 3093 2061 apostolicus
3129 1991 3329 2048 chorus
3359 2032 3376 2057 ,

1817 2078 2197 2134 mandatorum
2226 2081 2685 2148 observationem,
2717 2082 2908 2138 beatos
2933 2098 3028 2139 eos
3054 2082 3260 2139 allicere
3284 2082 3377 2152 qui

1816 2168 1909 2225 illa
1961 2185 2121 2239 opere
2155 2171 2450 2242 complent,
2496 2182 2551 2228 et
2602 2172 2802 2228 bonam
2836 2188 2986 2243 spem
3028 2174 3095 2228 ad
3132 2172 3376 2228 futurum

1815 2261 2074 2316 saeculum
2104 2262 2366 2334 praebere.

1883 2435 1938 2490 2.
1977 2433 2172 2492 Potens
2206 2436 2259 2492 in
2290 2446 2432 2491 terra
2478 2438 2581 2493 erit
2622 2454 2792 2492 semen
2831 2438 2963 2508 ejus.
3016 2435 3212 2493 Semen
3243 2436 3375 2493 dicit

1812 2526 1953 2582 bona
1984 2543 2174 2599 opera,
2205 2545 2325 2600 qua:
2353 2530 2607 2585 virtutem
2644 2530 2919 2585 habebunt
2948 2529 3281 2600 spiritualem
3316 2529 3373 2584 in

1813 2615 1906 2671 illa
1930 2626 2347 2674 mansuetorum
2378 2628 2544 2685 terra,
2571 2619 2647 2673 ita
2676 2628 2736 2674 ut
2767 2620 3070 2675 mercedem
3098 2619 3220 2675 istic
3247 2634 3374 2690 ope:

1811 2724 1931 2763 rum
1958 2710 2251 2779 accipiant.

1881 2799 1935 2853 5.
1968 2800 2149 2855 Gloria
2179 2815 2227 2857 et
2257 2803 2454 2859 divitias
2482 2805 2535 2858 in
2569 2804 2723 2858 domo
2747 2804 2884 2874 ejus.
2916 2803 3097 2859 Gloria
3140 2812 3194 2858 et
3237 2803 3374 2859 divi-

1810 2890 1899 2946 tiae
1930 2891 2036 2947 illze
2073 2909 2142 2948 ne
2169 2895 2547 2951 existimentur
2575 2896 2736 2951 ﬂuxas
2766 2904 2821 2951 et
2853 2896 3179 2953 transitoria
3205 2911 3327 2969 esse
3353 2914 3370 2963 ;

1810 2982 1944 3037 nihil
1976 2984 2174 3054 quippe
2195 2985 2372 3042 simile
2405 2986 2459 3041 in
2491 2988 2697 3065 sanctis
2730 2986 3013 3056 reperitur.
3218 3052 3279 3064 η
3303 3054 3348 3067 υ

1879 3073 1934 3127 4.
1964 3073 2228 3130 Exortum
2252 3085 2327 3131 est
2370 3078 2425 3131 in
2458 3064 2679 3133 tenebris
2719 3078 2893 3132 lumen
2926 3078 3099 3131 rectis.
3132 3074 3235 3133 Per
3281 3064 3374 3130 co-

1817 3165 2112 3236 gnitionem
2151 3175 2205 3221 et
2254 3184 2351 3239 per
2395 3169 2719 3224 doctrinam.
2757 3168 2913 3235 Quod
2945 3178 3122 3224 autem
3159 3168 3371 3235 lumen,

1813 3259 1920 3315 nisi
1951 3258 2277 3329 apostolicus
2303 3260 2522 3327 chorus,
2557 3262 2650 3331 qui
2691 3278 2787 3333 per
2824 3261 3200 3330 evangelicam
3238 3273 3375 3329 pm-

1816 3351 2146 3407 dicationem
2178 3352 2539 3423 ignorantiam
2566 3370 2596 3408 a
2624 3355 2876 3425 gentibus
2903 3352 3235 3410 eliminavit?

1881 3443 1938 3499 5.
1992 3444 2244 3514 Disponet
2278 3462 2541 3500 sermones
2576 3463 2698 3501 suos
2729 3448 2784 3501 in
2820 3446 3047 3517 judicio.
3098 3442 3217 3501 Non
3276 3458 3376 3514 par

1814 3543 1900 3591 est
1929 3536 2074 3591 enim
2106 3544 2311 3591 temere
2340 3545 2394 3591 et
2424 3536 2823 3597 inconsiderate
2868 3537 3126 3592 omnibus
3178 3544 3377 3606 myste-

1814 3627 2024 3681 riorum
2053 3627 2214 3682 verba
2242 3642 2563 3697 proponere.
2598 3626 2665 3682 Et
2690 3628 2793 3683 hoc
2826 3638 2946 3683 erat
2979 3627 3120 3698 quod
3164 3625 3378 3681 dicebat

1813 3718 1920 3772 illis
1948 3716 2212 3775 Dominus
2243 3737 2258 3773 :
2289 3717 2470 3774 Nolite
2493 3720 2750 3790 projicere
2778 3728 2966 3775 sancta
2999 3718 3216 3774 canibus
3234 3718 3301 3773 ⁸⁵.

1882 3809 1938 3864 7.
1965 3808 2043 3863 Ab
2073 3809 2343 3865 auditione
2365 3810 2509 3865 mala
2534 3826 2638 3866 non
2670 3809 2889 3866 timebit.
2933 3810 3150 3867 Sanctis
3193 3810 3376 3866 nullus

1811 3900 1956 3957 inest
1984 3904 2149 3958 timor
2179 3903 2442 3973 supplicia
2482 3903 2811 3959 videntibus.

1881 3997 1935 4052 9.
1969 3996 2245 4069 Dispersit,
2274 3997 2414 4053 dedit
2440 3996 3059 4070 pauperibus.Pauperes
3089 3997 3250 4055 etiam
3289 3997 3378 4054 hic

1812 4088 2083 4159 intelligas
2110 4102 2310 4158 egenos
2341 4087 2509 4143 divini
2546 4089 2720 4155 verbi,
2763 4088 2968 4143 scilicet
2997 4098 3183 4159 gentes
3210 4106 3225 4142 :
3254 4104 3376 4158 quae

1810 4180 2175 4251 agricolarum
2225 4195 2376 4235 more
2420 4180 2700 4251 spirituale
2740 4180 2965 4235 verbum
3012 4181 3371 4234 seminarunt.

1808 4271 1957 4328 Nihil
1992 4272 2139 4329 enim
2182 4282 2350 4339 vetat,
2396 4274 2692 4342 quominus
2721 4273 2837 4327 haec
2887 4271 3145 4326 historice
3179 4270 3378 4325 intelli-

1811 4374 2025 4436 gantur.
2058 4362 2280 4417 Iustitia
2303 4364 2414 4432 ejus
2444 4371 2620 4416 manet
2649 4363 2705 4416 in
2746 4361 2996 4416 steculum
3029 4359 3231 4426 saeculi,
3270 4367 3375 4418 etC.

138 4448 279 4520 ἑξῆς.
350 4449 461 4503 Τοῦ
507 4449 882 4523 διανείμαντας
949 4455 1189 4527 δηλονότι
1234 4458 1327 4510 τὸν
1363 4458 1705 4527 εὐαγγελικὸν

1835 4456 1950 4526 Ejus
2000 4455 2208 4511 scilicet
2252 4454 2347 4525 qui
2390 4454 2764 4524 evangelicum
2812 4466 3117 4509 sermonem
3162 4452 3379 4524 dispen-

138 4557 313 4610 ωτονο

214 4632 596 4702 Ἀμιιρτωλὸς
622 4635 831 4703 ὄψεται
864 4637 961 4691 καί
1008 4638 1446 4708 δργισθήσεται.
1513 4644 1709 4714 Ἀμαρ-

139 4723 304 4777 τωλδν
339 4724 435 4777 τὸν
466 4724 713 4779 διάϐολόν
757 4745 949 4799 φησιν,
997 4730 1055 4795 ὃς
1099 4731 1194 4784 καὶ
1244 4733 1564 4804 σωζομένων
1604 4735 1715 4789 τῶν

140 4813 303 4869 ἐθνῶν
335 4818 749 4889 ἀγανακτήσει,
783 4820 877 4873 ἆτε
910 4822 1010 4893 τὴν
1059 4823 1275 4877 πάντων
1318 4824 1550 4897 διψήσας
1609 4828 1716 4882 ἀπ-

141 4906 352 4965 ὡλειαν.

455 5004 771 5058 ΨΑΛΜΟΣ
803 5006 967 5062 PIB'.
1008 5006 1388 5076 Ἀλληλούτα.

749 5096 761 5113 ⁹
773 5098 1081 5165 Υπόθεσις.

152 5183 235 5238 ’ἓν
260 5184 440 5256 τούτῳ
472 5184 783 5241 διδάσκεται
813 5190 844 5242 ὁ
873 5189 990 5254 νέος
1015 5189 1142 5255 λαὸς
1169 5191 1504 5246 ἀδιάλειπτον
1542 5191 1710 5263 ὕμνον

206 5278 542 5350 πρρσφὲρειν
596 5277 677 5349 τῷ
726 5278 1157 5353 λυτρωσαμένῳο
1210 5284 1327 5353 ἅμα
1352 5283 1409 5337 δὲ
1457 5283 1551 5339 καὶ
1601 5283 1711 5341 τῶν

202 5368 369 5421 ἐθνῶν
403 5369 659 5423 ἁπάντων
687 5387 897 5444 καταση
907 5372 1082 5442 μαίνει
1106 5373 1205 5446 τὴν
1241 5375 1451 5446 κλῆσιν.

205 5460 452 5524 Αἰνεῖτε,
479 5461 706 5528 παῖδες,
761 5462 869 5517 τὸν
893 5466 1112 5535 Κύριον
1134 5506 1149 5532 ,
1182 5466 1406 5528 αὶνεῖτε,
1426 5466 1493 5522 τὸ
1525 5466 1709 5536 ὄνομα

143 5552 242 5607 τοῦ
262 5552 512 5621 Κυρίου.
545 5554 864 5610 Διδάοκεται
892 5558 923 5611 ὁ
945 5557 1064 5622 νέος
1085 5559 1234 5625 λαὸς,
1265 5559 1375 5625 ὡς,
1408 5560 1457 5627 εί
1485 5558 1580 5614 καὶ
1618 5560 1710 5613 ἀν-

217 5731 381 5790 “lsa.
403 5749 573 5806 xxxv,
604 5734 659 5792 5.
730 5736 775 5771 "
797 5735 933 5794 Gen.
970 5753 1119 5805 χιιι,
1145 5739 1199 5797 5.
1269 5740 1317 5826 'f
1336 5736 1521 5795 Matth.
1550 5752 1642 5806 vn,
1662 5737 1715 5795 6.

1817 4555 1921 4603 sat.

1890 4643 1978 4697 10.
2041 4641 2297 4697 Peccator
2344 4639 2534 4695 videbit
2585 4650 2635 4695 et
2699 4642 2980 4699 irascetur.
3034 4638 3377 4698 Peccatorcm

1817 4733 1906 4789 hic
1934 4732 2211 4788 diabolum
2248 4740 2429 4799 vocat,
2483 4732 2575 4801 qui
2629 4732 2881 4803 gentibus
2911 4734 3141 4790 salutem
3189 4748 3383 4789 conse-

1816 4824 2114 4897 quentibus
2149 4824 2436 4893 irascetur,
2472 4833 2658 4895 utpote
2685 4826 2779 4896 qui
2805 4828 3052 4882 omnium
3081 4826 3377 4897 perniciem

1814 4913 1984 4970 sitiat.

2178 5001 2517 5060 PSALJIUS
2548 5001 2731 5061 CXII.
2761 5005 3013 5063 Alleluia.

2401 5095 2797 5167 Argumentum.

1815 5184 1874 5240 in
1900 5187 2007 5241 hoc
2037 5186 2263 5241 docetur
2297 5201 2469 5242 novus
2499 5188 2750 5257 populus,
2785 5187 3047 5257 hymnum
3092 5184 3378 5241 incessan-

1886 5286 1967 5333 ter
1998 5277 2280 5332 liberatori
2334 5276 2618 5348 proferre:
2674 5286 2837 5349 atque
2887 5292 2996 5333 una
3041 5276 3377 5350 signiﬁcatur

1886 5369 2132 5425 omnium
2163 5368 2407 5439 gentium
2447 5368 2682 5423 vacatio.

1885 5459 1936 5515 1.
1968 5459 2232 5527 Laudale,
2260 5460 2431 5530 pueri,
2467 5458 2772 5525 Dominum,
2800 5458 3016 5515 laudate
3043 5475 3224 5516 nomen
3272 5458 3378 5513 Do-

1814 5552 1964 5608 mini.
2010 5551 2245 5610 Docetur
2273 5564 2474 5625 .uovus
2533 5551 2800 5623 populus,
2861 5549 3379 5629 etiamsi_D,omiuus
