3778 6276
352 347 456 403 ιω·
550 319 555 327 ’
1198 345 1254 400 s.
1295 336 1665 397 ATHANASil
1701 334 1853 394 opp.
1894 335 1973 390 es

2135 331 2194 388 ll.
2232 360 2301 371 --
2338 327 2746 386 EXEGETICA.
3473 319 3586 376 468

356 470 544 519 noster
582 467 896 530 assumptus
943 440 1014 514 sit
1059 457 1111 511 in
1154 456 1372 512 dextera
1424 455 1617 519 Patris,
1675 461 1908 508 attamen
1938 456 1973 511 Α

2135 447 2219 517 nn
2235 449 2263 500 6
2288 445 2491 517 Κύριος
2514 443 2693 517 ἡμῶν,
2724 442 2816 497 καὶ
2836 440 2980 494 ἐστιν
3002 439 3059 492 ὲν
3072 435 3219 508 δεξιᾷ
3238 434 3331 489 τοῦ
3350 431 3594 506 Πατρδς,

358 555 521 608 etiam
556 568 702 608 nunc
734 551 943 622 plenam
983 565 1103 606 esse
1134 563 1349 605 omnem
1381 556 1580 604 terram
1611 530 1665 600 et
1694 542 1797 599 frui
1829 542 1913 596 vi-

2160 533 2252 591 οὖν
2276 538 2372 590 καὶ
2400 536 2571 600 οὕτως
2600 535 2810 607 πλήρης
2842 531 2958 586 ἐστὶ
2987 531 3134 584 πᾶσα
3155 529 3189 600 ἡ
3208 527 3319 598 γῆλ
3337 526 3426 580 καὶ
3453 526 3600 578 ἀπο-

362 645 615 699 sitatione
646 644 784 713 ejus.

2135 646 2172 683 ει
2200 629 2297 701 τῆς
2329 628 2634 699 ἐπισκοπῆς
2665 624 2851 681 αὐτοῦ.

435 733 486 788 7.
524 705 801 789 δοιοὶ-ιαηε
843 747 875 785 a
912 740 1054 785 terra
1100 731 1325 800 inopem.
1357 727 1616 783 Videlicet
1677 723 1918 797 gentium

2135 726 2163 775 9
2200 721 2442 793 ἐγείρων
2493 716 2610 774 ἀπὸ
2665 715 2775 789 γῆς
2838 714 3093 786 πτωχόν.
3151 710 3255 765 Τὸν
3305 705 3603 762 τῶνὲθνῶν

362 824 642 897 pupulum.

2135 813 2259 867 ›νότι
2291 811 2438 868 λαόν.
2805 825 2813 833 ·

436 891 490 972 θ.
525 914 629 981 Qui
682 913 920 968 habitare
977 914 1106 983 facit
1138 913 1368 968 sterilem
1390 911 1446 965 in
1490 909 1663 964 domo.
1714 906 1924 962 Sterilis

2135 910 2168 957 υ
2187 902 2527 964 κατοικίζων
2543 900 2792 968 στεῖραν
2815 898 2885 953 ἐν
2903 898 3065 963 οἴκῳ.
3093 895 3290 968 Στείρα
3315 893 3410 966 μὲν
3431 894 3465 964 η
3486 891 3608 946 τῶν

367 1004 470 1061 fuit
500 1005 742 1077 gentium
772 1003 1084 1070 multitudo,
1108 1018 1230 1072 quas
1261 1001 1457 1056 domus
1482 996 1585 1052 fuit
1606 994 1922 1067 spiritualis,

2135 995 2195 1049 Iw
2242 993 2451 1066 πληθὺς
2474 1033 2490 1058 ,
2538 993 2660 1063 ἥτις
2690 992 2783 1045 καὶ
2813 986 2960 1053 οἶκος
2990 989 3180 1058 γέγονε
3211 984 3607 1057 πνευματικὸς,

370 1074 557 1167 utpote
589 1110 711 1166 quae
740 1093 1030 1149 Dominum
1075 1091 1468 1147 inhabitantem
1502 1087 1771 1144 habuerit.
1805 1084 1929 1140 Fuit

2153 1089 2243 1142 τὸν
2273 1086 2477 1160 Κύριον
2506 1085 2709 1139 ἔνοικον
2735 1084 2951 1156 ἔχουσα.
3013 1080 3209 1150 Γέγονε
3245 1078 3302 1133 δὲ
3334 1077 3430 1131 καὶ
3467 1074 3574 1129 πολ
3594 1104 3610 1114 ο

370 1188 536 1243 etiam
565 1185 859 1241 multorum
894 1184 1128 1240 filiorum
1165 1190 1338 1237 mater
1385 1195 1510 1237 cum
1543 1178 1748 1234 laetitia.
1794 1174 1929 1230 Nam

2135 1208 2136 1211 η
2164 1178 2366 1232 τέκνων
2396 1177 2575 1250 μήτηρ
2603 1176 2718 1248 μετ’
2744 1171 3098 1245 εὐφροσύνης.
3137 1168 3343 1247 Έσώθη
3369 1167 3486 1239 γὰρ.
3506 1167 3616 1219 αύ-

372 1276 470 1333 tilii
494 1277 614 1347 ejus
644 1291 741 1346 per
761 1274 920 1330 tidem
954 1276 1007 1329 in
1031 1273 1311 1329 Christum
1341 1274 1570 1328 salutem
1615 1267 1760 1323 nacti
1782 1275 1929 1322 sunt.

2157 1271 2225 1324 τά
2248 1270 2411 1325 τέκνα
2430 1269 2518 1322 διὰ
2543 1268 2641 1339 τῆς
2664 1267 2898 1329 πίστεως
2922 1265 3020 1336 τῆς
3047 1264 3127 1328 εἰς
3161 1259 3413 1334 Χριστόν.
3446 1258 3612 1327 Ἔχει

373 1363 488 1423 Hoc
517 1375 695 1421 autem
725 1365 1015 1420 discrimen
1040 1373 1123 1420 est
1150 1364 1288 1419 inter
1323 1376 1442 1417 eam
1487 1372 1540 1416 et
1572 1357 1931 1431 Synagogam,

2135 1380 2240 1416 τινα
2278 1361 2372 1416 καὶ
2399 1358 2800 1429 ἀντιδιαστολὴν
2848 1356 2982 1428 πρὸς
3004 1353 3103 1426 τὴν
3135 1349 3452 1422 συναγωγὴν
3474 1387 3490 1411 ,
3519 1348 3613 1401 ὅτι

375 1458 521 1529 quod
566 1457 851 1530 Synagoga
883 1456 950 1512 de
986 1457 1112 1512 ﬁliis
1155 1456 1333 1512 lanata
1378 1469 1486 1509 non
1531 1451 1716 1517 fuerit,
1754 1458 1937 1521 utpote

2136 1453 2219 1525 ῐνη
2248 1453 2347 1506 οὐκ
2372 1450 2649 1522 εὐφράνθη
2680 1448 2771 1502 ἐπὶ
2814 1449 2926 1510 τοῖς
2948 1446 3191 1510 τέκνοις,
3236 1444 3330 1498 ἆτε
3361 1439 3617 1509 ἀπωλείᾳ

378 1550 634 1621 perniciei
671 1549 908 1605 traditis.
1693 1576 1699 1587 α

2135 1545 2511 1617 ναδεδομένοις.

733 1706 972 1761 ΡεΑιΜ
984 1705 1071 1763 US
1095 1706 1309 1763 CXIII.
1348 1706 1594 1760 Alleluia.

2368 1697 2665 1751 ΨΑΛΜΟΣ
2695 1694 2815 1747 PII‘
2828 1700 2861 1744 '.
2942 1688 3310 1745 Ἀλληλούῒα.

1974 1812 2016 1865 Β

966 1864 1364 1933 Argumentum.
1435 1852 1439 1856 ’

2666 1852 2679 1869 '
2691 1851 2998 1914 Υπόθεσις.

387 1997 444 2053 1η
474 2000 579 2054 hoc
612 2000 739 2054 item
797 1999 1006 2069 psalmo
1038 1967 1279 2068 gentium
1325 1993 1540 2048 vocatio
1588 1988 1944 2061 signiﬁcatur.

2135 1996 2157 2049 ὶ
2187 1995 2244 2049 ὲν
2275 1991 2450 2061 τούτῳ
2493 1992 2525 2060 ἡ
2565 1986 2753 2057 κλῆσις
2796 1984 2902 2037 τῶν
2931 1980 3101 2037 ἐθνῶν
3126 1976 3617 2050 κατασημαίνεται.

457 2090 537 2144 Ad
566 2091 701 2154 haec,
732 2089 979 2145 doctrina
1002 2086 1068 2141 ad
1102 2101 1198 2142 eos
1218 2085 1310 2155 qui
1346 2085 1577 2139 salutem
1603 2092 1949 2148 consequun-

456 2191 585 2246 tur;
622 2180 768 2251 quod
793 2189 948 2235 vetus
995 2185 1399 2240 testamentum,
1450 2172 1543 2228 Dei
1590 2185 1710 2227 esse
1752 2182 1951 2238 cogno-

457 2278 631 2336 scant,
664 2277 719 2324 et
751 2270 1034 2339 pristinam
1067 2268 1215 2323 illam
1250 2266 1478 2322 salutem
1521 2259 1707 2332 populi
1742 2274 1807 2314 ex
1838 2256 1950 2312 cir—

458 2361 814 2430 cumcisione,
843 2376 937 2432 per
964 2359 1254 2416 Dominum
1284 2357 1480 2413 factam
1516 2368 1656 2410 esse.

464 2452 517 2507 l.
551 2450 619 2505 In
643 2452 789 2505 exitu
812 2450 986 2506 Israel
1019 2451 1083 2505 de
1102 2448 1424 2520 zEgypto....
1457 2442 1628 2498 Facta
1652 2450 1726 2496 est
1761 2438 1955 2493 Judwa

392 2544 743 2613 sanctiﬁcatio
764 2543 898 2612 ejus.
925 2543 1084 2604 Cum,
1112 2543 1310 2611 inquit,
1333 2540 1594 2593 liberatus
1618 2544 1703 2591 est
1724 2530 1955 2604 populus

396 2653 428 2690 a
458 2637 718 2692 servitute
748 2634 1122 2707 Egyptiorutn
1148 2651 1163 2699 ;
1192 2642 1323 2687 tunc
1352 2629 1536 2685 Judma
1564 2627 1703 2683 facta
1733 2634 1816 2680 est
1837 2638 1959 2679 san-

397 2731 657 2787 etatieatio
691 2729 830 2799 ejus.
873 2725 991 2783 Non
1024 2728 1079 2781 in
1116 2728 1295 2782 solum
1347 2733 1526 2779 autem
1570 2719 1821 2776 lsraelem
1852 2716 1957 2771 im-

400 2821 630 2893 peravit,
684 2822 775 2877 sed
823 2821 959 2891 jam,
1011 2821 1124 2886 ait,
1179 2816 1433 2873 omnibus
1487 2811 1737 2885 gentibus
1789 2809 1959 2880 gratia

400 2914 579 2969 datur.

472 3004 527 3058 4.
569 3002 770 3057 Montes
799 3003 1190 3057 exsultaverunt
1221 3007 1277 3052 ut
1306 2999 1520 3052 arietes.
1548 2993 1684 3049 Cum
1715 2992 1857 3047 Deus
1907 2991 1959 3044 iu

2117 2080 2442 2137 (διδασκαλία
2466 2094 2527 2130 τε
2553 2075 2689 2147 πρὸς
2718 2071 2875 2126 τοῦτο
2899 2071 3080 2132 αὐτοῖς
3126 2069 3240 2130 τοῖς
3292 2064 3625 2135 σωζομένοις

2120 2174 2212 2226 ἐπὶ
2254 2171 2330 2242 τῷ
2362 2169 2457 2224 ml
2486 2167 2584 2238 τὴν
2609 2162 2853 2219 Παλαιὰν
2884 2160 3078 2214 εἰδέναι
3114 2157 3384 2229 Διαθήκην
3403 2196 3418 2221 ,
3451 2148 3627 2208 οὖσαν

2118 2263 2255 2319 Θεοῦ
2276 2303 2290 2327 ,
2323 2261 2417 2315 καὶ
2441 2258 2539 2331 τὴν
2566 2254 2838 2327 προτέραν
2886 2249 3152 2323 σωτηρίαν
3181 2247 3274 2302 τοῦ
3306 2249 3371 2301 ὲκ
3405 2262 3625 2319 περιτο-

2127 2358 2232 2428 μῆς
2263 2351 2391 2407 λαοῦ
2410 2393 2426 2419 ,
2458 2349 2547 2403 διὰ
2569 2345 2665 2401 τοῦ
2689 2344 2892 2417 Κυρίου
2922 2339 3311 2412 γεγενημένην.

2135 2450 2231 2502 Ἐν
2252 2443 2440 2511 ἐξόδῳ
2472 2438 2714 2509 Ἰσραήλ
2741 2479 2755 2493 .
2781 2477 2795 2490 .
2821 2473 2835 2491 .
2863 2474 2878 2490 .
2905 2475 2918 2488 .
2946 2473 2961 2487 .
2987 2472 3002 2487 .
3028 2473 3042 2487 .
3069 2471 3084 2487 .
3110 2472 3125 2486 .
3160 2428 3443 2500 Ἐτενήθη
3483 2428 3597 2481 ‘Iov
3615 2435 3631 2465 ³

2056 2541 2194 2596 δαια
2228 2537 2492 2607 ἁτίασμα
2524 2529 2729 2586 αὐτοῦ.
2786 2527 2915 2580 Ὅτε
2935 2564 2950 2589 ,
2988 2522 3152 2595 φησιν
3171 2561 3186 2584 ,
3214 2519 3498 2592 ἀπηλλάγη
3523 2517 3631 2586 τῆς

2056 2633 2164 2689 τῶν
2217 2625 2526 2700 Αἰγυπτίων
2575 2620 2851 2681 δουλείαςο
2880 2616 3001 2670 τότε
3036 2618 3069 2686 ἡ
3112 2610 3633 2700 Ίουδαξαάγίασμα

2057 2717 2222 2774 αὐτοῦ
2252 2695 2495 2785 γέγονεν.
2559 2710 2673 2763 Οὐκ
2713 2704 2877 2762 αὑτοῦ
2920 2702 2977 2757 δὲ
3019 2700 3233 2772 Ἰσραὴλ
3274 2695 3409 2771 ἦρξε
3440 2696 3630 2768 μόνου,

2060 2805 2196 2860 ἀλλὰ
2227 2802 2320 2859 νῦν
2339 2842 2354 2866 ,
2383 2799 2545 2872 φησὶν
2564 2837 2579 2862 ,
2606 2798 2686 2860 εἰς
2719 2795 2898 2849 πάντα
2921 2790 2988 2846 τὰ
3010 2785 3135 2862 ἔθνη
3167 2791 3199 2861 ἡ
3225 2789 3385 2860 χάρις
3405 2786 3630 2841 δίδοται.

2134 2979 2217 3035 Τὰ
2246 2980 2352 3048 ὄρη
2398 2976 2772 3044 ἐσκίρτησαν
2802 2968 2944 3024 ὡσεὶ
2974 2967 3145 3036 κριοί.
3215 2964 3320 3019 Τοῦ
3365 2960 3499 3017 Θεοῦ
3531 2961 3638 3025 τὰς

404 3094 538 3164 ipsis
558 3094 835 3149 montibus
854 3102 1154 3163 appareret,
1171 3090 1328 3162 quasi
1348 3086 1689 3144 exsultabant
1711 3085 1778 3140 de
1798 3083 1965 3139 Israe-

2137 3072 2383 3143 ιφανείας
2412 3073 2469 3123 ὲν
2493 3068 2675 3130 αὐτοῖς
2694 3061 3039 3134 ποιουμένου,
3068 3058 3229 3112 οἱονεὶ
3253 3055 3516 3126 ἐσκίρτων
3539 3054 3640 3107 ἐπὶ

406 3187 473 3243 iis
506 3190 699 3244 salute.

480 3280 533 3334 5.
565 3279 704 3345 Quid
728 3287 805 3332 est
836 3277 955 3342 tibi,
987 3292 1151 3335 mare.
1176 3273 1315 3346 quod
1360 3273 1565 3341 fugisti,
1597 3281 1645 3326 et
1687 3281 1743 3325 tu
1764 3267 1964 3323 Iorda-

410 3373 514 3437 nis,
541 3372 665 3442 quia
694 3386 963 3427 conversus
997 3386 1050 3424 es
1078 3378 1363 3422 retrorsum
1389 3366 1414 3419 Ρ
1452 3363 1717 3431 Quoniam
1757 3361 1849 3417 illa
1901 3362 1968 3414 ir-

410 3464 748 3520 rationabilia
771 3472 825 3520 et
843 3463 1139 3518 inanimata
1162 3467 1335 3525 erant,
1367 3457 1483 3526 ipse
1511 3469 1698 3510 eorum
1734 3453 1847 3509 vice
1880 3465 1967 3505 re-

412 3558 663 3629 spondet.
1540 3610 1549 3613 τ

483 3649 535 3705 7.
574 3650 613 3703 Α
665 3650 801 3720 facie
836 3648 1050 3703 Domini
1081 3656 1220 3701 mota
1248 3655 1321 3700 est
1355 3655 1514 3707 terra,
1553 3648 1657 3696 etc.
1702 3637 1827 3693 Haec
1856 3636 1972 3690 sin-

412 3740 554 3812 gula,
582 3739 677 3806 ait,
701 3739 771 3795 ob
790 3738 1164 3793 advenientem
1211 3735 1496 3789 Dominum
1521 3730 1661 3787 facta
1685 3736 1830 3785 sunt.
1863 3727 1975 3780 Hac

413 3832 481 3885 de
509 3844 671 3886 causa
696 3828 798 3884 fuit
829 3838 986 3885 teme
1017 3827 1313 3884 commotio
1335 3832 1390 3879 et
1416 3822 1610 3880 divisio
1638 3820 1825 3875 maris.
1859 3818 1976 3886 Ipse

415 3936 650 3992 namque
672 3921 917 3976 sterilem
963 3929 1192 3989 petram,
1245 3932 1308 3973 ac
1353 3914 1681 3971 humiditate
1708 3911 1855 3966 omni
1891 3925 1978 3962 va-

417 4025 600 4077 cuam,
620 4012 754 4080 quae
793 4025 862 4064 ne
893 4009 1215 4064 incisionem
1249 4006 1467 4078 quidem
1507 4005 1577 4058 oh
1605 4002 1860 4057 duritiem
1890 4000 1979 4054 ad-

419 4101 686 4166 mittebat,
734 4115 1000 4171 aquarum
1050 4099 1206 4170 c0pia
1252 4095 1557 4160 inundavit,
1599 4092 1873 4162 iussitque
1922 4100 1980 4144 ut

418 4191 547 4248 hinc
568 4191 805 4261 copiosa:
833 4206 1099 4262 aquarum
1131 4187 1496 4259 scaturigines
1525 4192 1862 4240 emanarent.
1894 4180 1984 4236 Ni-

417 4283 496 4338 ltil
544 4283 730 4354 igitur,
779 4283 875 4350 ait,
907 4281 1108 4337 mirum
1144 4278 1364 4335 evenit:
1410 4276 1575 4347 jussit
1617 4275 1760 4330 enim
1802 4275 1980 4345 opifex

417 4383 471 4429 et
504 4374 737 4430 divisum
761 4385 844 4429 est
882 4388 1052 4439 mare,
1101 4387 1166 4427 ac
1209 4381 1480 4442 prter-apta
1514 4378 1665 4438 petra
1700 4366 1984 4423 scaturivit

422 4483 659 4538 aquam:
702 4469 901 4523 cretum
934 4482 1133 4522 manna
1161 4463 1547 4535 suppeditavit,
1588 4462 1734 4517 venti
1774 4450 1987 4531 Ortygo-
2017 4497 2060 4552 υ

422 4570 650 4615 metram
686 4567 1172 4631 congregaverunt,
1201 4567 1255 4613 et
1281 4557 1484 4628 reliqua
1517 4554 1700 4610 omnia
1734 4553 1850 4623 ipso
1882 4569 1982 4608 au-

425 4659 626 4706 nuentc
657 4649 797 4705 facta
837 4661 984 4706 sunt.

498 4833 539 4892 Ι.
581 4832 701 4887 Non
742 4831 912 4897 nobis,
944 4829 1181 4895 Domine,
1209 4845 1310 4884 non
1348 4830 1519 4896 nobis,
1549 4829 1638 4883 sed
1674 4827 1873 4882 nomini
1895 4835 1980 4881 tuo

424 4928 497 4984 da
537 4927 780 4999 gloriam.
824 4921 1050 4978 Videtur
1084 4922 1408 4977 adumbrare
1448 4922 1657 4990 lapsum
1694 4920 1879 4990 populi
1918 4933 1985 4974 ex

425 5016 848 5076 circumcisione
880 5014 1327 5082 Eorationemque
1359 5012 1492 5082 ipsis
1522 5012 1733 5067 tradere
1758 5011 1826 5065 ad
1855 5025 1989 5065 con-

426 5110 744 5176 fessionem,
787 5116 973 5180 utpote
1003 5106 1097 5178 qui
1132 5105 1370 5161 divinam
1410 5104 1664 5158 virtutem
1702 5091 1988 5170 inspect‘ri-

428 5217 544 5258 cem
572 5218 638 5257 ac
664 5202 1031 5272 providentem
1059 5198 1198 5252 ultra
1228 5210 1332 5251 non
1357 5195 1608 5250 habeant.
1630 5192 1792 5249 Docet
1810 5201 1988 5247 autem

428 5309 522 5349 eos
545 5294 722 5348 dicere.
754 5311 768 5347 :
796 5290 906 5347 Nos
934 5289 1155 5361 quidem
1201 5286 1408 5357 indigni
1444 5284 1616 5356 gratia
1648 5298 1841 5338 sumus
1880 5297 1989 5351 qua

430 5395 615 5457 gentes
662 5399 852 5439 omnes
881 5382 1058 5453 digna:
1094 5380 1294 5435 habitze
1336 5386 1485 5434 sunt.
1534 5373 1735 5430 Verum
1773 5381 1991 5442 propter

430 5492 627 5532 nomen
663 5485 840 5535 tuum.
882 5472 1030 5544 quod
1073 5472 1141 5527 ab
1175 5470 1331 5526 initio
1374 5470 1683 5523 invocatum
1716 5470 1800 5519 est
1829 5476 2013 5537 super.

432 5585 554 5634 nos,
578 5569 708 5623 illud
735 5581 886 5639 agas.
911 5566 1017 5623 Sed
1046 5580 1113 5620 ne
1129 5564 1285 5619 nobis
1302 5560 1529 5633 iustitiae
1549 5568 1654 5615 tute
1678 5554 1991 5611 retributio-

432 5675 554 5713 nem
580 5657 818 5722 dederis,
842 5664 898 5710 tu
927 5656 1021 5725 qui
1042 5670 1169 5711 vere
1187 5654 1330 5711 Deus
1346 5668 1427 5719 es,
1454 5659 1506 5707 et
1535 5664 1641 5705 non
1665 5646 1806 5703 sicut
1823 5644 1963 5702 idola
1979 5684 1994 5710 ,

432 5760 765 5824 quapropter
793 5748 1067 5818 subjungit
1094 5766 1106 5800 :

1991 3147 2032 3203 ο
2064 3169 2130 3238 τῇ
2161 3164 2255 3218 τοῦ
2302 3161 2515 3233 Ἰσραὴλ
2549 3159 2810 3229 σωτηρίᾳ.

2142 3257 2203 3311 Tl
2228 3254 2329 3310 σοι
2352 3253 2505 3315 ἐστι,
2533 3248 2832 3311 θάλασσα,
2854 3246 2944 3299 ὅτι
2974 3242 3212 3313 ἔφυγες,
3236 3238 3332 3293 καὶ
3358 3237 3461 3301 σὺ,
3489 3237 3645 3304 Ἰορ-

2066 3350 2241 3415 δάνη,
2276 3345 2365 3399 ὅτι
2400 3340 2703 3411 ἐστράφης
2727 3341 2814 3405 εις
2840 3338 2914 3392 τὰ
2955 3335 3184 3397 dalata;
3225 3328 3442 3400 Ἐπειδὴ
3468 3327 3643 3395 ἄλογα

2067 3439 2135 3514 ἦν
2166 3442 2350 3495 ἐκεῖνα
2383 3437 2479 3491 καὶ
2502 3434 2703 3505 ἄψυχα,
2733 3431 2893 3495 αὐτὸς
2917 3431 3151 3483 ποιεῖται
3172 3427 3308 3496 ὑπὲρ
3337 3422 3514 3478 αὐτῶν
3537 3421 3646 3493 τὴν

2070 3530 2379 3600 ἀπόκρισιν.

2156 3599 2298 3676 Ἀέτὸ
2328 3616 2650 3689 προσώπου
2687 3613 2909 3682 Κυρίου
2935 3609 3233 3674 ἐσαλεύθη
3270 3606 3308 3673 ἡ
3471 3599 3652 3656 Τοῦτο

2073 3715 2321 3775 ἕκαστον,
2342 3711 2497 3783 φησι,
2513 3709 2601 3763 διὰ
2619 3708 2710 3761 τὸν
2734 3704 3063 3774 ἐπιφανέντα
3095 3702 3382 3771 γεγένηται
3414 3696 3652 3767 Κύριον.

2075 3804 2291 3874 Ταύτην
2320 3801 2499 3855 αἰτίαν
2525 3800 2624 3869 τῆς
2651 3798 2756 3868 γῆς
2782 3799 2811 3850 6
2837 3794 3023 3858 κλόνος
3057 3794 3147 3847 καὶ
3178 3795 3211 3862 ὴ
3243 3791 3341 3861 τῆς
3368 3787 3653 3857 θαλάσσης

2076 3894 2360 3964 διαίρεσις.
2396 3888 2566 3952 Αὐτὸς
2599 3886 2707 3958 γάρ
2731 3887 2824 3940 καὶ
2850 3885 2948 3955 τὴν
2973 3883 3165 3951 ἄγονον
3191 3881 3395 3953 πέτραν
3414 3876 3513 3950 τὴν
3543 3876 3657 3930 πάι

2080 4002 2181 4055 σης
2230 3983 2454 4054 ἰκμάδος
2501 3979 2869 4050 ἐστερημένην
2893 4016 2907 4041 ,
2963 3976 3056 4029 καὶ
3087 3974 3222 4046 μηδὲ
3274 3971 3445 4042 τομῆς
3472 3967 3562 4022 διὰ
3588 3968 3655 4020 τὸ

2082 4074 2393 4147 στερέμνιον
2432 4070 2799 4143 ἁνεχομένην,
2854 4070 2921 4138 τῇ
2968 4063 3264 4138 προσχύσει
3303 4061 3410 4115 τῶν
3440 4059 3657 4113 ὑδάτων

2082 4168 2349 4222 ἐπέκλυσε
2370 4207 2385 4231 ,
2439 4166 2621 4236 πηγάς
2644 4161 2850 4216 ἐκεῖθεν
2872 4160 3080 4214 ὑδάτων
3102 4157 3366 4228 ἀφθόνους
3392 4152 3659 4223 ἀναδοθῆ-

2083 4278 2170 4316 ναι
2198 4259 2480 4321 κελεύσας.
2515 4256 2684 4310 Οὐδὲν
2706 4250 2832 4317 οὖν,
2862 4252 2995 4322 φησὶ
3014 4290 3028 4316 ,
3061 4246 3370 4319 θαυμαστὸν
3422 4243 3660 4313 γεγένη-

2083 4372 2199 4410 ται·
2234 4348 2532 4425 προσέταξε
2563 4345 2670 4419 γὰρ
2699 4347 2728 4398 6
2761 4342 3008 4413 ποιητὴς,
3035 4340 3130 4393 καὶ
3153 4335 3373 4408 διῃρέθη
3396 4330 3659 4425 τὺᾲπέλοι-

2087 4464 2182 4518 γος
2205 4490 2219 4513 ,
2252 4422 2346 4498 καὶ
2370 4444 2404 4513 ἡ
2432 4440 2736 4512 ἁκρότομος
2764 4434 2954 4488 ἔϐλυσε
2982 4430 3155 4502 πέτρα
3176 4469 3191 4494 ,
3237 4426 3332 4481 καὶ
3371 4425 3400 4477 6
3428 4422 3664 4493 οὐρανὸς

2091 4514 2399 4611 ἐχορήγησε
2456 4530 2668 4603 μάννα,
2729 4526 2777 4580 οἱ
2839 4524 3027 4592 ἄνεμοι
3082 4519 3183 4590 τὴν
3241 4514 3663 4611 ὀρτυγομητραν

2093 4604 2486 4703 σύνηθροισαψ
2538 4621 2633 4676 καὶ
2682 4617 2849 4672 τᾶλλα
2898 4614 3076 4668 πάντα
3129 4608 3291 4664 αὐτοῦ
3367 4604 3663 4676 γεγένηται

2090 4723 2397 4783 νεύσαντος.

2158 4814 2254 4882 Μὴ
2299 4810 2466 4880 ἡμῖν,
2498 4800 2694 4873 Κύριε,
2720 4800 2806 4870 μὴ
2847 4796 3013 4869 ἡμῖν,
3041 4795 3177 4850 ἀλλ’
3203 4791 3242 4861 ἢ
3416 4784 3667 4857 ὀνόματι

2092 4923 2207 4963 σου
2243 4879 2364 4969 «δὸς
2408 4895 2837 4964 δόξαν.”Εοικε.ν
2864 4884 3193 4944 αἰνίττεσθαι
3219 4879 3312 4935 τοῦ
3352 4880 3417 4932 ὲκ
3444 4893 3666 4969 περιτο-

2096 4999 2204 5070 μῆς
2226 4966 2356 5050 λαού
2380 4992 2479 5063 τὴν
2509 4987 2825 5043 ἀπόπτωσιν
2841 4998 2855 5012 °
2874 4981 3040 5050 εὐχήν
3063 4994 3122 5030 τε
3141 4973 3348 5035 τούτοις
3376 4966 3640 5067 παραδιδό
3656 4993 3669 5008 ο

2094 5056 2345 5158 ναινπρδς
2368 5056 2770 5152 ἐξομολόγησιν,
2804 5072 2879 5135 ὡς
2923 5068 3118 5142 μηκέτι
3143 5068 3238 5136 τὴν
3261 5056 3669 5158 ἐπισκοποῦσαν

2090 5149 2473 5245 θείανέχουσι
2513 5169 2760 5238 δύναμιν.
2797 5163 3045 5220 Διδάσκει
3091 5156 3156 5229 δὴ
3191 5155 3367 5221 λέγειν
3395 5149 3471 5212 ὡς

2096 5272 2193 5344 μὲν
2215 5238 2422 5333 ἀνάξιοι
2448 5264 2546 5336 τῆς
2574 5261 2795 5333 χάριτος
2814 5253 2883 5330 ἦς
2914 5249 3235 5344 ἆπανέθνος
3256 5245 3503 5344 asinina:

2089 5329 2179 5416 διὰ
2203 5359 2265 5412 τὺ
2294 5329 2384 5410 σδν
2412 5329 2919 5424 ὄνομαποίησοντδ
2950 5343 3008 5409 ἐξ
3054 5341 3226 5413 ἀρχῆς
3257 5331 3548 5424 ἐπικληθὲν
3582 5329 3671 5424 ἔφ’

2100 5453 2266 5526 ἡμᾶς.
2284 5449 2420 5504 Ἀλλ’
2450 5418 2521 5500 ού.
2555 5418 2897 5509 δικαιοσύνης
2938 5435 3108 5498 διδοὺς
3151 5428 3403 5502 ἀμοιϐάς,
3432 5422 3567 5526 9&6:
3594 5418 3676 5473 ὢν

2103 5516 2371 5619 ἀληθινὸς,
2401 5540 2513 5598 ἀλλ’
2545 5538 2641 5598 οὐν
2669 5529 2756 5590 οἷα
2798 5531 2866 5587 τά
2898 5528 3115 5601 ειδωλας
3150 5524 3339 5594 διόπερ
3369 5516 3672 5589 ἐπήγαγεν·
