3778 6276
147 320 257 381 ιϐθ

1260 300 1623 379 EXPOSITIO
1661 323 1728 380 IN
1766 323 2099 382 PSALMUM
2136 322 2322 383 cxnv.

3311 319 3416 376 170

224 438 310 495 Τὰ
354 437 578 492 εἴδωλα
620 434 740 489 τῶν
778 429 968 490 ἑθῦῶν
1009 434 1294 506 ἀργύριον
1333 438 1431 491 καί
1467 438 1745 508 χρυσίον,

1922 439 1976 493 ὅ.
2007 436 2305 493 Simulaera
2341 436 2570 507 gentium
2605 436 2879 505 argentum
2913 438 2961 486 et
3003 445 3217 497 aurum,
3257 447 3417 502 opera

153 530 303 599 ἔργα
336 525 556 596 χειρῶν
576 524 919 594 ἀνθρώπων.
950 525 1124 581 Τινῶν
1148 526 1254 581 τῶν
1276 526 1623 600 ἀντιγράφων
1644 532 1744 602 ἀρ-

156 621 254 690 χὴν
279 618 401 688 ἔχει
433 615 610 672 ταῦτα
638 616 828 689 ἑτέρου
860 615 1096 688 ψαλμοῦ,
1126 616 1201 681 ὡς
1235 613 1375 672 εἶναι
1408 618 1594 672 τοῦτον
1620 621 1747 672 ἐκαο

155 709 350 763 τοστὺν
392 706 1006 779 τεσσαρεσκαιδέκατον.
1023 707 1213 778 Ἡμεῖς
1245 708 1322 774 δὲ,
1357 708 1435 779 τῷ
1478 708 1749 780 Ἐϐραῖκῷ

160 801 543 872 παρεπόμενα
574 800 750 871 μέρει,
787 794 926 853 εἶναι
950 799 1120 855 ταῦτα
1148 800 1411 872 τιθέμεθα
1436 801 1529 855 τοῦ
1561 802 1750 855 ἑκατο-

161 891 289 947 στοῦ
316 891 795 965 τρισκαιδεκάτου.
827 891 1181 946 Παιδεύονται
1207 892 1317 964 γὰρ
1360 894 1407 946 οἱ
1455 893 1642 957 παῖδες
1668 886 1750 956 οἷς

158 987 343 1053 ελεγεν
364 1001 381 1015 ο
421 983 674 1048 Αἰνεῖτε,
703 981 929 1050 παῖδες,
956 986 1206 1053 Κύριον·
1240 984 1515 1040 τουτέστιν
1559 987 1588 1039 ὁ
1632 985 1750 1049 νέος

158 1073 306 1136 λαός.
346 1073 518 1127 Ποῖον
541 1072 746 1144 Κύριον
779 1074 1051 1145 προσῆκόν
1077 1074 1224 1128 ἐστιν
1250 1076 1451 1140 αἰνεῖνς
1486 1075 1656 1129 Αύτδν
1684 1074 1748 1147 δὴ

159 1167 248 1219 τὸν
271 1165 370 1217 ἐπὶ
409 1165 525 1218 τῶν
565 1163 625 1229 ἐξ
664 1165 939 1234 Αἰγύπτου
962 1165 1197 1221 τοσαῦτα
1222 1168 1748 1239 τερατουργήσαντα,

165 1256 302 1327 μετᾶ
329 1253 437 1308 τοῦ
471 1254 667 1326 μαθεῖν
690 1256 864 1309 ὁποῖοί
891 1273 1035 1320 τινες
1061 1253 1202 1329 ἦσαν
1249 1258 1299 1311 oi
1339 1257 1508 1311 πάλαι
1546 1259 1751 1312 τούτων

161 1347 287 1401 θεοί.
328 1345 421 1400 Τὰ
448 1346 563 1417 γὰρ
591 1345 785 1399 εἴδωλα
811 1347 871 1399 οὐ
907 1346 1065 1418 μόνον
1108 1348 1259 1402 οὐδὲν
1300 1344 1445 1420 εἶχον
1468 1348 1652 1419 ὅμοιον
1675 1344 1753 1417 τῷ

163 1437 690 1512 παραδοξοττοιοῦντι
736 1437 877 1509 Θεῷ,
905 1439 1019 1493 ἀλλ’
1045 1439 1165 1493 οὐδὲ
1218 1442 1329 1503 τοῖς
1367 1439 1474 1493 τῶν
1495 1438 1753 1511 ἐμψύχων

164 1525 441 1598 ἐσχάτοις,
470 1522 557 1592 οἷς
604 1528 907 1600 αἰσθήσεως
946 1530 1183 1601 μετέχει.
1214 1531 1459 1586 Κάκεῖνα
1493 1530 1593 1602 μὲν
1617 1529 1756 1603 ἔργα

164 1620 316 1684 Θεοῦ,
345 1618 534 1674 ταῦτα
556 1619 613 1672 δὲ
636 1619 833 1691 τέχνης
855 1621 951 1676 ἀνθ
961 1621 1177 1693 ρώπων.
1205 1623 1557 1678 Διδάσκονται
1584 1622 1641 1675 δὲ
1665 1621 1754 1675 λέ-

164 1731 306 1782 γειν·
346 1715 579 1784 Ὅμοιοι
617 1714 823 1781 αὐτοῖς
860 1713 1147 1785 γένοιντο.
1172 1716 1286 1769 Οὐκ
1313 1713 1618 1788 ἀνθρώποις
1652 1717 1753 1770 ὲπ-

498 1779 941 1876 Μανθάνομενδὲ
964 1800 1074 1860 οἷον
1099 1807 1162 1860 τὸ
1191 1806 1290 1878 τῆς
1319 1779 1753 1878 εἰδωλολατρείας
1787 1779 1829 1838 Β

166 1896 310 1959 τέλος
340 1895 663 1950 ἀπόκειται.
698 1898 761 1949 Ol
787 1896 894 1969 γὰρ
918 1897 1255 1969 ἀναισθήτως
1285 1897 1641 1969 ὲπανέχοντες
1667 1897 1758 1951 ού-

162 1986 247 2041 τὲν
277 1985 471 2040 αὐτῶν
498 1986 643 2040 κατὰ
667 1987 891 2059 γνώμην
918 1988 1225 2044 διοίσουσιν.
1245 1988 1522 2060 Τοσαύτην
1553 1987 1757 2061 βλάϐην

167 2078 347 2143 09:97.;
370 2078 475 2149 τῆς
491 2078 914 2152 ὲμφωλευούσης
927 2080 1247 2153 δαιμονικῆς
1262 2080 1540 2153 ἐνεργείας
1572 2081 1759 2135 ποιού-

169 2182 285 2236 om.

237 2367 477 2436 Ὅμοιοι
527 2366 736 2433 αὐτοῖς
786 2366 1055 2437 γένοιντο
1105 2370 1160 2422 ol
1216 2368 1530 2437 ποιοῦντες
1584 2367 1756 2424 αὐτὰ.

170 2458 430 2512 Ἔσονται
466 2456 643 2522 οὕτως
677 2458 1058 2529 ἀπολλύμενοι,
1094 2459 1168 2524 ὡς
1200 2458 1270 2513 τὰ
1296 2461 1557 2532 χρήματα
1592 2462 1688 2516 καὶ
1711 2464 1761 2515 oi

167 2549 599 2622 θησαυρίζοντες
630 2550 805 2605 αὑτά.⁸

241 2636 424 2707 οἶκος
466 2638 721 2708 Ἰσραὴλ
757 2639 1019 2709 ἤλπισεν
1052 2639 1154 2694 ἐπὶ
1195 2638 1436 2709 Κύριον.
1470 2640 1654 2695 Ταῦτα
1696 2641 1765 2696 τὰ

166 2729 295 2803 ιον-ιι
342 2732 537 2801 φασὶν,
604 2732 707 2796 ὅτι,
771 2733 960 2804 ὥσπερ
1015 2733 1187 2787 πάλαι
1236 2732 1602 2788 πιστεύσαντα
1672 2735 1764 2789 τὸν

180 2818 398 2894 Ἰσραὴλ
421 2821 651 2888 ἔσωσεν,
686 2821 827 2877 οὕτω
849 2823 943 2878 καῖ
962 2823 1060 2877 νῦν
1099 2822 1169 2877 τὰ
1195 2823 1321 2897 έθνη
1354 2824 1535 2880 σώσει.
1571 2829 1635 2880 Ol
1654 2825 1764 2899 γὰρ

167 2915 536 2983 φοϐούμενοι
587 2913 695 2968 τὸν
736 2913 980 2983 Κύριον,
1012 2914 1079 2969 τὰ
1106 2915 1233 2986 έθνη
1265 2911 1375 2969 εἷεν
1404 2916 1488 2972 ἄν.
1507 2916 1764 2985 ’Υπεξαι-

174 3005 444 3076 ρουμένου
471 3005 584 3077 γὰρ
610 3004 704 3059 τοῦ
725 3004 877 3060 οἴκου
912 3006 1146 3077 Ἰσραὴλ,
1167 3007 1410 3060 τουτέστι
1443 3007 1644 3071 παντὸς
1670 3008 1764 3062 τοῦ

172 3096 439 3194 πλήθους,
478 3098 576 3151 καὶ
605 3097 699 3194 τοῦ
725 3097 875 3152 οίκου
912 3095 1120 3169 Ἀαρὼν
1153 3098 1249 3153 καὶ
1285 3098 1379 3151 τοῦ
1414 3098 1562 3153 οίκου
1595 3101 1761 3153 Λευῖυ
1793 3134 1836 3194 c

170 3187 327 3252 τίνας
360 3188 587 3261 ἐτέρους
627 3184 771 3243 εἶναι
796 3189 1080 3261 συμϐαίνει
1118 3190 1243 3253 τοὺς
1281 3189 1648 3261 φοϐουμένους
1674 3190 1767 3245 τὸν

173 3279 404 3351 Κύριον,
435 3280 471 3350 ἢ
499 3280 591 3333 τὸν
619 3279 687 3347 ἐξ,
709 3279 879 3334 ἐθνῶν
908 3280 1071 3346 λαόνς

241 3370 549 3438 Προσθείη
598 3368 816 3439 Κύριος
853 3371 947 3440 ἐφ’
981 3369 1157 3441 ἡμᾶς,
1185 3371 1278 3440 ἐφ’
1313 3371 1471 3441 ἡμᾶς
1520 3372 1625 3427 καῖ
1665 3374 1767 3428 ἐπὶ

175 3463 317 3529 τοὺς
350 3463 523 3529 υἱοὺς
545 3462 734 3533 ἡμῶν.
774 3464 945 3529 Αὐτὸς
977 3466 1085 3537 γάρ
1110 3467 1255 3518 ἐστιν
1300 3458 1361 3520 οὗ
1408 3467 1533 3525 τοὺς
1572 3467 1769 3537 νόμους

177 3556 669 3627 φυλάττομεν.”1να
695 3555 805 3628 γὰρ
841 3557 915 3629 μὴ
937 3557 1134 3631 νομίσῃ
1160 3576 1244 3622 τις
1267 3557 1426 3612 ἄλλου
1450 3559 1595 3622 τινὸς
1627 3556 1769 3614 εἶναι

177 3649 275 3719 τὴν
294 3645 395 3699 διὰ.
410 3647 694 3713 Μωῦσέως
721 3649 1063 3720 νομοθεσίαν,
1086 3649 1194 3722 πρὸ
1220 3648 1318 3720 τῆς
1346 3648 1548 3703 τούτων
1568 3650 1767 3715 δόσεως

177 3735 247 3787 τὰ
295 3736 440 3807 περι
463 3736 564 3807 τῆς
596 3737 957 3807 κοσμοποιίας
981 3739 1267 3810 παρέδωκε
1289 3755 1302 3769 ·
1330 3738 1397 3792 δι’
1418 3733 1486 3811 ἧς
1514 3740 1609 3794 ἕνα
1635 3740 1769 3796 Θεὸν

179 3823 321 3881 εἶναι
349 3826 614 3892 διδάσκει,
642 3829 711 3882 τὰ
742 3830 801 3884 δὲ
827 3829 990 3884 λοιπὰ
1015 3830 1238 3902 γενητὰ.

253 3921 381 3988 Οὐχ
438 3923 493 3974 οἱ
546 3921 748 3990 νεκροί
791 3922 1109 3979 αὶνέσουσί
1151 3939 1246 3987 σε,
1296 3926 1494 3994 Κύριε.
1523 3926 1768 3998 Νεκροὺς

181 4012 339 4065 καλεῖ
362 4014 492 4077 τοὺς
523 4014 631 4068 τῶν
660 4014 928 4085 δαιμόνων
964 4016 1324 4087 θεραπευτὰς,
1351 4019 1477 4082 τοὺς
1506 4017 1579 4090 μὴ
1614 4017 1769 4088 έχον-

180 4122 277 4171 τας
300 4108 362 4160 ὲν
386 4107 574 4171 αὐτοῖς
601 4110 702 4180 τὴν
731 4109 896 4182 ζωὴν,
923 4110 1169 4165 τουτέστι
1198 4112 1297 4184 τὴν
1327 4112 1526 4181 γνῶσιν
1548 4111 1640 4167 τοῦ
1674 4111 1771 4183 μό-

183 4215 276 4253 νου
305 4198 464 4252 Θεοῦ.

528 4291 904 4361 Ἀλληλούτα.
940 4297 1249 4350 ΨΑΛΜΟΣ
1280 4298 1433 4351 ΡΙΔ’.

821 4387 1143 4454 Ὺπόθεσις.

1850 544 2103 584 manuum
2142 528 2429 583 hominum.
2478 526 2535 581 In
2567 524 2916 596 'quibusdam
2968 516 3416 593 exemplaribus}

1850 620 1964 676 hac
1985 628 2114 675 sunt
2145 618 2366 673 initium
2390 614 2620 673 alterius
2644 615 2860 687 psalmi,
2894 614 2968 669 ita
2992 621 3052 670 ut
3081 613 3173 669 hic
3198 614 3271 668 sit
3290 628 3419 669 cen-

1849 711 2078 767 tesimus
2118 709 2371 765 decimus
2410 716 2660 780 quartus.
2708 705 2821 763 Nos
2856 715 3038 763 autem
3084 704 3416 761 Hebraicum

1850 813 2160 875 sequentes,
2192 806 2308 862 bac
2336 816 2545 877 partem
2572 821 2695 862 esse
2723 805 3017 862 statuimus
3052 802 3250 874 psalmi
3293 817 3423 858 cen-

1850 893 2029 949 tesimi
2056 896 2253 951 decimi
2289 895 2454 952 tertii.
2489 894 2762 952 Docentur
2782 896 2929 950 enim
2954 892 3333 965 pueriquibus
3347 892 3425 947 di-

1849 988 1932 1043 xit
1965 1006 1980 1044 :
2008 986 2268 1056 Laudate,
2300 990 2489 1060 'pueri,
2543 989 2823 1043 Dominum
2863 988 2959 1054 ²⁷·;
2993 986 3047 1042 id
3095 994 3201 1049 est,
3243 1000 3423 1040 novus

1850 1078 2107 1149 populus.
2166 1078 2406 1150 Ecquem
2466 1078 2759 1135 Dominum
2821 1076 3046 1133 laudare
3109 1074 3420 1131 convenit?

1851 1140 2033 1240 ipsum
2061 1185 2213 1236 sane,
2244 1140 2337 1241 qui
2367 1172 2422 1226 in
2452 1170 2738 1242 [Egyptios
2768 1179 2919 1225 tanta
2948 1167 3194 1240 prodigia
3228 1140 3441 1239 edidit}.

1854 1267 2141 1327 postquam
2191 1258 2495 1314 didicerunt
2545 1259 2738 1330 quales
2781 1257 2985 1313 fuerint
3020 1258 3151 1313 olim
3201 1257 3424 1313 illorum

1853 1346 1948 1401 dii.
1986 1345 2307 1403 ldolaenim
2342 1348 2541 1404 nedum
2564 1349 2862 1420 quidquam
2894 1347 3073 1403 simile
3097 1346 3208 1402 Deo
3232 1346 3424 1417 prodi-

1854 1438 1941 1509 gia
1974 1440 2224 1510 operanti
2255 1440 2541 1504 baberent,
2571 1455 2640 1496 ne
2682 1440 2893 1496 inlimis.
2924 1439 3144 1508 quidem
3178 1437 3429 1492 animali—-

1854 1531 1959 1588 bus
1988 1531 2193 1602 quibus
2219 1546 2415 1587 sensus
2458 1541 2543 1588 est
2573 1531 2877 1602 quidpiam,
2908 1533 3060 1600 paria
3088 1537 3264 1585 erant.
3290 1526 3427 1585 Nam

1857 1626 1948 1681 illa
1972 1625 2193 1696 quidem
2225 1634 2354 1682 sunt
2389 1623 2484 1679 Dei
2512 1639 2700 1695 opera.
2736 1624 2852 1678 hac
2889 1632 3072 1678 autem
3096 1621 3263 1685 idola,
3292 1621 3431 1676 artis

1860 1717 2153 1772 humana:
2184 1717 2454 1772 docentur
2486 1723 2670 1770 autem
2704 1714 2885 1770 dicere
2925 1732 2939 1768 :
2977 1712 3192 1768 Similes
3228 1712 3337 1766 illis
3364 1711 3431 1781 ﬁ-

1860 1818 1971 1861 ant.
2001 1804 2121 1862 Non
2153 1806 2298 1877 quod
2327 1805 2644 1861 hominibus
2687 1804 2830 1859 mala
2871 1811 3182 1875 precentur.
3217 1800 3431 1856 Edisci—

1859 1915 1985 1956 mus
2012 1908 2193 1955 autem
2236 1899 2332 1971 qui
2360 1898 2486 1955 linis
2526 1898 2850 1954 idololatria
2880 1896 3169 1967 deputatus
3204 1895 3295 1950 sit.
3331 1891 3436 1960 Qui

1861 1990 2008 2045 enim
2042 1988 2201 2061 quasi
2229 2004 2395 2045 sensu
2416 1997 2669 2044 carerent
2689 1986 2854 2043 idolis
2885 1986 3131 2041 animum
3153 1983 3433 2045 adhibent,

1862 2078 2002 2133 nihil
2037 2078 2107 2133 ab
2143 2078 2225 2135 eis
2255 2076 2560 2134 secundum
2609 2085 2850 2133 mentem
2881 2075 3158 2131 diﬂ‘erunt.
3200 2073 3436 2129 Tantum

1862 2169 2075 2225 scilicet
2099 2169 2234 2240 ipsis
2261 2169 2574 2225 uocumenti
2616 2168 3185 2224 aﬂeruutdamonum
3225 2164 3331 2219 illa
3358 2164 3437 2218 la-

1861 2261 2081 2317 titantes
2115 2261 2349 2317 insidia.

1931 2352 1983 2407 8.
2015 2350 2226 2409 Similes
2266 2354 2373 2408 illis
2425 2353 2559 2423 ﬁant
2602 2354 2691 2423 qui
2735 2352 2936 2421 faciunt
2985 2366 3069 2404 ea.
3109 2346 3353 2402 Perinde
3382 2345 3437 2400 in

1863 2447 2161 2518 perniciem
2207 2447 2385 2513 ibunt,
2421 2455 2588 2517 atque
2610 2445 2809 2501 divitia
2842 2453 2898 2501 et
2928 2443 2965 2498 ii
3004 2444 3099 2512 qui
3135 2439 3440 2496 recondunt

1864 2546 2007 2602 illas.

1933 2640 1988 2694 9.
2033 2636 2229 2691 Domus
2258 2633 2439 2688 Israel
2465 2633 2689 2702 speravit
2715 2631 2771 2684 in
2795 2628 3044 2695 Domino,
3070 2634 3176 2682 etc.
3203 2623 3331 2680 Hac
3355 2624 3444 2678 die

1865 2738 1998 2787 cunt
2025 2737 2216 2799 gentes
2250 2745 2265 2782 :
2289 2724 2437 2798 quod
2464 2724 2676 2780 scilicet
2695 2719 3157 2793 quemadmodum
3175 2717 3305 2773 olim
3326 2731 3442 2772 cre-

1864 2824 2076 2880 dentem
2113 2819 2281 2877 lsrael
2323 2820 2532 2876 salvum
2574 2814 2755 2883 fecit;
2790 2814 2865 2870 ita
2911 2819 2966 2869 et
3000 2826 3146 2867 nunc
3190 2808 3443 2877 gentibus

1865 2917 2096 2972 salutem
2132 2914 2356 2970 tribuet.
2394 2910 2529 2967 Nam
2562 2911 2651 2982 qui
2677 2909 2858 2963 timent
2902 2905 3209 2969 Dominum,
3239 2902 3276 2957 ii
3307 2916 3442 2973 gen-

1868 3014 1950 3062 tes
1981 3004 2205 3060 fuerint.
2238 3001 2464 3057 Sublata
2491 3001 2693 3071 quippe
2720 2999 2887 3055 domo
2908 2996 3092 3060 Israel,
3120 2995 3171 3049 id
3189 3003 3274 3049 est
3290 2990 3442 3048 omni

1867 3093 2237 3159 multitudine,
2284 3100 2339 3146 et
2384 3090 2549 3146 domo
2591 3089 2774 3144 Aaron
2819 3096 2983 3157 atque
3018 3084 3147 3140 Levi
3182 3081 3316 3152 ;qui
3348 3080 3440 3135 alii

1867 3201 1990 3241 csse
2016 3182 2229 3255 possint
2247 3182 2341 3253 qui
2374 3183 2566 3238 timent
2597 3180 2911 3244 Dominum,
2946 3178 3053 3233 nisi
3095 3173 3312 3249 gentilis
3339 3187 3442 3244 po-

1866 3278 2051 3349 palus.

1941 3370 2028 3424 14.
2064 3368 2301 3437 Adjieiat
2334 3366 2589 3420 Dominus
2618 3380 2774 3435 super
2810 3380 2923 3430 nos,
2955 3378 3111 3432 super
3149 3377 3242 3415 nos
3270 3368 3319 3414 et
3353 3374 3445 3413 su-

1867 3476 1959 3530 per
1980 3458 2120 3528 ﬁlios
2152 3469 2379 3511 nostros.
2426 3454 2546 3525 Ipse
2580 3467 2818 3523 namque
2841 3460 2926 3508 est
2963 3451 3123 3521 cujus
3167 3449 3314 3519 leges
3343 3447 3446 3502 ob-

1869 3565 2169 3608 servamus.
2223 3548 2311 3605 Ne
2353 3548 2556 3618 cogitet
2607 3546 2753 3601 enim
2800 3545 3075 3614 quispiam
3123 3542 3267 3597 alius
3321 3555 3446 3595 esse

1869 3643 2041 3714 legem
2082 3639 2286 3713 Moysis
2323 3657 2338 3706 ;
2371 3648 2499 3694 ante
2526 3638 2692 3706 leges,
2727 3635 2918 3691 mundi
2953 3634 3289 3690 creationem
3331 3641 3444 3687 tra-

1869 3734 2006 3790 didit
2039 3751 2054 3788 :
2085 3748 2179 3803 per
2220 3745 2387 3802 quam
2418 3731 2579 3785 docet
2619 3743 2789 3783 unum
2831 3740 2956 3782 esse
2996 3724 3191 3791 Deum,
3232 3722 3444 3795 reliqua

1868 3841 2000 3883 vero
2033 3825 2198 3881 facta.

1941 3918 2031 3973 17.
2069 3916 2192 3972 Non
2235 3916 2433 3971 mortui
2467 3911 2759 3968 laudabunt
2801 3919 2869 3975 te,
2917 3909 3158 3964 Domine.
3201 3905 3444 3963 Mortuus

1868 4017 2029 4066 vocat
2057 4008 2369 4065 daemonum
2412 4004 2675 4067 cultores,
2703 4003 2799 4073 qui
2823 4017 2933 4059 non
2961 4002 3164 4057 habent
3191 4001 3246 4055 in
3276 4013 3337 4054 se
3362 3994 3447 4050 vi-

1873 4112 2003 4169 tam,
2037 4101 2091 4157 id
2116 4109 2200 4157 est
2238 4098 2412 4156 solius
2434 4097 2540 4153 Dei
2564 4094 2953 4167 cognitionem.

2239 4284 2482 4343 Alleluia.
2521 4275 2861 4336 PSALMUS
2887 4272 3093 4331 CXIV.

2456 4378 2494 4429 Α
2507 4381 2858 4445 rgumentum.

195 4475 284 4530 ἐν
310 4474 487 4546 τούτῳ
506 4475 696 4544 ἀγῶνα
720 4475 828 4530 τῶν
845 4477 943 4549 τὴν
962 4477 1322 4550 εὐαγγελικὴν
1346 4478 1619 4533 πολιτείαν
1644 4496 1765 4550 μετ-

1922 4490 1931 4527 ι
1971 4474 2073 4528 hoc
2105 4469 2378 4541 signiﬁcat
2412 4476 2691 4522 certamen
2720 4476 2912 4517 eorum
2944 4458 3038 4530 qui
3076 4454 3449 4527 evangelicum

249 4566 568 4637 ερχομένων
600 4568 876 4638 σημαίνει,
911 4571 1004 4623 καὶ
1028 4570 1125 4642 τὴν
1155 4570 1297 4624 κατὰ
1320 4569 1451 4623 Θεὸν
1481 4569 1659 4623 αὐτῶν
1691 4570 1769 4623 νί-

252 4677 377 4731 κην,
414 4660 511 4714 καὶ
540 4660 632 4713 τὸν
662 4661 915 4732 ἐσόμενον
946 4664 1087 4745 ὑπὲρ
1127 4664 1235 4720 τῶν
1274 4664 1450 4717 πόνων
1484 4663 1764 4733 στέφανον.

262 4750 597 4821 Ἡγάτησα,
626 4752 714 4805 ὅτι
744 4755 1159 4809 εἰσακούσεται
1185 4757 1398 4823 Κύριος
1425 4754 1536 4823 τῆς
1562 4754 1768 4824 φωνῆς

186 4847 294 4913 τῆς
323 4846 592 4914 δεήσεὼς
614 4865 754 4917 μου.
791 4849 901 4901 Καὶ
930 4848 1370 4919 τίνα·ὴγάπησε;
1420 4846 1626 4919 Κύριον
1675 4844 1773 4901 τὸν

186 4939 315 4993 Θεὸν
360 4939 425 5004 ἐξ
468 4940 598 5011 ὅλης
631 4941 879 5012 καρδίας,
913 4940 1006 4993 καὶ
1041 4941 1101 5006 ἐξ
1131 4942 1259 5012 ὅλης
1296 4938 1552 5003 διανοίας,
1586 4938 1679 4993 καὶ
1706 4936 1768 5003 ἐξ

186 5032 310 5105 εἶπες
351 5031 568 5104 ἰσχύος·
622 5032 719 5085 καὶ
769 5033 869 5103 τῆς
909 5033 1127 5104 ἀγάπης
1174 5032 1364 5104 μισθὸν
1413 5032 1626 5100 ἐδέξατο
1668 5032 1769 5103 τὴν

189 5127 448 5197 ὑπακοήν.
1274 5150 1286 5162 ο

256 5216 365 5270 Καὶ
403 5216 475 5270 ὲν
521 5215 653 5282 ταῖς
699 5214 947 5284 ἡμέραις
984 5234 1104 5286 μου
1150 5217 1603 5287 ἐπικαίέσομαι.
1658 5217 1766 5270 Καὶ

190 5305 367 5369 ποίαις
399 5305 660 5378 ἡμέραις,
692 5306 724 5377 ἢ
762 5310 879 5370 ταῖς
906 5306 999 5361 τοῦ
1026 5307 1257 5377 ἀγῶνος,
1282 5308 1370 5361 ὅτε
1399 5306 1768 5361 ἐκινδύνευσεν

191 5395 350 5449 αὑτοῦ
380 5397 414 5467 ἠ
447 5397 597 5467 ψυχή
622 5413 637 5462 ;

259 5483 594 5553 Περιέσχωο
634 5501 714 5553 με
761 5485 968 5553 ὠδῖνες
1010 5488 1288 5543 θανάτου.
1321 5487 1431 5559 Τὴν
1468 5486 1769 5561 ὑπερϐολὴν

196 5575 591 5644 κατασημαίνει
619 5575 726 5630 τῶν
754 5575 1004 5647 θλίψεων,
1044 5579 1151 5635 τῶν
1182 5580 1484 5651 γενομένων
1509 5580 1656 5652 αὐτῷ
1681 5580 1769 5635 διὰ

273 5747 310 5783 ³⁷
349 5746 495 5805 Psal.
528 5764 665 5813 exn,
698 5750 748 5805 l.

1949 4565 2075 4621 vita
2110 4560 2417 4618 institutum
2467 4556 2697 4628 ingressi
2749 4562 2899 4618 sunt,
2943 4563 3247 4621 eorumque
3281 4546 3453 4604 victo-

1946 4656 2087 4711 riam
2119 4651 2215 4707 Dei
2250 4658 2384 4705 nutn
2431 4655 2782 4718 reportatam,
2806 4652 2861 4701 et
2890 4642 3133 4699 futuram
3167 4654 3265 4710 pro
3297 4636 3450 4694 labo-

1947 4748 2102 4803 ribus
2133 4757 2415 4801 coronam.

1944 4840 2147 4905 Dilexi,
2180 4837 2431 4909 quoniam
2460 4832 2704 4887 exaudiet
2733 4831 2989 4886 Dominus
3012 4843 3184 4882 vocem
3200 4824 3455 4882 orationis

1875 4948 2024 4987 mea.
2073 4929 2314 5000 Ecquem
2362 4926 2606 4983 dilexit?
2649 4923 2942 4981 Dominum
3007 4921 3178 4976 Deum
3227 4934 3291 4972 ex
3340 4925 3457 4971 toto

1875 5024 2039 5080 corde
2079 5032 2135 5077 et
2160 5036 2228 5077 ex
2272 5029 2384 5075 tota
2417 5027 2616 5082 mente,
2648 5026 2705 5072 et
2749 5032 2816 5071 ex
2865 5024 2977 5071 tota
3010 5014 3208 5066 virtute
3241 5026 3256 5075 ;
3306 5018 3359 5062 et
3398 5007 3485 5089 inv

1878 5115 2189 5172 dilectionis
2218 5114 2504 5184 pramium
2534 5110 2816 5167 exaudivit
2846 5109 3000 5164 illum
3042 5104 3205 5157 Deus.
3461 5100 3480 5145 Γ

1943 5209 1999 5263 2.
2035 5207 2102 5262 Et
2130 5209 2186 5262 in
2224 5205 2406 5261 diebus
2439 5207 2567 5260 meis
2597 5202 2869 5258 invocabo.
2904 5200 2971 5255 Et
3011 5198 3067 5252 in
3099 5195 3303 5267 quibus
3338 5192 3454 5247 dic-

1875 5305 1979 5360 bus
2009 5321 2024 5371 ;
2054 5303 2158 5359 nisi
2200 5303 2253 5357 in
2297 5302 2492 5356 diebus
2521 5297 2841 5356 certaminis
2876 5311 3001 5351 cum
3037 5293 3158 5364 ejus
3187 5289 3369 5345 anima
3400 5290 3454 5345 il

1850 5395 2117 5466 periculo
2142 5390 2512 5448 versabatur?

1872 5521 1897 5538 ,ι
1943 5487 1998 5540 5.
2036 5481 2503 5540 Circumdederunt
2532 5494 2614 5533 me
2652 5477 2858 5532 dolores
2902 5473 3106 5529 mortis.
3157 5469 3455 5526 Vehemen—

1879 5576 2009 5633 tiam
2042 5574 2316 5647 signiﬁcat
2346 5571 2722 5641 alllictionum,
2757 5586 2880 5642 qua
2911 5567 3013 5640 ipsi
3040 5564 3259 5639 pietatis
3283 5575 3454 5620 causa
