3778 6276
394 293 495 351 ιη

1242 289 1302 348 S.
1340 286 1713 345 ATHANASII
1750 286 1901 346 OPP.
1942 285 2121 345 PARS
2156 288 2246 345 III.
2284 322 2351 332 —-
2388 290 2800 351 EXEGETECA.

3519 293 3629 350 ιη

390 412 726 477 acciderunt,
752 427 915 483 quam
944 409 1307 466 calamitatem
1338 420 1395 468 et
1425 411 1643 468 dolores
1671 412 1882 475 mortis,
1904 419 1957 465 et

2089 412 2153 485 ὴν
2184 414 2481 481 εὐσέϐειαν,
2508 417 2575 488 ἢν
2606 418 2700 471 καὶ
2728 417 2921 482 ὠδῖνας
2963 416 3190 472 θανάτου
3233 413 3325 471 καὶ
3348 412 3630 482 κινδύνους

390 504 632 559 pericula
660 503 878 569 inferni,
926 511 981 558 et
1012 502 1360 557 alllictionem
1403 512 1460 559 et
1504 503 1749 559 dolorem
1777 514 1954 563 vocat.

392 595 497 649 Sed
529 610 597 649 eo
622 594 765 664 quod
809 594 1146 649 invocaverit
1175 593 1343 649 Deum
1390 594 1459 650 iis
1503 596 1759 651 omnibus
1797 612 1960 666 supe-

390 686 503 740 rior
542 687 733 741 evasit.
787 685 966 750 Quare
994 686 1047 739 in
1096 687 1374 755 procemiis
1418 687 1629 742 dicebat
1675 704 1688 742 :
1745 688 1945 754 Dilexi,

386 778 635 847 quoniam
658 778 902 830 exaudiet
934 776 1189 831 Dominus
1218 795 1389 831 vocem
1418 780 1675 833 orationis
1702 796 1848 834 metu.

456 867 510 920 ό.
551 865 596 921 0
629 866 872 933 Domine,
900 868 1065 923 libera
1098 870 1330 925 animam
1357 886 1545 925 meum.
1594 869 1957 941 Singulariter

387 958 673 1026 superius:
699 957 766 1011 Et
794 960 845 1012 in
862 960 1042 1014 diebus
1070 961 1196 1014 meis
1221 961 1473 1015 invocavi.
1493 962 1613 1017 Jam
1644 979 1772 1018 vero
1798 963 1956 1018 docet

385 1065 508 1122 quae
536 1052 608 1105 sit
644 1051 935 1107 invocatio.
971 1050 1295 1122 Ecquaenam
1340 1054 1426 1107 illa
1456 1064 1559 1118 est,
1602 1054 1705 1109 nisi
1738 1055 1830 1110 illa
1861 1075 1873 1110 :
1907 1056 1951 1112 Ο

382 1143 630 1213 Domine,
665 1144 829 1200 libera
870 1148 1104 1201 animum
1140 1164 1311 1201 meam
1346 1147 1371 1201 ξ)
1417 1146 1542 1203 Haec
1592 1157 1772 1202 autem
1816 1148 1954 1203 dixit

386 1250 592 1303 gnarus
635 1252 782 1300 eum,
832 1246 1020 1307 utpote
1081 1237 1518 1300 misericordem,
1565 1237 1951 1292 exauditurum

382 1342 523 1381 esse.
543 1326 609 1381 Et
647 1328 786 1384 Deus
817 1339 993 1383 uoster
1012 1331 1303 1384 miseretur.
1326 1328 1436 1399 (4:2)
1464 1328 1832 1385 Misericordia
1870 1339 1952 1383 est

386 1417 568 1485 passio
611 1433 799 1473 eorum
856 1420 950 1489 qui
1004 1421 1484 1475 commiseratione
1536 1421 1766 1490 permoti
1823 1430 1953 1476 sunt

386 1524 514 1579 erga
560 1524 657 1564 eos
702 1511 794 1580 qui
841 1512 1045 1567 amissa
1093 1513 1322 1581 pristina
1368 1513 1633 1583 dignitate
1681 1513 1947 1568 humiliati

387 1606 532 1654 sunt.
565 1598 701 1664 Quia
734 1600 902 1669 igitur
923 1617 1023 1656 nos
1057 1617 1125 1656 ex
1159 1603 1435 1657 nobilibus
1481 1603 1746 1674 ignobiles
1775 1605 1950 1660 evasi-

2059 502 2206 575 ᾅδου,
2238 506 2331 558 καὶ
2361 505 2534 576 θλίψιν
2579 508 2672 561 καὶ
2711 506 2901 578 ὀδύνην
2926 504 3203 561 ἀποκαλεῖ.
3220 504 3383 560 Ἀλλά
3411 505 3502 560 διὰ
3530 504 3629 560 τοῦ

2057 595 2428 651 ἐπικαλεῖσθαι
2478 599 2567 653 τὸν
2613 599 2746 655 Θεὸν
2790 598 3113 670 ὑψηλότερος
3163 598 3365 652 τούτων
3412 598 3626 668 γέγονε,

2057 688 2207 759 φησι.
2249 688 2338 742 Διδ
2380 690 2473 744 καὶ
2509 691 2566 743 ἐν
2596 690 2898 762 προοιμίοις
2924 690 3133 757 ἔλεγενσ
3179 689 3500 759 Ἠγάπησα,
3535 688 3629 744 ὅτι

2054 780 2470 834 εὶσιικούσεται
2497 782 2711 849 Κύριος
2740 779 2849 850 τῆς
2880 780 3086 851 φωνῆς
3120 779 3381 848 ὃεήσεώς
3400 799 3541 850 μου.

2123 866 2199 926 Ὦ
2221 873 2412 939 Κύριε.
2434 872 2617 939 ῥῦσαι
2652 872 2765 941 τὴν
2790 871 3000 942 ψυχήν
3026 890 3162 941 μου.
3180 871 3402 935 Ἐνικῶς
3424 870 3631 925 ἀνωτέο

2059 980 2168 1034 ρω,
2200 964 2282 1016 ὅτι
2313 961 2423 1017 Καὶ
2458 961 2917 1033 ὲπεκαλεσάμην
2945 964 3015 1017 ἐν
3047 961 3174 1029 ταῖς
3200 958 3443 1031 ἡμέραις
3477 978 3625 1030 μου.

2056 1053 2152 1116 Τίς
2191 1054 2226 1123 ἡ
2270 1054 2551 1125 ἐπίκλησις
2595 1054 2851 1108 διδάσκει.
2880 1054 2990 1107 Καὶ
3038 1052 3165 1107 ποία
3209 1050 3433 1123 cumq
3467 1047 3627 1115 τὺ,Ὦ

2055 1141 2253 1210 Κύριε,
2269 1145 2457 1212 ,όῦσαι
2483 1145 2596 1213 τὴν
2612 1146 2825 1216 ψυχήν
2844 1163 2961 1215 μου
2985 1162 3003 1208 ;
3026 1141 3160 1198 Εἷπε
3179 1144 3236 1197 δὲ
3256 1142 3427 1197 ταῦτα
3446 1142 3628 1205 εἰδὼς,

2053 1231 2129 1296 ὡς
2156 1232 2402 1302 ἐλεήμων
2445 1233 2824 1288 ἐπακούσεται.
2859 1232 2970 1289 Καὶ
3001 1237 3032 1288 ό
3065 1234 3210 1301 Θεὸς
3248 1233 3417 1303 ἡμῶν
3443 1232 3627 1287 ἐλεεῖ.

2057 1326 2245 1391 Ἔλεός
2270 1331 2386 1382 ἐστι
2424 1328 2593 1392 πάθος
2620 1328 2712 1380 ἐπὶ
2747 1329 2873 1391 τοὺς
2899 1329 3026 1397 παρ’
3048 1326 3202 1390 ἀξίαν
3225 1343 3351 1381 τετα
3362 1326 3630 1397 πεινωμέ-

2054 1436 2177 1483 νους
2234 1418 2384 1490 παρά
2431 1418 2537 1473 τῶν
2599 1418 2898 1490 συμπαθῶς
2944 1417 3268 1489 τεθειμένων
3320 1417 3625 1488 γινόμενον.

2066 1511 2217 1564 Ἐπεὶ
2257 1507 2350 1564 οὖν
2405 1513 2497 1565 καὶ
2547 1513 2706 1582 ἡμεῖς
2736 1510 2795 1578 ἐξ
2823 1510 3049 1576 ἐνδόξων
3080 1510 3379 1580 γεγόναμεν
3422 1510 3627 1576 ἄδοξοι,

2050 1601 2150 1670 τῆς
2183 1603 2238 1654 ἐν
2267 1600 2341 1673 τῷ
2376 1602 2680 1674 παραδείσῳ
2710 1602 2984 1673 διαγωγῆς
3006 1601 3346 1664 ἐκπεσόντες,
3371 1595 3472 1654 οἷοι
3502 1600 3629 1656 ἀνθ’

386 1706 531 1757 mus,
572 1692 772 1747 amissa
800 1694 1040 1762 paradisi
1070 1696 1542 1761 commoratione;
1579 1695 1770 1751 videns
1804 1694 1949 1750 Deus

2088 1690 2177 1743 ἴων
2208 1692 2507 1763 γεγόναμεν
2535 1691 2676 1763 ὁρῶν
2710 1694 2858 1763 ἡμᾶς
2883 1693 2912 1745 6
2950 1691 3101 1756 Θεὸς,
3129 1690 3285 1746 ἐλεεῖ.
3302 1691 3485 1745 Ἐλέου
3511 1692 3631 1764 γὰρ

385 1783 575 1849 quales
605 1798 671 1837 ex
714 1784 969 1853 qualibus
997 1785 1292 1850 evasimus,
1325 1785 1611 1841 miseratur
1656 1801 1775 1841 nos.
1812 1784 1947 1841 Nam

2088 1754 2360 1835 νεκαλεέτο
2382 1754 2530 1853 φωνὴ
2558 1754 2648 1835 τὸν
2901 1783 3025 1838 Ποῦ
3125 1798 3146 1845 ;
3172 1781 3326 1853 δῆλον
3348 1782 3429 1847 τὸ,
3448 1754 3632 1837 Πόθεν

383 1884 488 1927 vox
516 1873 900 1931 misericordiae
916 1875 1185 1930 Adamum
1214 1878 1560 1948 compellavit
1591 1878 1780 1934 dicens
1804 1898 1817 1933 :
1851 1878 1951 1933 Ubi

384 1976 438 2013 es
477 1961 523 1992 “
550 1963 573 2014 ?
617 1962 860 2019 videlicet
888 1983 903 2019 :
927 1966 1070 2020 unde
1090 1976 1144 2021 et
1164 1981 1276 2037 quo
1311 1967 1568 2037 delapsus
1599 1982 1658 2022 es
1687 1968 1711 2021 ?

451 2051 506 2107 6.
551 2051 863 2108 Custodiens
904 2056 1149 2124 parvulos
1182 2056 1462 2111 Dominus.
1506 2056 1770 2112 Parvulos
1818 2056 1953 2111 dicit

380 2158 479 2200 eos
505 2145 596 2214 qui
615 2161 713 2215 per
733 2146 997 2215 Spiritum
1037 2156 1286 2203 sanctum
1324 2149 1378 2201 in
1401 2146 1622 2203 Christo
1646 2149 1950 2217 regenerati

384 2243 514 2289 sunt
544 2253 558 2289 ;
591 2236 685 2305 qui
710 2238 1010 2292 secundum
1039 2236 1169 2294 Jesu
1198 2236 1400 2294 Christi
1443 2249 1797 2309 praeceptum,
1825 2254 1950 2308 par-

382 2325 491 2378 vuli
524 2334 671 2389 sunt,
697 2327 820 2395 quia
855 2328 1066 2382 scilicet
1094 2329 1345 2384 conversi
1373 2338 1502 2384 sunt
1533 2339 1586 2384 et
1611 2328 1789 2384 ell‘ecti
1822 2337 1950 2385 sunt

385 2417 529 2471 sicut
571 2419 801 2487 parvuli.
828 2416 938 2474 Eos
968 2417 1233 2475 Dominus
1275 2419 1564 2486 custodit;
1611 2434 1787 2489 neque
1827 2435 1950 2489 per.

384 2510 550 2564 mittit
590 2510 659 2564 ab
683 2509 920 2566 inimicis
948 2512 1269 2581 oppugnari,
1301 2511 1429 2581 quia
1465 2511 1706 2566 nondum
1737 2520 1948 2581 tempus

378 2601 715 2656 certaminis.
747 2602 922 2672 (Alius
952 2602 1158 2671 codex.)
1181 2601 1446 2657 Parvulos
1485 2603 1628 2657 enim
1656 2612 1817 2657 vocat
1853 2618 1947 2657 eos

380 2692 472 2760 qui
500 2706 597 2761 per
626 2691 889 2761 Spiritum
932 2702 1182 2749 sanctum
1216 2694 1270 2747 in
1304 2694 1526 2748 Christo
1566 2691 1695 2748 Jesu
1732 2708 1949 2763 regene-

382 2782 485 2836 rati
515 2790 662 2837 sunt.
708 2780 774 2836 Et
816 2783 973 2851 juxta
1022 2783 1324 2852 simplicem
1362 2783 1634 2837 sermonis
1665 2798 1844 2850 usum,
1892 2784 1946 2840 in

381 2883 537 2928 utero
562 2872 679 2942 ipse
704 2872 938 2930 infantes
964 2876 1207 2930 custodit
1235 2893 1248 2928 :
1285 2890 1349 2930 ac
1377 2876 1432 2928 in
1463 2889 1529 2929 eo
1552 2875 1674 2931 loco
1708 2885 1815 2931 tam
1855 2891 1948 2930 an-

381 2971 560 3032 gusto,
590 2971 847 3035 tantaque
880 2966 1200 3020 humiditate
1224 2966 1406 3036 pleno,
1436 2967 1528 3021 ubi
1564 2982 1664 3022 nec
1697 2967 1945 3023 movendi

2053 1876 2146 1926 ποτ
2168 1873 2461 1939 πέπτωκας
2484 1890 2499 1940 ;

2122 2045 2462 2103 Φυλάσσων
2490 2050 2561 2102 τὰ
2593 2048 2779 2116 νήπια
2806 2052 2839 2104 ό
2868 2048 3101 2119 Κύριος.
3126 2048 3315 2120 Νήπιά
3334 2065 3467 2120 φησι
3493 2050 3629 2113 τοὺς

2049 2139 2136 2193 διὰ
2163 2140 2301 2193 Πνεύ
2310 2159 2478 2212 ματος
2498 2141 2651 2210 ἁγίου
2678 2144 2735 2196 ὲν
2760 2142 2978 2214 Χριστῷ
2993 2141 3470 2210 ἀναγεννηθέντας,
3492 2141 3630 2204 τοὺς

2052 2231 2191 2303 κατὰ
2225 2231 2322 2302 τὴν
2369 2231 2542 2303 Ἰησοῦ
2571 2233 2783 2303 ἐντολὴν
2803 2232 3025 2303 νηπίους
3049 2232 3226 2296 ὄντας,
3259 2231 3337 2303 τῷ
3365 2231 3627 2302 ἐπιστρέ-

2050 2298 2178 2390 φθαι
2210 2324 2229 2343 ⁶
2253 2298 2345 2375 καὶ
2374 2298 2653 2390 γεγονέναι
2677 2298 2753 2386 ὡς
2783 2298 2867 2376 τιὶι⁷
2893 2323 3097 2376 παιδία.
3128 2298 3330 2387 Αὐτοὺς
3357 2324 3385 2375 6
3415 2298 3629 2393 Κύριος

2050 2412 2330 2481 φυλάσσει,
2351 2414 2449 2466 ούκ
2472 2414 2574 2467 ἐῶν
2599 2413 2919 2486 προσϐαλεῖν
2947 2414 3129 2477 αὐτοῖς
3157 2413 3282 2476 τοὺς
3302 2412 3624 2484 πολεμίους,

2047 2503 2125 2574 τῷ
2155 2506 2319 2577 μήπω
2345 2507 2532 2579 καιρὸν
2557 2506 2698 2577 ἔχειν
2730 2506 2956 2574 ἀγῶνος.
2988 2508 3173 2577 Νήπια
3199 2507 3307 2577 γάρ
3336 2522 3466 2577 φησι
3490 2506 3626 2572 τοὺς

2046 2595 2134 2649 διὰ
2166 2596 2479 2668 Πνεύματος
2505 2598 2658 2666 ἁγίου
2687 2601 2744 2650 ὲν
2772 2598 2990 2670 Χριστῷ
3035 2599 3207 2669 Ἰησοῦ
3231 2595 3628 2667 ἀναγεννηθέν-

2046 2704 2166 2750 τας.
2206 2689 2316 2741 Kal.
2349 2687 2487 2755 κατὰ
2528 2689 2618 2741 τὸν
2652 2689 2853 2743 ἁπλοῦν
2895 2688 3003 2759 γὰρ
3032 2687 3206 2757 λόγον,
3237 2688 3396 2751 αὐτὸς
3421 2688 3479 2740 ἐν
3513 2689 3629 2758 μή·

2046 2797 2152 2852 τρα
2181 2780 2435 2848 φυλάττει
2466 2781 2534 2834 τὰ
2575 2781 2778 2852 βρέφη·
2809 2782 2865 2833 ὲν
2991 2779 3067 2851 τῷ
3096 2779 3245 2851 μόρῳ
3283 2777 3497 2850 σμικρῷ
3521 2779 3627 2832 καὶ

2045 2868 2313 2940 τοσαύτης
2349 2870 2642 2941 ὑγρότητος
2673 2868 2883 2941 πλήρης
2914 2871 3007 2923 καὶ
3042 2871 3177 2940 μήτε
3200 2868 3462 2921 κινεῖσθαι
3490 2870 3626 2938 μήτ’

2046 2964 2303 3017 ἀναπνεῖν
2330 2961 2710 3032 συγχωροῦντα
2735 2961 2955 3015 κωλύων
2982 2961 3368 3031 ἀποπνιγῆναι,
3413 2959 3506 3011 καὶ⁵
3536 2959 3627 3011 κε-

379 3069 482 3109 nec
509 3057 814 3124 respirandi
843 3055 1094 3121 facultas,
1124 3057 1349 3126 impedit
1373 3073 1442 3112 ne
1472 3059 1853 3127 praefocentur,
1873 3067 1947 3113 at-

2088 3070 2201 3123 ησιν
2234 3051 2406 3114 διδοὺς
2444 3053 2537 3104 καὶ
2577 3051 2802 3122 τροφὴν,
2839 3052 2930 3104 καὶ
2958 3049 3361 3121 περιψυχόμενα
3393 3047 3628 3102 κωλύων

378 3161 486 3215 que
516 3154 725 3201 motum
748 3155 802 3203 et
831 3162 1011 3203 escam
1038 3148 1251 3213 tribuit,
1286 3149 1648 3219 prohibetque
1674 3165 1741 3205 ne
1766 3166 1831 3205 ex
1856 3151 1948 3204 fri-

380 3250 509 3305 gore
529 3238 966 3308 exstinguantur,
1001 3241 1219 3308 quando
1258 3256 1324 3295 ex
1360 3241 1540 3296 calore
1570 3243 1742 3297 vulva:
1769 3242 1823 3296 in
1863 3242 1946 3297 ιο-⁸

384 3340 510 3380 cum
541 3341 664 3381 aere
693 3337 748 3382 et
776 3338 936 3384 vento
957 3329 1349 3387 circumfusum
1374 3332 1805 3387 transeunt.Aut
1827 3334 1941 3389 sic:

381 3418 640 3484 quoniam
680 3416 1002 3474 humiliatus
1045 3434 1167 3474 sum
1196 3420 1336 3476 sicut
1368 3421 1650 3490 parvulus,
1686 3431 1736 3477 ct
1784 3422 1943 3492 quasi

380 3504 562 3561 infans
606 3508 822 3578 suscepi
852 3525 1079 3580 regnum
1103 3512 1392 3579 calorum,
1424 3513 1517 3583 qui
1546 3514 1785 3569 custodit
1817 3530 1946 3583 par-

380 3596 535 3652 vulos
562 3595 829 3655 Dominus
849 3602 1075 3656 salvavit
1115 3618 1221 3658 me.
1265 3604 1387 3658 Alio
1433 3605 1560 3659 item
1588 3606 1752 3661 modo
1788 3622 1803 3658 :
1848 3620 1944 3661 eos

379 3686 642 3756 quijuxta
668 3703 991 3761 praeceptum
1030 3692 1159 3749 Jesu
1184 3693 1388 3751 Christi
1426 3700 1675 3753 conversi
1701 3696 1946 3753 efﬁciun-

378 3786 467 3833 tur
495 3788 553 3832 ut
573 3782 803 3850 parvuli,
829 3783 945 3852 ipse
969 3782 1234 3840 Dominus
1263 3787 1502 3842 custodit
1528 3808 1541 3843 :
1579 3797 1634 3843 et
1656 3790 1783 3857 quia
1810 3804 1942 3843 non-

378 3869 508 3921 dum
546 3878 760 3939 tempus
802 3873 925 3927 belli
964 3884 1070 3941 est,
1120 3876 1315 3930 tentari
1359 3892 1469 3931 non
1500 3878 1650 3932 sinit.
1684 3877 1788 3932 Sed
1831 3894 1940 3943 me,

381 3968 567 4028 utpote
590 3961 683 4030 qui
716 3963 900 4030 pueris
927 3963 1089 4033 longe
1130 3964 1322 4020 fortior
1341 3981 1540 4029 essem,
1572 3968 1783 4038 magnis
1818 3983 1941 4023 cer-

378 4049 680 4106 taminibns
722 4053 1034 4120 humilians,
1078 4056 1551 4127 inexpugnabilem
1595 4068 1772 4115 tamen
1809 4076 1940 4117 con-

377 4143 632 4199 servavit.

443 4232 495 4290 7.
529 4234 858 4301 Convertere,
891 4240 1073 4292 anima
1103 4255 1241 4305 mea,
1270 4239 1325 4293 in
1360 4242 1586 4310 requiem
1627 4253 1794 4297 tuam.
1840 4242 1943 4298 Re-

374 4323 557 4394 quiem
587 4326 706 4395 ejus
733 4327 865 4383 dicit
898 4344 1164 4399 supernas
1206 4331 1539 4397 mansiones,
1571 4349 1708 4403 quas
1735 4335 1790 4390 in
1817 4352 1938 4391 cer-

2048 3144 2355 3208 ἀποθανείν,
2388 3141 2605 3197 ἐπειδὰν
2649 3144 2713 3195 ἐκ
2749 3143 2846 3212 τῆς
2871 3145 2927 3195 ὲν
2968 3144 3148 3213 μήτρα
3180 3140 3509 3213 θερμότητος
3539 3141 3626 3204 εἰς

2045 3234 2187 3306 ἀήθη
2216 3237 2377 3289 τόπον
2404 3233 2751 3307 vapor-9.00MB
2786 3235 2879 3287 καὶ
2905 3233 3074 3296 οὕτως
3093 3250 3106 3262 ·
3150 3232 3367 3303 Ἐπειδὴ
3395 3234 3627 3286 ἐταπει-

2047 3325 2221 3396 νώοην
2252 3326 2327 3389 ώς
2356 3327 2564 3397 νήπιον,
2597 3326 2691 3379 καὶ
2717 3326 2791 3389 ὡς
2823 3325 3030 3393 παρίον
3060 3323 3323 3395 ἐδεξάμην
3345 3322 3442 3395 τὴν
3465 3321 3623 3393 βασι-

2044 3417 2194 3471 λείαν
2239 3417 2346 3469 τῶν
2394 3416 2657 3487 οὐρανῶν,
2694 3418 2722 3469 6
2774 3415 3058 3484 φυλάσσων
3103 3415 3170 3468 τά
3208 3416 3379 3486 νήπια
3415 3413 3626 3486 Κύριος

2045 3508 2214 3561 ἔσωσέ
2251 3526 2337 3580 με.
2370 3510 2479 3562 Καὶ
2511 3507 2710 3571 ἄλλως·
2743 3508 2881 3571 Τοὺς
2914 3506 3055 3561 κατά
3083 3506 3177 3578 τὴν
3210 3505 3425 3576 ἐντολὴν
3441 3505 3623 3575 Ἰησοῦ

2043 3602 2420 3672 νηπιάζοντας,
2441 3601 2501 3654 τὸ
2524 3601 2861 3673 στραφέντας
2891 3600 2983 3654 καὶ
3005 3599 3079 3663 ὼς
3108 3599 3291 3652 παιδία
3312 3596 3622 3667 γεγονέναι,

2044 3696 2206 3758 αὐτὸς
2232 3697 2260 3747 6
2283 3693 2481 3763 Κύριος
2508 3693 2789 3762 φυλάσσει,
2815 3693 2874 3745 τὸ
2897 3692 3064 3762 μήπω
3088 3690 3276 3762 καιρὸν
3302 3690 3443 3760 ἔχειν
3463 3690 3621 3757 ἀγῶο

2043 3803 2153 3850 νος,
2189 3786 2549 3856 ἅπειράστους
2578 3801 2642 3854 τη
2653 3783 2777 3854 ρῶν.
2798 3782 2933 3836 Ἀλλ’
2965 3782 3082 3853 ἐμὲ,
3110 3782 3183 3844 ώς
3207 3780 3624 3854 ὑπεραναϐεϐη-

2042 3876 2176 3930 κότα
2201 3877 2325 3939 τοὺς
2354 3875 2565 3938 παῖδας,
2604 3874 2691 3928 διὰ
2727 3874 2976 3945 μεγάλων
2999 3871 3335 3936 ταπεινώσας
3362 3869 3619 3940 ἀγώνων,

2040 3966 2479 4037 ἀκαταγώνιστον
2505 3966 2653 4037 ὅμως
2689 3965 2974 4036 ἐτήρησεν.

2123 4254 2533 4324 Ἑπίστρεψον.
2563 4255 2602 4322 ἠ
2636 4251 2804 4323 ψυχή
2832 4270 2971 4323 μου,
3005 4253 3091 4318 εὶς
3124 4249 3237 4319 τὴν
3266 4246 3625 4303 ἀνάπαυσίν

2038 4364 2173 4402 σου.
2193 4347 2516 4401 ’Λνάπαυσιν
2550 4344 2710 4400 αύτοῦ
2743 4344 2840 4408 τάς
2868 4344 2980 4398 ἄνω
3002 4342 3146 4410 λέγει
3171 4340 3355 4412 μονὰς,
3382 4337 3448 4400 ἃς
3472 4337 3621 4391 ἁπο-

372 4416 639 4471 taminum
674 4420 956 4488 praemium
1001 4421 1367 4478 nanciscetur.
1403 4421 1638 4498 Requies
1666 4426 1793 4485 item
1822 4429 1966 4489 ani-1

2088 4438 2265 4509 ᾓψεται
2300 4436 2407 4489 τῶν
2445 4433 2669 4505 ἀγώνων
2712 4436 2791 4498 εἰς
2821 4432 3181 4504 ἀντιμισθίαν.
3202 4431 3530 4492 Ἀνάπαυσις
3566 4428 3620 4481 δ’

373 4521 478 4561 mre
501 4517 586 4562 cst
615 4513 965 4581 temperantia
1005 4529 1035 4567 a
1076 4516 1333 4584 peccatis.

451 4598 507 4663 8,
537 4601 590 4656 9.
623 4601 762 4666 Quia
781 4605 974 4673 eripuit
995 4608 1229 4661 animam
1252 4625 1419 4664 meam
1445 4609 1510 4665 de
1531 4624 1717 4680 morte,
1740 4622 1844 4669 etc.
1866 4614 1942 4670 De

372 4702 550 4747 morte
579 4697 807 4763 peccati,
840 4698 1037 4768 inquit,
1072 4700 1126 4753 in
1158 4716 1320 4769 quam
1361 4712 1610 4760 metuens
1633 4721 1700 4760 ne
1732 4706 1943 4762 decide-

372 4790 478 4848 ret,
529 4785 946 4856 collacrymandi
993 4790 1155 4845 finem
1187 4806 1295 4846 non
1342 4792 1597 4860 faciebat,
1643 4811 1841 4864 rogans
1884 4807 1943 4852 ut

371 4872 545 4943 ipsam
586 4875 820 4946 cll‘ugerc
855 4880 1061 4935 liceret.
1097 4881 1461 4947 Quamobrem
1499 4885 1619 4955 ejus
1666 4887 1849 4955 pedes,
1886 4889 1939 4944 id

370 4976 456 5022 est
516 4983 741 5038 gressus
787 4971 1004 5036 animae,
1049 4975 1191 5043 apud
1240 4974 1409 5030 Deum
1453 4976 1597 5030 lirmi
1647 4988 1937 5044 steterunt,

371 5059 521 5113 omni
568 5059 721 5130 lapsu
754 5062 907 5118 liberi
950 5073 1004 5119 et
1048 5066 1374 5136 superiores.
1424 5067 1716 5139 Regionem
1761 5081 1937 5127 autem

371 5149 618 5206 vivorum
675 5162 835 5210 vocat
877 5156 1152 5212 caelestem
1203 5157 1541 5224 Jerusalem,
1587 5161 1643 5215 in
1684 5180 1791 5234 qna
1844 5167 1938 5236 qui

372 5244 670 5298 secundum
726 5244 894 5302 Deum
959 5258 1352 5320 pugnaverunt,
1416 5261 1599 5321 utpote
1652 5252 1936 5313 fortissimi

370 5331 628 5398 victores,
654 5338 877 5394 audient
901 5339 1030 5395 illud
1061 5360 1074 5393 :
1099 5339 1265 5409 Euge,
1287 5357 1427 5396 serue
1450 5344 1576 5399 bone
1601 5356 1647 5400 et
1668 5346 1843 5416 fidelis
1868 5352 1932 5404 ".

444 5556 490 5590 ¹¹¹
526 5552 662 5615 Gen.
692 5575 771 5626 lii,
817 5560 870 5615 9.
953 5561 998 5593 ³⁸
1036 5558 1229 5616 Matth.
1262 5577 1385 5629 xxv,
1425 5563 1515 5622 2i.

440 5667 552 5737 (Η)
585 5667 643 5725 ln
678 5667 810 5741 Reg.
841 5645 879 5727 ἱ
916 5672 1028 5729 haec
1062 5674 1317 5730 dicuntur
1351 5675 1560 5739 Didymi

2042 4526 2110 4584 αὖ
2150 4528 2305 4582 πάλιν
2330 4527 2426 4597 τῆς
2455 4527 2631 4598 ψυχῆς
2664 4528 2696 4597 ἡ
2730 4525 2835 4578 τῶν
2875 4522 3285 4595 ἁμαρτημάτων
3315 4520 3520 4591 ἀποχή.

2116 4622 2242 4673 ’Ότι
2267 4618 2529 4684 ἐξείλετο
2558 4616 2671 4684 τὴν
2702 4614 2911 4684 ψυχήν
2940 4631 3059 4683 μου
3096 4614 3164 4666 ἐκ
3195 4610 3469 4666 θανάτου.
3501 4610 3622 4665 Θας

2043 4711 2203 4765 νάτου
2241 4710 2338 4779 τῆς
2374 4707 2644 4780 ἁμαρτίας
2684 4706 2869 4777 φησίν·
2912 4706 2970 4761 ὃν
3013 4706 3106 4758 καὶ
3136 4702 3383 4768 δεδοικὼς
3415 4704 3621 4776 μήπως

2045 4799 2155 4876 ἆρα
2181 4804 2259 4866 εἰς
2303 4803 2463 4855 αὐτὸν
2495 4798 2820 4870 κατηνέχθη,
2849 4799 2908 4851 ού
2943 4798 3174 4852 διέλειπε
3205 4796 3476 4867 δακρύων,
3513 4796 3622 4869 τὴν

2045 4895 2103 4960 ἐξ
2129 4893 2292 4949 αὑτοῦ
2336 4893 2509 4963 φυγὴν
2546 4890 2731 4954 αἰτῶν,
2761 4886 2819 4944 οὗ
2848 4890 2912 4961 δὴ
2952 4891 3110 4962 χάριν
3142 4889 3233 4943 καλ¹
3256 4889 3304 4942 οἱ
3332 4888 3487 4952 πόδες
3516 4888 3620 4942 a0-

2042 4985 2156 5047 τοῦ,
2190 4983 2431 5037 τουτέστι
2476 4982 2545 5035 τὰ
2575 4982 2881 5053 διαδήματα
2910 4983 3010 5052 τῆς
3041 4980 3237 5051 ψυχῆς,
3262 4981 3320 5033 ἐν
3363 4983 3430 5051 τῇ
3466 4980 3622 5036 κατά

2043 5076 2174 5130 Θεὸν
2223 5075 2453 5146 ἔστησαν
2496 5075 2705 5151 στάσει,
2742 5074 2940 5137 παντὸς
2965 5073 3176 5127 ὀλίσθου
3206 5074 3483 5146 κρείττους
3519 5092 3622 5143 γε-

2042 5169 2275 5240 νόμενοι.
2308 5165 2503 5239 Χώραν
2546 5167 2603 5220 δὲ
2634 5165 2848 5231 ζώντων
2872 5166 2968 5237 τὴν
3000 5166 3315 5236 ὲπουράνιόν
3339 5183 3471 5237 φησι
3513 5167 3619 5220 Ἱε-

2046 5257 2344 5331 ρουσαλὴμ,
2376 5258 2432 5311 ὲν
2528 5258 2576 5309 οἱ
2609 5257 2749 5310 κατά
2783 5256 2915 5310 Θεὸν
2942 5258 3336 5328 ἀγωνισάμενοι
3372 5256 3449 5320 ώς
3492 5256 3620 5327 ἄρι-

2045 5366 2159 5404 στοι
2192 5347 2470 5419 νικηφόροι
2498 5346 2817 5402 ἀκούσονται
2845 5348 2923 5415 τὸ,
2954 5345 3063 5413 Εὖ,
3099 5347 3279 5404 δοῦλε
3300 5348 3483 5418 ἀγαθὲ
3508 5348 3617 5402 καὶ

2044 5439 2236 5498 πιστέ.

2103 5688 2123 5710 ‘
2155 5686 2237 5739 An
2272 5683 2681 5756 ἐπεστράφθαιῖ
2706 5684 2861 5740 Entr.
