3778 6276
188 266 302 323 673

548 374 860 429 ΨΑΑΜοΣ
894 372 1444 447 Ριελλλωυῡω.

270 458 669 529 Ἐπίστευσα,
711 464 803 520 διὸ
846 465 1143 535 ἐλάλησα.
1184 469 1467 541 Εἱρηκὼς·
1505 470 1786 525 Ἐπίστευ-

190 572 278 621 σα,
311 553 400 609 διὸ
435 553 699 626 ἐλάλησα,
736 556 811 620 ὼς
846 557 1212 630 εὐαρεστήσας
1234 560 1310 630 τῷ
1342 561 1552 633 Κυρίῳ,
1583 562 1641 613 ὲν
1666 565 1785 625 ταῖς

190 645 303 698 ἅνω
334 647 788 716 παραγενόμενος
814 650 1020 718 μοναῖς,
1051 650 1213 721 φησίν
1235 667 1248 681 ·
1276 651 1351 715 ὠς
1377 653 1477 706 οὐκ
1501 653 1565 705 ἂν
1598 652 1784 705 τοῦτον

195 736 510 809 προσέφερε
545 737 637 789 τὸν
664 738 839 807 λόγον,
873 741 922 792 εί
972 741 1045 813 μὴ
1094 740 1374 813 Θαρρήσας
1418 738 1486 814 ἦν
1524 746 1644 807 ταῖς
1690 743 1784 797 τοῦ

193 823 326 877 Οιοῦ
363 825 727 893 ἐπαγγελίαις
745 844 758 857 ο
789 829 846 881 αἱ
873 828 929 881 δὲ
955 824 1093 900 ἦσαν
1121 829 1303 893 ἐλέους
1334 831 1629 902 γέμουσαι·
1660 835 1787 887 Mor"

196 916 383 985 arripiat
420 919 480 969 οἱ
518 919 834 985 κλαίοντες
852 920 986 983 νῦν,
1018 920 1105 973 ὅτι
1126 922 1293 975 αὐτοὶ
1316 921 1702 992 χαρήσονται.
1722 925 1787 978 Ei

198 1009 246 1060 δὲ
278 1008 518 1078 πλήρεις
552 1004 691 1080 ἦσαν
720 1011 769 1062 οἱ
818 1010 1084 1082 ὀφθαλμοὶ
1111 1012 1381 1084 δακρύων,
1419 1014 1654 1085 δηλονότι
1686 1015 1787 1086 τὴν

195 1098 523 1166 (Tranian
556 1102 613 1153 ἐν
644 1102 879 1166 ἐκείναις
905 1102 1272 1174 ἀπολήψονται
1303 1107 1421 1168 ταῖς
1452 1109 1656 1176 μοναῖς.
1677 1106 1786 1178 Τὴν

194 1191 244 1242 δὲ
301 1190 457 1257 λέξιν
502 1190 711 1264 ταύτην
768 1194 1066 1265 προσφέρει
1109 1194 1414 1265 Κορινθίοις
1471 1198 1500 1249 ὁ
1555 1196 1783 1262 Παῦλος,

198 1280 505 1350 Ἔχοντες,
540 1282 730 1348 εἰπὼν,
771 1284 838 1338 τὸ
887 1285 1032 1339 αὐτὸ
1089 1285 1325 1356 πνεῦμα
1367 1285 1477 1354 τῆς
1507 1288 1783 1355 πίστεως,

194 1373 339 1425 κατὰ
382 1373 478 1437 τὸ,
509 1376 891 1441 Ἐπίστευσα,
928 1376 1017 1430 διὸ
1071 1376 1368 1446 ἐλάλησα.
1404 1377 1630 1446 Καρδίᾳ
1674 1378 1786 1449 γὰρ

194 1465 546 1518 πιστεύεται
588 1469 677 1531 εὶς
722 1466 1149 1535 δικαιοσύνην
1179 1468 1429 1538 στόματι
1467 1468 1535 1523 δὲ
1574 1471 1788 1537 ὀμολο·

195 1557 373 1625 τεῖται
426 1561 520 1625 εις
562 1560 891 1627 σωτηρίαν·
933 1560 1031 1613 καὶ
1068 1559 1238 1629 ἡμεῖς
1281 1562 1665 1630 πιστεύομεν,
1694 1559 1785 1614 διὸ

196 1650 284 1702 καὶ
332 1650 675 1718 λαλοῦμεν.
723 1649 950 1721 Πνεῦμα
1003 1650 1235 1713 πίστεως
1282 1649 1477 1718 λέγων,
1523 1650 1641 1720 ἦτοι
1687 1648 1785 1720 τὴν

1363 262 1729 322 EXPOSITIO
1772 261 1837 319 1N
1877 262 2207 321 PSALMUM
2245 262 2401 323 CXV.

1805 386 1852 443 Α

3344 261 3453 320 ιιι

2261 376 2509 435 ΡεΑιΜ
2522 375 2610 433 US
2650 372 2818 433 CXV.
2843 374 3108 457 Alleluia.’

1959 466 2041 521 10.
2085 465 2299 522 Credidi
2326 475 2537 537 propter
2565 464 2704 536 quod
2733 463 2938 517 locutus
2975 478 3113 517 sunt.
3155 458 3450 532 Postquam

1881 560 2019 615 dixit
2065 558 2332 613 :Credidi
2388 570 2607 629 propter
2657 555 2803 627 quod
2858 554 3071 609 locutus
3120 567 3264 617 sum,
3317 567 3451 607 cum

1885 648 2116 703 Domino
2153 648 2463 717 placuisset,
2508 649 2565 702 in
2599 646 2853 718 supernis
2894 644 3272 700 mansionibus
3316 658 3451 697 con-

1884 744 2128 806 stitutus,
2151 741 2226 794 ait
2260 758 2272 794 :
2310 756 2368 795 se
2402 738 2910 810 nunquam'isthrec
2952 736 3291 806 prolaturum
3323 733 3451 789 luis.

1884 850 1976 898 se,
2036 832 2141 886 nisi
2205 830 2299 887 Dei
2357 830 2815 902 promissionibus
2877 828 3236 891 conﬁdisset;
3295 833 3454 880 erant

1884 938 2061 982 autem
2102 926 2207 982 illae
2254 924 2634 980 misericordia
2678 924 2869 993 plenae,
2903 922 3130 984 scilicet,
3164 919 3317 974 Beati
3359 917 3451 988 qui

1884 1036 2021 1073 nunc
2053 1020 2175 1087 flent
2205 1019 2449 1088 quoniam
2478 1018 2579 1086 ipsi
2610 1015 2904 1087 gaudebunt
2936 1014 3004 1068 ³ο.
3042 1012 3197 1078 Quod
3220 1011 3264 1065 si
3304 1008 3451 1065 oculi

1884 1109 2139 1181 lacrymis
2161 1108 2312 1163 fuere
2347 1108 2511 1179 pleni,
2536 1107 2791 1179 gaudium
2817 1120 2949 1162 sane
2978 1105 3030 1157 in
3064 1104 3172 1158 illis
3215 1100 3452 1156 mansio-

1884 1202 2047 1256 nibus
2075 1201 2375 1271 percepturi
2406 1210 2554 1256 snnt.
2586 1199 2702 1254 iioe
2724 1214 2887 1269 porro
2912 1198 3117 1252 dictum
3149 1192 3451 1250 Corinthiis

1890 1290 2095 1361 profert
2117 1289 2360 1345 Paulus:
2414 1289 2715 1351 Habentes,
2769 1287 2864 1350 ait,
2916 1282 3151 1339 eumdem
3202 1281 3452 1350 spiritum

1885 1381 2031 1451 ﬁdei,
2093 1382 2375 1435 secundum
2415 1380 2549 1434 illud
2578 1396 2596 1433 :
2634 1377 2870 1440 Credidi,
2897 1384 3108 1445 propter
3141 1372 3280 1443 quod
3304 1370 3455 1424 locu-

1887 1482 1969 1527 tus
1995 1489 2130 1526 sum.
2157 1471 2324 1527 Corde
2340 1473 2474 1525 enim
2503 1472 2737 1524 creditur
2763 1469 2832 1522 ad
2852 1468 3121 1537 justitiam
3140 1480 3157 1518 :
3175 1480 3260 1518 ore
3280 1472 3454 1517 autem

1884 1564 2138 1634 confessio
2177 1563 2233 1632 ﬁt
2281 1563 2349 1617 ad
2383 1563 2652 1627 salutem;
2683 1571 2731 1616 et
2776 1577 2869 1613 nos
2922 1558 3203 1620 credimus,
3240 1564 3456 1623 propter

1885 1656 2023 1727 quod
2050 1665 2099 1710 et
2123 1655 2384 1725 loquimur
2410 1655 2473 1708 ”.
2493 1653 2629 1709 Cum
2661 1664 2840 1707 autem
2864 1650 3116 1719 spiritum
3142 1645 3266 1700 lidei
3296 1644 3447 1710 dicit,

195 1740 298 1806 Ξξιν
332 1743 443 1812 τὴν
474 1744 574 1795 ἀπ’
598 1744 769 1814 αὐτῆς
802 1744 1178 1815 ὲγγινομένην,
1212 1744 1328 1816 ἢτὸ
1353 1744 1784 1816 ἐπιχορηγούμε-

1921 1752 1979 1797 υι
2005 1744 2245 1815 ejusdem
2285 1743 2410 1797 tidei
2449 1742 2695 1797 habitum
2732 1738 3006 1808 intelligit,
3059 1743 3154 1791 aut
3196 1733 3452 1804 spiritum

196 1849 277 1885 νον
306 1835 377 1886 ὲκ
414 1833 557 1887 Θεοῦ
583 1834 660 1904 τῷ
692 1835 875 1889 πίστιν
896 1836 1071 1907 ἔχοντι
1096 1836 1333 1908 πνεῦμα.
1356 1837 1574 1909 Συνᾴδει
1602 1836 1657 1890 δὲ
1680 1835 1780 1907 τῷ·

207 1921 600 1987 Ἐπίστευσα,
628 1922 719 1975 διὸ
746 1923 1042 1992 ἐλάλησα,
1062 1923 1299 1979 τοιοῦτον
1318 1924 1411 1979 καὶ
1435 1925 1511 1978 τό·
1547 1924 1687 1979 Ἐὰν
1696 1923 1781 1994 μὴ

196 2013 594 2079 πιστεύσητε,
625 2013 751 2068 οὐδ’
777 2015 850 2067 οὺ
885 2013 971 2082 μὴ
1008 2012 1263 2082 συνῆτε.
1294 2014 1516 2086 Πρῶτον
1544 2013 1785 2067 πιστεύει

195 2120 297 2170 τις,
337 2099 466 2157 εἶτα
499 2108 695 2170 συνιεῖ,
719 2107 812 2159 καὶ
840 2105 975 2176 μετὰ
995 2105 1166 2159 ταῦτα
1192 2105 1498 2159 λαλεῖ.Ὂτε
1524 2105 1601 2171 δὲ,
1629 2104 1784 2175 φησὶν

199 2194 504 2258 πιστεύσας
527 2195 767 2266 ἐλάλησα
792 2195 1022 2266 μεγάλα,
1051 2196 1172 2250 τότε
1211 2196 1373 2269 μηδὲν
1406 2195 1641 2266 ἐμαυτὸν
1665 2194 1788 2249 ἰδὼν

196 2286 611 2355 ἐταπεινώθην
635 2288 890 2357 σφόδρα.
928 2287 1178 2342 Τοιοῦτον
1207 2288 1267 2342 τὸ
1296 2288 1387 2341 τοῦ
1426 2288 1671 2342 Ἰωάννου
1699 2303 1791 2339 πε-

200 2379 252 2448 ρὶ
273 2378 373 2431 τοῦ
407 2379 589 2449 Ἰησοῦ
611 2399 623 2409 ·
654 2380 914 2434 Ἐκεῖνον
942 2379 1032 2435 δεῖ
1061 2380 1366 2446 αὐξάνειν,
1398 2378 1501 2449 ἐμὲ
1524 2378 1592 2432 δὲ
1617 2379 1790 2433 ἐλατ-

198 2470 472 2524 τοῦσθαι.
494 2471 821 2525 Ἦλαττοῦτο
865 2473 994 2543 γὰρ,
1041 2473 1139 2526 οὐκ
1185 2470 1472 2525 ἀποϐαλών
1518 2488 1569 2524 τι
1615 2466 1785 2541 οὗπερ

198 2557 309 2630 εἶχε
347 2561 619 2633 μεγεθους
641 2581 653 2592 ·
685 2563 1108 2635 ἀντιπαραθέσει
1141 2563 1197 2616 δὲ
1225 2564 1323 2632 τῆς
1356 2560 1477 2615 καθ’
1517 2560 1787 2632 ὑπεροχὴν

200 2652 439 2720 Χριστοῦ
462 2652 810 2717 διδασκαλίας
834 2654 927 2706 καὶ
955 2653 1243 2716 πολιτείας.
1264 2651 1419 2705 Οὕτω
1440 2650 1533 2703 νῦν
1556 2650 1635 2713 τὸ,
1660 2651 1791 2702 ἑτα-

200 2740 524 2810 πεινὼθην,
561 2743 623 2794 οὐ
658 2744 799 2797 κατὰ
831 2741 998 2812 ὕψους
1042 2742 1330 2813 ἀφαίρεσιν
1379 2736 1552 2805 εἶπεν,
1583 2739 1696 2794 ἀλλ’
1724 2741 1787 2792 ἐκ

201 2834 298 2903 τῆς
330 2833 583 2903 μείζονος
613 2834 645 2904 ἢ
671 2834 792 2887 καθ’
820 2835 1008 2887 ἑαυτὸν
1039 2833 1290 2905 θεωρίας.

204 2926 501 2994 quamdam
572 2927 907 2983 celsitudinis
956 2944 1068 2983 sure
1111 2926 1497 2983 detractionem
1562 2923 1830 2995 intelligit,

205 3015 373 3069 tione.

1885 1851 1950 1890 ex
1977 1834 2088 1890 Deo
2112 1836 2159 1890 ei
2191 1836 2283 1905 qui
2333 1833 2491 1888 tidem
2522 1816 2704 1899 habet,
2742 1832 2948 1887 datum.
2986 1826 3237 1884 Concinit
3275 1831 3456 1879 autem

1887 1928 2017 1984 huic
2042 1928 2183 1983 dicto
2216 1945 2230 1982 :
2264 1925 2478 1981 Credidi
2508 1935 2719 1996 propter
2747 1924 2883 1994 quod
2917 1923 3124 1976 locutus
3158 1935 3297 1980 sum,
3324 1912 3457 1970 illud

1887 2030 2102 2085 quoque
2123 2015 2325 2069 dictum
2360 2033 2371 2068 :
2413 2012 2535 2068 Nisi
2565 2013 2914 2075 credideritis,
2937 2027 3037 2065 non
3063 2005 3365 2078 intelligetis
3387 2003 3456 2055 ³⁸.

1887 2104 2128 2159 Primum
2158 2106 2283 2175 quis
2317 2105 2506 2171 credit,
2536 2116 2720 2176 postea
2758 2103 3028 2173 intelligit,
3057 2116 3120 2156 ac
3153 2098 3347 2155 deinde
3378 2096 3461 2150 lo-

1889 2197 2092 2266 quitur.
2156 2196 2294 2251 Cum
2356 2204 2562 2261 autem,
2616 2197 2813 2266 inquit,
2874 2203 3166 2265 postquam
3226 2185 3458 2251 credidi,

1892 2301 2088 2355 magna
2119 2284 2335 2341 locutus
2361 2301 2503 2352 sum,
2539 2295 2666 2341 tunc
2708 2282 2898 2339 videns
2932 2298 3019 2337 me
3058 2281 3190 2337 nihil
3219 2278 3466 2335 esserhu-

1891 2376 2131 2431 miliatus
2179 2393 2295 2430 sum
2342 2378 2519 2430 nimis.
2574 2377 2763 2431 Simile
2814 2384 2897 2430 est
2934 2372 3073 2428 illud
3116 2369 3342 2427 Joannis
3395 2367 3462 2421 de

1890 2466 2015 2523 Jesu
2066 2468 2338 2539 loquentis
2381 2487 2393 2523 :
2441 2467 2603 2522 Illum
2646 2475 2846 2535 oportet
2887 2480 3133 2527 crescere,
3180 2476 3259 2514 me
3288 2468 3465 2512 autem

1891 2559 2078 2612 minui.
2116 2560 2160 2590 ³³
2193 2558 2535 2615 Minuebatur
2573 2560 2717 2613 enim
2765 2573 2870 2610 non
2918 2554 3060 2624 quod
3085 2552 3164 2607 vel
3189 2549 3462 2606 tantillum

1892 2650 2282 2717 magnitudinis
2312 2666 2423 2706 sua:
2464 2651 2734 2705 amitteret
2765 2667 2779 2714 ;
2815 2648 2911 2703 sed
2949 2649 3003 2701 in
3045 2641 3465 2714 comparatione

1891 2741 2361 2797 excellentissima:
2385 2742 2589 2796 Christi
2622 2740 2888 2795 doctrinae
2909 2754 2974 2792 ac
3006 2731 3459 2792 conversationis.

1891 2830 1968 2886 lta
1989 2848 2206 2903 quoque
2224 2850 2369 2889 nunc
2388 2833 2860 2900 il!ud,humitiatus
2877 2848 3015 2896 sum,
3034 2845 3141 2884 non
3161 2826 3462 2884 secundum

1892 2927 1986 2981 sed
2035 2944 2101 2983 ex
2145 2929 2338 3000 majori
2380 2945 2541 3000 quam
2588 2944 2688 2999 pro
2749 2928 3005 2983 facultate
3048 2925 3168 2996 ejus
3219 2919 3469 2991 specula.

283 3104 436 3178 Ἐγὼ
471 3106 540 3161 δὲ
566 3104 705 3162 εἶπα
729 3106 799 3163 ἐν
830 3108 905 3177 τῇ
934 3108 1217 3163 ἐκστάσει
1244 3126 1363 3179 μου
1386 3125 1399 3139 ο
1429 3106 1550 3173 Πᾶς
1579 3105 1795 3174 ἅνθρω-

1967 3104 2052 3158 Η.
2097 3100 2208 3172 Ego
2249 3101 2443 3156 dixiin
2487 3115 2701 3155 excessu
2741 3115 2852 3153 meo
2879 3114 2897 3153 :
2924 3096 3107 3154 Omnis
3137 3096 3291 3149 homo
3320 3108 3466 3147 men-

207 3214 321 3265 πος
363 3201 665 3269 ⁴ιΰνεύστης.
700 3200 1017 3271 Γενόμενος,
1067 3200 1253 3272 φησὶν,
1301 3199 1441 3270 ὑπὲρ
1487 3197 1791 3270 ἄνθρωπον,

211 3292 389 3345 πάντα
410 3296 482 3344 τὰ
506 3291 825 3364 ἀνθρώπινα
847 3291 1185 3364 ἐξηυτέλισα.
1204 3290 1268 3343 Ἠ
1292 3291 1401 3363 γὰρ
1422 3289 1675 3353 ἔκστασις
1698 3289 1796 3359 τὴν

209 3380 497 3435 ἀλλοίωσιν
528 3358 803 3454 σημαίνει.
829 3358 1101 3455 ᾑρηκὼς,
1133 3358 1319 3453 φησὶν,
1346 3358 1423 3444 ως
1452 3378 1796 3448 Εὺαρεστή-

211 3490 297 3527 σω
326 3472 548 3543 Κυρίῳ,
581 3471 698 3527 εἶτα
740 3473 916 3538 εἰδὼς,
955 3473 1031 3537 ὡς
1063 3474 1172 3536 πᾶς
1203 3471 1488 3541 ἄνθρωπος
1517 3469 1754 3541 ψεύστης
1779 3485 1792 3499 ⁸

214 3564 465 3634 λογισμοὶ
512 3563 622 3636 γὰρ
663 3563 961 3637 ἀνθρώπων
1010 3564 1202 3617 δόλιοι·
1235 3562 1427 3615 τούτου
1471 3562 1631 3634 χάριν
1675 3562 1799 3615 ὲτα-

216 3656 437 3709 πείνουν
481 3655 676 3709 tau-cev
720 3657 819 3710 καὶ
867 3654 1324 3727 ὲσκληραγώγουν
1374 3658 1492 3718 ταῖς
1551 3670 1797 3707 κακοπα-

215 3743 409 3809 θείαις,
451 3746 646 3815 μήπως
671 3736 770 3814 τῆς
792 3745 1045 3816 τοιαύτης
1071 3744 1289 3797 ὲκπὲσω
1325 3743 1586 3807 στάσεως.

293 3838 492 3907 Τᾲιιος
531 3837 809 3890 ἐναντιον
848 3835 1072 3906 Κυρίου
1108 3839 1140 3891 ό
1182 3835 1435 3902 θάνατος
1475 3833 1594 3887 τῶν
1617 3834 1804 3888 ὁσίων

219 3928 631 3998 αἰντοῦ.”Αλλη,
672 3929 855 3999 φησὶν,
895 3930 995 3982 οὐκ
1037 3928 1188 3981 ἔσται
1227 3930 1358 3999 ἡμῖν
1392 3926 1592 4000 ἀμοιϐὴ
1622 3921 1696 3981 ὧν
1726 3928 1804 3980 εί-

218 4019 473 4092 λήφαμεν
506 4020 657 4091 παρὰ
688 4019 843 4085 Θεοῦ,
872 4021 906 4092 ἢ
950 4020 1089 4091 ὑπὲρ
1113 4018 1275 4073 αὐτοῦ
1303 4019 1591 4090 ὑιτομεῖναι
1631 4018 1801 4072 Θάνα-

222 4129 328 4174 τον,
358 4112 655 4186 καὶταύτῃ
689 4112 968 4182 μιμεῖσθαι
1002 4111 1091 4165 τὸν
1135 4110 1341 4165 ἑαυτῶν
1369 4111 1664 4183 Δεσπότην.
1699 4105 1804 4165 Οὖ-

222 4220 308 4269 τος
352 4204 411 4258 δὲ
458 4204 523 4276 δὴ
567 4205 598 4257 ὁ
637 4204 866 4267 Θάνατος
907 4202 1141 4257 καὶτῶν
1177 4202 1385 4276 σφόδρα
1425 4203 1621 4274 τιμίων
1652 4203 1805 4256 ἔσται

224 4295 373 4367 παρὰ
404 4295 544 4365 Θεῷ.

291 4382 360 4441 Ὦ
392 4385 593 4455 Κύριε,
637 4385 752 4455 ἐγὼ
792 4385 1012 4451 δοῦλος
1043 4385 1156 4450 σὸς
1181 4384 1279 4439 καὶ
1318 4386 1446 4452 υἱὸς
1475 4385 1585 4453 τῆς
1610 4385 1806 4439 παιδί-

1894 3197 2019 3250 duas.
2045 3193 2218 3265 Supra
2243 3192 2517 3248 hominem
2544 3192 2789 3254 eﬂ'ectus,
2807 3189 3003 3259 inquit,
3026 3186 3207 3243 omnia
3230 3186 3467 3240 humana

1895 3271 2021 3342 vilia
2068 3296 2121 3341 et
2166 3286 2376 3354 abjecta
2408 3298 2530 3339 esse
2556 3283 2709 3338 duxi.
2738 3281 2871 3335 Nam
2917 3294 3175 3335 excessus
3215 3277 3471 3331 immuta-

1898 3380 2097 3434 tionem
2130 3377 2417 3447 signilicat.
2450 3374 2740 3445 Postquam
2775 3373 3042 3435 dixeram,
3086 3369 3262 3439 inquit
3294 3385 3309 3424 :
3343 3365 3471 3420 Pla-

1896 3471 2017 3523 eebo
2051 3468 2297 3533 Domino,
2328 3467 2523 3522 deinde
2550 3465 2741 3520 videns
2772 3477 2989 3518 omnem
3019 3462 3289 3515 hominem
3320 3473 3473 3513 men-

1897 3560 2086 3614 daeem
2130 3574 2250 3614 esse
2295 3575 2309 3612 :
2355 3572 2478 3611 nam
2528 3555 2885 3625 cogitationes
2936 3552 3218 3607 hominum
3272 3550 3473 3605 dolose

1899 3662 2065 3715 sunt;
2098 3651 2218 3705 ideo
2245 3648 2624 3716 memetipsum
2671 3644 3051 3709 humiliabam,
3085 3652 3137 3696 et
3171 3655 3258 3695 me
3294 3653 3475 3694 mace-

1899 3742 2203 3799 rationibus
2232 3739 2554 3809 amigeham,
2591 3752 2654 3790 ne
2693 3736 2762 3790 ab
2786 3735 2879 3788 illo
2904 3741 3046 3788 statu
3075 3732 3364 3785 dilabercr.

1975 3831 2060 3886 15.
2106 3829 2348 3884 Pretiosa
2371 3832 2423 3881 in
2456 3836 2732 3897 conspectu
2759 3825 2971 3878 Domini
2995 3839 3135 3876 mors
3169 3830 3475 3875 sanctorum

1901 3923 2035 3993 ejus.
2064 3922 2205 3987 Alia,
2232 3920 2430 3990 inquit,
2466 3918 2772 3981 retributio,
2804 3916 2957 3969 nobis
2989 3930 3094 3969 non
3126 3913 3230 3967 erit
3252 3926 3353 3981 pro
3376 3911 3475 3966 bo-

1904 4017 1991 4071 nis
2035 4030 2155 4086 qua:
2204 4013 2514 4084 acet‘pimus
2548 4027 2578 4065 a
2607 4010 2737 4072 Deo.
2770 4009 2872 4064 nisi
2903 4008 3048 4078 quod
3082 4022 3177 4076 pro
3210 4005 3302 4060 illo
3331 4018 3479 4059 mor-

1904 4116 2011 4162 tem
2038 4107 2428 4170 sustineamus,
2460 4111 2622 4174 atque
2656 4101 2728 4156 ita
2758 4101 3047 4156 Dominum
3075 4106 3320 4151 nostrum
3354 4094 3478 4148 imi-

1905 4208 2103 4253 temur.
2131 4196 2259 4252 Haec
2308 4206 2486 4250 autem
2536 4209 2684 4248 mors
2729 4194 2882 4247 valde
2925 4190 3165 4261 pretiosa
3203 4187 3307 4243 erit
3334 4187 3477 4257 apud

1908 4288 2099 4343 Deum.

2028 4306 2099 4343 in.

1954 4305 2066 4435 εἴθ.
2113 4380 2157 4435 0
2180 4379 2417 4440 Domine,
2433 4393 2526 4447 ego
2547 4390 2722 4429 servus
2748 4382 2865 4426 tuus
2890 4381 2937 4424 et
2958 4370 3100 4439 ﬁlius
3118 4366 3328 4421 ancilla:
3348 4376 3473 4422 tua.

226 4491 380 4544 σκης
414 4452 549 4529 σου.
586 4452 812 4547 6αρρὦ
859 4474 1043 4528 δοῦλον
1091 4476 1279 4528 ἑαυτὸν
1331 4471 1467 4529 εἶναί
1501 4452 1630 4545 φησι
1668 4476 1805 4530 κατὰ

1917 4474 2044 4528 Cum
2091 4472 2285 4526 liducia
2336 4483 2456 4523 sese
2488 4479 2704 4522 servum
2737 4462 2887 4527 dicit,
2919 4460 3215 4515 secundum
3248 4457 3479 4525 Aposto—

227 4569 317 4621 τὸν
345 4568 647 4622 ἀπόστολον
669 4583 684 4597 ο
714 4567 1003 4637 παιδίσκης
1031 4567 1087 4620 δὲ
1109 4568 1242 4632 υἱὸν,
1276 4568 1374 4637 τῆς
1397 4567 1665 4638 προτέρας
1692 4570 1806 4621 είσ-

229 4662 450 4731 αγωγῆς
483 4660 584 4729 τῆς
610 4658 699 4711 διὰ
726 4659 891 4729 νόμου
921 4659 1107 4729 φησίν.

295 4750 620 4821 Διέρῤηξίις
668 4749 811 4816 τοὺς
859 4749 1121 4819 δεσμούς
1159 4766 1301 4820 μου.
1330 4749 1438 4803 Καὶ
1480 4750 1624 4814 τίνες
1649 4751 1696 4803 οἱ
1727 4749 1812 4804 δε-

236 4845 359 4913 σμοὶ
385 4843 419 4914 ἦ
445 4844 497 4896 οἱ
526 4842 626 4912 τῆς
654 4842 946 4912 ἁμαρτίας,
975 4841 1115 4895 κατὰ
1141 4841 1203 4894 τὸ
1230 4841 1516 4914 εἰρημένον
1536 4858 1549 4871 ’
1583 4840 1811 4909 Σειραῖς

235 4935 342 5006 τὰρ
408 4934 627 4988 ἑαυτοῦ
670 4931 968 5003 ἁμαρτιῶν
1015 4932 1270 4998 ἕκαστος
1310 4934 1654 5003 σφίγγετακ
1709 4932 1809 4987 Σοὶ

237 5027 400 5080 θύσω
427 5025 650 5078 θυσίαν
675 5008 1081 5089 αὶι-έσεως.Ὦς
1129 5024 1187 5077 ὲν
1234 5027 1480 5095 προκοπῇ
1526 5024 1811 5095 γενόμενος

238 5117 332 5180 τὰς
374 5116 476 5187 μὲν
514 5115 584 5168 δι’
616 5115 865 5185 αἱμάτων
912 5118 1273 5186 παραιτεῖται,
1305 5116 1401 5180 τὰς
1448 5115 1504 5169 δὲ
1557 5118 1812 5179 αἰνέσεως

240 5207 505 5261 ὲπιτελεῖν
531 5206 966 5276 ἐπαγγέλλεται..

311 5302 424 5365 Τὰς
448 5297 638 5370 εὐχάς
674 5316 795 5368 μου
833 5298 915 5365 τῷ
946 5298 1139 5368 Κυρίῳ
1163 5298 1471 5354 ἀποδώσω.
1499 5298 1677 5369 saxa;
1717 5299 1812 5361 τὰς

244 5391 572 5461 ὶπαγγελίας
606 5391 758 5461 φησί.
787 5391 851 5443 Τί
881 5390 937 5445 δὲ
969 5390 1352 5462 ἐπηγγείλατο,
1384 5391 1443 5460 ἢ,
1469 5389 1529 5441 τὸ
1557 5390 1812 5460 ποτήριον

244 5480 335 5537 τεῦ
359 5483 563 5555 Κυρίου
596 5481 799 5548 λαϐὼν,
830 5480 1202 5539 ἐπικαλεῖσθαι
1232 5480 1396 5535 αὐτοῦ
1421 5480 1481 5534 τὸ
1510 5479 1711 5550 δνομα;
1747 5481 1811 5533 '0

1912 4564 2068 4618 lum:
2104 4559 2314 4614 ancill-.e
2355 4565 2531 4611 autem
2558 4554 2755 4618 tilium,
2784 4551 3012 4621 loquens
3041 4548 3111 4604 de
3154 4547 3335 4619 priore
3376 4545 3481 4601 ini-

1914 4651 2133 4705 tiatione
2161 4662 2258 4718 per
2288 4646 2460 4715 legem
2492 4646 2651 4698 facta.

1987 4728 2073 4796 17.
2116 4738 2379 4807 Dirupisti
2430 4735 2638 4792 uincula
2683 4747 2818 4787 mea.
2851 4730 2918 4786 Et
2954 4744 3075 4801 qua:
3106 4727 3340 4792 vincula,
3373 4725 3481 4782 nisi

1914 4832 2141 4904 peccati,
2168 4830 2323 4900 juxta
2350 4829 2553 4883 dictum
2587 4826 2760 4881 illud:
2804 4823 3037 4878 Vinculi:
3076 4822 3210 4875 enim
3244 4826 3478 4889 peccato-

1918 4941 2034 4978 rum
2060 4938 2274 4978 suorum
2302 4921 2653 4991 unusquisque
2676 4918 3050 4987 constringitur
3066 4913 3134 4965 ιιι
3162 4911 3276 4966 Tibi
3315 4911 3481 4964 sacri-

1913 5017 2082 5087 ﬁcabo
2133 5014 2360 5068 hostiam
2401 5012 2593 5065 laudis.
2633 5009 2800 5075 Quasi
2832 5009 2884 5061 in
2918 5004 3159 5076 profectu
3190 5011 3243 5055 et
3279 4999 3486 5069 majore

1914 5107 2261 5178 perfectione,
2293 5103 2556 5159 sacriﬁcia
2588 5117 2683 5170 per
2708 5099 3023 5168 sanguinem
3049 5100 3281 5159 recusat,
3315 5090 3485 5145 sacri-

1914 5200 2036 5254 licia
2074 5212 2204 5252 vero
2237 5196 2411 5250 laudis
2441 5195 2747 5250 oblaturum
2776 5204 2835 5244 se
2859 5184 3144 5257 promittit.

1988 5291 2073 5346 17.
2127 5288 2257 5345 Vota
2292 5305 2406 5341 mea
2433 5287 2656 5341 Domino
2690 5283 2928 5337 reddam.
2964 5279 3120 5345 Vota,
3149 5276 3202 5331 id
3241 5282 3323 5331 cst
3355 5289 3483 5346 pro-

1918 5382 2228 5439 missiones.
2254 5379 2393 5446 Quid
2436 5386 2614 5433 autem
2645 5374 2914 5445 promisit,
2951 5371 3056 5426 nisi
3087 5370 3230 5442 quod
3264 5375 3486 5437 accepto

1919 5476 2086 5533 calice
2113 5472 2347 5540 Domini,
2373 5471 2722 5526 inrocaturus
2748 5474 2893 5523 esset
2916 5478 3114 5520 nomen
3147 5462 3297 5535 eius?
3325 5457 3481 5529 Quod

322 5658 366 5691 ⁸⁹
391 5656 583 5713 llatth.
616 5675 667 5721 ν,
692 5657 743 5712 5.
821 5656 932 5727 ’ΣΠ
958 5657 1081 5715 Cor.
1118 5672 1192 5725 tv,
1232 5655 1319 5726 ἐΰς
1352 5653 1508 5710 Rom.
1547 5670 1600 5720 κ,
1637 5651 1721 5709 10.
1765 5654 1805 5687 ³³

1917 5668 1950 5711 ι.
1979 5666 2077 5715 ru,
2098 5648 2152 5705 9.
2224 5648 2268 5682 ³³
2305 5645 2462 5704 Joan.
2490 5660 2575 5713 ιιι,
2606 5645 2659 5700 3.
2740 5642 2797 5677 ’δι
2821 5640 2978 5697 Prov.
3011 5654 3065 5704 ν,
3105 5636 3194 5692 22.
