3778 6276
324 258 432 316 ινε

1207 258 1267 315 S.
1304 258 1677 317 ATHANASH
1714 259 1867 319 OPP.
1908 260 2098 375 ΡΑΒΞ
2126 262 2213 318 ill.
2252 294 2324 305 —
2357 261 2765 321 EXEGETICA.

3464 272 3570 331 476

323 378 543 441 laetam,
575 372 772 445 inquit,
803 389 929 430 cum
976 375 1029 429 in
1062 374 1261 432 divinis
1283 378 1424 434 aulis
1450 395 1578 448 ero;
1612 380 1661 436 id
1692 388 1778 439 est
1831 382 1884 438 in
1914 387 1959 447 Α

2059 372 2083 434 1
2113 383 2340 454 ποιήσω,
2373 383 2558 455 φησὶν,
2594 383 2812 438 ἐπειδὰν
2840 384 2898 437 ἐν
2928 387 3049 451 ταῖς
3081 385 3454 457 θείαιςοαὺλαῖς
3477 410 3577 463 γε·

323 461 568 519 Ecelesia
605 463 829 533 Christi,
865 465 950 521 vel
977 465 1031 521 in
1065 482 1301 538 superna
1326 468 1645 528 Jerusalem.

672 645 921 701 Alleluia.
964 646 1302 705 PSALMUS
1341 650 1545 706 CXVI.

394 735 446 800 1,
479 734 532 791 2.
573 734 812 790 Laudate
841 736 1144 806 Dominum,
1169 756 1344 796 omnes
1377 754 1616 822 gentes...
1648 748 1896 817 quoniam

322 827 637 895 confirmata
658 837 734 882 est
763 844 919 898 super
945 847 1037 885 nos
1066 833 1429 888 misericordia
1457 836 1590 906 ejus.
1606 836 1894 910 Nunquam

322 927 508 987 gentes
559 922 720 975 talem
769 924 1124 980 mutationem
1170 928 1378 996 experti
1410 928 1660 997 fuissent,
1687 932 1891 1001 inquit,

321 1009 429 1065 nisi
475 1013 713 1079 peccatis
770 1016 973 1070 nostris
1023 1018 1252 1073 validior
1288 1017 1481 1076 fuisset
1524 1024 1892 1081 misericordia

319 1099 437 1157 Dei.
470 1101 541 1155 Et
563 1106 755 1158 veritas
780 1105 992 1162 Domini
1040 1118 1210 1164 manet
1249 1112 1301 1165 in
1343 1122 1616 1171 aeternum.
1651 1114 1891 1173 Salutem

319 1190 465 1244 enim
497 1192 645 1248 dedit
671 1210 834 1264 quam
861 1212 955 1266 per
978 1210 1196 1255 sanctos
1220 1203 1511 1271 pr0phetas
1548 1207 1890 1273 promiserat.

318 1279 376 1334 ld
423 1291 478 1337 et
517 1283 709 1341 beatus
739 1286 962 1357 Paulus,
990 1292 1208 1347 ordiens
1243 1293 1453 1351 litteras
1487 1296 1556 1351 ad
1589 1296 1889 1366 Romanos,

317 1371 395 1426 ait
428 1388 444 1426 :
481 1373 684 1431 Paulus
725 1396 901 1435 servus
935 1380 1061 1436 Iesu
1104 1383 1322 1450 Christi,
1348 1399 1559 1443 vocatus
1586 1390 1889 1461 Apostolus,

315 1476 618 1534 segregatus
651 1469 705 1521 in
734 1468 1073 1540 Evangelium
1103 1471 1219 1541 Dei,
1251 1477 1388 1545 quod
1423 1489 1545 1532 ante
1580 1483 1892 1549 promiserat

316 1567 410 1622 per
427 1557 706 1625 prophetas
727 1575 850 1613 suos
878 1561 932 1614 in
957 1562 1247 1633 Scripturis
1277 1569 1472 1622 sanctis
1492 1568 1556 1623 ³⁵.
1574 1569 1845 1627 Etiterum
1873 1591 1888 1629 :

315 1643 451 1699 Dico
480 1645 748 1703 Christum
773 1650 957 1707 Iesum
988 1656 1287 1712 ministrum
1324 1660 1486 1729 fuisse
1526 1664 1888 1721 circumcisio-

1996 473 2188 543 νοίμην
2208 489 2221 503 ·
2262 473 2361 545 τὴν
2399 473 2722 547 Ἐκκλησίαν
2765 476 3026 547 Χριστοῦ,
3059 477 3092 549 ἢ
3120 478 3219 551 τὴν
3250 482 3577 556 ἐπουράνιον

2009 565 2382 639 Ἰερουσαλήμ.

2315 659 2687 726 Ἁλληλούῖα.
2726 661 3034 715 ΨΑΛΜΟΣ
3064 661 3239 731 Ριεῖο.

2066 748 2292 803 Αἰνεῖτε
2322 749 2431 803 τὸν
2469 749 2710 819 Κύριον,
2739 751 2933 808 πάντα
2965 753 3037 832 τὰ
3060 755 3271 823 ἔθνη...
3290 757 3379 812 ὅτι
3399 759 3580 826 ἐχραι-

1996 839 2209 910 ταιώθη
2260 841 2326 897 τὸ
2377 842 2549 909 ἔλεος
2593 844 2780 898 αὐτοῦ
2819 844 2913 914 ἐφ’
2947 844 3124 915 ἡμᾶς.
3154 848 3268 901 Οὑκ
3295 848 3382 914 ἂν,
3414 852 3575 920 φησὶ,

1994 934 2093 1005 τῆς
2123 934 2380 1006 τοιαύτης
2409 935 2710 1007 μεταϐολῆς
2731 935 2991 1007 ἐτύγχανε
3019 936 3086 991 τὰ
3114 937 3263 1010 ἔθνη,
3286 941 3333 992 εί
3357 940 3430 1011 μὴ
3454 943 3583 993 επι-

1995 1024 2357 1096 κρατέστερον
2391 1025 2497 1079 τῶν
2531 1028 2812 1098 ἡμετέρων
2859 1030 3139 1102 ἁμαρτιῶν
3174 1032 3236 1085 τὸ
3261 1032 3408 1098 ἔλεος
3452 1035 3583 1103 ἐγέ-

1994 1130 2114 1168 νετο
2139 1114 2233 1166 τοῦ
2260 1114 2415 1169 Θεοῦ.
2444 1114 2555 1172 Καὶ
2580 1118 2619 1185 ἡ
2643 1117 2890 1187 ἀλήθεια
2916 1118 3140 1188 Κυρίου
3159 1120 3326 1191 μένει
3352 1124 3439 1189 είς
3465 1122 3582 1177 τὸν

1993 1203 2212 1258 αιῶναο
2244 1207 2310 1277 ἢν
2338 1205 2446 1278 γὰρ
2475 1206 2562 1261 διὰ
2609 1208 2717 1261 τῶν
2763 1209 2933 1277 ἁγίων
2972 1212 3263 1282 προφητῶν
3306 1213 3583 1284 ὑπέσχετο

1992 1295 2191 1351 δέδωκε
2219 1298 2512 1369 σωτηρίαν.
2530 1298 2697 1352 Τοῦτο
2728 1300 2822 1353 κα)⁵
2849 1303 2877 1354 6
2908 1303 3176 1375 μακάριος
3198 1303 3431 1370 Παῦλος,
3460 1306 3582 1359 τῶν

1994 1388 2130 1459 πρὸς
2183 1389 2485 1459 Ῥωμαίους
2543 1392 2885 1461 γραμμάτων
2936 1390 3270 1463 ἀρξάμενος*
3327 1394 3581 1461 Παῦλος

1992 1479 2213 1547 δοῦλος
2249 1481 2442 1549 Ἰησοῦ
2484 1482 2765 1550 Χριστοῦ,
2796 1484 3013 1551 κλητὸς
3056 1485 3418 1552 ἀπόστολος,
3456 1487 3580 1555 ὰφ-

1992 1572 2317 1641 ωρισμένος
2336 1575 2423 1639 είς
2437 1573 2806 1644 Εὐαηέλιον
2833 1574 3001 1640 Θεοῦ,
3017 1575 3047 1629 ὃ
3064 1578 3585 1648 προεπηγγείλατο

1994 1661 2091 1716 διὰ
2114 1661 2230 1716 τῶν
2256 1664 2575 1734 προφητῶν
2599 1665 2784 1720 αὑτοῦ
2812 1666 2882 1719 ἐν
2908 1668 3175 1736 Γραφαῖς
3217 1670 3411 1739 ἁγίαις
3429 1686 3445 1701 ·
3477 1670 3584 1726 καὶ

317 1736 401 1789 nis
429 1748 642 1808 propter
684 1743 958 1797 veritatem
997 1745 1113 1813 Dei,
1144 1749 1213 1801 ad
1249 1751 1638 1819 conﬁrmandus
1664 1760 1894 1825 promis-
1925 1734 1959 1789 Β

2059 1753 2158 1807 ὶλιν
2186 1754 2242 1808 δέ
2266 1772 2279 1786 ο
2314 1755 2475 1825 Λέγω
2514 1755 2774 1823 Χριστὸν
2802 1734 3047 1824 Ἰησοῦν*
3081 1734 3362 1813 διάκονον
3390 1734 3580 1829 Ϋγενέ-

315 1827 488 1880 siones
511 1838 724 1896 patrum
750 1848 769 1885 .·
795 1842 971 1902 gentes
1008 1847 1183 1891 autem
1218 1855 1373 1908 super
1404 1842 1763 1899 misericordia
1801 1848 1897 1901 ho-

314 1933 508 1972 not-are
546 1920 795 1978 Deum".
843 1923 1074 1991 Quando
1120 1929 1287 1999 igitur
1333 1931 1705 1990 universorum
1753 1938 1896 1996 Deus

314 2008 561 2079 implevit
602 2017 1015 2085 promissiones,
1046 2029 1100 2076 et
1151 2023 1381 2080 salutem
1427 2042 1591 2095 quam
1624 2028 1896 2097 pollicitus

312 2112 399 2157 est
425 2104 593 2172 dedit,
622 2122 686 2162 ac
727 2110 1118 2169 misericordia:
1161 2113 1338 2171 fontes
1366 2119 1577 2187 aperuit
1604 2122 1891 2189 omnibus;

313 2202 368 2248 et
415 2210 510 2251 vos
553 2200 646 2268 qui
693 2216 759 2256 ex
805 2201 1007 2260 Judaeis
1052 2209 1415 2276 proeessislis,
1449 2220 1504 2265 et
1547 2228 1644 2267 vos
1693 2215 1785 2284 qui
1825 2231 1893 2270 ex

314 2286 567 2356 gentibus
597 2292 928 2361 credidistis,
958 2300 1256 2357 concordes
1286 2302 1516 2373 hymnos
1543 2308 1895 2362 commiscen-

313 2385 416 2444 tes,
449 2378 692 2439 beneﬁco
721 2386 893 2442 vicem
928 2388 1158 2445 reddite.

643 2641 894 2701 Alleluia.
937 2647 1277 2710 PSALIIUS
1316 2654 1560 2715 CXVII.

899 2741 1298 2811 Argumentum.

310 2813 548 2919 Docetur
568 2838 742 2881 novus
764 2831 996 2898 populus
1018 2839 1355 2906 compositus
1379 2857 1443 2895 ex
1469 2840 1672 2900 Iudaeis
1694 2855 1747 2902 et
1768 2862 1897 2919 gen-

381 2910 548 2978 tibus,
580 2931 750 2972 unum
775 2922 952 2976 solum
982 2937 1234 2995 oportere
1256 2933 1638 2991 auxiliatorem
1677 2939 1895 2997 invoca-

1997 1849 2135 1900 σθαι
2180 1845 2500 1915 περιτομῆς
2539 1847 2690 1916 ὑπὲρ
2722 1848 3006 1916 ἀληθείας
3047 1851 3214 1915 Θεοῦ,
3240 1852 3326 1917 εἰς
3361 1851 3427 1904 τὸ
3465 1853 3584 1916 ,Βε-

1997 1936 2239 1991 ϐαιῶσαι
2266 1938 2372 2005 τὰς
2390 1939 2749 2009 ἐπαγγελίας
2769 1939 2885 1994 τῶν
2910 1940 3180 2009 πατέρων
3198 1958 3212 1972 ’
3242 1942 3314 1996 τὰ
3334 1941 3402 1995 δὲ
3423 1942 3579 2011 ἔθνη

1994 2026 2145 2094 ὑπὲρ
2174 2026 2385 2093 ἐλέους
2411 2027 2663 2093 δοξάσαι
2700 2029 2806 2083 τὸν
2835 2032 3002 2084 Θεόν.
3021 2030 3238 2104 Ἐπειδὴ
3267 2032 3444 2086 τοίνυν
3475 2049 3586 2085 πε-

1995 2118 2251 2189 πλήρωκε
2297 2118 2396 2183 τὰς
2443 2120 2763 2190 ὑποσχέσεις
2808 2123 2837 2175 6
2880 2122 2988 2177 τῶν
3026 2122 3162 2177 ὅλων
3192 2124 3342 2188 Θεὸς,
3375 2125 3469 2177 καὶ
3500 2127 3577 2195 ἣν

1995 2212 2259 2282 ὑπέσχετο
2304 2212 2501 2267 δέδωκε
2547 2214 2840 2285 σωτηρίαν,
2868 2216 2962 2268 καὶ
3000 2215 3234 2288 ἀνέῳξεν
3264 2218 3434 2271 ἅπασι
3468 2218 3579 2282 τὰς

1991 2304 2086 2358 τοῦ
2115 2305 2298 2370 ἐλέους
2328 2306 2528 2377 πηγὰς,
2552 2306 2647 2360 καὶ
2678 2308 2834 2378 ὑμεῖς
2861 2310 2910 2362 οἱ
2929 2309 2987 2375 ἐξ
3017 2309 3282 2362 Ἰουδαίων
3309 2309 3583 2382 προσελη-

1992 2397 2231 2461 λυθότες,
2271 2397 2364 2451 καὶ
2398 2398 2553 2469 ὑμεῖς
2578 2398 2626 2451 οί
2659 2398 2718 2463 ἐξ
2754 2398 2920 2453 ἐθνῶν
2953 2401 3392 2466 πεπιστευκότες,
3425 2401 3579 2473 σύμ·-

1993 2508 2169 2561 φωνον
2214 2491 2488 2563 ὑμνῳδίαν
2537 2493 2889 2563 κεράσαντες,
2927 2494 3357 2566 τὸνεὺεργέτην
3403 2494 3577 2564 ἀμεί-

1991 2582 2184 2652 ψασθε.

2331 2676 2694 2743 Ἀλληλούῖα.
2744 2679 3054 2732 ΨΑΛΜΟΣ
3087 2680 3244 2733 PIZ'.

2619 2769 2941 2836 Ὑπόθεσις.

1990 2856 2307 2911 Διδάσκεται
2333 2860 2362 2911 6
2383 2858 2501 2922 νέος
2530 2858 2658 2923 λαὸς
2689 2860 2717 2911 6
2748 2859 3094 2932 συνεστηκὼς
3121 2860 3185 2914 ἔκ
3205 2879 3264 2914 τε
3293 2861 3575 2915 Ἰουδαίων

2062 2948 2283 3002 καὶτῶν
2312 2948 2500 3012 ἐθνῶν,
2531 2949 2606 3012 ὼς
2629 2949 2726 3003 ’ἐνα
2753 2951 2911 3022 μόνον
2934 2951 3015 3004 δεῖ
3035 2951 3407 3007 ἐπικαλεῖσθαι
3432 2952 3572 3025 βοη-

376 3016 459 3066 re.
493 3004 670 3074 ipsum
706 3012 916 3068 scilicet
945 3019 1090 3085 quod
1134 3020 1430 3079 humanam
1483 3032 1781 3101 assumpsit
1804 3049 1894 3097 na,
1919 3065 1959 3122 ο

377 3101 553 3122 Ωιι--..κ
608 3099 696 3122 Π-ε
746 3103 814 3122 1r,
855 3107 870 3122 ι
1081 3121 1086 3122 ,
1370 3117 1381 3122 -
1542 3121 1547 3122 ,

2065 3040 2178 3105 ὑὸν,
2214 3040 2376 3094 αὑτὸν
2414 3004 2504 3094 τὸν
2534 3004 3030 3114 ἐνανθρωπησαντα
3068 3004 3572 3115 τοῦνΘεούηΛύγον,

377 3101 555 3152 turam
603 3099 700 3156 Dei
746 3103 1006 3175 Verbum,
1038 3121 1202 3183 atque
1254 3131 1323 3170 ex
1368 3117 1489 3187 ipso
1538 3121 1593 3176 in
1647 3099 1889 3194 tempore

376 3193 777 3255 persecutionis
832 3199 1093 3257 auxilium
1148 3220 1309 3263 omne
1353 3226 1616 3282 qumrere,
1682 3217 1889 3273 scilicet

378 3289 536 3345 opem
567 3295 631 3335 ex
658 3284 795 3339 cwlo
818 3287 1041 3344 missam
1074 3311 1087 3346 :
1119 3292 1329 3365 ipsique
1359 3297 1561 3354 referre
1588 3302 1885 3371 gratiarum

376 3367 620 3426 actiones
652 3389 753 3442 pro
782 3376 1029 3445 victoria,
1062 3392 1225 3455 atque
1273 3388 1343 3442 ab
1378 3388 1497 3459 ipso
1530 3367 1645 3447 vias
1674 3393 1887 3451 virtutis

376 3465 608 3525 petere:
643 3472 697 3519 et
740 3468 806 3522 ad
854 3470 967 3527 hare
1007 3477 1213 3541 omnia,
1257 3480 1502 3536 confiteri
1533 3481 1763 3540 Domino
1792 3489 1885 3557 qui

377 3550 697 3639 nominatur
722 3556 859 3627 lapis
885 3579 898 3614 :
925 3565 1246 3632 reprobatus
1275 3570 1494 3639 quidem
1525 3574 1594 3629 ab
1620 3550 1887 3633 aediﬁcan-

377 3638 543 3730 tibus,
577 3645 674 3700 sed
706 3646 881 3705 factus
920 3652 974 3706 in
1015 3669 1182 3725 caput
1216 3638 1422 3730 anguli.

376 3729 493 3784 1-4.
531 3731 863 3805 Conﬁtemiui
890 3742 1136 3808 Domino,
1155 3752 1401 3819 quoniam
1425 3754 1609 3820 bonus,
1635 3762 1882 3829 quoniam

307 3820 363 3874 in
389 3824 641 3879 saxulum
675 3830 1038 3889 misericordia
1062 3837 1197 3905 ejus.
1226 3839 1381 3895 Dicat
1408 3862 1546 3899 nunc
1572 3820 1759 3904 domus
1792 3850 1881 3905 Is-

307 3913 440 3970 rael.
466 3913 618 3985 Ipsos
651 3920 860 3988 priores
894 3926 1291 3985 confessionem
1329 3935 1466 3990 inire
1491 3937 1666 4006 jubet,
1698 3949 1884 4011 utpote

306 4004 401 4074 qui
424 4005 583 4074 primi
610 4015 784 4066 vocati
810 4012 1007 4070 fuerint
1028 4034 1124 4088 per
1148 4004 1511 4093 evangelicam
1542 4004 1883 4099 praedicatio-

307 4111 455 4152 nem.

376 4187 494 4244 5-9.
541 4190 615 4245 De
634 4195 978 4253 tribulatione
1000 4200 1245 4257 invocavi
1276 4204 1580 4275 Dominum,
1604 4213 1883 4266 etexaudi-

304 4288 376 4341 vit
428 4307 507 4345 me
544 4293 598 4345 in
639 4289 939 4347 latitudine.
981 4293 1097 4348 Duo
1149 4294 1307 4351 docet
1343 4297 1431 4353 hic
1474 4315 1686 4365 versus,
1733 4305 1879 4374 quod

2062 3134 2156 3188 καὶ¹
2181 3133 2239 3199 ἐξ
2265 3132 2429 3188 αὑτοῦ
2452 3135 2510 3187 ἐν
2540 3134 2716 3205 καιρῷ
2736 3135 2974 3207 διωγμοῦ
3003 3136 3100 3208 τὴν
3125 3137 3440 3208 ἐπικουρίαν
3465 3137 3574 3209 ζη-

2057 3229 2167 3279 τεῖν
2200 3228 2399 3301 πᾶσαν,
2437 3227 2535 3298 τὴν
2561 3227 2620 3291 ἐξ
2642 3227 2871 3297 ούρανοῦ
2903 3230 3415 3301 παραπεμπομένην
3446 3229 3586 3301 βοή-ν

2057 3317 2207 3371 θειαν
2224 3334 2237 3348 ο
2265 3318 2414 3390 αὑτῷ
2435 3335 2496 3371 τε
2523 3319 2811 3391 ἀναφέρειν
2831 3318 2937 3391 sip
2950 3319 3105 3392 νίκης
3128 3319 3195 3373 τὰ
3213 3322 3567 3393 χαριστήρια’

2058 3411 2226 3463 αἰτεῖν
2258 3427 2318 3462 τε
2343 3410 2440 3473 τὰς
2462 3410 2552 3463 διὰ
2582 3410 2689 3464 τῶν
2719 3410 2928 3483 ἀρετῶν
2951 3411 3122 3476 ὀδοὺς,
3154 3413 3247 3465 καὶ
3281 3412 3415 3485 πρὸς
3441 3412 3539 3467 τού
3565 3452 3571 3457 -

2061 3518 2174 3564 τοις
2204 3500 2408 3554 ἅπασιν
2437 3500 2870 3572 ἐξομολογεῖσθαι
2898 3500 2976 3572 τῷ
3007 3503 3196 3573 Κυρίῳ
3241 3502 3319 3573 τῷ
3360 3503 3567 3574 ὀνομα-

2057 3591 2266 3663 ζομένῳ
2305 3590 2437 3663 λίθῳ
2456 3608 2469 3621 ·
2504 3591 2939 3664 ἀπηγορευμὲνῳ
2970 3593 3066 3663 μὲν
3105 3594 3254 3665 παρὰ
3286 3593 3392 3648 τῶν
3419 3596 3575 3648 οἰκο-

2053 3681 2254 3752 δόμων,
2289 3682 2567 3753 γενομένῳ
2597 3682 2653 3735 δὲ
2682 3684 2766 3747 εἰς
2798 3682 3038 3756 κεφαλὴν
3066 3685 3284 3754 γωνίας.

2066 3773 2547 3844 Ἐξομολογεῖσθε
2584 3773 2666 3841 τῷ
2705 3773 2921 3843 Κυρίῳ,
2963 3774 3052 3829 ὅτι
3092 3776 3331 3847 ἀγαθὸς,
3359 3776 3447 3831 ὅτι
3476 3779 3575 3845 εἰς

1982 3862 2090 3937 τὸν
2130 3863 2316 3919 αἰῶνα
2360 3865 2426 3919 τὸ
2467 3864 2638 3932 ἕλεος
2712 3865 2917 3920 αὐτοῦ.
2990 3866 3224 3921 Elade
3272 3867 3347 3937 δὴ
3398 3865 3570 3936 οἶκος

1995 3955 2249 4024 Ἰσραήλ.
2268 3954 2524 4027 Πρῶτους
2534 3957 2729 4020 αὑτοὺς
2742 3957 2843 4020 τῆς
2857 3956 2944 4022 ego
2951 3958 3147 4029 μολογή
3155 3975 3291 4022 σεως
3300 3958 3569 4029 ἄρχεσθαι

1981 4042 2433 4114 παρακελεύεται,
2484 4044 2579 4098 ἆτε
2627 4044 2875 4115 πρώτους
2916 4046 3281 4118 κεκλημένους
3331 4048 3418 4101 διὰ
3463 4050 3566 4105 τοῦ

1981 4132 2335 4201 εὑαγγελικοῦ
2366 4133 2740 4205 κηρύγματος.

2062 4222 2157 4274 Ἐκ
2210 4222 2472 4289 θλίψεως
2518 4222 2984 4291 ἐπεκαλεσιίμην
3033 4222 3141 4275 τὸν
3191 4220 3433 4290 Κύριον,
3459 4221 3566 4274 καί

1979 4311 2287 4379 ἐπήκουσέ
2310 4331 2430 4383 μου
2453 4316 2540 4380 είς
2569 4316 2944 4383 πλατυσμόν.
2975 4314 3079 4367 Δύο
3106 4314 3389 4367 διδάσκειό
3418 4331 3565 4385 παρη

303 4375 683 4435 tribulationes
709 4381 905 4435 habere
929 4381 1158 4438 debeant
1185 4385 1278 4454 qui
1299 4389 1563 4443 accedunt
1589 4391 1655 4446 ad
1681 4393 1835 4449 ﬁdem
1863 4415 1876 4451 :
1911 4399 1957 4459 D

2082 4375 2289 4473 στίχος,
2311 4375 2405 4467 *ὡς
2439 4375 2534 4457 καί
2561 4403 2792 4475 θλίψεως
2806 4375 2958 4475 ’ἔχειν
2994 4405 3075 4458 δεῖ
3105 4407 3230 4469 τοὺς
3264 4375 3566 4477 προσερχο-

297 4466 457 4535 juxta
487 4471 617 4524 illud
642 4472 890 4525 :Accetlis
912 4473 982 4525 ad
1005 4475 1332 4530 serviendum
1355 4478 1605 4547 Domino,
1634 4499 1879 4554 purpura

303 4560 539 4612 animam
575 4569 721 4614 tuam
761 4564 832 4615 ad
865 4566 1282 4622 tentationem".
1319 4567 1385 4623 Et
1408 4572 1554 4640 quod
1602 4572 1650 4628 is
1699 4576 1794 4646 qui
1823 4575 1878 4631 iu

300 4652 565 4707 aerumnis
602 4663 875 4720 versatur,
908 4672 1016 4711 non
1050 4658 1218 4713 alium
1246 4661 1759 4734 debeatadjutorem
1795 4669 1880 4724 in-

300 4755 503 4796 vocare
545 4759 710 4811 quam
747 4744 926 4814 ipsum
978 4746 1291 4815 Dominum,
1322 4751 1415 4823 qui
1470 4755 1873 4813 tribulationem

301 4845 547 4887 nostram
581 4832 635 4888 in
668 4834 1013 4891 latitudinem
1045 4854 1296 4911 magnam
1345 4844 1582 4899 deducit.
1613 4846 1721 4903 Pro
1751 4864 1878 4918 par-

299 4927 384 4983 vis
431 4944 668 5000 namque
720 4929 1001 4988 laboribus
1033 4948 1260 5006 magnas
1305 4937 1635 5008 accipiemus
1670 4956 1879 4997 merce-

299 5019 417 5076 des.

370 5112 549 5169 10-14.
595 5114 786 5170 Omnes
814 5126 987 5187 gentes
1018 5118 1342 5173 circuierunt
1387 5136 1534 5174 me...
1577 5120 1875 5178 Circumde-

298 5201 489 5258 derunt
532 5222 612 5261 me
640 5209 778 5261 sicut
825 5224 948 5276 apes
995 5209 1195 5278 favum,
1230 5220 1279 5265 et
1319 5212 1374 5263 in
1411 5212 1618 5266 nomine
1659 5212 1872 5269 Domini

300 5293 445 5348 ultus
485 5312 602 5351 sum
638 5315 745 5353 eos.
782 5299 874 5356 Dei
906 5317 1144 5372 namque
1172 5302 1403 5372 populus
1446 5303 1622 5358 solum
1649 5306 1875 5361 vocabat
1929 5322 1940 5332 '

302 5385 496 5452 Deum,
526 5398 582 5444 et
618 5407 815 5447 nomen
842 5393 962 5463 ejus
991 5410 1324 5459 memorans,
1354 5396 1539 5450 hostes
1559 5396 1800 5452 visibiles
1824 5408 1878 5453 et

301 5478 602 5537 invisibiles
651 5482 1056 5542 ulciscebatur:
1098 5486 1347 5542 homines
1390 5496 1568 5543 autem
1619 5488 1704 5544 bis
1748 5489 1883 5546 insi-

1986 4493 2176 4563 μένους
2202 4497 2267 4566 τῇ
2300 4495 2499 4562 πίστει,
2529 4496 2669 4551 κατὰ
2690 4496 2771 4561 τὸ,
2799 4500 3107 4565 Προσερχῃ
3135 4496 3448 4549 δουλεύειν
3478 4497 3564 4562 τῷ

1983 4585 2196 4655 Κυρίῳ,
2229 4588 2549 4659 ἐτοίμασον
2579 4588 2691 4658 τὴν
2714 4588 2925 4658 ψυχήν
2949 4604 3064 4642 σου
3085 4590 3172 4654 είς
3200 4590 3557 4657 πειρασμόν.

1981 4680 2093 4731 Καὶ
2123 4678 2433 4752 θλιϐόμενον
2466 4682 2541 4753 μὴ
2567 4682 2753 4753 ἓτερον
2778 4680 3154 4734 ἐπικαλεῖσθαι
3183 4679 3374 4751 βοηθὸν
3398 4680 3432 4751 ἢ
3461 4681 3563 4732 αὑ-

1980 4770 2071 4824 τὸν
2105 4771 2197 4825 τὸν
2228 4771 2454 4843 Κύριον,
2483 4773 2540 4834 ὃς
2572 4772 2665 4825 καὶ
2686 4773 2784 4842 τὴν
2823 4772 3000 4841 θλίψιν
3025 4772 3181 4843 ἡμῶν
3205 4774 3284 4835 εἰς
3312 4771 3561 4843 εὐρυχω-

1989 4862 2110 4933 ρίαν
2150 4862 2273 4929 ἄγει
2315 4863 2531 4934 πολλήν.
2566 4864 2688 4917 Τῶν
2724 4865 2933 4937 μικρῶν
2964 4864 3071 4936 γὰρ
3105 4866 3282 4918 πόνων
3317 4864 3563 4934 μεγάλας

1983 4951 2375 5023 ἁποληψόμεθα
2397 4953 2493 5017 τὰς
2518 4953 2767 5025 ἀμοιϐάς.

2048 5126 2251 5181 Πάντα
2298 5130 2372 5183 τὰ
2410 5115 2554 5198 ἔθνη
2607 5132 2963 5188 ἐκύκλωσαν
2999 5153 3139 5204 με...
3170 5137 3564 5193 Ἑκύκλωσάν

1974 5236 2049 5288 με
2081 5220 2223 5274 ὡσεί
2251 5222 2541 5290 μέλισσαι
2572 5225 2800 5291 κηρίον,
2831 5226 2927 5280 καὶ
2956 5225 3036 5292 τῷ
3061 5229 3301 5298 ὀνόματι
3333 5227 3382 5282 Κ
3388 5230 3561 5297 ipim:

1980 5310 2299 5380 ἠμυνάμην
2324 5315 2563 5381 αὐτούς.
2583 5317 2639 5370 Ὀ
2674 5316 2772 5387 μὲν
2800 5317 2908 5389 γὰρ
2936 5318 3029 5371 τοῦ
3073 5318 3209 5372 Θεοῦ
3243 5319 3368 5384 λαὸς
3396 5322 3560 5390 μόνον

1986 5400 2169 5455 ἐκάλει
2199 5401 2290 5455 τὸν
2316 5402 2467 5469 Θεὸν,
2496 5404 2593 5458 καὶ
2614 5405 2674 5458 τὸ
2703 5404 2872 5475 ὄνομα
2894 5405 3066 5474 λέγων
3112 5404 3275 5459 αὑτοῦ
3318 5406 3559 5477 ἠμύνετο

1985 5492 2109 5558 τοὺς
2138 5495 2493 5567 φαινομένους
2522 5498 2615 5553 καὶ
2644 5498 2869 5568 ἀφανεῖς
2901 5496 3187 5570 πολεμίους
3206 5515 3219 5529 ’
3255 5498 3303 5552 oi
3335 5497 3390 5551 δὲ
3432 5498 3557 5551 τού-

347 5656 390 5691 ⁸³
433 5655 588 5716 Rom.
619 5673 658 5731 ι,
706 5660 751 5727 Ι,
780 5661 834 5716 2.
997 5661 1157 5718 Rom.
1201 5678 1289 5732 xv,
1323 5662 1374 5730 8,
1407 5663 1459 5719 9.
1538 5664 1579 5698 ³⁷
1620 5663 1786 5721 Eccli.
1822 5680 1884 5734 ll,
1916 5665 1959 5720 l.
