3778 6276
198 292 305 349 ‘77

1307 288 1674 347 EXPOSITIO
1712 284 1779 343 ΙΝ
1820 285 2161 347 PSALMUM
2201 291 2414 349 CXVII.

3379 295 3488 355 L78

200 429 314 476 τοις
343 406 798 473 ἐπιϐουλεύοντες
831 408 1106 481 ἄνθρωποι
1139 408 1330 480 μόναις
1361 410 1657 483 θαρροῦσιν
1701 411 1799 483 ἀρα

1986 419 2133 478 .ntes,
2164 414 2304 495 solis
2323 410 2607 469 conﬁdunt
2632 411 3031 485 principatibus
3048 426 3103 471 et
3124 419 3486 487 potestatibus

198 508 326 578 χαξς
377 520 440 557 τε
490 500 587 555 καὶ
633 499 978 566 δυναστείαις
1010 500 1335 574 ἀνθρώπων.
1367 503 1443 557 Τδ
1484 503 1565 569 δὲ,
1609 502 1808 557 πάντα

199 599 271 657 τὰ
300 597 485 665 ἔθνη,
508 594 898 666 ὁπερὼλικόν·
931 593 1028 666 τὴν
1058 595 1168 665 γὰρ
1200 596 1458 650 Ἰουδαίαν
1482 597 1661 650 πᾶσαν
1681 594 1809 649 ἐκύ-

201 692 369 743 κλουν
435 688 624 743 πάντα
676 685 746 741 τά
797 685 945 758 ἔθνη.
969 688 1041 741 Ἦ
1100 686 1365 760 παρέοικε
1410 687 1519 758 τῷ·
1550 689 1657 754 Εἰς
1700 686 1808 753 τὰς

202 781 431 851 πμιοτας
463 780 826 836 ἀπέκτεινον
852 778 1084 846 πάντας
1108 779 1251 846 τοὺς
1279 778 1665 850 ἁμαρτωλοὺς
1696 777 1809 848 τῆς

202 873 313 944 τῆς
332 891 348 905 ·
379 870 591 945 δηλαδὴ
626 872 755 936 τοὺς
784 871 1050 943 ἐμπαθεῖς
1080 870 1375 942 λογισμοὺς
1403 872 1508 924 ὑπὸ
1534 869 1805 941 δαιμόνων

205 967 595 1039 ἐπαγομένους
619 1007 635 1030 ,
700 966 795 1020 καὶ
847 965 1039 1036 λόγους
1121 967 1382 1036 ὲπαφεῖεν
1438 964 1805 1036 σοφιστικούς.

205 1062 391 1118 Ταῦτα
426 1060 545 1134 γὰρ
575 1058 873 1131 ἀνατρέψει
896 1056 966 1111 τὰ
987 1055 1301 1127 έθνη.Ἐσθ’
1325 1056 1413 1110 ὅτε
1447 1056 1539 1109 καὶ
1569 1055 1807 1125 ἀναιρεῖ-

205 1172 291 1209 ται
341 1153 585 1216 τούτους
634 1150 922 1222 ἐπικλήσει
963 1148 1121 1214 Θεοῦ,
1160 1147 1259 1212 τὰς
1304 1145 1613 1219 παθητικὰς
1643 1145 1804 1200 ἐκκό-

208 1264 354 1302 πτων
389 1245 599 1318 ὁρμὰς,
631 1244 727 1297 καὶ
761 1241 954 1310 λόγους
985 1239 1308 1312 ἀνατρέπων
1348 1237 1712 1308 σοφιστικούς.
1742 1238 1804 1290 Ol

204 1341 258 1393 δὲ
289 1336 574 1410 κηφῆνες,
607 1336 730 1398 ταῖς
761 1332 1037 1405 μελίτταις
1066 1328 1534 1403 παρεοικότες,ὼς
1557 1328 1651 1381 καὶ
1681 1327 1805 1380 λαν-

206 1430 391 1485 θάνειν
429 1428 567 1490 τοὺς
597 1424 946 1494 ἀγνοοῦντας,
976 1423 1037 1476 ού
1064 1421 1290 1494 κέντρον
1316 1419 1550 1490 ἔχουσιν,
1582 1418 1682 1472 οὐκ
1710 1418 1805 1489 ἐρ-

206 1521 474 1592 γάζονται
505 1517 668 1586 μέλι·
704 1516 864 1587 σῶμα
896 1513 954 1567 δὲ
1000 1511 1183 1584 μεῖζον
1217 1511 1448 1583 ἔχοντες,
1485 1508 1594 1562 τῶν
1626 1507 1808 1579 μελιτ-

205 1614 309 1667 τῶν
348 1612 421 1666 τὸ
464 1611 633 1684 ἔργον
674 1606 972 1661 ἐσθίουσιν·
1017 1602 1111 1668 οὓς
1153 1603 1246 1657 καλ⁵
1286 1600 1654 1673 διαφθείρουσι
1686 1600 1803 1671 μετ’

206 1704 459 1777 ἀλλήλων
493 1702 554 1756 αί
590 1700 835 1772 μέλιτται
868 1694 1474 1766 συνιστάμεναι.Ἔστιν
1506 1686 1598 1746 οὖν
1626 1693 1659 1762 ἠ
1690 1691 1807 1744 Ἑκ-

206 1795 409 1868 κλησία
465 1791 732 1865 μέλισσα·
770 1787 1154 1862 μελιττουργὸς
1201 1785 1258 1838 δὲ
1299 1787 1334 1857 ἡ
1380 1785 1482 1856 τὴν
1526 1782 1620 1837 τοῦ
1665 1780 1801 1836 Θεοῦ

207 1887 546 1962 προτιμῶσα
568 1884 759 1954 σοφίαν
778 1899 791 1914 ·
812 1876 880 1955 ἦς
902 1881 1027 1945 τοὺς
1052 1880 1248 1941 πόνους
1275 1877 1511 1948 βασιλεῖς
1538 1876 1633 1931 καὶ
1660 1875 1805 1930 ίδιῶν

206 1996 294 2034 ται
327 1977 478 2050 πρὸς
509 1975 703 2045 ὑγείαν
734 1973 1156 2047 προσφέρονται,
1191 1970 1392 2040 καίπερ
1426 1966 1687 2031 ἀσθενοῦς
1709 1966 1803 2021 οῦ·

208 2086 339 2143 σης·
385 2068 541 2124 κατὰ
570 2067 655 2129 τὸ.
683 2066 783 2135 Μὴ
815 2066 885 2120 ἐν
927 2063 1123 2119 πειθοῖ
1162 2063 1382 2133 σοφίας
1427 2062 1807 2132 ἀνθρωπίνης

206 2164 353 2235 ἔχειν
380 2162 448 2217 τὸ
475 2161 962 2234 κήρυγμα.”ομως
989 2158 1101 2230 ἔχει
1136 2157 1197 2211 τὸ
1240 2157 1462 2229 κέντρον
1503 2158 1561 2211 ἐν
1587 2155 1807 2211 ἀποδεί-

206 2256 290 2325 ξει
316 2253 642 2326 πνεύματος
680 2253 773 2308 καὶ⁴
817 2252 1101 2324 δυνάμεως
1134 2249 1292 2314 Θεοῦ,
1318 2243 1411 2303 τδν
1442 2248 1541 2319 τῆς
1572 2248 1809 2311 πίστεως

206 2348 410 2421 ἔχουσα
434 2347 597 2417 λόγον
616 2360 631 2376 ·
658 2346 735 2411 ὡς
758 2344 851 2399 καὶ
872 2346 1117 2416 ἀναιρεῖν
1142 2342 1242 2408 τὰς
1270 2344 1528 2413 αἱρέσεις,
1557 2339 1809 2412 καθάπερ

208 2441 495 2513 κηφῆνας,
528 2438 739 2508 ἐλέγχῳ
764 2435 975 2499 ταύτας
995 2432 1357 2506 διχοτομοῦσα
1382 2432 1483 2503 τῆς
1510 2431 1769 2503 ἀληθείας
1793 2471 1806 2485 .

208 2532 323 2586 Μία
354 2528 459 2602 μὲν
489 2531 524 2600 ἡ
558 2529 841 2600 τιμήσασα
881 2526 981 2599 τὴν
1024 2525 1214 2595 σοφίαν
1242 2524 1338 2578 τοῦ
1378 2522 1510 2578 Θεοῦ
1542 2523 1769 2595 μέλισσα
1791 2537 1808 2555 ·

209 2620 404 2674 πολλαὶ
431 2618 493 2672 δὲ
520 2619 619 2689 τῆς
647 2617 742 2671 τοῦ
767 2616 904 2671 Θεοῦ
936 2615 1128 2686 σοφίας
1155 2616 1472 2686 ἀπέστησαν
1490 2629 1504 2644 ·
1538 2614 1600 2667 ού
1635 2612 1812 2685 μέλισ·

213 2731 325 2778 σαι,
359 2711 483 2767 ἀλλ’
514 2712 592 2775 ὡς
627 2710 881 2782 μέλισσαι
916 2710 1165 2780 κηφῆνες
1210 2708 1586 2779 ὑπάρχουσαι·
1621 2706 1810 2777 βουλό-

214 2824 368 2879 μενοι
414 2805 522 2876 τῆς
571 2806 701 2876 μιᾶς
744 2802 1019 2858 ἀναλῶσαι
1064 2801 1126 2855 τὸ
1162 2801 1307 2873 μέλι,
1332 2802 1429 2855 καὶ
1456 2800 1587 2854 ὡσεὶ
1618 2799 1729 2873 πῦρ
1756 2803 1814 2856 ἐν

212 2899 483 2963 ἀκάνθαις
526 2898 874 2956 ὲκκαίονται·
906 2896 969 2951 τὸ
1009 2896 1117 2968 γὰρ
1163 2895 1387 2968 αἰσχρὸν
1432 2893 1739 2965 ἐπιθυμιῶν
1762 2896 1812 2948 οἱ

222 2991 329 3046 ἀπὸ
370 2990 488 3044 τῶν
537 2989 805 3062 αἱρέσεων
855 2988 1138 3042 ὲκκαίουσι
1188 2986 1338 3059 πῦρ·
1366 2984 1549 3049 καθώς
1594 3001 1757 3056 φησιν
1784 2984 1812 3036 ὁ

1911 503 2217 561 hominum.
2251 504 2389 561 lllud
2439 512 2645 573 autem,
2703 522 2881 562 omnes
2919 516 3118 577 gentes,
3144 508 3489 580 hyperbolice

1908 596 2113 652 dictum
2150 614 2164 651 :
2197 612 2320 652 nam
2366 596 2610 653 Judteam
2647 612 2863 652 omnem
2915 600 3332 655 circumdabant
3370 616 3491 657 om-

1909 704 2008 745 nes
2035 698 2243 760 gentes.
2284 690 2362 746 Ae
2383 690 2560 746 simile
2586 700 2672 747 est
2696 690 2845 746 dicto
2872 691 2948 747 illi
2983 711 2998 747 :
3027 692 3094 747 In
3118 694 3381 748 matutino
3402 694 3489 749 in-

1909 782 2230 852 terﬁciebam
2266 800 2442 838 omnes
2464 794 2762 854 peccatores
2790 794 2946 840 terra:
2956 799 2976 849 ;
3009 785 3060 840 id
3086 794 3170 841 est
3206 787 3491 855 cogitatio-

1908 892 2007 932 nes
2035 885 2091 932 et
2116 876 2342 933 allectus
2375 894 2470 949 per
2511 877 2786 934 daemones
2816 878 3114 943 immissos,
3159 888 3216 933 et
3260 877 3489 933 subdola

1906 968 2072 1023 verba
2104 967 2263 1024 abiis
2294 967 2677 1024 induclaJltec
2708 968 2853 1024 enim
2889 976 3075 1039 gentes
3097 967 3485 1038 proﬂigabunt.

1907 1059 2184 1131 Contin'git
2213 1070 2393 1116 autem
2431 1061 2726 1133 aliquando
2760 1070 2819 1116 ut
2841 1075 2935 1116 eas
2964 1077 3059 1131 per
3089 1060 3489 1115 invocationem

1908 1151 2001 1208 Dei
2049 1151 2118 1208 de
2171 1153 2352 1209 medio
2401 1154 2582 1220 tollat;
2612 1154 2931 1225 passionum
2962 1155 3223 1223 impetum
3270 1152 3491 1207 exscin-

1906 1243 2064 1309 dens,
2099 1252 2155 1299 et
2182 1243 2373 1300 dolosa
2404 1245 2569 1300 verba
2604 1243 2915 1315 proﬂigatis.
2936 1241 3128 1312 Vespa:
3152 1250 3330 1295 autem
3366 1255 3492 1310 qua:

1907 1338 2102 1408 apibus
2150 1338 2224 1393 ila
2268 1339 2477 1395 similes
2523 1348 2675 1406 sunt,
2712 1348 2773 1393 ut
2805 1338 2896 1408 qui
2925 1352 3019 1392 eas
3050 1336 3219 1406 probe
3248 1350 3357 1390 non
3387 1348 3490 1388 ηοε-

1908 1429 2019 1484 rint
2044 1429 2204 1486 facile
2228 1431 2405 1501 decipi
2437 1431 2672 1500 possint,
2704 1430 2974 1500 spiculum
3001 1442 3110 1482 non
3142 1426 3361 1492 habent,
3394 1440 3492 1479 nc-

1906 1535 2015 1590 que
2058 1520 2166 1576 mel
2201 1530 2526 1591 operantur;
2573 1520 2669 1576 sed
2716 1534 2841 1574 cum
2881 1517 3154 1573 crassiore
3182 1517 3292 1571 sint
3322 1528 3488 1586 quam

1907 1629 2038 1685 apes
2079 1612 2246 1678 mole,
2277 1626 2416 1683 opus
2462 1611 2758 1676 comedunt
2789 1628 2803 1663 :
2832 1623 2973 1680 quos
3005 1607 3114 1679 (45)
3158 1621 3326 1661 υηυιη
3366 1614 3489 1676 post

1907 1707 2076 1761 alium
2107 1703 2427 1759 interimunt
2454 1717 2583 1773 apes
2614 1716 2723 1756 uua
2746 1708 2971 1756 coactae.
3005 1696 3138 1767 Apis
3171 1704 3255 1751 est
3299 1694 3487 1749 Eccle-

1908 1800 1988 1855 sia
2017 1816 2033 1855 :
2067 1798 2175 1853 mel
2207 1806 2389 1853 autem
2419 1803 2701 1866 operatur,
2727 1808 2850 1864 quae
2891 1792 2987 1846 Dei
3025 1789 3346 1860 sapientiam
3376 1788 3494 1857 plu-

1910 1891 2033 1948 rimi
2067 1890 2215 1946 l‘acit.
2243 1888 2415 1958 Cujus
2438 1888 2653 1942 labores
2677 1894 2787 1947 tam
2818 1899 2973 1951 reges
3002 1897 3165 1954 quam
3195 1879 3392 1952 privati
3422 1880 3489 1933 ad

1906 1984 2197 2042 sanitatem
2244 1980 2498 2048 aderunt,
2526 1978 2738 2034 etiamsi
2767 1977 2994 2055 ‘inlirma
3034 1976 3155 2039 sit,
3191 1972 3493 2029 secundum

1907 2078 2040 2134 illud
2076 2095 2091 2132 :
2118 2074 2241 2129 Non
2265 2074 2320 2128 in
2340 2069 2775 2143 persuasibilibus
2795 2069 3041 2122 humanae
3078 2066 3351 2136 sapientia:
3375 2080 3495 2117 rei"-

1909 2169 2045 2224 bis"
2076 2166 2391 2240 praedicatio
2440 2163 2689 2219 elﬁcitur.
2724 2160 2976 2216 Attamen
3020 2158 3286 2228 spiculum
3329 2155 3493 2210 habet

1908 2263 1966 2318 in
2013 2261 2386 2319 ostensionem
2441 2258 2669 2328 spiritus
2721 2267 2775 2310 et
2823 2254 3040 2309 virtutis
3070 2251 3187 2316 Dei,
3213 2266 3337 2305 cum
3367 2248 3491 2303 lidei

1910 2367 2219 2410 sermonem
2266 2350 2495 2416 habeat;
2527 2350 2602 2404 ita
2645 2355 2704 2402 ut
2753 2348 3011 2411 haereses,
3040 2360 3139 2400 ceu
3182 2357 3378 2412 vespas
3424 2341 3499 2395 de

1910 2446 2093 2503 medio
2127 2444 2303 2510 tollat,
2339 2442 2620 2497 dissecans
2675 2439 2798 2493 illas
2851 2445 3175 2507 argumento
3220 2434 3489 2489 veritatis.

1913 2538 2040 2595 Sola
2085 2535 2203 2606 apis
2236 2541 2467 2604 estquae
2494 2530 2817 2602 sapientiam
2868 2526 2959 2583 Dei
3000 2526 3250 2580 honorat.
3309 2521 3496 2578 Multa:

1911 2639 2095 2686 autem
2120 2645 2150 2683 a
2178 2627 2275 2683 Dei
2299 2626 2564 2697 sapientia
2591 2621 2929 2685 defecerunt,
2953 2634 3062 2674 non
3092 2634 3222 2689 apes
3248 2617 3491 2689 quidem,

1912 2723 2008 2781 sed
2034 2735 2212 2791 vespae
2256 2717 2323 2774 ad
2370 2715 2783 2773 similitudinem
2812 2728 2996 2783 apum.
3031 2710 3163 2778 Quae
3187 2724 3367 2778 vespa:
3399 2706 3496 2767 ubi

1914 2816 2103 2871 volunt
2130 2814 2292 2868 unius
2322 2812 2441 2882 apis
2463 2810 2570 2864 mel
2600 2810 2911 2873 absumere,
2938 2806 3096 2876 quasi
3131 2804 3267 2875 ignis
3296 2803 3351 2856 in
3382 2803 3497 2872 spi-

1914 2908 1993 2961 nis
2020 2904 2438 2959 comburuntur.
2457 2898 2593 2953 Nam
2624 2895 2862 2951 hmrelici
2893 2903 3102 2963 turpem
3132 2890 3492 2960 cupiditatum

1916 2997 2091 3069 ignem
2128 2994 2452 3057 accendunt,
2505 2986 2967 3059 quemadmodum
2996 2982 3202 3037 Paulus
3231 2981 3306 3033 ait
3328 2998 3341 3032 :
3362 2979 3495 3043 Quae

214 3076 461 3141 Παῦλος·
506 3076 592 3131 Τὰ
640 3079 751 3147 γὰρ
800 3075 1002 3145 κρυερῆ
1034 3076 1315 3146 γινόμενα
1351 3076 1453 3129 ὑπ’
1481 3073 1681 3129 αὐτῶν
1717 3076 1807 3128 al-

1986 3088 2053 3140 im
2082 3086 2138 3140 in
2181 3082 2387 3138 occulto
2427 3081 2563 3151 fiunt
2594 3077 2657 3131 ab
2686 3075 2838 3145 ipsis,
2874 3084 3022 3142 turpe
3053 3079 3130 3126 est
3154 3079 3206 3124 et
3235 3068 3407 3121 dicere
3423 3066 3492 3118 3’.

213 3171 408 3240 σχρόν
437 3170 575 3224 ἐστι
602 3169 703 3222 καί
733 3167 955 3239 λέγειν.
974 3168 1240 3234 ’Λκάνθας
1268 3168 1324 3222 δὲ
1355 3169 1454 3232 τὰς
1480 3168 1674 3241 ήδονάς
1706 3169 1806 3240 ἡρ-

218 3264 457 3335 μήνευσε
489 3261 552 3315 τὸ
579 3260 943 3329 Εύαγγέλιον·
973 3253 1049 3314 ὧν
1077 3260 1204 3324 τοὺς
1247 3258 1438 3328 λόγους
1471 3261 1500 3312 ό
1544 3259 1636 3313 τὸν
1673 3256 1804 3312 Θεὸν

214 3355 396 3411 καλῶν
450 3353 767 3425 ἀνατρέπει,
796 3352 879 3406 Τὰ
916 3353 1025 3424 γὰρ
1072 3352 1214 3407 ὅπλα
1260 3351 1425 3406 αὑτοῦ
1449 3352 1510 3405 ού
1543 3350 1800 3423 σαρκικὰ,

212 3446 374 3503 ἀλλὰ
414 3444 649 3500 δυνατὰ
699 3442 781 3510 τῷ
826 3444 949 3509 Θεῷ
985 3443 1384 3513 καθαιροῦντα
1425 3442 1549 3497 πᾶν
1588 3442 1807 3511 ὒψωμα

213 3539 611 3607 ἐπαιρόμενον
635 3533 784 3588 κατὰ
811 3532 920 3603 τῆς
944 3530 1219 3602 γνώσεως
1250 3530 1357 3585 τοῦ
1384 3531 1553 3585 Θεοῦ.

281 3627 461 3697 Φωνή
491 3624 908 3697 ἀγαλλιάσεως
958 3623 1058 3678 καὶ
1114 3624 1406 3692 σωτηρίας
1432 3622 1502 3676 ἐν
1546 3620 1807 3690 σκηναῖς

213 3719 482 3776 δικαίων.
541 3717 631 3780 Ὠς
658 3715 758 3788 ἤδη
808 3714 1170 3789 ἀνῃρημένων
1199 3714 1309 3767 τῶν
1356 3712 1563 3784 νοητῶν
1596 3712 1806 3784 ἐχθρῶν

215 3812 321 3871 τῶν
370 3812 519 3867 κατὰ
547 3810 773 3882 καιροὺς
793 3808 1099 3876 διωξάντων
1128 3807 1220 3860 τὸν
1248 3806 1343 3862 τοῦ
1374 3806 1509 3860 Θεοῦ
1556 3806 1706 3871 λαὸν,
1733 3805 1808 3858 εἰ-

217 3902 392 3966 κότως
441 3901 632 3954 λοιπὸν
677 3900 777 3971 τῆς
822 3898 1195 3968 ἀγαλλιάσεως
1238 3900 1293 3952 αἱ
1355 3897 1531 3966 φωναὶ
1577 3896 1804 3950 ἀκούον-

213 4005 334 4058 Gut,
368 3993 463 4047 ul
527 3993 628 4063 οὐχ
669 3991 897 4063 ἑτέρωθί
943 4009 1045 4044 που
1108 3992 1142 4062 ἢ
1172 3991 1231 4044 ὲν
1261 3992 1384 4054 ταῖς
1423 3989 1533 4044 τῶν
1584 3989 1808 4044 δικαίων

220 4088 466 4158 σκηναῖς.

286 4180 463 4244 Δεξιά
518 4179 741 4247 Κυρίου
800 4178 1051 4245 ἐποίησε
1097 4177 1373 4248 δύναμιν.
1432 4178 1579 4251 Αὕτη
1619 4180 1653 4249 ἡ
1709 4178 1808 4249 τῆς

220 4271 596 4342 ἀγαλλιάσεως
621 4270 773 4340 φωνὴ
801 4271 834 4340 ἡ
862 4270 1127 4341 γενομένη
1160 4270 1309 4343 παρά
1333 4270 1432 4341 τὴν
1457 4270 1804 4339 Ἐκκλησίαν,

218 4364 278 4418 τὸ
311 4363 621 4435 ὁμολογεῖν,
657 4362 738 4414 ὅτι
785 4361 922 4432 αύτὴ
986 4362 1121 4432 μόνη
1179 4365 1211 4433 ἡ
1247 4362 1341 4415 τοῦ
1396 4362 1601 4433 Κυρίου
1650 4360 1808 4414 δύνα-

1914 3178 2112 3249 Spinas
2145 3185 2328 3231 autem
2355 3173 2660 3243 voluptates
2688 3182 2810 3223 esse
2856 3173 3105 3221 sanctum
3138 3157 3491 3229 Evangelium

1912 3269 2325 3338 interpretatum
2352 3274 2719 3332 est:quorum
2763 3256 2929 3313 verba
2982 3252 3179 3309 evertit
3203 3252 3297 3323 qui
3322 3251 3492 3305 Deum

1914 3367 2090 3415 vocat.
2118 3357 2286 3413 Arma
2312 3363 2495 3411 autem
2524 3352 2646 3423 ejus
2686 3365 2795 3405 non
2841 3347 3104 3411 carnalia,
3139 3344 3229 3400 sed
3259 3342 3493 3413 potentia

1912 3451 2024 3506 Deo
2058 3450 2127 3504 ad
2168 3447 2543 3502 destruendam
2570 3459 2773 3497 omnem
2801 3439 3139 3495 altitudinem
3162 3435 3493 3492 extollentem

1912 3563 1967 3602 se
1999 3545 2249 3600 adversus
2276 3543 2555 3597 scientiam
2587 3539 2678 3593 Dei
2692 3540 2759 3593 ⁵ο.

1980 3641 2068 3695 l5.
2120 3636 2233 3691 Vox
2276 3634 2649 3690 exsultationis
2698 3639 2748 3684 et
2797 3628 2989 3683 salutis
3034 3630 3090 3682 in
3137 3622 3491 3680 tabernaculis

1904 3735 2194 3801 justorum.
2215 3726 2538 3798 Utporejam
2555 3725 2623 3779 de
2643 3722 2822 3777 medio
2852 3720 3084 3776 sublatis
3114 3715 3492 3788 spiritualibus

1903 3814 2171 3888 inimicis,
2197 3820 2292 3891 qui
2324 3818 2491 3873 variis
2523 3814 2860 3886 temporibus
2885 3813 2979 3867 Dei
3006 3811 3266 3883 populum
3301 3821 3487 3879 perse-

1914 3916 2031 3971 cuti
2067 3912 2303 3979 luerant,
2331 3910 2455 3981 jure
2492 3908 2750 3977 deinceps
2782 3905 3079 3960 audiuntur
3110 3916 3271 3959 voces
3300 3898 3491 3954 exsul-

1916 4006 2161 4070 tationis,
2189 4020 2295 4060 nou
2321 4002 2430 4057 alio
2469 4003 2520 4056 iu
2550 4002 2672 4056 loco
2704 4014 2869 4070 quam
2910 3998 2965 4053 in
3008 3992 3374 4052 tabernaculis
3398 3990 3490 4061 ju-

1914 4109 2145 4157 slurum.
3057 4160 3158 4171 μ’.
3184 4158 3201 4167 _

1992 4193 2080 4249 16.
2115 4190 2347 4246 Dextera
2383 4188 2596 4243 Domini
2632 4186 2754 4256 fecit
2796 4163 3205 4259 virtutemfetm
3247 4163 3375 4233 Haec
3406 4180 3493 4231 est

1915 4298 2021 4339 vox
2057 4281 2438 4338 exsultationis
2480 4280 2623 4335 edita
2657 4280 2711 4331 in
2752 4275 3013 4339 Ecclesia,
3044 4288 3150 4342 qua
3208 4269 3495 4325 conﬁtetur

1916 4376 2090 4445 ipsam
2125 4374 2298 4442 solam
2342 4369 2557 4425 Domini
2591 4368 2846 4421 virtutem
2896 4368 3273 4418 concertantes
3312 4358 3495 4413 salvos

223 4475 311 4527 μις
341 4457 475 4519 τοὺς
536 4452 976 4523 ἀγωνιζομένους
1012 4452 1237 4506 διέσωσε
1298 4451 1393 4505 καὶ
1440 4450 1804 4523 ὑψηλοτέρους

1986 4466 2104 4520 :isse
2139 4480 2203 4518 ac
2226 4461 2464 4516 inimicis
2492 4458 2821 4515 excelsiores
2856 4454 3191 4509 exhibuisse.

219 4548 522 4615 ἀπέδειξεν.

306 4640 621 4704 Ἀνοίξατέ
637 4657 741 4709 μοι
770 4639 970 4704 πύλας
1029 4637 1441 4704 δικαιοσύνης.
1495 4634 1678 4699 Πύλας
1723 4635 1805 4688 δι-

219 4732 515 4803 καιοσύνης
566 4732 665 4796 τὰς
723 4733 844 4785 κατ’
878 4729 1078 4803 ἀρετὴν
1111 4731 1325 4802 νοήσεις
1385 4726 1689 4800 προκοπὰς,
1740 4728 1806 4793 ἃς

220 4826 308 4879 καὶ
339 4824 621 4879 ὁδεύουσιν
644 4823 694 4877 οἱ
731 4824 858 4887 τοὺς
906 4823 1135 4893 καιροὺς
1177 4821 1286 4875 τῶν
1317 4820 1549 4892 θλίψεων
1571 4820 1804 4892 ὑπομεί-

218 4933 427 4980 ναντες.
456 4912 622 4999 ᾼϋτη
651 4914 690 4982 ἡ
718 4914 881 4980 πύλη
904 4910 1011 4965 τοῦ
1041 4912 1284 4980 Κυρίου,
1301 4911 1519 4966 δίκαιοι
1540 4911 1807 4966 εἰσελεύ-

220 5024 429 5064 σονται
451 5008 526 5061 ἐν
548 5004 723 5075 αὐτῇ.
754 5006 817 5059 Οἱ
847 5006 936 5059 διά
980 5005 1091 5059 τῶν
1129 5004 1340 5074 ἀρετῶν
1378 5002 1807 5076 περιπατοῦντες

220 5103 298 5166 είς
324 5100 544 5171 ἐκείνην
565 5099 939 5169 ἀπαντήσουσι
976 5097 1075 5169 τὴν
1130 5096 1327 5167 πύλην,
1363 5097 1464 5170 τὴν
1515 5099 1597 5162 εἰς
1635 5096 1806 5169 αὐτὴν

218 5192 456 5259 ἄγουσαν
482 5191 585 5261 τὴν
617 5188 713 5243 τοῦ
737 5189 941 5262 Κυρίου
976 5188 1228 5259 θεωρίαν.
1276 5189 1386 5243 Καὶ
1419 5190 1547 5243 ποία
1578 5190 1737 5261 αὐτὴ,
1768 5189 1803 5261 ἢ

219 5285 312 5354 τῆς
339 5282 572 5355 καρδίας
622 5280 968 5353 καθαρότης;
1022 5279 1311 5351 Μὰκάριοι
1336 5285 1390 5337 οἱ
1444 5282 1688 5351 καθαροί
1728 5282 1805 5351 τῇ

221 5374 451 5444 καρδίᾳ,
476 5374 570 5429 ὅτι
597 5374 707 5429 τὸν
729 5374 879 5429 Θεὸν
905 5374 1178 5443 ὄψονται.

290 5551 336 5584 ³⁸
371 5549 551 5609 lCor.
589 5567 649 5620 ιι,
676 5553 731 5607 4.
808 5551 854 5585 ³⁸
893 5550 1091 5625 Ephes.
1125 5571 1178 5622 v,
1208 5554 1290 5611 l2.
1368 5554 1414 5588 “
1453 5554 1495 5610 ll
1523 5557 1647 5614 Cor.
1680 5574 1733 5627 at,
1756 5559 1808 5614 5.

292 5738 404 5814 (ιὸ)
443 5740 624 5798 Locus
655 5742 910 5814 vitiatus;

1908 4609 2172 4690 39:20.
2193 4622 2405 4693 Aperite
2418 4614 2562 4673 ἰιιὶἠὶ
2586 4616 3022 4687 portasjustitiaz,
3042 4623 3153 4691 etc.
3169 4608 3363 4665 Portas
3378 4608 3498 4681 jus-

1910 4719 2044 4774 titite
2086 4715 2356 4785 intelligas
2396 4711 2698 4783 profectum
2727 4710 2780 4764 in
2810 4707 3129 4771 virtutibus,
3166 4720 3328 4775 quem
3357 4703 3499 4758 obti-

1915 4819 2045 4867 nent
2072 4811 2164 4880 qui
2197 4806 2553 4863 alllictionum
2581 4813 2828 4873 tempora
2859 4800 3155 4856 sustinent.
3189 4795 3317 4851 llwc
3342 4804 3497 4863 parta

1915 4900 2155 4964 Domini,
2188 4897 2326 4968 justi
2374 4894 2652 4951 intrabunt
2700 4894 2755 4947 in
2805 4908 2944 4947 eam.
2999 4888 3103 4956 Qui
3147 4903 3243 4958 per
3272 4886 3498 4940 virtutes

1914 4991 2191 5055 incedunt,
2216 4989 2283 5043 ad
2304 4988 2449 5041 illam
2480 4985 2797 5056 pervenient
2824 4992 3061 5053 portam,
3098 4993 3219 5049 qua:
3248 4977 3400 5032 ducit
3428 4977 3495 5030 ad

1915 5086 2089 5155 ipsam
2144 5080 2362 5137 Domini
2419 5077 2953 5147 contemplationem.
3007 5072 3335 5142 Ecquaenam
3401 5070 3493 5124 illa

1912 5187 1995 5233 est
2028 5176 2132 5232 nisi
2158 5174 2341 5231 cordis
2367 5174 2611 5246 puritas?
2633 5172 2786 5227 Beati
2808 5168 3003 5224 mundo
3033 5166 3211 5235 corde,
3238 5166 3365 5237 quia
3392 5164 3493 5235 ipsi

1914 5270 2083 5327 Deum
2111 5268 2357 5324 videbunt
2383 5268 2449 5322 ".

1924 5558 1964 5592 "
2001 5557 2190 5615 Matth.
2227 5573 2281 5624 ν,
2305 5558 2358 5610 8.
