3778 6276
340 245 446 305 ιτς)

1195 251 1253 310 S.
1287 251 1659 310 ATHANASII
1698 251 1854 311 OPP.
1892 253 2078 312 PARS
2113 253 2206 314 ιιι.
2235 282 2308 296 --
2335 251 2748 311 EXEGETICA.

3504 246 3624 307 680

412 354 504 413 22.
540 355 793 441 Lapidem
833 377 985 432 quem
1016 363 1418 433 reproliauerunt
1456 366 1801 437 adiﬁcantes,
1828 370 1912 422 Inc
1940 374 1967 432 Α

2083 369 2266 423 Λίθον
2289 366 2361 422 ὃν
2384 366 2839 435 ἀπεδοκίμασαν
2852 367 2906 420 οι
2927 362 3402 434 οἰκοδομοῦντες,
3423 355 3620 428 οὗτος

343 446 519 518 factus
545 460 622 503 est
676 452 732 504 in
779 463 941 522 caput
995 455 1198 525 anguli.
1228 455 1304 511 Te
1338 457 1520 529 ipsum
1571 458 1665 528 qui
1701 467 1923 529 propter

342 554 446 594 nos
473 538 649 597 factus
672 558 730 596 es
758 544 896 614 lapis
934 545 1201 616 abiectus,
1227 551 1658 620 reprobaverunt
1700 553 1919 623 quidem

341 631 705 700 aediﬁcantes;
736 636 831 690 sed
870 646 993 705 post
1027 639 1269 708 gentium
1308 644 1665 698 mutationem
1694 644 1922 700 alterius

342 725 526 792 anguli
572 736 733 796 caput
776 728 1000 784 cﬂ‘ectus
1029 746 1088 787 es
1114 751 1126 786 :
1156 739 1211 788 et
1242 735 1518 803 quodnam
1548 736 1717 791 illud?
1744 735 1921 805 Copu-

342 814 468 870 laoit
489 818 618 872 duos
642 820 864 890 papulas
889 824 944 877 in
975 841 1140 879 unum
1169 843 1359 882 novum
1387 828 1648 882 hominem
1670 828 1738 883 δ’.

410 991 501 1048 24.
532 995 660 1052 llaec
681 999 790 1054 dies
813 1019 971 1070 quam
995 1006 1118 1075 fecit
1149 1006 1427 1074 Dominus,
1456 1018 1562 1063 etc.
1588 1008 1917 1079 Ecqutcnam

339 1080 454 1137 dies
482 1082 644 1141 fuerit
667 1089 773 1144 nisi
801 1096 1217 1151 resurrectionis
1244 1096 1772 1165 Domini?Quacnam
1803 1100 1918 1154 haec

337 1173 475 1238 dies,
523 1178 626 1233 nisi
672 1196 734 1235 ea
770 1198 891 1253 quae
930 1188 1182 1256 gentibus
1215 1189 1469 1245 omnibus
1514 1191 1770 1245 salutaris
1802 1200 1916 1257 est,

336 1281 444 1335 qua
492 1268 628 1339 lapis
673 1272 762 1329 ille
811 1277 1043 1346 rejeclus
1066 1277 1243 1335 factus
1275 1289 1359 1335 est
1394 1282 1448 1335 in
1479 1289 1640 1351 caput
1689 1282 1919 1352 anguli?

338 1357 689 1430 Signiﬁcatur
734 1379 917 1423 autem
964 1369 1082 1427 dics
1137 1354 1557 1430 resurrectionis
1618 1376 1917 1431 Salvatoris

334 1454 531 1518 nostri,
561 1470 683 1525 qua:
706 1457 807 1528 ipsi
838 1464 1184 1533 cognominis
1220 1474 1323 1531 est,
1359 1467 1568 1521 scilicet
1610 1465 1915 1524 Dominica.

399 1636 589 1696 25-27.
619 1639 662 1696 0
690 1641 928 1709 Domine,
968 1647 1174 1703 salvum
1210 1666 1291 1703 me
1320 1649 1430 1719 fac,
1462 1666 1491 1704 ο
1517 1649 1762 1716 Domine,
1793 1652 1917 1704 bene

2022 457 2277 529 ἐγενήθη
2306 460 2393 522 είς
2445 456 2722 527 κεφαλὴν
2751 456 2988 527 γωνίας.
3023 455 3112 508 Σοὶ
3148 453 3299 524 αὐτῷ
3334 450 3412 524 τῷ
3439 467 3617 521 γεγο-

2023 550 2135 603 νότι
2166 549 2233 603 δι’
2268 551 2415 621 ἡμᾶς
2440 549 2573 620 λίθῳ
2598 548 3033 618 ἁπηγορευμένῳ
3066 541 3481 616 ἀπεδοκίμασαν
3504 542 3615 614 μὲν

2021 640 2070 692 οί
2102 637 2524 709 οἰκοδομοῦντες·
2559 636 2697 708 μετὰ
2720 636 2896 706 δὲτὴν
2951 637 3059 690 τῶν
3099 635 3266 689 ἐθνῶν
3300 632 3614 705 μεταϐολὴν

2021 731 2213 803 ἑτέρας
2271 732 2472 801 γωνίας
2532 730 2742 802 κεφαλὴ
2802 729 3050 799 γέγονας⁸
3114 729 3206 783 καὶ
3250 726 3378 782 ποία
3426 727 3611 799 abun;

2019 821 2268 891 Συνῆψε
2327 821 2469 886 τοὺς
2529 819 2638 874 δύο
2689 821 2879 888 λαοὺς
2938 823 3025 888 εἰς
3073 820 3183 875 ἕνα
3238 818 3448 873 καινὸν
3495 817 3612 872 ἄν·

2019 917 2271 985 θρωπον.

2089 1009 2251 1077 Αὕτη
2290 1008 2481 1081 ἡμέρα
2519 1009 2599 1079 ἣν
2627 1009 2915 1077 ἐποίησεν
2955 1010 2989 1062 ό
3014 1006 3249 1074 Κύριος.
3285 1002 3395 1058 Kal.
3420 1003 3506 1067 τίς
3536 1000 3609 1056 ἂν

2019 1098 2187 1170 εἴη,ἢ
2223 1102 2257 1171 ἡ
2290 1102 2660 1173 ἀναστάσιμος
2714 1099 2808 1155 τοῦ
2856 1099 3064 1171 Κυρίου
3118 1096 3338 1170 ἡμέρας
3378 1095 3518 1149 Ποία
3545 1092 3609 1147 δὲ

2017 1187 2157 1261 αὕτη
2190 1191 2373 1263 ἡμέρα
2406 1190 2575 1262 ἀλλ’ἢ
2606 1194 2640 1262 ἡ
2671 1192 2938 1263 σωτήριος
2970 1189 3079 1243 τῶν
3104 1187 3274 1242 ἐθνῶν
3312 1186 3601 1249 ἁπάντων,

2020 1281 2139 1335 καθ’
2174 1284 2239 1353 ἢν
2271 1285 2298 1337 6
2323 1283 2646 1355 ἀποϐληθεὶς
2678 1283 2823 1347 λίθος
2847 1282 3070 1351 γέγονεν
3099 1281 3179 1344 είς
3211 1277 3453 1350 κεφαλὴν
3484 1293 3600 1344 γω-

2019 1372 2170 1438 νίας;
2206 1374 2465 1443 Σημαίνει
2496 1374 2551 1428 δὲ
2584 1376 2612 1428 6
2644 1373 2799 1443 λόγος
2827 1372 2924 1442 τὴν
2956 1369 3324 1441 ἀναστάσιμον
3356 1368 3449 1422 τοῦ
3484 1368 3602 1420 Σω-

2016 1464 2182 1536 τῆρος
2210 1466 2386 1536 ἡμῶν,
2405 1468 2503 1539 τήν
2530 1462 2905 1537 γείὲπώνυμον
2955 1462 3117 1518 αὑτοῦ
3151 1461 3467 1533 γενομένην,
3498 1460 3597 1531 δη-

2016 1555 2149 1625 λαδὴ
2182 1557 2486 1629 Κυριακήν.

2086 1642 2161 1702 Ὦ
2188 1650 2384 1717 Κύριε,
2415 1649 2623 1704 σῶσον
2666 1649 2766 1716 δὴ,
2823 1646 2870 1702 ὦ
2901 1649 3100 1716 Κύριε,
3160 1647 3465 1701 εῠόδωσον
3493 1642 3593 1712 δή.

331 1743 639 1799 prosperare
673 1750 692 1788 :
730 1733 1031 1794 benedictus
1063 1742 1153 1812 qui
1183 1743 1318 1796 venit
1349 1742 1402 1795 in
1434 1743 1642 1796 nomine
1675 1740 1908 1795 Domini.
1941 1738 1967 1793 ε

2061 1739 2429 1807 ὐλογημένος
2476 1743 2509 1793 ό
2560 1740 2883 1809 ἐρχόμενος
2940 1740 3010 1792 ἐν
3058 1739 3301 1807 ὀνόματι
3346 1737 3590 1804 Κυρίου.

336 1816 628 1892 Doxologia
665 1825 742 1895 (id
779 1838 863 1883 est
885 1840 1079 1887 cantus
1108 1832 1164 1887 in
1195 1833 1458 1890 honorem
1489 1832 1793 1893 Trinitatis)
1820 1830 1909 1887 Je-

330 1913 718 1985 rosolymitana
749 1918 930 1993 docet,
968 1923 1035 1978 de
1061 1940 1298 1994 quonam
1324 1926 1378 1982 id
1408 1926 1613 1981 dictum
1648 1926 1739 1981 sit.
1772 1924 1908 1980 lllud

329 2013 557 2064 autem:
589 2008 960 2069 Benediximus
997 2018 1139 2071 vobis
1182 2018 1246 2072 de
1298 2018 1455 2072 domo
1493 2018 1739 2083 Domini,
1781 2032 1910 2087 pro-

327 2097 504 2167 phetae
529 2101 718 2159 dicunt
751 2105 819 2161 iis
851 2108 943 2178 qui
978 2109 1211 2164 credunt
1239 2110 1294 2165 in
1324 2110 1605 2166 Christum
1639 2124 1655 2163 :
1686 2109 1904 2174 Beatos,

327 2191 601 2262 inquiunt,
657 2211 755 2252 vos
799 2199 1240 2267 praedicabimus,
1283 2203 1413 2273 quia
1464 2201 1648 2259 fuistis
1706 2201 1906 2259 domus

325 2284 677 2353 Spiritualis:
722 2289 990 2347 inhabitat
1037 2295 1240 2365 quippe
1294 2294 1560 2351 Dominus
1612 2296 1667 2351 in
1722 2295 1901 2351 vobis.

323 2374 638 2436 Constituite
667 2384 807 2438 diem
857 2385 1139 2441 solemnem
1191 2389 1247 2441 in
1293 2388 1569 2443 condensis
1616 2405 1779 2459 usque
1834 2390 1902 2443 ad

322 2484 488 2524 eornu
513 2472 728 2528 altaris.
757 2473 1074 2531 Constituite
1097 2477 1237 2532 diem
1258 2480 1562 2535 solemnem.
1592 2481 1903 2551 Intelligen-

320 2561 450 2616 dum
486 2565 598 2632 dat,
624 2581 720 2622 eos
748 2568 843 2638 qui
877 2569 945 2623 ad
974 2570 1132 2625 fidem
1158 2572 1440 2637 accedent,
1474 2572 1549 2627 ita
1578 2573 1901 2645 impleturos

317 2654 564 2710 divinum
608 2659 1040 2728 tabernaculum,
1081 2671 1141 2717 ut
1174 2678 1285 2732 pra:
1329 2664 1680 2721 multitudine
1724 2683 1900 2735 usque

319 2746 388 2802 ad
409 2764 614 2805 cornua
642 2752 827 2808 altaris
859 2754 1185 2824 pertingant.
1214 2754 1501 2812 Condensa
1529 2766 1711 2813 autem
1742 2768 1901 2815 vocat

315 2840 621 2907 cherubim,
637 2859 758 2913 quae
774 2845 1210 2914 propitiatorium
1230 2847 1661 2917 adumbrabant;
1686 2851 1734 2905 id
1749 2854 1894 2907 enim

314 2931 585 3003 signiﬁcat
608 2935 762 3000 illud,
780 2937 1076 2992 condensis.
1094 2935 1230 2993 Nam
1256 2940 1591 2995 condensum
1615 2957 1736 2998 esse
1752 2942 1894 2997 idem

311 3033 395 3079 est
423 3026 569 3096 quod
605 3036 808 3098 tegere.
838 3028 1134 3085 Cherubim
1170 3046 1301 3088 vero
1336 3032 1440 3088 alis
1476 3033 1594 3090 suis
1635 3034 1894 3106 propitia-

310 3117 510 3172 torium
545 3120 814 3190 tegebant.

378 3208 469 3265 9.8.
493 3211 630 3266 Deus
662 3228 806 3266 meus
827 3230 881 3267 es
910 3222 989 3278 tu,
1014 3225 1062 3269 et
1088 3217 1373 3287 conﬁtebor
1394 3219 1510 3273 tibi.
1530 3217 1684 3277 Hanc
1700 3235 1889 3277 vocem

313 3301 580 3358 Salvatori
601 3302 823 3362 Christo
850 3306 1055 3365 referre
1085 3310 1406 3368 edocentur.

818 3470 1072 3528 Alleluia.
1109 3473 1206 3531 CX
1225 3472 1393 3530 VIII.

898 3565 1298 3635 Argumentum.

304 3648 366 3705 In
398 3649 504 3707 hoc
525 3655 738 3723 psalmo
765 3654 1029 3713 describit
1057 3668 1374 3715 sanctorum
1393 3660 1706 3718 institutum
1739 3663 1885 3732 vitae,

377 3749 698 3812 certamina.
720 3765 996 3808 :erumnas
1021 3772 1036 3821 ;
1065 3752 1289 3811 fraudes
1340 3766 1393 3812 et
1428 3757 1761 3828 irruptiones
1785 3760 1886 3816 da:-

377 3851 626 3906 monum,
644 3852 930 3899 sescentas
942 3845 1302 3915 cogitationes
1317 3847 1613 3916 immissas,
1633 3849 1884 3919 laqueos,

373 3932 664 3998 venabula,
698 3949 909 3989 necnon
949 3951 1013 3991 ea
1040 3938 1241 4007 quibus
1279 3938 1468 3995 isthzec
1492 3952 1778 4011 superant,
1808 3943 1885 3998 le—

372 4025 752 4095 gem,eloquia
782 4028 988 4092 divina,
1020 4030 1356 4099 patientiam,
1379 4050 1675 4104 supernum
1706 4045 1760 4091 et
1779 4052 1886 4093 cm-

368 4118 507 4174 leste
549 4121 978 4189 commilitium;
1016 4123 1214 4180 deinde
1246 4136 1373 4196 post
1407 4128 1647 4197 labores,
1671 4129 1879 4199 bravia,

370 4227 625 4276 coronas,
647 4215 892 4283 praemia.

1921 3094 1969 3158 C

2012 1829 2181 1884 Τοῦτο
2209 1832 2303 1884 καὶ
2352 1834 2384 1903 ἡ
2440 1833 2498 1885 ἐν
2547 1831 2939 1903 Ἱεροσολύμοις
2991 1830 3266 1899 δοξολογία
3324 1826 3417 1880 ἐπὶ
3473 1826 3595 1881 τίνα

2012 1921 2273 1993 φέρεσθαι
2306 1922 2562 1989 ἐδίδαξεν.
2603 1924 2676 1977 Τὸ
2711 1923 2787 1986 δὲ,
2848 1922 3281 1993 Εὑλογήκαμεν
3318 1917 3475 1989 ὑμᾶς
3522 1915 3594 1981 ἐξ

2009 2012 2179 2066 οἴκου
2207 2013 2452 2082 Κυρίου,
2486 2012 2660 2068 ταῦτα
2682 2014 2731 2066 οἱ
2760 2011 3037 2084 προφῆται
3096 2026 3229 2080 φασι
3282 2008 3418 2082 πρὸς
3461 2007 3593 2071 τοὺς

2009 2103 2359 2168 πιστεύοντας
2381 2104 2459 2176 τῷ
2497 2104 2738 2177 Χριστῷ.
2778 2105 3119 2176 Μακαρίους,
3165 2101 3347 2172 φασιν,
3382 2101 3594 2153 ἀποκα-

2008 2192 2235 2266 λέσομεν
2260 2196 2425 2266 ὑμᾶς,
2452 2198 2533 2251 ὅτι
2581 2198 2646 2268 δὴ
2676 2192 2822 2261 οἶκος
2877 2195 3136 2266 γεγόνατε
3199 2192 3589 2265 πνευματικός

2007 2288 2205 2340 ἐνοικεῖ
2229 2286 2336 2360 γὰρ
2368 2289 2425 2341 ἐν
2452 2288 2579 2360 ὑμῖν
2606 2291 2635 2342 ὁ
2658 2288 2883 2362 Κύριος.
2947 2286 3347 2354 Συστήσασθε
3376 2284 3594 2354 ἑορτὴν

2005 2373 2075 2427 ἐν
2117 2374 2240 2441 τοῖς
2268 2375 2619 2437 πυκάζουσι.
2652 2378 3056 2447 Συστήσασθε
3088 2376 3320 2447 ἑορτήν.
3343 2376 3591 2430 Συνιέναι

2006 2465 2215 2520 κελεύει
2254 2468 2382 2532 τοὺς
2428 2468 2821 2542 προσελθόντας
2850 2472 2916 2541 τῇ
2971 2469 3173 2534 πίστει,
3205 2468 3299 2522 καὶ
3347 2465 3590 2539 πληροῦν

2002 2558 2102 2631 τὴν
2122 2558 2269 2614 θείαν
2300 2562 2527 2634 σκηνὴν,
2542 2564 2619 2628 ὡς
2640 2564 2731 2617 καί
2761 2563 2926 2635 μέχρι
2955 2562 3062 2616 τῶν
3092 2563 3338 2634 κεράτων
3364 2560 3589 2631 φθάνειν

2000 2650 2096 2703 τοῦ
2131 2650 2517 2725 θυσιαστηρίου
2548 2654 2636 2708 διὰ
2662 2652 2724 2708 τὸ
2780 2654 3002 2726 πλῆθος.
3057 2652 3377 2717 Πυκάζοντα
3431 2651 3489 2704 δὲ
3519 2651 3590 2705 τὰ

2001 2744 2267 2816 χερουϐίμ
2299 2763 2451 2816 φησι,
2478 2746 2543 2800 τὰ
2566 2747 2958 2812 ὲπισκιάζοντα
2988 2746 3049 2800 τὸ
3079 2746 3409 2817 ἱλαστήριον·
3427 2743 3590 2798 τοῦτο

2000 2835 2109 2906 γάρ
2145 2838 2259 2890 ἐστι
2290 2837 2370 2900 τὸ,
2407 2837 2758 2899 πυκάζομαι.
2792 2838 3064 2905 Πυκάζειν
3095 2839 3204 2911 γάρ
3233 2838 3293 2892 τὸ
3333 2838 3583 2891 σκέπειν.

2000 2926 2082 2979 Τὰ
2144 2929 2413 3001 χερουϐὶμ
2473 2929 2530 2983 δὲ
2591 2930 2822 2986 ἔσκεπον
2881 2934 3004 2995 ταῖς
3073 2929 3302 3002 πτέρυξι
3357 2929 3418 2983 τὸ
3473 2928 3589 2983 ἔλα-

2001 3018 2241 3090 στήριον.

2066 3221 2211 3287 Θεός
2231 3237 2350 3290 μου
2387 3216 2444 3274 εί
2487 3221 2590 3286 σὺ,
2617 3222 2714 3277 καὶ
2738 3221 3259 3293 ἐξομολογήσομαί
3295 3236 3412 3276 σοι.
3445 3220 3590 3275 Ταύ-

1992 3330 2091 3385 την
2123 3312 2413 3385 ἀναφέρειν
2441 3312 2519 3386 τῷ
2556 3314 2772 3387 Σωτῆρι
2829 3314 3050 3387 Χριστῷ
3087 3314 3426 3369 διδάσκονται
3473 3313 3580 3386 τὴν

1992 3406 2199 3481 φωνήν.

2496 3500 2877 3568 Ἀλληλούϊα.
2924 3499 3080 3556 PIH'.

2624 3593 2637 3612 '
2650 3593 2959 3658 Υπόθεσις.

2003 3677 2090 3732 Ἐν
2126 3677 2301 3752 τούτῳ
2333 3680 2447 3735 τῶν
2481 3680 2652 3750 ἁγίων
2685 3681 2978 3753 διαγράφει
2999 3680 3097 3752 τὴν
3125 3679 3420 3744 πολιτείαν,
3448 3680 3584 3748 τοὺς

2056 3772 2297 3849 ἀγῶνας,
2326 3772 2426 3839 τὰς
2455 3774 2684 3845 θλίψεις,
2711 3776 2781 3829 τὰ
2808 3775 3130 3846 σκάμματα,
3184 3775 3283 3838 τὰς
3324 3774 3432 3827 τῶν
3462 3773 3584 3828 δαι-

2061 3864 2238 3935 μόνων
2267 3867 2686 3931 ἐπαναστάσεις,
2738 3868 2865 3930 τοὺς
2915 3867 3143 3939 μυρίους
3205 3865 3583 3936 ὑποϐαλλομέ-

2057 3974 2182 4021 νους
2209 3956 2524 4030 λογισμοὺς,
2571 3959 2671 4023 τὰς
2709 3960 2964 4029 παγίδας,
2990 3960 3059 4013 τὰ
3091 3958 3355 4032 θήρατρα·
3380 3958 3441 4012 οὺ
3466 3958 3579 4029 μὴν

2053 4047 2187 4102 ἀλλὰ
2209 4048 2302 4102 καὶ
2333 4050 2402 4103 τά
2434 4050 2498 4103 δι’
2522 4044 2596 4105 ὧν
2629 4051 3043 4123 περιγένωνται,
3062 4050 3153 4105 τὸν
3183 4049 3365 4121 νόμον.
3388 4049 3455 4104 τὰ
3480 4048 3578 4103 λό-

2054 4156 2170 4208 για,
2194 4141 2293 4211 τὴν
2321 4142 2621 4215 ὑπομονὴν,
2657 4141 2756 4213 τὴν
2789 4142 2993 4198 ἄνωθεν
3017 4142 3350 4214 συμμαχίανσ
3382 4141 3578 4196 ἔπειτα

2058 4232 2196 4302 μετὰ
2227 4232 2350 4296 τοὺς
2398 4233 2613 4298 πόνους,
2653 4233 2904 4307 βραϐεῖα,
2930 4237 3057 4300 τοὺς
3105 4236 3420 4306 στεφάνους,
3468 4235 3577 4303 τὰς

2051 4324 2304 4395 ἀμοιϐάς.

371 4402 423 4449 ι.
449 4394 604 4450 Beati
633 4395 966 4451 immaculati
1016 4398 1070 4450 in
1107 4398 1211 4452 via.
1254 4398 1358 4465 Qui
1402 4400 1718 4458 nullatenus
1744 4417 1876 4473 pec-
1914 4435 1960 4491 Β

2061 4394 2343 4487 Μακάριοι
2379 4421 2433 4472 οἱ
2467 4418 2690 4490 ἄμωμοι
2745 4420 2816 4475 ἐν
2845 4421 2982 4490 ὀδῷ.
3025 4423 3085 4477 '0
3132 4423 3353 4496 μηδαμῆ
3393 4423 3573 4496 μηδα-

298 4494 407 4552 cat,
436 4500 486 4539 is
511 4484 895 4543 immaculatus
924 4496 979 4543 et
1006 4488 1199 4544 beatus
1233 4497 1340 4544 est.

367 4653 423 4707 2.
446 4652 601 4709 Beati
649 4657 739 4724 qui
786 4668 1095 4712 scrutantur
1145 4662 1443 4717 testimonia
1489 4663 1624 4734 ejus,
1660 4669 1714 4720 in
1765 4677 1878 4724 toto

1982 4507 2098 4581 μῶς
2120 4509 2470 4581 ἁμαρτάνων,
2507 4504 2662 4575 οὗτος
2690 4510 2756 4565 ἂν
2780 4512 2867 4584 εἴη
2916 4514 3146 4585 ἄμωμος
3186 4515 3282 4568 καὶ
3314 4515 3420 4586 μὴν
3469 4516 3570 4571 καὶ

1979 4599 2268 4671 μακάριος.

2046 4689 2334 4760 Μακάριοι
2359 4695 2413 4747 οἱ
2444 4692 2876 4763 ἐξερευνῶντες
2902 4697 2975 4751 τὰ
3014 4698 3309 4767 μαρτύρια
3352 4698 3564 4765 αὐτου,

295 4751 452 4803 corde
479 4750 751 4818 exquirent
778 4766 919 4805 eum.
955 4748 1074 4805 Non
1099 4762 1316 4822 oportet
1342 4756 1487 4810 enim
1515 4757 1678 4811 modo
1703 4760 1875 4827 legem

295 4840 516 4861 κώμη,
567 4842 1104 4861 ___.-
1164 4843 1203 4861 ,κ
1251 4846 1301 4861 ..
1405 4848 1416 4860 .
1503 4849 1517 4861 .
1626 4850 1638 4861 .
1741 4852 1751 4861 .
1860 4852 1872 4861 .

2063 4781 2177 4850 ὅλῃ
2215 4748 2439 4851 ’καρδίᾳ
2491 4748 3304 4854 ἐκζητήσουσικῄαᾘσὲκῖ
3482 4748 3571 4843 Sci

294 4840 541 4911 implere,
567 4842 729 4897 modo
762 4842 1127 4911 praevaricari.
1162 4843 1303 4911 Quid
1330 4848 1475 4903 enim
1502 4849 1640 4904 lucri
1672 4852 1799 4916 erit,
1827 4852 1874 4908 si

294 4934 618 5003 simpliciter
659 4936 955 5006 exquirant
1004 4940 1319 4996 testimonia
1362 4941 1506 5012 ejus,
1537 4950 1593 4998 et
1638 4958 1706 4999 ex
1763 4952 1878 5000 toto

292 5027 455 5081 corde
480 5024 647 5082 Deum
683 5044 791 5083 non
826 5031 1112 5099 quaarant?

359 5214 413 5270 5.
450 5214 571 5269 Νοη
593 5219 730 5272 enim
759 5221 849 5290 qui
878 5230 1165 5290 operantur
1187 5223 1524 5293 iniquitatem
1552 5223 1608 5276 in
1634 5224 1732 5278 viis
1758 5225 1873 5294 ejus

289 5303 711 5364 ambulaverunt.
736 5308 903 5380 Igitur
925 5312 1165 5368 divinam
1197 5313 1369 5383 legem
1394 5314 1607 5386 ignorat
1626 5315 1719 5386 qui
1744 5331 1873 5386 pec-

287 5402 416 5462 cat;
448 5409 573 5450 nam
619 5413 952 5470 cognoscere
992 5403 1135 5460 idem
1168 5414 1251 5461 est
1283 5419 1348 5461 ac
1379 5405 1672 5465 observare
1697 5407 1869 5464 illam.

358 5692 403 5725 “
429 5689 623 5763 Ephes.
655 5710 714 5763 tt,
746 5695 829 5753 15.

1981 4875 2110 4928 ποτὲ
2142 4874 2240 4945 μὲν
2269 4875 2565 4947 κατορθοῦν
2620 4877 2709 4931 τὸν
2738 4879 2921 4950 νόμον,
2958 4882 3088 4936 ποτὲ
3130 4881 3187 4935 δὲ
3235 4882 3566 4959 παραϐάτην

1979 4962 2251 5031 γενέσθαι.
2287 4964 2352 5017 Τί
2380 4965 2490 5036 γὰρ
2512 4965 2704 5037 κέρδος
2731 4968 2824 5022 τοῦ
2853 4967 3203 5044 ἐξερευνῆσαι
3249 4973 3317 5027 τά
3349 4974 3563 5045 μαρτύ-

1982 5064 2070 5117 ρια
2095 5048 2259 5103 αὐτοῦ
2315 5050 2522 5118 ἁπλῶς,
2557 5053 2650 5108 καὶ
2681 5056 2741 5123 ἐξ
2771 5056 2900 5128 ὅλης
2957 5058 3014 5113 δὲ
3048 5061 3276 5133 καρδίας
3308 5062 3398 5116 τὸν
3426 5062 3563 5118 Θεὸν

1983 5140 2058 5210 μὴ
2087 5140 2366 5212 ἐκζητεῖν;
3578 5156 3595 5227 ι

2053 5234 2136 5287 Οὐ
2179 5233 2287 5305 γὰρ
2323 5240 2375 5290 ol
2427 5237 2798 5310 ἐργαζὸμενοι
2856 5242 2972 5312 τὴν
3008 5245 3264 5314 ἀνομίαν
3307 5245 3379 5300 ἐν
3425 5248 3561 5316 ταῖς

1981 5326 2143 5395 ὁδοῖς
2172 5328 2364 5384 αὐτοῦ
2396 5329 2833 5402 ἐπορεύθησαν.
2859 5336 3067 5391 Οὐκοῦν
3091 5336 3183 5391 τὸν
3221 5336 3361 5392 θεῖον
3390 5338 3559 5411 νόμον

1976 5419 2077 5473 οὐκ
2102 5415 2243 5474 οἶδεν
2272 5422 2302 5475 6
2338 5422 2692 5497 ἁμαρτάνωνο
2728 5427 2788 5483 τὸ
2834 5426 2944 5500 γὰρ
2985 5428 3276 5500 γινώσκειν
3326 5431 3447 5487 ἐστὶ
3493 5430 3558 5483 τὸ

1974 5509 2299 5583 ἐργάζεσθαι
2346 5515 2528 5574 αὐτόν.
