  <div class='ocr_page' id='page_1' title='image "/cluster/home/n/w/nwhite01/storage/ocr_20150623/27/hvd.32044014174452/268.png"; bbox 0 0 3778 6276; ppageno 0'>
   <div class='ocr_carea' id='block_1_1' title="bbox 182 300 281 358">
    <p class='ocr_par' dir='ltr' id='par_1_1' title="bbox 182 300 281 358">
     <span class='ocr_line' id='line_1_1' title="bbox 182 300 281 358; baseline 0.061 -6"><span class='ocrx_word' id='word_1_1' title='bbox 182 300 281 358; x_wconf 59' lang='grc'><strong><em>881</em></strong></span> 
     </span>
    </p>
   </div>
   <div class='ocr_carea' id='block_1_2' title="bbox 1257 303 2374 366">
    <p class='ocr_par' dir='ltr' id='par_1_2' title="bbox 1257 303 2374 366">
     <span class='ocr_line' id='line_1_2' title="bbox 1257 303 2374 366; baseline 0.004 -6"><span class='ocrx_word' id='word_1_2' title='bbox 1257 304 1626 363; x_wconf 69' lang='lat' dir='ltr'><strong><em>EM’USII‘IO</em></strong></span> <span class='ocrx_word' id='word_1_3' title='bbox 1661 305 1734 361; x_wconf 76' lang='lat' dir='ltr'><strong><em>IN</em></strong></span> <span class='ocrx_word' id='word_1_4' title='bbox 1776 303 2103 364; x_wconf 78' lang='lat' dir='ltr'><strong><em>PSALMUM</em></strong></span> <span class='ocrx_word' id='word_1_5' title='bbox 2142 307 2374 366; x_wconf 78' lang='lat' dir='ltr'><strong><em>CXVIII.</em></strong></span> 
     </span>
    </p>
   </div>
   <div class='ocr_carea' id='block_1_3' title="bbox 3357 310 3463 369">
    <p class='ocr_par' dir='ltr' id='par_1_3' title="bbox 3357 310 3463 369">
     <span class='ocr_line' id='line_1_3' title="bbox 3357 310 3463 369; baseline -0.047 0"><span class='ocrx_word' id='word_1_6' title='bbox 3357 310 3463 369; x_wconf 68' lang='lat'><strong><em>482</em></strong></span> 
     </span>
    </p>
   </div>
   <div class='ocr_carea' id='block_1_4' title="bbox 255 414 1768 488">
    <p class='ocr_par' dir='ltr' id='par_1_4' title="bbox 255 414 1768 488">
     <span class='ocr_line' id='line_1_4' title="bbox 255 414 1768 488; baseline 0.001 -18"><span class='ocrx_word' id='word_1_7' title='bbox 255 415 350 470; x_wconf 78' lang='grc' dir='ltr'><strong><em>Σὺ</em></strong></span> <span class='ocrx_word' id='word_1_8' title='bbox 383 417 665 470; x_wconf 62' lang='lat' dir='ltr'><strong><em>eratcum</em></strong></span> <span class='ocrx_word' id='word_1_9' title='bbox 696 414 801 480; x_wconf 80' lang='grc' dir='ltr'>τὰς</span> <span class='ocrx_word' id='word_1_10' title='bbox 819 416 1071 482; x_wconf 75' lang='grc' dir='ltr'>ἐντολάς</span> <span class='ocrx_word' id='word_1_11' title='bbox 1091 433 1205 472; x_wconf 87' lang='grc' dir='ltr'><strong><em>σου</em></strong></span> <span class='ocrx_word' id='word_1_12' title='bbox 1234 418 1617 487; x_wconf 70' lang='grc' dir='ltr'>φυλάξασθαι</span> <span class='ocrx_word' id='word_1_13' title='bbox 1647 421 1768 488; x_wconf 74' lang='grc' dir='ltr'><strong><em>σφό</em></strong></span> 
     </span>
    </p>
   </div>
   <div class='ocr_carea' id='block_1_5' title="bbox 1894 414 3463 488">
    <p class='ocr_par' dir='ltr' id='par_1_5' title="bbox 1960 420 3463 485">
     <span class='ocr_line' id='line_1_5' title="bbox 1960 420 3463 485; baseline 0.006 -11"><span class='ocrx_word' id='word_1_14' title='bbox 1960 421 2015 485; x_wconf 73' lang='grc'>4,</span> <span class='ocrx_word' id='word_1_15' title='bbox 2041 421 2091 475; x_wconf 83' lang='grc'><strong><em>5.</em></strong></span> <span class='ocrx_word' id='word_1_16' title='bbox 2125 420 2200 475; x_wconf 83' lang='lat' dir='ltr'><strong><em>Tu</em></strong></span> <span class='ocrx_word' id='word_1_17' title='bbox 2232 423 2498 476; x_wconf 81' lang='lat' dir='ltr'><strong><em>mandasti</em></strong></span> <span class='ocrx_word' id='word_1_18' title='bbox 2546 424 2798 477; x_wconf 85' lang='lat' dir='ltr'><strong><em>mandata</em></strong></span> <span class='ocrx_word' id='word_1_19' title='bbox 2847 433 2939 476; x_wconf 84' lang='lat' dir='ltr'><strong><em>tua</em></strong></span> <span class='ocrx_word' id='word_1_20' title='bbox 2982 424 3238 478; x_wconf 71' lang='lat' dir='ltr'><strong><em>custodiri</em></strong></span> <span class='ocrx_word' id='word_1_21' title='bbox 3283 427 3463 483; x_wconf 80' lang='lat' dir='ltr'><strong><em>nimis.</em></strong></span> 
     </span>
    </p>
   </div>
   <div class='ocr_carea' id='block_1_6' title="bbox 181 509 1768 587">
    <p class='ocr_par' dir='ltr' id='par_1_6' title="bbox 181 509 1768 581">
     <span class='ocr_line' id='line_1_6' title="bbox 181 509 1768 581; baseline 0.001 -20"><span class='ocrx_word' id='word_1_22' title='bbox 181 509 319 579; x_wconf 72' lang='grc' dir='ltr'>ἔρα.</span> <span class='ocrx_word' id='word_1_23' title='bbox 365 510 627 578; x_wconf 60' lang='grc' dir='ltr'><strong><em>Ὄφελον</em></strong></span> <span class='ocrx_word' id='word_1_24' title='bbox 662 511 1210 577; x_wconf 74' lang='grc' dir='ltr'>κατευθυνθείησαν</span> <span class='ocrx_word' id='word_1_25' title='bbox 1239 514 1298 564; x_wconf 80' lang='lat' dir='ltr'><strong><em>ai</em></strong></span> <span class='ocrx_word' id='word_1_26' title='bbox 1350 510 1480 565; x_wconf 72' lang='grc' dir='ltr'>ὁδοί</span> <span class='ocrx_word' id='word_1_27' title='bbox 1527 530 1647 581; x_wconf 77' lang='grc' dir='ltr'>μου</span> <span class='ocrx_word' id='word_1_28' title='bbox 1679 509 1768 564; x_wconf 76' lang='grc' dir='ltr'>τοὶ</span> 
     </span>
    </p>
   </div>
   <div class='ocr_carea' id='block_1_7' title="bbox 1894 509 3461 587">
    <p class='ocr_par' dir='ltr' id='par_1_7' title="bbox 1896 509 3461 587">
     <span class='ocr_line' id='line_1_7' title="bbox 1896 509 3461 587; baseline 0.004 -24"><span class='ocrx_word' id='word_1_29' title='bbox 1896 509 2110 565; x_wconf 89' lang='lat' dir='ltr'><strong><em>Utinam</em></strong></span> <span class='ocrx_word' id='word_1_30' title='bbox 2144 514 2448 583; x_wconf 85' lang='lat' dir='ltr'><strong><em>dirigantur</em></strong></span> <span class='ocrx_word' id='word_1_31' title='bbox 2474 514 2573 569; x_wconf 75' lang='lat' dir='ltr'><strong><em>vita</em></strong></span> <span class='ocrx_word' id='word_1_32' title='bbox 2614 530 2742 568; x_wconf 77' lang='lat' dir='ltr'><strong><em>mea:</em></strong></span> <span class='ocrx_word' id='word_1_33' title='bbox 2767 514 2835 566; x_wconf 86' lang='lat' dir='ltr'><strong><em>ad</em></strong></span> <span class='ocrx_word' id='word_1_34' title='bbox 2859 515 3230 569; x_wconf 79' lang='lat' dir='ltr'><strong><em>custodiendas</em></strong></span> <span class='ocrx_word' id='word_1_35' title='bbox 3250 516 3461 587; x_wconf 76' lang='lat' dir='ltr'><strong><em>justifi-</em></strong></span> 
     </span>
    </p>
   </div>
   <div class='ocr_carea' id='block_1_8' title="bbox 181 600 1788 672">
    <p class='ocr_par' dir='ltr' id='par_1_8' title="bbox 181 600 1788 672">
     <span class='ocr_line' id='line_1_8' title="bbox 181 600 1788 672; baseline -0.008 -6"><span class='ocrx_word' id='word_1_36' title='bbox 181 600 588 672; x_wconf 62' lang='grc' dir='ltr'>φυλάξασθαι</span> <span class='ocrx_word' id='word_1_37' title='bbox 629 600 702 653; x_wconf 84' lang='grc' dir='ltr'>τὰ</span> <span class='ocrx_word' id='word_1_38' title='bbox 754 600 1112 669; x_wconf 75' lang='grc' dir='ltr'>δικαιώματά</span> <span class='ocrx_word' id='word_1_39' title='bbox 1172 617 1308 656; x_wconf 85' lang='grc' dir='ltr'>σου.</span> <span class='ocrx_word' id='word_1_40' title='bbox 1344 603 1528 666; x_wconf 76' lang='grc' dir='ltr'>Γνοὺς,</span> <span class='ocrx_word' id='word_1_41' title='bbox 1559 601 1633 666; x_wconf 83' lang='grc' dir='ltr'>ὡς</span> <span class='ocrx_word' id='word_1_42' title='bbox 1684 602 1788 672; x_wconf 82' lang='grc' dir='ltr'><strong><em>τῆς</em></strong></span> 
     </span>
    </p>
   </div>
   <div class='ocr_carea' id='block_1_9' title="bbox 1889 604 3462 677">
    <p class='ocr_par' dir='ltr' id='par_1_9' title="bbox 1889 604 3462 677">
     <span class='ocr_line' id='line_1_9' title="bbox 1889 604 3462 677; baseline 0.005 -22"><span class='ocrx_word' id='word_1_43' title='bbox 1889 606 2117 657; x_wconf 87' lang='lat' dir='ltr'><strong><em>cationes</em></strong></span> <span class='ocrx_word' id='word_1_44' title='bbox 2142 615 2258 658; x_wconf 79' lang='lat' dir='ltr'><strong><em>tuas</em></strong></span> <span class='ocrx_word' id='word_1_45' title='bbox 2275 605 2295 656; x_wconf 93' lang='lat'><strong><em>.&#39;</em></strong></span> <span class='ocrx_word' id='word_1_46' title='bbox 2316 604 2551 671; x_wconf 87' lang='lat' dir='ltr'><strong><em>Gnarus,</em></strong></span> <span class='ocrx_word' id='word_1_47' title='bbox 2570 605 2687 661; x_wconf 85' lang='lat' dir='ltr'><strong><em>sine</em></strong></span> <span class='ocrx_word' id='word_1_48' title='bbox 2707 607 2914 661; x_wconf 72' lang='lat' dir='ltr'><strong><em>emlesti</em></strong></span> <span class='ocrx_word' id='word_1_49' title='bbox 2943 605 3150 659; x_wconf 78' lang='lat' dir='ltr'><strong><em>auxilio</em></strong></span> <span class='ocrx_word' id='word_1_50' title='bbox 3173 623 3277 660; x_wconf 89' lang='lat' dir='ltr'><strong><em>non</em></strong></span> <span class='ocrx_word' id='word_1_51' title='bbox 3302 624 3462 677; x_wconf 80' lang='lat' dir='ltr'><strong><em>posse</em></strong></span> 
     </span>
    </p>
   </div>
   <div class='ocr_carea' id='block_1_10' title="bbox 182 690 1768 765">
    <p class='ocr_par' dir='ltr' id='par_1_10' title="bbox 182 690 1768 764">
     <span class='ocr_line' id='line_1_10' title="bbox 182 690 1768 764; baseline 0.001 -19"><span class='ocrx_word' id='word_1_52' title='bbox 182 691 399 745; x_wconf 81' lang='grc' dir='ltr'>ἄνωθεν</span> <span class='ocrx_word' id='word_1_53' title='bbox 428 690 754 761; x_wconf 74' lang='grc' dir='ltr'>ἐπικουρίας</span> <span class='ocrx_word' id='word_1_54' title='bbox 800 693 968 764; x_wconf 80' lang='grc' dir='ltr'>χωρἰς</span> <span class='ocrx_word' id='word_1_55' title='bbox 1018 693 1080 745; x_wconf 79' lang='grc' dir='ltr'><strong><em>οὐ</em></strong></span> <span class='ocrx_word' id='word_1_56' title='bbox 1126 692 1348 746; x_wconf 83' lang='grc' dir='ltr'>δυνατόν</span> <span class='ocrx_word' id='word_1_57' title='bbox 1402 711 1524 748; x_wconf 84' lang='grc' dir='ltr'>τινα</span> <span class='ocrx_word' id='word_1_58' title='bbox 1571 693 1768 763; x_wconf 73' lang='grc' dir='ltr'>φύλακα</span> 
     </span>
    </p>
   </div>
   <div class='ocr_carea' id='block_1_11' title="bbox 1894 690 3458 765">
    <p class='ocr_par' dir='ltr' id='par_1_11' title="bbox 1894 696 3458 765">
     <span class='ocr_line' id='line_1_11' title="bbox 1894 696 3458 765; baseline 0.006 -19"><span class='ocrx_word' id='word_1_59' title='bbox 1894 696 2194 764; x_wconf 77' lang='lat' dir='ltr'><strong><em>quempiam</em></strong></span> <span class='ocrx_word' id='word_1_60' title='bbox 2222 697 2355 765; x_wconf 87' lang='lat' dir='ltr'><strong><em>legis</em></strong></span> <span class='ocrx_word' id='word_1_61' title='bbox 2381 712 2502 751; x_wconf 89' lang='lat' dir='ltr'><strong><em>esse</em></strong></span> <span class='ocrx_word' id='word_1_62' title='bbox 2534 698 2963 763; x_wconf 86' lang='lat' dir='ltr'><strong><em>observatorem,</em></strong></span> <span class='ocrx_word' id='word_1_63' title='bbox 2998 698 3049 752; x_wconf 89' lang='lat' dir='ltr'><strong><em>id</em></strong></span> <span class='ocrx_word' id='word_1_64' title='bbox 3083 700 3332 755; x_wconf 83' lang='lat' dir='ltr'><strong><em>oratione</em></strong></span> <span class='ocrx_word' id='word_1_65' title='bbox 3355 701 3458 755; x_wconf 72' lang='lat' dir='ltr'><strong><em>srbi</em></strong></span> 
     </span>
    </p>
   </div>
   <div class='ocr_carea' id='block_1_12' title="bbox 180 781 1781 858">
    <p class='ocr_par' dir='ltr' id='par_1_12' title="bbox 180 781 1781 858">
     <span class='ocr_line' id='line_1_12' title="bbox 180 781 1781 858; baseline 0.004 -26"><span class='ocrx_word' id='word_1_66' title='bbox 180 781 447 847; x_wconf 72' lang='grc' dir='ltr'>γενέσθαι</span> <span class='ocrx_word' id='word_1_67' title='bbox 470 781 566 835; x_wconf 83' lang='grc' dir='ltr'><strong><em>τοῦ</em></strong></span> <span class='ocrx_word' id='word_1_68' title='bbox 611 782 800 853; x_wconf 86' lang='grc' dir='ltr'>νόμου,</span> <span class='ocrx_word' id='word_1_69' title='bbox 844 785 975 855; x_wconf 78' lang='grc' dir='ltr'>εὐχῇ</span> <span class='ocrx_word' id='word_1_70' title='bbox 998 783 1155 837; x_wconf 87' lang='grc' dir='ltr'>τοῦτο</span> <span class='ocrx_word' id='word_1_71' title='bbox 1198 785 1375 856; x_wconf 80' lang='grc' dir='ltr'>ἐαυτῷ</span> <span class='ocrx_word' id='word_1_72' title='bbox 1399 785 1673 858; x_wconf 83' lang='grc' dir='ltr'>κατορθοῖ·</span> <span class='ocrx_word' id='word_1_73' title='bbox 1700 787 1781 850; x_wconf 81' lang='grc' dir='ltr'><strong><em>τὸ,</em></strong></span> 
     </span>
    </p>
   </div>
   <div class='ocr_carea' id='block_1_13' title="bbox 183 873 1217 944">
    <p class='ocr_par' dir='ltr' id='par_1_13' title="bbox 183 873 1217 944">
     <span class='ocr_line' id='line_1_13' title="bbox 183 873 1217 944; baseline 0.007 -19"><span class='ocrx_word' id='word_1_74' title='bbox 183 873 438 943; x_wconf 53' lang='grc' dir='ltr'><strong><em>ἔμελεν,</em></strong></span> <span class='ocrx_word' id='word_1_75' title='bbox 475 874 598 927; x_wconf 77' lang='grc' dir='ltr'>ἀντὶ</span> <span class='ocrx_word' id='word_1_76' title='bbox 617 874 733 942; x_wconf 85' lang='grc' dir='ltr'>τοῦ,</span> <span class='ocrx_word' id='word_1_77' title='bbox 762 876 990 944; x_wconf 82' lang='grc' dir='ltr'>γένοιτο,</span> <span class='ocrx_word' id='word_1_78' title='bbox 1020 880 1217 932; x_wconf 85' lang='grc' dir='ltr'>κεῖται.</span> 
     </span>
    </p>
   </div>
   <div class='ocr_carea' id='block_1_14' title="bbox 264 964 1778 1038">
    <p class='ocr_par' dir='ltr' id='par_1_14' title="bbox 264 964 1778 1038">
     <span class='ocr_line' id='line_1_14' title="bbox 264 964 1778 1038; baseline 0.005 -21"><span class='ocrx_word' id='word_1_79' title='bbox 264 964 837 1035; x_wconf 74' lang='grc' dir='ltr'>Ἐξομολογήσομαί</span> <span class='ocrx_word' id='word_1_80' title='bbox 896 981 995 1020; x_wconf 88' lang='grc' dir='ltr'><strong><em>σοι</em></strong></span> <span class='ocrx_word' id='word_1_81' title='bbox 1048 968 1119 1021; x_wconf 84' lang='grc' dir='ltr'>ἐν</span> <span class='ocrx_word' id='word_1_82' title='bbox 1185 970 1458 1037; x_wconf 81' lang='grc' dir='ltr'>εὐθὺτητι</span> <span class='ocrx_word' id='word_1_83' title='bbox 1513 969 1778 1038; x_wconf 81' lang='grc' dir='ltr'><strong><em>καρδίας.</em></strong></span> 
     </span>
    </p>
   </div>
   <div class='ocr_carea' id='block_1_15' title="bbox 185 1054 1775 1131">
    <p class='ocr_par' dir='ltr' id='par_1_15' title="bbox 185 1054 1775 1131">
     <span class='ocr_line' id='line_1_15' title="bbox 185 1054 1775 1131; baseline 0.004 -23"><span class='ocrx_word' id='word_1_84' title='bbox 185 1054 343 1108; x_wconf 69' lang='grc' dir='ltr'>Μετὰ</span> <span class='ocrx_word' id='word_1_85' title='bbox 374 1055 481 1125; x_wconf 80' lang='grc' dir='ltr'><strong><em>τὴν</em></strong></span> <span class='ocrx_word' id='word_1_86' title='bbox 534 1056 701 1127; x_wconf 77' lang='grc' dir='ltr'>εὐχὴν</span> <span class='ocrx_word' id='word_1_87' title='bbox 747 1057 842 1109; x_wconf 73' lang='grc' dir='ltr'><strong><em>καὶ</em></strong></span> <span class='ocrx_word' id='word_1_88' title='bbox 879 1056 940 1110; x_wconf 78' lang='grc' dir='ltr'><strong><em>τὸ</em></strong></span> <span class='ocrx_word' id='word_1_89' title='bbox 996 1057 1103 1111; x_wconf 72' lang='grc' dir='ltr'><strong><em>ἀπὸ</em></strong></span> <span class='ocrx_word' id='word_1_90' title='bbox 1147 1059 1520 1130; x_wconf 76' lang='grc' dir='ltr'>προαιρέσεως</span> <span class='ocrx_word' id='word_1_91' title='bbox 1545 1060 1775 1131; x_wconf 89' lang='grc' dir='ltr'>τίθησιν.</span> 
     </span>
    </p>
   </div>
   <div class='ocr_carea' id='block_1_16' title="bbox 195 1145 1366 1221">
    <p class='ocr_par' dir='ltr' id='par_1_16' title="bbox 195 1145 1366 1221">
     <span class='ocr_line' id='line_1_16' title="bbox 195 1145 1366 1221; baseline 0.003 -22"><span class='ocrx_word' id='word_1_92' title='bbox 195 1146 366 1217; x_wconf 76' lang='grc' dir='ltr'><strong><em>Ἀρχὴ</em></strong></span> <span class='ocrx_word' id='word_1_93' title='bbox 397 1145 462 1198; x_wconf 75' lang='grc' dir='ltr'>δὲ</span> <span class='ocrx_word' id='word_1_94' title='bbox 484 1146 586 1215; x_wconf 77' lang='grc' dir='ltr'>τῆς</span> <span class='ocrx_word' id='word_1_95' title='bbox 610 1146 933 1218; x_wconf 85' lang='grc' dir='ltr'>σωτηρίαςὴ</span> <span class='ocrx_word' id='word_1_96' title='bbox 962 1147 1366 1221; x_wconf 80' lang='grc' dir='ltr'>ἐξομολόγησις.</span> 
     </span>
    </p>
   </div>
   <div class='ocr_carea' id='block_1_17' title="bbox 250 1237 1778 1314">
    <p class='ocr_par' dir='ltr' id='par_1_17' title="bbox 250 1237 1778 1314">
     <span class='ocr_line' id='line_1_17' title="bbox 250 1237 1778 1314; baseline 0.003 -23"><span class='ocrx_word' id='word_1_97' title='bbox 250 1237 355 1303; x_wconf 75' lang='grc' dir='ltr'><strong><em>Μή</em></strong></span> <span class='ocrx_word' id='word_1_98' title='bbox 389 1256 475 1307; x_wconf 83' lang='grc' dir='ltr'>με</span> <span class='ocrx_word' id='word_1_99' title='bbox 505 1238 948 1308; x_wconf 75' lang='grc' dir='ltr'>ἐγκαταλείπῃς</span> <span class='ocrx_word' id='word_1_100' title='bbox 997 1238 1106 1306; x_wconf 82' lang='grc' dir='ltr'>ἕως</span> <span class='ocrx_word' id='word_1_101' title='bbox 1140 1240 1395 1310; x_wconf 73' lang='grc' dir='ltr'>σφόδρα.</span> <span class='ocrx_word' id='word_1_102' title='bbox 1456 1241 1622 1296; x_wconf 75' lang='grc' dir='ltr'>Πάλιν</span> <span class='ocrx_word' id='word_1_103' title='bbox 1680 1242 1778 1314; x_wconf 72' lang='grc' dir='ltr'><strong><em>τὴν</em></strong></span> 
     </span>
    </p>
   </div>
   <div class='ocr_carea' id='block_1_18' title="bbox 182 1328 1129 1399">
    <p class='ocr_par' dir='ltr' id='par_1_18' title="bbox 182 1328 1129 1399">
     <span class='ocr_line' id='line_1_18' title="bbox 182 1328 1129 1399; baseline 0.003 -18"><span class='ocrx_word' id='word_1_104' title='bbox 182 1328 390 1382; x_wconf 74' lang='grc' dir='ltr'>ἄνωθεν</span> <span class='ocrx_word' id='word_1_105' title='bbox 426 1330 750 1399; x_wconf 75' lang='grc' dir='ltr'>συμμαχίαν</span> <span class='ocrx_word' id='word_1_106' title='bbox 774 1330 1129 1384; x_wconf 75' lang='grc' dir='ltr'>ἐπικαλεῖται.</span> 
     </span>
    </p>
   </div>
   <div class='ocr_carea' id='block_1_19' title="bbox 261 1418 1776 1490">
    <p class='ocr_par' dir='ltr' id='par_1_19' title="bbox 261 1418 1776 1490">
     <span class='ocr_line' id='line_1_19' title="bbox 261 1418 1776 1490; baseline 0.005 -19"><span class='ocrx_word' id='word_1_107' title='bbox 261 1421 364 1472; x_wconf 75' lang='grc' dir='ltr'><strong><em>Ἔν</em></strong></span> <span class='ocrx_word' id='word_1_108' title='bbox 393 1420 518 1473; x_wconf 82' lang='grc' dir='ltr'>τίνι</span> <span class='ocrx_word' id='word_1_109' title='bbox 549 1420 908 1489; x_wconf 82' lang='grc' dir='ltr'><strong><em>κατορθώσει</em></strong></span> <span class='ocrx_word' id='word_1_110' title='bbox 930 1418 1209 1490; x_wconf 79' lang='grc' dir='ltr'>νεώτερος</span> <span class='ocrx_word' id='word_1_111' title='bbox 1247 1421 1362 1489; x_wconf 77' lang='grc' dir='ltr'><strong><em>τὴν</em></strong></span> <span class='ocrx_word' id='word_1_112' title='bbox 1386 1420 1529 1477; x_wconf 77' lang='grc' dir='ltr'><strong><em>ὁδὸν</em></strong></span> <span class='ocrx_word' id='word_1_113' title='bbox 1554 1424 1776 1489; x_wconf 82' lang='grc' dir='ltr'>αὑτοῦ;</span> 
     </span>
    </p>
   </div>
   <div class='ocr_carea' id='block_1_20' title="bbox 184 1510 1772 1587">
    <p class='ocr_par' dir='ltr' id='par_1_20' title="bbox 184 1510 1772 1587">
     <span class='ocr_line' id='line_1_20' title="bbox 184 1510 1772 1587; baseline 0.003 -23"><span class='ocrx_word' id='word_1_114' title='bbox 184 1510 430 1574; x_wconf 54' lang='lat' dir='ltr'><strong><em>meum,</em></strong></span> <span class='ocrx_word' id='word_1_115' title='bbox 484 1511 672 1581; x_wconf 71' lang='grc' dir='ltr'>φησὶν,</span> <span class='ocrx_word' id='word_1_116' title='bbox 721 1511 933 1583; x_wconf 74' lang='grc' dir='ltr'>ἐστὶνή</span> <span class='ocrx_word' id='word_1_117' title='bbox 977 1512 1167 1584; x_wconf 83' lang='grc' dir='ltr'>νεότης</span> <span class='ocrx_word' id='word_1_118' title='bbox 1216 1513 1530 1568; x_wconf 82' lang='grc' dir='ltr'><strong><em>σκανδάλων</em></strong></span> <span class='ocrx_word' id='word_1_119' title='bbox 1581 1516 1772 1587; x_wconf 86' lang='grc' dir='ltr'>μεστή.</span> 
     </span>
    </p>
   </div>
   <div class='ocr_carea' id='block_1_21' title="bbox 184 1597 1776 1675">
    <p class='ocr_par' dir='ltr' id='par_1_21' title="bbox 184 1597 1776 1675">
     <span class='ocr_line' id='line_1_21' title="bbox 184 1597 1776 1675; baseline 0.001 -20"><span class='ocrx_word' id='word_1_120' title='bbox 184 1601 307 1666; x_wconf 83' lang='grc' dir='ltr'>Πῶς</span> <span class='ocrx_word' id='word_1_121' title='bbox 341 1597 445 1655; x_wconf 79' lang='grc' dir='ltr'><strong><em>οῦν</em></strong></span> <span class='ocrx_word' id='word_1_122' title='bbox 505 1619 591 1665; x_wconf 88' lang='grc' dir='ltr'><strong><em>τις</em></strong></span> <span class='ocrx_word' id='word_1_123' title='bbox 616 1601 791 1655; x_wconf 83' lang='grc' dir='ltr'>ταῦτα</span> <span class='ocrx_word' id='word_1_124' title='bbox 829 1600 1091 1673; x_wconf 77' lang='grc' dir='ltr'>ὑπερέϐη,</span> <span class='ocrx_word' id='word_1_125' title='bbox 1154 1601 1187 1673; x_wconf 80' lang='grc' dir='ltr'><strong>ἢ</strong></span> <span class='ocrx_word' id='word_1_126' title='bbox 1226 1601 1314 1655; x_wconf 78' lang='grc' dir='ltr'><strong><em>διὰ</em></strong></span> <span class='ocrx_word' id='word_1_127' title='bbox 1358 1602 1452 1655; x_wconf 86' lang='grc' dir='ltr'><strong><em>τοῦ</em></strong></span> <span class='ocrx_word' id='word_1_128' title='bbox 1504 1602 1646 1673; x_wconf 78' lang='grc' dir='ltr'>ἔχειν</span> <span class='ocrx_word' id='word_1_129' title='bbox 1677 1604 1776 1675; x_wconf 83' lang='grc' dir='ltr'><strong><em>τὴν</em></strong></span> 
     </span>
    </p>
   </div>
   <div class='ocr_carea' id='block_1_22' title="bbox 189 1689 1773 1765">
    <p class='ocr_par' dir='ltr' id='par_1_22' title="bbox 189 1689 1773 1765">
     <span class='ocr_line' id='line_1_22' title="bbox 189 1689 1773 1765; baseline -0.003 -16"><span class='ocrx_word' id='word_1_130' title='bbox 189 1695 414 1765; x_wconf 78' lang='grc' dir='ltr'>μνήμην</span> <span class='ocrx_word' id='word_1_131' title='bbox 459 1693 589 1756; x_wconf 76' lang='grc' dir='ltr'>τοὺς</span> <span class='ocrx_word' id='word_1_132' title='bbox 640 1691 735 1746; x_wconf 82' lang='grc' dir='ltr'><strong><em>τοῦ</em></strong></span> <span class='ocrx_word' id='word_1_133' title='bbox 790 1689 924 1746; x_wconf 85' lang='grc' dir='ltr'>Θεοῦ</span> <span class='ocrx_word' id='word_1_134' title='bbox 968 1692 1159 1761; x_wconf 83' lang='grc' dir='ltr'><strong><em>λόγους</em></strong></span> <span class='ocrx_word' id='word_1_135' title='bbox 1214 1691 1537 1757; x_wconf 73' lang='grc' dir='ltr'>διαπαντόςς</span> <span class='ocrx_word' id='word_1_136' title='bbox 1590 1695 1623 1764; x_wconf 84' lang='grc' dir='ltr'><strong>ἡ</strong></span> <span class='ocrx_word' id='word_1_137' title='bbox 1663 1692 1773 1765; x_wconf 79' lang='grc' dir='ltr'>γὰρ</span> 
     </span>
    </p>
   </div>
   <div class='ocr_carea' id='block_1_23' title="bbox 184 1782 1769 1857">
    <p class='ocr_par' dir='ltr' id='par_1_23' title="bbox 184 1782 1769 1857">
     <span class='ocr_line' id='line_1_23' title="bbox 184 1782 1769 1857; baseline -0.001 -17"><span class='ocrx_word' id='word_1_138' title='bbox 184 1786 358 1840; x_wconf 72' lang='grc' dir='ltr'>ἔννοια</span> <span class='ocrx_word' id='word_1_139' title='bbox 383 1783 486 1837; x_wconf 87' lang='grc' dir='ltr'><strong><em>τοῦ</em></strong></span> <span class='ocrx_word' id='word_1_140' title='bbox 516 1783 663 1837; x_wconf 83' lang='grc' dir='ltr'>θείου</span> <span class='ocrx_word' id='word_1_141' title='bbox 684 1782 848 1853; x_wconf 83' lang='grc' dir='ltr'>νόμου</span> <span class='ocrx_word' id='word_1_142' title='bbox 881 1783 975 1836; x_wconf 77' lang='grc' dir='ltr'><strong><em>καὶ</em></strong></span> <span class='ocrx_word' id='word_1_143' title='bbox 1003 1782 1305 1855; x_wconf 82' lang='grc' dir='ltr'>καθαρτικὴ</span> <span class='ocrx_word' id='word_1_144' title='bbox 1346 1801 1438 1838; x_wconf 86' lang='grc' dir='ltr'><strong><em>και</em></strong></span> <span class='ocrx_word' id='word_1_145' title='bbox 1461 1784 1769 1857; x_wconf 81' lang='grc' dir='ltr'>φυλακτικὴ</span> 
     </span>
    </p>
   </div>
   <div class='ocr_carea' id='block_1_24' title="bbox 182 1873 607 1939">
    <p class='ocr_par' dir='ltr' id='par_1_24' title="bbox 182 1873 607 1939">
     <span class='ocr_line' id='line_1_24' title="bbox 182 1873 607 1939; baseline -0.009 -8"><span class='ocrx_word' id='word_1_146' title='bbox 182 1877 407 1939; x_wconf 73' lang='grc' dir='ltr'>πάντως</span> <span class='ocrx_word' id='word_1_147' title='bbox 434 1873 607 1928; x_wconf 82' lang='grc' dir='ltr'>ἐστίν.</span> 
     </span>
    </p>
   </div>
   <div class='ocr_carea' id='block_1_25' title="bbox 254 1961 1769 2036">
    <p class='ocr_par' dir='ltr' id='par_1_25' title="bbox 254 1961 1769 2036">
     <span class='ocr_line' id='line_1_25' title="bbox 254 1961 1769 2036; baseline 0.006 -15"><span class='ocrx_word' id='word_1_148' title='bbox 254 1970 364 2022; x_wconf 79' lang='grc' dir='ltr'><strong><em>Ἐγ</em></strong></span> <span class='ocrx_word' id='word_1_149' title='bbox 400 1966 523 2035; x_wconf 73' lang='grc' dir='ltr'><strong><em>ὅλῃ</em></strong></span> <span class='ocrx_word' id='word_1_150' title='bbox 570 1964 787 2034; x_wconf 78' lang='grc' dir='ltr'>καρδίᾳ</span> <span class='ocrx_word' id='word_1_151' title='bbox 803 1981 922 2034; x_wconf 84' lang='grc' dir='ltr'>μου</span> <span class='ocrx_word' id='word_1_152' title='bbox 948 1961 1276 2031; x_wconf 73' lang='grc' dir='ltr'>ὲξεζιὶτησά</span> <span class='ocrx_word' id='word_1_153' title='bbox 1302 1977 1395 2016; x_wconf 77' lang='grc' dir='ltr'><strong><em>σεο</em></strong></span> <span class='ocrx_word' id='word_1_154' title='bbox 1423 1963 1485 2015; x_wconf 65' lang='grc' dir='ltr'><strong>Εἰ</strong></span> <span class='ocrx_word' id='word_1_155' title='bbox 1518 1964 1551 2035; x_wconf 74' lang='grc' dir='ltr'><strong>ἡ</strong></span> <span class='ocrx_word' id='word_1_156' title='bbox 1584 1964 1769 2036; x_wconf 81' lang='grc' dir='ltr'>μνήμη</span> 
     </span>
    </p>
   </div>
   <div class='ocr_carea' id='block_1_26' title="bbox 179 2054 1773 2129">
    <p class='ocr_par' dir='ltr' id='par_1_26' title="bbox 179 2054 1773 2129">
     <span class='ocr_line' id='line_1_26' title="bbox 179 2054 1773 2129; baseline -0.004 -15"><span class='ocrx_word' id='word_1_157' title='bbox 179 2059 267 2115; x_wconf 78' lang='grc' dir='ltr'>τοῦ</span> <span class='ocrx_word' id='word_1_158' title='bbox 312 2057 479 2123; x_wconf 86' lang='grc' dir='ltr'>Θεοῦ,</span> <span class='ocrx_word' id='word_1_159' title='bbox 530 2057 697 2129; x_wconf 76' lang='grc' dir='ltr'>φησὶ,</span> <span class='ocrx_word' id='word_1_160' title='bbox 759 2056 887 2119; x_wconf 77' lang='grc' dir='ltr'>τοὺς</span> <span class='ocrx_word' id='word_1_161' title='bbox 936 2055 1266 2118; x_wconf 83' lang='grc' dir='ltr'>Σατανικοὺς</span> <span class='ocrx_word' id='word_1_162' title='bbox 1326 2054 1544 2108; x_wconf 75' lang='grc' dir='ltr'>ἐκδῦναι</span> <span class='ocrx_word' id='word_1_163' title='bbox 1597 2072 1773 2129; x_wconf 87' lang='grc' dir='ltr'>παρα-</span> 
     </span>
    </p>
   </div>
   <div class='ocr_carea' id='block_1_27' title="bbox 185 2146 1770 2223">
    <p class='ocr_par' dir='ltr' id='par_1_27' title="bbox 185 2146 1770 2223">
     <span class='ocr_line' id='line_1_27' title="bbox 185 2146 1770 2223; baseline -0.001 -18"><span class='ocrx_word' id='word_1_164' title='bbox 185 2151 441 2217; x_wconf 74' lang='grc' dir='ltr'><strong><em>σκευάζει</em></strong></span> <span class='ocrx_word' id='word_1_165' title='bbox 465 2150 715 2223; x_wconf 79' lang='grc' dir='ltr'><strong><em>βρόχους,</em></strong></span> <span class='ocrx_word' id='word_1_166' title='bbox 751 2148 862 2219; x_wconf 87' lang='grc' dir='ltr'>ὲγὼ</span> <span class='ocrx_word' id='word_1_167' title='bbox 885 2149 940 2203; x_wconf 81' lang='grc' dir='ltr'><strong><em>δὲ</em></strong></span> <span class='ocrx_word' id='word_1_168' title='bbox 965 2146 1199 2221; x_wconf 75' lang='grc' dir='ltr'>ἐμαυτοῦ</span> <span class='ocrx_word' id='word_1_169' title='bbox 1238 2149 1366 2219; x_wconf 83' lang='grc' dir='ltr'>ὅλην</span> <span class='ocrx_word' id='word_1_170' title='bbox 1414 2147 1511 2220; x_wconf 81' lang='grc' dir='ltr'><strong><em>τὴν</em></strong></span> <span class='ocrx_word' id='word_1_171' title='bbox 1534 2149 1770 2204; x_wconf 85' lang='grc' dir='ltr'>διάνοιαν</span> 
     </span>
    </p>
   </div>
   <div class='ocr_carea' id='block_1_28' title="bbox 180 2239 1769 2316">
    <p class='ocr_par' dir='ltr' id='par_1_28' title="bbox 180 2239 1769 2316">
     <span class='ocr_line' id='line_1_28' title="bbox 180 2239 1769 2316; baseline -0.003 -17"><span class='ocrx_word' id='word_1_172' title='bbox 180 2244 423 2316; x_wconf 76' lang='grc' dir='ltr'>ἀνέθηκά</span> <span class='ocrx_word' id='word_1_173' title='bbox 451 2261 538 2297; x_wconf 89' lang='grc' dir='ltr'><strong><em>σοι</em></strong></span> <span class='ocrx_word' id='word_1_174' title='bbox 569 2243 650 2314; x_wconf 85' lang='grc' dir='ltr'>τῷ</span> <span class='ocrx_word' id='word_1_175' title='bbox 685 2242 826 2314; x_wconf 71' lang='grc' dir='ltr'>Θεῷσ</span> <span class='ocrx_word' id='word_1_176' title='bbox 853 2242 999 2309; x_wconf 75' lang='grc' dir='ltr'>ἄξιός</span> <span class='ocrx_word' id='word_1_177' title='bbox 1025 2243 1138 2311; x_wconf 80' lang='grc' dir='ltr'>εἰμι</span> <span class='ocrx_word' id='word_1_178' title='bbox 1168 2239 1273 2293; x_wconf 83' lang='grc' dir='ltr'><strong><em>τῶν</em></strong></span> <span class='ocrx_word' id='word_1_179' title='bbox 1307 2240 1415 2294; x_wconf 90' lang='grc' dir='ltr'><strong><em>σῶν</em></strong></span> <span class='ocrx_word' id='word_1_180' title='bbox 1439 2240 1543 2305; x_wconf 78' lang='grc' dir='ltr'><strong><em>ἐξω</em></strong></span> <span class='ocrx_word' id='word_1_181' title='bbox 1570 2241 1651 2314; x_wconf 73' lang='grc' dir='ltr'>μὴ</span> <span class='ocrx_word' id='word_1_182' title='bbox 1673 2242 1769 2312; x_wconf 82' lang='grc' dir='ltr'><strong><em>μέ-</em></strong></span> 
     </span>
    </p>
   </div>
   <div class='ocr_carea' id='block_1_29' title="bbox 179 2332 1770 2407">
    <p class='ocr_par' dir='ltr' id='par_1_29' title="bbox 179 2332 1770 2407">
     <span class='ocr_line' id='line_1_29' title="bbox 179 2332 1770 2407; baseline -0.001 -17"><span class='ocrx_word' id='word_1_183' title='bbox 179 2353 282 2390; x_wconf 82' lang='grc' dir='ltr'>νειν</span> <span class='ocrx_word' id='word_1_184' title='bbox 310 2334 572 2389; x_wconf 80' lang='grc' dir='ltr'>ἐντολῶν.</span> <span class='ocrx_word' id='word_1_185' title='bbox 611 2334 683 2387; x_wconf 77' lang='grc' dir='ltr'><strong>Ἀ</strong></span> <span class='ocrx_word' id='word_1_186' title='bbox 729 2352 883 2406; x_wconf 81' lang='grc' dir='ltr'>φησι,</span> <span class='ocrx_word' id='word_1_187' title='bbox 937 2334 1011 2407; x_wconf 83' lang='grc' dir='ltr'>μὴ</span> <span class='ocrx_word' id='word_1_188' title='bbox 1069 2333 1393 2405; x_wconf 78' lang='grc' dir='ltr'>ἀπογνόημά</span> <span class='ocrx_word' id='word_1_189' title='bbox 1430 2352 1513 2397; x_wconf 88' lang='grc' dir='ltr'><strong><em>τις</em></strong></span> <span class='ocrx_word' id='word_1_190' title='bbox 1634 2335 1770 2406; x_wconf 79' lang='grc' dir='ltr'>πρὸς</span> 
     </span>
    </p>
   </div>
   <div class='ocr_carea' id='block_1_30' title="bbox 178 2426 1764 2501">
    <p class='ocr_par' dir='ltr' id='par_1_30' title="bbox 178 2426 1764 2501">
     <span class='ocr_line' id='line_1_30' title="bbox 178 2426 1764 2501; baseline -0.001 -17"><span class='ocrx_word' id='word_1_191' title='bbox 178 2430 309 2500; x_wconf 78' lang='grc' dir='ltr'>ὅπερ</span> <span class='ocrx_word' id='word_1_192' title='bbox 340 2430 607 2501; x_wconf 83' lang='grc' dir='ltr'>ἐροῦμεν,</span> <span class='ocrx_word' id='word_1_193' title='bbox 630 2428 894 2499; x_wconf 73' lang='grc' dir='ltr'>ἐπιθυμίᾳ</span> <span class='ocrx_word' id='word_1_194' title='bbox 918 2430 984 2500; x_wconf 84' lang='grc' dir='ltr'>τῇ</span> <span class='ocrx_word' id='word_1_195' title='bbox 1018 2428 1145 2498; x_wconf 74' lang='grc' dir='ltr'>περὶ</span> <span class='ocrx_word' id='word_1_196' title='bbox 1166 2428 1257 2481; x_wconf 83' lang='grc' dir='ltr'><strong><em>τὸν</em></strong></span> <span class='ocrx_word' id='word_1_197' title='bbox 1285 2428 1447 2498; x_wconf 85' lang='grc' dir='ltr'>νόμον</span> <span class='ocrx_word' id='word_1_198' title='bbox 1474 2426 1764 2499; x_wconf 79' lang='grc' dir='ltr'>χρώμενοι,</span> 
     </span>
    </p>
   </div>
   <div class='ocr_carea' id='block_1_31' title="bbox 178 2518 1769 2592">
    <p class='ocr_par' dir='ltr' id='par_1_31' title="bbox 178 2518 1769 2592">
     <span class='ocr_line' id='line_1_31' title="bbox 178 2518 1769 2592; baseline -0.002 -16"><span class='ocrx_word' id='word_1_199' title='bbox 178 2522 374 2576; x_wconf 75' lang='grc' dir='ltr'>δέδωκε</span> <span class='ocrx_word' id='word_1_200' title='bbox 420 2520 522 2592; x_wconf 78' lang='grc' dir='ltr'><strong><em>τὴν</em></strong></span> <span class='ocrx_word' id='word_1_201' title='bbox 553 2520 871 2573; x_wconf 75' lang='grc' dir='ltr'>ἁσυνεσίανσ</span> <span class='ocrx_word' id='word_1_202' title='bbox 925 2519 958 2589; x_wconf 79' lang='grc' dir='ltr'>ἢ</span> <span class='ocrx_word' id='word_1_203' title='bbox 1014 2519 1230 2583; x_wconf 83' lang='grc' dir='ltr'>πολλοῖς</span> <span class='ocrx_word' id='word_1_204' title='bbox 1269 2519 1370 2591; x_wconf 80' lang='grc' dir='ltr'><strong><em>τὴν</em></strong></span> <span class='ocrx_word' id='word_1_205' title='bbox 1423 2518 1655 2591; x_wconf 79' lang='grc' dir='ltr'>σπουδὴν</span> <span class='ocrx_word' id='word_1_206' title='bbox 1688 2521 1769 2584; x_wconf 85' lang='grc' dir='ltr'><strong><em>είς</em></strong></span> 
     </span>
    </p>
   </div>
   <div class='ocr_carea' id='block_1_32' title="bbox 176 2606 1766 2683">
    <p class='ocr_par' dir='ltr' id='par_1_32' title="bbox 176 2606 1766 2683">
     <span class='ocr_line' id='line_1_32' title="bbox 176 2606 1766 2683; baseline 0 -17"><span class='ocrx_word' id='word_1_207' title='bbox 176 2613 494 2668; x_wconf 82' lang='grc' dir='ltr'>τούναντίον</span> <span class='ocrx_word' id='word_1_208' title='bbox 523 2611 980 2681; x_wconf 56' lang='grc' dir='ltr'>περιίστησιγκαὶ</span> <span class='ocrx_word' id='word_1_209' title='bbox 1006 2612 1063 2663; x_wconf 83' lang='grc' dir='ltr'><strong><em>ἐν</em></strong></span> <span class='ocrx_word' id='word_1_210' title='bbox 1089 2606 1171 2675; x_wconf 76' lang='grc' dir='ltr'>οἷς</span> <span class='ocrx_word' id='word_1_211' title='bbox 1220 2610 1435 2664; x_wconf 86' lang='grc' dir='ltr'>δοκοῦσι</span> <span class='ocrx_word' id='word_1_212' title='bbox 1468 2612 1766 2683; x_wconf 83' lang='grc' dir='ltr'>κατορθοῦν</span> 
     </span>
    </p>
   </div>
   <div class='ocr_carea' id='block_1_33' title="bbox 176 2705 1769 2778">
    <p class='ocr_par' dir='ltr' id='par_1_33' title="bbox 176 2705 1769 2778">
     <span class='ocr_line' id='line_1_33' title="bbox 176 2705 1769 2778; baseline 0 -17"><span class='ocrx_word' id='word_1_213' title='bbox 176 2708 514 2778; x_wconf 62' lang='grc' dir='ltr'>ἐσφάλησαν,</span> <span class='ocrx_word' id='word_1_214' title='bbox 538 2706 682 2761; x_wconf 74' lang='grc' dir='ltr'>κατὰ</span> <span class='ocrx_word' id='word_1_215' title='bbox 705 2706 767 2759; x_wconf 72' lang='grc' dir='ltr'>τὸ</span> <span class='ocrx_word' id='word_1_216' title='bbox 786 2705 1074 2776; x_wconf 85' lang='grc' dir='ltr'>λεγόμενον</span> <span class='ocrx_word' id='word_1_217' title='bbox 1092 2706 1240 2778; x_wconf 80' lang='grc' dir='ltr'>παρὰ</span> <span class='ocrx_word' id='word_1_218' title='bbox 1262 2705 1769 2777; x_wconf 74' lang='grc' dir='ltr'>ΣολομῶνιοἜστιν</span> 
     </span>
    </p>
   </div>
   <div class='ocr_carea' id='block_1_34' title="bbox 177 2795 1766 2869">
    <p class='ocr_par' dir='ltr' id='par_1_34' title="bbox 177 2795 1766 2869">
     <span class='ocr_line' id='line_1_34' title="bbox 177 2795 1766 2869; baseline -0.002 -14"><span class='ocrx_word' id='word_1_219' title='bbox 177 2800 312 2867; x_wconf 73' lang='grc' dir='ltr'>ὁδὸς</span> <span class='ocrx_word' id='word_1_220' title='bbox 342 2800 383 2869; x_wconf 84' lang='grc' dir='ltr'><strong><em>ἣ</em></strong></span> <span class='ocrx_word' id='word_1_221' title='bbox 411 2798 588 2854; x_wconf 78' lang='grc' dir='ltr'>δοκεῖ</span> <span class='ocrx_word' id='word_1_222' title='bbox 607 2798 766 2867; x_wconf 83' lang='grc' dir='ltr'>παρὰ</span> <span class='ocrx_word' id='word_1_223' title='bbox 793 2797 1125 2865; x_wconf 71' lang='grc' dir='ltr'>ἀνθρώποις</span> <span class='ocrx_word' id='word_1_224' title='bbox 1162 2798 1305 2867; x_wconf 81' lang='grc' dir='ltr'>ὀρθὴ</span> <span class='ocrx_word' id='word_1_225' title='bbox 1351 2795 1522 2852; x_wconf 75' lang='grc' dir='ltr'>εἶναι’</span> <span class='ocrx_word' id='word_1_226' title='bbox 1565 2798 1637 2852; x_wconf 81' lang='grc' dir='ltr'>τὰ</span> <span class='ocrx_word' id='word_1_227' title='bbox 1697 2796 1766 2853; x_wconf 79' lang='grc' dir='ltr'>δὲ</span> 
     </span>
    </p>
   </div>
   <div class='ocr_carea' id='block_1_35' title="bbox 178 2888 1762 2959">
    <p class='ocr_par' dir='ltr' id='par_1_35' title="bbox 178 2888 1762 2959">
     <span class='ocr_line' id='line_1_35' title="bbox 178 2888 1762 2959; baseline -0.001 -14"><span class='ocrx_word' id='word_1_228' title='bbox 178 2892 493 2947; x_wconf 71' lang='grc' dir='ltr'>τελευταῖα</span> <span class='ocrx_word' id='word_1_229' title='bbox 513 2888 706 2959; x_wconf 81' lang='grc' dir='ltr'>αὐτῆς</span> <span class='ocrx_word' id='word_1_230' title='bbox 733 2889 967 2959; x_wconf 81' lang='grc' dir='ltr'>ἔρχεται</span> <span class='ocrx_word' id='word_1_231' title='bbox 998 2892 1084 2956; x_wconf 77' lang='grc' dir='ltr'>εἰς</span> <span class='ocrx_word' id='word_1_232' title='bbox 1128 2890 1398 2959; x_wconf 83' lang='grc' dir='ltr'>πυθμένα</span> <span class='ocrx_word' id='word_1_233' title='bbox 1430 2890 1597 2957; x_wconf 82' lang='grc' dir='ltr'>ᾅδου.</span> <span class='ocrx_word' id='word_1_234' title='bbox 1622 2890 1762 2943; x_wconf 82' lang='grc' dir='ltr'>Οὐκ-</span> 
     </span>
    </p>
   </div>
   <div class='ocr_carea' id='block_1_36' title="bbox 178 2978 1760 3053">
    <p class='ocr_par' dir='ltr' id='par_1_36' title="bbox 178 2978 1760 3053">
     <span class='ocr_line' id='line_1_36' title="bbox 178 2978 1760 3053; baseline -0.005 -12"><span class='ocrx_word' id='word_1_235' title='bbox 178 2983 267 3041; x_wconf 78' lang='grc' dir='ltr'><strong><em>οῦν</em></strong></span> <span class='ocrx_word' id='word_1_236' title='bbox 309 2987 464 3047; x_wconf 74' lang='grc' dir='ltr'>ὅστις</span> <span class='ocrx_word' id='word_1_237' title='bbox 518 2981 582 3047; x_wconf 80' lang='grc' dir='ltr'>ἐξ</span> <span class='ocrx_word' id='word_1_238' title='bbox 628 2982 887 3053; x_wconf 78' lang='grc' dir='ltr'>ἡμισείας</span> <span class='ocrx_word' id='word_1_239' title='bbox 950 2981 1180 3053; x_wconf 79' lang='grc' dir='ltr'>καρδίας</span> <span class='ocrx_word' id='word_1_240' title='bbox 1210 2981 1301 3036; x_wconf 80' lang='grc' dir='ltr'><strong><em>τὸν</em></strong></span> <span class='ocrx_word' id='word_1_241' title='bbox 1334 2980 1465 3035; x_wconf 83' lang='grc' dir='ltr'>Θεὸν</span> <span class='ocrx_word' id='word_1_242' title='bbox 1495 2978 1760 3052; x_wconf 75' lang='grc' dir='ltr'>ἐπιζητεῖ,</span> 
     </span>
    </p>
   </div>
   <div class='ocr_carea' id='block_1_37' title="bbox 1885 785 3288 860">
    <p class='ocr_par' dir='ltr' id='par_1_37' title="bbox 1885 785 3288 860">
     <span class='ocr_line' id='line_1_37' title="bbox 1885 785 3288 860; baseline 0.004 -20"><span class='ocrx_word' id='word_1_243' title='bbox 1885 795 2184 856; x_wconf 79' lang='lat' dir='ltr'><strong><em>comparat.</em></strong></span> <span class='ocrx_word' id='word_1_244' title='bbox 2214 785 2371 853; x_wconf 88' lang='lat' dir='ltr'><strong><em>Illud,</em></strong></span> <span class='ocrx_word' id='word_1_245' title='bbox 2403 789 2627 855; x_wconf 85' lang='lat' dir='ltr'><strong><em>utinam,</em></strong></span> <span class='ocrx_word' id='word_1_246' title='bbox 2658 789 2895 859; x_wconf 88' lang='lat' dir='ltr'><strong><em>positum</em></strong></span> <span class='ocrx_word' id='word_1_247' title='bbox 2930 797 3016 843; x_wconf 85' lang='lat' dir='ltr'><strong><em>est</em></strong></span> <span class='ocrx_word' id='word_1_248' title='bbox 3048 804 3146 860; x_wconf 78' lang='lat' dir='ltr'><strong><em>pro</em></strong></span> <span class='ocrx_word' id='word_1_249' title='bbox 3175 789 3288 847; x_wconf 80' lang='lat' dir='ltr'><strong><em>ﬁat.</em></strong></span> 
     </span>
    </p>
   </div>
   <div class='ocr_carea' id='block_1_38' title="bbox 1962 980 3459 1041">
    <p class='ocr_par' dir='ltr' id='par_1_38' title="bbox 1962 980 3459 1041">
     <span class='ocr_line' id='line_1_38' title="bbox 1962 980 3459 1041; baseline 0.005 -7"><span class='ocrx_word' id='word_1_250' title='bbox 1962 980 2011 1036; x_wconf 88' lang='grc'>7.</span> <span class='ocrx_word' id='word_1_251' title='bbox 2049 981 2348 1037; x_wconf 74' lang='lat' dir='ltr'><strong><em>Confitebor</em></strong></span> <span class='ocrx_word' id='word_1_252' title='bbox 2392 983 2487 1039; x_wconf 88' lang='lat' dir='ltr'><strong><em>tibi</em></strong></span> <span class='ocrx_word' id='word_1_253' title='bbox 2519 986 2574 1039; x_wconf 89' lang='lat' dir='ltr'><strong><em>in</em></strong></span> <span class='ocrx_word' id='word_1_254' title='bbox 2606 984 2889 1040; x_wconf 73' lang='lat' dir='ltr'><strong><em>directione</em></strong></span> <span class='ocrx_word' id='word_1_255' title='bbox 2929 986 3122 1039; x_wconf 78' lang='lat' dir='ltr'><strong><em>cordis.</em></strong></span> <span class='ocrx_word' id='word_1_256' title='bbox 3166 984 3298 1041; x_wconf 79' lang='lat' dir='ltr'><strong><em>Post</em></strong></span> <span class='ocrx_word' id='word_1_257' title='bbox 3339 1002 3459 1041; x_wconf 87' lang='lat' dir='ltr'><strong><em>ora-</em></strong></span> 
     </span>
    </p>
   </div>
   <div class='ocr_carea' id='block_1_39' title="bbox 1882 1070 3456 1143">
    <p class='ocr_par' dir='ltr' id='par_1_39' title="bbox 1882 1070 3456 1143">
     <span class='ocr_line' id='line_1_39' title="bbox 1882 1070 3456 1143; baseline 0.005 -19"><span class='ocrx_word' id='word_1_258' title='bbox 1882 1070 2081 1125; x_wconf 81' lang='lat' dir='ltr'><strong><em>tionem</em></strong></span> <span class='ocrx_word' id='word_1_259' title='bbox 2106 1073 2340 1142; x_wconf 77' lang='lat' dir='ltr'><strong><em>explicat</em></strong></span> <span class='ocrx_word' id='word_1_260' title='bbox 2362 1090 2469 1143; x_wconf 88' lang='lat' dir='ltr'><strong><em>qua</em></strong></span> <span class='ocrx_word' id='word_1_261' title='bbox 2496 1075 2566 1129; x_wconf 77' lang='lat' dir='ltr'><strong><em>sit</em></strong></span> <span class='ocrx_word' id='word_1_262' title='bbox 2589 1074 2941 1130; x_wconf 80' lang='lat' dir='ltr'><strong><em>inclinatione</em></strong></span> <span class='ocrx_word' id='word_1_263' title='bbox 2963 1076 3281 1131; x_wconf 78' lang='lat' dir='ltr'><strong><em>voluntatis.</em></strong></span> <span class='ocrx_word' id='word_1_264' title='bbox 3300 1075 3456 1131; x_wconf 86' lang='lat' dir='ltr'><strong><em>Prin-</em></strong></span> 
     </span>
    </p>
   </div>
   <div class='ocr_carea' id='block_1_40' title="bbox 1880 1159 2953 1230">
    <p class='ocr_par' dir='ltr' id='par_1_40' title="bbox 1880 1159 2953 1230">
     <span class='ocr_line' id='line_1_40' title="bbox 1880 1159 2953 1230; baseline 0.006 -16"><span class='ocrx_word' id='word_1_265' title='bbox 1880 1159 2083 1230; x_wconf 90' lang='lat' dir='ltr'><strong><em>cipium</em></strong></span> <span class='ocrx_word' id='word_1_266' title='bbox 2114 1173 2289 1216; x_wconf 89' lang='lat' dir='ltr'><strong><em>autem</em></strong></span> <span class='ocrx_word' id='word_1_267' title='bbox 2320 1165 2533 1224; x_wconf 88' lang='lat' dir='ltr'><strong><em>salutis.</em></strong></span> <span class='ocrx_word' id='word_1_268' title='bbox 2554 1172 2637 1218; x_wconf 85' lang='lat' dir='ltr'><strong><em>est</em></strong></span> <span class='ocrx_word' id='word_1_269' title='bbox 2659 1164 2953 1220; x_wconf 79' lang='lat' dir='ltr'><strong><em>confessio.</em></strong></span> 
     </span>
    </p>
   </div>
   <div class='ocr_carea' id='block_1_41' title="bbox 1960 1252 3452 1326">
    <p class='ocr_par' dir='ltr' id='par_1_41' title="bbox 1960 1252 3452 1326">
     <span class='ocr_line' id='line_1_41' title="bbox 1960 1252 3452 1326; baseline 0.007 -19"><span class='ocrx_word' id='word_1_270' title='bbox 1960 1252 2014 1307; x_wconf 92' lang='lat'><strong><em>8.</em></strong></span> <span class='ocrx_word' id='word_1_271' title='bbox 2046 1252 2168 1306; x_wconf 89' lang='lat' dir='ltr'><strong><em>Non</em></strong></span> <span class='ocrx_word' id='word_1_272' title='bbox 2196 1270 2274 1307; x_wconf 87' lang='lat' dir='ltr'><strong><em>me</em></strong></span> <span class='ocrx_word' id='word_1_273' title='bbox 2301 1256 2631 1326; x_wconf 78' lang='lat' dir='ltr'><strong><em>derelinquas</em></strong></span> <span class='ocrx_word' id='word_1_274' title='bbox 2658 1273 3040 1326; x_wconf 80' lang='lat' dir='ltr'><strong><em>usquequaque.</em></strong></span> <span class='ocrx_word' id='word_1_275' title='bbox 3080 1256 3318 1315; x_wconf 81' lang='lat' dir='ltr'><strong><em>Rursum</em></strong></span> <span class='ocrx_word' id='word_1_276' title='bbox 3359 1276 3452 1316; x_wconf 90' lang='lat' dir='ltr'><strong><em>su-</em></strong></span> 
     </span>
    </p>
   </div>
   <div class='ocr_carea' id='block_1_42' title="bbox 1877 1342 3023 1416">
    <p class='ocr_par' dir='ltr' id='par_1_42' title="bbox 1877 1342 3023 1416">
     <span class='ocr_line' id='line_1_42' title="bbox 1877 1342 3023 1416; baseline 0.003 -20"><span class='ocrx_word' id='word_1_277' title='bbox 1877 1342 2061 1410; x_wconf 88' lang='lat' dir='ltr'><strong><em>perius</em></strong></span> <span class='ocrx_word' id='word_1_278' title='bbox 2085 1354 2441 1399; x_wconf 86' lang='lat' dir='ltr'><strong><em>memoratum</em></strong></span> <span class='ocrx_word' id='word_1_279' title='bbox 2472 1347 2711 1416; x_wconf 80' lang='lat' dir='ltr'><strong><em>postulat</em></strong></span> <span class='ocrx_word' id='word_1_280' title='bbox 2742 1348 3023 1402; x_wconf 76' lang='lat' dir='ltr'><strong><em>auxilium.</em></strong></span> 
     </span>
    </p>
   </div>
   <div class='ocr_carea' id='block_1_43' title="bbox 1945 1430 3446 1510">
    <p class='ocr_par' dir='ltr' id='par_1_43' title="bbox 1945 1430 3446 1510">
     <span class='ocr_line' id='line_1_43' title="bbox 1945 1430 3446 1510; baseline 0.009 -25"><span class='ocrx_word' id='word_1_281' title='bbox 1945 1431 1998 1486; x_wconf 93' lang='lat'><strong><em>9.</em></strong></span> <span class='ocrx_word' id='word_1_282' title='bbox 2028 1430 2095 1485; x_wconf 83' lang='lat' dir='ltr'><strong><em>In</em></strong></span> <span class='ocrx_word' id='word_1_283' title='bbox 2123 1449 2224 1503; x_wconf 87' lang='lat' dir='ltr'><strong><em>quo</em></strong></span> <span class='ocrx_word' id='word_1_284' title='bbox 2248 1437 2463 1505; x_wconf 77' lang='lat' dir='ltr'><strong><em>corrigit</em></strong></span> <span class='ocrx_word' id='word_1_285' title='bbox 2494 1436 2873 1491; x_wconf 70' lang='lat' dir='ltr'><strong><em>adolescentior</em></strong></span> <span class='ocrx_word' id='word_1_286' title='bbox 2889 1442 3023 1493; x_wconf 84' lang='lat' dir='ltr'><strong><em>viam</em></strong></span> <span class='ocrx_word' id='word_1_287' title='bbox 3049 1456 3221 1496; x_wconf 76' lang='lat' dir='ltr'><strong><em>suam.</em></strong></span> <span class='ocrx_word' id='word_1_288' title='bbox 3242 1440 3446 1510; x_wconf 80' lang='lat' dir='ltr'><strong><em>Multis,</em></strong></span> 
     </span>
    </p>
   </div>
   <div class='ocr_carea' id='block_1_44' title="bbox 1877 1523 3445 1603">
    <p class='ocr_par' dir='ltr' id='par_1_44' title="bbox 1877 1523 3445 1603">
     <span class='ocr_line' id='line_1_44' title="bbox 1877 1523 3445 1603; baseline 0.008 -26"><span class='ocrx_word' id='word_1_289' title='bbox 1877 1523 2088 1595; x_wconf 86' lang='lat' dir='ltr'><strong><em>inquit,</em></strong></span> <span class='ocrx_word' id='word_1_290' title='bbox 2123 1524 2464 1583; x_wconf 82' lang='lat' dir='ltr'><strong><em>oll‘endiculis</em></strong></span> <span class='ocrx_word' id='word_1_291' title='bbox 2511 1528 2669 1598; x_wconf 83' lang='lat' dir='ltr'><strong><em>plena</em></strong></span> <span class='ocrx_word' id='word_1_292' title='bbox 2709 1536 2793 1584; x_wconf 89' lang='lat' dir='ltr'><strong><em>est</em></strong></span> <span class='ocrx_word' id='word_1_293' title='bbox 2826 1530 3107 1600; x_wconf 83' lang='lat' dir='ltr'><strong><em>juventus.</em></strong></span> <span class='ocrx_word' id='word_1_294' title='bbox 3137 1532 3256 1599; x_wconf 85' lang='lat' dir='ltr'><strong><em>Quo</em></strong></span> <span class='ocrx_word' id='word_1_295' title='bbox 3286 1544 3445 1603; x_wconf 84' lang='lat' dir='ltr'><strong><em>pacto</em></strong></span> 
     </span>
    </p>
   </div>
   <div class='ocr_carea' id='block_1_45' title="bbox 1875 1616 3448 1689">
    <p class='ocr_par' dir='ltr' id='par_1_45' title="bbox 1875 1616 3448 1689">
     <span class='ocr_line' id='line_1_45' title="bbox 1875 1616 3448 1689; baseline 0.006 -19"><span class='ocrx_word' id='word_1_296' title='bbox 1875 1616 2039 1685; x_wconf 82' lang='lat' dir='ltr'><strong><em>igitur</em></strong></span> <span class='ocrx_word' id='word_1_297' title='bbox 2072 1618 2162 1671; x_wconf 89' lang='lat' dir='ltr'><strong><em>illa</em></strong></span> <span class='ocrx_word' id='word_1_298' title='bbox 2196 1619 2319 1688; x_wconf 88' lang='lat' dir='ltr'><strong><em>quis</em></strong></span> <span class='ocrx_word' id='word_1_299' title='bbox 2351 1620 2706 1689; x_wconf 83' lang='lat' dir='ltr'><strong><em>superaverit,</em></strong></span> <span class='ocrx_word' id='word_1_300' title='bbox 2744 1622 2849 1676; x_wconf 87' lang='lat' dir='ltr'><strong><em>nisi</em></strong></span> <span class='ocrx_word' id='word_1_301' title='bbox 2891 1623 3267 1677; x_wconf 84' lang='lat' dir='ltr'><strong><em>conservando</em></strong></span> <span class='ocrx_word' id='word_1_302' title='bbox 3305 1639 3448 1679; x_wconf 88' lang='lat' dir='ltr'><strong><em>sem-</em></strong></span> 
     </span>
    </p>
   </div>
   <div class='ocr_carea' id='block_1_46' title="bbox 1874 1708 3446 1783">
    <p class='ocr_par' dir='ltr' id='par_1_46' title="bbox 1874 1708 3446 1783">
     <span class='ocr_line' id='line_1_46' title="bbox 1874 1708 3446 1783; baseline 0.006 -23"><span class='ocrx_word' id='word_1_303' title='bbox 1874 1721 1970 1775; x_wconf 87' lang='lat' dir='ltr'><strong><em>per</em></strong></span> <span class='ocrx_word' id='word_1_304' title='bbox 2002 1709 2322 1762; x_wconf 88' lang='lat' dir='ltr'><strong><em>memoriam</em></strong></span> <span class='ocrx_word' id='word_1_305' title='bbox 2350 1709 2636 1764; x_wconf 83' lang='lat' dir='ltr'><strong><em>verborum</em></strong></span> <span class='ocrx_word' id='word_1_306' title='bbox 2665 1708 2942 1766; x_wconf 84' lang='lat' dir='ltr'><strong><em>Dei?Nam</em></strong></span> <span class='ocrx_word' id='word_1_307' title='bbox 2965 1713 3223 1783; x_wconf 75' lang='lat' dir='ltr'><strong><em>cogitatio</em></strong></span> <span class='ocrx_word' id='word_1_308' title='bbox 3246 1714 3446 1769; x_wconf 65' lang='lat' dir='ltr'><strong><em>divinae</em></strong></span> 
     </span>
    </p>
   </div>
   <div class='ocr_carea' id='block_1_47' title="bbox 1874 1798 2929 1872">
    <p class='ocr_par' dir='ltr' id='par_1_47' title="bbox 1874 1798 2929 1872">
     <span class='ocr_line' id='line_1_47' title="bbox 1874 1798 2929 1872; baseline 0.006 -21"><span class='ocrx_word' id='word_1_309' title='bbox 1874 1798 2035 1871; x_wconf 67' lang='lat' dir='ltr'><strong><em>legis,</em></strong></span> <span class='ocrx_word' id='word_1_310' title='bbox 2074 1815 2185 1854; x_wconf 91' lang='lat' dir='ltr'><strong><em>una</em></strong></span> <span class='ocrx_word' id='word_1_311' title='bbox 2217 1799 2447 1856; x_wconf 88' lang='lat' dir='ltr'><strong><em>mundat</em></strong></span> <span class='ocrx_word' id='word_1_312' title='bbox 2476 1810 2641 1872; x_wconf 88' lang='lat' dir='ltr'><strong><em>atque</em></strong></span> <span class='ocrx_word' id='word_1_313' title='bbox 2669 1804 2929 1858; x_wconf 87' lang='lat' dir='ltr'><strong><em>custodit.</em></strong></span> 
     </span>
    </p>
   </div>
   <div class='ocr_carea' id='block_1_48' title="bbox 1868 1973 3444 2045">
    <p class='ocr_par' dir='ltr' id='par_1_48' title="bbox 1868 1973 3444 2045">
     <span class='ocr_line' id='line_1_48' title="bbox 1868 1973 3444 2045; baseline 0.01 -22"><span class='ocrx_word' id='word_1_314' title='bbox 1868 2014 1876 2023; x_wconf 92' lang='lat'><strong><em>.</em></strong></span> <span class='ocrx_word' id='word_1_315' title='bbox 1953 1974 2041 2031; x_wconf 75' lang='lat' dir='ltr'><strong><em>i0.</em></strong></span> <span class='ocrx_word' id='word_1_316' title='bbox 2069 1973 2136 2029; x_wconf 86' lang='lat' dir='ltr'><strong><em>In</em></strong></span> <span class='ocrx_word' id='word_1_317' title='bbox 2165 1985 2271 2029; x_wconf 91' lang='lat' dir='ltr'><strong><em>toto</em></strong></span> <span class='ocrx_word' id='word_1_318' title='bbox 2298 1976 2455 2030; x_wconf 81' lang='lat' dir='ltr'><strong><em>corde</em></strong></span> <span class='ocrx_word' id='word_1_319' title='bbox 2491 1992 2603 2031; x_wconf 89' lang='lat' dir='ltr'><strong><em>meo</em></strong></span> <span class='ocrx_word' id='word_1_320' title='bbox 2650 1979 2909 2045; x_wconf 76' lang='lat' dir='ltr'><strong><em>exquisivi</em></strong></span> <span class='ocrx_word' id='word_1_321' title='bbox 2940 1988 3007 2033; x_wconf 90' lang='lat' dir='ltr'><strong><em>te.</em></strong></span> <span class='ocrx_word' id='word_1_322' title='bbox 3038 1977 3095 2034; x_wconf 89' lang='lat' dir='ltr'><strong><em>Si</em></strong></span> <span class='ocrx_word' id='word_1_323' title='bbox 3124 1979 3219 2035; x_wconf 86' lang='lat' dir='ltr'><strong><em>Dei</em></strong></span> <span class='ocrx_word' id='word_1_324' title='bbox 3242 1996 3444 2038; x_wconf 83' lang='lat' dir='ltr'><strong><em>memo-</em></strong></span> 
     </span>
    </p>
   </div>
   <div class='ocr_carea' id='block_1_49' title="bbox 1870 2065 3437 2143">
    <p class='ocr_par' dir='ltr' id='par_1_49' title="bbox 1870 2065 3437 2143">
     <span class='ocr_line' id='line_1_49' title="bbox 1870 2065 3437 2143; baseline 0.004 -21"><span class='ocrx_word' id='word_1_325' title='bbox 1870 2067 1972 2135; x_wconf 88' lang='lat' dir='ltr'><strong><em>ria,</em></strong></span> <span class='ocrx_word' id='word_1_326' title='bbox 2008 2065 2204 2139; x_wconf 80' lang='lat' dir='ltr'><strong><em>inquit,</em></strong></span> <span class='ocrx_word' id='word_1_327' title='bbox 2232 2068 2299 2123; x_wconf 90' lang='lat' dir='ltr'><strong><em>ad</em></strong></span> <span class='ocrx_word' id='word_1_328' title='bbox 2349 2067 2635 2124; x_wconf 86' lang='lat' dir='ltr'><strong><em>Satanicos</em></strong></span> <span class='ocrx_word' id='word_1_329' title='bbox 2688 2070 2914 2141; x_wconf 84' lang='lat' dir='ltr'><strong><em>laqueos</em></strong></span> <span class='ocrx_word' id='word_1_330' title='bbox 2960 2070 3211 2128; x_wconf 86' lang='lat' dir='ltr'><strong><em>vitandos</em></strong></span> <span class='ocrx_word' id='word_1_331' title='bbox 3249 2073 3437 2143; x_wconf 86' lang='lat' dir='ltr'><strong><em>juvat;</em></strong></span> 
     </span>
    </p>
   </div>
   <div class='ocr_carea' id='block_1_50' title="bbox 1869 2159 3439 2233">
    <p class='ocr_par' dir='ltr' id='par_1_50' title="bbox 1869 2159 3439 2233">
     <span class='ocr_line' id='line_1_50' title="bbox 1869 2159 3439 2233; baseline 0.005 -21"><span class='ocrx_word' id='word_1_332' title='bbox 1869 2173 1970 2229; x_wconf 91' lang='lat' dir='ltr'><strong><em>ego</em></strong></span> <span class='ocrx_word' id='word_1_333' title='bbox 2001 2174 2131 2214; x_wconf 89' lang='lat' dir='ltr'><strong><em>vero</em></strong></span> <span class='ocrx_word' id='word_1_334' title='bbox 2161 2167 2327 2213; x_wconf 87' lang='lat' dir='ltr'><strong><em>totam</em></strong></span> <span class='ocrx_word' id='word_1_335' title='bbox 2354 2159 2736 2229; x_wconf 79' lang='lat' dir='ltr'><strong><em>cogitationem</em></strong></span> <span class='ocrx_word' id='word_1_336' title='bbox 2764 2176 2941 2216; x_wconf 86' lang='lat' dir='ltr'><strong><em>meam</em></strong></span> <span class='ocrx_word' id='word_1_337' title='bbox 2970 2161 3066 2215; x_wconf 87' lang='lat' dir='ltr'><strong><em>tibi</em></strong></span> <span class='ocrx_word' id='word_1_338' title='bbox 3097 2162 3205 2217; x_wconf 88' lang='lat' dir='ltr'><strong><em>Deo</em></strong></span> <span class='ocrx_word' id='word_1_339' title='bbox 3228 2165 3439 2233; x_wconf 83' lang='lat' dir='ltr'><strong><em>obtuli;</em></strong></span> 
     </span>
    </p>
   </div>
   <div class='ocr_carea' id='block_1_51' title="bbox 1867 2250 3435 2330">
    <p class='ocr_par' dir='ltr' id='par_1_51' title="bbox 1867 2250 3435 2330">
     <span class='ocr_line' id='line_1_51' title="bbox 1867 2250 3435 2330; baseline 0.004 -25"><span class='ocrx_word' id='word_1_340' title='bbox 1867 2251 2060 2321; x_wconf 87' lang='lat' dir='ltr'><strong><em>dignus</em></strong></span> <span class='ocrx_word' id='word_1_341' title='bbox 2085 2265 2203 2304; x_wconf 91' lang='lat' dir='ltr'><strong><em>sum</em></strong></span> <span class='ocrx_word' id='word_1_342' title='bbox 2219 2250 2310 2321; x_wconf 93' lang='lat' dir='ltr'><strong><em>qui</em></strong></span> <span class='ocrx_word' id='word_1_343' title='bbox 2327 2265 2432 2305; x_wconf 90' lang='lat' dir='ltr'><strong><em>non</em></strong></span> <span class='ocrx_word' id='word_1_344' title='bbox 2452 2266 2697 2305; x_wconf 90' lang='lat' dir='ltr'><strong><em>maneam</em></strong></span> <span class='ocrx_word' id='word_1_345' title='bbox 2724 2261 2875 2306; x_wconf 85' lang='lat' dir='ltr'><strong><em>extra</em></strong></span> <span class='ocrx_word' id='word_1_346' title='bbox 2897 2253 3146 2307; x_wconf 89' lang='lat' dir='ltr'><strong><em>mandata</em></strong></span> <span class='ocrx_word' id='word_1_347' title='bbox 3178 2262 3268 2308; x_wconf 88' lang='lat' dir='ltr'><strong><em>tua</em></strong></span> <span class='ocrx_word' id='word_1_348' title='bbox 3302 2254 3435 2330; x_wconf 60' lang='grc'><strong><em>(44).</em></strong></span> 
     </span>
    </p>
   </div>
   <div class='ocr_carea' id='block_1_52' title="bbox 1868 2340 3438 2416">
    <p class='ocr_par' dir='ltr' id='par_1_52' title="bbox 1868 2340 3438 2416">
     <span class='ocr_line' id='line_1_52' title="bbox 1868 2340 3438 2416; baseline 0.005 -21"><span class='ocrx_word' id='word_1_349' title='bbox 1868 2340 1999 2409; x_wconf 74' lang='lat' dir='ltr'><strong><em>Qum</em></strong></span> <span class='ocrx_word' id='word_1_350' title='bbox 2027 2342 2122 2408; x_wconf 81' lang='lat' dir='ltr'><strong><em>ait,</em></strong></span> <span class='ocrx_word' id='word_1_351' title='bbox 2171 2357 2240 2397; x_wconf 90' lang='lat' dir='ltr'><strong><em>ne</em></strong></span> <span class='ocrx_word' id='word_1_352' title='bbox 2286 2342 2340 2396; x_wconf 93' lang='lat' dir='ltr'><strong><em>in</em></strong></span> <span class='ocrx_word' id='word_1_353' title='bbox 2377 2341 2807 2411; x_wconf 82' lang='lat' dir='ltr'><strong><em>desperationem</em></strong></span> <span class='ocrx_word' id='word_1_354' title='bbox 2847 2343 3153 2399; x_wconf 84' lang='lat' dir='ltr'><strong><em>incidamus</em></strong></span> <span class='ocrx_word' id='word_1_355' title='bbox 3198 2361 3299 2402; x_wconf 90' lang='lat' dir='ltr'><strong><em>nos</em></strong></span> <span class='ocrx_word' id='word_1_356' title='bbox 3343 2348 3438 2416; x_wconf 69' lang='lat' dir='ltr'><strong><em>qui</em></strong></span> 
     </span>
    </p>
   </div>
   <div class='ocr_carea' id='block_1_53' title="bbox 1867 2434 3437 2507">
    <p class='ocr_par' dir='ltr' id='par_1_53' title="bbox 1867 2434 3437 2507">
     <span class='ocr_line' id='line_1_53' title="bbox 1867 2434 3437 2507; baseline 0.003 -17"><span class='ocrx_word' id='word_1_357' title='bbox 1867 2450 1991 2505; x_wconf 84' lang='lat' dir='ltr'><strong><em>erga</em></strong></span> <span class='ocrx_word' id='word_1_358' title='bbox 2051 2436 2222 2505; x_wconf 82' lang='lat' dir='ltr'><strong><em>legem</em></strong></span> <span class='ocrx_word' id='word_1_359' title='bbox 2276 2434 2553 2490; x_wconf 87' lang='lat' dir='ltr'><strong><em>desiderio</em></strong></span> <span class='ocrx_word' id='word_1_360' title='bbox 2588 2443 2852 2488; x_wconf 85' lang='lat' dir='ltr'><strong><em>tenemur.</em></strong></span> <span class='ocrx_word' id='word_1_361' title='bbox 2907 2435 3042 2490; x_wconf 83' lang='lat' dir='ltr'><strong><em>Sunt</em></strong></span> <span class='ocrx_word' id='word_1_362' title='bbox 3092 2437 3239 2490; x_wconf 87' lang='lat' dir='ltr'><strong><em>enim</em></strong></span> <span class='ocrx_word' id='word_1_363' title='bbox 3297 2453 3437 2507; x_wconf 86' lang='lat' dir='ltr'><strong><em>quos</em></strong></span> 
     </span>
    </p>
   </div>
   <div class='ocr_carea' id='block_1_54' title="bbox 1867 2525 3436 2597">
    <p class='ocr_par' dir='ltr' id='par_1_54' title="bbox 1867 2525 3436 2597">
     <span class='ocr_line' id='line_1_54' title="bbox 1867 2525 3436 2597; baseline 0.005 -19"><span class='ocrx_word' id='word_1_364' title='bbox 1867 2525 2011 2581; x_wconf 84' lang='lat' dir='ltr'><strong><em>Deus</em></strong></span> <span class='ocrx_word' id='word_1_365' title='bbox 2039 2526 2316 2597; x_wconf 80' lang='lat' dir='ltr'><strong><em>permittat</em></strong></span> <span class='ocrx_word' id='word_1_366' title='bbox 2350 2526 2406 2581; x_wconf 91' lang='lat' dir='ltr'><strong><em>in</em></strong></span> <span class='ocrx_word' id='word_1_367' title='bbox 2452 2527 2875 2595; x_wconf 82' lang='lat' dir='ltr'><strong><em>imprudentiam</em></strong></span> <span class='ocrx_word' id='word_1_368' title='bbox 2924 2527 3029 2582; x_wconf 90' lang='lat' dir='ltr'><strong><em>labi</em></strong></span> <span class='ocrx_word' id='word_1_369' title='bbox 3061 2546 3075 2595; x_wconf 91' lang='lat'><strong><em>;</em></strong></span> <span class='ocrx_word' id='word_1_370' title='bbox 3113 2530 3229 2584; x_wconf 80' lang='lat' dir='ltr'><strong><em>sive</em></strong></span> <span class='ocrx_word' id='word_1_371' title='bbox 3270 2532 3436 2587; x_wconf 89' lang='lat' dir='ltr'><strong><em>etiam</em></strong></span> 
     </span>
    </p>
   </div>
   <div class='ocr_carea' id='block_1_55' title="bbox 1866 2618 3436 2686">
    <p class='ocr_par' dir='ltr' id='par_1_55' title="bbox 1866 2618 3436 2686">
     <span class='ocr_line' id='line_1_55' title="bbox 1866 2618 3436 2686; baseline 0.004 -14"><span class='ocrx_word' id='word_1_372' title='bbox 1866 2618 2053 2674; x_wconf 90' lang='lat' dir='ltr'><strong><em>multis</em></strong></span> <span class='ocrx_word' id='word_1_373' title='bbox 2088 2619 2327 2674; x_wconf 88' lang='lat' dir='ltr'><strong><em>studium</em></strong></span> <span class='ocrx_word' id='word_1_374' title='bbox 2364 2618 2418 2672; x_wconf 93' lang='lat' dir='ltr'><strong><em>in</em></strong></span> <span class='ocrx_word' id='word_1_375' title='bbox 2461 2618 2794 2673; x_wconf 89' lang='lat' dir='ltr'><strong><em>contrarium</em></strong></span> <span class='ocrx_word' id='word_1_376' title='bbox 2837 2621 3138 2686; x_wconf 83' lang='lat' dir='ltr'><strong><em>convertit;</em></strong></span> <span class='ocrx_word' id='word_1_377' title='bbox 3171 2622 3245 2675; x_wconf 90' lang='lat' dir='ltr'><strong><em>ita</em></strong></span> <span class='ocrx_word' id='word_1_378' title='bbox 3291 2629 3347 2677; x_wconf 89' lang='lat' dir='ltr'><strong><em>ut</em></strong></span> <span class='ocrx_word' id='word_1_379' title='bbox 3378 2624 3436 2678; x_wconf 88' lang='lat' dir='ltr'><strong><em>in</em></strong></span> 
     </span>
    </p>
   </div>
   <div class='ocr_carea' id='block_1_56' title="bbox 1864 2696 3435 2783">
    <p class='ocr_par' dir='ltr' id='par_1_56' title="bbox 1864 2696 3435 2783">
     <span class='ocr_line' id='line_1_56' title="bbox 1864 2696 3435 2783; baseline 0.004 -19"><span class='ocrx_word' id='word_1_380' title='bbox 1864 2709 2064 2779; x_wconf 83' lang='lat' dir='ltr'><strong><em>quibus</em></strong></span> <span class='ocrx_word' id='word_1_381' title='bbox 2115 2725 2174 2765; x_wconf 91' lang='lat' dir='ltr'><strong><em>se</em></strong></span> <span class='ocrx_word' id='word_1_382' title='bbox 2201 2716 2347 2765; x_wconf 84' lang='lat' dir='ltr'><strong><em>recte</em></strong></span> <span class='ocrx_word' id='word_1_383' title='bbox 2392 2724 2551 2780; x_wconf 87' lang='lat' dir='ltr'><strong><em>agere</em></strong></span> <span class='ocrx_word' id='word_1_384' title='bbox 2585 2718 2778 2780; x_wconf 87' lang='lat' dir='ltr'><strong><em>putant</em></strong></span> <span class='ocrx_word' id='word_1_385' title='bbox 2815 2696 3242 2779; x_wconf 12' lang='lat' dir='ltr'><strong><em>hall’ucinentur,</em></strong></span> <span class='ocrx_word' id='word_1_386' title='bbox 3279 2713 3435 2783; x_wconf 79' lang='lat' dir='ltr'><strong><em>juxta</em></strong></span> 
     </span>
    </p>
   </div>
   <div class='ocr_carea' id='block_1_57' title="bbox 1864 2798 3433 2873">
    <p class='ocr_par' dir='ltr' id='par_1_57' title="bbox 1864 2798 3433 2873">
     <span class='ocr_line' id='line_1_57' title="bbox 1864 2798 3433 2873; baseline 0.002 -19"><span class='ocrx_word' id='word_1_387' title='bbox 1864 2800 2036 2854; x_wconf 87' lang='lat' dir='ltr'><strong><em>illuda</em></strong></span> <span class='ocrx_word' id='word_1_388' title='bbox 2056 2800 2349 2856; x_wconf 85' lang='lat' dir='ltr'><strong><em>Salomone</em></strong></span> <span class='ocrx_word' id='word_1_389' title='bbox 2371 2799 2573 2855; x_wconf 89' lang='lat' dir='ltr'><strong><em>dictum</em></strong></span> <span class='ocrx_word' id='word_1_390' title='bbox 2595 2799 2640 2831; x_wconf 75' lang='lat'><em>“</em></span> <span class='ocrx_word' id='word_1_391' title='bbox 2665 2817 2677 2854; x_wconf 87' lang='lat'><strong>:</strong></span> <span class='ocrx_word' id='word_1_392' title='bbox 2707 2798 2800 2854; x_wconf 87' lang='lat' dir='ltr'><strong><em>Est</em></strong></span> <span class='ocrx_word' id='word_1_393' title='bbox 2820 2801 2903 2854; x_wconf 83' lang='lat' dir='ltr'><strong><em>via</em></strong></span> <span class='ocrx_word' id='word_1_394' title='bbox 2931 2817 3047 2872; x_wconf 69' lang='lat' dir='ltr'><strong><em>qua:</em></strong></span> <span class='ocrx_word' id='word_1_395' title='bbox 3076 2801 3280 2855; x_wconf 82' lang='lat' dir='ltr'><strong><em>videtur</em></strong></span> <span class='ocrx_word' id='word_1_396' title='bbox 3294 2803 3433 2873; x_wconf 84' lang='lat' dir='ltr'><strong><em>apud</em></strong></span> 
     </span>
    </p>
   </div>
   <div class='ocr_carea' id='block_1_58' title="bbox 1864 2891 3434 2963">
    <p class='ocr_par' dir='ltr' id='par_1_58' title="bbox 1864 2891 3434 2963">
     <span class='ocr_line' id='line_1_58' title="bbox 1864 2891 3434 2963; baseline 0.003 -20"><span class='ocrx_word' id='word_1_397' title='bbox 1864 2891 2095 2945; x_wconf 84' lang='lat' dir='ltr'><strong><em>homines</em></strong></span> <span class='ocrx_word' id='word_1_398' title='bbox 2127 2900 2266 2945; x_wconf 88' lang='lat' dir='ltr'><strong><em>recta</em></strong></span> <span class='ocrx_word' id='word_1_399' title='bbox 2288 2907 2418 2955; x_wconf 87' lang='lat' dir='ltr'><strong><em>esse,</em></strong></span> <span class='ocrx_word' id='word_1_400' title='bbox 2447 2891 2596 2959; x_wconf 83' lang='lat' dir='ltr'><strong><em>cujus</em></strong></span> <span class='ocrx_word' id='word_1_401' title='bbox 2621 2900 2852 2944; x_wconf 77' lang='lat' dir='ltr'><strong><em>extrema</em></strong></span> <span class='ocrx_word' id='word_1_402' title='bbox 2877 2892 3087 2947; x_wconf 85' lang='lat' dir='ltr'><strong><em>veniunt</em></strong></span> <span class='ocrx_word' id='word_1_403' title='bbox 3117 2893 3187 2947; x_wconf 83' lang='lat' dir='ltr'><strong><em>ad</em></strong></span> <span class='ocrx_word' id='word_1_404' title='bbox 3209 2894 3434 2963; x_wconf 81' lang='lat' dir='ltr'><strong><em>profun-</em></strong></span> 
     </span>
    </p>
   </div>
   <div class='ocr_carea' id='block_1_59' title="bbox 1864 2980 3433 3052">
    <p class='ocr_par' dir='ltr' id='par_1_59' title="bbox 1864 2980 3433 3052">
     <span class='ocr_line' id='line_1_59' title="bbox 1864 2980 3433 3052; baseline 0.004 -20"><span class='ocrx_word' id='word_1_405' title='bbox 1864 2981 1991 3033; x_wconf 86' lang='lat' dir='ltr'><strong><em>dum</em></strong></span> <span class='ocrx_word' id='word_1_406' title='bbox 2023 2981 2239 3050; x_wconf 85' lang='lat' dir='ltr'><strong><em>inferni.</em></strong></span> <span class='ocrx_word' id='word_1_407' title='bbox 2269 2980 2396 3052; x_wconf 69' lang='lat' dir='ltr'><strong><em>.(i5)</em></strong></span> <span class='ocrx_word' id='word_1_408' title='bbox 2431 2980 2602 3051; x_wconf 87' lang='lat' dir='ltr'><strong><em>Igitur</em></strong></span> <span class='ocrx_word' id='word_1_409' title='bbox 2646 2980 2895 3050; x_wconf 89' lang='lat' dir='ltr'><strong><em>quisquis</em></strong></span> <span class='ocrx_word' id='word_1_410' title='bbox 2926 2996 2992 3035; x_wconf 83' lang='lat' dir='ltr'><strong><em>ex</em></strong></span> <span class='ocrx_word' id='word_1_411' title='bbox 3029 2983 3207 3037; x_wconf 88' lang='lat' dir='ltr'><strong><em>media</em></strong></span> <span class='ocrx_word' id='word_1_412' title='bbox 3253 2985 3433 3039; x_wconf 88' lang='lat' dir='ltr'><strong><em>cordis</em></strong></span> 
     </span>
    </p>
   </div>
   <div class='ocr_carea' id='block_1_60' title="bbox 178 3069 1768 3152">
    <p class='ocr_par' dir='ltr' id='par_1_60' title="bbox 178 3070 1765 3146">
     <span class='ocr_line' id='line_1_60' title="bbox 178 3070 1765 3146; baseline -0.001 -17"><span class='ocrx_word' id='word_1_413' title='bbox 178 3076 266 3129; x_wconf 85' lang='grc' dir='ltr'><strong><em>νῦν</em></strong></span> <span class='ocrx_word' id='word_1_414' title='bbox 303 3076 406 3146; x_wconf 73' lang='grc' dir='ltr'><strong><em>μὲν</em></strong></span> <span class='ocrx_word' id='word_1_415' title='bbox 435 3072 609 3144; x_wconf 76' lang='grc' dir='ltr'>αὐτῷ,</span> <span class='ocrx_word' id='word_1_416' title='bbox 635 3072 730 3126; x_wconf 89' lang='grc' dir='ltr'><strong><em>νῦν</em></strong></span> <span class='ocrx_word' id='word_1_417' title='bbox 775 3071 833 3126; x_wconf 81' lang='grc' dir='ltr'><strong><em>δὲ</em></strong></span> <span class='ocrx_word' id='word_1_418' title='bbox 882 3070 959 3145; x_wconf 80' lang='grc' dir='ltr'>τῷ</span> <span class='ocrx_word' id='word_1_419' title='bbox 999 3074 1188 3143; x_wconf 80' lang='grc' dir='ltr'>κόσμῳ</span> <span class='ocrx_word' id='word_1_420' title='bbox 1249 3072 1529 3143; x_wconf 70' lang='grc' dir='ltr'>σχολάζειν</span> <span class='ocrx_word' id='word_1_421' title='bbox 1584 3071 1765 3143; x_wconf 81' lang='grc' dir='ltr'>βουλό-</span> 
     </span>
    </p>
   </div>
   <div class='ocr_carea' id='block_1_61' title="bbox 1894 3069 3435 3152">
    <p class='ocr_par' dir='ltr' id='par_1_61' title="bbox 1894 3069 3435 3142">
     <span class='ocr_line' id='line_1_61' title="bbox 1894 3069 3435 3142; baseline 0.006 -22"><span class='ocrx_word' id='word_1_422' title='bbox 1894 3082 2016 3127; x_wconf 72' lang='grc' dir='ltr'>ιιιιιε</span> <span class='ocrx_word' id='word_1_423' title='bbox 2040 3069 2207 3127; x_wconf 91' lang='lat' dir='ltr'><strong><em>Deum</em></strong></span> <span class='ocrx_word' id='word_1_424' title='bbox 2235 3072 2448 3142; x_wconf 78' lang='lat' dir='ltr'><strong><em>qtuerit,</em></strong></span> <span class='ocrx_word' id='word_1_425' title='bbox 2472 3081 2526 3126; x_wconf 90' lang='lat' dir='ltr'><strong><em>et</em></strong></span> <span class='ocrx_word' id='word_1_426' title='bbox 2552 3071 2715 3126; x_wconf 89' lang='lat' dir='ltr'><strong><em>modo</em></strong></span> <span class='ocrx_word' id='word_1_427' title='bbox 2733 3072 2835 3141; x_wconf 90' lang='lat' dir='ltr'><strong><em>ipsi</em></strong></span> <span class='ocrx_word' id='word_1_428' title='bbox 2860 3086 2986 3126; x_wconf 77' lang='lat' dir='ltr'><strong><em>mox</em></strong></span> <span class='ocrx_word' id='word_1_429' title='bbox 3013 3074 3218 3128; x_wconf 85' lang='lat' dir='ltr'><strong><em>mundo</em></strong></span> <span class='ocrx_word' id='word_1_430' title='bbox 3241 3089 3435 3129; x_wconf 82' lang='lat' dir='ltr'><strong><em>vacare</em></strong></span> 
     </span>
    </p>
   </div>
   <div class='ocr_carea' id='block_1_62' title="bbox 181 3161 1761 3238">
    <p class='ocr_par' dir='ltr' id='par_1_62' title="bbox 181 3161 1761 3238">
     <span class='ocr_line' id='line_1_62' title="bbox 181 3161 1761 3238; baseline -0.003 -17"><span class='ocrx_word' id='word_1_431' title='bbox 181 3185 356 3238; x_wconf 82' lang='grc' dir='ltr'>μενος,</span> <span class='ocrx_word' id='word_1_432' title='bbox 384 3166 578 3219; x_wconf 89' lang='grc' dir='ltr'>τοῦτον</span> <span class='ocrx_word' id='word_1_433' title='bbox 606 3163 899 3217; x_wconf 73' lang='grc' dir='ltr'>ἀποϐάλλει</span> <span class='ocrx_word' id='word_1_434' title='bbox 942 3163 1049 3218; x_wconf 87' lang='grc' dir='ltr'><strong><em>τῶν</em></strong></span> <span class='ocrx_word' id='word_1_435' title='bbox 1104 3161 1319 3217; x_wconf 73' lang='grc' dir='ltr'>οἰκείων</span> <span class='ocrx_word' id='word_1_436' title='bbox 1368 3162 1619 3227; x_wconf 87' lang='grc' dir='ltr'>ἐντολῶν,</span> <span class='ocrx_word' id='word_1_437' title='bbox 1685 3162 1761 3227; x_wconf 82' lang='grc' dir='ltr'>ὡς</span> 
     </span>
    </p>
   </div>
   <div class='ocr_carea' id='block_1_63' title="bbox 180 3256 823 3331">
    <p class='ocr_par' dir='ltr' id='par_1_63' title="bbox 180 3256 823 3331">
     <span class='ocr_line' id='line_1_63' title="bbox 180 3256 823 3331; baseline 0 -20"><span class='ocrx_word' id='word_1_438' title='bbox 180 3257 519 3331; x_wconf 78' lang='grc' dir='ltr'>στρατιώτην</span> <span class='ocrx_word' id='word_1_439' title='bbox 544 3256 823 3326; x_wconf 80' lang='grc' dir='ltr'>ἀδόκιμον.</span> 
     </span>
    </p>
   </div>
   <div class='ocr_carea' id='block_1_64' title="bbox 256 3344 1760 3416">
    <p class='ocr_par' dir='ltr' id='par_1_64' title="bbox 256 3344 1760 3416">
     <span class='ocr_line' id='line_1_64' title="bbox 256 3344 1760 3416; baseline -0.001 -15"><span class='ocrx_word' id='word_1_440' title='bbox 256 3351 353 3401; x_wconf 80' lang='grc' dir='ltr'><strong><em>Ἐν</em></strong></span> <span class='ocrx_word' id='word_1_441' title='bbox 384 3347 463 3415; x_wconf 80' lang='grc' dir='ltr'>τῇ</span> <span class='ocrx_word' id='word_1_442' title='bbox 502 3346 718 3416; x_wconf 71' lang='grc' dir='ltr'>καρδίᾳ</span> <span class='ocrx_word' id='word_1_443' title='bbox 736 3363 859 3415; x_wconf 81' lang='grc' dir='ltr'>μου</span> <span class='ocrx_word' id='word_1_444' title='bbox 888 3344 1126 3413; x_wconf 69' lang='grc' dir='ltr'>ἔκρυψα</span> <span class='ocrx_word' id='word_1_445' title='bbox 1162 3344 1234 3399; x_wconf 81' lang='grc' dir='ltr'>τὰ</span> <span class='ocrx_word' id='word_1_446' title='bbox 1289 3344 1467 3414; x_wconf 77' lang='grc' dir='ltr'>λόγιά</span> <span class='ocrx_word' id='word_1_447' title='bbox 1518 3360 1654 3400; x_wconf 85' lang='grc' dir='ltr'>σου.</span> <span class='ocrx_word' id='word_1_448' title='bbox 1697 3346 1760 3399; x_wconf 82' lang='lat' dir='ltr'><strong><em>El</em></strong></span> 
     </span>
    </p>
   </div>
   <div class='ocr_carea' id='block_1_65' title="bbox 181 3436 1759 3513">
    <p class='ocr_par' dir='ltr' id='par_1_65' title="bbox 181 3436 1759 3513">
     <span class='ocr_line' id='line_1_65' title="bbox 181 3436 1759 3513; baseline -0.001 -20"><span class='ocrx_word' id='word_1_449' title='bbox 181 3441 249 3511; x_wconf 72' lang='grc' dir='ltr'>μὴ</span> <span class='ocrx_word' id='word_1_450' title='bbox 274 3440 387 3513; x_wconf 73' lang='grc' dir='ltr'>γὰρ</span> <span class='ocrx_word' id='word_1_451' title='bbox 420 3438 675 3509; x_wconf 79' lang='grc' dir='ltr'>καθάπερ</span> <span class='ocrx_word' id='word_1_452' title='bbox 705 3438 762 3490; x_wconf 74' lang='lat' dir='ltr'><strong><em>é‘v</em></strong></span> <span class='ocrx_word' id='word_1_453' title='bbox 787 3436 1078 3508; x_wconf 85' lang='grc' dir='ltr'>θησαυροῖς</span> <span class='ocrx_word' id='word_1_454' title='bbox 1129 3453 1215 3500; x_wconf 87' lang='grc' dir='ltr'><strong><em>τις</em></strong></span> <span class='ocrx_word' id='word_1_455' title='bbox 1247 3440 1313 3508; x_wconf 77' lang='grc' dir='ltr'>τῇ</span> <span class='ocrx_word' id='word_1_456' title='bbox 1337 3437 1533 3509; x_wconf 76' lang='grc' dir='ltr'>καρδίᾳ</span> <span class='ocrx_word' id='word_1_457' title='bbox 1564 3439 1759 3491; x_wconf 83' lang='grc' dir='ltr'>ἐναπο-</span> 
     </span>
    </p>
   </div>
   <div class='ocr_carea' id='block_1_66' title="bbox 177 3527 1760 3604">
    <p class='ocr_par' dir='ltr' id='par_1_66' title="bbox 177 3527 1760 3604">
     <span class='ocr_line' id='line_1_66' title="bbox 177 3527 1760 3604; baseline -0.002 -19"><span class='ocrx_word' id='word_1_458' title='bbox 177 3533 364 3604; x_wconf 79' lang='grc' dir='ltr'>κλείσῃ</span> <span class='ocrx_word' id='word_1_459' title='bbox 388 3530 493 3594; x_wconf 72' lang='grc' dir='ltr'>τὰς</span> <span class='ocrx_word' id='word_1_460' title='bbox 539 3528 635 3583; x_wconf 89' lang='grc' dir='ltr'><strong><em>τοῦ</em></strong></span> <span class='ocrx_word' id='word_1_461' title='bbox 682 3527 816 3582; x_wconf 85' lang='grc' dir='ltr'>Θεοῦ</span> <span class='ocrx_word' id='word_1_462' title='bbox 865 3527 1105 3591; x_wconf 82' lang='grc' dir='ltr'>ἐντολὰς,</span> <span class='ocrx_word' id='word_1_463' title='bbox 1143 3528 1411 3599; x_wconf 80' lang='grc' dir='ltr'>ἔρχεταιό</span> <span class='ocrx_word' id='word_1_464' title='bbox 1452 3528 1760 3601; x_wconf 89' lang='grc' dir='ltr'>κακοῦργος</span> 
     </span>
    </p>
   </div>
   <div class='ocr_carea' id='block_1_67' title="bbox 178 3619 1760 3695">
    <p class='ocr_par' dir='ltr' id='par_1_67' title="bbox 178 3619 1760 3695">
     <span class='ocr_line' id='line_1_67' title="bbox 178 3619 1760 3695; baseline -0.002 -18"><span class='ocrx_word' id='word_1_465' title='bbox 178 3625 266 3677; x_wconf 73' lang='grc' dir='ltr'><strong><em>καὶ</em></strong></span> <span class='ocrx_word' id='word_1_466' title='bbox 286 3622 534 3695; x_wconf 75' lang='grc' dir='ltr'>ἁρπάζει</span> <span class='ocrx_word' id='word_1_467' title='bbox 564 3621 752 3684; x_wconf 80' lang='grc' dir='ltr'>αὐτάς.</span> <span class='ocrx_word' id='word_1_468' title='bbox 804 3619 1130 3693; x_wconf 81' lang='grc' dir='ltr'>Ἀμαρτάνει</span> <span class='ocrx_word' id='word_1_469' title='bbox 1180 3619 1259 3690; x_wconf 83' lang='grc' dir='ltr'>τῷ</span> <span class='ocrx_word' id='word_1_470' title='bbox 1310 3619 1428 3691; x_wconf 83' lang='grc' dir='ltr'><strong><em>Θεῷ</em></strong></span> <span class='ocrx_word' id='word_1_471' title='bbox 1451 3620 1480 3672; x_wconf 82' lang='grc' dir='ltr'><strong>ὁ</strong></span> <span class='ocrx_word' id='word_1_472' title='bbox 1507 3619 1760 3686; x_wconf 76' lang='grc' dir='ltr'>ἀξιωθεὶς</span> 
     </span>
    </p>
   </div>
   <div class='ocr_carea' id='block_1_68' title="bbox 178 3710 1759 3785">
    <p class='ocr_par' dir='ltr' id='par_1_68' title="bbox 178 3710 1759 3785">
     <span class='ocr_line' id='line_1_68' title="bbox 178 3710 1759 3785; baseline -0.001 -18"><span class='ocrx_word' id='word_1_473' title='bbox 178 3714 372 3785; x_wconf 78' lang='grc' dir='ltr'>λογίων</span> <span class='ocrx_word' id='word_1_474' title='bbox 426 3711 903 3785; x_wconf 75' lang='grc' dir='ltr'>ἀπορῤητοτέρων,</span> <span class='ocrx_word' id='word_1_475' title='bbox 953 3712 1046 3764; x_wconf 74' lang='grc' dir='ltr'><strong><em>καὶ</em></strong></span> <span class='ocrx_word' id='word_1_476' title='bbox 1102 3710 1439 3779; x_wconf 79' lang='grc' dir='ltr'>κρύπτεσθαι</span> <span class='ocrx_word' id='word_1_477' title='bbox 1482 3712 1590 3765; x_wconf 77' lang='grc' dir='ltr'>ἀπὸ</span> <span class='ocrx_word' id='word_1_478' title='bbox 1649 3710 1759 3783; x_wconf 69' lang='grc' dir='ltr'><strong><em>τῶν</em></strong></span> 
     </span>
    </p>
   </div>
   <div class='ocr_carea' id='block_1_69' title="bbox 178 3797 1754 3875">
    <p class='ocr_par' dir='ltr' id='par_1_69' title="bbox 178 3797 1754 3875">
     <span class='ocr_line' id='line_1_69' title="bbox 178 3797 1754 3875; baseline -0.003 -12"><span class='ocrx_word' id='word_1_479' title='bbox 178 3809 389 3863; x_wconf 74' lang='grc' dir='ltr'>πολλῶν</span> <span class='ocrx_word' id='word_1_480' title='bbox 411 3806 602 3874; x_wconf 82' lang='grc' dir='ltr'>ἀξίων,</span> <span class='ocrx_word' id='word_1_481' title='bbox 664 3804 758 3858; x_wconf 74' lang='grc' dir='ltr'><strong><em>καὶ</em></strong></span> <span class='ocrx_word' id='word_1_482' title='bbox 805 3804 878 3875; x_wconf 84' lang='grc' dir='ltr'>μὴ</span> <span class='ocrx_word' id='word_1_483' title='bbox 928 3803 1185 3875; x_wconf 82' lang='grc' dir='ltr'>κρύπτων</span> <span class='ocrx_word' id='word_1_484' title='bbox 1234 3802 1373 3857; x_wconf 74' lang='grc' dir='ltr'>αὐτὰ</span> <span class='ocrx_word' id='word_1_485' title='bbox 1421 3804 1513 3873; x_wconf 78' lang='grc' dir='ltr'><strong><em>ἀφ’</em></strong></span> <span class='ocrx_word' id='word_1_486' title='bbox 1545 3797 1621 3857; x_wconf 85' lang='grc' dir='ltr'>ὧν</span> <span class='ocrx_word' id='word_1_487' title='bbox 1657 3803 1754 3859; x_wconf 88' lang='grc' dir='ltr'>δεῖ.</span> 
     </span>
    </p>
   </div>
   <div class='ocr_carea' id='block_1_70' title="bbox 174 3893 1759 3969">
    <p class='ocr_par' dir='ltr' id='par_1_70' title="bbox 174 3893 1759 3969">
     <span class='ocr_line' id='line_1_70' title="bbox 174 3893 1759 3969; baseline -0.004 -13"><span class='ocrx_word' id='word_1_488' title='bbox 174 3902 438 3962; x_wconf 75' lang='grc' dir='ltr'>Κίνδυνος</span> <span class='ocrx_word' id='word_1_489' title='bbox 461 3897 573 3969; x_wconf 80' lang='grc' dir='ltr'>γὰρ</span> <span class='ocrx_word' id='word_1_490' title='bbox 600 3897 661 3950; x_wconf 80' lang='grc' dir='ltr'><strong><em>οὐ</em></strong></span> <span class='ocrx_word' id='word_1_491' title='bbox 692 3896 848 3966; x_wconf 85' lang='grc' dir='ltr'>μόνον</span> <span class='ocrx_word' id='word_1_492' title='bbox 890 3896 953 3950; x_wconf 84' lang='grc' dir='ltr'><strong><em>τὸ</em></strong></span> <span class='ocrx_word' id='word_1_493' title='bbox 982 3896 1051 3950; x_wconf 79' lang='grc' dir='ltr'>τὰ</span> <span class='ocrx_word' id='word_1_494' title='bbox 1073 3895 1243 3965; x_wconf 69' lang='grc' dir='ltr'>ψευδῆ</span> <span class='ocrx_word' id='word_1_495' title='bbox 1265 3893 1466 3963; x_wconf 84' lang='grc' dir='ltr'>λέγειν,</span> <span class='ocrx_word' id='word_1_496' title='bbox 1489 3895 1624 3949; x_wconf 78' lang='grc' dir='ltr'>ἀλλὰ</span> <span class='ocrx_word' id='word_1_497' title='bbox 1662 3896 1759 3949; x_wconf 71' lang='grc' dir='ltr'>καὶ</span> 
     </span>
    </p>
   </div>
   <div class='ocr_carea' id='block_1_71' title="bbox 174 3986 1753 4062">
    <p class='ocr_par' dir='ltr' id='par_1_71' title="bbox 174 3986 1753 4062">
     <span class='ocr_line' id='line_1_71' title="bbox 174 3986 1753 4062; baseline -0.005 -15"><span class='ocrx_word' id='word_1_498' title='bbox 174 3995 231 4047; x_wconf 72' lang='grc' dir='ltr'>τὸ</span> <span class='ocrx_word' id='word_1_499' title='bbox 259 3992 331 4047; x_wconf 75' lang='grc' dir='ltr'>τὰ</span> <span class='ocrx_word' id='word_1_500' title='bbox 376 3988 580 4062; x_wconf 80' lang='grc' dir='ltr'>ἀληθῆ,</span> <span class='ocrx_word' id='word_1_501' title='bbox 629 3988 767 4042; x_wconf 70' lang='grc' dir='ltr'>ἐπὰν</span> <span class='ocrx_word' id='word_1_502' title='bbox 800 3988 937 4051; x_wconf 82' lang='grc' dir='ltr'>ὅλως</span> <span class='ocrx_word' id='word_1_503' title='bbox 996 3986 1032 4041; x_wconf 86' lang='grc' dir='ltr'><strong>ἆ</strong></span> <span class='ocrx_word' id='word_1_504' title='bbox 1073 3986 1148 4058; x_wconf 86' lang='grc' dir='ltr'>μὴ</span> <span class='ocrx_word' id='word_1_505' title='bbox 1180 3986 1262 4039; x_wconf 80' lang='grc' dir='ltr'><strong><em>δεῖ</em></strong></span> <span class='ocrx_word' id='word_1_506' title='bbox 1312 3987 1623 4061; x_wconf 77' lang='grc' dir='ltr'>ἀπαγγείλῃ</span> <span class='ocrx_word' id='word_1_507' title='bbox 1651 4003 1753 4051; x_wconf 76' lang='grc' dir='ltr'>τιςο</span> 
     </span>
    </p>
   </div>
   <div class='ocr_carea' id='block_1_72' title="bbox 172 4077 1756 4154">
    <p class='ocr_par' dir='ltr' id='par_1_72' title="bbox 172 4077 1756 4154">
     <span class='ocr_line' id='line_1_72' title="bbox 172 4077 1756 4154; baseline -0.005 -17"><span class='ocrx_word' id='word_1_508' title='bbox 172 4087 251 4139; x_wconf 81' lang='grc' dir='ltr'><strong><em>οὐ</em></strong></span> <span class='ocrx_word' id='word_1_509' title='bbox 274 4083 386 4154; x_wconf 69' lang='grc' dir='ltr'>γὰρ</span> <span class='ocrx_word' id='word_1_510' title='bbox 420 4082 518 4136; x_wconf 78' lang='grc' dir='ltr'><strong><em>δεῖ</em></strong></span> <span class='ocrx_word' id='word_1_511' title='bbox 553 4080 698 4147; x_wconf 83' lang='grc' dir='ltr'>τοὺς</span> <span class='ocrx_word' id='word_1_512' title='bbox 736 4079 1102 4150; x_wconf 77' lang='grc' dir='ltr'>μαργαρίτας</span> <span class='ocrx_word' id='word_1_513' title='bbox 1161 4077 1503 4142; x_wconf 78' lang='grc' dir='ltr'>βάλλεσθαι</span> <span class='ocrx_word' id='word_1_514' title='bbox 1536 4077 1756 4147; x_wconf 80' lang='grc' dir='ltr'>ἔμπρο-</span> 
     </span>
    </p>
   </div>
   <div class='ocr_carea' id='block_1_73' title="bbox 176 4167 1758 4245">
    <p class='ocr_par' dir='ltr' id='par_1_73' title="bbox 176 4167 1758 4245">
     <span class='ocr_line' id='line_1_73' title="bbox 176 4167 1758 4245; baseline -0.008 -12"><span class='ocrx_word' id='word_1_515' title='bbox 176 4181 325 4233; x_wconf 68' lang='grc' dir='ltr'><strong><em>σθεν⁹</em></strong></span> <span class='ocrx_word' id='word_1_516' title='bbox 374 4175 499 4230; x_wconf 79' lang='grc' dir='ltr'>τῶν</span> <span class='ocrx_word' id='word_1_517' title='bbox 548 4173 800 4245; x_wconf 78' lang='grc' dir='ltr'>χοίρων,</span> <span class='ocrx_word' id='word_1_518' title='bbox 851 4169 995 4225; x_wconf 86' lang='grc' dir='ltr'>οὐδὲ</span> <span class='ocrx_word' id='word_1_519' title='bbox 1046 4167 1278 4222; x_wconf 83' lang='grc' dir='ltr'>διδόναι</span> <span class='ocrx_word' id='word_1_520' title='bbox 1330 4168 1404 4223; x_wconf 85' lang='grc' dir='ltr'>τὰ</span> <span class='ocrx_word' id='word_1_521' title='bbox 1445 4168 1583 4239; x_wconf 77' lang='grc' dir='ltr'>ἅγια</span> <span class='ocrx_word' id='word_1_522' title='bbox 1633 4167 1758 4235; x_wconf 84' lang='grc' dir='ltr'>τοῖς</span> 
     </span>
    </p>
   </div>
   <div class='ocr_carea' id='block_1_74' title="bbox 181 4270 1757 4426">
    <p class='ocr_par' dir='ltr' id='par_1_74' title="bbox 181 4270 1757 4426">
     <span class='ocr_line' id='line_1_74' title="bbox 181 4270 1757 4426; baseline -0.008 -12"><span class='ocrx_word' id='word_1_523' title='bbox 181 4270 598 4426; x_wconf 55' lang='grc' dir='ltr'>κυὲἐιέογητύς</span> <span class='ocrx_word' id='word_1_524' title='bbox 615 4349 689 4420; x_wconf 80' lang='grc' dir='ltr'>εἶ,</span> <span class='ocrx_word' id='word_1_525' title='bbox 722 4352 918 4421; x_wconf 81' lang='grc' dir='ltr'>Κύριε,</span> <span class='ocrx_word' id='word_1_526' title='bbox 936 4347 1185 4412; x_wconf 78' lang='grc' dir='ltr'>δίδαξόν</span> <span class='ocrx_word' id='word_1_527' title='bbox 1201 4365 1278 4419; x_wconf 78' lang='grc' dir='ltr'>με</span> <span class='ocrx_word' id='word_1_528' title='bbox 1308 4346 1381 4401; x_wconf 80' lang='grc' dir='ltr'>τὰ</span> <span class='ocrx_word' id='word_1_529' title='bbox 1397 4346 1757 4417; x_wconf 82' lang='grc' dir='ltr'>δικαιώματὰ</span> 
     </span>
    </p>
   </div>
   <div class='ocr_carea' id='block_1_75' title="bbox 1866 3162 3433 3234">
    <p class='ocr_par' dir='ltr' id='par_1_75' title="bbox 1866 3162 3433 3234">
     <span class='ocr_line' id='line_1_75' title="bbox 1866 3162 3433 3234; baseline 0.004 -18"><span class='ocrx_word' id='word_1_530' title='bbox 1866 3163 2047 3233; x_wconf 88' lang='lat' dir='ltr'><strong><em>cupit;</em></strong></span> <span class='ocrx_word' id='word_1_531' title='bbox 2078 3163 2223 3220; x_wconf 90' lang='lat' dir='ltr'><strong><em>hunc</em></strong></span> <span class='ocrx_word' id='word_1_532' title='bbox 2257 3164 2346 3220; x_wconf 85' lang='lat' dir='ltr'><strong><em>ille</em></strong></span> <span class='ocrx_word' id='word_1_533' title='bbox 2370 3178 2401 3219; x_wconf 92' lang='lat' dir='ltr'><strong><em>a</em></strong></span> <span class='ocrx_word' id='word_1_534' title='bbox 2434 3163 2550 3220; x_wconf 89' lang='lat' dir='ltr'><strong><em>suis</em></strong></span> <span class='ocrx_word' id='word_1_535' title='bbox 2582 3164 2856 3218; x_wconf 85' lang='lat' dir='ltr'><strong><em>mandatis</em></strong></span> <span class='ocrx_word' id='word_1_536' title='bbox 2880 3162 3069 3234; x_wconf 75' lang='lat' dir='ltr'><strong><em>abiicit</em></strong></span> <span class='ocrx_word' id='word_1_537' title='bbox 3106 3172 3167 3219; x_wconf 90' lang='lat' dir='ltr'><strong><em>ut</em></strong></span> <span class='ocrx_word' id='word_1_538' title='bbox 3203 3166 3433 3222; x_wconf 87' lang='lat' dir='ltr'><strong><em>militem</em></strong></span> 
     </span>
    </p>
   </div>
   <div class='ocr_carea' id='block_1_76' title="bbox 1867 3254 2141 3325">
    <p class='ocr_par' dir='ltr' id='par_1_76' title="bbox 1867 3254 2141 3325">
     <span class='ocr_line' id='line_1_76' title="bbox 1867 3254 2141 3325; baseline 0.004 -17"><span class='ocrx_word' id='word_1_539' title='bbox 1867 3254 2141 3325; x_wconf 89' lang='lat' dir='ltr'><strong><em>ignavum.</em></strong></span> 
     </span>
    </p>
   </div>
   <div class='ocr_carea' id='block_1_77' title="bbox 1945 3345 3432 3417">
    <p class='ocr_par' dir='ltr' id='par_1_77' title="bbox 1945 3345 3432 3417">
     <span class='ocr_line' id='line_1_77' title="bbox 1945 3345 3432 3417; baseline 0.004 -19"><span class='ocrx_word' id='word_1_540' title='bbox 1945 3345 2030 3400; x_wconf 78' lang='lat' dir='ltr'><strong><em>ll.</em></strong></span> <span class='ocrx_word' id='word_1_541' title='bbox 2059 3345 2125 3398; x_wconf 89' lang='lat' dir='ltr'><strong><em>In</em></strong></span> <span class='ocrx_word' id='word_1_542' title='bbox 2149 3346 2302 3401; x_wconf 89' lang='lat' dir='ltr'><strong><em>corde</em></strong></span> <span class='ocrx_word' id='word_1_543' title='bbox 2332 3362 2443 3401; x_wconf 88' lang='lat' dir='ltr'><strong><em>meo</em></strong></span> <span class='ocrx_word' id='word_1_544' title='bbox 2485 3345 2735 3401; x_wconf 73' lang='lat' dir='ltr'><strong><em>abscondi</em></strong></span> <span class='ocrx_word' id='word_1_545' title='bbox 2774 3346 2983 3417; x_wconf 83' lang='lat' dir='ltr'><strong><em>eloquia</em></strong></span> <span class='ocrx_word' id='word_1_546' title='bbox 3006 3358 3117 3402; x_wconf 82' lang='lat' dir='ltr'><strong><em>tua.</em></strong></span> <span class='ocrx_word' id='word_1_547' title='bbox 3140 3345 3255 3404; x_wconf 90' lang='lat' dir='ltr'><strong><em>Nisi</em></strong></span> <span class='ocrx_word' id='word_1_548' title='bbox 3286 3348 3432 3404; x_wconf 89' lang='lat' dir='ltr'><strong><em>enim</em></strong></span> 
     </span>
    </p>
   </div>
   <div class='ocr_carea' id='block_1_78' title="bbox 1865 3437 3435 3508">
    <p class='ocr_par' dir='ltr' id='par_1_78' title="bbox 1865 3437 3435 3508">
     <span class='ocr_line' id='line_1_78' title="bbox 1865 3437 3435 3508; baseline 0.003 -18"><span class='ocrx_word' id='word_1_549' title='bbox 1865 3437 2089 3508; x_wconf 89' lang='lat' dir='ltr'><strong><em>quilibet</em></strong></span> <span class='ocrx_word' id='word_1_550' title='bbox 2123 3437 2216 3493; x_wconf 89' lang='lat' dir='ltr'><strong><em>Dei</em></strong></span> <span class='ocrx_word' id='word_1_551' title='bbox 2242 3439 2493 3494; x_wconf 86' lang='lat' dir='ltr'><strong><em>mandata</em></strong></span> <span class='ocrx_word' id='word_1_552' title='bbox 2528 3440 2584 3493; x_wconf 91' lang='lat' dir='ltr'><strong><em>in</em></strong></span> <span class='ocrx_word' id='word_1_553' title='bbox 2608 3438 2772 3494; x_wconf 90' lang='lat' dir='ltr'><strong><em>corde</em></strong></span> <span class='ocrx_word' id='word_1_554' title='bbox 2802 3453 2898 3493; x_wconf 90' lang='lat' dir='ltr'><strong><em>ceu</em></strong></span> <span class='ocrx_word' id='word_1_555' title='bbox 2934 3439 3222 3494; x_wconf 87' lang='lat' dir='ltr'><strong><em>thesauros</em></strong></span> <span class='ocrx_word' id='word_1_556' title='bbox 3243 3454 3435 3495; x_wconf 88' lang='lat' dir='ltr'><strong><em>recon-</em></strong></span> 
     </span>
    </p>
   </div>
   <div class='ocr_carea' id='block_1_79' title="bbox 1864 3526 3432 3599">
    <p class='ocr_par' dir='ltr' id='par_1_79' title="bbox 1864 3526 3432 3599">
     <span class='ocr_line' id='line_1_79' title="bbox 1864 3526 3432 3599; baseline -0.001 -14"><span class='ocrx_word' id='word_1_557' title='bbox 1864 3530 1976 3594; x_wconf 86' lang='lat' dir='ltr'><strong><em>dat,</em></strong></span> <span class='ocrx_word' id='word_1_558' title='bbox 2002 3529 2149 3585; x_wconf 86' lang='lat' dir='ltr'><strong><em>venit</em></strong></span> <span class='ocrx_word' id='word_1_559' title='bbox 2177 3529 2449 3599; x_wconf 83' lang='lat' dir='ltr'><strong><em>malignus</em></strong></span> <span class='ocrx_word' id='word_1_560' title='bbox 2473 3528 2561 3583; x_wconf 91' lang='lat' dir='ltr'><strong><em>ille</em></strong></span> <span class='ocrx_word' id='word_1_561' title='bbox 2590 3537 2643 3583; x_wconf 85' lang='lat' dir='ltr'><strong><em>et</em></strong></span> <span class='ocrx_word' id='word_1_562' title='bbox 2671 3528 2813 3597; x_wconf 85' lang='lat' dir='ltr'><strong><em>rapit</em></strong></span> <span class='ocrx_word' id='word_1_563' title='bbox 2836 3543 2919 3584; x_wconf 81' lang='lat' dir='ltr'><strong><em>ea.</em></strong></span> <span class='ocrx_word' id='word_1_564' title='bbox 2940 3526 3112 3599; x_wconf 78' lang='lat' dir='ltr'><strong><em>(Alius</em></strong></span> <span class='ocrx_word' id='word_1_565' title='bbox 3142 3528 3346 3598; x_wconf 71' lang='lat' dir='ltr'><strong><em>codex.)</em></strong></span> <span class='ocrx_word' id='word_1_566' title='bbox 3374 3527 3432 3584; x_wconf 89' lang='lat' dir='ltr'><strong><em>ln</em></strong></span> 
     </span>
    </p>
   </div>
   <div class='ocr_carea' id='block_1_80' title="bbox 1864 3619 3433 3691">
    <p class='ocr_par' dir='ltr' id='par_1_80' title="bbox 1864 3619 3433 3691">
     <span class='ocr_line' id='line_1_80' title="bbox 1864 3619 3433 3691; baseline -0.001 -15"><span class='ocrx_word' id='word_1_567' title='bbox 1864 3623 2032 3676; x_wconf 88' lang='lat' dir='ltr'><strong><em>Deum</em></strong></span> <span class='ocrx_word' id='word_1_568' title='bbox 2064 3629 2251 3691; x_wconf 86' lang='lat' dir='ltr'><strong><em>peccat</em></strong></span> <span class='ocrx_word' id='word_1_569' title='bbox 2273 3621 2366 3691; x_wconf 91' lang='lat' dir='ltr'><strong><em>qui</em></strong></span> <span class='ocrx_word' id='word_1_570' title='bbox 2389 3620 2586 3689; x_wconf 90' lang='lat' dir='ltr'><strong><em>dignus</em></strong></span> <span class='ocrx_word' id='word_1_571' title='bbox 2618 3619 2849 3673; x_wconf 82' lang='lat' dir='ltr'><strong><em>habetur</em></strong></span> <span class='ocrx_word' id='word_1_572' title='bbox 2868 3620 3161 3674; x_wconf 87' lang='lat' dir='ltr'><strong><em>secretiora</em></strong></span> <span class='ocrx_word' id='word_1_573' title='bbox 3186 3621 3433 3689; x_wconf 88' lang='lat' dir='ltr'><strong><em>accipere</em></strong></span> 
     </span>
    </p>
   </div>
   <div class='ocr_carea' id='block_1_81' title="bbox 1863 3709 3428 3781">
    <p class='ocr_par' dir='ltr' id='par_1_81' title="bbox 1863 3709 3428 3781">
     <span class='ocr_line' id='line_1_81' title="bbox 1863 3709 3428 3781; baseline -0.002 -14"><span class='ocrx_word' id='word_1_574' title='bbox 1863 3712 2047 3774; x_wconf 86' lang='lat' dir='ltr'><strong><em>verba,</em></strong></span> <span class='ocrx_word' id='word_1_575' title='bbox 2075 3725 2197 3781; x_wconf 66' lang='lat' dir='ltr'><strong><em>qua:</em></strong></span> <span class='ocrx_word' id='word_1_576' title='bbox 2228 3726 2324 3780; x_wconf 84' lang='lat' dir='ltr'><strong><em>par</em></strong></span> <span class='ocrx_word' id='word_1_577' title='bbox 2348 3718 2468 3765; x_wconf 88' lang='lat' dir='ltr'><strong><em>erat</em></strong></span> <span class='ocrx_word' id='word_1_578' title='bbox 2510 3709 2842 3764; x_wconf 84' lang='lat' dir='ltr'><strong><em>abscondere</em></strong></span> <span class='ocrx_word' id='word_1_579' title='bbox 2887 3709 3102 3773; x_wconf 85' lang='lat' dir='ltr'><strong><em>multis,</em></strong></span> <span class='ocrx_word' id='word_1_580' title='bbox 3136 3724 3310 3779; x_wconf 85' lang='lat' dir='ltr'><strong><em>neque</em></strong></span> <span class='ocrx_word' id='word_1_581' title='bbox 3345 3718 3428 3764; x_wconf 85' lang='lat' dir='ltr'><strong><em>ta-</em></strong></span> 
     </span>
    </p>
   </div>
   <div class='ocr_carea' id='block_1_82' title="bbox 1862 3798 3431 3872">
    <p class='ocr_par' dir='ltr' id='par_1_82' title="bbox 1862 3798 3431 3872">
     <span class='ocr_line' id='line_1_82' title="bbox 1862 3798 3431 3872; baseline -0.003 -14"><span class='ocrx_word' id='word_1_582' title='bbox 1862 3817 1986 3858; x_wconf 90' lang='lat' dir='ltr'><strong><em>men</em></strong></span> <span class='ocrx_word' id='word_1_583' title='bbox 2017 3800 2303 3857; x_wconf 83' lang='lat' dir='ltr'><strong><em>abseondit</em></strong></span> <span class='ocrx_word' id='word_1_584' title='bbox 2340 3801 2407 3855; x_wconf 91' lang='lat' dir='ltr'><strong><em>iis</em></strong></span> <span class='ocrx_word' id='word_1_585' title='bbox 2441 3815 2578 3871; x_wconf 91' lang='lat' dir='ltr'><strong><em>quos</em></strong></span> <span class='ocrx_word' id='word_1_586' title='bbox 2606 3815 2669 3855; x_wconf 88' lang='lat' dir='ltr'><strong><em>ea</em></strong></span> <span class='ocrx_word' id='word_1_587' title='bbox 2715 3799 2967 3872; x_wconf 75' lang='lat' dir='ltr'><strong><em>ignorare</em></strong></span> <span class='ocrx_word' id='word_1_588' title='bbox 2993 3800 3300 3870; x_wconf 85' lang='lat' dir='ltr'><strong><em>oportebat.</em></strong></span> <span class='ocrx_word' id='word_1_589' title='bbox 3325 3798 3431 3854; x_wconf 78' lang='lat' dir='ltr'><strong><em>Pe~</em></strong></span> 
     </span>
    </p>
   </div>
   <div class='ocr_carea' id='block_1_83' title="bbox 1863 3890 3432 3965">
    <p class='ocr_par' dir='ltr' id='par_1_83' title="bbox 1863 3890 3432 3965">
     <span class='ocr_line' id='line_1_83' title="bbox 1863 3890 3432 3965; baseline -0.003 -15"><span class='ocrx_word' id='word_1_590' title='bbox 1863 3896 2160 3951; x_wconf 77' lang='lat' dir='ltr'><strong><em>ricuiosum</em></strong></span> <span class='ocrx_word' id='word_1_591' title='bbox 2200 3908 2435 3965; x_wconf 87' lang='lat' dir='ltr'><strong><em>namque</em></strong></span> <span class='ocrx_word' id='word_1_592' title='bbox 2466 3904 2578 3958; x_wconf 86' lang='lat' dir='ltr'><strong><em>est,</em></strong></span> <span class='ocrx_word' id='word_1_593' title='bbox 2615 3907 2721 3947; x_wconf 93' lang='lat' dir='ltr'><strong><em>non</em></strong></span> <span class='ocrx_word' id='word_1_594' title='bbox 2772 3892 2935 3947; x_wconf 89' lang='lat' dir='ltr'><strong><em>modo</em></strong></span> <span class='ocrx_word' id='word_1_595' title='bbox 2961 3891 3094 3947; x_wconf 81' lang='lat' dir='ltr'><strong><em>falsa</em></strong></span> <span class='ocrx_word' id='word_1_596' title='bbox 3135 3892 3304 3961; x_wconf 91' lang='lat' dir='ltr'><strong><em>loqui,</em></strong></span> <span class='ocrx_word' id='word_1_597' title='bbox 3334 3890 3432 3946; x_wconf 90' lang='lat' dir='ltr'><strong><em>sed</em></strong></span> 
     </span>
    </p>
   </div>
   <div class='ocr_carea' id='block_1_84' title="bbox 1862 3985 3430 4057">
    <p class='ocr_par' dir='ltr' id='par_1_84' title="bbox 1862 3985 3430 4057">
     <span class='ocr_line' id='line_1_84' title="bbox 1862 3985 3430 4057; baseline -0.006 -12"><span class='ocrx_word' id='word_1_598' title='bbox 1862 3989 2025 4045; x_wconf 90' lang='lat' dir='ltr'><strong><em>etiam</em></strong></span> <span class='ocrx_word' id='word_1_599' title='bbox 2058 4003 2208 4052; x_wconf 79' lang='lat' dir='ltr'><strong><em>vera,</em></strong></span> <span class='ocrx_word' id='word_1_600' title='bbox 2242 3985 2465 4057; x_wconf 89' lang='lat' dir='ltr'><strong><em>quando</em></strong></span> <span class='ocrx_word' id='word_1_601' title='bbox 2505 3985 2774 4056; x_wconf 90' lang='lat' dir='ltr'><strong><em>quispiam</em></strong></span> <span class='ocrx_word' id='word_1_602' title='bbox 2820 3999 2882 4039; x_wconf 87' lang='lat' dir='ltr'><strong><em>ea</em></strong></span> <span class='ocrx_word' id='word_1_603' title='bbox 2915 3999 3037 4056; x_wconf 75' lang='lat' dir='ltr'><strong><em>qua:</em></strong></span> <span class='ocrx_word' id='word_1_604' title='bbox 3067 3999 3174 4038; x_wconf 92' lang='lat' dir='ltr'><strong><em>non</em></strong></span> <span class='ocrx_word' id='word_1_605' title='bbox 3216 3991 3430 4053; x_wconf 85' lang='lat' dir='ltr'><strong><em>oportet</em></strong></span> 
     </span>
    </p>
   </div>
   <div class='ocr_carea' id='block_1_85' title="bbox 1863 4075 3430 4149">
    <p class='ocr_par' dir='ltr' id='par_1_85' title="bbox 1863 4075 3430 4149">
     <span class='ocr_line' id='line_1_85' title="bbox 1863 4075 3430 4149; baseline -0.003 -13"><span class='ocrx_word' id='word_1_606' title='bbox 1863 4081 2138 4136; x_wconf 88' lang='lat' dir='ltr'><strong><em>renuntiat</em></strong></span> <span class='ocrx_word' id='word_1_607' title='bbox 2175 4097 2188 4134; x_wconf 91' lang='lat'>:</span> <span class='ocrx_word' id='word_1_608' title='bbox 2222 4077 2346 4133; x_wconf 88' lang='lat' dir='ltr'><strong><em>Non</em></strong></span> <span class='ocrx_word' id='word_1_609' title='bbox 2386 4087 2587 4149; x_wconf 87' lang='lat' dir='ltr'><strong><em>oportet</em></strong></span> <span class='ocrx_word' id='word_1_610' title='bbox 2624 4078 2761 4132; x_wconf 89' lang='lat' dir='ltr'><strong><em>enim</em></strong></span> <span class='ocrx_word' id='word_1_611' title='bbox 2808 4078 3125 4147; x_wconf 86' lang='lat' dir='ltr'><strong><em>margaritas</em></strong></span> <span class='ocrx_word' id='word_1_612' title='bbox 3174 4075 3430 4146; x_wconf 74' lang='lat' dir='ltr'><strong><em>projicere</em></strong></span> 
     </span>
    </p>
   </div>
   <div class='ocr_carea' id='block_1_86' title="bbox 1862 4168 3123 4244">
    <p class='ocr_par' dir='ltr' id='par_1_86' title="bbox 1862 4168 3123 4244">
     <span class='ocr_line' id='line_1_86' title="bbox 1862 4168 3123 4244; baseline -0.002 -18"><span class='ocrx_word' id='word_1_613' title='bbox 1862 4182 1981 4227; x_wconf 87' lang='lat' dir='ltr'><strong><em>ante</em></strong></span> <span class='ocrx_word' id='word_1_614' title='bbox 2008 4189 2215 4244; x_wconf 86' lang='lat' dir='ltr'><strong><em>porcos,</em></strong></span> <span class='ocrx_word' id='word_1_615' title='bbox 2251 4187 2410 4243; x_wconf 85' lang='lat' dir='ltr'><strong><em>neque</em></strong></span> <span class='ocrx_word' id='word_1_616' title='bbox 2441 4172 2569 4225; x_wconf 83' lang='lat' dir='ltr'><strong><em>dare</em></strong></span> <span class='ocrx_word' id='word_1_617' title='bbox 2601 4180 2785 4225; x_wconf 83' lang='lat' dir='ltr'><strong><em>sancta</em></strong></span> <span class='ocrx_word' id='word_1_618' title='bbox 2816 4170 3035 4225; x_wconf 85' lang='lat' dir='ltr'><strong><em>canibus</em></strong></span> <span class='ocrx_word' id='word_1_619' title='bbox 3056 4168 3123 4224; x_wconf 77' lang='lat'><strong><em>“.</em></strong></span> 
     </span>
    </p>
   </div>
   <div class='ocr_carea' id='block_1_87' title="bbox 1936 4349 3422 4420">
    <p class='ocr_par' dir='ltr' id='par_1_87' title="bbox 1936 4349 3422 4420">
     <span class='ocr_line' id='line_1_87' title="bbox 1936 4349 3422 4420; baseline -0.003 -13"><span class='ocrx_word' id='word_1_620' title='bbox 1936 4354 2023 4407; x_wconf 70' lang='lat'><strong><em>12.</em></strong></span> <span class='ocrx_word' id='word_1_621' title='bbox 2057 4352 2370 4407; x_wconf 81' lang='lat' dir='ltr'><strong><em>Benedictus</em></strong></span> <span class='ocrx_word' id='word_1_622' title='bbox 2395 4369 2469 4415; x_wconf 80' lang='lat' dir='ltr'><strong><em>es,</em></strong></span> <span class='ocrx_word' id='word_1_623' title='bbox 2500 4352 2741 4417; x_wconf 83' lang='lat' dir='ltr'><strong><em>Domine,</em></strong></span> <span class='ocrx_word' id='word_1_624' title='bbox 2765 4352 2890 4404; x_wconf 83' lang='lat' dir='ltr'><strong><em>doce</em></strong></span> <span class='ocrx_word' id='word_1_625' title='bbox 2914 4366 2993 4404; x_wconf 88' lang='lat' dir='ltr'><strong><em>me</em></strong></span> <span class='ocrx_word' id='word_1_626' title='bbox 3011 4349 3422 4420; x_wconf 76' lang='lat' dir='ltr'><strong><em>justiﬁcationes</em></strong></span> 
     </span>
    </p>
   </div>
   <div class='ocr_carea' id='block_1_88' title="bbox 180 4438 1768 4518">
    <p class='ocr_par' dir='ltr' id='par_1_88' title="bbox 180 4438 1753 4518">
     <span class='ocr_line' id='line_1_88' title="bbox 180 4438 1753 4518; baseline -0.01 -13"><span class='ocrx_word' id='word_1_627' title='bbox 180 4451 311 4505; x_wconf 77' lang='grc' dir='ltr'>σου.</span> <span class='ocrx_word' id='word_1_628' title='bbox 343 4447 678 4518; x_wconf 72' lang='grc' dir='ltr'>Αἰσθόμενος</span> <span class='ocrx_word' id='word_1_629' title='bbox 725 4444 826 4515; x_wconf 81' lang='grc' dir='ltr'>τῆς</span> <span class='ocrx_word' id='word_1_630' title='bbox 860 4439 1047 4496; x_wconf 87' lang='grc' dir='ltr'>ἐαυτοῦ</span> <span class='ocrx_word' id='word_1_631' title='bbox 1084 4440 1365 4513; x_wconf 81' lang='grc' dir='ltr'>προκοπῆς</span> <span class='ocrx_word' id='word_1_632' title='bbox 1400 4438 1502 4509; x_wconf 82' lang='grc' dir='ltr'><strong><em>τῆς</em></strong></span> <span class='ocrx_word' id='word_1_633' title='bbox 1526 4438 1632 4492; x_wconf 80' lang='grc' dir='ltr'>ἀπὸ</span> <span class='ocrx_word' id='word_1_634' title='bbox 1658 4438 1753 4492; x_wconf 85' lang='grc' dir='ltr'><strong><em>τοῦ</em></strong></span> 
     </span>
    </p>
   </div>
   <div class='ocr_carea' id='block_1_89' title="bbox 1894 4438 3428 4518">
    <p class='ocr_par' dir='ltr' id='par_1_89' title="bbox 1894 4441 3428 4512">
     <span class='ocr_line' id='line_1_89' title="bbox 1894 4441 3428 4512; baseline 0 -15"><span class='ocrx_word' id='word_1_635' title='bbox 1894 4461 1998 4498; x_wconf 66' lang='lat' dir='ltr'><strong><em>tas.</em></strong></span> <span class='ocrx_word' id='word_1_636' title='bbox 2026 4444 2158 4499; x_wconf 90' lang='lat' dir='ltr'><strong><em>Cum</em></strong></span> <span class='ocrx_word' id='word_1_637' title='bbox 2203 4443 2433 4499; x_wconf 86' lang='lat' dir='ltr'><strong><em>senserit</em></strong></span> <span class='ocrx_word' id='word_1_638' title='bbox 2477 4441 2776 4512; x_wconf 83' lang='lat' dir='ltr'><strong><em>profectum</em></strong></span> <span class='ocrx_word' id='word_1_639' title='bbox 2811 4457 2994 4508; x_wconf 89' lang='lat' dir='ltr'><strong><em>suum,</em></strong></span> <span class='ocrx_word' id='word_1_640' title='bbox 3017 4456 3180 4512; x_wconf 80' lang='lat' dir='ltr'><strong><em>quem</em></strong></span> <span class='ocrx_word' id='word_1_641' title='bbox 3226 4441 3428 4497; x_wconf 81' lang='lat' dir='ltr'><strong><em>fecerat</em></strong></span> 
     </span>
    </p>
   </div>
   <div class='ocr_carea' id='block_1_90' title="bbox 183 4531 1757 4616">
    <p class='ocr_par' dir='ltr' id='par_1_90' title="bbox 183 4531 1757 4616">
     <span class='ocr_line' id='line_1_90' title="bbox 183 4531 1757 4616; baseline -0.007 -19"><span class='ocrx_word' id='word_1_642' title='bbox 183 4545 237 4599; x_wconf 83' lang='grc' dir='ltr'><strong><em>ἐν</em></strong></span> <span class='ocrx_word' id='word_1_643' title='bbox 262 4544 359 4616; x_wconf 77' lang='grc' dir='ltr'><strong><em>ὅλῃ</em></strong></span> <span class='ocrx_word' id='word_1_644' title='bbox 385 4541 588 4612; x_wconf 78' lang='grc' dir='ltr'>καρδίᾳ</span> <span class='ocrx_word' id='word_1_645' title='bbox 636 4535 939 4607; x_wconf 78' lang='grc' dir='ltr'>ἐκζητῆσαι</span> <span class='ocrx_word' id='word_1_646' title='bbox 978 4534 1068 4588; x_wconf 83' lang='grc' dir='ltr'><strong><em>τὸν</em></strong></span> <span class='ocrx_word' id='word_1_647' title='bbox 1113 4533 1264 4596; x_wconf 79' lang='grc' dir='ltr'>Θεὸν,</span> <span class='ocrx_word' id='word_1_648' title='bbox 1314 4531 1524 4600; x_wconf 80' lang='grc' dir='ltr'>εὐλογεῖ</span> <span class='ocrx_word' id='word_1_649' title='bbox 1574 4531 1757 4595; x_wconf 72' lang='grc' dir='ltr'>αὐτὸν,</span> 
     </span>
    </p>
   </div>
   <div class='ocr_carea' id='block_1_91' title="bbox 186 4620 1762 4707">
    <p class='ocr_par' dir='ltr' id='par_1_91' title="bbox 186 4620 1762 4707">
     <span class='ocr_line' id='line_1_91' title="bbox 186 4620 1762 4707; baseline -0.011 -18"><span class='ocrx_word' id='word_1_650' title='bbox 186 4632 517 4707; x_wconf 71' lang='grc' dir='ltr'>εὐχαριστῶν</span> <span class='ocrx_word' id='word_1_651' title='bbox 547 4630 649 4702; x_wconf 70' lang='grc' dir='ltr'>ήδη</span> <span class='ocrx_word' id='word_1_652' title='bbox 684 4628 768 4698; x_wconf 77' lang='grc' dir='ltr'><strong><em>ἐφ’</em></strong></span> <span class='ocrx_word' id='word_1_653' title='bbox 791 4622 872 4691; x_wconf 78' lang='grc' dir='ltr'>οἷς</span> <span class='ocrx_word' id='word_1_654' title='bbox 919 4623 1146 4696; x_wconf 73' lang='grc' dir='ltr'>ἠξιώθη*</span> <span class='ocrx_word' id='word_1_655' title='bbox 1189 4622 1282 4677; x_wconf 74' lang='grc' dir='ltr'><strong><em>καὶ</em></strong></span> <span class='ocrx_word' id='word_1_656' title='bbox 1308 4621 1434 4693; x_wconf 79' lang='grc' dir='ltr'>παρ’</span> <span class='ocrx_word' id='word_1_657' title='bbox 1470 4621 1631 4675; x_wconf 79' lang='grc' dir='ltr'>αὑτοῦ</span> <span class='ocrx_word' id='word_1_658' title='bbox 1666 4620 1762 4693; x_wconf 77' lang='grc' dir='ltr'><strong><em>ξη-</em></strong></span> 
     </span>
    </p>
   </div>
   <div class='ocr_carea' id='block_1_92' title="bbox 184 4711 1594 4798">
    <p class='ocr_par' dir='ltr' id='par_1_92' title="bbox 184 4711 1594 4798">
     <span class='ocr_line' id='line_1_92' title="bbox 184 4711 1594 4798; baseline -0.012 -17"><span class='ocrx_word' id='word_1_659' title='bbox 184 4731 260 4781; x_wconf 81' lang='grc' dir='ltr'><strong><em>τεῖ</em></strong></span> <span class='ocrx_word' id='word_1_660' title='bbox 293 4723 489 4798; x_wconf 87' lang='grc' dir='ltr'>μαθεῖν</span> <span class='ocrx_word' id='word_1_661' title='bbox 507 4722 629 4777; x_wconf 88' lang='grc' dir='ltr'>τίνα</span> <span class='ocrx_word' id='word_1_662' title='bbox 661 4718 784 4773; x_wconf 90' lang='grc' dir='ltr'>νοῦν</span> <span class='ocrx_word' id='word_1_663' title='bbox 810 4717 921 4789; x_wconf 77' lang='grc' dir='ltr'>ἔχει</span> <span class='ocrx_word' id='word_1_664' title='bbox 958 4716 1027 4769; x_wconf 74' lang='grc' dir='ltr'>τὰ</span> <span class='ocrx_word' id='word_1_665' title='bbox 1051 4713 1391 4784; x_wconf 83' lang='grc' dir='ltr'>δικαιώματα</span> <span class='ocrx_word' id='word_1_666' title='bbox 1412 4711 1594 4766; x_wconf 76' lang='grc' dir='ltr'>αὑτοῦ.</span> 
     </span>
    </p>
   </div>
   <div class='ocr_carea' id='block_1_93' title="bbox 258 4804 1761 4883">
    <p class='ocr_par' dir='ltr' id='par_1_93' title="bbox 258 4804 1761 4883">
     <span class='ocr_line' id='line_1_93' title="bbox 258 4804 1761 4883; baseline -0.009 -12"><span class='ocrx_word' id='word_1_667' title='bbox 258 4821 357 4871; x_wconf 77' lang='grc' dir='ltr'><strong><em>Ἑν</em></strong></span> <span class='ocrx_word' id='word_1_668' title='bbox 388 4815 513 4881; x_wconf 83' lang='grc' dir='ltr'>τοῖς</span> <span class='ocrx_word' id='word_1_669' title='bbox 542 4811 778 4883; x_wconf 71' lang='grc' dir='ltr'>χείλεσι</span> <span class='ocrx_word' id='word_1_670' title='bbox 799 4827 918 4880; x_wconf 83' lang='grc' dir='ltr'>μου</span> <span class='ocrx_word' id='word_1_671' title='bbox 959 4807 1277 4877; x_wconf 60' lang='lat' dir='ltr'><strong><em>etim-reda</em></strong></span> <span class='ocrx_word' id='word_1_672' title='bbox 1324 4804 1519 4858; x_wconf 79' lang='grc' dir='ltr'>πάντα</span> <span class='ocrx_word' id='word_1_673' title='bbox 1539 4805 1610 4858; x_wconf 81' lang='grc' dir='ltr'>τὰ</span> <span class='ocrx_word' id='word_1_674' title='bbox 1639 4805 1761 4872; x_wconf 83' lang='grc' dir='ltr'>κρί-</span> 
     </span>
    </p>
   </div>
   <div class='ocr_carea' id='block_1_94' title="bbox 179 4890 1759 4978">
    <p class='ocr_par' dir='ltr' id='par_1_94' title="bbox 179 4890 1759 4978">
     <span class='ocr_line' id='line_1_94' title="bbox 179 4890 1759 4978; baseline -0.01 -15"><span class='ocrx_word' id='word_1_675' title='bbox 179 4925 330 4978; x_wconf 78' lang='grc' dir='ltr'>ματα</span> <span class='ocrx_word' id='word_1_676' title='bbox 376 4890 486 4960; x_wconf 70' lang='grc' dir='ltr'><strong><em>τοῦ</em></strong></span> <span class='ocrx_word' id='word_1_677' title='bbox 542 4900 839 4970; x_wconf 82' lang='grc' dir='ltr'>στόματός</span> <span class='ocrx_word' id='word_1_678' title='bbox 865 4913 1002 4953; x_wconf 85' lang='grc' dir='ltr'>σου.</span> <span class='ocrx_word' id='word_1_679' title='bbox 1042 4897 1110 4949; x_wconf 83' lang='grc' dir='ltr'><strong>Ἀ</strong></span> <span class='ocrx_word' id='word_1_680' title='bbox 1152 4895 1251 4966; x_wconf 85' lang='grc' dir='ltr'><strong><em>μὲν</em></strong></span> <span class='ocrx_word' id='word_1_681' title='bbox 1300 4895 1466 4967; x_wconf 80' lang='grc' dir='ltr'>ἐχρῆν</span> <span class='ocrx_word' id='word_1_682' title='bbox 1497 4894 1759 4966; x_wconf 78' lang='grc' dir='ltr'>κρύπτειν</span> 
     </span>
    </p>
   </div>
   <div class='ocr_carea' id='block_1_95' title="bbox 186 4985 1759 5072">
    <p class='ocr_par' dir='ltr' id='par_1_95' title="bbox 186 4985 1759 5072">
     <span class='ocr_line' id='line_1_95' title="bbox 186 4985 1759 5072; baseline -0.01 -19"><span class='ocrx_word' id='word_1_683' title='bbox 186 5001 473 5072; x_wconf 74' lang='grc' dir='ltr'>ἔκρυπτον,</span> <span class='ocrx_word' id='word_1_684' title='bbox 508 4994 696 5065; x_wconf 76' lang='grc' dir='ltr'>φησὶν,</span> <span class='ocrx_word' id='word_1_685' title='bbox 738 4989 775 5045; x_wconf 74' lang='grc' dir='ltr'>ἃ</span> <span class='ocrx_word' id='word_1_686' title='bbox 814 4990 873 5044; x_wconf 75' lang='grc' dir='ltr'>δὲ</span> <span class='ocrx_word' id='word_1_687' title='bbox 906 4985 1250 5056; x_wconf 79' lang='grc' dir='ltr'>ἐξαγγέλλειν</span> <span class='ocrx_word' id='word_1_688' title='bbox 1301 4985 1644 5058; x_wconf 82' lang='grc' dir='ltr'>ἐξήγγελλον’</span> <span class='ocrx_word' id='word_1_689' title='bbox 1676 4985 1759 5039; x_wconf 85' lang='grc' dir='ltr'>ὅτι</span> 
     </span>
    </p>
   </div>
   <div class='ocr_carea' id='block_1_96' title="bbox 183 5079 1759 5163">
    <p class='ocr_par' dir='ltr' id='par_1_96' title="bbox 183 5079 1759 5163">
     <span class='ocr_line' id='line_1_96' title="bbox 183 5079 1759 5163; baseline -0.011 -16"><span class='ocrx_word' id='word_1_690' title='bbox 183 5092 255 5163; x_wconf 74' lang='grc' dir='ltr'>τῷ</span> <span class='ocrx_word' id='word_1_691' title='bbox 304 5092 385 5162; x_wconf 77' lang='grc' dir='ltr'>σῷ</span> <span class='ocrx_word' id='word_1_692' title='bbox 433 5086 704 5160; x_wconf 86' lang='grc' dir='ltr'>κριτηρίῳ</span> <span class='ocrx_word' id='word_1_693' title='bbox 740 5084 866 5148; x_wconf 83' lang='grc' dir='ltr'>τοὺς</span> <span class='ocrx_word' id='word_1_694' title='bbox 898 5082 1106 5144; x_wconf 84' lang='grc' dir='ltr'>πάντας</span> <span class='ocrx_word' id='word_1_695' title='bbox 1147 5081 1495 5152; x_wconf 81' lang='grc' dir='ltr'>παραστῆναι</span> <span class='ocrx_word' id='word_1_696' title='bbox 1527 5079 1625 5132; x_wconf 82' lang='grc' dir='ltr'>δεῖ·</span> <span class='ocrx_word' id='word_1_697' title='bbox 1672 5079 1759 5132; x_wconf 75' lang='grc' dir='ltr'>ἵνα</span> 
     </span>
    </p>
   </div>
   <div class='ocr_carea' id='block_1_97' title="bbox 188 5172 1161 5254">
    <p class='ocr_par' dir='ltr' id='par_1_97' title="bbox 188 5172 1161 5254">
     <span class='ocr_line' id='line_1_97' title="bbox 188 5172 1161 5254; baseline -0.013 -17"><span class='ocrx_word' id='word_1_698' title='bbox 188 5180 536 5254; x_wconf 70' lang='grc' dir='ltr'>κομισώμεθα</span> <span class='ocrx_word' id='word_1_699' title='bbox 565 5176 701 5250; x_wconf 75' lang='grc' dir='ltr'>πρὸς</span> <span class='ocrx_word' id='word_1_700' title='bbox 745 5174 782 5230; x_wconf 71' lang='grc' dir='ltr'>ἃ.</span> <span class='ocrx_word' id='word_1_701' title='bbox 825 5172 1161 5245; x_wconf 79' lang='grc' dir='ltr'>ἐπράξαμεν.</span> 
     </span>
    </p>
   </div>
   <div class='ocr_carea' id='block_1_98' title="bbox 280 5258 1759 5341">
    <p class='ocr_par' dir='ltr' id='par_1_98' title="bbox 280 5258 1759 5341">
     <span class='ocr_line' id='line_1_98' title="bbox 280 5258 1759 5341; baseline -0.013 -12"><span class='ocrx_word' id='word_1_702' title='bbox 280 5278 362 5330; x_wconf 82' lang='lat' dir='ltr'><strong><em>Er</em></strong></span> <span class='ocrx_word' id='word_1_703' title='bbox 392 5270 471 5341; x_wconf 79' lang='grc' dir='ltr'>τῇ</span> <span class='ocrx_word' id='word_1_704' title='bbox 503 5268 623 5335; x_wconf 80' lang='grc' dir='ltr'><strong><em>ὀδῷ</em></strong></span> <span class='ocrx_word' id='word_1_705' title='bbox 643 5267 760 5321; x_wconf 81' lang='grc' dir='ltr'>τῶν</span> <span class='ocrx_word' id='word_1_706' title='bbox 778 5263 1116 5337; x_wconf 76' lang='grc' dir='ltr'>μαρτυρίων</span> <span class='ocrx_word' id='word_1_707' title='bbox 1156 5260 1288 5315; x_wconf 79' lang='lat' dir='ltr'><strong><em>o&#39;ov‘</em></strong></span> <span class='ocrx_word' id='word_1_708' title='bbox 1329 5258 1638 5329; x_wconf 72' lang='grc' dir='ltr'>ἐτέρφθην,</span> <span class='ocrx_word' id='word_1_709' title='bbox 1676 5258 1759 5326; x_wconf 83' lang='grc' dir='ltr'>ὡς</span> 
     </span>
    </p>
   </div>
   <div class='ocr_carea' id='block_1_99' title="bbox 191 5347 1759 5424">
    <p class='ocr_par' dir='ltr' id='par_1_99' title="bbox 191 5347 1759 5424">
     <span class='ocr_line' id='line_1_99' title="bbox 191 5347 1759 5424; baseline -0.012 -5"><span class='ocrx_word' id='word_1_710' title='bbox 191 5366 279 5419; x_wconf 71' lang='grc' dir='ltr'>ἐστὶ</span> <span class='ocrx_word' id='word_1_711' title='bbox 308 5363 487 5418; x_wconf 76' lang='grc' dir='ltr'>παντὶ</span> <span class='ocrx_word' id='word_1_712' title='bbox 536 5359 796 5424; x_wconf 71' lang='grc' dir='ltr'>πλούτῳ.</span> <span class='ocrx_word' id='word_1_713' title='bbox 828 5355 924 5419; x_wconf 88' lang='grc' dir='ltr'><strong><em>Τίς</em></strong></span> <span class='ocrx_word' id='word_1_714' title='bbox 951 5356 981 5408; x_wconf 76' lang='grc' dir='ltr'>ὁ</span> <span class='ocrx_word' id='word_1_715' title='bbox 1027 5351 1168 5406; x_wconf 82' lang='grc' dir='ltr'>κατὰ</span> <span class='ocrx_word' id='word_1_716' title='bbox 1199 5350 1332 5404; x_wconf 80' lang='grc' dir='ltr'>Θεὸν</span> <span class='ocrx_word' id='word_1_717' title='bbox 1381 5347 1612 5414; x_wconf 85' lang='grc' dir='ltr'>πλοῦτος</span> <span class='ocrx_word' id='word_1_718' title='bbox 1634 5365 1759 5402; x_wconf 87' lang='grc' dir='ltr'>παι-</span> 
     </span>
    </p>
   </div>
   <div class='ocr_carea' id='block_1_100' title="bbox 189 5435 1757 5541">
    <p class='ocr_par' dir='ltr' id='par_1_100' title="bbox 189 5435 1757 5541">
     <span class='ocr_line' id='line_1_100' title="bbox 189 5435 1757 5541; baseline -0.008 -35"><span class='ocrx_word' id='word_1_719' title='bbox 189 5451 410 5505; x_wconf 62' lang='lat' dir='ltr'><strong><em>debetur</em></strong></span> <span class='ocrx_word' id='word_1_720' title='bbox 441 5448 523 5503; x_wconf 81' lang='grc' dir='ltr'>διό</span> <span class='ocrx_word' id='word_1_721' title='bbox 556 5460 740 5518; x_wconf 80' lang='grc' dir='ltr'>φησιν·</span> <span class='ocrx_word' id='word_1_722' title='bbox 798 5442 963 5499; x_wconf 80' lang='grc' dir='ltr'>Οὐδέν</span> <span class='ocrx_word' id='word_1_723' title='bbox 1001 5458 1066 5513; x_wconf 80' lang='grc' dir='ltr'><strong><em>με</em></strong></span> <span class='ocrx_word' id='word_1_724' title='bbox 1114 5435 1259 5494; x_wconf 80' lang='grc' dir='ltr'>εἷλεν</span> <span class='ocrx_word' id='word_1_725' title='bbox 1309 5439 1367 5541; x_wconf 70' lang='grc' dir='ltr'><strong><em>ἐν</em></strong></span> <span class='ocrx_word' id='word_1_726' title='bbox 1408 5437 1488 5509; x_wconf 83' lang='grc' dir='ltr'><strong><em>τῷ</em></strong></span> <span class='ocrx_word' id='word_1_727' title='bbox 1532 5438 1757 5510; x_wconf 74' lang='grc' dir='ltr'>παρόντι</span> 
     </span>
    </p>
   </div>
   <div class='ocr_carea' id='block_1_101' title="bbox 250 5575 1287 5650">
    <p class='ocr_par' dir='ltr' id='par_1_101' title="bbox 250 5575 1287 5650">
     <span class='ocr_line' id='line_1_101' title="bbox 250 5575 1287 5650; baseline 0.005 -11"><span class='ocrx_word' id='word_1_728' title='bbox 250 5582 296 5621; x_wconf 70' lang='grc'>⁸³</span> <span class='ocrx_word' id='word_1_729' title='bbox 318 5586 481 5642; x_wconf 85' lang='lat' dir='ltr'><strong><em>Prov.</em></strong></span> <span class='ocrx_word' id='word_1_730' title='bbox 510 5580 736 5650; x_wconf 45' lang='lat'><strong>“525.</strong></span> <span class='ocrx_word' id='word_1_731' title='bbox 808 5577 856 5613; x_wconf 76' lang='lat'><strong>“</strong></span> <span class='ocrx_word' id='word_1_732' title='bbox 884 5575 1074 5635; x_wconf 73' lang='lat' dir='ltr'><strong><em>Matth.</em></strong></span> <span class='ocrx_word' id='word_1_733' title='bbox 1104 5591 1202 5643; x_wconf 68' lang='grc' dir='ltr'><strong><em>νη,</em></strong></span> <span class='ocrx_word' id='word_1_734' title='bbox 1234 5576 1287 5633; x_wconf 78' lang='grc' dir='ltr'><strong><em>6ο</em></strong></span> 
     </span>
    </p>
   </div>
   <div class='ocr_carea' id='block_1_102' title="bbox 256 5711 1554 5794">
    <p class='ocr_par' dir='ltr' id='par_1_102' title="bbox 256 5711 1554 5794">
     <span class='ocr_line' id='line_1_102' title="bbox 256 5711 1554 5794; baseline -0.01 -14"><span class='ocrx_word' id='word_1_735' title='bbox 256 5723 368 5794; x_wconf 70' lang='lat' dir='ltr'><strong><em>(ut</em></strong></span> <span class='ocrx_word' id='word_1_736' title='bbox 401 5722 611 5777; x_wconf 79' lang='lat' dir='ltr'><strong><em>Locum</em></strong></span> <span class='ocrx_word' id='word_1_737' title='bbox 644 5718 899 5777; x_wconf 65' lang='lat' dir='ltr'><strong><em>vitiosum</em></strong></span> <span class='ocrx_word' id='word_1_738' title='bbox 922 5716 1238 5774; x_wconf 71' lang='lat' dir='ltr'><strong><em>auaurando</em></strong></span> <span class='ocrx_word' id='word_1_739' title='bbox 1272 5711 1554 5772; x_wconf 81' lang='lat' dir='ltr'><strong><em>vertimus.</em></strong></span> 
     </span>
    </p>
   </div>
   <div class='ocr_carea' id='block_1_103' title="bbox 1862 4530 3429 4602">
    <p class='ocr_par' dir='ltr' id='par_1_103' title="bbox 1862 4530 3429 4602">
     <span class='ocr_line' id='line_1_103' title="bbox 1862 4530 3429 4602; baseline -0.001 -15"><span class='ocrx_word' id='word_1_740' title='bbox 1862 4532 2197 4602; x_wconf 83' lang='lat' dir='ltr'><strong><em>exquirendo</em></strong></span> <span class='ocrx_word' id='word_1_741' title='bbox 2245 4530 2416 4585; x_wconf 85' lang='lat' dir='ltr'><strong><em>Deum</em></strong></span> <span class='ocrx_word' id='word_1_742' title='bbox 2452 4531 2504 4585; x_wconf 93' lang='lat' dir='ltr'><strong><em>in</em></strong></span> <span class='ocrx_word' id='word_1_743' title='bbox 2552 4539 2663 4584; x_wconf 91' lang='lat' dir='ltr'><strong><em>toto</em></strong></span> <span class='ocrx_word' id='word_1_744' title='bbox 2696 4531 2857 4585; x_wconf 88' lang='lat' dir='ltr'><strong><em>corde</em></strong></span> <span class='ocrx_word' id='word_1_745' title='bbox 2903 4546 3024 4596; x_wconf 89' lang='lat' dir='ltr'><strong><em>suo,</em></strong></span> <span class='ocrx_word' id='word_1_746' title='bbox 3052 4531 3229 4602; x_wconf 91' lang='lat' dir='ltr'><strong><em>ipsum</em></strong></span> <span class='ocrx_word' id='word_1_747' title='bbox 3264 4532 3429 4587; x_wconf 76' lang='lat' dir='ltr'><strong><em>bene-</em></strong></span> 
     </span>
    </p>
   </div>
   <div class='ocr_carea' id='block_1_104' title="bbox 1861 4619 3425 4692">
    <p class='ocr_par' dir='ltr' id='par_1_104' title="bbox 1861 4619 3425 4692">
     <span class='ocr_line' id='line_1_104' title="bbox 1861 4619 3425 4692; baseline 0.003 -18"><span class='ocrx_word' id='word_1_748' title='bbox 1861 4620 1991 4675; x_wconf 87' lang='lat' dir='ltr'><strong><em>dicit</em></strong></span> <span class='ocrx_word' id='word_1_749' title='bbox 2012 4620 2213 4691; x_wconf 83' lang='lat' dir='ltr'><strong><em>gratias</em></strong></span> <span class='ocrx_word' id='word_1_750' title='bbox 2233 4633 2399 4689; x_wconf 83' lang='lat' dir='ltr'><strong><em>agens</em></strong></span> <span class='ocrx_word' id='word_1_751' title='bbox 2424 4619 2489 4674; x_wconf 92' lang='lat' dir='ltr'><strong><em>de</em></strong></span> <span class='ocrx_word' id='word_1_752' title='bbox 2510 4619 2722 4674; x_wconf 88' lang='lat' dir='ltr'><strong><em>collatis</em></strong></span> <span class='ocrx_word' id='word_1_753' title='bbox 2754 4619 2932 4687; x_wconf 90' lang='lat' dir='ltr'><strong><em>bonis,</em></strong></span> <span class='ocrx_word' id='word_1_754' title='bbox 2962 4630 3016 4676; x_wconf 88' lang='lat' dir='ltr'><strong><em>ct</em></strong></span> <span class='ocrx_word' id='word_1_755' title='bbox 3044 4629 3201 4692; x_wconf 85' lang='lat' dir='ltr'><strong><em>rogat</em></strong></span> <span class='ocrx_word' id='word_1_756' title='bbox 3221 4622 3425 4692; x_wconf 90' lang='lat' dir='ltr'><strong><em>abipso</em></strong></span> 
     </span>
    </p>
   </div>
   <div class='ocr_carea' id='block_1_105' title="bbox 1860 4710 3420 4783">
    <p class='ocr_par' dir='ltr' id='par_1_105' title="bbox 1860 4710 3420 4783">
     <span class='ocr_line' id='line_1_105' title="bbox 1860 4710 3420 4783; baseline 0 -16"><span class='ocrx_word' id='word_1_757' title='bbox 1860 4712 2066 4775; x_wconf 89' lang='lat' dir='ltr'><strong><em>doceri,</em></strong></span> <span class='ocrx_word' id='word_1_758' title='bbox 2102 4726 2265 4781; x_wconf 90' lang='lat' dir='ltr'><strong><em>quam</em></strong></span> <span class='ocrx_word' id='word_1_759' title='bbox 2301 4720 2536 4765; x_wconf 90' lang='lat' dir='ltr'><strong><em>mentem</em></strong></span> <span class='ocrx_word' id='word_1_760' title='bbox 2567 4710 2799 4765; x_wconf 86' lang='lat' dir='ltr'><strong><em>habeant</em></strong></span> <span class='ocrx_word' id='word_1_761' title='bbox 2827 4711 3247 4781; x_wconf 82' lang='lat' dir='ltr'><strong><em>justiﬁcationes</em></strong></span> <span class='ocrx_word' id='word_1_762' title='bbox 3279 4712 3420 4783; x_wconf 91' lang='lat' dir='ltr'><strong><em>ejus.</em></strong></span> 
     </span>
    </p>
   </div>
   <div class='ocr_carea' id='block_1_106' title="bbox 1931 4803 3422 4875">
    <p class='ocr_par' dir='ltr' id='par_1_106' title="bbox 1931 4803 3422 4875">
     <span class='ocr_line' id='line_1_106' title="bbox 1931 4803 3422 4875; baseline -0.002 -14"><span class='ocrx_word' id='word_1_763' title='bbox 1931 4805 2017 4861; x_wconf 78' lang='grc'><strong><em>15.</em></strong></span> <span class='ocrx_word' id='word_1_764' title='bbox 2054 4803 2120 4857; x_wconf 89' lang='lat' dir='ltr'><strong><em>In</em></strong></span> <span class='ocrx_word' id='word_1_765' title='bbox 2149 4804 2307 4857; x_wconf 87' lang='lat' dir='ltr'><strong><em>labiis</em></strong></span> <span class='ocrx_word' id='word_1_766' title='bbox 2355 4805 2482 4858; x_wconf 84' lang='lat' dir='ltr'><strong><em>meis</em></strong></span> <span class='ocrx_word' id='word_1_767' title='bbox 2526 4804 2858 4874; x_wconf 78' lang='lat' dir='ltr'><strong><em>pronuntiavi</em></strong></span> <span class='ocrx_word' id='word_1_768' title='bbox 2882 4805 3060 4859; x_wconf 89' lang='lat' dir='ltr'><strong><em>omnia</em></strong></span> <span class='ocrx_word' id='word_1_769' title='bbox 3076 4804 3284 4875; x_wconf 85' lang='lat' dir='ltr'><strong><em>judicia</em></strong></span> <span class='ocrx_word' id='word_1_770' title='bbox 3315 4806 3422 4858; x_wconf 85' lang='lat' dir='ltr'><strong><em>oris</em></strong></span> 
     </span>
    </p>
   </div>
   <div class='ocr_carea' id='block_1_107' title="bbox 1861 4895 3419 4966">
    <p class='ocr_par' dir='ltr' id='par_1_107' title="bbox 1861 4895 3419 4966">
     <span class='ocr_line' id='line_1_107' title="bbox 1861 4895 3419 4966; baseline -0.002 -15"><span class='ocrx_word' id='word_1_771' title='bbox 1861 4898 1958 4952; x_wconf 87' lang='lat' dir='ltr'><strong><em>tui.</em></strong></span> <span class='ocrx_word' id='word_1_772' title='bbox 1982 4895 2114 4963; x_wconf 70' lang='lat' dir='ltr'><strong><em>Qum</em></strong></span> <span class='ocrx_word' id='word_1_773' title='bbox 2139 4895 2398 4951; x_wconf 89' lang='lat' dir='ltr'><strong><em>abscondi</em></strong></span> <span class='ocrx_word' id='word_1_774' title='bbox 2426 4895 2728 4966; x_wconf 87' lang='lat' dir='ltr'><strong><em>oportebat,</em></strong></span> <span class='ocrx_word' id='word_1_775' title='bbox 2758 4895 2955 4966; x_wconf 88' lang='lat' dir='ltr'><strong><em>inquit,</em></strong></span> <span class='ocrx_word' id='word_1_776' title='bbox 2987 4895 3419 4963; x_wconf 88' lang='lat' dir='ltr'><strong><em>abscondebam;</em></strong></span> 
     </span>
    </p>
   </div>
   <div class='ocr_carea' id='block_1_108' title="bbox 1858 4985 3423 5059">
    <p class='ocr_par' dir='ltr' id='par_1_108' title="bbox 1858 4985 3423 5059">
     <span class='ocr_line' id='line_1_108' title="bbox 1858 4985 3423 5059; baseline 0 -18"><span class='ocrx_word' id='word_1_777' title='bbox 1858 5002 1981 5059; x_wconf 72' lang='lat' dir='ltr'><strong><em>qua:</em></strong></span> <span class='ocrx_word' id='word_1_778' title='bbox 2023 4986 2358 5053; x_wconf 89' lang='lat' dir='ltr'><strong><em>renuntiare,</em></strong></span> <span class='ocrx_word' id='word_1_779' title='bbox 2400 4987 2815 5053; x_wconf 88' lang='lat' dir='ltr'><strong><em>renuutiabam;</em></strong></span> <span class='ocrx_word' id='word_1_780' title='bbox 2860 4988 2987 5057; x_wconf 88' lang='lat' dir='ltr'><strong><em>quia</em></strong></span> <span class='ocrx_word' id='word_1_781' title='bbox 3019 4997 3145 5043; x_wconf 88' lang='lat' dir='ltr'><strong><em>ante</em></strong></span> <span class='ocrx_word' id='word_1_782' title='bbox 3182 4985 3423 5042; x_wconf 88' lang='lat' dir='ltr'><strong><em>tribunal</em></strong></span> 
     </span>
    </p>
   </div>
   <div class='ocr_carea' id='block_1_109' title="bbox 1858 5076 3422 5150">
    <p class='ocr_par' dir='ltr' id='par_1_109' title="bbox 1858 5076 3422 5150">
     <span class='ocr_line' id='line_1_109' title="bbox 1858 5076 3422 5150; baseline -0.001 -16"><span class='ocrx_word' id='word_1_783' title='bbox 1858 5088 2013 5134; x_wconf 91' lang='lat' dir='ltr'><strong><em>tuum</em></strong></span> <span class='ocrx_word' id='word_1_784' title='bbox 2043 5092 2234 5133; x_wconf 89' lang='lat' dir='ltr'><strong><em>omnes</em></strong></span> <span class='ocrx_word' id='word_1_785' title='bbox 2256 5076 2497 5134; x_wconf 79' lang='lat' dir='ltr'><strong><em>adfuturi</em></strong></span> <span class='ocrx_word' id='word_1_786' title='bbox 2523 5094 2745 5147; x_wconf 88' lang='lat' dir='ltr'><strong><em>sumus,</em></strong></span> <span class='ocrx_word' id='word_1_787' title='bbox 2775 5087 2837 5135; x_wconf 92' lang='lat' dir='ltr'><strong><em>ut</em></strong></span> <span class='ocrx_word' id='word_1_788' title='bbox 2868 5079 3199 5150; x_wconf 86' lang='lat' dir='ltr'><strong><em>accipiamus</em></strong></span> <span class='ocrx_word' id='word_1_789' title='bbox 3226 5092 3422 5134; x_wconf 85' lang='lat' dir='ltr'><strong><em>secun-</em></strong></span> 
     </span>
    </p>
   </div>
   <div class='ocr_carea' id='block_1_110' title="bbox 1856 5169 2411 5239">
    <p class='ocr_par' dir='ltr' id='par_1_110' title="bbox 1856 5169 2411 5239">
     <span class='ocr_line' id='line_1_110' title="bbox 1856 5169 2411 5239; baseline -0.009 -13"><span class='ocrx_word' id='word_1_790' title='bbox 1856 5169 1986 5226; x_wconf 90' lang='lat' dir='ltr'><strong><em>dum</em></strong></span> <span class='ocrx_word' id='word_1_791' title='bbox 2011 5183 2175 5239; x_wconf 87' lang='lat' dir='ltr'><strong><em>opera</em></strong></span> <span class='ocrx_word' id='word_1_792' title='bbox 2207 5177 2411 5224; x_wconf 88' lang='lat' dir='ltr'><strong><em>nostra.</em></strong></span> 
     </span>
    </p>
   </div>
   <div class='ocr_carea' id='block_1_111' title="bbox 1942 5258 3420 5326">
    <p class='ocr_par' dir='ltr' id='par_1_111' title="bbox 1942 5258 3420 5326">
     <span class='ocr_line' id='line_1_111' title="bbox 1942 5258 3420 5326; baseline 0.001 -10"><span class='ocrx_word' id='word_1_793' title='bbox 1942 5262 2031 5316; x_wconf 77' lang='lat' dir='ltr'><strong><em>M.</em></strong></span> <span class='ocrx_word' id='word_1_794' title='bbox 2066 5260 2130 5316; x_wconf 86' lang='lat' dir='ltr'><strong><em>In</em></strong></span> <span class='ocrx_word' id='word_1_795' title='bbox 2162 5262 2246 5316; x_wconf 80' lang='lat' dir='ltr'><strong><em>ria</em></strong></span> <span class='ocrx_word' id='word_1_796' title='bbox 2275 5260 2692 5315; x_wconf 87' lang='lat' dir='ltr'><strong><em>testimoniorum</em></strong></span> <span class='ocrx_word' id='word_1_797' title='bbox 2724 5268 2932 5313; x_wconf 88' lang='lat' dir='ltr'><strong><em>tuorum</em></strong></span> <span class='ocrx_word' id='word_1_798' title='bbox 2961 5258 3251 5317; x_wconf 78' lang='lat' dir='ltr'><strong><em>delectatus</em></strong></span> <span class='ocrx_word' id='word_1_799' title='bbox 3279 5276 3420 5326; x_wconf 82' lang='lat' dir='ltr'><strong><em>sum,</em></strong></span> 
     </span>
    </p>
   </div>
   <div class='ocr_carea' id='block_1_112' title="bbox 1856 5349 3424 5422">
    <p class='ocr_par' dir='ltr' id='par_1_112' title="bbox 1856 5349 3424 5422">
     <span class='ocr_line' id='line_1_112' title="bbox 1856 5349 3424 5422; baseline -0.001 -13"><span class='ocrx_word' id='word_1_800' title='bbox 1856 5355 1992 5410; x_wconf 82' lang='lat' dir='ltr'><strong><em>sicut</em></strong></span> <span class='ocrx_word' id='word_1_801' title='bbox 2039 5354 2096 5408; x_wconf 89' lang='lat' dir='ltr'><strong><em>in</em></strong></span> <span class='ocrx_word' id='word_1_802' title='bbox 2137 5352 2376 5407; x_wconf 85' lang='lat' dir='ltr'><strong><em>omnibus</em></strong></span> <span class='ocrx_word' id='word_1_803' title='bbox 2415 5351 2638 5406; x_wconf 79' lang='lat' dir='ltr'><strong><em>divitiis.</em></strong></span> <span class='ocrx_word' id='word_1_804' title='bbox 2693 5349 2965 5406; x_wconf 79' lang='lat' dir='ltr'><strong><em>Edocetur</em></strong></span> <span class='ocrx_word' id='word_1_805' title='bbox 2998 5366 3248 5422; x_wconf 68' lang='lat' dir='ltr'><strong><em>quaenam</em></strong></span> <span class='ocrx_word' id='word_1_806' title='bbox 3294 5363 3424 5411; x_wconf 81' lang='lat' dir='ltr'><strong><em>sunt</em></strong></span> 
     </span>
    </p>
   </div>
   <div class='ocr_carea' id='block_1_113' title="bbox 1857 5438 3419 5511">
    <p class='ocr_par' dir='ltr' id='par_1_113' title="bbox 1857 5438 3419 5511">
     <span class='ocr_line' id='line_1_113' title="bbox 1857 5438 3419 5511; baseline -0.004 -6"><span class='ocrx_word' id='word_1_807' title='bbox 1857 5447 2160 5505; x_wconf 87' lang='lat' dir='ltr'><strong><em>secundum</em></strong></span> <span class='ocrx_word' id='word_1_808' title='bbox 2216 5442 2388 5499; x_wconf 89' lang='lat' dir='ltr'><strong><em>Deum</em></strong></span> <span class='ocrx_word' id='word_1_809' title='bbox 2433 5440 2673 5509; x_wconf 73' lang='lat' dir='ltr'><strong><em>divitiae;</em></strong></span> <span class='ocrx_word' id='word_1_810' title='bbox 2716 5440 3075 5511; x_wconf 85' lang='lat' dir='ltr'><strong><em>quamobrem</em></strong></span> <span class='ocrx_word' id='word_1_811' title='bbox 3122 5438 3419 5499; x_wconf 69' lang='lat' dir='ltr'><strong><em>aitz&#39;ﬂihll</em></strong></span> 
     </span>
    </p>
   </div>
   <div class='ocr_carea' id='block_1_114' title="bbox 1908 5689 3107 5775">
    <p class='ocr_par' dir='ltr' id='par_1_114' title="bbox 1908 5689 3107 5775">
     <span class='ocr_line' id='line_1_114' title="bbox 1908 5689 3107 5775; baseline 0.003 -25"><span class='ocrx_word' id='word_1_812' title='bbox 1908 5693 2041 5771; x_wconf 43' lang='grc'><strong><em>,(45)</em></strong></span> <span class='ocrx_word' id='word_1_813' title='bbox 2067 5694 2125 5752; x_wconf 91' lang='lat' dir='ltr'><strong><em>ln</em></strong></span> <span class='ocrx_word' id='word_1_814' title='bbox 2156 5696 2284 5763; x_wconf 69' lang='lat' dir='ltr'><strong><em>Reg.</em></strong></span> <span class='ocrx_word' id='word_1_815' title='bbox 2314 5694 2350 5750; x_wconf 73' lang='grc' dir='ltr'><strong>Ξ</strong></span> <span class='ocrx_word' id='word_1_816' title='bbox 2377 5695 2490 5753; x_wconf 75' lang='lat' dir='ltr'><strong><em>lucc</em></strong></span> <span class='ocrx_word' id='word_1_817' title='bbox 2514 5694 2770 5775; x_wconf 84' lang='lat' dir='ltr'><strong><em>dicuntur</em></strong></span> <span class='ocrx_word' id='word_1_818' title='bbox 2790 5692 3073 5769; x_wconf 13' lang='lat' dir='ltr'><strong><em>,Hesyebii.</em></strong></span> <span class='ocrx_word' id='word_1_819' title='bbox 3103 5689 3107 5693; x_wconf 74' lang='grc'><em>’</em></span> 
     </span>
    </p>
   </div>
   <div class='ocr_carea' id='block_1_115' title="bbox 1828 5828 1880 5839">
    <p class='ocr_par' dir='ltr' id='par_1_115' title="bbox 1828 5828 1880 5839">
     <span class='ocr_line' id='line_1_115' title="bbox 1828 5828 1880 5839; baseline 0.019 -1"><span class='ocrx_word' id='word_1_820' title='bbox 1828 5828 1880 5839; x_wconf 52' lang='grc'><strong><em>,-</em></strong></span> 
     </span>
    </p>
   </div>
  </div>
