3778 6276
170 253 281 310 ιρε

170 458 405 529 repsit:
436 458 536 511 καὶ
578 461 1007 530 προσεύχεσθε.

251 549 442 603 Ὀδὸν
500 549 740 617 ἀδικίας
756 553 1136 622 ’ἀπόστησον
1181 556 1281 609 ἀπ’
1326 557 1494 627 ἐμοῦ,
1533 560 1631 614 καὶ
1688 560 1769 628 τῷ

1274 258 1636 318 ΕΧΡΟΞΙΤΙΟ
1675 262 1743 318 IN
1780 263 2112 322 PSALMUM
2149 265 2379 323 CXVIII.

172 387 296 439 φειν
325 384 426 422 ουν
475 367 571 422 καὶ
608 371 904 442 γρηγορεῖν
937 369 1042 443 χρὴ
1088 371 1178 425 διὰ
1218 372 1310 426 τὸν
1343 374 1582 431 εἰπόντα·
1614 380 1761 447 Γρη-

1915 394 2032 449 gere
2057 388 2111 437 ct
2140 380 2365 451 vigilare
2388 382 2643 438 convenit
2664 394 2884 457 prapter
2915 402 3041 444 eum

3331 284 3441 341 ιεο

3083 407 3178 462 qut
3200 392 3333 451 dicit
3353 398 3397 432 ⁸⁷
3419 417 3437 455 :

1882 474 2106 545 Vigilate
2136 486 2185 530 et
2213 486 2380 533 orate.
3203 482 3211 490 ’

1945 566 2039 630 29,
2066 566 2155 622 50.
2199 568 2352 623 Viam
2394 572 2693 641 iniquitatis
2724 590 2904 629 amove
2944 593 2975 630 a
3022 593 3124 639 me.
3150 587 3199 633 et
3229 579 3294 634 de
3332 580 3440 653 lege

170 645 336 710 νόμῳ
357 659 485 696 σου
514 642 784 710 ἐλέησόν
823 663 925 714 με.
968 646 1137 701 Ὀδὸν
1158 649 1439 717 ἀληθείας
1493 653 1761 721 {merccd-

1915 675 1962 711 ια
1990 659 2231 713 miserere
2249 661 2369 715 mei.
2403 660 2555 716 Viam
2585 665 2823 719 veritatis
2854 666 3006 735 elegi.
3047 668 3182 722 Illud
3216 642 3440 739 quidein

165 751 310 803 μηδ’.
348 732 429 785 Τὸ
461 734 565 803 μὲν
588 734 731 786 αἰτεῖ
757 735 908 807 παρὰ
934 736 1090 803 Θεοῦ,
1119 739 1179 791 τὸ
1200 739 1257 792 δὲ
1290 740 1468 811 ἑαυτῷ
1494 743 1766 815 εἰσφέρειν

169 823 451 893 ὁμολογεῖ.

252 917 686 986 Ἀπόστρεψον
746 918 887 986 τοὺς
943 922 1289 994 ὀφθαλμούς
1343 944 1463 995 μου
1526 928 1636 981 ⁴τοῦ
1676 898 1773 996 μὴ,

175 1007 319 1061 ἰδεῖν
342 1011 746 1076 pacatorum.
773 1012 1084 1083 Ματαιότης
1130 1016 1331 1087 ἐστὶνὴ
1358 1018 1485 1089 περὶ
1512 1018 1609 1081 τὰς
1638 1018 1765 1081 θέας

175 1101 359 1169 μανία,
393 1106 432 1174 ἠ
471 1102 735 1173 περὶτῶν
768 1104 841 1175 μὴ
863 1104 1089 1159 δεόντων
1135 1106 1354 1180 θεωρία,
1406 1112 1499 1164 καὶ
1536 1112 1569 1182 ἡ
1623 1112 1763 1166 κατὰ

170 1193 411 1247 διένοιαν
470 1194 532 1249 δὲ
580 1196 780 1261 ἄτοπος
816 1199 1105 1266 φαντασία,
1159 1202 1225 1272 ἢν
1282 1202 1377 1255 καὶ
1428 1204 1765 1276 σαφηνίζειό

172 1284 383 1349 Παῦλος
416 1285 619 1354 λέγων’
665 1286 768 1340 Ἐν
824 1291 1172 1360 ματαιότητι
1236 1294 1342 1347 τοῦ
1373 1294 1515 1361 νοὸς
1565 1295 1766 1350 αὐτῶν

170 1378 577 1445 ἐσκοτωμένοι
608 1376 684 1445 τῇ
716 1377 947 1447 διανοίᾳ
980 1380 1168 1449 ὄντες,
1220 1385 1765 1457 ἀπηλλοτριωμένοι

171 1468 272 1535 τῆς
299 1468 462 1537 ζωῆς
492 1470 603 1523 τοῦ
641 1471 811 1525 Θεοῦ.
858 1473 1000 1545 Ὅρα
1029 1476 1368 1549 ματαιότητα
1394 1479 1514 1543 νοὸς
1537 1479 1765 1551 λεγομέ-

170 1577 279 1630 νην,
309 1562 398 1613 ὅτ’
427 1560 500 1614 ἂν
538 1564 640 1633 σχῇ
676 1579 761 1628 τις
787 1564 932 1628 νοῦν,
969 1568 1063 1620 καὶ
1116 1568 1305 1623 τούτου
1365 1571 1439 1643 μὴ
1493 1575 1764 1646 χρήσηται

170 1654 295 1723 πρὸς
323 1654 434 1723 τὴν
457 1653 573 1706 τῶν
601 1653 819 1726 ἀληθῶν
867 1656 1119 1729 θεωρίαν,
1148 1661 1284 1715 ἀλλὰ
1327 1664 1555 1735 παρέχει
1602 1666 1763 1721 αὑτὸν

1864 767 1895 806 a
1929 751 2039 808 Deo
2068 753 2324 822 postulat,
2348 755 2452 810 hoc
2475 770 2535 811 se
2557 756 2658 811 sibi
2687 758 2960 814 ascribere
2988 760 3296 817 conﬁtetur.

1937 919 2025 974 57.
2057 923 2242 975 Averte
2266 922 2446 976 oculos
2495 939 2634 977 meos
2662 940 2724 977 ne
2754 922 2960 978 videant
2998 926 3306 981 vanitatem.
3331 924 3442 982 Va-

1865 992 2008 1067 nitas
2023 1020 2106 1067 est
2126 1014 2561 1082 spectaculorum
2593 1015 2816 1070 insanus
2840 1031 3016 1083 amor,
3041 1016 3227 1071 illicita
3256 1032 3441 1073 rerum

1866 1105 2200 1175 speculatio,
2247 1107 2489 1161 absurda
2537 1107 2822 1176 phantasia
2863 1109 2920 1163 in
2974 1118 3152 1165 mente
3197 1121 3437 1181 recepta,

1863 1211 2026 1266 quam
2052 1197 2321 1267 signiﬁcat
2343 1197 2546 1254 Paulus
2578 1200 2662 1254 bis
2693 1200 2872 1256 verbis
2900 1218 2913 1254 :
2947 1200 3014 1255 In
3036 1202 3265 1256 vanitate
3290 1220 3439 1257 men-

1865 1289 1934 1343 tis
1986 1305 2130 1353 sure,
2166 1291 2389 1345 tenebris
2433 1292 2769 1346 obscuratum
2810 1292 3054 1348 habentes
3091 1294 3436 1362 intellectum,

1866 1365 2085 1437 alienati
2112 1400 2144 1436 a
2176 1383 2282 1437 vita
2310 1383 2405 1437 Dei
2428 1384 2495 1438 ".
2526 1384 2910 1440 Animadverte
2928 1386 3217 1441 vanitatem
3239 1388 3439 1443 mentis

1864 1471 1994 1535 dici.
2020 1487 2143 1527 cum
2177 1470 2301 1541 quis
2338 1481 2517 1527 mente
2551 1474 2783 1542 pollens,
2807 1488 2871 1528 ea
2902 1488 3009 1527 non
3050 1475 3219 1528 utitur
3247 1475 3315 1529 ad
3345 1489 3440 1529 ve-

1864 1563 2046 1618 ritatis
2106 1564 2661 1634 contemplationem;
2691 1564 2785 1619 sed
2826 1565 3029 1634 praebet
3066 1581 3185 1619 eam
3223 1563 3441 1641 Satanae

1867 1654 2161 1726 colliganti.
2217 1654 2335 1711 Hoc
2370 1655 2538 1727 igitur
2571 1656 2846 1726 precando
2873 1657 2951 1711 ait
2980 1673 2995 1711 :
3029 1657 3215 1712 Averte
3261 1659 3439 1721 oculos

169 1742 239 1812 τῷ
280 1742 618 1824 δεσμεύοντι
672 1746 905 1818 Σατανᾷ.
942 1748 1112 1804 Τοῦτο
1137 1746 1323 1807 τοίνυν
1342 1754 1631 1825 εὐχόμενός
1659 1775 1761 1827 φη-

1915 1762 2005 1801 eos
2047 1763 2110 1801 ne
2153 1747 2363 1801 videant
2407 1748 2687 1802 vanitates.
2733 1746 2870 1802 Nam
2899 1757 2949 1803 et
2985 1747 3115 1804 illud
3144 1749 3315 1819 gratia
3346 1748 3442 1804 Dei

172 1849 265 1885 σιν·
316 1834 754 1904 Ἀπόστρεψον
795 1838 937 1905 τοὺς
984 1842 1329 1912 ὀφθαλμούς
1370 1862 1489 1914 μου
1518 1847 1626 1901 τοῦ
1674 1848 1760 1918 μὴ

166 1924 311 1977 ιεεῗν
354 1927 791 1995 ματαιότητας.
843 1930 955 1983 Καὶ
1003 1932 1162 1986 τοῦτο
1220 1934 1329 2005 γὰρ
1387 1938 1544 2008 χάρις
1602 1938 1760 1993 Θεοῦ.

173 2017 277 2071 Τοῦ
314 2020 539 2073 αὑτοῦ.
579 2019 661 2073 Τὰ
704 2022 763 2074 ὲν
788 2022 999 2094 σώματι
1020 2025 1197 2097 ὡραῖα
1227 2029 1319 2081 καὶ
1345 2030 1546 2102 σαρκὸς
1567 2031 1763 2100 ὀφθαλ-

167 2112 284 2178 μοῖς
320 2109 635 2180 φαινόμενα
659 2112 820 2176 καλὰ,
848 2114 1178 2184 ματαιότητα
1199 2117 1480 2173 ἀποκαλεῖ.

233 2204 485 2275 Στῆσον
529 2206 611 2273 τῷ
653 2207 855 2276 δούλῳ
886 2225 1003 2264 σου
1043 2211 1108 2264 τὸ
1141 2213 1352 2282 λόγιόν
1383 2232 1499 2269 σου
1523 2218 1611 2282 είς
1654 2217 1763 2270 τὸν

164 2296 354 2364 φύσει·
401 2313 547 2351 σου.
598 2296 817 2370 Ἐπειδὴ
856 2301 1203 2371 παιδαγωγοῦ
1230 2303 1386 2376 δίκην
1409 2307 1702 2375 ἀναγκαῖος
1732 2309 1760 2361 ὁ

166 2386 330 2454 φόϐος
359 2386 459 2439 τοῦ
492 2387 629 2442 Θεοῦ
676 2391 735 2442 ὲν
785 2392 986 2456 πάσαις
1032 2394 1290 2459 ἐντολαῖς·
1365 2395 1555 2450 τούτου
1600 2400 1759 2471 χάριν

165 2476 461 2544 ἐφιστάναι
513 2479 666 2549 αὐτῷ
722 2480 882 2535 αὑτὸν
941 2482 1158 2554 εὔχεται
1209 2486 1299 2539 τὸν
1356 2486 1508 2540 Θεόν.
1558 2488 1631 2541 Τὸ
1679 2489 1756 2553 δὲ,

165 2567 415 2633 Περίελε
447 2566 561 2621 τόν
608 2569 954 2641 όνειδισμόν
989 2591 1130 2643 μου,
1180 2575 1318 2646 μετὰ
1356 2577 1418 2630 τὸ
1466 2580 1758 2652 ἐπιστῆσαι

164 2659 360 2732 ὥσπερ
403 2661 528 2714 τινὰ
574 2661 791 2732 φύλακα
849 2665 955 2718 τῶν
1014 2666 1170 2719 θείων
1203 2668 1400 2738 νόμων.
1460 2670 1571 2723 Καὶ
1627 2672 1757 2744 περὶ

164 2745 243 2804 ὧν
275 2752 384 2823 ήδη
444 2754 712 2825 πρότερον
763 2757 1002 2827 συνέγνω
1034 2760 1222 2814 ἑαυτὸν
1252 2761 1468 2817 ὀνειδῶν
1506 2762 1756 2835 ἐξομολο-

166 2848 369 2911 γείται.

240 2937 490 3006 Στῆσον
525 2938 607 3005 τῷ
638 2940 836 3014 δούλῳ
873 2957 990 3001 σου
1042 2944 1109 2998 τό
1161 2948 1370 3019 λόγιόν
1399 2963 1537 3003 σου.
1603 2951 1756 3005 Ἐπεὶ

164 3028 355 3091 δοῦλός
385 3044 480 3081 σου
506 3031 794 3099 τυγχάνων
851 3032 1121 3103 φοόοὖμαί
1150 3051 1229 3100 σε,
1260 3034 1519 3107 βούλομαι
1565 3038 1621 3092 δὲ
1668 3040 1757 3094 λο-

1865 1845 1970 1894 est.
2008 1836 2284 1907 Ejusdem.
2310 1838 2584 1908 Corporea
2608 1854 2731 1908 quae
2752 1840 2996 1908 speciosa
3037 1849 3195 1907 sunt,
3224 1850 3277 1896 et
3304 1856 3409 1897 ocu
3436 1869 3443 1879 ε

1864 1931 1934 1987 lis
1956 1931 2139 1986 carnis
2166 1931 2397 1999 pulchra
2423 1931 2695 1995 videntur,
2725 1931 3020 1985 vanitatem
3049 1932 3302 2003 appellat.

1938 2193 2027 2251 58.
2055 2194 2242 2250 Statue
2265 2210 2411 2249 servo
2440 2202 2532 2248 tuo
2560 2193 2826 2265 eloquium
2852 2206 2998 2249 tuum
3024 2197 3080 2250 in
3113 2198 3300 2252 timore
3321 2205 3433 2255 tuo.

1862 2287 2130 2353 Quoniam
2159 2288 2213 2343 in
2243 2289 2498 2343 omnibus
2529 2290 2813 2360 praeceptis
2844 2291 3007 2345 timor
3040 2289 3133 2346 Dei
3163 2292 3439 2366 paedagogi

1864 2378 2037 2432 instar
2076 2380 2422 2436 necessarius
2454 2389 2538 2436 est
2559 2422 2573 2447 ,
2608 2381 2728 2436 ideo
2767 2392 2923 2452 rugat
2948 2380 3117 2437 Deum
3150 2391 3212 2438 ut
3232 2392 3442 2439 statuat

1860 2469 1965 2524 sibi
1994 2469 2168 2524 illum.
2199 2469 2333 2527 Illud
2372 2481 2553 2527 autem
2576 2492 2590 2527 :
2613 2474 2844 2543 Amputa
2871 2475 3209 2544 opprobrium
3240 2491 3435 2545 meum,

1859 2561 1993 2617 dicit
2011 2572 2298 2634 postquam
2342 2567 2632 2635 quemdam
2660 2582 2760 2622 ceu
2800 2568 3085 2623 custodem
3119 2568 3435 2625 divinarum

1858 2655 2039 2727 legum
2090 2657 2395 2713 constituit.
2441 2658 2637 2729 Etjam
2673 2660 2869 2716 iterum
2901 2662 3194 2716 conﬁtetur
3236 2676 3438 2731 oppro-

1857 2748 1976 2805 bria
1998 2749 2068 2805 de
2097 2750 2298 2821 quibus
2331 2752 2486 2822 prius
2515 2768 2574 2808 se
2601 2753 2702 2809 sibi
2743 2754 3026 2810 conscium
3049 2769 3172 2811 esse
3197 2755 3433 2811 dixerat.

1933 2946 2121 3001 Statue
2140 2963 2287 3001 servo
2315 2956 2403 3001 tuo
2430 2946 2695 3017 eloquium
2725 2958 2895 3003 tuum.
2922 2947 3060 3015 Quia
3091 2964 3282 3005 servus
3303 2957 3431 3005 tuus

1858 3052 1981 3093 cum
2011 3038 2133 3101 sim,
2170 3039 2335 3093 timeo
2372 3048 2442 3104 te,
2468 3039 2699 3109 veloque
2727 3039 3125 3094 rationabiliter
3149 3047 3204 3095 et
3234 3054 3435 3096 secun-

164 3119 340 3184 γικῶς
362 3121 459 3174 καὶ
506 3121 647 3175 κατὰ
700 3122 791 3175 τὸν
841 3099 997 3193 λόγον
1025 3099 1208 3194 -φόϐον
1242 3099 1642 3201 έχεινίστῆσον
1692 3131 1753 3185 τὸ

1915 3145 1984 3183 Im
2009 3099 2231 3184 verbum
2254 3130 2503 3184 timorem
2528 3099 2751 3193 habere,
2772 3138 2947 3185 statue
2975 3131 3253 3201 eloquium
3280 3139 3434 3186 tuum

165 3212 349 3279 λόγιόν
381 3229 477 3265 σου
505 3214 587 3275 είς
611 3213 704 3265 τὸν
750 3214 912 3284 φόδον
947 3233 1062 3280 σου,
1084 3217 1174 3270 τὸν
1202 3218 1331 3272 ὄντα
1378 3220 1489 3287 σὸν,
1519 3223 1620 3275 οὐκ
1660 3223 1752 3293 ἀφ’

164 3295 225 3355 οὗ
252 3304 394 3375 φοϐῇ
430 3306 521 3367 σὺ,
549 3304 663 3357 ἀλλ’
694 3305 786 3373 ἀφ’
819 3301 879 3360 οὗ
932 3305 1044 3374 ἐγὼ
1089 3307 1361 3379 φοϐοῦμαι
1413 3328 1491 3363 σε.
1527 3312 1645 3366 Ἵνα
1678 3314 1751 3386 μὴ

164 3395 219 3447 δὲ
237 3394 367 3448 ἄνευ
398 3394 562 3463 λόγου
598 3395 782 3463 φόϐον,
814 3397 948 3468 μηδὲ
984 3398 1112 3452 ἄνευ
1138 3400 1303 3467 φόὸου
1334 3401 1489 3471 λόγον
1519 3402 1748 3475 ἔχωμεν·

167 3483 348 3556 ἵστησι
369 3484 430 3537 δὲ
461 3487 491 3537 ό
523 3484 738 3548 Θεὸς-τὸ
771 3486 947 3556 λόγιον
999 3489 1164 3542 αὑτοῦ
1215 3492 1294 3554 εἰς
1333 3492 1424 3545 τὸν
1467 3494 1629 3562 φόϐον
1655 3495 1753 3549 αὑ-

166 3576 279 3639 τοῦ,
333 3576 570 3646 βεὸαιῶν
606 3578 674 3630 δι’
725 3579 1051 3644 ἀποδείξεως
1106 3583 1240 3636 αὐτὸ
1271 3587 1385 3648 τοῖς
1444 3587 1757 3643 εὐλαϐέσιν.

168 3666 380 3739 ’Ὡσπερ
415 3668 526 3739 γάρ
554 3669 699 3733 τινές
736 3672 872 3723 εἰσιν
905 3671 1121 3742 ἔχοντες
1148 3672 1330 3743 ζῆλον,
1378 3674 1494 3728 ἀλλ’
1526 3678 1586 3729 οὑ
1631 3680 1751 3731 κατ’

168 3760 484 3828 ἐπίγνωσιν,
532 3760 707 3825 οὕτως
748 3762 854 3815 είσί
900 3780 1048 3827 τινες
1106 3763 1321 3835 ἔχοντες
1377 3766 1541 3829 φόϐον
1590 3766 1748 3834 Θεοῦ,

299 3854 363 3905 οὐ
417 3855 543 3907 κατ’
574 3853 887 3923 ἐπίγνωσιν.
924 3857 1172 3924 Περίελε
1230 3859 1340 3913 τὸν
1408 3860 1753 3931 ὀνειδισμόν

160 3961 274 4009 μου
292 3943 368 3997 ὃν
392 3943 785 3999 ὑπώπτευσα.
813 3946 1053 4019 Ποιήσας
1074 3949 1103 4000 6
1137 3952 1421 4023 προφήτης
1444 3950 1520 4015 ὡς
1552 3952 1753 4024 ἄνθρω-

167 4052 261 4098 1:3;
289 4035 596 4107 ἁμαρτίαν,
644 4038 972 4108 παρακαλεῖ,
1027 4041 1150 4094 ἐπεὶ
1186 4044 1287 4115 ὁρᾷ
1323 4043 1412 4097 τὸν
1447 4044 1751 4116 ὀνειδισμὸν

166 4126 678 4197 πιρακολουθοῦντα
707 4129 766 4180 ὲν
808 4128 886 4199 τῷ
918 4128 1047 4200 θείῳ
1093 4130 1429 4205 δικαστηρίῳ
1461 4134 1598 4205 μετὰ
1654 4134 1750 4206 τὴν

165 4218 479 4285 ἀνάστασιν,
533 4219 628 4271 καὶ
660 4219 809 4288 λέγει
856 4221 948 4275 τὸν
976 4223 1330 4294 προκείμενον
1385 4227 1585 4296 στίχον.
1638 4227 1752 4280 Οὐκ

166 4309 225 4361 ἂν
246 4310 305 4363 δὲ
319 4310 508 4378 λέγοις
535 4309 698 4364 τοῦτο
723 4312 918 4381 λέγων’
937 4314 1162 4385 Περίελε
1185 4315 1276 4369 τὸν
1298 4316 1601 4387 ὁνειδισμόν
1630 4334 1745 4370 σου.

1856 3215 1911 3269 in
1948 3215 2202 3269 timorem
2252 3224 2403 3270 tuum
2438 3233 2451 3269 :
2481 3216 2575 3286 qui
2605 3230 2794 3270 revera
2845 3223 2974 3271 tuus
3020 3226 3125 3283 est,
3152 3232 3260 3272 non
3286 3221 3434 3288 quod

1853 3315 1913 3361 tu
1942 3307 2157 3373 timeas,
2185 3307 2279 3363 sed
2298 3308 2425 3377 quia
2452 3323 2552 3378 ego
2579 3308 2745 3363 timeo
2776 3316 2846 3364 te.
2883 3306 2950 3363 Ut
2973 3317 3154 3366 autem
3186 3324 3287 3365 nec
3310 3309 3433 3366 sine

1851 3398 2019 3453 verbo
2043 3399 2314 3464 timorem,
2346 3414 2448 3454 nec
2475 3399 2593 3453 sine
2621 3398 2819 3454 timore
2846 3400 3073 3453 verbum
3101 3399 3431 3464 habeamus,

1853 3489 2046 3544 statuit
2074 3503 2208 3543 sane
2233 3487 2375 3544 Deus
2397 3488 2675 3558 eloquium
2695 3504 2855 3544 suum
2888 3489 2941 3543 in
2967 3490 3216 3544 timorem
3244 3504 3430 3553 suum,

1853 3596 1950 3650 per
1972 3588 2119 3635 certa
2151 3589 2468 3651 argumenta
2501 3581 2725 3634 tirmans
2754 3580 2883 3634 illud
2911 3580 3054 3649 apud
3092 3580 3213 3649 pios
3247 3581 3429 3636 homi-

1852 3689 1969 3729 nes.
1998 3673 2466 3741 Quemadmodum
2513 3674 2659 3728 enim
2697 3674 2917 3744 quidam
2943 3683 3070 3727 sunt
3113 3674 3287 3728 zelum
3328 3674 3430 3730 ha-

1850 3764 2062 3831 bentes,
2106 3764 2202 3819 sed
2242 3779 2354 3820 non
2407 3765 2709 3820 secundum
2750 3765 3033 3821 scientiam
3079 3764 3160 3832 δ’,
3196 3766 3269 3820 ita
3302 3774 3434 3823 sunt

1851 3850 2073 3920 quidam
2102 3852 2363 3909 habentes
2408 3854 2660 3910 timorem
2695 3854 2821 3921 Dei,
2866 3854 2961 3911 sed
2988 3869 3093 3909 non
3129 3856 3429 3912 secundum

1851 3943 2156 3998 scientiam.
2187 3944 2414 4015 Amputa
2449 3945 2782 4016 opprobrium
2823 3962 3029 4011 meum,
3064 3948 3203 4019 quod
3253 3949 3431 4019 suspi-

1850 4042 2000 4086 catus
2028 4050 2164 4088 sum.
2193 4034 2326 4090 Cum
2360 4034 2628 4106 Propheta
2674 4047 2955 4107 peccasset
3002 4048 3061 4093 ut
3091 4040 3279 4104 homo,
3310 4048 3432 4096 orat

1848 4134 1903 4179 et
1934 4124 2256 4195 deprecatur
2288 4128 2640 4197 opprobrium
2677 4130 2824 4200 quod
2854 4129 3096 4185 futurum
3130 4130 3275 4186 videt
3306 4140 3432 4201 post

1851 4219 2313 4273 resurrectionem
2359 4220 2414 4273 in
2457 4220 2644 4275 divino
2683 4222 2963 4284 tribunali,
2994 4232 3049 4277 et
3069 4223 3259 4277 recitat
3282 4222 3428 4278 hunc

1852 4324 2095 4365 versum.
2130 4308 2316 4381 Neque
2339 4311 2542 4367 dixeris
2572 4314 2674 4367 hoc
2705 4313 2865 4368 modo
2900 4331 2914 4367 :
2944 4314 3180 4383 Amputa
3220 4328 3424 4383 oppro-

166 4400 330 4457 Ὅταν
357 4402 473 4473 γὰρ
510 4402 837 4473 ὀνειδίζομαι
885 4404 974 4459 διὰ
1018 4405 1109 4459 τὸν
1147 4407 1417 4478 Χριστὸν,
1471 4409 1676 4471 ἐκεῖνος
1719 4409 1749 4461 ὁ

1915 4402 2034 4455 ium
2069 4411 2246 4456 tuum.
2276 4400 2412 4456 Nam
2445 4420 2565 4458 cum
2606 4404 2915 4473 opprobriis
2959 4404 3165 4459 allieior
3206 4413 3429 4477 propter

165 4492 464 4563 ὀνειδισμὸς
483 4493 585 4544 οὐκ
619 4491 768 4545 ἐστιν
801 4493 953 4563 ἐμὸς,
1002 4494 1140 4547 ἀλλὰ
1167 4493 1262 4547 τοῦ
1307 4495 1566 4567 Χριστοῦ·
1618 4497 1747 4550 ὅταν

1915 4491 2157 4558 Iristum,
2204 4492 2336 4546 illud
2380 4493 2731 4563 opprobrium
2790 4507 2900 4547 non
2954 4502 3041 4549 est
3088 4509 3295 4561 meum,
3331 4498 3427 4553 sed

165 4584 217 4637 δὲ
246 4585 580 4657 ὀνειδίζομαι
604 4586 695 4641 διὰ
718 4585 818 4651 τὰς
848 4589 988 4659 ἐμὰς
1020 4590 1313 4661 ἁμαρτίας,
1348 4591 1443 4644 καὶ
1472 4591 1546 4663 μὴ
1579 4606 1744 4662 μετα-

165 4675 284 4742 νοῶ,
306 4678 410 4730 οὐκ
442 4676 645 4746 ὀφείλω
695 4676 893 4745 λέγειν·
949 4680 1195 4748 Περίελε
1242 4680 1350 4734 τὸν
1400 4681 1745 4752 ὀνειδισμόν

158 4785 273 4836 μου
324 4768 430 4823 ἀπ’
460 4768 632 4838 ἐμοῦ,
668 4768 742 4822 ὃν
794 4768 1181 4837 ὑπώπτευσα,
1230 4771 1319 4826 ὅτι
1375 4772 1448 4827 τὰ
1474 4772 1745 4844 ,χρίματὰ

163 4873 275 4913 σου
298 4860 559 4930 χρηστά.

240 4949 388 5005 Ἰδοὺ
411 4951 766 5020 ἐπεθύμησα
789 4950 893 5018 τὰς
912 4951 1166 5020 ἐντολάς
1185 4966 1323 5020 σου,
1347 4953 1417 5007 ἐν
1436 4952 1511 5025 τῇ
1525 4954 1745 5010 δικαιο-

163 5042 317 5110 σύνῃ
370 5057 491 5095 σου
534 5040 727 5111 ζῆσόν
759 5059 854 5113 με.
901 5043 1159 5114 Ἀμοισὴν
1202 5046 1344 5099 αἰτεῖ
1389 5046 1489 5118 τὴν
1527 5046 1743 5101 δικαίαν

163 5132 303 5205 ζωὴν
329 5137 425 5188 καὶ
458 5134 580 5189 κατ’
609 5135 833 5207 ἀρετὴν,
876 5136 937 5189 σὺ
986 5136 1145 5207 μόνον
1179 5137 1419 5207 φυλάξας
1452 5140 1551 5203 τὰς
1596 5140 1745 5194 ἐντο-

164 5222 276 5286 λὰς,
310 5223 448 5278 ἀλλὰ
480 5226 577 5277 καὶ
609 5225 888 5295 ἐρωτικῶς
910 5227 1037 5298 περὶ
1064 5227 1233 5297 αὑτὰς
1256 5228 1618 5301 διακείμενος,
1648 5229 1742 5283 καὶ

165 5316 263 5367 οὐκ
292 5316 469 5370 ἄλλων
493 5317 674 5389 χάριν,
717 5318 836 5372 ἀλλ’
860 5319 1030 5382 αὐτὰς
1055 5320 1150 5373 καὶ
1186 5320 1253 5373 δι’
1283 5320 1453 5385 αὐτὰς
1481 5321 1737 5377 ἐκτελῶν.

166 5404 272 5459 Καὶ
302 5409 423 5462 ἐπεὶ
456 5407 771 5479 δικαιοσύνη
803 5409 897 5463 τοῦ
955 5411 1166 5483 Πατρὸς
1208 5414 1238 5466 6
1288 5412 1434 5479 Υἱὸς,
1484 5417 1513 5469 6
1539 5417 1598 5469 ὲν
1626 5415 1741 5488 Υίῷ

166 5492 323 5564 ζῆσαι
350 5497 674 5569 βουλόμενος
694 5498 851 5552 τοῦτό
878 5516 1031 5570 φησι.

1851 4582 2058 4637 Christi
2084 4591 2207 4638 est:
2242 4599 2367 4638 cum
2400 4591 2579 4639 autem
2614 4584 2923 4654 opprobriis
2965 4585 3170 4641 allicior
3208 4597 3428 4659 propter

1849 4682 2071 4743 peccata
2106 4689 2249 4740 mea,
2284 4690 2462 4745 neque
2504 4675 2880 4746 pmnitentiam
2911 4692 3035 4747 ago,
3075 4693 3182 4733 non
3216 4686 3427 4750 oportet

1850 4780 1941 4821 me
1970 4766 2152 4821 dicere
2181 4784 2194 4821 :
2231 4766 2463 4837 Amputa
2509 4767 2846 4837 opprobrium
2885 4785 3057 4823 meum
3090 4788 3122 4824 a
3146 4787 3246 4840 me,
3286 4772 3425 4843 quod

1850 4860 2150 4927 suspicatus
2187 4876 2326 4927 sum,
2348 4861 2471 4931 quia
2491 4860 2699 4930 judicia
2732 4871 2825 4916 tua
2846 4863 3107 4933 jucunda.

1928 4949 2019 5003 40.
2048 4947 2185 5004 Ecce
2223 4952 2492 5018 concupivi
2522 4939 2776 5007 mandata
2815 4963 2929 5021 tua,
2955 4955 3010 5007 in
3057 4954 3300 5024 wquitate
3329 4962 3423 5006 tua

1848 5042 2058 5111 viviﬁca
2109 5058 2210 5097 me.
2254 5041 2490 5099 Probam
2527 5054 2580 5101 et
2618 5045 2671 5099 in
2712 5045 2911 5100 virtute
2948 5055 3124 5099 actam
3159 5043 3326 5097 vitam
3366 5044 3423 5118 in

1855 5134 2143 5202 praemium
2182 5135 2426 5205 postulat
2453 5154 2466 5190 :
2497 5151 2605 5190 non
2649 5135 2823 5191 solum
2852 5136 2978 5205 quia
3007 5142 3276 5204 praecepta
3307 5148 3424 5189 ser-

1847 5224 2012 5289 vavit,
2053 5225 2148 5280 sed
2179 5225 2307 5295 quia
2341 5226 2545 5282 amoris
2568 5225 2762 5281 allectu
2790 5225 2881 5279 illa
2904 5224 3423 5295 complectitur,nec

1846 5317 2073 5371 alterius
2101 5317 2180 5372 rei
2212 5332 2399 5382 causa,
2432 5316 2526 5371 sed
2561 5316 2652 5370 illa
2700 5315 2876 5370 solum
2916 5330 3169 5386 quaerens
3202 5326 3258 5373 et
3292 5333 3421 5388 pro-

1844 5416 1963 5477 pter
1995 5407 2084 5462 illa
2119 5422 2305 5478 agens.
2341 5406 2404 5461 Et
2429 5406 2556 5477 quia
2589 5405 2761 5462 Filius
2784 5416 2868 5463 est
2883 5408 3097 5479 justitia
3124 5406 3325 5491 Patris,
3351 5406 3419 5462 il-

1842 5501 1934 5555 lud
1965 5502 2039 5556 ait
2061 5501 2156 5572 qui
2187 5500 2241 5555 in
2269 5497 2418 5574 Filiq,
2437 5499 2601 5556 vitam
2632 5514 2791 5571 agere
2815 5499 2953 5559 vult.

242 5704 285 5737 δτ
318 5704 509 5763 Matth.
545 5721 694 5777 xxvr,
736 5706 826 5763 ιι.
898 5707 944 5740 ⁸³
984 5705 1183 5786 Ephes.
1221 5723 1295 5776 tv,
1334 5706 1540 5778 17,18.
1617 5709 1660 5741 ⁸³
1691 5706 1761 5763 Re

1917 5747 1933 5774 ,
1962 5708 2020 5799 2.⁴
