3778 6276
384 261 490 319 487

1198 263 1254 319 s.
1291 261 1667 318 ATHANASll
1705 262 1854 319 ore.
1897 228 2080 321 prius
2120 263 2210 319 ιιι.
2251 294 2321 307 -
2353 266 2762 326 Εχεοιετιω.

3521 269 3630 327 888

455 374 545 429 Η.
576 371 648 428 Et
670 375 840 428 veniat
866 388 1021 443 super
1063 388 1142 426 me
1166 372 1534 427 'raiserieordia
1557 382 1677 437 tua,
1707 373 1944 428 Domine.

2119 374 2229 428 Kal
2271 374 2434 429 ἔλθοι
2483 377 2575 430 ἐπ’
2602 378 2707 447 ἐμὲ
2738 376 2804 431 τὸ
2831 376 3005 442 ἔλεός
3034 392 3171 440 σου,
3201 378 3394 446 Κύριε.
3437 379 3498 432 El
3529 381 3628 435 τοῦ

387 466 444 523 Si
481 458 908 522 misericordiam
940 475 1109 528 tuam,
1145 464 1241 529 ait,
1276 479 1600 534 consequar,
1639 480 1760 533 qua:
1787 467 1951 520 mise-

384 552 617 617 ricordia
646 574 743 629 per
766 558 1004 613 salutare
1032 567 1182 611 tuum
1209 558 1275 611 ad
1311 572 1397 611 me
1429 557 1669 623 accedet,
1695 556 1946 611 liduciam

382 653 594 708 habebo
621 652 881 706 adversus
927 665 1021 704 eos
1051 650 1142 718 qui
1179 650 1313 704 mibi
1339 649 1692 721 opprobrium
1737 649 1946 714 dicunt,

378 754 434 799 et
461 744 744 797 adversum
769 754 855 794 me
877 739 1182 809 insurgunt.

478 831 567 886 l2.
597 830 665 885 Et
706 829 1021 899 respondebo
1064 830 1497 897 exprobrantibus
1544 830 1672 884 mihi
1714 829 1943 893 verbum,

377 925 504 995 quia
534 925 737 993 speravi
778 925 832 977 in
865 924 1194 977 sermonibus
1244 924 1369 978 tuis.
1410 922 1766 992 Respondebo
1797 921 1943 976 enim

377 1029 486 1069 non
518 1030 731 1084 aequum
761 1029 882 1070 esse
910 1015 1170 1068 conviciis
1200 1015 1413 1068 onerari
1441 1029 1563 1068 eum
1591 1013 1684 1082 qui
1709 1028 1769 1068 ea
1801 1022 1946 1067 tenet

378 1106 667 1176 dogmata;
693 1121 813 1176 qua:
848 1106 1074 1160 irrident
1120 1105 1315 1175 impuri
1374 1105 1736 1160 illiJmmines
1771 1119 1803 1158 a
1839 1104 1943 1159 lide

378 1198 559 1253 alieni.
589 1197 701 1266 Ego
730 1213 854 1252 vero
892 1198 1175 1252 ostendam
1207 1197 1295 1250 illa
1336 1197 1632 1264 prudentia:
1659 1206 1822 1265 atque
1854 1210 1941 1250 sa-

373 1287 593 1356 pientiae
618 1288 773 1358 plena
796 1302 935 1341 esse.
963 1285 1319 1354 Respondebo
1339 1295 1518 1341 autem
1546 1286 1794 1352 verbum,
1815 1286 1941 1355 quia

376 1381 429 1435 in
457 1381 626 1436 verbis
657 1384 761 1435 tuis
784 1381 1166 1449 supersperavi.
1854 1448 1859 1453 ἡ

448 1470 539 1525 43.
574 1467 639 1523 Ει
669 1487 731 1524 ne
758 1470 968 1537 auferas
995 1469 1059 1522 de
1089 1483 1176 1521 ore
1206 1482 1317 1520 meo
1347 1464 1557 1519 verbum
1587 1465 1823 1519 veritatis
1849 1480 1938 1517 us-

373 1579 692 1634 quequaque,
721 1563 852 1633 quia
874 1564 929 1615 in
959 1560 1182 1630 judiciis
1214 1560 1318 1611 tuis
1345 1558 1723 1626 supersperavi.
1756 1554 1938 1624 Usque

2055 463 2149 516 σοῦ
2194 463 2378 527 ὲλέους
2405 465 2573 536 τύχω,
2621 467 2775 537 φησὶ,
2819 464 2978 519 τοῦτο
3024 464 3081 519 δὲ
3128 466 3189 519 τὸ
3229 466 3373 530 ἔλεος
3412 468 3500 521 διὰ
3528 469 3629 522 τοῦ

2053 556 2319 627 σωτηρίου
2367 573 2460 611 σου
2511 558 2798 628 γενήσεταί
2830 576 2937 628 μοι,
2982 558 3294 630 παρρησίαν
3345 559 3450 624 ἔξω
3478 563 3628 633 πρὸς

2048 647 2175 711 τοὺς
2205 647 2561 714 ὀνειδίζοντας
2610 651 2707 704 καὶ
2738 652 3201 721 ἐπανισταμένους
3225 669 3336 722 μοι.

2118 824 2228 879 Kal
2256 825 2729 896 ἀποκριθήσομαι
2757 825 2880 891 τοῖς
2916 822 3270 886 ὀνειδίζουσί
3282 842 3382 893 μοι
3407 824 3624 895 λόγον,

2048 915 2135 969 ὅτι
2172 916 2402 985 ἤλπισα
2433 918 2529 971 ἐπὶ
2550 918 2676 985 τοῖς
2701 918 2905 988 λόγοις
2924 933 3060 972 σου.
3102 917 3239 989 Ἐρῶ
3260 918 3387 989 γάρ,
3414 918 3489 984 ὡς
3516 919 3627 973 οὔκ
3722 980 3733 989 _

2046 1008 2192 1074 ἄξιος
2220 1007 2573 1073 ὀνειδίζεσθαι
2621 1011 2712 1064 τὸν
2738 1011 2807 1064 τὰ
2847 1010 3069 1064 τοιαῦτα
3115 1010 3358 1081 δόγματα
3405 1011 3622 1082 ἔχοντα.

2045 1100 2202 1155 ἅτινα
2230 1101 2461 1170 γελῶσιν
2502 1106 2551 1157 oi.
2580 1104 2678 1175 τῆς
2736 1105 2970 1167 πίστεως
2999 1103 3267 1174 ἀλλότριοι
3318 1105 3367 1157 οί
3419 1104 3621 1176 μωροί.

2056 1190 2198 1260 Ἐγὼ
2242 1192 2299 1246 δὲ
2364 1194 2632 1258 συνέσεως
2683 1195 2948 1261 ἀποδείξω
2980 1196 3072 1248 καὶ
3108 1194 3297 1263 σοφίας
3327 1195 3626 1266 πεπληρω-

2046 1282 2202 1350 μένα.
2246 1283 2704 1357 Ἀποκριθήσομαι
2741 1287 2797 1340 δὲ
2832 1287 3008 1357 λόγον,
3055 1289 3184 1341 ἐπεὶ
3218 1291 3303 1355 εις
3348 1288 3487 1354 τοὺς
3512 1288 3626 1343 λό-

2041 1392 2185 1446 γους
2208 1392 2325 1430 σου
2361 1377 2694 1446 ἐπήλπισα.

2109 1468 2217 1522 Kal
2236 1467 2323 1537 μὴ
2355 1467 2638 1538 περιέλῃς
2666 1471 2737 1525 ἐκ
2767 1472 2871 1526 τοῦ
2913 1473 3208 1541 στόματός
3257 1490 3376 1541 μου
3424 1473 3624 1541 λόγον

2039 1560 2324 1627 ἀληθείας
2356 1560 2467 1626 ἕως
2515 1562 2768 1630 σφόδρα·
2803 1562 2891 1616 ὅτι
2928 1562 3029 1617 ἐπὶ
3071 1562 3195 1629 τοῖς
3217 1564 3461 1633 κρίμασι
3489 1578 3620 1617 σου

374 1655 441 1709 ad
470 1664 793 1716 extremum,
825 1653 1018 1722 inquit,
1050 1652 1316 1719 halitum;
1348 1651 1396 1706 si
1442 1651 1658 1720 indigne
1687 1649 1935 1701 vivamus

2102 1649 2368 1717 εήλπισα.
2397 1652 2571 1724 Μέχρι
2598 1653 2696 1724 τῆς
2745 1653 2978 1725 ἐσχάτης
3031 1655 3216 1725 πνοῆς,
3256 1655 3438 1725 φησίν.
3483 1654 3617 1708 Ἐὰν

371 1748 443 1804 iis
464 1763 585 1817 qua:
612 1757 756 1802 recte
783 1748 1075 1816 loquimur,
1098 1743 1241 1799 Deus
1255 1744 1464 1799 auferet
1493 1742 1713 1797 verbum
1740 1740 1937 1795 verita-

2102 1740 2270 1805 ιαξίως
2315 1737 2391 1796 ὧν
2458 1723 2635 1808 καλῶς
2656 1723 2659 1724 ν
2677 1723 2907 1816 λέγομεν
2936 1723 2944 1725 ἡ
2972 1723 3258 1815 βιώσω-μεν
3277 1784 3294 1810 ,
3321 1723 3328 1725 ﬁ
3368 1745 3617 1817 περιελεί

373 1837 444 1894 tis
471 1839 539 1894 de
567 1853 661 1893 ore
690 1847 899 1892 nostro.

444 2018 533 2073 ιι.
564 2016 634 2071 Et
658 2017 947 2089 custodiam
974 2015 1134 2085 legem
1162 2026 1305 2068 luam
1321 2029 1540 2083 semper.
1576 2012 1691 2083 (47)
1714 2011 1933 2075 Custos,

371 2111 567 2181 inquit,
587 2124 682 2164 ero
714 2109 846 2179 legis
874 2117 977 2162 tua:
1006 2126 1019 2161 :
1053 2123 1225 2176 neque
1259 2107 1421 2161 modo
1447 2114 1590 2161 recte
1617 2120 1703 2160 me
1722 2120 1930 2175 geram,

369 2203 529 2258 modo
563 2216 755 2267 secus;
800 2200 893 2255 sed
936 2211 990 2254 et
1029 2200 1083 2253 in
1130 2199 1383 2269 praesenti
1407 2207 1463 2253 et
1496 2200 1551 2252 in
1595 2196 1780 2251 futuro
1810 2196 1934 2252 vitae

365 2309 501 2350 mea:
531 2302 772 2363 tempore
807 2292 979 2361 legem
1008 2292 1262 2361 implebo.

441 2386 532 2442 ιϐ.
576 2383 648 2441 Et
695 2384 945 2455 loquebar
988 2385 1042 2437 in
1084 2385 1394 2438 testimoniis
1424 2384 1526 2437 tuis
1564 2384 1620 2436 in
1654 2390 1931 2451 conspectu

365 2494 569 2551 regum.
600 2476 749 2532 Talis
779 2475 884 2531 fuit
906 2475 1128 2542 Paulus,
1158 2477 1282 2531 talis
1307 2475 1520 2541 Petrus,
1546 2476 1669 2529 talis
1710 2482 1931 2543 aposto-

364 2571 540 2626 lorum
563 2578 618 2625 et
641 2579 936 2640 martyrum
961 2569 1181 2623 chorus.
1209 2567 1332 2623 llaec
1356 2572 1580 2639 martyri
1604 2566 1932 2622 conveniunt

364 2660 461 2731 qui
502 2668 722 2731 propter
751 2657 1028 2713 Chrlstum
1072 2658 1139 2711 ad
1190 2673 1343 2728 reges
1373 2667 1427 2711 et
1467 2656 1724 2727 praesides
1753 2656 1928 2711 addu-

364 2754 537 2821 citur;
566 2751 817 2809 convenit
838 2752 963 2805 item
987 2751 1053 2805 iis
1078 2750 1169 2820 qui
1200 2765 1262 2805 os
1282 2749 1532 2820 aperiunt
1554 2748 1606 2802 in
1635 2757 1931 2818 conspectu

361 2852 677 2901 sanctorum
700 2843 885 2898 animo
904 2842 1052 2913 regio
1082 2841 1451 2910 praaditorum.
1482 2838 1756 2893 Dedecore
1777 2853 1930 2892 nam-

362 2952 470 3010 que
522 2937 718 3008 dignus
763 2936 858 3005 qui
908 2934 1130 2988 verbum
1179 2932 1451 3000 accipiens
1484 2945 1515 2985 a
1547 2928 1677 2996 Deo,
1704 2943 1815 2983 non
1861 2943 1928 2983 eo

361 3032 536 3088 utitur
560 3031 625 3086 ad
661 3028 1007 3099 Evangeliqu
1041 3024 1476 3080 annuntiandum
1500 3023 1700 3078 virtute
1733 3020 1925 3076 multa.
1956 3057 1998 3117 ε

364 3123 542 3181 Proba
576 3137 811 3191 namque
836 3120 945 3175 vita
981 3120 1231 3175 llduciam
1257 3118 1416 3188 parit.

443 3214 535 3273 ιι.
557 3213 623 3269 Et
647 3213 940 3270 meditabar
958 3215 1013 3267 in
1031 3213 1293 3266 mandatis
1310 3213 1417 3264 tuis
1439 3225 1555 3281 qua:
1577 3208 1743 3263 dilexi
1758 3208 1926 3262 valde.

364 3306 436 3363 Et
468 3308 632 3363 levavi
675 3323 859 3360 manus
907 3322 1048 3359 meas
1073 3305 1142 3358 ad
1185 3303 1437 3357 mandata
1463 3315 1575 3355 tua.
1598 3301 1785 3357 Manus
1842 3301 1930 3355 liic

363 3407 521 3455 vocat
563 3397 821 3468 operandi
885 3396 1136 3450 virtutes.
1179 3393 1435 3463 Operatio
1483 3391 1629 3446 enim
1676 3399 1760 3446 est
1805 3388 1929 3447 linis

363 3490 734 3546 meditationis
757 3489 1156 3543 mandatorum.
1180 3484 1314 3539 Nam
1348 3494 1471 3555 post
1499 3482 1926 3552 assumptionem

366 3580 525 3638 Verbi
556 3581 955 3642 mandatorum,
988 3593 1165 3648 operae
1211 3576 1443 3646 pretium
1479 3582 1563 3630 est
1605 3589 1797 3628 manus
1834 3589 1928 3628 ex-

360 3673 582 3730 tendere
614 3673 681 3727 ad
713 3672 1094 3726 mandatorum
1140 3668 1547 3739 Operationem;
1575 3683 1683 3721 non
1725 3680 1792 3720 ex
1833 3665 1928 3719 tri-

360 3764 509 3820 stitia
534 3772 627 3818 aut
659 3779 724 3818 ex
756 3764 1099 3827 necessitate,
1125 3759 1220 3815 sed
1248 3775 1313 3815 ex
1360 3758 1574 3813 aﬂ‘ectu.
1612 3762 1689 3813 Ac
1738 3766 1926 3828 postea

359 3856 673 3927 frequenter
700 3870 863 3925 super
878 3855 945 3909 iis
969 3853 1237 3918 meditari,
1258 3867 1323 3908 ac
1341 3853 1409 3908 de
1429 3853 1498 3908 iis
1516 3852 1663 3921 loqui
1686 3859 1922 3922 Oportet.

428 4009 517 4067 ιο.
545 4009 748 4064 Memor
780 4019 887 4065 esto
921 4011 1059 4065 verbi
1110 4010 1187 4063 tui
1217 4024 1362 4063 servo
1396 4018 1504 4062 tuo.
1538 4006 1604 4062 Et
1642 4006 1924 4077 cujusnam

357 4102 509 4158 verbi
541 4116 837 4157 memorem
882 4115 1005 4157 esse
1046 4109 1237 4171 rogat,
1268 4099 1396 4165 nisi,
1430 4107 1491 4153 ut
1536 4099 1608 4153 sit
1645 4114 1767 4154 cum
1819 4098 1925 4154 illis

352 4191 512 4262 juxta
547 4192 966 4263 promissionem
1011 4206 1191 4257 suam,
1231 4204 1355 4260 qua
1407 4188 1710 4244 consolatio
1753 4189 1924 4259 ipsius

356 4283 460 4339 fuit
483 4284 538 4340 in
571 4284 1076 4355 persecutionibus't

437 4465 527 4521 50.
562 4465 692 4520 Hac
723 4481 804 4519 me
825 4465 1094 4519 consolata
1121 4474 1196 4519 est
1236 4464 1292 4518 in
1325 4464 1622 4519 humilitate
1655 4481 1789 4520 mea.
1822 4463 1921 4520 Se-

354 4555 634 4627 ptuaginta
662 4573 675 4609 :
705 4554 1017 4609 Reviviseere
1052 4555 1215 4624 [acies
1240 4570 1339 4609 me.
1365 4552 1489 4610 llaec
1515 4569 1641 4626 spes
1671 4571 1763 4624 per
1804 4571 1923 4609 ver-

355 4648 485 4703 bum
517 4655 669 4701 tuum
701 4646 880 4701 oblata
910 4646 1064 4710 mihi,
1095 4647 1374 4702 consolata
1403 4655 1487 4702 est
1517 4663 1623 4714 me,
1649 4657 1704 4703 et
1725 4647 1921 4703 solatio

354 4739 489 4795 mihi
520 4737 639 4793 fuit.
662 4736 797 4792 Nam
826 4739 870 4793 si
897 4739 1117 4809 quando
1145 4755 1328 4807 casus,
1353 4750 1447 4795 aut
1481 4740 1803 4810 periculum,
1827 4747 1922 4793 aut

354 4828 548 4884 mortis
564 4827 920 4897 exspectatio,
943 4829 1123 4899 gravis
1142 4830 1390 4894 morbus,
1409 4838 1505 4884 aut
1519 4845 1684 4899 opum
1705 4828 1918 4898 jactura

352 4927 448 4974 aut
476 4918 782 4989 persecutio
808 4919 1076 4989 qualibet,
1104 4928 1198 4975 aut
1221 4921 1451 4976 aliorum
1474 4919 1773 4989 quidpiam,
1797 4935 1919 4989 quae

351 5011 513 5082 vulgo
541 5010 726 5077 gravia
750 5010 1153 5079 existimantur,
1183 5012 1364 5067 evenit
1387 5011 1542 5074 mibi,
1566 5026 1689 5080 spes
1716 5026 1846 5082 erga
1868 5020 1919 5068 te

352 5116 475 5156 mea
522 5102 883 5158 consolationi
921 5103 1057 5158 mihi
1106 5113 1241 5160 erat.
1270 5104 1411 5171 Quia
1455 5103 1719 5175 eloquium
1769 5115 1917 5160 tuum

351 5193 631 5261 viviﬁcavit
660 5211 758 5249 me.
784 5194 933 5251 Nihil
953 5211 1107 5267 atque
1130 5198 1367 5251 animam
1391 5196 1709 5253 rationalem
1736 5198 1916 5256 vivere

351 5280 502 5347 facit,
533 5284 641 5340 vita
673 5286 873 5343 scilicet
908 5286 1009 5357 ipsi
1040 5287 1280 5357 propria,
1300 5295 1466 5356 atque
1495 5287 1772 5357 eloquium
1793 5287 1909 5344 Dei.

349 5371 487 5430 Nam
518 5375 645 5432 dum
688 5387 915 5450 augetur
956 5379 1233 5450 eloquium
1261 5378 1376 5445 Dei,
1406 5379 1520 5434 sive
1567 5391 1909 5451 conceptum,

352 5466 469 5521 sive
508 5468 957 5539 comprehensum
1008 5469 1065 5524 in
1120 5469 1358 5526 hominis
1402 5470 1618 5537 anima,
1646 5478 1912 5541 ,tautum-

352 5555 475 5613 dem
498 5570 761 5631 augentur
803 5575 925 5631 qua:
947 5560 1110 5615 vitam
1143 5570 1404 5632 spectant.
1438 5560 1531 5618 Illa
1554 5574 1733 5623 autem
1764 5573 1914 5633 sunt,

425 5670 540 5745 (47)
564 5672 715 5731 Alius
737 5674 906 5731 codex
925 5672 1043 5732 haec
1066 5671 1538 5751 Eusebio_tribuit.

2039 1831 2131 1887 τὸν
2170 1832 2325 1902 λόγον
2366 1833 2467 1905 τῆς
2518 1834 2775 1907 ἀληθείας
2804 1838 2868 1889 ὲκ
2918 1836 3012 1890 τοῦ
3068 1836 3335 1908 στόματος
3381 1836 3541 1909 ἡμῶν
3581 1840 3614 1890 ὀ

2036 1924 2187 1988 Θεός.

2106 2016 2214 2071 Καὶ
2240 2015 2490 2087 φυλάξω
2524 2017 2630 2070 τὸν
2680 2018 2869 2086 νόμον
2914 2034 3029 2071 σου
3072 2017 3178 2073 διὰ
3214 2017 3455 2085 παντός.
3501 2018 3613 2074 Φύ-

2034 2106 2152 2172 λαξ,
2184 2108 2369 2178 φησιν,
2391 2108 2584 2179 ἔσομαι
2610 2107 2703 2161 τοῦ
2743 2108 2907 2179 νόμου
2951 2125 3064 2174 σου,
3104 2111 3164 2163 οὐ
3196 2111 3326 2165 ποτὲ
3357 2112 3453 2181 μὲν
3474 2128 3612 2165 κατ-

2033 2197 2227 2270 ορθῶν,
2271 2199 2401 2252 ποτὲ
2442 2198 2499 2252 δὲ
2541 2198 2623 2252 οἷδ’
2655 2198 2791 2254 ἀλλά
2827 2199 2921 2253 καὶ
2964 2201 3021 2255 ὲν
3046 2203 3113 2272 τῇ
3170 2202 3415 2274 παρούσῃ
3467 2203 3606 2275 ζωῇ,

2034 2291 2184 2362 φησὶ,
2218 2290 2312 2344 καὶ
2340 2292 2398 2343 ὲν
2436 2293 2501 2360 τῇ
2536 2290 2802 2363 μελλούσῃ
2829 2289 3017 2345 τοῦτον
3043 2292 3392 2363 κατορθώσω.

2099 2382 2207 2435 Kal
2249 2381 2515 2435 ἐλάλουν
2534 2382 2604 2434 ἐν
2635 2380 2759 2447 τοῖς
2808 2384 3155 2451 μαρτιφίοις
3179 2398 3296 2438 σου
3324 2385 3613 2440 ἐναντίον

2026 2477 2355 2541 βασιλέων.
2409 2477 2658 2542 Τοιοῦτος
2710 2477 2929 2546 γέγονεν
2961 2479 2990 2530 ὁ
3028 2478 3262 2542 Παῦλος,
3310 2477 3552 2543 τοιοῦτος
3577 2480 3611 2532 ὁ

2034 2570 2261 2641 Πέτρος,
2296 2570 2534 2634 τοιοῦτος
2576 2570 2683 2623 τῶν
2711 2570 3022 2624 ἀποστόλων
3075 2571 3103 2623 ὁ
3159 2570 3318 2642 χορὸς
3366 2571 3460 2623 καὶ
3492 2571 3610 2624 τῶν

2037 2660 2347 2732 μαρτύρων.
2416 2661 2669 2732 Ἀρμόσει
2732 2660 2888 2714 τοῦτο
2931 2660 3009 2731 τῷ
3070 2662 3306 2731 μάρτυρι
3381 2659 3459 2731 τῷ
3510 2662 3613 2714 ἐπὶ

2033 2751 2305 2821 ἡγεμόνας
2326 2751 2419 2806 καὶ
2451 2751 2689 2821 βασιλεῖς
2716 2752 2967 2832 ἀγομένῳ
3015 2752 3103 2805 διὰ
3149 2752 3401 2822 Χριστόνο
3438 2752 3614 2823 ἁρμό-

2032 2858 2111 2894 σει
2135 2843 2362 2905 καὶτοῖς
2390 2842 2662 2911 ἀνοίγουσι
2719 2844 2779 2895 τὸ
2832 2843 3006 2913 στόμα
3056 2845 3148 2897 ἐπὶ
3173 2844 3280 2898 τῶν
3310 2844 3610 2914 βασιλικῶν

2029 2934 2128 2999 τὰς
2155 2933 2335 3005 ψυχὰς
2364 2936 2555 3003 ἁγίων.
2595 2935 2866 3008 Αἰσχύνης
2893 2936 3002 3008 γὰρ
3030 2935 3177 3002 ἄξιος
3201 2940 3230 2992 ὁ
3263 2937 3337 3009 μὴ
3376 2939 3514 3011 πρὸς
3540 2940 3612 2993 τὸ

2032 3025 2476 3096 εὐαγγελίζεσθαι
2505 3027 2731 3098 δυνάμει
2761 3028 2927 3099 πολλῇ
2952 3026 3102 3099 ῥῆμα
3133 3029 3312 3083 λαϐὼν
3349 3032 3413 3083 ὲκ
3438 3030 3605 3085 Θεοῦσ

2032 3121 2065 3191 ἡ
2092 3120 2201 3190 γὰρ
2233 3118 2455 3189 ἔννομος
2490 3117 2601 3190 ζωὴ
2632 3121 2943 3192 παρρησίας
2964 3121 3313 3192 δημιουργός.

2098 3210 2207 3266 Kal
2235 3210 2526 3279 ἐμελέτων
2555 3211 2624 3264 ἐν
2669 3210 2797 3277 ταῖς
2833 3211 3111 3278 ἐντολαῖς
3137 3228 3274 3274 σου,
3334 3207 3429 3278 αἷς
3449 3211 3608 3280 ἠτά-

2029 3314 2198 3369 πησα
2224 3302 2479 3371 σφόδρα.
2524 3302 2634 3357 Kal
2659 3298 2773 3372 ἦρα
2799 3301 2903 3368 τὰς
2932 3301 3135 3371 χεῖράς
3166 3320 3285 3372 μου
3320 3303 3466 3371 ,πρὸς
3493 3308 3611 3371 τὰς

2027 3392 2281 3459 ἐντολάς
2306 3409 2441 3447 σου.
2472 3394 2671 3464 Χεῖρας
2721 3392 2952 3446 ἐνταῦθα
2977 3391 3076 3457 τὰς
3108 3392 3416 3464 πρακτικὰς
3444 3394 3611 3465 ἐνερ-

2028 3481 2179 3551 γείας
2232 3480 2369 3537 εἷναί
2407 3501 2589 3554 φησιν.
2634 3485 2697 3538 Ἠ
2744 3485 2853 3555 γὰρ
2905 3486 3105 3557 πρᾶξις
3153 3485 3302 3549 τέλος
3369 3486 3611 3559 μελέτης

2027 3573 2176 3628 ἐστὶν
2200 3574 2447 3628 ἐντολῶν·
2484 3573 2620 3645 μετά
2646 3573 2753 3646 γάρ
2796 3576 3057 3645 ἀνάληψιν
3085 3575 3179 3629 τοῦ
3222 3574 3330 3628 τῶν
3371 3576 3607 3629 ἐντολῶν

2027 3664 2203 3732 Λόγου
2230 3664 2390 3717 καλὸν
2412 3665 2473 3717 τὸ
2504 3667 2703 3737 ἐπᾶραι
2725 3666 2825 3729 τὰς
2877 3670 3065 3739 χεῖρας
3094 3666 3186 3719 ἐπὶ
3223 3665 3321 3729 τὰς
3363 3666 3471 3719 τῶν
3513 3668 3611 3721 ὲν-

2026 3754 2195 3809 τολῶν
2235 3755 2481 3827 πράξεις’
2526 3755 2599 3827 μὴ
2645 3758 2709 3809 ὲκ
2751 3756 2926 3828 λύπης
2966 3758 2998 3829 ἢ
3037 3756 3097 3822 ἐξ
3148 3758 3411 3827 ἀνάγκης,
3458 3758 3610 3813 ἀλλὰ

2026 3847 2120 3901 καὶ
2150 3846 2460 3909 διαθέσεως·
2491 3848 2584 3899 καὶ
2608 3846 2747 3917 μετά
2774 3848 2944 3901 ταῦτα
2998 3849 3234 3921 συνεχῶς
3264 3850 3389 3921 περὶ
3416 3850 3607 3905 αὐτῶν

2026 3936 2328 4008 ἀδολεσχεῖν
2350 3953 2407 3989 τε
2437 3937 2530 3989 καὶ
2560 3936 2922 4005 διαλέγεσθαι.

2097 4026 2409 4094 Μνήσθητι
2442 4026 2549 4080 τὸν
2580 4028 2765 4095 λόγον
2805 4042 2921 4082 σου
2950 4027 3031 4094 τῷ
3067 4028 3264 4094 δούλῳ
3290 4044 3426 4097 σου.
3485 4031 3607 4085 Καὶ

2024 4118 2223 4180 ποῖοςὸ
2248 4115 2403 4185 λόγος
2454 4111 2515 4171 οἶ)
2552 4116 2853 4188 μνησθῆναι
2900 4118 3061 4172 αὐτὸν
3092 4118 3247 4184 ἀξιοῖ,
3294 4119 3326 4191 ἢ
3369 4120 3428 4173 τὸ
3456 4116 3603 4176 εἶναι

2026 4206 2143 4276 μετ’
2189 4204 2389 4268 αὐτῶν,
2438 4204 2560 4259 καθ’
2601 4206 2668 4279 ἠν
2714 4207 2942 4261 δέδωκεν
3000 4211 3180 4274 αὐτοῖς
3232 4210 3600 4280 ἐπαγγελίαν,

2022 4296 2143 4367 ἥτις
2188 4296 2282 4350 κα)⁹
2333 4297 2679 4370 παράκλησις
2722 4300 2904 4365 αὐτοῖς
2952 4302 3010 4355 ὲν
3053 4304 3164 4365 τοῖς
3190 4301 3447 4372 διωγμοῖς
3478 4304 3602 4372 ὲγί-

1950 4394 1995 4451 Ι)
2022 4405 2169 4454 νετο;

2093 4479 2255 4548 Αὕτη
2283 4498 2359 4551 με
2390 4481 2803 4549 παρεκάλεσεν
2847 4484 2916 4537 ἐν
2943 4481 3019 4552 τῇ
3068 4484 3414 4539 ταπεινώσει
3449 4502 3597 4555 μου,

2022 4572 2085 4625 Ol
2114 4570 2498 4643 ἑϐδομήκοντα·
2553 4572 2919 4641 ἀναζωώσεις
2943 4591 3040 4644 με.
3076 4575 3223 4645 Αὕτη
3243 4592 3325 4639 τις
3350 4578 3382 4646 ή
3413 4576 3597 4642 ἐλπὶς,

2019 4663 2344 4735 ἐγγινομένη
2384 4683 2473 4735 μοι
2494 4666 2601 4718 ἀπὸ
2625 4666 2719 4719 τοῦ
2747 4665 2839 4718 σοῦ
2884 4666 3064 4735 λόγου,
3115 4668 3456 4738 παρεκάλεσέ
3500 4688 3598 4741 με,

2021 4755 2115 4808 καὶ
2154 4756 2576 4827 παρεμυθήσατὸ
2630 4775 2717 4826 με,
2768 4761 2847 4820 εἰς
2875 4757 2936 4811 τό
2959 4775 2971 4787 ’
3004 4760 3056 4812 εί
3085 4775 3214 4811 ποτε
3242 4760 3598 4831 περιστάσεις

2019 4844 2361 4915 ἢκίνδυνος,
2421 4848 2454 4919 ἢ
2513 4848 2743 4902 θανάτου
2797 4849 3015 4921 δοκιμὴ,
3064 4849 3217 4912 νόσος
3274 4850 3510 4921 χαλεπὴ.
3560 4853 3596 4923 ἢ

2020 4934 2263 4990 ἀπώλεια
2322 4936 2429 4991 τῶν
2483 4938 2916 5012 ὑπαρχόντων.ἢ
2967 4939 3287 5010 διωγμοῦ,ἢ
3320 4940 3373 4994 εί
3418 4956 3474 4993 τι
3502 4941 3599 5012 δή·

2018 5044 2148 5081 ποτε
2175 5028 2282 5084 τῶν
2306 5030 2675 5101 νομιζομένων
2701 5032 2950 5104 χαλεπῶν
2992 5029 3369 5101 κατελάμϐανε
3423 5049 3516 5103 με,
3563 5037 3597 5104 ἡ

2019 5120 2113 5173 ἐπὶ
2135 5119 2196 5172 σὲ
2223 5119 2377 5185 ἐλπὶς
2410 5122 2749 5196 παράκλησίς
2803 5141 2903 5197 μου
2961 5118 3049 5196 ἦν.
3090 5124 3218 5177 Ὅτι
3275 5122 3341 5175 τὸ
3381 5123 3601 5192 λόγιόν

2017 5225 2133 5265 σου
2157 5209 2336 5279 ἐζησέ
2356 5229 2452 5282 με.
2484 5214 2646 5271 Οὐδὲν
2678 5215 2805 5269 ἄλλο
2834 5217 2975 5269 ποιεῖ
3024 5215 3120 5285 ζῇν
3159 5213 3382 5284 λογικὴν
3411 5212 3599 5282 ψυχὴν

2018 5299 2117 5372 τὴν
2140 5302 2336 5373 ἑαυτῆς
2376 5303 2519 5377 ζωὴν
2548 5306 2623 5370 ὠς
2649 5306 2710 5359 τὸ
2740 5305 2916 5375 λόγιον
2942 5304 3037 5359 τοῦ
3060 5303 3215 5359 Θεοῦ.
3248 5302 3382 5356 Καθ’
3411 5303 3441 5357 ὅ
3475 5302 3595 5373 gap

2020 5390 2175 5456 αὖξει
2199 5392 2260 5446 τὸ
2305 5393 2481 5464 λόγιον
2508 5396 2601 5450 τοῦ
2628 5398 2786 5462 Θεοῦ,
2839 5399 2934 5453 καὶ
2961 5397 3245 5469 νοούμενον
3280 5395 3374 5448 καὶ
3420 5410 3594 5465 παρα-

2017 5481 2422 5555 λαμϐανόμενον
2468 5489 2549 5551 εἰς
2587 5487 2684 5560 τὴν
2730 5487 2822 5542 τοῦ
2869 5488 3156 5561 ἀνθρώπου
3208 5487 3411 5559 ψυχὴν,
3447 5486 3591 5543 κατὰ

2020 5573 2177 5629 τοῦτο
2202 5574 2424 5642 αὔξεται
2471 5578 2568 5635 καὶ
2613 5580 2683 5635 τὰ
2706 5583 2807 5653 τῆς
2864 5578 3028 5653 ζωῆς.
3081 5579 3263 5637 Ταῦτα
3292 5579 3351 5635 δέ
3385 5581 3503 5635 ἐστι
3527 5578 3589 5632 τὸ
