3778 6276
157 247 264 298 £89

1265 255 1628 314 EXPOSITIO
1663 261 1732 315 IN
1773 264 2100 322 PSALP-IL'M
2141 269 2375 325 CXVIII.

3304 282 3404 334 499

159 358 253 409 σὺν
274 358 458 427 ἀρετῇ
486 357 586 428 ζῇν
602 360 850 414 ἐνταῦθα’
871 365 1007 433 μετὰ
1028 365 1196 420 ταῦτα
1214 366 1268 420 δὲ
1294 371 1388 424 καὶ
1409 372 1506 443 τὴν
1527 374 1691 430 αἰῶνα

1843 395 1964 435 cum
2004 383 2199 440 virtute
2240 388 2294 440 in
2329 388 2430 443 hac
2458 398 2564 443 vita
2605 405 2794 461 agere;
2831 399 2953 462 post
2983 393 3098 448 hac
3139 403 3318 451 autem
3349 405 3404 453 et

156 447 364 499 δίδωσι
380 446 553 517 ζωήν.

235 539 640 608 Ὑπερήφανοι
671 547 1060 616 παρηνόμουν
1084 547 1195 615 ἕως
1229 552 1486 624 σφόδρα,
1516 558 1635 611 ἀπὸ
1675 559 1745 614 δὲ

157 628 257 682 τοῦ
293 631 495 698 νόμου
527 647 646 687 σου
687 637 798 689 οὐκ
839 637 1136 702 ἐξέκλινα.
1177 643 1265 696 Ἐν
1297 645 1442 716 αὐτῷ
1473 648 1580 720 γὰρ
1611 651 1740 702 ὲπο-

156 721 455 792 λιτεώμην
488 725 676 797 τηρῶν
698 727 760 780 τὸ
783 731 1111 799 ἡγεμονικόν
1143 751 1264 805 μου,
1299 739 1386 791 ἶνα
1411 740 1486 811 μὴ
1520 741 1741 813 γένηται

157 815 302 884 ῥῆμα
335 819 595 887 κρυπτὸν
620 820 678 872 ὲν
702 824 768 892 τῇ
799 824 994 894 καρδίᾳ
1023 841 1126 896 μου
1159 829 1441 901 ἁνὸμιμον.
1487 833 1739 888 Ἐκείνων

154 906 256 978 γὰρ
301 908 433 962 λίαν
485 914 984 983 παρανομούντων,
1014 918 1135 972 οὐδὲ
1180 922 1322 975 κατὰ
1378 925 1574 994 μικρὸν
1626 925 1739 995 ἐγὼ

150 999 234 1050 τὸν
259 999 435 1069 νόμον
470 1017 572 1055 σου
597 1004 945 1074 παρέϐαινον.
1292 1020 1293 1023 “

217 1090 577 1159 Ἐμνήσθην
587 1093 704 1146 τῶν
720 1096 1016 1165 χριμάτων
1026 1115 1143 1154 σου
1163 1115 1246 1174 απ
1285 1102 1519 1171 αἰῶνος,
1537 1107 1732 1175 Κύριε,

153 1182 238 1231 καὶ
252 1183 681 1252 παρεκλήθην.
703 1188 754 1238 Μ
761 1203 896 1259 εμνη
905 1189 1063 1258 μένος
1077 1192 1184 1262 γὰρ
1200 1192 1306 1246 τῶν
1324 1195 1417 1247 ἀπ’
1434 1196 1625 1259 αἰῶνος
1641 1198 1735 1250 κα)⁵

153 1272 240 1334 ἕως
267 1273 483 1336 αἰῶνος
529 1275 1016 1348 ἁποδοθησομένων
1058 1262 1300 1352 ἑκάστῳ,
1334 1285 1732 1354 παρακαλεῖται

151 1364 230 1415 καὶ
275 1363 502 1428 ἄλυπος
552 1369 581 1418 ό
619 1368 825 1433 δίκαιος
863 1370 1012 1440 μένει
1063 1371 1270 1441 λέγων’
1317 1378 1439 1429 Οὐκ
1486 1377 1625 1441 ἀξια
1661 1377 1732 1432 τὰ

150 1457 470 1525 ,παθήματα
499 1457 608 1512 τοῦ
636 1460 752 1514 νῦν
781 1463 988 1530 καιροῦ
1030 1465 1180 1532 πρὸς
1219 1465 1335 1535 τὴν
1375 1467 1732 1536 μέλλουσαν

146 1546 322 1612 δόξαν
351 1552 871 1624 ἀποκαλυφθῆναι
889 1538 980 1622 εἰς
1009 1557 1183 1628 ἡμᾶς.
1208 1556 1308 1614 Ὧν
1337 1563 1598 1634 ἐποίησας
1624 1566 1726 1617 πά-

146 1638 222 1693 ὶαι
249 1644 372 1704 τοῖς
409 1643 666 1698 ἀδικοῦσι
708 1645 800 1699 τὸν
834 1648 1066 1720 Ἰσραὴλ,
1102 1653 1481 1723 μνημονεύσας
1522 1655 1726 1726 κριμά-

1844 475 2012 529 vitam
2036 475 2265 546 largitur
2292 487 2569 536 aeternam.

1905 565 1990 619 51.
2035 564 2254 636 Superbi
2309 571 2482 640 inique
2527 571 2745 642 agebant
2791 590 3185 646 usquequaque,
3223 593 3256 632 a
3295 577 3405 650 lege

1841 663 2016 707 autem
2043 664 2134 709 tua
2160 673 2261 710 non
2285 656 2561 712 declinavi.
2602 659 2657 714 In
2689 661 2776 715 illa
2806 664 2949 716 enim
2983 665 3148 720 vitam
3177 667 3402 737 agebam

1840 741 2137 797 observans
2159 744 2265 798 vim
2289 746 2484 800 animae
2505 748 2876 819 principalem,
2896 767 2962 805 ne
2987 754 3138 808 ﬁeret
3165 755 3220 809 in
3240 756 3405 812 corde

1839 846 1960 886 meo
1990 834 2212 889 verbum
2267 837 2642 893 absconditum
2703 840 3064 914 illegitimum.
3095 841 3204 901 Illis
3257 848 3400 902 enim

1837 921 2174 992 iniquissime
2207 929 2507 999 agentibus,
2544 947 2610 986 ne
2636 933 2904 988 tantillum
2933 935 3152 1004 quidem
3189 947 3292 1007 ego
3325 939 3403 994 Ie-

1835 1029 1954 1084 gem
1985 1024 2131 1071 tuam
2163 1027 2532 1090 transgressus
2561 1038 2706 1078 sum.

1915 1105 2002 1159 52.
2033 1105 2236 1161 Memor
2281 1111 2359 1177 fui
2404 1111 2721 1178 indiciorum
2755 1122 2961 1170 tuorum
2994 1135 3026 1171 a
3048 1118 3262 1186 seeculo,
3290 1118 3399 1175 Do-

1833 1194 1991 1257 mine,
2020 1205 2071 1248 et
2104 1200 2406 1254 consolatus
2435 1218 2571 1258 sum.
2605 1201 2807 1258 Memor
2829 1207 2972 1261 enim
3001 1223 3190 1263 eorum
3224 1225 3395 1280 quala

1832 1287 2030 1340 saeculo
2059 1303 2232 1357 usque
2263 1291 2316 1344 in
2349 1295 2604 1348 sarculum
2631 1295 2858 1367 singulis
2883 1299 3058 1354 danda
3093 1310 3238 1365 sunt,
3264 1315 3396 1356 con-

1831 1374 2148 1430 solationem
2176 1377 2358 1445 justus
2395 1381 2625 1451 accipit,
2659 1399 2759 1440 nec
2797 1387 2860 1440 in'
2899 1387 3114 1444 tristitia
3156 1391 3284 1460 agit,
3315 1389 3395 1446 di-

1829 1477 1960 1517 cens
1990 1483 2004 1517 :
2044 1463 2166 1517 Non
2196 1477 2317 1519 sunt
2361 1470 2633 1540 condigne
2659 1474 2926 1541 passiones
2958 1475 3113 1545 hujus
3149 1479 3394 1547 temporis

1828 1554 1898 1606 ad
1922 1554 2154 1623 futuram
2174 1557 2396 1627 gloriam
2418 1576 2534 1630 qua:
2553 1563 2863 1616 revelabitur
2892 1566 2946 1618 in
2965 1565 3114 1620 nobis
3127 1567 3194 1620 “.
3221 1568 3392 1637 (Alius

1826 1643 2036 1716 codex.)
2063 1643 2270 1700 Memor
2295 1648 2624 1715 judiciorum
2647 1666 2768 1720 quae
2782 1653 2909 1708 olim
2940 1656 3108 1712 tulisti
3132 1658 3393 1716 adversus

145 1747 257 1792 των,
285 1734 692 1805 παρεκλήθην·
721 1733 895 1802 εἰδὼς,
930 1739 1004 1802 ὡς
1037 1740 1156 1794 οὐδὲ
1182 1741 1342 1806 αὐτὸς
1368 1745 1426 1797 ὲν
1458 1747 1570 1807 τοῖς
1592 1745 1691 1797 διω

1835 1748 1919 1787 eos
1963 1736 2055 1804 qui
2085 1737 2337 1806 injuriam
2371 1739 2606 1795 facerent
2635 1742 2841 1806 lsraeli,
2876 1747 3190 1805 consolatus
3213 1762 3337 1806 sum
3373 1769 3388 1806 :

144 1824 290 1889 τμοίς
322 1824 894 1898 ὲγκαταληφθήσομαι
919 1867 933 1891 ,
964 1830 1058 1882 καὶ
1091 1830 1167 1894 ὡς
1209 1832 1388 1886 πάντα
1417 1835 1557 1889 κατὰ
1590 1835 1724 1888 Θεοῦ

143 1915 316 1981 κρίσιν
347 1916 472 1976 τοῖς
496 1914 805 1986 ἀνθρώποις
835 1920 1140 1990 συμῦαίνει.

215 2099 464 2169 Ἁθυμία
489 2101 749 2170 κατέσχε
769 2119 845 2171 με
871 2104 989 2157 ἀπὸ
1018 2089 1378 2174 ἁμαρτωλῶν
1409 2109 1529 2162 τῶν
1551 2112 1722 2179 ἐγκα-

137 2195 639 2260 ταλιμετανόντων
675 2195 783 2247 τὸν
806 2197 994 2264 νόμον
1011 2213 1146 2251 σου.
1187 2201 1309 2252 Ἐπὶ
1332 2202 1439 2253 τῶν
1465 2203 1721 2272 ἀμαρτω-

136 2281 264 2346 λῶν,
295 2287 345 2336 οἱ
382 2285 484 2354 μὲν
515 2286 734 2356 ἀνόμως
763 2287 1154 2357 ἁμαρτάνουσι,
1194 2289 1270 2360 τῷ
1317 2292 1449 2360 μηδὲ
1489 2294 1588 2362 τὴν
1622 2295 1720 2364 ἁρ-

282 2375 648 2446 πειρασθῆναι
695 2377 905 2448 νόμων·
942 2379 989 2431 oi
1034 2379 1091 2432 δὲ
1129 2382 1186 2434 ὲν
1223 2381 1391 2453 νόμῳ,
1421 2384 1498 2454 τῷ
1537 2400 1716 2456 παρα-

131 2463 342 2518 ϐαίνειν
398 2465 582 2520 αὐτόν.
629 2469 736 2522 Καὶ
776 2472 901 2538 μετ’
942 2472 1142 2540 ὀλίγαν
1178 2475 1244 2526 Εἰ
1275 2491 1327 2526 τι
1359 2474 1467 2546 γὰρ
1518 2476 1715 2546 πάσχει

131 2554 190 2607 ἓν
223 2558 410 2627 μέλος,
442 2561 754 2632 συμπάσχει
782 2562 958 2617 πάντα
987 2562 1055 2616 τὰ
1095 2565 1228 2636 μέλη
1254 2583 1267 2596 ·
1305 2568 1398 2619 καὶ
1427 2568 1521 2622 ἐὰν
1552 2568 1712 2635 δοξά-

131 2651 294 2717 ζηται
325 2651 388 2702 ἒν
425 2651 607 2721 μέλος,
643 2655 925 2725 συγχαίρει
964 2656 1142 2710 πάντα
1172 2657 1241 2710 τὰ
1277 2658 1435 2730 μέλη.
1472 2659 1582 2712 Καὶ
1621 2661 1714 2715 ἐπὶ

130 2741 248 2800 τοῖς
274 2740 526 2808 ἀδελφοῖς
553 2737 646 2794 οὖν
676 2741 830 2812 ήμῶν
858 2746 969 2806 τοῖς
1001 2744 1392 2815 ἁμαρτάνουσι,
1426 2747 1712 2803 λυπεῖσθαι

131 2831 392 2902 καθήκει,
420 2835 505 2886 ὅτι
534 2832 765 2886 τοιοῦτοί
796 2836 922 2898 εἰσι,
949 2835 1042 2889 καὶ
1073 2835 1214 2889 οὕτω
1242 2838 1542 2893 διακεῖσθαι
1570 2839 1712 2896 κατὰ

131 2926 226 2978 τὸν
257 2926 415 2995 ἅγιον
445 2927 655 2982 τοῦτον.
1655 3008 1666 3017 _

209 3019 422 3072 Ψαλτὰ
449 3017 614 3088 ἦσάν
642 3039 746 3090 μοι
779 3019 851 3074 τὰ
887 3021 1243 3092 δικαιώματά
1286 3041 1401 3080 σου
1443 3025 1517 3080 ἐν
1548 3027 1710 3093 τόπῳ

1828 1840 2064 1895 gnarus,
2114 1843 2290 1899 neque
2325 1846 2412 1884 me
2444 1831 2496 1884 in
2533 1837 2998 1902 perseeutionibus
3033 1845 3390 1913 comprehen-

1824 1915 2058 1972 dendum
2095 1920 2227 1984 fore,
2257 1930 2420 1991 atque
2448 1924 2630 1978 omnia
2654 1930 2950 1984 secundum
2985 1929 3078 1987 Dei
3117 1934 3384 2004 judicidm

1825 2005 2138 2064 hominibus
2167 2013 2498 2081 contingere.

1895 2097 1985 2151 55.
2019 2098 2252 2169 Deiectio
2297 2107 2461 2159 tenuit
2503 2124 2581 2161 me
2619 2125 2716 2177 pro
2754 2115 3108 2179 peccatoribus
3159 2117 3387 2173 derelin-

1819 2190 2094 2256 queutibus
2123 2191 2286 2262 legem
2319 2205 2484 2254 tuam.
2512 2197 2850 2268 Peccatores,
2897 2205 2988 2258 alii
3032 2206 3238 2277 absque
3271 2209 3388 2279 lege

1818 2292 2043 2348 peccant
2089 2286 2181 2354 qui
2217 2303 2493 2356 nunquam
2543 2291 2687 2361 leges
2738 2294 2823 2348 vel
2866 2296 3132 2353 tantillum
3176 2301 3384 2368 experti

1817 2379 1978 2438 sunt;
2015 2372 2106 2427 alii
2151 2374 2205 2428 in
2243 2375 2358 2445 lege
2401 2390 2625 2447 peccant
2650 2397 2771 2437 cum
2805 2387 3276 2456 transgrediuntur
3314 2387 3383 2441 il-

1816 2459 1944 2516 lam.
1979 2461 2048 2516 Et
2067 2478 2182 2533 post
2212 2484 2382 2536 pauca
2401 2485 2420 2523 :
2444 2469 2499 2525 Si
2526 2472 2656 2542 quid
2684 2474 2829 2528 enim
2858 2478 3060 2546 patitur
3076 2481 3381 2534 membrum

1815 2568 2003 2622 unum,
2035 2573 2143 2614 una
2174 2562 2456 2631 patiuntur
2485 2567 2665 2620 omnia
2713 2569 2974 2623 membra.
3013 2568 3074 2624 Et
3109 2570 3154 2625 si
3197 2571 3383 2626 laude-

1815 2655 1902 2700 tur
1924 2663 2090 2703 unum
2119 2654 2444 2720 membrum,
2471 2658 2808 2727 congaudent
2835 2659 3017 2713 omnia
3049 2661 3288 2716 membra
3310 2662 3378 2718 ".

1812 2734 1917 2790 Par
1943 2748 2026 2792 est
2054 2755 2182 2810 ergo
2211 2742 2278 2798 de
2301 2743 2558 2801 fratribus
2591 2749 2752 2801 etiam
2794 2750 2997 2802 nostris
3032 2750 3123 2820 qui
3154 2757 3384 2819 peccant

1810 2828 2012 2892 dolere,
2042 2832 2170 2900 quia
2206 2835 2413 2890 scilicet
2448 2837 2583 2892 tales
2615 2848 2779 2905 sunt;
2813 2849 2866 2894 et
2895 2840 3010 2909 pari
3055 2842 3218 2897 modo
3249 2843 3381 2899 alre-

1811 2928 1929 2974 ctos
1957 2937 2057 2976 nos
2089 2938 2234 2991 esse,
2259 2942 2370 2992 quo
2402 2937 2623 2983 sanctus
2655 2929 2762 2984 ille.

1881 3004 1968 3058 54.
1989 3005 2293 3064 Cantabiles
2315 3011 2440 3064 mihi
2461 3022 2610 3066 erant
2632 3015 3042 3082 justi/icatimtes
3060 3026 3166 3071 tua:
3189 3019 3242 3070 in
3265 3017 3378 3070 loco

128 3110 449 3177 παροικίας
474 3129 612 3179 μου.
651 3113 828 3166 Τόπον
876 3115 1162 3186 παροικίας
1192 3116 1282 3168 τὸν
1321 3118 1560 3188 παρόντα
1593 3118 1691 3188 βίοι

1835 3097 2240 3166 eregrinationis
2264 3117 2409 3155 meae.
2433 3102 2635 3159 Locum
2660 3106 3116 3176 peregrinationis
3138 3121 3377 3177 praesen-

130 3201 302 3270 φησί’
356 3202 499 3254 κατὰ
549 3202 636 3254 τό·
696 3202 956 3268 Εὶδότες,
991 3203 1080 3257 ὅτι
1119 3203 1281 3268 ξένοι
1316 3206 1415 3260 καὶ
1460 3209 1706 3277 παρεπί-

126 3291 302 3358 ὒημοι
345 3291 507 3359 ἦσαν
530 3292 630 3345 ἐπὶ
660 3291 770 3359 τῆς
807 3292 936 3362 τῆς.
987 3294 1074 3346 Ἐν
1102 3286 1146 3363 ᾧ
1168 3295 1454 3367 εὐρύθμως
1476 3299 1706 3368 εὐφραι-

127 3380 298 3450 νόμην
326 3381 503 3448 λέγων
530 3381 599 3435 τὰ
616 3381 960 3454 δικαιώματά
985 3401 1078 3437 σου
1102 3402 1116 3416 ο
1147 3386 1303 3440 τοῦτο
1336 3388 1434 3458 μὲν
1460 3389 1700 3461 Θεωρῶν,

127 3472 283 3524 τοῦτο
310 3473 369 3526 δὲ
403 3475 661 3544 πράττων
685 3474 843 3530 αύτά.

190 3563 638 3635 Austorianian
674 3565 780 3632 τὰς
822 3566 1002 3634 ὁδούς
1036 3584 1178 3632 σου,
1222 3570 1314 3624 καί
1362 3569 1704 3641 ἐπέστρεψα

127 3656 264 3722 τοὺς
309 3655 506 3724 πόδας
552 3676 672 3727 μου
715 3661 802 3725 εὶς
849 3659 922 3714 τὰ
962 3660 1253 3729 μαρτύριά
1303 3678 1437 3716 σου.
1487 3663 1700 3738 Ἐπειδὴ

126 3752 306 3802 πᾶσαν
343 3749 447 3819 τὴν
473 3748 699 3820 γνώμην
726 3753 806 3814 εις
835 3751 934 3815 τὰς
965 3752 1091 3819 σὰς,
1116 3755 1278 3824 φησὶν
1297 3793 1312 3817 ,
1348 3753 1588 3826 ἀνέθηκα
1619 3759 1703 3810 ὲν-

124 3843 304 3906 τολὰς,
332 3843 529 3896 τούτου
562 3844 722 3914 χάριν
754 3845 862 3898 τῶν
909 3846 1224 3916 μαρτυρίων
1263 3847 1564 3919 ἐπορεύθην
1604 3849 1701 3920 τὴν

126 3935 260 3987 ὀδόν.

201 4025 613 4096 Ἡτοιμὰσθην
641 4028 742 4081 καὶ
771 4030 882 4084 οὐκ
922 4029 1276 4099 ἐταράχθην.
1313 4029 1483 4095 Εἰδὼς
1523 4033 1583 4086 τὸ
1619 4036 1696 4086 εἰ-

132 4116 360 4186 ρημένον
382 4134 398 4147 ’
444 4116 686 4181 Τέκνον,
709 4120 761 4172 εὶ
797 4117 1103 4188 προσέρχῃ
1129 4118 1442 4176 δουλεύειν
1467 4121 1550 4187 τῷ
1578 4125 1698 4176 Kn-

120 4211 242 4276 ρίῳ,
281 4210 614 4279 ἐτοῖμασον
651 4212 767 4279 τὴν
801 4209 1011 4279 ψυχήν
1049 4225 1167 4265 σου
1205 4215 1293 4278 εἰς
1326 4217 1656 4281 πειρασμόν
1679 4231 1692 4246 ο

128 4303 214 4353 καὶ
247 4301 416 4356 τοῦτο
457 4301 701 4373 μελετῶν
747 4303 1039 4366 διαπαντὸς
1088 4306 1145 4356 ὲν
1191 4307 1311 4366 ταῖς
1356 4304 1565 4374 ἐφόδοις
1596 4306 1697 4358 οὐκ

125 4393 522 4465 ἐταραττόμην,
557 4394 655 4447 are
701 4393 1088 4466 μεμελετηκὼς
1135 4392 1302 4455 αὐτὰς
1348 4393 1534 4462 φέρειν
1572 4411 1696 4460 γεν-

127 4502 304 4548 ναιως.

187 4579 434 4647 Σχοινια
473 4577 836 4646 ἁμαρτωλῶν
877 4578 1366 4648 περιεπλὼιησὰν
1406 4597 1528 4649 μοι.
1581 4579 1694 4634 Καὶ

120 4667 232 4719 τίνα
261 4663 330 4737 ἦν
360 4667 432 4719 τὰ
471 4668 680 4738 σχοινία
707 4709 720 4730 ,
761 4668 792 4739 ἢ
836 4670 882 4722 ol
932 4671 1156 4741 πονηροὶ
1201 4669 1469 4740 λογισμοὶ,
1517 4668 1586 4722 δι’
1617 4662 1692 4722 ὧν

119 4758 210 4828 τῆς
238 4759 384 4812 κατὰ
408 4759 544 4811 Θεὸν
577 4760 818 4824 στάσεως
843 4761 1158 4832 ἐπεχείρουν
1184 4760 1548 4825 καταϐαλεῖνς

182 4850 467 4903 Hauon)».
475 4866 602 4903 τιον
618 4850 994 4921 ἐγεγειρόμην
1017 4853 1120 4907 τοῦ
1137 4851 1696 4922 ἐξομολογήσασθαι

117 4956 230 4995 σοι.
268 4943 343 4995 Οὐ
377 4943 491 5013 γὰρ
525 4942 643 5012 μεθ’
678 4943 888 5015 ἡμέραν
917 4945 1095 5016 μόνον,
1132 4944 1270 4998 ἀλλὰ
1313 4945 1407 4998 καὶ
1456 4943 1690 5015 νύκτωρ,

119 5037 233 5085 κατ’
276 5034 408 5087 αὐτὸ
439 5035 540 5105 τῆς
592 5035 787 5098 νυκτὸς
844 5035 905 5088 τὸ
957 5035 1300 5106 μεσαίτατον,
1348 5037 1408 5088 ὲν
1449 5028 1494 5103 ᾧ
1555 5035 1694 5105 μετὰ

117 5124 354 5188 πλείονος
382 5125 581 5195 ἡδονῆς
614 5126 642 5177 ό
693 5124 860 5189 ὕπνος
884 5130 997 5191 τοῖς
1027 5127 1334 5198 ἀνθρώποις
1379 5127 1690 5197 ἐπέρχεται,

118 5216 292 5285 ὑμνῶν
345 5234 408 5270 σε
461 5216 747 5282 διετέλουν,
812 5219 907 5271 καὶ
949 5220 1049 5283 τὰς
1097 5219 1308 5282 δικαίας
1359 5233 1451 5272 σου
1482 5217 1694 5289 ψήφους

116 5309 489 5380 ἁνηυφήμουν.
526 5307 696 5361 Τοῦτο
726 5311 819 5363 καὶ
847 5312 876 5363 ό
909 5310 1051 5373 θεῖος
1088 5309 1406 5373 Ἀπόστολος
1437 5310 1575 5379 μετὰ
1597 5307 1690 5361 τοῦ

116 5399 236 5453 Σίλα
264 5401 559 5472 πεποίηκε,
602 5401 699 5454 καὶ
751 5403 844 5454 τὸν
875 5401 1011 5455 πόδα
1042 5403 1203 5454 κάκεῖ
1250 5401 1688 5472 προσδεδεμένος,

118 5492 246 5558 μετὰ
275 5491 463 5556 αἰκίας
493 5492 589 5545 καὶ
621 5492 882 5562 μάστιγος
901 5496 968 5563 τῇ
1000 5495 1272 5563 προσευχῇ
1297 5492 1393 5560 τὴν
1419 5490 1689 5561 ὑμνῳδίαν

1804 3194 1912 3242 tem
1959 3189 2123 3244 vitam
2173 3191 2332 3259 dicit;
2369 3194 2522 3263 juxta
2566 3197 2741 3251 illud:
2775 3196 3006 3253 Scientes
3057 3201 3183 3269 quia
3223 3211 3376 3269 pere-

1803 3280 1942 3350 grini
1967 3291 2013 3335 et
2042 3283 2270 3353 hospites
2305 3295 2454 3339 erant
2495 3304 2650 3357 super
2677 3299 2870 3344 terram
2893 3290 2957 3343 ⁸².
2999 3289 3056 3344 In
3104 3305 3214 3361 quo
3259 3306 3379 3347 mo-

1803 3371 1985 3427 dulate
1999 3372 2222 3430 laetabar
2244 3379 2910 3450 narransjustiiicationes
2931 3391 3074 3438 tuas.
3100 3383 3226 3439 Sive
3247 3397 3378 3440 con-

1803 3461 2092 3531 templans,
2118 3465 2233 3520 sive
2256 3481 2490 3536 operaus
2520 3469 2664 3524 illas.

1873 3551 1961 3608 59.
2001 3551 2239 3625 Cogitavi
2278 3559 2390 3611 vias
2438 3568 2577 3626 tuas,
2605 3570 2653 3614 et
2699 3562 2927 3615 converti
2965 3561 3120 3631 pedes
3145 3571 3284 3617 meos
3319 3565 3375 3616 in

1805 3647 2103 3700 testimonia
2160 3656 2269 3701 tua.
2328 3649 2630 3717 Quoniam,
2677 3653 2875 3724 inquit,
2917 3662 3083 3709 totam
3133 3661 3371 3710 mentem

1801 3737 2083 3805 praeceptis
2137 3738 2244 3794 tuis
2297 3740 2509 3806 addixi,
2543 3741 2664 3797 ideo
2713 3743 2766 3796 in
2794 3744 2878 3796 via
2929 3743 3367 3799 testimoniorum

1803 3835 2020 3882 tuorum
2054 3829 2279 3886 incessi.

1866 4011 1956 4066 60.
1984 4011 2216 4068 Paratus
2235 4031 2351 4068 sunt
2365 4026 2530 4069 etnon
2547 4032 2663 4070 sum
2679 4018 2939 4076 turbatus.
2954 4021 3090 4075 Cum
3115 4022 3282 4077 sciam
3303 4023 3368 4077 il-

1800 4104 1890 4158 lud
1919 4123 1931 4157 :
1963 4103 2072 4159 Fili
2093 4147 2109 4171 ,
2141 4107 2189 4159 si
2230 4108 2434 4161 accedis
2481 4107 2550 4162 ad
2596 4113 2924 4165 seruiendum
2953 4112 3201 4180 Domino,
3231 4131 3370 4184 pra:-

1797 4211 1931 4262 para
1969 4196 2204 4249 animam
2246 4207 2388 4250 tuam
2417 4199 2487 4252 ad
2533 4197 2868 4254 tentationen‘t
2895 4202 2977 4254 ⁵³ε
3010 4203 3124 4256 hmo
3155 4217 3369 4273 semper
3454 4241 3456 4244 μ

1800 4289 2091 4352 meditans,
2131 4291 2186 4343 in
2224 4289 2533 4345 incursibus
2572 4291 2916 4346 inimicm-nm
2953 4308 3060 4346 non
3092 4305 3211 4348 sum
3256 4301 3369 4348 tur-

1801 4380 1979 4441 batus,
2004 4391 2188 4450 utpote
2216 4382 2562 4436 meditatione
2591 4392 2812 4450 paratus
2843 4385 2909 4436 ad
2950 4393 3013 4437 ea
3048 4383 3262 4438 fortiter
3290 4381 3369 4438 fe-

1723 4461 1774 4520 D
1800 4472 1990 4526 renda.

1870 4564 1958 4618 6i.
1987 4563 2165 4618 Funes
2208 4573 2541 4632 peccatorum
2588 4563 2932 4633 circumplexi
2978 4575 3100 4620 sunt
3155 4581 3254 4625 me.
3301 4571 3369 4627 Et

1799 4657 2020 4728 quinam
2071 4655 2252 4719 funes,
2283 4655 2386 4710 nisi
2421 4656 2575 4710 malae
2622 4656 3013 4727 cegitationes,
3044 4661 3242 4730 quibus
3282 4681 3368 4721 me

1699 4781 1704 4788 ι
1800 4766 1828 4805 a
1855 4749 1946 4803 Dei
1974 4749 2146 4820 gratia
2177 4747 2468 4804 deturbare
2496 4750 2879 4806 conabantur?

1869 4841 1958 4898 62.
2006 4840 2183 4895 Media
2230 4851 2379 4895 nocte
2425 4844 2698 4912 surgebam
2738 4842 2807 4895 ad
2845 4844 3198 4913 conﬁtendum
3247 4846 3363 4902 tibi.

1797 4933 1914 4990 Non
1948 4935 2094 4989 enim
2120 4934 2207 4988 die
2236 4943 2468 4997 tantum,
2497 4935 2589 4989 sed
2622 4936 2785 4989 etiam
2822 4945 3009 5003 noctu,
3042 4945 3098 4991 et
3134 4936 3238 4992 sub
3282 4936 3363 5006 ip-

1796 5041 1918 5081 sum
1944 5026 2120 5080 noctis
2147 5026 2454 5088 dimidium,
2480 5042 2590 5096 quo
2617 5027 2820 5096 majore
2840 5027 3114 5097 voluptate
3137 5041 3362 5082 somnus

1795 5119 2045 5173 homines
2089 5127 2340 5187 occupat,
2384 5119 2599 5188 hymnis
2632 5118 2697 5171 ad
2743 5119 2819 5172 tui
2849 5119 3060 5173 laudem
3100 5119 3360 5173 canendis

1793 5212 2075 5275 vacabant,
2106 5221 2159 5265 et
2185 5212 2320 5279 iusta
2362 5211 2563 5277 judicia
2608 5219 2696 5264 tua
2730 5210 3107 5265 decantabam.
3134 5208 3248 5264 Hoc
3277 5209 3361 5264 di-

1794 5307 1956 5360 vinus
2005 5306 2168 5359 etiam
2209 5303 2502 5373 Apostolus
2535 5320 2656 5356 cum
2702 5302 2812 5356 Sila
2847 5301 2994 5366 fecit,
3025 5311 3080 5357 et
3107 5302 3364 5372 alligatus

1796 5395 1950 5464 pede,
1970 5394 2283 5448 vulneribus
2307 5404 2359 5447 et
2380 5393 2562 5463 ﬂagris
2578 5400 2853 5457 oneratus,
2872 5392 3171 5449 orationem
3199 5393 3361 5465 hym-

1796 5501 1990 5540 norum
2021 5494 2180 5540 cantu
2219 5485 2552 5554 temperarit,
2595 5491 2648 5538 et
2686 5484 3012 5554 optimarum
3050 5483 3358 5557 vigiliarum

181 5668 224 5698 ⁸⁸
248 5668 405 5727 Rom.
437 5667 669 5728 vm,18.
747 5667 789 5697 ⁵⁸
824 5665 839 5716 I
872 5667 998 5720 Cor.
1032 5681 1128 5730 xu,
1159 5666 1249 5721 26.
1321 5668 1364 5698 ⁸³
1392 5662 1556 5719 IIebr.
1599 5679 1673 5728 XI,

1860 5663 1905 5694 ⁸³
1938 5661 2103 5721 Eccli.
2141 5677 2201 5725 tt,
2237 5663 2285 5714 l.

432 5764 699 5822 Ριτιιοι..
743 5763 858 5822 Gn.
905 5762 1170 5826 XXVII.

2964 5759 3034 5816 16
