3778 6276
371 274 471 324 £31

1211 269 1272 319 δ.
1315 263 1679 318 ATHANASII
1721 262 1870 317 OPP.
1913 263 2093 318 ΡΑιιδ
2132 263 2219 319 lll.
2256 297 2319 307 —
2346 263 2762 321 EXEGETICA.

3482 264 3599 322 £9!

375 393 608 472 fructum
653 389 969 460 percepit".
1023 385 1224 441 Divina:
1268 402 1500 457 namque
1547 386 1970 446 munificentiam

2106 385 2270 456 ἑρασε,
2305 385 2515 455 καὶτῆς
2534 384 2702 454 καλῆς
2732 383 3030 454 ἀγρυπνίας
3056 380 3320 452 ἐτρύγησε
3342 378 3436 436 τὸν
3460 397 3602 453 καρ-

375 480 534 536 donis
559 488 751 533 auctus
773 485 874 532 est.
1225 521 1228 524 .

445 568 537 624 65.
599 568 865 636 Particeps
922 581 1012 635 ego
1060 581 1173 617 sum
1222 564 1450 616 omnium
1506 561 1794 615 timentium
1861 568 1929 612 te.

361 660 657 716 Perfectus
701 659 864 714 homo
912 659 1178 727 particeps
1208 655 1408 710 Christi
1443 652 1633 718 fuerit,
1659 652 1812 722 juxta
1847 651 1932 704 di-

377 746 545 808 ctum.
569 750 696 805 illud
725 769 739 804 :
769 748 910 802 Nam
955 748 1152 803 Christi
1176 748 1456 816 participes
1489 747 1623 813 [acti
1663 761 1842 799 sumus
1863 744 1931 798 ⁸⁸.

339 881 342 888 .
379 839 476 895 llic
501 848 680 894 autem
713 839 869 909 quasi
908 839 1172 904 initiatus,
1203 853 1262 893 se
1308 838 1612 892 timentium
1645 834 1934 890 Dominum

379 931 693 1002 participem
723 945 842 986 esse
869 925 1033 996 dic'it;
1064 945 1236 999 neque
1266 938 1472 983 tantum
1501 925 1935 993 timentium,sed

378 1023 541 1077 etiam
560 1038 748 1078 eorum
771 1023 861 1092 qui
886 1031 1104 1091 propter
1127 1022 1376 1076 timorem
1404 1019 1498 1075 Dei
1521 1019 1640 1089 ejus
1671 1027 1937 1089 praecepta

380 1125 614 1171 servant.
644 1116 1036 1185 Argumentum
1066 1124 1245 1170 autem
1283 1115 1493 1170 timoris
1521 1113 1614 1168 Dei
1642 1120 1725 1166 est
1753 1111 1938 1166 obser-

379 1205 523 1259 vatio
545 1214 960 1275 praeceptorum.

453 1295 544 1349 61.
572 1294 932 1348 Misericordia
964 1303 1073 1357 tua,
1101 1294 1340 1360 Domine,
1369 1296 1524 1363 plena
1545 1301 1622 1347 est
1652 1301 1810 1345 terra.
1841 1288 1936 1343 Ju-

380 1387 723 1456 stiﬁcationes
775 1395 892 1439 tuas
943 1387 1068 1441 doce
1105 1404 1203 1442 me.
1252 1383 1569 1454 Prophetice
1601 1397 1719 1453 qua:
1762 1381 1940 1436 futura

383 1489 510 1535 sunt
533 1478 801 1544 enuntiat,
840 1479 1049 1547 plenam
1092 1479 1299 1534 scilicet
1350 1475 1466 1531 fore
1497 1476 1805 1529 universam
1834 1481 1943 1526 ter-

385 1587 500 1626 ram
532 1570 836 1624 timentium
882 1568 1192 1624 Dominum.
1223 1568 1289 1622 Et
1336 1569 1458 1631 hoc,
1495 1565 1689 1636 inquit,
1731 1580 1838 1619 non
1877 1579 1942 1617 ex

343 1696 348 1700 -
384 1663 491 1717 alio
514 1678 614 1717 usu
645 1677 808 1730 quam
841 1675 907 1715 ex
945 1670 1033 1715 tua
1060 1660 1465 1725 misericordia;
1498 1673 1623 1712 nam
1657 1667 1712 1710 tu
1744 1657 1856 1726 ipse
1891 1656 1943 1708 id

385 1753 807 1808 misericorditer
852 1752 1008 1818 facis,
1052 1753 1284 1821 teipsum
1337 1752 1473 1806 dans
1505 1749 1816 1804 hominibus
1849 1748 1947 1802 do-

381 1855 615 1900 ctorem.

457 1936 544 1990 65.
578 1936 875 1990 Bonitatem
905 1936 1074 2005 fecisti
1113 1952 1230 1988 cum
1264 1952 1406 1989 servo
1434 1947 1543 2000 tuo,
1573 1935 1812 1988 Domine.
1847 1932 1949 1986 Do-

387 2038 538 2084 cetur
564 2029 656 2097 qui
679 2029 878 2083 divinis
915 2029 1145 2098 eloquiis
1183 2029 1427 2083 eruditus
1471 2039 1572 2090 est,
1609 2043 1675 2082 ne
1705 2028 1949 2097 ingratus

388 2121 460 2176 sit
487 2121 538 2174 in
573 2119 739 2173 Deum
773 2118 1029 2173 beneficia
1061 2117 1446 2172 conferentem.
1483 2117 1772 2187 Nunquam
1803 2117 1946 2172 enim

388 2228 418 2265 a
448 2212 684 2281 peccatis
713 2211 974 2266 liberatus
1015 2209 1224 2272 fuisset,
1259 2218 1314 2262 et
1349 2218 1738 2262 annumeratus
1777 2207 1950 2262 servis

391 2301 506 2368 Dei,
528 2301 634 2355 nisi
661 2301 840 2355 divina
865 2300 1109 2371 quaedam
1134 2300 1306 2370 gratia
1329 2315 1513 2354 eorum
1547 2299 1678 2368 ipsis
1709 2299 1762 2352 in
1787 2314 1950 2352 causa

391 2389 600 2447 fuisset.

457 2482 542 2537 67.
580 2482 895 2553 Priusquam
948 2485 1256 2536 Iaumiliarer
1302 2500 1393 2552 ego
1428 2485 1644 2554 deliqui.
1676 2481 1951 2548 Traditus,

393 2575 588 2643 inquit,
617 2576 686 2628 ob
729 2575 950 2642 pristina
997 2583 1215 2642 peccata
1267 2589 1408 2639 mea,
1443 2575 1758 2630 humiliatus
1807 2591 1952 2640 sum,

393 2667 498 2721 hoc
539 2680 605 2720 ex
647 2666 794 2736 justo
828 2664 915 2718 Dei
956 2665 1160 2734 judicio
1204 2680 1416 2734 passus.
1453 2666 1684 2735 Ideoque
1727 2667 1955 2736 castiga-

394 2757 526 2810 tioni
557 2755 806 2817 traditus,
840 2772 971 2826 rogo
1003 2758 1134 2810 mihi
1165 2756 1468 2812 doctrinam
1499 2757 1738 2818 immitti,
1766 2767 1825 2810 ut
1863 2772 1954 2811 co-

393 2862 648 2920 gnoscam
675 2849 1102 2904 humiliationem
1126 2849 1270 2904 illam
1303 2849 1435 2904 mihi
1463 2865 1558 2920 per
1587 2849 1880 2904 bonitatem
1904 2857 1956 2903 et

393 2942 460 2997 ad
486 2942 894 3013 castigationem
922 2944 1189 3000 evenisse.

466 3120 553 3176 68.
581 3120 760 3176 Bonus
804 3137 856 3174 es
893 3131 968 3185 tu,
1011 3119 1246 3177 Domine.
1291 3121 1391 3188 Qui
1424 3124 1605 3192 justus
1635 3132 1716 3178 est
1748 3124 1800 3176 in
1829 3140 1947 3177 om-

398 3212 582 3276 nibus,
607 3213 956 3280 quantumvis
985 3214 1209 3267 molesta
1241 3214 1350 3267 sint
1375 3229 1494 3283 qua:
1526 3215 1795 3280 accidunt,
1825 3215 1948 3268 dicit

397 3303 507 3357 Deo
539 3322 551 3357 :
580 3303 758 3358 Bonus
772 3321 823 3357 es
841 3315 916 3357 tu.
949 3305 1134 3360 Simile
1151 3317 1231 3360 est
1260 3307 1387 3361 illud
1410 3307 1953 3361 :BenedicamDomi-

397 3407 521 3444 num
542 3392 593 3444 in
620 3394 760 3446 omni
787 3405 1009 3462 tempore
1033 3395 1181 3449 ³⁶.-
1200 3394 1268 3448 Ει
1289 3397 1344 3449 in
1367 3397 1594 3450 bonitate
1618 3409 1708 3451 tua
1731 3396 1854 3450 doce
1869 3415 1956 3451 me

391 3479 793 3549 iustiﬁcationes
828 3495 966 3537 tuas.
1000 3482 1063 3537 Et
1091 3495 1243 3556 rogat
1274 3501 1305 3540 a
1336 3487 1574 3542 bonitate
1602 3485 1696 3542 Dei
1718 3488 1952 3551 edoceri,

395 3571 522 3640 quia
564 3571 717 3626 bona:
761 3585 888 3627 sunt
928 3574 1343 3644 justilicationes
1389 3576 1518 3642 Dei,
1572 3577 1636 3632 ad
1690 3577 1957 3648 cujusque

386 3663 647 3730 meritum
691 3666 1149 3721 accommodatae:
1194 3666 1262 3722 de
1319 3668 1517 3738 quibus
1545 3677 1666 3738 apte
1703 3669 1952 3724 dicatur:

399 3752 466 3804 Et
485 3753 784 3823 justi/icata
809 3765 930 3809 sunt
951 3756 1158 3825 judicia
1180 3767 1294 3820 tua,
1329 3757 1468 3812 Deus
1490 3759 1536 3790 "
1553 3800 1566 3812 .

467 3845 555 3911 69,
589 3846 676 3900 70.
710 3847 1060 3918 Multiplicata
1083 3862 1160 3904 est
1203 3867 1357 3920 super
1388 3868 1466 3905 me
1504 3853 1755 3922 iniquitas
1780 3868 1959 3921 supcr-

398 3937 600 3991 borum.
647 3937 721 3993 Eo
772 3956 961 4010 usque,
1015 3942 1109 4006 ait,
1143 3943 1407 4011 superbia;
1456 3955 1856 4012 processerunt,
1901 3955 1959 3998 ut

399 4023 549 4080 cordi
578 4042 767 4082 eorum
798 4029 850 4083 id
875 4031 1018 4098 quod
1042 4031 1285 4100 sequitur
1307 4031 1586 4086 acciderit.
1606 4031 1956 4100 Coaqulatum

395 4131 470 4171 cst
500 4120 632 4173 sicut
665 4119 748 4172 lac
789 4137 880 4174 cor
907 4137 1104 4175 eorum.
1134 4120 1544 4178 Tentationibus
1584 4125 1743 4181 malis
1782 4127 1959 4196 gravi-

398 4211 885 4283 busquetraderis,
915 4215 1114 4284 quibus
1143 4217 1196 4269 in
1222 4217 1329 4270 vita
1361 4217 1754 4274 liumiliaberis.
1780 4217 1844 4273 Et
1869 4218 1961 4272 do-

393 4304 596 4359 cebunt
649 4313 699 4359 te
741 4320 940 4375 corpus
981 4314 1134 4360 tuum
1183 4308 1448 4378 castigare
1476 4317 1528 4363 et
1564 4310 1614 4362 in
1645 4311 1956 4364 servitutem

395 4395 658 4464 redigere,
688 4412 788 4450 nec
813 4395 1058 4450 incedere
1087 4397 1140 4450 in
1170 4396 1279 4452 lata
1307 4406 1361 4451 et
1391 4397 1630 4467 spatiosa
1660 4399 1747 4452 via
1774 4414 1963 4467 super—
1997 4388 2036 4440 D

398 4485 611 4551 borum,
643 4486 737 4540 sed
764 4487 816 4540 in
847 4496 1076 4557 angusta
1105 4494 1157 4540 et
1187 4496 1356 4543 arcta.
1385 4487 1520 4543 Nam
1560 4499 1722 4544 tenue
1755 4501 1837 4546 est
1870 4507 1961 4546 cor

396 4587 731 4641 sanctorum,
755 4593 856 4632 cor
889 4586 1071 4633 autem
1101 4581 1460 4649 superborum
1484 4582 1704 4650 pingue.

467 4753 554 4807 71.
579 4754 785 4809 Bonum
817 4759 941 4810 mihi
960 4760 1085 4827 quia
1109 4759 1401 4813 humiliasti
1429 4776 1526 4812 me.
1556 4762 1632 4811 Ar.
1656 4761 1701 4814 si
1721 4761 1952 4816 diceret:

397 4847 529 4903 Mihi
555 4849 737 4918 placeo
764 4851 816 4904 in
850 4851 1271 4913 inlirmitatibus,
1300 4853 1352 4904 in
1381 4852 1747 4914 contumeliis,
1783 4854 1836 4907 in
1868 4871 1964 4908 ne-

397 4941 776 5007 cessitatibus,
833 4944 885 4995 in
938 4946 1428 5012 persecutionibus,
1479 4943 1532 4996 in
1579 4945 1876 5014 angustiis,
1907 4956 1966 5000 ut

396 5036 593 5104 dignus
618 5035 1294 5104 videarjustilicationibus
1323 5035 1451 5097 tuis,
1475 5050 1724 5103 quaerens
1752 5051 1813 5091 ea
1843 5052 1964 5106 quae

396 5128 530 5183 alias
558 5126 725 5180 edisci
755 5143 860 5181 non
893 5137 1138 5197 possunt.

469 5219 555 5272 72.
595 5219 798 5274 Bonum
841 5221 968 5274 mihi
996 5219 1079 5273 lex
1107 5219 1213 5272 oris
1245 5218 1345 5280 tui,
1375 5232 1530 5284 super
1557 5215 1728 5268 millia
1751 5217 1872 5268 auri
1911 5228 1960 5270 et

398 5313 622 5380 argenti.
658 5311 861 5365 Ediscit
909 5312 1153 5365 initiatus
1207 5310 1370 5363 homo
1401 5316 1608 5377 quanto
1649 5307 1720 5361 sit
1759 5307 1964 5362 honore

399 5404 653 5455 donatus.

473 5491 558 5546 75.
594 5491 782 5546 Manus
807 5507 907 5546 ιιιαι
927 5492 1162 5561 fecerunt
1195 5508 1290 5545 me.
1321 5491 1498 5545 Altera
1534 5488 1792 5558 dignitas,
1815 5493 1962 5558 quod

457 5673 500 5705 "°
532 5674 647 5728 Act.
687 5688 798 5739 ιιι,
828 5674 918 5726 25.

2033 477 2151 529 πόν.
2180 476 2290 546 Τῆς
2315 475 2464 540 θείας
2489 476 2596 547 γὰρ
2628 473 2935 544 φιλοτιμίας
2960 471 3283 533 ἀπέλαυσεν,

2101 565 2365 633 ΜέτοχΟς
2392 563 2503 634 ἐγώ
2541 565 2658 633 εἰμι
2699 562 2938 616 πάντων
2957 561 3074 615 τῶν
3095 561 3476 631 φοϐουμένων
3499 577 3602 617 σε.

2047 658 2104 709 'U
2139 658 2237 727 μὲν
2293 657 2494 721 τέλειος
2530 654 2763 729 Χριστοῦ
2811 654 2877 708 ἂν
2912 655 2996 725 εἴη
3062 655 3307 726 μέτοχος,
3350 657 3493 710 κατὰ
3542 658 3609 710 τὸ

2035 746 2336 818 εἰρημένον·
2366 747 2613 816 Μέτοχοι
2647 747 2758 814 γὰρ
2805 745 2908 800 τοῦ
2962 745 3213 813 Χριστοῦ
3252 748 3604 817 γεγόναμεν.

2048 842 2105 895 Ὀ
2131 841 2187 893 δὲ
2218 838 2424 914 παρὼν,
2454 839 2530 903 ὼς
2575 839 2920 909 εἰσαγόμενος
2939 881 2954 904 ,
2985 839 3092 891 τῶν
3130 839 3478 909 φοϐουμένων
3510 839 3608 892 τὸν

2037 937 2241 1008 Κύριον
2305 936 2526 1006 μέτοχον
2581 933 2767 996 ἑαυτὸν
2818 929 2955 986 εἶναι
3007 932 3173 1001 λέγει’
3204 932 3300 1003 οὐχ
3331 931 3513 996 ἁπλῶς
3549 929 3612 982 δὲ

2037 1029 2144 1083 τῶν
2177 1028 2543 1098 φοϐουμένων,
2572 1026 2704 1080 ἀλλά
2741 1025 2847 1079 τῶν
2877 1025 2963 1079 διὰ
2986 1025 3045 1077 τὸ
3068 1024 3346 1093 φοϐεῖσθαι
3397 1024 3608 1093 φυλασ-⁵

2041 1121 2240 1174 σόντων
2269 1121 2369 1183 τὰς
2393 1117 2608 1182 ἐντολὰς
2648 1117 2740 1170 τοῦ
2771 1117 2926 1170 Θεοῦ.
2987 1118 3194 1187 Δεῖγμα
3247 1116 3306 1170 δὲ
3333 1115 3426 1168 τοῦ
3453 1114 3606 1168 θείου

2042 1210 2202 1279 φόϐου
2235 1212 2267 1280 ὴ
2298 1209 2404 1262 τῶν
2433 1207 2656 1261 ἐντολῶν
2691 1206 2920 1277 φυλακή.

2119 1302 2224 1356 Τοῦ
2249 1300 2460 1365 ἐλέους
2515 1316 2651 1362 σου,
2696 1300 2891 1365 Κύριε,
2923 1295 3160 1365 πλήρης
3202 1299 3240 1363 ἡ
3277 1297 3378 1365 γῆ.
3411 1301 3486 1350 Τὰ
3519 1295 3614 1349 δι-

2043 1391 2336 1463 καιώματὰ
2359 1409 2474 1446 σου
2496 1389 2742 1452 δίδαξόν
2763 1405 2856 1458 με.
2885 1387 3240 1459 Προφητικῶς
3283 1388 3351 1440 τὰ
3377 1387 3617 1457 ἐσόμενά

2045 1501 2227 1554 φησιν,
2261 1483 2336 1546 ὡς
2368 1482 2516 1535 ἕσται
2547 1482 2696 1533 πᾶσα
2716 1480 2749 1548 ἡ
2778 1477 2848 1546 γῆ
2875 1477 3087 1548 πλήρης
3115 1477 3220 1530 τῶν
3263 1476 3617 1546 φοϐουμένων

2043 1576 2133 1628 τὸν
2156 1575 2377 1645 Κύριον.
2413 1573 2523 1627 Καὶ
2543 1571 2643 1625 οὐκ
2669 1568 2728 1632 ἐξ
2755 1567 2944 1639 ἑτέρας
2975 1569 3105 1638 φησὶ
3130 1567 3284 1620 τοῦτο
3312 1567 3497 1638 χρείας
3520 1583 3623 1634 γε-

2045 1670 2264 1738 νήσεται
2299 1668 2331 1737 ἢ
2362 1669 2424 1719 ὲκ
2460 1665 2554 1718 τοῦ
2601 1663 2693 1717 σοῦ
2720 1661 2919 1723 ἐλέουςο
2972 1663 3066 1714 καὶ
3095 1661 3256 1724 αὐτὸς
3299 1661 3407 1732 γὰρ
3455 1660 3622 1713 τοῦτο

2047 1758 2338 1829 ὲλεητικῶς
2394 1759 2586 1822 ποιεῖς,
2642 1757 2909 1819 ἐπιδιδοὺς
2942 1754 3128 1807 ἑαυτὸν
3161 1752 3267 1805 τῶν
3311 1751 3622 1822 ἀνθρώπων

2047 1847 2184 1904 εἶναι
2215 1849 2550 1903 διδάσκαλον.

2122 1943 2508 2012 Χρηστότητα
2551 1941 2841 2009 ἐποίησας
2860 1939 3007 2009 μετὰ
3063 1938 3168 1992 τοῦ
3220 1937 3440 1990 δούλου
3472 1951 3622 1995 σου,

2049 2038 2242 2103 Κύριε.
2275 2034 2593 2088 Διδάσκεται
2636 2035 2665 2085 ὁ
2700 2033 2768 2086 τά
2817 2031 2935 2085 θεῖα
2995 2031 3147 2097 λόγια
3192 2027 3629 2095 πεπαιδευμένος

2053 2130 2126 2200 μὴ
2157 2127 2494 2196 ἀναισθήτως
2515 2106 2656 2194 ἔχειν
2695 2124 2793 2186 τὰς
2840 2121 3118 2189 τοῦμθεοῦ
3166 2118 3497 2188 εὐεργεσίας.
3543 2119 3624 2167 Οὐ

2051 2222 2157 2292 γὰρ
2182 2218 2353 2281 ἄλλως
2373 2216 2678 2287 ἀπήλλακτο
2705 2215 2801 2285 μὲν
2817 2213 2915 2282 τῆς
2932 2211 3219 2283 ἁμαρτίας,
3241 2207 3467 2280 κατηρίθ
3477 2223 3632 2276 μητο

2050 2315 2105 2366 δὲ
2133 2316 2190 2367 ὲν
2221 2312 2424 2374 δούλοις
2451 2308 2674 2381 Κυρίου,
2727 2310 2774 2360 εί
2829 2307 2902 2376 μὴ
2945 2304 3064 2359 θεία
3092 2321 3172 2367 τις
3227 2303 3384 2373 χάρις
3414 2300 3632 2353 τούτων

2054 2407 2200 2477 αὐτῷ
2228 2405 2374 2460 αἰτία
2396 2403 2636 2472 γέγονεν.

2126 2492 2244 2560 Πρὸ
2293 2491 2397 2544 τοῦ
2429 2506 2505 2558 με
2529 2485 2952 2552 ταπεινωθῆναι
3003 2484 3116 2554 ἐγὼ
3160 2482 3626 2552 ἐπλημμέλησα.

2055 2582 2153 2635 Διὰ
2195 2580 2294 2643 τὰς
2327 2579 2595 2651 προτέρας
2632 2595 2754 2648 μου,
2805 2577 2957 2646 φησὶ,
2986 2574 3317 2646 πραχθείσας
3345 2573 3660 2644 ἀμαρτίας⁴

2057 2671 2395 2745 παραδοθεὶς,
2455 2668 2843 2737 ὲταπεινώθην,
2883 2668 3059 2737 κρίσει
3112 2665 3291 2736 δικαίᾳ
3337 2662 3428 2716 τοῦ
3483 2663 3632 2716 Θεοῦ

2055 2769 2211 2823 τοῦτο
2242 2761 2448 2817 παθών.
2495 2753 2570 2814 Οὖ
2610 2761 2674 2831 δὴ
2703 2760 2797 2814 καὶ
2836 2759 2995 2831 χάριν
3039 2757 3250 2828 παιδείᾳ
3277 2754 3633 2827 παραδοθεὶς,

2054 2857 2243 2930 δέομαι
2286 2851 2630 2916 διδασκαλίας
2679 2851 2754 2915 ὼς
2800 2849 2866 2905 ἂν
2897 2849 3032 2918 γνῶ,
3088 2850 3170 2903 ὅτι
3216 2849 3250 2918 ἡ
3298 2846 3635 2908 ταπείνωσις

2053 2952 2089 3020 ἡ
2146 2945 2410 3017 γενομένη
2482 2961 2569 3014 μοι
2633 2942 2771 2996 κατά
2841 2940 3180 3013 χρηστότητα
3241 2938 3335 2992 καὶ
3373 2936 3637 2989 παιδείαν

1981 3055 2024 3113 C
2057 3041 2286 3110 ἐγένετο.

2125 3128 2395 3197 Χρηστός
2423 3123 2478 3180 εί
2503 3126 2604 3189 σὺ,
2639 3127 2830 3192 Κύριε.
2883 3123 2941 3175 '0
2963 3122 3168 3183 δίκαιος
3209 3119 3301 3171 ἐπὶ
3342 3121 3495 3178 πᾶσι,
3522 3118 3638 3170 κᾶν

2054 3218 2088 3291 ᾗ
2123 3218 2293 3292 πικρά
2320 3219 2388 3270 τὰ.
2418 3216 2802 3286 συμϐαίνοντα,
2859 3213 3005 3280 λέγει
3067 3211 3144 3281 τῷ
3190 3209 3326 3280 Θεῷ’
3351 3208 3639 3276 Χρηστιῖις

2054 3309 2111 3361 εἴ
2133 3309 2236 3363 σύ.
2263 3306 2509 3360 Τοιοῦτον
2542 3305 2634 3358 καὶ
2663 3305 2740 3357 τό”
2780 3306 2823 3355 Ε
2830 3303 3107 3372 ὺλργήσω
3153 3300 3258 3354 ter
3289 3301 3505 3366 Κύριον
3558 3299 3641 3350 ἐν

2057 3398 2234 3452 παντὶ
2265 3396 2466 3466 καιρῷ.
2519 3397 2629 3450 Καὶ
2665 3397 2734 3448 ὲν
2761 3394 2834 3462 τῇ
2888 3393 3254 3463 χρηστότητί
3289 3405 3405 3444 σου
3457 3389 3637 3443 δίδα-

2057 3489 2168 3554 ξόν
2192 3506 2268 3558 με
2303 3488 2374 3541 τὰ
2412 3484 2763 3554 δικαιώματά
2791 3499 2927 3540 σου.
2965 3485 3075 3536 Καὶ
3109 3483 3274 3535 δεῖται
3305 3481 3366 3534 τὸ
3404 3481 3641 3552 χρηστῷ

2057 3582 2190 3635 Θεοῦ
2217 3579 2546 3650 διδαχθῆναι·
2577 3580 2658 3630 ὃτι
2691 3576 2901 3648 χρηστά
2921 3575 2990 3629 τὰ
3019 3573 3356 3644 δικαιώματα
3377 3572 3469 3625 τοῦ
3491 3571 3640 3626 Θεοῦ

2060 3673 2192 3745 πρὸς
2247 3673 2344 3742 τὴν
2390 3672 2544 3737 ἀξίαν
2595 3672 2821 3724 ἑκάστου
2865 3669 3138 3738 γινόμενα·
3201 3668 3286 3736 ἐφ’
3317 3659 3397 3729 οἷς
3449 3665 3642 3733 λέγειν

2061 3764 2226 3830 ἀξιον·
2269 3760 2612 3828 Ἐδικαιὼθη
2638 3761 2708 3814 τὰ
2728 3759 2976 3828 κρίματα
2993 3773 3129 3821 σου,
3153 3760 3184 3811 ό
3203 3757 3366 3822 Θεός.

2141 3853 2475 3922 Ἑπληρώθη
2511 3853 2601 3905 ἐπ’
2649 3851 2753 3920 ἐμὲ
2799 3851 3000 3905 ἀδικία
3030 3847 3443 3917 ὑπερηφάνων.
3480 3847 3646 3900 -Ἑπὶ

2057 3945 2327 4008 τοσοῦτον,
2359 3945 2540 4014 φησιν,
2599 3942 2802 4013 ἤλασαν
2835 3941 3228 4012 ὑπερηφανίας,
3269 3937 3341 4002 ὡς
3375 3936 3645 4005 γενέσθαι

2058 4040 2154 4108 τὴν
2185 4036 2410 4109 καρδίαν
2435 4038 2491 4088 έν
2519 4036 2722 4098 αὐτοῖς.
2780 4031 3071 4101 Ἐτυρώθη
3113 4033 3194 4096 ὡς
3239 4030 3393 4099 γάλα
3419 4031 3456 4097 ἠ
3490 4047 3644 4098 καρ-

2058 4131 2158 4184 δία
2187 4128 2404 4183 αὐτῶν.
2421 4129 2545 4191 Τοῖς
2575 4129 2829 4198 πονηροῖς
2861 4126 2954 4179 καὶ
2985 4125 3274 4197 μοχθηροῖς
3305 4126 3644 4194 πειρασμοῖς

2059 4222 2406 4295 παραδοθήσῃ
2466 4220 2564 4291 βίῳ
2610 4219 2702 4273 καὶ
2747 4217 2989 4288 πολιτείᾳ
3045 4215 3379 4278 ταπεινοῦσι,
3416 4215 3511 4267 καὶ
3549 4214 3642 4266 δι-

2061 4315 2350 4369 δάσκουσιν
2381 4309 2702 4376 ὑποπιάζειν
2729 4311 2788 4363 τὸ
2809 4309 2966 4380 σῶμα
2998 4309 3092 4362 καὶ
3117 4307 3499 4376 δουλαγωγεῖν,
3536 4308 3644 4362 καὶ

2071 4406 2144 4477 μὴ
2198 4404 2402 4458 όδεύειν
2452 4403 2548 4474 τὴν
2603 4401 2860 4454 πλατεῖαν
2888 4401 2982 4453 καὶ
3031 4399 3336 4470 εὐρύχωρον
3383 4399 3479 4468 τὴν
3524 4399 3646 4451 τῶν

2068 4496 2460 4566 ὑπερηφάνων,
2521 4491 2658 4546 ἀλλά
2721 4491 2814 4562 τὴν
2867 4489 3051 4560 στενὴν
3103 4491 3195 4542 καὶ
3248 4487 3643 4560 τεθλιμμένη-ν

2066 4585 2234 4656 λεπτὴ
2269 4585 2364 4654 μὲν
2385 4584 2492 4656 γὰρ
2523 4585 2556 4654 ἡ
2585 4582 2691 4636 τῶν
2728 4581 2917 4650 ἁγίων,
2966 4582 3105 4633 πίων
3137 4580 3192 4632 δὲ
3233 4582 3265 4649 ἡ
3317 4579 3422 4631 τῶν
3467 4579 3648 4650 ὑπερ-

2064 4679 2284 4748 ηφάνων
2307 4678 2519 4749 καρδία.

2149 4769 2396 4836 Ἀγαθόν
2410 4784 2532 4836 μοι,
2559 4765 2648 4820 ὅτι
2676 4763 3079 4830 ἑταπείνωσάς
3106 4782 3203 4833 με.
3253 4764 3395 4816 Ὠσεὶ
3427 4763 3642 4832 ἔλεγενο

2071 4857 2287 4910 Εὑδοκῶ
2318 4859 2374 4909 ὲν
2417 4857 2736 4920 ἀσθενείαις,
2793 4860 2850 4910 ὲν
2883 4857 3119 4928 ὕϐρεσιν,
3168 4857 3225 4907 ἐν
3269 4855 3554 4924 ἀνάγκαις,
3586 4859 3647 4909 ἐν

2066 4949 2341 5018 διωγμοῖς,
2394 4951 2451 5001 ὲν
2485 4951 2883 5020 στενοχωρίαις,
2924 4951 3072 5014 ἄξιος
3117 4948 3343 5018 ὀφθῆναι
3373 4949 3483 5000 τῶν
3533 4950 3648 5000 σῶν

2065 5039 2481 5110 δικαιωμάτων,
2538 5039 2716 5110 ζητῶν
2771 5040 2913 5110 ἅπερ
2971 5041 3069 5094 οὐκ
3118 5041 3261 5094 ἔστιν
3309 5040 3483 5101 ἄλλως
3543 5058 3648 5110 μα-

2067 5131 2196 5184 θεῖν.

2150 5224 2392 5290 Ἀγῐιθός
2437 5240 2539 5292 μοι
2572 5227 2605 5276 ὀ
2635 5225 2818 5293 νόμος
2859 5226 2964 5277 τοῦ
3015 5223 3306 5293 στόματός
3333 5239 3449 5277 σου
3492 5227 3643 5292 ὑπὲρ

2069 5313 2342 5380 χιλιάδας
2375 5315 2631 5382 χρυσίου
2659 5315 2755 5368 καὶ
2798 5315 3105 5383 ἀργυρίου.
3143 5316 3312 5384 Ὅσης
3356 5314 3591 5382 ἠξίωται

2069 5405 2165 5459 ἄνθ
2173 5423 2351 5476 ρωπος
2377 5406 2684 5459 διδάσκεται
2707 5406 3072 5476 εἰσαγόμενος.

2144 5497 2212 5548 Al
2243 5494 2435 5564 χεῖρές
2453 5512 2571 5548 σου
2600 5493 2900 5561 ἐποίησάν
2930 5511 3026 5564 με.
3055 5495 3279 5564 Ἕτερον
3325 5492 3544 5562 ἀξίωμα
3585 5493 3646 5544 τὸ

1016 5674 1058 5704 ⁸⁸
1089 5671 1253 5728 llebr.
1295 5689 1377 5741 ιιι,
1413 5674 1539 5745 LL;
1577 5675 1622 5708 "
1651 5673 1795 5729 Psal.
1834 5688 2026 5741 χχχιιι,
2054 5675 2106 5726 ‘2.
2183 5676 2225 5706 ⁸⁷
2261 5674 2400 5730 Psal.
2438 5692 2589 5739 xvni,
2625 5677 2709 5729 10.
