3778 6276
120 266 227 321 ἕ95

1203 260 1570 317 EKPOSlTlO
1605 259 1670 312 1N
1708 258 2040 317 PSALMUM
2080 262 2308 320 CXVIII.

3287 264 3389 319 ωδ

120 383 379 436 δεκτικὸν
413 383 574 436 αὐτὸν
601 379 739 437 εἶναι
774 384 866 435 καὶ
902 383 1206 455 χωρητικὸν
1267 384 1365 453 τῆς
1394 381 1558 438 αὐτοῦ
1606 382 1715 435 δια-

1874 391 1893 436 t
1941 399 2109 453 capax
2148 386 2273 442 talis
2319 386 2702 457 intelligentize.
2740 386 2824 440 Da
2873 386 3000 439 mihi
3047 385 3392 452 intellectum,

128 473 297 537 ιοίας.
332 474 674 528 Συνέτισόν
701 491 800 544 με,
832 473 931 528 καὶ
955 472 1301 544 μαθήσομαι
1333 473 1441 540 τὰς
1472 472 1724 538 ἐντολάς

123 580 260 619 σου.
286 563 369 634 Τῇ
394 564 494 615 ἐπὶ
527 563 628 635 τῆς
649 565 918 636 ποιήσεως
939 564 1259 636 εὐχαριστίᾳ
1280 563 1399 617 λίαν
1419 562 1725 628 ἀκολούθως

123 656 158 726 ἡ
181 654 289 724 τῆς
314 655 585 725 νοητικῆς
613 655 896 727 δυνάμεως
937 655 1035 725 τῆς
1070 656 1306 709 συνιέναι
1348 655 1606 727 ποιούσης
1627 656 1723 720 τὰς

127 746 375 809 ἐντολάς.

193 840 260 890 οι
270 837 655 906 φοϐούμενοί
668 850 762 903 σε,
786 835 1039 906 ὄψονται
1052 853 1147 903 σε,
1170 838 1266 892 καί
1285 836 1725 907 εὐφρανθήσον-

126 940 232 977 ται.
281 925 575 993 Διδάσκει,
601 924 678 988 ὡς
707 924 806 978 οὐκ
857 925 1021 989 αὐτὸς
1046 925 1207 997 μόνος
1259 926 1472 991 καθέξει
1523 927 1582 980 τὸ
1627 926 1725 997 χά-

131 1030 315 1085 ρισμα,
362 1014 573 1083 φθάσει
599 1015 658 1069 δὲ
688 1016 782 1070 καὶ
827 1017 908 1080 είς
948 1016 1155 1082 πάντας
1206 1018 1333 1082 τοὺς
1362 1017 1723 1089 φοόουμένους

127 1107 479 1177 τὸνΚύριον.
509 1108 637 1172 Τοῖς
683 1107 793 1180 γὰρ
845 1109 1092 1163 εὐσεϐέσι
1146 1110 1327 1182 μόνοις
1371 1111 1520 1164 ἐστὶν
1571 1110 1721 1179 ἡδὺς,

131 1197 406 1269 αίσθητῶς
442 1198 508 1252 δὲ
542 1198 762 1270 ὀραθεὶς
796 1200 890 1253 καὶ
942 1199 1086 1254 κατὰ
1116 1200 1209 1254 τὸν
1263 1200 1419 1270 λόγον
1458 1201 1553 1253 καὶ
1584 1199 1724 1253 κατὰ

129 1288 186 1339 τὰ
205 1289 474 1358 νοήματα
507 1289 608 1360 τῆς
632 1290 823 1359 σοφίας
845 1293 912 1361 ἢν
935 1288 1067 1362 ἔχει’
1105 1294 1216 1356 τοῖς
1252 1291 1309 1344 δὲ
1351 1291 1528 1357 ἄλλοις
1557 1291 1726 1363 βαρύς

129 1378 228 1430 ἔστι
260 1378 371 1432 καὶ
403 1378 761 1450 βλεπόμενος.
791 1381 912 1434 Ὅτι
933 1382 1181 1453 ἀνόμοιος
1213 1385 1324 1446 τοῖς
1351 1382 1531 1447 ἄλλοις
1557 1385 1585 1436 6
1615 1382 1726 1453 βίος

130 1468 279 1521 αὐτοῦ
310 1470 424 1522 καὶ
459 1470 860 1543 ἐξηλλαγμέναι
887 1473 945 1525 ai
988 1473 1161 1545 τρίϐοι
1217 1472 1405 1541 αὑτοῦ,
1442 1473 1537 1527 διὰ
1570 1473 1727 1526 τοῦτο

128 1561 396 1631 δέφησινο
444 1561 1008 1631 Εὐφρανθήσονται,
1044 1564 1134 1618 ὅτι
1166 1567 1254 1632 είς
1310 1564 1448 1631 τοὺς
1506 1566 1727 1633 λόγους

129 1670 232 1710 σου
259 1656 621 1723 ἐπήλπισα.

1828 484 1887 527 ut
1911 475 2111 530 discam
2138 479 2392 533 mandata
2423 489 2534 534 tua.
2564 479 2693 536 Post
2717 479 3010 550 gratiarum
3049 480 3292 535 actiones
3329 481 3396 535 de

1827 556 2244 636 creatione'sua,
2281 569 2434 625 valde
2463 579 2856 641 consequenter
2882 578 3245 624 annectuntur
3266 585 3395 640 gra-

1827 656 2024 711 tiarum
2075 658 2315 714 actiones
2363 674 2459 728 pro
2490 661 2615 715 data
2651 660 2923 731 cogitandi
2969 659 3243 723 facultate,
3275 675 3399 730 qua:

1826 746 2081 801 mandata
2108 746 2401 816 intelligere
2431 746 2581 803 facit.

1902 834 1987 889 76.
2019 834 2123 900 Qui
2157 838 2341 890 timent
2372 848 2418 891 te
2467 839 2706 892 videbunt
2743 849 2813 903 te,
2840 848 2888 892 et
2925 836 3264 891 (relabuntur.
3289 833 3392 887 Do-

1829 935 1914 982 cet
1946 943 2052 984 non
2092 944 2153 984 se
2180 930 2357 985 solum
2391 946 2507 985 eam
2551 932 2783 1001 gratiam
2831 940 3271 995 consecuturum,
3300 930 3391 982 sed

1825 1033 1946 1073 eam
1982 1020 2235 1077 omnibus
2275 1023 2590 1077 timentibus
2640 1021 2807 1076 Deum
2844 1023 3216 1077 obventuram.
3259 1016 3392 1073 Nam

1824 1109 1932 1178 piis
1975 1110 2154 1165 solum
2194 1111 2507 1166 hominibus
2541 1112 2715 1166 dulcis
2744 1120 2858 1179 est;
2883 1114 2958 1167 ita
2992 1122 3049 1166 ut
3078 1110 3240 1166 etiam
3269 1124 3393 1165 sen-

1827 1197 2054 1254 sibiliter
2078 1200 2339 1267 videatur,
2358 1211 2409 1256 et
2436 1203 2731 1258 secundum
2760 1204 3006 1268 vetbum,
3023 1211 3077 1257 et
3096 1202 3393 1257 secundum

1826 1290 2181 1359 cogitationes
2207 1292 2486 1362 sapientiae
2505 1308 2669 1363 quam
2692 1293 2855 1347 habet
2880 1310 2893 1359 ;
2919 1293 3040 1347 aliis
3066 1300 3244 1346 autem
3271 1306 3394 1361 gra-

1826 1380 1909 1435 vis
1937 1390 1990 1435 et
2015 1380 2186 1436 durus
2212 1390 2315 1447 est,
2351 1383 2564 1440 etiamsi
2601 1383 2863 1438 videatur.
2905 1382 3043 1449 Quia
3083 1383 3204 1437 aliis
3233 1381 3395 1436 dissi-

1827 1473 1973 1528 milis
2004 1474 2221 1529 estvita
2245 1476 2364 1545 ejus
2400 1485 2455 1530 et
2489 1476 2717 1532 diversae
2756 1476 2857 1531 viae
2897 1476 3040 1546 ejus,
3068 1474 3189 1531 ideo
3225 1474 3394 1529 dicit:

1829 1565 2196 1633 Latabuntur,
2231 1569 2357 1638 quia
2387 1568 2442 1621 in
2464 1569 2630 1624 verbis
2660 1569 2764 1623 tuis
2787 1568 3169 1638 supersperat'i.

193 1750 460 1818 Ἐτνων.
489 1750 683 1815 Κύριε,
715 1748 803 1802 ὅτι
832 1749 1186 1818 δικαιοσύνη
1213 1750 1285 1804 τὰ
1308 1749 1558 1819 κρίματά
1586 1764 1715 1803 σου.

1896 1746 1985 1801 75.
2028 1748 2275 1825 Cognoui,
2323 1749 2560 1815 Domine,
2586 1752 2711 1821 quia
2759 1752 2981 1822 aequitas
3021 1751 3232 1821 judicia
3282 1758 3394 1807 tua.

129 1840 537 1912 Διδασκόμεθα,
576 1842 652 1905 ὡς
675 1842 852 1895 πάντα
880 1844 1011 1914 ἡμῖν
1043 1844 1072 1896 6
1126 1842 1257 1907 Θεὸς
1284 1842 1505 1907 δικαίως
1536 1841 1728 1911 ἐπιφέ-

133 1952 229 2005 ρει·
289 1933 446 1986 ῶστε
501 1935 799 2002 ἀναγκαῖον
865 1933 938 2005 μὴ
997 1933 1279 2006 ὀλιγωρεῖν
1333 1934 1484 2005 ἡμᾶς
1520 1935 1578 1985 ὲν
1611 1934 1728 1995 ταῖς

132 2027 439 2089 παιδείαις,
493 2026 856 2097 προσπῖπτειν
907 2026 963 2079 δὲ
996 2026 1215 2095 μᾶλλον,
1252 2026 1345 2078 καὶ
1400 2026 1464 2078 ἐκ
1508 2025 1605 2096 τῆς
1632 2023 1728 2076 τοῦ

129 2121 295 2191 νόμου
322 2117 585 2188 φυλακῆς
612 2117 704 2170 τὸν
734 2116 880 2169 ἔλεον
906 2115 1160 2182 ἐξαιτεῖν.

202 2209 535 2276 Γενηθήτω
589 2207 667 2275 δὴ
721 2209 786 2261 τὸ
840 2207 1011 2272 ἔλεός
1037 2223 1152 2259 σου
1190 2206 1294 2259 τοῦ
1318 2203 1729 2274 παρακαλέσαι

130 2321 227 2373 με.
264 2302 466 2364 Ἔλεος
497 2299 594 2353 τοῦ
623 2299 836 2370 Πατρός
866 2301 894 2352 6
938 2298 1086 2361 Υἱὸς,
1116 2296 1175 2361 ὃς
1232 2298 1326 2349 καὶ
1363 2296 1730 2368 παρεκάλεσεν

132 2393 298 2465 ἡμῶν
330 2393 433 2455 τὰς
466 2392 696 2464 καρδίας
753 2389 1186 2462 τυραννουμένας
1234 2386 1338 2441 ὑπὸ
1371 2385 1463 2440 τοῦ
1497 2387 1727 2439 Σατανᾶ.

140 2484 217 2537 Ἦ
254 2483 357 2535 καὶ
389 2480 582 2540 οὕτως’
616 2481 819 2551 Δέομαι
848 2478 989 2534 κατά
1017 2478 1107 2532 τὸν
1148 2477 1240 2530 σὺν
1281 2477 1449 2545 Λόγον
1484 2476 1606 2547 ἐμοὶ
1655 2475 1729 2546 τῷ

141 2572 319 2642 δούλῳ
347 2588 442 2624 σου
472 2570 562 2623 ἐπὶ
594 2569 934 2640 παρακλήσει
979 2567 1074 2619 καὶ
1112 2563 1433 2636 παραμυθίᾳ
1486 2563 1546 2616 τὸ
1585 2560 1730 2626 ἔλεός

142 2683 241 2719 σου
289 2662 574 2733 γενέσθαι.
634 2661 826 2714 Πολλοὶ
865 2660 973 2731 γὰρ
1039 2659 1435 2728 παρακλήσεως
1480 2656 1729 2727 τυχόντες

137 2755 489 2817 ἀπατῶνται,
523 2752 600 2814 ὡς
631 2749 690 2816 ἐξ
727 2749 858 2813 ἰδίας
886 2750 1198 2821 φρονήσεως
1245 2747 1389 2800 τοῦτ’
1420 2745 1728 2816 ἐσχηκέναι.

142 2850 339 2911 Ὅπως
368 2846 444 2917 μὴ
473 2842 734 2906 ὡσαύτως
775 2841 982 2905 τούτοις
1009 2839 1286 2913 πλανηθῶ,
1322 2838 1443 2909 ἐμοὶ
1464 2836 1541 2908 τῷ
1566 2835 1734 2906 δούλῳ

142 2954 243 2991 σου
271 2937 336 2989 τὸ
360 2935 511 2997 ἔλεός
550 2949 667 2996 σου,
697 2932 839 2985 κατὰ
861 2931 921 2984 τὸ
949 2930 1132 3000 λόγιόν
1166 2936 1282 2991 σου,
1317 2927 1577 2997 γενέσθω.

226 3022 610 3083 Ἕλθέτωσάν
635 3040 738 3093 μοι
760 3024 815 3075 oi
842 3021 1132 3091 οἰκτιρμοί
1164 3034 1303 3084 σου,
1335 3018 1430 3072 καὶ
1464 3016 1734 3087 ζήσομαι.

1830 1836 2101 1894 Docemur
2130 1840 2298 1895 Deum
2341 1843 2501 1898 nobis
2541 1844 2720 1898 omnia
2745 1845 2894 1914 juste
2930 1843 3211 1910 conferre;
3243 1844 3314 1898 ita
3343 1852 3401 1897 ut

1829 1931 2134 1985 consultum
2164 1934 2253 1996 sit,
2283 1949 2383 1988 nos
2413 1950 2522 1989 non
2553 1935 2739 1989 animo
2772 1935 3061 1991 concidere
3093 1937 3149 1990 in
3176 1936 3402 2005 castiga-

1832 2020 2091 2087 tionibus,
2124 2023 2219 2076 sed
2246 2039 2338 2078 eas
2362 2025 2540 2093 potius
2568 2026 2839 2095 amplecti,
2866 2035 3028 2096 atque
3063 2041 3130 2080 ex
3156 2026 3288 2097 legis
3307 2041 3403 2080 cu-

1831 2111 2003 2167 stodia
2035 2113 2463 2169 misericordiam
2489 2117 2786 2185 postulare.

1903 2203 1987 2258 76.
2029 2203 2157 2258 Fiat
2182 2206 2548 2281 misericordia
2580 2218 2671 2261 tua
2700 2217 2757 2262 ut
2780 2208 3084 2262 consoletur
3114 2225 3213 2262 me.
3240 2206 3403 2263 Mise-

1833 2297 2061 2352 ricordia
2094 2298 2269 2353 Patris
2299 2299 2488 2365 Filius,
2520 2300 2614 2370 qui
2648 2301 2961 2356 consolatus
2988 2312 3071 2356 est
3108 2300 3275 2355 corda
3299 2316 3403 2355 που

1834 2397 1945 2442 stra
2004 2388 2219 2443 Satante
2270 2390 2556 2461 tyrannide
2614 2407 2893 2460 oppressa.
2922 2391 3017 2447 Vel
3062 2391 3228 2446 etiam
3279 2392 3402 2447 sic:

1836 2477 2075 2535 Obsecro
2105 2490 2174 2546 te,
2196 2497 2293 2551 per
2320 2481 2556 2536 Verbum
2587 2493 2759 2550 tuum,
2786 2490 2845 2538 ut
2872 2483 3003 2537 mihi
3029 2498 3187 2538 servo
3218 2494 3309 2539 tuo
3337 2484 3406 2539 ad

1840 2572 2268 2627 uonsolationem
2300 2573 2670 2629 misericordia
2700 2584 2789 2629 tua
2819 2574 3059 2630 accedat.
3086 2573 3236 2630 Multi
3261 2590 3408 2630 nam-

1841 2677 1943 2731 que
1970 2665 2063 2732 qui
2096 2664 2500 2723 consolationes
2531 2665 2809 2747 accipiunt
2834 2664 3199 2735 decipiuntur,
3248 2666 3409 2735 quasi

1841 2767 1905 2806 ex
1938 2769 2036 2808 sua
2061 2755 2344 2824 prudentia
2374 2754 2426 2809 id
2450 2756 2593 2809 nacti
2620 2754 2843 2810 fuerint.
2870 2753 2946 2810 Ne
2972 2756 3152 2825 itaque
3171 2754 3287 2824 pari
3307 2768 3407 2826 ego

1843 2842 2004 2896 modo
2052 2846 2321 2909 aberrent,
2363 2843 2493 2897 mihi
2542 2854 2701 2897 servo
2741 2850 2836 2897 tuo
2892 2842 2986 2897 ﬁat
3034 2843 3408 2900 misericordia

1840 2941 1954 2996 tua,
1991 2933 2289 2988 secundum
2321 2932 2599 3000 eloquium
2634 2940 2808 2986 tuum.

1916 3024 2000 3078 77.
2019 3022 2237 3078 Veniant
2252 3025 2380 3077 mihi
2399 3025 2759 3078 miserationes
2784 3034 2908 3088 tute,
2931 3034 2979 3078 et
3000 3026 3188 3078 vivam.
3207 3023 3379 3091 Quem
3392 3052 3412 3065 -

143 3124 359 3192 Ὠσπερ
378 3118 484 3173 ύπέ
492 3091 646 3187 σχου.
660 3113 815 3187 φησὶ,
830 3113 928 3185 τὴν
943 3113 1286 3184 παράκλησιν
1301 3110 1473 3174 οὕτως
1488 3109 1710 3180 ποίησον

1868 3117 2155 3181 dmodum,
2174 3117 2373 3188 inquit,
2394 3117 2823 3173 consolationem
2843 3118 3168 3188 promisisti,
3189 3117 3261 3172 ita
3290 3132 3412 3186 pro-

142 3214 272 3278 τοὺς
304 3213 435 3276 σοὺς
464 3209 749 3281 οἰκτείρων
781 3206 1018 3269 οἰκέτας.

214 3298 741 3373 Αἰσχυνθήτωσαν
761 3295 1157 3366 ὑπερήφανοι,
1184 3292 1274 3346 ὅτι
1325 3291 1545 3358 ἀδίκως
1593 3291 1734 3359 ἡνό-

142 3414 354 3468 μησαν
394 3396 489 3461 εὶς
516 3391 640 3462 ἐμέ.
695 3392 759 3445 Et
800 3389 1037 3460 τύχοιμι,
1094 3387 1249 3457 φησὶ,
1302 3386 1403 3456 τῆς
1448 3383 1600 3456 παρὰ
1642 3383 1734 3436 σοῦ

149 3488 431 3560 βοηθείας,
464 3484 588 3538 τότε
635 3484 684 3536 oi
742 3480 970 3552 πονηροὶ
994 3479 1195 3550 δηλαδὴ
1225 3476 1475 3547 δαίμονες
1501 3476 1596 3528 καὶ
1646 3475 1737 3528 ἄν-

146 3582 356 3653 θρωποι
399 3578 509 3649 τῆς,
552 3573 811 3647 ἀληθείας
848 3572 1032 3644 ἐχθροὶ
1067 3568 1532 3641 αἱσχυνθήσονται.
1599 3566 1739 3634 Ἐγὼ

149 3673 224 3737 δὲ,
246 3669 479 3725 ἐκείνων
531 3665 959 3737 αἰσχυνομένων,
1022 3663 1121 3715 οὐκ
1178 3659 1577 3730 ὲπαρθήσομαιο
1622 3656 1736 3710 ἀλλ’

146 3764 215 3817 ἐν
232 3761 369 3829 ταῖς
406 3757 685 3823 ἐντολαῖς
717 3771 833 3810 σου
864 3750 1282 3822 ἀδολεσχήσω.

227 3847 811 3918 Ἐπιστρεψὰτωσάν
837 3864 937 3916 μοι
987 3848 1040 3899 ot
1093 3842 1452 3913 φοϐούμενοί
1484 3855 1575 3895 σε.
1631 3841 1741 3912 Τῆς

324 3944 441 3997 τῶν
470 3941 580 3995 σῶν
608 3939 834 3994 οἰκετῶν
864 3936 1210 4000 διδασκαλίας
1258 3936 1496 4005 τύχοιμι.
1550 3936 1741 3988 Ἐστα.

153 4037 481 4107 ἂτοιαύτη,
514 4031 605 4087 οἷα
635 4033 728 4087 καὶ
782 4029 1131 4103 ἐπιστρέφειν
1189 4026 1363 4080 εἰδυῖα
1410 4025 1608 4096 ψυχὰς,
1654 4026 1742 4080 διὰ

155 4133 213 4186 τὸ
248 4130 507 4183 πλουτεῖν
529 4126 620 4179 τὸν
648 4122 811 4195 φόϐον
834 4122 923 4176 τὸν
953 4121 1066 4175 σόν.

217 4219 548 4290 Γενηθήτω
573 4217 613 4284 ἡ
646 4214 860 4283 καρδία
876 4229 996 4282 μου
1049 4210 1304 4280 ἄμωμος.
1359 4208 1473 4261 Οὐκ
1496 4207 1561 4261 ἂν
1606 4206 1744 4277 μετὰ

156 4314 392 4369 τοσαῦτα
419 4311 562 4382 ἔχων
584 4307 808 4379 καρδίαν
860 4304 1088 4375 ἄμωμον
1118 4300 1289 4368 ἔλεγε
1338 4297 1652 4365 Γενηθήτω
1701 4296 1740 4364 ἡ

156 4405 370 4475 καρδία
395 4419 519 4472 μου
548 4399 805 4470 ἄμωμος.
833 4395 1020 4465 Τούτῳ
1047 4391 1448 4464 παραπλήσιον·
1477 4387 1741 4480 Καρδίαν
1773 4423 1818 4480 D

161 4495 429 4564 καθαρὰν
473 4492 689 4546 κτίσον
712 4490 782 4543 ἐν
803 4487 954 4557 ἐμοὶ.
986 4489 1020 4541 ὀ
1044 4484 1206 4550 Θεός.
1266 4483 1400 4535 Τότε
1431 4481 1542 4552 γὰρ
1583 4479 1742 4550 μόνον

160 4590 255 4643 οὐκ
291 4584 759 4657 αἰσχυνθήσομαι,
785 4581 911 4633 ὅταν
955 4576 1201 4649 ἀμώμως
1222 4572 1320 4638 τὰς
1352 4572 1444 4627 τοῦ
1478 4570 1613 4625 Θεοῦ
1642 4586 1743 4639 φυ-

160 4678 303 4747 λάξω
327 4676 592 4747 ἐντολάς.ι

242 4768 541 4824 Ἐκλείπει
567 4766 655 4830 είς
679 4763 747 4817 τὸ
769 4759 1065 4828 σωτήριόν
1085 4773 1201 4812 σου
1223 4758 1261 4825 ἡ
1286 4752 1454 4825 ψυχή
1478 4771 1618 4823 μου,
1648 4752 1743 4805 καὶ

163 4864 247 4927 εἰς
276 4860 389 4914 τὸν
423 4858 616 4922 λόγον
666 4868 784 4909 σου
841 4850 1176 4917 ἑπήλπισα.
1224 4848 1477 4901 Διδάσκει
1531 4845 1676 4914 ἡμᾶς
1718 4846 1746 4895 ὀ

168 4952 462 5023 Προφήτης
486 4947 774 5017 ἐπιθυμεῖν
803 4943 894 4998 τοῦ
933 4942 1113 5011 λόγου,
1149 4940 1241 4994 καὶ
1298 4935 1574 5009 ἐρωτικῶς
1603 4934 1744 5005 ἔχειν

165 5044 300 5115 πρὸς
326 5043 392 5095 τὸ
424 5040 695 5110 σωτήριον
719 5036 811 5089 τοῦ
843 5033 996 5088 Θεοῦ.
1028 5033 1138 5086 Καὶ
1164 5031 1216 5086 τί
1239 5029 1305 5085 ἂν
1336 5028 1420 5100 εἴη
1476 5028 1661 5097 ἕτερον
1687 5025 1747 5077 τὸ
1786 5040 1791 5045 ’

170 5137 436 5208 σωτήριον
470 5131 505 5203 ἥ
539 5132 575 5202 ἡ
611 5128 881 5202 παρουσία
911 5125 1003 5180 τοῦ
1038 5124 1276 5195 Κυρίου;
1311 5124 1411 5188 Eli;
1434 5119 1541 5173 τὸν
1565 5117 1749 5208 ,λόγον

168 5206 652 5293 σουὝέπήλπισα.
684 5219 813 5275 Νόει
832 5218 953 5274 ἀντὶ
985 5214 1101 5279 τοῦ,
1134 5215 1231 5287 τὴν
1262 5209 1608 5281 ἐπαγγελίαν.
1644 5206 1748 5260 Λέ-

168 5334 321 5387 γεται
352 5318 411 5370 δὲ
439 5315 624 5384 λόγιον
656 5313 752 5369 καί
784 5314 818 5384 ἠ
857 5311 1207 5372 θεόπνευστος
1235 5306 1443 5378 Γραφή.
1482 5300 1751 5357 Ἐκλεὶπει

168 5410 347 5465 τοίνυν
367 5409 429 5462 οὐ
466 5407 628 5460 μόνον
650 5408 678 5460 6
697 5405 796 5477 τὴν
819 5403 1111 5474 ὑπόσχεσιν
1135 5400 1235 5471 τὴν
1272 5397 1423 5453 θείαν
1448 5392 1750 5466 ἀναμένων,

236 5587 284 5621 ’⁸
307 5584 458 5642 Psal.
484 5603 540 5647 ι..
574 5583 662 5638 12.

244 5684 354 5745 (.58)
384 5680 564 5737 Locus
591 5679 834 5735 vitiatus.

1838 3211 2066 3264 missum
2095 3209 2279 3279 imple,
2307 3225 2370 3265 ac
2398 3209 2657 3265 miserere
2685 3210 3023 3265 domesticos
3051 3219 3175 3266 tuos

1909 3298 1996 3353 78.
2021 3299 2427 3369 Conlunduntur
2455 3300 2684 3370 superbi,
2706 3302 2831 3370 quia
2860 3300 3055 3369 injuste
3078 3302 3412 3370 iniquitatem

1838 3386 2070 3456 fecerunt
2115 3390 2170 3440 in
2220 3403 2321 3442 me.
2348 3388 2405 3441 Si
2454 3397 2641 3452 tuum,
2678 3390 2870 3458 inquit,
2917 3389 3180 3444 auxilium
3217 3406 3412 3447 conse—

1838 3493 1994 3546 quar,
2036 3488 2165 3531 tunc
2219 3477 2439 3545 maligni
2484 3479 2758 3533 daamones
2783 3488 2836 3532 et
2882 3474 3129 3534 homines
3170 3481 3413 3536 veritatis

1841 3566 2480 3621 inimiciconfundentur.
2498 3566 2610 3636 Ego
2630 3577 2833 3633 autem,
2865 3568 2930 3621 iis
2955 3571 3160 3638 pudore
3181 3569 3409 3634 aﬂ‘ectis,

1841 3670 1948 3712 non
1969 3657 2212 3712 extollar.
2250 3656 2353 3712 Sed
2383 3658 2440 3711 in
2473 3658 2738 3712 manda‘i:
2768 3659 2871 3710 tuis
2900 3659 3195 3713 exercebar.

1915 3854 1999 3909 79.
2036 3854 2421 3908 Convertuntur
2448 3854 2579 3908 mihi
2611 3856 2846 3909 timentes
2882 3865 2949 3909 te.
2984 3855 3414 3912 Domesticorum

1843 3953 2059 3999 tuorum
2101 3944 2345 3998 doctrina
2384 3943 2628 4011 imbuar,
2658 3961 2779 4014 qua:
2822 3946 2947 4000 talis
2981 3947 3116 4012 erit,
3162 3956 3221 4001 ut
3279 3944 3417 4003 sciat

1843 4037 2055 4091 animas
2079 4046 2412 4098 convertere,
2450 4037 2576 4106 quia
2608 4038 2799 4091 timore
2832 4046 2926 4092 tuo
2951 4038 3103 4093 dives
3130 4048 3233 4093 est.

1913 4212 2001 4267 80.
2036 4211 2160 4267 Fiat
2181 4229 2271 4266 cor
2291 4229 2462 4267 meum
2487 4214 2912 4267 immaculatum.
2934 4212 3045 4283 (48)
3071 4212 3291 4267 Etiamsi
3320 4229 3415 4268 cor

1842 4315 2038 4372 purum
2078 4301 2304 4365 habeat,
2338 4302 2456 4356 ait:
2490 4300 2616 4353 Fiat
2665 4318 2754 4354 cor
2785 4318 2956 4355 meum
2988 4303 3411 4358 immaculatum.

1845 4389 1983 4444 lluic
2028 4390 2204 4444 simile
2235 4400 2313 4444 est
2342 4407 2356 4442 :
2389 4389 2495 4443 Cor
2515 4393 2768 4442 mundum
2803 4407 2922 4445 crea
2968 4392 3024 4445 in
3050 4408 3150 4458 me,
3188 4392 3323 4448 Deus
3346 4395 3412 4449 ⁸⁸.

1848 4482 2019 4551 (Atius
2036 4481 2246 4551 codex.)
2274 4480 2447 4546 Tunc,
2487 4481 2682 4550 inquit,
2709 4498 2814 4536 non
2845 4481 3165 4551 confundar,
3201 4486 3418 4555 quando

1848 4573 2193 4628 immaculato
2227 4573 2316 4624 Dei
2354 4580 2618 4642 praecepta
2656 4574 2909 4630 servabo.

1918 4750 2006 4802 81.
2036 4747 2221 4816 Deﬁcit
2246 4749 2298 4800 in
2334 4747 2568 4801 salutare
2593 4759 2739 4801 tuum
2778 4753 2956 4804 anima
2986 4769 3119 4816 mea,
3147 4762 3196 4806 et
3227 4754 3279 4807 in
3309 4771 3423 4807 ver-

1849 4842 1971 4895 bum
2004 4852 2150 4893 tuum
2181 4842 2565 4908 supersperaui.
2590 4840 2757 4896 Docet
2779 4857 2879 4897 nos
2909 4841 3177 4913 Propheta
3213 4845 3425 4899 deside-

1854 4950 1974 4989 rare
1999 4933 2242 4993 verbum.
2269 4942 2322 4986 et
2351 4933 2654 4989 vehementi
2691 4950 2876 4990 amore
2916 4935 3153 4990 salutare
3176 4936 3269 4989 Dei
3295 4951 3422 5004 pro-

1854 5027 2027 5094 sequi.
2062 5023 2268 5095 Ecquid
2298 5024 2443 5079 aliud
2474 5025 2637 5079 fucrit
2664 5025 2902 5079 salutare
2943 5024 3056 5090 Dei,
3082 5025 3186 5079 nisi
3221 5025 3423 5079 adven-

1854 5124 1943 5171 tus
1965 5115 2218 5170 Domini?
2250 5117 2315 5168 lu
2344 5115 2552 5169 verbum
2580 5125 2727 5169 tuum
2759 5116 3134 5183 supersperavi,
3162 5115 3419 5186 intelligo,

1856 5208 1910 5261 in
1953 5206 2387 5276 promissionem.
2436 5204 2723 5275 Eloquium
2767 5213 2945 5259 autem
2988 5215 3215 5260 vocatur
3255 5205 3422 5261 etiam

1858 5293 2139 5367 Scriptura
2171 5294 2428 5350 divinitus
2470 5294 2751 5363 inspirata.
2790 5291 2976 5347 Deﬁcit
3015 5307 3146 5363 ergo
3185 5309 3292 5349 non
3327 5309 3420 5350 so-

1858 5389 1970 5446 lum
2003 5389 2098 5460 qui
2122 5386 2359 5445 divinam
2397 5384 2819 5457 promissionem
2875 5395 3174 5454 exspectat,
3212 5399 3424 5442 necnon
