3778 6276
395 253 500 307 495

1229 252 1284 304 S.
1328 250 1695 303 A'I‘iIANASll
1736 250 1884 304 OPP.
1930 249 2106 304 PARS
2145 249 2226 305 Ill.
2276 281 2339 292 —
2381 248 2796 306 EXEGETICA.

3524 249 3644 304 496

395 370 712 426 instantium
741 383 1002 420 malorum
1031 368 1352 419 solutionem
1379 383 1393 430 ;
1428 365 1523 419 sed
1555 366 1717 418 etiam
1745 367 1836 434 qtti
1871 366 1923 418 di
1942 395 1956 404 -

2116 366 2152 417 ιί
2179 365 2275 435 τὴν
2328 365 2480 418 λύσιν
2530 365 2638 418 τῶν
2664 363 3022 432 ἐπικειμένων
3050 379 3233 416 κακων
3265 361 3642 434 προσδεχόμε-

391 457 519 515 vina
560 457 688 527 legit
727 456 962 524 eloquia,
992 463 1046 508 et
1091 453 1178 521 qui
1210 469 1398 507 eorum
1442 467 1672 508 mentem
1708 465 1959 508 accurate

392 549 632 605 ediscere
653 554 889 616 exoptat,
913 556 964 599 et
985 545 1411 600 consolationem
1437 545 1958 615 oblectationemque

392 641 560 696 animi
586 640 747 694 habet
773 653 896 693 cum
923 636 1207 692 invenerit.

461 812 548 865 8‘2.
568 811 875 880 Defecerunt
905 809 1043 862 oculi
1070 811 1169 863 mei
1200 810 1253 863 in
1278 810 1540 880 eloquium
1568 821 1734 864 tuum.
1765 809 1822 864 in
1852 810 1957 864 Do-

391 903 598 956 mitium
644 901 893 955 videlicet
935 908 1184 954 nostrum
1213 900 1396 956 Jesum
1428 901 1726 965 Christum,
1757 902 1952 971 inquit.

391 991 566 1061 Ipsum
601 992 1097 1060 namqueltabemus
1127 992 1437 1047 aduocatum
1473 994 1611 1062 apud
1638 993 1876 1060 Patrem,
1905 1005 1953 1048 et

388 1083 497 1153 ipse
516 1095 589 1136 est
624 1084 927 1152 propitiatio
948 1100 1042 1153 pro
1063 1084 1288 1154 peccatis
1313 1085 1526 1147 nostris,
1553 1084 1706 1154 juxta
1729 1085 1955 1154 apostoli

384 1174 654 1229 vocem”.
702 1174 966 1238 Dicentes,
1005 1175 1214 1243 quando
1271 1175 1620 1228 consolaberis
1673 1177 1790 1229 me?
1819 1176 1951 1229 Cum

385 1267 608 1320 verbum
643 1266 898 1321 adveniet
943 1267 1107 1333 mihi,
1165 1277 1293 1320 tunc
1337 1267 1767 1321 consolationem
1806 1267 1952 1322 acci-

383 1359 550 1428 piam.

453 1449 541 1502 85.
572 1450 710 1513 Quia
739 1449 913 1518 [actus
935 1466 1050 1502 sum
1069 1450 1203 1503 sicut
1227 1459 1342 1502 uter
1362 1450 1417 1502 in
1449 1450 1660 1519 pruina.
1693 1448 1833 1503 Justi
1849 1445 1950 1503 etsi

381 1540 626 1595 viventes
659 1542 787 1606 sint,
823 1541 979 1610 quasi
1006 1542 1206 1595 mortui
1238 1558 1303 1596 ex
1331 1541 1588 1596 aerumnis
1617 1539 1946 1603 elﬁciuntur,

383 1633 455 1686 ita
492 1642 551 1686 ut
585 1631 798 1688 utribus
825 1632 999 1701 magis
1040 1647 1201 1701 quam
1241 1632 1555 1687 hominibus
1585 1631 1788 1686 similes
1817 1631 1946 1696 sint,

2059 474 2166 519 νος,
2196 457 2332 509 ἀλλὰ
2361 458 2456 510 κα¹ι
2487 458 2643 519 ὁτοῖς
2671 455 2833 518 θείοις
2892 454 3228 524 ἐντυγχάνων
3283 453 3502 524 λογίοις,
3539 457 3644 509 καὶ

2055 547 2153 616 τὴν
2176 547 2378 599 τούτων
2403 547 2638 600 διάνοιαν
2687 545 3023 616 καταμαθεῖν
3051 545 3294 617 ἀκριϐῶς
3326 547 3641 617 ἐφιέμενος,

2055 638 2149 689 καὶ
2182 636 2526 709 παράκλησιν
2581 638 2675 690 καὶ
2719 637 3070 706 ψυχαγωνίαν
3120 637 3492 708 ὑπολαμϐάνει
3535 635 3642 708 τὴν

2055 743 2115 778 ευ
2125 743 2288 796 ρεσιν.

2136 817 2450 881 Ἐξέλιπον
2476 819 2531 870 ot
2562 817 2854 886 ὀφθαλμοί
2862 833 2990 886 μου
3028 817 3114 882 είς
3140 815 3207 870 τὸ
3258 817 3468 886 λόγιόν
3489 833 3636 871 σου.

2054 907 2149 970 Et;
2170 907 2260 960 τὸν
2293 906 2670 979 Κύριονήμῶν
2717 907 2920 978 Ἰησοῦν
2943 907 3197 980 Χριστὸν,
3243 908 3427 977 φησίν.
3459 908 3639 962 Αὑτὸν

2059 998 2168 1070 γὰρ
2195 999 2412 1067 ἔχομεν
2457 997 2841 1068 παράκλητον
2884 998 3034 1067 ,πρὸς
3078 998 3185 1052 τὸν
3210 999 3461 1067 Πατέρα,
3488 998 3639 1052 κατά

2053 1090 2151 1162 τὴν
2187 1091 2279 1143 τοῦ
2305 1090 2598 1144 ἀποστόλου
2642 1091 2851 1162 φωνήν·
2893 1089 2990 1144 καί
3013 1089 3195 1154 αὐτὸς
3222 1090 3475 1159 ἱλασμός
3498 1089 3639 1143 ἐστι

2051 1182 2186 1250 περὶ
2214 1182 2333 1235 τῶν
2363 1181 2661 1251 ἁμαρτιῶν
2685 1180 2872 1251 ἡμῶν.
2905 1181 3216 1250 Λέγοντες,
3265 1181 3411 1234 πότε
3437 1195 3636 1248 παρα-

2053 1274 2329 1340 καλέσεις
2355 1290 2472 1342 pe;
2501 1274 2670 1328 Ὅταν
2701 1273 2809 1344 γὰρ
2829 1273 3155 1344 ἐπιδημήσει
3185 1289 3274 1343 μοι
3297 1273 3474 1340 λόγος,
3504 1272 3637 1325 τότε

2053 1365 2371 1437 παρακαλοῦ
2379 1383 2496 1436 μαι.
3203 1428 3206 1432 ί

2127 1456 2255 1510 Ὅτι
2282 1455 2575 1527 ἐγενήθην
2601 1455 2742 1511 ὡσεί
2781 1456 2976 1521 ἀσκὸς
3024 1455 3093 1508 ἐν
3144 1453 3371 1523 πάχνη.
3421 1456 3636 1526 Νεκροὶ

2053 1549 2151 1619 μὲν
2176 1548 2373 1620 μᾶλλον
2392 1550 2442 1602 οἱ
2473 1547 2672 1614 ζῶντες
2695 1549 2799 1602 ὑπὸ
2825 1549 2933 1602 τῶν
2973 1545 3264 1601 κακώσεων
3309 1547 3551 1615 γίνονται
3581 1551 3634 1602 ot

2048 1638 2266 1706 δίκαιοι,
2296 1640 2372 1705 ὡς
2396 1641 2582 1705 ἀσκοῖς
2611 1641 2844 1695 ἐοικέναι
2877 1640 3075 1712 μᾶλλον
3102 1640 3134 1711 ἢ
3159 1638 3466 1711 ἀνθρώποις
3494 1641 3636 1695 ἀπο-

382 1724 797 1792 rel'rigescentes
822 1722 979 1792 quasi
1013 1723 1204 1792 pruina
1233 1722 1533 1792 congelata,
1570 1721 1661 1791 qui
1698 1721 1946 1775 ardorem

2116 1732 2337 1802 ιχόμενοι
2359 1731 2610 1804 καθάπερ
2637 1733 2814 1805 πάχνη
2842 1710 3314 1804 περιπηγνυμένη,
3337 1732 3398 1786 τὸ
3428 1732 3634 1803 θερμὸν

380 1813 635 1882 practica:
672 1812 795 1866 vitae
819 1811 1147 1882 delegerunt.
1183 1810 1452 1881 Ejusdem.
1501 1809 1630 1866 Uter
1664 1811 1717 1864 in
1752 1811 1946 1880 pruina

381 1904 630 1968 ellicitur,
661 1903 756 1973 qui
785 1917 1006 1957 carnem
1040 1918 1196 1958 suam
1237 1903 1494 1966 exsiccat,
1523 1913 1578 1958 et
1629 1903 1759 1956 nihil
1797 1904 1851 1956 in
1880 1918 1944 1958 ea

381 1996 593 2050 ardoris
627 2003 680 2048 et
708 1995 1161 2064 concupiscentia:
1205 1994 1479 2064 relinquit,
1521 1994 1612 2049 sed
1643 2009 1759 2049 eam
1787 1993 1946 2065 quasi

382 2087 687 2155 refrigerat.

450 2178 537 2234 84.
572 2177 710 2242 Quot
742 2187 863 2230 sunt
890 2176 1001 2230 dies
1027 2178 1164 2231 servi
1192 2179 1268 2231 tui
1285 2177 1485 2232 Z’Pauci
1508 2177 1652 2233 enim
1677 2184 1804 2232 sunt
1829 2175 1946 2231 dies

381 2269 663 2321 hominum
688 2282 852 2337 super
873 2275 1094 2330 terram,
1120 2266 1391 2337 inquibus
1422 2273 1576 2336 rogat
1608 2265 1788 2321 statim
1814 2279 1947 2320 con-

378 2360 478 2416 teri
511 2359 765 2414 Satanam
801 2359 903 2415 sub
935 2359 1163 2429 pedibus
1215 2361 1355 2428 ejus,
1393 2367 1451 2413 ut
1480 2359 1661 2412 anima
1690 2356 1946 2428 subjicia-

378 2462 466 2504 tur
496 2451 677 2504 divino
702 2448 876 2506 Verbo
905 2451 956 2505 in
987 2466 1107 2505 eam
1137 2451 1405 2504 immisso.

448 2628 536 2682 85.
565 2626 1070 2682 Narraveruntmihi
1097 2629 1264 2698 iniqui
1291 2629 1664 2696 fabulationes.
1697 2627 1805 2680 Aut
1827 2641 1945 2680 ant-

380 2721 456 2774 les
497 2720 707 2776 fabulas
749 2733 905 2775 vocat
947 2719 1257 2775 Judmorum
1311 2719 1637 2782 doctrinam,
1679 2728 1775 2774 aut
1808 2734 1945 2789 pra:-

375 2819 531 2878 cepta
587 2809 867 2863 hominum
925 2817 979 2862 et
1031 2823 1201 2878 nugas
1241 2807 1566 2879 sapientium
1625 2807 1788 2876 hujus
1844 2822 1944 2862 sae-

375 2902 506 2956 culi.

448 2994 536 3047 86.
578 2992 769 3048 Omnia
810 2993 1062 3046 mandata
1092 3000 1183 3045 tua
1215 2993 1427 3057 veritas,
1467 2991 1642 3060 inique
1686 2989 1941 3059 persecuti

375 3094 494 3136 sunt
531 3099 630 3145 me,
665 3081 856 3152 adjuva
882 3097 980 3135 me.
1033 3079 1248 3136 Gnarus
1292 3094 1350 3134 se
1373 3079 1426 3133 in
1470 3079 1656 3133 divino
1686 3077 1942 3132 tribunali

379 3171 678 3224 mercedem
726 3179 1070 3240 accepturum
1120 3185 1218 3241 pro
1262 3170 1328 3224 iis
1357 3183 1477 3239 quas
1506 3169 1706 3240 injuSte
1749 3183 1942 3239 passus

375 3273 479 3324 est,
498 3264 658 3332 gestit
680 3263 809 3317 illud
836 3273 1043 3334 tempus
1069 3265 1274 3319 videre.

447 3353 534 3406 87.
563 3351 733 3407 Paulo
758 3356 927 3408 minus
950 3365 1437 3409 consummaverunt
1469 3371 1547 3410 me
1570 3356 1624 3408 in
1650 3365 1810 3409 terra.
1833 3353 1940 3407 Pa-

378 3461 496 3498 rum
527 3444 701 3499 abfuit
725 3448 855 3516 quin
891 3462 958 3501 ex
1001 3462 1100 3502 sua
1134 3448 1509 3517 persecutione
1554 3462 1641 3503 me
1683 3463 1942 3503 consum—

378 3545 610 3589 marent.
658 3527 701 3560 “

447 3627 531 3680 88.
562 3624 857 3680 Secundum
887 3628 1306 3682 misericordiam
1346 3638 1492 3682 tuam
1529 3629 1735 3698 vivi/ica
1765 3647 1863 3694 me,
1889 3639 1940 3684 et

375 3718 668 3770 custodiam
697 3719 993 3772 testimonia
1021 3720 1126 3772 oris
1156 3719 1253 3772 tui.
1279 3715 1354 3772 0s
1388 3717 1480 3773 Dei
1511 3728 1638 3773 sunt
1667 3719 1940 3788 propheta:

373 3816 464 3884 qui
491 3816 872 3870 administrant
902 3815 1231 3881 testimonia,
1269 3823 1557 3884 praecepta,
1587 3814 1936 3883 justilicatio-

375 3920 470 3959 nes
501 3906 639 3974 ejus.
1448 3903 1451 3905 ’

440 3995 810 4061 Ιη“ιειενηιιηι,
843 3995 1086 4062 Domine,
1123 3998 1332 4064 verbum
1385 4007 1531 4049 tuum
1575 4005 1837 4064 permanet
1881 3997 1936 4050 in

376 4093 525 4145 calo.
570 4091 627 4145 In
659 4090 904 4160 profectu
950 4100 1227 4152 versatur,
1259 4098 1312 4143 et
1339 4089 1657 4144 sublimiora
1691 4089 1937 4160 dogmata

373 4184 621 4253 attingit,
660 4192 823 4252 atque
859 4190 1118 4235 aeternum
1151 4179 1331 4234 Patris
1374 4178 1609 4232 Verbum
1670 4180 1935 4247 meminit,

373 4285 427 4329 et
461 4281 670 4328 tantum
718 4288 822 4327 non
863 4271 993 4325 illud
1027 4290 1040 4322 :
1080 4268 1145 4322 In
1191 4269 1448 4338 principio
1486 4278 1600 4322 erat
1649 4267 1871 4322 Verbum
1891 4271 1934 4302 '°

369 4365 532 4430 dicit;
557 4365 729 4433 deque
757 4361 996 4416 universi
1021 4371 1212 4414 ornatu
1249 4361 1506 4430 loquitur,
1532 4369 1585 4414 et
1614 4359 1757 4415 clare
1778 4371 1936 4414 natu—

373 4472 484 4509 ram
517 4471 694 4510 rerum
730 4469 943 4508 onmem
975 4467 1185 4508 servam
1215 4453 1333 4520 ejus
1363 4461 1538 4506 vocat.

437 4631 524 4685 89.
550 4630 612 4683 In
643 4631 1026 4700 generationem
1071 4639 1119 4682 et
1162 4629 1544 4698 generationem
1592 4629 1783 4681 veritas
1815 4639 1930 4682 tua.

369 4723 499 4776 Duae
528 4730 654 4776 sunt
674 4721 1049 4790 generationes
1078 4735 1198 4788 quae
1221 4717 1313 4772 Dei
1349 4719 1633 4772 veritatem
1666 4719 1889 4787 capiunt
1915 4736 1928 4770 :

365 4813 674 4870 Judzeorum
710 4812 960 4881 populus,
989 4811 1083 4880 qui
1120 4810 1280 4864 habet
1320 4809 1490 4879 legem
1521 4816 1574 4863 et
1606 4809 1929 4878 prophetas,

365 4913 422 4959 et
454 4903 715 4959 Ecclesia.
741 4901 860 4956 Non
892 4903 944 4956 in
975 4902 1347 4970 generationes
1373 4903 1555 4970 itaque
1586 4901 1786 4954 veritas
1815 4898 1929 4962 Dei,

367 4997 462 5050 sed
486 4996 538 5050 in
571 4995 974 5064 generationem
1001 4993 1233 5064 primam
1256 5002 1310 5048 et
1343 4993 1395 5046 in
1421 4991 1820 5063 generationem
1849 5007 1922 5046 se-

368 5087 621 5142 cundam.
664 5087 797 5140 Aliae
835 5093 1016 5140 autem
1065 5092 1250 5154 gentes
1296 5082 1350 5136 in
1385 5095 1572 5136 errore
1622 5091 1927 5136 versantur.

365 5181 500 5235 Cum
524 5188 704 5233 autem
740 5178 889 5248 prior
912 5177 1000 5232 illa
1045 5175 1323 5247 generatio
1345 5173 1533 5242 rejecit
1568 5174 1844 5228 veritatem
1876 5183 1930 5228 et

365 5269 538 5323 dixit:
570 5268 734 5333 Tolle,
788 5269 910 5322 tolle
935 5269 978 5299 “
1027 5267 1093 5321 de
1133 5276 1276 5320 terra
1305 5263 1645 5333 hujusmodi,
1680 5265 1929 5320 transivit

365 5361 564 5415 veritas
591 5361 660 5415 ab
690 5360 778 5414 illa
805 5361 857 5413 in
887 5359 1029 5413 hanc
1058 5356 1485 5428 generationem.
1524 5354 1784 5409 Fundasti
1819 5366 1923 5408 ter-

1963 4406 2014 4466 D

2051 1823 2144 1874 καὶ
2180 1822 2476 1894 πρακτικὸν
2528 1821 2969 1894 προαιρούμενοι.
3028 1820 3137 1874 Τοῦ
3181 1821 3389 1875 αὑτοῦ.
3435 1823 3633 1888 ’Ᾱσκδς

2051 1915 2106 1964 ὲν
2138 1913 2316 1987 πάχνη
2347 1915 2601 1982 γίνεταιὸ
2623 1915 2722 1985 τὴν
2749 1912 2940 1966 ἐαυτοῦ
2971 1912 3149 1984 σάρκα
3177 1911 3504 1984 κατατήξας,
3526 1917 3629 1966 καὶ

2054 2006 2218 2076 μηδὲν
2248 2007 2306 2060 ἐν
2335 2005 2483 2076 αύτῷ
2509 2005 2758 2077 πυρῶδες
2809 2004 2902 2059 καὶ
2935 2003 3326 2076 ἐπιθυμητικὸν
3355 2004 3478 2068 ἐῶν,
3507 2005 3630 2058 ἀλλ’

2050 2095 2328 2165 ἀποψύξας
2355 2095 2542 2168 ὥσπερ
2572 2096 2763 2165 αὐτήν.

2115 2191 2305 2240 Πόσαι
2337 2189 2495 2241 εἰσιν
2525 2189 2582 2240 αἱ
2600 2185 2808 2256 ἡμέραι
2834 2183 2940 2239 τοῦ
2960 2185 3182 2240 δούλου
3212 2201 3367 2248 σου;
3416 2184 3630 2254 Ὀλίγαι

2050 2279 2158 2348 γὰρ
2187 2280 2241 2332 αἱ
2270 2277 2376 2331 τῶν
2408 2275 2708 2349 ἀνθρώπων
2740 2275 2944 2348 ἡμέραι
2991 2276 3082 2329 ἐπὶ
3107 2275 3208 2346 τῆς
3241 2277 3364 2347 γῆς,
3415 2278 3474 2329 ἐν
3532 2271 3627 2340 αἷς

2049 2370 2265 2441 εὔχεται
2311 2368 2512 2433 εύθέως
2553 2369 2899 2440 συντριϐῆναι
2928 2367 3019 2421 τὸν
3061 2369 3304 2421 Σατανᾶν
3355 2367 3458 2420 ὑπὸ
3497 2369 3632 2432 τοὺς

2049 2462 2216 2524 πόδας
2245 2459 2428 2525 αὐτοῦ,
2462 2460 2537 2524 ὡς
2563 2459 2628 2513 ἀν
2658 2459 3010 2512 ύποτάσσοιτο
3033 2457 3129 2530 τὴν
3155 2458 3332 2529 ψυχὴν
3362 2457 3453 2511 τοῦ
3478 2458 3629 2512 θείου

2049 2553 2222 2621 Λόγου
2249 2552 2528 2621 γεγονότος
2561 2544 2616 2604 ἐν
2637 2551 2793 2622 αὐτῇ.

2119 2643 2492 2714 Διηγήσαντό
2557 2660 2658 2712 μοι
2711 2641 3039 2710 παράνομοι
3099 2639 3480 2710 ἀδολεσχίας.
3543 2641 3619 2694 Ἦ

2047 2737 2172 2800 τοὺς
2197 2734 2460 2807 γραώδεις
2489 2733 2689 2805 μύθους
2713 2733 2820 2786 τῶν
2861 2733 3127 2786 Ἰουδαίων
3171 2734 3304 2805 φησὶ
3351 2733 3448 2798 τὰς
3471 2734 3627 2789 διδα-

2048 2828 2295 2892 σκαλίας,
2321 2829 2354 2900 ἢ
2385 2828 2480 2882 καὶ⁵
2501 2827 2570 2881 τὰ
2588 2827 2891 2898 ἐντάλματα
2913 2827 3020 2879 τῶν
3049 2825 3370 2896 ἀνθρώπιον,
3404 2837 3497 2878 και
3521 2834 3628 2888 τας

2047 2915 2312 2990 φλυαρίας
2342 2918 2449 2971 τῶν
2489 2917 2665 2987 σοφῶν
2693 2918 2784 2971 τοῦ
2807 2917 2999 2980 αίῶνος
3025 2915 3232 2969 τούτου.

2117 3007 2311 3063 Πᾶσαι
2355 3011 2414 3061 αἱ
2443 3008 2683 3062 ἐντολαι
2707 3024 2821 3061 σου
2855 3007 3105 3076 ἀλήθεια
3125 3021 3138 3036 ·
3193 3007 3410 3074 ἀδίκως
3452 3025 3628 3063 κατε-

2044 3100 2268 3166 δίωξάν
2308 3117 2403 3170 με·
2441 3099 2760 3168 ,ϐοήθησόν
2811 3117 2932 3168 μοι.
2984 3100 3172 3166 Εἰδὼς,
3212 3100 3286 3164 ὼς
3309 3101 3366 3153 ἐν
3391 3100 3465 3171 τῷ
3489 3099 3627 3172 θείῳ

2043 3193 2376 3264 δικαστηρίῳ
2401 3193 2734 3264 ἀπολήψεται
2760 3193 2898 3265 ὑπὲρ
2931 3187 3006 3248 ὧν
3053 3192 3316 3248 πέπονθεν
3369 3193 3624 3260 ἀδικιῶν,

2042 3283 2350 3337 ἐπισπεύδει
2381 3284 2506 3338 ἰδεῖν
2537 3283 2722 3355 καιρὸν
2745 3286 2969 3338 ἐκεῖνον.

2111 3374 2276 3442 Παρὰ
2301 3374 2502 3442 βραχὺ
2533 3373 2946 3429 συνετέλεσάν
2966 3391 3044 3444 με
3071 3374 3141 3428 ἐν
3169 3372 3242 3443 τῇ
3271 3373 3366 3444 γῇ.
3399 3374 3624 3445 Μικροῦ

2040 3465 2147 3518 δεῖν
2177 3466 2241 3519 ἐκ
2267 3465 2359 3520 τοῦ
2388 3465 2626 3538 διωγμοῦ
2651 3465 2846 3521 αὐτῶν.

2110 3623 2271 3677 Κατὰ
2298 3622 2363 3676 τὸ
2401 3623 2572 3689 ἔλεός
2607 3639 2722 3677 σου
2744 3622 2929 3691 ζῆσόν
2954 3637 3052 3692 με,
3106 3621 3203 3675 καί
3238 3619 3484 3690 φυλάξω
3546 3620 3624 3673 τὰ

2035 3716 2326 3782 μαρτύρια
2382 3715 2489 3768 τοῦ
2523 3716 2821 3783 στόματός
2855 3730 2992 3768 σου.
3028 3714 3210 3785 Στόμα
3241 3712 3374 3766 Θεοῦ
3401 3714 3468 3764 οι.
3495 3712 3623 3765 δια-

2041 3809 2364 3876 κονήσαντες
2408 3807 2683 3878 προφῆται
2724 3809 2836 3869 τοῖς
2870 3805 3205 3878 μαρτυρίοις,
3234 3803 3326 3858 καὶ
3347 3802 3616 3870 ἐντολαῖς,

2038 3899 2150 3959 τοῖς
2175 3897 2534 3969 δικαιώμασιν
2566 3897 2750 3952 αὑτοῦ.

2104 3989 2206 4054 Εἰς
2253 3988 2360 4042 τὸν
2405 3988 2606 4055 αἰῶνα,
2655 3989 2850 4057 Κύριε,
2886 3992 2917 4042 ό
2951 3988 3136 4057 λόγος
3175 4003 3292 4042 σου
3353 3986 3620 4054 διαμένει

2037 4081 2106 4134 ἐν
2136 4079 2215 4145 τῷ
2247 4079 2498 4148 οὐρανῷ.
2541 4082 2630 4134 Ἐν
2661 4083 2909 4150 προκοπῇ
2946 4080 3247 4149 γινόμενος,
3295 4077 3387 4131 καὶ
3415 4077 3623 4148 ὑψηλο-

2036 4172 2212 4243 τέρων
2239 4171 2465 4225 ἅπτεται
2513 4173 2817 4244 δογμάτων,
2865 4171 2959 4224 τοῦ
2994 4188 3051 4223 τε
3115 4169 3282 4222 ἀϊδίου
3318 4169 3487 4237 Λόγου
3513 4168 3619 4222 τοῦ

2040 4265 2248 4336 Πατρὸς
2303 4264 2671 4336 μνημονεύων,
2708 4265 2800 4317 καὶ
2848 4262 3129 4334 μονονουχὶ
3161 4262 3241 4315 τό*
3307 4261 3403 4314 Ἐν
3450 4261 3620 4330 ἀρχῇ

2039 4351 2116 4426 ἦν
2139 4358 2171 4408 ό
2201 4355 2410 4425 Λόγος,
2454 4354 2646 4423 λέγων,
2678 4355 2772 4408 καὶ
2808 4354 2903 4423 τῆς
2923 4352 3330 4422 διακοσμήσεως
3350 4348 3441 4402 τοῦ
3469 4366 3620 4402 παν-

2037 4446 2145 4510 τὸς,
2179 4445 2362 4515 σαφῶς
2413 4463 2473 4499 τε
2519 4445 2710 4516 δούλην
2749 4441 2912 4498 αὐτοῦ
2942 4443 3039 4512 τὴν
3085 4442 3375 4512 σύμπασαν
3426 4440 3619 4492 κτίσιν

2035 4541 2317 4594 ἀποκαλεῖ.

2105 4639 2208 4702 Είς
2251 4636 2461 4706 γενεὰν
2487 4634 2582 4688 καὶ
2610 4632 2824 4702 γενεὰν
2847 4633 2884 4700 ή
2916 4627 3163 4696 ἀλήθειά
3187 4641 3323 4680 σου.
3353 4623 3456 4676 Δύο
3503 4625 3620 4678 είσὶ

2032 4728 2236 4796 γενεαὶ,
2286 4729 2341 4780 αἱ
2375 4727 2690 4798 χωρήσασαι
2714 4723 2811 4794 τὴν
2843 4721 2932 4776 τοῦ
2983 4719 3141 4788 Θεοῦ,
3164 4717 3444 4786 ἀλήθειαν,
3483 4715 3512 4768 δ
3545 4733 3615 4769 τε

2029 4817 2138 4870 τῶν
2174 4817 2444 4869 Ἰουδαίων
2501 4815 2627 4878 λαὸς
2665 4814 2802 4884 ἔχων
2831 4818 2922 4867 τὸν
2964 4811 3124 4882 νόμον
3183 4808 3274 4862 καὶ
3311 4807 3437 4869 τοὺς
3468 4822 3615 4875 προ-

2032 4908 2226 4977 φήτας,
2253 4907 2346 4960 καὶ
2371 4909 2405 4979 η
2446 4906 2736 4976 Ἐκκλησία
2816 4905 2929 4958 Οὐκ
2959 4905 3038 4966 είς
3070 4900 3261 4970 γενεὰς
3290 4893 3381 4952 οὖν
3404 4898 3439 4969 ἡ
3475 4896 3616 4970 ἁλη-

2032 4999 2149 5051 θεια
2179 4998 2272 5052 τοῦ
2301 4998 2457 5060 Θεοῦ,
2485 4997 2598 5050 ἀλλ’
2621 5001 2698 5060 είς
2723 4996 2915 5065 γενεὰν
2951 4994 3047 5066 τὴν
3095 4990 3364 5062 προτέραν
3404 4987 3502 5041 καὶ
3527 4991 3616 5052 εἰς

2029 5091 2220 5161 γενεὰν
2248 5091 2344 5163 τὴν
2372 5090 2646 5160 δευτέραν.
2683 5091 2762 5144 Τὰ
2799 5089 2856 5142 δὲ
2889 5088 3021 5142 ἄλλα
3050 5086 3175 5156 ἔθνη
3210 5081 3610 5153 πεπλάνηνται.

2031 5185 2157 5237 Ὅτε
2179 5183 2235 5235 δὲ
2264 5183 2354 5236 καὶ
2379 5185 2412 5253 ἡ
2444 5181 2682 5253 προτέρα
2711 5179 2872 5250 γενεά
2927 5177 3149 5245 ἐξέϐαλε
3194 5175 3291 5248 τὴν
3322 5171 3611 5244 ἀλήθειαν,

2028 5274 2121 5327 καὶ
2157 5271 2328 5326 εἶπεν·
2366 5269 2678 5341 Αῒοεναῖρε
2721 5272 2829 5325 ἀπὸ
2863 5271 2962 5341 τῆς
3028 5269 3131 5339 γῆς
3183 5265 3271 5319 τδν
3321 5260 3605 5327 τοιοῦτον,

2029 5366 2397 5436 μεταόἐὸηκεν
2422 5367 2455 5437 ἡ
2478 5365 2699 5436 ἀλήθεια.
2755 5365 2850 5417 ἀπ’
2877 5363 3093 5432 ἐκείνης
3141 5359 3238 5430 τῆς
3281 5356 3474 5425 γενεᾶς
3508 5353 3610 5406 ἐπὶ

364 5467 479 5504 ram
501 5461 548 5505 et
569 5460 855 5520 permanet.
884 5448 994 5504 Hac
1028 5450 1250 5502 veritate
1297 5456 1441 5502 terra
1482 5445 1699 5500 fundata
1725 5455 1826 5502 est.
1869 5447 1924 5500 In

2116 5457 2227 5528 ἱτην
2270 5459 2367 5528 τὴν
2423 5458 2616 5527 γενεάν
2675 5455 3102 5520 Ἐθεωζωσας
3165 5447 3280 5516 τὴν
3331 5445 3453 5517 γῆν
3502 5447 3606 5500 καὶ

365 5542 466 5596 hoc
505 5543 648 5596 enim
672 5540 919 5611 angulari
971 5538 1150 5609 lapide
1193 5542 1245 5592 in
1282 5537 1691 5592 fundamentum
1726 5539 1922 5606 posito,

431 5649 702 5707 “lJoan.
735 5666 794 5714 tt,
820 5651 875 5704 2.
950 5649 994 5682 “
1017 5647 1171 5702 Joan.
1204 5663 1241 5714 ι,
1276 5647 1324 5702 1.
1381 5648 1422 5679 ⁶¹
1453 5645 1612 5702 Joan.
1650 5665 1758 5705 χιχ.
1796 5649 1880 5701 ιε.

2022 5549 2301 5619 διαμένει.
2339 5551 2520 5621 Ταύτῃ
2553 5551 2608 5603 δὲ
2640 5552 2705 5620 τῇ
2761 5547 3044 5618 ἀληθειᾳή
3084 5544 3154 5616 γῆ
3188 5535 3603 5612 τεθεμελίωται.
