3778 6276
126 313 215 368 497

127 515 357 587 θεμελίῳ
385 513 798 586 οίκοδομοῦνται
844 513 1043 576 πάντες
1066 512 1115 566 οἱ
1146 514 1210 565 ἐκ
1255 511 1359 581 γῆς
1392 509 1705 580 σωζόμενοι.

128 608 279 664 Ὅθεν
330 609 433 661 καὶ
467 607 716 678 διαμένει
743 607 778 677 ἡ
806 607 900 676 γῆ,
934 605 1151 678 ἀρραγῆ
1176 604 1275 658 καὶ
1319 602 1534 674 ἀσφαλῆ
1569 617 1676 674 κνρη

127 700 245 754 tia:
268 701 372 754 καὶ
401 698 657 771 θεμέλιον
691 696 907 769 ἔχουσα.
952 695 1111 749 Ἀλλὰ
1143 695 1238 750 καὶ
1284 695 1389 767 γῆν
1429 694 1709 765 φωτίσασα

128 791 428 864 ἠάλήθεια
491 792 710 864 ἡμέραν
779 790 1038 863 εποίησε,
1095 786 1231 842 Θεοῦ
1305 786 1709 859 ἐπιλάμψαντος

129 885 306 953 αύτήν.

190 975 268 1045 τῇ
298 972 579 1040 διατάξει
607 988 725 1028 σου
768 972 1029 1043 διαμένει
1078 969 1288 1041 ἡμέρα,
1343 969 1432 1023 ὅτι
1460 968 1532 1022 τὰ
1556 969 1709 1037 σύμ-

130 1084 313 1121 παντα
361 1064 571 1121 δοῦλα
629 1081 750 1120 σοι.
809 1064 922 1118 Ούκ
965 1061 1358 1133 ἁλλαττομένη,
1393 1060 1513 1114 οὐδὲ
1537 1058 1710 1122 ιτέλος

130 1159 503 1230 λαμϐάνουσα,
553 1157 632 1220 ὼς
684 1157 714 1209 ό
754 1157 895 1210 κατὰ
919 1155 1018 1227 τὴν
1072 1153 1315 1209 Παλαιὰν
1351 1151 1569 1224 Γραφὴν
1596 1168 1708 1221 φω-

130 1251 325 1320 τισμός.
377 1250 544 1303 Ἐπεὶ
571 1248 667 1302 καὶ
693 1247 856 1320 μέχρι
891 1244 1084 1320 καιροῦ
1119 1243 1454 1317 διορθώσεως
1480 1243 1704 1297 τέθειτο.

132 1340 297 1395 Ταῦτα
322 1341 386 1394 δὲ
416 1340 603 1395 πάντα
629 1338 735 1393 ὑπὸ
774 1335 912 1392 Θεοῦ
946 1337 1243 1408 ύπῆρκται.
1308 1334 1568 1405 Ἐπείπερ
1592 1334 1710 1387 κτει-

132 1449 243 1487 στου
273 1434 378 1487 καὶ
426 1428 734 1505 προνοητώ
757 1430 930 1496 ὄντος,
953 1429 1115 1484 δοῦλα
1138 1430 1207 1484 τὰ
1242 1428 1530 1501 σύμπαντά
1559 1430 1706 1481 ἐστιν

129 1525 299 1580 αὐτοῦ.

181 1619 247 1670 ει
262 1616 357 1687 μὴ
388 1620 424 1671 ὁ
449 1615 641 1686 νόμος
672 1629 791 1670 σου
837 1616 1059 1685 μελέτη
1083 1614 1201 1684 μού
1227 1613 1358 1667 ἐστι
1380 1654 1395 1679 ,
1452 1612 1586 1665 τότε
1632 1610 1708 1664 ἂν

129 1709 454 1777 ἀπωλόμην
514 1707 585 1761 ἐν
612 1706 689 1776 τῇ
716 1705 1070 1761 ταπεινώσει
1114 1721 1254 1776 μου.
1312 1703 1704 1767 Είσόαλόντων,

131 1802 265 1873 φησι,
299 1801 421 1857 τῶν
450 1799 708 1871 πονηρῶν
730 1799 1025 1870 λογισμῶν,
1049 1799 1145 1853 καὶ
1181 1798 1290 1853 τῶν
1322 1797 1708 1868 ἀντικειμένων

126 1894 405 1963 δυνάμεων
439 1892 826 1963 πολεμούντων
859 1891 1003 1962 ἐμοὶ,
1029 1887 1175 1961 εἶχον
1202 1887 1268 1943 ἄν
1296 1888 1609 1953 ἀπολέσθαι,
1658 1888 1711 1941 εί

129 1984 238 2055 μηδ
266 1983 368 2048 σὸς
394 1983 568 2054 νόμος
599 1983 680 2047 εἰς
708 1983 990 2054 στήριγμα
1011 1980 1249 2051 ἐγένετο.

182 2079 285 2142 Εἰς
308 2074 429 2129 τὸν
454 2073 643 2129 αἰῶνα
673 2076 746 2129 οὐ
794 2073 882 2144 μὴ
909 2073 1275 2144 ἐπιλάθωμαι
1318 2070 1438 2125 τῶν
1481 2070 1709 2125 δικαιω-

121 2164 312 2232 μάτων
345 2176 495 2227 σου,
542 2161 635 2217 ὅτι
688 2162 759 2217 ἐν
788 2161 991 2228 αὐτοῖς
1031 2161 1251 2230 ἐζησάς
1293 2178 1386 2231 με.
1442 2161 1566 2224 Τοῖς
1596 2162 1708 2224 σοῖς

124 2256 298 2326 νόμοις
328 2254 568 2325 ὂψομαι,
601 2254 786 2325 φησίν·
827 2253 932 2319 ἔξω
963 2253 1072 2326 7&9
1100 2255 1159 2308 ἐν
1196 2253 1381 2318 αὐτοῖς
1413 2252 1509 2324 τὴν
1539 2252 1704 2323 ζωὴν,

124 2346 255 2401 καθὰ
270 2347 347 2418 δή
377 2363 470 2417 μοι
498 2345 593 2400 καὶ
621 2344 869 2418 εἴρηκας,
912 2346 1000 2399 ὅτι
1046 2348 1079 2400 ό
1119 2344 1380 2415 ποιήσας
1417 2344 1569 2399 αὐτὰ
1605 2345 1709 2399 ἄν·

122 2442 358 2508 θρωπος
401 2438 643 2509 ζήσεται
695 2439 766 2492 ἐν
803 2437 1027 2504 αὐτοῖς.
1084 2436 1200 2492 Ζῶν
1245 2433 1338 2491 οὖν
1391 2437 1548 2508 μόνος
1572 2438 1600 2490 ὁ
1625 2437 1705 2490 δι..

121 2550 287 2599 nam,
330 2532 445 2587 κᾶν
475 2530 795 2602 τεθνηκέναι
820 2530 970 2602 δοκῇ·
993 2530 1178 2602 νεκροὶ
1207 2530 1264 2584 δὲ
1293 2531 1343 2583 oi
1381 2529 1575 2597 ἄδικοι,
1602 2530 1707 2585 κᾶν

122 2618 210 2689 ζῇν
241 2617 581 2688 φαίνωνται.
629 2616 856 2670 Ἐκεῖνοι
915 2614 1014 2686 μὲν
1050 2613 1158 2687 γὰρ
1188 2613 1286 2686 τὴν
1315 2613 1412 2685 τῆς
1440 2610 1585 2685 ζωῆς
1615 2613 1709 2667 σύ-

122 2726 308 2767 στασιν
345 2711 410 2763 ἐν
440 2708 655 2772 ἑαυτοῖς
680 2707 883 2778 έχουσι,
904 2708 1002 2777 τὴν
1032 2706 1392 2777 δικαιοσύνην·
1415 2707 1464 2759 oi
1494 2705 1551 2759 δὲ
1576 2705 1708 2760 ταύ-

123 2818 213 2872 την
241 2802 362 2855 οὐκ
379 2799 597 2872 ἔχοντες
627 2804 740 2864 τοῖς
792 2799 852 2853 οὐ
896 2798 1026 2871 παρ’
1071 2796 1299 2862 ἑαυτῶν,
1351 2795 1467 2850 ἀλλ’
1510 2796 1707 2864 ἔξωθεν

122 2893 466 2965 κινουμένοις
495 2892 725 2963 ἀψύχοις
751 2891 1007 2946 ἐοίκασιν.

182 2984 307 3049 Σός
350 2986 470 3053 ειμι
494 2982 628 3052 ἐγὼ,
677 2982 886 3037 σῶσόν
926 3000 1023 3054 με.
1076 2983 1558 3055 Προσυπακούεται
1605 2982 1704 3056 τῷ,

127 3076 355 3176 σόςείμι
387 3074 597 3141 δοῦλος,
634 3075 862 3147 σόςείμι
910 3076 1052 3130 κατὰ
1082 3075 1241 3149 χάριν
1279 3075 1417 3141 υίὸς,
1454 3078 1569 3148 εἰμὶ
1614 3076 1706 3141 σὸς
1732 3117 1775 3176 c

124 3167 407 3240 θεράπων.

199 3259 346 3330 Ἐμὲ
376 3258 712 3329 ὑπέμειναν
744 3260 1077 3330 ἁμαρτωλοὶ
1120 3260 1226 3315 τοῦ
1274 3259 1570 3315 ἀπολέσαι
1606 3278 1702 3332 με’

123 3350 190 3405 τὰ
203 3349 515 3420 μαρτύριά
562 3362 680 3405 σου
722 3349 980 3419 συνῆκα.
1045 3350 1190 3405 Ἀντὶ
1221 3350 1338 3417 τοῦ,
1384 3351 1704 3424 ὲμελέτησα,

124 3436 214 3490 καὶ
237 3434 341 3489 διὰ
360 3435 470 3505 τῆς
497 3436 597 3505 σῆς
637 3433 867 3506 μελέτης
918 3435 1196 3507 ἄπρακτον
1224 3435 1404 3488 αὐτῶν
1453 3435 1709 3505 ἀπέφηνα

124 3525 217 3598 τὴν
239 3525 566 3597 ἐπιϐουλήν.

192 3617 413 3686 (Idam;
438 3617 800 3683 συντελείας
821 3616 988 3672 εἶδον
1017 3619 1225 3689 πέρας,
1267 3619 1520 3674 πλατεῖα
1546 3622 1585 3690 ἡ
1611 3622 1709 3675 ἓν-

127 3709 271 3776 τολή
296 3722 423 3763 σου
445 3707 702 3777 σφόδρα.
734 3708 1047 3763 Συντέλειαν
1078 3709 1179 3781 τὴν
1234 3710 1525 3783 ἐπιϐουλήν
1576 3730 1709 3785 φησι

126 3799 219 3871 τὴν
276 3799 442 3871 παρὰ
491 3797 603 3852 τῶν
644 3797 931 3869 δαιμόνων.
988 3797 1206 3872 Ταύτης
1261 3796 1399 3855 εἶδον
1451 3801 1511 3855 τὸ
1536 3801 1711 3874 πέρας

130 3890 295 3944 ἐκϐὰν
321 3892 408 3954 εἰς
443 3887 618 3951 οὐδὲν,
650 3889 741 3942 ὅτε
769 3888 864 3942 καὶ
913 3887 1143 3944 πλατεῖά
1175 3906 1266 3961 μοι
1309 3890 1588 3963 γέγονενή
1627 3893 1713 3946 ὲν·-

128 3981 270 4053 τολή.
302 3979 482 4034 Τοῦτο
505 3978 604 4033 τοῦ
632 3979 720 4035 διὰ
770 3979 952 4051 πάσης
997 3981 1280 4053 προκοπῆς
1327 3983 1409 4046 εις
1449 3983 1511 4038 τὸ
1559 3984 1712 4049 τέλος

131 4071 437 4144 ἀφιγμένου
466 4072 568 4141 τῆς
622 4070 845 4142 ἀρετῆς,
884 4071 978 4125 ἐπὶ
1020 4071 1083 4126 τὸ
1111 4071 1314 4127 τέλειον
1353 4074 1557 4143 ἀγαθὸν
1596 4075 1712 4130 δια-

132 4162 429 4226 ϐαίνοντοςθ
456 4158 659 4223 πολλὰς
684 4160 858 4232 ἀρχὰς
887 4160 983 4214 καὶ⁸
1032 4159 1159 4233 τέλη
1217 4161 1709 4234 καταὸαλλομένου.

141 4251 333 4327 Ἠγὶιρ
356 4253 464 4323 τῆς
512 4252 785 4325 προτέρας
828 4250 1158 4322 βελτιώσεως
1218 4255 1526 4326 περιγραφὴ
1572 4255 1713 4326 ἀρχὴ

127 4348 227 4419 τῆς
250 4348 527 4420 ἐχομένης
553 4346 691 4409 ἐστὶ,
725 4344 865 4399 κατὰ
896 4343 978 4399 τό·
1009 4344 1195 4399 ὀταν
1242 4347 1582 4417 συντελέσῃ
1608 4349 1715 4402 ἄν·

130 4444 377 4510 mag,
409 4440 549 4493 τότε
573 4437 834 4507 ἄρχεται.
920 4480 923 4483 μ

209 4534 308 4600 Ὠς
327 4530 634 4603 ἠγάπησα
664 4532 773 4586 τὸν
798 4531 987 4602 νόμον
1008 4547 1146 4597 σου,
1185 4533 1361 4602 Κύριε
1375 4550 1393 4598 ;
1418 4533 1572 4603 ὅλην
1600 4534 1714 4603 τὴν

131 4625 360 4694 ἡμέραν
393 4622 623 4694 μελέτη
657 4624 777 4692 μού
800 4623 989 4678 ἐστιν.
1035 4624 1095 4678 '0
1127 4623 1306 4679 πάντα
1351 4625 1494 4678 κατὰ
1516 4625 1609 4680 τὸν
1630 4625 1715 4679 νό-

133 4729 234 4783 μον
260 4714 357 4767 καί⁵
380 4712 564 4782 λέγων
615 4713 712 4766 καὶ
758 4713 1012 4783 πράττων
1043 4712 1241 4787 μελετᾷ
1289 4714 1381 4768 τὸν
1433 4715 1594 4787 νόμον
1620 4714 1714 4770 τοῦ

133 4805 288 4861 Θεοῦ.
331 4808 425 4860 Ἐν
446 4806 506 4860 δὲ
531 4805 612 4876 τῷ
633 4804 833 4878 πρώτῳ
880 4805 1081 4877 ψαλμῷ
1106 4809 1173 4879 τῇ
1225 4806 1410 4879 ἡμέρᾳ
1455 4808 1593 4881 πρὸς
1618 4808 1716 4881 τὴν

135 4896 368 4967 μελέτην
413 4896 515 4950 καὶ
546 4894 645 4966 τὴν
672 4894 842 4950 νύκτα
870 4897 1176 4969 προσέθηκε
1213 4897 1295 4968 τῷ
1345 4898 1598 4971 μακαρίῳ
1625 4917 1719 4969 γε-

133 4987 443 5058 νησομένῳ.
488 4986 779 5057 Ἐλέγομεν
817 4986 947 5059 γὰρ,
969 4987 1044 5051 ὡς
1071 4988 1265 5058 μικτός
1314 4991 1460 5042 ἐστιν
1486 4989 1719 5045 ἐνταῦθα

133 5079 246 5133 τῶν
268 5079 582 5152 ἀνθρώπων
610 5080 640 5132 ὁ
689 5078 821 5149 βίος.
873 5080 965 5133 Διὸ
1010 5078 1105 5134 νῦν
1135 5079 1329 5151 ἔχομεν
1381 5081 1593 5154 ἡμέραν
1627 5083 1720 5136 καὶ

134 5172 330 5226 νύκταο
367 5170 697 5243 γενομένους
745 5170 804 5223 δὲ
848 5170 1039 5239 ἁγίους
1068 5171 1130 5224 οὐ
1161 5170 1455 5238 διαδέξεται
1485 5171 1600 5237 νύξ.
1663 5174 1720 5226 '0

134 5265 319 5319 τοίνυν
347 5263 679 5336 προκόπτων
724 5261 938 5335 ἡμέραν
976 5262 1075 5334 μὲν
1115 5263 1236 5332 ἄγει
1261 5263 1404 5318 κατὰ
1423 5264 1513 5317 τὸν
1559 5265 1720 5336 νόμον

140 5354 312 5425 βιούς
339 5353 517 5409 νύκτα
541 5354 625 5421 δὲ,
655 5355 744 5408 ὅτε
776 5354 852 5427 μὴ
900 5353 1098 5425 μελετᾷ
1121 5356 1179 5408 ὲν
1197 5354 1294 5426 ὅλῃ
1315 5355 1511 5428 καρδίᾳ
1534 5357 1718 5410 αὐτοῦ’

137 5448 242 5517 Μὴ
268 5446 506 5518 πράττῃ
526 5463 584 5501 τι
603 5447 776 5501 κατά.
808 5486 823 5501 .
858 5486 871 5501 .
908 5487 922 5500 .

212 5541 324 5595 ,Ἐκ
350 5539 560 5607 πάσης
591 5539 737 5595 ὀδοῦ
760 5537 1026 5604 πονηρᾶς
1051 5537 1329 5593 ἐκώλυσα
1366 5539 1507 5606 τοὺς
1536 5539 1724 5604 πόδας

218 5718 264 5751 ⁸⁸
288 5708 464 5776 Leni.
492 5734 649 5785 mu,
674 5719 726 5775 5.
799 5719 844 5751 “
872 5717 1036 5775 Eccli.
1061 5733 1213 5786 xvut,
1253 5719 1301 5777 6.

1214 298 1589 359 EXPOSITID
1622 299 1687 353 IN
1724 295 2057 355 PSALMUM
2095 294 2325 355 CXVIII.

136 427 252 480 Ἐπὶ
270 426 463 481 τούτω
479 424 590 496 γὰρ
606 421 684 493 τῷ
709 420 1091 495 ἁκρογωνιαίῳ·
1102 420 1233 492 λίθῳ
1252 416 1706 489 καταϐεϐλημένῳ

1836 415 2146 472 editicantur
2164 426 2355 469 omnes
2378 409 2661 481 terrigena:
2685 406 2780 478 qui
2800 405 3035 462 salutem
3061 403 3203 460 nacti
3225 411 3374 460 sunt.
3486 403 3495 423 ’

1740 4451 1787 4508 D

3275 292 3379 349 ‘98

1808 507 2173 576 Quamobrem
2197 512 2441 560 remanet
2466 510 2635 569 terra,
2667 497 2955 585 infractam
2988 506 3043 553 et
3082 496 3380 552 inconcus-

1807 615 1925 658 sam
1949 598 2108 655 basin
2137 611 2202 654 ac
2221 595 2637 653 fundamentum
2664 592 2892 649 habens.
2930 589 3045 645 Imo
3066 588 3232 645 etiam
3258 589 3379 659 ipsa

1805 693 2007 750 veritas
2049 699 2246 748 terram
2291 690 2572 745 illustrans
2618 687 2758 744 diem
2797 684 3005 752 effecit,
3067 681 3178 739 Deo
3226 683 3376 738 illam

1806 784 2104 841 emittente.

1873 979 1960 1035 9I.
1997 978 2343 1035 Ordinatione
2379 987 2472 1031 tua
2500 983 2791 1045 perseverat
2836 975 2968 1042 dies,
2990 973 3240 1045 quoniam
3263 982 3375 1027 om—

1808 1069 1899 1125 nia
1928 1070 2159 1124 serviunt
2186 1069 2303 1123 tibi.
2326 1066 2445 1123 Non
2468 1073 2673 1124 mutata
2693 1079 2867 1137 neque
2892 1064 3052 1120 linem
3076 1061 3374 1133 accipiens,

1808 1161 1953 1216 sicut
1989 1159 2315 1215 illuminatio
2358 1158 2449 1214 illa
2481 1174 2603 1231 qua:
2629 1158 2685 1214 in
2711 1155 2894 1214 Veteri
2934 1154 3218 1227 Scriptura
3255 1168 3375 1210 me-

1807 1259 2073 1308 moratur.
2100 1250 2552 1322 Quandoquidem
2576 1264 2751 1321 usque
2776 1249 2841 1304 ad
2864 1247 3216 1304 correctionis
3239 1258 3375 1301 tem-

1805 1355 1909 1412 pus
1930 1341 2113 1411 posita
2135 1348 2239 1395 est.
2266 1337 2391 1395 Haec
2411 1347 2589 1395 autem
2612 1338 2797 1393 omnia
2819 1336 2931 1393 Deo
2949 1336 3193 1406 subjecta
3223 1346 3371 1391 sunt.

1803 1430 1939 1488 Nam
1966 1447 2089 1489 cum
2114 1442 2324 1488 creator
2346 1432 2702 1503 provisorque
2724 1431 2816 1497 sit,
2846 1429 3031 1485 omnia
3063 1428 3166 1498 ipsi
3194 1427 3372 1483 famu-

1806 1525 2007 1580 lantur.

1876 1615 1966 1672 92.
1996 1613 2122 1669 Nisi
2165 1614 2305 1685 quod
2349 1613 2433 1667 lea:
2477 1621 2571 1666 tua
2615 1610 2894 1667 meditatio
2940 1625 3056 1664 mea
3106 1617 3204 1673 est,
3253 1617 3376 1663 tunc

1807 1708 1944 1778 forte
1985 1706 2256 1776 periissem
2289 1704 2345 1758 in
2394 1703 2694 1758 humilitate
2731 1717 2867 1758 mea.
2919 1699 3374 1771 lrrumpentibus,

1813 1799 2009 1871 inquit,
2037 1796 2196 1854 malis
2229 1796 2670 1869 cogitationibus,
2703 1804 2757 1851 et
2778 1793 3108 1850 adversariis
3134 1801 3377 1865 potesta-

1812 1890 1960 1947 tibus
1985 1905 2074 1946 me
2105 1887 2565 1960 oppugnantibus,
2599 1886 2841 1943 futurum
2868 1894 2987 1942 erat
3017 1894 3078 1942 ut
3113 1887 3168 1940 in
3200 1885 3382 1955 perni-

1812 1981 1951 2038 ciem
1982 1981 2142 2046 irem,
2172 1980 2277 2035 nisi
2303 1980 2389 2035 lex
2429 1988 2519 2035 tua
2555 1978 2610 2032 iu
2632 1977 2869 2033 fulcrum
2893 1976 3028 2031 mihi
3055 1975 3267 2032 fuisset.

1881 2073 1969 2130 93.
2001 2071 2071 2129 In
2105 2081 2358 2128 wternum
2378 2088 2481 2127 non
2508 2070 2788 2126 obliviscar
2805 2070 3211 2139 iustiﬁcationes
3237 2079 3376 2135 tuas,

1810 2167 1935 2238 quia
1973 2167 2029 2221 in
2067 2166 2195 2235 ipsis
2226 2163 2504 2233 uiviﬁcasti
2539 2178 2638 2216 me.
2683 2159 2853 2228 Tuas,
2889 2161 3084 2230 inquit,
3116 2160 3261 2228 leges
3291 2173 3380 2215 re-

1812 2257 2037 2328 spiciam
2068 2276 2081 2312 :
2110 2257 2165 2311 in
2194 2255 2328 2327 ipsis
2364 2254 2509 2310 enim
2552 2255 2661 2308 vita
2707 2251 2877 2319 fruar,
2918 2250 3375 2322 quemadmodum

1813 2361 1869 2406 tu
1900 2348 2017 2420 ipse
2037 2347 2221 2405 dixisti
2245 2346 2406 2415 mihi,
2429 2347 2553 2418 quia
2582 2345 2673 2417 qui
2700 2345 2880 2416 fecerit
2899 2360 2960 2398 ea
2987 2344 3140 2397 homo
3169 2343 3297 2398 vivet
3320 2343 3379 2395 in

1811 2440 1920 2496 illis
1942 2442 2009 2495 “.
2043 2439 2206 2497 Solus
2246 2440 2430 2511 itaque
2463 2439 2647 2511 justus
2691 2438 2841 2506 vivit,
2871 2438 3086 2493 etiamsi
3130 2444 3379 2492 mortuus

1809 2548 1933 2590 esse
1970 2533 2219 2589 videatur
2248 2551 2262 2588 :
2294 2531 2484 2604 iniusti
2518 2541 2699 2587 autem
2735 2529 2939 2586 mortui
2967 2538 3129 2594 sunt,
3162 2528 3378 2584 etiamsi

1810 2626 1992 2681 vivere
2037 2624 2346 2680 videantur.
2387 2622 2469 2678 Illi
2497 2637 2736 2694 namque
2769 2622 2894 2685 vitae
2928 2621 3379 2678 constitutionem

1811 2719 1868 2773 in
1900 2732 1960 2774 se
1984 2717 2206 2779 habent.
2231 2715 2502 2787 justitiam
2553 2716 2799 2782 scilicet;
2830 2714 2885 2770 lii
2934 2722 3123 2771 contra
3152 2730 3277 2772 cum
3308 2716 3379 2769 i1-

1812 2811 1919 2866 lam
1954 2824 2065 2865 non
2108 2807 2557 2876 habeant,'rebus
2591 2806 2928 2874 inanimatis,
2959 2821 3068 2861 non
3102 2819 3133 2861 a
3161 2822 3240 2873 se,
3284 2807 3378 2861 sed

1810 2899 2150 2959 extrinsecus
2178 2900 2343 2955 vitam
2372 2897 2720 2963 habentibus,
2751 2895 2961 2953 similes
2986 2904 3132 2953 sunt.

1881 2991 1972 3049 94.
2009 2989 2154 3046 Tuus
2188 3005 2305 3045 sum
2341 3004 2455 3062 ego,
2483 2988 2688 3045 saluum
2740 3004 2823 3043 me
2861 2987 2970 3059 fac.
3019 2987 3375 3054 Subauditur,

1811 3097 2002 3140 servus
2047 3091 2175 3138 tuus
2210 3096 2356 3149 sum,
2388 3079 2535 3137 ﬁlius
2574 3089 2700 3137 tuus
2728 3094 2826 3151 per
2860 3080 3113 3153 gratiam,
3143 3080 3381 3137 famulus

1808 3186 1955 3233 tuus.

1879 3269 1971 3326 95.
2000 3265 2088 3323 He
2112 3274 2537 3337 exspectaverunt
2562 3276 2856 3336 peccatores
2888 3275 2944 3319 ut
2963 3266 3236 3336 perderent
3260 3282 3380 3331 me;

1809 3358 2111 3415 testimonia
2162 3365 2253 3412 tua
2306 3356 2562 3412 intellexi.
2601 3355 2659 3411 Id
2700 3365 2805 3422 est,
2833 3358 3125 3413 meditatus
3159 3373 3303 3423 sum,
3329 3368 3382 3413 ct

1808 3465 1905 3521 per
1936 3449 2344 3505 meditationem
2376 3447 2711 3518 huiusmodi,
2740 3449 2966 3505 insidias
2991 3465 3182 3504 eorum
3209 3466 3382 3505 vanas

1807 3542 1980 3599 eﬂ'eci.

1878 3634 1970 3690 96.
1996 3632 2181 3690 Omnis
2200 3632 2665 3687 consummationis
2695 3632 2801 3688 vidi
2820 3632 3001 3703 ﬁnem,
3033 3632 3201 3687 latum
3222 3650 3377 3688 man-

1808 3727 1992 3782 datum
2038 3736 2184 3780 tuum
2211 3725 2389 3779 nimis.
2423 3725 2962 3781 Consummationem
2986 3725 3118 3780 dicit
3155 3726 3378 3783 insidias

1810 3818 2140 3873 daemonum.
2178 3813 2383 3871 Harum
2422 3816 2586 3871 tinem
2619 3816 2726 3871 vidi
2767 3817 2834 3873 ad
2874 3817 3103 3872 nihilum
3129 3819 3376 3884 evadere,

1811 3925 1937 3967 cum
1970 3910 2139 3966 latum
2180 3910 2314 3965 mihi
2354 3911 2557 3967 factum
2595 3919 2681 3966 est
2713 3911 3029 3966 mandatum
3060 3920 3235 3967 tuum.
3268 3908 3384 3968 Hoc

1812 4011 1994 4059 autem
2021 4002 2090 4059 ad
2114 4018 2237 4059 eum
2269 4004 2520 4074 pertinet,
2549 4003 2642 4074 qui
2673 4004 2820 4057 omni
2853 4003 3099 4074 profectu
3130 4005 3194 4058 ad
3220 4003 3380 4059 linem

1812 4093 2031 4149 virtutis
2061 4094 2326 4164 pervenit,
2358 4103 2411 4149 et
2453 4094 2519 4149 ad
2562 4093 2861 4164 perfectum
2897 4094 3100 4149 bonum
3129 4098 3380 4161 accessit,

1814 4187 1907 4257 qui
1934 4187 2104 4241 multa
2133 4187 2285 4241 initia
2311 4194 2364 4241 et
2390 4186 2592 4240 mullos
2619 4185 2751 4240 lines
2780 4187 2985 4257 posuit.
3017 4186 3147 4241 Nam
3186 4187 3385 4256 prioris

1814 4276 2089 4347 profectus
2123 4277 2561 4346 circumscriptio
2605 4275 2822 4330 initium
2861 4286 2942 4332 est
2972 4277 3383 4347 subsequentis,

1811 4367 1966 4438 juxta
1991 4367 2119 4421 illud
2147 4383 2161 4417 :
2188 4366 2321 4421 Cum
2338 4375 2732 4420 consummatur
2751 4368 2926 4435 homo,
2955 4379 3078 4423 tunc
3112 4370 3295 4440 incipit
3314 4373 3380 4429 ⁸³.

1810 4548 1829 4617 |
1883 4546 1971 4600 97.
2013 4546 2284 4610 Quomodo
2319 4545 2481 4599 dilexi
2522 4548 2682 4615 legem
2732 4554 2912 4613 tuam,
2959 4546 3224 4606 Domine?
3272 4561 3384 4605 tota

1813 4638 1898 4692 die
1920 4637 2193 4692 meditatio
2242 4653 2357 4691 mea
2402 4646 2500 4693 est.
2528 4637 2632 4704 Qui
2672 4639 2855 4694 omnia
2885 4641 3184 4696 secundum
3211 4643 3382 4714 legem

1814 4726 1946 4781 dicit
1975 4736 2027 4781 et
2057 4724 2283 4797 perﬁcit,
2323 4727 2370 4782 is
2414 4726 2707 4783 meditatur
2744 4729 2914 4801 legem
2945 4730 3063 4787 Dei.
3112 4731 3169 4786 in
3210 4735 3384 4803 primo

1814 4827 1993 4872 autem
2035 4816 2268 4887 psalmo,
2304 4818 2370 4873 ad
2404 4818 2807 4878 meditationem
2852 4814 2961 4878 diei
3000 4832 3213 4880 noctem
3248 4826 3384 4895 adji-

1816 4910 1910 4975 cit,
1937 4910 2009 4966 iis
2045 4909 2141 4981 qui
2182 4911 2328 4967 beati
2380 4911 2550 4970 futuri
2590 4925 2737 4971 sunt.
2760 4914 3085 4973 Dicebamus
3113 4918 3256 4973 enim
3296 4918 3385 4973 hic

1816 5002 2132 5072 permistam
2159 5018 2282 5060 esse
2305 5005 2589 5062 hominum
2626 5009 2816 5063 vitam.
2847 5006 3214 5074 Quamobrem
3239 4986 3407 5064 nunc

1818 5094 2083 5151 habemus
2119 5096 2259 5152 diem
2295 5112 2360 5153 ac
2389 5107 2644 5164 noctem;
2685 5109 2966 5169 postquam
3001 5105 3179 5153 autem
3210 5101 3383 5154 sancti

1818 5186 2110 5256 evasimus,
2143 5190 2298 5246 nulla
2321 5191 2673 5262 subsequitur
2703 5205 2833 5246 nox.
2852 5189 2959 5258 Qui
2979 5190 3145 5263 igitur
3174 5192 3387 5262 proﬁcit

1819 5278 1963 5334 diem
1997 5280 2109 5351 agit
2136 5281 2265 5335 dum
2293 5282 2598 5338 secundum
2628 5282 2798 5354 legem
2831 5283 2964 5337 vivit
2991 5304 3002 5336 :
3033 5294 3246 5339 noctem
3282 5300 3386 5338 au-

1822 5379 1955 5437 tem,
1978 5386 2102 5426 cum
2135 5386 2251 5428 non
2277 5374 2568 5429 meditatur
2592 5388 2713 5429 eam
2744 5390 2809 5429 ex
2846 5384 2956 5429 toto
2986 5375 3260 5430 corde.....
3285 5375 3387 5431 Hic

1821 5461 1996 5531 deﬁcit
2019 5472 2208 5519 textus.

1894 5551 2012 5607 lOI.
2046 5552 2126 5608 Ab
2154 5556 2297 5611 omni
2337 5558 2423 5612 via
2452 5556 2593 5612 mala
2621 5558 2863 5627 prohibui
2900 5560 3051 5629 pedes
3085 5574 3244 5614 meos.
3274 5555 3387 5612 Hoc
