3778 6276
377 340 480 402 499

1219 336 1277 394 S.
1318 331 1692 393 ATHANASH
1730 327 1879 386 OPP.
1921 327 2101 384 PARS
2138 320 2341 385 111.’-
2377 326 2796 383 EXEGETICA.

3529 319 3657 377 500

377 469 463 519 est
505 462 654 516 enim
688 456 962 515 custodire
1000 454 1241 511 divinam
1292 455 1490 525 legem,
1529 449 1787 522 operibus
1808 462 1950 503 -eam

2119 462 2187 498 νυ.
2238 442 2408 496 Τοῦτο
2428 443 2536 515 γάρ
2563 445 2679 496 ἐστι
2718 441 2779 495 τὸ
2809 438 3038 509 φυλάξαι
3065 440 3154 493 τὸν
3196 439 3336 493 θεῖον
3364 438 3555 510 νόμον,
3578 443 3658 495 τὸ

384 552 628 623 implere.

453 644 574 699 102.
609 648 648 698 Α
673 643 893 714 judiciis
943 642 1046 695 tuis
1093 657 1195 694 non
1236 639 1516 694 declinavi.
1571 636 1795 706 Semper
1839 647 1953 689 me-

382 736 521 793 mini
555 735 720 791 divini
748 733 1061 791 tribunalis.

453 830 576 886 105.
617 830 789 894 Quam
817 828 999 881 dulcia
1034 824 1277 895 faucibus
1318 824 1446 876 meis
1469 822 1677 892 eloquia
1705 819 1832 874 tua!
1864 834 1951 872 su-

389 940 483 992 per
516 923 617 976 mel
642 922 723 975 ori
752 937 886 975 meo.
945 919 1135 974 Dulcia
1188 918 1258 972 ob
1303 916 1683 970 rationabilem
1734 915 1785 966 in
1845 913 1954 967 illis

399 1017 633 1085 positam
694 1015 1024 1083 voluptatem
1068 1031 1082 1065 :
1130 1012 1243 1065 imo
1281 1026 1434 1072 super
1482 1009 1601 1071 mel,
1665 1022 1759 1077 per
1805 1005 1951 1075 quod

384 1107 569 1160 omnia
600 1106 777 1160 dulcia
801 1105 942 1173 apud
978 1104 1224 1158 homines
1246 1102 1647 1171 signiﬁcantur.

454 1197 579 1250 105.
612 1194 850 1249 Lucerna
900 1193 1115 1262 pedibus
1164 1194 1290 1247 meis
1341 1191 1551 1244 verbum
1595 1198 1764 1241 tuum.
1819 1185 1957 1242 Nam

387 1288 480 1357 qui
515 1288 568 1341 in
598 1288 804 1340 lumine
828 1286 1025 1340 divime
1058 1286 1192 1356 legis
1224 1284 1487 1349 ambulat,
1521 1291 1730 1337 rectum
1779 1288 1834 1334 et
1868 1279 1957 1332 in-

387 1377 654 1434 offensum
682 1393 906 1433 cursum
934 1379 1054 1432 vitae
1083 1378 1322 1433 coniicit.

464 1468 584 1523 112.
608 1467 935 1522 Humiliatus
965 1485 1082 1521 sum
1113 1483 1501 1537 usquequaque.
1557 1466 1667 1519 Aut
1697 1464 1957 1534 spiritua—

351 1550 364 1561 ”
395 1560 528 1615 lium
562 1558 908 1614 inimicorum
957 1558 1375 1627 irrupticuibus,
1426 1568 1520 1611 aut
1569 1553 1960 1611 macerationi-

388 1650 493 1705 bus
513 1666 579 1705 ex
608 1651 830 1720 propria
864 1652 1143 1704 voluntate
1166 1649 1458 1717 susceptis.

461 1743 585 1797 115.
621 1741 841 1813 Iniquos
873 1744 994 1796 odio
1053 1743 1234 1805 habui,
1265 1753 1314 1796 et
1350 1743 1513 1811 legem
1565 1751 1710 1795 tuam
1769 1740 1955 1795 dilexi.

391 1835 676 1905 Sapientes
744 1835 907 1904 hujus
937 1835 1122 1889 saeculi
1150 1835 1228 1889 ait
1264 1842 1319 1889 et
1367 1834 1749 1888 haereticorum
1800 1833 1955 1902 prin-

390 1929 564 1998 cipes.

461 2021 585 2075 115.
626 2019 947 2073 Declinatea
982 2035 1082 2081 me,
1113 2017 1351 2088 maligni.
1401 2018 1509 2071 Aut
1532 2018 1705 2073 malas
1745 2019 1955 2088 cogita-

393 2112 573 2166 tiones
618 2112 713 2177 ait,
747 2122 840 2165 aut
863 2109 1152 2180 praedictos
1182 2110 1498 2178 magistros.

461 2292 583 2346 117.
644 2293 850 2361 Adjuva
891 2309 969 2346 me
1003 2302 1051 2347 et
1096 2293 1272 2348 salvus
1314 2310 1424 2349 ero.
1478 2291 1729 2358 Etiamsi,
1763 2292 1964 2363 inquit,

389 2381 608 2452 adjutor
627 2399 782 2440 mens
815 2393 872 2439 et
905 2396 1196 2456 susceptor
1219 2402 1379 2442 meus
1410 2402 1480 2442 es
1517 2395 1597 2451 tu,
1639 2395 1696 2440 at
1760 2386 1963 2441 indesi-

386 2474 540 2530 nenti
586 2476 791 2530 auxilio
821 2487 907 2531 est
932 2491 1095 2548 opus.
1145 2477 1363 2544 Quanto
1391 2480 1537 2535 enim
1599 2488 1842 2547 tempore
1872 2478 1961 2533 hic

388 2582 606 2633 sumus,
641 2567 883 2622 nondum
927 2568 1233 2637 perfectura
1269 2580 1352 2626 est
1410 2570 1564 2637 illud,
1619 2571 1796 2626 saluus
1848 2587 1958 2626 ero.

391 2653 499 2711 Sed
535 2658 624 2712 ubi
652 2674 774 2713 cum
805 2661 1014 2730 angelis
1060 2661 1151 2715 Dei
1198 2662 1464 2728 vivemus,
1508 2672 1640 2719 tunc
1682 2663 1967 2717 meditatio

384 2748 841 2818 justiﬁestionum
868 2753 973 2806 erit
994 2752 1134 2808 facie
1158 2753 1226 2808 ad
1262 2752 1484 2820 faciem,
1508 2771 1615 2808 non
1649 2755 1705 2809 in
1741 2755 1959 2819 umbra,

393 2841 487 2895 sed
522 2842 577 2895 in
613 2842 856 2897 veritate.

465 2934 586 2989 118.
615 2935 871 3003 Sprevisti
915 2952 1091 2991 omnes
1132 2937 1453 2991 discedentes
1503 2955 1536 2992 α
1574 2938 1795 3008 judiciis
1833 2942 1967 2997 tuis.

393 3024 494 3082 llic
522 3027 647 3082 linis
671 3037 950 3098 exspectat
973 3043 1069 3084 eos
1093 3028 1187 3097 qui
1220 3028 1313 3083 Dei
1344 3028 1512 3099 legem
1547 3041 1924 3087 contemnunt.

467 3202 589 3256 119.
620 3201 1035 3258 Prtevaricautes
1065 3206 1299 3274 reputavi
1322 3222 1500 3261 omnes
1525 3218 1822 3276 peccatores
1851 3219 1959 3263 ter-

398 3308 505 3357 m;
532 3293 649 3346 ideo
679 3293 843 3348 dilexi
872 3297 1172 3351 testimonia
1203 3307 1315 3352 tua.
1375 3297 1825 3368 (Praevaricantes
1854 3302 1964 3358 sci-

397 3384 547 3449 licet)
583 3385 715 3454 quia
760 3386 1003 3441 divinam
1045 3389 1216 3458 legem
1249 3390 1574 3446 conculcare
1621 3393 1845 3448 vellent.

469 3473 592 3529 120.
627 3473 839 3547 Conﬁge
873 3479 1160 3532 timcretuo
1179 3474 1362 3534 carnes
1383 3497 1544 3534 nicas.
1572 3479 1729 3548 Illud,
1748 3484 1964 3554 conﬁge,

398 3566 631 3636 positum
661 3583 780 3637 pro,
828 3570 1057 3624 obdura.
1088 3568 1304 3625 Obdura
1339 3573 1524 3643 igitur,
1551 3573 1748 3644 inquit,
1776 3576 1843 3630 ad
1874 3592 1965 3632 ca-

398 3657 633 3713 stitatem
660 3674 851 3715 carnes
889 3676 1060 3716 meas.
1093 3662 1217 3731 Hoc,
1238 3664 1381 3717 enim
1412 3666 1754 3721 solummodo
1787 3666 1967 3724 dicere

398 3749 619 3805 Christo
645 3759 860 3820 potero:
892 3750 939 3783 “
975 3751 1226 3822 Couﬁxus
1254 3771 1368 3807 sum
1393 3757 1557 3811 cruci.
1592 3787 1654 3798 —
1688 3757 1731 3809 A
1745 3758 1967 3827 judiciis

396 3839 532 3892 enim
567 3841 670 3893 tuis
706 3841 878 3897 timui.
918 3841 1167 3897 Divinam
1197 3845 1408 3901 scilicet
1437 3846 1606 3917 legem
1649 3849 1824 3902 timui.
1847 3848 1963 3904 Non

399 3930 543 3983 enim
602 3941 881 4000 peccatum
912 3935 1036 4003 quis
1070 3936 1329 3999 admittit,
1367 3938 1475 3992 nisi
1501 3954 1626 3995 sese
1654 3949 1781 3994 ante
1808 3948 1965 3995 extra

402 4020 497 4076 Dei
535 4023 783 4078 timorem
809 4025 1179 4082 collocaverit.

472 4112 596 4168 125.
640 4112 794 4169 Oculi
822 4117 922 4170 mei
954 4118 1256 4185 defecerunt
1309 4121 1366 4172 in
1428 4121 1663 4177 salutare
1707 4132 1880 4178 tuum.
1906 4123 1964 4180 In

399 4206 645 4261 divinum
687 4206 1001 4275 adventum,
1041 4209 1239 4280 inquit,
1278 4226 1388 4281 quo
1420 4213 1672 4283 sperabat
1699 4224 1753 4269 et
1791 4233 1850 4272 se
1899 4226 1955 4274 et

401 4309 573 4356 totum
631 4301 931 4356 humanum
980 4317 1153 4373 genus
1226 4304 1454 4359 salutem
1518 4317 1962 4363 consecuturum.

403 4391 472 4445 Et
499 4393 557 4446 in
587 4392 852 4464 eloquium
869 4392 1095 4463 justitia:
1127 4404 1252 4451 tute.
1279 4395 1507 4454 Etiamsi
1535 4399 1755 4468 quidam
1780 4401 1966 4471 inique

2051 536 2230 607 ἔργοις
2262 537 2421 589 αὐτὸν
2447 535 2855 607 ἀποπληρῶσαι.

2136 628 2279 682 Ἀπὸ
2306 628 2423 681 τῶν
2445 628 2741 698 χριμάτων
2766 642 2882 680 σου
2915 628 3029 681 οὐκ
3057 624 3357 690 ἐξέκλινα.
3396 626 3657 678 Διαπαν-

2057 719 2143 784 τὸς
2163 721 2486 795 ἐμεμνήμην
2512 718 2604 773 τοῦ
2639 718 2782 771 θείου
2806 716 3182 790 δικαστηρίου.

2137 817 2234 882 Ὠς
2259 813 2485 885 γλυκέα
2508 812 2588 879 τῷ
2609 812 2863 882 λάρυγγί
2884 829 3003 881 μου
3030 810 3102 864 τὰ
3128 808 3305 880 λόγιά
3329 808 3484 863 σου]
3514 809 3656 861 Γλυ-

2056 909 2156 963 κέα
2188 907 2276 962 διὰ
2322 908 2420 978 τὴν
2472 907 2556 959 ἐπ’
2590 906 2772 968 αὐτοῖς
2804 903 3027 973 λογικὴν
3071 901 3290 973 τέρψιν⁸
3328 901 3441 954 ἀλλ’
3481 900 3655 966 ὑπὲρ

2051 1002 2193 1073 μέλι
2219 1045 2234 1069 ,
2291 1001 2401 1055 τῶν
2435 999 2563 1071 παρ’
2587 996 2893 1068 ἀνθρώποις
2927 993 3146 1049 πάντων
3167 992 3337 1063 ἡδέων
3369 992 3436 1045 δι’
3467 989 3650 1046 αὑτοῦ

2059 1094 2219 1165 δηλου
2229 1091 2423 1163 μένων.

2128 1180 2365 1248 Λύχνος
2395 1177 2518 1244 τοῖς
2544 1177 2689 1231 ποσί
2711 1194 2830 1245 μου
2857 1179 2890 1229 ὁ
2918 1176 3100 1244 νόμος
3127 1191 3266 1227 σου.
3323 1176 3382 1226 'U
3414 1173 3525 1245 γὰρ
3560 1170 3652 1243 τῷ

2060 1274 2198 1342 φωτὶ
2220 1271 2314 1325 τοῦ
2349 1271 2497 1325 θείου
2521 1269 2685 1338 νόμου
2715 1268 3029 1337 περιπατῶν
3055 1267 3219 1338 ὀρθὴν
3245 1267 3338 1321 καὶ
3355 1265 3648 1333 ἀπρόσκο-

2058 1380 2160 1417 πον
2184 1364 2283 1434 τὴν
2306 1361 2529 1433 πορείαν
2557 1361 2793 1412 ποιεῖται
2813 1356 2908 1411 τοῦ
2941 1357 3077 1427 βίου.

2141 1452 2567 1520 Ἐταπεινώθην
2591 1451 2703 1517 ἕως
2727 1450 2981 1519 σφόδρα.
3035 1449 3107 1501 Ἣ
3130 1449 3249 1510 ταῖς
3279 1446 3387 1499 τῶν
3425 1444 3644 1515 νοητῶν

2060 1547 2271 1618 ἐχθρῶν
2300 1545 2606 1599 ἐπιθέσεσιν
2625 1585 2640 1609 ,
2668 1543 2701 1615 ἢ
2745 1545 2864 1606 ταῖς
2908 1540 3013 1612 ἰδίᾳ
3037 1540 3133 1593 καὶ
3172 1540 3237 1592 ὲκ
3265 1539 3651 1601 ποοαιοέσεως

2060 1638 2375 1708 γινομέναις
2419 1631 2883 1704 σκληραγωγίαις.

2131 1730 2521 1797 Παρανόμους
2540 1725 2825 1794 ἐμίσησα,
2852 1722 2960 1776 τὸν
2979 1721 3047 1775 δὲ
3066 1722 3254 1789 νόμον
3271 1736 3388 1774 σου
3410 1718 3651 1786 ἠγάπη-

2065 1837 2169 1877 σα.
2228 1820 2367 1883 Τοὺς
2393 1820 2588 1887 σοφοὺς
2619 1816 2712 1870 τοῦ
2758 1815 2951 1877 αἰῶνός
2983 1830 3114 1884 φησι
3143 1812 3237 1864 καὶ
3263 1811 3389 1873 τοὺς
3419 1810 3528 1864 τῶν
3554 1811 3650 1863 αἱ»-

2067 1911 2342 1984 ρεσιωτῶν
2370 1910 2656 1982 ἄρχοντας.

2148 2005 2490 2057 Ἑκκλίνατε
2523 2002 2623 2055 ἀπ’
2648 1999 2793 2069 ἐμοῦ
2818 2038 2833 2063 ,
2863 1995 3348 2065 πονηρευόμενοι.
3415 1995 3488 2048 Ἢ
3516 1995 3651 2057 τοὺς

2066 2099 2336 2167 πονηρους
2386 2091 2680 2162 λογισμούς
2726 2106 2924 2160 φησιν,
2973 2088 3005 2159 ἦ
3043 2087 3175 2151 τοὺς
3212 2085 3652 2157 προειρημένους

2068 2187 2442 2251 διδασκάλους.

2139 2278 2456 2347 Βοήθησόν
2470 2293 2594 2346 μοι,
2620 2275 2717 2328 καὶ
2736 2271 3102 2341 σωθήσομαι.
3130 2271 3192 2324 El
3222 2268 3331 2341 γὰρ
3362 2270 3486 2334 καὶ,
3512 2267 3652 2340 ἔφη,

2069 2372 2260 2444 βοηθός
2293 2388 2392 2441 μου
2429 2369 2524 2422 καὶ
2578 2367 2922 2437 ἀντιλήπτωρ
2955 2380 3054 2434 μου
3085 2357 3138 2415 εἴ
3169 2362 3233 2414 σὺ
3253 2400 3273 2425 ,
3296 2361 3432 2414 ἁλλὰ
3472 2360 3655 2415 δεῖται.

2070 2463 2319 2537 βοηθείας
2362 2459 2722 2515 ἀδιαλείπτου.
2781 2457 2870 2509 Ἐν
2897 2456 3006 2524 ὅσῳ
3055 2454 3163 2525 γάρ
3194 2451 3651 2523 ἐσμενίίνταῦθα,

2067 2557 2220 2612 οὔπω
2251 2554 2459 2609 τέλειον
2484 2553 2544 2606 τὸ
2567 2592 2582 2617 ,
2609 2548 2959 2617 σωθήσομαι
2977 2563 2992 2577 ο
3051 2545 3165 2599 ἀλλ’
3197 2546 3324 2599 ὃταν
3354 2543 3492 2615 μετὰ
3533 2544 3659 2598 τῶν

2069 2649 2316 2719 ἀγγέλων
2345 2648 2600 2717 ζήσωμεν
2623 2642 2716 2697 τοῦ
2743 2640 2900 2704 Θεοῦ,
2933 2640 3054 2692 τότε
3088 2638 3196 2709 γὰρ
3227 2639 3321 2691 καὶ
3345 2636 3543 2708 μελέτη
3573 2635 3651 2689 δι-

2068 2743 2401 2814 καιωμάτων
2430 2740 2719 2812 πρόσωπον
2751 2734 2891 2806 πρὸς
2924 2731 3212 2802 πρόσωπον
3230 2770 3245 2795 ,
3286 2729 3348 2782 οὐ
3376 2727 3517 2783 κατὰ
3542 2726 3652 2781 the

2072 2838 2253 2898 σκιὰν,
2285 2833 2420 2888 ἀλλὰ
2450 2831 2591 2886 κατὰ
2618 2831 2718 2901 τὴν
2743 2825 3021 2897 ἀλήθειαν.

2153 2925 2600 2991 Ἐξουδένωσας
2615 2921 2847 2985 πάντας
2863 2917 3005 2983 τοὺς
3024 2912 3508 2977 ἀποστατοῦντας
3521 2911 3649 2965 ἀπὸ

2069 3019 2187 3073 τῶν
2238 3013 2643 3084 δικαιωμάτων
2693 3027 2828 3065 σου.
2902 3008 3072 3062 Τοῦτο
3102 3006 3211 3077 γὰρ
3250 3003 3533 3075 περιμένει
3579 3001 3649 3055 τὸ

2070 3111 2218 3173 τέλος
2243 3109 2370 3172 τοὺς
2394 3106 2485 3160 τὸν
2514 3105 2673 3175 νόμον
2706 3101 3033 3164 ἀθετοῦντας
3063 3099 3157 3154 τοῦ
3192 3097 3347 3152 Θεοῦ.

2143 3201 2621 3271 Παραϐαίνοντας
2650 3194 3020 3266 ἐλογισάμην
3042 3192 3270 3257 πάντας
3300 3189 3439 3256 τοὺς
3465 3189 3651 3259 ἀμαρ-

2070 3294 2295 3360 τωλοὺς
2327 3292 2436 3361 τῆς
2459 3289 2566 3362 γῆς
2583 3306 2596 3320 ·
2622 3288 2717 3342 διὰ
2754 3288 2926 3342 τοῦτο
2958 3285 3242 3355 ἠγάπησα
3268 3283 3339 3338 τὰ
3353 3280 3650 3352 μαρτύριά

2071 3402 2206 3440 σου.
2240 3386 2313 3438 Τὸ
2346 3383 2587 3453 πατῆσαι
2618 3378 2900 3452 βούλεσθαι
2926 3378 3018 3431 τὸν
3043 3376 3186 3429 θεῖον
3208 3376 3391 3445 νόμον.

2144 3471 2511 3537 Καθήλωσον
2535 3469 2601 3521 ἐκ
2626 3467 2732 3521 τοῦ
2759 3467 2948 3535 φόϐου
2978 3480 3094 3518 σου
3117 3464 3225 3529 τὰς
3250 3462 3478 3530 σάρκας
3496 3479 3643 3531 μου.

2075 3561 2167 3624 Τὸ,
2194 3558 2571 3626 καθήλωσον,
2598 3558 2719 3611 ἀντὶ
2734 3555 2850 3620 τοῦ,
2884 3555 3073 3625 πῆξον.
3104 3552 3279 3623 Πῆξον
3302 3548 3395 3606 οὖν
3414 3593 3428 3617 ,
3455 3553 3646 3622 φησὶν,

2072 3656 2152 3717 είς
2181 3652 2401 3722 ἁγνείαν
2423 3651 2521 3715 τὰς
2545 3651 2753 3723 σάρκας
2786 3666 2907 3720 μου.
2939 3646 3125 3709 Οὕτως
3152 3645 3261 3717 γὰρ
3291 3645 3464 3716 μόνως
3482 3646 3650 3713 δυνη-

2073 3747 2213 3799 θεῖεν
2248 3747 2418 3799 εἰπεῖν
2438 3743 2655 3815 Χριστῷ
2674 3760 2687 3773 ο
2715 3741 3206 3808 Συνεσταύρωμαι
3223 3756 3237 3769 ⁸
3265 3737 3382 3792 ἀπὸ
3399 3738 3502 3807 γὰρ
3522 3735 3655 3790 τῶν

2073 3835 2366 3905 χριμάτων
2390 3852 2505 3889 σου
2531 3832 2852 3902 ἐφοϐήθην.
2889 3831 2992 3884 Τὸν
3020 3829 3160 3883 θεῖον
3191 3828 3429 3899 δηλονότι
3453 3842 3644 3897 νομον.

2074 3929 2148 3980 Οὐ
2187 3926 2295 3997 γὰρ
2321 3925 2494 3988 ἄλλως
2539 3942 2623 3987 τις
2656 3923 2893 3977 ἐπιτελεῖ
2914 3921 3010 3993 τὴν
3044 3921 3316 3991 ἁμαρτίαν
3339 3958 3353 3983 ,
3412 3918 3486 3990 μὴ
3536 3918 3657 3986 ἔξω

2073 4018 2263 4072 ἑαυτὸν
2299 4016 2560 4089 πρότερον
2587 4016 2932 4086 καταστήσας
2952 4012 3044 4066 τοῦ
3071 4012 3234 4083 φόϐου
3263 4009 3356 4064 τοῦ
3378 4009 3536 4064 Θεοῦ.

2145 4112 2209 4163 Ol
2230 4109 2524 4179 ὀφθαλμοί
2542 4125 2661 4177 μου
2689 4107 2970 4173 ἐξέλιπον
2987 4107 3074 4171 εις
3100 4106 3167 4158 τὸ
3187 4102 3481 4172 σωτήριόν
3497 4116 3642 4157 σου.

2074 4204 2168 4264 Εἰς
2189 4201 2289 4273 τὴν
2315 4199 2465 4254 θείαν
2499 4200 2838 4269 ἐπιφάνειαν,
2868 4198 3024 4268 φησὶ,
3047 4196 3112 4249 δι’
3145 4189 3212 4266 ἦς
3238 4194 3432 4266 ἤλπιζε
3462 4193 3645 4266 σωθή-

2074 4292 2262 4347 σεσθαι
2293 4293 2387 4345 καὶ
2421 4292 2582 4355 αὐτὸς
2609 4292 2702 4345 καὶ
2733 4290 2876 4345 ἁπαν
2904 4289 3013 4342 τῶν
3051 4284 3350 4360 ἀνθρώπων
3374 4287 3434 4339 τὸ
3456 4285 3637 4353 γένος.

2072 4387 2181 4442 Καὶ
2211 4389 2299 4453 εις
2328 4386 2391 4441 τὸ
2416 4387 2624 4456 λόγιον
2657 4383 2764 4455 τῆς
2810 4385 3199 4451 δικαιοσύνης
3244 4397 3379 4435 σου.
3434 4380 3496 4432 Ei
3543 4379 3643 4434 καὶ

401 4494 645 4554 agentes,
670 4501 850 4557 neque
878 4487 1128 4543 timorem
1154 4497 1308 4544 tuum
1357 4500 1483 4545 ante
1541 4491 1731 4549 oculos
1762 4470 1956 4549 haben-

2119 4478 2510 4551 αρανομοῦντές
2536 4494 2678 4542 τινες
2695 4517 2710 4541 ,
2744 4477 2835 4531 καὶ
2865 4477 2954 4531 τὸν
2977 4477 3067 4529 σὺν
3089 4474 3195 4546 πρὸ
3213 4470 3504 4542 ὀφθαλμῶν
3536 4472 3643 4525 οὐκ

401 4589 504 4640 tes,
531 4576 700 4647 legem
729 4587 875 4632 tuam
893 4580 960 4633 de
986 4579 1168 4636 medio
1194 4583 1552 4650 sustulerint;
1585 4596 1642 4640 at
1662 4602 1764 4658 ego
1814 4588 1966 4643 omni

403 4677 647 4736 tempore
683 4670 823 4725 hanc
849 4687 1010 4727 unam
1066 4673 1239 4745 legem
1290 4678 1653 4747 essequebar,
1710 4680 1856 4748 quod
1905 4679 1964 4734 in

403 4758 753 4815 meditatione
780 4771 1040 4831 perpetuo
1074 4779 1340 4823 versarer.

472 4849 598 4906 125.
629 4850 820 4907 Seruus
859 4863 983 4908 tuus
1013 4870 1130 4909 sum
1154 4872 1266 4927 ego,
1291 4857 1361 4911 da
1386 4859 1517 4913 mihi
1538 4857 1885 4928 intellectum,
1917 4872 1970 4917 et

397 4946 565 5000 sciam
600 4946 901 5000 testimonia
962 4956 1072 5001 tua.
1141 4946 1243 5015 Qui
1278 4951 1599 5019 nullatenus,
1643 4967 1837 5010 servus
1885 4962 1971 5010 est

400 5036 630 5105 peccati,
656 5037 835 5094 dicat:
867 5036 1058 5095 Servus
1111 5051 1233 5095 tuus
1260 5059 1377 5096 sum
1404 5059 1518 5113 ego.
1541 5042 1844 5101 Mercedem
1870 5062 1970 5102 an-

401 5138 506 5181 tem
533 5129 833 5196 servitutis,
860 5130 1270 5203 intelligentiam
1320 5137 1809 5205 nempepostulat,
1840 5155 1967 5209 qua:

399 5218 621 5288 datura
645 5218 755 5277 Deo
782 5261 800 5288 ,
834 5232 889 5278 et
918 5226 1061 5295 apud
1085 5241 1210 5281 eum
1237 5227 1394 5296 quasi
1438 5226 1495 5281 in
1532 5227 1776 5285 thesauri
1806 5231 1964 5287 theca

400 5311 735 5366 reconditur.
765 5313 899 5370 Nam
926 5315 1160 5386 Spiritus
1186 5318 1470 5388 sapientiae
1490 5326 1545 5374 et
1570 5319 1882 5378 intellectus
1900 5332 1957 5379 et

403 5403 615 5474 reliqua
639 5417 771 5463 sunt
793 5409 1063 5467 honorum
1096 5427 1346 5469 munera.
1376 5414 1524 5469 Inter
1564 5415 1712 5470 enim
1749 5417 1892 5473 hanc
1913 5424 1968 5473 et

400 5492 567 5550 aliam
600 5499 925 5569 sapientiam
982 5501 1347 5560 differentiam
1400 5505 1764 5577 constituens,
1808 5508 1884 5566 ait
1911 5508 1967 5565 in

475 5757 521 5794 “
548 5758 719 5817 Galat.
759 5779 816 5826 ιι,
863 5765 923 5817 l9

2070 4571 2283 4641 ἔχοντες
2313 4570 2475 4641 φόὃον
2497 4610 2513 4636 ,
2541 4570 2635 4623 τόν
2668 4585 2761 4622 σου
2797 4570 2861 4623 ὲκ
2893 4568 3057 4639 μέσου
3086 4567 3405 4636 πεποίηνται
3436 4563 3598 4635 νόμον
3619 4580 3636 4594 ο

2068 4663 2182 4717 ἁλλ’
2210 4662 2320 4733 ἐγὼ
2351 4664 2443 4717 τὸν
2476 4663 2650 4717 πάντα
2690 4662 2880 4735 καιρὸν
2898 4662 2993 4715 ἕνα
3025 4659 3319 4731 ἐποιούμην
3340 4657 3549 4725 τοῦτον,
3577 4658 3641 4710 ὲν

2072 4756 2273 4829 μελέτῃ
2303 4755 2442 4826 ἔχων
2467 4754 2775 4818 διαπαντός.

2138 4844 2364 4910 Δοῦλός
2389 4859 2504 4898 σου
2525 4843 2663 4912 ειμι,
2685 4842 3009 4897 συνέτισόν
3042 4857 3151 4910 με,
3197 4837 3293 4892 καὶ
3337 4834 3640 4906 γνώσομαι

2068 4934 2141 4987 τὰ
2185 4933 2479 5005 μαρτύριὰ
2526 4949 2663 4988 σου.
2750 4935 2807 4988 ’0
2842 4934 2915 5007 μὴ
2946 4931 3206 4987 δουλεύων
3240 4929 3359 4985 κατ’
3389 4927 3539 4981 οὐδὲν
3566 4930 3637 5001 τῇ

2069 5026 2313 5098 ἁμαρτίᾳ
2341 5025 2545 5094 λεγέτω
2562 5042 2576 5057 ·
2624 5026 2854 5092 Δοῦλος
2876 5040 2992 5080 σου
3017 5023 3134 5094 ειμι
3348 5018 3555 5075 Μισθδν
3574 5019 3637 5073 δὲ

2067 5118 2309 5183 δουλείας
2333 5119 2432 5190 τὴν
2466 5116 2679 5171 σύνεσιν
2722 5118 2946 5171 ἀπαιτεῖ
2988 5114 3267 5199 διδομένην
3298 5111 3448 5184 παρὰ
3474 5110 3633 5199 Θεοῦ,

2069 5206 2163 5261 καὶ
2207 5207 2339 5276 παρ’
2394 5204 2541 5276 αὐτῷ
2593 5206 2853 5278 κειμένην
2885 5206 2960 5269 ὡς
3023 5207 3079 5258 ὲν
3127 5198 3635 5273 θησαυροφυλακίιιδ.

2068 5297 2293 5369 Πνεῦμα
2337 5296 2445 5370 γὰρ
2477 5298 2670 5366 σοφίας
2715 5298 2810 5352 καὶ
2842 5299 3108 5362 συνέσεως
3154 5296 3247 5349 καὶ
3278 5293 3349 5347 τὰ
3374 5292 3501 5363 ἑξῆς
3527 5292 3639 5347 τῶν

2068 5387 2288 5457 ἀγαθῶν
2311 5387 2381 5443 τὰ
2405 5387 2737 5459 χαρίσματα.
2762 5387 2907 5460 Πρὸς
2928 5387 3119 5457 ἑτέραν
3140 5383 3250 5456 γὰρ
3276 5379 3637 5436 ἀντιδιαστέλ-

2067 5479 2194 5546 λων,
2225 5479 2283 5534 ὲν
2312 5477 2591 5553 Παροιμίᾳ
2617 5479 2775 5552 φησί’
2811 5479 3063 5545 Σύνεσις
3090 5475 3159 5531 δὲ
3197 5471 3387 5545 ἀγαθὴ
3424 5471 3635 5527 δίδωσι
