3778 6276
138 271 232 328 5H

1205 275 1573 332 EXPOSITIO'
1606 278 1673 333 IN
1707 279 2036 362 ΡδΑιξιιυλι
2079 282 2306 340 CXVIII.

3268 288 3374 344 502

140 390 333 460 χάριν.
367 391 433 443 Εἰ
455 392 565 463 γὰρ
589 393 742 445 πᾶσα
767 408 979 456 συνεσις
1005 394 1205 465 ἀγαθὴ,
1229 395 1328 448 οὑκ
1347 394 1412 448 ἂν
1442 395 1710 468 προσέθη-

1843 397 2100 452 ’roverbio
2128 399 2204 452 ‘5:
2240 398 2595 469 Intelligentia
2619 407 2790 451 autem
2820 399 2952 452 bona
2993 401 3084 452 dat
3115 402 3370 476 gratiam.

140 499 230 538 κεν
259 482 468 553 ἀγαθή.

206 658 432 726 Καιρὸς
451 659 561 713 τοῦ
588 659 835 728 ποιῆσαι
856 658 935 726 τῷ
955 663 1167 731 Κυρίῳ,
1193 664 1590 721 διεσκέδασαν
1611 668 1717 721 τὸν

145 751 326 815 νόμον
355 765 498 802 σου.
551 749 691 816 Ἐγὼ
725 752 822 821 μὲν
854 752 1082 824 ἐποίησα
1113 757 1284 825 κρῖμα
1315 757 1406 809 καὶ
1446 757 1717 811 δικαιοσύ-

145 857 234 908 νην
253 857 266 869 ·
301 841 461 894 ἔσται
494 841 553 893 δέ
586 859 716 894 ποτε
745 844 839 896 καί
867 861 948 897 σοι
978 845 1166 916 καιρὸς
1189 846 1267 917 τῷ
1291 847 1407 918 Θεῷ
1434 848 1524 902 τοῦ
1561 849 1718 919 ποιῆ-

147 948 229 984 σαι
252 932 511 1001 δηλονὰτι
538 936 712 1004 κρῖμα
732 935 826 987 καὶ
850 935 1192 1009 δικαιοσύνην
1216 938 1355 992 κατὰ
1383 939 1489 992 τῶν
1510 940 1719 993 διασκε-

146 1023 420 1076 δασὰντων
452 1023 548 1077 τὸν
580 1025 742 1095 νόμον
765 1043 877 1079 σου.

205 1117 304 1169 Διά
338 1115 528 1169 τοῦτο
563 1118 853 1187 ἠγάπησα
879 1118 985 1186 τὰς
1022 1120 1274 1188 ἐντολάς
1309 1137 1425 1177 σου
1463 1122 1612 1191 ὑπὲρ
1651 1122 1718 1176 τὸ

149 1209 401 1276 χρυσίον
433 1209 538 1263 καὶ
579 1210 872 1270 conditior.
921 1211 1106 1267 Ταῦτα
1139 1215 1352 1286 συνᾴδει
1381 1215 1489 1286 τῷ’
1552 1218 1719 1286 Ἀτα-

147 1303 240 1352 09'1-
265 1319 372 1368 μοι
406 1304 442 1355 ὁ
480 1304 665 1372 νόμος
711 1304 819 1356 τοῦ
866 1306 1160 1374 στόματός
1191 1321 1306 1360 σου
1342 1307 1492 1375 ὑπὲρ
1526 1307 1715 1375 χιλιά-

147 1391 244 1458 δας
267 1396 543 1462 χρυσίου
574 1396 670 1448 καὶ
717 1397 1031 1465 ἀργυρίου·
1069 1400 1162 1452 καὶ
1193 1398 1269 1470 τῷ
1291 1414 1304 1428 ⁸
1351 1399 1568 1454 Λάϐετε
1598 1417 1720 1453 παι-

148 1482 323 1548 δείαν,
352 1484 460 1537 καὶ
481 1484 568 1554 μὴ
599 1486 898 1556 ἀργύριον,
929 1487 1026 1541 καὶ
1051 1488 1276 1558 γνῶσιν
1292 1492 1442 1559 ὑπὲρ
1465 1493 1720 1559 χρυσίον

147 1573 679 1644 δεδοκιμασμένον.
730 1578 1038 1645 Κρείσσων
1063 1579 1172 1649 γὰρ
1202 1581 1386 1650 σοφία
1417 1583 1600 1635 λίθων
1625 1596 1721 1635 πο-

146 1664 417 1718 λυτελῶν
441 1682 455 1696 ο
507 1666 630 1720 πᾶν
649 1667 718 1720 δὲ
742 1668 936 1737 τίμιον
967 1672 1078 1724 οὐκ
1101 1671 1274 1736 ἄξιον
1295 1671 1484 1740 αὐτῆς
1529 1675 1712 1727 ἐστιν.

1816 486 1949 542 Nam
1977 489 2020 543 si
2053 491 2232 544 omnis
2259 490 2608 560 intelligentia
2659 490 2802 544 bona
2831 501 2994 557 esset,
3031 507 3373 562 nequaquam

1815 581 2084 650 posuisset
2130 582 2294 636 bona.

1889 673 2007 725 1‘26.
2045 671 2265 742 Tempus
2289 672 2514 741 faciendi
2543 671 2786 737 Domino,
2810 671 3370 742 dissipaveruntlegent

1819 752 1982 812 tuam.
2011 758 2121 828 Ego
2154 760 2370 829 quidem
2413 758 2796 828 fecijudicium
2855 769 2906 814 et
2931 761 3234 830 justitiam:
3271 764 3374 816 erit

1816 860 1996 904 autem
2025 851 2119 904 tibi
2155 866 2373 922 quoque
2400 850 2508 904 Deo
2530 859 2744 919 tempus
2773 850 3002 906 faciendi
3027 851 3293 922 judicium
3327 863 3378 906 et

1811 941 2100 1012 justitiam,
2133 951 2321 996 contra
2347 956 2440 996 eos
2468 940 2560 1010 qui
2586 939 2983 1010 dissipaverunt
3015 941 3183 1012 legem
3206 952 3375 996 tuam.

1891 1125 2010 1178 127.
2045 1124 2171 1178 Ideo
2197 1126 2361 1179 dilexi
2395 1127 2643 1179 mandata
2663 1136 2753 1178 tua
2791 1143 2944 1194 super
2982 1143 3172 1179 aurum
3215 1136 3264 1180 et
3299 1137 3378 1179 to--

1813 1218 2022 1287 pazion.
2059 1215 2182 1271 Haec
2215 1217 2505 1271 concinunt
2544 1216 2618 1270 illi
2649 1217 2792 1271 dicto
2837 1235 2850 1271 :
2894 1217 3098 1271 Bonum
3133 1219 3258 1271 mihi
3297 1217 3380 1270 lea:

1817 1311 1922 1362 oris
1967 1308 2043 1361 tui
2072 1324 2226 1377 super
2256 1308 2421 1360 millia
2439 1309 2556 1360 auri
2578 1318 2625 1362 et
2661 1311 2861 1379 argenti
2894 1309 2973 1362 “z
3001 1317 3054 1364 et
3079 1309 3243 1364 huic:
3277 1309 3376 1362 Ac-

1816 1400 1970 1468 cipite
1999 1399 2342 1452 eruditionem
2366 1409 2412 1451 et
2437 1415 2538 1451 non
2579 1409 2874 1468 argentum,
2932 1411 2979 1454 et
3035 1400 3378 1470 cognitionem

1816 1508 1970 1561 super
1981 1509 2164 1544 aurum
2189 1492 2476 1560 probatum.
2491 1491 2629 1544 Nam
2648 1493 2916 1546 meliorest
2941 1493 3200 1558 sapientia
3217 1490 3378 1544 variis

1818 1584 2111 1654 lapidibus:
2143 1593 2191 1637 et
2215 1599 2363 1636 omne
2379 1583 2661 1651 pretiosum
2681 1599 2781 1636 non
2803 1590 2877 1638 est
2904 1582 2998 1636 illa
3017 1583 3232 1652 dignum
3255 1583 3320 1636 ⁸⁷.

205 1758 306 1810 Διά
336 1757 524 1810 τοῦτο
562 1758 711 1826 πρὸς
739 1759 939 1826 πάσας
957 1761 1062 1827 τὰς
1087 1763 1337 1830 ἐντολάς
1357 1780 1474 1819 σου
1508 1783 1719 1833 κατωρ-

1890 1761 2010 1818 128.
2044 1760 2325 1828 Propterea
2359 1760 2426 1812 ad
2457 1761 2637 1813 omnia
2685 1759 2937 1812 mandata
2958 1767 3046 1811 tua
3097 1759 3378 1828 dirigebar.

147 1849 394 1915 ϐσύμην.
431 1849 538 1903 Διὰ
559 1850 756 1916 τοῦτο,
793 1855 971 1918 ποῖον,
1019 1854 1053 1925 ἢ
1091 1855 1154 1908 τὸ
1182 1856 1408 1928 μελέτην
1435 1857 1577 1927 ἔχειν
1603 1858 1718 1912 δια-

145 1941 342 2003 παντὸς
376 1940 478 1993 τοῦ
518 1943 680 2012 νόμου
706 1963 720 2008 ;

206 2033 315 2086 Καὶ
347 2034 626 2087 συνετιεῖ
639 2036 844 2102 νήπια.
870 2038 1056 2110 Νήπια
1075 2040 1286 2112 νοήσεις
1306 2043 1430 2105 τοὺς
1453 2043 1511 2096 ἐν
1530 2043 1720 2113 ἀγνοίᾳ

145 2125 550 2194 κατεχομένους
581 2128 674 2180 καὶ
705 2127 957 2197 βρέφεσιν
987 2131 1250 2196 ἐοικότας.
1285 2133 1519 2197 Τούτους
1549 2134 1658 2206 γὰρ
1695 2137 1722 2187 6

143 2213 294 2283 λόγος
328 2233 428 2269 σου
453 2257 469 2280 ,
498 2219 664 2288 φησὶ,
695 2220 773 2290 τῷ
800 2221 875 2292 σῷ
905 2225 1414 2304 καταυγαζομένους
1440 2228 1576 2296 φωτὶ
1603 2245 1723 2281 συν-

144 2305 319 2371 ἐσεως
358 2309 612 2380 ἑμφορεί.

211 2399 283 2451 Τὸ
342 2399 541 2467 στόμα
588 2417 708 2468 μου
743 2400 978 2468 ﬁred-Ia,
1013 2404 1111 2457 καί
1167 2406 1421 2460 εἴλκυσα
1470 2408 1718 2476 πνεῦμα.

143 2491 477 2557 Διανοίξεως
502 2492 558 2545 δὲ
591 2493 760 2548 δεῖται
789 2496 857 2549 τὰ
887 2497 1061 2565 λόγια.
1111 2499 1202 2551 Διὸ
1228 2500 1319 2552 καὶ
1345 2502 1372 2552 6
1397 2500 1584 2572 Σωτὴρ
1609 2501 1722 2573 διή-

142 2582 278 2649 νοιξε
319 2583 418 2636 τὸν
446 2583 570 2637 νοῦν
596 2585 707 2638 τῶν
757 2587 1012 2658 μαθητῶν
1043 2589 1136 2642 τοῦ
1182 2591 1420 2644 συνιέναι
1450 2591 1546 2655 τὰς
1588 2593 1724 2664 Γρα-

144 2674 262 2739 ei;
321 2674 438 2726 Καὶ
469 2674 568 2744 τὴν
602 2675 670 2728 δι’
698 2677 893 2748 ἡδονῆς
918 2679 949 2749 ἢ
996 2680 1151 2751 δόξης
1194 2682 1408 2752 ἀπάτην
1438 2684 1470 2752 ἠ
1501 2682 1588 2736 διὰ
1618 2683 1727 2736 τῶν

142 2762 322 2831 λόγων
356 2764 574 2828 σύνεσις
600 2767 914 2839 ὲνδιδομένη
947 2770 1164 2823 κωλύει.

198 2856 577 2925 Ἐπίϐλεψιον
589 2859 681 2911 ἐπ’
699 2859 821 2927 ἐμὲ,
840 2861 934 2913 καὶ
952 2861 1312 2930 ὲ..1ἐησόνμε,
1332 2881 1384 2919 κ.
1405 2881 1452 2918 τ.
1473 2865 1520 2918 λ.
1539 2866 1623 2930 Ὡς
1639 2867 1728 2920 κέ-

147 2966 372 3020 κρικας,
391 2950 578 3019 φησὶν,
603 2950 910 3021 ὲπιὸλέψαι,
935 2953 1028 3006 καὶ
1042 2953 1238 3024 πολλῆς
1261 2957 1557 3028 ἐπισκοπῆς
1576 2959 1729 3026 ἀξιῶ-

149 3057 231 3095 σαι
264 3042 403 3105 τοὺς
432 3043 761 3110 ἀγαπῶντας
786 3045 847 3097 τὸ
883 3045 1053 3114 δνομὰ
1085 3064 1176 3098 σου
1201 3065 1212 3076 ·
1243 3047 1381 3100 οὕτω
1419 3067 1482 3119 με
1510 3051 1605 3121 τῆς
1632 3052 1728 3104 αύ-

146 3135 239 3204 τῆς
272 3134 515 3198 ἀξίωσον
549 3136 854 3206 ἐπισκοπῆς
874 3178 888 3202 ,
922 3138 1016 3191 τοῦ
1050 3139 1212 3191 αὑτοῦ
1248 3141 1447 3204 ἐλέους.

221 3314 304 3368 Τὰ
337 3313 672 3384 διαϐήματά
694 3333 814 3384 μου
837 3316 1204 3370 κατεύθυνον
1235 3316 1382 3370 κατά
1421 3316 1485 3369 τὸ
1525 3319 1730 3387 λόγιόν

149 3422 288 3461 σου.
359 3407 520 3460 Κατὰ
555 3408 616 3460 τὸ
646 3408 824 3476 λόγιον
861 3409 1024 3461 αὑτοῦ
1055 3411 1082 3462 6
1125 3407 1256 3472 Θεὸς
1300 3409 1614 3462 κατευθύνει
1662 3411 1730 3464 τὰ

151 3499 474 3568 διαδήματα
516 3499 610 3552 τοῦ
643 3499 750 3552 ἀπὸ
782 3500 976 3564 κακίας
1016 3500 1109 3553 καὶ
1154 3499 1374 3567 ἀγνοίας
1419 3501 1496 3563 είς
1532 3501 1730 3572 ἀρετὴν

152 3592 242 3646 καὶ
278 3591 488 3658 γνῶσιν
521 3590 908 3655 διαϐαίνοντος.
979 3592 1035 3644 Ὁ
1079 3590 1186 3661 γὰρ
1219 3590 1375 3661 ὀρθὸς
1422 3590 1576 3658 λόγος
1625 3591 1731 3645 τῶν

153 3683 415 3737 τοιούτων
439 3684 676 3754 ἡγεῖται·
715 3686 776 3736 Οἱ
801 3683 874 3754 μὴ
899 3682 1179 3745 ποιοῦντες
1207 3683 1301 3754 τὴν
1341 3683 1611 3754 ἁμαρτίαν
1633 3684 1732 3737 οὐκ

154 3776 257 3830 εἰσὶ
287 3775 469 3829 δοῦλοι
487 3775 593 3846 τῆς
623 3776 911 3847 ἁμαρτίας.

222 3868 544 3936 Λύτρωσαι
566 3885 642 3936 με
668 3867 784 3921 ἀπὸ
818 3868 1226 3936 συκοφαντίας
1249 3867 1588 3936 ἀνθρώπων.
1633 3867 1733 3920 Συ-

157 3961 457 4029 κοφαντίαν
483 3959 786 4031 ἀνθρώπων
817 3960 915 4031 τὴν
943 3959 1051 4013 τῶν
1079 3961 1368 4032 αἱρετικῶν
1391 3959 1732 4014 διδασκαλίαν

157 4052 307 4122 φησὶ,
333 4051 433 4103 καὶ
457 4050 557 4120 τὴν
589 4051 696 4104 τῶν
724 4051 902 4120 σοφῶν
927 4052 1020 4104 τοῦ
1045 4052 1238 4115 αἰῶνος
1267 4051 1474 4105 τούτου.
1532 4052 1732 4104 Τούτου

157 4141 458 4213 τετύῃκεν
489 4140 764 4211 αἰσθητῶς
800 4141 994 4212 Ἰωσὴφ
1021 4142 1113 4194 καὶ
1142 4140 1413 4194 Σωσάννα.
1447 4139 1731 4209 Τροπικῶς

156 4233 211 4284 δὲ
242 4232 576 4304 ἀνθρώπους
621 4231 720 4295 τὰς
771 4233 1012 4305 πονηρὰς
1038 4234 1183 4302 λέγει
1212 4232 1470 4304 δυνάμεις
1494 4273 1508 4297 ,
1539 4235 1630 4302 ἀφ’
1661 4227 1735 4285 ὧν

159 4325 255 4395 τῆς
288 4324 664 4392 συκοφαντίας
695 4325 854 4394 μόνου
887 4324 1210 4396 λυτροῦσθαι
1239 4324 1396 4378 Θεοῦ.

1821 1853 2130 1920 Propterea,
2174 1868 2340 1922 quare
2406 1851 2511 1907 nisi
2566 1851 2691 1922 quia
2721 1865 2934 1920 semper
2966 1851 3279 1906 meditabar
3308 1853 3381 1905 le-

1821 1961 1936 2015 gem
1957 1945 1980 1998 ?

1891 2037 2010 2090 150.
2049 2035 2116 2088 Et
2160 2036 2481 2088 intellectum
2511 2035 2603 2088 dat
2631 2033 2885 2103 parvulis.
2930 2031 3192 2088 Parvulos
3224 2032 3382 2086 intel-

1820 2129 1952 2196 liges
1999 2142 2092 2183 eos
2120 2128 2212 2196 qui
2268 2128 2321 2180 in
2368 2126 2677 2196 ignorantia
2709 2127 3043 2188 detinentur,
3077 2134 3130 2179 et
3163 2124 3384 2179 infanti.-

1824 2219 1924 2273 bns
1949 2219 2156 2272 similes
2181 2227 2328 2273 sunt.
2355 2216 2466 2271 Hos
2504 2218 2670 2280 enim,
2700 2218 2897 2286 inquit,
2946 2217 3174 2272 verbum
3194 2225 3380 2279 tuum,

1820 2319 1914 2365 tuo
1943 2311 2238 2365 illustratos
2267 2309 2474 2363 lumine
2501 2308 2855 2379 intelligentia
2874 2307 3068 2378 replet.

1897 2402 2015 2455 151.
2039 2400 2109 2454 0s
2139 2417 2311 2454 meum
2337 2400 2520 2468 aperui
2546 2409 2594 2453 et
2616 2400 2818 2453 attraxi
2842 2399 3110 2469 spiritum.
3130 2397 3390 2467 Apertio-

1823 2509 1889 2546 ne
1908 2491 2148 2561 indigent
2174 2491 2406 2560 eloquia.
2426 2489 2606 2556 Quare
2627 2488 2882 2544 Salvator
2911 2488 3126 2560 aperuit
3151 2488 3386 2559 discipu-

1825 2587 1998 2637 lorum
2030 2579 2262 2638 mentem
2298 2593 2356 2636 ut
2388 2582 2745 2650 intelligerent
2780 2581 3113 2651 Scripturas.
3132 2578 3199 2634 Et
3227 2577 3392 2632 iram.

1825 2675 1947 2728 item
1983 2688 2104 2742 quae
2133 2681 2227 2726 aut
2274 2686 2369 2742 per
2408 2669 2739 2740 voluptatem
2778 2678 2873 2724 aut
2893 2683 2990 2740 per
3025 2667 3253 2739 gloriam
3292 2679 3390 2734 pa-

1827 2773 1998 2830 ratur,
2019 2762 2372 2832 intelligentia
2400 2776 2522 2832 quas
2583 2776 2680 2830 per
2707 2760 2872 2815 verba
2916 2759 3076 2813 datur
3124 2755 3370 2826 impedit.

1902 2855 2023 2910 152.
2051 2855 2264 2924 Respice
2299 2855 2354 2906 in
2377 2868 2478 2916 me,
2516 2861 2567 2906 et
2598 2853 2845 2906 miserere
2883 2851 3006 2916 mei,
3036 2859 3142 2905 etc.
3181 2849 3386 2915 Quem-

1829 2949 2144 3012 admodum,
2179 2948 2275 3012 ait,
2307 2945 2595 3001 decrevisti
2632 2960 2718 3000 me
2778 2945 3071 3014 respicere,
3103 2953 3156 2998 et
3191 2957 3400 3014 magna

1831 3038 2164 3108 providentia
2185 3049 2276 3092 tua
2294 3037 2505 3108 dignari
2527 3051 2622 3091 eos
2635 3036 2728 3106 qui
2745 3036 2977 3106 diligunt
2995 3049 3192 3090 nomen
3213 3042 3386 3090 tuum.

1787 3130 1798 3146 °
1834 3135 1905 3185 ita
1931 3146 2016 3186 me
2043 3131 2231 3186 eadem
2262 3129 2624 3199 providentia,
2661 3129 2849 3184 eadem
2881 3126 3259 3182 misericordia
3301 3126 3388 3185 die

1829 3224 2027 3293 gueris.

1903 3331 2003 3383 135

1831 3433 1997 3475 tuum.
2049 3421 2362 3477 Secundum
2427 3421 2706 3490 eloquium
2765 3434 2925 3475 suum
2975 3417 3119 3474 Deus
3171 3433 3395 3488 gressus

1829 3512 2010 3580 dirigit
2033 3512 2151 3579 ejus
2186 3510 2276 3580 qui
2313 3526 2342 3564 a
2369 3510 2572 3568 malitia
2606 3519 2660 3563 et
2707 3506 3015 3579 ignorantia
3077 3506 3145 3562 ad
3191 3506 3391 3561 verita-

1831 3615 1935 3657 tem
1973 3613 2026 3656 et
2046 3603 2110 3656 ad
2145 3602 2428 3657 scientiam
2493 3599 2730 3654 transiit.
2763 3598 2964 3654 Rectus
3015 3597 3163 3652 enim
3210 3611 3396 3652 sermo

1829 3693 2094 3765 ejusmodi
2125 3693 2287 3747 rebus
2312 3692 2523 3746 anteit:
2567 3690 2669 3758 Qui
2703 3705 2810 3745 non
2843 3690 3053 3746 faciunt
3105 3696 3417 3760 peccatum.

2085 3329 2304 3384 Gressus
2362 3345 2498 3383 meos
2555 3327 2724 3398 dirige
2790 3326 3076 3381 secundum
3133 3325 3409 3397 eloquium.

1738 3793 1744 3800 '
1831 3804 1938 3842 non
1957 3795 2085 3841 sunt
2108 3786 2248 3841 servi
2275 3784 2501 3855 peccati.

1905 3878 2027 3932 154.
2068 3876 2280 3932 Redime
2326 3893 2406 3930 me
2433 3893 2465 3929 a
2509 3874 2786 3930 calumnia
2836 3872 3126 3928 hominum.
3175 3873 3418 3928 Calum-s

1831 3973 1977 4026 niam
2038 3970 2322 4026 hominum
2383 3977 2541 4024 vocat
2601 3966 2998 4032 haereticorum,
3048 3981 3257 4022 necnon
3309 3980 3405 4021 sa-..

1833 4061 2093 4132 pientium
2122 4061 2284 4130 hujus
2315 4058 2520 4123 satculi,
2544 4055 2872 4111 doctrinam.
2902 4051 3018 4108 Hoc
3042 4053 3245 4108 bonum
3273 4065 3397 4105 sen-

1834 4152 1976 4208 sibili
2010 4152 2173 4206 modo
2213 4146 2749 4216 nactus'estJoseph
2776 4153 2829 4200 et
2852 4145 3125 4198 Susanna.
3166 4141 3414 4210 Tropice.

1834 4253 2018 4298 autem
2041 4241 2288 4297 homines
2312 4248 2470 4294 vocat
2503 4238 2769 4307 malignas
2812 4242 3131 4304 potestates,
3188 4248 3219 4286 a
3251 4246 3400 4301 qua,-

1835 4349 1952 4388 rum
1978 4332 2252 4387 calumnia
2281 4331 2513 4384 liberare
2529 4329 2700 4382 solius
2726 4325 2820 4380 Dei
2855 4333 2959 4379 est.

231 4418 302 4472 Τὸ
323 4418 658 4485 πρόσωπόν
675 4431 790 4470 σου
805 4416 904 4469 ἐπί
906 4434 1100 4485 sparos»
1121 4416 1218 4470 ἐπὶ
1235 4416 1341 4470 τὸν
1359 4415 1583 4470 δοῦλόν
1595 4429 1724 4468 σου.

1907 4423 2028 4477 1155.
2063 4421 2278 4475 Faciem
2331 4430 2475 4472 tuam
2522 4417 2767 4470 illumina
2823 4431 2976 4484 super
3002 4430 3205 4467 servum
3228 4423 3396 4466 tuum.

157 4509 266 4580 Τὴν
297 4509 612 4580 παρουσίαν
646 4508 896 4562 ἐπιποθεῖ
926 4508 1020 4562 τοῦ
1047 4509 1251 4578 Κυρίου
1287 4507 1600 4561 θεάσασθαι.
1630 4507 1736 4559 Αὐ-

1841 4515 2053 4571 Domini
2109 4514 2403 4568 adventum
2458 4509 2644 4564 videre
2709 4516 2950 4578 exoptat.
2999 4507 3119 4576 Ipse
3164 4521 3402 4576 namque

157 4606 244 4668 τὸς
269 4606 382 4675 γάρ
415 4606 563 4657 ἐστιν
587 4605 614 4655 ὁ
637 4603 923 4674 χαρακτὴρ
961 4601 1052 4656 τοῦ
1088 4601 1318 4673 Πατρός.
1344 4601 1454 4654 Καὶ
1489 4599 1724 4664 διδαξόν

1843 4617 1923 4663 est
1973 4607 2253 4662 character
2300 4602 2500 4658 Patris.
2573 4600 2641 4654 Et
2695 4601 2819 4654 doce
2873 4616 2953 4654 me
2990 4599 3437 4669 justi/Rationes.

150 4714 229 4766 με
259 4699 332 4752 τὰ
359 4694 726 4764 ἄκαιώματά
766 4710 902 4748 σου.
951 4694 1060 4765 Τὴν
1092 4694 1236 4748 Νέαν
1264 4693 1536 4764 Διαθήκην
1581 4693 1736 4762 φησὶ,

153 4789 221 4842 δι’
248 4784 316 4860 ἧς
364 4788 720 4843 δεδικαίωκεν
763 4788 794 4840 6
822 4787 953 4850 Θεὸς
985 4787 1082 4840 καὶ
1109 4785 1297 4858 Πατὴρ
1327 4786 1453 4848 τοὺς
1505 4785 1597 4838 ἐπὶ
1636 4785 1734 4855 τῆς

153 4899 552 5037 γηΞιεξόὸους
571 4969 808 5023 ὑδάτων
835 4969 1176 5038 κατέϐησαν
1194 4971 1248 5022 οἱ
1277 4967 1571 5037 ὀφθαλμοί
1596 4984 1736 5036 μου.

1839 4713 1981 4754 tuas.
2015 4695 2227 4752 Nevum
2253 4694 2663 4752 Testamentum
2690 4693 2842 4760 dicit,
2873 4707 2984 4763 quo
3020 4691 3161 4746 Deus
3203 4700 3259 4746 et
3300 4689 3406 4744 Pa-

1839 4801 1920 4845 ter
1970 4800 2066 4844 eos
2110 4786 2206 4857 qui
2245 4801 2410 4856 super
2470 4797 2669 4845 terram
2718 4793 2874 4840 erant
2920 4781 3268 4854 justilicavit.

1933 4966 2054 5020 156.
2087 4964 2276 5018 Exitus
2302 4979 2560 5035 aquarum
2600 4963 2930 5017 deduxerunt
2964 4960 3102 5014 oculi
3140 4958 3261 5010 mei.
3306 4955 3424 5006 La-

154 5065 372 5137 Πλῆθος
403 5063 592 5133 ἠφίειν
617 5061 868 5134 δακρύων
904 5063 1029 5126 τοὺς
1064 5061 1156 5115 τὸν
1188 5060 1277 5114 σὺν
1308 5059 1724 5132 παραϐαίνοντας

1843 5072 2147 5129 crymarum
2165 5055 2275 5110 vim
2305 5054 2639 5118 emittebam,
2673 5054 2960 5123 deplorans
2985 5064 3080 5104 eos
3106 5046 3198 5118 qui
3224 5057 3376 5102 trans
3398 5077 3407 5083 -

152 5154 316 5224 νόμον
349 5151 700 5224 ἀποθρηνῶν.

228 5247 471 5312 Δίκαιος
501 5241 576 5308 εἴ,
608 5244 808 5312 Κύριε,
828 5243 925 5297 καὶ
959 5241 1145 5310 εῠθὴς
1169 5243 1208 5312 ἡ
1238 5242 1440 5310 κρίσις
1459 5253 1597 5294 σου.
1630 5239 1741 5311 Τὴν

156 5341 340 5394 αἰτίαν
367 5339 699 5403 ἀποδίδωσι,
747 5337 812 5390 δι’
852 5337 914 5408 ἢν
949 5336 1272 5391 ἀπεκλαίετο
1309 5336 1431 5399 τοὺς
1468 5333 1739 5405 παραϐαί-

158 5451 350 5498 νοντας
374 5433 470 5486 τὸν
493 5431 588 5485 τοῦ
613 5429 748 5484 Θεοῦ
779 5431 939 5502 νόμον
959 5447 972 5461 ·
1007 5433 1092 5484 ὅτι
1119 5429 1183 5501 δὴ
1201 5430 1314 5492 τοῖς
1342 5426 1531 5480 τοῦτον
1565 5443 1742 5497 παρα-

161 5527 442 5582 ϐαίνουσιν
475 5525 632 5594 ἐντῷ
662 5524 791 5594 θείῳ
809 5526 1140 5579 δικασποίω
1160 5522 1431 5581 τιμωρίαν
1456 5519 1738 5590 ἠπείλησε,

1842 5149 2194 5221 grederentur
2228 5147 2396 5218 legem
2423 5156 2594 5202 tuam.

1918 5240 2040 5302 157,
2070 5239 2189 5294 158.
2220 5238 2407 5293 Justus
2430 5255 2504 5305 es,
2541 5237 2784 5299 Domine,
2827 5243 2876 5289 et
2910 5244 3108 5289 rectum
3142 5233 3408 5302 judicium

1849 5343 2018 5386 tuum.
2049 5331 2283 5386 Causam
2305 5331 2502 5394 reddit,
2523 5345 2621 5384 cur
2651 5328 2957 5398 deploraret
2985 5341 3083 5380 eos
3111 5325 3204 5395 qui
3224 5334 3428 5379 trans--

1849 5423 2203 5495 grederentur
2225 5425 2396 5495 legem
2438 5420 2555 5488 Dei,
2578 5420 2705 5491 quia
2737 5418 2944 5475 scilicet
2970 5433 3091 5472 eam
3134 5426 3409 5486 transgre-

1847 5516 2121 5573 dientibus
2145 5531 2334 5588 poenas
2368 5529 2426 5568 se
2448 5513 2502 5568 in
2547 5512 2731 5569 divino
2762 5511 2853 5566 illo
2886 5508 3144 5565 tribunali
3177 5506 3411 5562 inﬂictu-

243 5687 285 5716 "
317 5684 482 5740 Prov.
518 5699 643 5749 xui,
672 5682 757 5737 15.
839 5684 884 5714 ⁸⁸
933 5697 1075 5737 vers.
1115 5680 1199 5733 72.
1278 5677 1496 5733 "Prov.
1530 5691 1652 5745 vni,
1689 5675 1772 5742 10,
1805 5673 1891 5727 11.
