3778 6276
324 201 433 260 5θῦ
1166 208 1222 261 S.
1264 206 1630 263 ATHANASII
1672 205 1823 263 OPP.
1863 209 2041 264 PARS
2076 210 2161 266 IIl.
2204 242 2270 252 —
2310 211 2725 267 EXEGETICA.
3439 198 3577 256 506

326 337 448 380 rum
485 324 866 390 comminatus,
897 332 951 379 et
975 325 1085 395 jam
1111 326 1254 397 ipsas
1277 326 1560 384 adlaturas
1583 341 1705 384 esse
1732 325 1881 383 testi-

2031 330 2077 382 tl.
2091 328 2295 401 ταύτην
2322 329 2571 384 ἐντεῦθεν
2586 329 2685 400 ἥδη
2700 327 3117 400 διεμαρτύρατο.
3144 329 3442 384 Ἑνετείλω
3470 330 3543 384 δι
3557 361 3577 372 ο

330 419 525 476 licatus
553 419 641 476 sit.
677 418 943 473 Mandasti
963 419 1236 488 justitiam
1287 421 1587 475 testimonia
1627 428 1750 488 tua,
1773 429 1878 476 etc.

2031 421 2316 488 αιοσύνην
2329 420 2399 474 τὰ
2404 410 2691 489 μαρτύρῖά
2718 436 2855 484 σου,
2874 437 2927 473 κ.
2947 437 2996 474 τ.
3016 419 3164 474 λ.Τά
3193 419 3329 491 μετά
3353 422 3577 493 μαρτύ’

327 510 590 580 Quanam
633 512 760 576 alia,
806 512 1039 567 testibus
1099 513 1236 568 coelo
1292 522 1346 568 et
1403 522 1569 576 terra,
1616 512 1885 568 mandasti

2031 527 2092 564 »ν
2107 510 2332 582 οὐρανοῦ
2349 511 2443 564 καὶ
2466 511 2570 580 γῆς
2601 511 2760 565 τινῶν
2781 510 2953 566 ἀλλων
2977 510 3226 564 ένετείλω
3255 512 3573 584 μαρτύρια,

330 601 658 665 testimonia,
683 615 804 669 qua:
826 601 934 655 sint
953 601 1164 672 justitia
1197 610 1250 657 et
1273 601 1475 657 veritas
1504 598 1884 671 apertissima?

2031 601 2466 672 ηκαιοσύνηνδντα
2493 603 2587 656 καὶ
2610 601 2867 673 ἀλήθειαν
2888 601 3240 674 τρανωτάτην
3261 602 3432 668 ;Ἀλλ⁹
3454 604 3576 657 οὐκ

333 692 437 747 Sed
472 708 578 748 non
605 692 892 748 occultasti
913 708 998 757 ea,
1031 694 1235 748 scilicet
1287 694 1603 750 rectissima:
1634 701 1763 749 sunt
1799 693 1889 764 ju-

333 784 594 837 tliciorum
625 791 841 845 tuorum
883 785 1102 855 regular,
1148 800 1269 855 quae
1315 794 1461 839 tuam
1512 784 1780 855 justitiam
1810 785 1887 836 si-

335 871 612 941 gniﬁcant.
638 869 823 942 Itaque
850 874 1163 928 testimonia
1190 874 1281 928 tua
1299 883 1424 934 sunt
1452 887 1618 929 sacrae
1648 872 1891 942 Scriptu-

336 977 430 1027 rae,
458 977 579 1032 quae
601 971 729 1017 sunt
783 964 995 1034 justitia
1040 964 1257 1035 quidem
1318 965 1620 1020 secundum
1665 965 1891 1020 moralia

337 1063 600 1124 praecepta
623 1095 638 1119 ,
667 1055 871 1111 vetitas
895 1065 1077 1110 autem
1125 1057 1426 1112 secundum
1469 1056 1890 1127 speculationem

336 1147 644 1202 verborum.

420 1240 541 1294 139.
583 1239 860 1296 Tabescere
909 1257 990 1294 me
1046 1242 1336 1309 [ecitzelus
1380 1251 1522 1305 tuus,
1593 1240 1716 1310 quia
1746 1239 1893 1294 obliti

337 1331 633 1384 suntverba
659 1340 749 1384 tua
781 1333 986 1385 inimici
1017 1334 1134 1386 mei.
1169 1330 1396 1398 Qualem
1427 1332 1645 1402 suscepi
1697 1331 1892 1396 zelum,

339 1421 386 1478 si
410 1436 571 1491 quem
594 1423 833 1478 viderem
859 1425 1152 1495 aliquando
1178 1425 1471 1479 verborum
1516 1433 1735 1479 tuorum
1794 1423 1897 1478 im-

337 1528 655 1568 memorem.
688 1513 872 1585 Neque
930 1513 1250 1584 simpliciter
1282 1515 1481 1580 zelum,
1513 1514 1606 1570 setl
1636 1514 1800 1568 talem
1834 1523 1895 1568 ut

1983 693 2262 764 ἡμαύρους
2281 709 2295 724 ο
2319 694 2487 764 ἤγουν
2515 693 2798 748 eaedem:
2824 693 2934 746 τῶν
2963 693 3072 746 σῶν
3098 694 3381 766 χριμάτων
3402 697 3578 750 κανό-

1986 802 2074 849 νες
2104 785 2202 856 τὴν
2238 787 2336 858 σὴν
2367 785 2713 857 δικαιοσύνην
2749 785 3031 857 μηνύουσι.
3073 785 3155 840 ra:
3181 782 3276 840 οὖν
3311 786 3380 840 σά
3414 805 3574 860 μαρ-

1985 877 2146 947 τύρια
2175 878 2231 931 αἱ
2269 876 2409 932 θεῖαι
2431 878 2644 948 Γραφαί
2662 894 2675 907 ·
2706 876 3017 949 δικαιοσύνη
3053 877 3148 948 μὲν
3174 878 3312 932 κατὰ
3338 878 3408 931 τὰ
3437 878 3577 949 ἠθι-

1989 969 2060 1023 κά
2086 969 2407 1040 τυγχάνουσι
2434 969 2865 1040 παραγγέλματα
2884 1011 2898 1034 ,
2930 969 3154 1041 ἀλήθεια
3189 969 3244 1024 δὲ
3282 969 3423 1024 κατά
3456 969 3576 1042 τὴν

1991 1060 2222 1133 θεωρίαν
2257 1060 2364 1115 τῶν
2387 1061 2578 1131 λόγων.

2079 1241 2348 1308 Ἐξέτηξέ
2369 1259 2446 1311 με
2479 1244 2511 1296 ό
2539 1240 2717 1310 ζῆλός
2742 1255 2878 1303 σου,
2921 1242 3010 1294 ὅτι
3054 1240 3416 1294 ἐπελάθοντο
3438 1239 3580 1295 τῶν

1992 1334 2188 1402 λόγων
2213 1346 2328 1386 σου
2349 1337 2403 1387 ol
2427 1333 2626 1402 ἐχθροί
2648 1351 2785 1402 μου.
2823 1329 2948 1387 Οἷον
2975 1331 3135 1402 ζῆλον
3164 1331 3570 1402 ἀνελάμϐανον,

1993 1424 2046 1477 εῐ
2071 1440 2199 1477 ποτε
2242 1422 2426 1494 ἐώρων
2457 1424 2578 1478 τινὰ
2609 1424 3029 1496 ἐπιλελησμένον
3059 1423 3165 1478 τῶν
3209 1421 3317 1476 σῶν
3359 1422 3570 1490 λόγων.

1995 1513 2105 1567 Καὶ
2126 1515 2224 1586 οὐχ
2252 1513 2435 1580 ἁπλῶς
2464 1515 2624 1586 ζῆλον
2643 1555 2658 1580 ,
2705 1515 2838 1570 ἀλλά
2868 1516 2956 1570 διὰ
2981 1516 3074 1568 τὸν
3103 1515 3315 1569 τιθέντα
3346 1532 3434 1586 μοι
3465 1515 3572 1567 έκ-

338 1603 670 1660 tabescerem
703 1605 772 1659 ab
791 1605 1099 1675 hujusmodi
1123 1606 1239 1660 zelo
1283 1620 1380 1675 pro
1431 1613 1484 1658 te
1530 1613 1803 1674 suscepto,
1850 1603 1897 1659 si

2033 1607 2260 1678 ήκεσθαι
2287 1607 2394 1662 ἀπὸ
2424 1607 2517 1661 τοῦ
2543 1607 2704 1678 ζήλου
2729 1608 2821 1661 τοῦ
2848 1608 2982 1679 πρὸς
3011 1608 3090 1671 σὲ,
3116 1609 3164 1660 εί
3188 1605 3452 1678 ἐθεώρουν
3483 1623 3574 1658 τι-

339 1709 480 1765 quos
509 1696 745 1750 viderem
768 1711 1079 1751 sermonum
1128 1707 1345 1752 tuorum
1380 1697 1748 1751 immemores.
1786 1694 1902 1750 Hu-

2031 1673 2092 1764 ai;
2125 1673 2643 1769 ἐπιλανθανομένους
2673 1714 2764 1751 σου
2797 1673 2905 1751 τῶν
2941 1698 3133 1766 λόγων.
3193 1673 3337 1769 Περὶ*
3367 1698 3571 1750 τούτου

335 1786 430 1856 jus
456 1787 558 1842 zeli
585 1787 849 1842 recordati
887 1798 1015 1843 sunt
1037 1789 1315 1857 discipuli,
1342 1790 1408 1842 de
1431 1803 1540 1859 quo
1569 1803 1636 1843 ex
1662 1803 1900 1858 persona

342 1877 556 1933 Domini
590 1879 646 1933 in
706 1879 916 1949 psalmo
943 1878 1474 1944 diciturzouoniam
1527 1879 1668 1933 zelus
1717 1879 1903 1934 domus

344 1980 449 2024 tuae
463 1970 685 2024 comedit
720 1987 801 2028 me
833 1971 900 2024 ⁸⁸.

431 2060 554 2116 140.
611 2060 844 2132 Ignitum
891 2062 1150 2133 eloquium
1196 2073 1343 2116 tuum
1394 2061 1731 2118 vehementer.
1778 2061 1904 2118 Elo-

343 2153 531 2223 quium
561 2152 773 2208 Domini
817 2153 1046 2224 ignitum
1097 2164 1180 2210 est
1220 2156 1588 2218 vehementer,
1638 2156 1898 2223 sublime,

341 2245 492 2300 omni
518 2245 837 2316 probatione
857 2247 1126 2316 superius.
1180 2245 1247 2302 Et
1285 2249 1332 2304 si
1375 2249 1502 2318 quis
1536 2248 1642 2304 hoc
1673 2249 1902 2320 ignitum

343 2337 618 2407 eloquium
661 2337 878 2405 habeat,
919 2338 968 2392 is
1026 2339 1211 2402 omnia
1260 2338 1470 2410 judicat
1503 2349 1557 2394 et
1592 2355 1624 2394 a
1682 2340 1902 2396 nemine

338 2427 635 2496 judicalur.

410 2521 534 2574 Nl.
561 2520 991 2578 Adolescentulus
1015 2537 1130 2575 sum
1171 2539 1263 2595 ego
1300 2532 1349 2578 et
1393 2531 1734 2594 contemptus.
1762 2523 1905 2578 Ado-

345 2611 676 2667 lescentulus
709 2612 928 2681 quidem
963 2623 1046 2676 est
1082 2612 1175 2686 qui
1199 2612 1398 2672 divinis
1417 2613 1650 2685 eloquiis
1671 2628 1771 2668 ceu
1792 2613 1902 2668 ele-

346 2701 545 2758 mentis
571 2702 814 2758 initiatur
834 2743 850 2770 ,
885 2713 1229 2774 conmmptus
1280 2713 1466 2766 autem
1494 2705 1625 2775 quia
1655 2719 1776 2760 sese
1805 2704 1906 2759 hu-

347 2794 540 2849 miliat.

424 2887 546 2943 142.
572 2887 797 2943 Iustitia
828 2897 917 2952 tua
935 2889 1155 2958 justitia
1184 2889 1241 2946 in
1261 2897 1542 2944 aeternum.
1578 2885 1713 2942 Nam
1740 2886 1907 2958 justi-

347 2977 422 3032 tia
452 2978 734 3042 hominum
768 2981 859 3050 qui
883 2979 1032 3048 juste
1058 2977 1329 3052 judicaut,
1360 2978 1427 3040 ad
1487 2978 1652 3034 breve
1692 2986 1906 3048 tempus

342 3068 611 3138 judicium
638 3070 783 3135 fert,
827 3070 1040 3140 justitia
1066 3079 1244 3131 autem
1279 3069 1371 3126 Dei
1415 3069 1684 3141 judicium
1734 3069 1910 3125 reddit

346 3169 552 3216 eternu
561 3178 609 3214 ni
620 3202 634 3214 .

440 3249 559 3303 145.
595 3249 982 3304 Tribulationes
1005 3259 1054 3304 et
1086 3252 1346 3321 angustiae
1366 3252 1667 3306 invenerunt
1720 3267 1820 3305 me.
1848 3249 1910 3305 In

349 3341 687 3410 quibuslibet
721 3342 1125 3406 occasionibus,
1149 3343 1246 3410 ait,
1282 3342 1418 3413 legis
1441 3353 1546 3398 tua:
1600 3341 1912 3397 meditatio-

353 3447 476 3487 nem
509 3446 616 3485 non
651 3431 1026 3502 neglexerunt.

435 3522 558 3576 144.
592 3521 845 3593 Equites
877 3524 1176 3583 testimonia
1229 3534 1323 3578 tua
1369 3524 1426 3577 in
1471 3531 1746 3579 internum.
1781 3521 1914 3588 Quae

350 3617 546 3672 dedisti
577 3617 708 3670 mihi
740 3616 1072 3679 testimonia,
1103 3616 1301 3687 inquit,
1335 3633 1444 3671 non
1473 3616 1540 3671 ad
1591 3619 1751 3672 breve
1784 3623 1914 3672 tem-

349 3723 453 3778 pus
483 3708 658 3771 utilia,
678 3708 890 3777 justitia
924 3717 1050 3764 sunt
1075 3709 1128 3761 in
1147 3720 1432 3772 aateruum,
1460 3723 1583 3762 nam
1615 3706 1914 3778 justiﬁcant

349 3814 474 3852 eum
501 3799 592 3868 qui
611 3798 804 3853 aﬁ‘eclu
837 3799 904 3854 ad
932 3799 1047 3869 ipsa
1070 3799 1298 3860 accedit.
1319 3797 1648 3853 Intellectum
1670 3799 1740 3854 da
1762 3798 1912 3862 mihi,

350 3902 399 3944 et
423 3891 629 3959 viviﬁca
651 3907 750 3943 me.
768 3889 903 3944 Nam
921 3891 1132 3960 justitia
1151 3906 1313 3960 quam
1333 3890 1387 3944 in
1405 3890 1658 3959 praesenti
1673 3898 1916 3958 tempore

350 4001 691 4050 exercemus,
721 3985 1041 4043 retribuitur
1067 3986 1243 4048 nobis.
1281 4000 1391 4038 non
1418 3983 1487 4038 ad
1543 3998 1747 4054 paucos
1775 3983 1914 4050 dies,

352 4077 449 4134 sed
478 4077 531 4131 in
567 4087 851 4136 aeternum.
889 4076 992 4130 Sed
1032 4077 1234 4142 vivam,
1275 4074 1472 4145 inquit,
1503 4074 1550 4130 si
1580 4074 1914 4129 intellectum

353 4171 566 4226 dederis
593 4171 749 4224 mihi.
777 4170 831 4223 ln
869 4169 1014 4222 illam
1043 4169 1188 4222 enim
1222 4167 1434 4222 beatam
1461 4167 1627 4221 vitam
1657 4165 1918 4236 insipiens

353 4275 463 4314 non
496 4259 813 4329 ingreditur.
851 4257 1179 4313 Postulauda
1213 4257 1376 4328 igitur
1423 4255 1779 4326 intelligentia
1833 4263 1919 4312 est

1997 1789 2091 1844 τοῦ
2123 1791 2286 1862 ζήλου
2315 1789 2658 1862 ἐμνήσθησαν
2686 1790 2736 1841 οἱ
2767 1790 3035 1861 μαθηταὶ,
3067 1792 3131 1843 ὲκ
3159 1789 3444 1860 προσώπου
3465 1789 3574 1841 τοῦ

1999 1883 2203 1954 Κυρίου
2238 1885 2296 1937 ὲν
2319 1881 2516 1952 ψαλμῷ
2543 1881 2850 1954 εἰρημένου.
2907 1881 3034 1934 Ὅτι
3071 1884 3104 1936 ὁ
3131 1873 3307 1949 ζῆλος
3339 1879 3443 1934 τοῦ
3479 1881 3578 1933 ol-

2001 1993 2108 2030 κου
2133 1991 2249 2030 σου
2282 1973 2572 2045 κατέφαγέ
2591 1991 2686 2043 με.

2069 2067 2500 2137 Πεπυρωμένον
2525 2067 2590 2121 τὸ
2619 2068 2826 2136 λόγιόν
2852 2084 2967 2120 σου
3005 2064 3258 2134 σφόδρα.
3289 2065 3361 2117 Τὸ
3388 2065 3578 2134 λόγιον

1999 2158 2093 2213 τοῦ
2121 2159 2255 2212 Θεοῦ
2286 2159 2678 2230 πεπυρωμένον
2709 2160 2823 2211 ἐστὶ
2853 2158 3052 2228 σφόδρα
3082 2157 3175 2209 καὶ
3192 2155 3574 2225 ἐξιστάμενον,

2001 2254 2094 2306 καὶ
2119 2251 2269 2325 πάσῃ
2303 2251 2516 2322 βασάνῳ
2541 2250 2877 2319 ἀνέλεγκτον.
2928 2249 3035 2302 Καὶ
3063 2247 3115 2300 εί
3135 2264 3218 2310 τις
3250 2246 3361 2316 ἔχει
3387 2264 3575 2300 πεπυ-

2005 2343 2244 2415 ρωμένον
2265 2341 2421 2397 τοῦτο
2447 2343 2507 2396 τὸ
2521 2341 2716 2410 λόγιον,
2749 2341 3025 2413 ἀνακρίνει
3057 2341 3156 2411 μὲν
3189 2338 3383 2402 πάντα,
3406 2338 3578 2402 αὐτὸς

2001 2435 2057 2490 δὲ
2083 2437 2175 2488 ὑπ’
2199 2435 2409 2499 οὐδενὸς
2432 2434 2801 2506 ἀνακρίνεται.

2071 2529 2363 2597 Νεὼτερος
2389 2527 2500 2598 ἐγώ
2517 2529 2632 2596 ειμι
2651 2527 2746 2581 καὶ
2772 2524 3263 2594 ἐξουδενωμένος.
3288 2520 3576 2594 Νεώτερος

2008 2610 2103 2690 μὲν
2127 2621 2155 2673 ὀ
2181 2623 2296 2683 τοῖς
2325 2619 2490 2682 θείοις
2514 2618 2694 2687 λόγοις
2728 2615 2990 2688 στοιχειού
2999 2633 3177 2687 μενος,
3208 2613 3571 2685 έξουδενωμέ-

2005 2728 2092 2775 νος
2118 2709 2174 2763 δὲ
2207 2709 2294 2764 διὰ
2313 2710 2373 2763 τὸ
2400 2709 2684 2764 ταπεινοῦν
2711 2709 2922 2764 ἑαυτόν.

2086 2884 2150 2941 Ἡ
2179 2881 2526 2948 δικαιοσύνη
2559 2894 2673 2933 σου
2715 2876 3063 2944 δικαιοσύνη
3095 2877 3183 2941 είς
3225 2873 3333 2928 τὸν
3361 2873 3567 2926 αἰῶνα.

2019 2975 2083 3029 Ἡ
2119 2974 2217 3046 μὲν
2266 2972 2372 3044 γὰρ
2418 2971 2546 3041 παρ’
2573 2966 2877 3040 ἀνθρώποις
2904 2964 3213 3034 δικαιοσύνη
3237 2963 3370 3034 πρὸς
3390 2961 3573 3030 ὀλίγον

2009 3064 2299 3137 ψηφίζεται
2326 3062 2512 3135 χρόνον
2537 3060 2616 3131 τῷ
2646 3058 2947 3130 κρινομένῳ
2975 3056 3036 3109 τὸ
3062 3056 3296 3118 δίκαιον,
3324 3055 3358 3123 ή
3391 3053 3448 3108 δὲ
3471 3053 3571 3106 τοῦ

2010 3149 2144 3213 Θεοῦ
2170 3158 2268 3227 τὴν
2293 3157 2472 3228 κρίσιν
2501 3152 2712 3207 αἰώνιον
2739 3149 3079 3204 ἀποδίδωσιν.

2083 3251 2328 3318 suum
2353 3245 2452 3301 καὶ
2485 3243 2734 3315 ἀνάγκαι
2760 3239 3019 3309 εῦροσάν
3051 3255 3148 3308 με.
3201 3236 3335 3290 οὐδὲ
3365 3236 3422 3288 ὲν
3446 3236 3571 3298 ταῖς

2012 3341 2395 3415 περιστάσεσι,
2450 3338 2583 3411 φησὶ
2607 3376 2622 3402 ,
2667 3333 2763 3392 τοῦ
2783 3333 2874 3388 τὸν
2905 3329 2995 3386 σὸν
3021 3331 3249 3400 μελετᾷν
3292 3326 3572 3398 ἠμέλησαν

2019 3618 2086 3672 Ἀ
2114 3614 2350 3677 δέδωκάς
2381 3629 2493 3684 μοι,
2531 3608 2683 3680 φησὶ,
2720 3605 3008 3678 μαρτύρια,
3040 3604 3099 3657 οὺ
3127 3602 3261 3674 πρὸς
3283 3599 3455 3667 ὀλίγον
3484 3597 3572 3651 ὀν-

2011 3724 2079 3762 τα
2107 3705 2379 3775 ὠφέλιμα,
2407 3697 2718 3768 δικαιοσύνη
2749 3698 2829 3760 είς
2874 3696 2964 3750 τὸν
3010 3694 3178 3749 αἰῶνα
3223 3691 3568 3762 τυγχάνουσι,

2012 3797 2326 3854 δικαιοῦντα
2352 3793 2443 3848 τὸν
2465 3791 2700 3848 διαθέσει
2727 3787 3106 3858 συνεγγίζοντα
3141 3787 3341 3848 αὐτοῖς.
3417 3786 3572 3838 Συν-

2012 3891 2217 3948 έτισόν
2234 3906 2342 3959 με,
2378 3887 2476 3939 καὶ
2510 3882 2693 3953 ζῆσόν
2715 3899 2809 3952 με.
2867 3882 2968 3934 Ἢν
3009 3879 3115 3951 γὰρ
3160 3876 3429 3947 ἀσκοῦμεν
3475 3874 3574 3927 ἐπὶ

2012 3981 2103 4036 τοῦ
2138 3978 2400 4050 παρόντος
2427 3972 2767 4044 δικαιοσύνην
2797 3970 3099 4028 ἀποδίδοται
3133 3968 3234 4021 οὐκ
3267 3968 3322 4020 έν
3367 3965 3572 4032 ὀλίγαις

2014 4071 2250 4145 ἡμέραις
2279 4071 2312 4140 ἡ
2323 4068 2438 4139 μῶν
2461 4108 2477 4132 ,
2511 4067 2624 4122 ἀλλ’
2658 4068 2738 4131 είς
2761 4066 2853 4120 τὸν
2878 4063 3064 4119 αίῶνα.
3107 4059 3262 4113 Ἀλλά
3295 4058 3388 4110 καὶ
3414 4055 3573 4126 ζήσο-

2009 4163 2115 4231 μαι
2136 4198 2150 4224 ,
2181 4157 2342 4227 φησὶν
2366 4197 2380 4221 ,
2421 4157 2514 4211 ὲάν
2545 4173 2611 4226 με
2646 4154 2925 4226 συνετίσῃς
2944 4171 2959 4186 ο
2991 4153 3069 4214 εἰς
3098 4149 3308 4218 ἐκείνην
3335 4148 3440 4218 γὰρ
3473 4145 3572 4216 τὴν

2019 4251 2294 4324 μακαρίαν
2324 4248 2468 4320 ζωὴν
2491 4248 2712 4317 ἀνόητος
2730 4247 2829 4300 οὐκ
2852 4243 3169 4314 εἰσέρχεται.
3204 4237 3456 4310 Αὶτητέον
3477 4233 3573 4293 οὖν

353 4352 422 4407 ab
455 4367 522 4406 eo
543 4351 636 4420 qui
671 4352 764 4405 dat
793 4351 1047 4406 omnibus
1075 4359 1188 4405 toto
1239 4349 1424 4405 animo
1484 4348 1906 4419 postulantibus.

2031 4345 2232 4398 nivsotv
2269 4340 2420 4412 παρά
2453 4339 2546 4393 τοῦ
2575 4337 2804 4400 διδόντος
2835 4338 2964 4392 πᾶσι
2995 4338 3106 4397 τοῖς
3138 4332 3196 4396 ἐξ
3232 4332 3357 4401 ὅλης
3396 4329 3573 4400 ψυχῆς

425 4529 550 4595 145,
596 4529 719 4583 146.
765 4527 1007 4584 Clamavi
1048 4529 1104 4582 in
1133 4537 1240 4582 toto
1281 4527 1437 4581 corde
1483 4542 1618 4583 meo.
1692 4524 1875 4580 Primo
1902 4543 1920 4580 :

353 4617 595 4672 Clamavi
634 4618 686 4671 in
730 4626 838 4671 toto
890 4601 1042 4672 corde
1092 4634 1222 4684 meo,
1273 4616 1469 4671 exaudi
1517 4632 1619 4680 me,
1653 4614 1918 4669 Domine:

344 4707 756 4779 justiﬁeationes
792 4719 911 4762 tuas
946 4709 1225 4777 requiram.
1254 4707 1506 4763 Secundo
1535 4726 1549 4761 :
1581 4705 1820 4762 Clamavi
1851 4704 1919 4757 ad

355 4812 425 4868 te,
462 4799 666 4854 salvum
704 4816 780 4854 me
825 4801 930 4870 fac.
971 4797 1104 4853 Nam
1144 4800 1288 4870 quod
1321 4798 1581 4869 loquebar
1618 4799 1919 4851 secundum

351 4894 682 4965 praecipuam
727 4892 894 4946 animi
942 4900 1170 4962 partem,
1218 4889 1354 4966 nihil
1406 4887 1555 4942 aliud
1591 4895 1709 4942 erat
1753 4901 1920 4958 quam

355 4984 519 5039 Deus.
559 4982 751 5053 Magna
801 4981 963 5052 igitur
1004 4994 1136 5038 voce
1164 4988 1214 5033 te
1250 4979 1531 5042 invocans,
1563 4991 1756 5045 magna
1788 4989 1920 5030 voce

355 5076 612 5145 promitto
641 5091 728 5129 me
755 5085 844 5128 tua
873 5081 1135 5142 prmeepta
1164 5071 1599 5128 observaturum.

428 5166 548 5221 M7.
588 5166 830 5220 Prtevem'
862 5167 915 5218 in
946 5165 1252 5219 maturitate
1281 5171 1331 5215 et
1361 5159 1606 5214 clamavi.
1638 5158 1920 5214 Malurita-

355 5268 462 5310 tem
501 5257 588 5310 hic
629 5267 786 5310 vocat
831 5256 1100 5319 tenebras,
1132 5254 1246 5310 sive
1285 5265 1467 5306 rerum
1508 5248 1914 5305 confusionem.

356 5349 482 5404 Haec
509 5356 689 5403 autem
711 5348 824 5401 ait:
876 5347 1099 5406 Etiamsi
1152 5344 1385 5416 improbi
1431 5359 1556 5399 cum
1596 5341 1918 5400 confusione

353 5440 535 5495 omnia
557 5449 795 5510 agerent,
841 5440 1007 5494 multa
1048 5441 1102 5494 in
1144 5447 1236 5494 tua
1267 5439 1383 5508 lege
1412 5435 1665 5493 incedens
1692 5450 1914 5504 perare-

353 5534 501 5590 bam.

427 5648 472 5681 ⁶⁸
500 5648 638 5704 l‘sal.
670 5647 853 5708 uim,
895 5646 973 5698 l0.

2017 4435 2260 4492 αἰτοῦσιν
2287 4432 2468 4488 αὐτόν.

2100 4525 2506 4596 Ἐκέκραξαὲν
2535 4522 2648 4591 ὅλῃ
2682 4520 2894 4589 καρδίᾳ
2919 4537 3060 4589 μου.
3089 4515 3384 4588 Πρότεροψ
3421 4514 3576 4569 Ἐ’κέ-

2017 4619 2204 4689 κραξα
2229 4619 2298 4673 ἐν
2324 4617 2439 4684 ὅλῃ
2462 4613 2674 4682 καρδίᾳ
2688 4631 2828 4683 μου,
2850 4609 3312 4676 ἐπάκουσόνμου
3329 4645 3344 4669 ,
3363 4604 3536 4674 Κύριε
3553 4623 3570 4638 ο

2015 4712 2088 4766 τὰ
2116 4706 2471 4778 δικαιώματά
2498 4722 2613 4762 σου
2631 4702 2952 4770 ἐκζητήσω.
2989 4699 3248 4769 Δεύτερον
3267 4714 3278 4726 ·
3316 4696 3576 4765 Ἐχέκρα-

2016 4801 2095 4866 ξὰ
2119 4815 2216 4854 σοι
2236 4840 2250 4863 ,
2280 4798 2484 4853 σῶσόν
2505 4813 2602 4867 με.
2657 4797 2721 4849 '0
2746 4793 2853 4864 γάρ
2887 4791 3106 4846 ἐλάλουν
3130 4788 3266 4842 κατὰ
3290 4788 3350 4840 τὸ
3370 4788 3574 4858 ἡγεμο-

2016 4892 2184 4956 νικὸν,
2213 4891 2311 4943 οὐκ
2335 4888 2461 4945 ἀλλο
2490 4906 2542 4942 τι
2574 4883 2642 4959 ἦν
2667 4886 2700 4958 ἢ
2733 4888 2762 4939 ὀ
2787 4884 2937 4948 Θεός.
2987 4881 3252 4950 Μεγάλως
3275 4875 3366 4933 οὖν
3389 4895 3447 4932 σε
3472 4895 3572 4932 κα-

2015 4985 2176 5048 λέσας
2195 5025 2210 5049 ,
2241 4982 2487 5052 μεγάλως
2521 4979 2922 5049 ἐπαγγέλλομαι
2969 4975 3129 5045 τά-σά
3173 4972 3404 5042 φυλάξαι
3433 4987 3574 5042 μαρ-

2015 5094 2195 5148 τυρια.

2086 5166 2439 5235 Προέφθασα
2487 5165 2555 5218 ἐν
2600 5163 2780 5232 dupla
2814 5159 2912 5214 καὶ
2965 5155 3277 5227 ἐκέκραξα.
3347 5151 3539 5223 ’Δωρία

2015 5260 2106 5314 τὸν
2134 5258 2342 5322 σκότον,
2377 5258 2491 5329 ἦτοι
2514 5256 2611 5329 τὴν
2639 5256 2897 5325 σύγχυσιν
2939 5251 3047 5304 τῶν
3092 5247 3431 5320 πραγμάτων
3471 5262 3572 5316 φη-

2018 5353 2090 5407 σί.
2140 5349 2326 5406 Ταῦτα
2351 5350 2408 5404 δὲ
2440 5349 2612 5419 λέγει·
2647 5347 2838 5407 Καίτοι
2866 5343 2974 5400 τῶν
3005 5341 3333 5414 παρανόμων
3361 5340 3420 5392 έν
3448 5353 3571 5403 συγο

2016 5443 2168 5514 χύσει
2201 5443 2373 5498 πάντα
2402 5441 2714 5504 ποιούντων,
2748 5437 2915 5492 πολλά
2945 5438 3002 5492 ὲν
3029 5435 3106 5504 τῷ
3132 5432 3210 5503 σῷ
3240 5432 3388 5502 νόμῳ
3407 5427 3572 5484 Emol-

2014 5553 2163 5605 χουν.
