3778 6276
160 219 251 279 505

1213 213 1585 269 EXPOSITIO
1623 211 1689 268 IN
1729 211 2060 272 PSALMUH
2097 211 2327 270 CXVIII.

3297 211 3400 267 506

217 339 661 406 Προσήτγισαν
685 336 737 392 οἱ
766 329 1225 397 κατωιώκοντές
1246 348 1320 400 με
1341 331 1574 400 ἀνομίᾳ,
1600 331 1717 384 Συν.

1902 328 2025 384 150.
2052 329 2610 400 Appropinquaaerunt
2626 337 2985 398 persequentes
3008 343 3086 382 me
3106 327 3400 397 iniquitati.

159 436 288 503 ἧψαν
345 433 401 484 οἱ
443 427 810 498 πολεμοῦντες
863 443 929 496 με
969 427 1033 494 τῇ
1085 424 1310 494 ἀνομίᾳ,
1357 423 1537 495 φησίν.
1603 421 1737 479 οὐδὲ

158 528 253 596 γάρ
281 541 373 585 τις
410 522 607 575 διώκει
635 520 728 573 τὸν
773 519 980 570 δίκαιον
1017 516 1090 587 μὴ
1119 515 1316 586 ἀνομίᾳ
1357 518 1590 568 συνεῖναι
1621 513 1737 583 βου-

159 616 373 684 λόμενος
383 657 398 667 .
865 627 868 629 ‘

229 704 449 774 ἐττίνς
500 698 562 758 εἶ
603 701 716 764 σὺ,
770 701 968 767 Κύριε.
1057 699 1115 751 Ὁ
1141 697 1271 760 Θεὺς
1303 695 1532 766 ἀλλαχοῦ
1567 709 1732 765 φησι·

163 795 289 860 Θεὸς
313 791 575 862 ἐλπίζων
604 789 719 860 ἐγώ
745 792 891 858 εἰμι.
937 787 1032 846 καὶ
1059 789 1190 856 οὐχί
1229 786 1372 852 Θεὸς
1415 787 1734 854 πόρρωθεν.

158 887 302 955 λέγει
330 887 584 952 Κύριος.
653 883 714 938 Ἦ
747 881 972 952 δύναμις
1019 879 1126 950 γὰρ
1168 879 1258 932 τοῦ
1290 875 1426 932 Θεοῦ
1457 875 1734 945 πανταχοῦ

164 979 263 1029 ἐστι
281 1016 296 1036 .
327 975 483 1027 κατά
512 973 608 1026 τὸν
642 971 742 1042 τῆς
771 967 1130 1041 δημιουργίας
1153 969 1247 1022 καὶ
1272 968 1527 1040 προνοίας
1555 965 1732 1033 λόγον.

220 1061 448 1134 Κρῒνον
486 1065 606 1132 τὴν
640 1065 841 1131 κρίσιν
864 1080 982 1131 μου
1004 1101 1019 1125 ,
1053 1061 1146 1114 καί
1179 1059 1480 1128 λύτρωσαί
1497 1075 1604 1128 με,
1639 1056 1738 1113 διὰ

166 1160 252 1212 τὸν
275 1159 478 1226 λόγον
512 1171 632 1209 σου
675 1153 860 1221 ζ’ῆσόν
896 1169 991 1222 με.
1045 1151 1217 1220 Λόγον
1261 1150 1360 1221 τὴν
1408 1147 1735 1217 ἐπαγγελίαν

166 1250 306 1318 φησίν
325 1265 341 1280 ·
376 1247 755 1318 ἐπηγγείλατο
779 1246 885 1316 γὰρ
910 1245 1080 1315 ἥξειν,
1116 1243 1208 1296 καὶ
1238 1241 1431 1296 σώσειν
1460 1240 1626 1310 ἡμᾶς.

225 1412 475 1481 Πακρὰν
500 1415 620 1470 ἀπο
651 1410 1015 1484 ἁμαρτωλῶν
1052 1408 1338 1476 σωτηρία.
1409 1407 1510 1460 Ἢν
1549 1401 1735 1456 ὲπλεο-

164 1506 420 1576 νέκτησαν
446 1505 503 1560 οἱ
528 1503 786 1574 ἄρχοντες
803 1501 896 1554 τοῦ
915 1500 1106 1564 αἰῶνος
1127 1499 1336 1554 τούτου.
1365 1499 1491 1550 ’Ὁτι
1511 1495 1733 1548 δικαιώ-

1837 419 1942 486 Qui
2005 421 2138 475 mihi
2204 421 2402 476 bellum
2462 421 2804 486 inferebant,
2858 421 3072 490 inquit,
3127 420 3403 490 iniquitati

1838 512 2036 566 addicti
2069 522 2244 568 erant.
2275 511 2445 567 Nemo
2486 513 2630 568 enim
2658 515 2866 580 justum
2894 514 3264 583 persequitur,
3297 513 3401 568 nisi

1837 602 2112 673 iniquitati
2152 605 2355 658 haerere
2384 604 2529 658 velit.

1909 694 2031 748 151.
2089 690 2257 762 Prope
2293 709 2345 745 es
2393 703 2471 755 tu,
2504 694 2723 752 Domine
2753 693 2884 760 (49).
2931 690 3072 746 Deus
3118 691 3243 748 alibi
3276 693 3352 746 ait
3384 709 3398 747 :

1836 783 1977 840 Deus
2009 785 2432 854 appropinquans
2476 802 2566 855 ego
2603 802 2742 847 sum,
2772 794 2820 837 et
2865 800 2966 836 non
2998 783 3138 837 Deus
3159 801 3193 836 a
3229 784 3398 854 longe,

1835 874 1964 928 dicit
1987 871 2242 927 Dominus
2274 875 2341 926 ⁸⁸.
2374 872 2506 927 Nam
2551 873 2641 928 Dei
2670 875 2844 928 virtus
2887 873 3085 942 ubique
3112 882 3216 937 est,
3245 873 3402 946 juxta

1836 964 2127 1020 creationis
2161 974 2215 1018 et
2241 965 2590 1033 providentiae
2617 967 2905 1020 rationem.

1909 1053 2025 1107 154.
2057 1053 2256 1108 Judica
2277 1055 2544 1123 judicium
2578 1067 2721 1110 tuum
2745 1067 2793 1110 et
2827 1056 3023 1109 redime
3053 1071 3152 1121 me,
3187 1063 3400 1124 propter

1836 1143 2042 1198 verbum
2085 1154 2234 1198 tuum
2264 1146 2466 1215 vivi/ica
2512 1162 2611 1200 me.
2643 1145 2874 1201 Verbum
2911 1146 3041 1201 dicit
3084 1144 3400 1214 promissio-

1835 1249 1978 1292 nem.
2015 1232 2148 1288 Nam
2175 1235 2420 1304 promisit
2447 1251 2506 1291 se
2543 1245 2829 1290 venturum
2879 1245 2932 1290 et
2954 1235 3180 1289 salutem
3211 1234 3399 1288 allatu-

1835 1338 1953 1377 rum
1983 1322 2162 1378 nobis.
2237 1337 2241 1342 ‘

1906 1415 2028 1468 155.
2059 1413 2234 1484 Longe
2261 1431 2292 1468 a
2315 1415 2670 1481 peccatoribus
2696 1414 2864 1467 salus.
2889 1412 3092 1468 Contra
3123 1427 3284 1482 quam
3311 1428 3398 1468 sn-

1835 1505 1998 1564 lutem
2027 1505 2256 1574 superbe
2282 1514 2506 1574 egerunt
2535 1506 2804 1574 principes
2836 1504 3017 1558 saeculi
3048 1504 3228 1572 hujus.
3261 1504 3399 1569 Quia

163 1596 300 1666 ματά
325 1612 452 1651 σου
488 1596 602 1648 οὐκ
629 1592 1012 1662 ἐξεζήτησαν.
1044 1591 1191 1661 Αὕτη
1222 1593 1255 1662 ἡ
1286 1589 1432 1643 αἰτία
1454 1586 1546 1640 τοῦ
1573 1602 1717 1640 κατα·

1853 1597 2236 1664 ιιδιίΙὶεαιίοηεε
2276 1605 2394 1649 tuas
2424 1613 2524 1649 non
2550 1597 2928 1666 exquisierunt.
2970 1593 3094 1650 Hazc
3123 1611 3286 1650 causa
3316 1607 3399 1651 est

165 1686 358 1740 διώκειν
391 1685 494 1738 τὸν
535 1683 744 1738 δίκαιον
768 1722 784 1746 ,
830 1682 889 1735 τὸ
916 1680 1130 1752 μακρὰν
1163 1679 1386 1741 ἑαυτοὺς
1422 1676 1717 1746 ἀποστῆσαι

1853 1688 2154 1756 :urjustum
2186 1689 2453 1756 persecuti
2482 1699 2628 1750 sunt,
2663 1687 2807 1757 quod
2836 1688 2992 1758 longe
3033 1688 3398 1742 abscesserint

165 1777 239 1831 τοῦ
275 1776 426 1830 θείου
463 1775 656 1846 νόμου.

231 1873 289 1924 οι
322 1868 626 1937 οἰκτιρμοί
647 1884 762 1920 σου
795 1863 1249 1932 πολλοὶ,’Κύριε.
1283 1862 1513 1930 Ἔγνων,
1539 1861 1722 1933 φησὶν,

165 1961 225 2021 ὡς
244 1957 604 2030 διεμαρτύρω
625 1956 722 2019 τὰς
741 1953 957 2020 ἐντολὰς
985 1955 1144 2024 ἡμῖν,
1171 1953 1252 2005 ὅτι
1282 1951 1486 2022 βέϐαιοί
1504 1953 1608 2004 εἰσι
1633 1953 1726 2006 καὶ

166 2051 568 2122 ἀμετακίνητοι.
601 2049 644 2102 Τ
647 2048 773 2101 ούτο
795 2047 898 2118 γὰρ
920 2044 1068 2115 δηλοῖ
1099 2043 1193 2096 ιια)⁸
1215 2044 1272 2094 ἐν
1298 2042 1374 2114 τῷ
1397 2041 1507 2095 ἄνω
1537 2041 1722 2112 στίχῳ,

167 2145 242 2207 τὸ,
266 2144 407 2199 Κατ’
442 2141 640 2212 ἀρχὰς
661 2140 856 2210 ἔγνων
884 2139 950 2190 ἐκ
978 2135 1096 2190 τῶν
1116 2134 1452 2205 μαρτυρίων
1483 2150 1616 2186 σου.

222 2231 398 2288 Εἶδον
430 2231 913 2295 ἁσυνετοῦντας,
949 2227 1046 2280 καὶ
1076 2227 1462 2294 ἐξετηκόμην.
1515 2224 1584 2277 Ei
1605 2241 1726 2280 τινα

167 2325 365 2396 ίιὶιρακα
396 2323 482 2397 μὴ
512 2324 760 2377 συνιέντα
784 2320 894 2388 ἐγὼ
914 2362 928 2385 ,
977 2321 1069 2372 ἐπὶ
1095 2319 1184 2372 τὸν
1220 2318 1454 2373 τοιοῦτον
1476 2316 1726 2387 ἐξετηκό-

168 2435 258 2487 μην
279 2419 390 2472 ἀπὸ
422 2415 523 2470 τοῦ
557 2415 719 2486 ζήλου
749 2413 887 2466 κατά
918 2412 1014 2480 τὴν
1050 2409 1374 2464 θεοσέϐειαν.

229 2506 359 2571 Ὶδὲ,
416 2506 512 2560 ὅτι
548 2506 654 2572 τὰς
685 2503 935 2569 ἐντολάς
985 2519 1098 2556 σου
1148 2499 1468 2569 ἠγάπησα,
1529 2499 1720 2565 Κύριε.

171 2599 308 2670 ’ὕψει
336 2598 455 2670 γὰρ
486 2599 543 2651 ὲν
581 2598 704 2667 ἐμοὶ
735 2596 842 2648 τῶν
873 2593 1090 2663 ἀγαθῶν
1124 2592 1298 2662 ἔργων
1329 2591 1453 2654 τοὺς
1486 2589 1720 2654 τύπουςο

168 2692 218 2744 ού
241 2693 344 2762 γὰρ
379 2690 575 2753 ἁπλῶς
602 2691 868 2759 ἐτήρησα,
898 2685 1011 2738 ἀλλ’
1046 2685 1306 2753 ἠγάπησα
1325 2725 1340 2748 ,
1394 2683 1554 2754 μηδὲν
1587 2681 1723 2750 ἔχων

170 2783 286 2852 πρὸς
311 2781 524 2842 ταύτας
545 2777 976 2848 ἠναγκασμένον.
1016 2774 1152 2826 Ἀλλ’
1172 2773 1322 2826 οὐδὲν
1341 2769 1499 2844 ἦττον
1526 2769 1726 2823 ἐλεούν-

169 2875 242 2938 τός
269 2891 357 2928 σου
390 2874 586 2942 δέομαι
626 2871 762 2942 πρὸς
789 2869 850 2921 τὸ
876 2867 1034 2939 ζῆσαί
1071 2883 1158 2935 με.

238 2961 414 3032 Ἀρχὴ
440 2959 558 3014 τῶν
578 2962 774 3028 λόγων
794 2974 908 3012 σου
932 2955 1200 3021 ἀλήθεια.
1229 2952 1375 3024 Αὕτη
1399 2950 1588 3023 πρώτη
1615 2949 1723 3003 τῶν

1830 1794 1860 1832 a
1888 1778 2070 1832 divina
2105 1777 2241 1847 lege.
2313 1821 2316 1824 .

1904 1869 2030 1926 156.
2087 1866 2467 1926 Misericordia:
2517 1877 2621 1921 tua:
2678 1869 2890 1932 multae,
2943 1869 3184 1925 Domine.
3240 1866 3397 1932 Novi,

1830 1957 2026 2028 inquit,
2060 1967 2112 2013 te
2135 1959 2480 2016 testilicatum
2499 1971 2620 2010 esse
2640 1957 2818 2019 nobis,
2851 1968 3116 2028 praecepta
3136 1967 3224 2012 tua
3247 1959 3398 2014 ﬁrma

1829 2058 1883 2103 et
1915 2050 2137 2104 immota
2188 2065 2331 2106 esse.
2377 2048 2490 2102 iloc
2529 2049 2673 2101 enim
2705 2048 2974 2118 signiﬁcat
3014 2051 3069 2104 in
3120 2049 3400 2120 superiore

1829 2155 1988 2194 versu
2016 2157 2030 2193 :
2059 2138 2224 2194 Initio
2243 2142 2458 2208 cognovi
2486 2142 2549 2196 de
2575 2143 2884 2196 testimoniis
2917 2144 3041 2196 tuis.

1901 2228 2026 2284 158.
2065 2229 2185 2284 Vidi
2204 2231 2632 2300 prtevaricantes,
2682 2241 2730 2285 et
2778 2232 3120 2286 tabescebam.
3155 2229 3209 2285 Si
3233 2245 3395 2300 quem

1828 2322 2075 2377 videbam
2105 2338 2212 2376 non
2247 2321 2660 2394 intelligentem,
2703 2323 2823 2394 ejus
2850 2339 3014 2379 causa
3037 2338 3100 2378 ex
3133 2321 3248 2376 zelo
3282 2323 3396 2391 pie-

1828 2413 1956 2468 tatis
1975 2429 2073 2484 ego
2103 2414 2466 2468 tabesceham.

1901 2507 2022 2560 159.
2077 2505 2204 2558 Vide
2237 2506 2490 2575 quoniam
2528 2507 2780 2558 mandata
2811 2513 2902 2557 tua
2931 2504 3114 2563 dilexi.
3152 2503 3392 2559 Domine.

1831 2595 2054 2652 Videbis
2071 2596 2215 2651 enim
2244 2597 2297 2650 in
2323 2613 2408 2650 me
2438 2597 2704 2651 bonorum
2735 2611 2961 2664 Operum
2998 2597 3247 2666 vesﬁgia.
3279 2594 3395 2651 Non

1829 2700 2038 2746 tantum
2063 2690 2207 2746 enim
2236 2689 2540 2754 observavi,
2576 2689 2669 2743 sed
2693 2689 2856 2742 etiam
2875 2689 3058 2752 dilexi,
3096 2689 3242 2742 nulla
3263 2689 3309 2742 vi
3327 2689 3397 2744 a'I

1831 2797 1895 2836 ea
1926 2781 2213 2852 impulsus.
2243 2779 2444 2835 Verum
2471 2781 2828 2835 nihilominus
2861 2796 2991 2851 rogo
3031 2791 3082 2835 te
3114 2781 3395 2835 miserata:

1828 2890 1942 2928 rem
1984 2885 2044 2929 ut
2075 2875 2314 2929 vivilices
2351 2889 2455 2929 me.

1903 2967 2026 3022 160.
2065 2967 2390 3035 Principium
2439 2966 2710 3020 verborum
2763 2965 3233 3021 tuorum‘ueritas.
3280 2961 3396 3018 Hoc

172 3009 773 3112 magisnec...
802 3009 863 3101 ιδ
884 3009 1168 3117 ἀληθεύειν
1194 3049 1250 3100 ὲν
1277 3009 1560 3110 πᾶέτι,’και
1577 3009 1717 3114 ’πράι

1907 3009 2026 3022 ην.
2065 3009 2083 3020 .
2113 3009 2390 3035 ......,,......
2442 3009 2709 3020 -..--.....-
2763 3009 2972 3021 ...η-η.
3028 3009 3233 3020 --.....-.
3281 3009 3393 3018 ----

1853 3059 2063 3112 trimum
2102 3067 2184 3111 est
2209 3065 2601 3126 praceptorum
2628 3066 2867 3120 tuorum,
2900 3063 2957 3110 ut
2979 3071 3199 3112 veraces
3221 3055 3393 3112 simus

173 3141 256 3208 ξει,
287 3145 378 3197 καὶ
415 3143 580 3213 λόγῳ,
617 3140 710 3194 καὶ
735 3137 960 3209 διανοίᾳ.

229 3238 549 3303 Ἄρχοντες
575 3229 938 3294 κωεδίωξὰν
953 3246 1027 3299 με
1056 3226 1298 3296 δωρεάν.
1355 3226 1603 3280 Ἐθλιὸόν
1632 3243 1720 3296 με,

173 3325 310 3393 φησὶν
329 3367 345 3389 ,
382 3327 436 3378 οἱ
463 3324 605 3377 κατὰ
635 3323 858 3393 καιροὺς
892 3320 1149 3392 ἄρχοντες
1175 3359 1188 3382 ,
1236 3319 1418 3390 ἐχθροὶ
1446 3319 1596 3381 ὄντες
1623 3318 1723 3386 τῆς

170 3417 428 3486 ἀληθείας.
477 3416 618 3469 Ἀλλ’
657 3415 718 3468 οὐ
753 3415 965 3468 δέδοικα
993 3413 1089 3476 τὰς
1117 3413 1340 3466 ἐκείνων
1372 3411 1598 3481 θλίψεις,
1631 3412 1722 3464 τὸν

174 3509 248 3562 σὺν
272 3509 432 3577 λόγον
457 3506 728 3570 δεδοικώς.
766 3508 876 3560 Καὶ
907 3509 1058 3570 ποῖος
1090 3499 1262 3568 οὗτος,
1301 3503 1334 3575 ἢ
1363 3504 1424 3556 τό
1443 3521 1455 3533 ο
1489 3502 1585 3568 Μὴ
1615 3521 1719 3571 φοι

173 3598 366 3666 ϐήθητε
398 3599 519 3653 ἀπὸ
550 3597 668 3651 τῶν
697 3598 1170 3650 ἀποκτεινόντων
1197 3595 1262 3648 τὸ
1294 3594 1492 3664 σῶμα,
1517 3593 1631 3659 τὴν
1657 3591 1724 3646 δὲ

171 3686 358 3754 ψυχὴν
399 3685 744 3740 ἀποκτεῖναι
785 3683 870 3754 μὴ
909 3683 1286 3754 δυναμένων·
1329 3684 1624 3753 φοϐήθητε
1657 3681 1726 3736 δὲ

167 3765 385 3843 μᾶλλον
406 3779 514 3831 τὸν
537 3776 875 3847 δυνάμενον
899 3776 997 3829 καὶ
1026 3775 1237 3845 ψυχὴν
1263 3773 1548 3844 καὶσῶμα
1574 3775 1718 3829 ἀπο-

173 3868 322 3923 λέσαι
353 3873 441 3936 είς
474 3868 729 3938 τεέννην
749 3885 768 3932 ;

237 3960 699 4030 Ἀγαλλιάσομαι
749 3961 863 4029 ἐγὼ
906 3959 1004 4013 ἐπὶ
1053 3959 1123 4013 τὰ
1143 3957 1315 4028 siti-rid
1357 3973 1493 4024 σου,
1561 3957 1641 4024 ὡς
1691 3960 1724 4010 ό

174 4053 447 4120 εὑρίσκων
493 4055 695 4108 σκῦλα
745 4053 962 4107 πολλά.
1027 4053 1100 4106 Ού
1158 4052 1306 4123 φόϐῳ
1339 4052 1396 4106 δὲ
1436 4053 1594 4122 μόνον
1626 4049 1724 4121 τὴν

174 4143 393 4218 ὑπακοὴν
426 4147 527 4217 τὴν
561 4146 696 4216 πρὸς
752 4148 876 4210 τοὺς
931 4145 1108 4208 θείους
1152 4144 1341 4212 λόγους
1398 4143 1722 4214 πεποιῆσθαι

173 4251 310 4306 φησιν
328 4279 345 4302 ,
383 4237 521 4290 ἀλλὰ
550 4238 645 4290 καὶ
670 4238 812 4308 χαρᾷ
831 4277 846 4300 ,
881 4236 1000 4305 ἣτις
1029 4236 1121 4287 ἐπὶ
1151 4234 1363 4305 πλούτῳ
1388 4238 1566 4306 χαίρει
1591 4233 1721 4287 πολ-

1824 3148 1880 3203 in
1910 3148 2187 3212 omnibus,
2218 3163 2400 3218 opere,
2431 3148 2616 3210 verbo,
2651 3155 2850 3202 mente.

1895 3236 2016 3291 161.
2055 3235 2333 3306 Principes
2371 3238 2624 3307 persecuti
2665 3245 2784 3290 sunt
2827 3252 2908 3290 me
2939 3235 3125 3305 gratis.
3164 3233 3269 3299 Me,
3305 3233 3392 3288 in-

1822 3328 1962 3398 quit,
2009 3327 2336 3398 aﬂligehant,
2380 3328 2475 3398 qui
2523 3328 2689 3383 variis
2733 3327 3070 3396 temporibus
3119 3324 3390 3396 principes

1823 3419 1995 3486 fuere,
2034 3431 2219 3490 utpote
2255 3421 2500 3476 veritatis
2541 3422 2764 3476 inimici.
2800 3421 2870 3475 At
2909 3435 3096 3474 eorum
3141 3435 3394 3488 persecu-

1823 3513 1998 3566 tiones
2053 3526 2160 3564 non
2207 3511 2521 3577 reformido,
2567 3511 2660 3566 sed
2717 3511 2890 3564 solum
2938 3508 3161 3561 verbum
3215 3518 3388 3560 tuum.

1823 3603 2110 3670 Quodnam
2139 3589 2270 3658 illud
2311 3613 2414 3669 est,
2448 3603 2554 3657 nisi
2589 3620 2602 3656 :
2649 3599 2828 3654 Nolite
2863 3601 3046 3652 timere
3087 3597 3152 3650 ab
3194 3596 3260 3650 iis
3299 3596 3390 3665 qui

1823 3695 2067 3750 occidunt
2084 3711 2293 3765 corpus,
2328 3694 2558 3749 animam
2575 3704 2751 3747 autem
2775 3709 2875 3747 non
2896 3701 3108 3763 possunt
3125 3689 3354 3742 occidere
3369 3703 3389 3740 :

1824 3789 1915 3842 sed
1939 3788 2114 3858 potius
2147 3790 2323 3842 timete
2354 3803 2472 3842 eum
2515 3787 2604 3854 qui
2634 3795 2802 3856 potest
2833 3797 2880 3840 et
2923 3785 3156 3838 animam
3183 3791 3231 3836 et
3274 3796 3392 3834 cor-

1821 3896 1918 3949 pus
1945 3879 2156 3948 perdere
2177 3880 2231 3932 in
2261 3879 2544 3950 gehennam
2568 3879 2613 3909 "°
2638 3878 2660 3931 ?

1900 3971 2023 4027 162.
2058 3970 2307 4024 ιωιαὸοτ
2350 3987 2442 4041 ego
2485 3986 2641 4038 super
2691 3968 2899 4042 eloquia
2945 3979 3059 4034 tua,
3109 3966 3247 4020 sicut
3300 3963 3391 4034 qui

1824 4064 2018 4118 invenit
2078 4063 2246 4132 spolia
2303 4063 2490 4117 multa.
2557 4060 2674 4116 Non
2731 4049 2923 4115 timore
2953 4068 3162 4114 tantum
3214 4071 3272 4110 se
3321 4054 3391 4108 ad

1826 4155 2234 4225 obsequendum
2267 4153 2468 4208 divinis
2498 4154 2679 4208 verbis
2727 4152 2923 4206 adduci
2965 4151 3061 4214 ait,
3099 4148 3192 4206 sed
3224 4147 3387 4216 etiam

1825 4247 2046 4314 gaudio,
2079 4247 2225 4317 quod
2258 4246 2325 4299 de
2373 4245 2610 4314 acceptis
2652 4244 2857 4298 divitiis
2899 4254 3249 4312 permagnum
3283 4247 3386 4292 est.

173 4323 240 4382 λά.
294 4327 645 4397 Βεϐαιωτέρα
688 4326 745 4378 δὲ
796 4327 1024 4398 τήρησις
1071 4327 1102 4396 ἡ
1142 4325 1198 4377 ἐν
1251 4326 1393 4395 χαρᾷ
1441 4325 1717 4395 γινομένη.

1853 4335 2064 4390 "irmior
2093 4347 2274 4390 autem
2297 4345 2379 4390 est
2407 4334 2714 4389 observatio
2743 4349 2806 4388 ex
2830 4332 3026 4402 gaudio
3055 4337 3227 4399 parta.
3250 4328 3388 4382 Cum

173 4415 430 4490 Πολεμίων
452 4419 508 4471 δὲ
529 4418 832 4470 διωκόντων
857 4416 1132 4488 μνησθεὶς,
1157 4417 1248 4469 καὶ⁵
1275 4416 1482 4468 σκύλων
1503 4416 1727 4481 εἰκότως

174 4510 415 4582 ἐμνήσθη.
447 4511 564 4564 Οὐκ
591 4509 656 4563 ἂν
684 4509 812 4579 γὰρ,
837 4510 990 4580 φησὶ,
1017 4509 1224 4572 πάντας
1243 4508 1445 4562 ἀνελὼν
1475 4510 1569 4562 καὶ
1598 4525 1726 4561 σκυ-

171 4598 365 4666 λεύσας,
388 4601 644 4656 τοσοῦτον
669 4600 871 4672 ᾠήθην,
897 4600 971 4664 ὡς
999 4601 1091 4653 ἐπὶ
1110 4603 1222 4662 τοῖς
1252 4600 1428 4668 λόγοις
1451 4603 1563 4663 τοῖς
1593 4603 1722 4663 σοῖς.

175 4692 359 4765 (ϐοτά.)
392 4696 576 4758 Ποίοις
625 4693 836 4761 λόγοις,
887 4693 920 4763 ἢ
957 4692 1085 4764 περὶ
1127 4686 1202 4745 ὧν
1234 4692 1437 4761 λέγειὸ
1479 4691 1720 4755 Παῦλοςο

170 4787 369 4855 Πρῶτοι
425 4794 538 4858 γάρ
585 4789 1024 4856 ἐπιστεύσαμεν
1056 4785 1129 4839 τὰ
1176 4786 1352 4856 λόγια
1393 4784 1498 4839 τοῦ
1552 4783 1720 4849 Θεοῦ,

171 4881 278 4951 περὶ
302 4882 413 4936 τῶν
455 4880 724 4935 Ἰουδαίων
738 4879 1000 4948 ’φάσκων.

224 4971 476 5026 Ἀδικίαν
491 4973 779 5042 ἐμίσησα,
797 4989 850 5024 κ.
870 4988 919 5023 τ.
939 4969 987 5023 λ.
1007 4969 1081 5022 Ού
1102 4969 1211 5040 γὰρ
1243 4969 1362 5022 κατ’
1391 4968 1629 5031 ἐκείνους
1649 4985 1725 5021 νε-

171 5064 277 5134 κρὸν
296 5067 478 5137 ἡμυνα
502 5065 595 5117 καὶ
623 5062 795 5116 σκῦλα
820 5061 997 5116 λαϐὼν
1025 5061 1408 5133 βδελύττομαι·
1435 5060 1591 5130 μόνον
1613 5059 1720 5131 γὰρ

168 5153 416 5228 ὠφέλιμον
441 5157 655 5210 ἀδικίαν
683 5154 1058 5225 βδελύττεσθαι
1077 5171 1089 5184 ο
1127 5155 1207 5207 διό
1238 5171 1332 5206 σου
1365 5153 1458 5206 καὶ
1493 5152 1717 5216 δεόντως

171 5244 244 5300 τδν
264 5251 422 5322 νόμον
437 5253 637 5322 νοήσας
667 5252 948 5323 ἠγάπησα,
975 5251 1237 5322 μηδαμῶς
1262 5250 1424 5304 αὐτὸν
1439 5249 1608 5302 ἕλκων
1627 5249 1716 5301 ἐπὶ

1824 4436 2004 4484 autem
2055 4433 2443 4495 persequentes
2497 4425 2751 4478 inimicos
2816 4422 3220 4485 memoraverit,
3265 4420 3389 4490 jure

1823 4517 2123 4586 spoliorum
2152 4517 2482 4570 mentionem
2509 4514 2658 4570 fecit.
2687 4514 2819 4569 Nam
2853 4515 2900 4570 si
2944 4529 3158 4577 omnes,
3186 4513 3383 4583 inquit,

1819 4609 1888 4664 de
1913 4608 2094 4664 medio
2138 4609 2484 4663 sustulissem
2534 4623 2598 4663 ac
2641 4609 2983 4678 spolia‘ssem,
3028 4624 3134 4662 non
3168 4609 3302 4662 tanti
3331 4607 3387 4663 id

1821 4700 2077 4763 facerem,
2117 4700 2308 4769 quanti
2341 4701 2502 4754 verba
2521 4709 2635 4754 tua.
2665 4698 3022 4771 (Corderius.)
3050 4701 3181 4767 Quae
3201 4701 3382 4766 verba,

1821 4793 1927 4848 nisi
1956 4793 2023 4847 de
2049 4792 2248 4862 quibus
2278 4790 2478 4848 Paulus
2507 4810 2522 4846 :
2552 4791 2723 4846 Primi
2747 4795 2884 4847 enim
2921 4793 3237 4847 credidimus
3277 4793 3387 4846 elo-

1821 4884 1948 4956 quia
1980 4882 2077 4937 Dei
2117 4885 2184 4950 ",
2214 4884 2279 4938 de
2308 4881 2510 4940 Judaais
2540 4885 2808 4955 loquens?

1893 4977 2018 5033 165.
2063 4975 2411 5047 Iniquitatem
2457 4979 2577 5032 odio
2608 4977 2787 5044 habui,
2814 4987 2917 5032 etc.
2943 4975 3059 5030 Non
3082 4977 3224 5031 enim
3255 4990 3383 5044 per-

1821 5071 1949 5126 inde
1997 5080 2160 5140 atque
2211 5070 2326 5136 illi,
2389 5081 2666 5126 mortuum
2715 5073 2858 5126 ultus
2915 5085 3056 5134 sum,
3101 5077 3155 5122 et
3213 5067 3390 5136 raptis;

1823 5162 2034 5234 spoliis,
2073 5163 2253 5232 ipsum
2297 5163 2643 5218 abominatus
2691 5178 2834 5217 sum.
2865 5160 2996 5214 Nam
3039 5159 3391 5230 iniquitatem

1823 5253 1998 5311 solam
2021 5249 2327 5308 abominari
2362 5252 2494 5308 utile
2518 5263 2620 5310 est.
2644 5249 2828 5318 Quare
2853 5260 3001 5306 tuam
3031 5250 3200 5322 legem
3230 5246 3390 5303 intel-

229 5446 266 5478 "
288 5447 488 5504 .Iercm.
518 5465 645 5516 xxv,
674 5449 763 5504 εὖ.
829 5451 873 5481 ⁷ο
908 5449 1095 5506 Matth.
1135 5468 1186 5514 κ,
1212 5452 1299 5506 28.
1381 5455 1422 5483 ⁷¹
1451 5453 1608 5510 Ιὶυιιι.
1641 5473 1721 5523 ιιι,
1761 5458 1811 5514 9..

231 5628 333 5695 (19)
366 5630 420 5684 In
451 5630 514 5683 li.
552 5630 586 5683 2
612 5630 725 5687 haec
751 5630 1004 5687 dicuntur
1029 5631 1275 5700 Origcnis
1308 5649 1445 5687 csse.
