3778 6276
413 277 522 334 507
605 339 609 353 ,

1246 280 1302 336 S.
1348 281 1722 338 ATilANASll
1763 283 1914 338 OPP.
1957 283 2138 339 PARS
2178 285 2264 339 lll.
2299 315 2368 326 —
2413 285 2822 343 EXEGETICA.

3557 281 3712 340 508
3721 293 3740 300 ’

411 396 606 465 ligens,
641 397 716 450 uti
744 413 840 466 par
875 407 991 452 erat
1027 399 1213 462 dilexi,
1259 402 1567 457 nullatenus
1599 419 1718 458 eam
1755 405 1940 457 tralten

2049 404 2146 463 .τὰ
2180 407 2361 472 γήϊνα.
2416 406 2604 476 Ἡμεῖς
2639 405 2745 476 γὰρ
2772 404 2846 468 ὼς
2877 399 3284 473 σννεγερθέντες
3317 397 3559 472 Χριστῷ
3603 403 3705 454 τὰ

411 491 480 542 ad
535 498 765 545 terrena.
817 489 926 545 Nos
968 491 1111 544 enim
1167 501 1353 560 utpote
1409 511 1514 548 una
1572 512 1696 550 cum
1754 495 1974 552 Christo

409 582 740 649 resuscitati,
769 597 1000 651 superna
1021 585 1332 653 quaerimus,
1368 603 1476 640 non
1499 598 1730 643 terrena.

483 673 602 727 164.
640 672 834 742 Septies
871 675 923 727 in
970 675 1054 728 die
1080 675 1290 730 laudent
1318 679 1432 732 dixi
1482 681 1596 734 tibi.
1652 679 1756 734 Per
1802 690 1972 735 totam

408 765 574 818 vitam
605 781 758 819 suam
789 766 1125 822 illuminatus
1151 769 1243 837 qui
1279 769 1464 837 justus
1491 780 1592 833 est,
1637 772 1691 825 in
1735 771 1970 840 perfecta

407 855 493 909 die
522 857 849 920 versabitur,
884 873 991 910 non
1019 859 1316 929 interrupta
1348 877 1442 928 per
1466 874 1700 928 noctem,
1733 874 1784 918 et
1808 879 1970 933 supra

405 946 667 1001 mundum
716 948 956 1004 elevatus
1008 949 1177 1004 Deum
1226 953 1424 1021 septies
1469 952 1674 1018 laudat,
1715 971 1780 1010 eo
1825 958 1966 1025 quod

402 1057 568 1110 supra
607 1043 871 1097 mundum
896 1059 988 1098 sex
1028 1045 1217 1100 diebus
1263 1048 1537 1102 conditum
1573 1049 1966 1116 insurrexerit;

403 1131 660 1186 nin'iirum
703 1134 756 1187 in
801 1135 1054 1204 paradiso
1089 1134 1182 1190 Dei
1220 1138 1570 1204 constitutus,
1598 1141 1890 1197 ereationis
1916 1152 1969 1197 et

403 1222 749 1288 providentiae
773 1223 864 1278 Dei
895 1229 1161 1281 rationem
1195 1230 1616 1298 contemplatus,
1644 1230 1818 1300 ipsum
1847 1232 1965 1286 lau-

400 1312 492 1367 dat
517 1330 680 1384 super
712 1317 915 1386 judicia
958 1319 1183 1387 justitia:
1230 1319 1344 1376 Dei.
1387 1321 1696 1376 Secundum
1733 1339 1796 1377 ea
1838 1339 1965 1378 vero

395 1404 634 1473 judicia,
720 1408 1060 1477 singulorum
1147 1411 1500 1480 multiplicem
1572 1413 1965 1482 providentiam

399 1501 581 1568 gessit.
605 1500 774 1568 (Alius
797 1503 1004 1572 codex.)
1029 1503 1123 1558 His
1147 1505 1416 1574 signiﬁcat
1445 1505 1656 1559 laudem
1686 1521 1962 1576 nunquam

396 1589 753 1646 desinentem.
801 1593 1043 1663 Semper,
1099 1597 1194 1662 ait,
1256 1613 1465 1652 memor
1508 1597 1962 1669 fui,judiciorum

2076 493 2187 548 ἄνω
2215 493 2479 568 ζητοῦμεν
2499 536 2514 562 ,
2541 497 2601 550 οὐ
2629 495 2698 550 τὰ
2723 496 2814 548 ἐπὶ
2836 493 2941 564 τῆς
2967 495 3088 564 γῆς.

2157 674 2431 740 Ἐπτάκις
2454 675 2562 744 τῆς
2599 675 2821 746 ἡμέρας
2851 673 3042 744 ᾔνεσά
3069 690 3187 728 σοι.
3244 675 3379 744 Ilap‘
3400 674 3534 727 ὅλον
3569 673 3694 728 τὸν

2075 765 2187 836 βίον
2209 766 2373 820 αὑτοῦ
2402 767 2429 819 ό
2451 768 2658 831 δίκαιος
2683 768 3045 838 φωτιζόμενος
3070 770 3125 821 ὲν
3158 768 3340 840 ἡμέρᾳ
3369 768 3533 820 ἔσται
3573 785 3689 819 τε-

2073 854 2191 926 λείᾳ
2211 896 2225 918 ,
2259 857 2321 908 οὐ
2377 856 2817 930 μεσολαϐουμένῃ
2845 858 2951 910 ὑπὸ
2991 857 3183 920 νυκτός
3203 877 3217 888 ο
3256 858 3352 911 καὶ
3379 860 3531 911 αἰνεῖ
3567 859 3686 911 τὸν

2071 945 2202 998 Θεὸν
2232 945 2458 1010 ἑπτάκις
2488 947 2854 1018 ὑπερκόσμιος
2881 947 3117 1016 γεγονὼς
3135 987 3150 1011 ,
3199 947 3291 1000 τοῦ
3324 947 3434 1001 ἂνω
3470 965 3684 1018 κεχωο

2073 1037 2300 1106 ρηκέναι
2317 1036 2409 1090 τοῦ
2437 1039 2494 1090 ὲν
2517 1037 2576 1103 ἓξ
2598 1037 2830 1110 ἡμέραις
2846 1039 3135 1109 γενομένου
3161 1039 3365 1109 κόσμου
3384 1056 3396 1069 ·
3424 1038 3527 1092 ἅτε
3557 1040 3682 1090 καὶ

2072 1131 2129 1181 ὲν
2157 1129 2237 1199 τῷ
2272 1130 2582 1202 παραδείσῳ
2615 1130 2708 1185 τοῦ
2735 1130 2868 1184 Θεοῦ
2893 1131 3275 1201 γεγενημένος,
3305 1131 3393 1183 τὸν
3425 1132 3532 1200 τῆς
3566 1130 3641 1199 δη
3663 1160 3676 1168 -

2074 1218 2358 1290 μιουργίας
2392 1221 2486 1273 καὶ
2512 1219 2770 1290 προνοίας
2823 1219 2958 1273 Θεοῦ
2997 1220 3152 1288 λόγον
3187 1219 3513 1291 θεωρήσας,
3558 1221 3667 1283 εξ-

2069 1309 2406 1379 ομολογεῖται
2429 1312 2520 1364 ἐπὶ
2533 1311 2599 1365 τὰ
2619 1310 2861 1382 κρίματα
2876 1312 2972 1382 τῆς
2991 1310 3330 1382 δικαιοσύνης
3350 1311 3444 1364 τοῦ
3469 1311 3619 1364 Θεοῦ
3643 1328 3664 1341 ο

2069 1402 2190 1455 καθ’
2237 1402 2274 1456 ἃ
2306 1403 2549 1474 κρίματα
2581 1404 2824 1458 ἑκάστων
2872 1405 3118 1474 ποικίλην
3149 1404 3509 1476 δημιουργίαν
3547 1405 3662 1457 καὶ

2071 1492 2324 1562 πρόνοιαν
2353 1494 2528 1564 ἔσχεν.
2561 1494 2634 1547 Τὸ
2663 1494 2999 1548 ἁδιάλειπτόν
3025 1512 3208 1564 φησιν.
3252 1497 3412 1565 Λέγει
3445 1497 3526 1560 δὲ,
3557 1497 3658 1550 ὅτι

2066 1583 2356 1648 διαπαντὸς
2407 1585 2773 1656 ἐμνημόνευον
2804 1586 2911 1638 τῶν
2958 1585 3064 1639 σῶν
3094 1588 3405 1659 κριμάτων,
3457 1581 3535 1641 ὧν
3562 1589 3657 1642 δι-

395 1688 639 1746 tuorum,
672 1700 792 1752 qua:
813 1686 956 1750 juste
986 1687 1160 1742 tulisti
1193 1706 1208 1753 ;
1240 1690 1579 1760 principibus
1608 1690 1702 1760 qui
1733 1690 1940 1760 superbt

2067 1675 2234 1741 καίως
2264 1678 2574 1749 ἐπήγαγεςο
2629 1677 2759 1742 τοὺς
2802 1679 2898 1748 μὲν
2942 1680 3438 1751 πλεονεκτήσαντας
3469 1682 3650 1738 έκὸατ

394 1775 624 1842 agebant
660 1775 864 1844 ejectis,
918 1778 984 1832 iis
1034 1793 1160 1834 vero
1205 1781 1298 1849 qui
1342 1781 1539 1852 injuria
1593 1781 1940 1838 aﬁiciebantul

2062 1766 2169 1822 λὼν
2199 1769 2486 1840 ἄρχοντας,
2514 1771 2640 1834 τοὺς
2663 1769 2721 1824 δὲ
2757 1771 3107 1842 ἀδικηθέντας
3139 1773 3578 1844 λυτρωσάμενος.

392 1861 654 1917 liberatis.

463 1951 587 2008 17ος
635 1955 1024 2028 Appropinquet
1049 1960 1342 2030 deprecatio
1369 1979 1546 2018 mea...
1578 1961 1746 2017 Intret
1778 1965 1956 2036 digni-

393 2051 474 2096 tas
513 2061 628 2099 mea
674 2048 730 2099 in
777 2059 1053 2120 conspectu
1107 2061 1220 2121 tuo,
1275 2054 1513 2108 Domine.
1563 2053 1696 2110 Vide
1743 2066 1952 2112 rectum

388 2133 697 2189 divinorum
727 2139 1015 2194 verborum
1057 2144 1326 2198 ordinem.
1362 2143 1604 2199 Primum
1629 2145 1773 2199 enim
1796 2150 1955 2216 poni-

387 2232 498 2290 tur,
542 2228 935 2298 appropinquat,
989 2233 1204 2299 deinde,
1254 2236 1400 2305 quod
1437 2238 1622 2306 majus,
1651 2246 1752 2302 est,
1794 2240 1951 2296 intret

387 2316 679 2382 postulatio
718 2335 834 2372 mea
872 2336 891 2373 :
941 2333 1067 2377 ante
1112 2326 1419 2396 ingressum
1465 2331 1610 2385 enim
1657 2336 1952 2405 appropin-

385 2408 682 2474 quandum.
730 2408 863 2465 Nam
907 2413 998 2468 ubi
1041 2418 1493 2488 appropinquavit
1533 2423 1804 2492 quispiam
1854 2425 1952 2479 do-

386 2511 572 2561 mum,
645 2501 690 2554 si
745 2503 817 2557 sit
872 2505 1082 2561 amicus
1136 2511 1568 2577 patrisfamilias,
1629 2514 1950 2584 ingreditur.

383 2587 552 2653 Quam
613 2601 792 2647 autem
839 2587 1273 2665 deprecationem
1329 2604 1564 2669 vocavit,
1622 2621 1768 2661 nunc
1821 2607 1953 2662 dicit

381 2679 718 2750 dignitatem,
751 2701 782 2739 a
810 2687 1093 2757 dignanda.
1137 2689 1274 2744 Num
1314 2691 1451 2748 forte
1479 2696 1603 2764 quia
1631 2705 1757 2750 sunt
1792 2713 1950 2752 mun-

381 2771 535 2826 danae
558 2774 866 2844 dignitates,
905 2779 978 2833 ita
1020 2781 1217 2836 animae
1247 2784 1410 2838 etiam
1451 2786 1742 2856 dignitates
1779 2791 1950 2844 sunt?

383 2861 624 2932 Dignitas
649 2867 846 2937 quippe
872 2880 954 2924 est
983 2873 1286 2940 apostolum
1314 2891 1434 2929 esse
1465 2894 1477 2928 :
1507 2877 1794 2946 dignitates
1820 2880 1945 2935 item

381 2965 507 3009 sunt
548 2958 763 3013 ordines
793 2961 1169 3016 ecclesiastici.
1205 2963 1450 3034 Dignitas
1490 2979 1670 3022 autem
1729 2973 1942 3040 animae,

377 3044 605 3101 virtutes
636 3048 852 3113 habere,
883 3061 976 3105 aut
1003 3067 1188 3106 earum
1219 3055 1479 3123 aliquam.
1502 3056 1604 3122 Qui
1634 3060 1940 3128 bujusmodi

378 3135 690 3204 dignitatem
724 3141 931 3194 obtinet
953 3141 1064 3196 haec
1094 3143 1353 3212 loquitur.

451 3225 570 3278 171.
610 3226 858 3282 Eructent
897 3230 1039 3283 labia
1085 3249 1199 3286 mea
1235 3235 1507 3304 hymnum.
1553 3239 1850 3308 Eructatio,
1887 3252 1944 3297 ut

377 3316 693 3384 plurimum,
733 3323 994 3376 saturatis
1043 3326 1257 3380 accidit.
1298 3315 1458 3384 Novit
1489 3330 1652 3400 igitur
1698 3333 1938 3390 divinum

376 3407 598 3460 verbum
635 3409 966 3476 spiritualem
997 3429 1200 3469 eseam.
1227 3416 1406 3486 ipsum
1436 3421 1600 3490 igitur
1624 3423 1857 3479 Verbum
1884 3445 1942 3484 se

374 3514 565 3568 panem
595 3517 715 3555 esse
759 3504 852 3559 ait.
881 3504 992 3572 Ego
1039 3509 1177 3561 enim
1218 3527 1334 3564 sum
1385 3515 1535 3582 panis
1582 3517 1702 3571 vita:
1743 3520 1831 3588 qui
1878 3522 1941 3574 de

375 3593 504 3644 caelo
551 3594 815 3649 descendit
857 3599 918 3650 ”.
961 3599 1052 3653 Ait
1094 3601 1220 3655 item
1255 3621 1266 3656 :
1303 3601 1405 3667 Qui
1455 3607 1734 3662 manducat
1775 3627 1940 3665 meam

373 3702 603 3753 carnem,
655 3689 807 3742 habet
869 3694 1033 3745 vitam
1081 3696 1136 3748 in
1162 3699 1455 3768 [semetipso
1498 3700 1563 3753 ".
1611 3700 1767 3757 Hunc
1813 3720 1937 3758 cum

374 3781 735 3848 comedimus,
780 3783 1042 3852 hymnum
1086 3799 1419 3846 eructamus.
1462 3790 1610 3846 Hanc
1639 3803 1767 3864 opto
1804 3797 1938 3850 mihi

369 3872 760 3926 eructationem
807 3877 1072 3934 accidere.
1116 3879 1270 3945 Quod
1311 3883 1426 3956 ﬁeri
1469 3869 1655 3956 nequit
1697 3888 1804 3943 nisi
1850 3904 1938 3944 me

368 3962 621 4016 docueris
644 3964 1061 4032 justiﬁcationes
1089 3979 1229 4026 tuas.
1321 3955 1328 3960 ’

440 4053 563 4108 172.
602 4054 912 4113 Pronuntiet
963 4062 1143 4132 lingua
1188 4081 1304 4119 mea
1347 4067 1556 4138 eloquia
1596 4079 1706 4146 tua.
1761 4071 1937 4146 Rogat

369 4145 507 4199 ut'ea
530 4161 652 4216 quae
677 4147 790 4218 ipse
815 4151 1054 4222 loquitur
1073 4154 1180 4210 sint
1203 4157 1429 4212 verbum
1458 4159 1572 4227 Dei,
1589 4161 1744 4230 juxta
1765 4145 1930 4222 illud:

369 4236 526 4304 Aperi
558 4254 615 4292 os
642 4247 788 4292 tuum
811 4241 960 4296 verbo
993 4243 1091 4298 Dei
1119 4246 1182 4299 ⁷⁸.
1206 4237 1529 4317 Hujusmodi
1558 4262 1738 4308 autem
1768 4256 1932 4312 homo

363 4328 537 4384 otiosa
565 4331 727 4386 verba
753 4349 858 4388 non
895 4335 1153 4406 loquitur.
1187 4338 1368 4406 Quare
1395 4341 1596 4400 Paulus
1630 4345 1705 4401 ait
1737 4340 1758 4402 τ’
1784 4347 1930 4404 Illud

2137 1971 2461 2041 Ἐγγισὰτω
2497 1971 2536 2039 ἡ
2579 1971 2789 2040 δέησίς
2804 1991 2923 2042 μου
2947 2014 2961 2029 .
2988 2015 3001 2028 .
3028 2015 3041 2029 .
3069 2016 3081 2030 .
3109 2017 3123 2030 .
3150 2017 3163 2031 .
3193 2017 3207 2030 .
3233 2018 3247 2031 .
3271 2017 3285 2031 .
3314 2019 3327 2032 .
3355 2019 3368 2032 .
3391 2018 3404 2032 .
3422 1979 3643 2033 Εὶσέλ-

2051 2067 2145 2118 σοι
2179 2062 2246 2116 τὸ
2274 2063 2502 2133 ἀξίωμά
2521 2081 2641 2134 μου
2669 2064 2922 2121 ἐνώπιόν
2947 2083 3084 2133 σου,
3117 2071 3310 2138 Κύριε.
3343 2071 3483 2141 Ὅρα
3515 2071 3637 2124 τῶν

2052 2153 2211 2206 θείων
2242 2154 2503 2226 ῥημάτων
2532 2153 2592 2207 τὸ
2619 2153 2904 2211 εὔτακτον.
2961 2158 3183 2230 Πρῶτον
3212 2160 3319 2230 γὰρ
3349 2159 3407 2213 τὸ
3427 2201 3442 2225 ,
3468 2162 3636 2231 ἐγγι-

2050 2244 2212 2299 σάτω
2231 2261 2245 2275 ο
2275 2240 2414 2311 εἷτα,
2437 2246 2498 2298 τὸ
2521 2247 2726 2317 μεῖζον,
2752 2246 2833 2312 τὸ,
2853 2251 3114 2304 εὶσέλθὸι
3131 2250 3195 2303 τὸ
3221 2250 3446 2320 ἀξίωμά
3466 2271 3587 2321 μου
3606 2270 3628 2284 ο

2049 2337 2155 2408 πρὸ
2187 2337 2296 2410 γὰρ
2326 2338 2420 2392 τοῦ
2445 2378 2461 2404 ,
2496 2340 2764 2409 εἰσέλθοι,
2799 2343 2880 2406 τὸ,
2917 2342 3151 2410 ἐγγίσαι.
3211 2343 3463 2411 Ἐγγίσας
3511 2346 3634 2416 γάρ

2047 2447 2131 2493 τις
2158 2429 2354 2495 οἰκίαν,
2390 2431 2485 2485 ἐὰν
2569 2434 2721 2502 φίλος
2740 2433 2834 2488 τοῦ
2861 2434 3232 2489 οἰκοδεσπότου
3253 2475 3268 2499 ,
3295 2435 3401 2488 εξσέ
3412 2453 3622 2506 ρχεται.

2057 2521 2162 2573 "HV
2192 2521 2247 2575 δὲ
2275 2523 2755 2598 κέκληκεδέησιν,
2787 2526 2880 2581 νῦν
2916 2523 3066 2580 εἶπεν
3099 2526 3341 2597 ἀξίωμα,
3380 2529 3527 2597 παρὰ
3561 2529 3636 2582 τὸ

2051 2610 2284 2674 ἀξιοῦν.
2301 2614 2526 2684 Μήποτε
2549 2615 2624 2678 ὡς
2638 2615 2751 2670 ἔστι
2774 2617 3014 2688 κοσμικὰ
3038 2617 3159 2671 καθ’
3182 2618 3446 2690 ὑπεροχὴν
3467 2620 3624 2686 ἀξιώ-

2055 2719 2236 2772 ματα,
2272 2703 2413 2757 οὓτω
2460 2706 2554 2760 καὶ
2595 2707 2834 2778 (pupugi;
2902 2708 3141 2780 ’Ἀξίωμα
3191 2710 3295 2783 γὰρ
3327 2711 3634 2764 ἀπόστολον

2050 2789 2188 2850 εἶναι
2220 2799 2456 2869 Χριστοῦ
2477 2817 2491 2830 °
2525 2800 2810 2872 ἀξιώματα
2844 2804 2936 2858 καὶ
2963 2806 3216 2874 τάγματα
3245 2806 3311 2859 τὰ
3339 2808 3626 2878 ἐκκλησια-

2051 2889 2229 2944 στικά.
2274 2891 2513 2962 Ἀξίωμα
2544 2893 2600 2946 δὲ
2632 2894 2806 2966 ψυχῆς
2836 2896 2930 2948 καὶ
2956 2897 3015 2948 τὸ
3041 2897 3182 2966 ἔχειν
3215 2897 3310 2962 τὰς
3339 2901 3552 2970 ἀρετὰς,
3578 2903 3615 2972 ἦ

2051 2979 2179 3050 μίαν
2204 2982 2404 3037 αὐτῶν.
2476 2984 2535 3038 ’0
2571 2985 2810 3039 τοιοῦτον
2841 2986 2978 3057 ἔχων
3023 2987 3235 3059 ἀξίωμα
3265 2991 3331 3043 τὰ
3375 2994 3614 3062 παρόντα

1970 3103 2020 3168 c
2049 3090 2120 3143 φη
2130 3073 2232 3126 σίν.

2041 3255 2076 3314 Τ
2127 3254 2558 3324 Ἐξερεύξοιντο
2590 3260 2661 3313 τὰ
2688 3261 2861 3329 χείλη
2906 3279 3025 3331 μου
3059 3263 3268 3332 ὕμνον.
3341 3265 3404 3316 Ἢ
3441 3259 3609 3338 έριιγη

2041 3345 2112 3409 ὡς
2143 3347 2235 3399 ἐπὶ
2270 3349 2376 3401 πᾶν
2404 3349 2610 3418 γίνεται
2655 3355 2766 3414 τοῖς
2795 3355 3229 3424 κεκορεσμένοις.
3294 3351 3442 3409 Οἶδεν
3467 3353 3554 3411 οὖν
3581 3364 3613 3411 ὁ

2042 3436 2182 3500 θεῖος
2213 3438 2370 3507 λόγος
2391 3442 2762 3512 πνευματικὴν
2790 3445 3008 3516 τροφήν.
3044 3446 3213 3508 Αὐτὸς
3241 3443 3333 3500 οὖν
3373 3449 3400 3499 ὁ
3440 3448 3606 3516 Λόγος

2042 3530 2206 3600 φησὶν
2233 3529 2396 3600 ἄρτος
2428 3527 2586 3586 εἶναι.
2624 3533 2761 3602 Ἐγὼ
2781 3534 2889 3604 γάρ
2920 3538 3034 3605 εἶμι
3063 3541 3095 3590 ὀ
3125 3538 3300 3604 ἄρτος
3337 3535 3440 3602 τῆς
3462 3536 3606 3606 ζωῆς

2040 3624 2073 3674 ὁ
2101 3622 2170 3686 ἐξ
2220 3624 2478 3691 οὐρανοῦ
2532 3626 2793 3692 καταϐάς
2813 3643 2824 3654 ·
2861 3627 3006 3695 λέγει
3032 3629 3086 3681 δὲ
3114 3630 3232 3682 καί·
3299 3629 3349 3680 Ὀ
3379 3629 3608 3698 τρώγω-

2035 3732 2153 3783 μου
2186 3715 2302 3783 τὴν
2330 3717 2526 3784 σάρκα
2573 3718 2695 3787 ἕχει
2739 3718 2988 3792 («threi-
3032 3721 3242 3786 ἑαυτῷ.
3301 3723 3491 3774 Τοῦτον
3538 3723 3602 3794 δὴ

2040 3807 2325 3875 φάγοντες,
2358 3807 2525 3879 ὕμνον
2553 3812 2911 3882 ὲρευγόμεθα.
2959 3813 3224 3884 Τοιαύτης
3256 3813 3478 3884 εὔχομαι
3505 3832 3600 3867 τυ-

2041 3900 2156 3966 χεῖν
2191 3900 2413 3969 έρυγῆς.
2450 3901 2625 3972 Ὅπερ
2660 3901 2938 3967 ἀδύνατον,
2967 3903 3061 3956 ἐὰν
3091 3905 3162 3975 μή
3197 3921 3265 3974 με
3298 3904 3505 3975 διδάξῃς
3537 3906 3604 3959 τὰ

2037 3988 2401 4060 δικαιώματα.

2105 4081 2419 4151 Φθέγξοιτο
2452 4085 2490 4151 ἠ
2523 4083 2770 4154 γλῶσσά
2788 4105 2906 4156 μου
2946 4089 3017 4143 τὰ
3051 4089 3222 4159 λόγιά
3247 4107 3380 4144 σου.
3439 4089 3598 4160 Εὔχε-

2036 4189 2126 4225 ται
2157 4172 2192 4227 ἃ
2217 4174 2261 4226 δ’
2287 4174 2353 4228 ἂν
2383 4174 2523 4228 εἴποι
2545 4176 2698 4244 λόγον
2721 4174 2857 4231 εἶναι
2889 4179 3044 4243 Θεοῦ,
3077 4180 3215 4233 κατὰ
3247 4181 3338 4234 τόδ
3372 4183 3597 4250 Ἀγοιῖε

2033 4264 2149 4318 σὺν
2176 4267 2370 4336 στόμα
2395 4268 2554 4336 λόγῳ
2584 4269 2749 4323 Θεοῦ.
2820 4271 2877 4324 '0
2909 4271 2965 4324 δὲ
2994 4271 3230 4336 τοιοῦτος
3260 4273 3424 4342 ἀργὸν
3450 4273 3596 4342 ῥῆμα

2031 4357 2090 4411 οὐ
2115 4357 2282 4412 λαλεῖ.
2325 4360 2416 4412 Διό
2468 4377 2630 4431 φησιν
2655 4363 2683 4414 ό
2714 4362 2924 4426 Παῦλος
2947 4379 2960 4392 ⁸
2999 4364 3065 4417 Τὸ
3096 4363 3233 4432 γὰρ,
3278 4366 3358 4418 Οὐ
3387 4366 3594 4432 φονεύ-ι

361 4421 520 4487 enim,
556 4421 678 4476 Non
727 4427 965 4493 occides,
1023 4446 1123 4484 non
1163 4433 1513 4493 mwcbaberis.
1571 4453 1674 4492 non
1723 4441 1923 4509 furtum

2049 4464 2178 4516 γεις,
2206 4452 2277 4505 οὐ
2300 4421 2664 4521 μοιχεύσεις,
2705 4456 2775 4507 οὐ
2806 4455 3077 4523 κλέψεις,
3103 4455 3200 4508 καὶ
3230 4454 3287 4508 εἰ
3314 4472 3404 4522 τις
3431 4455 3595 4526 ἑτέρα

362 4511 546 4580 facies,
576 4525 624 4567 et
655 4516 701 4568 si
742 4519 880 4586 quod
920 4521 1069 4575 aliud
1093 4539 1426 4596 prwceptum,
1455 4531 1507 4584 in
1536 4530 1630 4584 hoc
1660 4532 1810 4586 verbo
1845 4536 1932 4588 in-

359 4613 635 4657 stauratur
666 4621 684 4658 :
714 4608 911 4680 Diliges
941 4617 1239 4680 proximum
1267 4630 1414 4675 tuum
1434 4625 1569 4677 sicut
1609 4628 1828 4695 teipsum
1857 4630 1919 4683 ⁷⁵.

359 4692 496 4749 Nam
527 4696 656 4751 illud
681 4698 891 4767 justitia
917 4714 1000 4759 est
1026 4724 1040 4760 ι
1075 4708 1268 4780 Diliges
1294 4717 1588 4781 proximum
1617 4692 1785 4776 tuum.

431 4875 551 4938 175.
593 4876 721 4934 Fiat
751 4897 940 4937 manus
968 4894 1058 4939 tua
1101 4897 1156 4939 ut
1180 4889 1342 4944 salvet
1380 4910 1476 4948 me.
1509 4895 1785 4965 Signiﬁcat
1811 4917 1920 4956 non

356 4966 555 5025 factam
585 4987 705 5028 esse
732 4989 950 5031 manum
979 4977 1119 5048 ejus,
1144 4983 1236 5037 sed
1265 4984 1382 5053 ejus
1424 4996 1625 5044 statum
1663 5007 1790 5063 erga
1824 5009 1918 5050 eos

356 5066 449 5132 qui
501 5065 728 5123 salutem
769 5083 1197 5142 consequuntur.
1238 5075 1408 5142 Quale
1440 5088 1522 5135 est
1562 5081 1740 5139 illud:
1789 5085 1918 5141 Esto

356 5155 484 5208 mihi
513 5158 568 5210 in
603 5158 764 5214 Deum
789 5174 1130 5232 protectorem
1150 5168 1214 5219 ⁷⁸.

427 5244 549 5300 174.
596 5248 880 5322 Concupivi
921 5255 1156 5310 salutare
1211 5267 1379 5324 tuum,
1416 5258 1654 5316 Domine.
1689 5261 1748 5317 Si
1785 5265 1918 5321 velis

357 5339 656 5405 retrogredi
702 5350 756 5396 et
799 5347 1080 5412 superiora
1122 5351 1425 5419 respicere,
1479 5353 1715 5409 salutare
1761 5363 1914 5410 tuum

358 5425 611 5486 Christus
634 5442 737 5487 est.
761 5432 918 5492 Jesus
949 5440 1092 5493 enim
1115 5442 1382 5512 signiﬁcat
1405 5445 1503 5498 Dei
1533 5445 1702 5500 salus.
1726 5445 1824 5502 Hic
1848 5449 1915 5503 ad

355 5533 457 5574 nos
479 5521 680 5578 missus
694 5537 795 5581 est.
823 5527 992 5598 (Alius
1011 5533 1215 5603 codex.)
1233 5534 1379 5606 Opus
1407 5548 1489 5595 est
1530 5543 1915 5612 concupiscere

2025 4541 2267 4610 ἐντολὴ,
2299 4543 2371 4598 ἐν
2397 4542 2478 4610 τῷ
2505 4546 2664 4614 λόγῳ
2694 4545 2882 4612 τούτῳ
2909 4547 3447 4615 ἀνακεφαλαιοῦται
3501 4549 3589 4614 τὸ,

2039 4634 2396 4704 Ἀγαπήσεις
2429 4635 2534 4689 τὸν
2565 4637 2834 4703 πλησίον
2858 4652 2974 4690 σου
3000 4637 3077 4704 ὡς
3105 4637 3337 4690 ἑαυτόν.
3395 4640 3594 4707 Δικαιο-

2027 4725 2160 4794 σύνη
2190 4725 2298 4794 γάρ
2324 4725 2479 4779 τοῦτό
2507 4728 2622 4780 ἐστι
2654 4727 2715 4779 τό
2733 4743 2747 4756 ³
2811 4726 3166 4797 ’Δγαπήσεις
3193 4727 3301 4780 τὸν
3333 4729 3591 4796 πλησίον

2025 4835 2161 4872 σου.

2041 4886 2068 4897 ﬂ
2092 4909 2367 4964 Γενέσθω
2399 4910 2436 4975 ἡ
2463 4910 2592 4977 χείρ
2624 4924 2738 4962 σου
2769 4909 2874 4964 τοῦ
2903 4909 3102 4966 σῶσαί
3146 4931 3241 4982 με.
3300 4913 3456 4984 Δηλοί
3483 4912 3589 4986 γὰρ

2022 5002 2082 5055 οὑ
2116 5000 2213 5073 τὴν
2249 5001 2368 5054 κατ’
2395 5000 2580 5053 οὐσίαν
2606 5000 2818 5068 γένεσιν
2839 5001 3006 5072 αὐτῆς
3024 5042 3039 5066 ,
3083 5003 3216 5057 ἀλλὰ
3241 5003 3338 5075 τήν
3364 5004 3492 5076 πρὸς
3521 5005 3589 5059 τά

2024 5092 2307 5163 σωζόμενα
2342 5091 2544 5161 σχέσιν.
2617 5092 2828 5145 Ὀποῖον
2863 5093 2956 5146 καὶ
3001 5094 3089 5146 τό⁸
3123 5096 3174 5147 Γ
3173 5094 3315 5148 ενοῦ
3363 5112 3461 5164 μοι
3501 5098 3588 5160 εις

2023 5184 2169 5239 Θεὸν
2197 5181 2678 5252 ὑπερασπιστήν.

2103 5275 2479 5341 Ἐπεπόθησα
2519 5273 2584 5326 τὸ
2611 5273 2903 5342 σωτήριόν
2947 5289 3084 5336 σου,
3111 5277 3306 5343 Κύριε.
3357 5275 3478 5329 Ἐὰν
3505 5273 3567 5329 θέι

2022 5366 2118 5437 λης
2141 5366 2472 5436 ὲπαναόἧναι
2493 5365 2569 5437 τῷ
2602 5366 2763 5436 λόγῳ,
2795 5367 2855 5419 τὸ
2876 5368 3139 5438 σωτήριόν
3169 5385 3259 5422 σου
3289 5371 3317 5423 ὁ
3357 5369 3582 5439 Χριστός

2021 5459 2184 5509 ἐστιν.
2204 5455 2406 5526 Ἰησοῦς
2427 5457 2535 5528 γὰρ
2565 5457 2921 5526 ἑρμηνεύεται
2942 5459 3089 5512 Θεοῦ
3114 5461 3393 5531 σωτηρίᾳ.
3423 5455 3584 5524 Οὗτος

2024 5550 2153 5616 ἡμῖν
2187 5547 2458 5618 ἐπέμφθη.
2527 5548 2726 5616 Ἔργον
2778 5547 2892 5599 ἐστὶ
2925 5548 2984 5599 τὸ
3025 5550 3302 5604 ἐπιποθεῖν
3335 5551 3427 5603 τοῦ
3453 5551 3584 5604 Θεοῦ

421 5701 467 5735 ⁷⁸
491 5701 644 5760 Joan.
673 5724 745 5774 vn,
771 5709 856 5763 55,
935 5714 979 5743 ⁷³
1017 5715 1146 5770 ibid.
1173 5718 1260 5771 53.
1335 5720 1378 5750 ⁷⁵
1404 5720 1562 5777 Prov.
1598 5726 1814 5786 xxxu‘).
1863 5727 1906 5760 ’⁸

2049 5743 2098 5780 ιι.
2141 5743 2256 5794 xm,
2284 5727 2336 5781 9.
2419 5727 2463 5759 "
2499 5727 2642 5781 Psal.
2681 5727 2868 5794 xxx,5
