3778 6276
168 206 283 261 5.39

1300 213 1659 271 EXPOSITIO
1693 215 1759 270 lN
1798 213 2124 276 PSALMUM
2158 225 2317 281 CXX.

3351 230 3453 291 διο

170 326 240 382 τὶ
264 329 577 399 σωτήριον.
616 330 680 384 Οί
710 330 821 402 γὰρ
851 331 1035 386 πολλοὶ
1059 333 1122 386 τὸ
1152 335 1292 388 κατὰ
1326 336 1503 407 σάρκα
1533 338 1757 391 ποθοῦσι

1896 340 2123 400 salutare
2190 346 2301 401 Dei.
2354 347 2505 403 Multi
2546 348 2695 404 enim
2730 363 2849 420 quae
2890 350 3189 416 secundum
3233 366 3454 407 carnem

170 416 251 470 Τὸ
273 417 333 471 δὲ
356 418 459 470 τοῦ
494 419 661 483 Θεοῦ,
677 421 739 473 τὸ
760 423 819 474 ἐν
851 422 997 492 αὐτῷ
1020 423 1286 493 σωθῆναι,
1318 428 1379 479 τὸ
1405 429 1462 480 ἐν
1491 428 1638 500 αὐτῷ
1663 431 1786 483 ἀνα-

1886 444 2016 489 sunt
2050 439 2461 509 concupiscunt.
2508 439 2665 507 Quod
2706 450 2888 496 autem
2929 442 3226 498 secundum
3258 440 3452 511 Deum,

173 509 492 575 παύεσθαι,
530 511 941 583 κληρονομῆσαι
970 514 1038 567 τὰ
1073 514 1221 584 ἅγια.
1255 518 1424 571 Τοῦτο
1448 520 1557 591 γάρ
1583 522 1700 574 ἐστι
1722 538 1757 574 τι

1896 534 1989 591 est,
2018 528 2071 581 in
2113 529 2231 599 ipso
2266 531 2494 586 salutem
2526 533 2810 602 consequi,
2838 533 2894 587 in
2936 533 3055 602 ipso
3087 509 3449 603 requiescere,

174 600 455 670 σωτήριον
480 600 584 654 τοῦ
614 601 824 675 Θεοῦ,ή
859 602 1074 668 αἰώνιος
1094 605 1229 677 ζωή.
1269 608 1429 661 Ἀλλὰ
1449 612 1541 663 καὶ
1578 611 1757 683 Ἰησοῦς

1896 629 2068 675 sancta
2101 622 2155 675 in
2198 622 2565 679 hereditatem
2612 600 2876 692 accipere.
2926 600 3060 679 Illud
3082 600 3318 694 namque
3367 632 3456 680 est

172 689 563 759 ἑρμηνεύεται
597 694 747 748 Θεοῦ
762 694 1076 764 σωτήρων,
1098 698 1372 769 πεμφθεὶς
1400 702 1531 772 ἡμῖν
1561 703 1653 754 ἐπὶ
1671 720 1780 756 σω-

170 782 377 925 7:19-1:6-
417 776 492 835 οὗ
520 784 667 855 πρὸς
691 786 783 840 τὸν
816 787 978 843 πόθον
1004 790 1032 842 ὁ
1053 789 1221 845 θέλων
1251 792 1466 846 ὁδεῦσαι
1495 793 1779 867 μελετήσει

171 874 262 924 τὸν
360 890 499 925 nov.
1752 913 1757 919 η

184 890 262 924 τον
291 890 499 945 νομον.

244 1046 521 1115 Ζήσεται
588 1052 629 1120 ἡ
665 1054 836 1121 ψυχή
859 1070 1003 1123 μου,
1067 1058 1167 1112 καὶ
1208 1058 1436 1114 αἰνέσει
1492 1077 1585 1116 σε.
1646 1062 1777 1134 Περὶ

182 1141 494 1213 μελλούσης
517 1143 673 1212 λέγει
698 1144 865 1215 ζωῆς.
913 1147 975 1202 Ἠ
994 1148 1102 1218 γὰρ
1125 1147 1236 1219 ζωὴ
1258 1151 1429 1221 ήμῶν
1453 1153 1775 1221 κέκρυπται

178 1234 289 1286 σὺν
331 1234 424 1301 τῷ
470 1235 713 1304 Χριστῷ
738 1238 807 1291 ἐν
834 1237 915 1305 τῷ
944 1238 1085 1305 Θεῷ.
1137 1239 1269 1295 Τότε
1321 1243 1524 1316 κυρίως
1553 1246 1771 1312 αἰνέσω,

176 1327 287 1379 τότε
327 1327 621 1399 βοηθῆσαί
669 1347 760 1401 μοι
778 1346 795 1361 ο
825 1331 895 1386 τὰ
926 1333 1188 1405 ὲπιϐόητα
1218 1335 1483 1406 γενόμενα
1512 1336 1619 1390 τῶν
1650 1353 1773 1406 κρι-

176 1419 424 1487 νομένων
464 1437 552 1474 σοι
587 1422 831 1495 κρίματα
860 1423 939 1494 τῷ
966 1425 1064 1496 μὲν
1087 1425 1280 1498 δικαίῳ
1308 1429 1476 1503 χωρὶς
1501 1428 1771 1501 βασάνων,

178 1512 247 1583 τῷ
269 1513 333 1565 δὲ
367 1513 632 1585 δεομένῳ
659 1516 748 1570 διὰ
777 1516 1044 1588 βασάνων.

247 1606 664 1675 Ἐπλανήθην
689 1608 770 1674 ὡς
800 1608 1099 1679 πρόϐατον
1128 1610 1462 1678 ἀπωλολός.
1529 1612 1682 1666 Μετὰ
1711 1612 1773 1666 τὸ

1881 711 2121 766 salutare
2146 712 2260 780 Dei,
2277 722 2477 781 aeterna
2496 715 2622 768 vita.
2645 715 2757 769 lmo
2780 714 2942 769 etiam
2967 713 3124 769 Jesus
3149 715 3455 784 explicatur

1879 798 1980 852 Dei
2006 801 2262 867 salutare,
2288 803 2415 872 quia
2444 803 2647 857 missus
2686 811 2770 857 est
2797 803 2957 858 nobis
2984 796 3051 857 ad
3089 804 3342 857 salutem.
3364 802 3448 857 Ad

1752 913 1757 919 ~
1875 888 2040 958 cujus
2059 891 2394 947 desiderium
2417 893 2461 948 si
2492 894 2619 963 quis
2647 892 2898 949 incedere
2918 892 3068 959 velit,
3094 891 3449 948 meditabitur

1877 976 2072 1048 legem.

1952 1070 2073 1126 175.
2115 1068 2260 1124 Vivet
2308 1071 2491 1124 animo
2531 1087 2648 1125 mea
2677 1081 2726 1124 et
2752 1071 2996 1125 laudabit
3028 1082 3097 1126 te.
3134 1070 3210 1127 De
3256 1070 3445 1127 futura

1876 1162 1984 1218 vita
2022 1163 2279 1233 loquitur.
2314 1162 2457 1217 Nam
2493 1167 2600 1218 vita
2642 1175 2824 1220 nostra
2867 1166 3174 1219 abscondita
3216 1175 3292 1219 est
3322 1182 3443 1220 cum

1875 1252 2080 1307 Christo
2127 1254 2183 1307 in
2233 1253 2341 1307 Deo
2398 1254 2463 1307 ⁷⁷.
2515 1254 2669 1311 Tunc
2716 1256 2937 1327 preprie
3000 1256 3265 1320 laudabo,
3314 1267 3445 1311 tunc

1874 1343 2140 1398 auxiliare
2191 1343 2347 1397 mihi.
2395 1342 2655 1399 Laudabo
2703 1345 2911 1401 scilicet
2955 1346 3161 1415 judicia
3208 1355 3296 1400 tua
3351 1346 3442 1401 illa

1873 1435 2179 1498 decantata,
2228 1435 2295 1490 de
2324 1435 2474 1505 justo
2500 1436 2609 1490 lata
2643 1437 2764 1492 sine
2796 1438 3081 1492 tormentis
3106 1476 3122 1503 ,
3166 1437 3234 1492 de
3275 1438 3442 1493 noxio

1873 1543 1998 1582 cum
2022 1528 2332 1582 tormentis.

1948 1618 2066 1673 176.
2101 1617 2294 1673 Erraoi
2313 1619 2450 1674 sicut
2477 1620 2586 1673 ovis
2610 1635 2728 1690 qua:
2746 1619 2925 1690 periit.
2955 1618 3251 1689 Postquam
3275 1633 3442 1689 opera

174 1701 345 1751 εἰπεῖν
374 1700 519 1770 περὶ
540 1698 707 1753 αὐτοῦ
725 1699 874 1771 ’ἔργα
899 1701 1303 1772 κατορθωκότος
1322 1743 1338 1766 ,
1389 1704 1551 1758 πάλιν
1573 1705 1757 1775 πρόϐα·

1896 1719 2021 1767 'ecte
2044 1727 2074 1765 a
2101 1728 2158 1767 se
2179 1720 2328 1782 gesta
2356 1712 2619 1777 narravit,
2642 1728 2863 1768 rursum
2892 1712 3045 1768 aitse
3069 1726 3228 1767 ovem
3252 1726 3443 1766 erran-

169 1806 259 1843 τον
287 1790 501 1844 ἑαυτὸν
534 1791 949 1863 πεπλανημένον
978 1788 1118 1847 εἶναι
1149 1793 1317 1862 λέγει,
1338 1795 1765 1867 ταπεινοφροσύ-

167 1899 270 1949 νην
303 1879 695 1951 ἐπιτηδεύων,
756 1880 897 1936 κατὰ
925 1883 989 1937 τὸ
1038 1884 1323 1957 εἰρημένον
1371 1886 1474 1939 ὑπὸ
1521 1887 1764 1958 Κυρίου⁵

170 1968 370 2020 Ὅταν
390 1966 599 2023 πάντα
616 1970 1045 2041 ωθορθώσητε,
1070 1973 1275 2044 λέγετε
1295 1991 1307 2005 ·
1330 1975 1541 2030 Δοῦλοι
1569 1976 1755 2045 ἀχρεῖ·

165 2058 229 2111 οἰ
266 2059 491 2129 ἐσμεν.

553 2151 677 2222 ῼδὴ
711 2151 829 2207 τῶν
870 2154 1240 2224 ἀναϐαθμῶν.
1283 2160 1363 2213 ΡΙ
1364 2160 1422 2211 9'
1428 2197 1441 2211 .

819 2244 833 2262 ⁹
844 2245 1152 2310 Υπόθεσις.

166 2330 292 2383 Τδν
323 2331 558 2403 πρώτην
602 2332 746 2404 ᾠδὴν
779 2334 886 2388 τῶν
922 2336 1249 2408 ἀναϐαθμῶν
1300 2338 1415 2411 ᾄδει
1454 2338 1535 2411 τῷ
1585 2339 1702 2412 Θεῷ
1733 2340 1763 2395 ὁ

218 2421 315 2472 ’ὲν
362 2420 647 2476 Βαϐυλῶνι
695 2422 839 2487 λαὸς,
891 2424 1174 2496 ἀδημονῶν
1219 2427 1312 2480 ἐπὶ
1353 2428 1429 2500 τῷ
1456 2430 1617 2501 μήκει
1661 2431 1763 2502 τῆς

251 2511 660 2580 αἰχμαλωσίας,
697 2516 791 2568 καὶ
820 2516 1109 2586 εὐχόμενος
1134 2518 1582 2593 ἐλευθερωθῖψαι.

250 2602 418 2669 Πρὸς
444 2603 662 2673 Κύριον
683 2606 756 2658 ἐν
779 2604 859 2671 τῷ
886 2608 1195 2664 θλίϐεσθαι
1230 2628 1301 2677 με
1329 2610 1625 2682 ἐκέκραξα

168 2694 405 2762 Κύριε,
432 2693 622 2762 ῥῦσαι
666 2696 780 2766 τὴν
805 2698 1016 2769 ψυχήν
1040 2719 1159 2767 μου
1196 2703 1315 2757 ἀπὸ
1351 2704 1599 2774 χειλέων
1632 2706 1760 2761 ἀδί-

173 2801 309 2837 κων
343 2785 443 2838 καί
476 2785 595 2840 ἀπὸ
627 2787 915 2859 γλώσσης
942 2790 1169 2860 δολίας.
1204 2795 1329 2858 Πῶς
1348 2796 1456 2869 γὰρ
1479 2798 1578 2851 οὐκ
1603 2798 1762 2854 ἄδικα

175 2875 340 2947 χείλη
371 2875 479 2928 τῶν
510 2878 888 2945 Βαϐυλωνίων,
913 2880 981 2936 τὰ
1006 2885 1105 2954 τὴν
1129 2886 1568 2960 εἰδωλολατρείαν
1612 2890 1759 2962 ὡμο-

175 2966 478 3037 λογηκότα.
510 2970 657 3043 Αὐτὴ
688 2971 745 3025 δὲ
782 2973 874 3026 καὶ
905 2974 1126 3042 γλῶσσα
1168 2976 1393 3049 κληθείη
1426 2979 1575 3033 δολία
1595 3020 1611 3045 ,
1661 2981 1759 3035 ἆτε

183 3056 362 3127 μηδὲν
393 3058 555 3124 εὐθὲς
587 3061 827 3118 λαλοῦσα
858 3066 986 3137 περὶ
1015 3065 1170 3122 Θεοῦ.
1204 3072 1210 3078 ’

255 3151 326 3204 Tl
367 3151 569 3220 δοθείη
623 3168 721 3208 σοι
744 3195 760 3220 ,
809 3157 905 3211 καί
958 3159 1014 3211 τι
1062 3162 1414 3231 προσ-τεθείη
1468 3180 1567 3219 σοι
1617 3167 1765 3235 πρὸς

177 3241 481 3313 τλῶσσαν
503 3243 750 3311 bellor;
801 3246 876 3302 Τὰ
909 3248 1069 3320 ,βέλη
1106 3252 1214 3307 τοῦ
1253 3252 1514 3310 δυνατοῦ
1548 3257 1768 3326 ἠκονη-

173 3331 355 3403 μένα.
394 3333 461 3387 Τί
488 3334 650 3421 πλέον
677 3336 894 3408 δοθῆναί
922 3357 1003 3394 σοι
1051 3345 1221 3408 αἰτεῖς
1247 3384 1261 3408 ,
1296 3346 1458 3417 φησιν
1477 3388 1492 3413 ,
1530 3347 1563 3419 ἢ
1591 3348 1643 3400 τί
1675 3348 1764 3402 θέ-

177 3424 299 3487 λεις
334 3424 426 3477 ἒτε
435 3442 525 3495 ρον
548 3428 909 3501 προστεθῆναί
932 3439 1012 3485 σοι
1033 3433 1128 3488 τοῦ
1154 3434 1296 3488 κατὰ
1324 3436 1433 3490 τῶν
1454 3437 1641 3491 δολίων
1660 3455 1767 3509 χει-

176 3519 359 3585 λέων;
396 3519 537 3591 Ben;
566 3520 739 3593 πυρὸς
766 3523 941 3593 μεστὰ
972 3524 1270 3597 ὲξαφθῆναι
1301 3527 1451 3597 παρὰ
1481 3527 1576 3582 τοῦ
1608 3529 1767 3583 δυνα-

175 3609 301 3663 τοῦ.
340 3610 607 3680 Σημαίνει
652 3610 713 3664 δὲ
750 3611 847 3684 τὴν
902 3613 1045 3668 κατά
1092 3616 1200 3669 τῶν
1248 3616 1599 3672 Βαϐυλωνίων
1639 3619 1763 3674 ἤσον

174 3700 337 3754 οὔπω
357 3701 635 3774 τιμωρίαν
665 3703 951 3778 ἐσομένην.

252 3794 325 3848 Ol
343 3812 473 3864 μοι,
498 3794 587 3848 ὅτι
623 3796 662 3864 ἠ
692 3798 972 3864 παροικία
989 3816 1109 3869 μου
1139 3801 1498 3871 ἐμακρύνθη.
1542 3803 1766 3876 Ἑτέραν

175 3887 397 3955 αἰτησιν
424 3884 643 3956 εὔχεται
673 3887 825 3959 παρά
866 3888 1001 3944 Θεοῦ
1025 3932 1041 3958 ,
1088 3893 1188 3964 τῆς
1227 3894 1516 3965 παροικίας
1549 3894 1763 3949 ἐλευθε-

178 3976 445 4048 ρωθῆναι.
493 3978 941 4047 Κατεσκήνωσα
999 3983 1150 4053 μετὰ
1198 3984 1317 4039 τῶν
1358 3987 1766 4057 σκηνωμάτων

175 4066 403 4135 Κηδὰρ.
436 4065 604 4139 Χώρα
629 4086 714 4132 τις
732 4070 880 4123 ἐστὶν
909 4073 943 4143 ἡ
974 4074 1166 4145 Κηδάρ
1190 4077 1283 4130 ἐπὶ
1310 4077 1408 4148 τῆς
1424 4079 1631 4150 ἐρήμου
1663 4080 1764 4152 τῆς

179 4160 321 4231 πρὸς
356 4160 623 4227 ἀνατολὰς
656 4162 883 4235 κειμένη
903 4201 920 4229 ,
955 4165 1051 4219 καὶ
1091 4167 1251 4241 μέχρι
1281 4170 1382 4241 τῆς
1409 4171 1634 4243 Περσῶν
1661 4188 1765 4226 πα·-

175 4254 522 4325 ρατείνουσα,
556 4256 623 4327 ἦν
655 4255 811 4324 γένος
840 4256 1172 4331 Σαρακηνῶν
1201 4263 1359 4319 οἰκεῖ.
1382 4264 1590 4319 Πολλὰ
1615 4282 1765 4335 παρ-

172 4346 418 4415 ὠκησεν
441 4348 483 4415 ἡ
515 4349 687 4416 ψυχή
711 4365 854 4418 μου·

1873 1811 1981 1858 tem
2024 1801 2217 1865 fuisse,
2264 1804 2557 1859 humilitati
2594 1820 2818 1868 vacans.
2846 1804 3001 1874 juxta
3047 1803 3181 1857 illud
3222 1802 3440 1856 Domini

1870 1894 2074 1951 dictum
2098 1913 2113 1950 :
2143 1893 2276 1950 Cum
2304 1898 2480 1951 omnia
2502 1898 2848 1967 perfeceritis,
2876 1896 3036 1952 dicite
3059 1911 3077 1963 ς
3110 1894 3256 1951 Servi
3278 1894 3443 1948 inuti-

1872 1989 1947 2043 les
1984 2004 2166 2043 sumus
2197 1988 2267 2041 ⁷⁸.
3090 1989 3093 1992 ’

2219 2157 2494 2213 Canticum
2530 2156 2811 2227 graduum.
2877 2153 3061 2210 CXIX

2461 2249 2859 2317 Argumentum.

1869 2338 2110 2393 Primam
2136 2336 2400 2407 graduum
2447 2336 2734 2392 canticum
2773 2335 2883 2391 Deo
2930 2334 3078 2390 canit
3119 2334 3353 2404 populus
3384 2336 3442 2392 in

1942 2429 2219 2502 Babylone
2250 2430 2602 2495 constitutus,
2632 2437 2894 2499 pertaesus
2922 2429 3444 2500 diuturnaecaptivi-

1876 2521 1881 2526 ’
1938 2521 2088 2587 tatis,
2123 2529 2178 2575 et
2217 2534 2422 2589 rogans
2454 2519 2782 2574 libertatem.

1939 2614 1993 2677 Ι,
2017 2614 2073 2667 2.
2109 2612 2191 2665 Ad
2252 2611 2538 2666 Dominum
2585 2627 2702 2665 cum
2748 2610 3033 2665 tribularer
3084 2610 3309 2665 clamavi
3333 2649 3348 2663 .
3379 2648 3395 2664 .
3420 2650 3438 2666 .

1866 2700 2121 2762 Domine,
2162 2700 2594 2768 liberaianimam
2627 2717 2797 2755 meam
2821 2719 2853 2754 a
2882 2701 3037 2755 labiis
3070 2699 3265 2771 iniquis
3284 2742 3299 2764 ,
3330 2711 3380 2755 et
3406 2718 3443 2755 α

1867 2793 2049 2864 lingua
2068 2791 2274 2847 dolosa.
2312 2791 2434 2859 Quo
2456 2802 2615 2863 pacto
2641 2808 2747 2848 non
2775 2792 2987 2863 iniqua}
3013 2791 3437 2863 Babyloniorum

1867 2882 2010 2938 labia
2032 2922 2048 2949 ,
2083 2898 2205 2954 qua:
2237 2882 2597 2938 idololatriam
2625 2882 3058 2953 proﬁtebantur?
3094 2879 3219 2936 Haec
3259 2892 3438 2937 autem

1865 2974 2051 3045 lingua
2082 2984 2229 3030 recte
2255 2974 2448 3030 dolosa
2483 2981 2745 3041 vocetur,
2795 2982 2980 3044 utpote
3006 2988 3127 3043 quae
3167 2972 3303 3026 nihil
3354 2988 3441 3029 re-

1789 3083 1833 3140 c
1865 3076 2015 3124 ctum
2044 3069 2112 3124 de
2144 3068 2256 3124 Deo
2283 3068 2558 3139 loquatur.

1935 3158 1990 3225 5,
2018 3158 2073 3213 4.
2115 3156 2257 3223 Quid
2298 3158 2452 3212 detur
2482 3157 2601 3223 tibi,
2635 3166 2727 3210 aut
2756 3157 2882 3226 quid
2910 3167 3204 3226 apponatur
3236 3156 3330 3210 tibi
3368 3156 3439 3211 ad

1866 3246 2099 3318 linguam
2148 3246 2436 3304 dolosam?
2484 3246 2706 3317 Sagittae
2758 3248 2985 3316 potentis
3029 3256 3217 3302 acutte.
3297 3245 3439 3314 Quid

1865 3337 2006 3393 ultra
2037 3337 2155 3394 dari
2187 3338 2281 3393 tibi
2309 3339 2555 3408 postulas
2576 3378 2591 3404 ,
2641 3338 2852 3408 inquit,
2886 3346 2981 3393 aut
3014 3340 3145 3408 quid
3176 3338 3320 3392 aliud
3356 3337 3439 3393 vis

1867 3429 2032 3499 adjici
2063 3430 2161 3486 tibi
2192 3430 2458 3486 adversus
2499 3431 2715 3501 linguas
2744 3430 3000 3487 dolosas?
3047 3430 3282 3503 Sagittas
3312 3430 3439 3500 igne

1869 3523 2060 3593 plenas
2086 3537 2118 3576 a
2147 3532 2367 3593 potente
2402 3523 2677 3580 incensas.
2733 3519 3014 3590 Signiﬁcat
3048 3530 3229 3576 autem
3259 3520 3440 3592 Baby-

1867 3613 2145 3668 loniorum
2175 3612 2439 3669 ultionem
2469 3627 2594 3668 mox
2625 3612 2886 3668 futuram.

1936 3792 1990 3856 5,
2022 3790 2075 3846 6.
2105 3790 2225 3846 Heu
2253 3792 2382 3845 mihi
2401 3831 2416 3857 ,
2451 3793 2577 3863 quia
2613 3792 2875 3846 incolatus
2925 3807 3068 3847 meus
3095 3791 3436 3862 prolongatus

1863 3885 1984 3941 est!
2012 3885 2175 3941 Aliud
2199 3900 2230 3939 a
2257 3884 2369 3940 Deo
2399 3886 2636 3954 postulat
2661 3927 2677 3952 ,
2712 3886 2970 3940 nimirum
3006 3894 3064 3940 ut
3100 3885 3169 3940 ab
3198 3885 3436 3940 incolatu
3510 3908 3515 3915 ·

1864 3977 2145 4033 liberetur.
2196 3976 2453 4032 Habitavi
2482 3993 2603 4032 cum
2635 3977 3051 4031 habitationibus
3081 3975 3271 4031 Cedar.
3328 3977 3434 4033 Ce-

1864 4072 1966 4128 dar
1995 4071 2147 4143 regio
2177 4070 2423 4141 quaedam
2446 4079 2530 4126 est
2557 4070 2625 4125 ad
2652 4085 2896 4125 eremum
2936 4085 3127 4125 versus
3168 4070 3433 4153 orientem

1867 4162 1997 4228 sita,
2029 4170 2085 4218 et
2119 4176 2296 4232 usque
2335 4161 2403 4216 ad
2446 4161 2724 4217 Persidem
2767 4161 3082 4231 pertingens
3103 4200 3119 4226 ,
3153 4175 3317 4228 quam
3344 4160 3434 4213 in-

1863 4256 1994 4311 colit
2015 4254 2413 4309 Saracenorum
2437 4268 2631 4324 genus.
2666 4252 2893 4306 Multum
2925 4251 3099 4305 incola
3128 4251 3228 4319 fuit
3253 4251 3434 4305 anima

1864 4361 2001 4400 mea.

241 4437 408 4492 Μετὰ
435 4436 555 4490 τῶν
574 4440 920 4508 μισούντων
954 4438 1202 4508 εἰρήνην
1238 4437 1404 4509 ἤμην
1440 4443 1757 4513 εἰρηνικός.

1938 4436 1990 4489 7.
2019 4433 2152 4490 Cum
2187 4436 2269 4488 Itis
2292 4434 2382 4504 qui
2406 4434 2629 4487 oderunt
2647 4449 2827 4502 pacem
2853 4449 2996 4487 eram
3020 4432 3272 4502 paciﬁcus
3294 4429 3430 4501 (50).

174 4528 361 4584 Κακία
407 4527 765 4583 Βαϐυλωνίων
810 4529 871 4583 τὸ
916 4530 1174 4602 πολεμεῖν
1233 4530 1348 4584 ἀντ’
1398 4530 1609 4598 οὐδενὸς
1650 4539 1787 4600 τοῖς.

175 4620 575 4694 εἰρηνεύουσιν.
623 4623 685 4675 Εἰ
709 4624 783 4695 μή
819 4640 871 4676 τι
896 4618 1003 4679 δέοι
1047 4622 1301 4695 κριτικῆς
1334 4625 1601 4696 τιμωρίας
1624 4666 1639 4691 ,
1695 4630 1761 4701 ἦν

175 4716 316 4768 κατὰ
344 4712 672 4767 Χαναναίων
713 4715 809 4769 καὶ
842 4715 1183 4788 Ἀμορραίων
1229 4716 1526 4771 ἐπέταττεν
1551 4720 1580 4772 ὁ
1605 4719 1755 4788 Θεὸς,

172 4806 273 4877 τὴν
318 4805 458 4876 πρὸς
496 4805 693 4870 αὐτοὺς
734 4807 1097 4880 ἀπαγορεύων
1142 4808 1343 4879 φιλίαν.
1383 4810 1445 4864 Oi
1477 4809 1534 4863 δὲ
1566 4810 1737 4879 φαῦλο

174 4898 313 4969 πρὸς
331 4897 558 4961 τούτους
580 4898 906 4969 ἀσύμϐατοι,
942 4901 1041 4972 τὴν
1070 4900 1378 4956 θεοσέϐειαν
1407 4901 1757 4975 βδελυττόμε-

174 5004 274 5042 νοι.
324 4987 515 5042 Ὅταν
553 4988 820 5043 ἐλάλουν
865 4990 1069 5058 αὐτοῖς
1087 5029 1103 5056 ,
1149 4991 1486 5062 ἐπολέμουν
1529 5012 1607 5063 με
1648 4995 1729 5049 δω

168 5077 337 5146 ρεάν.

532 5170 673 5240 ’ῼδὴ
705 5171 825 5225 τῶν
855 5171 1230 5242 ἀναϐαθμῶν.
1277 5176 1409 5231 PK'.

807 5262 821 5282 '
833 5260 1140 5331 Υπόθεσις.

179 5349 286 5423 Τὴν
312 5350 576 5423 δευτέραν
600 5350 744 5423 ᾠδὴν
774 5351 912 5423 ᾅδει,
947 5352 1344 5425 προαπολυθεὶς
1389 5356 1486 5426 μὲν
1524 5359 1622 5427 τῆς
1665 5362 1749 5412 αἱ-

245 5442 587 5514 χμαλωσίας,
622 5445 682 5499 ἐν
706 5442 895 5514 esset
916 5443 1113 5499 ὁδεύων
1138 5447 1234 5517 τῆς
1269 5450 1482 5517 μακρᾶς
1513 5450 1634 5504 ςιδοῦ
1657 5454 1753 5524 τῆς

247 5546 291 5578 ’⁷
322 5546 536 5602 Coloss.
571 5562 653 5610 ιιι,
686 5546 740 5601 ’5.
815 5547 862 5579 ⁷⁸
893 5547 1023 5606 an.
1049 5567 1177 5617 xvn,
1213 5552 1294 5606 l0.

245 5637 356 5705 (50')
391 5637 638 5694 Incertus
674 5640 844 5695 locus.

1869 4527 1944 4584 Ea
1966 4536 2084 4584 erat
2125 4527 2327 4582 malitia
2350 4524 2796 4597 Babyloniorum,
2824 4535 2883 4580 ut
2905 4526 3052 4581 nulla
3081 4526 3149 4580 de
3173 4540 3337 4580 causa
3363 4525 3433 4580 iis

1866 4624 1960 4694 qui
1992 4636 2179 4693 pacem
2215 4619 2470 4677 colebant
2492 4617 2694 4674 bellum
2726 4616 3011 4672 inferrent.
3055 4615 3170 4672 Nisi
3199 4616 3432 4672 fortasse

1863 4712 2122 4783 respiciat
2159 4709 2484 4780 supplicium
2515 4708 2660 4779 quod
2699 4708 2766 4764 de
2799 4708 3122 4763 Chananaeis
3157 4714 3211 4761 et
3236 4707 3432 4760 Amor-

1863 4805 2026 4861 rbaeis
2052 4803 2196 4861 sumi
2224 4803 2481 4872 praecepit
2503 4801 2666 4866 Deus,
2695 4809 2886 4857 vetans
2910 4816 2978 4856 ne
3007 4800 3301 4855 amicitiam
3346 4799 3432 4851 in-

1862 4899 2005 4953 irent
2035 4911 2159 4951 cum
2191 4894 2322 4950 illis.
2356 4892 2514 4949 Nulla
2544 4903 2725 4948 autem
2766 4902 2851 4949 est
2875 4892 3008 4962 ipsis
3038 4891 3275 4945 amicitia
3303 4904 3429 4944 cum

1862 4988 2125 5059 improbis
2161 4987 2254 5056 qui
2288 5001 2474 5042 veram
2503 4986 2823 5056 religionem
2851 4992 3233 5039 exsecrantur.
3292 4980 3428 5037 Cum

1856 5079 2105 5150 loquebar
2137 5079 2268 5143 illis,
2304 5077 2682 5148 impugnabant
2710 5093 2789 5131 me
2820 5075 3008 5146 gratis.

2176 5172 2227 5225 l.
2284 5169 2563 5227 Canticum
2591 5168 2869 5239 graduum.
2940 5163 3106 5224 CXX.

2434 5262 2837 5332 Argumentum.

1860 5354 2175 5412 Secundum
2212 5353 2529 5409 modulatur
2559 5352 2861 5417 canticum,
2883 5349 3014 5403 dum
3042 5355 3164 5418 post
3189 5346 3424 5405 solutam

1870 5472 1871 5475 η
1930 5449 2292 5520 captivitatem
2335 5448 2552 5518 longum
2602 5445 2704 5501 iter
2734 5451 2919 5516 ageret
2956 5441 3227 5507 Babylone
3269 5438 3427 5498 Jeru-
