3778 6276
353 298 457 364 5H

1165 297 1222 352 S.
1261 294 1634 351 ATl-IANASII
1674 291 1828 349 ()PP.
1863 289 2042 345 PARS
2075 289 2167 346 Ill.
2210 319 2280 331 —
2317 283 2730 341 EXEGETICA.

3476 275 3621 332 5|!

427 423 714 497 solymam.
764 420 941 490 Atque
983 417 1123 472 inter
1156 417 1394 472 medium
1446 417 1710 471 montium
1753 414 1919 468 inter-
1945 417 1988 472 Α

2103 409 2297 482 μεταξὺ
2321 405 2636 467 Βαϐυλῶνος
2657 404 2751 459 καὶ
2793 401 3163 474 Ἰερουσαλήμ.
3203 401 3298 464 Ὃς
3319 439 3334 464 ,
3366 400 3463 453 καὶ
3499 396 3623 470 μέν·

424 529 652 590 eeptus,
677 521 832 583 rogat
855 510 1115 566 auxilium
1147 509 1246 564 sibi
1272 507 1531 578 impendi,
1559 523 1720 578 quem
1754 520 1920 561 exau-

425 609 585 666 diens
611 603 964 678 propheticus
1011 601 1251 672 Spiritus
1293 601 1586 671 respondet
1615 617 1628 654 :
1662 598 1920 654 Dominus

425 700 682 760 custodiet
712 697 990 751 introitum
1021 703 1171 750 tuum
1205 705 1255 750 et
1289 699 1488 749 exitum
1517 704 1681 747 tuum.

432 857 484 922 i,
506 855 562 912 2.
594 853 783 908 Levavi
833 851 1010 906 oculos
1040 866 1180 906 meos
1229 851 1286 903 in
1313 861 1511 904 montes
1537 889 1553 905 .
1582 891 1597 906 .
1624 890 1639 903 .
1663 848 1924 903 auxilium

357 961 530 1000 meum
569 961 603 998 a
635 943 880 1005 Domino,
912 942 1001 1011 qui
1031 942 1153 1010 fecit
1185 941 1368 994 caelum
1395 951 1444 996 et
1486 951 1700 994 terram.
1732 937 1925 995 Osten-

2093 519 2183 567 σος
2210 501 2320 555 τῶν
2348 501 2517 573 ὀρέων
2547 495 2903 570 ἀποληφθεὶς,
2929 492 3142 564 εὕχεται
3171 492 3318 562 αύτῷ
3339 491 3622 573 βοήθειαν

2090 594 2341 664 γενέσθαι
2360 610 2378 628 ο
2403 585 2464 646 οῦ
2486 593 2579 646 καὶ
2613 589 2941 653 ἐπακούσας,
2960 587 3021 641 τδ
3049 585 3272 656 Πνεῦμα
3291 584 3351 637 τὸ
3379 603 3620 656 προφη-

2087 687 2240 740 τικὸν
2275 685 2680 754 ἀποφθέγγεται
2703 699 2715 712 ·
2763 681 2976 748 Κύριος
3020 675 3275 748 φυλάξει
3313 675 3428 746 τὴν
3460 676 3618 729 εἵσ-

2089 778 2235 832 οδόν
2265 792 2380 830 σου
2407 775 2506 830 καὶ
2523 774 2639 842 τὴν
2665 772 2879 838 ἐξοδόν
2901 785 3037 825 σου.

2091 866 2237 939 Ἦρα
2255 868 2397 934 τοὺς
2425 867 2769 937 ὀφθαλμούς
2793 883 2909 934 μου
2929 865 3014 928 εις
3037 862 3108 915 τὰ
3136 860 3242 930 ὅρη
3269 902 3282 916 .
3310 899 3324 914 .
3354 900 3368 914 .
3397 901 3410 914 .
3439 899 3456 915 .
3487 903 3502 919 .
3532 901 3550 914 .
3596 900 3613 912 .

2034 961 2096 1018 Ἡ
2116 957 2366 1025 βοήθειὰ
2392 975 2510 1027 μου
2540 955 2696 1026 παρὰ
2717 953 2934 1022 Kvpt'ov
2963 951 3065 1006 τοῦ
3093 951 3458 1017 ποιήσαντος
3488 950 3617 1001 τὸν

357 1034 491 1091 dens
522 1033 615 1088 Dei
641 1031 938 1103 potentiam
963 1032 1038 1088 ait
1066 1048 1080 1084 :
1112 1030 1217 1095 Qui
1246 1031 1370 1101 fecit
1418 1031 1600 1084 cretum
1631 1039 1679 1084 et
1707 1039 1942 1084 terram..

2103 1049 2284 1120 ρανὸν
2314 1049 2414 1102 καὶ
2450 1047 2566 1115 τὴν
2594 1045 2731 1116 γῆν.
2790 1042 2896 1096 Τοῦ
2925 1041 3059 1096 Θεοῦ
3087 1039 3388 1102 δεικνύντος
3417 1039 3480 1092 τὸ
3505 1039 3612 1090 δυ-

429 1312 486 1380 3,
515 1312 569 1368 6.
610 1311 732 1365 Νοη
772 1313 856 1364 det
891 1313 943 1365 in
975 1312 1372 1364 commotionem
1401 1311 1580 1376 pedem
1625 1319 1802 1374 tuum,
1835 1325 1925 1363 ne-

358 1420 460 1477 que
489 1407 736 1459 dormitet
770 1407 859 1474 qui
895 1404 1123 1458 custodit
1162 1414 1229 1458 te.
1299 1402 1435 1456 Ecce
1469 1419 1569 1456 non
1598 1402 1926 1470 dormitabit,

358 1507 467 1554 etc.
493 1497 643 1552 lianc
675 1498 872 1552 habeto
903 1513 1074 1567 spem,
1107 1506 1160 1552 et
1193 1495 1514 1552 salvaberis.
1566 1496 1696 1550 Illud
1721 1505 1928 1562 autem,

2023 1142 2214 1206 νατδν,
2259 1139 2371 1196 Τοῦ
2398 1139 2801 1208 ποιήσαντος,
2831 1135 2963 1205 φησὶ
2985 1173 3000 1200 ,
3035 1132 3141 1188 τὸν
3190 1131 3447 1201 οὐρανὸν
3495 1129 3612 1184 καὶ

2024 1233 2141 1304 τὴν
2172 1233 2308 1303 γῆν.

2097 1325 2193 1394 Μὴ
2225 1323 2343 1390 δῴη
2376 1325 2462 1388 εις
2486 1314 2684 1375 σάλον
2711 1317 2818 1372 τὸν
2845 1315 2998 1370 πόδα
3023 1330 3160 1376 σου,
3189 1313 3344 1384 μηδὲ
3375 1310 3614 1368 νυστά-

2029 1416 2106 1484 En
2137 1419 2169 1469 ό
2199 1413 2536 1484 φυλάσσων
2565 1427 2659 1466 σε.
2734 1408 2948 1477 Ταύτην
2973 1407 3061 1477 ἔχε
3098 1405 3194 1476 τὴν
3238 1403 3426 1457 ἐλπίδα
3447 1444 3462 1468 ,
3499 1403 3612 1456 καὶ

2032 1505 2198 1576 σώζῃ.
2231 1505 2304 1557 Τὸ
2328 1503 2406 1568 δὲ,
2443 1505 2516 1556 οὐ
2542 1500 2847 1564 νυστὼξει,
2881 1499 2941 1550 οὐ
2973 1496 3032 1551 τὸ
3063 1497 3314 1549 ἐπίπονον
3347 1493 3455 1549 ἀπὸ
3484 1494 3609 1548 τῶν

362 1607 462 1645 non
495 1590 834 1655 dormitabit,
863 1605 970 1642 non
999 1590 1238 1644 laborem
1271 1603 1461 1644 eorum
1496 1588 1588 1659 qui
1620 1589 1934 1643 custodiunt

2107 1598 2404 1651 λαττόντων
2435 1595 2532 1658 τὰς
2577 1593 2836 1666 στρατιὰς
2869 1591 2962 1644 καὶ
3008 1589 3187 1652 πόλεις
3217 1589 3307 1642 καὶ
3350 1589 3608 1660 ποίμνια,

361 1680 659 1744 exercitus,
701 1681 895 1745 urbes,
948 1681 1152 1745 ovilia;
1217 1680 1312 1735 sed
1342 1681 1796 1751 impatibilitatem
1836 1678 1930 1734 Dei

2103 1689 2168 1742 λὰ
2189 1689 2250 1742 τὸ
2277 1687 2482 1750 ἀπαθὲς
2502 1685 2562 1738 τὸ
2587 1686 2736 1738 Θείον
2757 1683 2904 1753 δηλοῖ
2926 1681 3006 1747 τὸ,
3042 1682 3113 1734 οὐ
3142 1678 3426 1743 νυστάξει
3455 1677 3614 1733 οὐδὲ

363 1772 634 1844 signiﬁcat
665 1773 796 1827 illud
824 1791 838 1826 :
867 1771 988 1826 Non
1031 1772 1338 1826 dormitabit
1383 1789 1542 1842 neque
1571 1773 1796 1826 dormiet
1846 1773 1934 1842 qui
1967 1771 1988 1824 ε

2103 1781 2300 1833 ινὼσει
2325 1781 2357 1832 ό
2382 1775 2719 1846 φυλάσσων
2755 1771 3009 1841 Ἰσραήλ.
3036 1772 3194 1824 Δοκεῖ
3213 1770 3268 1823 δὲ
3294 1769 3607 1834 νυστάζειν,

363 1865 594 1918 custodit
628 1863 818 1918 Israel.
857 1863 1077 1919 Videtur
1111 1874 1290 1919 autem
1317 1867 1612 1920 dormitare
1633 1881 1774 1921 .cum
1818 1874 1935 1920 tur-

2103 1875 2372 1937 ἐιδὰντοῖς
2387 1871 2637 1935 ἁστάτοις
2664 1869 2755 1922 τοῦ
2785 1869 2897 1938 βίου
2930 1863 3269 1935 σαλευόμεθα
3289 1864 3608 1935 πράγμασι,

366 1955 608 2011 bulentis
658 1955 822 2025 hujus
856 1956 979 2012 vita:
1010 1957 1242 2027 negotiis
1290 1969 1343 2012 et
1392 1958 1610 2012 insidiis
1641 1959 1931 2027 agitamur.

2104 1971 2154 2031 ῖς
2179 1967 2298 2020 καθ’
2326 1964 2480 2036 ἡμῶν
2508 1961 2836 2022 ἐπιϐουλαῖς.

439 2047 492 2102 5.
529 2046 781 2101 Dominus
809 2048 1072 2102 custodiat
1103 2058 1151 2102 te
1174 2088 1190 2113 ,
1226 2047 1481 2100 Dominus
1521 2049 1768 2116 protectio
1821 2059 1934 2115 tua,

2106 2062 2320 2129 Κύριος
2349 2055 2610 2126 φυλάξαι
2641 2068 2736 2110 σε.
2757 2052 2968 2118 Κύριος
2982 2047 3179 2114 σκέπη
3209 2064 3330 2110 σοι,
3352 2044 3448 2098 ἐπὶ
3479 2044 3613 2112 χεῖ-

366 2152 525 2206 super
560 2153 768 2189 manum
819 2137 1090 2191 dexteram
1141 2145 1307 2190 tuam.
1361 2134 1597 2206 ldipsum
1635 2137 1688 2189 in
1725 2136 1938 2190 decimo

2103 2171 2110 2204 ι
2139 2149 2344 2214 δεξιάν
2376 2163 2512 2200 σου.
2565 2144 2740 2197 Τοῦτο
2781 2142 2873 2194 καὶ
2921 2142 2978 2192 ἐν
3005 2137 3082 2210 τῷ
3117 2145 3189 2191 ιε’
3220 2138 3322 2209 ἔφη
3367 2135 3564 2207 ψαλμῷ
3596 2149 3615 2165 ³

367 2227 562 2298 quinto
609 2227 819 2296 psalmo
864 2228 976 2283 ait:
1009 2228 1352 2283 Providebam
1402 2227 1683 2282 Dominum
1715 2228 1769 2280 in
1815 2245 1939 2281 con-

367 2327 544 2388 spectu
581 2335 691 2372 meo
726 2335 959 2388 semper,
994 2321 1244 2390 quoniam
1272 2337 1303 2372 a
1333 2319 1536 2372 dextris
1560 2330 1636 2373 est
1681 2320 1843 2384 mihi,
1876 2335 1939 2372 ne

365 2423 694 2463 commoveor
719 2408 785 2465 τ’.
819 2408 882 2463 Ει
919 2410 1023 2464 hoc
1052 2410 1177 2464 item
1209 2410 1330 2464 loco
1361 2409 1494 2464 dicit
1520 2427 1532 2462 :
1556 2409 1636 2462 Ad
1661 2410 1936 2463 dexteram

369 2516 592 2556 manum
627 2510 774 2555 tuam
811 2503 1164 2568 constitutus,
1194 2511 1248 2558 et
1270 2512 1534 2574 proteget,
1571 2510 1624 2557 et
1649 2502 1936 2566 custodiet,

367 2600 425 2646 et
459 2592 609 2647 omni
636 2592 975 2661 providentia
1005 2594 1336 2663 dignabitur.
1859 2622 1862 2627 -
1918 2574 1934 2584 ﬂ

725 2681 1002 2738 Canticum
1031 2685 1310 2753 graduum.
1380 2683 1587 2739 CXXI.

957 2777 1358 2845 Argumentum.

373 2868 617 2926 Tertium
658 2868 932 2924 canticum
985 2868 1089 2922 iter
1144 2869 1430 2935 agentibus
1469 2868 1726 2937 praedicat
1774 2874 1834 2920 ut
1889 2865 1943 2918 in

447 2958 666 3016 domum
697 2956 793 3013 Dei
821 2957 1140 3013 concedant.
1200 2957 1379 3023 Quare
1413 2959 1492 3013 sic
1519 2958 1777 3028 loquitur.

374 3227 592 3281 domum
628 3226 847 3280 Domini
895 3227 1107 3281 ibimus.

446 3316 503 3372 2.
534 3316 749 3372 Stantes
788 3329 938 3372 erant
965 3317 1116 3386 pedes
1164 3317 1334 3370 nostri
1375 3318 1427 3370 in
1457 3318 1610 3371 atriis
1639 3319 1768 3385 tuis,
1797 3318 1953 3373 Jeru-

377 3409 569 3464 salem.
623 3411 738 3465 Vox
768 3425 959 3466 senum
991 3411 1105 3468 haec
1133 3420 1236 3476 est,
1275 3412 1366 3481 qui
1403 3413 1767 3482 captivitatem
1796 3413 1955 3467 susti-

380 3512 649 3566 nuerunt,
707 3509 763 3556 et
804 3511 1028 3556 narrant
1083 3503 1246 3572 pedes
1300 3518 1432 3558 suos
1481 3503 1681 3559 auibus
1707 3504 1820 3574 jam
1855 3503 1954 3558 iter

381 3605 607 3665 agerent
629 3595 760 3650 olim
788 3595 1006 3652 stetisse
1044 3595 1097 3650 in
1131 3595 1457 3650 Jerusalem.

457 3771 511 3824 5.
545 3769 840 3825 Jerusalem
860 3811 876 3836 ,
903 3789 1019 3842 quw
1045 3773 1345 3841 aedificatur
1374 3782 1431 3826 ut
1465 3774 1668 3828 civitas.
1735 3773 1813 3827 lta
1837 3814 1852 3837 ,
1877 3773 1958 3827 in-

391 3861 533 3931 quit,
564 3863 760 3918 civitas
788 3864 918 3918 olim
941 3873 1092 3928 erat;
1121 3881 1227 3918 non
1260 3865 1386 3920 hinc
1419 3867 1540 3920 inde
1567 3866 1830 3935 dispersa,
1863 3863 1956 3918 sed

384 3949 464 4006 ita
521 3962 836 4010 constructa
858 3991 875 4017 ,
927 3962 988 4007 ut
1043 3953 1317 4008 videretur
1346 3971 1452 4009 una
1483 3956 1677 4010 domus
1707 3968 1860 4020 esse,
1891 3969 1958 4008 ex

385 4044 676 4097 domorum
707 4044 968 4098 continua
1003 4045 1146 4100 serie
1171 4046 1639 4101 et‘concinnitatc.

459 4221 515 4276 4.
563 4218 704 4275 Illuc
732 4222 870 4275 enim
895 4221 1240 4276 ascenderunt
1270 4223 1460 4278 tribus.
1521 4221 1722 4280 Omnes
1759 4225 1955 4291 tribus,

389 4314 589 4386 inquit,
632 4330 752 4385 quae
776 4329 842 4370 ex
873 4313 1106 4386 Egypto
1127 4331 1222 4386 per
1253 4317 1508 4370 virtutem
1544 4315 1759 4372 Domini
1783 4332 1960 4388 egres-

2038 2241 2432 2309 Προεωρώμην
2462 2236 2568 2289 τὸν
2597 2235 2813 2302 Κύριον
2834 2231 3088 2283 ἐνώπιόν
3112 2246 3232 2297 μου
3261 2225 3614 2290 διαπαντὸς,

2039 2333 2128 2386 ὅτι
2150 2333 2218 2385 ἐκ
2250 2327 2461 2393 δεξιῶν
2477 2327 2595 2397 μού
2623 2327 2810 2387 ἐστιν,
2844 2324 2943 2376 ἵνα
2961 2321 3048 2391 μὴ
3068 2317 3363 2376 σαλευθῶ.
3398 2317 3506 2371 Καὶ
3528 2317 3620 2368 ἐν-

2038 2423 2212 2476 ταῦθα
2247 2421 2406 2474 πάλιν
2443 2418 2638 2490 φησὶν,
2688 2417 2768 2468 ὅτι
2807 2413 2963 2485 Παρὰ
2990 2413 3086 2483 τὴν
3115 2408 3293 2474 δεξιάν
3326 2426 3415 2461 σοι.
3451 2408 3619 2479 χεῖρα

2039 2513 2346 2582 γενόμενος,
2385 2509 2478 2560 καὶ
2507 2505 2768 2560 σκεπάσει
2787 2544 2802 2570 ,
2834 2503 2926 2557 καί
2955 2501 3284 2573 φρουρήσει,
3314 2499 3407 2551 καὶ
3427 2495 3617 2569 πάσης

2043 2602 2263 2667 ἀξιώσει
2293 2597 2568 2669 προνοίας.

2386 2687 2523 2758 ’ῼδὴ
2558 2685 2675 2740 τῶν
2708 2680 3078 2751 ἀναϐαθμῶν.
3117 2682 3295 2736 ΡΚΑ’.

2666 2777 2678 2795 '
2692 2778 2998 2842 Υπόθεσις.

2056 2873 2119 2926 Ἥ
2156 2871 2313 2943 τρίτη
2342 2870 2451 2942 ᾠδὴ
2477 2869 2602 2932 τοὺς
2633 2869 2711 2921 ἔτι
2754 2865 3164 2937 ὁδοιποροῦντας
3187 2861 3617 2932 εὐαγγελίζεται,

2115 2963 2212 3034 τὴν
2243 2964 2321 3025 εἰς
2349 2962 2438 3016 τὸν
2462 2956 2607 3014 οἷκον
2633 2959 2726 3013 τοῦ
2746 2957 2878 3012 Θεοῦ
2900 2956 3103 3028 ἄφιξιν.
3129 2956 3218 3010 Διὸ
3233 2953 3624 3025 καὶ-ἀναφθέγ-

2153 3071 2290 3109 εται.

447 3136 503 3191 1.
543 3134 782 3190 Lwtatus
831 3153 948 3189 sum
982 3137 1040 3189 in
1077 3137 1142 3190 iis
1192 3153 1312 3207 qua:
1348 3136 1489 3190 dicta
1522 3147 1644 3192 sunt
1695 3138 1820 3191 mihi
1850 3153 1866 3190 :
1893 3139 1946 3191 in
1975 3099 2018 3158 Ω
2110 3072 2150 3204 ἔ

2110 3146 2475 3216 Ηύφράνθην
2503 3143 2602 3198 ἐπὶ
2649 3141 2775 3208 τοῖς
2811 3143 3079 3211 εἰρηκόσι
3121 3157 3255 3210 μοι’
3321 3141 3407 3206 εἰς
3449 3133 3622 3194 viator

2049 3241 2270 3310 Κυρίου
2298 3236 2727 3308 πορευσόμεθα.

2132 3329 2415 3395 Ἐστῶτες
2446 3324 2608 3398 ἦσαν
2638 3329 2691 3380 οὶ
2735 3323 2916 3391 πόδες
2953 3322 3119 3393 ἡμῶν
3146 3323 3216 3376 ἐν
3250 3322 3376 3389 ταῖς
3403 3321 3624 3390 ainali-

2051 3436 2193 3486 σου,
2234 3417 2643 3489 Ἰερουσαλήμ.
2668 3416 2814 3487 Αὕτη
2844 3415 2950 3468 τῶν
2978 3413 3362 3485 γεγηρακότων
3385 3416 3417 3485 ἡ
3446 3413 3622 3486 φωνὴ,

2053 3515 2160 3568 τῶν
2186 3513 2279 3567 καὶ
2312 3513 2410 3585 τὴν
2442 3509 2814 3582 αἰχμαλωσίαν
2843 3507 3277 3578 ὑπομεινάντων,
3333 3507 3625 3578 διηγουμέ-

2055 3624 2182 3670 νων,
2210 3606 2284 3668 ὼς
2311 3605 2418 3674 ἄρα
2444 3602 2624 3657 αὐτῶν
2651 3602 2698 3654 oi
2727 3601 2904 3664 πόδες,
2939 3601 2987 3651 ol
3013 3598 3108 3652 νῦν
3134 3598 3231 3670 τὴν
3255 3599 3476 3670 πορείαν
3496 3616 3626 3651 ποι-

2054 3696 2294 3767 ούμενοι,
2324 3694 2491 3747 πάλαι
2524 3692 2753 3762 ἔστησαν
2781 3693 2836 3745 ὲν
2873 3689 3242 3762 Ἰερουσαλήμ.

2133 3786 2518 3856 Ἰερουσαλὴμ
2567 3783 3030 3853 οἰκοδομουμένη
3063 3784 3143 3849 ὡς
3192 3783 3387 3847 πόλις.
3446 3780 3623 3846 Οὕτω,

2056 3881 2216 3950 φησὶν
2243 3920 2257 3942 ,
2285 3875 2352 3950 ἦν
2384 3877 2550 3931 πάλαι
2591 3877 2667 3940 ὡς
2696 3877 2847 3940 πόλις
2873 3917 2888 3941 ,
2919 3876 2979 3930 ού
3007 3876 3370 3946 διεσπαρμένῃ
3401 3867 3499 3929 ὦδε
3527 3892 3628 3928 κα-

2058 3976 2206 4029 κεῖσε
2227 3991 2240 4003 ·
2284 3971 2398 4026 ἀλλ’
2420 3970 2592 4035 οὕτως
2615 3965 2684 4040 ἦν
2709 3969 3026 4042 ἡρμοσμένῃ
3052 4007 3067 4032 ,
3095 3967 3169 4032 ὡς
3189 3966 3335 4031 δόξαι
3361 3968 3454 4020 ἕνα
3481 3965 3626 4020 οἷκον

2059 4063 2202 4121 εἶναι
2233 4067 2300 4137 τῇ
2335 4063 2595 4135 συναφείᾳ
2624 4063 2716 4117 καὶ
2747 4064 2814 4134 τῇ
2841 4062 3071 4136 ἁρμονίᾳ
3115 4061 3221 4116 τῶν
3259 4061 3625 4130 οἰκοδομημά-

2056 4176 2186 4214 των.

2142 4248 2305 4304 Ἐκεῖ
2320 4249 2431 4319 γὰρ
2459 4248 2765 4316 ἀνέϐησαν
2796 4247 2857 4300 al
2882 4243 3088 4314 φυλαί.
3119 4243 3298 4296 Πᾶσαι
3342 4243 3396 4296 αἱ
3440 4240 3628 4309 φυλαὶ,

2061 4341 2224 4412 φησὶν
2244 4380 2260 4405 ,
2292 4340 2350 4406 ἐξ
2380 4339 2655 4409 Αἰγύπτου
2679 4337 2902 4406 δυνάμει
2932 4333 3136 4405 Κυρίου
3165 4329 3470 4398 ἐξελθοῦσαι
3499 4369 3513 4391 ,
3548 4330 3633 4392 εἰς

389 4420 466 4461 sat
501 4415 648 4471 sunt,
684 4405 752 4460 ad
775 4420 894 4460 eam
924 4406 1113 4460 urbem
1145 4406 1523 4476 properabant,
1564 4408 1630 4462 ad
1668 4406 1954 4462 ferendum

2103 4405 2230 4504 ύτὴν
2255 4405 2510 4486 ἔσπευδον
2535 4432 2635 4502 τὴν
2661 4405 2824 4482 πόλιν
2846 4425 3186 4500 μαρτυρῆσαι
3211 4463 3226 4489 ,
3259 4423 3374 4494 ἦτοι
3408 4422 3634 4491 εύχαρι-

391 4497 796 4565 testimonium,
829 4498 942 4552 sive
969 4498 1035 4552 ad
1079 4501 1280 4568 gratias
1323 4498 1563 4568 agendas
1612 4498 1722 4555 Deo
1767 4499 1954 4556 lsrael.

391 4589 475 4644 Ad
507 4591 861 4659 conﬁtendum
889 4593 1087 4645 nomini
1116 4591 1345 4648 Domini.
1378 4591 1458 4646 Eo
1486 4593 1630 4662 quod
1657 4593 1961 4664 impleverit

392 4679 767 4737 admirabilem
808 4684 1229 4750 promissionem
1261 4701 1440 4740 suam.
1493 4684 1744 4740 Thronos
1777 4697 1957 4741 autem

392 4773 592 4827 domus
621 4771 786 4826 David
823 4789 986 4842 super
1009 4790 1126 4828 eam
1157 4774 1411 4831 fundatos
1433 4791 1556 4831 esse
1581 4776 1675 4843 ait,
1700 4779 1958 4847 quoniam

393 4863 600 4918 scilicet
634 4878 861 4931 regnum
899 4865 953 4918 in
985 4880 1174 4919 omnes
1218 4867 1545 4934 praenuntiat
1598 4866 1788 4924 David.
1843 4867 1960 4923 Non

394 4952 564 5008 unius
593 4953 882 5023 imperium
916 4969 1252 5019 memorans,
1284 4955 1378 5009 sed
1408 4971 1718 5024 commune,
1751 4960 1803 5012 in
1834 4961 1965 5028 opti-

397 5063 520 5103 mos
547 5055 602 5103 et
629 5047 1072 5118 religiosissimos
1100 5061 1345 5116 quosque
1372 5087 1388 5112 ,
1422 5062 1452 5101 a
1498 5049 1695 5116 quibus
1737 5065 1963 5120 regnum

402 5140 622 5197 Davidis
647 5141 875 5211 erigitur
902 5156 997 5210 per
1025 5140 1252 5208 gratiam
1283 5139 1485 5194 Christi
1513 5158 1527 5194 :
1555 5141 1651 5209 qui
1679 5141 1962 5198 duodecim

403 5235 662 5303 apostolis
682 5275 698 5299 ,
730 5249 894 5303 super
925 5231 1208 5287 duodecim
1237 5233 1464 5287 thronos
1493 5231 1804 5288 sedentibus
1828 5274 1843 5298 ,
1872 5250 1968 5304 po-

402 5334 651 5379 testatem
685 5325 831 5380 dedit
863 5324 1141 5394 iudicandi
1167 5322 1438 5379 lsraelem.

476 5415 532 5470 5.
553 5414 692 5480 Quia
720 5416 831 5469 illic
853 5417 1094 5470 sederunt
1123 5415 1295 5469 throni
1328 5416 1382 5469 in
1401 5415 1628 5484 judicio.
1662 5414 1968 5472 Secundum

407 5502 691 5560 historiam
729 5504 839 5561 illic
873 5505 1019 5575 regia
1070 5504 1203 5570 fuit,
1237 5504 1346 5560 illic
1379 5505 1719 5560 sacerdotum
1753 5503 1968 5566 throni;

475 5685 521 5718 "
543 5683 681 5738 ΡδιιΙ.
719 5701 804 5744 xv,
840 5687 870 5735 8

2062 4525 2258 4594 στῆσαι
2286 4523 2366 4594 τῷ
2386 4521 2504 4594 Θεῷ
2525 4521 2618 4575 τοῦ
2662 4519 2896 4594 Ἰσραήλ.
2938 4516 3046 4572 Τοῦ
3073 4515 3635 4584 ἐξομολογήσασθαι

2059 4616 2138 4682 τῷ
2170 4617 2412 4686 ὀνόματι
2445 4616 2686 4684 Κυρίου.
2730 4613 2846 4682 Ἐφ’
2879 4603 2958 4673 οἷς
2991 4609 3269 4681 ἐπλήρωσε
3296 4607 3389 4678 τὴν
3420 4607 3638 4675 θαυμα-

2062 4706 2182 4761 σίαν
2215 4707 2528 4778 ὑπόσχεσιν,
2557 4704 2779 4775 θρόνους
2809 4717 2866 4753 τε
2891 4698 2985 4753 τοῦ
3016 4701 3163 4754 οἴκου
3197 4696 3357 4751 Δαυῒδ
3385 4695 3636 4767 ἱδρυνθῆ-

2061 4801 2149 4856 val
2181 4817 2344 4872 φησιν
2376 4801 2461 4852 ἐπ’
2503 4797 2706 4865 αύτῆςο
2757 4795 2879 4848 ἐπεὶ
2910 4792 3003 4846 καὶ
3049 4791 3322 4862 βασιλείαν
3358 4789 3572 4842 πάντων
3606 4789 3637 4843 ό

2062 4891 2222 4946 Δαυῒδ
2249 4887 2581 4962 προφητεύει
2605 4903 2618 4917 ο
2649 4887 2748 4956 ούχ
2772 4885 2889 4948 ἐνὸς
2913 4885 3086 4952 λέγων
3111 4883 3282 4954 ἀρχὴν
3306 4923 3320 4945 ,
3351 4880 3484 4934 ἀλλὰ
3525 4897 3638 4933 κοι-

2063 4985 2158 5038 νὴν
2178 5022 2192 5046 ,
2220 4982 2360 5053 ὑπὲρ
2391 4979 2626 5053 ἀρίστων
2657 4977 2750 5030 καὶ
2783 4973 3241 5029 θεοσεὸεστάτων·
3274 4971 3338 5023 δι’
3371 4964 3442 5022 ὧν
3469 4970 3502 5039 ὴ
3536 4967 3637 5037 βα-

2066 5075 2240 5130 σιλεία
2261 5072 2421 5128 Δαυῒδ
2441 5069 2758 5143 ἀνορθοῦται
2786 5069 2967 5139 χάριτι
2994 5064 3086 5118 τοῦ
3114 5062 3369 5134 Χριστοῦ,
3399 5063 3511 5123 τοῖς
3536 5059 3638 5112 δὼ-

2064 5169 2195 5223 δεκα
2224 5165 2514 5228 δεδωκότος
2543 5163 2885 5225 ἀποστόλοις.
2921 5161 3032 5222 τοῖς
3063 5158 3154 5210 ἐπὶ
3185 5154 3390 5208 δώδεκα
3423 5153 3637 5215 θοόνοις

2067 5258 2447 5330 καθεζομένοις
2478 5258 2681 5329 κρίνειν
2706 5255 2796 5308 τὸν
2835 5249 3066 5325 Ἰσραήλ.
3222 5235 3235 5245 ’

2145 5416 2271 5470 Ὀτι
2299 5413 2430 5468 ἐκεῖ
2455 5412 2743 5467 ἐκάθισαν
2763 5409 2961 5477 θρόνοι
2984 5407 3074 5470 εὶς
3102 5403 3321 5473 κρίσιν.
3361 5396 3472 5452 Καὶ
3492 5392 3642 5450 κατὰ

2068 5509 2166 5580 τὴν
2197 5506 2436 5562 ἱστοοιαν
2462 5505 2578 5560 ἐκεῖ
2598 5503 2666 5558 τὰ
2693 5499 2956 5572 βασίλεια,
2980 5497 3073 5552 καὶ
3095 5495 3202 5551 τῶν
3221 5490 3410 5565 ἱερέων
3437 5489 3486 5544 οι
3511 5485 3644 5562 θρό-
