3778 6276
126 277 219 332 513

1225 268 1590 326 EXPOSITIO
1631 267 1696 323 IN
1735 269 2062 326 PSALMUM
2104 269 2337 326 CXXIV.

3270 256 3387 334 stt

124 409 219 447 ια’
250 391 461 462 ὥςπερ
492 391 600 444 τινὶ
624 389 795 460 διπλῷ
821 390 1064 459 στεφάνῳ
1085 387 1178 442 καὶ
1197 387 1486 458 διαδήματι
1512 388 1698 441 καλλω

1831 387 2033 443 :ivitate
2051 403 2148 443 seu
2172 389 2405 458 quadam
2427 387 2631 465 duplici
2653 403 2853 444 corona
2877 404 2941 446 ac
2959 390 3264 446 diademate
3286 406 3376 447 or-

125 482 426 553 πξομένης
452 482 559 552 τῆς
586 482 812 544 πόλεως.
847 479 960 533 Νῦν
979 479 1034 532 δὲ
1059 478 1273 532 πάντων
1303 477 1593 544 έκπτωσις,
1616 478 1714 531 καὶ

125 576 212 645 τῆς
238 575 504 635 παλαιᾶς
541 573 885 642 εὐδαιμονίας
925 572 1178 642 ἐλάχιστα
1210 569 1456 640 λείψανα.
1507 569 1714 638 Θρόνοι

126 667 207 721 isti
226 667 410 720 οἶκον
436 663 646 718 Δαυτδ.
683 664 771 717 Ἐν
792 662 983 734 ταύτῃ,
1009 662 1161 733 φησι,
1188 663 1254 730 τῇ
1277 661 1448 725 πόλει,
1471 659 1712 713 τουτέστι

125 762 183 828 τῇ
223 756 628 826 Ἰερουσαλὴμ,
658 753 836 825 θρόνοι
862 752 1121 823 ἐτέθησαν
1145 751 1412 821 βασιλικοὶ
1442 753 1614 822 κρῖμα
1637 748 1715 802 δί-

129 867 262 903 καιον
295 848 602 918 κρίνοντες
626 864 640 878 ο
681 839 756 899 ὧν
786 845 999 917 πρῶτος
1031 843 1265 914 κατῆρξε
1295 841 1488 907 Δαυῖδ,
1524 841 1713 895 ἔπειτα

125 942 164 994 οἰ
189 940 246 1004 ἐξ
271 939 458 992 αὑτοῦ
502 937 651 991 κατὰ
685 936 884 1007 σάρκα.
913 936 1004 989 Διὸ
1036 936 1128 989 καὶ
1155 931 1300 989 οἰκον
1326 933 1490 989 αὑτοῦ
1514 934 1713 1005 ὁνομάυ

126 1033 192 1094 ζει
222 1029 318 1082 τοῦ
352 1029 562 1084 Δαυῖδ.

191 1118 589 1187 Ἐρωτήσατε
629 1117 707 1185 δὴ
740 1116 813 1170 τὰ
840 1119 926 1183 εἰς
966 1115 1214 1184 εἰρήνην
1259 1116 1373 1184 τὴν
1415 1115 1710 1184 Ἰερουσα-

121 1209 245 1277 λήμ.
273 1208 591 1270 Μαθόντες
609 1247 628 1273 ,
667 1205 712 1260 ὦ
739 1199 883 1259 οὗτοι
902 1243 916 1268 ,
950 1204 1034 1268 τίς
1073 1222 1202 1258 ποτε
1227 1199 1295 1276 ἦν
1339 1204 1707 1276 Ἰερουσαλὴμ,

124 1301 334 1371 εὔχεσθε
367 1301 526 1372 ὑπὲρ
553 1303 653 1371 τῆς
684 1300 907 1372 εἰρήνης
935 1298 1104 1370 αὐτῆς
1123 1338 1138 1362 ,
1168 1297 1331 1368 μηδὲν
1360 1295 1708 1369 ὲκζητοῦντες

124 1394 288 1464 ἕτερον
318 1391 357 1461 ἦ
392 1391 470 1444 τὰ
498 1391 640 1462 πρὸς
677 1391 899 1462 εἰρήνην
924 1389 1092 1460 αὐτῆς
1125 1388 1497 1443 συντελοῦντα.

183 1486 482 1538 Γενέσθω
515 1481 595 1550 δὴ
623 1481 829 1552 εἰρήνη
848 1482 918 1534 ἐν
943 1480 1018 1550 τῇ
1041 1479 1290 1550 δυνάμει
1319 1495 1456 1546 σου,
1484 1478 1582 1532 καί
1613 1480 1708 1532 οὺ-

123 1577 280 1641 eni-Ia
311 1575 394 1626 ἐν
430 1573 564 1638 τοῖς
587 1571 988 1642 πυρτοόάρεσί
1009 1585 1146 1624 σου.
1187 1571 1331 1624 Ἀντὶ
1362 1569 1476 1635 τοῦ,
1511 1572 1568 1623 ὲν
1596 1571 1707 1632 τοῖς

123 1666 416 1734 βασιλείοις
442 1681 564 1718 σου.
587 1663 829 1733 Εῦχομαί
859 1679 958 1727 σοι,
990 1663 1143 1733 φησὶ,
1177 1661 1246 1716 τὰ
1271 1657 1450 1730 ἀγαθὰ
1473 1661 1560 1715 διὰ
1581 1660 1706 1723 τοὺς

121 1757 468 1820 ἐνοικοῦντας
507 1757 566 1808 έν
600 1757 701 1816 σοὶ,
727 1755 947 1826 πλησίον
969 1753 1128 1818 ὄντας
1148 1754 1241 1807 καὶ
1265 1752 1540 1823 ἀδελφούς.
1573 1751 1708 1805 Ταῦο
1735 1736 1779 1792 Β

123 1867 180 1902 τα
205 1850 317 1919 γὰρ
353 1849 410 1901 οἱ
441 1847 818 1917 γεγηρακότες
842 1845 1090 1917 εὔχονται
1122 1849 1187 1917 τῇ
1231 1843 1613 1916 Ἰερουσαλὴμ,
1644 1843 1707 1897 τὸ

121 1945 172 1995 ἐν
197 1943 316 2004 :o't;
350 1940 601 2010 τείχεσιν
631 1939 802 2010 αὐτῆς
833 1935 974 1993 εἶναι
1011 1939 1252 2009 εἰρήνην.
1311 1937 1566 2006 Δυνάμει
1597 1937 1706 2008 γὰρ

121 2033 181 2084 τὰ
213 2031 380 2099 τείχη
413 2029 610 2099 φησίν·
664 2028 698 2099 ἢ
733 2028 855 2081 καθ’
901 2029 1086 2099 ἕτερον
1117 2027 1274 2096 λόγον
1315 2027 1441 2091 τοὺς
1470 2030 1528 2081 ὲν
1567 2028 1703 2100 αὐτῇ

123 2139 339 2190 art-09;.

187 2216 415 2267 Ἕνεκα
463 2213 567 2268 τοῦ
602 2213 773 2267 οτκου
831 2213 1051 2280 Κυρίου
1084 2214 1190 2267 τοῦ
1220 2212 1366 2267 Θεοῦ
1404 2211 1574 2282 ἡμῶν
1604 2211 1706 2276 ἑξ·-

119 2303 389 2373 ιζήτησα
424 2301 617 2374 ἀγαθά
640 2318 762 2383 σοι.
798 2301 948 2356 Ἐπεὶ
971 2303 1029 2356 έν
1056 2303 1138 2356 σοί
1167 2305 1334 2366 ἐστιν,
1358 2296 1403 2356 ὢ
1431 2303 1704 2374 Ἰερουσα-

123 2392 462 2468 immodico;
492 2395 584 2449 τοῦ
601 2393 736 2449 Θεοῦ
757 2394 936 2467 ἡμῶν,
963 2394 1324 2466 ἀμειϐόμενός
1349 2411 1408 2447 σε
1434 2392 1707 2462 ἐξεζήτηο

121 2507 206 2544 σα
217 2489 418 2560 ἀταθά
431 2504 552 2542 σοι.

476 2578 599 2650 ῼδὴ
628 2577 760 2643 τῶν,
777 2575 1149 2646 ἀναϐαθμῶν.
1186 2579 1332 2631 PKB
1343 2583 1376 2631 '.

275 2725 280 2730 ,
753 2668 1077 2732 Ὺπόθεσις.

134 2765 200 2816 Ἠ
236 2762 480 2832 τετάρτη
525 2759 636 2830 ᾠδὴ
670 2759 834 2830 εὐχὴν
879 2759 1122 2830 περιέχει
1153 2756 1261 2810 τῶν
1291 2757 1350 2811 ὲν
1387 2759 1458 2828 τῇ
1495 2756 1703 2811 ὁδοιπο-

199 2851 293 2922 ρία
348 2849 439 2902 διὰ
474 2847 682 2902 πολλῶν
735 2845 870 2900 ἐτῶν
901 2845 1000 2917 τὴν
1032 2845 1288 2900 ἐπάνοδον
1343 2845 1697 2916 ποιουμένων.

195 2947 259 2999 Οἳ
292 2945 389 2998 καὶ
407 2981 426 3007 ,
451 2941 717 3012 καμόντες
739 2937 878 2993 κατὰ
897 2938 994 3009 τὴν
1025 2938 1142 2992 ὁδὸν
1157 2977 1172 3002 ,
1203 2936 1386 3002 ἐλέους
1406 2937 1500 2990 καὶ
1517 2937 1699 2991 οἰκτου

194 3040 408 3093 δέονται
434 3037 616 3106 τυχεῖν
655 3031 807 3104 παρὰ
834 3031 929 3085 τοῦ
970 3030 1104 3084 Θεοῦ
1125 3029 1256 3121 ,ᾲῲς
1289 3029 1699 3102 ὲξουθενημένοι
1726 3063 1769 3121 C
1807 3033 1811 3041 ’

194 3129 351 3201 παρὰ
385 3126 497 3180 τῶν
533 3124 722 3180 ἐθνῶν.
759 3121 849 3176 Διὸ
879 3122 970 3176 καὶ
1000 3119 1401 3190 ἁναφθέγγεται
1433 3121 1570 3193 πρὸς
1602 3122 1702 3176 αὐ-

193 3223 321 3284 τοὺς
345 3217 838 3290 παραμυθούμενον
863 3214 924 3267 τὸ
957 3212 1202 3283 Πνεῦμα,
1232 3213 1326 3266 καὶ
1347 3211 1501 3282 λέγον
1517 3228 1550 3284 ’,
1574 3212 1702 3280 Τοῖς

194 3309 531 3381 εὐθηνοῦσι
564 3307 630 3362 τὸ
659 3305 908 3371 ὄνειδος.

193 3404 352 3474 Πρὸς
374 3401 453 3456 σὲ
479 3397 595 3470 ἦρα
619 3398 761 3464 τοὺς
790 3398 1133 3467 ὀφθαλμούς
1166 3413 1285 3465 μου
1306 3436 1321 3461 ,
1355 3397 1460 3450 τὸν
1505 3414 1698 3451 κατοι-

125 3497 348 3552 κοῦντα
373 3495 447 3547 ἐν
471 3491 554 3558 τῷ
579 3489 830 3559 οὐρανῷ.
871 3488 1015 3543 Ἰδοὺ
1045 3489 1126 3554 ὡς
1146 3486 1438 3556 ὀφθαλμοί
1465 3487 1702 3542 δούλων

124 3594 208 3656 εἰς
238 3588 448 3659 χεῷας
493 3584 614 3639 τῶν
653 3584 874 3652 κυρίων
916 3580 1131 3636 αὐτῶν.
1185 3579 1306 3632 Τῶν
1339 3579 1438 3650 μὲν
1470 3579 1700 3650 ἑχόντων

125 3683 184 3735 τὺ
211 3680 433 3750 πνεῦμα
463 3678 561 3748 τῆς
589 3675 830 3738 δουλείας
871 3675 952 3738 εἰς
984 3672 1148 3743 φόϐον
1187 3669 1452 3742 ὀφθαλμοὶ
1478 3672 1558 3736 εἰς
1585 3673 1698 3742 χεῖ-

126 3793 222 3845 ρας
253 3773 464 3844 κυρίων
508 3786 566 3824 τε
612 3769 706 3823 καὶ
755 3766 978 3838 κυρίας’
1012 3764 1105 3819 τοῦ
1142 3764 1198 3818 δὲ
1246 3763 1308 3817 τὸ
1344 3761 1555 3834 πνεῦμα
1601 3763 1700 3833 τῆς

126 3867 399 3928 υἱοθεσίας
427 3863 660 3933 ἔχοντος,
691 3859 826 3930 πρὸς
850 3857 1053 3929 Κύριον
1082 3856 1173 3908 τὸν
1201 3853 1352 3908 Θεόν.

204 3956 508 4023 Ἐλέησον
533 3950 712 4021 ἡμᾶς,
747 3950 941 4017 Κύριε,
971 3946 1232 4014 ἐλέησον
1258 3943 1436 4014 ἡμᾶς.
1481 3945 1540 3998 '0
1570 3945 1699 3998 ἁνα-

125 4047 524 4118 διπλασιασμὺς
549 4044 702 4116 δηλοῖ
722 4041 784 4096 τὸ
809 4041 1008 4114 θερμὸν
1042 4042 1142 4110 τῆς
1170 4039 1436 4110 αἰτήσεως
1456 4077 1470 4102 ,
1497 4037 1594 4107 οὐχ
1622 4037 1697 4101 ὡς

125 4142 261 4209 ἄξιοι
283 4141 379 4194 τὸν
423 4138 570 4190 έλεον
610 4134 868 4205 αἰτοῦμεν
887 4171 902 4198 ,
931 4131 1045 4186 ἀλλ’
1086 4129 1162 4194 ὡς
1197 4128 1546 4184 ὲπονείδιστοι
1577 4127 1697 4182 λίαν

126 4249 429 4305 γενομενοι.

454 4321 594 4392 ’ῼδὴ
629 4317 747 4374 τῶν
771 4315 1140 4386 ἀναϐαθμῶν.
1173 4315 1366 4368 ΡΚΓ’.

434 4416 506 4469 Et
529 4412 615 4483 μὴ
645 4411 735 4465 ὅτι
757 4411 972 4477 Κύριος
999 4404 1079 4478 ἦν
1115 4406 1184 4459 ἐν
1210 4403 1375 4474 ἡμῖν.

754 4503 1074 4564 ’Υπόθεσις.

124 4596 233 4668 Τὴν
253 4595 513 4666 πέμπτην
535 4592 678 4664 ᾠδὴν
696 4593 909 4664 ᾄδοντες
931 4591 980 4642 οἰ
1005 4587 1290 4649 ἐπιϐάντες
1309 4588 1408 4656 τῆς
1437 4583 1694 4645 Ἰουδαίας

187 4686 311 4756 τῆς,
340 4683 508 4754 εὐχὰς
540 4683 974 4752 ἀναπέμπουσιν,
1004 4680 1088 4746 ἐφ’
1108 4673 1190 4741 οἷς
1217 4673 1560 4748 ὲρρύσθησαν
1587 4673 1694 4727 ἀπὸ

185 4777 284 4848 τῆς
324 4774 704 4846 αἰχμαλωσίας
733 4774 823 4827 καὶ
851 4772 958 4825 τῶν
993 4770 1195 4842 μεταξὺ
1229 4767 1458 4840 ἐχθρῶν.

434 4865 574 4936 ᾬδὴ
615 4865 732 4919 τῶν
760 4861 1132 4933 ἀναϐαθμῶν.
1201 4864 1339 4915 ΡΚΔ
1359 4868 1390 4914 ’.

153 4945 160 4952 “
242 4963 308 5013 οι
341 4958 691 5024 πεποιθότες
723 4956 822 5009 ἐπὶ
854 4956 1075 5022 Κύριον
1102 4953 1182 5020 ὡς
1211 4953 1347 5022 ὅρος
1377 4950 1548 5006 Σιών.

743 5046 756 5066 ⁸
770 5047 1076 5109 Υπόθεσις.

119 5143 225 5214 τὴν
251 5143 420 5213 ἕκτην
447 5141 590 5212 ᾠδὴν
620 5139 834 5211 ᾅδουσιν
863 5137 949 5191 ἐπ’
973 5137 1105 5190 αὐτὸ
1129 5135 1191 5189 τὸ
1212 5134 1542 5206 ποθούμενον
1569 5133 1693 5203 ὅρος

185 5235 488 5305 γενόμενοι.
548 5227 683 5286 Εἶτα
761 5230 992 5300 δρῶντες
1026 5227 1124 5300 τὴν
1167 5227 1320 5281 πόλιν
1368 5226 1689 5296 ἀτείχιστον,

187 5332 367 5398 τεῖχος
395 5327 536 5397 αὐτῇ
564 5324 664 5395 τὴν
711 5321 806 5377 τοῦ
858 5323 1062 5394 Κυρίου
1092 5321 1408 5391 ἐπικουρίαν
1443 5318 1691 5390 εὔχονται

183 5417 458 5488 γενέσθαι,
492 5416 648 5487 φησὶ,
673 5415 768 5468 καὶ
801 5413 908 5486 μὴν
934 5415 1029 5468 καὶ
1054 5412 1162 5466 τῶν
1191 5410 1401 5484 ὲχθρῶν
1429 5408 1691 5482 θαρροῦσι

185 5512 466 5581 διαφυγεῖν
497 5508 598 5572 τὰς
629 5506 945 5570 ἐπιϐουλάς
979 5505 1036 5571 ἐξ
1065 5507 1234 5577 αὐτῆς
1260 5503 1316 5557 δὲ
1336 5504 1436 5573 τῆς
1469 5505 1687 5557 ἐπικου-

189 5670 232 5701 ⁸⁶
263 5669 420 5722 Rom.
453 5681 576 5730 vnt,
612 5665 700 5720 15.
778 5663 823 5695 ⁸¹
851 5662 978 5719 ibid.

1720 4401 1771 4462 υ

1817 486 1960 534 nata.
2011 478 2131 534 Jam
2157 494 2285 535 vero
2307 479 2550 534 omnium
2580 480 2735 534 ruina
2783 481 3022 536 cernitur
3050 490 3104 538 et
3135 482 3378 552 pristinae

1815 569 2090 626 felicitatis
2141 571 2381 641 reliquiae
2427 573 2653 643 exiguae.
2719 571 2913 625 Throni
2960 589 3114 642 super
3163 574 3378 631 domum

1815 661 2008 716 Dauid.
2041 662 2099 716 In
2129 662 2252 728 hac,
2285 663 2483 737 inquit,
2516 663 2759 730 civitate,
2786 663 2837 717 id
2863 673 2945 719 est
2976 664 3030 718 in
3053 663 3372 730 Jerusalem,

1815 756 1995 812 throni
2033 756 2165 823 regii
2195 756 2355 826 positi
2396 765 2557 823 sunt,
2589 757 2644 809 in
2677 755 2879 826 quibus
2913 756 3186 824 justorum
3223 757 3373 826 judi-

1813 851 1956 906 cium
1993 850 2257 905 redditur.
2345 848 2495 916 Quos
2552 849 2701 919 prior
2732 852 3016 919 occupavit
3069 849 3233 906 David
3257 891 3273 917 ,
3311 865 3377 906 ac

1811 943 2006 999 deinde
2055 945 2149 1013 qui
2200 959 2265 997 ex
2305 943 2398 997 illo
2459 943 2754 998 secundum
2800 958 3018 998 carnem
3071 943 3176 998 orti
3224 953 3373 1000 sunt.

1811 1031 2150 1104 Quapropter
2169 1033 2393 1088 domum
2421 1033 2593 1103 ipsius
2627 1031 2794 1087 David
2829 1041 3126 1102 nuncupat.

1878 1124 1932 1178 6.
1962 1123 2163 1195 Rogate
2189 1140 2305 1194 qua:
2340 1125 2408 1178 ad
2449 1140 2630 1194 pacem
2679 1133 2801 1178 sunt
2849 1123 3164 1179 Jerusalem.
3228 1123 3375 1181 Heus

1809 1231 1931 1278 vos.
1971 1232 2096 1273 cum
2116 1215 2418 1273 didiceritis
2439 1233 2685 1288 quaenam
2714 1217 2843 1272 olim
2872 1215 3172 1272 Jerusalem
3201 1225 3370 1283 esset,

1809 1309 2110 1379 precamini
2146 1325 2246 1379 pro
2295 1325 2426 1380 pace
2477 1310 2598 1379 ejus
2623 1349 2638 1374 ,
2674 1309 2810 1364 nihil
2840 1309 2985 1363 aliud
3036 1309 3372 1379 requirentes

1807 1415 1973 1470 quam
2003 1415 2124 1471 qua:
2153 1401 2222 1455 ad
2249 1416 2433 1470 pacem
2456 1401 2575 1471 ejus
2607 1401 2916 1456 conducunt

1880 1496 1932 1552 7.
1966 1495 2095 1550 Fiat
2122 1513 2229 1567 pax
2254 1498 2306 1550 in
2337 1498 2529 1551 virtute
2572 1505 2664 1550 tua
2691 1536 2706 1562 ,
2735 1505 2785 1549 et
2821 1494 3150 1548 abundantia
3173 1495 3230 1548 in
3257 1503 3371 1548 tur-

1808 1590 1951 1642 ribus
1983 1589 2110 1642 tuis.
2146 1588 2223 1642 Ac
2251 1589 2297 1643 si
2329 1589 2504 1651 dicat,
2535 1587 2591 1641 in
2629 1584 2772 1657 regia
2809 1597 2915 1640 tua.
2959 1585 3106 1654 Rogo
3126 1623 3143 1649 ,
3174 1585 3369 1654 inquit,

1810 1680 1906 1734 tibi
1931 1680 2092 1743 bona,
2118 1687 2338 1749 propter
2365 1679 2733 1734 inhabitantes
2756 1679 2808 1732 in
2843 1686 2894 1732 te
2918 1715 2936 1745 ,
2964 1679 3055 1747 qui
3081 1676 3372 1747 propinqui

1805 1781 1860 1826 et
1888 1771 2085 1827 fratres
2125 1773 2204 1826 tui
2239 1780 2386 1828 sunt.
2416 1770 2539 1826 Haec
2566 1786 2723 1826 senes
2769 1769 3119 1842 Jerosolymaa
3147 1784 3372 1839 precan-

1806 1874 1916 1930 tur,
1941 1874 1999 1918 ut
2023 1864 2230 1919 scilicet
2251 1880 2355 1934 pax
2387 1865 2458 1918 sit
2486 1864 2539 1917 in
2567 1867 2737 1918 muris
2760 1863 2912 1933 ejus:
2936 1877 3033 1931 per
3059 1863 3174 1917 haec
3198 1861 3366 1923 enim,

1805 1957 1872 2012 In
1909 1960 2130 2024 virtute,
2157 1973 2346 2013 muros
2384 1959 2651 2029 intelligit.
2713 1961 2822 2014 Aut
2869 1959 3165 2014 secundum
3207 1959 3368 2013 aliam

1806 2050 2069 2105 rationem
2093 2088 2108 2114 ,
2138 2059 2356 2106 sanctos
2382 2052 2474 2120 qui
2505 2051 2558 2104 in
2587 2050 2702 2119 ipsa
2734 2060 2906 2104 erant.

1873 2207 1926 2264 9.
1955 2206 2178 2277 Propter
2199 2207 2412 2262 domum
2441 2207 2656 2262 Domini
2681 2207 2777 2262 Dei
2807 2210 2972 2263 nostri
3000 2211 3216 2280 quasivi
3236 2211 3370 2266 bona

1806 2298 1922 2354 tibi.
1994 2297 2169 2366 Quia,
2213 2299 2425 2368 inquit,
2467 2315 2501 2354 ο
2528 2297 2865 2364 Jerusalem,
2901 2301 2954 2354 in
2988 2308 3039 2355 te
3063 2309 3146 2355 est
3173 2302 3368 2356 domus

1803 2387 1897 2445 Dei
1937 2390 2131 2454 nostri,
2165 2397 2387 2459 accepta
2415 2388 2658 2446 referens
2691 2389 2952 2446 beneﬁcia
2981 2390 3199 2460 quietiui
3233 2389 3368 2444 bona

1804 2480 1920 2536 tibi.

2126 2587 2406 2644 Canticum
2452 2590 2736 2660 graduum.
2791 2589 3034 2646 CXXII.

2387 2680 2429 2734 Α
2441 2691 2789 2750 rgumentum.

1801 2773 2066 2841 Quartum
2103 2775 2374 2831 canticum
2405 2776 2707 2830 orationem
2741 2774 2988 2830 continet
3035 2788 3222 2830 eorum
3269 2777 3365 2847 qui

1871 2867 2228 2938 remigi-antes
2247 2866 2434 2921 multis
2449 2866 2607 2920 annis
2629 2867 2681 2920 in
2701 2865 2893 2920 itinere
2912 2867 3109 2921 versati
3128 2866 3366 2922 fuerant.

1869 2956 1973 3023 Qui
1997 2955 2195 3011 defessi
2226 2956 2282 3009 in
2303 2955 2408 3022 via,
2433 2954 2858 3010 misericordiam
2885 2963 2938 3009 et
2961 2955 3364 3010 miserationem

1870 3063 1902 3103 a
1931 3047 2042 3103 Deo
2066 3047 2304 3118 impendi
2347 3047 2450 3102 sibi
2474 3046 2769 3116 postulant,
2797 3055 2981 3118 utpote
3006 3047 3099 3116 qui
3127 3062 3156 3102 a
3187 3047 3364 3117 genti-

1871 3138 1976 3194 bus
2024 3137 2178 3192 nibili
2214 3137 2592 3208 penderentur.
2652 3136 2832 3203 Quare
2882 3139 3176 3193 consolans
3220 3139 3367 3208 ipsos

1872 3227 2110 3298 Spiritus
2141 3237 2400 3293 sanctus,
2452 3227 2741 3298 respondet
2786 3236 2840 3283 et
2872 3227 2947 3282 ait
2974 3245 2987 3281 :
3018 3225 3367 3297 Opprobriunt

1869 3320 2279 3374 abundantibus.
2311 3339 2317 3378 ;

1869 3412 1924 3478 1,
1954 3411 2006 3465 2.
2042 3411 2126 3464 Ad
2156 3420 2206 3464 te
2229 3410 2392 3465 levavi
2413 3409 2592 3464 oculos
2620 3423 2782 3476 meos,
2828 3408 2921 3478 qui
2945 3407 3154 3462 habitas
3179 3407 3233 3462 in
3263 3423 3365 3462 cae-

1799 3504 1886 3559 lis.
1912 3501 2048 3556 Ecce
2066 3503 2204 3555 sicut
2227 3501 2366 3556 oculi
2389 3515 2656 3554 servorum
2686 3500 2743 3552 in
2767 3499 3008 3553 manibus
3033 3499 3364 3552 dominorum

1798 3608 2033 3648 suorum.
2057 3589 2213 3647 Oculi
2234 3605 2425 3646 eorum
2453 3589 2548 3659 qui
2578 3588 2776 3642 habent
2799 3587 3052 3656 spiritum
3081 3587 3363 3643 servitutis

1798 3687 1852 3740 in
1880 3686 2074 3740 timore
2088 3683 2134 3715 '°
2157 3691 2285 3738 sunt
2308 3682 2363 3736 in
2383 3680 2636 3736 manibus
2654 3679 3000 3734 dominorum
3017 3687 3070 3734 et
3092 3679 3360 3744 domine;

1797 3776 1917 3846 ejus
1948 3783 2130 3830 autem
2158 3773 2252 3843 qui
2281 3771 2534 3842 spiritum
2555 3769 2865 3841 adoptionis
2885 3769 2929 3802 “
2955 3769 3139 3834 habet,
3163 3769 3230 3824 ad
3257 3766 3364 3824 Do-

1795 3867 2005 3922 minum
2042 3864 2232 3920 Deum.

1867 3957 1922 4011 3.
1972 3955 2219 4008 Miserere
2249 3952 2450 4016 nostri,
2480 3948 2723 4014 Domine,
2762 3949 3007 4004 miserere
3038 3950 3226 4004 nostri.
3258 3947 3364 4004 Re-

1795 4045 2090 4115 duplicatio
2118 4043 2382 4099 fervorem
2412 4038 2740 4111 precationis
2771 4040 3036 4095 ostendit;
3054 4037 3173 4095 Non
3201 4040 3362 4109 quasi

1795 4138 1945 4208 digni
1975 4137 2146 4192 simus
2175 4131 2604 4190 misericordiam
2647 4133 3010 4203 postulamus,
3051 4132 3146 4186 sed
3179 4140 3365 4202 utpote

1796 4228 2102 4299 approbriis
2138 4227 2372 4281 onerati.

2098 4317 2376 4373 Canticum
2431 4317 2710 4387 graduum.
2768 4312 3042 4370 CXXIII.

2071 4409 2196 4464 Nisi
2232 4410 2358 4480 quia
2390 4407 2647 4462 Dominus
2677 4415 2791 4460 erat
2818 4406 2871 4457 in
2913 4403 3078 4457 nobis.

2373 4500 2773 4566 Argumentum.

1794 4591 2052 4658 Quintum
2080 4589 2352 4645 canticum
2379 4598 2637 4643 canentes
2670 4589 2761 4657 qui
2791 4587 2844 4640 in
2887 4587 3131 4643 Iudaeam
3169 4601 3366 4643 ascen-

1861 4683 2076 4742 derunt,
2114 4695 2298 4750 preces
2336 4682 2609 4744 emittunt,
2657 4695 2724 4734 eo
2763 4679 2906 4750 quod
2941 4677 3152 4732 liberati
3184 4678 3296 4732 sint
3333 4693 3366 4731 ο

1859 4771 2184 4844 captivitate,
2208 4781 2262 4827 et
2289 4771 2357 4824 ab
2382 4771 2617 4826 inimicis
2632 4786 2768 4840 quos
2799 4780 2983 4840 postea
3009 4777 3360 4840 superarunt.

2107 4863 2382 4918 Canticum
2433 4864 2716 4934 graduum.
2770 4860 3031 4916 CXXIV.

1931 4958 2034 5024 Qui
2065 4957 2333 5026 conﬁdunt
2360 4959 2414 5010 in
2441 4957 2666 5010 Domino
2691 4957 2828 5011 sicut
2872 4971 3020 5010 mons
3063 4953 3210 5008 Sion.

2369 5049 2767 5119 Argumentum.

1793 5144 2014 5199 Sextum
2045 5145 2318 5200 canticum
2346 5153 2572 5208 canunt,
2604 5148 2893 5212 postquam
2911 5137 2980 5193 ad
3014 5137 3192 5206 ipsum
3211 5133 3356 5190 desi-

1859 5235 2104 5291 deratum
2155 5244 2394 5290 montem
2437 5239 2814 5304 pervenerant.
2865 5227 3067 5284 Deinde
3109 5225 3356 5281 videntes

1858 5327 2048 5382 urbem
2083 5327 2288 5396 absque
2317 5325 2511 5390 muris,
2547 5337 2764 5378 murum
2795 5319 2896 5391 ipsi
2941 5317 3057 5373 fore
3081 5316 3356 5389 postulant

1861 5421 2080 5476 Domini
2107 5421 2396 5484 auxilium,
2423 5417 2622 5489 inquit,
2655 5431 2720 5474 ac
2745 5414 3091 5471 inimicorum
3123 5410 3354 5467 insidias

1859 5513 2094 5586 effugere
2108 5527 2269 5584 posse
2285 5509 2562 5568 conﬁdunt
2587 5528 2601 5566 :
2619 5525 2686 5567 ex
2701 5508 2890 5566 eodem
2908 5505 3168 5564 nimirum
3196 5501 3356 5559 ausi-
