3778 6276
381 258 486 316 515

1201 254 1256 306 S.
1305 248 1677 305 ATHANASH
1717 247 1868 302 OPP.
1913 243 2092 299 PARS
2135 243 2218 296 lll.
2259 273 2323 281 -—
2367 240 2769 295 EXEGETICA.

3499 231 3670 296 510

443 379 520 434 lio
547 377 660 444 Dei,
698 396 715 427 ι
772 378 862 447 qui
892 390 1003 430 non
1034 376 1288 445 relinquit
1330 374 1535 442 virgam
1587 380 1944 438 peccatorum

2134 366 2252 436 ρίας
2281 364 2440 416 πάλιν
2457 364 2548 416 τοῦ
2565 363 2724 426 Θεοῦ,
2758 380 2775 412 t
2805 361 2880 432 μὴ
2910 359 3158 430 ἀφιέντος
3175 358 3272 428 τὴν
3302 357 3492 428 ῥάϐδον
3519 357 3696 410 τῶν

451 484 612 539 super
633 476 832 522 sortem
852 466 1124 536 justorum
1158 476 1212 520 et
1232 473 1545 520 sanctorum
1572 472 1800 514 suorum
1829 457 1898 505 ⁸⁸.
1931 475 1949 506 ι

411 673 416 678 -
450 642 504 699 5.
563 640 683 694 Pax
710 657 864 710 super
892 639 1083 694 Israel.
1129 639 1241 693 Pax
1271 636 1415 692 enim
1448 649 1572 705 qua:
1609 646 1828 688 omnem
1862 647 1958 686 su-

380 747 534 809 perat
561 749 795 792 mentem
841 739 918 803 ⁸³,
948 738 997 793 ei
1052 738 1155 794 soli
1211 736 1372 790 datur
1430 733 1523 804 qui
1574 739 1759 787 mente
1794 730 1954 784 valet.

381 830 494 884 lmo
529 829 693 884 etiam
729 829 921 886 deletis
945 829 1182 884 inimicis
1212 827 1270 882 hi
1297 841 1433 897 pace
1468 823 1818 879 fruebantur.

722 1004 996 1060 Canticum
1045 1006 1324 1075 graduum.
1393 1001 1616 1060 CXXV.

971 1096 1374 1166 Argumentum.

388 1183 689 1256 Septimum
717 1187 990 1242 canticum
1029 1196 1229 1241 canunt
1261 1185 1355 1256 qui
1387 1200 1513 1241 cum
1553 1185 1622 1240 ad
1653 1185 1829 1255 ipsam
1858 1200 1955 1239 ur-

457 1275 577 1330 bem
607 1276 968 1345 pervenerint,
999 1276 1338 1331 liberationis
1371 1291 1400 1328 a
1447 1275 1764 1346 captivitate
1791 1276 1957 1330 certi-

460 1367 700 1421 tudinem
748 1366 964 1420 habent.
998 1365 1210 1436 Rogant
1248 1374 1428 1420 autem
1466 1381 1564 1435 pro
1600 1364 1826 1435 reliquis
1863 1364 1957 1434 qui

461 1459 641 1513 adhuc
688 1467 846 1513 erant
887 1457 942 1512 in
994 1457 1290 1530 Babylone,
1347 1465 1406 1511 ut
1459 1457 1561 1527 ipsi
1609 1457 1774 1512 etiam
1810 1455 1957 1512 redi-

459 1557 757 1605 merentur.

456 1645 519 1711 (1.
573 1641 639 1696 1η
682 1641 1021 1696 convertenda
1055 1641 1311 1695 Dominus
1341 1641 1696 1710 captivitatem
1723 1638 1852 1693 Sion
1882 1639 1961 1708 fa-

2132 454 2470 525 ἀμαρτωλῶν
2506 454 2598 506 ἐπὶ
2642 453 2731 506 τὸν
2763 451 2962 523 κλῆρον
2998 451 3106 502 τῶν
3151 449 3372 502 δικαίων
3403 449 3496 501 καὶ
3522 447 3693 500 τῶν

2127 547 2297 616 ἁγίων
2325 545 2510 600 αὑτοῦ.
2549 566 2568 598 ι

2130 638 2358 707 Εἰρήνη
2392 637 2489 691 ἐπὶ
2544 635 2651 690 τὸν
2702 633 2959 704 Ἰσραήλ.
3024 633 3090 688 Ἦ
3136 632 3245 704 γὰρ
3291 631 3690 703 ὑπερέχουσα

2057 729 2240 783 πάντα
2262 728 2387 783 νοῦν
2417 729 2603 799 εἰρήνη
2629 726 2772 798 μόνῳ
2791 726 2868 796 τῷ
2889 728 3012 779 νοῦν
3038 724 3210 795 ἔχοντι
3234 723 3446 777 δίδοται.
3470 721 3682 775 Ἀλλὰ

2059 823 2152 875 καὶ
2182 817 2286 874 τῶν
2317 821 2588 891 πολεμίων
2617 819 2972 872 ἀπολωλότων
2993 858 3008 883 ,
3067 811 3212 870 οὗτοι
3252 815 3354 886 τῆς
3407 816 3678 887 εἰρήνης

2056 913 2396 985 ἀπήλαυσαν.

2383 1003 2519 1074 ’ρδὴ
2545 1001 2662 1056 τῶν
2689 998 3061 1068 ἀναϐαθμῶν.
3104 999 3298 1052 PKE'.

2673 1094 2686 1112 '
2701 1093 3008 1157 Υπόθεσις.

2057 1189 2167 1260 Τὴν
2202 1187 2435 1258 ἑϐδόμην
2467 1186 2683 1258 ᾳδουσιν
2715 1183 2854 1255 ᾠδὴν
2891 1185 2938 1236 οἰ
2969 1183 3029 1234 τὸ
3071 1181 3307 1250 ἀσφαλὲς
3333 1179 3672 1251 ἐσχηκότες

2130 1282 2230 1350 τῆς
2257 1277 2573 1350 λυτρώσεως
2601 1278 2689 1331 διὰ
2718 1277 2869 1345 τὸλὲν
2903 1276 3038 1346 αὐτῇ
3078 1272 3401 1344 γεγενῆσθαι
3431 1275 3498 1342 τῇ
3533 1272 3666 1325 πό-

2127 1371 2227 1424 λει.
2270 1369 2651 1438 Παρακαλοῦσι
2683 1368 2739 1421 δὲ
2790 1369 2928 1438 ὑπὲρ
2973 1367 3081 1420 τῶν
3115 1364 3347 1429 λοιπῶν,
3401 1364 3509 1417 τῶν
3551 1364 3664 1416 ἔτι

2129 1460 2295 1514 ὄντων
2327 1463 2385 1513 ὲν
2411 1463 2478 1529 τῇ
2513 1459 2789 1513 Βαϐυλῶνι
2810 1498 2824 1522 ,
2853 1459 2998 1520 ὅπως
3030 1455 3096 1510 ἂν
3124 1457 3217 1508 καὶ
3244 1455 3395 1509 αὐτοὶ
3419 1455 3664 1525 λυτρω-

2092 1609 2105 1622 λ
2132 1550 2319 1605 θῶσιν.

2144 1643 2246 1695 Ἐν
2282 1640 2362 1706 τῷ
2404 1641 2759 1710 ἐπιστρέψαι
2803 1641 3019 1709 Κύριον
3061 1639 3176 1706 τὴν
3219 1637 3664 1708 αὶχιιανῖωἰαν

390 1734 665 1788 ctisumue
711 1733 848 1787 sicut
894 1733 1175 1787 consolati.
1238 1731 1362 1787 Haec
1415 1731 1642 1801 apostoli
1708 1745 1954 1800 praenun-

2123 1730 2213 1785 :c‘ur
2241 1731 2604 1802 ἐγενήθημεν
2630 1731 2770 1785 ὡσεὶ
2793 1731 3322 1800 παρακεκλημένοι.
3377 1731 3436 1782 Οἱ
3493 1730 3661 1783 ἀπό-

390 1825 530 1879 tiant
555 1824 622 1878 de
655 1824 849 1893 seipsis
881 1835 934 1878 et
978 1823 1043 1877 de
1078 1823 1348 1893 gentibus.
1398 1820 1532 1876 Nam
1573 1821 1790 1875 Davidis
1828 1830 1962 1874 tem-

2062 1822 2235 1874 στολοι
2263 1820 2432 1873 ταῦτα
2471 1820 2899 1892 προφητεύονται
2925 1821 3050 1890 περὶ
3079 1820 3286 1873 ἑαυτῶν
3310 1822 3401 1873 καὶ
3429 1819 3539 1874 τῶν
3580 1822 3657 1873 ὲν

389 1928 522 1983 pore
547 1913 693 1968 nulla
741 1913 1026 1983 captivitas
1066 1922 1202 1968 erat.
1253 1911 1505 1982 Fortasse
1553 1927 1682 1968 vero
1735 1915 1848 1966 haec
1894 1912 1954 1967 de

2123 1914 2170 1976 ῖς
2196 1911 2393 1964 ἔθνεσι.
2456 1911 2611 1965 Κατά
2642 1911 2751 1982 γὰρ
2784 1913 2910 1975 τοὺς
2939 1911 3034 1964 τοῦ
3067 1910 3228 1963 Δαυῒδ
3257 1913 3480 1980 χρόνους
3527 1914 3655 1966 οὐκ

393 2004 662 2074 spirituali
729 2005 1043 2074 captivitate
1093 2004 1244 2058 dicit.
1321 2003 1456 2058 Illud
1507 2003 1697 2072 enim,
1746 2004 1955 2070 dicent,

392 2093 636 2150 futurum
669 2096 980 2166 prophetico
1008 2097 1297 2166 signiﬁcat.

461 2273 576 2326 2-4.
631 2272 774 2325 Tunc
797 2273 967 2326 dicent
1009 2273 1144 2326 inter
1183 2283 1357 2342 gentes
1382 2289 1401 2326 :
1441 2271 1799 2342 Magniﬁcavit
1845 2270 1958 2323 Do-

394 2367 589 2429 minus,
628 2373 731 2418 etc.
771 2363 883 2418 Hoc
914 2378 1013 2418 nos
1059 2365 1248 2418 multis
1298 2364 1555 2436 lacrymis
1600 2363 1958 2433 deplorandos

393 2470 513 2510 esse
541 2455 610 2509 ab
637 2455 891 2510 omnibus
933 2454 1222 2524 signiﬁcat.
1263 2453 1466 2510 Omnes
1511 2455 1656 2509 enim
1705 2454 1800 2508 Dei
1849 2469 1962 2508 ma-

393 2545 756 2615 gniﬁcentiam
805 2546 1096 2611 mirantur,
1155 2545 1302 2615 quod
1355 2559 1455 2600 nos
1508 2560 1575 2600 ex
1626 2547 1820 2599 acerba
1867 2545 1957 2599 illa

395 2639 656 2690 servitute
685 2635 1018 2693 liberaverit.
1045 2634 1113 2690 Et
1133 2650 1230 2691 nos
1265 2635 1484 2704 quidem
1509 2634 1834 2698 clamamus,
1863 2650 1958 2689 ne-

397 2741 506 2794 que
531 2728 678 2782 enim
725 2743 980 2782 vacamus
1023 2743 1210 2792 sensu,
1265 2742 1388 2782 cum
1450 2728 1688 2797 reliquos
1715 2729 1958 2798 captivos

397 2821 640 2874 nondum
700 2821 1088 2889 receperimus,
1141 2835 1239 2889 pro
1297 2821 1496 2890 quibus
1555 2822 1629 2875 ita
1689 2821 1959 2891 supplica-

398 2927 518 2966 mus
548 2931 560 2965 :
593 2911 860 2977 Converte,
883 2911 1117 2976 Domine,
1159 2912 1516 2979 captivitatem
1545 2921 1781 2967 nostram
1822 2913 1957 2965 sicut

399 3011 600 3056 torrens
631 3003 684 3054 in
742 3010 940 3054 austro.
993 2999 1088 3054 His
1138 3001 1442 3072 signiﬁcant
1489 3016 1738 3073 magnam
1782 3003 1958 3058 adhuc

399 3095 800 3149 multitudinem
831 3096 882 3147 in
919 3092 1192 3164 Babylone
1223 3109 1528 3157 remanere,
1560 3095 1630 3149 ita
1660 3103 1720 3148 ut
1751 3094 1959 3150 reditus

397 3188 517 3259 eius
563 3187 802 3258 Egyptii
851 3186 1092 3240 ﬁuminis
1159 3187 1413 3241 decursui
1482 3188 1676 3242 similis
1727 3186 1958 3243 dicatur.

402 3281 601 3334 Auster
628 3279 718 3332 hic
745 3278 1019 3333 desertum
1053 3277 1270 3332 dicitur.

471 3371 523 3435 5,
577 3369 630 3424 6.
686 3369 792 3436 Qui
841 3371 1099 3424 seminant
1146 3372 1200 3423 in
1230 3369 1476 3440 lacrymis
1511 3370 1565 3422 in
1613 3369 1962 3423 exsultatione

400 3471 607 3515 iactent.
641 3460 836 3514 Euntes
875 3461 1019 3516 ibant
1055 3470 1104 3515 et
1131 3461 1345 3530 ﬂebant.
1381 3460 1719 3530 Rogantibus
1749 3475 1848 3529 pro
1873 3476 1962 3515 re-

401 3554 580 3623 liquiis
610 3553 968 3624 captivorum,
1004 3553 1292 3621 respondet
1321 3551 1554 3622 Spiritus
1593 3551 1959 3621 prOpheticus,

398 3655 452 3698 et
478 3646 592 3698 ait:
626 3644 682 3698 Si
718 3645 964 3699 ﬁeveriut
996 3661 1093 3715 pro
1124 3646 1190 3700 iis
1235 3645 1328 3713 qui
1366 3644 1419 3698 in
1465 3643 1736 3716 Babylone
1775 3659 1962 3714 super-

399 3744 548 3800 sunt,
583 3736 789 3790 reditus
827 3735 934 3789 illis
958 3735 1303 3791 concedetur.

562 3909 837 3964 Canticum
887 3915 1147 3983 graduum
1201 3913 1493 3969 Salomoni.
1551 3915 1808 3971 CXXVI.

974 4004 1015 4056 Α
1027 4014 1376 4075 rgumentum.

399 4092 657 4148 Octavum
687 4094 900 4148 canitur
937 4097 1209 4151 canticum
1242 4097 1405 4167 jactis
1433 4096 1798 4154 fundamentis
1828 4109 1963 4155 tem-

470 4184 566 4254 pli,
607 4185 957 4254 sperantibus
983 4185 1184 4240 ludatis
1212 4186 1328 4243 fore
1360 4199 1421 4243 ut
1447 4189 1735 4244 aediﬁcium
1766 4191 1963 4246 immo-

470 4285 587 4330 tum
627 4291 842 4347 semper
887 4288 1150 4333 maneret.
1199 4278 1453 4335 Latenter
1499 4282 1662 4351 igitur
1713 4297 1964 4352 praenun-

2057 1997 2126 2072 ἧν
2151 2001 2510 2071 αἰχμαλωσία.
2569 2002 2719 2071 Τάχα
2757 1997 2848 2054 οὗν
2903 2001 3030 2072 περὶ
3081 2000 3180 2070 τῆς
3217 2002 3412 2070 νοητῆς
3455 2002 3653 2056 ταῦτὰ

2059 2109 2211 2165 φησι,
2269 2092 2342 2144 Τὸ
2372 2091 2511 2163 γὰρ,
2567 2092 2802 2160 ἐροῦσι,
2848 2092 3194 2164 προφητικῶς
3223 2092 3281 2144 τὸ
3317 2093 3651 2164 μέλλονδη-

2057 2185 2262 2240 λοῦται.

2133 2275 2268 2326 Τότε
2295 2272 2540 2342 ἐροῦσιν
2571 2273 2641 2326 ἐν
2670 2273 2794 2339 τοῖς
2826 2273 3093 2338 “reatu;
3128 2272 3486 2342 Ἐμεγάλυνε
3513 2271 3651 2323 Κύ-

2049 2383 2202 2434 ριος,
2219 2382 2274 2420 κ.
2295 2381 2346 2418 τ.
2367 2364 2416 2418 λ.
2436 2363 2604 2417 Τοῦτο
2618 2363 2672 2418 δὲ
2689 2366 2833 2435 ἡμᾶς
2849 2364 3283 2436 πολύθρηνήτους
3298 2361 3447 2434 παρὰ
3461 2363 3649 2415 πᾶσιν

2057 2453 2355 2525 ἀπέφηνεν.
2383 2455 2656 2518 Ἅπαντες
2685 2454 2792 2524 γάρ
2819 2453 2916 2525 τὴν
2947 2453 3039 2507 τοῦ
3067 2453 3201 2507 Θεοῦ
3231 2450 3647 2524 μεγαλουργίαν

2058 2543 2452 2615 θαυμάζουσιν,
2497 2547 2580 2599 ὃτι
2610 2547 2705 2616 τῆς
2739 2547 2939 2618 πικρᾶς
2966 2546 3178 2615 ἐκείνης
3203 2547 3348 2616 ἡμᾶς
3389 2544 3648 2607 δουλείας

2057 2635 2331 2708 ἀπήλλαξε
2351 2655 2364 2668 ο
2392 2638 2486 2692 καὶ
2507 2640 2667 2707 ἡμεῖς
2695 2638 2874 2708 μέντοι
2899 2637 3132 2708 βοῶμεν,
3159 2639 3218 2691 οὐ
3242 2637 3352 2708 γὰρ
3379 2635 3644 2705 ἀναισθη-

2057 2727 2258 2797 τοῦμεν
2279 2767 2294 2788 ,
2331 2729 2380 2781 εἰ
2417 2729 2511 2781 καὶ
2547 2729 2619 2800 μὴ
2651 2729 2777 2792 τοὺς
2807 2729 3024 2792 λοιποὺς
3055 2729 3463 2800 ἀπειλήφαμενο
3500 2728 3646 2797 περὶ

2055 2812 2128 2871 ὧν
2162 2820 2472 2890 ἱκετεύομεν
2493 2820 2742 2888 λέγοντες
2767 2836 2780 2850 ·
2822 2821 3243 2889 Ἐπίστρεψον,
3275 2823 3478 2888 Κύριε,
3512 2819 3644 2887 τὴν

2056 2915 2468 2984 αἰχμαλωσίαν
2514 2912 2684 2981 ἡμῶν
2728 2913 2807 2979 ὡς
2844 2914 3198 2982 χειμάρρους
3227 2914 3295 2966 ἐν
3340 2909 3419 2976 τῷ
3451 2913 3634 2980 νότῳ.

2059 3003 2283 3074 Δηλοῦσι
2313 3003 2373 3055 τὸ
2421 3002 2554 3056 πολὺ
2587 3002 2789 3072 πλῆθος
2823 3005 3177 3075 ὲναπομεῖναν
3224 3005 3279 3056 ὲν
3325 3003 3637 3066 Βαϐυλῶνι,

2057 3094 2133 3158 ὡς
2161 3096 2254 3148 καὶ
2279 3095 2377 3166 τὴν
2409 3094 2740 3166 ἐπιστροφὴν
2789 3094 2952 3148 αὑτοῦ
2973 3137 2988 3160 ,
3040 3095 3392 3167 παρεικάζιιν
3433 3096 3642 3157 αὐτοὺς

2059 3184 2136 3256 τῷ
2164 3185 2395 3256 ῥεύματι
2425 3185 2520 3238 τοῦ
2552 3186 2850 3254 Αἰγυπτίου
2883 3186 3150 3258 ποταμοῦ.
3199 3187 3368 3240 Νότον
3394 3187 3502 3256 γάρ
3528 3189 3639 3259 τὴν

2060 3277 2264 3349 ἔρημόν
2296 3295 2479 3349 φησιν.

2137 3373 2199 3422 οι
2231 3371 2578 3438 σπείροντες
2606 3370 2676 3422 ἐν
2705 3370 2829 3435 τοῖς
2853 3369 3148 3438 δάκρυσιν
3178 3370 3247 3422 ἐν
3274 3370 3638 3439 ἀγαλλιάσει

2061 3460 2342 3528 θεριοῦσι.
2408 3461 2798 3528 Πορευόμενοι
2839 3460 3194 3530 ἐπορεύοντο
3233 3462 3329 3514 καί
3361 3462 3633 3516 ἔκλαιον.

2062 3551 2188 3614 Τοῖς
2235 3551 2549 3621 εὐξαμένοις
2595 3551 2722 3620 περὶ
2765 3549 2872 3602 τῶν
2910 3551 3251 3604 καταλοίπων
3277 3553 3633 3623 ἀποκρίνεται

2060 3641 2121 3693 τὸ
2148 3643 2481 3713 προφητικὸν
2509 3639 2750 3710 Πνεῦμα,
2781 3640 2876 3695 καί
2902 3658 3086 3714 φησιν,
3111 3643 3216 3704 ὃτι,
3250 3643 3310 3694 Εἰ
3338 3643 3637 3697 κλαύσαιεν

2063 3733 2201 3802 ὑπὲρ
2252 3732 2359 3784 τῶν
2410 3735 2467 3784 ἐν
2529 3731 2838 3799 Βαϐυλῶνι,
2897 3733 3184 3786 ἐσταικαὶ
3210 3734 3392 3797 αὐτοῖς
3423 3737 3456 3804 ἡ
3507 3737 3632 3788 ἐπι⁹

2065 3826 2270 3897 στροφὴ
2283 3867 2295 3879 .

2150 3915 2287 3986 ’ῼδὴ
2324 3914 2440 3968 τῶν
2467 3915 2822 3985 ἀναϐαθμῶν
2849 3915 2928 3981 τῷ
2956 3916 3276 3986 Σολομῶνι.
3336 3919 3492 3982 PKQ
3525 3955 3541 3968 .

2677 4009 2692 4029 '
2702 4010 2981 4076 Υπόθεσις

2075 4100 2141 4153 Ἦ
2171 4099 2330 4170 ὀγδόη
2356 4100 2539 4172 ᾄδεται
2572 4101 2700 4173 ᾠδὴ,
2730 4102 3221 4172 καταὸεὸλημένων
3253 4101 3353 4172 ήδη
3407 4099 3514 4153 τῶν
3541 4100 3636 4155 θε-

2134 4192 2332 4263 μελίων
2377 4192 2471 4246 τοῦ
2519 4194 2666 4265 ἰεροῦ
2692 4211 2705 4225 ο
2742 4194 3067 4259 ἐλπιζόντων
3100 4193 3435 4247 ἀδιάσειστον
3488 4186 3632 4245 εῖναι

2129 4282 2192 4335 τὸ
2223 4283 2499 4353 τείχισμα.
2544 4282 2856 4354 Λεληθότως
2893 4277 2985 4335 οὖν
3019 4281 3347 4352 προφητεύει
3377 4279 3475 4350 τὴν
3506 4280 3632 4331 ὲσο-

480 4369 580 4423 tiat
608 4368 851 4423 futurum
881 4369 1000 4439 ejus
1028 4370 1205 4424 denuo
1245 4371 1346 4426 sub
1377 4371 1638 4427 Romanis
1665 4373 1954 4427 excidium.

2137 4372 2303 4442 μένην
2336 4373 2502 4426 αὑτοῦ
2543 4373 2748 4426 πτῶσιν
2778 4373 2936 4426 πάλιν
2965 4372 3058 4424 ἐπὶ
3087 4371 3183 4441 τῆς
3219 4370 3500 4440 Ῥωμαίων
3529 4369 3630 4439 ἀρ-

469 4458 773 4529 Adjicitque
818 4461 1153 4529 prophetiam
1207 4462 1270 4516 de
1317 4461 1520 4518 Christi
1553 4461 1816 4519 Ecclesia.
1864 4463 1962 4518 Ca-

481 4550 630 4603 nitur
663 4565 823 4619 porro
855 4553 1166 4620 prophetica
1193 4568 1222 4606 a
1259 4551 1570 4609 Salomone.
1605 4553 1757 4610 Sicut
1792 4555 1959 4610 etiam

484 4651 671 4691 revera
719 4639 887 4706 aliqui
933 4641 1128 4708 psalmi
1184 4641 1461 4698 Zachariae
1515 4654 1643 4699 sunt
1673 4654 1727 4699 et
1755 4645 1954 4715 Aggzei.

482 4728 682 4783 Octava
720 4740 898 4783 autem
926 4731 1050 4799 jure
1083 4733 1416 4803 intelligatur
1458 4752 1580 4792 esse
1630 4737 1957 4807 principium

481 4818 616 4876 Novi
659 4819 1014 4876 Testamenti.

467 4913 520 4967 1.
583 4911 707 4967 Nisi
760 4913 1015 4967 Dominus
1048 4916 1386 4984 aediﬁcaverit
1420 4919 1655 4984 domum,
1689 4924 1742 4975 in
1767 4940 1961 4978 vanum

399 5007 764 5061 laboraverunt
788 5007 877 5076 qui
915 5007 1182 5074 aediﬁcant
1209 5025 1344 5063 eam.
1381 5009 1505 5065 Haec
1534 5009 1737 5069 ludatis
1767 5017 1864 5082 ait,
1894 5017 1961 5071 de

397 5101 652 5156 ﬁrmitate
677 5100 891 5156 aediﬁcii
921 5101 1006 5156 sui
1033 5101 1140 5155 alte
1175 5102 1555 5158 sentientibus.

467 5275 522 5329 5.
551 5275 682 5330 Cum
704 5279 904 5332 dederit
922 5280 1129 5333 dilectis
1146 5281 1253 5333 suis
1269 5297 1529 5344 somnum,
1548 5299 1660 5338 ecce
1675 5255 1956 5340 hereditas

401 5365 634 5431 Domini,
663 5368 783 5435 ﬁlii.
816 5370 934 5423 Alte
961 5371 1026 5426 de
1069 5373 1269 5442 templo
1300 5373 1464 5427 nolite
1500 5374 1720 5440 sentire,
1761 5376 1954 5446 inquit,

399 5456 556 5525 quasi
591 5457 646 5509 in
681 5458 770 5512 illo
801 5461 954 5514 vobis
995 5465 1279 5520 haereditas
1330 5466 1470 5528 data,
1508 5468 1598 5520 sit.
1645 5467 1844 5522 Verum
1891 5485 1953 5525 ea

480 5650 523 5681 ³³
577 5649 724 5706 Vcrs.
761 5655 812 5708 5.
897 5657 939 5685 ⁸³
993 5655 1219 5726 Philipp.
1289 5679 1357 5722 ις,
1396 5667 1444 5714 7.

2134 4462 2254 4532 χῆς.
2303 4463 2570 4516 Συνάπτει
2598 4462 2654 4516 δὲ
2700 4463 2793 4515 καὶ
2838 4461 3170 4532 προφητείαν
3211 4460 3461 4531 περὶτῆς
3492 4458 3629 4530 Χρι-

2135 4554 2261 4608 στοῦ
2301 4555 2642 4626 Ἐκκλησίας·
2683 4555 2900 4626 ’ᾼδεται
2929 4555 2984 4607 δὲ
3017 4552 3366 4624 προφητικῶς
3391 4551 3495 4604 ὑπὸ
3529 4552 3628 4606 τοῦ

2133 4646 2467 4716 Σολομῶνος·
2523 4646 2772 4717 καθάπερ
2832 4646 3019 4716 ἀμέλει
3066 4645 3159 4698 καὶ
3203 4644 3465 4715 Ζαχαρίου
3520 4645 3629 4696 εἰσὶ

2132 4737 2336 4806 ψαλμοὶ
2361 4738 2450 4790 καὶ
2488 4736 2760 4804 Ἀγγαίου.
2835 4737 2899 4788 Ἢ
2929 4735 2985 4787 δὲ
3029 4734 3186 4805 ὀγδόη
3234 4735 3457 4797 εἰκότως
3484 4733 3628 4805 ἀρχὴ

2133 4829 2230 4900 τῆς
2258 4828 2402 4892 Νέας
2430 4829 2718 4900 Διαθήκης.

2143 4920 2283 4973 Ἐὰν
2308 4919 2394 4989 μὴ
2429 4922 2642 4988 Κύριος
2669 4919 3034 4989 οἱκοδομήσῃ
3067 4916 3266 4983 οἶκον,
3298 4922 3382 4985 εἷς
3427 4917 3632 4987 μάτην

2057 5011 2388 5066 ὲκοπίασαν
2416 5015 2466 5064 οἰ
2496 5011 2961 5081 οἰκοδομοῦντες.
2992 5012 3077 5076 Ὠς
3109 5012 3249 5082 μέγα
3293 5009 3629 5081 φρονούντων

2055 5101 2163 5154 τῶν
2205 5103 2471 5156 Ἰουδαίων
2531 5103 2622 5156 ὲπὶ
2660 5103 2739 5174 τῷ
2779 5103 2981 5175 στερεῷ
3031 5105 3130 5172 τῆς
3183 5101 3497 5172 οἰκοδομῆς,
3559 5099 3630 5153 τά

2056 5191 2274 5245 τοιαῦτα
2295 5208 2476 5262 φησιν.

2137 5283 2320 5335 Ὅταν
2353 5281 2436 5346 δῷ
2469 5283 2593 5349 τοῖς
2639 5285 2962 5355 ἀγαπητοις
2997 5283 3186 5338 αὐτοῦ
3236 5284 3450 5345 ὕπνον,
3495 5278 3626 5334 ἰδοὺ

2065 5376 2104 5443 ἡ
2132 5376 2493 5443 κληρονομία
2541 5378 2801 5443 Κυρίου,
2856 5376 2992 5430 υἰοί.
3041 5375 3131 5446 Μὴ
3169 5375 3307 5446 μέγα
3357 5376 3622 5444 φρονεῖτε,

2065 5468 2230 5538 φησὶν
2253 5507 2266 5531 ,
2297 5469 2389 5521 ἐπὶ
2435 5467 2511 5538 τῷ
2546 5468 2676 5538 ἰερῷ
2701 5507 2713 5531 ,
2752 5469 2827 5530 ὼς
2873 5469 2928 5520 ὲν
2956 5467 3102 5538 αὐτῷ
3132 5467 3230 5537 τῆς
3267 5465 3626 5537 κληρονομίας
