3778 6276
101 272 190 326 ΞΠ
1214 267 1579 324 EXPOSITIO
1614 266 1680 320 IN
1720 267 2056 324 PSALMUM
2095 268 2331 323 CXXIX.

3261 268 3363 320 518

102 388 244 459 ὑμῶν
267 386 614 457 διδομένης.
637 385 710 438 Uti
743 385 852 457 γάρ
875 386 1020 439 ἐστιν
1049 385 1207 457 αὕτη.
1258 387 1398 440 Ἀλλ’
1420 389 1547 442 ὅταν
1566 389 1683 442 ἀνα-

1852 387 2084 443 ereditas
2126 402 2252 441 vere
2281 401 2388 440 non
2433 396 2535 441 est.
2575 388 2645 438 At
2690 400 2814 440 cum
2846 385 3074 441 dilectos
3117 398 3249 438 suos
3297 398 3366 437 ex

103 479 276 549 ταύτῃ
335 480 476 541 τοὺς
526 479 914 548 ἡγαπημένους
963 477 1128 532 αὐτοῦ
1183 480 1248 532 ἐκ
1279 479 1375 533 τοῦ
1427 479 1692 552 προτέρου

103 570 259 635 λαοῦ,
315 571 585 622 τουτέστι
635 570 759 631 τοὺς
811 570 1127 641 προφήτας·
1164 570 1284 623 τότε
1329 574 1441 635 τοῖς
1484 572 1692 625 ἐκείνου

103 661 227 715 υἱέσι
263 661 375 730 τὴν
409 659 784 730 κληρονομίαν
808 658 987 714 δώσει.
1047 659 1204 724 Τίνες
1224 661 1268 712 δ’
1290 659 1356 713 ἂν
1389 657 1497 714 εἶεν
1546 655 1690 714 οὗτοι

103 754 204 822 ἢεί
235 751 544 823 μαθηταῇ
582 750 790 822 (ϐοτά.)
835 752 901 804 Ἠ
933 752 1042 822 γὰρ
1071 752 1190 806 θεία
1245 753 1564 822 ὑπόσχεσις,
1597 753 1691 806 καὶ

106 844 275 914 ᾐπερὶ
300 845 446 906 τοὺς
479 842 676 906 παῖδας
705 842 942 912 εὐλογία,
975 843 1222 917 καθάπερ
1248 862 1331 908 τις
1362 845 1547 915 μισθὸς
1578 847 1690 908 τοῖς

109 937 178 987 ἐπ’
211 935 384 989 αὑτὸν
423 935 688 1004 ἡλπικόσι
720 933 1036 1007 δεδώρηται.
1079 937 1141 989 '0
1164 937 1380 1006 μισθὸς
1411 938 1518 992 τοῦ
1555 955 1692 1006 καρ-

109 1026 208 1079 ποῦ
257 1025 377 1092 τῆς
426 1027 716 1094 γαστρός.
785 1026 844 1077 ’0
873 1026 1082 1095 καρπὸς
1109 1026 1210 1096 τῆς
1237 1028 1472 1099 γαστρὸς
1501 1029 1585 1100 εἴη
1623 1029 1690 1084 ἂν

112 1122 137 1187 ἡ
167 1119 418 1188 σωτηρία
478 1117 578 1170 τοῦ
613 1116 940 1188 πνεύματος,
965 1117 1104 1170 κατὰ
1141 1118 1229 1170 τό·
1297 1118 1690 1189 Ὠδινήσαμεν

115 1209 191 1260 καὶ
230 1208 542 1277 ἐτέκομεν
572 1207 808 1276 πνεῦμα
851 1208 1147 1276 σωτηρίας
1169 1247 1185 1272 ,
1245 1207 1277 1260 ὃ
1317 1209 1691 1279 ἐποιήσαμεν

1797 478 1978 547 priore
2010 477 2209 547 populo
2241 477 2582 547 requiescere
2610 465 2816 542 fecerit,
2846 475 2901 530 id
2925 483 3008 530 est
3038 474 3358 544 prophetas,

1796 581 1929 626 tunc
1979 571 2106 625 [iliis
2167 571 2282 625 suis
2327 569 2696 624 htereditatem
2745 569 2973 623 daturus
3016 576 3120 624 est.
3164 565 3366 635 Ecqui-

1795 678 1922 716 nam
1979 662 2016 716 ii
2042 661 2263 727 fuerint,
2293 661 2398 716 nisi
2431 658 2730 731 discipuli?
2765 659 2976 730 (Cord.)
3003 658 3137 712 Nam
3181 658 3366 712 divina

1797 752 2115 823 promissio,
2153 763 2208 808 et
2255 767 2551 822 puerorum
2602 752 2926 818 benedictio,
2985 765 3086 805 ceu
3118 749 3364 818 quaedam

1795 859 2008 899 merces
2036 844 2388 913 sperantibus
2427 843 2482 896 in
2529 857 2654 898 eum
2697 843 2821 897 data
2850 851 2952 896 est.
3003 840 3202 894 Merces
3252 839 3368 908 [ru—

1796 946 1909 990 ctus
1945 937 2158 990 ventris.
2222 935 2457 992 Fructus
2510 936 2717 991 ventris
2767 944 2848 990 est
2908 935 3060 989 salus
3113 931 3364 1001 spiritus,

1790 1030 1946 1100 juxta
1995 1030 2172 1084 illud:
2226 1029 2617 1083 Parturivimus
2677 1037 2727 1082 et
2775 1029 3068 1098 peperimus
3120 1024 3365 1093 spiritum

1794 1121 2008 1186 salutis,
2049 1137 2199 1191 quem
2255 1121 2473 1190 fecimus
2504 1121 2559 1174 in
2595 1129 2734 1174 terra
2768 1119 2832 1173 ⁸⁸.
2871 1116 3106 1186 Hujusce
3155 1114 3366 1167 fructus

1796 1227 2028 1277 merces,
2055 1223 2114 1268 ut
2137 1219 2192 1267 et
2219 1212 2512 1268 haereditas
2537 1213 2778 1276 dabitur,
2819 1211 3029 1266 scilicet
3050 1205 3291 1276 adoptio.

113 1297 188 1350 ἐπὶ
217 1296 330 1366 τῆς
356 1297 508 1368 γῆς.
564 1297 766 1351 Τούτου
800 1295 889 1348 τοῦ
918 1297 1130 1369 καρποῦ
1168 1297 1355 1369 μισθὸς
1380 1297 1568 1369 ὥσπερ
1591 1300 1686 1354 καὶ
1717 1301 2050 1374 κληρονομία
2076 1303 2413 1373 δοθήσεται-ἡ
2445 1303 2702 1357 υἱοθεσία.

177 1389 332 1442 Ὠσεί
392 1389 568 1457 βέλη
597 1390 690 1443 ἐν
741 1392 889 1460 χειρὶ
935 1391 1196 1446 δυνατοῦ
1216 1433 1230 1457 ,
1262 1392 1449 1457 οὕτως
1490 1395 1542 1445 οἱ
1568 1393 1684 1446 υἱοὶ

119 1479 210 1532 τῶν
236 1480 789 1550 ὲκτετιναγμένων.
819 1482 1338 1554 Ἔκτετιναγμένους
1367 1483 1491 1548 τοὺς
1517 1485 1690 1556 ἀπορ-

119 1574 353 1640 ριςέντας
383 1575 532 1643 φησὶ
553 1575 648 1628 τοῦ
681 1575 946 1647 προτέρου
966 1575 1095 1630 λαοῦ
1123 1593 1136 1605 °
1165 1569 1238 1631 ὧν
1269 1577 1318 1629 οἱ
1357 1577 1463 1630 υἱοὶ
1485 1617 1500 1640 ,
1536 1594 1691 1630 τουτ-
1729 1628 1739 1638 ,

117 1667 233 1717 ἐστιν
259 1667 312 1718 οἱ
349 1666 685 1734 ἀπόστολοι,
716 1669 969 1736 γεγόνασι
1003 1669 1130 1741 βέλη
1162 1669 1260 1722 ’τοῦ
1289 1668 1536 1723 δυνατοῦ.
1608 1669 1684 1722 Δι’

114 1759 263 1810 αὐτῶν
294 1761 408 1823 τὰς
436 1760 824 1830 ἀντικειμένας
852 1761 1106 1831 δυνάμεις
1139 1762 1543 1828 κατετόξευσεν.

165 1852 476 1921 Μακάριος
510 1852 580 1918 ὃς
605 1852 906 1920 πληρώσει
935 1852 1049 1922 τὴν
1072 1854 1387 1923 ἐπιθυμίαν
1410 1853 1595 1908 αὐτοῦ
1617 1853 1687 1918 ἐξ

111 1938 305 1991 αἰτῶν.
391 1943 487 2008 Ἐξ
527 1943 704 1994 αὐτῶν
737 1944 1026 2014 μακαρίζει
1064 1945 1190 2008 τοὺς
1222 1946 1286 1998 ὲκ
1309 1945 1406 2014 τῆς
1433 1944 1687 1998 διδασκα-

110 2032 208 2095 2.11.;
250 2032 818 2105 ὠφεληθησομένους.
906 2037 986 2089 Οὐ
1042 2035 1683 2104 καταισχυνθήσονται,

109 2122 232 2174 ὅταν
288 2123 543 2177 λαλῶσι
615 2125 740 2191 τοῖς
789 2125 1022 2195 ἐχθροῖς
1069 2125 1267 2180 αὐτῶν
1318 2127 1390 2180 ἐν
1442 2127 1684 2191 πύλαις.

108 2214 286 2284 Σατῶς
313 2215 424 2287 τὴν
451 2216 762 2286 παρουσίαν
788 2218 880 2270 τοῦ
913 2216 1260 2288 κηρύγματος
1287 2216 1453 2286 δηλοῖ.

432 2307 579 2377 ’ῼδὴ
611 2307 731 2362 τῶν
762 2307 1132 2377 ἀναϐαθμῶν.
1187 2310 1365 2361 PKZ'.

732 2404 745 2423 '
759 2406 1064 2470 Υπόθεσις.

117 2498 171 2548 Ἠ
203 2499 408 2565 ὲννάτη
435 2494 550 2565 ᾠδὴ
587 2495 878 2566 μακαρίζει
905 2495 996 2549 τὸν
1036 2494 1398 2566 προσελθόντα
1434 2493 1512 2565 τῷ
1540 2494 1688 2566 φόϐῳ

178 2587 268 2639 τοῦ
295 2585 465 2639 Θεοῦ.
499 2585 740 2650 Εἰκότως
761 2587 818 2639 δὲ
847 2587 984 2658 μετὰ
1010 2587 1105 2658 τὴν
1134 2585 1401 2652 ἀνάδειξιν
1430 2588 1537 2642 τῶν
1561 2588 1689 2642 ἀπο-

178 2679 388 2732 στόλων
425 2677 722 2749 μακαρίζει
752 2681 878 2743 τοὺς
905 2679 1315 2744 πιστεύσαντας.

169 2858 466 2926 Μακάριοι
501 2857 724 2926 πάντες
750 2862 803 2914 οἱ
831 2862 1184 2931 φοϐούμενοι
1208 2862 1315 2916 τὸν
1341 2863 1578 2932 Κύριον.

185 2953 256 3002 Ἠ
275 2949 437 3018 γυνή
467 2965 582 3003 σου
609 2951 688 3015 ὡς
711 2951 978 3019 ἄμπελος
997 2953 1357 3019 εὐθηνοῦσα.
1385 2953 1476 3023 Τῷ
1497 2953 1688 3022 φοϐου-

107 3041 252 3110 μένῳ
275 3040 372 3092 τὸν
395 3039 602 3112 Κύριον
635 3040 807 3112 δῶρον
840 3041 1035 3094 δίδοται
1076 3043 1172 3112 οὐχ
1206 3043 1496 3113 ήτυχοῦσα
1524 3045 1683 3115 γυνὴ,

1863 1396 1917 1450 4.
1983 1394 2135 1450 Sicut
2183 1397 2393 1465 sagitta:
2421 1396 2475 1448 in
2527 1411 2688 1458 manu
2713 1395 2955 1463 potentis,
2993 1393 3069 1444 ita
3117 1390 3218 1460 ﬁlii
3268 1406 3364 1443 ea-

1794 1503 2086 1541 cussorum.
2151 1485 2426 1542 Excussos
2479 1496 2640 1542 vocat
2684 1501 2778 1540 eos
2825 1500 2890 1538 ex
2941 1487 3119 1554 priore
3169 1483 3366 1551 pOpulo

1791 1581 1884 1648 qui
1938 1579 2134 1648 abjecti
2189 1587 2339 1633 sunt.
2396 1577 2640 1644 Quorum
2700 1578 2818 1642 ﬁlii,
2852 1577 3063 1632 scilicet
3110 1574 3364 1644 apostoli,

1792 1670 1943 1724 fuere
1969 1671 2179 1740 sagitta:
2210 1671 2464 1739 potentis.
2505 1669 2666 1723 Hisce
2705 1668 2852 1723 enim
2888 1666 3230 1722 adversarias
3262 1680 3366 1735 po-

1792 1771 2015 1818 testates
2049 1761 2205 1832 quasi
2247 1761 2464 1833 sagittis
2509 1760 2765 1817 confecit.

1858 1854 1912 1908 5.
1961 1853 2157 1906 Beatus
2205 1857 2286 1906 vir
2330 1855 2420 1924 qui
2464 1853 2694 1922 implevit
2733 1852 3052 1906 desiderium
3096 1870 3252 1908 suum
3302 1871 3366 1909 ea:

1785 1943 1933 2012 ipsis.
1961 1942 2154 1997 Beatos
2179 1943 2438 2011 praedicat
2463 1959 2558 1997 eos
2585 1943 2678 2012 qui
2709 1957 2774 1996 ex
2794 1942 3041 1996 doctrina
3073 1943 3363 1997 utilitatem

1786 2033 2103 2102 percipient.
2140 2031 2263 2084 Non
2294 2032 2682 2101 confundantur
2723 2048 2842 2084 cum
2872 2031 3150 2100 loquentur
3189 2034 3365 2086 inimi-

1786 2127 1860 2178 cis
1887 2127 1998 2178 suis
2045 2126 2102 2178 in
2146 2127 2335 2193 portis.
2387 2125 2587 2194 Aperte
2632 2123 3037 2192 praedicationis
3066 2123 3362 2178 adventum

1788 2216 2079 2288 signiﬁcat.

2103 2305 2382 2362 Canticum
2432 2307 2714 2377 graduum.
2750 2305 2899 2360 CXX
2915 2304 3025 2359 VII

2373 2399 2774 2468 Argumentum.

1786 2490 2000 2546 Nonum
2028 2490 2302 2546 canticum
2331 2490 2548 2545 beatum
2579 2489 2838 2559 praedicat
2865 2504 2990 2544 eum
3031 2490 3125 2560 qui
3159 2490 3369 2546 accedit

1859 2582 1926 2638 ad
1961 2583 2212 2636 timorem
2245 2581 2358 2636 Dei.
2389 2579 2520 2636 Jure
2549 2589 2734 2636 autem
2777 2590 3062 2652 postquam
3089 2584 3366 2652 apostolos

1860 2672 2079 2728 futuros
2106 2673 2425 2741 declaravit,
2457 2673 2647 2728 beatos
2677 2673 2939 2743 praedicat
2969 2656 3066 2729 eos
3109 2675 3204 2745 qui
3247 2690 3368 2731 crc-

1857 2766 2135 2820 diderunt.

1859 2859 1910 2912 i.
1969 2857 2124 2911 Beati
2165 2874 2342 2911 omnes
2388 2857 2478 2928 qui
2523 2857 2706 2911 timent
2754 2856 3063 2915 Dominum.

1857 2950 1910 3004 5.
1969 2947 2113 3003 Uxor
2145 2958 2238 3002 tua
2265 2950 2403 3003 sicut
2434 2949 2555 3002 vitis
2597 2950 2892 3004 abundans.
2932 2949 3165 3006 Timenti
3197 2951 3365 3006 Deum

1791 3039 1934 3095 dono
1961 3041 2123 3095 datur
2179 3056 2290 3095 non
2345 3041 2550 3112 quaevis
2607 3041 2824 3108 mulier,
2881 3042 2975 3096 sed
3027 3057 3150 3112 qua:
3208 3043 3368 3098 bonis

109 3134 218 3184 αλλ’
241 3135 276 3203 ἡ
303 3135 539 3204 καρποῖς
559 3133 784 3220 ἀγαθοῖς
813 3134 1223 3205 κεκοσμημένη.
1255 3134 1396 3205 Γυνὴ
1421 3134 1529 3206 γὰρ
1553 3137 1683 3203 ἀγα-

1852 3133 2063 3190 nctihus
2124 3142 2316 3188 ornata
2382 3135 2472 3190 sit.
2529 3132 2668 3188 Nam
2728 3137 2868 3189 bona
2925 3135 3158 3200 mulier,
3225 3136 3368 3192 bona

109 3223 174 3292 hi;
205 3225 367 3295 μερὶς
396 3222 596 3295 ἀγαθή.

175 3313 286 3365 Καὶ
348 3311 502 3379 ἴδοις
550 3314 623 3368 τὰ
665 3313 859 3384 ἀγαθὰ
915 3311 1311 3383 Ἰερουσαλὴμ
1350 3313 1553 3380 πάσας
1583 3314 1690 3381 τὰς

107 3406 336 3474 ἡμέρας
384 3405 495 3475 τῆς
545 3404 694 3474 ζωῆς
751 3421 890 3463 σου.
953 3407 1033 3460 Τά
1081 3405 1245 3477 νοητὰ
1301 3405 1572 3478 δηλονότι·
1619 3408 1687 3460 Ἀ

109 3497 422 3569 (iam/lude.
457 3498 571 3550 οὐκ
604 3493 749 3561 οἵδε,
774 3497 868 3550 καὶ
891 3495 959 3550 τὰ
997 3495 1142 3567 ἑξῆς.

178 3589 284 3641 Καὶ
326 3586 477 3652 ἴδοις
505 3585 675 3653 υἱοὺς
703 3586 822 3640 τῶν
860 3583 1006 3641 υἱῶν
1029 3604 1146 3640 σου
1164 3627 1179 3652 ,
1211 3585 1416 3656 εἰρήνη
1461 3585 1560 3639 ἐπὶ
1586 3586 1691 3640 τὸν

122 3680 392 3745 Ἰσραήλ.
428 3677 537 3741 Τὰς
569 3677 902 3746 ἐπαγγελίας
938 3659 1104 3747 λέγει’.
1168 3678 1378 3750 Ὥσπερ
1410 3677 1518 3748 γὰρ
1545 3675 1692 3748 πρῶ-

110 3789 190 3822 τοι
223 3769 432 3840 καρποὶ
464 3771 562 3839 τῆς
597 3767 877 3838 θεοφιλοῦς
914 3768 1088 3839 ψυχῆς
1129 3769 1233 3821 εἰσι
1260 3768 1329 3821 τὰ
1355 3769 1689 3840 γεννήματα,

111 3862 283 3926 οὕτως
319 3863 416 3915 καὶ
451 3861 692 3933 δεύτεροι
725 3863 780 3914 αἱ
817 3860 1157 3930 ἐπαγγελίαι.
1290 3903 1293 3906 .

445 3953 583 4024 ’ῼδὴ
617 3953 735 4006 τῶν
766 3951 1136 4021 ἀναϐαθμῶν.
1190 3954 1370 4008 PKH'.

743 4041 757 4061 ”
771 4044 816 4096 Υ
813 4043 1078 4108 πόθεσις.

125 4137 185 4190 Ἡ
209 4138 418 4207 δεκάτη
581 4135 708 4199 τοὺς
736 4135 962 4198 πολλοὺς
1011 4135 1280 4207 διωγμοὺς
1328 4136 1408 4208 τῷ
1457 4137 1692 4208 Χριστοῦ

180 4227 297 4298 λαῷ
331 4227 672 4291 ἐκδιδάσκει,
723 4227 818 4280 καὶ
867 4226 1056 4298 ὥσπερ
1095 4227 1272 4280 πάντα
1319 4227 1695 4299 ὑπερπηδήσει

181 4321 450 4392 κρείττων
474 4320 562 4372 ἀεὶ
581 4319 688 4373 τῶν
715 4317 1168 4372 ἐπιϐουλευόντων
1198 4320 1507 4391 γενόμενος.
1559 4319 1696 4372 Τοῦ-

177 4415 239 4468 τό
265 4431 404 4486 φησι
436 4414 523 4467 διὰ
542 4413 602 4466 τὸ
634 4413 728 4466 ἀπ’
749 4412 920 4484 ἀρχῆς
951 4411 1045 4465 τοῦ
1067 4412 1420 4485 κηρύγματος
1441 4413 1693 4482 γενέσθαι

181 4507 304 4569 τοὺς
341 4503 637 4574 διωγμοὺς.
795 4575 799 4580 ⁸

182 4596 517 4662 Πλεονὰκις
571 4593 963 4663 ἐπολέμησάν
1001 4611 1080 4664 με
1115 4633 1130 4648 .
1167 4634 1181 4648 .
1224 4634 1239 4649 .
1276 4635 1289 4648 .
1337 4596 1554 4664 Κύριος
1607 4594 1693 4648 δί-

1723 4483 1770 4538 Ι)

1792 3225 1995 3294 portio.

1861 3317 1916 3372 5.
1951 3315 2020 3372 Et
2061 3317 2240 3372 videas
2270 3318 2404 3371 bona
2426 3315 2726 3372 Jerusalem
2767 3318 3008 3372 omnibus
3038 3319 3220 3372 diebus
3249 3319 3371 3374 vita

1793 3419 1918 3464 tute.
1962 3407 2275 3479 Spiritualia
2327 3410 2535 3465 scilicet
2564 3410 2728 3477 bona,
2774 3426 2890 3479 qua:
2921 3411 3106 3465 oculus
3141 3427 3242 3464 non
3293 3412 3371 3465 ci-

1791 3502 1871 3555 dit
1910 3501 1956 3532 ⁸³
1972 3543 1988 3567 ,
2031 3510 2136 3557 etc.

1863 3592 1916 3646 6.
1959 3591 2029 3645 Et
2050 3593 2226 3648 videas
2278 3592 2421 3662 ﬁlios
2475 3592 2710 3662 ﬁliorum
2755 3601 2988 3658 tuorum,
3057 3609 3165 3658 pax
3214 3609 3370 3661 super

1794 3683 1988 3739 Israel.
2019 3683 2420 3740 Promissiones
2449 3684 2603 3739 dicit.
2633 3682 2785 3739 Sicut
2805 3685 2950 3739 enim
2973 3685 3132 3754 primi
3161 3683 3370 3739 fructus

1792 3775 1988 3830 anima:
2012 3789 2140 3845 erga
2162 3773 2333 3828 Deum
2363 3773 2635 3843 religiosae
2663 3781 2792 3827 sunt
2815 3770 2956 3826 fetus
2999 3771 3138 3840 ejus,
3174 3771 3253 3827 sic
3281 3785 3371 3825 se-

1794 3867 1959 3922 cundi
1986 3875 2115 3922 sunt
2145 3866 2555 3936 promissiones.

2069 3956 2348 4013 Canticum
2407 3955 2689 4027 graduum.
2757 3952 3086 4010 CXXVIII.

2386 4050 2788 4118 Argumentum.

1796 4144 2079 4200 Decimum
2121 4141 2395 4198 canticum
2451 4141 2623 4194 multa
2677 4137 3119 4209 persecutionum
3174 4148 3374 4204 genera

1797 4295 1800 4301 ,
1853 4236 2060 4292 Christi
2108 4235 2367 4306 populum
2403 4234 2616 4298 edocet,
2640 4240 2694 4285 et
2721 4247 2830 4299 quo
2864 4239 3024 4300 pacto
3062 4227 3246 4281 omnia
3275 4241 3372 4280 su-

1865 4337 2157 4399 peraturus
2184 4329 2275 4394 sit,
2306 4323 2722 4380 insidiatoribus
2763 4335 2978 4388 semper
3010 4317 3260 4385 superior
3287 4314 3371 4369 ef-

1867 4419 2061 4475 fectus.
2094 4417 2210 4472 Hoc
2238 4426 2420 4472 autem
2452 4415 2529 4468 ait
2555 4414 2683 4484 quia
2715 4413 2783 4465 ab
2829 4410 2985 4464 initio
3032 4406 3374 4477 praedicatio-

1869 4511 1954 4566 nis
1985 4509 2393 4580 persecutiones
2425 4507 2669 4560 fuerunt.

1867 4602 1993 4669 ι,ι.
2033 4601 2182 4671 Stepe
2220 4606 2646 4669 expugnaverunt
2692 4611 2865 4650 me....
2906 4591 3163 4645 Dominus
3192 4591 3376 4660 justus

117 4708 274 4756 καιος
321 4689 694 4757 συνέτριψεν
739 4686 1002 4756 αὐχένας
1051 4684 1436 4756 ἁμαρτωλῶν.
1486 4687 1683 4751 Πάντες

1852 4696 2040 4750 »ηιτὶυὶι
2085 4693 2303 4746 cervices
2343 4701 2694 4760 peccatorum.
2727 4685 2864 4741 Nam
2894 4699 3086 4739 omnes
3125 4683 3219 4752 qui
3260 4696 3379 4751 per-

118 4781 220 4851 γὰρ
244 4783 293 4835 οί
324 4779 618 4843 διώξαντες
644 4776 801 4831 κακοὶ
837 4777 1019 4840 κακῶς
1045 4775 1395 4831 ἀπολοῦνται.

444 4871 586 4941 ᾭδὶι
619 4869 738 4923 τῶν
774 4869 1142 4940 ἀναϐαθμῶν.
1179 4871 1356 4925 PKO'.

746 4963 759 4980 '
774 4963 1083 5028 Υπόθεσις.

127 5056 190 5108 Ἦ
223 5055 492 5125 ἑνδεκάτη
506 5054 619 5126 ᾠδὴ
652 5055 816 5126 εὐχὴν
839 5054 1081 5124 περιέχει
1104 5053 1416 5124 μαρτύρων,
1447 5055 1540 5108 καὶ
1560 5054 1699 5108 διδα-

186 5148 412 5202 σκαλίαν
463 5147 900 5216 ἐξομολογήσεως
946 5144 1022 5215 τῷ
1056 5146 1162 5216 νέῳ
1207 5145 1340 5216 λαῷ.
1397 5146 1590 5216 Σαφῶς
1640 5147 1698 5200 δὲ

185 5241 390 5312 ἀρετῆς
439 5239 665 5310 ἱλασμὸν
713 5238 1000 5309 κηρύσσει,
1034 5239 1093 5300 ὃς
1143 5241 1260 5292 ἐστι
1307 5240 1561 5311 Χριστός.
1596 5240 1699 5292 [Ie-

185 5336 240 5405 pl.
269 5332 437 5386 αὐτοῦ
467 5332 578 5403 γάρ
612 5332 856 5404 εἴρηται⁸
897 5333 1006 5386 Καὶ
1040 5331 1222 5397 αὐτὸς
1263 5335 1522 5401 ἱλασμός
1566 5332 1699 5400 ἐστι

189 5428 327 5498 περὶ
350 5427 468 5482 τῶν
490 5428 793 5497 ἁμαρτιῶν
820 5426 1009 5496 ἡμῶν.

201 5520 308 5576 Ἕκ
327 5523 566 5585 βαθέων
594 5519 891 5588 ἑξέκραξιί
929 5535 1066 5584 σοι,
1103 5519 1279 5586 Κύριε
1311 5559 1323 5570 .
1365 5561 1376 5572 .
1413 5559 1425 5572 .
1463 5560 1476 5572 .
1517 5562 1532 5574 .
1576 5560 1586 5571 .
1625 5559 1637 5571 .
1679 5553 1696 5575 .

213 5697 262 5731 ⁸⁸
308 5699 404 5754 lsa.
463 5717 612 5768 xm,
661 5701 744 5755 18.
854 5704 896 5733 ³⁵
950 5701 965 5753 ι
1018 5701 1142 5756 Cor.
1199 5717 1268 5766 ιι,
1323 5704 1374 5756 9.

1796 4786 1968 4843 secuti
2000 4792 2130 4841 sunt
2157 4783 2281 4838 mali
2311 4783 2454 4837 male
2485 4781 2759 4852 peribunt.

2145 4875 2426 4932 Canticum
2454 4875 2736 4948 graduum.
2764 4869 3023 4927 CXXIX.

2388 4967 2791 5036 Argumentum.

1806 5061 2160 5117 Uudecimum
2179 5060 2451 5116 canticum
2480 5058 2783 5113 orationem
2819 5049 3198 5121 complectitur
3234 5061 3382 5100 mar—

1874 5164 2052 5224 tyrum
2082 5162 2136 5208 et
2159 5153 2462 5208 doctrinam
2495 5147 2858 5206 confessionis
2887 5155 3030 5197 novo
3058 5139 3261 5211 populo
3285 5138 3392 5192 da-‘

1877 5255 2006 5301 tam.
2041 5246 2198 5301 Clare
2232 5254 2414 5300 autem
2442 5242 2662 5296 virtutis
2698 5235 3138 5308 pr0pitiationcm
3180 5228 3380 5302 praedi-

1877 5346 1985 5405 cat,
2003 5351 2125 5406 quae
2142 5336 2393 5392 Christus
2410 5343 2511 5389 est.
2540 5336 2612 5387 De
2630 5333 2747 5401 ipso
2767 5341 3002 5397 namque
3017 5325 3225 5379 dictum
3252 5331 3337 5380 est
3360 5338 3378 5376 :

1877 5427 1945 5482 Et
1968 5431 2077 5499 ipse
2097 5427 2406 5498 propitiatio
2438 5435 2513 5480 est
2543 5441 2638 5494 pro
2666 5422 2894 5492 peccatis
2921 5419 3114 5473 nostris
3134 5416 3200 5471 ⁸⁸.

1879 5521 1929 5575 ⁴ι.
1961 5521 2031 5574 De
2061 5521 2340 5591 profundis
2371 5519 2596 5573 clamavi
2630 5517 2696 5569 ad
2724 5525 2789 5579 te,
2821 5512 3126 5566 Domine....

1478 5702 1520 5732 ⁸⁵
1551 5701 1566 5753 1
1594 5699 1747 5754 Joau.
1787 5717 1841 5763 1.,
1878 5700 1926 5751 2.
