3760 6270
157 281 250 336 εῃ
1227 269 1590 326 EXPOSITIO
1629 271 1695 326 1N
1729 271 2057 329 PSALMUM
2092 273 2326 331 CXXXI.

3286 273 3391 330 5'32

154 399 350 467 ἄφεσιν
377 395 565 459 διδοὺς
585 396 692 449 τῶν
719 395 928 449 πολλῶν
973 394 1400 466 ἁμαρτημάτων,
1428 395 1522 447 καὶ
1571 394 1730 458 αὐτὸς

1873 396 2120 450 nullorum
2146 407 2485 466 peccatorum
2517 395 2913 460 remissionem,
2945 401 3000 448 et
3045 409 3167 449 cum
3202 408 3324 461 sper
3361 421 3388 432 -

157 488 512 558 σωθήσεσθαι
553 487 646 541 διὰ
693 486 900 558 ταύτης
946 486 1169 548 ἐλπίσας
1199 525 1214 550 ,
1273 485 1488 539 σπεύδει
1546 487 1735 556 μαθεῖν

157 579 280 631 ποτε
321 577 510 639 ἔσται,
552 578 647 630 καὶ
675 577 775 630 ποῦ
807 576 1114 646 γενήσεται,
1145 575 1264 628 τίνα
1288 575 1345 626 δὲ
1375 575 1573 646 τρόπον
1616 577 1738 628 ἐπι-

159 667 413 738 δημήσει.
449 667 638 720 Ταῦτα
663 667 863 735 γνῶναι
904 666 1101 728 ποθῶν,
1139 667 1217 729 εἰς
1247 665 1513 737 τοσαύτην
1547 667 1736 719 ἑαυτὸν

160 762 396 816 iri-.6115
425 763 698 823 κάκωσιν,
730 761 803 825 ὡς
821 763 998 815 πᾶσαν
1028 761 1124 831 μὲν
1153 762 1530 832 παραιτεῖσθαι
1561 779 1738 834 στρω-

162 854 314 923 μνὴν,
351 852 741 916 ἀποτάξασθαι
767 852 822 905 δὲ
849 851 927 923 τῷ
957 853 1110 923 οἴκῳ,
1146 852 1356 906 κεῖσθαι
1385 853 1442 904 δὲ
1486 853 1594 923 πρὸ
1642 852 1734 905 τοῦ

159 937 290 996 θεοῦ
339 943 495 995 κατὰ
535 943 822 1013 πρόσωπον
862 943 956 997 τοῦ
987 944 1324 1014 ἁγιάσματος
1355 944 1440 996 ἐπ’
1474 943 1699 1012 ἐδάφους
1720 983 1737 1008 ,

161 1034 302 1105 ὅρκῳ
332 1034 656 1104 βεϐαιώσας
707 1036 780 1106 μὴ
814 1035 1105 1105 ἀναστῆναι
1148 1036 1275 1107 πρὶν
1301 1034 1472 1089 ταῦτα
1529 1035 1737 1107 μαθεῖν.

173 1124 290 1176 Ἐπὶ
313 1125 374 1175 δὲ
412 1125 484 1194 τῇ
523 1124 714 1176 τούτου
742 1124 952 1195 εὐτονία
977 1123 1152 1176 λαϐὼν
1173 1121 1350 1177 οἶκτον
1382 1125 1410 1176 ὁ
1455 1124 1586 1187 Θεὸς
1617 1126 1740 1177 ὲπι·

164 1215 299 1268 νεύει
325 1229 341 1243 ·
376 1215 464 1278 ὡς
499 1215 560 1268 ἓν
587 1215 730 1282 ἅπαξ
762 1216 981 1287 ὤμοσας
1017 1217 1090 1289 μὴ
1150 1216 1422 1286 ψεύσατοο
1479 1217 1601 1270 ὅθεν
1644 1219 1741 1270 ὲπ-

161 1309 429 1378 ήνεγκεν·
482 1306 640 1360 Ἰδοὺ
679 1308 1024 1376 ἠκούσαμεν
1062 1308 1255 1376 αὐτὴν
1290 1309 1359 1360 ἐν
1381 1307 1738 1378 Εὐφρανθάο

159 1397 294 1467 αὕτη
324 1397 486 1450 ἐστὶν
537 1399 570 1467 ἡ
608 1396 871 1467 Βηθλεέμ.
913 1397 1046 1449 Τίνα
1083 1397 1139 1449 δὲ
1185 1397 1355 1468 αὐτὴν
1396 1396 1430 1468 ἢ
1479 1397 1578 1468 τὴν
1621 1398 1744 1467 μέλ-

163 1486 356 1538 λουσαν
385 1484 616 1538 ἔσεσθαι
643 1485 846 1555 Κυρίου
878 1484 1116 1550 ἔλευσιν;

224 1577 514 1644 Εῦρομεν
545 1575 744 1643 αὐτὴν
784 1577 853 1629 ἐν
897 1575 1014 1641 τοῖς
1072 1576 1299 1642 πεδίοις
1346 1575 1451 1630 τοῦ
1493 1575 1742 1646 δρυμοῦ.

165 1661 232 1721 T‘o
258 1667 373 1738 γὰρ
425 1667 693 1738 σπήλαιον
727 1669 785 1720 ὲν
813 1661 856 1735 ᾧ
887 1668 1174 1739 γεγένηται
1206 1670 1235 1720 ὁ
1265 1667 1498 1738 Χριστὸς
1546 1669 1603 1723 ὲν
1644 1685 1742 1721 πε-

163 1762 289 1824 δίοις
321 1761 506 1823 ἐστὶν,
549 1761 666 1831 ἤτοι
693 1764 805 1824 τοῖς
839 1763 1046 1832 ἀγροῖς.

231 1855 737 1922 Είσελευσόμεθα
764 1857 850 1921 εἰς
878 1856 948 1909 τὰ
985 1855 1346 1924 σκηνώματα
1382 1854 1588 1908 αὐτοῦ.
1637 1853 1748 1916 Τὰς

166 1947 306 2000 κατᾶ
339 1947 546 2017 καιρὸν
587 1946 850 2017 ἐσομένας
893 1946 1219 2017 Ἐκκλησίας
1251 1946 1528 2016 σημαίνει.
1557 1949 1747 2013 Προσ-

167 2039 531 2108 κυνιῖσομεν
572 2040 659 2103 εἰς
699 2037 807 2090 τὸν
850 2039 1036 2091 τόπον
1068 2033 1139 2093 οὗ
1173 2037 1443 2103 ἔστησαν
1479 2041 1533 2091 οἰ
1565 2037 1748 2102 πόδες

165 2129 380 2184 αὐτοῦ.
421 2129 500 2180 Τὸ
539 2128 663 2199 ὄρος
683 2127 790 2181 τῶν
829 2128 1048 2182 Ἐλαιῶν
1083 2144 1267 2199 φησιν,
1312 2127 1440 2180 ἔνθα
1465 2129 1570 2192 πᾶς
1603 2146 1746 2198 παρ-

167 2222 472 2293 ερχόμενος
505 2222 818 2292 προσκυνεῖ.

256 2310 614 2378 Ἀνάστηθι,
639 2312 831 2380 Κύριε,
856 2313 941 2377 είς
967 2310 1084 2380 τὴν
1101 2311 1448 2367 ἀνάπαυσιν
1472 2327 1609 2366 σου.
1638 2312 1750 2382 Τὴν

171 2405 257 2468 εἰς
277 2405 554 2476 οὐρανοὺς
581 2403 844 2473 ἀνάληψιν
879 2403 1288 2456 ὲπισπεύδουσιν
1323 2402 1509 2456 αὐτοῦ.
1542 2403 1624 2457 Σὺ
1651 2403 1750 2455 καὶ

170 2495 214 2561 ἢ
243 2493 496 2558 κιϐωτὸς
525 2492 626 2546 τοῦ
653 2493 1016 2562 ἀγιιὶσματός
1053 2507 1190 2546 σου.
1224 2491 1467 2546 Κιϐωτὸν
1487 2492 1578 2544 τοῦ
1601 2493 1754 2561 ἁγιά-

173 2604 391 2660 σματος
420 2587 522 2657 τὴν
549 2587 709 2654 ἁγίαν
742 2585 904 2638 αὐτοῦ
935 2586 1109 2657 σάρκα
1136 2587 1320 2656 φησίν.

249 2682 320 2733 Ol
378 2677 551 2746 ἱερεῖς
595 2692 711 2732 σου
740 2677 1092 2731 ἐνδύσονται
1140 2677 1552 2744 δικαιοσύνην.
1608 2677 1750 2729 Ούκο

173 2770 280 2832 ἐτι,
314 2770 478 2839 φησι,
505 2768 642 2820 κατὰ
665 2767 755 2820 τὸν
787 2766 949 2837 νόμον
980 2767 1189 2831 στολὰς,
1215 2768 1327 2820 ἀλλ’
1356 2767 1522 2838 αὐτὴν
1549 2766 1644 2838 τὴν
1669 2767 1751 2819 δι-

175 2857 504 2928 καιοσύνην.
542 2854 862 2926 Δικαιοσύνη
889 2854 944 2908 δὲ
973 2859 1000 2908 ό
1024 2855 1276 2925 Χριστός.

249 2950 510 3001 Ἕνεκεν
534 2947 714 3001 Δαυῒδ
733 2945 836 3001 τοῦ
869 2946 1092 3000 δούλου
1121 2961 1236 3000 σου
1254 2945 1338 3014 μὴ
1365 2945 1756 3015 ἀποστρέψίίς

178 3041 249 3094 τὸ
274 3042 607 3107 πρόσωπον
627 3038 731 3092 τοῦ
759 3037 1012 3105 Χριστοῦ
1037 3053 1174 3090 σου.
1204 3036 1354 3090 Μετὰ
1380 3038 1480 3106 τῆς
1513 3039 1591 3100 εἰς
1627 3038 1758 3090 πάν-

1843 496 1924 540 ret
1956 486 2070 555 ipse
2097 501 2196 554 per
2219 485 2336 555 ejus
2366 486 2654 540 adventum
2701 486 2926 540 salutem
2971 499 3031 538 se
3068 493 3390 539 consecutu-

1842 595 1986 644 rum,
2015 581 2255 636 ediscere
2282 581 2459 651 gestit,
2485 581 2830 651 quandonam
2861 580 2914 634 id
2946 582 3073 642 erit,
3102 589 3155 634 et
3182 579 3272 633 ubi
3297 579 3393 632 ad-

1842 683 2103 726 venturus
2133 671 2224 738 sit,
2249 680 2302 725 et
2332 685 2568 742 quonam
2595 673 2754 726 modo
2787 672 3251 741 peregrinaturus.
3270 668 3394 724 Haec

1842 760 2058 815 edoceri
2100 771 2380 830 exoptans,
2417 762 2470 815 in
2504 772 2706 817 tantam
2735 778 2853 818 sese
2888 762 3229 815 atilictionem
3262 775 3394 814 con—

1839 849 1988 919 jecit,
2033 860 2094 905 ut
2145 853 2341 907 lectum
2379 867 2594 907 omnem
2647 853 2998 915 recusaverit,
3039 851 3224 905 domui
3278 851 3395 904 vale

1845 941 2058 998 dixerit.
2087 952 2139 998 et
2189 951 2314 998 ante
2357 942 2522 997 Deum
2564 943 2729 998 iaceat
2761 943 2909 996 humi
2951 951 3248 998 prostratus
3273 948 3397 994 ante

1847 1033 2038 1088 faelem
2069 1035 2610 1106 sanctuarii,juratus
2633 1050 2690 1089 se
2720 1049 2995 1103 nunquam
3027 1043 3395 1087 surrectur....

1849 1124 1953 1179 nisi
1985 1124 2099 1179 haec
2126 1125 2405 1179 edisceret.
2443 1125 2524 1179 0h
2545 1125 2666 1194 ejus
2698 1124 3148 1194 perseverantiam
3187 1124 3398 1177 miseri-

1846 1213 2030 1268 cordia
2058 1225 2238 1270 motus
2262 1214 2424 1280 Deus,
2447 1217 2640 1269 annuit
2669 1215 2766 1285 ipsi
2794 1229 2809 1268 :
2834 1231 2898 1268 ac
2921 1222 3204 1284 postquam
3231 1215 3392 1267 semel

1846 1305 2048 1372 juravit
2095 1321 2199 1358 non
2231 1304 2599 1362 frustrabitur.
2629 1305 2805 1372 Quare
2837 1305 3053 1358 intulit:
3086 1302 3213 1356 Ecce
3245 1303 3399 1355 audi-

1851 1394 2016 1447 vimus
2035 1409 2149 1446 eam
2166 1394 2220 1446 in
2244 1393 2535 1463 Ephratlta,
2561 1396 2678 1464 ipsa
2704 1405 2786 1450 est
2814 1393 3144 1448 Bethleliem.
3164 1392 3395 1460 Ecquam

1853 1483 2056 1538 audivit
2084 1484 2184 1538 nisi
2220 1485 2452 1539 futuram
2479 1485 2958 1555 peregrinationem
2986 1481 3230 1536 Domini?

1957 1571 2008 1626 6.
2032 1571 2328 1626 Invenimus
2349 1588 2464 1626 eam
2489 1573 2543 1625 in
2572 1572 2770 1639 campis
2802 1571 2967 1624 silvw.
2989 1568 3123 1623 Nam
3150 1569 3398 1638 spelunca

1852 1671 1945 1726 ubi
1992 1679 2151 1724 natus
2202 1680 2285 1724 est
2322 1669 2568 1725 Christus
2617 1669 2669 1722 in
2719 1668 2956 1738 planitie,
2987 1681 3082 1720 seu
3116 1666 3169 1720 in
3199 1663 3404 1732 campis

1777 1753 1820 1810 Β
1847 1771 1948 1815 est.

1922 1856 1973 1909 7.
2031 1852 2372 1909 Introibimus
2415 1853 2470 1904 in
2515 1848 2909 1905 tabernaculum
2951 1846 3084 1916 ejus.
3138 1839 3407 1899 Ecclesias

1853 1945 2200 2016 subsequenti
2228 1953 2471 2013 tempore
2503 1941 2716 1996 futuras
2744 1939 3030 2010 signiﬁcat.
3061 1935 3406 1990 Adorabimus

1853 2037 1906 2089 in
1939 2036 2052 2088 loco
2098 2034 2182 2087 ubi
2231 2041 2481 2087 steterunt
2504 2032 2657 2100 pedes
2695 2031 2832 2100 ejus.
2865 2028 3098 2083 Montem
3133 2025 3404 2081 Olivarum

1854 2127 2004 2194 dicit,
2036 2126 2125 2180 ubi
2147 2125 2327 2179 omnis
2359 2124 2449 2194 qui
2482 2124 2773 2193 pertransit
2813 2121 3025 2175 adorat.

1924 2305 1978 2360 8.
2011 2303 2198 2374 Surge,
2225 2302 2460 2363 Domine,
2484 2302 2539 2354 in
2562 2301 2785 2370 requiem
2816 2308 2982 2352 tuam.
3008 2299 3138 2367 Ejus
3169 2298 3220 2351 in
3243 2297 3409 2354 C(Plos

1856 2410 2141 2452 ascensum
2187 2393 2369 2446 videre
2397 2391 2649 2461 gestiunt.
2687 2388 2764 2442 Tu
2792 2399 2842 2443 et
2887 2405 3011 2442 arca
3034 2387 3409 2455 sanctiﬁcatio-

1858 2487 1938 2540 nis
1965 2495 2088 2540 tute.
2132 2483 2328 2536 Arcam
2377 2480 2821 2536 sanctificationis
2857 2486 3098 2534 sanctam
3130 2477 3249 2548 ejus
3287 2491 3410 2531 car-

1857 2591 1979 2630 nem
2004 2582 2179 2628 vocat.

1931 2661 1981 2716 9.
2011 2659 2318 2714 Sacerdotes
2353 2660 2429 2711 tui
2460 2657 2741 2711 inducatur
2765 2657 3053 2726 justitiam.
3095 2655 3211 2712 Non
3251 2656 3414 2712 vesti-

1859 2761 2038 2806 menta
2057 2751 2125 2804 de
2151 2765 2321 2812 more,
2340 2748 2534 2818 inquit,
2566 2747 2659 2802 sed
2681 2750 2851 2818 ipsam
2875 2745 3172 2815 justitiam;
3203 2745 3414 2815 justitia

1861 2853 2039 2898 autem
2065 2851 2148 2896 est
2173 2841 2446 2896 Christus.

1935 2935 2019 2988 10.
2071 2934 2292 3003 Propter
2327 2933 2492 2985 David
2537 2946 2739 2985 servum
2773 2938 2921 2984 tuum
2962 2945 3064 2984 non
3093 2937 3297 2982 avertas
3331 2927 3415 2997 [a-

1861 3025 1990 3078 ciem
2040 3023 2240 3080 Christi
2282 3025 2378 3077 tui.
2430 3023 2542 3092 (51)
2573 3020 2709 3076 Cum
2750 3019 3132 3076 beneﬁciorum
3162 3019 3415 3073 omnibus

178 3149 285 3194 τας
320 3106 640 3200 ἀνθρώπους
670 3127 986 3199 εὐεργεσίας
1018 3129 1111 3182 καὶ
1137 3127 1230 3181 τοῦ
1257 3128 1418 3182 Δαυῒδ
1443 3129 1708 3201 μνήσθητι
1739 3171 1754 3196 ,

1873 3117 2169 3172 hominibus
2194 3116 2531 3180 collatorum,
2561 3121 2675 3168 tum
2706 3112 2921 3167 Davidis
2944 3122 3232 3178 memento,
3256 3127 3414 3182 quem

181 3224 214 3274 ὁ
248 3221 488 3290 ποιήσας
513 3218 675 3271 αὐτὸν
701 3217 1046 3290 ἐπιστρέφειν
1074 3216 1162 3269 διὰ
1190 3216 1286 3287 τὴν
1315 3217 1609 3288 ἁμαρτίαν.
1641 3217 1762 3270 Δοῦ-

182 3314 280 3376 λος
314 3312 424 3382 γάρ
457 3308 573 3373 6.ὲξ
600 3309 762 3362 αὑτοῦ
791 3308 929 3362 κατὰ
966 3309 1144 3380 σάρκα
1166 3308 1343 3362 λαϐὼν
1380 3310 1479 3379 τὴν
1517 3309 1610 3362 τοῦ
1637 3309 1761 3363 δού-

187 3406 287 3458 λου
325 3404 560 3476 μορφήν.

269 3497 496 3564 Ὠμοσε
532 3493 749 3564 Κύριος
792 3493 870 3559 τῷ
918 3492 1100 3547 nauta
1146 3492 1452 3558 ἀλήθειαν.
1499 3495 1608 3548 Καὶ
1658 3494 1760 3548 ποῦ

189 3589 275 3648 εδ.
309 3587 551 3657 ὦμοσεν;
595 3589 652 3639 ἐν
696 3585 775 3656 τῷ
817 3588 987 3639 εἰπεῖν
1028 3598 1161 3657 προς
1201 3586 1392 3639 αὐτόν·
1426 3584 1539 3640 Kal
1566 3587 1758 3652 ἔσται,

192 3680 346 3731 ὅταν
379 3676 774 3745 πληρωθῶσιν
804 3681 862 3730 al
890 3677 1100 3746 ἡμέραι
1121 3691 1262 3742 σου,
1297 3677 1396 3730 καὶ
1424 3679 1760 3748 κοιμηθήσῃ

183 3769 345 3838 μετὰ
365 3767 484 3820 τῶν
503 3767 770 3836 πατέρων
788 3783 924 3831 σου,
948 3766 1351 3834 ἀναστήσεται
1365 3768 1432 3821 ἐκ
1458 3768 1561 3820 τοῦ
1581 3769 1762 3835 σπέρ-

186 3861 384 3928 ματός
414 3875 529 3913 σου
560 3859 770 3925 ἄλλος,
818 3858 884 3925 ὃς
915 3860 1084 3913 ἔσται
1115 3861 1184 3913 ἐκ
1225 3858 1332 3928 τῆς
1371 3861 1599 3925 κοιλίας
1622 3875 1759 3914 σου.

196 3950 313 4005 Καὶ
334 3949 629 4020 ἑτοιμάσω
660 3953 746 4016 εἰς
773 3949 878 4003 τὸν
913 3949 1097 4004 αἰῶνα
1133 3949 1250 4018 τὴν
1285 3950 1612 4015 βασιλείαν
1658 3953 1764 4005 αὐ-

196 4043 328 4097 τοῦ.
370 4043 561 4108 Αὐτὸς
601 4041 978 4110 οἰκοδομήσει
1021 4042 1189 4096 οἷκον
1233 4041 1312 4108 τῷ
1346 4045 1589 4112 ὀνόματί
1617 4061 1758 4115 μουο

197 4140 300 4194 καὶ
347 4135 664 4203 ἀνορθώσω
723 4132 836 4202 τὴν
880 4134 1206 4198 ,βασιλείαν
1260 4135 1446 4188 αὐτοῦ
1499 4139 1584 4202 εἰς
1658 4136 1765 4189 τὸν

196 4226 407 4282 αἰῶνα.
446 4223 586 4293 Ἐγὼ
612 4223 824 4291 ἔσομαι
849 4223 1008 4289 αὐτῷ
1037 4227 1123 4278 sic
1157 4224 1411 4292 πατέρα.
1442 4227 1539 4280 καὶ
1581 4225 1763 4281 αὑτὸ(-

197 4320 374 4371 ἔσται
401 4331 503 4384 μοι
533 4315 621 4378 εἰς
647 4315 800 4365 υἰόν.

284 4405 429 4460 Ἐὰν
484 4402 860 4472 φυλάξωνται
903 4405 958 4456 οἰ
1001 4403 1118 4456 vlo!
1159 4418 1276 4458 σου
1323 4404 1437 4471 τὴν
1473 4405 1762 4474 διαθήκην

199 4515 337 4568 μου.
374 4496 486 4565 Τὴν
525 4493 819 4564 μέλλουσαν
849 4493 1034 4562 σαφῶς
1065 4494 1430 4566 ἀνακηρύττει
1475 4496 1757 4567 διαθήκην,

203 4591 268 4659 ἢν
297 4589 350 4642 εἰ.
379 4583 518 4656 ἦσαν
543 4583 874 4654 φυλάξαντες
897 4587 945 4637 οἱ
968 4584 1108 4638 κατὰ
1135 4585 1310 4655 σάρκα
1333 4587 1438 4639 υἱοὶ
1465 4586 1554 4639 τοῦ
1578 4587 1762 4654 Δαυῒδ,

205 4678 425 4749 ἔμελλον
469 4678 536 4731 ἂν
579 4676 655 4747 μὴ
711 4678 960 4729 ἐκπεσεῖν
1006 4675 1107 4746 τῆς
1149 4678 1557 4749 ἡτοιμασμένης
1613 4678 1766 4748 βασι-

208 4787 374 4832 Αειας.

267 4863 435 4930 Αὕτη
483 4860 522 4929 ή
567 4858 944 4927 κατάπαυσις
967 4877 1086 4929 μου
1116 4861 1206 4925 εἰς
1245 4860 1446 4914 αἰῶνα.
1493 4861 1555 4914 El
1595 4860 1701 4914 vita
1738 4863 1767 4915 ὁ

205 4955 369 5007 πάλαι
395 4953 523 5015 ναὸς
551 4952 755 5022 ἕρημος
783 4951 870 5005 διὰ
921 4953 1118 5024 μανίαν
1164 4953 1271 5006 τῶν
1327 4952 1615 5017 Ἰουδαιων,
1648 4953 1764 5006 αλλ’

204 5038 295 5096 οὖν
322 5044 441 5095 ἐκεῖ
462 5041 626 5094 πάλιν
654 5043 750 5095 καὶ
775 5039 868 5093 τοῦ
892 5041 1146 5113 σταυροῦ,
1164 5043 1259 5095 καὶ
1279 5044 1374 5109 τῆς
1401 5043 1765 5108 ἀναστάσεως.

205 5133 299 5185 καὶ
331 5131 430 5200 τῆς
459 5128 776 5201 ἀναλήψεως
799 5129 869 5183 τὰ
903 5132 1079 5201 χωρία
1102 5130 1205 5201 τῆς
1236 5131 1381 5194 θείας
1414 5132 1640 5202 ἠξίωται
1670 5136 1768 5205 χά-

211 5239 376 5294 ριτος.

284 5315 404 5383 Τὴν
428 5311 616 5383 θήραν
646 5311 836 5382 αὐτῆς
853 5315 1118 5382 εὐλογων
1147 5313 1479 5384 εὐλογήσω.
1506 5316 1768 5370 Ἕκαστος

212 5406 317 5479 γὰρ
345 5406 449 5459 τῶν
477 5405 752 5470 τοιούτων,
785 5405 992 5458 δικαίου
1045 5405 1266 5477 σπέρμα
1311 5407 1621 5478 τυγχάνων.
1670 5410 1770 5462 οὐκ

281 5559 324 5590 ⁸³
356 5557 399 5611 ll
425 5557 558 5628 Reg.
583 5573 681 5622 vit,
717 5555 902 5612 12-“.

287 5718 398 5790 (5i)
424 5717 737 5787 implicatus
758 5718 930 5773 locus.

489 5800 684 5869 Pun.
743 5810 860 5871 Gn.
921 5808 1186 5870 XXVII.

1791 4466 1844 4524 D

1863 3216 2083 3278 prOpter
2114 3217 2392 3275 peccatum
2430 3204 2499 3260 ad
2528 3201 2934 3258 conversionem
2964 3201 3254 3257 adduxisti.
3291 3199 3390 3254 Ser

1862 3314 1961 3352 vus
1991 3299 2188 3368 quippe
2218 3306 2298 3353 est
2341 3297 2434 3367 qui
2462 3311 2529 3350 es
2562 3295 2657 3349 illo
2699 3292 2999 3348 secundum
3029 3307 3246 3347 carnem
3277 3291 3418 3347 servi

1861 3389 2091 3445 formam
2125 3391 2350 3458 accepit.

1934 3482 2019 3536 Η.
2043 3481 2252 3536 Jurauit
2276 3482 2532 3535 Dominus
2572 3479 2737 3534 David
2762 3484 3048 3536 veritatem.
3087 3477 3153 3532 Et
3175 3476 3417 3546 quando-

1861 3589 1985 3627 nam
2004 3571 2238 3640 juravit?
2262 3586 2383 3624 cum
2402 3571 2603 3625 diceret
2623 3574 2671 3625 ei
2691 3573 2770 3626 ":
2804 3571 2870 3626 Et
2894 3571 2992 3624 erit
3014 3578 3289 3638 postquam
3313 3568 3385 3621 im
3405 3596 3416 3606 -

1861 3664 1985 3733 pleti
2010 3663 2202 3732 fuerint
2231 3661 2340 3715 dies
2375 3662 2472 3726 tui,
2505 3671 2553 3713 et
2587 3660 2862 3714 dormieris
2891 3675 3008 3712 cum
3029 3656 3263 3726 patribus
3287 3658 3416 3719 tuis,

1865 3763 2103 3824 exsurget
2137 3767 2199 3806 ex
2233 3752 2425 3805 semine
2461 3761 2548 3804 tuo
2591 3750 2728 3804 alius
2751 3752 2839 3821 qui
2873 3751 2973 3804 erit
3008 3764 3072 3802 ex
3099 3756 3268 3802 ventre
3291 3758 3417 3802 tuo:

1863 3856 1912 3898 et
1949 3844 2252 3915 praeparabo
2286 3843 2339 3895 in
2367 3842 2616 3896 saeculum
2646 3856 2856 3910 regnum
2885 3839 3020 3907 ejus,
3053 3838 3162 3904 ipse
3187 3836 3419 3906 aedi/ica-

1867 3937 1941 3990 bit
1981 3939 2191 3989 domum
2226 3933 2425 3986 nomini
2457 3948 2567 3987 meo
2599 3947 2619 3987 :
2650 3940 2701 3986 et
2741 3931 2940 4001 erigam
2971 3945 3184 3999 regnum
3226 3929 3339 3998 ejus
3367 3929 3419 3981 in

1865 4029 2136 4084 saeculum.
2165 4025 2275 4097 Ego
2300 4042 2389 4081 ero
2415 4025 2496 4080 illi
2536 4027 2590 4078 in
2619 4033 2843 4094 patrem,
2865 4032 2916 4076 et
2941 4023 3048 4089 ipse
3077 4022 3177 4074 erit
3208 4022 3334 4073 mihi
3364 4023 3419 4072 in

1866 4120 2059 4189 ﬁlium.

1938 4422 2024 4476 12.
2056 4421 2114 4476 Si
2161 4423 2501 4476 custodierint
2547 4421 2645 4491 ﬁlii
2697 4421 2772 4474 tui
2827 4430 3188 4475 testamentum
3226 4437 3418 4476 meum.

1867 4512 2132 4568 Futurum
2183 4521 2562 4568 testamentum
2600 4524 2783 4584 aperte
2822 4511 3166 4582 praenuntiat,
3194 4514 3337 4583 quod
3369 4513 3420 4568 si

1865 4605 2228 4661 custodissent
2251 4604 2344 4674 qui
2371 4619 2436 4659 ex
2454 4603 2653 4659 Davide
2671 4606 2966 4661 secundum
3001 4619 3218 4660 carnem
3242 4615 3417 4668 erant,

1866 4692 2107 4749 futurum
2149 4701 2268 4748 erat
2316 4701 2377 4749 ut
2418 4709 2450 4749 a
2490 4703 2678 4765 parato
2724 4695 2826 4752 sibi
2859 4710 3025 4767 regno
3053 4711 3159 4751 non
3202 4696 3418 4751 excide-

1865 4794 2002 4842 rent.

1942 4876 2024 4931 Η.
2051 4875 2178 4931 "ac
2223 4879 2419 4949 requies
2458 4895 2573 4933 mea
2619 4880 2672 4934 in
2715 4879 2986 4936 saeculum.
3021 4881 3157 4934 Nam
3205 4879 3250 4934 si
3281 4879 3423 4934 anti-

1868 4983 2034 5037 quum
2065 4967 2196 5023 illud
2233 4971 2512 5040 templum,
2534 4971 2603 5028 ob
2632 4969 2940 5028 Iudaeorum
2967 4972 3205 5028 furorem
3237 4970 3422 5025 deser-

1870 5071 1982 5114 tum
2013 5061 2103 5120 sit,
2123 5073 2177 5116 at
2203 5061 2399 5118 ibidem
2423 5063 2537 5119 loca
2559 5067 2757 5134 crucis,
2775 5063 3206 5128 resurrectionis,
3229 5077 3423 5118 ascen-

1869 5150 2041 5206 sionis
2075 5152 2254 5206 divina
2284 5153 2456 5224 gratia
2491 5154 2688 5209 donata
2711 5164 2857 5210 sunt.

1945 5307 2027 5362 l5.
2061 5307 2252 5363 Escam
2290 5311 2402 5380 ejus
2447 5313 2746 5367 benedicens
2791 5312 3106 5366 benedicens.
3162 5307 3424 5378 Paupercs

1869 5397 1984 5467 ejus
2005 5403 2256 5456 saturabo
2287 5404 2530 5472 panibus.
2566 5403 2774 5473 Singuli
2813 5418 3047 5459 namque
3081 5417 3269 5457 eorum
3291 5401 3424 5470 justi

3003 5802 3079 5861 17
