3760 6270
365 231 469 287 525
1197 225 1253 281 S.
1295 221 1668 281 ATHANASII
1706 219 1857 278 OPP.
1900 220 2080 276 PARS
2118 220 2210 278 Ill.
2250 251 2323 267 -
2362 220 2768 279 EXEGETICA.
3340 248 3352 257 -
3473 222 3621 278 524

364 365 543 410 :emen
583 363 705 402 cum
737 347 842 403 sint
871 360 976 400 non
1008 355 1167 417 egent
1197 347 1448 417 panibus.
1486 344 1752 401 Scribitur
1773 356 1882 413 quo

2055 341 2327 398 λαττοῦται
2349 341 2554 414 ἄρτοις.
2586 341 2860 415 Γράφεται
2881 340 2937 394 δὲ
2973 340 3085 405 καὶ,
3114 339 3234 410 Τὴν
3265 339 3459 410 χήραν
3473 343 3620 395 αὑ-

363 457 514 512 .ιιιοε
567 440 788 496 Viduam
837 440 987 509 ejus,
1031 438 1238 494 scilicet
1283 454 1402 494 eam
1445 453 1567 508 qua:
1610 435 1888 507 patrocinii

2055 434 2142 502 ἧς,
2159 436 2251 489 καὶ
2269 435 2511 506 δηλονότι
2530 435 2628 507 τὴν
2649 435 3126 506 ἀπροστασίαστον.
3152 433 3296 500 Τοὺς
3307 433 3618 503 πτωχοὺς

361 539 528 588 caret.
553 529 811 586 Pauneres
833 529 944 598 ejus
965 528 1214 582 saturabo
1232 528 1474 598 panibus.
1499 526 1556 581 ld
1578 537 1680 591 est,
1702 540 1797 580 eos
1817 540 1888 594 qu

2057 525 2200 595 ὐτῆς
2230 525 2499 595 χορτάσω
2524 527 2736 596 ἄρτων.
2770 526 2908 588 Τοὺς
2933 524 3074 578 κατά
3103 525 3234 579 Θεὸν
3284 524 3380 596 μὲν
3429 540 3613 578 πτωρ

361 617 652 674 sccundum
706 617 874 672 Deum
924 631 1188 688 pauperes
1229 625 1378 673 sunt.
1433 615 1673 671 Panibus
1727 625 1888 669 auten

2055 616 2306 681 εύσαντας
2326 633 2342 649 ο
2375 619 2552 689 ἀρτων
2582 617 2639 671 δὲ
2671 617 2778 672 τῶν
2819 617 3043 686 νοητῶν.

283 717 290 725 '
356 707 749 778 spiritualihus.

425 798 510 852 16.
552 797 854 852 Sacerdotes
901 797 1016 866 ejus
1076 796 1292 850 induam
1341 794 1591 848 salutari.
1625 795 1746 863 Ipse
1773 791 1907 846 item

358 887 604 943 Christus
632 897 738 952 est,
768 888 860 959 qui
886 889 1120 942 salutare
1144 895 1246 950 est,
1268 885 1474 955 justitia
1496 897 1712 954 quoque
1744 895 1907 952 supra

354 987 596 1035 vocatus.

419 1069 502 1124 t7.
527 1069 667 1124 Illuc
690 1073 975 1138 producam
1003 1085 1164 1124 cornu
1193 1065 1378 1121 David.
1409 1065 1528 1132 Quo
1553 1074 1793 1135 tempore
1817 1077 1908 1118 sa-

349 1161 521 1218 !utare
547 1162 843 1232 apparebit,
874 1161 1042 1232 gloria
1070 1159 1286 1215 Davidis
1318 1159 1543 1214 orietur.
1581 1157 1775 1211 Paravi
1817 1155 1904 1208 lu-

355 1266 553 1306 ‘ernam
577 1251 786 1308 Christo
830 1269 962 1307 meo.
1013 1250 1126 1307 Hoc
1159 1253 1226 1306 de
1259 1250 1468 1306 Joanne
1497 1251 1590 1313 ait,
1615 1249 1771 1320 juxta
1794 1247 1904 1302 Do-

345 1343 479 1399 mini
511 1344 712 1399 dictum
740 1362 752 1398 :
790 1341 910 1414 Ipse
939 1353 1052 1398 erat
1081 1343 1295 1397 lucerna
1325 1342 1514 1396 ardens
1544 1349 1593 1395 et
1626 1341 1804 1394 lucens
1833 1339 1900 1392 ⁸⁸.

2086 798 2228 864 Τοὺς
2259 797 2432 867 ιερεῒς
2459 797 2647 866 αὐτῆς
2667 795 2900 850 ἐνδύσω
2926 793 3244 861 σωτηρίαν.
3267 791 3436 856 Αὐτός
3457 791 3608 845 ἐστι

2011 889 2172 942 πάλιν
2194 891 2222 942 ό
2249 887 2480 959 Χριστὸς
2505 891 2538 960 ἡ
2564 888 2823 959 σωτηρία,
2853 887 2883 938 ὁ
2917 884 3010 938 καὶ
3031 884 3345 955 δικαιοσύνη
3371 885 3427 936 ὲν
3460 883 3601 948 τοῖς

2008 981 2298 1053 ἁνωτέροις
2325 980 2731 1051 ὠνομασμένος.

2089 1071 2248 1126 Ἐκεῖ
2267 1070 2602 1136 ὲξανατελῶ
2630 1070 2806 1139 κέρας
2831 1066 2912 1133 τῷ
2946 1066 3144 1122 Δαυΐδ.
3201 1067 3335 1119 Κατ’
3365 1065 3596 1118 ἐκεῖνον

2004 1161 2096 1216 τὸν
2117 1161 2304 1234 χρόνον
2329 1162 2447 1216 καθ’
2473 1163 2533 1215 ὃν
2567 1162 2819 1229 ἐπιφανεῖ
2841 1159 2900 1212 τὸ
2933 1159 3198 1230 σωτήριον
3217 1197 3231 1221 ,
3262 1155 3500 1227 δηλονότι
3537 1156 3590 1226 ἡ

2003 1252 2129 1317 δόξα
2145 1253 2387 1306 ἀνατελεί
2417 1251 2509 1305 τοῦ
2539 1251 2720 1306 Δαυῖδ.
2747 1252 3062 1321 Ήτοίμασα
3080 1250 3312 1317 λύχνον
3338 1245 3417 1312 τῷ
3445 1249 3595 1315 Χρι-

2002 1342 2127 1409 στῷ
2134 1362 2271 1414 μου.
2291 1342 2460 1397 Τοῦτο
2475 1343 2602 1415 περὶ
2625 1344 2870 1397 Ἰωάννου
2883 1342 3034 1413 φησὶ,
3054 1340 3194 1394 κατὰ
3213 1341 3272 1393 τὸ
3283 1338 3594 1410 εἰρημένον

675 1611 952 1668 Canticum
977 1628 1254 1682 graauum.
1291 1610 1487 1668 CXXX
1499 1609 1582 1666 II.

916 1704 1319 1774 Argumentum.

339 1797 613 1854 Decimum
641 1805 896 1867 quartum
921 1799 1192 1852 canticum
1218 1796 1456 1853 declarat
1477 1797 1678 1853 bonum
1711 1813 1741 1852 a
1775 1795 1901 1852 Sal—

406 1900 619 1953 vatore,
661 1897 951 1958 postquam
1004 1888 1182 1943 illuxit
1225 1888 1573 1956 hominibus,
1623 1889 1897 1956 collatum,

402 1979 588 2035 dicens
621 1997 636 2034 :

403 2071 454 2137 1,
474 2070 528 2126 2.
563 2069 696 2124 Ecce
732 2086 896 2140 quam
910 2069 1110 2125 :bonum
1135 2079 1184 2127 et
1217 2087 1375 2138 quam
1392 2071 1706 2141 jucundum.
1745 2069 1895 2126 Sicut

332 2169 647 2232 unguentum
676 2163 730 2214 in
759 2163 948 2231 capite,
964 2161 1102 2232 quod
1128 2161 1392 2215 descendit
1421 2161 1475 2214 in
1503 2160 1738 2214 barbam.
1757 2159 1894 2216 Cum

331 2261 652 2324 congregata
672 2290 690 2318 ,
751 2252 964 2322 inquit,
997 2253 1160 2326 fuerit
1215 2251 1451 2308 Ecclesia
1475 2293 1491 2317 ,
1516 2261 1570 2307 et
1605 2254 1893 2322 quemdam

328 2359 429 2401 ceu
452 2354 771 2400 concentum
809 2344 1032 2401 fecerit:
1069 2353 1182 2399 tum
1218 2345 1403 2400 unctio
1450 2345 1626 2401 sancti
1653 2343 1893 2416 Spiritus

331 2453 396 2493 ac
421 2437 780 2494 sacerdotium
805 2435 1108 2501 inducetur,
1134 2437 1368 2507 primum
1399 2437 1615 2507 quidem
1646 2437 1702 2492 in
1731 2447 1894 2508 caput

333 2528 616 2596 Ecclesiae,
654 2528 801 2600 quod
847 2538 932 2585 est
969 2528 1222 2584 Christus
1264 2529 1500 2584 :deindc
1547 2530 1600 2584 in
1643 2529 1887 2596 barbam,

329 2633 450 2688 qua:
495 2626 579 2674 est
622 2617 788 2674 decor
825 2616 982 2673 faciei
1015 2617 1289 2674 Ecclesiae.
1321 2617 1420 2673 Hic
1456 2628 1639 2674 autem
1687 2619 1890 2675 intelli-

330 2717 531 2778 guntur
576 2709 825 2779 apostoli.
853 2708 1134 2765 Postremo
1175 2720 1353 2766 autem
1385 2711 1451 2766 ad
1481 2720 1653 2766 totum
1689 2727 1888 2782 corpus

330 2801 660 2868 pertransiit,
688 2801 739 2856 id
789 2809 872 2857 est
899 2801 967 2856 ad
1013 2817 1200 2858 omnes
1233 2807 1324 2875 qui
1359 2803 1414 2858 in
1454 2801 1694 2859 Ecclesia
1726 2803 1888 2860 Chri-

327 2899 470 2945 stum
498 2891 812 2946 induerunt.

385 3069 450 3126 ‘5.
467 3068 728 3135 Quoniam
749 3070 860 3124 illic
881 3071 1150 3124 mandavit
1177 3069 1433 3124 Dominus
1456 3070 1883 3141 benedictionem,

319 3165 374 3214 et
393 3160 562 3214 vitam
590 3177 750 3230 usque
779 3161 832 3213 in
855 3161 1124 3216 sarculum.
1154 3159 1277 3214 Illic
1295 3202 1310 3227 ,
1337 3161 1444 3225 ait,
1474 3162 1720 3216 videlicet
1743 3163 1885 3232 apud

325 3250 518 3306 fratres
545 3251 852 3307 habitantes
894 3253 948 3307 in
983 3269 1147 3308 unum
1177 3271 1192 3320 ;
1223 3262 1272 3307 et
1317 3253 1521 3317 vitam;
1553 3270 1660 3308 non
1696 3270 1887 3322 qnam-

324 3339 475 3404 libet,
522 3342 617 3397 sed
662 3343 1042 3399 immortalem.
1080 3343 1136 3397 In
1185 3341 1314 3398 Sion
1368 3345 1511 3400 enim
1554 3345 1885 3400 sanctissimi

325 3431 560 3500 Spiritus
589 3450 682 3492 ros
712 3435 961 3491 viviﬂcns
993 3437 1048 3492 in
1083 3452 1270 3493 sacros
1307 3438 1583 3508 apostolos
1615 3438 1885 3494 demissus

321 3532 426 3592 est,
455 3541 552 3596 per
584 3543 746 3598 quem
797 3543 986 3584 omnes
1033 3531 1127 3599 qui
1173 3529 1400 3585 credunt
1449 3531 1882 3586 benedictionem

317 3626 574 3673 eternam
605 3630 1031 3691 consequuntur.
1067 3619 1288 3678 Illorum
1315 3621 1459 3676 enim
1495 3636 1589 3676 cor
1617 3630 1671 3677 et
1699 3621 1883 3678 anima

317 3721 429 3765 una
439 3750 451 3764 .

626 3889 905 3946 Canticum
938 3896 1216 3964 graduum.
1237 3894 1563 3951 CXXXIII.

382 3978 438 4034 ί.
482 3977 620 4036 Ecce
659 3999 798 4038 nunc
840 3987 1120 4042 benedicite
1167 3987 1484 4054 Dominum,
1527 4003 1702 4043 omnes
1745 3989 1880 4045 serui

323 4067 554 4128 Domini.

892 4167 1294 4238 Argumentum.

315 4249 594 4310 Decimum
621 4256 872 4328 quintum
903 4258 1200 4323 canticum,
1233 4259 1389 4330 jubet
1428 4273 1525 4316 eos
1573 4259 1666 4330 qui
1699 4259 1878 4315 adhuc

2004 1435 2150 1508 παρὰ
2193 1435 2286 1489 τοῦ
2330 1435 2557 1508 Κυρίου·
2601 1435 2861 1502 Ἐκεῖνος
2891 1431 2970 1505 ἦν
3003 1437 3035 1488 ό
3063 1433 3290 1502 λύχνος
3335 1434 3368 1484 ό
3410 1431 3591 1484 καιό-

1997 1544 2180 1597 μενος
2228 1527 2326 1580 καί
2356 1529 2733 1596 φαινόμενος.

2327 1618 2460 1690 ᾨδὴ
2496 1617 2614 1672 τῶν
2651 1615 3027 1686 ἀναϐαθμῶν.
3055 1611 3235 1668 ΡΛΗ.

2613 1708 2628 1727 ⁹
2642 1709 2952 1774 Υπόθεσις.

2009 1800 2074 1853 Ἡ
2121 1800 2684 1872 τεσσαρεσκαιδεκάτη
2717 1800 2825 1871 ᾠδὴ
2860 1798 3165 1861 ἀκολούθως
3212 1797 3276 1866 τῇ
3322 1793 3414 1848 τοῦ
3461 1793 3584 1846 Σω-

2066 1892 2230 1963 τῆρος
2255 1892 2550 1964 έπιλάμψει
2574 1891 2636 1944 τὸ
2678 1890 2738 1956 ἐξ
2770 1887 2934 1945 αὐτοῦ
2967 1887 3302 1962 δωρούμενον
3332 1886 3442 1949 τοῖς
3471 1887 3578 1940 ἀν-

2065 1980 2303 2054 θρώποις
2341 1981 2501 2036 καλὸν
2527 1981 2761 2053 φανερὸν
2790 1983 2934 2035 ποιεῖ
2965 1979 3216 2048 λέγουσα.

2078 2074 2230 2131 Ἰδοὺ
2273 2073 2348 2142 δὴ
2391 2074 2450 2127 τί
2483 2075 2695 2137 καλὸν,
2739 2073 2777 2141 ἢ
2823 2073 2879 2126 τί
2915 2071 3194 2140 τερπνόν.
3236 2068 3330 2134 Ὡς
3367 2066 3576 2135 μύρον

1991 2167 2088 2222 ἐπὶ
2124 2163 2395 2235 κεφαλῆς
2441 2165 2508 2218 τὸ
2545 2163 2904 2218 καταϐαῖνον
2929 2162 3028 2217 ἐπὶ
3059 2160 3329 2231 πώγωνα.
3380 2158 3573 2210 Ἐπει-

1990 2257 2106 2323 δάν,
2136 2257 2289 2328 φησι,
2322 2255 2673 2327 συναχθείηιή
2720 2254 3012 2326 Ἐκκλησία
3033 2294 3050 2321 ,
3087 2253 3181 2306 καὶ
3214 2252 3343 2323 μίαν
3372 2249 3572 2322 ὥσπερ

1991 2349 2111 2404 τινά
2156 2347 2421 2420 ἁρμονίαν
2476 2348 2789 2420 ποιήσηται,
2817 2347 2938 2400 τότε
2971 2346 3036 2418 δὴ
3090 2345 3210 2398 τότε
3243 2345 3337 2398 καὶ
3383 2344 3570 2414 χρίσις

1989 2441 2081 2495 τοῦ
2123 2441 2276 2510 ἁγίου
2301 2441 2617 2512 Πνεύματος
2647 2439 2741 2493 καὶ
2779 2439 3073 2512 ἱεράτευμα
3103 2436 3380 2509 προσαχθῇ
3410 2434 3571 2507 πρῶ-

1988 2549 2078 2586 τον
2104 2532 2201 2604 μὲν
2232 2531 2324 2584 ἐπὶ
2349 2531 2450 2602 τὴν
2479 2529 2718 2602 κεφαλὴν
2751 2531 2849 2600 τῆς
2886 2528 3231 2599 Ἐκκλησίας,
3256 2528 3376 2598 ἥτις
3404 2525 3562 2579 ἐστὶν

1989 2629 2018 2682 ό
2049 2627 2305 2698 Χριστὸς,
2340 2627 2531 2681 ἔπειτα
2577 2627 2671 2681 καὶ
2704 2626 2784 2689 είς
2806 2625 2896 2678 τὸν
2926 2621 3182 2691 πώγωνα,
3216 2621 3274 2683 ὃς
3301 2621 3445 2672 ἐστιν
3468 2617 3569 2670 εῦ-

1990 2717 2224 2788 πρέπεια
2252 2717 2347 2770 τοῦ
2380 2715 2671 2788 προσώπου
2699 2716 2796 2787 τῆς
2839 2713 3179 2784 Ἐκκλησίας.
3214 2708 3472 2764 Νοοῦνται
3499 2707 3566 2761 δὲ

1987 2808 2074 2861 διὰ
2101 2807 2290 2860 τούτου
2325 2808 2374 2860 οἱ
2405 2807 2715 2863 ἀπόστολοι.
2771 2805 2844 2858 Τὸ
2888 2803 3193 2857 τελευταῖον
3239 2799 3295 2853 δὲ
3342 2799 3434 2852 καὶ
3476 2799 3567 2862 εἰς

1985 2898 2106 2952 ὅλον
2137 2899 2198 2951 τὸ
2228 2898 2385 2967 σῶμα
2443 2897 2812 2968 μεταϐέϐηκε,
2859 2893 3138 2948 τουτέστιν
3183 2893 3262 2954 είς
3313 2891 3564 2952 ἅπαντας

1986 2991 2112 3052 τοῦς
2141 2991 2197 3043 ὲν
2223 2991 2286 3060 τῇ
2327 2987 2619 3059 Ἐκκλησία
2645 2985 3022 3058 ὲνδεδυμένους
3069 2981 3324 3055 Χριστόν.

2062 3082 2184 3135 Ὅτι
2205 3080 2332 3134 ἐκεῖ
2350 3079 2686 3133 ἐνετείλατο
2717 3076 2933 3147 Κύριος
2970 3076 3085 3146 τὴν
3115 3076 3419 3146 εὐλογίαν,
3453 3073 3561 3128 καὶ

1987 3169 2140 3240 ζωὴν
2177 3171 2284 3236 ἕως
2327 3169 2432 3224 τοῦ
2461 3168 2690 3234 αιῶνος.
2731 3167 2906 3234 Ἐκεῖ,
2949 3165 3082 3238 φησι
3112 3183 3125 3197 ·
3160 3165 3316 3234 δῆλον
3349 3165 3425 3229 δὲ,
3472 3164 3563 3218 ὅτι

1985 3261 2114 3332 παρ’
2150 3261 2333 3324 αὐτοῖς
2364 3262 2475 3322 τοῖς
2511 3255 2855 3312 κατοικοῦσιν
2887 3254 3133 3324 ἀδελφοῖς
3167 3255 3257 3307 ἐπὶ
3289 3253 3348 3305 τὸ
3381 3251 3514 3305 αὑτό
3541 3270 3563 3287 ο

1985 3353 2081 3407 καὶ
2112 3350 2263 3418 ζωήν
2285 3367 2298 3380 ·
2347 3351 2408 3404 οὐ
2456 3350 2554 3421 τὴν
2595 3347 2859 3421 τυχοῦσαν
2882 3390 2897 3414 ,
2937 3347 3074 3401 ἀλλά
3123 3346 3221 3417 τὴν
3263 3344 3556 3401 ἀθάνατον.

1997 3445 2118 3498 Ἐπὶ
2142 3443 2242 3514 τὴν
2278 3439 2419 3495 Σιὼν
2452 3441 2561 3512 γὰρ
2590 3443 2623 3513 ἡ
2652 3440 2744 3494 τοῦ
2780 3440 3046 3510 παναγίου
3097 3437 3410 3508 Πνεῦματος
3457 3437 3559 3489 ἐπὶ

1982 3535 2108 3598 τοὺς
2159 3535 2334 3605 ἱεροὺς
2364 3533 2692 3596 ἀποστόλους
2733 3529 2993 3596 ζωοποιὺς
3029 3529 3386 3600 κατεπέμφθη
3424 3526 3557 3598 δρό-

1985 3645 2094 3692 σος,
2122 3627 2187 3680 δι’
2223 3624 2292 3699 ἦς
2325 3627 2560 3689 ἅπαντες
2603 3627 2653 3679 οἱ
2697 3625 3042 3688 πιστεύοντες
3080 3625 3178 3696 τὴν
3208 3622 3422 3676 αἰώνιον
3460 3622 3560 3674 εὑ-

1981 3716 2164 3786 λογίαν
2211 3715 2569 3786 καρποῦνται.
2612 3714 2864 3768 Ἐκείνων
2892 3712 3000 3784 γὰρ
3023 3708 3090 3784 ἦν
3116 3713 3150 3782 ἡ
3174 3709 3367 3782 καρδία
3397 3709 3490 3762 καὶ
3512 3710 3552 3780 ή

1979 3807 2124 3879 ψυχὴ
2151 3807 2268 3879 μίαο

2310 3897 2448 3968 ’ῼδὴ
2493 3895 2608 3950 τῶν
2646 3895 3020 3965 ἀναϐαθμῶν.
3049 3896 3233 3948 ΡΛΓν.

2062 3985 2208 4042 Ἰδοὺ
2237 3985 2314 4054 δὴ
2342 3986 2642 4056 εὐλογεῖτε
2676 3985 2784 4040 τὸν
2815 3987 3053 4054 Κύριον,
3085 3983 3305 4050 πάντες
3324 3985 3378 4038 οι
3408 3981 3550 4038 δοῦ-

1977 4085 2075 4138 λοι
2098 4081 2342 4149 Κυρίου.

2601 4170 2613 4188 ⁹
2628 4173 2934 4236 Υπόθεσις.

1989 4263 2057 4316 Ἦ
2099 4261 2553 4333 πεντεκαιδεκάτη
2582 4261 2692 4333 ᾠδὴ
2721 4264 2834 4325 τοῖς
2881 4261 2959 4313 ἔτι
3013 4259 3436 4332 κατηχουμένοις
3485 4260 3549 4314 ἑν

387 4347 443 4401 in
467 4344 708 4404 Ecclesia
733 4349 1112 4404 catechumeni
1135 4361 1263 4404 sunt
1291 4349 1511 4404 laudare
1534 4347 1725 4405 Deum.
1753 4346 1880 4404 Ser-

2055 4359 2118 4428 τῇ
2159 4354 2454 4426 Ἐκκλησία
2485 4356 2653 4408 αἰνεῖν
2677 4354 2766 4407 τὸν
2790 4353 2921 4406 Θεὸν
2938 4351 3384 4424 παρακελεύεται.
3411 4349 3548 4405 Δού-

383 4449 482 4490 vos
512 4445 691 4494 autem
725 4448 884 4494 vocat
933 4439 1115 4510 ipsos,
1152 4448 1336 4512 utpote
1371 4441 1463 4512 qui
1499 4439 1739 4495 nondum
1785 4439 1878 4495 ad-

383 4530 603 4600 Optione
627 4533 827 4604 dignati
849 4535 977 4590 sint.
1001 4534 1058 4591 2.
1086 4533 1152 4588 In
1169 4536 1408 4590 noctibus
1431 4535 1665 4590 extollite
1691 4551 1878 4590 manus

378 4628 580 4675 uestras
618 4622 674 4674 in
707 4633 910 4680 sancta.
964 4623 1019 4679 In
1065 4627 1314 4682 noctibus
1356 4627 1535 4682 adhuc
1580 4626 1880 4682 consistere

383 4711 507 4768 illos
542 4713 638 4776 ait,
669 4714 797 4783 quia
839 4717 1077 4770 nondum
1107 4715 1342 4787 Spiritus
1386 4719 1560 4775 sancti
1599 4719 1876 4774 illumina-

380 4804 530 4860 tione
548 4805 731 4859 donati
754 4816 899 4860 sunt.

379 4895 436 4956 3.
467 4895 751 4950 Benedicat
781 4905 828 4950 te
855 4895 1108 4952 Dominus
1132 4913 1196 4951 ea:
1230 4896 1380 4952 Sion.
1415 4897 1495 4954 Ex
1532 4898 1662 4954 Sion
1699 4899 1828 4954 dicit
1858 4917 1873 4954 :

311 4986 439 5056 quia
480 4987 585 5042 hoc
628 5001 827 5043 nomen
857 4986 1090 5042 amabile
1124 4986 1258 5056 ipsis
1293 4995 1428 5052 erat,
1458 4988 1550 5042 ubi
1594 4999 1710 5044 erat
1740 4988 1875 5059 ipsis

309 5079 491 5134 omnis
534 5079 982 5136 sanctiﬁcationis
1041 5086 1441 5152 argumentum.
1494 5080 1702 5136 Exinde
1746 5095 1874 5136 vero

310 5169 466 5226 docet
489 5186 557 5226 ex
583 5173 1044 5244 quocunqucloco
1074 5174 1439 5232 invocandum
1471 5185 1611 5242 esse,
1640 5171 1827 5229 dicens
1854 5190 1870 5228 :

306 5262 416 5332 Qui
450 5263 572 5332 fecit
600 5265 786 5320 cretum
817 5277 866 5320 et
899 5275 1114 5322 terram.

811 5357 1060 5415 Alleluia.
1088 5357 1320 5414 CXXXI
1339 5357 1401 5415 γ.

380 5447 431 5502 1.
461 5445 699 5502 Laudate
741 5465 926 5505 nomen
971 5450 1203 5520 Domini,
1228 5450 1465 5517 laudate,
1497 5448 1651 5518 servi,
1687 5446 1874 5504 Domi-

377 5606 426 5641 ”
449 5603 606 5662 loan.
643 5620 696 5672 ν,
726 5604 816 5662 55.

2052 4447 2175 4510 λους
2189 4446 2246 4500 δὲ
2262 4447 2456 4510 αὐτοὺς
2473 4446 2643 4510 καλεῖ,
2665 4447 2762 4500 ἁτε
2783 4446 2948 4516 μήπω
2963 4447 3062 4516 τῆς
3084 4443 3358 4506 υἱοθεσίας
3379 4442 3546 4512 ⁴ἠξιω-

2051 4539 2266 4611 μένους.
2285 4539 2381 4592 Ἐν
2408 4539 2537 4606 ταῖς
2555 4538 2734 4602 νυξὶν
2759 4536 3013 4604 ἐπάρατε
3033 4536 3138 4602 τὰς
3153 4538 3352 4605 χεῖρας
3376 4533 3545 4604 ὑμῶν

2049 4635 2134 4698 εἰς
2165 4633 2238 4686 τὰ
2263 4631 2418 4700 ἅγια.
2474 4632 2561 4684 Ἐν
2585 4630 2741 4684 νυκτὶ
2773 4629 2854 4683 ἔτι
2880 4629 3099 4683 ἑστάναι
3132 4626 3327 4691 αὐτούς
3355 4643 3544 4698 φησιν,

2049 4723 2142 4776 ἁτε
2191 4723 2265 4795 μὴ
2311 4723 2655 4794 φωτίσματος
2690 4721 2782 4776 τοῦ
2830 4719 2986 4790 ἁγίου
3034 4719 3348 4791 Πνεῦματος
3377 4717 3543 4788 ἠξιω-

2051 4815 2263 4885 μένους.

2039 4901 2384 4972 Εὑλοτήσαι
2421 4918 2494 4956 σε
2540 4903 2756 4970 Κύριος
2805 4901 2873 4956 ἐκ
2927 4900 3100 4958 Σιών.
3153 4901 3248 4954 Ἐκ
3295 4897 3432 4953 Σιὼν
3483 4896 3542 4951 δέ

1976 5009 2141 5064 φησιν
2159 5009 2174 5023 ο
2208 4993 2394 5064 ἐπειδὴ
2423 4992 2518 5046 καὶ
2534 4991 2768 5064 τοῦνομα
2796 4991 3042 5046 ποθεινὸν
3066 4993 3308 5063 ὑπῆρχεν
3334 4990 3540 5053 αὐτοῖς,

1975 5085 2104 5141 ἔνθα
2149 5085 2330 5158 πάσης
2372 5086 2650 5153 ἁγιστείας
2695 5083 2950 5150 ὑπόθεσις
2995 5080 3086 5156 ἦν.
3123 5079 3256 5138 Εἶτα
3299 5082 3538 5137 διδάσκει

1975 5172 2310 5246 πανταχόθεν
2341 5173 2525 5228 καλεῖν
2561 5173 2732 5243 λέγων
2752 5190 2766 5205 ο
2809 5175 2872 5228 '0
2921 5173 3181 5244 ποιήσας
3229 5172 3337 5228 τὸν
3365 5173 3536 5240 οὐρο-

1971 5262 2085 5319 νὸν
2120 5265 2219 5319 καὶ
2249 5264 2364 5335 τὴν
2392 5265 2528 5336 γῆν.

2470 5356 2841 5421 Ἀλληλούτω
2870 5359 3005 5410 Pun
3031 5397 3044 5410 .

2044 5443 2268 5501 Αἰνεῖτε
2297 5447 2360 5501 τὸ
2391 5448 2577 5517 ὄνομα
2606 5444 2850 5516 Κυρίου,
2888 5446 3132 5513 alr-ein,
3157 5444 3385 5510 δοῦλοι,
3419 5441 3536 5500 Κύ-
