  <div class='ocr_page' id='page_1' title='image "/cluster/home/n/w/nwhite01/storage/ocr_20150623/27/hvd.32044014174452/290.png"; bbox 0 0 3760 6270; ppageno 0'>
   <div class='ocr_carea' id='block_1_1' title="bbox 203 188 328 250">
    <p class='ocr_par' dir='ltr' id='par_1_1' title="bbox 203 188 328 250">
     <span class='ocr_line' id='line_1_1' title="bbox 203 188 328 250; baseline 0.048 -6"><span class='ocrx_word' id='word_1_1' title='bbox 203 188 328 250; x_wconf 64' lang='lat'><strong>525</strong></span> 
     </span>
    </p>
   </div>
   <div class='ocr_carea' id='block_1_2' title="bbox 1280 196 2416 256">
    <p class='ocr_par' dir='ltr' id='par_1_2' title="bbox 1280 196 2416 256">
     <span class='ocr_line' id='line_1_2' title="bbox 1280 196 2416 256; baseline 0.004 -5"><span class='ocrx_word' id='word_1_2' title='bbox 1280 196 1644 253; x_wconf 74' lang='lat' dir='ltr'><strong>EX-POSITIO</strong></span> <span class='ocrx_word' id='word_1_3' title='bbox 1678 196 1747 252; x_wconf 74' lang='lat' dir='ltr'><strong>1N</strong></span> <span class='ocrx_word' id='word_1_4' title='bbox 1788 197 2120 253; x_wconf 79' lang='lat' dir='ltr'><strong>PSALMUM</strong></span> <span class='ocrx_word' id='word_1_5' title='bbox 2159 198 2416 256; x_wconf 81' lang='lat' dir='ltr'><strong>CXXXV.</strong></span> 
     </span>
    </p>
   </div>
   <div class='ocr_carea' id='block_1_3' title="bbox 3363 202 3466 261">
    <p class='ocr_par' dir='ltr' id='par_1_3' title="bbox 3363 202 3466 261">
     <span class='ocr_line' id='line_1_3' title="bbox 3363 202 3466 261; baseline 0 -2"><span class='ocrx_word' id='word_1_6' title='bbox 3363 202 3466 261; x_wconf 69' lang='lat'><strong>520</strong></span> 
     </span>
    </p>
   </div>
   <div class='ocr_carea' id='block_1_4' title="bbox 205 299 1762 381">
    <p class='ocr_par' dir='ltr' id='par_1_4' title="bbox 205 299 1762 379">
     <span class='ocr_line' id='line_1_4' title="bbox 205 299 1762 379; baseline 0 -20"><span class='ocrx_word' id='word_1_7' title='bbox 205 325 374 369; x_wconf 68' lang='lat' dir='ltr'><strong>amr.</strong></span> <span class='ocrx_word' id='word_1_8' title='bbox 412 307 544 360; x_wconf 81' lang='grc' dir='ltr'><strong>Ἔτι</strong></span> <span class='ocrx_word' id='word_1_9' title='bbox 573 306 667 360; x_wconf 77' lang='grc' dir='ltr'>καὶ</span> <span class='ocrx_word' id='word_1_10' title='bbox 697 299 850 369; x_wconf 71' lang='grc' dir='ltr'>οὗτος</span> <span class='ocrx_word' id='word_1_11' title='bbox 881 308 992 370; x_wconf 87' lang='grc' dir='ltr'>τοῖς</span> <span class='ocrx_word' id='word_1_12' title='bbox 1017 307 1386 379; x_wconf 80' lang='grc' dir='ltr'><strong>εἰσαγομένοις</strong></span> <span class='ocrx_word' id='word_1_13' title='bbox 1417 308 1632 377; x_wconf 80' lang='grc' dir='ltr'>λέγεται</span> <span class='ocrx_word' id='word_1_14' title='bbox 1667 307 1762 378; x_wconf 55' lang='lat' dir='ltr'><strong>ea)</strong></span> 
     </span>
    </p>
   </div>
   <div class='ocr_carea' id='block_1_5' title="bbox 1923 299 3467 381">
    <p class='ocr_par' dir='ltr' id='par_1_5' title="bbox 1923 307 3467 381">
     <span class='ocr_line' id='line_1_5' title="bbox 1923 307 3467 381; baseline 0.008 -21"><span class='ocrx_word' id='word_1_15' title='bbox 1923 323 2050 361; x_wconf 76' lang='lat' dir='ltr'><strong>tum.</strong></span> <span class='ocrx_word' id='word_1_16' title='bbox 2094 307 2192 364; x_wconf 86' lang='lat' dir='ltr'><strong>Hic</strong></span> <span class='ocrx_word' id='word_1_17' title='bbox 2220 325 2434 380; x_wconf 88' lang='lat' dir='ltr'><strong>quoque</strong></span> <span class='ocrx_word' id='word_1_18' title='bbox 2475 311 2716 381; x_wconf 84' lang='lat' dir='ltr'><strong>psalmus</strong></span> <span class='ocrx_word' id='word_1_19' title='bbox 2762 310 2984 366; x_wconf 77' lang='lat' dir='ltr'><strong>initiatis</strong></span> <span class='ocrx_word' id='word_1_20' title='bbox 3018 311 3236 376; x_wconf 84' lang='lat' dir='ltr'><strong>dicitur,</strong></span> <span class='ocrx_word' id='word_1_21' title='bbox 3271 311 3467 381; x_wconf 78' lang='lat' dir='ltr'><strong>jnbens</strong></span> 
     </span>
    </p>
   </div>
   <div class='ocr_carea' id='block_1_6' title="bbox 207 395 1802 468">
    <p class='ocr_par' dir='ltr' id='par_1_6' title="bbox 207 395 1802 468">
     <span class='ocr_line' id='line_1_6' title="bbox 207 395 1802 468; baseline -0.002 -16"><span class='ocrx_word' id='word_1_22' title='bbox 207 395 346 462; x_wconf 60' lang='grc' dir='ltr'>μδς.</span> <span class='ocrx_word' id='word_1_23' title='bbox 401 397 944 468; x_wconf 77' lang='grc' dir='ltr'><strong>παρακελευόμενος,</strong></span> <span class='ocrx_word' id='word_1_24' title='bbox 979 398 1185 449; x_wconf 73' lang='grc' dir='ltr'>Αἰνεῖτε</span> <span class='ocrx_word' id='word_1_25' title='bbox 1239 397 1331 450; x_wconf 82' lang='grc' dir='ltr'><strong>τὸν</strong></span> <span class='ocrx_word' id='word_1_26' title='bbox 1373 397 1525 451; x_wconf 82' lang='grc' dir='ltr'>Θεόν.</span> <span class='ocrx_word' id='word_1_27' title='bbox 1571 397 1645 450; x_wconf 82' lang='grc' dir='ltr'>Τὸ</span> <span class='ocrx_word' id='word_1_28' title='bbox 1673 397 1802 467; x_wconf 83' lang='grc' dir='ltr'>γὰρ,</span> 
     </span>
    </p>
   </div>
   <div class='ocr_carea' id='block_1_7' title="bbox 205 487 1805 559">
    <p class='ocr_par' dir='ltr' id='par_1_7' title="bbox 205 487 1805 559">
     <span class='ocr_line' id='line_1_7' title="bbox 205 487 1805 559; baseline 0.001 -18"><span class='ocrx_word' id='word_1_29' title='bbox 205 488 533 554; x_wconf 63' lang='grc' dir='ltr'>ἀλληλσὺ,</span> <span class='ocrx_word' id='word_1_30' title='bbox 576 487 956 559; x_wconf 80' lang='grc' dir='ltr'>ἑρμηνεύεται,</span> <span class='ocrx_word' id='word_1_31' title='bbox 986 487 1224 553; x_wconf 81' lang='grc' dir='ltr'>αὶνεῒτε,</span> <span class='ocrx_word' id='word_1_32' title='bbox 1253 488 1313 541; x_wconf 84' lang='grc' dir='ltr'><strong>τὸ</strong></span> <span class='ocrx_word' id='word_1_33' title='bbox 1342 487 1418 554; x_wconf 79' lang='grc' dir='ltr'>δὲ,</span> <span class='ocrx_word' id='word_1_34' title='bbox 1447 488 1528 553; x_wconf 78' lang='grc' dir='ltr'><strong>ἴα,</strong></span> <span class='ocrx_word' id='word_1_35' title='bbox 1559 488 1653 541; x_wconf 82' lang='grc' dir='ltr'><strong>τὸν</strong></span> <span class='ocrx_word' id='word_1_36' title='bbox 1692 490 1805 542; x_wconf 87' lang='grc' dir='ltr'><strong>Κύ-</strong></span> 
     </span>
    </p>
   </div>
   <div class='ocr_carea' id='block_1_8' title="bbox 212 596 358 649">
    <p class='ocr_par' dir='ltr' id='par_1_8' title="bbox 212 596 358 649">
     <span class='ocr_line' id='line_1_8' title="bbox 212 596 358 649; baseline 0 -17"><span class='ocrx_word' id='word_1_37' title='bbox 212 596 358 649; x_wconf 57' lang='lat' dir='ltr'><strong>paea.</strong></span> 
     </span>
    </p>
   </div>
   <div class='ocr_carea' id='block_1_9' title="bbox 287 669 1802 742">
    <p class='ocr_par' dir='ltr' id='par_1_9' title="bbox 287 669 1802 742">
     <span class='ocr_line' id='line_1_9' title="bbox 287 669 1802 742; baseline 0 -18"><span class='ocrx_word' id='word_1_38' title='bbox 287 673 531 724; x_wconf 72' lang='grc' dir='ltr'>Αἰνεῖτε</span> <span class='ocrx_word' id='word_1_39' title='bbox 557 669 664 724; x_wconf 82' lang='grc' dir='ltr'><em>τὸν</em></span> <span class='ocrx_word' id='word_1_40' title='bbox 700 670 944 738; x_wconf 79' lang='grc' dir='ltr'>Κύριον,</span> <span class='ocrx_word' id='word_1_41' title='bbox 987 670 1076 725; x_wconf 84' lang='grc' dir='ltr'>ὅτι</span> <span class='ocrx_word' id='word_1_42' title='bbox 1121 671 1340 740; x_wconf 74' lang='grc' dir='ltr'><strong>ἀγαθὸς</strong></span> <span class='ocrx_word' id='word_1_43' title='bbox 1389 671 1641 742; x_wconf 77' lang='grc' dir='ltr'>Κύριος·</span> <span class='ocrx_word' id='word_1_44' title='bbox 1686 669 1802 740; x_wconf 70' lang='grc' dir='ltr'><em>ψά-</em></span> 
     </span>
    </p>
   </div>
   <div class='ocr_carea' id='block_1_10' title="bbox 208 754 1802 832">
    <p class='ocr_par' dir='ltr' id='par_1_10' title="bbox 208 754 1802 832">
     <span class='ocr_line' id='line_1_10' title="bbox 208 754 1802 832; baseline 0 -16"><span class='ocrx_word' id='word_1_45' title='bbox 208 766 366 816; x_wconf 70' lang='grc' dir='ltr'><strong>⁸ιιι-τε</strong></span> <span class='ocrx_word' id='word_1_46' title='bbox 402 762 494 828; x_wconf 84' lang='grc' dir='ltr'>τῷ</span> <span class='ocrx_word' id='word_1_47' title='bbox 524 764 769 832; x_wconf 83' lang='grc' dir='ltr'><strong>ὀνόματι</strong></span> <span class='ocrx_word' id='word_1_48' title='bbox 817 763 1021 826; x_wconf 83' lang='grc' dir='ltr'>αὐτοῦ,</span> <span class='ocrx_word' id='word_1_49' title='bbox 1057 763 1145 816; x_wconf 79' lang='grc' dir='ltr'>ὅτι</span> <span class='ocrx_word' id='word_1_50' title='bbox 1186 754 1394 817; x_wconf 70' lang='grc' dir='ltr'><em>καλόν.</em></span> <span class='ocrx_word' id='word_1_51' title='bbox 1437 764 1670 817; x_wconf 75' lang='grc' dir='ltr'>Ψάλλειν</span> <span class='ocrx_word' id='word_1_52' title='bbox 1702 765 1802 816; x_wconf 80' lang='grc' dir='ltr'><strong>αὐ-</strong></span> 
     </span>
    </p>
   </div>
   <div class='ocr_carea' id='block_1_11' title="bbox 208 847 1799 926">
    <p class='ocr_par' dir='ltr' id='par_1_11' title="bbox 208 847 1799 926">
     <span class='ocr_line' id='line_1_11' title="bbox 208 847 1799 926; baseline -0.001 -19"><span class='ocrx_word' id='word_1_53' title='bbox 208 855 346 917; x_wconf 76' lang='grc' dir='ltr'>τοὺς</span> <span class='ocrx_word' id='word_1_54' title='bbox 403 855 802 925; x_wconf 77' lang='grc' dir='ltr'><strong>προτρέπεται,</strong></span> <span class='ocrx_word' id='word_1_55' title='bbox 843 854 934 922; x_wconf 72' lang='grc' dir='ltr'><strong>ἀφ’</strong></span> <span class='ocrx_word' id='word_1_56' title='bbox 990 847 1066 907; x_wconf 82' lang='grc' dir='ltr'>ὧν</span> <span class='ocrx_word' id='word_1_57' title='bbox 1111 854 1208 925; x_wconf 62' lang='grc' dir='ltr'><strong>ἤδη</strong></span> <span class='ocrx_word' id='word_1_58' title='bbox 1255 855 1349 907; x_wconf 73' lang='grc' dir='ltr'><strong>καὶ</strong></span> <span class='ocrx_word' id='word_1_59' title='bbox 1391 854 1574 926; x_wconf 77' lang='grc' dir='ltr'>ἕτερον</span> <span class='ocrx_word' id='word_1_60' title='bbox 1613 856 1670 906; x_wconf 77' lang='grc' dir='ltr'><strong>ἐν</strong></span> <span class='ocrx_word' id='word_1_61' title='bbox 1706 856 1799 906; x_wconf 80' lang='grc' dir='ltr'><strong>Λί-</strong></span> 
     </span>
    </p>
   </div>
   <div class='ocr_carea' id='block_1_12' title="bbox 208 941 1798 1019">
    <p class='ocr_par' dir='ltr' id='par_1_12' title="bbox 208 941 1798 1019">
     <span class='ocr_line' id='line_1_12' title="bbox 208 941 1798 1019; baseline 0.003 -23"><span class='ocrx_word' id='word_1_62' title='bbox 208 946 416 1014; x_wconf 73' lang='grc' dir='ltr'>τύπτῳ</span> <span class='ocrx_word' id='word_1_63' title='bbox 449 947 1027 1019; x_wconf 79' lang='grc' dir='ltr'>εἰδωλολατρήσαντες.</span> <span class='ocrx_word' id='word_1_64' title='bbox 1059 941 1215 1001; x_wconf 72' lang='grc' dir='ltr'>Οὗτοι</span> <span class='ocrx_word' id='word_1_65' title='bbox 1252 947 1308 1000; x_wconf 88' lang='grc' dir='ltr'><strong>δὲ</strong></span> <span class='ocrx_word' id='word_1_66' title='bbox 1339 943 1477 1019; x_wconf 83' lang='grc' dir='ltr'>ἦσαν</span> <span class='ocrx_word' id='word_1_67' title='bbox 1510 948 1558 1000; x_wconf 84' lang='grc' dir='ltr'>οἱ</span> <span class='ocrx_word' id='word_1_68' title='bbox 1592 947 1650 1014; x_wconf 76' lang='grc' dir='ltr'><strong>ἐξ</strong></span> <span class='ocrx_word' id='word_1_69' title='bbox 1693 948 1798 1000; x_wconf 86' lang='grc' dir='ltr'><strong>Ἰα-</strong></span> 
     </span>
    </p>
   </div>
   <div class='ocr_carea' id='block_1_13' title="bbox 214 1037 1798 1110">
    <p class='ocr_par' dir='ltr' id='par_1_13' title="bbox 214 1037 1798 1110">
     <span class='ocr_line' id='line_1_13' title="bbox 214 1037 1798 1110; baseline 0.001 -20"><span class='ocrx_word' id='word_1_70' title='bbox 214 1037 357 1092; x_wconf 74' lang='grc' dir='ltr'>κὼϐ.</span> <span class='ocrx_word' id='word_1_71' title='bbox 397 1039 746 1108; x_wconf 80' lang='grc' dir='ltr'>Ἐκλήθησαν</span> <span class='ocrx_word' id='word_1_72' title='bbox 769 1039 824 1092; x_wconf 86' lang='grc' dir='ltr'><strong>δὲ</strong></span> <span class='ocrx_word' id='word_1_73' title='bbox 857 1042 935 1103; x_wconf 66' lang='grc' dir='ltr'>εἰς</span> <span class='ocrx_word' id='word_1_74' title='bbox 959 1040 1019 1093; x_wconf 83' lang='grc' dir='ltr'><strong>τὸ</strong></span> <span class='ocrx_word' id='word_1_75' title='bbox 1036 1041 1221 1110; x_wconf 81' lang='grc' dir='ltr'>ὑμνεῖν</span> <span class='ocrx_word' id='word_1_76' title='bbox 1244 1039 1334 1091; x_wconf 83' lang='grc' dir='ltr'><strong>τὸν</strong></span> <span class='ocrx_word' id='word_1_77' title='bbox 1357 1039 1509 1092; x_wconf 81' lang='grc' dir='ltr'>Θεὸν.</span> <span class='ocrx_word' id='word_1_78' title='bbox 1552 1038 1798 1107; x_wconf 75' lang='grc' dir='ltr'><em>Ἰσραὴλ</em></span> 
     </span>
    </p>
   </div>
   <div class='ocr_carea' id='block_1_14' title="bbox 215 1129 1798 1202">
    <p class='ocr_par' dir='ltr' id='par_1_14' title="bbox 215 1129 1798 1202">
     <span class='ocr_line' id='line_1_14' title="bbox 215 1129 1798 1202; baseline 0.003 -23"><span class='ocrx_word' id='word_1_79' title='bbox 215 1131 309 1194; x_wconf 77' lang='grc' dir='ltr'><strong>εἰς</strong></span> <span class='ocrx_word' id='word_1_80' title='bbox 335 1131 829 1201; x_wconf 71' lang='grc' dir='ltr'>περιουσιασμὸν</span> <span class='ocrx_word' id='word_1_81' title='bbox 854 1129 1064 1196; x_wconf 74' lang='grc' dir='ltr'>ἐαυτῷ.</span> <span class='ocrx_word' id='word_1_82' title='bbox 1121 1131 1264 1182; x_wconf 77' lang='grc' dir='ltr'>Ἀντὶ</span> <span class='ocrx_word' id='word_1_83' title='bbox 1291 1129 1404 1195; x_wconf 83' lang='grc' dir='ltr'>τοῦ,</span> <span class='ocrx_word' id='word_1_84' title='bbox 1437 1130 1739 1202; x_wconf 76' lang='grc' dir='ltr'>ἐξαίρετον·</span> <span class='ocrx_word' id='word_1_85' title='bbox 1770 1133 1798 1184; x_wconf 84' lang='grc' dir='ltr'>ὁ</span> 
     </span>
    </p>
   </div>
   <div class='ocr_carea' id='block_1_15' title="bbox 213 1220 1292 1294">
    <p class='ocr_par' dir='ltr' id='par_1_15' title="bbox 213 1220 1292 1294">
     <span class='ocr_line' id='line_1_15' title="bbox 213 1220 1292 1294; baseline 0.001 -20"><span class='ocrx_word' id='word_1_86' title='bbox 213 1222 328 1291; x_wconf 66' lang='grc' dir='ltr'>γὰρ</span> <span class='ocrx_word' id='word_1_87' title='bbox 359 1220 681 1291; x_wconf 77' lang='grc' dir='ltr'>διορατικὸς</span> <span class='ocrx_word' id='word_1_88' title='bbox 716 1222 838 1285; x_wconf 83' lang='grc' dir='ltr'>νοῦς</span> <span class='ocrx_word' id='word_1_89' title='bbox 871 1225 1016 1276; x_wconf 79' lang='grc' dir='ltr'>ἐστιν</span> <span class='ocrx_word' id='word_1_90' title='bbox 1059 1221 1292 1294; x_wconf 81' lang='grc' dir='ltr'>Ἰσραήλ.</span> 
     </span>
    </p>
   </div>
   <div class='ocr_carea' id='block_1_16' title="bbox 281 1314 1796 1387">
    <p class='ocr_par' dir='ltr' id='par_1_16' title="bbox 281 1314 1796 1387">
     <span class='ocr_line' id='line_1_16' title="bbox 281 1314 1796 1387; baseline 0.001 -21"><span class='ocrx_word' id='word_1_91' title='bbox 281 1314 412 1367; x_wconf 88' lang='grc' dir='ltr'><strong>Ὅτι</strong></span> <span class='ocrx_word' id='word_1_92' title='bbox 442 1314 565 1384; x_wconf 78' lang='grc' dir='ltr'><strong>ἐγὼ</strong></span> <span class='ocrx_word' id='word_1_93' title='bbox 588 1315 804 1386; x_wconf 73' lang='grc' dir='ltr'>ἔγνων,</span> <span class='ocrx_word' id='word_1_94' title='bbox 838 1315 926 1369; x_wconf 83' lang='grc' dir='ltr'>ὅτι</span> <span class='ocrx_word' id='word_1_95' title='bbox 962 1315 1150 1387; x_wconf 81' lang='grc' dir='ltr'><strong>μέγας</strong></span> <span class='ocrx_word' id='word_1_96' title='bbox 1188 1315 1428 1384; x_wconf 83' lang='grc' dir='ltr'>Κύριος,</span> <span class='ocrx_word' id='word_1_97' title='bbox 1462 1316 1558 1369; x_wconf 81' lang='grc' dir='ltr'><strong>καὶ</strong></span> <span class='ocrx_word' id='word_1_98' title='bbox 1601 1320 1634 1370; x_wconf 83' lang='grc' dir='ltr'><em>ὁ</em></span> <span class='ocrx_word' id='word_1_99' title='bbox 1679 1315 1796 1368; x_wconf 82' lang='grc' dir='ltr'><strong>Κύ-</strong></span> 
     </span>
    </p>
   </div>
   <div class='ocr_carea' id='block_1_17' title="bbox 196 1405 1798 1479">
    <p class='ocr_par' dir='ltr' id='par_1_17' title="bbox 196 1405 1798 1479">
     <span class='ocr_line' id='line_1_17' title="bbox 196 1405 1798 1479; baseline 0.002 -22"><span class='ocrx_word' id='word_1_100' title='bbox 196 1421 335 1472; x_wconf 80' lang='grc' dir='ltr'>ριος</span> <span class='ocrx_word' id='word_1_101' title='bbox 361 1405 548 1474; x_wconf 74' lang='grc' dir='ltr'><em>ἡμῶν</em></span> <span class='ocrx_word' id='word_1_102' title='bbox 578 1407 737 1475; x_wconf 80' lang='grc' dir='ltr'><em>παρὰ</em></span> <span class='ocrx_word' id='word_1_103' title='bbox 761 1407 991 1473; x_wconf 78' lang='grc' dir='ltr'><em>πάντας</em></span> <span class='ocrx_word' id='word_1_104' title='bbox 1018 1407 1158 1474; x_wconf 81' lang='grc' dir='ltr'>τοὺς</span> <span class='ocrx_word' id='word_1_105' title='bbox 1197 1408 1390 1473; x_wconf 82' lang='grc' dir='ltr'>θεούς.</span> <span class='ocrx_word' id='word_1_106' title='bbox 1424 1408 1555 1460; x_wconf 83' lang='grc' dir='ltr'><strong>Ἀπὸ</strong></span> <span class='ocrx_word' id='word_1_107' title='bbox 1583 1408 1679 1478; x_wconf 81' lang='grc' dir='ltr'>τῆς</span> <span class='ocrx_word' id='word_1_108' title='bbox 1710 1408 1798 1479; x_wconf 84' lang='grc' dir='ltr'><strong>δη-</strong></span> 
     </span>
    </p>
   </div>
   <div class='ocr_carea' id='block_1_18' title="bbox 207 1499 1580 1574">
    <p class='ocr_par' dir='ltr' id='par_1_18' title="bbox 207 1499 1580 1574">
     <span class='ocr_line' id='line_1_18' title="bbox 207 1499 1580 1574; baseline 0.002 -23"><span class='ocrx_word' id='word_1_109' title='bbox 207 1500 561 1570; x_wconf 75' lang='grc' dir='ltr'>μιουργικῆς</span> <span class='ocrx_word' id='word_1_110' title='bbox 589 1499 870 1571; x_wconf 80' lang='grc' dir='ltr'>δυνάμεως</span> <span class='ocrx_word' id='word_1_111' title='bbox 891 1500 1126 1570; x_wconf 78' lang='grc' dir='ltr'>ἔγνωκεν</span> <span class='ocrx_word' id='word_1_112' title='bbox 1160 1501 1322 1554; x_wconf 78' lang='grc' dir='ltr'>αὐτὸν</span> <span class='ocrx_word' id='word_1_113' title='bbox 1356 1499 1580 1574; x_wconf 80' lang='grc' dir='ltr'>Κύριον.</span> 
     </span>
    </p>
   </div>
   <div class='ocr_carea' id='block_1_19' title="bbox 289 1591 1792 1661">
    <p class='ocr_par' dir='ltr' id='par_1_19' title="bbox 289 1591 1792 1661">
     <span class='ocr_line' id='line_1_19' title="bbox 289 1591 1792 1661; baseline 0.001 -15"><span class='ocrx_word' id='word_1_114' title='bbox 289 1595 390 1646; x_wconf 79' lang='grc' dir='ltr'><strong>Ἐν</strong></span> <span class='ocrx_word' id='word_1_115' title='bbox 429 1592 565 1659; x_wconf 81' lang='grc' dir='ltr'><em>ταῖς</em></span> <span class='ocrx_word' id='word_1_116' title='bbox 601 1591 941 1661; x_wconf 70' lang='grc' dir='ltr'><em>θαλάσσαις</em></span> <span class='ocrx_word' id='word_1_117' title='bbox 973 1595 1069 1648; x_wconf 76' lang='grc' dir='ltr'><strong>καὶ</strong></span> <span class='ocrx_word' id='word_1_118' title='bbox 1109 1594 1176 1648; x_wconf 84' lang='grc' dir='ltr'><em>ἐν</em></span> <span class='ocrx_word' id='word_1_119' title='bbox 1213 1591 1438 1660; x_wconf 81' lang='grc' dir='ltr'><strong>πάσαις</strong></span> <span class='ocrx_word' id='word_1_120' title='bbox 1480 1595 1792 1661; x_wconf 82' lang='grc' dir='ltr'><em>ἀϐύσσοις.</em></span> 
     </span>
    </p>
   </div>
   <div class='ocr_carea' id='block_1_20' title="bbox 1906 397 3469 473">
    <p class='ocr_par' dir='ltr' id='par_1_20' title="bbox 1906 397 3469 473">
     <span class='ocr_line' id='line_1_20' title="bbox 1906 397 3469 473; baseline 0.008 -23"><span class='ocrx_word' id='word_1_121' title='bbox 1906 397 2126 453; x_wconf 86' lang='lat' dir='ltr'><strong>laudare</strong></span> <span class='ocrx_word' id='word_1_122' title='bbox 2150 397 2338 454; x_wconf 75' lang='lat' dir='ltr'><strong>Deum.</strong></span> <span class='ocrx_word' id='word_1_123' title='bbox 2366 398 2500 454; x_wconf 87' lang='lat' dir='ltr'><strong>Nam</strong></span> <span class='ocrx_word' id='word_1_124' title='bbox 2533 401 2684 468; x_wconf 85' lang='lat' dir='ltr'><strong>illud,</strong></span> <span class='ocrx_word' id='word_1_125' title='bbox 2714 401 2895 466; x_wconf 87' lang='lat' dir='ltr'><strong>allelu,</strong></span> <span class='ocrx_word' id='word_1_126' title='bbox 2920 404 3323 473; x_wconf 71' lang='lat' dir='ltr'><strong>interpretatur,</strong></span> <span class='ocrx_word' id='word_1_127' title='bbox 3351 407 3469 462; x_wconf 82' lang='lat' dir='ltr'><strong>lau-</strong></span> 
     </span>
    </p>
   </div>
   <div class='ocr_carea' id='block_1_21' title="bbox 1905 489 2962 570">
    <p class='ocr_par' dir='ltr' id='par_1_21' title="bbox 1905 489 2962 570">
     <span class='ocr_line' id='line_1_21' title="bbox 1905 489 2962 570; baseline 0.004 -28"><span class='ocrx_word' id='word_1_128' title='bbox 1905 489 2048 554; x_wconf 86' lang='lat' dir='ltr'><strong>date,</strong></span> <span class='ocrx_word' id='word_1_129' title='bbox 2083 491 2214 546; x_wconf 90' lang='lat' dir='ltr'><strong>illud</strong></span> <span class='ocrx_word' id='word_1_130' title='bbox 2237 502 2439 560; x_wconf 90' lang='lat' dir='ltr'><strong>autem,</strong></span> <span class='ocrx_word' id='word_1_131' title='bbox 2469 493 2545 560; x_wconf 88' lang='lat' dir='ltr'><strong>ia,</strong></span> <span class='ocrx_word' id='word_1_132' title='bbox 2577 492 2885 548; x_wconf 84' lang='lat' dir='ltr'><strong>Dominum.</strong></span> <span class='ocrx_word' id='word_1_133' title='bbox 2953 556 2962 570; x_wconf 35' lang='grc' dir='ltr'><em>ι</em></span> 
     </span>
    </p>
   </div>
   <div class='ocr_carea' id='block_1_22' title="bbox 1973 669 3465 753">
    <p class='ocr_par' dir='ltr' id='par_1_22' title="bbox 1973 669 3465 753">
     <span class='ocr_line' id='line_1_22' title="bbox 1973 669 3465 753; baseline 0.008 -31"><span class='ocrx_word' id='word_1_134' title='bbox 1973 670 2024 723; x_wconf 82' lang='grc'>5.</span> <span class='ocrx_word' id='word_1_135' title='bbox 2054 669 2295 725; x_wconf 86' lang='lat' dir='ltr'><strong>Laudate</strong></span> <span class='ocrx_word' id='word_1_136' title='bbox 2328 671 2624 737; x_wconf 86' lang='lat' dir='ltr'><strong>Dominum,</strong></span> <span class='ocrx_word' id='word_1_137' title='bbox 2657 692 2724 745; x_wconf 83' lang='lat' dir='ltr'><strong>qu</strong></span> <span class='ocrx_word' id='word_1_138' title='bbox 2738 678 2789 753; x_wconf 43' lang='grc' dir='ltr'><strong>τα.</strong></span> <span class='ocrx_word' id='word_1_139' title='bbox 2809 677 2969 730; x_wconf 83' lang='lat' dir='ltr'><strong>bonus</strong></span> <span class='ocrx_word' id='word_1_140' title='bbox 3002 678 3291 734; x_wconf 77' lang='lat' dir='ltr'><strong>Dominus:</strong></span> <span class='ocrx_word' id='word_1_141' title='bbox 3315 682 3465 751; x_wconf 80' lang='lat' dir='ltr'><strong>psal-</strong></span> 
     </span>
    </p>
   </div>
   <div class='ocr_carea' id='block_1_23' title="bbox 1900 759 3466 835">
    <p class='ocr_par' dir='ltr' id='par_1_23' title="bbox 1900 759 3466 835">
     <span class='ocr_line' id='line_1_23' title="bbox 1900 759 3466 835; baseline 0.009 -22"><span class='ocrx_word' id='word_1_142' title='bbox 1900 759 1992 813; x_wconf 88' lang='lat' dir='ltr'><strong>lite</strong></span> <span class='ocrx_word' id='word_1_143' title='bbox 2039 763 2238 815; x_wconf 81' lang='lat' dir='ltr'><strong><em>nomini</em></strong></span> <span class='ocrx_word' id='word_1_144' title='bbox 2287 763 2397 832; x_wconf 84' lang='lat' dir='ltr'><strong>ejus</strong></span> <span class='ocrx_word' id='word_1_145' title='bbox 2443 767 2690 835; x_wconf 84' lang='lat' dir='ltr'><strong>quoniam</strong></span> <span class='ocrx_word' id='word_1_146' title='bbox 2741 785 2915 823; x_wconf 90' lang='lat' dir='ltr'><strong>suave.</strong></span> <span class='ocrx_word' id='word_1_147' title='bbox 2958 769 3216 825; x_wconf 83' lang='lat' dir='ltr'><strong>Hortatur</strong></span> <span class='ocrx_word' id='word_1_148' title='bbox 3253 789 3348 828; x_wconf 90' lang='lat' dir='ltr'><strong>eos</strong></span> <span class='ocrx_word' id='word_1_149' title='bbox 3399 774 3466 827; x_wconf 84' lang='lat' dir='ltr'><strong>ad</strong></span> 
     </span>
    </p>
   </div>
   <div class='ocr_carea' id='block_1_24' title="bbox 1899 853 3464 930">
    <p class='ocr_par' dir='ltr' id='par_1_24' title="bbox 1899 853 3464 930">
     <span class='ocr_line' id='line_1_24' title="bbox 1899 853 3464 930; baseline 0.009 -25"><span class='ocrx_word' id='word_1_150' title='bbox 1899 853 2263 921; x_wconf 87' lang='lat' dir='ltr'><strong>psallendum,</strong></span> <span class='ocrx_word' id='word_1_151' title='bbox 2295 856 2389 924; x_wconf 88' lang='lat' dir='ltr'><strong>qui</strong></span> <span class='ocrx_word' id='word_1_152' title='bbox 2427 857 2554 910; x_wconf 88' lang='lat' dir='ltr'><strong>olim</strong></span> <span class='ocrx_word' id='word_1_153' title='bbox 2589 857 2642 910; x_wconf 90' lang='lat' dir='ltr'><strong>in</strong></span> <span class='ocrx_word' id='word_1_154' title='bbox 2674 857 2906 930; x_wconf 64' lang='lat' dir='ltr'><strong>Egypto</strong></span> <span class='ocrx_word' id='word_1_155' title='bbox 2951 860 3267 918; x_wconf 69' lang='lat' dir='ltr'><strong>idololatriae</strong></span> <span class='ocrx_word' id='word_1_156' title='bbox 3298 864 3464 919; x_wconf 91' lang='lat' dir='ltr'><strong>dediti</strong></span> 
     </span>
    </p>
   </div>
   <div class='ocr_carea' id='block_1_25' title="bbox 1900 941 3464 1020">
    <p class='ocr_par' dir='ltr' id='par_1_25' title="bbox 1900 941 3464 1020">
     <span class='ocr_line' id='line_1_25' title="bbox 1900 941 3464 1020; baseline 0.009 -24"><span class='ocrx_word' id='word_1_157' title='bbox 1900 941 2132 998; x_wconf 79' lang='lat' dir='ltr'><strong>fuerant.</strong></span> <span class='ocrx_word' id='word_1_158' title='bbox 2160 943 2223 999; x_wconf 85' lang='lat' dir='ltr'><strong>Hi</strong></span> <span class='ocrx_word' id='word_1_159' title='bbox 2246 956 2424 1001; x_wconf 88' lang='lat' dir='ltr'><strong>autem</strong></span> <span class='ocrx_word' id='word_1_160' title='bbox 2458 959 2613 1003; x_wconf 90' lang='lat' dir='ltr'><strong>erant</strong></span> <span class='ocrx_word' id='word_1_161' title='bbox 2637 948 2822 1006; x_wconf 77' lang='lat' dir='ltr'><strong>Jacobi</strong></span> <span class='ocrx_word' id='word_1_162' title='bbox 2858 954 3078 1020; x_wconf 86' lang='lat' dir='ltr'><strong>posteri.</strong></span> <span class='ocrx_word' id='word_1_163' title='bbox 3109 953 3298 1009; x_wconf 83' lang='lat' dir='ltr'><strong>Vocati</strong></span> <span class='ocrx_word' id='word_1_164' title='bbox 3335 967 3464 1011; x_wconf 88' lang='lat' dir='ltr'><strong>sunt</strong></span> 
     </span>
    </p>
   </div>
   <div class='ocr_carea' id='block_1_26' title="bbox 1899 1035 3462 1115">
    <p class='ocr_par' dir='ltr' id='par_1_26' title="bbox 1899 1035 3462 1115">
     <span class='ocr_line' id='line_1_26' title="bbox 1899 1035 3462 1115; baseline 0.008 -28"><span class='ocrx_word' id='word_1_165' title='bbox 1899 1043 2076 1088; x_wconf 91' lang='lat' dir='ltr'><strong>autem</strong></span> <span class='ocrx_word' id='word_1_166' title='bbox 2104 1035 2170 1090; x_wconf 90' lang='lat' dir='ltr'><strong>ad</strong></span> <span class='ocrx_word' id='word_1_167' title='bbox 2195 1035 2361 1090; x_wconf 91' lang='lat' dir='ltr'><strong>Deum</strong></span> <span class='ocrx_word' id='word_1_168' title='bbox 2387 1037 2602 1108; x_wconf 85' lang='lat' dir='ltr'><strong>hymnis</strong></span> <span class='ocrx_word' id='word_1_169' title='bbox 2633 1040 3037 1098; x_wconf 85' lang='lat' dir='ltr'><strong>celebrandum.</strong></span> <span class='ocrx_word' id='word_1_170' title='bbox 3068 1041 3240 1098; x_wconf 82' lang='lat' dir='ltr'><strong>Israel</strong></span> <span class='ocrx_word' id='word_1_171' title='bbox 3264 1045 3317 1097; x_wconf 91' lang='lat' dir='ltr'><strong>in</strong></span> <span class='ocrx_word' id='word_1_172' title='bbox 3336 1061 3462 1115; x_wconf 88' lang='lat' dir='ltr'><strong>pos-</strong></span> 
     </span>
    </p>
   </div>
   <div class='ocr_carea' id='block_1_27' title="bbox 1898 1129 3463 1208">
    <p class='ocr_par' dir='ltr' id='par_1_27' title="bbox 1898 1129 3463 1208">
     <span class='ocr_line' id='line_1_27' title="bbox 1898 1129 3463 1208; baseline 0.01 -29"><span class='ocrx_word' id='word_1_173' title='bbox 1898 1129 2176 1181; x_wconf 81' lang='lat' dir='ltr'><strong>sessionem</strong></span> <span class='ocrx_word' id='word_1_174' title='bbox 2216 1131 2336 1185; x_wconf 84' lang='lat' dir='ltr'><strong>sihi.</strong></span> <span class='ocrx_word' id='word_1_175' title='bbox 2395 1129 2562 1197; x_wconf 84' lang='lat' dir='ltr'><strong>Quasi</strong></span> <span class='ocrx_word' id='word_1_176' title='bbox 2617 1133 2798 1193; x_wconf 85' lang='lat' dir='ltr'><strong>dicat.</strong></span> <span class='ocrx_word' id='word_1_177' title='bbox 2853 1133 3125 1203; x_wconf 85' lang='lat' dir='ltr'><strong>electum;</strong></span> <span class='ocrx_word' id='word_1_178' title='bbox 3176 1139 3463 1208; x_wconf 76' lang='lat' dir='ltr'><strong>perspicax</strong></span> 
     </span>
    </p>
   </div>
   <div class='ocr_carea' id='block_1_28' title="bbox 1898 1218 2550 1278">
    <p class='ocr_par' dir='ltr' id='par_1_28' title="bbox 1898 1218 2550 1278">
     <span class='ocr_line' id='line_1_28' title="bbox 1898 1218 2550 1278; baseline 0.011 -7"><span class='ocrx_word' id='word_1_179' title='bbox 1898 1218 2040 1272; x_wconf 89' lang='lat' dir='ltr'><strong>enim</strong></span> <span class='ocrx_word' id='word_1_180' title='bbox 2077 1236 2230 1276; x_wconf 88' lang='lat' dir='ltr'><strong>mens</strong></span> <span class='ocrx_word' id='word_1_181' title='bbox 2253 1220 2417 1276; x_wconf 87' lang='lat' dir='ltr'><strong>Israel</strong></span> <span class='ocrx_word' id='word_1_182' title='bbox 2448 1233 2550 1278; x_wconf 89' lang='lat' dir='ltr'><strong>est.</strong></span> 
     </span>
    </p>
   </div>
   <div class='ocr_carea' id='block_1_29' title="bbox 1968 1309 3461 1390">
    <p class='ocr_par' dir='ltr' id='par_1_29' title="bbox 1968 1309 3461 1390">
     <span class='ocr_line' id='line_1_29' title="bbox 1968 1309 3461 1390; baseline 0.009 -26"><span class='ocrx_word' id='word_1_183' title='bbox 1968 1309 2020 1364; x_wconf 88' lang='lat'><strong>5.</strong></span> <span class='ocrx_word' id='word_1_184' title='bbox 2051 1309 2189 1376; x_wconf 83' lang='lat' dir='ltr'><strong>Quia</strong></span> <span class='ocrx_word' id='word_1_185' title='bbox 2217 1329 2308 1383; x_wconf 80' lang='lat' dir='ltr'><strong>ego</strong></span> <span class='ocrx_word' id='word_1_186' title='bbox 2341 1316 2554 1384; x_wconf 85' lang='lat' dir='ltr'><strong>cognovi</strong></span> <span class='ocrx_word' id='word_1_187' title='bbox 2580 1319 2718 1384; x_wconf 85' lang='lat' dir='ltr'><strong>quod</strong></span> <span class='ocrx_word' id='word_1_188' title='bbox 2746 1333 2962 1388; x_wconf 84' lang='lat' dir='ltr'><strong>magnus</strong></span> <span class='ocrx_word' id='word_1_189' title='bbox 2999 1329 3074 1372; x_wconf 85' lang='lat' dir='ltr'><strong>est</strong></span> <span class='ocrx_word' id='word_1_190' title='bbox 3115 1321 3386 1390; x_wconf 81' lang='lat' dir='ltr'><strong>Dominus,</strong></span> <span class='ocrx_word' id='word_1_191' title='bbox 3409 1332 3461 1378; x_wconf 80' lang='lat' dir='ltr'><strong>et</strong></span> 
     </span>
    </p>
   </div>
   <div class='ocr_carea' id='block_1_30' title="bbox 1901 1393 3460 1476">
    <p class='ocr_par' dir='ltr' id='par_1_30' title="bbox 1901 1393 3460 1476">
     <span class='ocr_line' id='line_1_30' title="bbox 1901 1393 3460 1476; baseline 0.011 -23"><span class='ocrx_word' id='word_1_192' title='bbox 1901 1393 2154 1456; x_wconf 82' lang='lat' dir='ltr'><strong>Dominus</strong></span> <span class='ocrx_word' id='word_1_193' title='bbox 2193 1414 2368 1458; x_wconf 80' lang='lat' dir='ltr'><strong>noster</strong></span> <span class='ocrx_word' id='word_1_194' title='bbox 2403 1422 2514 1476; x_wconf 69' lang='lat' dir='ltr'><strong>prae</strong></span> <span class='ocrx_word' id='word_1_195' title='bbox 2537 1407 2773 1461; x_wconf 89' lang='lat' dir='ltr'><strong>omnibus</strong></span> <span class='ocrx_word' id='word_1_196' title='bbox 2799 1409 2925 1464; x_wconf 87' lang='lat' dir='ltr'><strong>diis.</strong></span> <span class='ocrx_word' id='word_1_197' title='bbox 2948 1410 2992 1463; x_wconf 83' lang='lat' dir='ltr'><strong>A</strong></span> <span class='ocrx_word' id='word_1_198' title='bbox 3015 1413 3271 1468; x_wconf 88' lang='lat' dir='ltr'><strong>crcatrice</strong></span> <span class='ocrx_word' id='word_1_199' title='bbox 3293 1401 3460 1470; x_wconf 66' lang='grc' dir='ltr'>[παι.</span> 
     </span>
    </p>
   </div>
   <div class='ocr_carea' id='block_1_31' title="bbox 1897 1494 2862 1565">
    <p class='ocr_par' dir='ltr' id='par_1_31' title="bbox 1897 1494 2862 1565">
     <span class='ocr_line' id='line_1_31' title="bbox 1897 1494 2862 1565; baseline 0.006 -18"><span class='ocrx_word' id='word_1_200' title='bbox 1897 1501 2005 1548; x_wconf 86' lang='lat' dir='ltr'><strong>tate</strong></span> <span class='ocrx_word' id='word_1_201' title='bbox 2031 1495 2177 1548; x_wconf 87' lang='lat' dir='ltr'><strong>novit</strong></span> <span class='ocrx_word' id='word_1_202' title='bbox 2202 1494 2378 1565; x_wconf 92' lang='lat' dir='ltr'><strong>ipsum</strong></span> <span class='ocrx_word' id='word_1_203' title='bbox 2407 1513 2528 1553; x_wconf 88' lang='lat' dir='ltr'><strong>esse</strong></span> <span class='ocrx_word' id='word_1_204' title='bbox 2555 1497 2862 1553; x_wconf 89' lang='lat' dir='ltr'><strong>Dominum.</strong></span> 
     </span>
    </p>
   </div>
   <div class='ocr_carea' id='block_1_32' title="bbox 1967 1584 3455 1663">
    <p class='ocr_par' dir='ltr' id='par_1_32' title="bbox 1967 1584 3455 1663">
     <span class='ocr_line' id='line_1_32' title="bbox 1967 1584 3455 1663; baseline 0.01 -25"><span class='ocrx_word' id='word_1_205' title='bbox 1967 1585 2021 1652; x_wconf 83' lang='grc'>6,</span> <span class='ocrx_word' id='word_1_206' title='bbox 2048 1585 2097 1640; x_wconf 82' lang='lat'><strong>7.</strong></span> <span class='ocrx_word' id='word_1_207' title='bbox 2129 1584 2195 1639; x_wconf 88' lang='lat' dir='ltr'><strong>In</strong></span> <span class='ocrx_word' id='word_1_208' title='bbox 2219 1589 2356 1641; x_wconf 86' lang='lat' dir='ltr'><strong>muri</strong></span> <span class='ocrx_word' id='word_1_209' title='bbox 2377 1598 2428 1642; x_wconf 91' lang='lat' dir='ltr'><strong>et</strong></span> <span class='ocrx_word' id='word_1_210' title='bbox 2469 1590 2521 1643; x_wconf 88' lang='lat' dir='ltr'><strong>in</strong></span> <span class='ocrx_word' id='word_1_211' title='bbox 2552 1591 2790 1644; x_wconf 88' lang='lat' dir='ltr'><strong>omnibus</strong></span> <span class='ocrx_word' id='word_1_212' title='bbox 2819 1594 3042 1663; x_wconf 79' lang='lat' dir='ltr'><strong>abyssis.</strong></span> <span class='ocrx_word' id='word_1_213' title='bbox 3081 1593 3319 1652; x_wconf 85' lang='lat' dir='ltr'><strong>Educens</strong></span> <span class='ocrx_word' id='word_1_214' title='bbox 3357 1615 3455 1652; x_wconf 89' lang='lat' dir='ltr'><strong>nu-</strong></span> 
     </span>
    </p>
   </div>
   <div class='ocr_carea' id='block_1_33' title="bbox 214 1663 1762 1756">
    <p class='ocr_par' dir='ltr' id='par_1_33' title="bbox 214 1684 1762 1756">
     <span class='ocr_line' id='line_1_33' title="bbox 214 1684 1762 1756; baseline 0.002 -18"><span class='ocrx_word' id='word_1_215' title='bbox 214 1684 486 1754; x_wconf 77' lang='grc' dir='ltr'><em>Ἆνάγων</em></span> <span class='ocrx_word' id='word_1_216' title='bbox 517 1685 779 1754; x_wconf 68' lang='grc' dir='ltr'><em>νεφέλας</em></span> <span class='ocrx_word' id='word_1_217' title='bbox 802 1686 872 1750; x_wconf 80' lang='grc' dir='ltr'><strong>ἐξ</strong></span> <span class='ocrx_word' id='word_1_218' title='bbox 904 1686 1179 1754; x_wconf 76' lang='grc' dir='ltr'><strong>ἐσχάτων</strong></span> <span class='ocrx_word' id='word_1_219' title='bbox 1199 1685 1308 1754; x_wconf 84' lang='grc' dir='ltr'><strong>τῆς</strong></span> <span class='ocrx_word' id='word_1_220' title='bbox 1340 1686 1474 1756; x_wconf 79' lang='grc' dir='ltr'>γῆς.</span> <span class='ocrx_word' id='word_1_221' title='bbox 1502 1687 1671 1741; x_wconf 84' lang='grc' dir='ltr'>Τοῦτό</span> <span class='ocrx_word' id='word_1_222' title='bbox 1698 1705 1762 1756; x_wconf 67' lang='grc' dir='ltr'>φη</span> 
     </span>
    </p>
   </div>
   <div class='ocr_carea' id='block_1_34' title="bbox 1923 1663 3459 1756">
    <p class='ocr_par' dir='ltr' id='par_1_34' title="bbox 1923 1674 3459 1755">
     <span class='ocr_line' id='line_1_34' title="bbox 1923 1674 3459 1755; baseline 0.011 -28"><span class='ocrx_word' id='word_1_223' title='bbox 1923 1689 1980 1728; x_wconf 78' lang='lat' dir='ltr'><strong>es</strong></span> <span class='ocrx_word' id='word_1_224' title='bbox 2025 1674 2088 1729; x_wconf 73' lang='lat' dir='ltr'><strong>ab</strong></span> <span class='ocrx_word' id='word_1_225' title='bbox 2128 1679 2371 1732; x_wconf 75' lang='lat' dir='ltr'><strong>extremis</strong></span> <span class='ocrx_word' id='word_1_226' title='bbox 2411 1687 2581 1734; x_wconf 71' lang='lat' dir='ltr'><strong>terraz.</strong></span> <span class='ocrx_word' id='word_1_227' title='bbox 2621 1678 2737 1737; x_wconf 81' lang='lat' dir='ltr'><strong>Hoc</strong></span> <span class='ocrx_word' id='word_1_228' title='bbox 2778 1682 2872 1745; x_wconf 85' lang='lat' dir='ltr'><strong>ait.</strong></span> <span class='ocrx_word' id='word_1_229' title='bbox 2909 1685 3036 1755; x_wconf 91' lang='lat' dir='ltr'><strong>quia</strong></span> <span class='ocrx_word' id='word_1_230' title='bbox 3077 1695 3276 1742; x_wconf 88' lang='lat' dir='ltr'><strong>terram</strong></span> <span class='ocrx_word' id='word_1_231' title='bbox 3308 1697 3459 1743; x_wconf 78' lang='lat' dir='ltr'><strong>exte-</strong></span> 
     </span>
    </p>
   </div>
   <div class='ocr_carea' id='block_1_35' title="bbox 200 1777 1791 1851">
    <p class='ocr_par' dir='ltr' id='par_1_35' title="bbox 200 1777 1791 1851">
     <span class='ocr_line' id='line_1_35' title="bbox 200 1777 1791 1851; baseline 0.003 -24"><span class='ocrx_word' id='word_1_232' title='bbox 200 1791 312 1834; x_wconf 78' lang='grc' dir='ltr'>σιν,</span> <span class='ocrx_word' id='word_1_233' title='bbox 342 1777 545 1848; x_wconf 74' lang='grc' dir='ltr'>ἐπειδὴ</span> <span class='ocrx_word' id='word_1_234' title='bbox 580 1777 777 1841; x_wconf 78' lang='grc' dir='ltr'>ἔξωθεν</span> <span class='ocrx_word' id='word_1_235' title='bbox 826 1777 925 1849; x_wconf 81' lang='grc' dir='ltr'>τὴν</span> <span class='ocrx_word' id='word_1_236' title='bbox 971 1779 1074 1850; x_wconf 79' lang='grc' dir='ltr'>γῆν</span> <span class='ocrx_word' id='word_1_237' title='bbox 1122 1779 1466 1851; x_wconf 77' lang='grc' dir='ltr'>περιέχουσιν</span> <span class='ocrx_word' id='word_1_238' title='bbox 1500 1781 1555 1833; x_wconf 85' lang='grc' dir='ltr'>αἱ</span> <span class='ocrx_word' id='word_1_239' title='bbox 1590 1779 1791 1834; x_wconf 77' lang='grc' dir='ltr'>θάλασ-</span> 
     </span>
    </p>
   </div>
   <div class='ocr_carea' id='block_1_36' title="bbox 202 1863 1792 1942">
    <p class='ocr_par' dir='ltr' id='par_1_36' title="bbox 202 1863 1792 1942">
     <span class='ocr_line' id='line_1_36' title="bbox 202 1863 1792 1942; baseline 0.004 -22"><span class='ocrx_word' id='word_1_240' title='bbox 202 1884 315 1933; x_wconf 75' lang='grc' dir='ltr'>σαι,</span> <span class='ocrx_word' id='word_1_241' title='bbox 353 1869 454 1938; x_wconf 75' lang='grc' dir='ltr'><strong>ἀφ’</strong></span> <span class='ocrx_word' id='word_1_242' title='bbox 483 1863 562 1922; x_wconf 82' lang='grc' dir='ltr'>ὧν</span> <span class='ocrx_word' id='word_1_243' title='bbox 589 1869 688 1933; x_wconf 82' lang='grc' dir='ltr'>τὰς</span> <span class='ocrx_word' id='word_1_244' title='bbox 716 1870 944 1939; x_wconf 81' lang='grc' dir='ltr'><strong>νεφέλας</strong></span> <span class='ocrx_word' id='word_1_245' title='bbox 975 1871 1186 1940; x_wconf 78' lang='grc' dir='ltr'>ἀνάγει.</span> <span class='ocrx_word' id='word_1_246' title='bbox 1239 1873 1565 1942; x_wconf 77' lang='grc' dir='ltr'><strong>Ἆστραπάς</strong></span> <span class='ocrx_word' id='word_1_247' title='bbox 1589 1875 1671 1940; x_wconf 81' lang='grc' dir='ltr'><strong>εὶς</strong></span> <span class='ocrx_word' id='word_1_248' title='bbox 1697 1876 1792 1927; x_wconf 84' lang='grc' dir='ltr'><strong>ὐε-</strong></span> 
     </span>
    </p>
   </div>
   <div class='ocr_carea' id='block_1_37' title="bbox 193 1961 1791 2036">
    <p class='ocr_par' dir='ltr' id='par_1_37' title="bbox 193 1961 1791 2036">
     <span class='ocr_line' id='line_1_37' title="bbox 193 1961 1791 2036; baseline 0.003 -22"><span class='ocrx_word' id='word_1_249' title='bbox 193 1961 310 2014; x_wconf 76' lang='grc' dir='ltr'><em>τόν</em></span> <span class='ocrx_word' id='word_1_250' title='bbox 331 1963 621 2028; x_wconf 75' lang='grc' dir='ltr'>ἐποίησε.</span> <span class='ocrx_word' id='word_1_251' title='bbox 666 1963 774 2016; x_wconf 76' lang='grc' dir='ltr'>Καὶ</span> <span class='ocrx_word' id='word_1_252' title='bbox 805 1963 961 2016; x_wconf 70' lang='grc' dir='ltr'>τοῦτο</span> <span class='ocrx_word' id='word_1_253' title='bbox 988 1963 1254 2035; x_wconf 77' lang='grc' dir='ltr'>σύμϐολον</span> <span class='ocrx_word' id='word_1_254' title='bbox 1277 1963 1362 2035; x_wconf 71' lang='grc' dir='ltr'><strong>εἴη</strong></span> <span class='ocrx_word' id='word_1_255' title='bbox 1416 1966 1514 2036; x_wconf 78' lang='grc' dir='ltr'>τῆς</span> <span class='ocrx_word' id='word_1_256' title='bbox 1563 1964 1791 2036; x_wconf 84' lang='grc' dir='ltr'>θεοπρε-</span> 
     </span>
    </p>
   </div>
   <div class='ocr_carea' id='block_1_38' title="bbox 200 2050 1789 2128">
    <p class='ocr_par' dir='ltr' id='par_1_38' title="bbox 200 2050 1789 2128">
     <span class='ocr_line' id='line_1_38' title="bbox 200 2050 1789 2128; baseline 0.004 -24"><span class='ocrx_word' id='word_1_257' title='bbox 200 2050 342 2114; x_wconf 64' lang='grc' dir='ltr'>ποῦς</span> <span class='ocrx_word' id='word_1_258' title='bbox 377 2051 685 2121; x_wconf 76' lang='grc' dir='ltr'>δυνάμεως,</span> <span class='ocrx_word' id='word_1_259' title='bbox 715 2053 776 2106; x_wconf 78' lang='grc' dir='ltr'>τὺ</span> <span class='ocrx_word' id='word_1_260' title='bbox 802 2054 861 2107; x_wconf 86' lang='grc' dir='ltr'>ὲν</span> <span class='ocrx_word' id='word_1_261' title='bbox 893 2054 970 2126; x_wconf 84' lang='grc' dir='ltr'><strong>τῷ</strong></span> <span class='ocrx_word' id='word_1_262' title='bbox 1026 2054 1188 2108; x_wconf 82' lang='grc' dir='ltr'>αὑτοῦ</span> <span class='ocrx_word' id='word_1_263' title='bbox 1243 2055 1509 2126; x_wconf 84' lang='grc' dir='ltr'>συμμίξαι</span> <span class='ocrx_word' id='word_1_264' title='bbox 1545 2057 1604 2109; x_wconf 89' lang='grc' dir='ltr'><strong>τὸ</strong></span> <span class='ocrx_word' id='word_1_265' title='bbox 1651 2074 1789 2128; x_wconf 89' lang='grc' dir='ltr'>πυρ-</span> 
     </span>
    </p>
   </div>
   <div class='ocr_carea' id='block_1_39' title="bbox 194 2143 1790 2220">
    <p class='ocr_par' dir='ltr' id='par_1_39' title="bbox 194 2143 1790 2220">
     <span class='ocr_line' id='line_1_39' title="bbox 194 2143 1790 2220; baseline 0.004 -22"><span class='ocrx_word' id='word_1_266' title='bbox 194 2143 336 2208; x_wconf 66' lang='lat'><strong>6:65;</strong></span> <span class='ocrx_word' id='word_1_267' title='bbox 359 2144 478 2197; x_wconf 88' lang='grc' dir='ltr'><strong>τῶν</strong></span> <span class='ocrx_word' id='word_1_268' title='bbox 505 2145 798 2216; x_wconf 78' lang='grc' dir='ltr'><strong>ἀστραπῶν</strong></span> <span class='ocrx_word' id='word_1_269' title='bbox 819 2147 912 2201; x_wconf 74' lang='grc' dir='ltr'><strong>καὶ</strong></span> <span class='ocrx_word' id='word_1_270' title='bbox 932 2148 992 2200; x_wconf 82' lang='grc' dir='ltr'><strong>τὸ</strong></span> <span class='ocrx_word' id='word_1_271' title='bbox 1019 2147 1182 2220; x_wconf 78' lang='grc' dir='ltr'>ὓδωρ.</span> <span class='ocrx_word' id='word_1_272' title='bbox 1201 2149 1254 2200; x_wconf 90' lang='grc' dir='ltr'><strong><em>Ὁ</em></strong></span> <span class='ocrx_word' id='word_1_273' title='bbox 1275 2148 1504 2219; x_wconf 73' lang='grc' dir='ltr'><strong>ἐξάγων</strong></span> <span class='ocrx_word' id='word_1_274' title='bbox 1531 2149 1790 2219; x_wconf 79' lang='grc' dir='ltr'><strong>ἀνέμους</strong></span> 
     </span>
    </p>
   </div>
   <div class='ocr_carea' id='block_1_40' title="bbox 189 2233 1789 2310">
    <p class='ocr_par' dir='ltr' id='par_1_40' title="bbox 189 2233 1789 2310">
     <span class='ocr_line' id='line_1_40' title="bbox 189 2233 1789 2310; baseline 0.004 -22"><span class='ocrx_word' id='word_1_275' title='bbox 189 2236 268 2289; x_wconf 78' lang='grc' dir='ltr'>ἐκ</span> <span class='ocrx_word' id='word_1_276' title='bbox 311 2233 649 2304; x_wconf 73' lang='grc' dir='ltr'><strong>θησαυρῶν</strong></span> <span class='ocrx_word' id='word_1_277' title='bbox 675 2237 895 2291; x_wconf 79' lang='grc' dir='ltr'>αὐτῶν.</span> <span class='ocrx_word' id='word_1_278' title='bbox 953 2237 1025 2290; x_wconf 83' lang='grc' dir='ltr'><strong>Τὸ</strong></span> <span class='ocrx_word' id='word_1_279' title='bbox 1057 2238 1437 2310; x_wconf 74' lang='grc' dir='ltr'>ἀκατάληπτον</span> <span class='ocrx_word' id='word_1_280' title='bbox 1483 2239 1789 2310; x_wconf 81' lang='grc' dir='ltr'>ἀνθρώποις</span> 
     </span>
    </p>
   </div>
   <div class='ocr_carea' id='block_1_41' title="bbox 191 2325 1786 2399">
    <p class='ocr_par' dir='ltr' id='par_1_41' title="bbox 191 2325 1786 2399">
     <span class='ocr_line' id='line_1_41' title="bbox 191 2325 1786 2399; baseline 0.005 -24"><span class='ocrx_word' id='word_1_281' title='bbox 191 2325 298 2394; x_wconf 83' lang='grc' dir='ltr'>τῆς</span> <span class='ocrx_word' id='word_1_282' title='bbox 331 2325 451 2377; x_wconf 82' lang='grc' dir='ltr'><strong>τῶν</strong></span> <span class='ocrx_word' id='word_1_283' title='bbox 479 2325 696 2396; x_wconf 81' lang='grc' dir='ltr'>ἀνέμων</span> <span class='ocrx_word' id='word_1_284' title='bbox 746 2325 980 2397; x_wconf 78' lang='grc' dir='ltr'>ἐδήλωσε</span> <span class='ocrx_word' id='word_1_285' title='bbox 1013 2327 1227 2396; x_wconf 81' lang='grc' dir='ltr'>φύσεως</span> <span class='ocrx_word' id='word_1_286' title='bbox 1280 2327 1366 2382; x_wconf 73' lang='grc' dir='ltr'><strong>διὰ</strong></span> <span class='ocrx_word' id='word_1_287' title='bbox 1420 2329 1528 2381; x_wconf 88' lang='grc' dir='ltr'><strong>τῶν</strong></span> <span class='ocrx_word' id='word_1_288' title='bbox 1580 2328 1786 2399; x_wconf 85' lang='grc' dir='ltr'>θησαυ-</span> 
     </span>
    </p>
   </div>
   <div class='ocr_carea' id='block_1_42' title="bbox 199 2417 1785 2491">
    <p class='ocr_par' dir='ltr' id='par_1_42' title="bbox 199 2417 1785 2491">
     <span class='ocr_line' id='line_1_42' title="bbox 199 2417 1785 2491; baseline 0.004 -23"><span class='ocrx_word' id='word_1_289' title='bbox 199 2417 339 2490; x_wconf 77' lang='grc' dir='ltr'>ρῶν.</span> <span class='ocrx_word' id='word_1_290' title='bbox 397 2418 626 2488; x_wconf 81' lang='grc' dir='ltr'>Ὅμοιον</span> <span class='ocrx_word' id='word_1_291' title='bbox 661 2419 720 2471; x_wconf 84' lang='grc' dir='ltr'><strong>δὲ</strong></span> <span class='ocrx_word' id='word_1_292' title='bbox 773 2417 834 2470; x_wconf 83' lang='grc' dir='ltr'>τὸ</span> <span class='ocrx_word' id='word_1_293' title='bbox 885 2418 1172 2490; x_wconf 76' lang='grc' dir='ltr'>εἰρημένον</span> <span class='ocrx_word' id='word_1_294' title='bbox 1218 2418 1368 2488; x_wconf 74' lang='grc' dir='ltr'>παρὰ</span> <span class='ocrx_word' id='word_1_295' title='bbox 1417 2419 1678 2491; x_wconf 75' lang='grc' dir='ltr'>Κυρίουο.</span> <span class='ocrx_word' id='word_1_296' title='bbox 1717 2421 1785 2474; x_wconf 82' lang='grc' dir='ltr'><strong>Τὸ</strong></span> 
     </span>
    </p>
   </div>
   <div class='ocr_carea' id='block_1_43' title="bbox 197 2513 1786 2582">
    <p class='ocr_par' dir='ltr' id='par_1_43' title="bbox 197 2513 1786 2582">
     <span class='ocr_line' id='line_1_43' title="bbox 197 2513 1786 2582; baseline 0.001 -16"><span class='ocrx_word' id='word_1_297' title='bbox 197 2513 457 2582; x_wconf 78' lang='grc' dir='ltr'><em>Πνεῦμα</em></span> <span class='ocrx_word' id='word_1_298' title='bbox 509 2514 660 2567; x_wconf 74' lang='grc' dir='ltr'>ὅπου</span> <span class='ocrx_word' id='word_1_299' title='bbox 694 2513 853 2567; x_wconf 74' lang='grc' dir='ltr'>θέλει</span> <span class='ocrx_word' id='word_1_300' title='bbox 894 2513 1051 2576; x_wconf 81' lang='grc' dir='ltr'>πνεῖ,</span> <span class='ocrx_word' id='word_1_301' title='bbox 1085 2514 1182 2567; x_wconf 77' lang='grc' dir='ltr'><strong>καὶ</strong></span> <span class='ocrx_word' id='word_1_302' title='bbox 1223 2513 1338 2581; x_wconf 81' lang='grc' dir='ltr'><strong>τὴν</strong></span> <span class='ocrx_word' id='word_1_303' title='bbox 1363 2513 1573 2582; x_wconf 73' lang='grc' dir='ltr'><em>φωνὴν</em></span> <span class='ocrx_word' id='word_1_304' title='bbox 1596 2515 1786 2568; x_wconf 85' lang='grc' dir='ltr'>αὐτοῦ</span> 
     </span>
    </p>
   </div>
   <div class='ocr_carea' id='block_1_44' title="bbox 195 2595 1785 2677">
    <p class='ocr_par' dir='ltr' id='par_1_44' title="bbox 195 2595 1785 2677">
     <span class='ocr_line' id='line_1_44' title="bbox 195 2595 1785 2677; baseline -0.002 -15"><span class='ocrx_word' id='word_1_305' title='bbox 195 2609 452 2673; x_wconf 77' lang='grc' dir='ltr'>ἀκούεις</span> <span class='ocrx_word' id='word_1_306' title='bbox 478 2624 490 2635; x_wconf 82' lang='grc'><em>’</em></span> <span class='ocrx_word' id='word_1_307' title='bbox 523 2607 661 2662; x_wconf 67' lang='grc' dir='ltr'><strong>ἀλλ’</strong></span> <span class='ocrx_word' id='word_1_308' title='bbox 691 2610 802 2660; x_wconf 73' lang='grc' dir='ltr'>οὐκ</span> <span class='ocrx_word' id='word_1_309' title='bbox 825 2603 992 2673; x_wconf 76' lang='grc' dir='ltr'><em>οἶδας</em></span> <span class='ocrx_word' id='word_1_310' title='bbox 1021 2595 1206 2660; x_wconf 75' lang='grc' dir='ltr'>πόθεν</span> <span class='ocrx_word' id='word_1_311' title='bbox 1234 2603 1488 2677; x_wconf 80' lang='grc' dir='ltr'>ἔρχεται,</span> <span class='ocrx_word' id='word_1_312' title='bbox 1523 2605 1621 2659; x_wconf 78' lang='grc' dir='ltr'><strong>καὶ</strong></span> <span class='ocrx_word' id='word_1_313' title='bbox 1667 2605 1785 2659; x_wconf 81' lang='grc' dir='ltr'><strong>ποῦ</strong></span> 
     </span>
    </p>
   </div>
   <div class='ocr_carea' id='block_1_45' title="bbox 195 2699 1283 2768">
    <p class='ocr_par' dir='ltr' id='par_1_45' title="bbox 195 2699 1283 2768">
     <span class='ocr_line' id='line_1_45' title="bbox 195 2699 1283 2768; baseline -0.006 -14"><span class='ocrx_word' id='word_1_314' title='bbox 195 2699 450 2768; x_wconf 74' lang='grc' dir='ltr'>ὑπάγει.</span> <span class='ocrx_word' id='word_1_315' title='bbox 956 2745 960 2750; x_wconf 85' lang='grc'><strong>.</strong></span> <span class='ocrx_word' id='word_1_316' title='bbox 1273 2699 1283 2708; x_wconf 85' lang='grc'><em>’</em></span> 
     </span>
    </p>
   </div>
   <div class='ocr_carea' id='block_1_46' title="bbox 274 2791 1784 2861">
    <p class='ocr_par' dir='ltr' id='par_1_46' title="bbox 274 2791 1784 2861">
     <span class='ocr_line' id='line_1_46' title="bbox 274 2791 1784 2861; baseline -0.001 -15"><span class='ocrx_word' id='word_1_317' title='bbox 274 2795 385 2857; x_wconf 84' lang='grc' dir='ltr'><em>Ὃς</em></span> <span class='ocrx_word' id='word_1_318' title='bbox 408 2791 671 2858; x_wconf 78' lang='grc' dir='ltr'><strong>ἐπάταξε</strong></span> <span class='ocrx_word' id='word_1_319' title='bbox 703 2791 775 2847; x_wconf 84' lang='grc' dir='ltr'>τὰ</span> <span class='ocrx_word' id='word_1_320' title='bbox 805 2793 1147 2860; x_wconf 78' lang='grc' dir='ltr'>πρωτότοκα</span> <span class='ocrx_word' id='word_1_321' title='bbox 1185 2793 1486 2861; x_wconf 72' lang='grc' dir='ltr'><strong>Αἰγύπτου</strong></span> <span class='ocrx_word' id='word_1_322' title='bbox 1530 2792 1653 2848; x_wconf 77' lang='grc' dir='ltr'><em>άπὸ</em></span> <span class='ocrx_word' id='word_1_323' title='bbox 1686 2791 1784 2846; x_wconf 76' lang='lat' dir='ltr'><strong>dr-</strong></span> 
     </span>
    </p>
   </div>
   <div class='ocr_carea' id='block_1_47' title="bbox 195 2882 1780 2957">
    <p class='ocr_par' dir='ltr' id='par_1_47' title="bbox 195 2882 1780 2957">
     <span class='ocr_line' id='line_1_47' title="bbox 195 2882 1780 2957; baseline 0.001 -20"><span class='ocrx_word' id='word_1_324' title='bbox 195 2883 447 2952; x_wconf 72' lang='grc' dir='ltr'>θρ-ὠπου</span> <span class='ocrx_word' id='word_1_325' title='bbox 479 2884 590 2950; x_wconf 80' lang='grc' dir='ltr'><strong>ἕως</strong></span> <span class='ocrx_word' id='word_1_326' title='bbox 609 2882 884 2950; x_wconf 81' lang='grc' dir='ltr'><strong>κτήνους.</strong></span> <span class='ocrx_word' id='word_1_327' title='bbox 912 2883 1021 2955; x_wconf 83' lang='grc' dir='ltr'><strong>Τὴν</strong></span> <span class='ocrx_word' id='word_1_328' title='bbox 1045 2883 1356 2938; x_wconf 79' lang='grc' dir='ltr'>τελευταίαν</span> <span class='ocrx_word' id='word_1_329' title='bbox 1381 2884 1594 2956; x_wconf 82' lang='grc' dir='ltr'>πληγὴν</span> <span class='ocrx_word' id='word_1_330' title='bbox 1619 2885 1780 2957; x_wconf 80' lang='grc' dir='ltr'>ἔθηκε</span> 
     </span>
    </p>
   </div>
   <div class='ocr_carea' id='block_1_48' title="bbox 1894 1769 3459 1844">
    <p class='ocr_par' dir='ltr' id='par_1_48' title="bbox 1894 1769 3459 1844">
     <span class='ocr_line' id='line_1_48' title="bbox 1894 1769 3459 1844; baseline 0.01 -23"><span class='ocrx_word' id='word_1_331' title='bbox 1894 1769 2008 1824; x_wconf 91' lang='lat' dir='ltr'><strong>rius</strong></span> <span class='ocrx_word' id='word_1_332' title='bbox 2035 1770 2282 1825; x_wconf 89' lang='lat' dir='ltr'><strong>ambiunt</strong></span> <span class='ocrx_word' id='word_1_333' title='bbox 2310 1774 2502 1839; x_wconf 89' lang='lat' dir='ltr'><strong>maria,</strong></span> <span class='ocrx_word' id='word_1_334' title='bbox 2535 1789 2600 1828; x_wconf 80' lang='lat' dir='ltr'><strong>ex</strong></span> <span class='ocrx_word' id='word_1_335' title='bbox 2631 1775 2828 1844; x_wconf 90' lang='lat' dir='ltr'><strong>quibus</strong></span> <span class='ocrx_word' id='word_1_336' title='bbox 2873 1777 3045 1833; x_wconf 88' lang='lat' dir='ltr'><strong>nubes</strong></span> <span class='ocrx_word' id='word_1_337' title='bbox 3087 1779 3289 1836; x_wconf 86' lang='lat' dir='ltr'><strong>educit.</strong></span> <span class='ocrx_word' id='word_1_338' title='bbox 3327 1780 3459 1836; x_wconf 86' lang='lat' dir='ltr'><strong>Ful-</strong></span> 
     </span>
    </p>
   </div>
   <div class='ocr_carea' id='block_1_49' title="bbox 1892 1862 3458 1942">
    <p class='ocr_par' dir='ltr' id='par_1_49' title="bbox 1892 1862 3458 1942">
     <span class='ocr_line' id='line_1_49' title="bbox 1892 1862 3458 1942; baseline 0.011 -30"><span class='ocrx_word' id='word_1_339' title='bbox 1892 1878 2023 1930; x_wconf 88' lang='lat' dir='ltr'><strong>gura</strong></span> <span class='ocrx_word' id='word_1_340' title='bbox 2071 1863 2125 1915; x_wconf 87' lang='lat' dir='ltr'><strong>in</strong></span> <span class='ocrx_word' id='word_1_341' title='bbox 2165 1862 2395 1930; x_wconf 75' lang='lat' dir='ltr'><strong>pluviam</strong></span> <span class='ocrx_word' id='word_1_342' title='bbox 2440 1866 2584 1934; x_wconf 84' lang='lat' dir='ltr'><strong>fecit.</strong></span> <span class='ocrx_word' id='word_1_343' title='bbox 2628 1866 2741 1923; x_wconf 86' lang='lat' dir='ltr'><strong>Hoc</strong></span> <span class='ocrx_word' id='word_1_344' title='bbox 2793 1869 2917 1924; x_wconf 89' lang='lat' dir='ltr'><strong>item</strong></span> <span class='ocrx_word' id='word_1_345' title='bbox 2945 1871 3249 1942; x_wconf 85' lang='lat' dir='ltr'><strong>symbolum</strong></span> <span class='ocrx_word' id='word_1_346' title='bbox 3296 1873 3458 1930; x_wconf 86' lang='lat' dir='ltr'><strong>fuerit</strong></span> 
     </span>
    </p>
   </div>
   <div class='ocr_carea' id='block_1_50' title="bbox 1891 1952 3454 2036">
    <p class='ocr_par' dir='ltr' id='par_1_50' title="bbox 1891 1952 3454 2036">
     <span class='ocr_line' id='line_1_50' title="bbox 1891 1952 3454 2036; baseline 0.01 -30"><span class='ocrx_word' id='word_1_347' title='bbox 1891 1952 2086 2007; x_wconf 67' lang='lat' dir='ltr'><strong>divina:</strong></span> <span class='ocrx_word' id='word_1_348' title='bbox 2111 1955 2346 2022; x_wconf 87' lang='lat' dir='ltr'><strong>virtutis,</strong></span> <span class='ocrx_word' id='word_1_349' title='bbox 2368 1959 2510 2027; x_wconf 89' lang='lat' dir='ltr'><strong>quod</strong></span> <span class='ocrx_word' id='word_1_350' title='bbox 2541 1960 2594 2014; x_wconf 85' lang='lat' dir='ltr'><strong>in</strong></span> <span class='ocrx_word' id='word_1_351' title='bbox 2615 1962 2803 2016; x_wconf 90' lang='lat' dir='ltr'><strong>eodem</strong></span> <span class='ocrx_word' id='word_1_352' title='bbox 2834 1963 2956 2018; x_wconf 80' lang='lat' dir='ltr'><strong>loco</strong></span> <span class='ocrx_word' id='word_1_353' title='bbox 2979 1963 3251 2036; x_wconf 81' lang='lat' dir='ltr'><strong>fulgurum</strong></span> <span class='ocrx_word' id='word_1_354' title='bbox 3278 1967 3454 2036; x_wconf 77' lang='lat' dir='ltr'><strong>ignem</strong></span> 
     </span>
    </p>
   </div>
   <div class='ocr_carea' id='block_1_51' title="bbox 1890 2048 3454 2120">
    <p class='ocr_par' dir='ltr' id='par_1_51' title="bbox 1890 2048 3454 2120">
     <span class='ocr_line' id='line_1_51' title="bbox 1890 2048 3454 2120; baseline 0.011 -24"><span class='ocrx_word' id='word_1_355' title='bbox 1890 2057 2014 2098; x_wconf 92' lang='lat' dir='ltr'><strong>cum</strong></span> <span class='ocrx_word' id='word_1_356' title='bbox 2045 2061 2183 2116; x_wconf 86' lang='lat' dir='ltr'><strong>aqua</strong></span> <span class='ocrx_word' id='word_1_357' title='bbox 2210 2048 2452 2104; x_wconf 87' lang='lat' dir='ltr'><strong>misceat.</strong></span> <span class='ocrx_word' id='word_1_358' title='bbox 2486 2049 2588 2116; x_wconf 87' lang='lat' dir='ltr'><strong>Qui</strong></span> <span class='ocrx_word' id='word_1_359' title='bbox 2616 2054 2861 2120; x_wconf 82' lang='lat' dir='ltr'><strong>producit</strong></span> <span class='ocrx_word' id='word_1_360' title='bbox 2897 2067 3072 2111; x_wconf 88' lang='lat' dir='ltr'><strong>ventos</strong></span> <span class='ocrx_word' id='word_1_361' title='bbox 3105 2057 3168 2113; x_wconf 85' lang='lat' dir='ltr'><strong>de</strong></span> <span class='ocrx_word' id='word_1_362' title='bbox 3196 2059 3454 2113; x_wconf 79' lang='lat' dir='ltr'><strong>thesauris</strong></span> 
     </span>
    </p>
   </div>
   <div class='ocr_carea' id='block_1_52' title="bbox 1888 2137 3453 2217">
    <p class='ocr_par' dir='ltr' id='par_1_52' title="bbox 1888 2137 3453 2217">
     <span class='ocr_line' id='line_1_52' title="bbox 1888 2137 3453 2217; baseline 0.012 -29"><span class='ocrx_word' id='word_1_363' title='bbox 1888 2137 2020 2191; x_wconf 83' lang='lat' dir='ltr'><strong>suis.</strong></span> <span class='ocrx_word' id='word_1_364' title='bbox 2071 2137 2169 2192; x_wconf 83' lang='lat' dir='ltr'><strong>Per</strong></span> <span class='ocrx_word' id='word_1_365' title='bbox 2230 2141 2518 2196; x_wconf 76' lang='lat' dir='ltr'><strong>thesauros</strong></span> <span class='ocrx_word' id='word_1_366' title='bbox 2558 2141 2798 2198; x_wconf 87' lang='lat' dir='ltr'><strong>declarat</strong></span> <span class='ocrx_word' id='word_1_367' title='bbox 2854 2145 3453 2217; x_wconf 83' lang='lat' dir='ltr'><strong>incomprehensibilem</strong></span> 
     </span>
    </p>
   </div>
   <div class='ocr_carea' id='block_1_53' title="bbox 1891 2229 3452 2298">
    <p class='ocr_par' dir='ltr' id='par_1_53' title="bbox 1891 2229 3452 2298">
     <span class='ocr_line' id='line_1_53' title="bbox 1891 2229 3452 2298; baseline 0.011 -17"><span class='ocrx_word' id='word_1_368' title='bbox 1891 2229 2202 2285; x_wconf 86' lang='lat' dir='ltr'><strong>hominibus</strong></span> <span class='ocrx_word' id='word_1_369' title='bbox 2245 2247 2367 2288; x_wconf 91' lang='lat' dir='ltr'><strong>esse</strong></span> <span class='ocrx_word' id='word_1_370' title='bbox 2407 2243 2690 2290; x_wconf 83' lang='lat' dir='ltr'><strong>ventorum</strong></span> <span class='ocrx_word' id='word_1_371' title='bbox 2733 2245 3005 2295; x_wconf 89' lang='lat' dir='ltr'><strong>naturam.</strong></span> <span class='ocrx_word' id='word_1_372' title='bbox 3048 2238 3234 2296; x_wconf 88' lang='lat' dir='ltr'><strong>Simile</strong></span> <span class='ocrx_word' id='word_1_373' title='bbox 3271 2252 3452 2298; x_wconf 84' lang='lat' dir='ltr'><strong>autem</strong></span> 
     </span>
    </p>
   </div>
   <div class='ocr_carea' id='block_1_54' title="bbox 1890 2319 3454 2403">
    <p class='ocr_par' dir='ltr' id='par_1_54' title="bbox 1890 2319 3454 2403">
     <span class='ocr_line' id='line_1_54' title="bbox 1890 2319 3454 2403; baseline 0.01 -30"><span class='ocrx_word' id='word_1_374' title='bbox 1890 2319 2018 2376; x_wconf 89' lang='lat' dir='ltr'><strong>huic</strong></span> <span class='ocrx_word' id='word_1_375' title='bbox 2044 2329 2126 2377; x_wconf 78' lang='lat' dir='ltr'><strong>est</strong></span> <span class='ocrx_word' id='word_1_376' title='bbox 2155 2322 2287 2377; x_wconf 91' lang='lat' dir='ltr'><strong>illud</strong></span> <span class='ocrx_word' id='word_1_377' title='bbox 2315 2323 2530 2379; x_wconf 91' lang='lat' dir='ltr'><strong>Domini</strong></span> <span class='ocrx_word' id='word_1_378' title='bbox 2563 2325 2766 2382; x_wconf 87' lang='lat' dir='ltr'><strong>dictum</strong></span> <span class='ocrx_word' id='word_1_379' title='bbox 2786 2346 2803 2380; x_wconf 87' lang='lat'><strong>:</strong></span> <span class='ocrx_word' id='word_1_380' title='bbox 2829 2327 3060 2397; x_wconf 86' lang='lat' dir='ltr'><strong>Spiritus</strong></span> <span class='ocrx_word' id='word_1_381' title='bbox 3087 2331 3176 2385; x_wconf 87' lang='lat' dir='ltr'><strong>ubi</strong></span> <span class='ocrx_word' id='word_1_382' title='bbox 3208 2332 3316 2386; x_wconf 88' lang='lat' dir='ltr'><strong>vult</strong></span> <span class='ocrx_word' id='word_1_383' title='bbox 3345 2335 3454 2403; x_wconf 85' lang='lat' dir='ltr'><strong>spi-</strong></span> 
     </span>
    </p>
   </div>
   <div class='ocr_carea' id='block_1_55' title="bbox 1888 2414 3452 2483">
    <p class='ocr_par' dir='ltr' id='par_1_55' title="bbox 1888 2414 3452 2483">
     <span class='ocr_line' id='line_1_55' title="bbox 1888 2414 3452 2483; baseline 0.01 -22"><span class='ocrx_word' id='word_1_384' title='bbox 1888 2419 1994 2475; x_wconf 87' lang='lat' dir='ltr'><strong>rat,</strong></span> <span class='ocrx_word' id='word_1_385' title='bbox 2020 2421 2069 2464; x_wconf 86' lang='lat' dir='ltr'><strong>et</strong></span> <span class='ocrx_word' id='word_1_386' title='bbox 2095 2428 2266 2466; x_wconf 86' lang='lat' dir='ltr'><strong>vocem</strong></span> <span class='ocrx_word' id='word_1_387' title='bbox 2304 2414 2417 2483; x_wconf 84' lang='lat' dir='ltr'><strong>ejus</strong></span> <span class='ocrx_word' id='word_1_388' title='bbox 2445 2415 2600 2470; x_wconf 85' lang='lat' dir='ltr'><strong>audis</strong></span> <span class='ocrx_word' id='word_1_389' title='bbox 2627 2432 2646 2470; x_wconf 89' lang='lat'><strong><em>:</em></strong></span> <span class='ocrx_word' id='word_1_390' title='bbox 2674 2417 2764 2470; x_wconf 85' lang='lat' dir='ltr'><strong>sed</strong></span> <span class='ocrx_word' id='word_1_391' title='bbox 2795 2418 2960 2472; x_wconf 84' lang='lat' dir='ltr'><strong>nescis</strong></span> <span class='ocrx_word' id='word_1_392' title='bbox 2996 2421 3132 2474; x_wconf 86' lang='lat' dir='ltr'><strong>unde</strong></span> <span class='ocrx_word' id='word_1_393' title='bbox 3159 2423 3329 2476; x_wconf 86' lang='lat' dir='ltr'><strong>veniat</strong></span> <span class='ocrx_word' id='word_1_394' title='bbox 3358 2432 3452 2477; x_wconf 84' lang='lat' dir='ltr'><strong>aut</strong></span> 
     </span>
    </p>
   </div>
   <div class='ocr_carea' id='block_1_56' title="bbox 1886 2503 2264 2570">
    <p class='ocr_par' dir='ltr' id='par_1_56' title="bbox 1886 2503 2264 2570">
     <span class='ocr_line' id='line_1_56' title="bbox 1886 2503 2264 2570; baseline 0.008 -16"><span class='ocrx_word' id='word_1_395' title='bbox 1886 2517 1986 2570; x_wconf 85' lang='lat' dir='ltr'><strong>quo</strong></span> <span class='ocrx_word' id='word_1_396' title='bbox 2013 2503 2168 2554; x_wconf 83' lang='lat' dir='ltr'><strong>vadat</strong></span> <span class='ocrx_word' id='word_1_397' title='bbox 2200 2504 2264 2557; x_wconf 72' lang='grc' dir='ltr'>θ’.</span> 
     </span>
    </p>
   </div>
   <div class='ocr_carea' id='block_1_57' title="bbox 1955 2780 3446 2860">
    <p class='ocr_par' dir='ltr' id='par_1_57' title="bbox 1955 2780 3446 2860">
     <span class='ocr_line' id='line_1_57' title="bbox 1955 2780 3446 2860; baseline 0.007 -25"><span class='ocrx_word' id='word_1_398' title='bbox 1955 2780 2008 2836; x_wconf 92' lang='grc'>8.</span> <span class='ocrx_word' id='word_1_399' title='bbox 2043 2781 2146 2848; x_wconf 89' lang='lat' dir='ltr'><strong>Qui</strong></span> <span class='ocrx_word' id='word_1_400' title='bbox 2189 2785 2444 2851; x_wconf 82' lang='lat' dir='ltr'><strong>percussit</strong></span> <span class='ocrx_word' id='word_1_401' title='bbox 2487 2787 2835 2856; x_wconf 78' lang='lat' dir='ltr'><strong>primogenita</strong></span> <span class='ocrx_word' id='word_1_402' title='bbox 2865 2787 3085 2860; x_wconf 56' lang='grc' dir='ltr'><strong>Αἰσχιρή</strong></span> <span class='ocrx_word' id='word_1_403' title='bbox 3132 2789 3196 2844; x_wconf 86' lang='lat' dir='ltr'><strong>ab</strong></span> <span class='ocrx_word' id='word_1_404' title='bbox 3241 2790 3446 2847; x_wconf 81' lang='lat' dir='ltr'><strong>homine</strong></span> 
     </span>
    </p>
   </div>
   <div class='ocr_carea' id='block_1_58' title="bbox 1885 2874 3448 2950">
    <p class='ocr_par' dir='ltr' id='par_1_58' title="bbox 1885 2874 3448 2950">
     <span class='ocr_line' id='line_1_58' title="bbox 1885 2874 3448 2950; baseline 0.007 -23"><span class='ocrx_word' id='word_1_405' title='bbox 1885 2890 2047 2946; x_wconf 88' lang='lat' dir='ltr'><strong>usque</strong></span> <span class='ocrx_word' id='word_1_406' title='bbox 2073 2875 2142 2927; x_wconf 85' lang='lat' dir='ltr'><strong>ad</strong></span> <span class='ocrx_word' id='word_1_407' title='bbox 2171 2891 2344 2944; x_wconf 87' lang='lat' dir='ltr'><strong>pecus.</strong></span> <span class='ocrx_word' id='word_1_408' title='bbox 2378 2874 2710 2932; x_wconf 88' lang='lat' dir='ltr'><strong>Postremam</strong></span> <span class='ocrx_word' id='word_1_409' title='bbox 2751 2879 2963 2949; x_wconf 76' lang='lat' dir='ltr'><strong>plagam</strong></span> <span class='ocrx_word' id='word_1_410' title='bbox 2993 2881 3225 2950; x_wconf 86' lang='lat' dir='ltr'><strong>primam</strong></span> <span class='ocrx_word' id='word_1_411' title='bbox 3256 2882 3448 2938; x_wconf 89' lang='lat' dir='ltr'><strong>ordine</strong></span> 
     </span>
    </p>
   </div>
   <div class='ocr_carea' id='block_1_59' title="bbox 196 2966 1762 3052">
    <p class='ocr_par' dir='ltr' id='par_1_59' title="bbox 196 2973 1762 3050">
     <span class='ocr_line' id='line_1_59' title="bbox 196 2973 1762 3050; baseline 0.001 -24"><span class='ocrx_word' id='word_1_412' title='bbox 196 2973 458 3044; x_wconf 72' lang='grc' dir='ltr'>πρώτην,</span> <span class='ocrx_word' id='word_1_413' title='bbox 487 2975 609 3026; x_wconf 78' lang='grc' dir='ltr'>ἐπεὶ</span> <span class='ocrx_word' id='word_1_414' title='bbox 648 2975 765 3045; x_wconf 87' lang='grc' dir='ltr'>μετ’</span> <span class='ocrx_word' id='word_1_415' title='bbox 794 2974 963 3045; x_wconf 78' lang='grc' dir='ltr'>αὐτὴν</span> <span class='ocrx_word' id='word_1_416' title='bbox 1000 2975 1248 3041; x_wconf 79' lang='grc' dir='ltr'>ἐδέξαντο</span> <span class='ocrx_word' id='word_1_417' title='bbox 1302 2976 1400 3048; x_wconf 79' lang='grc' dir='ltr'>τὴν</span> <span class='ocrx_word' id='word_1_418' title='bbox 1444 2976 1762 3050; x_wconf 42' lang='grc' dir='ltr'>ἐλευθερίαν.</span> 
     </span>
    </p>
   </div>
   <div class='ocr_carea' id='block_1_60' title="bbox 1923 2966 3446 3052">
    <p class='ocr_par' dir='ltr' id='par_1_60' title="bbox 1923 2966 3446 3039">
     <span class='ocr_line' id='line_1_60' title="bbox 1923 2966 3446 3039; baseline 0.007 -18"><span class='ocrx_word' id='word_1_419' title='bbox 1923 2969 2056 3032; x_wconf 91' lang='lat' dir='ltr'><strong>onit,</strong></span> <span class='ocrx_word' id='word_1_420' title='bbox 2086 2967 2212 3039; x_wconf 88' lang='lat' dir='ltr'><strong>quia</strong></span> <span class='ocrx_word' id='word_1_421' title='bbox 2232 2975 2355 3037; x_wconf 91' lang='lat' dir='ltr'><strong>post</strong></span> <span class='ocrx_word' id='word_1_422' title='bbox 2385 2966 2559 3037; x_wconf 88' lang='lat' dir='ltr'><strong>ipsam</strong></span> <span class='ocrx_word' id='word_1_423' title='bbox 2580 2968 2827 3024; x_wconf 83' lang='lat' dir='ltr'><strong>libertate</strong></span> <span class='ocrx_word' id='word_1_424' title='bbox 2849 2970 3033 3027; x_wconf 89' lang='lat' dir='ltr'><strong>donati</strong></span> <span class='ocrx_word' id='word_1_425' title='bbox 3063 2981 3211 3028; x_wconf 89' lang='lat' dir='ltr'><strong>sunt.</strong></span> <span class='ocrx_word' id='word_1_426' title='bbox 3240 2973 3446 3030; x_wconf 88' lang='lat' dir='ltr'><strong>Pecora</strong></span> 
     </span>
    </p>
   </div>
   <div class='ocr_carea' id='block_1_61' title="bbox 195 3065 1782 3140">
    <p class='ocr_par' dir='ltr' id='par_1_61' title="bbox 195 3065 1782 3140">
     <span class='ocr_line' id='line_1_61' title="bbox 195 3065 1782 3140; baseline 0.002 -22"><span class='ocrx_word' id='word_1_427' title='bbox 195 3065 373 3133; x_wconf 74' lang='grc' dir='ltr'>Λέγει</span> <span class='ocrx_word' id='word_1_428' title='bbox 391 3065 450 3119; x_wconf 78' lang='grc' dir='ltr'><strong>δὲ</strong></span> <span class='ocrx_word' id='word_1_429' title='bbox 471 3067 566 3119; x_wconf 75' lang='grc' dir='ltr'>καὶ</span> <span class='ocrx_word' id='word_1_430' title='bbox 591 3065 824 3136; x_wconf 83' lang='grc' dir='ltr'>κτηνῶν,</span> <span class='ocrx_word' id='word_1_431' title='bbox 853 3065 1041 3136; x_wconf 80' lang='grc' dir='ltr'>ἐπειδὴ</span> <span class='ocrx_word' id='word_1_432' title='bbox 1066 3065 1156 3119; x_wconf 81' lang='grc' dir='ltr'><strong>διὰ</strong></span> <span class='ocrx_word' id='word_1_433' title='bbox 1181 3066 1274 3120; x_wconf 85' lang='grc' dir='ltr'><strong>τὸν</strong></span> <span class='ocrx_word' id='word_1_434' title='bbox 1299 3067 1583 3140; x_wconf 77' lang='grc' dir='ltr'>ἄνθρωπον</span> <span class='ocrx_word' id='word_1_435' title='bbox 1608 3065 1782 3121; x_wconf 80' lang='grc' dir='ltr'>ταῦτα</span> 
     </span>
    </p>
   </div>
   <div class='ocr_carea' id='block_1_62' title="bbox 195 3157 1781 3232">
    <p class='ocr_par' dir='ltr' id='par_1_62' title="bbox 195 3157 1781 3232">
     <span class='ocr_line' id='line_1_62' title="bbox 195 3157 1781 3232; baseline 0.004 -24"><span class='ocrx_word' id='word_1_436' title='bbox 195 3157 521 3228; x_wconf 79' lang='grc' dir='ltr'>γεγένηται,</span> <span class='ocrx_word' id='word_1_437' title='bbox 555 3159 648 3211; x_wconf 78' lang='grc' dir='ltr'><strong>καὶ</strong></span> <span class='ocrx_word' id='word_1_438' title='bbox 674 3158 744 3210; x_wconf 86' lang='grc' dir='ltr'><strong>δι’</strong></span> <span class='ocrx_word' id='word_1_439' title='bbox 778 3159 938 3213; x_wconf 76' lang='grc' dir='ltr'>αὑτὸν</span> <span class='ocrx_word' id='word_1_440' title='bbox 979 3161 1072 3213; x_wconf 78' lang='grc' dir='ltr'>καὶ</span> <span class='ocrx_word' id='word_1_441' title='bbox 1105 3160 1410 3224; x_wconf 80' lang='grc' dir='ltr'>κολάζεται.</span> <span class='ocrx_word' id='word_1_442' title='bbox 1453 3161 1615 3214; x_wconf 84' lang='grc' dir='ltr'>Ὥστε</span> <span class='ocrx_word' id='word_1_443' title='bbox 1645 3161 1781 3232; x_wconf 79' lang='grc' dir='ltr'>πρὸς</span> 
     </span>
    </p>
   </div>
   <div class='ocr_carea' id='block_1_63' title="bbox 193 3246 1608 3322">
    <p class='ocr_par' dir='ltr' id='par_1_63' title="bbox 193 3246 1608 3322">
     <span class='ocr_line' id='line_1_63' title="bbox 193 3246 1608 3322; baseline 0.001 -20"><span class='ocrx_word' id='word_1_444' title='bbox 193 3246 435 3318; x_wconf 68' lang='grc' dir='ltr'>αὔξησιν</span> <span class='ocrx_word' id='word_1_445' title='bbox 465 3247 631 3317; x_wconf 74' lang='grc' dir='ltr'>φόϐου</span> <span class='ocrx_word' id='word_1_446' title='bbox 659 3247 934 3319; x_wconf 80' lang='grc' dir='ltr'>δειχθῆναι</span> <span class='ocrx_word' id='word_1_447' title='bbox 965 3249 1222 3320; x_wconf 82' lang='grc' dir='ltr'>θεήλατον</span> <span class='ocrx_word' id='word_1_448' title='bbox 1250 3249 1347 3320; x_wconf 83' lang='grc' dir='ltr'><strong>τὴν</strong></span> <span class='ocrx_word' id='word_1_449' title='bbox 1376 3249 1608 3322; x_wconf 82' lang='grc' dir='ltr'>πληγήν.</span> 
     </span>
    </p>
   </div>
   <div class='ocr_carea' id='block_1_64' title="bbox 279 3427 1777 3501">
    <p class='ocr_par' dir='ltr' id='par_1_64' title="bbox 279 3427 1777 3501">
     <span class='ocr_line' id='line_1_64' title="bbox 279 3427 1777 3501; baseline 0.001 -20"><span class='ocrx_word' id='word_1_450' title='bbox 279 3428 360 3481; x_wconf 83' lang='grc' dir='ltr'><em>Τὰ</em></span> <span class='ocrx_word' id='word_1_451' title='bbox 401 3427 621 3481; x_wconf 76' lang='grc' dir='ltr'><strong>εἴδωλα</strong></span> <span class='ocrx_word' id='word_1_452' title='bbox 658 3428 776 3483; x_wconf 84' lang='grc' dir='ltr'>τῶν</span> <span class='ocrx_word' id='word_1_453' title='bbox 815 3430 1004 3485; x_wconf 78' lang='grc' dir='ltr'><em>ἐθνῶν</em></span> <span class='ocrx_word' id='word_1_454' title='bbox 1038 3431 1320 3501; x_wconf 75' lang='grc' dir='ltr'>ἀργύριον</span> <span class='ocrx_word' id='word_1_455' title='bbox 1363 3431 1460 3484; x_wconf 74' lang='grc' dir='ltr'><strong>καὶ</strong></span> <span class='ocrx_word' id='word_1_456' title='bbox 1504 3431 1777 3499; x_wconf 82' lang='grc' dir='ltr'>χρυσίον,</span> 
     </span>
    </p>
   </div>
   <div class='ocr_carea' id='block_1_65' title="bbox 193 3516 1779 3591">
    <p class='ocr_par' dir='ltr' id='par_1_65' title="bbox 193 3516 1779 3591">
     <span class='ocr_line' id='line_1_65' title="bbox 193 3516 1779 3591; baseline 0.001 -20"><span class='ocrx_word' id='word_1_457' title='bbox 193 3517 348 3585; x_wconf 70' lang='grc' dir='ltr'>ἔργα</span> <span class='ocrx_word' id='word_1_458' title='bbox 372 3516 591 3586; x_wconf 76' lang='grc' dir='ltr'><strong>χεῳῶν</strong></span> <span class='ocrx_word' id='word_1_459' title='bbox 623 3518 967 3587; x_wconf 80' lang='grc' dir='ltr'>ἀνθρώπων.</span> <span class='ocrx_word' id='word_1_460' title='bbox 1015 3520 1172 3576; x_wconf 83' lang='grc' dir='ltr'>Μετὰ</span> <span class='ocrx_word' id='word_1_461' title='bbox 1198 3520 1259 3573; x_wconf 85' lang='grc' dir='ltr'><strong>τὸ</strong></span> <span class='ocrx_word' id='word_1_462' title='bbox 1299 3520 1469 3584; x_wconf 79' lang='grc' dir='ltr'>δεῖξαι</span> <span class='ocrx_word' id='word_1_463' title='bbox 1499 3520 1595 3591; x_wconf 86' lang='grc' dir='ltr'>τὴν</span> <span class='ocrx_word' id='word_1_464' title='bbox 1631 3519 1779 3573; x_wconf 80' lang='grc' dir='ltr'>θείαν</span> 
     </span>
    </p>
   </div>
   <div class='ocr_carea' id='block_1_66' title="bbox 200 3609 1781 3683">
    <p class='ocr_par' dir='ltr' id='par_1_66' title="bbox 200 3609 1781 3683">
     <span class='ocr_line' id='line_1_66' title="bbox 200 3609 1781 3683; baseline 0.003 -22"><span class='ocrx_word' id='word_1_465' title='bbox 200 3609 465 3679; x_wconf 79' lang='grc' dir='ltr'>πρόνοιαν</span> <span class='ocrx_word' id='word_1_466' title='bbox 516 3612 610 3662; x_wconf 76' lang='grc' dir='ltr'>καὶ</span> <span class='ocrx_word' id='word_1_467' title='bbox 634 3610 1000 3683; x_wconf 84' lang='grc' dir='ltr'>δοξολογῆσαι,</span> <span class='ocrx_word' id='word_1_468' title='bbox 1043 3613 1118 3676; x_wconf 87' lang='grc' dir='ltr'><strong>ὡς</strong></span> <span class='ocrx_word' id='word_1_469' title='bbox 1152 3612 1232 3665; x_wconf 81' lang='grc' dir='ltr'>ἔτι</span> <span class='ocrx_word' id='word_1_470' title='bbox 1265 3613 1469 3675; x_wconf 88' lang='grc' dir='ltr'>δούλοις</span> <span class='ocrx_word' id='word_1_471' title='bbox 1513 3615 1625 3675; x_wconf 88' lang='grc' dir='ltr'>τοῖς</span> <span class='ocrx_word' id='word_1_472' title='bbox 1674 3613 1781 3666; x_wconf 84' lang='grc' dir='ltr'><strong>ἀπὸ</strong></span> 
     </span>
    </p>
   </div>
   <div class='ocr_carea' id='block_1_67' title="bbox 197 3699 1779 3774">
    <p class='ocr_par' dir='ltr' id='par_1_67' title="bbox 197 3699 1779 3774">
     <span class='ocr_line' id='line_1_67' title="bbox 197 3699 1779 3774; baseline 0.005 -25"><span class='ocrx_word' id='word_1_473' title='bbox 197 3699 312 3750; x_wconf 82' lang='grc' dir='ltr'><strong>τῶν</strong></span> <span class='ocrx_word' id='word_1_474' title='bbox 347 3699 520 3752; x_wconf 78' lang='grc' dir='ltr'>ἐθνῶν</span> <span class='ocrx_word' id='word_1_475' title='bbox 552 3701 753 3771; x_wconf 79' lang='grc' dir='ltr'>ἀρτίως</span> <span class='ocrx_word' id='word_1_476' title='bbox 778 3702 1132 3774; x_wconf 78' lang='grc' dir='ltr'>προσελθοῦσι</span> <span class='ocrx_word' id='word_1_477' title='bbox 1169 3702 1565 3774; x_wconf 79' lang='grc' dir='ltr'>διαλεγόμενος,</span> <span class='ocrx_word' id='word_1_478' title='bbox 1602 3720 1779 3774; x_wconf 63' lang='grc' dir='ltr'>παραυ</span> 
     </span>
    </p>
   </div>
   <div class='ocr_carea' id='block_1_68' title="bbox 199 3787 1779 3867">
    <p class='ocr_par' dir='ltr' id='par_1_68' title="bbox 199 3787 1779 3867">
     <span class='ocr_line' id='line_1_68' title="bbox 199 3787 1779 3867; baseline 0.003 -23"><span class='ocrx_word' id='word_1_479' title='bbox 199 3792 391 3846; x_wconf 64' lang='grc' dir='ltr'>ϐάλλει</span> <span class='ocrx_word' id='word_1_480' title='bbox 421 3793 530 3846; x_wconf 88' lang='grc' dir='ltr'><strong>τῶν</strong></span> <span class='ocrx_word' id='word_1_481' title='bbox 575 3793 712 3847; x_wconf 82' lang='grc' dir='ltr'>θεῶν</span> <span class='ocrx_word' id='word_1_482' title='bbox 741 3787 815 3848; x_wconf 82' lang='grc' dir='ltr'><strong>ὧν</strong></span> <span class='ocrx_word' id='word_1_483' title='bbox 845 3795 1070 3865; x_wconf 73' lang='grc' dir='ltr'>ἡγοῦντο</span> <span class='ocrx_word' id='word_1_484' title='bbox 1097 3795 1263 3851; x_wconf 80' lang='grc' dir='ltr'>πάλαι</span> <span class='ocrx_word' id='word_1_485' title='bbox 1290 3797 1381 3850; x_wconf 83' lang='grc' dir='ltr'><strong>τὸν</strong></span> <span class='ocrx_word' id='word_1_486' title='bbox 1405 3795 1624 3867; x_wconf 75' lang='grc' dir='ltr'>ἔλεγχον</span> <span class='ocrx_word' id='word_1_487' title='bbox 1649 3797 1779 3850; x_wconf 85' lang='grc' dir='ltr'>ἀκο-</span> 
     </span>
    </p>
   </div>
   <div class='ocr_carea' id='block_1_69' title="bbox 197 3882 1778 3958">
    <p class='ocr_par' dir='ltr' id='par_1_69' title="bbox 197 3882 1778 3958">
     <span class='ocr_line' id='line_1_69' title="bbox 197 3882 1778 3958; baseline 0.004 -21"><span class='ocrx_word' id='word_1_488' title='bbox 197 3885 444 3948; x_wconf 76' lang='grc' dir='ltr'>λούθωςο</span> <span class='ocrx_word' id='word_1_489' title='bbox 476 3885 551 3949; x_wconf 83' lang='grc' dir='ltr'><strong>ὡς</strong></span> <span class='ocrx_word' id='word_1_490' title='bbox 583 3882 764 3940; x_wconf 82' lang='grc' dir='ltr'>εἶπεν·</span> <span class='ocrx_word' id='word_1_491' title='bbox 791 3886 919 3941; x_wconf 84' lang='grc' dir='ltr'>Ὅτι</span> <span class='ocrx_word' id='word_1_492' title='bbox 970 3889 1084 3958; x_wconf 75' lang='grc' dir='ltr'><strong>ἐγὼ</strong></span> <span class='ocrx_word' id='word_1_493' title='bbox 1105 3889 1375 3958; x_wconf 70' lang='grc' dir='ltr'>ἔγνωκα,</span> <span class='ocrx_word' id='word_1_494' title='bbox 1398 3889 1489 3943; x_wconf 83' lang='grc' dir='ltr'>ὅτι</span> <span class='ocrx_word' id='word_1_495' title='bbox 1524 3888 1711 3958; x_wconf 81' lang='grc' dir='ltr'><strong>μέγας</strong></span> <span class='ocrx_word' id='word_1_496' title='bbox 1744 3893 1778 3943; x_wconf 85' lang='grc' dir='ltr'><strong><em>ό</em></strong></span> 
     </span>
    </p>
   </div>
   <div class='ocr_carea' id='block_1_70' title="bbox 201 3971 1776 4048">
    <p class='ocr_par' dir='ltr' id='par_1_70' title="bbox 201 3971 1776 4048">
     <span class='ocr_line' id='line_1_70' title="bbox 201 3971 1776 4048; baseline 0.005 -22"><span class='ocrx_word' id='word_1_497' title='bbox 201 3971 446 4041; x_wconf 78' lang='grc' dir='ltr'>Κύριος,</span> <span class='ocrx_word' id='word_1_498' title='bbox 482 3975 580 4028; x_wconf 80' lang='grc' dir='ltr'><strong>καὶ</strong></span> <span class='ocrx_word' id='word_1_499' title='bbox 617 3978 648 4028; x_wconf 84' lang='grc' dir='ltr'><em>ὀ</em></span> <span class='ocrx_word' id='word_1_500' title='bbox 695 3973 914 4045; x_wconf 80' lang='grc' dir='ltr'>Κύριος</span> <span class='ocrx_word' id='word_1_501' title='bbox 949 3977 1119 4048; x_wconf 80' lang='grc' dir='ltr'>ἡμῶν</span> <span class='ocrx_word' id='word_1_502' title='bbox 1159 3980 1316 4047; x_wconf 82' lang='grc' dir='ltr'><em>παρὰ</em></span> <span class='ocrx_word' id='word_1_503' title='bbox 1363 3979 1592 4046; x_wconf 82' lang='grc' dir='ltr'><em>πάντας</em></span> <span class='ocrx_word' id='word_1_504' title='bbox 1635 3981 1776 4046; x_wconf 81' lang='grc' dir='ltr'>τοὺς</span> 
     </span>
    </p>
   </div>
   <div class='ocr_carea' id='block_1_71' title="bbox 203 4066 1773 4143">
    <p class='ocr_par' dir='ltr' id='par_1_71' title="bbox 203 4066 1773 4143">
     <span class='ocr_line' id='line_1_71' title="bbox 203 4066 1773 4143; baseline 0.004 -25"><span class='ocrx_word' id='word_1_505' title='bbox 203 4068 401 4130; x_wconf 78' lang='grc' dir='ltr'>θεοὺς.</span> <span class='ocrx_word' id='word_1_506' title='bbox 453 4066 513 4117; x_wconf 87' lang='lat'><strong>&#39;0</strong></span> <span class='ocrx_word' id='word_1_507' title='bbox 547 4066 644 4136; x_wconf 83' lang='grc' dir='ltr'><strong>μὲν</strong></span> <span class='ocrx_word' id='word_1_508' title='bbox 682 4067 788 4140; x_wconf 79' lang='grc' dir='ltr'>γὰρ</span> <span class='ocrx_word' id='word_1_509' title='bbox 815 4069 1050 4123; x_wconf 83' lang='grc' dir='ltr'>τοσαῦτα</span> <span class='ocrx_word' id='word_1_510' title='bbox 1078 4071 1169 4124; x_wconf 79' lang='grc' dir='ltr'>καὶ</span> <span class='ocrx_word' id='word_1_511' title='bbox 1188 4069 1412 4125; x_wconf 81' lang='grc' dir='ltr'>τοιαῦτα</span> <span class='ocrx_word' id='word_1_512' title='bbox 1445 4073 1739 4143; x_wconf 78' lang='grc' dir='ltr'>πεποίηκεν</span> <span class='ocrx_word' id='word_1_513' title='bbox 1760 4089 1773 4102; x_wconf 77' lang='grc' dir='ltr'><strong>ο</strong></span> 
     </span>
    </p>
   </div>
   <div class='ocr_carea' id='block_1_72' title="bbox 200 4158 1776 4238">
    <p class='ocr_par' dir='ltr' id='par_1_72' title="bbox 200 4158 1776 4238">
     <span class='ocr_line' id='line_1_72' title="bbox 200 4158 1776 4238; baseline 0.004 -27"><span class='ocrx_word' id='word_1_514' title='bbox 200 4159 253 4211; x_wconf 75' lang='lat' dir='ltr'><strong>oi</strong></span> <span class='ocrx_word' id='word_1_515' title='bbox 282 4158 342 4212; x_wconf 80' lang='grc' dir='ltr'><strong>δὲ</strong></span> <span class='ocrx_word' id='word_1_516' title='bbox 383 4161 648 4232; x_wconf 80' lang='grc' dir='ltr'>πρότερον</span> <span class='ocrx_word' id='word_1_517' title='bbox 696 4161 849 4233; x_wconf 83' lang='grc' dir='ltr'>ὑμῶν</span> <span class='ocrx_word' id='word_1_518' title='bbox 890 4162 1004 4216; x_wconf 80' lang='grc' dir='ltr'>θεοὶ</span> <span class='ocrx_word' id='word_1_519' title='bbox 1037 4163 1196 4232; x_wconf 86' lang='grc' dir='ltr'>μόνον</span> <span class='ocrx_word' id='word_1_520' title='bbox 1243 4163 1437 4220; x_wconf 69' lang='grc' dir='ltr'>εἴδωλα</span> <span class='ocrx_word' id='word_1_521' title='bbox 1479 4165 1649 4238; x_wconf 80' lang='grc' dir='ltr'>νεκρὰ</span> <span class='ocrx_word' id='word_1_522' title='bbox 1682 4165 1776 4218; x_wconf 73' lang='grc' dir='ltr'><strong>καὶ</strong></span> 
     </span>
    </p>
   </div>
   <div class='ocr_carea' id='block_1_73' title="bbox 202 4247 1776 4324">
    <p class='ocr_par' dir='ltr' id='par_1_73' title="bbox 202 4247 1776 4324">
     <span class='ocr_line' id='line_1_73' title="bbox 202 4247 1776 4324; baseline 0.001 -17"><span class='ocrx_word' id='word_1_523' title='bbox 202 4253 385 4323; x_wconf 68' lang='grc' dir='ltr'>κωφὰ,</span> <span class='ocrx_word' id='word_1_524' title='bbox 421 4247 504 4317; x_wconf 74' lang='grc' dir='ltr'>οἷς</span> <span class='ocrx_word' id='word_1_525' title='bbox 537 4255 710 4324; x_wconf 83' lang='grc' dir='ltr'>ὅμοιοι</span> <span class='ocrx_word' id='word_1_526' title='bbox 771 4254 1009 4323; x_wconf 80' lang='grc' dir='ltr'>γένοιντο</span> <span class='ocrx_word' id='word_1_527' title='bbox 1043 4257 1092 4308; x_wconf 82' lang='grc' dir='ltr'><strong>οἱ</strong></span> <span class='ocrx_word' id='word_1_528' title='bbox 1134 4254 1411 4321; x_wconf 81' lang='grc' dir='ltr'>ποιοῦντες</span> <span class='ocrx_word' id='word_1_529' title='bbox 1442 4257 1597 4312; x_wconf 79' lang='grc' dir='ltr'>αὐτά.</span> <span class='ocrx_word' id='word_1_530' title='bbox 1652 4258 1776 4320; x_wconf 88' lang='grc' dir='ltr'>Πῶς</span> 
     </span>
    </p>
   </div>
   <div class='ocr_carea' id='block_1_74' title="bbox 1883 3058 3442 3135">
    <p class='ocr_par' dir='ltr' id='par_1_74' title="bbox 1883 3058 3442 3135">
     <span class='ocr_line' id='line_1_74' title="bbox 1883 3058 3442 3135; baseline 0.006 -23"><span class='ocrx_word' id='word_1_531' title='bbox 1883 3069 2064 3113; x_wconf 88' lang='lat' dir='ltr'><strong>autem</strong></span> <span class='ocrx_word' id='word_1_532' title='bbox 2092 3070 2374 3122; x_wconf 86' lang='lat' dir='ltr'><strong>memorat,</strong></span> <span class='ocrx_word' id='word_1_533' title='bbox 2409 3058 2536 3129; x_wconf 85' lang='lat' dir='ltr'><strong>quia</strong></span> <span class='ocrx_word' id='word_1_534' title='bbox 2569 3069 2785 3130; x_wconf 88' lang='lat' dir='ltr'><strong>propter</strong></span> <span class='ocrx_word' id='word_1_535' title='bbox 2813 3059 3086 3118; x_wconf 84' lang='lat' dir='ltr'><strong>hominem</strong></span> <span class='ocrx_word' id='word_1_536' title='bbox 3122 3063 3261 3121; x_wconf 82' lang='lat' dir='ltr'><strong>facta</strong></span> <span class='ocrx_word' id='word_1_537' title='bbox 3288 3077 3442 3135; x_wconf 87' lang='lat' dir='ltr'><strong>sunt,</strong></span> 
     </span>
    </p>
   </div>
   <div class='ocr_carea' id='block_1_75' title="bbox 1881 3149 3433 3228">
    <p class='ocr_par' dir='ltr' id='par_1_75' title="bbox 1881 3149 3433 3228">
     <span class='ocr_line' id='line_1_75' title="bbox 1881 3149 3433 3228; baseline 0.007 -26"><span class='ocrx_word' id='word_1_538' title='bbox 1881 3156 1936 3202; x_wconf 91' lang='lat' dir='ltr'><strong>et</strong></span> <span class='ocrx_word' id='word_1_539' title='bbox 1965 3157 2184 3219; x_wconf 88' lang='lat' dir='ltr'><strong>propter</strong></span> <span class='ocrx_word' id='word_1_540' title='bbox 2221 3165 2344 3204; x_wconf 90' lang='lat' dir='ltr'><strong>eum</strong></span> <span class='ocrx_word' id='word_1_541' title='bbox 2375 3152 2728 3222; x_wconf 77' lang='lat' dir='ltr'><strong>castigantur,</strong></span> <span class='ocrx_word' id='word_1_542' title='bbox 2760 3149 2834 3206; x_wconf 84' lang='lat' dir='ltr'><strong>ita</strong></span> <span class='ocrx_word' id='word_1_543' title='bbox 2874 3163 2934 3208; x_wconf 92' lang='lat' dir='ltr'><strong>ut</strong></span> <span class='ocrx_word' id='word_1_544' title='bbox 2959 3169 3055 3224; x_wconf 89' lang='lat' dir='ltr'><strong>per</strong></span> <span class='ocrx_word' id='word_1_545' title='bbox 3085 3166 3433 3228; x_wconf 73' lang='lat' dir='ltr'><strong>augmentum</strong></span> 
     </span>
    </p>
   </div>
   <div class='ocr_carea' id='block_1_76' title="bbox 1881 3241 3445 3320">
    <p class='ocr_par' dir='ltr' id='par_1_76' title="bbox 1881 3241 3445 3320">
     <span class='ocr_line' id='line_1_76' title="bbox 1881 3241 3445 3320; baseline 0.006 -28"><span class='ocrx_word' id='word_1_546' title='bbox 1881 3241 2109 3295; x_wconf 91' lang='lat' dir='ltr'><strong>terroris</strong></span> <span class='ocrx_word' id='word_1_547' title='bbox 2143 3241 2404 3297; x_wconf 86' lang='lat' dir='ltr'><strong>divinitus</strong></span> <span class='ocrx_word' id='word_1_548' title='bbox 2445 3242 2748 3298; x_wconf 87' lang='lat' dir='ltr'><strong>immissam</strong></span> <span class='ocrx_word' id='word_1_549' title='bbox 2788 3242 2959 3301; x_wconf 83' lang='lat' dir='ltr'><strong>fuisse</strong></span> <span class='ocrx_word' id='word_1_550' title='bbox 2988 3247 3200 3317; x_wconf 79' lang='lat' dir='ltr'><strong>plagam</strong></span> <span class='ocrx_word' id='word_1_551' title='bbox 3233 3250 3445 3320; x_wconf 83' lang='lat' dir='ltr'><strong>perspi-</strong></span> 
     </span>
    </p>
   </div>
   <div class='ocr_carea' id='block_1_77' title="bbox 1881 3333 2255 3387">
    <p class='ocr_par' dir='ltr' id='par_1_77' title="bbox 1881 3333 2255 3387">
     <span class='ocr_line' id='line_1_77' title="bbox 1881 3333 2255 3387; baseline 0.003 -1"><span class='ocrx_word' id='word_1_552' title='bbox 1881 3348 2043 3387; x_wconf 91' lang='lat' dir='ltr'><strong>cuum</strong></span> <span class='ocrx_word' id='word_1_553' title='bbox 2074 3333 2164 3387; x_wconf 79' lang='lat' dir='ltr'><strong>sit.</strong></span> <span class='ocrx_word' id='word_1_554' title='bbox 2254 3337 2255 3340; x_wconf 65' lang='grc'><em>“</em></span> 
     </span>
    </p>
   </div>
   <div class='ocr_carea' id='block_1_78' title="bbox 1954 3427 3444 3501">
    <p class='ocr_par' dir='ltr' id='par_1_78' title="bbox 1954 3427 3444 3501">
     <span class='ocr_line' id='line_1_78' title="bbox 1954 3427 3444 3501; baseline 0.004 -21"><span class='ocrx_word' id='word_1_555' title='bbox 1954 3427 2042 3481; x_wconf 74' lang='grc'><strong>15.</strong></span> <span class='ocrx_word' id='word_1_556' title='bbox 2071 3427 2371 3481; x_wconf 83' lang='lat' dir='ltr'><strong>Simulacra</strong></span> <span class='ocrx_word' id='word_1_557' title='bbox 2405 3433 2636 3498; x_wconf 84' lang='lat' dir='ltr'><strong>gentium</strong></span> <span class='ocrx_word' id='word_1_558' title='bbox 2659 3442 2930 3500; x_wconf 83' lang='lat' dir='ltr'><strong>argentum</strong></span> <span class='ocrx_word' id='word_1_559' title='bbox 2961 3440 3010 3484; x_wconf 92' lang='lat' dir='ltr'><strong>et</strong></span> <span class='ocrx_word' id='word_1_560' title='bbox 3040 3448 3252 3496; x_wconf 89' lang='lat' dir='ltr'><strong>aurum,</strong></span> <span class='ocrx_word' id='word_1_561' title='bbox 3287 3449 3444 3501; x_wconf 83' lang='lat' dir='ltr'><strong>opera</strong></span> 
     </span>
    </p>
   </div>
   <div class='ocr_carea' id='block_1_79' title="bbox 1882 3517 3443 3590">
    <p class='ocr_par' dir='ltr' id='par_1_79' title="bbox 1882 3517 3443 3590">
     <span class='ocr_line' id='line_1_79' title="bbox 1882 3517 3443 3590; baseline 0.007 -24"><span class='ocrx_word' id='word_1_562' title='bbox 1882 3531 2136 3570; x_wconf 86' lang='lat' dir='ltr'><strong>manuum</strong></span> <span class='ocrx_word' id='word_1_563' title='bbox 2182 3517 2472 3572; x_wconf 78' lang='lat' dir='ltr'><strong>hominum.</strong></span> <span class='ocrx_word' id='word_1_564' title='bbox 2523 3517 2821 3589; x_wconf 81' lang='lat' dir='ltr'><strong>Postquam</strong></span> <span class='ocrx_word' id='word_1_565' title='bbox 2865 3520 3105 3576; x_wconf 82' lang='lat' dir='ltr'><strong>divinam</strong></span> <span class='ocrx_word' id='word_1_566' title='bbox 3154 3523 3443 3590; x_wconf 88' lang='lat' dir='ltr'><strong>providen-</strong></span> 
     </span>
    </p>
   </div>
   <div class='ocr_carea' id='block_1_80' title="bbox 1882 3606 3444 3681">
    <p class='ocr_par' dir='ltr' id='par_1_80' title="bbox 1882 3606 3444 3681">
     <span class='ocr_line' id='line_1_80' title="bbox 1882 3606 3444 3681; baseline 0.004 -21"><span class='ocrx_word' id='word_1_567' title='bbox 1882 3607 2017 3660; x_wconf 86' lang='lat' dir='ltr'><strong>tiam</strong></span> <span class='ocrx_word' id='word_1_568' title='bbox 2060 3607 2298 3662; x_wconf 86' lang='lat' dir='ltr'><strong>ostendit</strong></span> <span class='ocrx_word' id='word_1_569' title='bbox 2324 3616 2378 3663; x_wconf 92' lang='lat' dir='ltr'><strong>et</strong></span> <span class='ocrx_word' id='word_1_570' title='bbox 2410 3606 2662 3662; x_wconf 86' lang='lat' dir='ltr'><strong>laudibus</strong></span> <span class='ocrx_word' id='word_1_571' title='bbox 2694 3609 3012 3672; x_wconf 84' lang='lat' dir='ltr'><strong>celebravit,</strong></span> <span class='ocrx_word' id='word_1_572' title='bbox 3046 3611 3296 3680; x_wconf 81' lang='lat' dir='ltr'><strong>gentibus</strong></span> <span class='ocrx_word' id='word_1_573' title='bbox 3321 3627 3444 3681; x_wconf 68' lang='lat' dir='ltr'><strong>quae</strong></span> 
     </span>
    </p>
   </div>
   <div class='ocr_carea' id='block_1_81' title="bbox 1881 3695 3444 3772">
    <p class='ocr_par' dir='ltr' id='par_1_81' title="bbox 1881 3695 3444 3772">
     <span class='ocr_line' id='line_1_81' title="bbox 1881 3695 3444 3772; baseline 0.004 -18"><span class='ocrx_word' id='word_1_574' title='bbox 1881 3714 2054 3770; x_wconf 89' lang='lat' dir='ltr'><strong>nuper</strong></span> <span class='ocrx_word' id='word_1_575' title='bbox 2073 3700 2140 3755; x_wconf 92' lang='lat' dir='ltr'><strong>ad</strong></span> <span class='ocrx_word' id='word_1_576' title='bbox 2163 3699 2322 3754; x_wconf 84' lang='lat' dir='ltr'><strong>ﬁdem</strong></span> <span class='ocrx_word' id='word_1_577' title='bbox 2352 3695 2722 3764; x_wconf 86' lang='lat' dir='ltr'><strong>accesserunt,</strong></span> <span class='ocrx_word' id='word_1_578' title='bbox 2757 3701 2912 3772; x_wconf 90' lang='lat' dir='ltr'><strong>quasi</strong></span> <span class='ocrx_word' id='word_1_579' title='bbox 2945 3703 3242 3757; x_wconf 89' lang='lat' dir='ltr'><strong>etiamnum</strong></span> <span class='ocrx_word' id='word_1_580' title='bbox 3271 3706 3444 3760; x_wconf 78' lang='lat' dir='ltr'><strong>servis</strong></span> 
     </span>
    </p>
   </div>
   <div class='ocr_carea' id='block_1_82' title="bbox 1880 3790 3442 3864">
    <p class='ocr_par' dir='ltr' id='par_1_82' title="bbox 1880 3790 3442 3864">
     <span class='ocr_line' id='line_1_82' title="bbox 1880 3790 3442 3864; baseline 0.003 -18"><span class='ocrx_word' id='word_1_581' title='bbox 1880 3792 2126 3862; x_wconf 87' lang='lat' dir='ltr'><strong>loquens,</strong></span> <span class='ocrx_word' id='word_1_582' title='bbox 2163 3790 2318 3846; x_wconf 76' lang='lat' dir='ltr'><strong>ali‘ert</strong></span> <span class='ocrx_word' id='word_1_583' title='bbox 2359 3791 2584 3847; x_wconf 85' lang='lat' dir='ltr'><strong>deorum</strong></span> <span class='ocrx_word' id='word_1_584' title='bbox 2609 3807 2746 3864; x_wconf 92' lang='lat' dir='ltr'><strong>quos</strong></span> <span class='ocrx_word' id='word_1_585' title='bbox 2771 3793 2899 3848; x_wconf 90' lang='lat' dir='ltr'><strong>olim</strong></span> <span class='ocrx_word' id='word_1_586' title='bbox 2924 3793 3172 3850; x_wconf 87' lang='lat' dir='ltr'><strong>colebant</strong></span> <span class='ocrx_word' id='word_1_587' title='bbox 3191 3795 3442 3851; x_wconf 88' lang='lat' dir='ltr'><strong>confuta-</strong></span> 
     </span>
    </p>
   </div>
   <div class='ocr_carea' id='block_1_83' title="bbox 1878 3881 3444 3956">
    <p class='ocr_par' dir='ltr' id='par_1_83' title="bbox 1878 3881 3444 3956">
     <span class='ocr_line' id='line_1_83' title="bbox 1878 3881 3444 3956; baseline 0.002 -18"><span class='ocrx_word' id='word_1_588' title='bbox 1878 3884 2101 3938; x_wconf 89' lang='lat' dir='ltr'><strong>tionem.</strong></span> <span class='ocrx_word' id='word_1_589' title='bbox 2131 3881 2431 3954; x_wconf 87' lang='lat' dir='ltr'><strong>Postquam</strong></span> <span class='ocrx_word' id='word_1_590' title='bbox 2454 3883 2625 3939; x_wconf 78' lang='lat' dir='ltr'><strong>dixit:</strong></span> <span class='ocrx_word' id='word_1_591' title='bbox 2647 3884 2784 3949; x_wconf 85' lang='lat' dir='ltr'><strong>Quia</strong></span> <span class='ocrx_word' id='word_1_592' title='bbox 2810 3901 2902 3955; x_wconf 86' lang='lat' dir='ltr'><strong>ego</strong></span> <span class='ocrx_word' id='word_1_593' title='bbox 2923 3887 3134 3956; x_wconf 87' lang='lat' dir='ltr'><strong>cognovi</strong></span> <span class='ocrx_word' id='word_1_594' title='bbox 3163 3887 3301 3956; x_wconf 86' lang='lat' dir='ltr'><strong>quod</strong></span> <span class='ocrx_word' id='word_1_595' title='bbox 3329 3905 3444 3941; x_wconf 91' lang='lat' dir='ltr'><strong>ma-</strong></span> 
     </span>
    </p>
   </div>
   <div class='ocr_carea' id='block_1_84' title="bbox 1877 3973 3439 4047">
    <p class='ocr_par' dir='ltr' id='par_1_84' title="bbox 1877 3973 3439 4047">
     <span class='ocr_line' id='line_1_84' title="bbox 1877 3973 3439 4047; baseline 0.004 -21"><span class='ocrx_word' id='word_1_596' title='bbox 1877 3990 2006 4042; x_wconf 84' lang='lat' dir='ltr'><strong>gnus</strong></span> <span class='ocrx_word' id='word_1_597' title='bbox 2029 3984 2105 4028; x_wconf 90' lang='lat' dir='ltr'><strong>est</strong></span> <span class='ocrx_word' id='word_1_598' title='bbox 2137 3973 2414 4042; x_wconf 86' lang='lat' dir='ltr'><strong>Dominus,</strong></span> <span class='ocrx_word' id='word_1_599' title='bbox 2442 3984 2493 4030; x_wconf 89' lang='lat' dir='ltr'><strong>et</strong></span> <span class='ocrx_word' id='word_1_600' title='bbox 2526 3974 2666 4030; x_wconf 85' lang='lat' dir='ltr'><strong>Deus</strong></span> <span class='ocrx_word' id='word_1_601' title='bbox 2700 3985 2875 4031; x_wconf 86' lang='lat' dir='ltr'><strong>noster</strong></span> <span class='ocrx_word' id='word_1_602' title='bbox 2909 3994 3020 4047; x_wconf 74' lang='lat' dir='ltr'><strong>pra:</strong></span> <span class='ocrx_word' id='word_1_603' title='bbox 3043 3979 3281 4031; x_wconf 89' lang='lat' dir='ltr'><strong>omnibus</strong></span> <span class='ocrx_word' id='word_1_604' title='bbox 3312 3979 3439 4032; x_wconf 85' lang='lat' dir='ltr'><strong>diis.</strong></span> 
     </span>
    </p>
   </div>
   <div class='ocr_carea' id='block_1_85' title="bbox 1878 4063 3440 4137">
    <p class='ocr_par' dir='ltr' id='par_1_85' title="bbox 1878 4063 3440 4137">
     <span class='ocr_line' id='line_1_85' title="bbox 1878 4063 3440 4137; baseline 0.003 -19"><span class='ocrx_word' id='word_1_605' title='bbox 1878 4063 1994 4134; x_wconf 84' lang='lat' dir='ltr'><strong>Ipse</strong></span> <span class='ocrx_word' id='word_1_606' title='bbox 2023 4066 2168 4120; x_wconf 91' lang='lat' dir='ltr'><strong>enim</strong></span> <span class='ocrx_word' id='word_1_607' title='bbox 2198 4075 2346 4121; x_wconf 90' lang='lat' dir='ltr'><strong>tanta</strong></span> <span class='ocrx_word' id='word_1_608' title='bbox 2375 4066 2611 4136; x_wconf 85' lang='lat' dir='ltr'><strong>taliaque</strong></span> <span class='ocrx_word' id='word_1_609' title='bbox 2633 4082 2795 4137; x_wconf 86' lang='lat' dir='ltr'><strong>opera</strong></span> <span class='ocrx_word' id='word_1_610' title='bbox 2819 4068 3019 4132; x_wconf 88' lang='lat' dir='ltr'><strong>edidit;</strong></span> <span class='ocrx_word' id='word_1_611' title='bbox 3047 4068 3124 4122; x_wconf 92' lang='lat' dir='ltr'><strong>illi</strong></span> <span class='ocrx_word' id='word_1_612' title='bbox 3154 4076 3333 4122; x_wconf 89' lang='lat' dir='ltr'><strong>autem</strong></span> <span class='ocrx_word' id='word_1_613' title='bbox 3365 4071 3440 4124; x_wconf 87' lang='lat' dir='ltr'><strong>dii</strong></span> 
     </span>
    </p>
   </div>
   <div class='ocr_carea' id='block_1_86' title="bbox 1877 4156 3438 4225">
    <p class='ocr_par' dir='ltr' id='par_1_86' title="bbox 1877 4156 3438 4225">
     <span class='ocr_line' id='line_1_86' title="bbox 1877 4156 3438 4225; baseline 0.003 -16"><span class='ocrx_word' id='word_1_614' title='bbox 1877 4156 2007 4210; x_wconf 86' lang='lat' dir='ltr'><strong>olim</strong></span> <span class='ocrx_word' id='word_1_615' title='bbox 2029 4157 2216 4225; x_wconf 81' lang='lat' dir='ltr'><strong>vestri,</strong></span> <span class='ocrx_word' id='word_1_616' title='bbox 2249 4158 2427 4213; x_wconf 91' lang='lat' dir='ltr'><strong>solum</strong></span> <span class='ocrx_word' id='word_1_617' title='bbox 2456 4156 2745 4213; x_wconf 89' lang='lat' dir='ltr'><strong>simulacra</strong></span> <span class='ocrx_word' id='word_1_618' title='bbox 2772 4167 2929 4213; x_wconf 89' lang='lat' dir='ltr'><strong>erant</strong></span> <span class='ocrx_word' id='word_1_619' title='bbox 2953 4167 3190 4223; x_wconf 85' lang='lat' dir='ltr'><strong>mortua,</strong></span> <span class='ocrx_word' id='word_1_620' title='bbox 3218 4168 3270 4213; x_wconf 91' lang='lat' dir='ltr'><strong>et</strong></span> <span class='ocrx_word' id='word_1_621' title='bbox 3298 4175 3438 4214; x_wconf 72' lang='lat' dir='ltr'><strong>cazca</strong></span> 
     </span>
    </p>
   </div>
   <div class='ocr_carea' id='block_1_87' title="bbox 1877 4249 3436 4320">
    <p class='ocr_par' dir='ltr' id='par_1_87' title="bbox 1877 4249 3436 4320">
     <span class='ocr_line' id='line_1_87' title="bbox 1877 4249 3436 4320; baseline 0.003 -20"><span class='ocrx_word' id='word_1_622' title='bbox 1877 4249 2076 4316; x_wconf 86' lang='lat' dir='ltr'><strong>quibus</strong></span> <span class='ocrx_word' id='word_1_623' title='bbox 2103 4249 2310 4305; x_wconf 90' lang='lat' dir='ltr'><strong>similes</strong></span> <span class='ocrx_word' id='word_1_624' title='bbox 2342 4249 2474 4305; x_wconf 84' lang='lat' dir='ltr'><strong>ﬁant</strong></span> <span class='ocrx_word' id='word_1_625' title='bbox 2502 4251 2596 4320; x_wconf 91' lang='lat' dir='ltr'><strong>qui</strong></span> <span class='ocrx_word' id='word_1_626' title='bbox 2626 4249 2834 4304; x_wconf 88' lang='lat' dir='ltr'><strong>faciunt</strong></span> <span class='ocrx_word' id='word_1_627' title='bbox 2859 4265 2944 4304; x_wconf 88' lang='lat' dir='ltr'><strong>ea.</strong></span> <span class='ocrx_word' id='word_1_628' title='bbox 2973 4250 3258 4314; x_wconf 83' lang='lat' dir='ltr'><strong>Quomodo</strong></span> <span class='ocrx_word' id='word_1_629' title='bbox 3291 4251 3436 4304; x_wconf 90' lang='lat' dir='ltr'><strong>enim</strong></span> 
     </span>
    </p>
   </div>
   <div class='ocr_carea' id='block_1_88' title="bbox 200 4331 1762 4420">
    <p class='ocr_par' dir='ltr' id='par_1_88' title="bbox 200 4345 1762 4420">
     <span class='ocr_line' id='line_1_88' title="bbox 200 4345 1762 4420; baseline 0 -20"><span class='ocrx_word' id='word_1_630' title='bbox 200 4347 308 4417; x_wconf 83' lang='grc' dir='ltr'>γὰρ</span> <span class='ocrx_word' id='word_1_631' title='bbox 332 4348 384 4399; x_wconf 85' lang='lat' dir='ltr'><strong>oi.</strong></span> <span class='ocrx_word' id='word_1_632' title='bbox 411 4349 526 4409; x_wconf 80' lang='grc' dir='ltr'>τοῖς</span> <span class='ocrx_word' id='word_1_633' title='bbox 569 4345 795 4416; x_wconf 76' lang='grc' dir='ltr'>ἀψύχοις</span> <span class='ocrx_word' id='word_1_634' title='bbox 839 4347 1269 4418; x_wconf 78' lang='grc' dir='ltr'>προσκυνοῦντες</span> <span class='ocrx_word' id='word_1_635' title='bbox 1301 4348 1400 4401; x_wconf 83' lang='grc' dir='ltr'><strong>οὐκ</strong></span> <span class='ocrx_word' id='word_1_636' title='bbox 1432 4347 1762 4420; x_wconf 83' lang='grc' dir='ltr'>ἀπελιθώθη-</span> 
     </span>
    </p>
   </div>
   <div class='ocr_carea' id='block_1_89' title="bbox 1923 4331 3439 4420">
    <p class='ocr_par' dir='ltr' id='par_1_89' title="bbox 1923 4340 3439 4412">
     <span class='ocr_line' id='line_1_89' title="bbox 1923 4340 3439 4412; baseline 0.003 -18"><span class='ocrx_word' id='word_1_637' title='bbox 1923 4340 1972 4394; x_wconf 91' lang='lat' dir='ltr'><strong>ui</strong></span> <span class='ocrx_word' id='word_1_638' title='bbox 2001 4340 2295 4394; x_wconf 88' lang='lat' dir='ltr'><strong>inanimata</strong></span> <span class='ocrx_word' id='word_1_639' title='bbox 2317 4341 2548 4396; x_wconf 87' lang='lat' dir='ltr'><strong>adorant</strong></span> <span class='ocrx_word' id='word_1_640' title='bbox 2565 4356 2670 4395; x_wconf 88' lang='lat' dir='ltr'><strong>non</strong></span> <span class='ocrx_word' id='word_1_641' title='bbox 2688 4341 2893 4412; x_wconf 88' lang='lat' dir='ltr'><strong>lapides</strong></span> <span class='ocrx_word' id='word_1_642' title='bbox 2913 4341 3096 4396; x_wconf 88' lang='lat' dir='ltr'><strong>animo</strong></span> <span class='ocrx_word' id='word_1_643' title='bbox 3112 4350 3240 4396; x_wconf 91' lang='lat' dir='ltr'><strong>sunt</strong></span> <span class='ocrx_word' id='word_1_644' title='bbox 3256 4340 3439 4408; x_wconf 81' lang='lat' dir='ltr'><strong>?Quos</strong></span> 
     </span>
    </p>
   </div>
   <div class='ocr_carea' id='block_1_90' title="bbox 203 4434 1772 4509">
    <p class='ocr_par' dir='ltr' id='par_1_90' title="bbox 203 4434 1772 4509">
     <span class='ocr_line' id='line_1_90' title="bbox 203 4434 1772 4509; baseline 0.002 -22"><span class='ocrx_word' id='word_1_645' title='bbox 203 4453 302 4489; x_wconf 88' lang='grc' dir='ltr'><strong>σαν</strong></span> <span class='ocrx_word' id='word_1_646' title='bbox 328 4434 432 4498; x_wconf 73' lang='grc' dir='ltr'>τὰς</span> <span class='ocrx_word' id='word_1_647' title='bbox 453 4435 660 4506; x_wconf 55' lang='grc' dir='ltr'>ψυχάς</span> <span class='ocrx_word' id='word_1_648' title='bbox 698 4435 790 4488; x_wconf 85' lang='grc' dir='ltr'><strong>καί</strong></span> <span class='ocrx_word' id='word_1_649' title='bbox 834 4436 928 4499; x_wconf 86' lang='grc' dir='ltr'><strong>οὓς</strong></span> <span class='ocrx_word' id='word_1_650' title='bbox 984 4436 1088 4509; x_wconf 75' lang='grc' dir='ltr'><strong>ἔφη</strong></span> <span class='ocrx_word' id='word_1_651' title='bbox 1145 4437 1286 4492; x_wconf 86' lang='grc' dir='ltr'>κατὰ</span> <span class='ocrx_word' id='word_1_652' title='bbox 1331 4437 1428 4508; x_wconf 84' lang='grc' dir='ltr'><strong>τὴν</strong></span> <span class='ocrx_word' id='word_1_653' title='bbox 1485 4437 1772 4507; x_wconf 81' lang='grc' dir='ltr'>συνήθειαν</span> 
     </span>
    </p>
   </div>
   <div class='ocr_carea' id='block_1_91' title="bbox 200 4525 1768 4598">
    <p class='ocr_par' dir='ltr' id='par_1_91' title="bbox 200 4525 1768 4598">
     <span class='ocr_line' id='line_1_91' title="bbox 200 4525 1768 4598; baseline 0.001 -18"><span class='ocrx_word' id='word_1_654' title='bbox 200 4526 407 4580; x_wconf 74' lang='grc' dir='ltr'>ἄνωθεν</span> <span class='ocrx_word' id='word_1_655' title='bbox 438 4525 614 4590; x_wconf 77' lang='grc' dir='ltr'>θεοὺς,</span> <span class='ocrx_word' id='word_1_656' title='bbox 644 4525 739 4580; x_wconf 75' lang='grc' dir='ltr'>νῦν</span> <span class='ocrx_word' id='word_1_657' title='bbox 771 4527 1086 4598; x_wconf 80' lang='grc' dir='ltr'>ὲπαισχύνει</span> <span class='ocrx_word' id='word_1_658' title='bbox 1115 4528 1207 4582; x_wconf 76' lang='grc' dir='ltr'>καὶ</span> <span class='ocrx_word' id='word_1_659' title='bbox 1239 4527 1503 4598; x_wconf 80' lang='grc' dir='ltr'>κέκληκεν</span> <span class='ocrx_word' id='word_1_660' title='bbox 1557 4527 1768 4595; x_wconf 73' lang='grc' dir='ltr'>εἴδωλα,</span> 
     </span>
    </p>
   </div>
   <div class='ocr_carea' id='block_1_92' title="bbox 200 4617 1318 4691">
    <p class='ocr_par' dir='ltr' id='par_1_92' title="bbox 200 4617 1318 4691">
     <span class='ocr_line' id='line_1_92' title="bbox 200 4617 1318 4691; baseline 0.001 -21"><span class='ocrx_word' id='word_1_661' title='bbox 200 4617 504 4671; x_wconf 79' lang='grc' dir='ltr'>διαϐάλλων</span> <span class='ocrx_word' id='word_1_662' title='bbox 530 4620 596 4690; x_wconf 78' lang='grc' dir='ltr'>τῇ</span> <span class='ocrx_word' id='word_1_663' title='bbox 631 4635 689 4670; x_wconf 87' lang='grc' dir='ltr'><strong>τε</strong></span> <span class='ocrx_word' id='word_1_664' title='bbox 720 4617 820 4691; x_wconf 86' lang='grc' dir='ltr'>ὓλῃ</span> <span class='ocrx_word' id='word_1_665' title='bbox 851 4620 941 4672; x_wconf 74' lang='grc' dir='ltr'>καὶ</span> <span class='ocrx_word' id='word_1_666' title='bbox 968 4621 1034 4690; x_wconf 80' lang='grc' dir='ltr'>τῇ</span> <span class='ocrx_word' id='word_1_667' title='bbox 1069 4618 1318 4689; x_wconf 77' lang='grc' dir='ltr'>ἐργασίᾳ.</span> 
     </span>
    </p>
   </div>
   <div class='ocr_carea' id='block_1_93' title="bbox 717 4708 1286 4776">
    <p class='ocr_par' dir='ltr' id='par_1_93' title="bbox 717 4708 1286 4776">
     <span class='ocr_line' id='line_1_93' title="bbox 717 4708 1286 4776; baseline -0.004 -12"><span class='ocrx_word' id='word_1_668' title='bbox 717 4708 1084 4776; x_wconf 65' lang='grc' dir='ltr'><strong>Ἁληὶηλούτα.</strong></span> <span class='ocrx_word' id='word_1_669' title='bbox 1111 4711 1286 4764; x_wconf 84' lang='grc' dir='ltr'><strong>ΡΛΕ’.</strong></span> 
     </span>
    </p>
   </div>
   <div class='ocr_carea' id='block_1_94' title="bbox 281 4800 1771 4872">
    <p class='ocr_par' dir='ltr' id='par_1_94' title="bbox 281 4800 1771 4872">
     <span class='ocr_line' id='line_1_94' title="bbox 281 4800 1771 4872; baseline 0.001 -18"><span class='ocrx_word' id='word_1_670' title='bbox 281 4800 771 4870; x_wconf 59' lang='grc' dir='ltr'>Ἐξομολογεῶθε</span> <span class='ocrx_word' id='word_1_671' title='bbox 813 4800 891 4866; x_wconf 85' lang='grc' dir='ltr'>τῷ</span> <span class='ocrx_word' id='word_1_672' title='bbox 913 4802 1107 4868; x_wconf 80' lang='grc' dir='ltr'>Κυρίῳ</span> <span class='ocrx_word' id='word_1_673' title='bbox 1145 4802 1232 4855; x_wconf 88' lang='grc' dir='ltr'>ὅτι</span> <span class='ocrx_word' id='word_1_674' title='bbox 1266 4802 1508 4872; x_wconf 74' lang='grc' dir='ltr'>ἀγαθὸς,</span> <span class='ocrx_word' id='word_1_675' title='bbox 1552 4800 1642 4854; x_wconf 82' lang='grc' dir='ltr'>ὅτι</span> <span class='ocrx_word' id='word_1_676' title='bbox 1683 4802 1771 4869; x_wconf 85' lang='grc' dir='ltr'><strong>εὶς</strong></span> 
     </span>
    </p>
   </div>
   <div class='ocr_carea' id='block_1_95' title="bbox 198 4889 1042 4956">
    <p class='ocr_par' dir='ltr' id='par_1_95' title="bbox 198 4889 1042 4956">
     <span class='ocr_line' id='line_1_95' title="bbox 198 4889 1042 4956; baseline 0 -12"><span class='ocrx_word' id='word_1_677' title='bbox 198 4891 308 4945; x_wconf 81' lang='grc' dir='ltr'><strong>τὸν</strong></span> <span class='ocrx_word' id='word_1_678' title='bbox 335 4889 521 4944; x_wconf 65' lang='grc' dir='ltr'><em>αἰῶνα</em></span> <span class='ocrx_word' id='word_1_679' title='bbox 552 4891 619 4943; x_wconf 87' lang='grc' dir='ltr'>τὸ</span> <span class='ocrx_word' id='word_1_680' title='bbox 637 4891 808 4956; x_wconf 76' lang='grc' dir='ltr'>ἕλεος</span> <span class='ocrx_word' id='word_1_681' title='bbox 837 4889 1042 4944; x_wconf 86' lang='grc' dir='ltr'>αὐτοῦ.</span> 
     </span>
    </p>
   </div>
   <div class='ocr_carea' id='block_1_96' title="bbox 274 4981 1768 5053">
    <p class='ocr_par' dir='ltr' id='par_1_96' title="bbox 274 4981 1768 5053">
     <span class='ocr_line' id='line_1_96' title="bbox 274 4981 1768 5053; baseline 0.003 -17"><span class='ocrx_word' id='word_1_682' title='bbox 274 4981 360 5047; x_wconf 84' lang='grc' dir='ltr'><strong>Τῷ</strong></span> <span class='ocrx_word' id='word_1_683' title='bbox 387 4982 798 5036; x_wconf 74' lang='grc' dir='ltr'>καταδιελόντι</span> <span class='ocrx_word' id='word_1_684' title='bbox 827 4981 944 5050; x_wconf 78' lang='grc' dir='ltr'><strong>τὴν</strong></span> <span class='ocrx_word' id='word_1_685' title='bbox 991 4983 1270 5053; x_wconf 84' lang='grc' dir='ltr'>Ἐρυθρὰν</span> <span class='ocrx_word' id='word_1_686' title='bbox 1315 4983 1636 5040; x_wconf 78' lang='grc' dir='ltr'><em>θάλασσαν</em></span> <span class='ocrx_word' id='word_1_687' title='bbox 1681 4988 1768 5052; x_wconf 72' lang='grc' dir='ltr'><strong>εἰς</strong></span> 
     </span>
    </p>
   </div>
   <div class='ocr_carea' id='block_1_97' title="bbox 197 5072 1772 5148">
    <p class='ocr_par' dir='ltr' id='par_1_97' title="bbox 197 5072 1772 5148">
     <span class='ocr_line' id='line_1_97' title="bbox 197 5072 1772 5148; baseline 0.002 -21"><span class='ocrx_word' id='word_1_688' title='bbox 197 5072 536 5142; x_wconf 75' lang='grc' dir='ltr'>διαιρέσεις.</span> <span class='ocrx_word' id='word_1_689' title='bbox 569 5073 742 5142; x_wconf 85' lang='grc' dir='ltr'>Λόγος</span> <span class='ocrx_word' id='word_1_690' title='bbox 777 5074 1002 5145; x_wconf 82' lang='grc' dir='ltr'><strong>ἀρχαῖός</strong></span> <span class='ocrx_word' id='word_1_691' title='bbox 1039 5091 1202 5146; x_wconf 86' lang='grc' dir='ltr'>φησιν</span> <span class='ocrx_word' id='word_1_692' title='bbox 1263 5079 1342 5141; x_wconf 76' lang='grc' dir='ltr'>εἰς</span> <span class='ocrx_word' id='word_1_693' title='bbox 1378 5076 1584 5131; x_wconf 82' lang='grc' dir='ltr'>δώδεκα</span> <span class='ocrx_word' id='word_1_694' title='bbox 1629 5079 1772 5148; x_wconf 86' lang='grc' dir='ltr'>τμή-</span> 
     </span>
    </p>
   </div>
   <div class='ocr_carea' id='block_1_98' title="bbox 203 5164 1768 5241">
    <p class='ocr_par' dir='ltr' id='par_1_98' title="bbox 203 5164 1768 5241">
     <span class='ocr_line' id='line_1_98' title="bbox 203 5164 1768 5241; baseline 0.004 -25"><span class='ocrx_word' id='word_1_695' title='bbox 203 5181 349 5234; x_wconf 76' lang='grc' dir='ltr'>ματα</span> <span class='ocrx_word' id='word_1_696' title='bbox 377 5164 738 5234; x_wconf 80' lang='grc' dir='ltr'>διαιρεθεῖσαν</span> <span class='ocrx_word' id='word_1_697' title='bbox 760 5165 860 5237; x_wconf 81' lang='grc' dir='ltr'>τὴν</span> <span class='ocrx_word' id='word_1_698' title='bbox 886 5165 1181 5234; x_wconf 73' lang='grc' dir='ltr'>θάλασσαν,</span> <span class='ocrx_word' id='word_1_699' title='bbox 1213 5168 1419 5241; x_wconf 78' lang='grc' dir='ltr'>ἑκάστῃ</span> <span class='ocrx_word' id='word_1_700' title='bbox 1461 5168 1600 5240; x_wconf 80' lang='grc' dir='ltr'>φυλῇ</span> <span class='ocrx_word' id='word_1_701' title='bbox 1639 5168 1768 5240; x_wconf 82' lang='grc' dir='ltr'>μίαν</span> 
     </span>
    </p>
   </div>
   <div class='ocr_carea' id='block_1_99' title="bbox 197 5255 650 5310">
    <p class='ocr_par' dir='ltr' id='par_1_99' title="bbox 197 5255 650 5310">
     <span class='ocr_line' id='line_1_99' title="bbox 197 5255 650 5310; baseline -0.002 0"><span class='ocrx_word' id='word_1_702' title='bbox 197 5256 488 5310; x_wconf 75' lang='grc' dir='ltr'>ἀποδοῦναι</span> <span class='ocrx_word' id='word_1_703' title='bbox 512 5255 650 5309; x_wconf 81' lang='grc' dir='ltr'>ὁδόν.</span> 
     </span>
    </p>
   </div>
   <div class='ocr_carea' id='block_1_100' title="bbox 280 5346 1767 5423">
    <p class='ocr_par' dir='ltr' id='par_1_100' title="bbox 280 5346 1767 5423">
     <span class='ocr_line' id='line_1_100' title="bbox 280 5346 1767 5423; baseline 0.007 -23"><span class='ocrx_word' id='word_1_704' title='bbox 280 5347 363 5412; x_wconf 77' lang='grc' dir='ltr'><strong>Τῷ</strong></span> <span class='ocrx_word' id='word_1_705' title='bbox 392 5346 732 5417; x_wconf 80' lang='grc' dir='ltr'>διαγαγόντι</span> <span class='ocrx_word' id='word_1_706' title='bbox 762 5348 868 5403; x_wconf 82' lang='grc' dir='ltr'><strong>τὸν</strong></span> <span class='ocrx_word' id='word_1_707' title='bbox 912 5350 1068 5404; x_wconf 69' lang='grc' dir='ltr'><em>λαὸν</em></span> <span class='ocrx_word' id='word_1_708' title='bbox 1094 5352 1283 5409; x_wconf 81' lang='grc' dir='ltr'>αὑτοῦ</span> <span class='ocrx_word' id='word_1_709' title='bbox 1323 5352 1393 5406; x_wconf 86' lang='grc' dir='ltr'><em>ἐν</em></span> <span class='ocrx_word' id='word_1_710' title='bbox 1442 5351 1518 5422; x_wconf 78' lang='grc' dir='ltr'>τῇ</span> <span class='ocrx_word' id='word_1_711' title='bbox 1549 5353 1767 5423; x_wconf 81' lang='grc' dir='ltr'><strong>ἐρήμῳ.</strong></span> 
     </span>
    </p>
   </div>
   <div class='ocr_carea' id='block_1_101' title="bbox 199 5437 1763 5518">
    <p class='ocr_par' dir='ltr' id='par_1_101' title="bbox 199 5437 1763 5518">
     <span class='ocr_line' id='line_1_101' title="bbox 199 5437 1763 5518; baseline 0.006 -28"><span class='ocrx_word' id='word_1_712' title='bbox 199 5437 315 5491; x_wconf 74' lang='grc' dir='ltr'>θῦκ</span> <span class='ocrx_word' id='word_1_713' title='bbox 359 5437 581 5492; x_wconf 74' lang='grc' dir='ltr'>ἔλαττον</span> <span class='ocrx_word' id='word_1_714' title='bbox 621 5438 719 5509; x_wconf 82' lang='grc' dir='ltr'>τῆς</span> <span class='ocrx_word' id='word_1_715' title='bbox 764 5438 1038 5513; x_wconf 80' lang='grc' dir='ltr'>θαλάσσης</span> <span class='ocrx_word' id='word_1_716' title='bbox 1083 5441 1183 5512; x_wconf 82' lang='grc' dir='ltr'>τῆς</span> <span class='ocrx_word' id='word_1_717' title='bbox 1212 5443 1417 5514; x_wconf 75' lang='grc' dir='ltr'>ἐρήμου</span> <span class='ocrx_word' id='word_1_718' title='bbox 1447 5444 1506 5498; x_wconf 83' lang='grc' dir='ltr'><strong>τὸ</strong></span> <span class='ocrx_word' id='word_1_719' title='bbox 1561 5444 1763 5518; x_wconf 82' lang='grc' dir='ltr'>θαῦμα.</span> 
     </span>
    </p>
   </div>
   <div class='ocr_carea' id='block_1_102' title="bbox 264 5589 681 5659">
    <p class='ocr_par' dir='ltr' id='par_1_102' title="bbox 264 5589 681 5659">
     <span class='ocr_line' id='line_1_102' title="bbox 264 5589 681 5659; baseline 0.005 -12"><span class='ocrx_word' id='word_1_720' title='bbox 264 5589 313 5627; x_wconf 75' lang='grc'><strong>⁸⁸</strong></span> <span class='ocrx_word' id='word_1_721' title='bbox 336 5590 491 5649; x_wconf 80' lang='lat' dir='ltr'><strong>Joan.</strong></span> <span class='ocrx_word' id='word_1_722' title='bbox 535 5609 616 5659; x_wconf 82' lang='grc' dir='ltr'>ιιι,</span> <span class='ocrx_word' id='word_1_723' title='bbox 647 5594 681 5649; x_wconf 93' lang='lat'><strong>8</strong></span> 
     </span>
    </p>
   </div>
   <div class='ocr_carea' id='block_1_103' title="bbox 1871 4431 3438 4500">
    <p class='ocr_par' dir='ltr' id='par_1_103' title="bbox 1871 4431 3438 4500">
     <span class='ocr_line' id='line_1_103' title="bbox 1871 4431 3438 4500; baseline 0.002 -16"><span class='ocrx_word' id='word_1_724' title='bbox 1871 4438 2053 4484; x_wconf 87' lang='lat' dir='ltr'><strong>autem</strong></span> <span class='ocrx_word' id='word_1_725' title='bbox 2081 4431 2335 4500; x_wconf 89' lang='lat' dir='ltr'><strong>superius</strong></span> <span class='ocrx_word' id='word_1_726' title='bbox 2363 4445 2430 4484; x_wconf 79' lang='lat' dir='ltr'><strong>ex</strong></span> <span class='ocrx_word' id='word_1_727' title='bbox 2459 4431 2855 4486; x_wconf 89' lang='lat' dir='ltr'><strong>consuetudine</strong></span> <span class='ocrx_word' id='word_1_728' title='bbox 2881 4432 3011 4486; x_wconf 90' lang='lat' dir='ltr'><strong>deos</strong></span> <span class='ocrx_word' id='word_1_729' title='bbox 3037 4432 3266 4496; x_wconf 82' lang='lat' dir='ltr'><strong>vocavit,</strong></span> <span class='ocrx_word' id='word_1_730' title='bbox 3293 4449 3438 4488; x_wconf 89' lang='lat' dir='ltr'><strong>nunc</strong></span> 
     </span>
    </p>
   </div>
   <div class='ocr_carea' id='block_1_104' title="bbox 1872 4517 3438 4594">
    <p class='ocr_par' dir='ltr' id='par_1_104' title="bbox 1872 4517 3438 4594">
     <span class='ocr_line' id='line_1_104' title="bbox 1872 4517 3438 4594; baseline 0.004 -21"><span class='ocrx_word' id='word_1_731' title='bbox 1872 4517 2155 4575; x_wconf 86' lang='lat' dir='ltr'><strong>confundit</strong></span> <span class='ocrx_word' id='word_1_732' title='bbox 2191 4527 2246 4575; x_wconf 90' lang='lat' dir='ltr'><strong>et</strong></span> <span class='ocrx_word' id='word_1_733' title='bbox 2289 4530 2444 4576; x_wconf 89' lang='lat' dir='ltr'><strong>vocat</strong></span> <span class='ocrx_word' id='word_1_734' title='bbox 2482 4519 2644 4587; x_wconf 90' lang='lat' dir='ltr'><strong>idola,</strong></span> <span class='ocrx_word' id='word_1_735' title='bbox 2682 4534 2738 4577; x_wconf 93' lang='lat' dir='ltr'><strong>et</strong></span> <span class='ocrx_word' id='word_1_736' title='bbox 2782 4521 3020 4578; x_wconf 63' lang='lat' dir='ltr'><strong>materia</strong></span> <span class='ocrx_word' id='word_1_737' title='bbox 3057 4534 3312 4594; x_wconf 71' lang='lat' dir='ltr'><strong>etoperae</strong></span> <span class='ocrx_word' id='word_1_738' title='bbox 3342 4539 3438 4579; x_wconf 81' lang='lat' dir='ltr'><strong>ex-</strong></span> 
     </span>
    </p>
   </div>
   <div class='ocr_carea' id='block_1_105' title="bbox 1872 4611 2153 4680">
    <p class='ocr_par' dir='ltr' id='par_1_105' title="bbox 1872 4611 2153 4680">
     <span class='ocr_line' id='line_1_105' title="bbox 1872 4611 2153 4680; baseline 0.004 -15"><span class='ocrx_word' id='word_1_739' title='bbox 1872 4611 2153 4680; x_wconf 86' lang='lat' dir='ltr'><strong>probrans.</strong></span> 
     </span>
    </p>
   </div>
   <div class='ocr_carea' id='block_1_106' title="bbox 2364 4702 2926 4762">
    <p class='ocr_par' dir='ltr' id='par_1_106' title="bbox 2364 4702 2926 4762">
     <span class='ocr_line' id='line_1_106' title="bbox 2364 4702 2926 4762; baseline 0.009 -6"><span class='ocrx_word' id='word_1_740' title='bbox 2364 4702 2614 4759; x_wconf 81' lang='lat' dir='ltr'><strong>Alleluia.</strong></span> <span class='ocrx_word' id='word_1_741' title='bbox 2648 4703 2851 4759; x_wconf 81' lang='lat' dir='ltr'><em>CXXX</em></span> <span class='ocrx_word' id='word_1_742' title='bbox 2867 4704 2926 4762; x_wconf 87' lang='lat' dir='ltr'><strong>V.</strong></span> 
     </span>
    </p>
   </div>
   <div class='ocr_carea' id='block_1_107' title="bbox 1944 4790 3434 4870">
    <p class='ocr_par' dir='ltr' id='par_1_107' title="bbox 1944 4790 3434 4870">
     <span class='ocr_line' id='line_1_107' title="bbox 1944 4790 3434 4870; baseline 0.005 -25"><span class='ocrx_word' id='word_1_743' title='bbox 1944 4793 1992 4845; x_wconf 75' lang='lat' dir='ltr'><strong>l.</strong></span> <span class='ocrx_word' id='word_1_744' title='bbox 2029 4790 2364 4863; x_wconf 81' lang='lat' dir='ltr'><strong>Conﬁlemini</strong></span> <span class='ocrx_word' id='word_1_745' title='bbox 2409 4795 2632 4850; x_wconf 83' lang='lat' dir='ltr'><strong>Domino</strong></span> <span class='ocrx_word' id='word_1_746' title='bbox 2675 4800 2923 4869; x_wconf 86' lang='lat' dir='ltr'><strong>quoniam</strong></span> <span class='ocrx_word' id='word_1_747' title='bbox 2975 4799 3161 4865; x_wconf 84' lang='lat' dir='ltr'><strong>bonus,</strong></span> <span class='ocrx_word' id='word_1_748' title='bbox 3186 4817 3434 4870; x_wconf 72' lang='lat' dir='ltr'><strong>quoniam</strong></span> 
     </span>
    </p>
   </div>
   <div class='ocr_carea' id='block_1_108' title="bbox 1871 4884 2754 4960">
    <p class='ocr_par' dir='ltr' id='par_1_108' title="bbox 1871 4884 2754 4960">
     <span class='ocr_line' id='line_1_108' title="bbox 1871 4884 2754 4960; baseline 0.008 -23"><span class='ocrx_word' id='word_1_749' title='bbox 1871 4884 1928 4937; x_wconf 87' lang='lat' dir='ltr'><strong>in</strong></span> <span class='ocrx_word' id='word_1_750' title='bbox 1952 4886 2202 4939; x_wconf 69' lang='lat' dir='ltr'><strong>sarculum</strong></span> <span class='ocrx_word' id='word_1_751' title='bbox 2234 4888 2593 4943; x_wconf 84' lang='lat' dir='ltr'><strong>misericordia</strong></span> <span class='ocrx_word' id='word_1_752' title='bbox 2619 4891 2754 4960; x_wconf 87' lang='lat' dir='ltr'><strong>ejus.</strong></span> 
     </span>
    </p>
   </div>
   <div class='ocr_carea' id='block_1_109' title="bbox 1945 4977 3436 5042">
    <p class='ocr_par' dir='ltr' id='par_1_109' title="bbox 1945 4977 3436 5042">
     <span class='ocr_line' id='line_1_109' title="bbox 1945 4977 3436 5042; baseline 0.004 -12"><span class='ocrx_word' id='word_1_753' title='bbox 1945 4979 2028 5031; x_wconf 81' lang='grc'><strong>15.</strong></span> <span class='ocrx_word' id='word_1_754' title='bbox 2059 4977 2164 5042; x_wconf 87' lang='lat' dir='ltr'><strong>Qui</strong></span> <span class='ocrx_word' id='word_1_755' title='bbox 2211 4979 2388 5033; x_wconf 85' lang='lat' dir='ltr'><strong>divisit</strong></span> <span class='ocrx_word' id='word_1_756' title='bbox 2419 4997 2562 5035; x_wconf 87' lang='lat' dir='ltr'><strong>mare</strong></span> <span class='ocrx_word' id='word_1_757' title='bbox 2587 4980 2822 5036; x_wconf 81' lang='lat' dir='ltr'><strong>Rubrum</strong></span> <span class='ocrx_word' id='word_1_758' title='bbox 2858 4984 2912 5036; x_wconf 88' lang='lat' dir='ltr'><strong>in</strong></span> <span class='ocrx_word' id='word_1_759' title='bbox 2948 4984 3248 5037; x_wconf 78' lang='lat' dir='ltr'><strong>divisiones.</strong></span> <span class='ocrx_word' id='word_1_760' title='bbox 3280 4981 3436 5036; x_wconf 85' lang='lat' dir='ltr'><strong>Anti-</strong></span> 
     </span>
    </p>
   </div>
   <div class='ocr_carea' id='block_1_110' title="bbox 1872 5069 3432 5136">
    <p class='ocr_par' dir='ltr' id='par_1_110' title="bbox 1872 5069 3432 5136">
     <span class='ocr_line' id='line_1_110' title="bbox 1872 5069 3432 5136; baseline 0.005 -15"><span class='ocrx_word' id='word_1_761' title='bbox 1872 5083 1982 5136; x_wconf 89' lang='lat' dir='ltr'><strong>quo</strong></span> <span class='ocrx_word' id='word_1_762' title='bbox 2010 5083 2263 5125; x_wconf 85' lang='lat' dir='ltr'><strong>sermone</strong></span> <span class='ocrx_word' id='word_1_763' title='bbox 2292 5069 2464 5127; x_wconf 81' lang='lat' dir='ltr'><strong>fertur</strong></span> <span class='ocrx_word' id='word_1_764' title='bbox 2489 5079 2544 5127; x_wconf 86' lang='lat' dir='ltr'><strong>in</strong></span> <span class='ocrx_word' id='word_1_765' title='bbox 2575 5074 2858 5128; x_wconf 80' lang='lat' dir='ltr'><strong>duodecim</strong></span> <span class='ocrx_word' id='word_1_766' title='bbox 2905 5074 3172 5130; x_wconf 86' lang='lat' dir='ltr'><strong>sectiones</strong></span> <span class='ocrx_word' id='word_1_767' title='bbox 3199 5073 3432 5129; x_wconf 82' lang='lat' dir='ltr'><strong>divisum</strong></span> 
     </span>
    </p>
   </div>
   <div class='ocr_carea' id='block_1_111' title="bbox 1873 5159 3434 5236">
    <p class='ocr_par' dir='ltr' id='par_1_111' title="bbox 1873 5159 3434 5236">
     <span class='ocr_line' id='line_1_111' title="bbox 1873 5159 3434 5236; baseline 0.004 -25"><span class='ocrx_word' id='word_1_768' title='bbox 1873 5159 2044 5214; x_wconf 83' lang='lat' dir='ltr'><strong>fuisse</strong></span> <span class='ocrx_word' id='word_1_769' title='bbox 2093 5175 2262 5236; x_wconf 83' lang='lat' dir='ltr'><strong>mare,</strong></span> <span class='ocrx_word' id='word_1_770' title='bbox 2296 5171 2355 5216; x_wconf 88' lang='lat' dir='ltr'><strong>ut</strong></span> <span class='ocrx_word' id='word_1_771' title='bbox 2403 5163 2631 5232; x_wconf 76' lang='lat' dir='ltr'><strong>singulis</strong></span> <span class='ocrx_word' id='word_1_772' title='bbox 2681 5165 2929 5220; x_wconf 91' lang='lat' dir='ltr'><strong>tribubus</strong></span> <span class='ocrx_word' id='word_1_773' title='bbox 2959 5164 3185 5236; x_wconf 73' lang='lat' dir='ltr'><strong>singulae</strong></span> <span class='ocrx_word' id='word_1_774' title='bbox 3211 5164 3311 5218; x_wconf 71' lang='lat' dir='ltr'><strong>vim</strong></span> <span class='ocrx_word' id='word_1_775' title='bbox 3337 5165 3434 5220; x_wconf 86' lang='lat' dir='ltr'><strong>da-</strong></span> 
     </span>
    </p>
   </div>
   <div class='ocr_carea' id='block_1_112' title="bbox 1874 5232 2112 5305">
    <p class='ocr_par' dir='ltr' id='par_1_112' title="bbox 1874 5232 2112 5305">
     <span class='ocr_line' id='line_1_112' title="bbox 1874 5232 2112 5305; baseline -0.013 0"><span class='ocrx_word' id='word_1_776' title='bbox 1874 5259 2078 5305; x_wconf 87' lang='lat' dir='ltr'><strong>rentur.</strong></span> <span class='ocrx_word' id='word_1_777' title='bbox 2102 5232 2112 5237; x_wconf 40' lang='lat'><strong>-</strong></span> 
     </span>
    </p>
   </div>
   <div class='ocr_carea' id='block_1_113' title="bbox 1941 5342 3428 5417">
    <p class='ocr_par' dir='ltr' id='par_1_113' title="bbox 1941 5342 3428 5417">
     <span class='ocr_line' id='line_1_113' title="bbox 1941 5342 3428 5417; baseline 0.005 -22"><span class='ocrx_word' id='word_1_778' title='bbox 1941 5342 2026 5397; x_wconf 83' lang='grc'><strong>16.</strong></span> <span class='ocrx_word' id='word_1_779' title='bbox 2056 5342 2159 5407; x_wconf 87' lang='lat' dir='ltr'><strong>Qui</strong></span> <span class='ocrx_word' id='word_1_780' title='bbox 2181 5344 2420 5397; x_wconf 75' lang='lat' dir='ltr'><strong>traduxit</strong></span> <span class='ocrx_word' id='word_1_781' title='bbox 2443 5347 2690 5414; x_wconf 83' lang='lat' dir='ltr'><strong>populum</strong></span> <span class='ocrx_word' id='word_1_782' title='bbox 2715 5362 2866 5400; x_wconf 87' lang='lat' dir='ltr'><strong>suum</strong></span> <span class='ocrx_word' id='word_1_783' title='bbox 2891 5364 2980 5417; x_wconf 91' lang='lat' dir='ltr'><strong>per</strong></span> <span class='ocrx_word' id='word_1_784' title='bbox 3003 5348 3282 5403; x_wconf 86' lang='lat' dir='ltr'><strong>desertum.</strong></span> <span class='ocrx_word' id='word_1_785' title='bbox 3313 5346 3428 5402; x_wconf 85' lang='lat' dir='ltr'><strong>Non</strong></span> 
     </span>
    </p>
   </div>
   <div class='ocr_carea' id='block_1_114' title="bbox 1872 5422 3429 5509">
    <p class='ocr_par' dir='ltr' id='par_1_114' title="bbox 1872 5422 3429 5509">
     <span class='ocr_line' id='line_1_114' title="bbox 1872 5422 3429 5509; baseline 0.004 -23"><span class='ocrx_word' id='word_1_786' title='bbox 1872 5432 2054 5489; x_wconf 90' lang='lat' dir='ltr'><strong>minus</strong></span> <span class='ocrx_word' id='word_1_787' title='bbox 2090 5434 2412 5490; x_wconf 89' lang='lat' dir='ltr'><strong>miraculum</strong></span> <span class='ocrx_word' id='word_1_788' title='bbox 2447 5436 2500 5490; x_wconf 92' lang='lat' dir='ltr'><strong>in</strong></span> <span class='ocrx_word' id='word_1_789' title='bbox 2529 5437 2742 5492; x_wconf 85' lang='lat' dir='ltr'><strong>deserto</strong></span> <span class='ocrx_word' id='word_1_790' title='bbox 2771 5453 2932 5509; x_wconf 88' lang='lat' dir='ltr'><strong>quam</strong></span> <span class='ocrx_word' id='word_1_791' title='bbox 2968 5439 3022 5494; x_wconf 93' lang='lat' dir='ltr'><strong>in</strong></span> <span class='ocrx_word' id='word_1_792' title='bbox 3054 5422 3187 5494; x_wconf 85' lang='lat' dir='ltr'><strong>mari</strong></span> <span class='ocrx_word' id='word_1_793' title='bbox 3223 5438 3429 5493; x_wconf 80' lang='lat' dir='ltr'><strong>editum</strong></span> 
     </span>
    </p>
   </div>
  </div>
