3760 6270
334 241 437 299 527
1173 236 1229 290 S.
1271 233 1638 289 ATHANASH
1671 235 1820 290 OPP.
1864 233 2042 290 PARS
2077 235 2163 290 lll.
2202 267 2271 276 —
2309 235 2717 293 EXEGETICA.
3451 238 3580 297 528

333 365 435 407 est.
469 351 632 406 Multa
674 351 870 422 quippe
914 360 1066 404 erant
1096 366 1216 420 qua:
1253 361 1484 406 mortem
1522 351 1887 418 minabantur,

2063 352 2168 406 ιλλά
2197 352 2305 424 γὰρ
2334 356 2403 407 τὰ
2436 353 2660 408 θάνατον
2693 351 3014 406 ἀπειλοῦντα
3035 393 3049 417 ,
3095 353 3266 423 λιμὸς,
3321 354 3576 426 αὐχμὸς.

336 445 724 509 fames,a:stns,
749 443 886 506 sitis,
907 441 1136 495 ferarum
1162 441 1468 506 multitudo,
1488 443 1895 496 commodorum

2063 443 2142 513 ξια,
2177 444 2376 514 πλῆθος
2427 444 2661 517 θηρίων,
2699 445 2949 497 ἁπάντων
2985 444 3304 514 ἐπιτηδείων
3351 448 3384 517 ὴ
3428 449 3576 518 ἐρη-

336 534 580 588 umnium
655 533 970 602 indigentia.
1016 531 1092 586 Illi
1144 549 1271 589 vero
1316 535 1530 588 nemine
1577 533 1898 604 perterrefa-

336 629 510 682 cionte
562 628 662 680 iter
710 626 958 696 agebant.
1005 625 1081 680 Ex
1128 627 1340 681 duobus
1377 636 1556 680 autem
1583 625 1896 681 fortissimis

338 721 586 790 regibus,
615 719 706 788 qui
742 719 808 772 de
852 719 1044 773 robore
1091 728 1143 773 et
1175 719 1546 789 magnitudine
1583 719 1893 787 gloriaban-

337 821 444 875 tur,
465 809 708 864 liberavit
736 824 848 864 eos.
875 808 952 862 Ex
976 810 1172 878 quibus
1193 808 1271 879 0g
1297 824 1488 864 novem
1521 809 1894 879 longitudinis,

337 904 576 972 quinque
601 901 902 956 latitudinis
933 902 1140 957 cubitus
1181 903 1436 967 habebat,
1467 913 1520 958 et
1555 903 1693 958 lecto
1720 902 1897 958 ferreo

341 993 608 1046 utebatur.

407 1084 491 1137 19.
515 1083 680 1138 δεΙιοη
699 1100 865 1154 regem
882 1082 1322 1150 Amorrhworum,
1339 1090 1443 1138 etc.
1462 1082 1578 1139 Non
1597 1084 1714 1140 sine
1733 1099 1896 1139 causa

337 1175 456 1228 aliis
485 1174 705 1229 omissis
751 1175 852 1228 hos
900 1176 1218 1228 memoravit
1257 1191 1428 1244 reges,
1463 1176 1556 1231 sed
1606 1185 1665 1230 ut
1699 1176 1896 1245 populo

337 1269 390 1320 in
415 1275 648 1321 mentem
667 1275 938 1320 revocaret
957 1265 1217 1321 divinitus
1235 1282 1551 1322 concessam
1584 1268 1892 1321 victoriam.

336 1357 470 1412 Nam
493 1360 558 1414 de
581 1358 776 1414 robore
805 1359 907 1429 ipsi
924 1367 977 1413 et
1005 1359 1248 1428 potentia
1275 1368 1327 1414 et
1355 1357 1603 1430 corporis
1627 1359 1769 1413 mole
1790 1359 1898 1428 glo-

338 1452 633 1505 riahantur.

403 1542 492 1596 23.
526 1540 664 1606 Quia
707 1541 762 1594 in
797 1541 1094 1595 humilitate
1126 1551 1306 1594 nostra
1352 1557 1550 1594 memor
1595 1541 1694 1610 fuit
1732 1541 1897 1594 nostri

340 1633 611 1686 Dominus.
640 1631 762 1688 Haec
790 1635 952 1688 verba
979 1654 991 1688 ε
1021 1633 1157 1698 Quia
1186 1635 1238 1686 in
1262 1634 1558 1687 humilitate
1583 1643 1765 1687 nostra
1791 1650 1898 1686 me-

338 1739 450 1776 mor
474 1723 574 1791 fuit
611 1725 775 1777 nostri
818 1725 1094 1789 Dominus,
1120 1725 1296 1793 aptius
1339 1723 1668 1776 conveniunt
1713 1723 1778 1776 iis
1806 1723 1896 1792 qui
1929 1703 1972 1757 Β

335 1833 365 1867 a
396 1813 660 1884 spirituali
709 1814 822 1870 sive
862 1815 1102 1870 sensibili
1145 1815 1454 1884 captivitate
1491 1813 1704 1867 liberati
1748 1823 1894 1868 sunt.

406 1999 590 2068 25,26.
615 1999 719 2066 Qui
742 2000 834 2054 dat
877 2017 1047 2055 escam
1070 2001 1211 2053 omni
1237 1999 1407 2055 carni.
1437 1997 1552 2053 Non
1585 1999 1730 2054 enim
1779 1999 1900 2068 pios

339 2105 545 2151 tantum
591 2095 855 2164 benignus
902 2093 1043 2148 Deus
1078 2101 1252 2158 curat,
1295 2091 1388 2146 sed
1421 2092 1583 2146 etiam
1625 2107 1801 2161 usque
1833 2092 1901 2147 ad

339 2189 498 2242 bruta
514 2185 933 2241 animantiazita
965 2193 1023 2239 ut
1047 2193 1429 2254 congruentem
1459 2184 1689 2254 singulis
1717 2185 1900 2237 cibum

338 2277 631 2346 dispenset,
661 2285 710 2330 et
747 2275 1136 2345 providentiam
1170 2290 1323 2328 suam
1374 2276 1632 2328 extendat
1675 2290 1705 2328 a
1735 2277 1902 2328 mira-

338 2368 538 2422 bilibus
573 2367 694 2422 coeli
739 2381 913 2436 usque
961 2366 1027 2420 ad
1074 2366 1338 2421 vilissima
1387 2375 1574 2431 terrm;
1618 2375 1671 2420 et
1704 2367 1902 2420 exhinc

340 2474 559 2514 rursum
605 2458 672 2512 ad
705 2474 876 2527 usque
924 2457 1119 2512 caelum
1165 2457 1526 2528 progreditur.
1563 2456 1742 2523 Quare
1782 2467 1904 2526 post

340 2550 502 2612 illud,
543 2550 684 2603 omni
729 2550 910 2614 carni,
959 2549 1143 2619 adjicit
1181 2567 1193 2600 :
1237 2549 1573 2618 Con/itemini
1612 2547 1716 2600 Deo
1764 2547 1900 2600 caeli.

338 2641 472 2696 Nam
509 2641 630 2696 licet
655 2641 900 2695 omnium
947 2641 1018 2695 sit
1048 2640 1248 2711 opifex,
1287 2656 1382 2710 per
1418 2641 1796 2694 excellentiam
1823 2647 1905 2692 ta-

340 2749 464 2788 men
492 2731 635 2788 Deus
667 2734 790 2788 cmli
816 2734 1035 2798 dicitur,
1063 2747 1249 2786 eorum
1281 2731 1372 2801 qui
1407 2731 1571 2785 isthic
1599 2730 1801 2799 degunt
1825 2727 1905 2781 fa-

341 2825 546 2879 mulatu
579 2825 778 2880 cultus.
811 2821 1092 2894 Siquidem
1126 2823 1280 2878 locus
1308 2822 1396 2878 ille
1422 2836 1452 2874 a
1481 2829 1704 2891 peccato
1733 2833 1905 2888 purus

340 2925 394 2971 et
420 2931 622 2972 vacuus
652 2925 756 2972 est.

462 3007 653 3063 Davidi
677 3024 767 3078 per
792 3005 1094 3061 Jeremiam.
1123 2999 1459 3056 PSALMUS
1485 3000 1685 3056 CXXX
1699 3000 1795 3055 VI.

411 3098 464 3153 1.
508 3097 676 3168 Super
703 3097 923 3166 ﬂumina
959 3093 1247 3163 Babylonis
1282 3093 1391 3146 illic
1416 3093 1644 3146 sedimus
1677 3103 1722 3146 et
1757 3092 1906 3162 ﬂevi-

1999 537 2115 606 μία.
2146 536 2209 588 Οἱ
2233 535 2287 588 δὲ
2317 537 2544 606 μηδενὸς
2579 536 2867 606 σοϐοῦντος
2915 535 3179 599 ἐϐάδιζον.
3229 538 3321 590 Ἐκ
3365 539 3422 591 δὲ
3461 539 3576 591 δύο

1995 627 2230 681 δυνατῶν
2255 630 2348 682 καὶ
2382 627 2723 698 βασιλέων,οῖ
2744 628 2832 680 ἐπὶ
2866 626 3024 699 ῥώμῃ
3039 627 3131 680 καὶ
3151 627 3430 700 δυναστείᾳ
3463 629 3576 682 καὶ

2001 722 2214 792 μεγέθει
2238 721 2483 792 σώματος
2505 720 2876 790 ἐσεμνύνοντο,
2907 720 3173 792 ἐρρύσατο
3212 720 3422 784 αὐτούς.
3457 721 3579 790 Ὢγ

1998 813 2188 884 ’πηχῶν
2218 812 2352 883 ἔχων
2383 812 2536 865 ὲννέα
2569 811 2630 863 τὸ
2663 811 2854 880 μῆκος,
2887 810 2979 863 καὶ
3014 809 3174 862 πέντε
3209 810 3269 862 τὸ
3311 809 3513 873 πλάτος
3544 851 3573 876 ,

1997 907 2091 959 καὶ
2130 906 2350 977 σιδηρᾶν
2380 899 2492 974 εἶχε
2525 903 2622 974 τὴν
2653 903 2862 974 κλίνην.

2073 1088 2181 1142 Τόν
2201 1086 2370 1154 Σηὼν
2399 1084 2664 1152 βασιλέα
2684 1084 2802 1138 τῶν
2826 1085 3206 1153 Ἀμορῤαίων.
3235 1084 3345 1154 Οὐχ
3369 1082 3573 1147 ἁπλῶς

1995 1180 2050 1233 δὲ
2075 1182 2198 1244 τοὺς
2227 1179 2417 1243 ἄλλους
2442 1177 2793 1250 παραλείπων
2826 1176 3079 1246 βασιλέας
3122 1175 3323 1228 τούτων
3367 1176 3570 1245 διαφε-

2000 1269 2196 1340 ρόντως
2228 1269 2491 1341 ἐμνήσθη,
2535 1268 2669 1322 ἀλλά
2704 1268 2795 1320 τὸν
2829 1267 2955 1320 λαὸν
2995 1268 3092 1337 τῆς
3129 1267 3368 1319 θεοδότου
3402 1268 3576 1338 νίκης·

1997 1364 2444 1434 ἀναμιμνήσκων.
2493 1362 2615 1414 Ἐπὶ
2645 1360 2804 1433 ῥώμῃ
2835 1359 2943 1431 γὰρ
2967 1353 3110 1412 οὗτοι
3140 1359 3232 1412 καὶ
3272 1358 3578 1429 δυναστείᾳ

1998 1457 2092 1510 καὶ
2123 1454 2338 1525 μεγέθει
2366 1453 2614 1526 σώματος
2647 1451 3021 1523 ἐσεμνύνοντο.

2068 1548 2194 1600 "Ott
2221 1547 2290 1600 ἐν
2313 1546 2386 1614 τῇ
2410 1544 2758 1599 ταπεινώσει
2790 1541 2956 1612 ἡμῶν
2994 1539 3265 1610 ἐμνήσθη
3313 1539 3480 1609 ἡμῶν
3532 1543 3576 1593 ό

1998 1640 2227 1706 Κύριος.
2255 1638 2422 1690 Πλέον
2452 1638 2680 1708 ἁρμόσει
2707 1638 2734 1689 ό
2762 1635 2917 1703 λόγος
2951 1636 2979 1687 ὁ
3019 1634 3211 1702 λέγων,
3243 1633 3372 1686 ’Ὅτι
3395 1633 3463 1686 ἐν
3487 1631 3577 1700 τῇ

2000 1729 2348 1784 ταπεινώσει
2371 1728 2538 1796 ἡμῶν
2571 1727 2841 1796 ἐμνήσθη
2894 1725 3062 1794 ἡμῶν
3086 1729 3118 1779 ὁ
3165 1724 3401 1794 Κύριος,
3451 1726 3577 1786 τοῖς

1999 1823 2096 1892 τῆς
2117 1820 2312 1892 νοητῆς
2340 1818 2578 1883 δουλείας
2607 1817 3019 1885 ἀπαλλαγεῖσιν,
3065 1816 3204 1886 ἦτοι,
3245 1815 3343 1885 τῆς
3371 1813 3577 1884 αἰσθη-

1999 1929 2118 1982 της.

2081 2005 2135 2057 Ὁ
2168 2003 2369 2068 διδοὺς
2395 2001 2624 2071 τροφὴν
2657 1999 2824 2069 πάσῃ
2875 2001 3079 2069 σαρκί.
3133 1999 3206 2053 Οὐ
3259 1999 3366 2070 γάρ
3401 1999 3575 2070 μέχρι

1999 2096 2107 2149 τῶν
2137 2095 2500 2148 εὐσεϐούντων
2530 2095 2562 2165 ἡ
2588 2093 2681 2146 τοῦ
2715 2092 3093 2170 φιλανθρῴπου
3151 2092 3285 2145 Θεοῦ
3332 2093 3576 2163 κηδεμο-

2002 2189 2109 2250 νία.
2143 2187 2278 2242 ἀλλὰ
2311 2188 2401 2241 καὶ
2436 2188 2594 2258 μέχρι
2619 2169 2984 2254 τῶδάλόγων,
3025 2185 3100 2249 ὡς
3128 2185 3338 2254 ἑκάστῳ
3366 2185 3576 2239 κατάλ-

2002 2280 2160 2352 ληλον
2188 2279 2384 2334 διδόναι
2432 2279 2657 2350 τροφὴν,
2702 2276 3034 2330 ὲκτείνεσθαί
3079 2293 3139 2330 τε
3183 2278 3280 2347 τὴν
3310 2280 3577 2348 πρόνοιαν

2003 2370 2109 2424 ἀπὸ
2129 2368 2233 2422 τῶν
2261 2371 2379 2422 κατ’
2407 2367 2628 2438 οὐρανὸν
2677 2366 2968 2436 θαυμάτων
3003 2365 3162 2438 μέχρι
3193 2366 3300 2419 τῶν
3343 2367 3432 2418 ἐπὶ
3465 2367 3578 2438 γῆς

2005 2459 2377 2532 σμικροτάτων
2394 2475 2406 2488 ·
2440 2454 2687 2509 ἐντεῦθεν
2711 2456 2770 2508 δὲ
2795 2455 2955 2510 πάλιν
3001 2457 3184 2526 διῆκεν
3213 2459 3290 2520 εἰς
3315 2458 3571 2529 οὐρανόν.

2003 2552 2092 2604 Διὸ
2139 2549 2277 2620 μετά
2303 2549 2382 2612 τὸ,
2421 2547 2585 2616 πάσῃ
2628 2547 2827 2616 σαρκί,
2874 2550 3192 2619 ἐπενήνοχεν
3215 2567 3226 2578 ·
3259 2549 3579 2618 Ἐξομολο-

2003 2641 2202 2713 γεῖσθε
2231 2639 2310 2705 τῷ
2341 2638 2463 2704 θεῷ
2494 2638 2599 2692 τοῦ
2625 2639 2905 2706 οὐρανοῦ.
2938 2641 3047 2692 Καὶ
3072 2641 3287 2693 πάντων
3305 2639 3380 2692 ὢν
3409 2657 3580 2712 ποιησ-

2001 2734 2100 2805 τὴς
2131 2774 2146 2799 ,
2182 2730 2411 2804 ούρανοῦ
2437 2730 2556 2782 κατ’
2590 2729 2863 2801 ἐξαίρετον
2905 2731 3228 2802 χρηματίζει
3254 2731 3386 2794 Θεὸς
3413 2771 3428 2795 ,
3464 2732 3578 2784 ὑπὸ

2003 2828 2110 2880 τῶν
2139 2828 2254 2879 ἐκεῖ
2296 2823 2664 2894 διαιτωμένων
2694 2823 3147 2894 θεραπευόμενος.
3183 2823 3432 2895 Καθαρδν
3457 2823 3579 2894 γὰρ

2005 2920 2277 2993 ἁμαρτίας
2301 2918 2418 2972 ἐστὶ
2451 2916 2667 2987 χωρίον.

2152 3011 2234 3077 Τῷ
2249 3010 2426 3064 Δαυῒδ
2459 3009 2555 3064 διὰ
2570 3010 2868 3081 Ἰερεμίου.
2903 3010 3210 3062 ΨΑΛΜΟΣ
3235 3011 3424 3076 ΡΑςκ

2079 3102 2206 3155 Ἐπὶ
2223 3101 2342 3155 τῶν
2361 3099 2642 3170 ποταμῶν
2661 3099 3018 3164 Βαϐυλῶνος
3047 3097 3172 3152 ἐκεῖ
3203 3099 3579 3167 ἐκαθίσαμεν

343 3205 478 3244 mus.
534 3187 766 3243 Dueetur
813 3187 903 3241 hic
955 3185 1199 3238 futurum
1253 3192 1312 3237 ut
1363 3183 1400 3236 ii
1448 3182 1541 3252 qui
1576 3182 1761 3237 multis
1788 3191 1898 3252 pusl

2063 3196 2102 3248 si
2147 3196 2545 3264 ἐκλαύσαμεν.
2605 3193 2856 3247 Διδάσκει
2901 3193 2929 3244 ὁ
2981 3190 3136 3259 λόγος
3187 3192 3311 3254 τοὺς
3357 3192 3578 3256 πολλοῖς

345 3283 502 3334 annis
549 3281 602 3332 in
649 3277 918 3348 Babylone
961 3285 1181 3345 propter
1221 3274 1564 3344 iniquitatem
1611 3275 1906 3329 habitaturi

343 3381 518 3440 erant,
555 3370 744 3425 flerent
772 3378 821 3424 et
853 3369 998 3423 anxii
1039 3365 1243 3434 essent,
1275 3367 1554 3439 cupientes
1587 3368 1728 3422 bona
1755 3383 1906 3437 repe-

345 3475 454 3519 tere
481 3478 600 3518 sua.

411 3555 464 3610 5.
500 3552 561 3610 Si
591 3551 783 3607 oblitus
823 3552 967 3622 fuero
995 3552 1093 3618 tui,
1127 3550 1447 3618 Jerusalem,
1483 3551 1729 3605 oblivioni
1754 3550 1907 3604 detur

341 3649 558 3702 dextera
593 3663 726 3700 mea.
759 3645 995 3712 Scilicet,
1043 3660 1110 3699 ne
1157 3659 1453 3716 supernum
1487 3644 1748 3699 auxilium
1775 3659 1907 3699 con-

342 3755 558 3812 sequar.

411 3832 465 3887 6.
513 3831 792 3885 Adhazreat
841 3831 1022 3898 lingua
1063 3845 1178 3882 mea
1225 3827 1466 3897 faucibus
1499 3827 1662 3889 meis,
1704 3827 1750 3879 si
1802 3841 1907 3878 non

344 3923 624 3976 meminero
668 3921 767 3974 tui.
817 3919 948 3984 Qua:
993 3919 1137 3972 enim
1184 3918 1390 3971 utilitas
1435 3915 1783 3970 instrumenti
1837 3914 1904 3967 ad

343 4025 649 4066 sermonem
686 4007 938 4063 destinati
984 4007 1030 4061 si
1075 4005 1143 4060 ad
1186 4006 1420 4060 oﬂicium
1451 4020 1556 4058 non
1587 4003 1906 4057 moveatur?

342 4100 704 4170 Quamobrem
739 4099 882 4154 beati
923 4098 1023 4152 viri
1055 4114 1147 4167 per
1193 4107 1361 4150 totam
1406 4096 1565 4148 vitam
1596 4095 1661 4148 de
1692 4094 1905 4164 hymnis

341 4191 672 4246 celebrandis
698 4204 884 4246 curam
933 4187 1168 4242 habuere
1208 4186 1446 4240 dicentes
1478 4200 1491 4236 :
1527 4181 1766 4240 Cantabo
1798 4184 1906 4238 Do-

344 4285 482 4337 mino
503 4283 557 4336 in
588 4283 694 4335 vita
722 4298 838 4334 mea
858 4280 924 4336 ⁹².
952 4279 1081 4334 Erat
1108 4288 1286 4332 autem
1318 4277 1422 4332 illis
1445 4276 1743 4332 veneranda
1772 4277 1906 4331 civi-

2007 3287 2226 3361 ὓστερον
2251 3288 2458 3359 χρόνοις
2489 3287 2778 3358 ἐσομένους
2800 3287 2857 3338 ὲν
2888 3282 3164 3338 Βαϐυλῶνι
3199 3284 3286 3339 διὰ
3321 3286 3419 3354 τὴν
3445 3287 3576 3338 ἀνο-

2009 3376 2134 3445 μίαν
2162 3375 2384 3440 κλαίειν,
2437 3375 2744 3447 ἀδημονεῖν,
2791 3373 3177 3442 ἐπιζητοῦντας
3207 3374 3315 3427 τῶν
3353 3374 3578 3429 οἰκείων

2006 3465 2224 3534 ἀγαθῶν
2256 3467 2354 3538 τὴν
2379 3467 2668 3538 ἀπόληψιν.

2075 3557 2211 3611 Ἐὰν
2231 3558 2594 3628 ἐπιλάθωμαι
2626 3575 2762 3622 σου,
2789 3559 3191 3629 Ἰερουσαλὴμ,
3217 3559 3573 3626 ἐπιλησθείη

2003 3651 2042 3717 ἠ
2074 3648 2573 3719 δεξιάμου.Ἥτοι,
2601 3650 2674 3722 μὴ
2691 3650 2908 3723 τύχοιμι
2939 3651 3036 3722 τῆς
3067 3651 3269 3705 ἄνωθεν
3296 3650 3568 3722 βοηθείας.

2073 3828 2406 3896 Κολληθείη
2434 3828 2472 3894 ἠ
2499 3826 2746 3898 γλῶσσά
2767 3845 2887 3896 μου
2919 3825 2996 3891 τῷ
3019 3826 3273 3896 λάρυγγί
3299 3844 3436 3893 μου,
3461 3827 3578 3880 ἐὰν

1999 3917 2084 3987 μή
2137 3933 2254 3972 σου
2302 3915 2573 3988 μνησθῶ.
2610 3917 2674 3968 Τί
2720 3917 2828 3987 γὰρ
2874 3916 3064 3984 ὄφελος
3107 3916 3378 3989 ἐρρῶσθαι
3409 3915 3572 3984 λόγου

2003 4011 2265 4082 ὄργανον,
2299 4009 2431 4081 πρὸς
2474 4009 2533 4063 τὺ
2575 4009 2692 4062 δέον
2735 4010 2808 4080 μὴ
2837 4009 3190 4080 κρουόμενον;
3221 4007 3310 4060 Διὸ
3347 4010 3439 4061 καὶ
3469 4009 3574 4080 τὴν

2005 4101 2148 4171 ζωὴν
2181 4101 2391 4154 ἃπασαν
2413 4102 2461 4153 οἱ
2487 4102 2740 4172 μακάριοι
2767 4099 2956 4171 ἄνδρες
2984 4103 3050 4172 τῇ
3075 4101 3200 4170 περὶ
3221 4101 3343 4163 τοὺς
3370 4099 3573 4170 ὕμνους

2005 4195 2071 4248 ἂν
2111 4189 2250 4264 ἦσαν
2292 4193 2529 4264 φροντίδι
2572 4192 2839 4261 λέγοντες·
2875 4194 3036 4262 ’ᾼσω
3068 4191 3146 4256 τῷ
3178 4191 3370 4259 Κυρίῳ
3396 4191 3464 4244 ἐν
3492 4189 3572 4260 τῇ

2005 4282 2114 4351 ζ’ωῇ
2143 4301 2282 4352 μου.
2307 4280 2414 4337 Ἦν
2441 4283 2497 4336 δὲ
2532 4283 2564 4354 ἡ
2594 4282 2744 4346 πόλις
2776 4285 2957 4346 αὐτοῖς
2986 4283 3141 4354 τιμία
3169 4282 3258 4336 διὰ
3283 4283 3380 4352 τὴν
3414 4280 3573 4335 θείαν

338 4384 423 4430 tas
447 4374 517 4428 ob
541 4374 780 4428 divinum
807 4373 1034 4438 cultum,
1066 4382 1123 4426 ut
1149 4380 1272 4426 ante
1297 4371 1500 4426 dictum
1525 4379 1607 4427 est
1633 4390 1647 4425 :
1681 4370 1898 4442 Propter

2063 4376 2288 4446 ιτρείαν,
2331 4375 2407 4438 ὡς
2452 4375 2774 4446 προείρηται
2818 4375 2898 4436 τὸ.
2947 4376 3159 4428 ’Ἕνεκα
3199 4374 3416 4442 Κυρίου
3457 4375 3571 4429 τοῦ

337 4468 550 4520 domum
584 4465 796 4521 Domini
829 4466 926 4520 Dei
953 4465 1117 4519 nostri
1147 4465 1362 4535 qitwsivi
1389 4464 1521 4517 bona
1547 4463 1660 4517 tibi.

410 4557 470 4613 Si
499 4576 599 4611 non
634 4575 948 4628 proposuero
986 4556 1282 4612 Jerusalem
1329 4559 1382 4610 in
1413 4556 1673 4626 principio
1701 4555 1902 4610 ltetitite

343 4665 487 4704 mete.
523 4648 718 4714 Tuam,
750 4651 942 4720 inquit,
990 4651 1310 4706 memoriam
1357 4649 1505 4704 omni
1541 4649 1735 4703 laetitia:
1767 4663 1901 4717 prae-

340 4754 558 4808 ponam.
586 4740 663 4793 Ita
691 4740 832 4794 enim
860 4741 1122 4810 contingit
1153 4750 1210 4795 ut
1241 4741 1460 4809 reliquae
1492 4753 1681 4794 omnes
1708 4739 1902 4792 lzetitize

342 4833 495 4886 bona:
527 4832 652 4886 sint.
693 4829 953 4887 Dominus
1002 4832 1125 4885 item
1171 4846 1356 4886 sacros
1381 4831 1530 4885 cibos
1562 4839 1683 4884 ante
1711 4844 1901 4899 corpo-

340 4925 480 4980 rales
510 4923 737 4980 inducit.

407 5109 459 5160 7.
493 5107 697 5162 Memor
725 5119 855 5171 esto,
885 5105 1123 5171 Domine,
1147 5105 1380 5176 ﬁliorum
1423 5105 1613 5170 Edom,
1639 5116 1742 5161 etc.
1776 5104 1898 5160 Filii

338 5198 506 5254 Edom
533 5200 601 5254 ab
621 5199 763 5256 Esau
791 5200 1032 5262 Idumaei,
1059 5201 1150 5269 qui
1177 5209 1332 5268 capta
1360 5196 1680 5263 Jerusalem,
1707 5199 1898 5253 acerbe

337 5292 690 5354 insultabant,
739 5293 908 5348 donec
937 5307 1054 5346 eam
1084 5307 1114 5346 a
1155 5289 1523 5346 fundamentis
1549 5289 1783 5344 dirutam
1815 5289 1896 5344 vi-

336 5383 534 5437 derint.

408 5470 460 5525 8.
491 5469 631 5524 Filia
656 5471 937 5543 Babylonis
963 5477 1173 5533 misera.
1206 5475 1562 5550 Propheticus
1587 5485 1669 5534 est
1696 5491 1894 5544 sermo,

402 5625 448 5658 ”
474 5623 618 5680 Psal.
647 5642 763 5691 cm,
797 5629 886 5683 εδ.

2005 4467 2152 4522 Θεοῦ
2175 4467 2342 4536 ἡμῶν
2367 4464 2693 4534 ἐξεζήτησα
2721 4464 2911 4536 ἀγαθὰ
2943 4480 3062 4519 σοι.

2083 4559 2218 4612 Ἐὰν
2253 4558 2339 4626 μὴ
2382 4557 2873 4627 προανατάξωμαι
2911 4556 3025 4623 τὴν
3070 4555 3455 4624 Ἰερουσαλὴμ
3485 4556 3571 4623 ὠς

2000 4649 2070 4702 ἐν
2089 4648 2246 4718 ἀρχῇ
2276 4649 2386 4716 τῆς
2407 4650 2784 4718 εὐφροσύνης
2803 4664 2942 4717 μου.
2966 4648 3076 4718 Τὴν
3105 4647 3220 4719 σὴν,
3250 4649 3401 4719 φησὶ,
3433 4651 3569 4721 μνή-

2003 4759 2110 4812 μην
2140 4742 2320 4812 πάσης
2353 4742 2687 4813 εὒφροσύνης
2714 4739 2986 4811 προτάξω.
3032 4741 3264 4810 Ἀγαθάς
3294 4741 3400 4813 γὰρ
3424 4742 3568 4796 οὕτω

2000 4835 2094 4887 καί
2123 4833 2220 4896 τὰς
2242 4832 2432 4896 λοιπάς
2462 4835 2591 4904 ἡμῖν
2619 4832 2952 4902 εὐφροσύνας
2980 4832 3230 4902 γενέσθαι
3258 4833 3562 4904 συμϐαίνει.

2000 4923 2109 4977 Καὶ
2140 4925 2169 4976 ό
2196 4923 2398 4994 Κύριος
2428 4923 2485 4975 δὲ
2516 4922 2614 4986 τὰς
2643 4923 2793 4995 ίεράς
2824 4923 3030 4994 τροφὰς
3055 4924 3160 4996 πρὸ
3189 4925 3296 4978 τῶν
3322 4941 3563 4995 σωματι-

2001 5014 2111 5067 κῶν
2135 5016 2448 5084 εἰσηγεῖται.

2069 5105 2413 5172 Μνήσθητι,
2461 5109 2675 5174 Κυριε,
2728 5105 2845 5159 τῶν
2891 5105 3036 5160 υἱῶν
3092 5106 3291 5175 Ἐδώμ.
3347 5109 3408 5160 Οί
3459 5109 3565 5163 υίοὶ⁵

2013 5196 2189 5269 ,Εδὼμ
2219 5199 2268 5249 οι
2300 5197 2407 5251 ἀπὸ
2443 5198 2611 5252 Ἠσαῦ
2651 5198 2952 5269 Ἰδουμαῖοι,
3002 5199 3052 5250 o'l
3084 5200 3177 5252 καὶ
3208 5197 3437 5268 ἀλούσης
3465 5200 3564 5268 τῆς

2012 5289 2362 5361 Ἰερουσαλὴμ
2401 5290 2728 5360 ὲπέμϐαινον
2771 5289 2984 5361 πικρῶς
3006 5332 3020 5354 ,
3065 5290 3169 5353 ἕως
3200 5291 3264 5343 ὲκ
3301 5289 3566 5359 θεμελίων

2000 5382 2169 5452 αὐτὴν
2200 5382 2642 5436 ἀνασπασθεῖσαν
2671 5382 2930 5450 ἔγνωσαν.

2072 5470 2340 5542 Θυγάτηρ
2366 5471 2720 5538 Βαϐυλῶνος
2746 5473 2784 5538 ἡ
2805 5473 3195 5542 ταλαίπωρος.
3225 5473 3562 5546 Προφητικδς
