3760 6270
130 298 230 354 539

1165 298 1529 356 EXPOSITIO
1565 300 1631 354 ΙΝ
1669 303 1994 363 ΡΞΑιΜυΜ
2034 306 2364 367 CXXXVIII.

3282 317 3390 375 530

127 414 159 467 ὁ
184 414 347 481 λόγος
372 412 634 475 κάκεῖνος
677 413 775 485 τῆς
808 412 1125 478 Βαϐυλῶνος
1161 417 1412 488 σημαίνει
1452 418 1549 489 τὴν
1583 421 1715 491 πόρ-

1882 425 1911 478 |i
1951 423 2241 497 Babylonis
2284 428 2555 484 excidium
2590 429 2931 498 prettuntiat.
2966 428 3165 487 Beatus
3189 432 3279 500 qui
3308 449 3388 488 re-

131 505 305 575 θησιν.
339 503 658 573 Μακάριος
694 501 762 570 ὃς
795 504 1205 560 ἀνταποδώσει
1238 508 1305 560 τὸ
1343 508 1723 579 ἀνταπόδομά

130 613 259 651 σου.
279 597 557 657 Ἐκεῖνος.
584 596 737 666 φησὶ,
758 599 1026 669 μακάριος
1049 598 1077 650 6
1100 598 1617 669 ἀνταιχμαλωτεύων
1640 619 1720 655 σε.

259 688 350 755 Τῷ
377 687 575 743 Δαυῒὸ
600 686 697 742 διὰ
734 690 1054 757 Ζαχαρίου.
1096 692 1405 744 ΨΑΛΜΟΣ
1434 694 1612 747 PAZ'.

780 780 1106 847 ’Υπόθεσις.

144 871 198 925 Ὀ
227 869 435 943 παρὼν
459 871 678 942 ψαλμδς
700 871 1035 943 προφητείαν
1065 874 1306 945 περιέχει
1337 875 1436 946 τῆς
1468 876 1722 932 ἁπάντων

197 962 373 1015 ἐθνῶν
410 963 685 1036 κλήσεωςε
717 964 803 1031 ἐφ’
831 957 865 1037 ᾖ
890 964 983 1017 καὶ
1006 964 1334 1036 εὐχαριστεῖ,
1362 967 1442 1021 ὅτι
1468 969 1529 1022 οὐ
1564 969 1721 1038 μόνος

195 1053 384 1118 αὐτὸς,
429 1053 688 1123 βασιλεὺς
712 1052 809 1116 ῶν,
836 1053 1063 1124 ἠξίωται
1092 1055 1191 1126 τῆς
1212 1056 1361 1121 θείας
1385 1056 1719 1128 θεοφανείαςσ

195 1145 331 1199 ἀλλά
360 1146 465 1201 καὶ
492 1146 726 1210 πολλοὺς
750 1146 858 1199 τῶν
886 1145 1056 1202 ἐθνῶν
1089 1146 1325 1217 βασιλεῖς
1350 1167 1480 1221 φησι
1507 1150 1608 1221 τῆς
1631 1153 1723 1205 αὐ-

192 1238 291 1307 τῆς
319 1235 738 1309 ἀξιωθήσεσθαι
781 1237 1022 1309 χάριτος,
1064 1239 1199 1310 ὅπερ
1243 1241 1401 1311 μόνον
1445 1240 1581 1313 μετά
1620 1242 1721 1313 τὴν

190 1328 503 1399 ἐπιδημίαν
533 1329 845 1400 γεγένηται.

202 1417 769 1489 Έξομολοτήσομαί
813 1433 941 1483 σοι,
988 1420 1194 1489 Κύριε,
1235 1420 1304 1474 ἐν
1349 1419 1463 1491 ὅλῃ
1510 1423 1720 1492 καρδΙςι

126 1527 255 1577 μου.
290 1509 532 1580 Ταύτην
563 1509 641 1580 τῷ
683 1509 922 1580 πλουσίῳ
960 1510 1193 1565 δέδωκεν
1226 1512 1255 1564 6
1286 1500 1475 1585 Σιοτὴρ
1506 1515 1604 1585 τὴν
1635 1516 1720 1567 ὲν-

130 1601 297 1671 τολήν,
325 1599 537 1655 εἰπών’
574 1601 931 1670 Ἀγαπήσεις
959 1603 1176 1671 Κύριον
1196 1602 1302 1657 τὸν
1329 1606 1476 1659 Θεόν
1500 1622 1617 1660 σου
1648 1605 1718 1671 ἐξ

1826 517 2013 571 tribuet
2046 518 2140 572 tibi
2180 520 2569 574 retributionem
2618 529 2788 579 tuam.
2818 520 2934 589 ille,
2964 522 3159 594 inquit,
3194 524 3389 582 beatus

1822 608 1913 679 qui
1949 621 2000 664 te
2033 610 2086 663 in
2118 611 2481 680 captivitatem
2514 612 2749 671 duxerit.

1892 698 2085 756 Davidi
2108 720 2200 774 per
2231 702 2570 761 Zachariam.
2599 706 2843 762 ΡεΑιΜ
2851 706 2939 763 US
2965 706 3309 768 CXXXVII.

2406 794 2801 867 Argumentum.

1818 884 2067 943 Praesens
2118 890 2361 959 psalmus
2405 892 2742 961 prophetiam
2802 900 3043 947 continet
3085 892 3387 950 vocationis

1886 979 2130 1034 omnium
2159 981 2422 1052 gentium,
2465 982 2533 1036 de
2560 997 2667 1051 qua
2710 983 2913 1053 gratias
2948 984 3077 1054 agit,
3102 986 3247 1054 quod
3277 1000 3384 1041 non

1890 1068 2065 1124 solum
2094 1070 2209 1141 ipse
2235 1072 2328 1143 qui
2355 1088 2447 1128 rex
2474 1081 2609 1138 erat,
2639 1072 2731 1128 Dei
2758 1073 2990 1129 adventu
3011 1084 3065 1129 et
3091 1086 3383 1146 conspectu

1891 1157 2143 1227 dignatus
2184 1162 2283 1224 sit,
2329 1162 2423 1216 sed
2466 1164 2629 1218 etiam
2675 1164 2874 1219 multos
2915 1166 3155 1235 gentium
3200 1180 3383 1234 reges,

1889 1250 2076 1303 eadem
2119 1252 2289 1322 gratia
2327 1252 2609 1310 donandos
2648 1252 2743 1318 ait,
2772 1254 2917 1325 quod
2944 1263 3066 1324 post
3095 1254 3382 1310 adventum

1891 1339 2105 1394 Domini
2136 1342 2398 1396 duntaxat
2423 1341 2623 1398 factum
2649 1352 2754 1400 est.

1891 1431 1942 1485 1.
1973 1430 2273 1501 Conﬁtebor
2304 1434 2419 1497 tibi,
2449 1432 2689 1499 Domine,
2719 1436 2773 1488 in
2799 1443 2906 1489 toto
2932 1436 3087 1490 corde
3115 1452 3247 1491 meo.
3271 1435 3384 1491 Hoc

1818 1529 2145 1590 praeceptum
2187 1521 2334 1577 dedit
2390 1523 2638 1579 Salvator
2681 1525 2869 1590 diviti,
2915 1524 3146 1581 dicens:
3189 1525 3383 1598 Diliges

1817 1609 2102 1664 Dominum
2133 1610 2297 1665 Deum
2341 1622 2485 1666 tuum
2528 1630 2592 1667 ea:
2624 1625 2731 1669 toto
2772 1617 2926 1669 corde
2957 1625 3065 1684 tuo,
3095 1627 3143 1671 et
3176 1632 3240 1671 ea:
3263 1618 3384 1671 totis

131 1692 269 1759 ὅλης
301 1690 427 1760 τῆς
458 1691 713 1761 καρδίας
757 1709 873 1748 σου
914 1694 1010 1748 καί
1045 1693 1116 1759 ἐξ
1157 1694 1307 1764 ὅλης
1350 1695 1461 1765 τῆς
1504 1699 1715 1767 ἰσχύος

1882 1700 2013 1755 ribus
2046 1701 2149 1755 tuis
2177 1703 2242 1754 ”.

130 1800 255 1838 (τυ.

190 1874 300 1927 Καὶ
332 1873 632 1929 ἐναντίον
663 1874 935 1944 ἀγγέλων·
964 1874 1140 1945 ψαλῶ
1163 1891 1282 1941 σοι,
1311 1877 1717 1945 προσκυνήσω

130 1965 266 2031 πρὸς
297 1965 469 2018 ναὸν
500 1963 673 2033 ἅγιόν
709 1981 845 2019 σου.
884 1966 973 2030 Ὣς
1011 1967 1293 2038 παρόντων
1317 1969 1425 2021 τῶν
1450 1968 1715 2038 ἀγγέλων,

130 2057 211 2109 καὶ
239 2056 348 2125 τὴν
394 2054 547 2109 κατὰ
578 2055 710 2110 Θεὸν
745 2056 906 2110 αὑτοῦ
940 2057 1097 2129 νίκην
1134 2059 1220 2112 ἀεὶ
1249 2058 1712 2132 ὲπιθεωρούντων.

126 2146 229 2200 Καὶ
273 2146 812 2217 ἐξομολογήσαμαι
858 2147 937 2215 τῷ
986 2150 1229 2220 ὀνόματί
1296 2167 1412 2205 σου
1475 2152 1575 2206 ἐπὶ
1637 2152 1717 2218 τῷ

127 2238 275 2292 ἐλέει
300 2254 432 2292 σου
464 2238 564 2292 καί
602 2237 679 2308 τῇ
715 2239 966 2308 ἀληθείᾳ
992 2254 1130 2296 σου.
1162 2241 1576 2313 Εὐχαριστήσω,
1607 2259 1713 2313 φη-

130 2329 227 2392 σιν,
258 2332 355 2398 ἐφ’
382 2323 472 2395 οἷς
502 2330 603 2403 τῆς
644 2330 745 2401 μὲν
776 2332 932 2395 σκιᾶς
968 2330 1332 2403 λελύτρωμαι,
1364 2333 1462 2403 τῆς
1494 2332 1551 2387 δὲ
1582 2333 1712 2405 ἀλη-

128 2422 270 2486 θείας
305 2421 579 2493 ἠξίωμαι.
628 2421 739 2476 Ὀτι
761 2421 1133 2493 ἐμεγάλυνας
1151 2421 1251 2476 ἐπὶ
1280 2422 1402 2478 πᾶν
1433 2422 1496 2477 τὸ
1531 2422 1718 2492 ὄνομα

128 2513 185 2565 τὸ
211 2512 402 2583 ἄτιόν
438 2528 579 2567 σου.
625 2512 751 2568 Ἐπὶ
778 2515 845 2585 τῇ
883 2512 990 2567 τῶν
1015 2512 1184 2568 ὲθνῶν
1209 2514 1396 2585 κλήσει
1434 2511 1532 2586 τὴν
1557 2515 1718 2586 εὐχα-

129 2606 347 2676 ριστίαν
378 2605 673 2678 ἀναφέρειν
703 2605 873 2676 λέγει.
917 2607 1028 2662 Οὐκ
1057 2606 1141 2676 ἐφ’
1183 2600 1265 2670 οἷς
1297 2603 1355 2660 εὖ
1385 2606 1583 2662 ἔπαθον
1617 2607 1715 2680 μό·

129 2714 213 2749 νον
256 2693 597 2767 εὐχαριστῶ·
628 2694 765 2749 ἀλλὰ
797 2695 893 2749 καὶ
933 2695 1001 2749 δι’
1029 2695 1148 2750 ὅλου
1178 2695 1276 2768 τὴν
1302 2694 1458 2763 δόξαν
1485 2694 1581 2768 τὴν
1616 2694 1716 2768 σὴν

129 2790 393 2861 θεωρῶν,
440 2788 964 2860 δημιουργήσαντος,
994 2786 1425 2859 εὐεργετοῦντος,
1458 2786 1711 2852 κολάζον-

129 2898 234 2945 τος.
284 2879 463 2934 υῦδὲν
502 2878 611 2952 γὰρ
645 2879 743 2951 τῆς
783 2878 1010 2943 κτίσεως
1042 2878 1072 2933 6
1120 2879 1196 2952 μὴ
1227 2877 1325 2951 τὴν
1349 2878 1447 2950 σὴν
1478 2879 1711 2949 μεγαλο-

134 2971 300 3043 σύνην
330 2972 599 3044 κηρύττῃ.
1124 2961 1145 2967 “

1886 1878 1941 1933 2.
1977 1878 2045 1933 In
2088 1893 2362 1951 conspectu
2408 1882 2711 1954 angelorum
2737 1884 2968 1954 psallam
2995 1886 3113 1953 tibi,
3152 1886 3387 1942 adorabo

1816 1971 1885 2024 ad
1920 1971 2166 2041 templum
2199 1983 2441 2028 sanctum
2489 1985 2656 2029 tuum.
2691 1976 2855 2043 Quasi
2902 1977 3107 2034 scilicet
3150 1993 3386 2049 praesen-

1816 2063 1964 2120 tibus
2012 2066 2237 2131 angelis,
2283 2075 2337 2121 et
2373 2066 2493 2136 ejus
2534 2068 2817 2124 victoriam
2860 2085 2954 2140 per
2985 2070 3081 2126 Dei
3121 2073 3381 2127 auxilium

1816 2162 2027 2225 partam
2074 2171 2287 2223 semper
2328 2158 2695 2214 cernentibus.
2748 2158 2818 2212 Et
2865 2160 3143 2229 conﬁtebor
3184 2164 3384 2217 nomini

1819 2255 1907 2298 tuo
1957 2261 2111 2315 super
2149 2246 2515 2300 misericordia
2551 2258 2642 2301 tua
2684 2257 2733 2302 et
2766 2250 2983 2304 veritate
3025 2260 3139 2306 tua.
3168 2250 3383 2309 Gratias

1816 2352 1993 2407 agam,
2020 2336 2212 2406 inquit,
2245 2336 2390 2407 quod
2415 2337 2483 2391 ab
2507 2338 2698 2394 umbra
2726 2338 3004 2404 liberatus,
3025 2351 3079 2395 et
3102 2342 3383 2397 veritatem

1815 2438 2143 2484 consecutus
2187 2428 2312 2484 sim.
2348 2426 2610 2493 Quoniam
2657 2430 3011 2500 magniﬁcasti
3047 2448 3204 2501 super
3231 2447 3382 2499 omne

1816 2535 2002 2573 nomen
2029 2527 2269 2574 sanctum
2298 2528 2465 2574 tuum.
2503 2517 2578 2574 De
2609 2521 2848 2591 gentium
2873 2522 3157 2577 vocatione
3180 2522 3385 2592 gratias

1815 2626 1872 2667 se
1907 2609 2108 2666 referre
2135 2609 2286 2665 dicit.
2314 2607 2501 2681 Neque
2536 2619 2745 2666 tantum
2781 2611 2848 2666 de
2880 2611 3090 2666 collatis
3124 2612 3258 2667 mihi
3289 2612 3382 2668 be-

1815 2701 2023 2757 neﬁciis
2053 2702 2257 2772 gratias
2286 2716 2388 2771 ago
2408 2742 2424 2768 ,
2453 2701 2545 2758 sed
2576 2702 2720 2771 quod
2758 2701 2832 2756 tui
2867 2701 3090 2774 gloriam
3122 2702 3176 2756 in
3204 2702 3383 2758 omni-

1813 2791 1917 2848 bus
1964 2793 2328 2862 contempler,
2380 2791 2644 2847 creatoris
2700 2792 2940 2856 scilicet,
2997 2790 3378 2854 benefactoris.

1814 2880 2027 2936 ultoris.
2062 2878 2208 2936 Nihil
2236 2883 2437 2952 quippe
2461 2890 2543 2937 est
2572 2880 2627 2935 in
2656 2895 2836 2936 rerum
2869 2889 3062 2936 natura
3088 2881 3234 2952 quod
3266 2897 3381 2938 ma-

1814 2970 2146 3039 gnitudinem
2177 2979 2322 3026 tuam
2356 2986 2462 3026 non
2496 2970 2771 3042 praedicet.

192 3061 628 3132 Πολυωρήσεις
660 3078 739 3132 με
780 3060 851 3116 ἐν
894 3060 1063 3132 ψυχῇ
1116 3078 1235 3130 μου
1279 3060 1524 3132 δυνάμει
1571 3077 1707 3116 σου.

1886 3067 1940 3121 5.
1969 3066 2288 3122 Diuturnam
2324 3083 2510 3122 curam
2551 3064 2761 3121 habebis
2805 3066 2998 3121 anima»:
3035 3081 3162 3121 mea:
3190 3067 3382 3123 virtute

132 3155 488 3223 Πολυωρίαν
527 3154 624 3225 τὴν
658 3150 1117 3224 πολυχρονιότητά
1148 3167 1330 3222 φησιν.
1378 3151 1436 3205 '0
1467 3151 1522 3220 δξ
1563 3150 1705 3213 νοῦς·

131 3246 371 3315 Δυνάμει
430 3246 498 3315 τῇ
562 3245 630 3315 σῇ
691 3245 1075 3316 μεταποιήσεις
1128 3259 1194 3314 με
1250 3244 1315 3296 ὲκ
1373 3241 1576 3315 φθορᾶς
1631 3242 1711 3304 είς

132 3335 471 3407 ἀφθαρσίαν.

199 3432 317 3485 Καὶ
352 3425 684 3497 ᾁσάτωσαν
722 3427 794 3482 ἐν
828 3427 958 3494 ταῖς
993 3426 1172 3495 ᾠδαῖς
1198 3427 1449 3495 Κυρίου,
1486 3425 1575 3479 ὅτι
1604 3442 1711 3496 με-

135 3521 289 3589 τάνιη
319 3522 358 3589 ἠ
389 3520 541 3586 δόξα
584 3521 831 3589 Κυρίου.
871 3519 1027 3593 ᾮδάς
1065 3519 1272 3591 Κυρίου
1310 3516 1709 3590 ἀναγέγραφεν,

134 3616 194 3679 ἃς
219 3614 371 3686 ᾅδειν
402 3614 529 3676 τοὺς
550 3612 610 3677 ἐξ
631 3611 801 3666 ἐθνῶν
827 3613 1031 3676 πάντας
1066 3609 1475 3681 ἐπαγγέλλεται.

204 3799 332 3852 Ὀτι
354 3797 596 3867 ὑψηλὸς
637 3798 856 3866 Κύριος
888 3796 985 3851 καί
1011 3796 1082 3852 τὰ
1106 3795 1357 3851 ταπεινά
1380 3792 1587 3865 ἐφορᾷ.
1619 3794 1710 3867 Μὴ

140 3889 449 3960 θαυμάσῃς,
476 3889 659 3959 φησιν,
691 3890 743 3942 εί
771 3887 944 3942 ταῦτα
979 3888 1265 3959 γενήσεται
1299 3888 1357 3939 ὲν
1384 3884 1709 3957 ἀνθρὼποις’

139 3985 195 4040 οὐ
223 3984 336 4057 γὰρ
361 3983 800 4055 ἀπηλλοτρίωται
826 3983 925 4052 τῆς
953 3982 1048 4036 τοῦ
1082 3980 1215 4036 Θεοῦ
1243 3981 1497 4053 προνοίας
1527 3980 1596 4033 τὰ
1617 3980 1711 4034 ἀν·

142 4072 405 4144 θρώπινα.
445 4072 554 4126 Καὶ
590 4072 663 4126 τὰ
693 4070 903 4141 ὑψηλὰ
935 4070 1051 4125 ἀπὸ
1075 4070 1375 4139 μακρόθεν
1418 4065 1711 4139 γινώσκει.

142 4163 420 4237 Προὼρισε
448 4162 559 4235 γὰρ
584 4162 691 4217 ἀπὸ
716 4161 1019 4232 καταϐολῆς
1055 4160 1258 4231 κόσμου
1288 4158 1427 4213 κατὰ
1453 4158 1544 4211 τὸν
1574 4156 1715 4211 θεῖον

155 4252 474 4308 Ἀπόστολον
516 4253 616 4324 τὴν
648 4252 839 4323 κλῆσιν
868 4251 976 4306 τῶν
1022 4249 1212 4313 ἐθνῶν,
1246 4250 1339 4303 καὶ
1385 4248 1484 4320 τὴν
1531 4248 1610 4310 είς
1645 4246 1716 4301 τὰ

146 4344 319 4416 ὑψηλὰ
346 4343 662 4415 ἀναγωγήν.

1814 3164 1924 3211 tua.
1954 3156 2265 3230 Πολυωρίαν
2302 3157 2432 3213 dicit
2461 3156 2897 3212 diuturnitatem.
2932 3154 3059 3212 Haec
3088 3165 3171 3213 est
3200 3167 3379 3213 autem

1810 3250 2080 3305 sententia
2115 3247 2370 3306 :Virtute
2418 3260 2510 3305 tua
2556 3248 2948 3306 transmutabis
2993 3263 3081 3304 me
3122 3264 3153 3303 a
3190 3264 3381 3305 corru-

1810 3338 1993 3408 ptione
2023 3338 2077 3393 in
2114 3338 2598 3409 incorruptionem.

1881 3428 1935 3483 5.
1964 3428 2034 3481 Et
2062 3438 2275 3484 cantent
2314 3430 2370 3485 in
2395 3431 2619 3485 canticis
2649 3429 2881 3495 Domini,
2913 3430 3166 3499 quoniam
3190 3445 3382 3502 magna

1811 3527 1892 3573 est
1938 3519 2109 3589 gloria
2153 3520 2386 3576 Domini.
2414 3522 2634 3577 Cantica
2679 3521 2891 3578 Domini
2922 3521 3228 3592 descripsit,
3260 3538 3382 3592 qua:

1812 3612 1881 3667 ab
1908 3612 2161 3669 omnibus
2185 3613 2513 3684 exigentium
2541 3612 2740 3685 populo
2765 3612 3109 3669 credentibus
3140 3614 3379 3670 canenda

1811 3702 2075 3774 praedicit.

1885 3792 1941 3848 6.
1973 3791 2232 3859 Quoniam
2259 3793 2494 3849 excelsus
2527 3794 2783 3850 Dominus
2807 3803 2857 3850 et
2890 3793 3111 3849 humilia
3145 3793 3379 3862 respicit.

1812 3882 1891 3939 Ne
1935 3884 2151 3949 mirere,
2203 3885 2408 3956 inquit,
2459 3886 2505 3940 si
2563 3885 2676 3943 haec
2725 3886 2867 3957 apud
2913 3884 3160 3941 homines
3196 3880 3379 3940 futura

1813 3976 1943 4039 sint,
1975 3976 2213 4031 humana
2252 3977 2451 4047 quippe
2492 3992 2600 4031 non
2642 3993 2671 4031 a
2714 3975 2804 4033 Dei
2837 3976 3171 4047 providentia
3204 3976 3379 4031 aliena

1815 4075 1962 4121 sunt.
1996 4065 2065 4122 Et
2112 4067 2224 4122 alta
2259 4084 2291 4122 a
2323 4068 2471 4139 longe
2510 4069 2794 4138 cognoscit.
2843 4066 3203 4122 Praedellnivit
3233 4065 3377 4121 enim

1816 4175 1847 4215 a
1893 4163 2279 4218 constitutione
2331 4162 2522 4218 mundi
2562 4162 2896 4217 vocationem
2935 4161 3195 4233 gentium,
3223 4158 3380 4229 juxta

1814 4255 2056 4312 divinum
2086 4255 2429 4328 Apostolum,
2458 4255 2991 4325 assumptionemque
3018 4253 3086 4308 ad
3108 4253 3343 4307 excelsa.

218 4437 356 4492 Ἐὰν
400 4433 672 4505 πορευθῶ
712 4433 782 4488 ἐν
820 4432 988 4503 μέσῳ
1035 4432 1328 4501 θλίψεως,
1376 4428 1574 4496 ζήσεις
1613 4445 1709 4498 με.

1889 4434 1941 4490 7.
1978 4434 2037 4489 Si
2066 4434 2401 4489 ambulavero
2429 4435 2485 4488 in
2507 4434 2676 4487 medio
2707 4433 3062 4488 tribulationis
3089 4433 3379 4504 viviﬁcabt's

146 4530 364 4601 Ὅμοιον
403 4528 500 4582 *δύ’
551 4528 772 4595 9.1mm-
819 4524 985 4590 ἕξετε
1026 4523 1098 4577 ἐν
1145 4520 1227 4588 τῷ
1272 4523 1503 4592 κόσμῳ’
1552 4520 1712 4575 ἀλλὰ

146 4620 430 4691 θαρσεῖτε,
459 4618 575 4690 ἐγὼ
606 4618 896 4685 νενίκηκα
932 4615 1040 4670 τὸν
1076 4616 1325 4683 κόσμον.
1362 4612 1485 4667 Ἐπ’
1526 4610 1712 4681 ὀργὴν

145 4712 367 4783 ἐχθρῶν
395 4730 518 4782 μου
557 4709 857 4776 ἐξέτεινας
887 4708 993 4776 τὰς
1016 4706 1219 4779 χεῖράς
1253 4722 1389 4761 σου.
1428 4703 1713 4776 Ἐπενήνε-

147 4818 260 4856 κται
290 4802 405 4874 γὰρ
437 4801 558 4855 κατ’
588 4798 767 4854 αὐτῶν
796 4801 829 4870 ἠ
855 4798 1001 4864 δεξιά
1029 4796 1123 4852 τοῦ
1161 4795 1393 4865 Πατρὸς,
1435 4794 1712 4850 τουτέστιν

147 4894 172 4943 6
195 4892 343 4957 Υἱὸς,
374 4893 498 4963 ἤτις
532 4891 629 4945 καὶ
649 4890 850 4945 ἔσωσεν
879 4892 1045 4962 ἡμᾶς.

207 4986 424 5054 Κύριος
477 4981 888 5038 ἀνταποδώσω
935 4982 1088 5051 ὑπὲρ
1142 4981 1309 5053 ἐμοῦ.
1352 4981 1557 5055 Κρίνας
1603 4980 1712 5053 γὰρ

150 5073 233 5148 τὴν
280 5075 405 5130 καθ’
442 5075 606 5147 ἡμῶν
648 5074 896 5141 ἀδικίαν,
941 5073 1161 5141 ἐξέϐαλε
1206 5074 1297 5128 τὸν
1344 5074 1580 5146 ἄρχοντα
1616 5073 1711 5128 τοῦ

153 5165 365 5236 κόσμου.

152 5259 244 5323 Είς
269 5256 444 5323 τέλος
489 5253 572 5321 τῷ
615 5254 796 5309 Δαυῒδ
830 5257 1137 5310 ΨΑΛΜΟΣ
1176 5255 1275 5311 διὰ
1314 5256 1608 5327 Ζαχαρίου
1644 5254 1712 5307 ἐν

609 5345 686 5415 τῇ
717 5345 1031 5417 διασπορᾷ.
1063 5350 1249 5403 ΡΛΗ’.

774 5440 1099 5508 Ὑπόθεσις.

168 5528 507 5604 Ἀναφέρεται
560 5531 662 5604 μὲν
715 5534 745 5586 6
792 5531 1003 5603 ψαλμὸς
1050 5535 1128 5596 είς
1178 5530 1239 5585 τὸ
1283 5529 1377 5585 τοῦ
1442 5527 1710 5600 Ζαχαρίου

225 5622 526 5692 πρόσωπον,
566 5622 646 5676 ετι
689 5622 857 5676 ὄντων
885 5625 943 5677 ὲν
966 5624 1034 5695 τῇ
1067 5622 1409 5695 αἰχμαλωσίᾳ
1436 5620 1543 5674 τῶν
1580 5619 1710 5671 υἱῶν

199 5735 238 5765 ’³
259 5734 441 5794 latth.
471 5754 605 5808 nu,
635 5736 702 5794 37
802 5737 848 5771 ’⁸
871 5737 1028 5795 Joan.
1059 5753 1170 5806 xw,
1199 5737 1286 5794 33.

1816 4540 1916 4581 me.
1938 4524 2127 4580 Simile
2146 4534 2230 4580 est
2256 4525 2423 4580 illud:
2445 4523 2857 4578 Tribulationem
2879 4522 3131 4578 habebitis
3153 4523 3208 4578 in
3230 4539 3377 4576 mun-

1816 4616 1916 4681 do;
1945 4616 2036 4671 sed
2079 4616 2348 4686 conﬁdite,
2375 4632 2468 4687 ego
2513 4615 2615 4669 uici
2649 4614 2903 4669 mundum
2945 4614 3014 4671 “.
3048 4613 3215 4687 Super
3243 4616 3382 4669 iram

1818 4711 2151 4767 inimicorum
2179 4725 2412 4763 meorum
2436 4709 2718 4765 extendisti
2746 4726 2932 4764 manus
2959 4720 3102 4767 tuas.
3136 4709 3381 4765 lmmissa

1816 4804 2016 4875 quippe
2044 4811 2128 4860 est
2152 4802 2416 4858 adversus
2451 4802 2574 4857 illos
2600 4801 2818 4859 dextera
2853 4801 3050 4871 Patris,
3090 4802 3143 4859 id
3176 4812 3257 4857 est
3292 4800 3382 4855 Fi-

1817 4895 1945 4959 lius,
1976 4910 2097 4965 quae
2128 4909 2228 4949 nos
2261 4893 2441 4949 salvos
2470 4892 2615 4949 fecit.

1885 4986 1940 5042 8.
1977 4985 2234 5041 Dominus
2264 4986 2513 5040 retribuet
2541 5000 2636 5056 pro
2669 5001 2770 5040 me.
2801 4982 3095 5053 Postquam
3119 4981 3381 5052 judicavit

1816 5077 1961 5131 enim
1988 5075 2056 5131 de
2080 5074 2343 5147 injustitia
2365 5090 2472 5146 qua
2495 5073 2607 5129 laasi
2635 5089 2846 5139 sumus,
2869 5071 3169 5143 principem
3191 5070 3380 5161 mundi

1816 5167 1995 5237 ejecit.
3206 5164 3221 5169 ’

1888 5259 1955 5315 In
1995 5262 2150 5331 ﬁnem
2182 5257 2420 5315 PSALM
2434 5257 2522 5313 US
2550 5257 2744 5311 Davidi
2780 5273 2871 5327 per
2907 5254 3223 5310 Zachariam
3254 5254 3311 5309 in

2226 5348 2562 5418 dispersione.
2591 5342 2791 5399 CXXX
2806 5342 2880 5399 γι
2888 5341 2969 5399 II.

2398 5435 2795 5505 Argumentum.

1818 5534 2068 5591 Refertur
2101 5529 2344 5603 psalmus
2375 5525 2443 5582 ad
2472 5542 2757 5598 personam
2797 5524 3093 5591 Zachariae,
3122 5524 3250 5580 dum
3284 5520 3380 5577 ﬁlii

1888 5624 2052 5680 Israel
2099 5623 2276 5678 adhuc
2326 5629 2509 5678 essent
2558 5620 2613 5675 in
2667 5619 2975 5692 captivitate
3015 5627 3069 5675 et
3112 5614 3382 5687 Propheta
