3760 6270
323 319 422 376 8'3!

395 449 613 504 quoque
657 449 780 489 cum
835 434 962 490 illis.
997 433 1261 490 Describit
1301 445 1482 489 autem
1517 433 1781 488 rationem
1808 431 1888 485 di-
1915 435 1963 490 Α

398 527 535 581 vina!
571 542 700 596 erga
743 542 842 581 nos
875 526 1257 598 providentiae,
1298 534 1352 580 et
1383 525 1526 595 quod
1573 540 1678 578 non
1715 525 1888 578 solum

392 619 458 673 ad
487 619 738 673 universa
777 618 1118 684 extendatur,
1151 619 1244 672 sed
1275 617 1436 671 rebus
1465 614 1627 670 etiam
1663 613 1894 683 singulis

400 710 722 778 prospiciat;
763 710 834 764 ita
879 719 936 764 ut
973 725 1147 779 neque
1176 718 1359 762 motus
1401 706 1572 760 nostri
1599 720 1771 774 neque
1799 721 1892 758 cn-

395 799 682 867 gitationes
710 799 777 854 ab
802 799 918 868 ejus
945 799 1276 868 providentia
1315 796 1672 867 negligantur.
1704 796 1890 848 Admi-

395 897 548 943 ratur
579 891 897 944 (economia:
923 888 1368 958 profunditatem,
1396 888 1733 942 vocationem
1763 902 1890 955 gen-

395 983 531 1037 tium
558 991 739 1051 aperte
765 981 1056 1050 signiﬁcat,
1087 991 1142 1036 et
1165 965 1579 1050 repugn'antiam
1611 977 1888 1033 l‘sraelitici

397 1072 575 1143 populi
608 1073 866 1128 adversus
930 1072 1230 1128 Christum.
1276 1071 1503 1141 Propter
1550 1070 1664 1124 haec
1708 1068 1888 1123 munia

397 1168 450 1221 in
480 1159 638 1220 linem
671 1165 859 1220 Davidi
894 1165 1189 1236 inscriptus
1214 1173 1317 1220 est.
1352 1163 1675 1232 Plerumque
1709 1169 1887 1215 autem

398 1256 658 1315 diximus,
692 1255 933 1324 psalmos
982 1255 1055 1308 ita
1115 1255 1404 1325 inscriptos
1444 1257 1510 1309 ad
1553 1264 1762 1320 tempus
1795 1249 1890 1304 ad-

395 1357 590 1404 ventus
615 1346 826 1402 Domini
855 1355 1117 1417 spectare.

400 1629 450 1682 1.
487 1626 724 1690 Domine,
764 1624 1000 1696 probasti
1035 1639 1114 1677 me
1157 1631 1212 1676 et
1240 1619 1531 1691 cognovisti
1560 1635 1655 1673 me.
1696 1616 1881 1685 Utpot't

326 1718 420 1790 qui
453 1716 706 1782 conﬁdat,
742 1731 802 1771 se
841 1716 1051 1769 ﬁrmam
1091 1713 1144 1767 in
1170 1713 1444 1767 Christum
1481 1710 1636 1765 ﬁdem
1673 1708 1887 1767 habere,

1161 319 1222 374 S.
1261 315 1637 373 ATHANASII
1669 315 1819 371 OPP.
1861 311 2043 370 PARS
2084 309 2172 365 Ill.
2212 341 2280 350 —
2317 306 2729 364 EXEGETICA.

3454 295 3572 353 552

2075 425 2324 498 Ἰσραὴλ,
2371 424 2464 478 καὶ
2509 422 2612 495 μὴν
2645 423 2739 477 καὶ
2783 418 2945 475 αὐτοῦ
2990 414 3084 472 τοῦ
3131 415 3412 488 Προφήτου
3461 413 3572 467 σὺν

2061 517 2261 578 αὐτοῖς.
2293 515 2495 586 Γράφει
2522 514 2580 567 δέ
2601 514 2698 584 τῆς
2725 513 2850 582 περὶ
2878 508 3011 564 Θεοῦ
3046 509 3125 570 είς
3151 506 3298 578 ἡμᾶς
3328 503 3571 574 κηδεμο-

2061 613 2179 676 νίας
2210 610 2301 664 τὸν
2348 609 2564 681 τρόπον·
2614 607 2708 660 καὶ
2753 606 2828 668 ὡς
2871 603 2930 656 οὐ
2984 600 3142 672 μόνον
3185 595 3293 649 τῶν
3331 592 3568 647 καθόλου

2060 704 2292 754 ποιεῖται
2323 699 2597 771 πρόνοιαν,
2644 696 2781 751 ἀλλὰ
2806 694 2912 764 γὰρ
2939 692 3031 745 καὶ
3063 689 3169 742 τῶν
3200 683 3342 740 κατὰ
3375 683 3564 754 μέρος·

2061 795 2136 858 ὼς
2171 793 2305 865 μηδὲ
2333 793 2432 856 τὰς
2467 791 2726 861 κινήσεις,
2759 786 2891 858 μηδέ
2923 784 3020 846 τὰς
3053 779 3373 849 ἐνθυμήσεις
3403 775 3572 846 ἡμῶν

2061 887 2157 956 τῆς
2202 885 2364 938 αὑτοῦ
2409 882 2690 937 λείπεσθαι
2728 878 2998 952 προνοίας.
3050 865 3446 939 Ἀποθαυμάζει
3496 882 3574 934 γε

2061 975 2279 1046 μὴν-καὶ
2303 974 2401 1045 τῆς
2427 970 2731 1043 οἰκονομίας
2758 969 2817 1022 τὸ
2846 966 3028 1038 βάθος,
3057 964 3157 1034 τήν
3178 978 3237 1014 τε
3262 959 3367 1012 τῶν
3392 955 3571 1010 ἐθνῶν

2063 1065 2251 1135 κλῆσιν
2284 1063 2680 1134 κατασημαίνει
2710 1060 2914 1129 σαφῶς,
2945 1057 3040 1110 καὶ
3063 1054 3160 1126 τὴν
3191 1049 3574 1120 γεγενημένην

2060 1159 2364 1228 ἀντιλογίαν
2393 1156 2470 1228 τῷ
2499 1155 2709 1226 Σωτῆρι
2733 1149 2950 1223 Χριστῷ
2972 1144 3122 1219 παρά
3143 1143 3236 1197 τοῦ
3263 1141 3322 1205 ἐξ
3348 1137 3574 1210 Ἰσραὴλ

2059 1251 2208 1306 λαοῦ.
2254 1250 2351 1303 Διὰ
2400 1250 2464 1321 δὴ
2496 1247 2668 1302 ταῦτα
2711 1245 2888 1297 πάντα
2933 1241 3027 1294 καὶ
3057 1240 3136 1300 είς
3162 1235 3222 1288 τὸ
3258 1232 3407 1293 τέλος
3441 1231 3574 1281 ἐπι-

2059 1347 2368 1415 γέγραπται
2406 1339 2482 1410 τῷ
2515 1337 2693 1391 Δαυΐδ.
2731 1335 2970 1402 Εἴπομεν
3002 1330 3058 1382 δέ
3093 1326 3369 1388 πολλάκις,
3405 1322 3481 1384 ὼς
3512 1321 3573 1372 οἱ

2064 1435 2204 1489 οὕτω
2228 1431 2334 1486 τῶν
2365 1427 2592 1501 ψαλμῶν
2633 1423 3058 1496 ἐπιγραφόμενοι
3087 1420 3165 1480 εἰς
3188 1417 3276 1471 τὸν
3313 1415 3408 1484 τῆς
3443 1415 3576 1465 ἐπι⁴

2059 1527 2122 1598 δη
2132 1526 2259 1597 μίας
2285 1523 2458 1578 ἁναπέ
2467 1537 2695 1594 μπονται
2731 1516 2938 1587 καιρόν.

2059 1593 2253 1684 Κόριε,
2285 1593 2648 1682 ἐδοκίμασάς
2666 1625 2741 1678 με
2770 1607 2866 1660 καὶ
2891 1607 3076 1676 ἔγνως
3098 1617 3191 1669 με.
3226 1597 3316 1660 Ὠς
3345 1593 3584 1684 θαρρῶν-

1994 1683 2212 1776 βεϐαίαν
2255 1702 2399 1772 ἔχειν
2439 1701 2536 1771 τὴν
2576 1697 2755 1751 πίστιν
2799 1694 2897 1765 τὴν
2943 1694 3020 1756 είς
3061 1688 3322 1761 Χριστὸν,
3359 1685 3448 1738 καὶ
3487 1683 3586 1744 ὡς

329 1811 572 1879 nihilque
598 1810 700 1863 sibi
729 1822 1017 1862 commune
1042 1821 1163 1861 esse
1193 1821 1315 1859 cum
1345 1801 1629 1875 iniquitate
1662 1798 1888 1869 improbi

2063 1795 2211 1866 Βεμία
2261 1793 2406 1863 αὐτῷ
2443 1790 2694 1845 κοινωνία
2731 1788 2918 1857 γέγονε
2966 1787 3030 1854 τῇ
3068 1781 3160 1835 τοῦ
3196 1779 3396 1850 φαύλου
3429 1775 3570 1829 λαοῦ

327 1901 534 1971 populi,
567 1915 691 1955 eum
744 1899 922 1969 ipsum
966 1897 1067 1968 qui
1103 1896 1266 1954 corda
1320 1894 1570 1951 formavit
1607 1900 1796 1947 evocat
1835 1891 1889 1944 in

331 2001 518 2046 testem
530 2033 542 2044 .

397 2084 450 2137 5.
480 2081 798 2136 Intellexisti
825 2081 1164 2151 cogitationes
1192 2093 1335 2130 meas
1362 2076 1425 2130 de
1454 2075 1622 2144 longe,
1653 2075 1892 2127 semitam

328 2192 499 2229 meam
527 2185 574 2229 et
601 2174 897 2244 funiculum
921 2190 1092 2227 meum
1118 2171 1462 2240 investigasti.
1493 2167 1717 2222 Etiamsi
1755 2166 1892 2221 Deus

329 2268 719 2338 cogitationum
756 2275 960 2320 motum
991 2267 1196 2330 videat,
1225 2262 1398 2318 multo
1429 2258 1601 2330 magis
1626 2259 1746 2314 vita:
1773 2273 1894 2312 cur-

329 2374 450 2414 sum
481 2359 780 2427 cognoscit.
815 2356 1067 2411 Semitam
1107 2370 1275 2408 meam
1317 2360 1367 2407 et
1401 2350 1695 2421 funiculum
1725 2365 1893 2402 meum

330 2450 680 2519 invcsl'igasti.
713 2448 1028 2519 Σχοινισμός
1068 2455 1150 2502 est
1198 2460 1454 2501 mensura
1496 2443 1738 2514 quaedam
1773 2441 1889 2494 vim.

330 2538 471 2596 Dicit
499 2549 680 2595 autem
711 2554 834 2594 eum
865 2554 1077 2593 omnem
1109 2537 1454 2608 cogitationis
1489 2544 1693 2590 motum
1725 2533 1897 2599 scire;

331 2648 424 2703 per
452 2633 566 2688 vias
588 2633 731 2688 enim
768 2642 948 2686 motus
987 2630 1272 2700 signiﬁcat.

399 2892 454 2949 4.
485 2890 753 2959 Quoniam
789 2907 890 2945 non
919 2899 1002 2945 est
1023 2889 1176 2944 dolus
1206 2889 1262 2943 in
1300 2889 1484 2959 lingua
1525 2903 1660 2943 mea.
1697 2885 1765 2940 Et
1794 2886 1901 2940 hoc

331 2993 418 3041 est
455 3000 619 3056 quam
666 2984 966 3040 maximum
996 2981 1212 3037 Davidis
1244 2981 1520 3044 meritum,
1547 2978 1691 3050 quod
1726 2979 1896 3032 nemi-

1993 1887 2327 1958 παρανομία,
2362 1883 2538 1937 αὐτῶν
2565 1881 2675 1935 τῶν
2707 1876 2939 1950 καρδιῶν
2971 1876 3060 1928 τὸν
3088 1873 3329 1941 πλάστην
3365 1871 3570 1922 ἐπικαο

1992 1982 2161 2034 λεῖται
2198 1980 2466 2050 μάρτυρα.

2063 2069 2146 2124 Σὺ
2175 2067 2444 2135 συνῆκας
2493 2064 2632 2130 τοὺς
2678 2058 3102 2130 διαλογισμούς
3143 2073 3260 2125 μου
3295 2052 3412 2107 ἀπὸ
3444 2067 3585 2120 μαι-ς

1993 2163 2230 2231 κρόθεν,
2272 2160 2385 2228 τὴν
2414 2159 2615 2226 τρίϐον
2649 2171 2766 2224 μου
2799 2151 2896 2205 καὶ
2927 2151 3032 2203 τὸν
3064 2147 3313 2216 σχοῖνόν
3329 2162 3446 2214 μου
3482 2143 3582 2196 σὺ

1993 2253 2362 2323 ἐξιχννίασας.
2395 2251 2459 2303 Ei
2497 2249 2590 2302 καὶ
2619 2245 2723 2299 τῶν
2749 2241 3123 2313 διανοημάτων
3150 2235 3256 2291 οἶδε
3279 2236 3374 2308 τὴν
3407 2235 3573 2306 κίνη-

1995 2360 2079 2396 σιν
2118 2345 2145 2396 ὁ
2177 2341 2325 2406 Θεὸς,
2366 2337 2544 2408 πολλῷ
2584 2336 2741 2390 πλέον
2785 2334 2883 2403 τῆς
2916 2332 3057 2386 κατὰ
3079 2330 3168 2383 τὸν
3197 2328 3307 2400 βίον
3341 2324 3574 2396 πορείας

1995 2431 2105 2501 ἔχει
2134 2429 2230 2500 τὴν
2257 2429 2474 2496 γνῶσιν.
2517 2425 2633 2493 Τὴν
2665 2423 2864 2493 τρίϐον
2895 2438 3014 2490 μου
3050 2419 3146 2472 καὶ
3170 2417 3284 2484 τὴν
3315 2413 3576 2482 σχοῖνόν

1989 2539 2108 2590 μου
2149 2519 2229 2573 σὺ
2259 2517 2633 2585 ἐξιχνίιισας.
2665 2509 3024 2582 Σχοινισμὸς
3069 2509 3164 2579 μὲν
3193 2506 3385 2577 μέτρον
3418 2503 3574 2556 ἐστὶν

1995 2611 2294 2683 ὡρισμένον
2333 2607 2473 2664 ὀδοῦ.
2516 2607 2676 2674 Λέγει
2721 2605 2807 2668 δέ,
2852 2604 2926 2666 ὡς
2968 2603 3146 2654 πᾶσαν
3175 2598 3386 2667 κίνησιν
3422 2594 3565 2662 λογι-

1997 2703 2134 2775 σμοῦ
2164 2701 2484 2755 ἐπίστασαι·
2518 2698 2615 2762 τὰς
2645 2697 2752 2768 γὰρ
2785 2697 3024 2767 κινήσεις
3055 2691 3143 2744 διὰ
3169 2689 3275 2743 τῶν
3303 2687 3434 2741 ὁδῶν
3473 2703 3591 2758 σηο-

1999 2794 2195 2864 μαίνει.
2708 2784 2710 2786 ⁷

2072 2885 2194 2937 Ὅτι
2226 2884 2337 2936 οὐκ
2364 2882 2496 2936 ἔστι
2525 2878 2705 2944 δόλιος
2727 2877 2797 2931 ἐν
2823 2875 3070 2946 γλώσσῃ
3094 2890 3234 2942 μου.
3265 2871 3374 2923 Καὶ
3406 2868 3576 2922 τοῦτο

2000 2977 2253 3048 μέγιστον
2279 2973 2387 3028 τῶν
2410 2969 2848 3043 κατορθωμάτων
2879 2967 2956 3039 τῷ
2988 2965 3179 3029 Δαυῒδ,
3213 2964 3286 3035 μὴ
3314 2961 3577 3031 ἀδικῆσαι

333 3092 456 3133 nem
477 3053 690 3132 laeserit
716 3070 920 3146 lingua,
964 3075 1055 3129 vel‘
1079 3073 1380 3138 mendacio,
1405 3072 1489 3126 vel
1516 3069 1776 3143 perjurio,
1811 3070 1895 3124 vel

2067 3085 2095 3122 ν
2125 3067 2373 3136 γλῶσσαν
2401 3065 2536 3137 μήτε
2559 3064 2618 3116 ἐν
2646 3061 2851 3132 ψεύδει,
2885 3061 3018 3130 μήτε
3052 3059 3110 3111 ἐν
3135 3055 3404 3127 ἐπιορκία,
3431 3053 3575 3125 μήτε

333 3166 532 3222 fraude
554 3166 768 3232 dolove,
799 3165 1015 3236 aliaque
1047 3164 1211 3219 simili
1236 3163 1473 3220 ratione.

405 3259 460 3313 5.
501 3256 656 3322 Ecce,
708 3255 950 3320 Domine,
999 3266 1056 3310 tu
1089 3254 1373 3324 cognovisti
1410 3253 1588 3306 omnia
1618 3253 1899 3307 novissima

335 3357 386 3402 et
415 3349 657 3416 antiqua.
690 3346 860 3402 Media
903 3355 1061 3410 tacet,
1088 3346 1215 3417 quia
1249 3345 1304 3399 in
1333 3345 1512 3400 medio
1557 3347 1656 3399 sita
1695 3344 1899 3400 malitia

337 3446 451 3494 est.
471 3436 588 3493 Non
613 3438 681 3493 ab
710 3437 866 3492 initio
885 3437 1027 3492 enim
1057 3437 1177 3504 fuit,
1203 3451 1304 3493 nec
1328 3436 1380 3490 in
1406 3437 1511 3492 ﬁne
1539 3439 1659 3492 erit.
1695 3437 1769 3492 Tu
1799 3438 1901 3507 for-

338 3531 499 3585 masti
539 3546 621 3584 me
649 3540 698 3585 et
721 3531 945 3600 posuisti
971 3546 1125 3601 super
1147 3545 1226 3584 me
1255 3545 1469 3584 manum
1500 3538 1666 3584 tuam.
1697 3529 1902 3585 Etiam-

339 3624 410 3691 si,
460 3624 653 3694 inquit,
695 3637 784 3678 me
828 3621 1181 3685 formaveris,
1218 3621 1508 3677 formatum
1539 3637 1627 3676 me
1668 3634 1817 3678 tenes
1848 3631 1906 3678 et

339 3733 558 3785 servas;
595 3733 720 3772 nam
757 3717 1033 3788 impositio
1074 3732 1268 3772 manus
1323 3715 1416 3771 Dei
1456 3717 1712 3772 collatum
1748 3717 1902 3772 nobis

343 3805 577 3876 Spiritus
607 3808 808 3862 donum
852 3807 1140 3877 signiﬁcat.
1168 3803 1636 3872 Quemadmodum
1673 3807 1902 3876 apostoli

343 3910 439 3963 per
464 3910 720 3949 manuum
753 3895 1153 3966 impositionem
1195 3893 1458 3964 Spiritum
1492 3906 1739 3950 sanctum
1764 3910 1904 3964 pra:-

342 3987 561 4042 hebant.

415 4078 468 4133 6.
501 4077 769 4132 Mirabilis
799 4078 941 4146 facta
969 4087 1046 4132 est
1090 4077 1311 4132 scientia
1348 4085 1438 4130 tua
1475 4091 1539 4130 ea:
1570 4091 1670 4141 me,
1695 4075 1906 4143 confor-

344 4179 459 4224 tata
505 4180 581 4225 est
624 4181 673 4225 et
711 4187 813 4224 non
847 4179 1023 4240 potero
1063 4169 1133 4225 ad
1163 4187 1300 4224 eam.
1336 4168 1616 4239 Ejusmodi
1644 4177 1728 4224 est
1761 4169 1906 4239 quod

343 4261 476 4316 dicit
508 4261 715 4316 :multa
761 4261 865 4315 alia
909 4275 1030 4316 esse
1067 4277 1097 4314 a
1124 4259 1233 4314 Deo
1260 4261 1313 4313 in
1346 4274 1406 4313 se
1439 4259 1579 4313 facta
1600 4297 1616 4320 ,
1646 4273 1765 4328 qua:
1794 4259 1908 4328 ipse

344 4366 670 4423 cOgnoscere
712 4366 818 4406 non
870 4351 1060 4422 possit.
1101 4348 1238 4404 Nam
1285 4358 1646 4419 exsuperant,
1694 4349 1904 4419 inquit,

1998 3161 2056 3212 ἐν
2085 3157 2267 3228 ἀπάτῃ
2291 3155 2382 3208 καὶ
2415 3154 2568 3224 δόλῳ,
2593 3154 2687 3207 καὶ
2715 3152 2860 3223 πάσῃ
2892 3148 3112 3221 τοιαύτῃ
3139 3146 3272 3218 ἄλλῃ
3300 3143 3422 3215 ὁδῷ.

2082 3245 2225 3300 Ἰδοὺ
2246 3286 2260 3308 ,
2287 3245 2495 3312 Κύριε,
2524 3242 2605 3296 σὺ
2648 3243 2833 3310 ἔγνως
2873 3236 3068 3291 πάντα
3103 3237 3173 3291 τὰ
3213 3237 3438 3301 ἔσχατα
3470 3234 3582 3288 καὶ

1997 3336 2070 3392 τὰ
2108 3336 2343 3405 ἀρχαῖα.
2388 3335 2467 3387 Τὰ
2504 3332 2644 3405 μέσα
2692 3329 3204 3404 παρασεσιώπηται,
3257 3326 3342 3380 διὰ
3385 3327 3445 3378 τὸ
3472 3327 3580 3396 τὴν

1999 3429 2195 3483 κακίαν
2226 3423 2366 3480 εἶναι
2398 3427 2456 3479 ἐν
2483 3424 2560 3496 τῷ
2597 3422 2821 3495 μεταξύ.
2847 3422 2921 3474 Οὐ
2948 3421 3054 3492 γὰρ
3080 3417 3146 3491 ἦν
3177 3420 3234 3472 ἐν
3257 3420 3418 3490 ἀρχῇ,
3448 3417 3579 3471 οὐδὲ

1998 3520 2150 3574 ἔσται
2196 3518 2356 3572 πάλιν
2399 3517 2455 3570 ἐν
2482 3514 2644 3568 τέλει.
2677 3512 2760 3566 Σὺ
2788 3510 3061 3576 ἔπλασάς
3086 3527 3192 3580 με,
3224 3508 3322 3562 καί
3350 3509 3580 3574 ἔθηκας

2000 3613 2092 3666 ἐπ’
2123 3609 2229 3681 ἐμὲ
2255 3609 2370 3678 τὴν
2407 3604 2575 3676 χεῖρά
2605 3621 2740 3658 σου.
2779 3605 2846 3657 Ei
2882 3603 2976 3656 καὶ⁸
3005 3601 3242 3665 ἔπλασάς
3290 3617 3356 3671 με
3376 3641 3389 3665 ,
3415 3600 3574 3669 φησὶ,

2001 3703 2100 3758 καὶ
2145 3701 2402 3770 γεγονότα
2427 3699 2754 3771 διακρατεῖς·
2793 3696 2825 3766 ἡ
2855 3696 2962 3765 γὰρ
3001 3693 3240 3754 ἐπίθεσις
3267 3693 3363 3762 τῆς
3392 3689 3578 3762 χειρὸς

2001 3795 2094 3849 τοῦ
2127 3793 2260 3848 Θεοῦ
2283 3796 2381 3864 τὴν
2408 3789 2802 3862 χορηγηθεῖσαν
2836 3789 2968 3859 ἡμῖν
2999 3785 3092 3839 τοῦ
3127 3784 3264 3840 Πνεύ
3275 3801 3438 3856 ματος
3466 3783 3578 3837 δω-

2007 3886 2134 3958 ρεὰν
2165 3885 2438 3956 σημαίνει·
2470 3881 2544 3945 ὡς
2591 3882 2639 3934 οἱ
2673 3879 2959 3934 ἀπόστολοι
2999 3877 3087 3931 διά
3131 3877 3228 3948 τῆς
3275 3875 3578 3938 ἐπιθέσεως

2003 3976 2110 4030 τῶν
2135 3974 2330 4046 χειρῶν
2357 3975 2612 4044 παρεῖχον
2642 3970 2865 4041 Πνεῦμα
2890 3972 3061 4040 ἆγιον.

2088 4063 2541 4136 Ἐθαυμαστώθη
2580 4065 2617 4132 ή
2649 4061 2871 4133 γνῶσίς
2915 4075 3032 4114 σου
3065 4059 3133 4124 ἐξ
3175 4058 3353 4127 ἐμοῦ,
3401 4057 3579 4124 ἐκρα-

2006 4157 2237 4226 ταιώθη,
2263 4158 2334 4211 οὐ
2346 4155 2430 4225 μὴ
2457 4154 2714 4224 δύνωμαι
2740 4153 2886 4221 πρὸς
2903 4150 3113 4218 αὑτήν.
3149 4153 3214 4204 Ὃ
3237 4150 3380 4218 λέγει
3411 4149 3582 4200 τοιοῦ-

2005 4248 2097 4301 τόν
2129 4249 2297 4301 ἐστιν·
2335 4248 2456 4300 Ὀτι
2488 4245 2648 4316 ἐτερα
2684 4243 2907 4297 πλεῖστά
2940 4244 3055 4295 ἐστι
3089 4240 3155 4294 τά
3185 4240 3292 4292 ἀπὸ
3322 4237 3414 4290 τοῦ
3439 4237 3579 4290 Θεοῦ

2009 4341 2088 4403 είς
2121 4339 2279 4394 αὐτὸν
2314 4337 2676 4409 γεγενημένα,
2710 4335 2804 4388 καὶ
2828 4335 2925 4404 οὐχ
2954 4330 3064 4396 οἷός
3090 4331 3148 4384 τέ
3177 4331 3291 4382 ἐστι
3322 4325 3577 4395 διαγινιτ›-›

345 4440 655 4498 facultatem
708 4458 906 4507 meam,
947 4452 1001 4497 et
1042 4457 1234 4497 eorum
1271 4442 1508 4513 cognitio
1560 4451 1740 4496 mente
1788 4457 1895 4496 mea

2063 4447 2184 4484 ιειν.
2222 4429 2577 4500 ’Υπερϐάλλει
2629 4427 2736 4500 γὰρ
2787 4426 2884 4499 τὴν
2933 4425 3072 4495 ἐμὴν
3115 4422 3372 4492 δύναμιν,
3421 4418 3579 4488 φησὶ,

344 4533 504 4602 longe
551 4535 795 4602 superior
842 4543 956 4601 est,
988 4534 1062 4589 ita
1092 4543 1152 4589 ut
1185 4549 1273 4597 ea.
1313 4549 1416 4589 nec
1462 4532 1784 4602 investigare
1812 4547 1912 4586 nec

348 4625 496 4694 loqui
531 4625 755 4693 possim.
785 4624 1130 4696 Quaecunque
1157 4627 1301 4680 enim
1332 4625 1444 4680 dixi
1486 4641 1648 4696 parva
1691 4624 1913 4694 exigua-

347 4731 456 4787 que
480 4722 627 4769 sunt.
666 4713 871 4768 Divina:
897 4717 1167 4786 siquidem
1199 4717 1416 4773 virtutis
1451 4717 1646 4772 notitia
1675 4715 1913 4787 parvita-

347 4819 456 4864 tem
490 4822 668 4862 meam
695 4806 848 4875 fugit.

420 4982 473 5035 8.
506 4981 565 5037 Si
592 4979 868 5034 ascendero
897 4982 949 5034 in
975 4979 1180 5044 caelum,
1206 4992 1262 5034 tu
1290 4981 1400 5033 illic
1427 4997 1499 5036 es.
1529 4979 1714 5036 Simile
1739 4979 1868 5034 illud
1895 4995 1909 5030 :

349 5071 551 5148 Caelum
591 5075 717 5127 mihi
759 5073 972 5126 thronus
1011 5081 1088 5125 est
1121 5071 1187 5125 ⁸⁵.
1227 5070 1285 5126 Si
1319 5071 1627 5126 descendero
1663 5073 1717 5124 in
1747 5071 1913 5140 infer-

353 5178 502 5228 num,
529 5163 671 5216 ades.
715 5161 963 5218 Praedicit
987 5160 1227 5217 futurum
1257 5159 1474 5216 Domini
1504 5161 1824 5216 descensum
1860 5162 1918 5214 in

353 5252 649 5308 infernum.

423 5343 476 5399 9.
505 5342 564 5397 Si
590 5361 857 5413 sumpsero
877 5361 1072 5416 pennas
1096 5361 1234 5398 meas
1265 5343 1517 5407 diluculo,
1544 5354 1591 5398 et
1618 5343 1918 5397 habitavero

352 5434 408 5486 in
457 5435 701 5493 exlrmis
745 5437 928 5489 maris.
971 5433 1027 5490 ιιι
1064 5443 1168 5504 est,
1209 5437 1254 5491 si
1303 5436 1564 5505 accipiam
1595 5435 1775 5490 avium
1806 5433 1919 5487 alas

354 5527 595 5584 nondum
620 5525 891 5595 defessas;
931 5528 983 5582 id
1009 5529 1152 5584 enim
1183 5528 1452 5600 significat
1485 5527 1638 5594 illud,
1662 5525 1918 5592 diluculo,

425 5702 474 5738 ⁵⁸
498 5703 687 5758 Matth.
716 5720 766 5764 ν.
796 5703 882 5758 5-4.

2011 4525 2104 4578 καὶ
2151 4521 2405 4576 ἐπέκεινά
2448 4522 2564 4573 ἐστι
2604 4521 2703 4590 τῆς
2747 4519 2885 4588 ἐμῆς
2928 4514 3278 4586 καταλήψεως
3307 4514 3340 4584 ἡ
3373 4510 3582 4563 τούτων

2011 4616 2228 4685 γνῶσις,
2256 4614 2332 4676 ὡς
2365 4613 2438 4683 μὴ
2461 4611 2717 4665 δύνασθαί
2752 4627 2818 4680 με
2841 4607 3079 4680 ἐξευρεῖν
3103 4608 3136 4679 ἦ
3164 4607 3395 4670 ἐξειπεῖν
3414 4603 3575 4658 αὑτά.

2013 4707 2153 4760 Ὅσα
2201 4705 2307 4776 γὰρ
2347 4699 2474 4756 εἶπα
2508 4700 2715 4773 σμικρὰ
2747 4701 2837 4755 καὶ
2878 4700 3133 4770 ἐλάχιστα
3159 4697 3429 4768 τυγχάνει.
3464 4695 3581 4763 Τῆς

2011 4798 2119 4870 γὰρ
2147 4796 2333 4866 θεῖκῆς
2360 4793 2638 4864 δυνάμεως
2662 4794 2696 4864 ἡ
2731 4791 3031 4862 κατάληψις
3060 4791 3158 4860 τὴν
3190 4788 3326 4861 ἐμὴν
3358 4787 3584 4859 σμικρό-

2011 4907 2149 4962 τητα
2178 4885 2474 4956 διαφεύγει.

1996 5003 2009 5016 ο
2095 4980 2236 5035 Ἐὰν
2260 4976 2456 5032 ἁναϐῶ
2485 4975 2700 5040 είςλτύν
2725 4973 3000 5043 οὐρανὸν,
3028 4972 3109 5026 σὺ
3136 4971 3261 5026 ἐκεῖ
3274 4967 3581 5038 εἷ.”ομοιον

2013 5070 2093 5133 τδ,
2129 5069 2180 5120 '0
2209 5066 2462 5134 οὐρανός
2482 5082 2581 5133 μοι
2606 5065 2835 5132 θρόνος.
2873 5063 3012 5116 Ἐὰν
3039 5059 3267 5114 καταϐῶ
3289 5062 3376 5125 εὶς
3400 5057 3578 5124 ᾅδην,

2015 5160 2204 5228 πάρει.
2247 5154 2584 5228 Προφητεύει
2624 5151 2721 5224 τὴν
2763 5151 3058 5227 γενομένην
3091 5153 3169 5214 εἰς
3195 5149 3320 5221 ᾅδου
3354 5147 3584 5201 κάθοδον

2014 5252 2107 5304 τοῦ
2140 5249 2365 5322 Κυρίου.

2100 5341 2241 5394 Ἐὰν
2283 5337 2634 5406 ἀντιλάϐοιμι
2677 5335 2777 5403 τὰς
2821 5333 3115 5404 πτέρυγάς
3147 5350 3266 5402 μου
3307 5329 3432 5384 κατ’
3480 5329 3581 5396 ὄρ·-

2018 5437 2180 5501 θρον,
2218 5431 2314 5485 καὶ
2363 5427 2808 5496 κατασκηνώσω
2847 5429 2932 5492 είς
2968 5427 3040 5479 τὰ
3080 5423 3310 5493 ἔσχατα
3349 5419 3454 5487 τῆς
3483 5423 3582 5473 θαρ

2018 5523 2280 5593 λάσσηρ.
2322 5521 2639 5585 Τουτέστιν,
2685 5521 2733 5572 εἰ
2777 5516 2995 5586 λάϐοιμι
3041 5516 3327 5586 πτέρυγας·
3363 5509 3588 5582 πτηνῶν
