3760 6270
1174 270 1536 332 exposmo
1575 273 1642 329 IN
1681 268 2012 332 PSALMUM
2045 241 2370 334 oxxxvm.

3296 259 3402 335 534

155 394 326 462 μήπω
353 389 736 461 κεκμηκότας·
767 387 925 442 τοῦτο
947 387 1053 460 γὰρ
1080 389 1331 460 σημαίνει
1359 407 1438 459 το,
1486 391 1611 446 κατ’
1641 391 1735 458 ὅρ-

1863 393 2058 464 ntegris
2106 393 2312 450 scilicet
2356 391 2559 449 viribus
2604 392 2670 448 ad
2721 390 3042 458 volantium,
3095 398 3149 446 et
3200 390 3400 446 robore

154 486 318 550 θιον.
353 480 570 552 νεαρὰς
609 481 667 534 ἐν
701 479 781 552 τῷ
811 479 1076 534 πέτασθαι
1105 481 1199 535 καὶ
1227 481 1506 554 δυνάμεως
1535 481 1742 553 πεπλη-

155 573 432 645 ρωμένας.
480 573 538 626 '0
571 573 628 625 δέ
665 589 781 635 πως
808 572 934 636 νοῦς
956 566 1127 636 οὗτος·
1164 573 1370 638 Πάντα,
1397 573 1550 644 φησὶ,
1588 591 1741 646 περι-

155 659 394 730 ειληφὼς
441 659 682 730 Κύριος,
726 661 821 713 καὶ
871 661 1044 715 πάντα
1091 661 1370 733 προλαϐὼν
1415 659 1593 729 οἶδας,
1649 663 1742 716 καὶ

156 749 436 822 ’.τανταχοῦ
473 751 664 824 πάρει,
696 752 791 804 καὶ
825 751 1000 806 πάντα
1049 753 1272 824 πληροῖς
1303 754 1378 817 ὼς
1411 753 1560 816 Θεὸς.
1585 749 1738 806 Εἷταυ

157 845 244 907 Ti;
297 845 585 914 γένωμαι,
635 843 701 896 ἄν
730 861 784 896 τι
839 844 1016 915 συμϐῇ
1065 861 1154 915 μοι
1191 845 1530 917 ἁμάρτημα,
1561 846 1655 899 καὶ
1693 846 1741 898 εἰ

154 934 361 1000 γένοιτό
397 951 495 1003 μοι
546 933 704 1004 χρεία
735 932 976 1004 δρασμοῦ
1017 933 1111 986 καὶ
1143 934 1351 1004 φυγῆς,
1378 933 1471 989 σοῦ
1507 935 1600 988 τοῦ
1630 935 1742 987 Κυ-

160 1025 267 1096 ρίου
297 1024 492 1077 πάντα
518 1023 879 1095 ὑπειληφότος

221 1119 329 1172 Καὶ
357 1114 532 1190 εἶπαι
560 1113 704 1185 Ἆρα
732 1118 950 1182 σκότος
970 1117 1376 1185 καταπατήσει
1392 1134 1488 1187 με.
1521 1118 1612 1181 Τὸ,
1641 1133 1741 1171 κα-

155 1207 500 1275 ταπατήσει
525 1246 541 1269 ,
577 1207 697 1260 ἀντὶ
726 1206 818 1260 τοῦ
841 1246 856 1272 ,
893 1207 1152 1261 σκεπάσει
1184 1209 1276 1262 καὶ
1301 1206 1604 1280 ἀποκρύψει
1633 1207 1743 1261 τῶν

163 1299 260 1352 τῶν
313 1297 648 1367 ὀφθαλμῶν.
699 1297 858 1350 Ἀλλὰ
898 1299 991 1352 καὶ
1034 1299 1218 1363 τοῦτο,
1253 1301 1405 1370 φησι,
1452 1299 1514 1352 τὸ
1552 1298 1740 1362 σκότος

157 1381 325 1453 οὕτως
354 1390 516 1442 ἐστὶν
547 1391 603 1442 ὲν
625 1391 690 1460 τῇ
717 1391 782 1461 σῇ
814 1389 1030 1460 γνώσει,
1061 1389 1248 1464 ὥσπερ
1282 1392 1347 1447 ἂν
1371 1393 1454 1464 εῐη
1486 1392 1579 1445 καὶ
1613 1391 1741 1445 αὐτὸ

157 1482 214 1535 τὸ
241 1480 389 1551 φῶς.

230 1573 328 1637 Ὠς
358 1571 434 1625 τὸ
460 1571 684 1636 σκότος
714 1569 901 1639 αὐτῆς
920 1610 935 1635 ,
961 1572 1111 1626 οὕτω
1138 1572 1234 1627 καὶ
1281 1572 1345 1626 τὸ
1379 1572 1504 1643 φῶς
1531 1573 1736 1642 αὐτῆς.

158 1663 436 1735 Καθάπερ
483 1662 596 1734 γὰρ
629 1662 752 1733 ἐμοὶ
805 1661 1049 1733 ζοφώδης
1083 1666 1116 1735 ἡ
1153 1664 1269 1729 νὺξ,
1317 1663 1487 1728 οὕτως
1511 1665 1626 1719 ἐστί
1660 1682 1740 1718 σοι

1839 485 2045 555 plenas.
2074 483 2199 541 Hec
2224 495 2306 542 est
2329 494 2508 541 autem
2542 484 2806 540 sententia
2835 502 2850 539 :
2877 482 2957 539 Tu
2977 525 2992 551 ,
3029 481 3400 554 Domine,.qui

1839 573 2020 628 omnia
2053 574 2321 640 contines,
2353 574 2536 630 omnia
2565 574 2881 644 priusquam
2919 574 3171 629 eveniant
3197 589 3400 644 cogno-

1839 663 1969 727 scis,
2014 663 2216 732 ubique
2258 678 2528 734 praesens,
2557 663 2740 718 omnia
2789 662 2978 732 imples
3012 671 3198 734 utpote
3235 661 3403 718 Deus.

1840 750 2062 815 Deinde,
2088 767 2196 823 quo
2226 767 2312 807 me
2348 761 2572 818 vertam,
2613 752 2659 807 si
2705 752 2760 807 in
2794 752 3083 822 quodpiam
3118 763 3396 821 peccatum

1841 845 2102 913 incidam,
2128 855 2181 902 et
2206 847 2252 903 si
2281 845 2420 918 fugae
2453 847 2584 902 mihi
2616 846 2910 902 necessitas
2942 846 3240 910 incumbat,
3275 860 3398 900 cum

1840 947 1919 1007 tu,
1949 938 2197 1006 Domine,
2227 941 2412 995 omnia
2442 939 2758 994 contineas?

1913 1117 1996 1170 11.
2027 1115 2094 1170 Et
2119 1117 2232 1171 dixi
2269 1133 2288 1172 :
2319 1116 2570 1172 Forsitan
2612 1117 2834 1172 tenebris
2871 1115 3244 1170 conculcabunt
3296 1132 3395 1169 me.

1843 1206 2256 1274 Concutcabunt,
2289 1207 2341 1262 id
2378 1216 2481 1272 est,
2521 1215 2810 1276 contegent
2854 1214 2908 1261 et
2937 1205 3284 1262 occultabunt
3315 1219 3399 1260 me

1842 1297 2014 1352 oculis
2042 1297 2166 1352 tuis.
2199 1295 2306 1352 Sed
2350 1297 2479 1367 ipsa:
2522 1297 2760 1352 tenebrae
2803 1296 3024 1368 perinde
3070 1305 3174 1352 tua:
3219 1295 3400 1366 cogni-

1843 1387 1976 1442 tioni
2007 1397 2134 1443 sunt
2165 1397 2326 1458 atque
2354 1387 2556 1442 lumen.

1915 1592 2002 1647 12.
2050 1591 2202 1648 Sicut
2237 1601 2287 1646 et
2320 1593 2540 1648 tenebrw
2571 1593 2684 1663 ejus
2719 1595 2799 1647 ita
2840 1603 2888 1647 et
2921 1593 3094 1648 lumen
3124 1610 3260 1664 ejus,
3291 1604 3398 1649 etc.

1845 1678 2309 1746 Quemadmodum
2340 1681 2482 1736 enim
2527 1681 2662 1735 mihi
2710 1697 2816 1736 nox
2863 1684 3150 1738 tenebrosa
3191 1691 3293 1749 est,
3329 1683 3401 1738 ita

161 1757 422 1826 φωτεινή.
456 1756 712 1827 Νεφροὺς
737 1755 793 1809 δέ
822 1772 984 1825 φησιν
1021 1751 1156 1810 εἶναι
1193 1757 1317 1821 τοὺς
1345 1756 1508 1826 φόϐου
1535 1774 1738 1829 ποιητι-

1863 1782 1926 1826 ιει
1953 1771 2047 1826 tibi
2079 1771 2279 1828 lucida.
2308 1771 2484 1828 Renes
2514 1781 2696 1828 autem
2742 1774 2908 1841 dicit,
2946 1774 3170 1829 terroris
3216 1773 3403 1829 incus-

159 1848 304 1910 πούς.
357 1845 534 1916 Λέγει
575 1847 652 1906 δὲ.
689 1849 771 1901 ὅτι
814 1849 880 1900 Σὲ
917 1847 1202 1912 διαπαντὸς
1235 1847 1573 1920 ἐφοϐούμην,
1627 1851 1745 1903 ἐπεὶ

159 1939 260 2011 πρὸ
287 1939 600 2010 ὀφθαλμῶν
625 1935 769 2009 εἶχον
801 1939 888 1993 ἀεὶ
915 1939 1012 2010 τὴν
1039 1939 1139 2010 σὴν
1167 1939 1367 2010 κρίσιν.
1402 1937 1744 1995 Ἀντελάϐου

151 2050 268 2102 μου
315 2033 393 2086 ὲκ
435 2033 700 2101 γαστρὸς
737 2033 961 2102 μητρός
998 2049 1136 2101 μου.
1178 2031 1443 2097 Εἰκότως,
1483 2034 1634 2103 φησὶ,
1655 2033 1746 2087 τὸν

159 2123 250 2176 σὺν
294 2122 475 2191 φόϐον
509 2123 858 2194 ἐκτησάμην,
894 2120 1080 2192 ἐπειδὴ
1114 2120 1374 2193 κυόμενόν
1402 2138 1469 2194 με
1497 2122 1531 2193 ἡ
1556 2122 1622 2192 σή
1656 2138 1748 2174 πε-

158 2233 362 2288 ριφρου
373 2217 458 2287 ρεῖ
493 2215 737 2287 πρόνοια.

240 2303 806 2376 Ἑξομολοτήσομαι
833 2320 951 2368 σοι,
982 2304 1070 2358 ὅτι
1093 2304 1351 2375 φοϐερῶς
1373 2302 1748 2373 ἐθαυμαστώ-

158 2402 292 2464 θης.
325 2395 618 2467 Εὐκαίρως
652 2394 788 2466 μετὰ
813 2394 908 2466 τήν
931 2395 1328 2467 προειρημένην
1357 2393 1626 2463 θεολογίαν
1649 2393 1746 2466 τήν

157 2486 559 2557 ἐξομολόγησιν
579 2485 996 2556 ἀναφθέγγεταιι.
1018 2485 1329 2555 Θαυμάσια
1350 2487 1423 2541 τὰ
1437 2487 1580 2556 ἔργα
1606 2503 1744 2552 σου,

158 2579 259 2633 καὶ
293 2578 339 2644 ἠ
365 2576 537 2646 ψυχή
558 2594 678 2646 μου
710 2575 986 2646 γινώσκει
1015 2577 1268 2647 σφόδρα.
1297 2578 1457 2640 Ἥτις
1485 2577 1620 2642 ἐστὶ,
1652 2595 1748 2648 φη-

160 2673 273 2733 σὶν,
301 2672 435 2742 ἐμοὶ
471 2670 697 2740 δύναμις
736 2669 1074 2741 ἀπόρρητος,
1111 2670 1204 2723 καὶ
1247 2671 1384 2741 αὐτή
1417 2687 1497 2722 σοι
1524 2669 1602 2741 τῷ
1629 2669 1762 2741 Θεῷτ

161 2763 386 2835 φανερὰ
411 2762 687 2832 τυγχάνει.
941 2797 944 2800 .

237 2857 374 2909 οὐκ
410 2853 632 2921 ἐκρύϐη
675 2852 742 2905 τὸ
774 2851 998 2906 ὀστοῦν
1030 2869 1150 2922 μου
1197 2851 1312 2906 ἀπὸ
1345 2851 1461 2907 σοῦ
1495 2851 1526 2906 ὃ
1550 2852 1749 2919 ἐποίη-

163 2961 287 3011 σας
327 2944 400 2998 ἐν
424 2942 643 3013 κρυφῇ.
689 2944 804 2997 Οὐκ
843 2942 1030 3007 ἔλαθε,
1080 2944 1245 3012 φησὶ,
1290 2944 1389 3013 τῆς
1431 2943 1682 3013 γυναικὸς
1720 2946 1767 2998 6-

163 3035 404 3099 ϐλισθος,
440 3035 507 3106 ήν
544 3035 609 3087 ἐκ
651 3033 747 3087 τοῦ
791 3033 976 3086 ὀστέου
1012 3051 1110 3103 μου
1141 3032 1439 3102 λεληθότως
1467 3033 1745 3103 ἐποίησας,

167 3128 332 3197 ὕπνῳ
363 3127 521 3196 βαρεῖ
548 3125 777 3186 εὐνάσας
807 3141 892 3196 με·
919 3125 1033 3178 ἀλλ’
1065 3124 1235 3192 ἔγνως
1260 3123 1329 3178 τὰ
1353 3126 1596 3196 ἡμέτερα
1625 3123 1750 3195 κρύ-

168 3234 296 3289 φια,
329 3220 358 3271 ὁ
393 3217 610 3288 ἐκείνην
631 3217 874 3288 κρυφίως
901 3215 1360 3286 ὑποστησάμενος.
1389 3215 1497 3270 Καὶ
1532 3217 1570 3284 ή
1601 3216 1748 3270 ὑπό-

165 3309 398 3374 στασις
423 3325 543 3377 μου
585 3307 656 3360 ἐν
685 3305 811 3372 τοῖς
855 3305 1209 3372 κατωτάτοις
1250 3305 1360 3374 τῆς
1390 3305 1521 3375 τῆς.
1556 3305 1666 3360 Καὶ
1700 3307 1750 3359 εἰ

167 3398 508 3469 διαλυθείην,
537 3397 691 3468 φησὶ,
732 3398 824 3450 καὶ
863 3399 941 3461 εἰς
972 3397 1098 3468 χοῦν
1123 3396 1458 3469 πορευθείην,
1488 3396 1570 3449 σοὶ
1592 3395 1752 3450 πάλιν

170 3491 421 3561 γνωστὸν
450 3491 512 3543 τὸ
535 3489 772 3543 τοιοῦτόν
795 3490 940 3542 ἐστιν

250 3582 328 3636 Τὸ
360 3579 812 3650 ἀκατέρταστόν
843 3596 961 3651 μου
993 3577 1156 3635 εἶδον
1184 3582 1239 3634 οἱ
1283 3579 1577 3648 ὀφθαλμοί
1612 3594 1747 3633 σου.

172 3672 317 3742 Πρὶν
361 3671 636 3738 γενέσθαι,
666 3669 818 3740 φησι,
850 3671 942 3724 καὶ
988 3672 1116 3741 πρὶν
1165 3668 1547 3741 μορφωθῆναι,
1580 3669 1629 3720 oi
1669 3669 1751 3721 σοὶ

170 3764 279 3832 τῆς
310 3762 673 3833 προγνώσεως
702 3762 968 3833 ὀφθαλμοὶ
999 3761 1288 3816 ἐθεάσαντό
1329 3777 1393 3832 με
1437 3760 1531 3814 καὶ
1572 3762 1754 3832 προεῖ-

173 3855 264 3907 δόν
301 3869 392 3924 με,
425 3855 520 3923 οὐχ
547 3851 755 3916 ἁπλῶς,
779 3851 891 3906 ἀλλ’
916 3852 991 3916 ὼς
1015 3852 1114 3923 ήδη
1143 3851 1475 3922 ἐγκείμενον,
1509 3850 1602 3904 καὶ
1630 3866 1755 3903 συν-

175 3944 594 4016 ηριθμημένον,
642 3945 738 3999 καὶ
778 3946 837 3996 ἐν
888 3947 954 4015 τῇ
1003 3943 1166 4014 βίϐλῳ
1215 3961 1308 3996 σου
1351 3941 1749 4025 γεγραμμένον.

188 4037 425 4105 Ἡμέραι
482 4035 961 4101 πλασθῆσονται,
1014 4034 1114 4088 καὶ
1166 4034 1364 4100 οὐδεὶς
1409 4035 1479 4087 ἐν
1528 4031 1748 4098 αὐτοῖς.

178 4127 339 4182 Κατὰ
367 4127 546 4190 πάσας
577 4127 677 4198 τῆς
706 4124 850 4197 ζωῆς
891 4125 1071 4180 αὐτῶν
1101 4125 1200 4190 τὰς
1227 4127 1439 4198 ἡμέρας
1467 4126 1753 4198 εὐρύθμως

179 4221 276 4274 λαὶ
327 4218 646 4282 εὐπλάστως
701 4217 923 4281 ἑαυτοὺς
971 4217 1258 4288 διήγαγον,
1303 4219 1395 4271 καὶ
1444 4217 1577 4289 μηδὲ
1627 4218 1754 4288 μίαν

181 4311 400 4382 ἡμέραν
427 4311 622 4373 αὐτοὺς
648 4309 851 4364 ἄτυπον
877 4308 909 4378 ἢ
936 4306 1207 4363 ἄπλαστον
1232 4309 1541 4380 ἐσχηκέναι.

1845 1877 2015 1918 sores.
2046 1861 2143 1927 Te,
2198 1863 2394 1934 inquit,
2457 1879 2672 1934 semper
2739 1865 3020 1928 timebam,
3082 1864 3211 1934 quia
3269 1863 3404 1917 mihi

1845 1968 2056 2022 semper
2083 1952 2349 2023 judicium
2381 1961 2534 2008 tuum
2578 1955 2649 2009 ob
2687 1955 2876 2011 oculos
2906 1955 3244 2011 versabatur.
3274 1954 3406 2010 Sus-

1845 2044 2025 2113 cepisti
2059 2059 2138 2098 me
2176 2042 2238 2096 de
2279 2053 2426 2099 utero
2475 2047 2662 2099 matris
2686 2062 2832 2101 mem.
2881 2044 3030 2113 Jure,
3073 2046 3285 2116 inquit,
3324 2047 3401 2100 tui

1847 2134 2094 2189 timorem
2140 2134 2328 2199 habui,
2362 2135 2804 2206 quandoquidem
2850 2153 2937 2192 me
2981 2137 3039 2192 in
3080 2148 3234 2194 utero
3277 2153 3400 2193 ver-

1845 2234 2052 2282 santem
2080 2225 2413 2295 providentia
2443 2235 2534 2281 tua
2579 2237 2886 2284 conservat.

1918 2317 2003 2370 M.
2079 2316 2374 2387 Conﬁtebor
2406 2319 2500 2372 tibi
2537 2319 2662 2395 quia
2693 2320 2998 2374 terribiliter
3034 2320 3402 2391 magniﬁcatus

1845 2424 1920 2462 es.
1952 2405 2264 2478 Opportune
2298 2408 2577 2478 praemissa
2622 2409 2712 2464 illa
2761 2410 3052 2480 theologia,
3106 2409 3404 2466 confessio-

1845 2516 1969 2555 nem
2014 2509 2200 2571 postea
2244 2500 2376 2557 edit.
2427 2501 2704 2556 Mirabilia
2747 2519 2904 2572 opera
2951 2511 3082 2570 tua,
3125 2512 3174 2557 et
3225 2504 3406 2557 anima

1846 2607 1960 2646 mea
1997 2593 2260 2661 cognoscit
2308 2591 2486 2646 nimis.
2523 2590 2710 2648 Virtus
2753 2593 2845 2648 illa
2871 2609 2993 2664 qua:
3021 2594 3154 2650 mihi
3196 2593 3412 2649 occulta

1846 2693 1948 2750 est,
1986 2683 2084 2738 tibi
2114 2682 2224 2741 Deo
2257 2685 2550 2755 conspicua
2586 2693 2686 2740 est.

1919 2861 2006 2916 15.
2071 2861 2191 2916 Non
2219 2872 2295 2918 est
2317 2864 2636 2917 occultatum
2668 2879 2726 2917 os
2769 2879 2938 2917 meum
2965 2879 2997 2917 a
3030 2874 3079 2918 te
3106 2863 3245 2934 quod
3274 2864 3404 2934 feci-

1848 2953 1918 3006 sti
1941 2953 1995 3006 in
2023 2952 2244 3008 occulto.
2283 2952 2402 3008 Non
2445 2953 2621 3017 latuit,
2668 2953 2880 3023 inquit,
2928 2953 3170 3008 mulieris
3201 2952 3405 3022 lapsus,

1849 3057 2011 3111 quam
2038 3057 2101 3098 ex
2129 3058 2252 3098 osse
2295 3057 2419 3098 meo
2451 3044 2590 3099 clam
2636 3043 2955 3108 eﬂ‘ormasti,
2987 3053 3276 3114 postquam
3320 3058 3408 3098 me

1850 3130 1997 3200 gravi
2029 3145 2222 3187 somno
2266 3134 2658 3203 oppressisses;
2706 3133 2799 3190 sed
2848 3132 3165 3189 abscondita
3213 3141 3402 3189 nostra

1849 3222 2152 3292 cognoscis,
2183 3223 2276 3294 qui
2316 3223 2545 3278 latenter
2595 3224 2742 3278 illam
2798 3223 3058 3280 exsistere
3111 3222 3304 3278 fecisti.
3339 3221 3409 3279 Et

1849 3312 2146 3368 substantia
2169 3330 2283 3368 mea
2311 3315 2366 3369 in
2395 3315 2734 3384 inferioribus
2761 3325 2932 3370 terra.
2965 3313 3194 3370 Etiamsi
3217 3313 3411 3372 dissolo

1848 3417 1966 3466 var,
1993 3402 2188 3473 inquit,
2216 3414 2271 3460 et
2309 3405 2362 3459 in
2391 3406 2666 3476 pulverem
2701 3406 2913 3472 abeam,
2945 3405 3078 3460 illud
3105 3406 3270 3463 etiam
3308 3424 3408 3463 no-

1848 3501 1963 3549 tum
1990 3502 2074 3549 est
2106 3495 2198 3550 tibi

1924 3586 2012 3642 16.
2067 3585 2439 3657 Imperfectum
2493 3604 2663 3642 meum
2715 3592 2953 3646 viderunt
2990 3596 3131 3649 oculi
3165 3595 3263 3656 tui,
3302 3603 3407 3649 etc.

1850 3678 2151 3746 Antequam
2198 3677 2403 3742 ﬁerem,
2449 3677 2646 3748 inquit,
2693 3690 2746 3735 et
2776 3690 3063 3752 antequam
3111 3684 3400 3746 formarer,

1849 3768 2203 3839 prtescientiaa
2234 3777 2340 3824 tua:
2369 3770 2512 3824 oculi
2543 3787 2629 3827 me
2650 3774 2996 3843 contemplati
3024 3787 3151 3830 sunt
3183 3789 3248 3830 ac
3273 3788 3410 3844 pra-

1849 3860 2134 3928 viderunt;
2162 3875 2262 3916 nec
2289 3863 2627 3933 simpliciter,
2647 3865 2739 3920 sed
2765 3874 2824 3919 ut
2849 3865 2961 3936 jam
2988 3867 3245 3937 positum,
3275 3881 3408 3921 con-

1852 3961 2195 4008 numeratum
2225 3962 2278 4009 et
2307 3955 2640 4026 descriptum
2689 3957 2742 4010 in
2790 3958 2929 4015 libro
2978 3969 3094 4015 tuo.
3135 3961 3259 4016 Dies
3295 3961 3411 4028 for-

1853 4045 2135 4099 mabuntur
2173 4057 2222 4101 et
2269 4061 2420 4100 nemo
2456 4047 2511 4100 in
2542 4049 2637 4102 eis.
2675 4047 2943 4106 Omnibus
2978 4050 3099 4106 vitae
3140 4065 3252 4107 sua:
3292 4051 3410 4106 ἀίει

1852 4137 1956 4192 bus
1981 4137 2150 4207 probe
2194 4145 2250 4194 et
2292 4139 2542 4194 ordinate
2589 4155 2709 4196 sese
2759 4150 3064 4209 gesserunt,
3115 4142 3187 4195 ita
3238 4150 3298 4196 ut
3345 4157 3426 4196 ne

1785 4283 1790 4289 ,
1853 4243 2018 4282 unam
2049 4229 2268 4299 quidem
2313 4230 2456 4285 diem
2491 4231 2910 4302 incompositam
2956 4240 3010 4286 et
3051 4230 3428 4286 inordinatam-

1853 4319 2078 4390 egerint.

263 4407 426 4478 Ἐμοὶ
451 4405 520 4459 δὲ
541 4407 686 4460 λίαν
703 4405 1072 4474 ἐτιμήθησαν
1098 4407 1152 4458 oi
1176 4405 1340 4474 φίλοι
1368 4421 1503 4468 σου,
1530 4407 1562 4458 ό
1587 4403 1747 4470 Θεός·

1925 4409 2029 4476 17,
2095 4411 2180 4464 18.
2262 4409 2404 4464 Mihi
2455 4421 2633 4464 autem
2689 4413 2848 4465 nimis
2900 4410 3231 4479 honori/icui
3292 4421 3414 4464 sunt

186 4498 412 4570 Ὅμοιον
446 4496 536 4549 τόο
596 4497 660 4550 '0
703 4495 1023 4565 δεχόμενος
1072 4493 1385 4564 προφήτην
1435 4496 1522 4560 εις
1569 4493 1755 4562 ὄνομα

185 4587 516 4659 προφήτου,
546 4586 767 4656 μισθὸν
799 4586 1106 4655 προφήτου
1123 4584 1402 4654 λήψεται.
1420 4583 1756 4653 Ἑξαριθμή-

185 4696 362 4749 caput
386 4678 632 4744 αὐτοὺς,
661 4677 760 4731 καὶ
789 4677 940 4747 ὑπὲρ
978 4677 1173 4748 ἅμμον
1208 4676 1752 4744 πληθυνθήσονται.

185 4770 416 4834 Εὔελπίς
465 4770 617 4840 εἰμι,
651 4767 783 4838 φησὶ
805 4807 820 4833 ,
869 4769 993 4832 τοὺς
1038 4767 1222 4837 φίλους
1249 4765 1422 4838 τιμῶν
1450 4765 1580 4828 τοὺς
1608 4765 1753 4830 σοὺς,

185 4863 263 4915 ὅτι
294 4861 361 4932 δὴ
390 4863 451 4913 ἐν
478 4863 545 4931 τῇ
572 4858 865 4914 ἀναστάσει
900 4859 1016 4930 μετ’
1039 4858 1216 4912 αὐτῶν
1243 4859 1529 4930 στήσομαι,
1565 4857 1658 4911 καὶ
1688 4857 1754 4910 δι’

184 4954 379 5016 αὐτοὺς
403 4951 504 5022 τὴν
533 4951 684 5024 παρὰ
708 4950 802 5004 σοῦ
825 4951 1094 5021 κτήσομαι
1123 4951 1304 5022 τιμήν.
1333 4949 1463 5004 Τότε
1489 4950 1574 5020 δὴ,
1601 4950 1753 5021 φησὶ,

186 5045 275 5098 καὶ
315 5043 366 5095 oi
405 5041 720 5114 ἁμαρτωλοὶ⁵
754 5043 1152 5106 ἀποκτενοϊντο,
1180 5041 1442 5107 τουτέστι,
1473 5042 1570 5107 τὰς
1599 5060 1756 5115 προσ-

185 5131 426 5205 ηκούσας
453 5130 818 5202 ἀπολήψονται
848 5130 1020 5195 δίκας.

265 5224 409 5286 Ἐὰν
447 5223 814 5290 ἀποκτείνῃς
863 5221 1276 5291 ἁμαρτωλοὺς.
1314 5225 1348 5276 ό
1392 5225 1551 5289 Θεός.
1585 5222 1755 5288 Εἰδὼς

188 5314 284 5376 τὰς
330 5312 597 5383 ἐσομένας
638 5314 758 5366 κατ’
803 5310 982 5366 αὐτῶν
1014 5311 1195 5374 δίκας,
1236 5310 1339 5375 ἔξω
1367 5327 1469 5364 που
1511 5311 1754 5382 ἀφορίζει

193 5405 391 5468 αὐτοὺς,
429 5401 646 5458 ἑαυτοῦ.
691 5402 930 5472 Ἄνδρες
967 5402 1226 5472 αἱμάτων
1244 5441 1258 5464 ,
1301 5402 1615 5456 ἐκκλινατε
1655 5402 1753 5456 ἀπ’

193 5491 354 5561 ἐμοῦ,
385 5491 476 5546 ὅτι
513 5491 745 5560 ἐρισταί
770 5491 909 5546 ἐστε
934 5493 1020 5558 εἷς
1061 5490 1501 5562 διαλογισμούς.
1534 5491 1644 5561 Τὴν
1673 5493 1756 5544 αξξ

259 5671 312 5702 "'
358 5672 542 5728 Matth.
585 5690 640 5736 x,
676 5673 762 5727 Η.

1854 4502 2013 4555 amici
2036 4502 2136 4565 tui,
2173 4502 2332 4560 Deus.
2365 4500 2554 4555 Simile
2584 4510 2668 4555 est
2689 4501 2819 4555 illud
2843 4502 2888 4535 "
2918 4519 2930 4556 :
2968 4501 3073 4567 Qui
3089 4503 3271 4571 recipit
3293 4519 3415 4571 pro-

1854 4590 2058 4660 phetam
2114 4591 2168 4644 in
2226 4591 2433 4643 nomine
2469 4590 2750 4660 prophetae,
2814 4591 3095 4645 mercedem
3152 4595 3417 4662 prophetas

1855 4679 2096 4748 accipiet.
2135 4677 2488 4733 Dinumerabo
2519 4696 2605 4734 eos
2633 4689 2681 4733 et
2718 4697 2872 4750 super
2899 4697 3114 4736 arenam
3155 4682 3416 4752 multipli-

1854 4769 2130 4824 cabuntur.
2174 4769 2329 4839 Spes,
2363 4770 2838 4841 inquit,.mihi.est
2871 4774 3013 4844 quod
3054 4773 3259 4831 amicos
3291 4783 3416 4828 tuos

1856 4860 2062 4915 honore
2107 4875 2426 4930 prosequar,
2484 4860 2729 4916 futurum
2797 4873 2856 4918 ut
2915 4864 2968 4918 in
3019 4865 3416 4920 resurrectione

1857 4964 1978 5004 cum
2009 4948 2113 5004 illis
2139 4949 2458 5015 consistam,
2507 4959 2561 5006 et
2606 4960 2824 5022 propter
2873 4968 2968 5008 eos
2998 4953 3258 5006 honorem
3302 4967 3332 5005 a
3364 4961 3415 5006 te

1857 5039 2138 5108 accipiam.
2170 5037 2563 5111 Tunc,_inquit,
2593 5051 2907 5112 peccatores
2934 5043 3274 5106 occidantur,
3312 5041 3415 5098 hoc

1856 5139 1959 5195 est,
1997 5131 2320 5202 promeritae
2349 5148 2539 5202 poenas
2563 5134 2734 5187 luant.

1929 5224 2016 5280 19.
2077 5221 2134 5278 Si
2163 5223 2436 5290 occideris,
2477 5224 2634 5288 Deus,
2675 5235 2988 5294 peccatores.
3031 5223 3248 5281 Gnarus
3286 5241 3415 5294 sup-

1857 5316 2145 5387 pliciorum
2198 5316 2399 5386 quibus
2440 5315 2686 5371 futurum
2733 5326 2816 5372 est
2864 5325 2922 5372 ut
2966 5317 3289 5384 afﬁciantur,
3321 5334 3416 5373 eos

1857 5407 2261 5478 quodammodo
2303 5408 2370 5462 ab
2397 5422 2455 5464 se
2481 5416 2742 5478 segregat.
2800 5408 2912 5463 Viri
2941 5410 3285 5480 ,sanguinum,
3321 5410 3416 5463 de-

1858 5500 2046 5554 clinate
2065 5517 2096 5553 a
2119 5516 2217 5568 me,
2255 5500 2378 5569 quia
2409 5501 2721 5556 contentiosi
2744 5503 2869 5556 estis
2900 5503 2953 5556 in
2985 5503 3416 5572 cogitationibus.
