3760 6270
348 244 456 303 555

1190 240 1248 297 S.
1285 239 1657 297 ATHANASH
1693 241 1841 297 UPP.
1884 241 2065 297 PARS
2101 240 2190 296 ιιι.
2227 270 2297 282 -
2334 238 2741 297 EXEGETICA.

3460 235 3611 293 55G

346 370 577 421 Causam
607 363 807 418 indicat
833 377 932 418 cur
956 361 1025 416 ab
1046 374 1104 417 se
1132 368 1442 430 peccatores
1469 359 1727 429 expellat.
1751 358 1896 425 ideo,

2038 355 2119 411 ίαν
2154 357 2287 430 φησὶ
2312 356 2378 409 δι’
2408 355 2473 427 ἢν
2501 353 2791 408 ἀπελαύνει
2820 354 2917 422 ἀφ’
2936 350 3131 406 ἑαυτοῦ
3162 352 3286 415 τοὺς
3308 351 3613 422 ἀμαρτω-

346 455 542 526 inquit,
569 454 928 524 expelluntur,
962 452 1088 524 quia
1112 453 1374 507 adversus
1407 450 1575 507 Deum
1602 452 1900 522 loquuntur

346 547 557 618 ipsique
588 556 911 617 repugnant.
956 555 1013 601 et
1039 545 1242 602 frustra
1277 547 1404 602 elati
1443 545 1678 616 superbe
1731 552 1900 616 agam

343 640 629 698 adversum
666 655 836 710 genus
888 639 1203 694 humanum.

408 733 500 797 2i,
530 732 622 786 22.
678 730 863 786 Nonne
892 733 980 801 qui
1003 728 1226 784 oderunt
1268 739 1338 796 te,
1366 728 1608 796 Domine,
1644 729 1905 783 oderam?

342 825 560 880 Amicos
611 824 832 894 quidem
881 833 1007 880 tuos
1044 822 1333 892 diligebam
1392 831 1446 877 et
1492 822 1548 876 in
1601 821 1896 876 amicitiam

342 931 515 970 meam
565 917 930 987 recipiebam:
983 916 1236 970 inimicos
1268 924 1446 970 autem
1495 923 1620 969 tuos
1662 911 1897 984 perfecte

342 1006 582 1062 oderam.
630 1005 838 1061 Inimici
868 1015 1047 1062 autem
1091 1004 1186 1061 Dei
1221 1015 1350 1060 sunt
1387 1005 1566 1075 primo
1589 1002 1803 1073 quidem
1841 1012 1897 1057 et

340 1098 557 1166 proprie
593 1098 788 1168 impuri
823 1096 1097 1152 daemones
1133 1114 1148 1151 :
1183 1095 1403 1152 secundi
1451 1104 1576 1165 post
1624 1094 1769 1161 illos,
1796 1093 1896 1164 qui

340 1188 697 1245 idololatriam
723 1188 1037 1251 defendunt,
1066 1197 1123 1243 et
1152 1189 1424 1243 haeresum
1459 1188 1751 1257 principes.

514 1279 580 1334 In
615 1282 770 1349 ﬁnem
797 1278 1135 1336 PSALMUS
1166 1279 1354 1334 David.
1406 1276 1721 1334 CXXXIX.

405 1373 457 1427 1.
512 1371 673 1441 Eripe
704 1389 803 1439 me,
837 1373 1082 1439 Domine,
1112 1373 1177 1428 ab
1209 1373 1419 1427 homine
1465 1371 1628 1426 malo.
1681 1370 1893 1426 Clamat

336 1466 403 1519 ad
436 1464 600 1520 Deum
632 1474 692 1520 ut
716 1466 1007 1522 ulciscatur
1042 1466 1300 1537 iniuriam
1331 1480 1364 1520 a
1411 1463 1749 1521 daemonibus
1800 1465 1892 1516 Ιιιι-

336 1572 510 1611 ιηαιιίιι
539 1565 748 1612 natum
788 1557 1015 1622 illatam,
1050 1566 1106 1612 et
1155 1565 1218 1612 ut
1260 1556 1604 1628 iniquitatem
1638 1554 1693 1609 in
1727 1561 1890 1623 caput

335 1646 643 1716 iniquorum
673 1656 975 1703 convertat.
1018 1647 1144 1704 Haec
1192 1658 1375 1704 autem
1405 1648 1570 1704 etiam
1619 1647 1686 1703 de
1715 1646 1890 1715 sensi-

334 1736 534 1794 bilibus
569 1737 809 1796 inimicis
832 1739 939 1796 dici
969 1740 1205 1810 possint.

399 1912 456 1967 2.
514 1913 621 1979 Qui
650 1916 1001 1987 cogitaverunt
1024 1917 1350 1987 iniquitatem
1371 1917 1428 1969 in
1456 1916 1632 1981 corde,
1662 1924 1773 1968 tota
1803 1915 1890 1967 die

330 2007 711 2062 emutituebant
754 2009 965 2078 pretia.
1016 2006 1136 2062 Non
1184 2015 1395 2063 tantum
1453 2007 1599 2062 enim
1652 2006 1891 2059 humana

332 2098 615 2154 ratiocinia
652 2100 1024 2164 admiserunt,
1065 2100 1160 2155 sed
1204 2100 1371 2156 etiam
1413 2114 1577 2170 opera
1613 2098 1889 2170 cogitatio-

331 2191 492 2246 nibus
523 2190 859 2261 adjecerunt.
903 2191 1041 2246 lllud
1082 2199 1264 2247 autem
1289 2232 1311 2258 ,
1349 2201 1459 2247 tota
1499 2191 1606 2257 die,
1637 2188 1888 2263 Symma-

330 2280 467 2338 chus
490 2319 513 2349 ,
546 2297 639 2351 per
664 2282 899 2353 singulos
927 2284 1063 2348 dies,
1097 2284 1508 2355 interpretatur.

399 2371 453 2430 6.
506 2372 674 2428 Jama
714 2376 816 2430 iter
841 2376 1154 2431 scandalum
1195 2385 1481 2447 posuerunt
1543 2375 1693 2429 mihi.
1761 2373 1887 2431 Haec

329 2462 534 2530 omnia,
565 2462 762 2534 inquit,
794 2462 1084 2530 faciebant,
1119 2472 1181 2519 ut
1203 2479 1425 2521 cursum
1455 2463 1576 2534 ejus
1603 2463 1672 2519 ad
1714 2462 1885 2519 Deum

328 2555 605 2622 sisterent,
631 2555 845 2627 laqueis
878 2557 1042 2627 pedes
1078 2556 1200 2628 ejus
1223 2556 1635 2628 complicautes,
1663 2567 1722 2613 ut
1758 2572 1889 2613 eum

327 2662 360 2700 a
392 2645 489 2702 Dei
526 2655 823 2717 conspectu
844 2648 1160 2720 dejicerent.

395 2822 455 2877 9.
507 2819 591 2877 Ne
623 2822 805 2878 tradas
849 2838 951 2889 nte,
979 2822 1221 2891 Domine,
1250 2839 1285 2877 a
1312 2822 1572 2878 desiderio
1612 2838 1722 2877 meo
1762 2839 1884 2893 pee-

326 2915 515 2970 eatori.
570 2913 709 2982 Ego,
756 2915 955 2985 inquit,
987 2914 1236 2983 Domine,
1282 2916 1514 2972 salutem
1564 2924 1779 2983 expeto,
1816 2930 1885 2970 ne

2003 448 2146 512 λούς.
2174 447 2273 501 Διά
2307 446 2483 510 τοῦτο,
2512 446 2695 517 φησὶν,
2717 444 3045 509 ἐλαύνονται,
3073 445 3153 497 ὅτι
3183 440 3603 511 ἀντιφθέγγον-

1999 557 2088 592 ται
2118 538 2213 592 καλ⁸
2255 535 2736 607 ἀντιφιλονεικοῦσι
2760 535 2877 605 Θεῷ
2896 574 2911 598 ,
2940 537 3035 588 καὶ
3066 533 3240 604 μάτην
3269 533 3600 604 ἐπαιρόμε-

1999 646 2079 683 νοι
2112 628 2651 698 καταλαζονευόμενοι
2683 626 2775 680 τοῦ
2804 625 2911 679 τῶν
2940 622 3237 696 ἀνθρώπων
3267 623 3403 694 βίου.

2072 719 2219 789 Οὐχί
2244 720 2385 786 τοὺς
2410 718 2741 789 μισοῦντας
2765 732 2859 781 σε,
2886 718 3086 784 Κύριε,
3110 715 3407 782 ἐμίσησα;
3436 715 3597 768 Ὅτι

1997 816 2122 880 τοὺς
2157 815 2255 887 μὲν
2298 815 2424 878 σοὺς
2451 815 2680 884 ἠγάπων
2707 813 2800 867 καὶ
2831 812 3171 883 ἀπεδεχόμην
3197 810 3400 881 φίλους·
3433 811 3591 873 τοὺς

1996 905 2053 961 δὲ
2096 906 2322 979 ἐχθρούς
2375 923 2468 960 σου
2514 905 2734 968 τελείως
2779 905 3021 974 ἐμίσουν.
3086 902 3297 974 Ἐχθροὶ
3350 901 3407 955 δὲ
3459 899 3589 955 τοῦ

1996 997 2134 1051 Θεοῦ
2163 997 2393 1069 πρώτως
2414 998 2509 1070 μὲν
2534 996 2629 1050 καλ⁸
2655 994 2856 1067 κυρίως
2884 996 2935 1048 οἱ
2958 993 3255 1065 ἀκάθαρτοι
3285 993 3580 1063 δαίμονες·

1996 1088 2235 1161 δεύτεροι
2273 1089 2330 1144 δὲ
2371 1090 2488 1161 μετ’
2529 1088 2768 1151 ἐκείνους
2814 1086 2885 1147 οἴ,
2908 1102 2967 1138 τε
2997 1084 3094 1157 τὴν
3126 1083 3584 1156 εἰδωλολατρείαν

1882 1246 1889 1253 ο
1998 1180 2408 1255 πρεσϐεύοντες,
2432 1168 2525 1235 καὶ
2554 1181 2605 1234 οἱ
2631 1179 2737 1232 τῶν
2761 1177 3025 1250 αἱρέσεων
3052 1175 3300 1247 ἁρχηγοί.

2186 1277 2288 1341 Εἰς
2324 1273 2500 1339 τέλος
2531 1273 2837 1326 ΨΑΛΜΟΣ
2860 1267 2940 1334 τῷ
2961 1268 3159 1322 Δαυΐδ.
3186 1268 3341 1321 ΡΛΘ¹

2077 1366 2324 1432 Ἐξέλου
2361 1382 2456 1436 με,
2487 1365 2680 1432 Κύριε,
2705 1362 2775 1427 ἐξ
2801 1360 3109 1430 ἀνθρώπου
3135 1357 3417 1426 πονηροῦ.
3446 1355 3587 1428 Τῆς

1994 1461 2290 1532 γενομένης
2323 1457 2533 1520 ἀδικίας
2561 1454 2714 1527 παρὰ
2744 1453 2853 1507 τῶν
2880 1452 3148 1524 δαιμόνων
3172 1453 3239 1521 τῇ
3271 1446 3585 1521 ἀνθρώπου

1996 1554 2152 1624 φύσει
2181 1548 2513 1621 κεκραγέναι
2546 1547 2681 1619 πρὸς
2721 1546 2812 1599 τὸν
2854 1544 2984 1599 Θεὸν
3032 1543 3254 1613 ποιῆσαι
3289 1540 3385 1612 τὴν
3414 1541 3580 1595 ὲκδί-

1994 1652 2173 1716 κησιν,
2207 1643 2300 1698 καὶ
2331 1638 2696 1714 μεταστρέψαι
2725 1641 2805 1702 είς
2830 1636 3068 1707 κεφαλὴν
3099 1634 3206 1689 τῶν
3236 1633 3583 1689 ἀδικούντων

1990 1738 2086 1809 τὴν
2112 1736 2342 1791 ἀδικίαν.
2372 1732 2602 1804 Δεχθείη
2637 1731 2695 1786 δὲ
2722 1731 2816 1784 καὶ
2844 1730 2937 1784 ἐπὶ
2959 1727 3231 1800 αἰσθητῶν
3257 1725 3469 1799 ἐχθρῶν
3488 1728 3577 1781 τὰ

1989 1830 2272 1902 λεγόμενα.
3374 1829 3389 1845 ⁹

2060 1923 2286 1985 Οἵτινες
2331 1917 2687 1987 ἐλογίσαυντο
2731 1913 2969 1968 ἀδικίαν
3008 1912 3077 1966 ἐν
3117 1909 3363 1979 καρδίᾳ,
3403 1907 3573 1976 ὅλην

1986 2014 2102 2083 τὴν
2130 2011 2361 2082 ἡμέραν
2399 2007 2789 2078 παρέτασσον
2817 2003 3135 2073 πολέμους.
3165 2003 3238 2055 Ού
3264 2002 3372 2073 γὰρ
3398 2001 3575 2071 μόνον

1987 2104 2243 2173 πονηροῖς
2291 2100 2592 2170 ἐχρήσαντο
2641 2095 2942 2166 λογισμοῖς,
2985 2093 3120 2146 ἀλλὰ
3162 2093 3255 2146 καὶ
3307 2093 3375 2161 τά
3416 2092 3571 2163 ἔργα.

1986 2191 2329 2267 προσέθηκαν
2378 2192 2490 2253 τοῖς
2529 2188 2825 2258 λογισμοῖς.
2869 2186 2944 2238 To
2974 2185 3059 2246 δὲ,
3085 2184 3242 2253 ὅλην
3270 2184 3385 2252 τὴν
3409 2185 3573 2253 ἡμέε-

1977 2300 2117 2352 ραν,
2146 2283 2175 2335 ὁ
2206 2279 2496 2351 Σύμμαχος
2514 2317 2530 2342 ,
2562 2275 2711 2331 κατὰ
2738 2273 2945 2329 πᾶσαν
2967 2274 3214 2344 ἡμέραν,
3242 2273 3561 2346 ἑρμηνεύει.

2066 2373 2356 2443 Ἐχόμενα
2387 2370 2623 2440 τρίϐους
2650 2365 2970 2424 σκάνδαλα
2990 2366 3195 2420 ἐθεντό
3216 2382 3338 2435 μοι.
3362 2365 3558 2419 Ταῦτα

1986 2465 2194 2527 πάντα,
2226 2464 2418 2534 φησιν,
2446 2461 2683 2525 ἐποίουν,
2712 2460 2800 2513 ἵνα
2838 2459 2929 2511 τὸν
2969 2456 3164 2528 δρόμον
3194 2459 3427 2522 στήσωσι
3454 2458 3572 2527 τῆς

1984 2555 2128 2609 κατά
2163 2552 2294 2607 Θεὸν
2343 2552 2587 2622 πορείας,
2627 2549 2753 2612 τοὺς
2785 2546 2951 2611 πόδας
2982 2545 3146 2602 αὐτοῦ
3177 2547 3367 2615 παγίσι
3399 2562 3569 2616 περι-

1986 2643 2294 2707 ϐάλλοντες,
2339 2641 2427 2694 ἵνα
2455 2640 2555 2711 τῆς
2602 2641 2659 2693 ὲν
2696 2636 2816 2709 Θεῷ
2861 2637 3102 2702 στάσεως
3125 2637 3285 2692 αύτδν
3317 2636 3571 2691 καταδά-

1984 2734 2168 2787 λωσιν.

2052 2830 2111 2880 Μ
2117 2825 2151 2894 ὴ
2180 2822 2456 2893 παραδῷς
2475 2838 2573 2892 με,
2598 2822 2793 2890 Κύριε,
2822 2820 2940 2875 ἀπὸ
2965 2791 3074 2889 τῆς
3099 2820 3561 2891 ἐπιθυμίας.μου

1983 2914 2327 2986 ἁμαρτωλῷ.
2366 2913 2541 2983 Ἐγὼ,
2571 2913 2724 2983 φησὶ,
2762 2911 2934 2984 Κύριε
2971 2911 3258 2983 ἐπιθυμίαν
3302 2911 3573 2983 ἐπιθυμῶ.

325 3005 489 3076 igitur
520 3007 866 3078 derelinquas
914 3021 1021 3073 me,
1078 3021 1146 3062 ne
1186 3022 1254 3061 ex
1298 3007 1400 3063 hac
1444 3009 1532 3063 via
1566 3008 1883 3064 deturbatus

2038 3005 2277 3078 υτηρίας·
2334 3004 2409 3077 μὴ
2454 2999 2549 3058 οῦν
2594 3000 2992 3075 ὲγκαταλείπῃς
3045 3018 3133 3073 με,
3164 3000 3304 3055 ὥστε
3351 3001 3561 3073 ταύτης

325 3096 508 3152 tradar
557 3099 829 3168 peccatori
856 3136 872 3161 ,
935 3097 1143 3154 scilicet
1206 3099 1443 3157 diabolo.
1512 3098 1881 3171 Cogitaverunt

325 3196 509 3241 contra
529 3202 629 3252 me,
669 3203 732 3242 ne
781 3186 1113 3258 derelinquas
1144 3205 1225 3243 me
1281 3206 1345 3245 ne
1380 3191 1514 3260 forte
1560 3190 1885 3246 esaltentur.

327 3275 442 3332 Sub
475 3286 782 3348 tegumento
825 3280 1034 3336 alarum
1079 3282 1200 3352 ejus
1245 3281 1456 3354 contegi
1490 3292 1664 3354 rogat,
1704 3292 1757 3338 et
1783 3285 1885 3339 sub

324 3369 528 3438 potenti
564 3385 730 3426 manu
762 3371 900 3443 ejus,
930 3388 961 3427 a
990 3387 1101 3442 qua
1136 3390 1297 3429 nemo
1327 3374 1535 3444 eripere
1566 3385 1783 3446 potest;
1816 3391 1885 3431 ne

321 3460 507 3531 itaque
542 3470 601 3516 ut
641 3462 695 3517 in
730 3464 837 3519 alia
860 3464 1101 3535 qualibet
1139 3480 1198 3520 re
1229 3466 1514 3539 magniﬁce
1552 3469 1810 3523 sentiant.

393 3638 480 3694 l0.
543 3639 712 3712 Caput
743 3644 993 3699 circuitu:
1020 3661 1221 3711 eorum,
1265 3644 1436 3713 labor,
1465 3653 1572 3699 etc.
1620 3644 1679 3698 In
1712 3643 1879 3712 ipsos,

318 3729 517 3800 inquit,
548 3730 753 3786 recidat
777 3733 1066 3789 consilium
1100 3748 1315 3790 eorum.
1345 3731 1462 3789 Hoc
1486 3733 1632 3789 enim
1667 3732 1881 3804 signiti-

317 3830 427 3886 cat,
472 3831 635 3892 caput
681 3824 945 3879 circuitus
971 3840 1182 3882 eorum.
1228 3827 1405 3895 Caput
1437 3828 1583 3882 enim
1629 3834 1882 3897 peccato-

317 3926 442 3967 rum
465 3921 549 3967 est
573 3914 828 3984 cogitatio
866 3923 921 3971 et
946 3931 1162 3974 sensus.
1192 3917 1519 3975 insidiarum
1555 3920 1756 3988 quibus
1795 3934 1881 3974 me

316 4005 793 4063 circumdederunt
833 4008 1163 4079 principium
1203 4019 1261 4066 et
1307 4022 1490 4082 caput,
1549 4011 1660 4066 imo
1715 4011 1876 4065 etiam

315 4095 631 4169 defatigatio
675 4109 730 4155 et
770 4100 926 4156 labor
956 4100 1199 4171 ipsorum
1232 4100 1521 4158 adversum
1565 4117 1653 4156 me
1687 4117 1878 4157 susce~

312 4200 442 4260 ptus
474 4190 529 4246 in
564 4192 717 4262 ipsos
742 4192 968 4250 recidat.
1013 4192 1163 4261 Quos
1203 4210 1420 4267 :equum
1442 4206 1541 4252 est
1570 4197 1711 4268 ignis
1744 4210 1876 4265 sup-

311 4281 478 4351 plicio
513 4284 673 4339 tradi.

1985 3095 2411 3169 παρατραπέντα
2431 3092 2799 3164 παραδοθῆναι
2832 3090 3157 3162 ἁμαρτωλῷ,
3184 3091 3300 3163 ῆτοι
3331 3089 3409 3162 τῷ
3440 3090 3568 3144 δια-

1985 3190 2143 3261 ϐόλῳ.
2172 3188 2591 3257 Διελογίσαντο
2636 3185 2763 3238 κατ’
2800 3183 2967 3253 ἐμοῦσ
2999 3182 3085 3253 μὴ
3118 3183 3563 3252 ἐγκαταλείπῃς

1978 3299 2076 3352 με,
2107 3280 2340 3350 μήποτε
2386 3275 2724 3348 ὐψωθῶσιν.
2772 3276 2861 3330 Ἐν
2895 3275 3072 3348 σκέπῃ
3115 3274 3224 3328 τῶν
3268 3274 3563 3346 πτερύγων

1983 3372 2147 3426 αὑτοῦ
2176 3372 2316 3436 ἀξιοῖ
2344 3368 2738 3441 σκεπασθῆναι,
2773 3367 2868 3421 καὶ
2902 3367 3006 3420 ὑπὸ
3039 3365 3137 3437 τὴν
3163 3366 3430 3439 κραταιὰν
3456 3366 3561 3420 αύ-

1981 3463 2076 3518 τοῦ
2123 3466 2311 3535 χεῖρα,
2344 3463 2437 3530 ἀφ’
2480 3455 2550 3534 ἦς
2592 3459 2765 3523 οὐδεὶς
2797 3458 3015 3513 δύναται
3047 3458 3323 3530 ἁρπάσαι,
3358 3456 3445 3513 ἵνα
3474 3457 3563 3532 μὴ

1982 3556 2057 3619 ὡς
2084 3555 2176 3607 ὲπί
2208 3572 2260 3609 τι
2289 3552 2416 3608 ἄλλο
2446 3570 2501 3606 τι
2533 3553 3036 3624 μεγαφρονήσωσιν.

2062 3648 2125 3701 Ἠ
2167 3644 2401 3716 κεφαλὴ
2446 3645 2554 3700 τοῦ
2602 3645 2988 3714 κυκλώματος
3032 3642 3249 3698 αὐτῶν.
3290 3643 3405 3697 Ἐπ’
3456 3642 3560 3695 αὑ-

1980 3737 2126 3801 τοὺς,
2156 3737 2339 3808 φησὶν,
2370 3734 2511 3788 ἔλθοι
2539 3736 2568 3788 δ
2593 3733 2998 3788 ἐϐουλεύσαντο.
3025 3733 3194 3788 Τοῦτο
3223 3733 3332 3805 γὰρ
3358 3734 3563 3804 σημαί-

1980 3845 2059 3882 νει
2091 3829 2125 3898 ή
2159 3826 2367 3897 κεφαλή
2408 3825 2504 3879 τοῦ
2536 3823 2894 3896 κυκλώματος
2943 3823 3142 3879 αὐτῶν.
3182 3824 3407 3895 Κεφαλὴ
3439 3823 3557 3896 γὰρ

1978 3918 2089 3973 τῶν
2115 3916 2453 3988 ἁμαρτωλῶν
2488 3919 2517 3972 ὁ
2542 3917 2800 3989 λογισμὸς
2837 3917 2932 3971 καὶ
2961 3917 2994 3987 ἠ
3025 3915 3292 3986 αἴσθησις.
3319 3916 3428 3987 Τῆς
3455 3913 3561 3969 οὖν

1978 4008 2269 4080 ἐπιϐουλῆς
2296 4008 2477 4061 αὐτῶν
2505 4008 2603 4078 τῆς
2636 4010 2756 4062 κατ’
2782 4007 2937 4079 ἐμοῦ,
2960 4007 3026 4061 δι’
3051 4001 3120 4078 ἧς
3145 4006 3457 4061 ὲκύκλωσάν
3481 4024 3555 4079 με

1976 4104 2010 4173 ἡ
2040 4102 2180 4175 ἁρχὴ
2208 4102 2303 4156 καὶ
2327 4103 2360 4173 ἡ
2383 4101 2622 4173 κεφαλὴ,
2655 4102 2716 4154 οὐ
2748 4100 2853 4173 μὴν
2882 4101 3017 4155 ἀλλά
3058 4099 3152 4153 καὶ
3200 4101 3230 4154 ὁ
3258 4100 3423 4164 κόπος
3448 4101 3550 4154 a6-

1972 4193 2105 4256 τῶν,
2133 4194 2226 4249 καὶ
2249 4195 2279 4247 ὁ
2309 4193 2505 4265 μόχθος
2524 4195 2553 4247 ὁ
2580 4195 2701 4246 κατ’
2733 4191 2890 4263 ἐμοῦ,
2924 4193 3002 4256 εἰς
3034 4190 3229 4255 αὐτοὺς
3253 4190 3413 4244 ἔλθοι.
3440 4189 3552 4255 Οὓς

1979 4285 2071 4338 καὶ
2094 4283 2219 4357 δίκῃ
2243 4282 2614 4356 παραδοθῆναι
2640 4285 2707 4354 τῇ
2734 4281 2825 4336 διὰ
2853 4281 3043 4353 πυρός.

395 4375 488 4468 li.
544 4373 746 4431 Cadent
773 4394 930 4449 super
960 4395 1051 4433 eos
1077 4381 1324 4435 carbones
1352 4381 1406 4434 in
1438 4382 1576 4450 igne.
1606 4378 1741 4435 Nam
1775 4395 1872 4435 ceu
1908 4413 1911 4459 τ

2047 4378 2381 4432 Πεσοῦνται
2423 4378 2516 4431 ἐπ’
2557 4377 2778 4444 αὐτοὺς
2818 4377 3111 4446 ἄνθρακες
3134 4375 3205 4430 ἐν
3235 4376 3378 4444 πυρί
3384 4417 3396 4429 .
3421 4370 3551 4429 οἷον

313 4466 550 4535 quodam
594 4468 720 4538 igne
762 4470 841 4525 ira
877 4479 970 4526 tua
1002 4472 1257 4528 absumes
1296 4487 1410 4528 eos.
1444 4472 1667 4541 Dejicies
1693 4488 1779 4527 eos
1818 4473 1876 4527 in

2038 4468 2085 4540 ιρ
2114 4485 2219 4522 τινι
2249 4469 2384 4540 πυρὶ
2406 4469 2474 4540 τῇ
2509 4470 2646 4540 ὀργῇ
2679 4465 3077 4531 καταναλώσεις
3105 4466 3319 4530 αὐτούς.
3362 4468 3553 4520 Κατα-

312 4555 571 4622 miserias,
602 4570 648 4610 et
674 4575 779 4612 non
805 4560 1108 4616 subsistent.
1135 4562 1391 4618 Decident
1437 4563 1491 4617 in
1514 4562 1872 4627 calamitates,

309 4663 376 4703 ex
401 4647 602 4717 quibus
632 4663 740 4702 non
777 4651 1026 4707 evadent.
1076 4651 1192 4708 Hoc
1230 4665 1409 4709 autem
1457 4656 1681 4724 contigit
1726 4652 1874 4708 Sauli

312 4740 364 4793 in
401 4739 542 4795 bello
590 4739 855 4796 adversus
900 4743 1250 4814 alienigenas.
1290 4745 1367 4801 lbi
1400 4748 1544 4802 enim
1589 4746 1875 4803 confossus

309 4832 472 4887 tinem
506 4830 633 4887 vitae
663 4832 893 4902 accepit.

397 5007 485 5062 ιε.
535 5007 631 5063 Vir
665 5008 936 5079 linguosus
962 5026 1067 5065 non
1105 5011 1365 5083 dirigetur
1408 5014 1465 5067 in
1499 5024 1661 5069 terra.
1709 5013 1871 5071 Exci-

306 5101 384 5170 pit
413 5101 611 5170 impios
639 5103 780 5173 ignis
804 5113 1062 5160 aeternus.
1090 5104 1156 5159 Et
1186 5106 1240 5160 in
1273 5106 1374 5161 hac
1404 5108 1513 5162 vita
1544 5109 1630 5161 vir
1653 5108 1868 5179 linguo-

306 5210 402 5250 sus
454 5212 565 5251 non
626 5196 895 5269 dirigetur
940 5214 1111 5268 usque
1164 5201 1216 5254 in
1268 5199 1450 5256 linem.
1505 5198 1677 5255 Nemo
1725 5204 1871 5256 enim

306 5292 678 5347 contentiusus
716 5301 770 5347 et
796 5293 1114 5360 maledicus,
1143 5295 1236 5364 qui
1275 5295 1330 5350 in
1365 5303 1581 5350 terreno
1614 5296 1871 5365 quopiam

304 5378 584 5447 proposito
610 5389 879 5449 versetur,
907 5383 1160 5453 dirigitur
1188 5403 1204 5440 :
1247 5401 1313 5439 ex
1354 5399 1423 5440 eo
1448 5401 1685 5456 namque
1726 5387 1870 5455 quod

303 5469 676 5527 contentiosus
709 5473 780 5526 sit
813 5476 1156 5542 pervertitur.
1181 5476 1319 5532 Cum
1360 5477 1505 5533 enim
1556 5477 1868 5548 huiusmodi

303 5560 557 5616 homines
600 5565 838 5633 peccatis
867 5565 1032 5621 dediti
1069 5568 1198 5634 sint,
1227 5585 1334 5639 qua
1368 5570 1576 5626 ratione
1611 5585 1641 5626 a
1672 5570 1872 5628 virtute

303 5650 646 5723 dirigantur?
709 5653 883 5709 Virum
922 5657 1173 5726 injustam
1224 5661 1364 5716 mala
1397 5662 1599 5732 capient
1637 5664 1691 5717 in
1736 5664 1870 5717 inte-

1978 4556 2178 4626 σαλεῖς
2214 4559 2437 4626 αὐτοὺς
2461 4560 2533 4613 ἐν
2575 4560 3026 4627 ταλαιπωρίαις,
3058 4559 3156 4612 καὶ
3195 4561 3267 4613 οὐ
3291 4557 3376 4627 μὴ
3400 4559 3551 4611 ὐπο-

1976 4651 2187 4707 στῶσι.
2227 4652 2657 4725 Περιπεσοῦνται
2698 4655 3024 4724 συμφοραῖς,
3066 4652 3160 4705 καὶ
3185 4653 3245 4704 ού
3270 4652 3551 4723 περιέσον-

1973 4762 2064 4800 ται
2114 4744 2341 4801 τούτων.
2378 4744 2564 4799 Ταῦτα
2607 4743 2664 4797 δὲ
2712 4742 2999 4813 συμϐαίνει
3045 4742 3122 4813 τῷ
3161 4742 3332 4795 Σαοὺλ
3370 4743 3427 4795 ὲν
3468 4741 3555 4812 τῷ

1976 4838 2116 4892 κατά
2160 4839 2288 4902 τοὺς
2334 4835 2663 4905 ἀλλοφύλους
2712 4834 2949 4906 πολέμῳ.
3002 4834 3148 4889 Ἐκεῖ
3172 4833 3282 4906 γάρ
3320 4832 3551 4902 σφαγεὶς

1971 4930 2186 4996 ἐδέξατο
2214 4929 2276 4983 τὸ
2298 4928 2391 4983 τοῦ
2425 4929 2541 4999 βίου
2563 4926 2734 4990 τέλος.

2058 5022 2229 5092 Ἀνὴρ
2250 5020 2619 5093 τλωσσώδης
2644 5022 2715 5075 οὐ
2744 5018 3281 5087 κατευθυνθήσεται
3311 5018 3409 5073 ἐπὶ
3434 5017 3552 5087 τῆς
3624 5072 3629 5077 ,

1970 5115 2104 5187 γῆς.
2154 5115 2461 5185 Ἐκδέχεται
2508 5113 2606 5185 μὲν
2648 5114 2774 5176 τοὺς
2812 5114 3028 5177 ἀσεϐεῖς
3063 5114 3123 5166 τὸ
3155 5111 3367 5181 αἰώνιον
3410 5111 3546 5184 πῦρ.

1971 5209 2080 5262 Καὶ
2108 5210 2165 5262 ὲν
2188 5206 2362 5276 τούτῳ
2392 5204 2449 5258 δὲ
2479 5205 2558 5276 τῷ
2589 5204 2685 5277 βίῳ
2729 5206 2809 5268 εἰς
2854 5205 3006 5268 τέλος
3036 5204 3095 5257 οὐ
3127 5201 3550 5273 κατευθυνθήσει-

1970 5313 2061 5349 ται
2088 5294 2437 5365 γλωσσώδης.
2466 5294 2656 5357 Οὐδεὶς
2681 5293 2788 5365 γὰρ
2821 5292 3054 5365 μάχιμός
3075 5308 3134 5345 τε
3162 5292 3256 5346 καὶ¹
3286 5291 3544 5362 λοίδορος,

1969 5389 2027 5452 ὃς
2054 5390 2202 5441 ἐστιν
2229 5388 2287 5440 ὲν
2320 5389 2385 5458 τῇ
2419 5385 2610 5454 γεώδει
2642 5386 2977 5457 προαιρέσει,
3012 5383 3413 5448 κατευθύνεται,
3440 5382 3549 5436 ὑπὸ

1969 5479 2063 5534 τοῦ
2116 5478 2353 5550 μάχιμος
2399 5474 2539 5531 εἶναι
2587 5476 3029 5549 στρεϐλούμενος.
3064 5475 3546 5547 Φιλαμαρτήμονες

1968 5572 2079 5643 γὰρ
2109 5572 2260 5636 ὅντες
2291 5572 2342 5624 οἱ
2382 5569 2643 5635 τοιοῦτοι,
2677 5569 2793 5632 πῶς
2837 5568 2927 5622 ὑπ’
2969 5567 3168 5640 ἀρετῆς
3200 5565 3549 5622 κατευθύνον-

1969 5681 2088 5733 ται;
2124 5664 2337 5733 Ἄνδρα
2364 5661 2575 5717 ἀδικον
2603 5661 2756 5716 κακὰ
2782 5661 3055 5729 θηρεύσει
3083 5664 3169 5729 εις
3197 5659 3544 5733 διαφθοράν.
