3760 6270
126 241 204 296 :J
1219 239 1582 299 EXPOSITIO
1635 243 1705 299 1N
1753 245 2077 306 PSALMUM
2121 247 2275 305 CXL.

126 355 322 424 ’ὓπερ
377 353 503 426 γὰρ
553 353 660 406 ὑπὸ
699 353 904 412 οἰκείας
947 355 1102 408 νόσου
1156 356 1522 430 διαφθείρεται
1567 359 1687 414 ἄνευ

1831 363 1928 418 itu.
1976 361 2142 429 Quasi
2173 365 2319 419 enim
2371 364 2591 434 proprio
2645 363 2748 419 sibi
2785 364 2977 418 morbo
3011 379 3077 418 ex
3121 379 3221 419 sua
3259 364 3359 418 im-

125 451 198 517 τῇς
239 444 452 499 ἑαυτοῦ
511 446 743 509 κακίας,
780 446 940 517 δίκην
986 447 1108 510 δοὺς
1153 447 1254 519 τὴν
1301 451 1697 522 προσήκουσαν.

131 537 296 600 Ἰκανὴ
340 535 460 609 γὰρ
507 538 660 590 ἐστιν
689 538 808 590 ἀντὶ
839 539 1017 609 πάσης
1057 540 1321 612 τιμωρίας
1350 543 1446 615 τὴν
1475 542 1700 614 ἔχουσαν

311 630 509 702 ψυχὴν
544 633 580 700 ἠ
615 631 783 683 κακία
808 630 1161 702 διαφθείρειν.

507 726 819 778 ΨΑΛΜΟΣ
851 721 930 788 τῷ
957 723 1156 778 Δαυΐδ.
1185 727 1324 780 PM’.

761 814 1082 879 ’Υπόθεσις.

126 904 326 973 ὀμοιος
385 904 493 956 καὶ
528 904 695 968 αὐτὸς
738 905 816 976 τῷ
850 907 1024 960 ὀπίσω
1063 912 1270 972 κεῖται,
1322 909 1460 979 πλὴν
1503 910 1702 981 δογμα-

763 997 958 1051 τικώτε
968 1014 1076 1068 ρος.

178 1085 387 1151 Κύριε,
445 1085 752 1154 ἐκέκραξα
799 1088 948 1169 πρθός
993 1088 1100 1152 σὲ,
1149 1089 1518 1143 εἰσάκουσον
1558 1107 1696 1159 μου·

1804 454 2072 524 probitate
2101 456 2304 521 interit,
2344 457 2666 526 congruenti
2715 471 2874 526 paena
2909 457 3190 511 multatus.
3232 455 3359 512 Sola

1803 545 1950 599 enim
1988 545 2308 614 improbitas
2341 546 2579 600 animam
2605 561 2668 601 ea
2711 545 2980 609 aﬂectam,
3009 546 3126 602 vice
3153 547 3358 617 supplic

1803 636 1874 692 cii
1899 636 2208 708 cujuslibet,
2250 638 2303 690 in
2345 639 2620 692 interitum
2649 638 2890 708 conjicit.

2187 727 2525 784 PSALJIUS
2583 729 2772 784 David.
2814 729 2976 786 CXL.

2384 825 2776 891 Argumentum.

1808 911 2014 969 Similis
2039 922 2121 969 est
2155 913 2241 970 hic
2279 915 2522 992 psalmus
2562 915 2916 984 praecedenti;
2953 930 3138 970 verum
3167 915 3233 969 ad
3263 916 3363 970 do-

2271 1007 2499 1060 ctrinam
2532 1007 2883 1061 commodior.

1803 1107 1811 1114 ·
1888 1096 1940 1150 1.
2001 1095 2244 1162 Domine,
2275 1096 2498 1150 clamavi
2545 1097 2613 1150 ad
2647 1108 2714 1162 te,
2757 1096 2951 1150 exaudi
2988 1113 3106 1151 me:
3157 1095 3361 1150 intende

3257 252 3359 308 553
3441 297 3454 304 -

128 1181 374 1247 ,τρέσχες
408 1178 491 1246 τῇ
521 1179 696 1248 φωνῇ
722 1179 830 1247 τῆς
851 1180 1113 1250 δεήσεώς
1137 1200 1277 1250 μου,
1300 1183 1370 1235 ἐν
1393 1181 1474 1247 τῷ
1502 1199 1687 1251 κεκρα

1831 1189 1915 1242 oci
1954 1189 2349 1258 supplicationis
2380 1205 2508 1243 mea:
2546 1206 2663 1242 cum
2709 1192 2999 1242 clamavero
3027 1189 3096 1240 ad
3147 1199 3211 1242 te.
3240 1189 3361 1242 Cla-

130 1271 267 1337 τέναι
308 1287 396 1338 με
435 1271 596 1338 πρὸς
630 1271 723 1324 σέ.
760 1271 825 1323 Ἦ
859 1271 1071 1343 κραυγὴ
1099 1272 1160 1324 τὸ
1194 1272 1438 1326 σύντονον
1465 1274 1563 1344 τῆς
1589 1275 1687 1327 δια·

1831 1296 1924 1334 ιιοι·
1955 1281 2354 1335 contentionem
2403 1282 2598 1336 mentis
2646 1296 2868 1350 prorsus
2912 1280 3128 1334 indicat.
3183 1279 3359 1333 Bene-

130 1362 250 1423 τοίας
287 1362 530 1424 πάντως
572 1361 741 1432 δηλοῖ.
773 1363 1048 1434 Εὑμενῶς,
1076 1364 1230 1435 φησὶ,
1251 1365 1516 1430 Δέσποτα,
1551 1365 1687 1431 δέξαι

1837 1373 1946 1437 olo,
1987 1373 2181 1441 inquit,
2219 1374 2436 1439 animo,
2486 1371 2732 1436 Domine,
2781 1371 2968 1441 excipe
3013 1370 3361 1440 supplicatio-

130 1454 202 1520 τὴν
225 1451 370 1523 ἐμὴν
401 1453 672 1505 ἱκετείαν.

1831 1481 1920 1519 θη]
1956 1480 2152 1518 meam.

178 1545 668 1614 Κατευθυνθ-ήτω
709 1548 748 1615 ἠ
791 1548 1100 1616 προσευχή
1143 1566 1260 1618 μου
1305 1549 1386 1614 ὡς
1442 1550 1687 1618 θυμίαμα

1867 1554 1922 1608 9..
1988 1555 2260 1623 Dirigatur
2292 1553 2461 1606 oratio
2512 1568 2625 1605 mea
2676 1553 2809 1605 sicut
2858 1553 3122 1604 incensum
3157 1550 3210 1602 in
3239 1565 3361 1601 con-

127 1639 366 1692 ἑνώπιόν
397 1657 548 1694 σου.
574 1640 655 1692 Τὰ
682 1640 789 1694 ἀπὸ
827 1640 1060 1703 διανοίας
1103 1639 1406 1711 θυμιάμασι
1433 1641 1687 1712 παρεικά-

1831 1657 1974 1714 pectu
2009 1656 2116 1697 tuo.
2151 1643 2280 1710 Qua:
2303 1658 2367 1697 ex
2394 1651 2571 1698 mente
2609 1641 2927 1712 procedunt,
2961 1641 3181 1695 incenso
3218 1653 3363 1693 com-

127 1735 207 1796 ζει,
250 1734 352 1788 ἅτε
399 1733 582 1786 λεπτὰ
609 1734 759 1798 ὄντα,
789 1735 882 1786 καί
926 1734 1002 1805 τῷ
1044 1734 1189 1805 μόνῳ
1230 1734 1589 1805 ἀνατιθέμενα
1621 1734 1687 1805 τῷ

1835 1744 1972 1798 arat,
2009 1747 2192 1804 utpote
2221 1749 2341 1804 quae
2377 1735 2594 1788 subtilia
2628 1733 2735 1788 sint
2775 1740 2828 1787 et
2853 1732 2961 1786 Deo
2998 1731 3097 1787 soli
3129 1729 3364 1784 offeran-

126 1825 239 1895 Θεῷ.
279 1827 604 1893 Ἐπαρσις
636 1825 756 1880 τῶν
785 1825 997 1894 χειρῶν
1032 1843 1150 1894 μου
1178 1827 1357 1880 θυσία
1387 1825 1693 1894 ἑσπερινή.

124 1915 215 1979 τὶς
244 1917 496 1987 πράξεις
535 1916 634 1980 τὰς
665 1916 754 1970 διὰ
799 1917 906 1970 τῶν
953 1917 1150 1988 χειρῶν
1177 1917 1508 1989 δηλουμένας
1538 1918 1698 1989 θυσίᾳ

124 2009 470 2080 παρεικάζει,
509 2007 605 2060 ἅτε
644 2007 926 2080 παχύτερα
963 2009 1090 2061 ὄντα
1136 2009 1283 2081 παρὰ
1313 2011 1411 2071 τὰς
1452 2012 1548 2081 τῆς
1585 2012 1698 2065 δια-

120 2102 250 2164 τοίας
276 2101 559 2172 αἱρέσεις.
587 2100 661 2152 Τὸ
679 2100 734 2153 δὲ
762 2102 1052 2172 ὲσπερινήν
1080 2119 1263 2172 φησιν,
1293 2103 1376 2156 ὅτι
1401 2104 1506 2176 χρὴ
1537 2104 1696 2177 μέχρι

118 2192 287 2256 τέλους
322 2190 567 2262 πράξεις
598 2191 932 2262 ἐπιτηδεύειν
956 2191 1183 2260 ἀγαθάς.

177 2282 320 2346 Θοῦ,
357 2284 565 2350 Κύριε,
592 2281 877 2350 φυλακὴν
907 2281 983 2348 τῷ
1009 2284 1260 2352 στόματί
1281 2302 1422 2353 μου,
1458 2285 1556 2338 καί
1595 2288 1696 2340 θύ-

113 2392 220 2441 {ar
262 2372 568 2442 περιοχῆς
609 2372 743 2442 περὶ
784 2372 856 2426 τὰ
901 2375 1070 2442 χείλη
1107 2392 1246 2444 μου.
1293 2376 1506 2447 Ἐπειδὴ
1555 2377 1696 2446 μέγα

114 2461 214 2518 οἶδε
232 2465 296 2518 τὸ
319 2463 626 2535 κατορθοῦν
653 2466 752 2534 τῆς
773 2462 1021 2533 γλώσσης
1041 2465 1139 2532 τὴν
1167 2465 1428 2538 φυλακὴν,
1452 2469 1541 2521 τὸν
1565 2468 1696 2523 Θεὸν

114 2559 252 2610 αίτεί
271 2556 486 2625 ταύτης
510 2555 610 2625 τὴν
636 2557 958 2627 ἐγκράτειαν
983 2556 1130 2627 αὑτῷ
1153 2558 1498 2629 χαρίσασθαι.

186 2648 284 2714 Μὴ
312 2648 608 2714 ἐκκλίνῃς
640 2645 755 2713 τὴν
786 2647 1036 2714 καρδίαν
1072 2664 1192 2716 μου
1232 2651 1318 2714 είς
1345 2652 1566 2719 λόγους
1593 2664 1697 2704 πο-

117 2739 349 2804 νηρίας.
378 2737 639 2790 Τουτέστι
673 2738 745 2808 μὴ
776 2738 1136 2810 συγχωρήσῃς
1167 2742 1591 2812 παρατραπῆναι
1618 2744 1696 2804 εἰς

115 2830 175 2881 τὸ
206 2829 455 2882 ἐναντίον
491 2829 590 2898 τὴν
619 2827 766 2891 ἅπαξ
807 2827 982 2892 καλῶς
1025 2831 1552 2886 κατασκευασθεῖσαν
1596 2850 1694 2904 μου

114 2927 375 2980 διάνοιανο
401 2926 490 2978 ἵνα
522 2926 595 2996 μὴ
619 2926 746 2990 νοῶ,
779 2926 960 2995 φησὶν,
986 2926 1191 2988 ἐννοίας
1218 2925 1578 2997 παρανομίας.

188 3018 509 3072 Παιδεύσει
538 3035 616 3086 με
647 3017 875 3082 δίκαιος
902 3017 972 3070 ἐν
1000 3015 1173 3082 ἐλέει,
1205 3018 1302 3070 καὶ
1336 3016 1566 3086 ἐλέγξει
1593 3033 1669 3084 με

1798 1836 1903 1882 tur.
1951 1825 2189 1880 Elevatio
2228 1841 2480 1878 manuum
2523 1841 2753 1878 mearum
2799 1825 3123 1894 sacriﬁcium
3161 1838 3362 1898 vesper-

1798 1919 1984 1971 tinum.
2020 1916 2193 1986 Opera
2223 1932 2318 1986 per
2361 1932 2558 1970 manus
2586 1915 2730 1971 edita
2761 1916 3029 1971 sacrilieio
3060 1921 3359 1984 comparat,

1797 2012 1924 2080 quia
1961 2011 2305 2064 seusibiliora
2336 2021 2461 2065 sunt
2489 2009 2657 2063 animi
2698 2011 3088 2064 voluntatibus.
3133 2007 3363 2078 Vesper-

1798 2104 1969 2156 tinum
2002 2112 2180 2155 autem
2227 2103 2322 2166 ait,
2356 2101 2482 2171 quia
2514 2111 2721 2170 oportet
2753 2102 2816 2154 ad
2846 2105 3002 2154 linem
3050 2117 3221 2169 usque
3263 2101 3361 2156 bo-

1796 2193 1882 2246 nis
1910 2193 2162 2262 operibus
2196 2207 2408 2249 vacare.

1867 2287 1922 2342 5.
1984 2286 2149 2350 Pone,
2190 2285 2434 2350 Domine,
2463 2286 2758 2338 custodiam
2794 2285 2875 2338 ori
2916 2301 3046 2350 meo,
3078 2295 3124 2338 et
3170 2285 3360 2338 ostium

1797 2379 2212 2432 circumstantiae
2240 2377 2394 2429 labiis
2429 2377 2576 2430 meis.
2609 2375 2748 2442 Quia
2783 2376 2930 2430 novit
2964 2390 3212 2446 magnam
3245 2389 3359 2428 rem

1796 2485 1918 2526 esse
1969 2470 2204 2540 linguam
2255 2467 2492 2538 perfecte
2543 2469 2837 2533 custodire,
2876 2467 3044 2521 Deum
3100 2475 3256 2537 rogat
3304 2477 3363 2522 ut

1798 2561 1902 2617 sibi
1937 2560 2197 2614 concedat
2235 2560 2433 2626 lingua:
2467 2560 2906 2627 temperantiam.

1867 2653 1922 2706 4.
1981 2650 2101 2706 Non
2143 2651 2370 2705 declines
2405 2667 2493 2704 cor
2541 2667 2707 2704 meum
2740 2654 2791 2703 in
2834 2651 2988 2704 verba
3014 2650 3253 2703 malitia.
3304 2644 3361 2703 Id

1796 2756 1899 2810 est,
1936 2760 2002 2799 ne
2035 2743 2302 2799 concedas
2345 2755 2576 2796 mentem
2624 2758 2798 2796 meam
2831 2743 2994 2797 semel
3037 2743 3202 2812 probe
3231 2757 3363 2795 con-

1798 2839 2073 2893 cinnatam
2106 2836 2160 2889 in
2199 2835 2487 2890 adversum
2516 2850 2755 2904 vergere,
2811 2842 2870 2888 ut
2913 2849 3021 2888 non
3056 2834 3358 2899 admittam,

1799 2929 1996 2997 inquit,
2026 2927 2385 2997 cngitationes
2426 2926 2749 2995 iniquitatis.

1869 3021 1922 3074 5.
1980 3019 2238 3090 Corripiet
2285 3035 2364 3072 me
2383 3018 2561 3088 justus
2593 3018 2648 3070 in
2689 3015 3071 3078 misericordia,
3109 3025 3156 3068 et
3192 3016 3361 3068 incre-

115 3112 305 3163 Πᾶσαν
342 3111 442 3181 μὲν
465 3111 714 3164 παιδείαν
744 3110 1002 3181 δεξαίμην
1038 3109 1130 3162 τοῦ
1155 3109 1382 3172 δικαίου,
1415 3108 1516 3178 τὴν
1538 3106 1687 3160 εὐλο-

1831 3113 1936 3166 abit
1972 3129 2069 3178 me,
2115 3119 2219 3166 etc.
2261 3108 2490 3165 Omnem
2527 3111 2935 3180 castigationem
2969 3124 2999 3162 a
3037 3108 3184 3176 justo
3218 3109 3360 3161 acci-

114 3204 239 3271 τίαν
270 3203 332 3255 δὲ
365 3203 460 3256 καὶ
500 3202 601 3272 τὴν
639 3201 927 3256 κολακείαν
974 3202 1066 3256 τοῦ
1118 3199 1440 3272 ἀμαρτωλοῦ
1475 3201 1549 3271 μὴ
1598 3199 1693 3252 λάο

116 3295 291 3364 Eatur,
324 3293 392 3346 δι’
431 3289 499 3364 ἦς
527 3292 718 3364 ῶσπερ
770 3293 946 3347 ἔλαιον
988 3293 1086 3363 τὴν
1119 3291 1360 3363 κεφαλήν
1391 3307 1491 3362 μου
1525 3307 1694 3344 κατα-

119 3386 268 3456 χρίου
277 3401 386 3438 σιν.

187 3477 314 3528 Ὅτι
339 3475 430 3530 ἔτι
461 3474 560 3528 καὶ
582 3474 622 3541 ή
655 3473 964 3545 σροσευχή
995 3489 1112 3542 μου
1141 3471 1211 3525 ἐν
1239 3471 1367 3538 ταῖς
1394 3470 1695 3536 εὐδοκίαις

115 3566 353 3631 αὐτῶν,
390 3567 813 3634 κατεπόθησαν
857 3567 1112 3635 ἐχόμενα
1163 3563 1380 3631 πέτρας
1418 3567 1471 3617 οἱ
1504 3563 1695 3630 κριταὶ

116 3658 335 3712 αὐτῶν.
377 3659 592 3726 Ἐγγὺς,
636 3659 800 3728 φησὶ,
828 3659 1032 3726 πέτρας
1063 3656 1340 3726 γενόμενοι
1375 3671 1696 3708 καταποντι-

121 3748 433 3816 εθήσονται.
468 3747 731 3818 Σημαίνει
757 3745 834 3807 δὲ,
868 3746 942 3808 ὼς
978 3745 1139 3807 αὐτὸς
1167 3744 1362 3807 αὐτοὺς
1391 3748 1419 3797 ὁ
1463 3746 1696 3815 Χριστὸς

120 3837 509 3890 καταποντίσει
546 3839 626 3900 εἰς
682 3835 770 3907 τὴν
798 3836 1051 3889 ἄϐυσσον.
1093 3836 1471 3888 Ἀκούσονται
1499 3835 1568 3888 τὰ
1587 3833 1697 3903 ρή-

116 3929 276 3999 ματὰ
319 3945 476 3998 μου,
522 3925 611 3982 ὅτι
659 3928 1033 3997 ὴδύνθησαν.
1064 3927 1355 3990 Ἕκϐασις,
1403 3926 1569 3997 φησὶ,
1601 3927 1697 3996 τῆς

123 4024 240 4073 κατ’
273 4019 455 4074 αὐτῶν
493 4019 879 4092 προλεχθείσης
903 4019 1191 4089 τιμωρίας,
1229 4019 1408 4071 πίστιν
1443 4017 1697 4089 ἀληθείας

124 4112 216 4164 καὶ
248 4109 582 4180 εὐπρεπείας
609 4109 679 4162 τὰ
719 4108 826 4178 ὲμὰ
852 4108 1065 4162 λάϐοιεν
1097 4111 1333 4180 ῥήματα.

203 4201 363 4254 Ὡσεὶ
408 4199 604 4268 πάχος
655 4199 769 4269 γῆς
819 4198 1038 4268 ὲρῤιίγη
1086 4200 1182 4252 ἐπὶ
1218 4198 1328 4266 τῆς
1373 4198 1508 4268 γῆς.
1551 4199 1694 4266 Πᾶν,

126 4291 289 4362 φησὶ,
330 4291 392 4342 τὸ
432 4289 634 4358 γεῶδες
679 4287 833 4359 ἡμῶν
875 4285 1270 4359 διερρήξαμεν,
1319 4287 1699 4350 ταπεινοῦντες

1794 3206 1938 3276 piam
1967 3223 1980 3258 :
2019 3204 2450 3258 benedictionem
2483 3210 2663 3255 autem
2694 3210 2746 3254 et
2771 3199 3136 3254 adulationem
3165 3211 3360 3266 pecca-

1796 3295 1932 3348 toris
1981 3310 2049 3348 ne
2081 3294 2391 3359 admittam,
2430 3308 2537 3362 qua
2591 3291 2756 3346 veluti
2795 3291 2915 3345 oleo
2964 3299 3126 3359 caput
3178 3305 3358 3342 meum

1794 3385 2085 3455 inungunt.

1864 3478 1918 3532 6.
1973 3478 2231 3542 Quoniam
2267 3477 2437 3530 adhuc
2468 3489 2513 3531 et
2564 3477 2734 3529 oratio
2775 3492 2888 3528 mea
2935 3477 2989 3528 in
3020 3473 3358 3543 bencplacitis

1793 3586 1993 3632 eorum,
2041 3569 2276 3637 absorpti
2317 3579 2436 3620 sunt
2479 3567 2639 3635 juxta
2683 3574 2884 3634 petram
2916 3565 3120 3631 judices
3155 3578 3355 3616 eorum.

1793 3658 1954 3713 Juxta
2009 3668 2212 3728 petram
2261 3657 2562 3719 constituti,
2602 3657 2698 3716 ait.
2759 3654 3211 3708 absorbebuntur.
3276 3652 3360 3705 Si-

1797 3753 2016 3821 gniﬁcat
2044 3759 2225 3803 autem
2257 3749 2431 3818 ipsum
2465 3748 2742 3802 Christum
2778 3761 2871 3799 eos
2903 3745 2953 3798 in
2985 3745 3239 3814 abyssum
3265 3743 3362 3797 de-

1796 3855 2123 3893 mersurum.
2151 3838 2380 3892 Audient
2413 3839 2563 3891 verba
2600 3853 2712 3890 mea
2746 3837 2989 3906 quoniam
3031 3834 3358 3903 placuerunt.

1798 3932 2071 3995 Eventus,
2129 3933 2224 3998 ait,
2282 3930 2627 4001 praenuntiati
2687 3939 2874 3983 contra
2934 3929 3053 3982 illus
3111 3927 3360 3996 supplicii

1797 4024 2011 4078 aderit:
2063 4023 2190 4077 hinc
2236 4031 2416 4076 autem
2461 4021 2704 4076 veritatis
2763 4029 2817 4076 et
2867 4019 3146 4074 modestia:
3197 4017 3361 4072 ﬁdem

1797 4118 1961 4171 verba
1993 4132 2112 4170 mea
2148 4116 2434 4184 accipient.

1879 4209 1921 4261 ἵ.
1978 4207 2124 4262 Sicut
2150 4209 2442 4261 crassitudo
2475 4215 2626 4260 terra:
2651 4216 2835 4274 erupta
2859 4213 2934 4256 est
2957 4219 3113 4270 super
3140 4212 3356 4254 terram.

1798 4302 1954 4367 Quod
1990 4311 2260 4355 terrenum
2292 4309 2408 4354 erat
2455 4300 2507 4352 in
2553 4299 2728 4359 nobis,
2791 4297 2986 4364 inquit,
3036 4296 3359 4363 dirupimus,

125 4381 348 4442 ἑαυτοὺς
371 4378 460 4432 διὰ
483 4378 565 4430 σέο
598 4377 769 4439 οὕτως
794 4377 868 4440 ὡς
898 4380 1076 4430 πᾶσαν
1107 4377 1330 4446 δύναμιν
1353 4377 1509 4447 ἡμῶν
1536 4376 1687 4447 μέχρι

1838 4394 2160 4462 osmetipsos
2188 4402 2406 4460 propter
2451 4401 2502 4444 te
2555 4389 2933 4452 humiliantes;
2977 4388 3048 4440 ita
3081 4395 3138 4440 ut
3182 4389 3362 4442 omnis

125 4467 245 4538 ᾅδου
274 4465 687 4536 κατενεχθῆναι.
714 4467 932 4535 Ὅμοιον
957 4465 1012 4517 δὲ
1038 4464 1194 4517 τοῦτο
1220 4463 1318 4534 τῷ,
1342 4465 1553 4517 Ἕνεκα
1577 4464 1692 4518 σοῦ

125 4559 532 4629 θανατούμεθα
564 4558 714 4626 ὅλην
748 4555 860 4626 τὴν
887 4557 1132 4627 ἡμέραν.

192 4758 316 4809 Ὅτι
352 4754 502 4822 πρὸς
531 4752 638 4816 σὲ,
676 4753 870 4821 Κύριε,
908 4753 1102 4820 Κύριε,
1147 4755 1202 4807 ol
1235 4754 1528 4823 ὀφθαλμοί
1553 4771 1692 4823 μου.
1743 4792 1752 4800 .

141 4848 273 4916 Ἐγὼ
305 4847 362 4900 δὲ
384 4846 560 4899 οὐδενὶ
582 4845 688 4897 τῶν
715 4844 1063 4916 ἀνθρωπίνων
1091 4844 1292 4918 θαρρῶ·
1319 4845 1452 4898 ἀλλὰ
1476 4847 1573 4915 τὴν
1600 4845 1697 4917 σὴν

131 4939 416 5009 προσμένω
445 4937 695 5008 βοήθειαν
718 4976 732 5000 ,
761 4937 854 4990 καὶ
883 4936 1184 5007 παρακαλῶ
1213 4936 1410 5007 ταύτης
1441 4937 1538 5008 τὴν
1561 4939 1698 5009 ἐμὴν

134 5032 196 5100 μὴ
230 5028 587 5098 γυμνωθῆναι
621 5028 821 5098 ψυχήν.
863 5028 986 5080 Ἐπὶ
1020 5028 1119 5081 σοὶ
1149 5027 1413 5097 ἤλπισα,
1439 5028 1524 5098 μὴ
1554 5031 1696 5084 ἀντ..

131 5123 344 5188 ανέλῃς
393 5120 508 5188 τὴν
537 5119 750 5189 ψυχήν·
787 5137 924 5188 μου.
982 5120 1124 5173 Ἀντὶ
1160 5120 1285 5173 τοῦθ
1330 5119 1420 5192 Μὴ
1464 5121 1696 5196 ἐκχύσῃς

132 5211 160 5283 ἦ
186 5211 499 5281 ὲκκενώσῃς
529 5211 629 5281 τῆς
659 5211 871 5273 ἐλπίδος
904 5206 971 5281 ἦς
1005 5210 1112 5280 ἔχω
1138 5210 1270 5281 πρὸς
1303 5211 1383 5264 σέ.

192 5303 530 5358 Πεσοῦνται
566 5303 636 5355 ἐν
667 5303 1092 5371 ἀμφιϐλήστρῳ
1120 5301 1320 5356 αὐτῶν
1360 5306 1413 5356 οι
1439 5303 1698 5372 ἀμαρτω-

136 5396 240 5448 λοί.
303 5395 661 5464 Ἐμπέσοιεν,
715 5398 900 5467 φησὶν,
944 5399 1024 5459 είς
1072 5395 1140 5448 τὰ
1181 5393 1384 5448 ἑαυτῶν
1431 5395 1623 5449 δίκτυα
1648 5398 1697 5450 οί

136 5486 458 5557 ἁμαρτωλοί.
498 5490 848 5556 Καταμόνας
873 5489 987 5557 εἰμὶ
1017 5487 1130 5560 ἐγὼ
1164 5487 1273 5553 ἕως
1302 5485 1377 5541 ἂν
1407 5487 1692 5556 παρέλθω.

175 5665 215 5696 ’τ
247 5663 402 5719 Rom.
437 5677 559 5728 vni,
604 5665 693 5719 56.

1797 4495 1982 4540 nostra
2013 4486 2182 4538 virtus
2216 4485 2280 4535 ad
2310 4481 2582 4536 infernum
2623 4495 2795 4547 usque
2827 4480 3238 4548 deprimeretur.
3277 4479 3364 4532 Si-

1796 4577 1924 4630 mile
1949 4583 2032 4629 est
2061 4586 2239 4627 autem
2291 4571 2411 4625 illi:
2449 4569 2672 4635 Pr0pter
2719 4579 2765 4623 te
2819 4570 3203 4638 mortiﬁcamur
3252 4580 3363 4624 tota

1795 4669 1879 4720 die
1906 4665 1974 4720 ⁸⁷.

1867 4756 1920 4810 8.
1976 4753 2116 4820 Quia
2161 4753 2229 4806 ad
2256 4761 2324 4816 te,
2371 4751 2612 4818 Domine,
2647 4751 2887 4817 Domine,
2918 4751 3058 4804 oculi
3098 4751 3219 4804 mei.
3248 4749 3362 4820 Ego

1797 4864 1927 4904 vero
1957 4847 2088 4902 nulli
2118 4847 2368 4900 humanae
2397 4846 2472 4900 rei
2501 4846 2716 4901 contido
2741 4863 2753 4909 ;
2784 4845 2874 4899 sed
2912 4855 3061 4897 tuum
3105 4854 3361 4912 exspecto

1798 4941 2080 5006 auxilium,
2120 4949 2174 4994 et
2214 4954 2345 5008 rogo
2375 4948 2434 4992 ut
2478 4953 2546 4992 ne
2577 4939 2756 4992 anima
2802 4953 2921 4990 mea
2970 4937 3061 4989 illo
3105 4935 3357 4987 nudetur.

1801 5032 1866 5086 In
1908 5045 1957 5086 te
2002 5032 2226 5101 speravi,
2266 5047 2369 5084 non
2405 5031 2618 5100 auferas
2665 5030 2900 5082 animam
2949 5041 3133 5078 meam.
3172 5023 3223 5077 Id
3256 5032 3357 5084 est,

1799 5137 1866 5176 ne
1907 5120 2151 5176 cﬂ‘undas
2183 5130 2278 5174 aut
2303 5135 2532 5175 evacues
2564 5135 2725 5188 quam
2762 5119 2812 5171 in
2850 5126 2899 5170 te
2939 5115 3166 5184 positam
3207 5127 3358 5181 spem

1799 5214 1993 5269 habeo.

1871 5306 1957 5360 10.
2019 5303 2218 5360 Cadent
2251 5307 2305 5358 in
2330 5304 2583 5358 retiaculo
2607 5301 2719 5370 ejus
2746 5309 3060 5370 peccatores.
3096 5297 3356 5364 lncidant,

1800 5399 1996 5468 inquit,
2033 5399 2087 5452 in
2119 5414 2216 5452 sua
2264 5398 2396 5451 retia
2447 5407 2760 5466 peccatores
2793 5411 2806 5447 :
2852 5391 3203 5463 Siugulariter
3243 5407 3359 5444 sum

1799 5509 1910 5562 ego,
1945 5492 2107 5546 donec
2140 5501 2426 5544 transeam.
2459 5488 2632 5552 Tunc,
2666 5491 2758 5554 ait,
2784 5489 2900 5542 sine
2945 5487 3135 5541 timore
3171 5496 3224 5542 et
3251 5485 3362 5542 sol—
