  <div class='ocr_page' id='page_1' title='image "/cluster/home/n/w/nwhite01/storage/ocr_20150623/27/hvd.32044014174452/298.png"; bbox 0 0 3760 6270; ppageno 0'>
   <div class='ocr_carea' id='block_1_1' title="bbox 137 244 1749 310">
    <p class='ocr_par' dir='ltr' id='par_1_1' title="bbox 137 251 1728 310">
     <span class='ocr_line' id='line_1_1' title="bbox 137 251 1728 310; baseline -0.001 -2"><span class='ocrx_word' id='word_1_1' title='bbox 137 253 247 308; x_wconf 68' lang='grc' dir='ltr'><strong>διι</strong></span> <span class='ocrx_word' id='word_1_2' title='bbox 1258 251 1624 310; x_wconf 79' lang='lat' dir='ltr'><strong>EXPOSI&#39;I&#39;IO</strong></span> <span class='ocrx_word' id='word_1_3' title='bbox 1663 251 1728 307; x_wconf 83' lang='lat' dir='ltr'>IN</span> 
     </span>
    </p>
   </div>
   <div class='ocr_carea' id='block_1_2' title="bbox 1905 244 3433 310">
    <p class='ocr_par' dir='ltr' id='par_1_2' title="bbox 1905 244 3433 308">
     <span class='ocr_line' id='line_1_2' title="bbox 1905 244 3433 308; baseline -0.005 -2"><span class='ocrx_word' id='word_1_4' title='bbox 1905 250 2100 308; x_wconf 70' lang='grc' dir='ltr'>ωιωι</span> <span class='ocrx_word' id='word_1_5' title='bbox 2137 244 2362 308; x_wconf 80' lang='lat' dir='ltr'><strong>CXLIII.</strong></span> <span class='ocrx_word' id='word_1_6' title='bbox 3325 244 3433 300; x_wconf 70' lang='grc'><strong>542</strong></span> 
     </span>
    </p>
   </div>
   <div class='ocr_carea' id='block_1_3' title="bbox 148 361 1749 444">
    <p class='ocr_par' dir='ltr' id='par_1_3' title="bbox 148 369 1749 444">
     <span class='ocr_line' id='line_1_3' title="bbox 148 369 1749 444; baseline -0.001 -18"><span class='ocrx_word' id='word_1_7' title='bbox 148 373 300 443; x_wconf 66' lang='grc' dir='ltr'><strong>Ἐμὲ</strong></span> <span class='ocrx_word' id='word_1_8' title='bbox 329 369 726 442; x_wconf 76' lang='grc' dir='ltr'>ὑπομένουσι</span> <span class='ocrx_word' id='word_1_9' title='bbox 755 372 968 427; x_wconf 80' lang='grc' dir='ltr'>δίκαιοι</span> <span class='ocrx_word' id='word_1_10' title='bbox 999 373 1111 440; x_wconf 77' lang='grc' dir='ltr'><strong>ἕως</strong></span> <span class='ocrx_word' id='word_1_11' title='bbox 1156 369 1228 430; x_wconf 79' lang='grc' dir='ltr'>οὗ</span> <span class='ocrx_word' id='word_1_12' title='bbox 1273 372 1620 441; x_wconf 81' lang='grc' dir='ltr'>ἀνταποδῷς</span> <span class='ocrx_word' id='word_1_13' title='bbox 1638 390 1749 444; x_wconf 66' lang='grc' dir='ltr'><strong>μοι⁴</strong></span> 
     </span>
    </p>
   </div>
   <div class='ocr_carea' id='block_1_4' title="bbox 1905 361 3434 444">
    <p class='ocr_par' dir='ltr' id='par_1_4' title="bbox 1905 361 3434 432">
     <span class='ocr_line' id='line_1_4' title="bbox 1905 361 3434 432; baseline -0.007 -6"><span class='ocrx_word' id='word_1_14' title='bbox 1905 389 1962 426; x_wconf 87' lang='lat' dir='ltr'><strong>ec</strong></span> <span class='ocrx_word' id='word_1_15' title='bbox 1985 372 2247 428; x_wconf 80' lang='lat' dir='ltr'><strong>retribuas</strong></span> <span class='ocrx_word' id='word_1_16' title='bbox 2285 369 2436 424; x_wconf 82' lang='lat' dir='ltr'><strong>mihi.</strong></span> <span class='ocrx_word' id='word_1_17' title='bbox 2488 366 2544 423; x_wconf 86' lang='lat' dir='ltr'><strong>Si</strong></span> <span class='ocrx_word' id='word_1_18' title='bbox 2580 382 2665 422; x_wconf 88' lang='lat' dir='ltr'><strong>me</strong></span> <span class='ocrx_word' id='word_1_19' title='bbox 2696 365 2894 422; x_wconf 82' lang='lat' dir='ltr'><strong>exhinc</strong></span> <span class='ocrx_word' id='word_1_20' title='bbox 2925 362 3204 424; x_wconf 71' lang='lat' dir='ltr'><strong>eduxeris.</strong></span> <span class='ocrx_word' id='word_1_21' title='bbox 3232 361 3434 432; x_wconf 85' lang='lat' dir='ltr'><strong>inquit,</strong></span> 
     </span>
    </p>
   </div>
   <div class='ocr_carea' id='block_1_5' title="bbox 149 453 1749 540">
    <p class='ocr_par' dir='ltr' id='par_1_5' title="bbox 149 465 1749 540">
     <span class='ocr_line' id='line_1_5' title="bbox 149 465 1749 540; baseline -0.001 -20"><span class='ocrx_word' id='word_1_22' title='bbox 149 466 294 520; x_wconf 67' lang='grc' dir='ltr'><strong>Ἐὰν</strong></span> <span class='ocrx_word' id='word_1_23' title='bbox 322 466 620 540; x_wconf 80' lang='grc' dir='ltr'>ὲξαγάγῃς</span> <span class='ocrx_word' id='word_1_24' title='bbox 648 483 734 538; x_wconf 86' lang='grc' dir='ltr'>με,</span> <span class='ocrx_word' id='word_1_25' title='bbox 766 467 951 538; x_wconf 77' lang='grc' dir='ltr'>φησὶν,</span> <span class='ocrx_word' id='word_1_26' title='bbox 984 465 1231 520; x_wconf 74' lang='grc' dir='ltr'>ἐντεῦθεν</span> <span class='ocrx_word' id='word_1_27' title='bbox 1260 466 1626 538; x_wconf 73' lang='grc' dir='ltr'>ἀμειψάμενός</span> <span class='ocrx_word' id='word_1_28' title='bbox 1655 483 1749 537; x_wconf 87' lang='grc' dir='ltr'><strong>μου</strong></span> 
     </span>
    </p>
   </div>
   <div class='ocr_carea' id='block_1_6' title="bbox 1905 453 3432 540">
    <p class='ocr_par' dir='ltr' id='par_1_6' title="bbox 1905 453 3432 529">
     <span class='ocr_line' id='line_1_6' title="bbox 1905 453 3432 529; baseline -0.008 -10"><span class='ocrx_word' id='word_1_29' title='bbox 1905 481 1916 518; x_wconf 90' lang='lat' dir='ltr'><strong>I</strong></span> <span class='ocrx_word' id='word_1_30' title='bbox 1949 463 2253 519; x_wconf 85' lang='lat' dir='ltr'><strong>mercedem</strong></span> <span class='ocrx_word' id='word_1_31' title='bbox 2295 461 2562 516; x_wconf 87' lang='lat' dir='ltr'><strong>bonorum</strong></span> <span class='ocrx_word' id='word_1_32' title='bbox 2591 472 2840 529; x_wconf 84' lang='lat' dir='ltr'><strong>Operum,</strong></span> <span class='ocrx_word' id='word_1_33' title='bbox 2868 456 3061 526; x_wconf 83' lang='lat' dir='ltr'><strong>reliqui</strong></span> <span class='ocrx_word' id='word_1_34' title='bbox 3083 454 3219 526; x_wconf 88' lang='lat' dir='ltr'><strong>justi</strong></span> <span class='ocrx_word' id='word_1_35' title='bbox 3258 468 3344 508; x_wconf 85' lang='lat' dir='ltr'><strong>me</strong></span> <span class='ocrx_word' id='word_1_36' title='bbox 3374 453 3432 508; x_wconf 87' lang='lat' dir='ltr'><strong>in</strong></span> 
     </span>
    </p>
   </div>
   <div class='ocr_carea' id='block_1_7' title="bbox 137 545 1749 633">
    <p class='ocr_par' dir='ltr' id='par_1_7' title="bbox 137 558 1749 633">
     <span class='ocr_line' id='line_1_7' title="bbox 137 558 1749 633; baseline -0.002 -19"><span class='ocrx_word' id='word_1_37' title='bbox 137 560 250 624; x_wconf 73' lang='grc' dir='ltr'>τὰς</span> <span class='ocrx_word' id='word_1_38' title='bbox 280 559 517 629; x_wconf 75' lang='grc' dir='ltr'>ἀγαθάς</span> <span class='ocrx_word' id='word_1_39' title='bbox 552 559 802 633; x_wconf 81' lang='grc' dir='ltr'>πράξεις,</span> <span class='ocrx_word' id='word_1_40' title='bbox 847 559 940 612; x_wconf 74' lang='grc' dir='ltr'><strong>καὶ</strong></span> <span class='ocrx_word' id='word_1_41' title='bbox 988 560 1038 612; x_wconf 87' lang='grc' dir='ltr'><strong>οἱ</strong></span> <span class='ocrx_word' id='word_1_42' title='bbox 1065 558 1240 612; x_wconf 79' lang='grc' dir='ltr'>λοιποὶ</span> <span class='ocrx_word' id='word_1_43' title='bbox 1264 558 1459 613; x_wconf 88' lang='grc' dir='ltr'>δίκαιοι</span> <span class='ocrx_word' id='word_1_44' title='bbox 1486 559 1584 629; x_wconf 76' lang='grc' dir='ltr'><strong>ἐμὲ</strong></span> <span class='ocrx_word' id='word_1_45' title='bbox 1623 558 1749 611; x_wconf 77' lang='grc' dir='ltr'>ὑπό·</span> 
     </span>
    </p>
   </div>
   <div class='ocr_carea' id='block_1_8' title="bbox 1905 545 3432 633">
    <p class='ocr_par' dir='ltr' id='par_1_8' title="bbox 1905 545 3432 624">
     <span class='ocr_line' id='line_1_8' title="bbox 1905 545 3432 624; baseline -0.005 -16"><span class='ocrx_word' id='word_1_46' title='bbox 1905 554 2172 624; x_wconf 73' lang='lat' dir='ltr'><strong>remplum</strong></span> <span class='ocrx_word' id='word_1_47' title='bbox 2205 567 2318 623; x_wconf 75' lang='lat' dir='ltr'><strong>pra:</strong></span> <span class='ocrx_word' id='word_1_48' title='bbox 2345 551 2517 608; x_wconf 88' lang='lat' dir='ltr'><strong>oculis</strong></span> <span class='ocrx_word' id='word_1_49' title='bbox 2541 550 2824 613; x_wconf 88' lang='lat' dir='ltr'><strong>habentes,</strong></span> <span class='ocrx_word' id='word_1_50' title='bbox 2853 557 2909 603; x_wconf 90' lang='lat' dir='ltr'><strong>et</strong></span> <span class='ocrx_word' id='word_1_51' title='bbox 2943 563 3009 603; x_wconf 82' lang='lat' dir='ltr'><strong>ex</strong></span> <span class='ocrx_word' id='word_1_52' title='bbox 3037 547 3104 602; x_wconf 92' lang='lat' dir='ltr'><strong>iis</strong></span> <span class='ocrx_word' id='word_1_53' title='bbox 3135 561 3256 617; x_wconf 67' lang='lat' dir='ltr'><strong>qua:</strong></span> <span class='ocrx_word' id='word_1_54' title='bbox 3293 545 3432 601; x_wconf 85' lang='lat' dir='ltr'><strong>mihi</strong></span> 
     </span>
    </p>
   </div>
   <div class='ocr_carea' id='block_1_9' title="bbox 141 643 1749 723">
    <p class='ocr_par' dir='ltr' id='par_1_9' title="bbox 141 651 1749 723">
     <span class='ocr_line' id='line_1_9' title="bbox 141 651 1749 723; baseline -0.001 -18"><span class='ocrx_word' id='word_1_55' title='bbox 141 653 358 722; x_wconf 75' lang='grc' dir='ltr'>δειγμα</span> <span class='ocrx_word' id='word_1_56' title='bbox 396 653 514 723; x_wconf 81' lang='grc' dir='ltr'><strong>πρὸ</strong></span> <span class='ocrx_word' id='word_1_57' title='bbox 544 651 840 723; x_wconf 71' lang='grc' dir='ltr'>ὀφθαλμῶν</span> <span class='ocrx_word' id='word_1_58' title='bbox 863 651 1108 722; x_wconf 82' lang='grc' dir='ltr'>ἔχοντες,</span> <span class='ocrx_word' id='word_1_59' title='bbox 1143 652 1237 705; x_wconf 76' lang='grc' dir='ltr'><strong>καὶ</strong></span> <span class='ocrx_word' id='word_1_60' title='bbox 1272 653 1336 706; x_wconf 87' lang='grc' dir='ltr'>ὲκ</span> <span class='ocrx_word' id='word_1_61' title='bbox 1367 652 1476 705; x_wconf 87' lang='grc' dir='ltr'><strong>τῶν</strong></span> <span class='ocrx_word' id='word_1_62' title='bbox 1508 654 1628 706; x_wconf 83' lang='grc' dir='ltr'>κατ’</span> <span class='ocrx_word' id='word_1_63' title='bbox 1659 653 1749 722; x_wconf 78' lang='grc' dir='ltr'><strong>ἐμὲ</strong></span> 
     </span>
    </p>
   </div>
   <div class='ocr_carea' id='block_1_10' title="bbox 1905 643 3433 723">
    <p class='ocr_par' dir='ltr' id='par_1_10' title="bbox 1905 643 3433 716">
     <span class='ocr_line' id='line_1_10' title="bbox 1905 643 3433 716; baseline -0.006 -14"><span class='ocrx_word' id='word_1_64' title='bbox 1905 646 2206 716; x_wconf 81' lang='lat' dir='ltr'><strong>ontigerunt</strong></span> <span class='ocrx_word' id='word_1_65' title='bbox 2241 659 2362 715; x_wconf 71' lang='lat' dir='ltr'><strong>quae</strong></span> <span class='ocrx_word' id='word_1_66' title='bbox 2404 643 2552 714; x_wconf 91' lang='lat' dir='ltr'><strong>ipsos</strong></span> <span class='ocrx_word' id='word_1_67' title='bbox 2598 650 2842 711; x_wconf 77' lang='lat' dir='ltr'><strong>spectant</strong></span> <span class='ocrx_word' id='word_1_68' title='bbox 2875 656 3058 696; x_wconf 88' lang='lat' dir='ltr'><strong>secum</strong></span> <span class='ocrx_word' id='word_1_69' title='bbox 3093 647 3433 708; x_wconf 77' lang='lat' dir='ltr'><strong>reputantes,</strong></span> 
     </span>
    </p>
   </div>
   <div class='ocr_carea' id='block_1_11' title="bbox 144 733 1749 815">
    <p class='ocr_par' dir='ltr' id='par_1_11' title="bbox 144 742 1749 815">
     <span class='ocr_line' id='line_1_11' title="bbox 144 742 1749 815; baseline 0 -19"><span class='ocrx_word' id='word_1_70' title='bbox 144 743 221 796; x_wconf 68' lang='grc' dir='ltr'>τὰ</span> <span class='ocrx_word' id='word_1_71' title='bbox 251 747 385 798; x_wconf 79' lang='grc' dir='ltr'>κατ’</span> <span class='ocrx_word' id='word_1_72' title='bbox 419 745 627 808; x_wconf 74' lang='grc' dir='ltr'>αὐτοὺς</span> <span class='ocrx_word' id='word_1_73' title='bbox 655 745 1171 815; x_wconf 84' lang='grc' dir='ltr'>ἀποταμιευόμενοι,</span> <span class='ocrx_word' id='word_1_74' title='bbox 1195 742 1530 799; x_wconf 76' lang='grc' dir='ltr'>ἀποδώσουσι</span> <span class='ocrx_word' id='word_1_75' title='bbox 1553 761 1634 797; x_wconf 92' lang='grc' dir='ltr'><strong>σοι</strong></span> <span class='ocrx_word' id='word_1_76' title='bbox 1661 744 1749 808; x_wconf 78' lang='grc' dir='ltr'>τὰς</span> 
     </span>
    </p>
   </div>
   <div class='ocr_carea' id='block_1_12' title="bbox 1905 733 3250 815">
    <p class='ocr_par' dir='ltr' id='par_1_12' title="bbox 1905 733 3250 810">
     <span class='ocr_line' id='line_1_12' title="bbox 1905 733 3250 810; baseline -0.005 -17"><span class='ocrx_word' id='word_1_77' title='bbox 1905 738 2286 810; x_wconf 66' lang='grc' dir='ltr'>ιρριίοοιὶοιιοε</span> <span class='ocrx_word' id='word_1_78' title='bbox 2311 735 2533 792; x_wconf 69' lang='lat' dir='ltr'><strong>offerent</strong></span> <span class='ocrx_word' id='word_1_79' title='bbox 2563 733 2657 790; x_wconf 84' lang='lat' dir='ltr'><strong>tibi</strong></span> <span class='ocrx_word' id='word_1_80' title='bbox 2684 743 2737 789; x_wconf 90' lang='lat' dir='ltr'><strong>et</strong></span> <span class='ocrx_word' id='word_1_81' title='bbox 2769 733 2834 788; x_wconf 89' lang='lat' dir='ltr'><strong>ad</strong></span> <span class='ocrx_word' id='word_1_82' title='bbox 2861 743 2913 788; x_wconf 90' lang='lat' dir='ltr'><strong>te</strong></span> <span class='ocrx_word' id='word_1_83' title='bbox 2940 741 3250 788; x_wconf 87' lang='lat' dir='ltr'><strong>accurrent.</strong></span> 
     </span>
    </p>
   </div>
   <div class='ocr_carea' id='block_1_13' title="bbox 144 838 1094 910">
    <p class='ocr_par' dir='ltr' id='par_1_13' title="bbox 144 838 1094 910">
     <span class='ocr_line' id='line_1_13' title="bbox 144 838 1094 910; baseline 0.003 -20"><span class='ocrx_word' id='word_1_84' title='bbox 144 838 312 901; x_wconf 61' lang='grc' dir='ltr'>λιτὰς</span> <span class='ocrx_word' id='word_1_85' title='bbox 343 838 454 892; x_wconf 81' lang='grc' dir='ltr'><strong>καί</strong></span> <span class='ocrx_word' id='word_1_86' title='bbox 481 856 568 892; x_wconf 86' lang='grc' dir='ltr'><strong>σοι</strong></span> <span class='ocrx_word' id='word_1_87' title='bbox 602 838 1094 910; x_wconf 77' lang='grc' dir='ltr'><strong>προσδραμοῦνται.</strong></span> 
     </span>
    </p>
   </div>
   <div class='ocr_carea' id='block_1_14' title="bbox 154 947 1758 1017">
    <p class='ocr_par' dir='ltr' id='par_1_14' title="bbox 154 947 1758 1017">
     <span class='ocr_line' id='line_1_14' title="bbox 154 947 1758 1017; baseline 0.002 -13"><span class='ocrx_word' id='word_1_88' title='bbox 154 947 498 1005; x_wconf 67' lang='grc' dir='ltr'><strong>ΨΑΛΜΟΣ</strong></span> <span class='ocrx_word' id='word_1_89' title='bbox 534 948 695 1017; x_wconf 73' lang='grc' dir='ltr'>ᾠδῆς</span> <span class='ocrx_word' id='word_1_90' title='bbox 724 947 803 1014; x_wconf 86' lang='grc' dir='ltr'>τῷ</span> <span class='ocrx_word' id='word_1_91' title='bbox 835 951 1034 1015; x_wconf 84' lang='grc' dir='ltr'><strong>Δαυῒδ,</strong></span> <span class='ocrx_word' id='word_1_92' title='bbox 1067 951 1164 1005; x_wconf 86' lang='grc' dir='ltr'>ὅτε</span> <span class='ocrx_word' id='word_1_93' title='bbox 1190 951 1546 1006; x_wconf 81' lang='grc' dir='ltr'>κατεδίωκεν</span> <span class='ocrx_word' id='word_1_94' title='bbox 1572 953 1758 1008; x_wconf 78' lang='grc' dir='ltr'>αὐτὸν</span> 
     </span>
    </p>
   </div>
   <div class='ocr_carea' id='block_1_15' title="bbox 443 1037 1484 1111">
    <p class='ocr_par' dir='ltr' id='par_1_15' title="bbox 443 1037 1484 1111">
     <span class='ocr_line' id='line_1_15' title="bbox 443 1037 1484 1111; baseline 0 -19"><span class='ocrx_word' id='word_1_95' title='bbox 443 1040 477 1092; x_wconf 84' lang='grc' dir='ltr'><em>ὀ</em></span> <span class='ocrx_word' id='word_1_96' title='bbox 503 1037 633 1103; x_wconf 78' lang='grc' dir='ltr'>υίὸς</span> <span class='ocrx_word' id='word_1_97' title='bbox 655 1039 841 1092; x_wconf 85' lang='grc' dir='ltr'>αὐτοῦ</span> <span class='ocrx_word' id='word_1_98' title='bbox 879 1040 1274 1111; x_wconf 81' lang='grc' dir='ltr'>Ἀϐεσσαλώμ.</span> <span class='ocrx_word' id='word_1_99' title='bbox 1299 1043 1484 1095; x_wconf 82' lang='lat' dir='ltr'><strong>PMB&#39;.</strong></span> 
     </span>
    </p>
   </div>
   <div class='ocr_carea' id='block_1_16' title="bbox 811 1130 1137 1198">
    <p class='ocr_par' dir='ltr' id='par_1_16' title="bbox 811 1130 1137 1198">
     <span class='ocr_line' id='line_1_16' title="bbox 811 1130 1137 1198; baseline 0.009 -14"><span class='ocrx_word' id='word_1_100' title='bbox 811 1130 1137 1198; x_wconf 85' lang='grc' dir='ltr'>Ὑπόθεσις.</span> 
     </span>
    </p>
   </div>
   <div class='ocr_carea' id='block_1_17' title="bbox 154 1214 1752 1297">
    <p class='ocr_par' dir='ltr' id='par_1_17' title="bbox 154 1214 1752 1297">
     <span class='ocr_line' id='line_1_17' title="bbox 154 1214 1752 1297; baseline 0.004 -23"><span class='ocrx_word' id='word_1_101' title='bbox 154 1223 271 1274; x_wconf 72' lang='grc' dir='ltr'>Καὶ</span> <span class='ocrx_word' id='word_1_102' title='bbox 298 1214 470 1285; x_wconf 70' lang='grc' dir='ltr'>οὗτος</span> <span class='ocrx_word' id='word_1_103' title='bbox 501 1223 695 1294; x_wconf 81' lang='grc' dir='ltr'><strong>ὁμοίαν</strong></span> <span class='ocrx_word' id='word_1_104' title='bbox 737 1223 850 1294; x_wconf 78' lang='grc' dir='ltr'>ἔχει</span> <span class='ocrx_word' id='word_1_105' title='bbox 889 1224 981 1277; x_wconf 89' lang='grc' dir='ltr'><strong>τοῦ</strong></span> <span class='ocrx_word' id='word_1_106' title='bbox 1014 1224 1119 1296; x_wconf 81' lang='grc' dir='ltr'>πρὸ</span> <span class='ocrx_word' id='word_1_107' title='bbox 1158 1225 1324 1279; x_wconf 79' lang='grc' dir='ltr'>αὐτοῦ</span> <span class='ocrx_word' id='word_1_108' title='bbox 1355 1226 1451 1297; x_wconf 83' lang='grc' dir='ltr'>τὴν</span> <span class='ocrx_word' id='word_1_109' title='bbox 1481 1227 1752 1282; x_wconf 85' lang='grc' dir='ltr'>ὑπόθεσιν.</span> 
     </span>
    </p>
   </div>
   <div class='ocr_carea' id='block_1_18' title="bbox 225 1314 1757 1391">
    <p class='ocr_par' dir='ltr' id='par_1_18' title="bbox 225 1314 1757 1391">
     <span class='ocr_line' id='line_1_18' title="bbox 225 1314 1757 1391; baseline 0.005 -24"><span class='ocrx_word' id='word_1_110' title='bbox 225 1314 480 1385; x_wconf 79' lang='grc' dir='ltr'>Εῦχεται</span> <span class='ocrx_word' id='word_1_111' title='bbox 525 1316 635 1388; x_wconf 78' lang='grc' dir='ltr'>γὰρ</span> <span class='ocrx_word' id='word_1_112' title='bbox 676 1317 783 1370; x_wconf 88' lang='grc' dir='ltr'><strong>ἀπὸ</strong></span> <span class='ocrx_word' id='word_1_113' title='bbox 816 1316 925 1370; x_wconf 86' lang='grc' dir='ltr'><strong>τῶν</strong></span> <span class='ocrx_word' id='word_1_114' title='bbox 967 1318 1270 1372; x_wconf 84' lang='grc' dir='ltr'><strong>διωκόντων</strong></span> <span class='ocrx_word' id='word_1_115' title='bbox 1312 1320 1601 1391; x_wconf 55' lang='grc' dir='ltr'>ῥηθῆναί,</span> <span class='ocrx_word' id='word_1_116' title='bbox 1629 1320 1703 1385; x_wconf 81' lang='grc' dir='ltr'>ὡς</span> <span class='ocrx_word' id='word_1_117' title='bbox 1729 1325 1757 1375; x_wconf 85' lang='grc' dir='ltr'>ὁ</span> 
     </span>
    </p>
   </div>
   <div class='ocr_carea' id='block_1_19' title="bbox 244 1407 1757 1483">
    <p class='ocr_par' dir='ltr' id='par_1_19' title="bbox 244 1407 1757 1483">
     <span class='ocr_line' id='line_1_19' title="bbox 244 1407 1757 1483; baseline 0.004 -24"><span class='ocrx_word' id='word_1_118' title='bbox 244 1407 582 1471; x_wconf 72' lang='grc' dir='ltr'>’Δπόστολός</span> <span class='ocrx_word' id='word_1_119' title='bbox 626 1425 778 1479; x_wconf 83' lang='grc' dir='ltr'>φησι.</span> <span class='ocrx_word' id='word_1_120' title='bbox 827 1408 1082 1472; x_wconf 83' lang='grc' dir='ltr'>Τυπικῶς</span> <span class='ocrx_word' id='word_1_121' title='bbox 1109 1409 1165 1463; x_wconf 82' lang='grc' dir='ltr'>δὲ</span> <span class='ocrx_word' id='word_1_122' title='bbox 1205 1410 1378 1465; x_wconf 86' lang='grc' dir='ltr'>ταῦτα</span> <span class='ocrx_word' id='word_1_123' title='bbox 1417 1413 1612 1483; x_wconf 76' lang='grc' dir='ltr'>συνέϐη</span> <span class='ocrx_word' id='word_1_124' title='bbox 1646 1417 1757 1476; x_wconf 88' lang='grc' dir='ltr'>τοῖς</span> 
     </span>
    </p>
   </div>
   <div class='ocr_carea' id='block_1_20' title="bbox 227 1496 1752 1573">
    <p class='ocr_par' dir='ltr' id='par_1_20' title="bbox 227 1496 1752 1573">
     <span class='ocr_line' id='line_1_20' title="bbox 227 1496 1752 1573; baseline 0.006 -26"><span class='ocrx_word' id='word_1_125' title='bbox 227 1496 659 1567; x_wconf 83' lang='grc' dir='ltr'>ἀρχαιοτέροις·</span> <span class='ocrx_word' id='word_1_126' title='bbox 711 1498 929 1571; x_wconf 73' lang='grc' dir='ltr'>ἐγράφη</span> <span class='ocrx_word' id='word_1_127' title='bbox 969 1500 1027 1554; x_wconf 83' lang='grc' dir='ltr'><strong>δὲ</strong></span> <span class='ocrx_word' id='word_1_128' title='bbox 1079 1501 1215 1572; x_wconf 75' lang='grc' dir='ltr'>πρὸς</span> <span class='ocrx_word' id='word_1_129' title='bbox 1261 1500 1542 1556; x_wconf 78' lang='grc' dir='ltr'>νουθεσίαν</span> <span class='ocrx_word' id='word_1_130' title='bbox 1576 1501 1752 1573; x_wconf 81' lang='grc' dir='ltr'>ἡμῶν.</span> 
     </span>
    </p>
   </div>
   <div class='ocr_carea' id='block_1_21' title="bbox 231 1587 1758 1662">
    <p class='ocr_par' dir='ltr' id='par_1_21' title="bbox 231 1587 1758 1662">
     <span class='ocr_line' id='line_1_21' title="bbox 231 1587 1758 1662; baseline 0.006 -24"><span class='ocrx_word' id='word_1_131' title='bbox 231 1587 624 1659; x_wconf 82' lang='grc' dir='ltr'>Διδασκόμεθα</span> <span class='ocrx_word' id='word_1_132' title='bbox 649 1589 827 1643; x_wconf 79' lang='grc' dir='ltr'>τοίνυν</span> <span class='ocrx_word' id='word_1_133' title='bbox 862 1592 919 1642; x_wconf 82' lang='grc' dir='ltr'>ὲν</span> <span class='ocrx_word' id='word_1_134' title='bbox 944 1591 1325 1662; x_wconf 73' lang='grc' dir='ltr'><strong>περιστάσεσιν</strong></span> <span class='ocrx_word' id='word_1_135' title='bbox 1354 1592 1447 1645; x_wconf 72' lang='grc' dir='ltr'>ἐπὶ</span> <span class='ocrx_word' id='word_1_136' title='bbox 1478 1592 1635 1662; x_wconf 89' lang='grc' dir='ltr'>μόνον</span> <span class='ocrx_word' id='word_1_137' title='bbox 1659 1611 1758 1646; x_wconf 84' lang='grc' dir='ltr'>κα-</span> 
     </span>
    </p>
   </div>
   <div class='ocr_carea' id='block_1_22' title="bbox 1860 949 3435 1022">
    <p class='ocr_par' dir='ltr' id='par_1_22' title="bbox 1860 949 3435 1022">
     <span class='ocr_line' id='line_1_22' title="bbox 1860 949 3435 1022; baseline -0.007 -11"><span class='ocrx_word' id='word_1_138' title='bbox 1860 958 1912 1011; x_wconf 66' lang='grc' dir='ltr'><strong>ί.</strong></span> <span class='ocrx_word' id='word_1_139' title='bbox 1956 952 2200 1010; x_wconf 73' lang='grc' dir='ltr'><strong>ΡδΑιΜ</strong></span> <span class='ocrx_word' id='word_1_140' title='bbox 2212 951 2300 1008; x_wconf 84' lang='lat' dir='ltr'><strong><em>US</em></strong></span> <span class='ocrx_word' id='word_1_141' title='bbox 2327 953 2523 1007; x_wconf 85' lang='lat' dir='ltr'><strong>cantici</strong></span> <span class='ocrx_word' id='word_1_142' title='bbox 2561 953 2754 1016; x_wconf 85' lang='lat' dir='ltr'><strong>David,</strong></span> <span class='ocrx_word' id='word_1_143' title='bbox 2784 949 2993 1022; x_wconf 84' lang='lat' dir='ltr'><strong>quando</strong></span> <span class='ocrx_word' id='word_1_144' title='bbox 3023 962 3435 1020; x_wconf 83' lang='lat' dir='ltr'><strong>persequeoatur</strong></span> 
     </span>
    </p>
   </div>
   <div class='ocr_carea' id='block_1_23' title="bbox 2069 1039 3208 1114">
    <p class='ocr_par' dir='ltr' id='par_1_23' title="bbox 2069 1039 3208 1114">
     <span class='ocr_line' id='line_1_23' title="bbox 2069 1039 3208 1114; baseline -0.004 -14"><span class='ocrx_word' id='word_1_145' title='bbox 2069 1062 2186 1101; x_wconf 87' lang='lat' dir='ltr'><strong>eum</strong></span> <span class='ocrx_word' id='word_1_146' title='bbox 2233 1044 2537 1100; x_wconf 84' lang='lat' dir='ltr'><strong>Abessalom</strong></span> <span class='ocrx_word' id='word_1_147' title='bbox 2592 1044 2737 1114; x_wconf 81' lang='lat' dir='ltr'><strong>ﬁlius</strong></span> <span class='ocrx_word' id='word_1_148' title='bbox 2789 1043 2925 1113; x_wconf 87' lang='lat' dir='ltr'><strong>ejus.</strong></span> <span class='ocrx_word' id='word_1_149' title='bbox 2979 1039 3208 1097; x_wconf 84' lang='lat' dir='ltr'><strong>CXLII.</strong></span> 
     </span>
    </p>
   </div>
   <div class='ocr_carea' id='block_1_24' title="bbox 2438 1139 2834 1208">
    <p class='ocr_par' dir='ltr' id='par_1_24' title="bbox 2438 1139 2834 1208">
     <span class='ocr_line' id='line_1_24' title="bbox 2438 1139 2834 1208; baseline 0.003 -17"><span class='ocrx_word' id='word_1_150' title='bbox 2438 1139 2834 1208; x_wconf 79' lang='lat' dir='ltr'><strong>Argumentum.</strong></span> 
     </span>
    </p>
   </div>
   <div class='ocr_carea' id='block_1_25' title="bbox 1863 1225 3424 1302">
    <p class='ocr_par' dir='ltr' id='par_1_25' title="bbox 1863 1225 3424 1302">
     <span class='ocr_line' id='line_1_25' title="bbox 1863 1225 3424 1302; baseline -0.006 -15"><span class='ocrx_word' id='word_1_151' title='bbox 1863 1232 2069 1288; x_wconf 87' lang='lat' dir='ltr'><strong>Similis</strong></span> <span class='ocrx_word' id='word_1_152' title='bbox 2123 1231 2432 1302; x_wconf 83' lang='lat' dir='ltr'><strong>argumenti</strong></span> <span class='ocrx_word' id='word_1_153' title='bbox 2486 1247 2609 1284; x_wconf 90' lang='lat' dir='ltr'><strong>cum</strong></span> <span class='ocrx_word' id='word_1_154' title='bbox 2667 1229 2848 1299; x_wconf 86' lang='lat' dir='ltr'><strong>priore</strong></span> <span class='ocrx_word' id='word_1_155' title='bbox 2895 1237 2979 1283; x_wconf 91' lang='lat' dir='ltr'><strong>est</strong></span> <span class='ocrx_word' id='word_1_156' title='bbox 3017 1226 3106 1281; x_wconf 90' lang='lat' dir='ltr'><strong>hic</strong></span> <span class='ocrx_word' id='word_1_157' title='bbox 3152 1225 3424 1296; x_wconf 85' lang='lat' dir='ltr'><strong>psalmus.</strong></span> 
     </span>
    </p>
   </div>
   <div class='ocr_carea' id='block_1_26' title="bbox 1929 1318 3424 1394">
    <p class='ocr_par' dir='ltr' id='par_1_26' title="bbox 1929 1318 3424 1394">
     <span class='ocr_line' id='line_1_26' title="bbox 1929 1318 3424 1394; baseline -0.005 -15"><span class='ocrx_word' id='word_1_158' title='bbox 1929 1324 2105 1394; x_wconf 78' lang='lat' dir='ltr'><strong>Rogat</strong></span> <span class='ocrx_word' id='word_1_159' title='bbox 2161 1323 2307 1379; x_wconf 88' lang='lat' dir='ltr'><strong>enim</strong></span> <span class='ocrx_word' id='word_1_160' title='bbox 2362 1322 2579 1376; x_wconf 87' lang='lat' dir='ltr'><strong>liberari</strong></span> <span class='ocrx_word' id='word_1_161' title='bbox 2636 1337 2666 1376; x_wconf 91' lang='lat' dir='ltr'><strong>a</strong></span> <span class='ocrx_word' id='word_1_162' title='bbox 2719 1318 3190 1390; x_wconf 84' lang='lat' dir='ltr'><strong>persequentibus,</strong></span> <span class='ocrx_word' id='word_1_163' title='bbox 3243 1326 3302 1371; x_wconf 89' lang='lat' dir='ltr'><strong>ut</strong></span> <span class='ocrx_word' id='word_1_164' title='bbox 3346 1319 3424 1371; x_wconf 88' lang='lat' dir='ltr'><strong>ait</strong></span> 
     </span>
    </p>
   </div>
   <div class='ocr_carea' id='block_1_27' title="bbox 1925 1407 3423 1486">
    <p class='ocr_par' dir='ltr' id='par_1_27' title="bbox 1925 1407 3423 1486">
     <span class='ocr_line' id='line_1_27' title="bbox 1925 1407 3423 1486; baseline -0.004 -16"><span class='ocrx_word' id='word_1_165' title='bbox 1925 1415 2240 1486; x_wconf 83' lang='lat' dir='ltr'><strong>Apostolus.</strong></span> <span class='ocrx_word' id='word_1_166' title='bbox 2288 1413 2543 1484; x_wconf 78' lang='lat' dir='ltr'><strong>Figurate</strong></span> <span class='ocrx_word' id='word_1_167' title='bbox 2583 1423 2763 1466; x_wconf 90' lang='lat' dir='ltr'><strong>autem</strong></span> <span class='ocrx_word' id='word_1_168' title='bbox 2807 1412 2995 1466; x_wconf 71' lang='lat' dir='ltr'><strong>isthaac</strong></span> <span class='ocrx_word' id='word_1_169' title='bbox 3022 1407 3423 1478; x_wconf 82' lang='lat' dir='ltr'><strong>antiquioribus</strong></span> 
     </span>
    </p>
   </div>
   <div class='ocr_carea' id='block_1_28' title="bbox 1926 1499 3421 1576">
    <p class='ocr_par' dir='ltr' id='par_1_28' title="bbox 1926 1499 3421 1576">
     <span class='ocr_line' id='line_1_28' title="bbox 1926 1499 3421 1576; baseline -0.005 -14"><span class='ocrx_word' id='word_1_170' title='bbox 1926 1505 2218 1576; x_wconf 81' lang='lat' dir='ltr'><strong>contigere,</strong></span> <span class='ocrx_word' id='word_1_171' title='bbox 2259 1505 2572 1574; x_wconf 85' lang='lat' dir='ltr'><strong>scriptaque</strong></span> <span class='ocrx_word' id='word_1_172' title='bbox 2618 1511 2746 1558; x_wconf 91' lang='lat' dir='ltr'><strong>sunt</strong></span> <span class='ocrx_word' id='word_1_173' title='bbox 2793 1500 2860 1556; x_wconf 88' lang='lat' dir='ltr'><strong>ad</strong></span> <span class='ocrx_word' id='word_1_174' title='bbox 2905 1499 3258 1555; x_wconf 80' lang='lat' dir='ltr'><strong>munitionem</strong></span> <span class='ocrx_word' id='word_1_175' title='bbox 3315 1515 3421 1554; x_wconf 88' lang='lat' dir='ltr'><strong>no-</strong></span> 
     </span>
    </p>
   </div>
   <div class='ocr_carea' id='block_1_29' title="bbox 1940 1591 3424 1665">
    <p class='ocr_par' dir='ltr' id='par_1_29' title="bbox 1940 1591 3424 1665">
     <span class='ocr_line' id='line_1_29' title="bbox 1940 1591 3424 1665; baseline -0.005 -12"><span class='ocrx_word' id='word_1_176' title='bbox 1940 1607 2136 1653; x_wconf 68' lang='lat' dir='ltr'><strong>stram.</strong></span> <span class='ocrx_word' id='word_1_177' title='bbox 2181 1597 2451 1652; x_wconf 90' lang='lat' dir='ltr'><strong>Docemur</strong></span> <span class='ocrx_word' id='word_1_178' title='bbox 2499 1596 2685 1665; x_wconf 89' lang='lat' dir='ltr'><strong>itaque</strong></span> <span class='ocrx_word' id='word_1_179' title='bbox 2727 1595 2780 1649; x_wconf 89' lang='lat' dir='ltr'><strong>in</strong></span> <span class='ocrx_word' id='word_1_180' title='bbox 2820 1593 3200 1650; x_wconf 84' lang='lat' dir='ltr'><strong>occasionibus</strong></span> <span class='ocrx_word' id='word_1_181' title='bbox 3237 1591 3304 1646; x_wconf 89' lang='lat' dir='ltr'><strong>ad</strong></span> <span class='ocrx_word' id='word_1_182' title='bbox 3337 1606 3424 1648; x_wconf 86' lang='lat' dir='ltr'><strong>so-</strong></span> 
     </span>
    </p>
   </div>
   <div class='ocr_carea' id='block_1_30' title="bbox 1943 1685 3420 1759">
    <p class='ocr_par' dir='ltr' id='par_1_30' title="bbox 1943 1685 3420 1759">
     <span class='ocr_line' id='line_1_30' title="bbox 1943 1685 3420 1759; baseline -0.004 -15"><span class='ocrx_word' id='word_1_183' title='bbox 1943 1690 2055 1744; x_wconf 92' lang='lat' dir='ltr'><strong>lum</strong></span> <span class='ocrx_word' id='word_1_184' title='bbox 2119 1687 2292 1744; x_wconf 89' lang='lat' dir='ltr'><strong>Deum</strong></span> <span class='ocrx_word' id='word_1_185' title='bbox 2347 1687 2660 1759; x_wconf 77' lang='lat' dir='ltr'><strong>confugere.</strong></span> <span class='ocrx_word' id='word_1_186' title='bbox 2726 1685 3019 1741; x_wconf 89' lang='lat' dir='ltr'><strong>Sciendum</strong></span> <span class='ocrx_word' id='word_1_187' title='bbox 3082 1692 3263 1738; x_wconf 88' lang='lat' dir='ltr'><strong>autem</strong></span> <span class='ocrx_word' id='word_1_188' title='bbox 3314 1691 3420 1751; x_wconf 89' lang='lat' dir='ltr'><strong>est,</strong></span> 
     </span>
    </p>
   </div>
   <div class='ocr_carea' id='block_1_31' title="bbox 1950 1779 3426 1850">
    <p class='ocr_par' dir='ltr' id='par_1_31' title="bbox 1950 1779 3426 1850">
     <span class='ocr_line' id='line_1_31' title="bbox 1950 1779 3426 1850; baseline -0.003 -14"><span class='ocrx_word' id='word_1_189' title='bbox 1950 1782 2255 1837; x_wconf 86' lang='lat' dir='ltr'><strong>oralionem</strong></span> <span class='ocrx_word' id='word_1_190' title='bbox 2283 1779 2479 1836; x_wconf 80' lang='lat' dir='ltr'><strong>referri</strong></span> <span class='ocrx_word' id='word_1_191' title='bbox 2517 1780 2582 1835; x_wconf 89' lang='lat' dir='ltr'><strong>ad</strong></span> <span class='ocrx_word' id='word_1_192' title='bbox 2615 1794 2902 1850; x_wconf 89' lang='lat' dir='ltr'><strong>personam</strong></span> <span class='ocrx_word' id='word_1_193' title='bbox 2934 1779 3186 1833; x_wconf 74' lang='lat' dir='ltr'><strong>humana:</strong></span> <span class='ocrx_word' id='word_1_194' title='bbox 3212 1787 3426 1832; x_wconf 67' lang='lat' dir='ltr'><strong>natura:</strong></span> 
     </span>
    </p>
   </div>
   <div class='ocr_carea' id='block_1_32' title="bbox 1939 1869 3424 1946">
    <p class='ocr_par' dir='ltr' id='par_1_32' title="bbox 1939 1869 3424 1946">
     <span class='ocr_line' id='line_1_32' title="bbox 1939 1869 3424 1946; baseline -0.004 -17"><span class='ocrx_word' id='word_1_195' title='bbox 1939 1875 2157 1946; x_wconf 70' lang='lat' dir='ltr'><strong>agitatae</strong></span> <span class='ocrx_word' id='word_1_196' title='bbox 2190 1884 2243 1929; x_wconf 86' lang='lat' dir='ltr'><strong>et</strong></span> <span class='ocrx_word' id='word_1_197' title='bbox 2278 1873 2487 1929; x_wconf 67' lang='lat' dir='ltr'><strong>alﬂictaa</strong></span> <span class='ocrx_word' id='word_1_198' title='bbox 2529 1874 2597 1928; x_wconf 91' lang='lat' dir='ltr'><strong>ab</strong></span> <span class='ocrx_word' id='word_1_199' title='bbox 2652 1882 2937 1945; x_wconf 74' lang='lat' dir='ltr'><strong>arrogante</strong></span> <span class='ocrx_word' id='word_1_200' title='bbox 2980 1872 3073 1926; x_wconf 89' lang='lat' dir='ltr'><strong>illo</strong></span> <span class='ocrx_word' id='word_1_201' title='bbox 3117 1869 3340 1936; x_wconf 89' lang='lat' dir='ltr'><strong>Satana,</strong></span> <span class='ocrx_word' id='word_1_202' title='bbox 3387 1885 3424 1924; x_wconf 81' lang='lat' dir='ltr'><strong>a</strong></span> 
     </span>
    </p>
   </div>
   <div class='ocr_carea' id='block_1_33' title="bbox 1936 1960 3424 2038">
    <p class='ocr_par' dir='ltr' id='par_1_33' title="bbox 1936 1960 3424 2038">
     <span class='ocr_line' id='line_1_33' title="bbox 1936 1960 3424 2038; baseline -0.005 -16"><span class='ocrx_word' id='word_1_203' title='bbox 1936 1982 2046 2038; x_wconf 92' lang='lat' dir='ltr'><strong>quo</strong></span> <span class='ocrx_word' id='word_1_204' title='bbox 2077 1982 2172 2037; x_wconf 89' lang='lat' dir='ltr'><strong>per</strong></span> <span class='ocrx_word' id='word_1_205' title='bbox 2206 1964 2476 2038; x_wconf 79' lang='lat' dir='ltr'><strong>Unigeniti</strong></span> <span class='ocrx_word' id='word_1_206' title='bbox 2507 1965 2797 2020; x_wconf 86' lang='lat' dir='ltr'><strong>adventum</strong></span> <span class='ocrx_word' id='word_1_207' title='bbox 2835 1963 3029 2019; x_wconf 87' lang='lat' dir='ltr'><strong>redimi</strong></span> <span class='ocrx_word' id='word_1_208' title='bbox 3069 1977 3129 2018; x_wconf 90' lang='lat' dir='ltr'><strong>se</strong></span> <span class='ocrx_word' id='word_1_209' title='bbox 3159 1960 3424 2032; x_wconf 83' lang='lat' dir='ltr'><strong>postulat.</strong></span> 
     </span>
    </p>
   </div>
   <div class='ocr_carea' id='block_1_34' title="bbox 232 1678 1757 1754">
    <p class='ocr_par' dir='ltr' id='par_1_34' title="bbox 232 1678 1757 1754">
     <span class='ocr_line' id='line_1_34' title="bbox 232 1678 1757 1754; baseline 0.005 -24"><span class='ocrx_word' id='word_1_210' title='bbox 232 1679 541 1748; x_wconf 75' lang='grc' dir='ltr'>ταφεύγειν</span> <span class='ocrx_word' id='word_1_211' title='bbox 582 1678 672 1732; x_wconf 81' lang='grc' dir='ltr'><strong>τὸν</strong></span> <span class='ocrx_word' id='word_1_212' title='bbox 701 1679 853 1734; x_wconf 85' lang='grc' dir='ltr'>Θεόν.</span> <span class='ocrx_word' id='word_1_213' title='bbox 899 1683 1094 1736; x_wconf 88' lang='grc' dir='ltr'>Ἰστέον</span> <span class='ocrx_word' id='word_1_214' title='bbox 1125 1682 1182 1735; x_wconf 83' lang='grc' dir='ltr'>δὲ</span> <span class='ocrx_word' id='word_1_215' title='bbox 1213 1684 1292 1736; x_wconf 86' lang='grc' dir='ltr'><strong>ὃτι</strong></span> <span class='ocrx_word' id='word_1_216' title='bbox 1321 1683 1646 1754; x_wconf 81' lang='grc' dir='ltr'>ἀναφέρεται</span> <span class='ocrx_word' id='word_1_217' title='bbox 1678 1686 1757 1746; x_wconf 80' lang='grc' dir='ltr'><strong>εἰς</strong></span> 
     </span>
    </p>
   </div>
   <div class='ocr_carea' id='block_1_35' title="bbox 231 1749 1830 1848">
    <p class='ocr_par' dir='ltr' id='par_1_35' title="bbox 231 1749 1830 1848">
     <span class='ocr_line' id='line_1_35' title="bbox 231 1749 1830 1848; baseline 0.005 -25"><span class='ocrx_word' id='word_1_218' title='bbox 231 1771 292 1824; x_wconf 80' lang='grc' dir='ltr'>τὸ</span> <span class='ocrx_word' id='word_1_219' title='bbox 316 1771 423 1842; x_wconf 81' lang='grc' dir='ltr'>τῆς</span> <span class='ocrx_word' id='word_1_220' title='bbox 455 1771 873 1846; x_wconf 81' lang='grc' dir='ltr'>ἀνθρωπὸτητος</span> <span class='ocrx_word' id='word_1_221' title='bbox 902 1774 1190 1844; x_wconf 89' lang='grc' dir='ltr'>πρόσωπον</span> <span class='ocrx_word' id='word_1_222' title='bbox 1219 1777 1250 1846; x_wconf 81' lang='grc' dir='ltr'>ἡ</span> <span class='ocrx_word' id='word_1_223' title='bbox 1287 1749 1558 1848; x_wconf 77' lang='grc' dir='ltr'>προσευχὴ</span> <span class='ocrx_word' id='word_1_224' title='bbox 1589 1794 1757 1830; x_wconf 84' lang='grc' dir='ltr'>κατα·</span> <span class='ocrx_word' id='word_1_225' title='bbox 1787 1749 1830 1807; x_wconf 75' lang='grc' dir='ltr'><strong><em>Β</em></strong></span> 
     </span>
    </p>
   </div>
   <div class='ocr_carea' id='block_1_36' title="bbox 229 1861 1757 1936">
    <p class='ocr_par' dir='ltr' id='par_1_36' title="bbox 229 1861 1757 1936">
     <span class='ocr_line' id='line_1_36' title="bbox 229 1861 1757 1936; baseline 0.004 -22"><span class='ocrx_word' id='word_1_226' title='bbox 229 1861 580 1932; x_wconf 81' lang='grc' dir='ltr'>διωκομένης</span> <span class='ocrx_word' id='word_1_227' title='bbox 611 1863 705 1915; x_wconf 65' lang='grc' dir='ltr'><strong>κα)⁵</strong></span> <span class='ocrx_word' id='word_1_228' title='bbox 737 1861 1056 1935; x_wconf 78' lang='grc' dir='ltr'>θλιϐομένης</span> <span class='ocrx_word' id='word_1_229' title='bbox 1085 1865 1188 1917; x_wconf 84' lang='grc' dir='ltr'>ὑπὸ</span> <span class='ocrx_word' id='word_1_230' title='bbox 1215 1864 1306 1917; x_wconf 88' lang='grc' dir='ltr'><strong>τοῦ</strong></span> <span class='ocrx_word' id='word_1_231' title='bbox 1338 1864 1757 1936; x_wconf 76' lang='grc' dir='ltr'>πλεονεκτήσαν-</span> 
     </span>
    </p>
   </div>
   <div class='ocr_carea' id='block_1_37' title="bbox 228 1947 1754 2029">
    <p class='ocr_par' dir='ltr' id='par_1_37' title="bbox 228 1947 1754 2029">
     <span class='ocr_line' id='line_1_37' title="bbox 228 1947 1754 2029; baseline 0.005 -26"><span class='ocrx_word' id='word_1_232' title='bbox 228 1969 324 2014; x_wconf 67' lang='lat' dir='ltr'><strong>to;</strong></span> <span class='ocrx_word' id='word_1_233' title='bbox 356 1953 596 2015; x_wconf 77' lang='grc' dir='ltr'>Σατανᾶ,</span> <span class='ocrx_word' id='word_1_234' title='bbox 626 1947 687 2007; x_wconf 78' lang='grc' dir='ltr'>οὗ</span> <span class='ocrx_word' id='word_1_235' title='bbox 711 1955 805 2006; x_wconf 76' lang='grc' dir='ltr'>καὶ</span> <span class='ocrx_word' id='word_1_236' title='bbox 836 1954 1098 2026; x_wconf 78' lang='grc' dir='ltr'>ρυσθῆναι</span> <span class='ocrx_word' id='word_1_237' title='bbox 1127 1954 1345 2026; x_wconf 79' lang='grc' dir='ltr'>εὔχεται</span> <span class='ocrx_word' id='word_1_238' title='bbox 1377 1955 1464 2009; x_wconf 75' lang='grc' dir='ltr'>διὰ</span> <span class='ocrx_word' id='word_1_239' title='bbox 1489 1957 1586 2028; x_wconf 77' lang='grc' dir='ltr'>τῆς</span> <span class='ocrx_word' id='word_1_240' title='bbox 1616 1974 1754 2029; x_wconf 88' lang='grc' dir='ltr'>παρ-</span> 
     </span>
    </p>
   </div>
   <div class='ocr_carea' id='block_1_38' title="bbox 225 2040 1178 2122">
    <p class='ocr_par' dir='ltr' id='par_1_38' title="bbox 225 2040 1178 2122">
     <span class='ocr_line' id='line_1_38' title="bbox 225 2040 1178 2122; baseline 0.003 -28"><span class='ocrx_word' id='word_1_241' title='bbox 225 2042 425 2106; x_wconf 79' lang='grc' dir='ltr'>ουσίας</span> <span class='ocrx_word' id='word_1_242' title='bbox 453 2040 549 2094; x_wconf 87' lang='grc' dir='ltr'><strong>τοῦ</strong></span> <span class='ocrx_word' id='word_1_243' title='bbox 583 2041 940 2110; x_wconf 83' lang='grc' dir='ltr'>Μονογενοῦς.</span> <span class='ocrx_word' id='word_1_244' title='bbox 1163 2105 1178 2122; x_wconf 44' lang='grc' dir='ltr'><strong><em>ο</em></strong></span> 
     </span>
    </p>
   </div>
   <div class='ocr_carea' id='block_1_39' title="bbox 226 2135 1749 2209">
    <p class='ocr_par' dir='ltr' id='par_1_39' title="bbox 226 2135 1749 2209">
     <span class='ocr_line' id='line_1_39' title="bbox 226 2135 1749 2209; baseline 0.002 -20"><span class='ocrx_word' id='word_1_245' title='bbox 226 2136 449 2203; x_wconf 74' lang='grc' dir='ltr'><strong>Κύριε,</strong></span> <span class='ocrx_word' id='word_1_246' title='bbox 496 2135 865 2191; x_wconf 78' lang='grc' dir='ltr'>εἰσάκουσον</span> <span class='ocrx_word' id='word_1_247' title='bbox 908 2137 1020 2207; x_wconf 85' lang='grc' dir='ltr'>τῆς</span> <span class='ocrx_word' id='word_1_248' title='bbox 1051 2139 1398 2209; x_wconf 81' lang='grc' dir='ltr'><strong>προσευχῆς</strong></span> <span class='ocrx_word' id='word_1_249' title='bbox 1434 2158 1574 2209; x_wconf 87' lang='grc' dir='ltr'>μου.</span> <span class='ocrx_word' id='word_1_250' title='bbox 1623 2141 1749 2194; x_wconf 76' lang='lat' dir='ltr'><strong>Eic—</strong></span> 
     </span>
    </p>
   </div>
   <div class='ocr_carea' id='block_1_40' title="bbox 1905 2135 3424 2209">
    <p class='ocr_par' dir='ltr' id='par_1_40' title="bbox 1923 2138 3424 2205">
     <span class='ocr_line' id='line_1_40' title="bbox 1923 2138 3424 2205; baseline -0.001 -11"><span class='ocrx_word' id='word_1_251' title='bbox 1923 2139 1978 2194; x_wconf 78' lang='lat'><strong>‘2.</strong></span> <span class='ocrx_word' id='word_1_252' title='bbox 2042 2139 2302 2205; x_wconf 80' lang='lat' dir='ltr'><strong>Domine,</strong></span> <span class='ocrx_word' id='word_1_253' title='bbox 2356 2141 2549 2195; x_wconf 77' lang='lat' dir='ltr'><strong>exaudi</strong></span> <span class='ocrx_word' id='word_1_254' title='bbox 2598 2140 2885 2195; x_wconf 86' lang='lat' dir='ltr'><strong>orationem</strong></span> <span class='ocrx_word' id='word_1_255' title='bbox 2927 2156 3117 2195; x_wconf 82' lang='lat' dir='ltr'><strong>meam.</strong></span> <span class='ocrx_word' id='word_1_256' title='bbox 3159 2138 3424 2193; x_wconf 48' lang='lat' dir='ltr'><strong>Exaudiri‘</strong></span> 
     </span>
    </p>
   </div>
   <div class='ocr_carea' id='block_1_41' title="bbox 157 2227 1749 2303">
    <p class='ocr_par' dir='ltr' id='par_1_41' title="bbox 157 2227 1747 2302">
     <span class='ocr_line' id='line_1_41' title="bbox 157 2227 1747 2302; baseline 0.002 -20"><span class='ocrx_word' id='word_1_257' title='bbox 157 2227 525 2298; x_wconf 66' lang='grc' dir='ltr'>εκουσθῆναι,</span> <span class='ocrx_word' id='word_1_258' title='bbox 547 2229 731 2300; x_wconf 77' lang='grc' dir='ltr'>φησὶν,</span> <span class='ocrx_word' id='word_1_259' title='bbox 750 2227 885 2293; x_wconf 80' lang='grc' dir='ltr'>ἀξιῶ</span> <span class='ocrx_word' id='word_1_260' title='bbox 905 2229 991 2282; x_wconf 83' lang='grc' dir='ltr'>διὰ</span> <span class='ocrx_word' id='word_1_261' title='bbox 1004 2231 1102 2301; x_wconf 83' lang='grc' dir='ltr'><strong>τῆς</strong></span> <span class='ocrx_word' id='word_1_262' title='bbox 1128 2230 1225 2302; x_wconf 78' lang='grc' dir='ltr'>σῆς</span> <span class='ocrx_word' id='word_1_263' title='bbox 1243 2230 1747 2302; x_wconf 84' lang='grc' dir='ltr'>ἀληθείας.⁶’ομοιον</span> 
     </span>
    </p>
   </div>
   <div class='ocr_carea' id='block_1_42' title="bbox 1905 2227 3427 2303">
    <p class='ocr_par' dir='ltr' id='par_1_42' title="bbox 1905 2231 3427 2303">
     <span class='ocr_line' id='line_1_42' title="bbox 1905 2231 3427 2303; baseline 0.001 -18"><span class='ocrx_word' id='word_1_264' title='bbox 1905 2247 1960 2298; x_wconf 73' lang='lat' dir='ltr'><strong>:e,</strong></span> <span class='ocrx_word' id='word_1_265' title='bbox 2009 2233 2204 2303; x_wconf 90' lang='lat' dir='ltr'><strong>inquit,</strong></span> <span class='ocrx_word' id='word_1_266' title='bbox 2255 2233 2470 2303; x_wconf 89' lang='lat' dir='ltr'><strong>postulo</strong></span> <span class='ocrx_word' id='word_1_267' title='bbox 2521 2247 2616 2302; x_wconf 86' lang='lat' dir='ltr'><strong>per</strong></span> <span class='ocrx_word' id='word_1_268' title='bbox 2649 2233 2931 2288; x_wconf 84' lang='lat' dir='ltr'><strong>veritatem</strong></span> <span class='ocrx_word' id='word_1_269' title='bbox 2966 2240 3136 2286; x_wconf 90' lang='lat' dir='ltr'><strong>tuam.</strong></span> <span class='ocrx_word' id='word_1_270' title='bbox 3186 2231 3427 2287; x_wconf 73' lang='lat' dir='ltr'><strong>Perinde</strong></span> 
     </span>
    </p>
   </div>
   <div class='ocr_carea' id='block_1_43' title="bbox 155 2315 1749 2395">
    <p class='ocr_par' dir='ltr' id='par_1_43' title="bbox 155 2315 1746 2392">
     <span class='ocr_line' id='line_1_43' title="bbox 155 2315 1746 2392; baseline 0.004 -25"><span class='ocrx_word' id='word_1_271' title='bbox 155 2315 208 2368; x_wconf 79' lang='grc' dir='ltr'>δὲ</span> <span class='ocrx_word' id='word_1_272' title='bbox 241 2317 384 2368; x_wconf 69' lang='grc' dir='ltr'>ὡσεὶ</span> <span class='ocrx_word' id='word_1_273' title='bbox 414 2316 586 2386; x_wconf 93' lang='grc' dir='ltr'>λέγοι·</span> <span class='ocrx_word' id='word_1_274' title='bbox 625 2319 758 2371; x_wconf 84' lang='grc' dir='ltr'><strong>Ἐσο</strong></span> <span class='ocrx_word' id='word_1_275' title='bbox 798 2336 885 2389; x_wconf 89' lang='grc' dir='ltr'><strong>μοι</strong></span> <span class='ocrx_word' id='word_1_276' title='bbox 917 2319 1183 2390; x_wconf 79' lang='grc' dir='ltr'><strong>ὑπήκοος,</strong></span> <span class='ocrx_word' id='word_1_277' title='bbox 1217 2320 1307 2373; x_wconf 80' lang='grc' dir='ltr'><strong>τὸν</strong></span> <span class='ocrx_word' id='word_1_278' title='bbox 1339 2321 1618 2392; x_wconf 83' lang='grc' dir='ltr'>Μονογενῆ</span> <span class='ocrx_word' id='word_1_279' title='bbox 1653 2339 1746 2376; x_wconf 91' lang='grc' dir='ltr'><strong>σου</strong></span> 
     </span>
    </p>
   </div>
   <div class='ocr_carea' id='block_1_44' title="bbox 1905 2315 3419 2395">
    <p class='ocr_par' dir='ltr' id='par_1_44' title="bbox 1905 2321 3419 2395">
     <span class='ocr_line' id='line_1_44' title="bbox 1905 2321 3419 2395; baseline -0.001 -18"><span class='ocrx_word' id='word_1_280' title='bbox 1905 2335 2031 2379; x_wconf 81' lang='lat' dir='ltr'><strong>item</strong></span> <span class='ocrx_word' id='word_1_281' title='bbox 2061 2332 2145 2379; x_wconf 88' lang='lat' dir='ltr'><strong>est</strong></span> <span class='ocrx_word' id='word_1_282' title='bbox 2177 2339 2240 2379; x_wconf 88' lang='lat' dir='ltr'><strong>ac</strong></span> <span class='ocrx_word' id='word_1_283' title='bbox 2269 2325 2315 2378; x_wconf 89' lang='lat' dir='ltr'><strong>si</strong></span> <span class='ocrx_word' id='word_1_284' title='bbox 2346 2323 2579 2378; x_wconf 87' lang='lat' dir='ltr'><strong>diceret:</strong></span> <span class='ocrx_word' id='word_1_285' title='bbox 2611 2322 2820 2378; x_wconf 83' lang='lat' dir='ltr'><strong>Exaudi</strong></span> <span class='ocrx_word' id='word_1_286' title='bbox 2854 2338 2960 2388; x_wconf 89' lang='lat' dir='ltr'><strong>me,</strong></span> <span class='ocrx_word' id='word_1_287' title='bbox 2994 2324 3254 2395; x_wconf 88' lang='lat' dir='ltr'><strong>mitteque</strong></span> <span class='ocrx_word' id='word_1_288' title='bbox 3284 2321 3419 2378; x_wconf 86' lang='lat' dir='ltr'><strong>Uni-</strong></span> 
     </span>
    </p>
   </div>
   <div class='ocr_carea' id='block_1_45' title="bbox 156 2407 1749 2486">
    <p class='ocr_par' dir='ltr' id='par_1_45' title="bbox 156 2407 1514 2483">
     <span class='ocr_line' id='line_1_45' title="bbox 156 2407 1514 2483; baseline 0.002 -21"><span class='ocrx_word' id='word_1_289' title='bbox 156 2407 518 2476; x_wconf 79' lang='grc' dir='ltr'>ἀποστείλας,</span> <span class='ocrx_word' id='word_1_290' title='bbox 549 2409 607 2473; x_wconf 83' lang='grc' dir='ltr'>ὃς</span> <span class='ocrx_word' id='word_1_291' title='bbox 637 2411 784 2464; x_wconf 72' lang='grc' dir='ltr'>ἐστιν</span> <span class='ocrx_word' id='word_1_292' title='bbox 806 2409 1029 2482; x_wconf 83' lang='grc' dir='ltr'>ἀλήθεια</span> <span class='ocrx_word' id='word_1_293' title='bbox 1057 2411 1151 2464; x_wconf 72' lang='grc' dir='ltr'><strong>καὶ</strong></span> <span class='ocrx_word' id='word_1_294' title='bbox 1181 2411 1514 2483; x_wconf 81' lang='grc' dir='ltr'>δικαιοσύνη.</span> 
     </span>
    </p>
   </div>
   <div class='ocr_carea' id='block_1_46' title="bbox 1905 2407 3122 2486">
    <p class='ocr_par' dir='ltr' id='par_1_46' title="bbox 1905 2413 3122 2486">
     <span class='ocr_line' id='line_1_46' title="bbox 1905 2413 3122 2486; baseline 0 -17"><span class='ocrx_word' id='word_1_295' title='bbox 1905 2414 2094 2469; x_wconf 66' lang='lat' dir='ltr'><strong>anitum</strong></span> <span class='ocrx_word' id='word_1_296' title='bbox 2122 2425 2296 2482; x_wconf 90' lang='lat' dir='ltr'><strong>tuum,</strong></span> <span class='ocrx_word' id='word_1_297' title='bbox 2329 2415 2422 2485; x_wconf 90' lang='lat' dir='ltr'><strong>qui</strong></span> <span class='ocrx_word' id='word_1_298' title='bbox 2455 2423 2539 2470; x_wconf 89' lang='lat' dir='ltr'><strong>cst</strong></span> <span class='ocrx_word' id='word_1_299' title='bbox 2576 2415 2774 2470; x_wconf 89' lang='lat' dir='ltr'><strong>veritas</strong></span> <span class='ocrx_word' id='word_1_300' title='bbox 2810 2423 2864 2470; x_wconf 90' lang='lat' dir='ltr'><strong>et</strong></span> <span class='ocrx_word' id='word_1_301' title='bbox 2887 2413 3122 2486; x_wconf 76' lang='lat' dir='ltr'><strong>iustitia.</strong></span> 
     </span>
    </p>
   </div>
   <div class='ocr_carea' id='block_1_47' title="bbox 1197 2527 2850 2602">
    <p class='ocr_par' dir='ltr' id='par_1_47' title="bbox 1197 2527 2850 2602">
     <span class='ocr_line' id='line_1_47' title="bbox 1197 2527 2850 2602; baseline 0.003 -22"><span class='ocrx_word' id='word_1_302' title='bbox 1197 2527 1378 2598; x_wconf 87' lang='lat' dir='ltr'><strong>(Deest</strong></span> <span class='ocrx_word' id='word_1_303' title='bbox 1416 2545 1586 2584; x_wconf 91' lang='lat' dir='ltr'><strong>unum</strong></span> <span class='ocrx_word' id='word_1_304' title='bbox 1635 2528 1824 2585; x_wconf 84' lang='lat' dir='ltr'><strong>folium</strong></span> <span class='ocrx_word' id='word_1_305' title='bbox 1873 2530 1929 2586; x_wconf 92' lang='lat' dir='ltr'><strong>in</strong></span> <span class='ocrx_word' id='word_1_306' title='bbox 1971 2531 2124 2586; x_wconf 88' lang='lat' dir='ltr'><strong>Colh.</strong></span> <span class='ocrx_word' id='word_1_307' title='bbox 2169 2531 2205 2585; x_wconf 78' lang='grc'><strong>2</strong></span> <span class='ocrx_word' id='word_1_308' title='bbox 2237 2539 2291 2587; x_wconf 90' lang='lat' dir='ltr'><strong>et</strong></span> <span class='ocrx_word' id='word_1_309' title='bbox 2327 2532 2406 2601; x_wconf 86' lang='grc'><strong>5.)</strong></span> <span class='ocrx_word' id='word_1_310' title='bbox 2847 2599 2850 2602; x_wconf 95' lang='lat'><em>_</em></span> 
     </span>
    </p>
   </div>
   <div class='ocr_carea' id='block_1_48' title="bbox 239 2619 1749 2692">
    <p class='ocr_par' dir='ltr' id='par_1_48' title="bbox 239 2619 1749 2692">
     <span class='ocr_line' id='line_1_48' title="bbox 239 2619 1749 2692; baseline 0.002 -18"><span class='ocrx_word' id='word_1_311' title='bbox 239 2619 531 2674; x_wconf 80' lang='grc' dir='ltr'>Ἕκάθισέ</span> <span class='ocrx_word' id='word_1_312' title='bbox 567 2637 647 2689; x_wconf 86' lang='grc' dir='ltr'><strong>με</strong></span> <span class='ocrx_word' id='word_1_313' title='bbox 692 2621 763 2675; x_wconf 82' lang='grc' dir='ltr'>ἐν</span> <span class='ocrx_word' id='word_1_314' title='bbox 802 2622 1135 2690; x_wconf 79' lang='grc' dir='ltr'>σκοτεινοῖς</span> <span class='ocrx_word' id='word_1_315' title='bbox 1165 2623 1307 2678; x_wconf 78' lang='grc' dir='ltr'>ὡσεὶ</span> <span class='ocrx_word' id='word_1_316' title='bbox 1338 2623 1589 2692; x_wconf 79' lang='grc' dir='ltr'>νεκροὺς</span> <span class='ocrx_word' id='word_1_317' title='bbox 1613 2622 1749 2677; x_wconf 81' lang='grc' dir='ltr'><strong>αὶῶ-</strong></span> 
     </span>
    </p>
   </div>
   <div class='ocr_carea' id='block_1_49' title="bbox 1905 2619 3413 2692">
    <p class='ocr_par' dir='ltr' id='par_1_49' title="bbox 1921 2624 3413 2683">
     <span class='ocr_line' id='line_1_49' title="bbox 1921 2624 3413 2683; baseline -0.005 -1"><span class='ocrx_word' id='word_1_318' title='bbox 1921 2627 1975 2683; x_wconf 78' lang='lat'><strong>3.</strong></span> <span class='ocrx_word' id='word_1_319' title='bbox 2033 2627 2324 2682; x_wconf 81' lang='lat' dir='ltr'><strong>Collocavit</strong></span> <span class='ocrx_word' id='word_1_320' title='bbox 2381 2642 2458 2679; x_wconf 89' lang='lat' dir='ltr'><strong>me</strong></span> <span class='ocrx_word' id='word_1_321' title='bbox 2506 2625 2564 2679; x_wconf 88' lang='lat' dir='ltr'><strong>in</strong></span> <span class='ocrx_word' id='word_1_322' title='bbox 2611 2624 2848 2680; x_wconf 86' lang='lat' dir='ltr'><strong>obscuris</strong></span> <span class='ocrx_word' id='word_1_323' title='bbox 2885 2630 3019 2678; x_wconf 79' lang='lat' dir='ltr'><strong>sicut</strong></span> <span class='ocrx_word' id='word_1_324' title='bbox 3052 2629 3286 2676; x_wconf 86' lang='lat' dir='ltr'><strong>mortuos</strong></span> <span class='ocrx_word' id='word_1_325' title='bbox 3314 2637 3413 2675; x_wconf 62' lang='lat' dir='ltr'><strong>sora</strong></span> 
     </span>
    </p>
   </div>
   <div class='ocr_carea' id='block_1_50' title="bbox 158 2711 1749 2788">
    <p class='ocr_par' dir='ltr' id='par_1_50' title="bbox 158 2711 1749 2788">
     <span class='ocr_line' id='line_1_50' title="bbox 158 2711 1749 2788; baseline 0.004 -24"><span class='ocrx_word' id='word_1_326' title='bbox 158 2728 286 2778; x_wconf 82' lang='grc' dir='ltr'>νος.</span> <span class='ocrx_word' id='word_1_327' title='bbox 318 2711 551 2767; x_wconf 88' lang='grc' dir='ltr'>Σκοτίαν</span> <span class='ocrx_word' id='word_1_328' title='bbox 579 2713 676 2785; x_wconf 79' lang='grc' dir='ltr'>τὴν</span> <span class='ocrx_word' id='word_1_329' title='bbox 703 2714 974 2782; x_wconf 83' lang='grc' dir='ltr'>ἀγνωσίαν</span> <span class='ocrx_word' id='word_1_330' title='bbox 996 2716 1061 2786; x_wconf 76' lang='grc' dir='ltr'>ἢν</span> <span class='ocrx_word' id='word_1_331' title='bbox 1091 2715 1214 2786; x_wconf 75' lang='grc' dir='ltr'>ἔσχε</span> <span class='ocrx_word' id='word_1_332' title='bbox 1244 2715 1374 2768; x_wconf 86' lang='grc' dir='ltr'>ποτὲ</span> <span class='ocrx_word' id='word_1_333' title='bbox 1395 2715 1560 2788; x_wconf 82' lang='grc' dir='ltr'>δηλοῖ.</span> <span class='ocrx_word' id='word_1_334' title='bbox 1587 2716 1749 2770; x_wconf 82' lang='grc' dir='ltr'>Οὐδὲν</span> 
     </span>
    </p>
   </div>
   <div class='ocr_carea' id='block_1_51' title="bbox 1905 2711 3420 2788">
    <p class='ocr_par' dir='ltr' id='par_1_51' title="bbox 1905 2713 3420 2787">
     <span class='ocr_line' id='line_1_51' title="bbox 1905 2713 3420 2787; baseline -0.005 -12"><span class='ocrx_word' id='word_1_335' title='bbox 1905 2721 1988 2776; x_wconf 75' lang='lat' dir='ltr'><strong>tli.</strong></span> <span class='ocrx_word' id='word_1_336' title='bbox 2017 2719 2121 2775; x_wconf 87' lang='lat' dir='ltr'><strong>Per</strong></span> <span class='ocrx_word' id='word_1_337' title='bbox 2153 2719 2537 2776; x_wconf 85' lang='lat' dir='ltr'><strong>obscuritatem</strong></span> <span class='ocrx_word' id='word_1_338' title='bbox 2568 2718 2769 2773; x_wconf 86' lang='lat' dir='ltr'><strong>indicat</strong></span> <span class='ocrx_word' id='word_1_339' title='bbox 2802 2715 3182 2787; x_wconf 80' lang='lat' dir='ltr'><strong>ignorantiam,</strong></span> <span class='ocrx_word' id='word_1_340' title='bbox 3218 2713 3270 2768; x_wconf 92' lang='lat' dir='ltr'><strong>in</strong></span> <span class='ocrx_word' id='word_1_341' title='bbox 3306 2727 3420 2784; x_wconf 85' lang='lat' dir='ltr'><strong>qua</strong></span> 
     </span>
    </p>
   </div>
   <div class='ocr_carea' id='block_1_52' title="bbox 158 2804 1752 2881">
    <p class='ocr_par' dir='ltr' id='par_1_52' title="bbox 158 2804 1752 2881">
     <span class='ocr_line' id='line_1_52' title="bbox 158 2804 1752 2881; baseline 0.004 -25"><span class='ocrx_word' id='word_1_342' title='bbox 158 2804 270 2872; x_wconf 76' lang='grc' dir='ltr'>γὰρ</span> <span class='ocrx_word' id='word_1_343' title='bbox 305 2804 642 2876; x_wconf 78' lang='grc' dir='ltr'>διεφερόμην</span> <span class='ocrx_word' id='word_1_344' title='bbox 674 2806 891 2878; x_wconf 88' lang='grc' dir='ltr'>νεκροῦ.</span> <span class='ocrx_word' id='word_1_345' title='bbox 918 2808 1164 2881; x_wconf 81' lang='grc' dir='ltr'>Νεκροὺς</span> <span class='ocrx_word' id='word_1_346' title='bbox 1196 2809 1446 2873; x_wconf 80' lang='grc' dir='ltr'>αἰωνίους</span> <span class='ocrx_word' id='word_1_347' title='bbox 1491 2810 1616 2873; x_wconf 84' lang='grc' dir='ltr'>τοὺς</span> <span class='ocrx_word' id='word_1_348' title='bbox 1646 2810 1752 2863; x_wconf 86' lang='grc' dir='ltr'>πά-</span> 
     </span>
    </p>
   </div>
   <div class='ocr_carea' id='block_1_53' title="bbox 159 2895 895 2970">
    <p class='ocr_par' dir='ltr' id='par_1_53' title="bbox 159 2895 895 2970">
     <span class='ocr_line' id='line_1_53' title="bbox 159 2895 895 2970; baseline 0.008 -22"><span class='ocrx_word' id='word_1_349' title='bbox 159 2895 250 2949; x_wconf 85' lang='grc' dir='ltr'><strong>λαι</strong></span> <span class='ocrx_word' id='word_1_350' title='bbox 281 2896 574 2951; x_wconf 82' lang='grc' dir='ltr'>εἰδωλολάτ</span> <span class='ocrx_word' id='word_1_351' title='bbox 584 2916 682 2968; x_wconf 82' lang='grc' dir='ltr'><strong>ρας</strong></span> <span class='ocrx_word' id='word_1_352' title='bbox 711 2899 895 2970; x_wconf 83' lang='grc' dir='ltr'>φησίν.</span> 
     </span>
    </p>
   </div>
   <div class='ocr_carea' id='block_1_54' title="bbox 234 3071 1744 3146">
    <p class='ocr_par' dir='ltr' id='par_1_54' title="bbox 234 3071 1744 3146">
     <span class='ocr_line' id='line_1_54' title="bbox 234 3071 1744 3146; baseline 0.007 -22"><span class='ocrx_word' id='word_1_353' title='bbox 234 3071 400 3140; x_wconf 77' lang='grc' dir='ltr'>Ταχὺ</span> <span class='ocrx_word' id='word_1_354' title='bbox 436 3071 806 3128; x_wconf 79' lang='grc' dir='ltr'>είσάκουσόν</span> <span class='ocrx_word' id='word_1_355' title='bbox 829 3093 970 3144; x_wconf 85' lang='grc' dir='ltr'>μου,</span> <span class='ocrx_word' id='word_1_356' title='bbox 995 3075 1190 3146; x_wconf 81' lang='grc' dir='ltr'>Κύριε,</span> <span class='ocrx_word' id='word_1_357' title='bbox 1213 3075 1453 3142; x_wconf 78' lang='grc' dir='ltr'>ἐξέλιπε</span> <span class='ocrx_word' id='word_1_358' title='bbox 1473 3078 1538 3132; x_wconf 86' lang='grc' dir='ltr'>τὸ</span> <span class='ocrx_word' id='word_1_359' title='bbox 1564 3079 1744 3135; x_wconf 83' lang='grc' dir='ltr'>πνεῦ-</span> 
     </span>
    </p>
   </div>
   <div class='ocr_carea' id='block_1_55' title="bbox 155 3164 1746 3241">
    <p class='ocr_par' dir='ltr' id='par_1_55' title="bbox 155 3164 1746 3241">
     <span class='ocr_line' id='line_1_55' title="bbox 155 3164 1746 3241; baseline 0.008 -25"><span class='ocrx_word' id='word_1_360' title='bbox 155 3164 244 3233; x_wconf 70' lang='grc' dir='ltr'><strong>μά</strong></span> <span class='ocrx_word' id='word_1_361' title='bbox 279 3183 429 3234; x_wconf 77' lang='grc' dir='ltr'>μου.</span> <span class='ocrx_word' id='word_1_362' title='bbox 477 3167 568 3220; x_wconf 83' lang='grc' dir='ltr'>Ἐν</span> <span class='ocrx_word' id='word_1_363' title='bbox 610 3171 732 3230; x_wconf 83' lang='grc' dir='ltr'>ταῖς</span> <span class='ocrx_word' id='word_1_364' title='bbox 781 3167 1036 3238; x_wconf 78' lang='grc' dir='ltr'><strong>ἐσχάταις</strong></span> <span class='ocrx_word' id='word_1_365' title='bbox 1081 3169 1484 3241; x_wconf 85' lang='grc' dir='ltr'>περιστάσεσιν,</span> <span class='ocrx_word' id='word_1_366' title='bbox 1529 3174 1746 3230; x_wconf 75' lang='grc' dir='ltr'>ἐπειδὰν</span> 
     </span>
    </p>
   </div>
   <div class='ocr_carea' id='block_1_56' title="bbox 164 3257 1745 3336">
    <p class='ocr_par' dir='ltr' id='par_1_56' title="bbox 164 3257 1745 3336">
     <span class='ocr_line' id='line_1_56' title="bbox 164 3257 1745 3336; baseline 0.008 -27"><span class='ocrx_word' id='word_1_367' title='bbox 164 3257 573 3311; x_wconf 73' lang='grc' dir='ltr'>ἀνακινδυνεύει</span> <span class='ocrx_word' id='word_1_368' title='bbox 614 3259 757 3322; x_wconf 82' lang='grc' dir='ltr'>τινὸς</span> <span class='ocrx_word' id='word_1_369' title='bbox 797 3261 831 3331; x_wconf 85' lang='grc' dir='ltr'>ἡ</span> <span class='ocrx_word' id='word_1_370' title='bbox 867 3259 1035 3332; x_wconf 76' lang='grc' dir='ltr'>ψυχὴ,</span> <span class='ocrx_word' id='word_1_371' title='bbox 1065 3262 1334 3334; x_wconf 81' lang='grc' dir='ltr'>προσήκει</span> <span class='ocrx_word' id='word_1_372' title='bbox 1360 3263 1518 3319; x_wconf 87' lang='grc' dir='ltr'>τοῦτο</span> <span class='ocrx_word' id='word_1_373' title='bbox 1548 3265 1745 3336; x_wconf 84' lang='grc' dir='ltr'>λέγειν,</span> 
     </span>
    </p>
   </div>
   <div class='ocr_carea' id='block_1_57' title="bbox 163 3350 1747 3427">
    <p class='ocr_par' dir='ltr' id='par_1_57' title="bbox 163 3350 1747 3427">
     <span class='ocr_line' id='line_1_57' title="bbox 163 3350 1747 3427; baseline 0.008 -27"><span class='ocrx_word' id='word_1_374' title='bbox 163 3350 222 3401; x_wconf 73' lang='grc' dir='ltr'><strong>οὐ</strong></span> <span class='ocrx_word' id='word_1_375' title='bbox 269 3350 379 3422; x_wconf 71' lang='grc' dir='ltr'><strong>μὴν</strong></span> <span class='ocrx_word' id='word_1_376' title='bbox 423 3352 482 3404; x_wconf 80' lang='grc' dir='ltr'>ὲν</span> <span class='ocrx_word' id='word_1_377' title='bbox 521 3351 883 3424; x_wconf 80' lang='grc' dir='ltr'>ἀνθρωπίνοις</span> <span class='ocrx_word' id='word_1_378' title='bbox 928 3354 1250 3427; x_wconf 77' lang='grc' dir='ltr'>πράγμασιν</span> <span class='ocrx_word' id='word_1_379' title='bbox 1296 3358 1608 3427; x_wconf 83' lang='grc' dir='ltr'>ἀναγκαίως</span> <span class='ocrx_word' id='word_1_380' title='bbox 1652 3376 1747 3412; x_wconf 87' lang='grc' dir='ltr'>κε-</span> 
     </span>
    </p>
   </div>
   <div class='ocr_carea' id='block_1_58' title="bbox 163 3444 422 3517">
    <p class='ocr_par' dir='ltr' id='par_1_58' title="bbox 163 3444 422 3517">
     <span class='ocr_line' id='line_1_58' title="bbox 163 3444 422 3517; baseline 0 -19"><span class='ocrx_word' id='word_1_381' title='bbox 163 3444 422 3517; x_wconf 80' lang='grc' dir='ltr'>χρῆσθαι.</span> 
     </span>
    </p>
   </div>
   <div class='ocr_carea' id='block_1_59' title="bbox 245 3533 1744 3606">
    <p class='ocr_par' dir='ltr' id='par_1_59' title="bbox 245 3533 1744 3606">
     <span class='ocr_line' id='line_1_59' title="bbox 245 3533 1744 3606; baseline 0.004 -16"><span class='ocrx_word' id='word_1_382' title='bbox 245 3533 573 3590; x_wconf 78' lang='grc' dir='ltr'>Ἀκουστὸν</span> <span class='ocrx_word' id='word_1_383' title='bbox 604 3533 864 3601; x_wconf 81' lang='grc' dir='ltr'>ποίησόν</span> <span class='ocrx_word' id='word_1_384' title='bbox 883 3553 984 3606; x_wconf 87' lang='grc' dir='ltr'><strong>μοι</strong></span> <span class='ocrx_word' id='word_1_385' title='bbox 1011 3536 1078 3590; x_wconf 87' lang='grc' dir='ltr'>τὸ</span> <span class='ocrx_word' id='word_1_386' title='bbox 1125 3538 1276 3606; x_wconf 74' lang='grc' dir='ltr'>πρωῒ</span> <span class='ocrx_word' id='word_1_387' title='bbox 1304 3538 1369 3592; x_wconf 85' lang='grc' dir='ltr'>τὸ</span> <span class='ocrx_word' id='word_1_388' title='bbox 1402 3540 1572 3606; x_wconf 78' lang='grc' dir='ltr'>ἔλεός</span> <span class='ocrx_word' id='word_1_389' title='bbox 1608 3559 1744 3596; x_wconf 88' lang='grc' dir='ltr'>σου.</span> 
     </span>
    </p>
   </div>
   <div class='ocr_carea' id='block_1_60' title="bbox 166 3625 1746 3705">
    <p class='ocr_par' dir='ltr' id='par_1_60' title="bbox 166 3625 1746 3705">
     <span class='ocr_line' id='line_1_60' title="bbox 166 3625 1746 3705; baseline 0.008 -29"><span class='ocrx_word' id='word_1_390' title='bbox 166 3625 277 3699; x_wconf 79' lang='grc' dir='ltr'><strong>Τὴν</strong></span> <span class='ocrx_word' id='word_1_391' title='bbox 322 3625 574 3700; x_wconf 83' lang='grc' dir='ltr'>πρωῖνὴν</span> <span class='ocrx_word' id='word_1_392' title='bbox 621 3627 915 3682; x_wconf 87' lang='grc' dir='ltr'>ἀνάστασιν</span> <span class='ocrx_word' id='word_1_393' title='bbox 954 3628 1048 3682; x_wconf 89' lang='grc' dir='ltr'><strong>τοῦ</strong></span> <span class='ocrx_word' id='word_1_394' title='bbox 1082 3629 1288 3702; x_wconf 84' lang='grc' dir='ltr'>Κυρίου</span> <span class='ocrx_word' id='word_1_395' title='bbox 1335 3630 1516 3700; x_wconf 86' lang='grc' dir='ltr'>λέγει·</span> <span class='ocrx_word' id='word_1_396' title='bbox 1548 3632 1746 3705; x_wconf 79' lang='grc' dir='ltr'>ἢτάχα</span> 
     </span>
    </p>
   </div>
   <div class='ocr_carea' id='block_1_61' title="bbox 169 3719 1748 3794">
    <p class='ocr_par' dir='ltr' id='par_1_61' title="bbox 169 3719 1748 3794">
     <span class='ocr_line' id='line_1_61' title="bbox 169 3719 1748 3794; baseline 0.006 -25"><span class='ocrx_word' id='word_1_397' title='bbox 169 3720 261 3771; x_wconf 73' lang='grc' dir='ltr'><strong>καὶ</strong></span> <span class='ocrx_word' id='word_1_398' title='bbox 303 3719 410 3790; x_wconf 78' lang='grc' dir='ltr'>τὴν</span> <span class='ocrx_word' id='word_1_399' title='bbox 464 3719 708 3790; x_wconf 82' lang='grc' dir='ltr'>πρωῖνὴν</span> <span class='ocrx_word' id='word_1_400' title='bbox 748 3720 1044 3773; x_wconf 87' lang='grc' dir='ltr'>ἀνάστασιν</span> <span class='ocrx_word' id='word_1_401' title='bbox 1085 3719 1301 3792; x_wconf 83' lang='grc' dir='ltr'>εῦχεται</span> <span class='ocrx_word' id='word_1_402' title='bbox 1347 3723 1748 3794; x_wconf 84' lang='grc' dir='ltr'>παραγενέσθαι</span> 
     </span>
    </p>
   </div>
   <div class='ocr_carea' id='block_1_62' title="bbox 168 3805 971 3882">
    <p class='ocr_par' dir='ltr' id='par_1_62' title="bbox 168 3805 971 3882">
     <span class='ocr_line' id='line_1_62' title="bbox 168 3805 971 3882; baseline 0.001 -18"><span class='ocrx_word' id='word_1_403' title='bbox 168 3808 431 3882; x_wconf 78' lang='grc' dir='ltr'>Χριστοῦ,</span> <span class='ocrx_word' id='word_1_404' title='bbox 459 3809 528 3862; x_wconf 79' lang='grc' dir='ltr'>δι’</span> <span class='ocrx_word' id='word_1_405' title='bbox 558 3805 624 3882; x_wconf 65' lang='grc' dir='ltr'><strong>ἦ,</strong></span> <span class='ocrx_word' id='word_1_406' title='bbox 656 3809 971 3882; x_wconf 82' lang='grc' dir='ltr'>ὲλεούμεθα.</span> 
     </span>
    </p>
   </div>
   <div class='ocr_carea' id='block_1_63' title="bbox 234 3900 1742 3979">
    <p class='ocr_par' dir='ltr' id='par_1_63' title="bbox 234 3900 1742 3979">
     <span class='ocr_line' id='line_1_63' title="bbox 234 3900 1742 3979; baseline 0.003 -23"><span class='ocrx_word' id='word_1_407' title='bbox 234 3901 554 3970; x_wconf 85' lang='grc' dir='ltr'>Γνώρισόν</span> <span class='ocrx_word' id='word_1_408' title='bbox 575 3919 704 3971; x_wconf 82' lang='grc' dir='ltr'>μοι,</span> <span class='ocrx_word' id='word_1_409' title='bbox 739 3901 951 3972; x_wconf 80' lang='grc' dir='ltr'>Κύριε,</span> <span class='ocrx_word' id='word_1_410' title='bbox 985 3903 1130 3958; x_wconf 79' lang='grc' dir='ltr'>ὁδὸν</span> <span class='ocrx_word' id='word_1_411' title='bbox 1169 3905 1240 3960; x_wconf 83' lang='grc' dir='ltr'>ἐν</span> <span class='ocrx_word' id='word_1_412' title='bbox 1283 3900 1323 3979; x_wconf 83' lang='grc' dir='ltr'><strong><em>ᾖ</em></strong></span> <span class='ocrx_word' id='word_1_413' title='bbox 1361 3907 1742 3977; x_wconf 64' lang='grc' dir='ltr'>πορεύσομαι.</span> 
     </span>
    </p>
   </div>
   <div class='ocr_carea' id='block_1_64' title="bbox 169 3992 1526 4068">
    <p class='ocr_par' dir='ltr' id='par_1_64' title="bbox 169 3992 1526 4068">
     <span class='ocr_line' id='line_1_64' title="bbox 169 3992 1526 4068; baseline 0.004 -23"><span class='ocrx_word' id='word_1_414' title='bbox 169 3992 278 4064; x_wconf 84' lang='grc' dir='ltr'><strong>Τῆς</strong></span> <span class='ocrx_word' id='word_1_415' title='bbox 312 3993 682 4066; x_wconf 78' lang='grc' dir='ltr'>εὐαγγελικῆς</span> <span class='ocrx_word' id='word_1_416' title='bbox 707 3993 1047 4059; x_wconf 83' lang='grc' dir='ltr'>διδασκαλίας</span> <span class='ocrx_word' id='word_1_417' title='bbox 1079 3994 1296 4068; x_wconf 74' lang='grc' dir='ltr'>εὔχεται</span> <span class='ocrx_word' id='word_1_418' title='bbox 1325 4000 1526 4068; x_wconf 86' lang='grc' dir='ltr'>τυχεῖν.</span> 
     </span>
    </p>
   </div>
   <div class='ocr_carea' id='block_1_65' title="bbox 248 4084 1748 4161">
    <p class='ocr_par' dir='ltr' id='par_1_65' title="bbox 248 4084 1748 4161">
     <span class='ocr_line' id='line_1_65' title="bbox 248 4084 1748 4161; baseline 0.002 -22"><span class='ocrx_word' id='word_1_419' title='bbox 248 4084 504 4148; x_wconf 77' lang='grc' dir='ltr'><strong>Ἔξέλου</strong></span> <span class='ocrx_word' id='word_1_420' title='bbox 549 4101 630 4155; x_wconf 81' lang='grc' dir='ltr'><strong>με</strong></span> <span class='ocrx_word' id='word_1_421' title='bbox 674 4085 744 4140; x_wconf 81' lang='grc' dir='ltr'>ἐκ</span> <span class='ocrx_word' id='word_1_422' title='bbox 776 4084 894 4140; x_wconf 83' lang='grc' dir='ltr'><strong>τῶν</strong></span> <span class='ocrx_word' id='word_1_423' title='bbox 937 4085 1166 4156; x_wconf 79' lang='grc' dir='ltr'>ἐχθρῶν</span> <span class='ocrx_word' id='word_1_424' title='bbox 1203 4105 1344 4159; x_wconf 86' lang='grc' dir='ltr'>μου.</span> <span class='ocrx_word' id='word_1_425' title='bbox 1384 4089 1505 4144; x_wconf 89' lang='grc' dir='ltr'><strong>Τῶν</strong></span> <span class='ocrx_word' id='word_1_426' title='bbox 1545 4089 1748 4161; x_wconf 85' lang='grc' dir='ltr'>νοητῶν</span> 
     </span>
    </p>
   </div>
   <div class='ocr_carea' id='block_1_66' title="bbox 166 4179 431 4252">
    <p class='ocr_par' dir='ltr' id='par_1_66' title="bbox 166 4179 431 4252">
     <span class='ocr_line' id='line_1_66' title="bbox 166 4179 431 4252; baseline -0.011 -17"><span class='ocrx_word' id='word_1_427' title='bbox 166 4179 431 4252; x_wconf 76' lang='grc' dir='ltr'>δηλονότι.</span> 
     </span>
    </p>
   </div>
   <div class='ocr_carea' id='block_1_67' title="bbox 1851 2807 3412 2880">
    <p class='ocr_par' dir='ltr' id='par_1_67' title="bbox 1851 2807 3412 2880">
     <span class='ocr_line' id='line_1_67' title="bbox 1851 2807 3412 2880; baseline -0.005 -12"><span class='ocrx_word' id='word_1_428' title='bbox 1851 2813 1980 2868; x_wconf 92' lang='lat' dir='ltr'><strong>olim</strong></span> <span class='ocrx_word' id='word_1_429' title='bbox 2014 2813 2346 2868; x_wconf 84' lang='lat' dir='ltr'><strong>versabatur.</strong></span> <span class='ocrx_word' id='word_1_430' title='bbox 2394 2810 2538 2865; x_wconf 86' lang='lat' dir='ltr'><strong>Nihil</strong></span> <span class='ocrx_word' id='word_1_431' title='bbox 2582 2812 2748 2877; x_wconf 88' lang='lat' dir='ltr'><strong>enim,</strong></span> <span class='ocrx_word' id='word_1_432' title='bbox 2793 2810 2989 2880; x_wconf 89' lang='lat' dir='ltr'><strong>inquit,</strong></span> <span class='ocrx_word' id='word_1_433' title='bbox 3037 2807 3349 2864; x_wconf 67' lang='lat' dir='ltr'><strong>diderebam</strong></span> <span class='ocrx_word' id='word_1_434' title='bbox 3382 2822 3412 2860; x_wconf 84' lang='lat' dir='ltr'><strong>a</strong></span> 
     </span>
    </p>
   </div>
   <div class='ocr_carea' id='block_1_68' title="bbox 1852 2900 3416 2971">
    <p class='ocr_par' dir='ltr' id='par_1_68' title="bbox 1852 2900 3416 2971">
     <span class='ocr_line' id='line_1_68' title="bbox 1852 2900 3416 2971; baseline -0.004 -9"><span class='ocrx_word' id='word_1_435' title='bbox 1852 2916 2092 2962; x_wconf 88' lang='lat' dir='ltr'><strong>mortuo.</strong></span> <span class='ocrx_word' id='word_1_436' title='bbox 2147 2905 2390 2961; x_wconf 80' lang='lat' dir='ltr'><strong>Mortuos</strong></span> <span class='ocrx_word' id='word_1_437' title='bbox 2443 2903 2649 2971; x_wconf 70' lang='lat' dir='ltr'><strong>saeculi,</strong></span> <span class='ocrx_word' id='word_1_438' title='bbox 2699 2912 2858 2958; x_wconf 72' lang='lat' dir='ltr'><strong>vocat</strong></span> <span class='ocrx_word' id='word_1_439' title='bbox 2914 2900 3230 2957; x_wconf 88' lang='lat' dir='ltr'><strong>idololatras</strong></span> <span class='ocrx_word' id='word_1_440' title='bbox 3290 2900 3416 2955; x_wconf 75' lang='lat' dir='ltr'><strong>illos</strong></span> 
     </span>
    </p>
   </div>
   <div class='ocr_carea' id='block_1_69' title="bbox 1849 2978 2599 3054">
    <p class='ocr_par' dir='ltr' id='par_1_69' title="bbox 1849 2978 2599 3054">
     <span class='ocr_line' id='line_1_69' title="bbox 1849 2978 2599 3054; baseline -0.004 0"><span class='ocrx_word' id='word_1_441' title='bbox 1849 3010 2079 3054; x_wconf 83' lang='lat' dir='ltr'><strong>veteres.</strong></span> <span class='ocrx_word' id='word_1_442' title='bbox 2593 2978 2599 2986; x_wconf 41' lang='lat'><strong>.</strong></span> 
     </span>
    </p>
   </div>
   <div class='ocr_carea' id='block_1_70' title="bbox 1921 3084 3412 3156">
    <p class='ocr_par' dir='ltr' id='par_1_70' title="bbox 1921 3084 3412 3156">
     <span class='ocr_line' id='line_1_70' title="bbox 1921 3084 3412 3156; baseline -0.003 -14"><span class='ocrx_word' id='word_1_443' title='bbox 1921 3089 1972 3144; x_wconf 91' lang='lat'><strong>7.</strong></span> <span class='ocrx_word' id='word_1_444' title='bbox 2039 3088 2502 3144; x_wconf 72' lang='lat' dir='ltr'><strong>Velociterexaudi</strong></span> <span class='ocrx_word' id='word_1_445' title='bbox 2542 3104 2643 3150; x_wconf 87' lang='lat' dir='ltr'><strong>me,</strong></span> <span class='ocrx_word' id='word_1_446' title='bbox 2688 3085 2924 3151; x_wconf 85' lang='lat' dir='ltr'><strong>Domine,</strong></span> <span class='ocrx_word' id='word_1_447' title='bbox 2964 3087 3152 3156; x_wconf 81' lang='lat' dir='ltr'><strong>defecit</strong></span> <span class='ocrx_word' id='word_1_448' title='bbox 3191 3084 3412 3156; x_wconf 86' lang='lat' dir='ltr'><strong>spiritus</strong></span> 
     </span>
    </p>
   </div>
   <div class='ocr_carea' id='block_1_71' title="bbox 1849 3177 3404 3252">
    <p class='ocr_par' dir='ltr' id='par_1_71' title="bbox 1849 3177 3404 3252">
     <span class='ocr_line' id='line_1_71' title="bbox 1849 3177 3404 3252; baseline -0.003 -16"><span class='ocrx_word' id='word_1_449' title='bbox 1849 3198 2013 3238; x_wconf 83' lang='lat' dir='ltr'><strong>meus.</strong></span> <span class='ocrx_word' id='word_1_450' title='bbox 2068 3180 2124 3237; x_wconf 91' lang='lat' dir='ltr'><strong>In</strong></span> <span class='ocrx_word' id='word_1_451' title='bbox 2184 3181 2474 3252; x_wconf 86' lang='lat' dir='ltr'><strong>postremis</strong></span> <span class='ocrx_word' id='word_1_452' title='bbox 2526 3180 2904 3236; x_wconf 84' lang='lat' dir='ltr'><strong>occasionibus</strong></span> <span class='ocrx_word' id='word_1_453' title='bbox 2959 3178 3178 3249; x_wconf 88' lang='lat' dir='ltr'><strong>quando</strong></span> <span class='ocrx_word' id='word_1_454' title='bbox 3226 3177 3404 3246; x_wconf 86' lang='lat' dir='ltr'><strong>cujus-</strong></span> 
     </span>
    </p>
   </div>
   <div class='ocr_carea' id='block_1_72' title="bbox 1849 3269 3415 3344">
    <p class='ocr_par' dir='ltr' id='par_1_72' title="bbox 1849 3269 3415 3344">
     <span class='ocr_line' id='line_1_72' title="bbox 1849 3269 3415 3344; baseline -0.003 -17"><span class='ocrx_word' id='word_1_455' title='bbox 1849 3274 1993 3344; x_wconf 88' lang='lat' dir='ltr'><strong>piam</strong></span> <span class='ocrx_word' id='word_1_456' title='bbox 2033 3272 2214 3328; x_wconf 89' lang='lat' dir='ltr'><strong>anima</strong></span> <span class='ocrx_word' id='word_1_457' title='bbox 2259 3272 2593 3343; x_wconf 80' lang='lat' dir='ltr'><strong>periclitatur</strong></span> <span class='ocrx_word' id='word_1_458' title='bbox 2622 3271 2672 3326; x_wconf 88' lang='lat' dir='ltr'><strong>id</strong></span> <span class='ocrx_word' id='word_1_459' title='bbox 2700 3269 2953 3327; x_wconf 89' lang='lat' dir='ltr'><strong>convenit</strong></span> <span class='ocrx_word' id='word_1_460' title='bbox 2983 3269 3197 3335; x_wconf 79' lang='lat' dir='ltr'><strong>diCere;</strong></span> <span class='ocrx_word' id='word_1_461' title='bbox 3238 3282 3415 3338; x_wconf 84' lang='lat' dir='ltr'><strong>neque</strong></span> 
     </span>
    </p>
   </div>
   <div class='ocr_carea' id='block_1_73' title="bbox 1849 3362 3280 3435">
    <p class='ocr_par' dir='ltr' id='par_1_73' title="bbox 1849 3362 3280 3435">
     <span class='ocr_line' id='line_1_73' title="bbox 1849 3362 3280 3435; baseline -0.003 -15"><span class='ocrx_word' id='word_1_462' title='bbox 1849 3375 2026 3421; x_wconf 89' lang='lat' dir='ltr'><strong>tamen</strong></span> <span class='ocrx_word' id='word_1_463' title='bbox 2075 3365 2131 3420; x_wconf 92' lang='lat' dir='ltr'><strong>in</strong></span> <span class='ocrx_word' id='word_1_464' title='bbox 2173 3365 2427 3420; x_wconf 90' lang='lat' dir='ltr'><strong>humanis</strong></span> <span class='ocrx_word' id='word_1_465' title='bbox 2451 3364 2680 3435; x_wconf 79' lang='lat' dir='ltr'><strong>negotiis</strong></span> <span class='ocrx_word' id='word_1_466' title='bbox 2713 3362 2781 3419; x_wconf 91' lang='lat' dir='ltr'><strong>iis</strong></span> <span class='ocrx_word' id='word_1_467' title='bbox 2821 3362 2899 3417; x_wconf 89' lang='lat' dir='ltr'><strong>uti</strong></span> <span class='ocrx_word' id='word_1_468' title='bbox 2927 3377 3148 3418; x_wconf 90' lang='lat' dir='ltr'><strong>necesse</strong></span> <span class='ocrx_word' id='word_1_469' title='bbox 3179 3369 3280 3416; x_wconf 87' lang='lat' dir='ltr'><strong>est.</strong></span> 
     </span>
    </p>
   </div>
   <div class='ocr_carea' id='block_1_74' title="bbox 1918 3535 3409 3608">
    <p class='ocr_par' dir='ltr' id='par_1_74' title="bbox 1918 3535 3409 3608">
     <span class='ocr_line' id='line_1_74' title="bbox 1918 3535 3409 3608; baseline -0.003 -14"><span class='ocrx_word' id='word_1_470' title='bbox 1918 3539 1972 3594; x_wconf 90' lang='lat'><strong>8.</strong></span> <span class='ocrx_word' id='word_1_471' title='bbox 2029 3540 2284 3593; x_wconf 85' lang='lat' dir='ltr'><strong>Auditam</strong></span> <span class='ocrx_word' id='word_1_472' title='bbox 2319 3539 2405 3608; x_wconf 79' lang='lat' dir='ltr'><strong>[ac</strong></span> <span class='ocrx_word' id='word_1_473' title='bbox 2440 3538 2569 3591; x_wconf 82' lang='lat' dir='ltr'><strong>mihi</strong></span> <span class='ocrx_word' id='word_1_474' title='bbox 2609 3553 2762 3590; x_wconf 89' lang='lat' dir='ltr'><strong>mane</strong></span> <span class='ocrx_word' id='word_1_475' title='bbox 2793 3535 3211 3590; x_wconf 85' lang='lat' dir='ltr'><strong>misericordiam</strong></span> <span class='ocrx_word' id='word_1_476' title='bbox 3243 3545 3409 3590; x_wconf 89' lang='lat' dir='ltr'><strong>tuam.</strong></span> 
     </span>
    </p>
   </div>
   <div class='ocr_carea' id='block_1_75' title="bbox 1849 3624 3414 3692">
    <p class='ocr_par' dir='ltr' id='par_1_75' title="bbox 1849 3624 3414 3692">
     <span class='ocr_line' id='line_1_75' title="bbox 1849 3624 3414 3692; baseline -0.004 -9"><span class='ocrx_word' id='word_1_477' title='bbox 1849 3628 2168 3683; x_wconf 87' lang='lat' dir='ltr'><strong>Matutinam</strong></span> <span class='ocrx_word' id='word_1_478' title='bbox 2216 3627 2428 3681; x_wconf 87' lang='lat' dir='ltr'><strong>Domini</strong></span> <span class='ocrx_word' id='word_1_479' title='bbox 2476 3627 2929 3681; x_wconf 85' lang='lat' dir='ltr'><strong>resurrectionem</strong></span> <span class='ocrx_word' id='word_1_480' title='bbox 2959 3624 3270 3692; x_wconf 73' lang='lat' dir='ltr'><strong>signiﬁcat:</strong></span> <span class='ocrx_word' id='word_1_481' title='bbox 3318 3633 3414 3677; x_wconf 87' lang='lat' dir='ltr'><strong>aut</strong></span> 
     </span>
    </p>
   </div>
   <div class='ocr_carea' id='block_1_76' title="bbox 1849 3714 3413 3790">
    <p class='ocr_par' dir='ltr' id='par_1_76' title="bbox 1849 3714 3413 3790">
     <span class='ocr_line' id='line_1_76' title="bbox 1849 3714 3413 3790; baseline -0.006 -15"><span class='ocrx_word' id='word_1_482' title='bbox 1849 3721 2082 3775; x_wconf 77' lang='lat' dir='ltr'><strong>fortasse</strong></span> <span class='ocrx_word' id='word_1_483' title='bbox 2129 3727 2284 3790; x_wconf 82' lang='lat' dir='ltr'><strong>rogat</strong></span> <span class='ocrx_word' id='word_1_484' title='bbox 2329 3717 2586 3773; x_wconf 83' lang='lat' dir='ltr'><strong>advenire</strong></span> <span class='ocrx_word' id='word_1_485' title='bbox 2619 3717 2938 3771; x_wconf 88' lang='lat' dir='ltr'><strong>matutinam</strong></span> <span class='ocrx_word' id='word_1_486' title='bbox 2979 3714 3180 3769; x_wconf 89' lang='lat' dir='ltr'><strong>Christi</strong></span> <span class='ocrx_word' id='word_1_487' title='bbox 3227 3729 3413 3768; x_wconf 89' lang='lat' dir='ltr'><strong>resur-</strong></span> 
     </span>
    </p>
   </div>
   <div class='ocr_carea' id='block_1_77' title="bbox 1849 3805 3409 3880">
    <p class='ocr_par' dir='ltr' id='par_1_77' title="bbox 1849 3805 3409 3880">
     <span class='ocr_line' id='line_1_77' title="bbox 1849 3805 3409 3880; baseline -0.004 -13"><span class='ocrx_word' id='word_1_488' title='bbox 1849 3813 2168 3878; x_wconf 88' lang='lat' dir='ltr'><strong>rectionem,</strong></span> <span class='ocrx_word' id='word_1_489' title='bbox 2226 3825 2332 3880; x_wconf 92' lang='lat' dir='ltr'><strong>qua</strong></span> <span class='ocrx_word' id='word_1_490' title='bbox 2367 3808 2799 3863; x_wconf 87' lang='lat' dir='ltr'><strong>misericordiam</strong></span> <span class='ocrx_word' id='word_1_491' title='bbox 2854 3805 3132 3861; x_wconf 88' lang='lat' dir='ltr'><strong>consecuti</strong></span> <span class='ocrx_word' id='word_1_492' title='bbox 3196 3820 3409 3860; x_wconf 76' lang='lat' dir='ltr'><strong>sumus.</strong></span> 
     </span>
    </p>
   </div>
   <div class='ocr_carea' id='block_1_78' title="bbox 1922 3899 3408 3974">
    <p class='ocr_par' dir='ltr' id='par_1_78' title="bbox 1922 3899 3408 3974">
     <span class='ocr_line' id='line_1_78' title="bbox 1922 3899 3408 3974; baseline -0.003 -17"><span class='ocrx_word' id='word_1_493' title='bbox 1922 3903 2122 3958; x_wconf 84' lang='lat' dir='ltr'><strong>Notam</strong></span> <span class='ocrx_word' id='word_1_494' title='bbox 2146 3903 2232 3974; x_wconf 78' lang='lat' dir='ltr'><strong>[ac</strong></span> <span class='ocrx_word' id='word_1_495' title='bbox 2259 3903 2408 3968; x_wconf 84' lang='lat' dir='ltr'><strong>mihi,</strong></span> <span class='ocrx_word' id='word_1_496' title='bbox 2437 3900 2679 3964; x_wconf 80' lang='lat' dir='ltr'><strong>Domine,</strong></span> <span class='ocrx_word' id='word_1_497' title='bbox 2713 3901 2848 3954; x_wconf 81' lang='lat' dir='ltr'><strong>viam</strong></span> <span class='ocrx_word' id='word_1_498' title='bbox 2891 3901 2945 3954; x_wconf 87' lang='lat' dir='ltr'><strong>in</strong></span> <span class='ocrx_word' id='word_1_499' title='bbox 2985 3916 3089 3970; x_wconf 85' lang='lat' dir='ltr'><strong>qua</strong></span> <span class='ocrx_word' id='word_1_500' title='bbox 3127 3899 3408 3953; x_wconf 86' lang='lat' dir='ltr'><strong>ambulem.</strong></span> 
     </span>
    </p>
   </div>
   <div class='ocr_carea' id='block_1_79' title="bbox 1850 3989 3072 4064">
    <p class='ocr_par' dir='ltr' id='par_1_79' title="bbox 1850 3989 3072 4064">
     <span class='ocr_line' id='line_1_79' title="bbox 1850 3989 3072 4064; baseline -0.005 -15"><span class='ocrx_word' id='word_1_501' title='bbox 1850 3993 2227 4064; x_wconf 76' lang='lat' dir='ltr'><strong>Evangelicam</strong></span> <span class='ocrx_word' id='word_1_502' title='bbox 2270 3991 2573 4047; x_wconf 81' lang='lat' dir='ltr'><strong>doctrinam</strong></span> <span class='ocrx_word' id='word_1_503' title='bbox 2609 3989 2865 4059; x_wconf 88' lang='lat' dir='ltr'><strong>consequi</strong></span> <span class='ocrx_word' id='word_1_504' title='bbox 2901 3995 3072 4058; x_wconf 86' lang='lat' dir='ltr'><strong>rogat.</strong></span> 
     </span>
    </p>
   </div>
   <div class='ocr_carea' id='block_1_80' title="bbox 1917 4076 3411 4157">
    <p class='ocr_par' dir='ltr' id='par_1_80' title="bbox 1917 4076 3411 4157">
     <span class='ocr_line' id='line_1_80' title="bbox 1917 4076 3411 4157; baseline -0.011 -14"><span class='ocrx_word' id='word_1_505' title='bbox 1917 4088 1969 4144; x_wconf 91' lang='lat'><strong>9.</strong></span> <span class='ocrx_word' id='word_1_506' title='bbox 2007 4086 2169 4157; x_wconf 84' lang='lat' dir='ltr'><strong>Eripe</strong></span> <span class='ocrx_word' id='word_1_507' title='bbox 2211 4101 2291 4140; x_wconf 86' lang='lat' dir='ltr'><strong>me</strong></span> <span class='ocrx_word' id='word_1_508' title='bbox 2323 4083 2386 4138; x_wconf 88' lang='lat' dir='ltr'><strong>de</strong></span> <span class='ocrx_word' id='word_1_509' title='bbox 2429 4083 2659 4138; x_wconf 85' lang='lat' dir='ltr'><strong>inimicis</strong></span> <span class='ocrx_word' id='word_1_510' title='bbox 2707 4082 2854 4136; x_wconf 89' lang='lat' dir='ltr'><strong>meis.</strong></span> <span class='ocrx_word' id='word_1_511' title='bbox 2911 4077 3296 4151; x_wconf 85' lang='lat' dir='ltr'><strong>Spiritualibus</strong></span> <span class='ocrx_word' id='word_1_512' title='bbox 3326 4076 3411 4128; x_wconf 84' lang='lat' dir='ltr'><strong>vi-</strong></span> 
     </span>
    </p>
   </div>
   <div class='ocr_carea' id='block_1_81' title="bbox 1847 4182 2062 4242">
    <p class='ocr_par' dir='ltr' id='par_1_81' title="bbox 1847 4182 2062 4242">
     <span class='ocr_line' id='line_1_81' title="bbox 1847 4182 2062 4242; baseline 0.014 -4"><span class='ocrx_word' id='word_1_513' title='bbox 1847 4182 2062 4242; x_wconf 84' lang='lat' dir='ltr'><strong>delicet.</strong></span> 
     </span>
    </p>
   </div>
   <div class='ocr_carea' id='block_1_82' title="bbox 1221 4297 2366 4372">
    <p class='ocr_par' dir='ltr' id='par_1_82' title="bbox 1221 4297 2366 4372">
     <span class='ocr_line' id='line_1_82' title="bbox 1221 4297 2366 4372; baseline -0.005 -17"><span class='ocrx_word' id='word_1_514' title='bbox 1221 4299 1342 4370; x_wconf 87' lang='lat' dir='ltr'><strong>(Hic</strong></span> <span class='ocrx_word' id='word_1_515' title='bbox 1373 4300 1568 4354; x_wconf 91' lang='lat' dir='ltr'><strong>desunt</strong></span> <span class='ocrx_word' id='word_1_516' title='bbox 1598 4299 1652 4353; x_wconf 92' lang='lat' dir='ltr'><strong>in</strong></span> <span class='ocrx_word' id='word_1_517' title='bbox 1690 4299 1840 4355; x_wconf 88' lang='lat' dir='ltr'><strong>Colb.</strong></span> <span class='ocrx_word' id='word_1_518' title='bbox 1866 4299 2167 4372; x_wconf 56' lang='lat' dir='ltr'><strong>liquandum</strong></span> <span class='ocrx_word' id='word_1_519' title='bbox 2195 4297 2366 4366; x_wconf 78' lang='lat' dir='ltr'><strong>folia.)</strong></span> 
     </span>
    </p>
   </div>
   <div class='ocr_carea' id='block_1_83' title="bbox 427 4389 1590 4459">
    <p class='ocr_par' dir='ltr' id='par_1_83' title="bbox 427 4389 1590 4459">
     <span class='ocr_line' id='line_1_83' title="bbox 427 4389 1590 4459; baseline 0 -14"><span class='ocrx_word' id='word_1_520' title='bbox 427 4389 514 4456; x_wconf 85' lang='grc' dir='ltr'><strong>Τῷ</strong></span> <span class='ocrx_word' id='word_1_521' title='bbox 539 4389 720 4444; x_wconf 80' lang='grc' dir='ltr'>Δαυῒδ</span> <span class='ocrx_word' id='word_1_522' title='bbox 748 4391 896 4459; x_wconf 78' lang='grc' dir='ltr'>πρὸς</span> <span class='ocrx_word' id='word_1_523' title='bbox 921 4390 1027 4444; x_wconf 81' lang='grc' dir='ltr'>τὸν</span> <span class='ocrx_word' id='word_1_524' title='bbox 1051 4390 1296 4445; x_wconf 61' lang='lat' dir='ltr'><strong>romae.</strong></span> <span class='ocrx_word' id='word_1_525' title='bbox 1322 4393 1510 4446; x_wconf 78' lang='lat' dir='ltr'><strong>PMF&#39;.</strong></span> <span class='ocrx_word' id='word_1_526' title='bbox 1573 4393 1590 4408; x_wconf 81' lang='grc'><strong>⁸</strong></span> 
     </span>
    </p>
   </div>
   <div class='ocr_carea' id='block_1_84' title="bbox 233 4480 1745 4554">
    <p class='ocr_par' dir='ltr' id='par_1_84' title="bbox 233 4480 1745 4554">
     <span class='ocr_line' id='line_1_84' title="bbox 233 4480 1745 4554; baseline -0.001 -17"><span class='ocrx_word' id='word_1_527' title='bbox 233 4480 588 4551; x_wconf 73' lang='grc' dir='ltr'>Εὐλογητὸς</span> <span class='ocrx_word' id='word_1_528' title='bbox 615 4480 831 4548; x_wconf 82' lang='grc' dir='ltr'>Κύριος</span> <span class='ocrx_word' id='word_1_529' title='bbox 860 4484 893 4534; x_wconf 85' lang='lat' dir='ltr'><strong>d</strong></span> <span class='ocrx_word' id='word_1_530' title='bbox 919 4481 1063 4547; x_wconf 81' lang='grc' dir='ltr'>Θεός</span> <span class='ocrx_word' id='word_1_531' title='bbox 1087 4499 1226 4550; x_wconf 85' lang='grc' dir='ltr'>μου.</span> <span class='ocrx_word' id='word_1_532' title='bbox 1275 4482 1368 4534; x_wconf 86' lang='grc' dir='ltr'>Ἐκ</span> <span class='ocrx_word' id='word_1_533' title='bbox 1393 4481 1745 4554; x_wconf 85' lang='grc' dir='ltr'>περιχαρείας</span> 
     </span>
    </p>
   </div>
   <div class='ocr_carea' id='block_1_85' title="bbox 164 4571 1746 4648">
    <p class='ocr_par' dir='ltr' id='par_1_85' title="bbox 164 4571 1746 4648">
     <span class='ocr_line' id='line_1_85' title="bbox 164 4571 1746 4648; baseline -0.002 -19"><span class='ocrx_word' id='word_1_534' title='bbox 164 4574 228 4629; x_wconf 69' lang='grc' dir='ltr'>τὸ</span> <span class='ocrx_word' id='word_1_535' title='bbox 251 4575 560 4648; x_wconf 82' lang='grc' dir='ltr'>προοίμιον.</span> <span class='ocrx_word' id='word_1_536' title='bbox 602 4574 663 4626; x_wconf 89' lang='lat'><strong>&#39;0</strong></span> <span class='ocrx_word' id='word_1_537' title='bbox 690 4571 992 4627; x_wconf 80' lang='grc' dir='ltr'>διδάσκων</span> <span class='ocrx_word' id='word_1_538' title='bbox 1015 4572 1122 4638; x_wconf 80' lang='grc' dir='ltr'>τὰς</span> <span class='ocrx_word' id='word_1_539' title='bbox 1148 4572 1347 4642; x_wconf 77' lang='grc' dir='ltr'>χεῖράς</span> <span class='ocrx_word' id='word_1_540' title='bbox 1367 4591 1486 4642; x_wconf 85' lang='grc' dir='ltr'>μου</span> <span class='ocrx_word' id='word_1_541' title='bbox 1522 4576 1609 4640; x_wconf 84' lang='grc' dir='ltr'><strong>είς</strong></span> <span class='ocrx_word' id='word_1_542' title='bbox 1637 4589 1746 4626; x_wconf 86' lang='grc' dir='ltr'>πα-</span> 
     </span>
    </p>
   </div>
   <div class='ocr_carea' id='block_1_86' title="bbox 160 4662 1748 4737">
    <p class='ocr_par' dir='ltr' id='par_1_86' title="bbox 160 4662 1748 4737">
     <span class='ocr_line' id='line_1_86' title="bbox 160 4662 1748 4737; baseline -0.001 -16"><span class='ocrx_word' id='word_1_543' title='bbox 160 4666 436 4737; x_wconf 80' lang='grc' dir='ltr'>ράταξιν.</span> <span class='ocrx_word' id='word_1_544' title='bbox 465 4667 671 4736; x_wconf 79' lang='grc' dir='ltr'>Χεῖρας</span> <span class='ocrx_word' id='word_1_545' title='bbox 702 4665 800 4729; x_wconf 74' lang='grc' dir='ltr'><strong>τὰς</strong></span> <span class='ocrx_word' id='word_1_546' title='bbox 842 4665 1066 4737; x_wconf 83' lang='grc' dir='ltr'>πράξεις</span> <span class='ocrx_word' id='word_1_547' title='bbox 1111 4667 1275 4736; x_wconf 81' lang='grc' dir='ltr'>φησὶν</span> <span class='ocrx_word' id='word_1_548' title='bbox 1313 4662 1449 4718; x_wconf 82' lang='grc' dir='ltr'>εἶναι</span> <span class='ocrx_word' id='word_1_549' title='bbox 1476 4664 1572 4729; x_wconf 78' lang='grc' dir='ltr'>τὰς</span> <span class='ocrx_word' id='word_1_550' title='bbox 1605 4665 1748 4720; x_wconf 87' lang='grc' dir='ltr'><strong>κατά</strong></span> 
     </span>
    </p>
   </div>
   <div class='ocr_carea' id='block_1_87' title="bbox 167 4750 1741 4829">
    <p class='ocr_par' dir='ltr' id='par_1_87' title="bbox 167 4750 1741 4829">
     <span class='ocr_line' id='line_1_87' title="bbox 167 4750 1741 4829; baseline -0.001 -15"><span class='ocrx_word' id='word_1_551' title='bbox 167 4760 477 4814; x_wconf 75' lang='grc' dir='ltr'>θεοσέϐειαν</span> <span class='ocrx_word' id='word_1_552' title='bbox 494 4758 811 4829; x_wconf 83' lang='grc' dir='ltr'>γενομένας,</span> <span class='ocrx_word' id='word_1_553' title='bbox 834 4757 898 4811; x_wconf 84' lang='grc' dir='ltr'>δι’</span> <span class='ocrx_word' id='word_1_554' title='bbox 913 4750 987 4811; x_wconf 84' lang='grc' dir='ltr'>ὧν</span> <span class='ocrx_word' id='word_1_555' title='bbox 1009 4757 1351 4829; x_wconf 81' lang='grc' dir='ltr'>πολεμοῦμεν</span> <span class='ocrx_word' id='word_1_556' title='bbox 1373 4758 1464 4811; x_wconf 77' lang='grc' dir='ltr'>τὸν</span> <span class='ocrx_word' id='word_1_557' title='bbox 1481 4758 1741 4812; x_wconf 83' lang='grc' dir='ltr'>Σατανᾶν.</span> 
     </span>
    </p>
   </div>
   <div class='ocr_carea' id='block_1_88' title="bbox 238 4850 1744 4921">
    <p class='ocr_par' dir='ltr' id='par_1_88' title="bbox 238 4850 1744 4921">
     <span class='ocr_line' id='line_1_88' title="bbox 238 4850 1744 4921; baseline -0.001 -15"><span class='ocrx_word' id='word_1_558' title='bbox 238 4854 580 4920; x_wconf 79' lang='grc' dir='ltr'>Ἀνθρωπος</span> <span class='ocrx_word' id='word_1_559' title='bbox 617 4851 961 4920; x_wconf 80' lang='grc' dir='ltr'>ματαιότητι</span> <span class='ocrx_word' id='word_1_560' title='bbox 1001 4850 1287 4921; x_wconf 83' lang='grc' dir='ltr'>ὡμοιώθη.</span> <span class='ocrx_word' id='word_1_561' title='bbox 1325 4852 1597 4916; x_wconf 60' lang='grc' dir='ltr'><strong>⁴Ἕκαστος</strong></span> <span class='ocrx_word' id='word_1_562' title='bbox 1634 4851 1744 4904; x_wconf 87' lang='grc' dir='ltr'><strong>τῶν</strong></span> 
     </span>
    </p>
   </div>
   <div class='ocr_carea' id='block_1_89' title="bbox 166 4942 1283 5017">
    <p class='ocr_par' dir='ltr' id='par_1_89' title="bbox 166 4942 1283 5017">
     <span class='ocr_line' id='line_1_89' title="bbox 166 4942 1283 5017; baseline -0.002 -18"><span class='ocrx_word' id='word_1_563' title='bbox 166 4944 471 5017; x_wconf 77' lang='grc' dir='ltr'>ἀνθρώπων</span> <span class='ocrx_word' id='word_1_564' title='bbox 499 4942 579 5014; x_wconf 82' lang='grc' dir='ltr'><strong>τῷ</strong></span> <span class='ocrx_word' id='word_1_565' title='bbox 603 4944 792 5015; x_wconf 83' lang='grc' dir='ltr'>κόσμῳ</span> <span class='ocrx_word' id='word_1_566' title='bbox 813 4943 986 5015; x_wconf 83' lang='grc' dir='ltr'>τούτῳ</span> <span class='ocrx_word' id='word_1_567' title='bbox 1005 4943 1283 5014; x_wconf 81' lang='grc' dir='ltr'>ὡμοιώθη.</span> 
     </span>
    </p>
   </div>
   <div class='ocr_carea' id='block_1_90' title="bbox 240 5035 1740 5107">
    <p class='ocr_par' dir='ltr' id='par_1_90' title="bbox 240 5035 1740 5107">
     <span class='ocr_line' id='line_1_90' title="bbox 240 5035 1740 5107; baseline -0.001 -15"><span class='ocrx_word' id='word_1_568' title='bbox 240 5039 598 5107; x_wconf 76' lang='grc' dir='ltr'>Ἀστραψον</span> <span class='ocrx_word' id='word_1_569' title='bbox 631 5036 971 5106; x_wconf 80' lang='grc' dir='ltr'>ἀστραπὴν,</span> <span class='ocrx_word' id='word_1_570' title='bbox 1022 5036 1121 5090; x_wconf 81' lang='grc' dir='ltr'>καὶ</span> <span class='ocrx_word' id='word_1_571' title='bbox 1161 5035 1466 5106; x_wconf 77' lang='grc' dir='ltr'>σκορπιεῖς</span> <span class='ocrx_word' id='word_1_572' title='bbox 1502 5037 1740 5102; x_wconf 82' lang='grc' dir='ltr'>αὐτούς.</span> 
     </span>
    </p>
   </div>
   <div class='ocr_carea' id='block_1_91' title="bbox 180 5127 1460 5199">
    <p class='ocr_par' dir='ltr' id='par_1_91' title="bbox 180 5127 1460 5199">
     <span class='ocr_line' id='line_1_91' title="bbox 180 5127 1460 5199; baseline -0.002 -17"><span class='ocrx_word' id='word_1_573' title='bbox 180 5127 491 5199; x_wconf 80' lang='grc' dir='ltr'>Ἀστραπὴν</span> <span class='ocrx_word' id='word_1_574' title='bbox 519 5127 581 5180; x_wconf 86' lang='grc' dir='ltr'>τὸ</span> <span class='ocrx_word' id='word_1_575' title='bbox 608 5127 958 5196; x_wconf 79' lang='grc' dir='ltr'>εὐαγγελικὸν</span> <span class='ocrx_word' id='word_1_576' title='bbox 989 5127 1252 5199; x_wconf 86' lang='grc' dir='ltr'>κήρυγμά</span> <span class='ocrx_word' id='word_1_577' title='bbox 1277 5144 1460 5197; x_wconf 83' lang='grc' dir='ltr'>φησιν.</span> 
     </span>
    </p>
   </div>
   <div class='ocr_carea' id='block_1_92' title="bbox 249 5217 1742 5287">
    <p class='ocr_par' dir='ltr' id='par_1_92' title="bbox 249 5217 1742 5287">
     <span class='ocr_line' id='line_1_92' title="bbox 249 5217 1742 5287; baseline -0.001 -15"><span class='ocrx_word' id='word_1_578' title='bbox 249 5219 720 5283; x_wconf 79' lang='grc' dir='ltr'>Ἔξαπόστειλον</span> <span class='ocrx_word' id='word_1_579' title='bbox 759 5217 874 5286; x_wconf 80' lang='grc' dir='ltr'>τὴν</span> <span class='ocrx_word' id='word_1_580' title='bbox 903 5217 1070 5287; x_wconf 80' lang='grc' dir='ltr'>χεῖρά</span> <span class='ocrx_word' id='word_1_581' title='bbox 1112 5233 1228 5272; x_wconf 90' lang='grc' dir='ltr'>σου</span> <span class='ocrx_word' id='word_1_582' title='bbox 1270 5218 1339 5282; x_wconf 81' lang='grc' dir='ltr'><strong>ἐξ</strong></span> <span class='ocrx_word' id='word_1_583' title='bbox 1378 5219 1607 5287; x_wconf 75' lang='grc' dir='ltr'>ὕψους·</span> <span class='ocrx_word' id='word_1_584' title='bbox 1645 5217 1742 5282; x_wconf 79' lang='grc' dir='ltr'><strong>ἐξ·</strong></span> 
     </span>
    </p>
   </div>
   <div class='ocr_carea' id='block_1_93' title="bbox 169 5310 1741 5382">
    <p class='ocr_par' dir='ltr' id='par_1_93' title="bbox 169 5310 1741 5382">
     <span class='ocr_line' id='line_1_93' title="bbox 169 5310 1741 5382; baseline -0.001 -18"><span class='ocrx_word' id='word_1_585' title='bbox 169 5310 310 5366; x_wconf 74' lang='grc' dir='ltr'><strong>ἐλου</strong></span> <span class='ocrx_word' id='word_1_586' title='bbox 330 5328 428 5382; x_wconf 80' lang='grc' dir='ltr'>με,</span> <span class='ocrx_word' id='word_1_587' title='bbox 453 5312 550 5366; x_wconf 75' lang='grc' dir='ltr'>καὶ</span> <span class='ocrx_word' id='word_1_588' title='bbox 572 5311 759 5379; x_wconf 76' lang='grc' dir='ltr'>ῥῦσαι</span> <span class='ocrx_word' id='word_1_589' title='bbox 777 5328 854 5382; x_wconf 83' lang='grc' dir='ltr'><strong>με</strong></span> <span class='ocrx_word' id='word_1_590' title='bbox 873 5311 941 5376; x_wconf 76' lang='grc' dir='ltr'><strong>ἐξ</strong></span> <span class='ocrx_word' id='word_1_591' title='bbox 971 5311 1205 5365; x_wconf 82' lang='grc' dir='ltr'>ὑδάτων</span> <span class='ocrx_word' id='word_1_592' title='bbox 1235 5310 1500 5375; x_wconf 78' lang='grc' dir='ltr'>πολλῶν,</span> <span class='ocrx_word' id='word_1_593' title='bbox 1528 5311 1595 5365; x_wconf 78' lang='grc' dir='ltr'>ἐκ</span> <span class='ocrx_word' id='word_1_594' title='bbox 1623 5327 1741 5378; x_wconf 84' lang='grc' dir='ltr'>χει-</span> 
     </span>
    </p>
   </div>
   <div class='ocr_carea' id='block_1_94' title="bbox 167 5395 1744 5472">
    <p class='ocr_par' dir='ltr' id='par_1_94' title="bbox 167 5395 1744 5472">
     <span class='ocr_line' id='line_1_94' title="bbox 167 5395 1744 5472; baseline -0.002 -16"><span class='ocrx_word' id='word_1_595' title='bbox 167 5401 270 5470; x_wconf 84' lang='grc' dir='ltr'><strong>ρὸς</strong></span> <span class='ocrx_word' id='word_1_596' title='bbox 301 5401 451 5456; x_wconf 79' lang='grc' dir='ltr'>υἱῶν</span> <span class='ocrx_word' id='word_1_597' title='bbox 478 5403 828 5470; x_wconf 65' lang='grc' dir='ltr'>ἀλλοτρίων.</span> <span class='ocrx_word' id='word_1_598' title='bbox 860 5395 971 5456; x_wconf 82' lang='grc' dir='ltr'>Ὧν</span> <span class='ocrx_word' id='word_1_599' title='bbox 995 5401 1064 5456; x_wconf 87' lang='grc' dir='ltr'>τὸ</span> <span class='ocrx_word' id='word_1_600' title='bbox 1101 5405 1296 5472; x_wconf 81' lang='grc' dir='ltr'>στόμα</span> <span class='ocrx_word' id='word_1_601' title='bbox 1337 5403 1602 5468; x_wconf 51' lang='lat' dir='ltr'><strong>summa</strong></span> <span class='ocrx_word' id='word_1_602' title='bbox 1630 5418 1744 5470; x_wconf 86' lang='grc' dir='ltr'>μα-</span> 
     </span>
    </p>
   </div>
   <div class='ocr_carea' id='block_1_95' title="bbox 175 5492 1745 5564">
    <p class='ocr_par' dir='ltr' id='par_1_95' title="bbox 175 5492 1745 5564">
     <span class='ocr_line' id='line_1_95' title="bbox 175 5492 1745 5564; baseline 0 -18"><span class='ocrx_word' id='word_1_603' title='bbox 175 5495 501 5561; x_wconf 79' lang='grc' dir='ltr'>ταιότητος.</span> <span class='ocrx_word' id='word_1_604' title='bbox 545 5493 666 5546; x_wconf 89' lang='grc' dir='ltr'>Τῶν</span> <span class='ocrx_word' id='word_1_605' title='bbox 700 5493 1226 5564; x_wconf 86' lang='grc' dir='ltr'>περικυκλωσάντων</span> <span class='ocrx_word' id='word_1_606' title='bbox 1274 5494 1420 5564; x_wconf 74' lang='grc' dir='ltr'>ἡμᾶς</span> <span class='ocrx_word' id='word_1_607' title='bbox 1469 5492 1745 5563; x_wconf 82' lang='grc' dir='ltr'>λογισμῶν</span> 
     </span>
    </p>
   </div>
   <div class='ocr_carea' id='block_1_96' title="bbox 178 5585 1742 5657">
    <p class='ocr_par' dir='ltr' id='par_1_96' title="bbox 178 5585 1742 5657">
     <span class='ocr_line' id='line_1_96' title="bbox 178 5585 1742 5657; baseline 0.001 -18"><span class='ocrx_word' id='word_1_608' title='bbox 178 5586 275 5640; x_wconf 72' lang='grc' dir='ltr'>ὑπὸ</span> <span class='ocrx_word' id='word_1_609' title='bbox 301 5589 402 5657; x_wconf 79' lang='grc' dir='ltr'>τῆς</span> <span class='ocrx_word' id='word_1_610' title='bbox 441 5586 549 5640; x_wconf 84' lang='grc' dir='ltr'><strong>τῶν</strong></span> <span class='ocrx_word' id='word_1_611' title='bbox 591 5586 860 5657; x_wconf 87' lang='grc' dir='ltr'>δαιμόνων</span> <span class='ocrx_word' id='word_1_612' title='bbox 893 5586 1200 5657; x_wconf 77' lang='grc' dir='ltr'>ἐπιϐουλῆς.</span> <span class='ocrx_word' id='word_1_613' title='bbox 1233 5587 1302 5640; x_wconf 86' lang='grc' dir='ltr'><strong><em>Ἢ</em></strong></span> <span class='ocrx_word' id='word_1_614' title='bbox 1332 5586 1426 5640; x_wconf 72' lang='grc' dir='ltr'>καὶ</span> <span class='ocrx_word' id='word_1_615' title='bbox 1460 5585 1624 5640; x_wconf 87' lang='grc' dir='ltr'>ῦδατα</span> <span class='ocrx_word' id='word_1_616' title='bbox 1650 5586 1742 5641; x_wconf 85' lang='grc' dir='ltr'><strong>τὸν</strong></span> 
     </span>
    </p>
   </div>
   <div class='ocr_carea' id='block_1_97' title="bbox 178 5673 1740 5748">
    <p class='ocr_par' dir='ltr' id='par_1_97' title="bbox 178 5673 1740 5748">
     <span class='ocr_line' id='line_1_97' title="bbox 178 5673 1740 5748; baseline 0.001 -17"><span class='ocrx_word' id='word_1_617' title='bbox 178 5673 277 5731; x_wconf 69' lang='grc' dir='ltr'><strong>τῶν</strong></span> <span class='ocrx_word' id='word_1_618' title='bbox 321 5676 591 5731; x_wconf 82' lang='grc' dir='ltr'>Ἰουδαίων</span> <span class='ocrx_word' id='word_1_619' title='bbox 619 5677 751 5748; x_wconf 74' lang='grc' dir='ltr'>φησὶ</span> <span class='ocrx_word' id='word_1_620' title='bbox 792 5677 920 5732; x_wconf 77' lang='grc' dir='ltr'>λαὸν</span> <span class='ocrx_word' id='word_1_621' title='bbox 953 5677 1043 5734; x_wconf 75' lang='grc' dir='ltr'><strong>τὸν</strong></span> <span class='ocrx_word' id='word_1_622' title='bbox 1071 5676 1424 5731; x_wconf 77' lang='grc' dir='ltr'>κυκλώσαντα</span> <span class='ocrx_word' id='word_1_623' title='bbox 1453 5677 1577 5743; x_wconf 78' lang='grc' dir='ltr'>τοὺς</span> <span class='ocrx_word' id='word_1_624' title='bbox 1609 5679 1740 5732; x_wconf 85' lang='grc' dir='ltr'>ἀπο·</span> 
     </span>
    </p>
   </div>
   <div class='ocr_carea' id='block_1_98' title="bbox 1775 4409 1824 4466">
    <p class='ocr_par' dir='ltr' id='par_1_98' title="bbox 1775 4409 1824 4466">
     <span class='ocr_line' id='line_1_98' title="bbox 1775 4409 1824 4466; baseline 0 0"><span class='ocrx_word' id='word_1_625' title='bbox 1775 4409 1824 4466; x_wconf 83' lang='grc' dir='ltr'><strong>ο</strong></span> 
     </span>
    </p>
   </div>
   <div class='ocr_carea' id='block_1_99' title="bbox 2071 4379 3156 4445">
    <p class='ocr_par' dir='ltr' id='par_1_99' title="bbox 2071 4379 3156 4445">
     <span class='ocr_line' id='line_1_99' title="bbox 2071 4379 3156 4445; baseline -0.008 -1"><span class='ocrx_word' id='word_1_626' title='bbox 2071 4389 2268 4445; x_wconf 82' lang='lat' dir='ltr'><strong>Davidi</strong></span> <span class='ocrx_word' id='word_1_627' title='bbox 2317 4387 2564 4441; x_wconf 83' lang='lat' dir='ltr'><strong>adversus</strong></span> <span class='ocrx_word' id='word_1_628' title='bbox 2621 4382 2851 4438; x_wconf 84' lang='lat' dir='ltr'><strong>Goliath.</strong></span> <span class='ocrx_word' id='word_1_629' title='bbox 2912 4379 3156 4435; x_wconf 78' lang='lat' dir='ltr'>CXLIII</span> 
     </span>
    </p>
   </div>
   <div class='ocr_carea' id='block_1_100' title="bbox 1918 4471 3410 4544">
    <p class='ocr_par' dir='ltr' id='par_1_100' title="bbox 1918 4471 3410 4544">
     <span class='ocr_line' id='line_1_100' title="bbox 1918 4471 3410 4544; baseline -0.007 -7"><span class='ocrx_word' id='word_1_630' title='bbox 1918 4484 1970 4539; x_wconf 83' lang='grc'>1.</span> <span class='ocrx_word' id='word_1_631' title='bbox 2018 4481 2331 4537; x_wconf 79' lang='lat' dir='ltr'><strong>Benedictus</strong></span> <span class='ocrx_word' id='word_1_632' title='bbox 2368 4478 2618 4532; x_wconf 88' lang='lat' dir='ltr'><strong>Dominus</strong></span> <span class='ocrx_word' id='word_1_633' title='bbox 2667 4475 2806 4529; x_wconf 84' lang='lat' dir='ltr'><strong>Deus</strong></span> <span class='ocrx_word' id='word_1_634' title='bbox 2860 4491 3026 4528; x_wconf 85' lang='lat' dir='ltr'><strong>meus.</strong></span> <span class='ocrx_word' id='word_1_635' title='bbox 3077 4473 3158 4527; x_wconf 76' lang='lat' dir='ltr'><strong>Ex</strong></span> <span class='ocrx_word' id='word_1_636' title='bbox 3212 4471 3410 4544; x_wconf 79' lang='lat' dir='ltr'><strong>gaudio</strong></span> 
     </span>
    </p>
   </div>
   <div class='ocr_carea' id='block_1_101' title="bbox 1849 4566 3408 4645">
    <p class='ocr_par' dir='ltr' id='par_1_101' title="bbox 1849 4566 3408 4645">
     <span class='ocr_line' id='line_1_101' title="bbox 1849 4566 3408 4645; baseline -0.007 -14"><span class='ocrx_word' id='word_1_637' title='bbox 1849 4577 1955 4632; x_wconf 88' lang='lat' dir='ltr'><strong>tale</strong></span> <span class='ocrx_word' id='word_1_638' title='bbox 2004 4574 2328 4645; x_wconf 76' lang='lat' dir='ltr'><strong>prooemium</strong></span> <span class='ocrx_word' id='word_1_639' title='bbox 2373 4570 2656 4625; x_wconf 87' lang='lat' dir='ltr'><strong>emittitur.</strong></span> <span class='ocrx_word' id='word_1_640' title='bbox 2695 4569 2800 4633; x_wconf 82' lang='lat' dir='ltr'><strong>Qui</strong></span> <span class='ocrx_word' id='word_1_641' title='bbox 2849 4566 2996 4621; x_wconf 82' lang='lat' dir='ltr'><strong>docet</strong></span> <span class='ocrx_word' id='word_1_642' title='bbox 3044 4583 3230 4620; x_wconf 89' lang='lat' dir='ltr'><strong>manus</strong></span> <span class='ocrx_word' id='word_1_643' title='bbox 3265 4581 3408 4620; x_wconf 82' lang='lat' dir='ltr'><strong>meas</strong></span> 
     </span>
    </p>
   </div>
   <div class='ocr_carea' id='block_1_102' title="bbox 1849 4660 3408 4738">
    <p class='ocr_par' dir='ltr' id='par_1_102' title="bbox 1849 4660 3408 4738">
     <span class='ocr_line' id='line_1_102' title="bbox 1849 4660 3408 4738; baseline -0.008 -15"><span class='ocrx_word' id='word_1_644' title='bbox 1849 4669 1918 4723; x_wconf 89' lang='lat' dir='ltr'><strong>ad</strong></span> <span class='ocrx_word' id='word_1_645' title='bbox 1952 4669 2215 4738; x_wconf 78' lang='lat' dir='ltr'><strong>prwlium.</strong></span> <span class='ocrx_word' id='word_1_646' title='bbox 2266 4663 2460 4718; x_wconf 81' lang='lat' dir='ltr'><strong>Manus</strong></span> <span class='ocrx_word' id='word_1_647' title='bbox 2492 4670 2649 4718; x_wconf 83' lang='lat' dir='ltr'><strong>vocat</strong></span> <span class='ocrx_word' id='word_1_648' title='bbox 2679 4676 2841 4731; x_wconf 88' lang='lat' dir='ltr'><strong>opera</strong></span> <span class='ocrx_word' id='word_1_649' title='bbox 2891 4675 3014 4715; x_wconf 91' lang='lat' dir='ltr'><strong>cum</strong></span> <span class='ocrx_word' id='word_1_650' title='bbox 3047 4660 3243 4730; x_wconf 84' lang='lat' dir='ltr'><strong>pietate</strong></span> <span class='ocrx_word' id='word_1_651' title='bbox 3278 4672 3408 4728; x_wconf 77' lang='lat' dir='ltr'><strong>erga</strong></span> 
     </span>
    </p>
   </div>
   <div class='ocr_carea' id='block_1_103' title="bbox 1851 4754 3196 4827">
    <p class='ocr_par' dir='ltr' id='par_1_103' title="bbox 1851 4754 3196 4827">
     <span class='ocr_line' id='line_1_103' title="bbox 1851 4754 3196 4827; baseline -0.007 -13"><span class='ocrx_word' id='word_1_652' title='bbox 1851 4760 2016 4814; x_wconf 90' lang='lat' dir='ltr'><strong>Deum</strong></span> <span class='ocrx_word' id='word_1_653' title='bbox 2047 4759 2210 4825; x_wconf 80' lang='lat' dir='ltr'><strong>facta,</strong></span> <span class='ocrx_word' id='word_1_654' title='bbox 2232 4771 2329 4827; x_wconf 87' lang='lat' dir='ltr'><strong>per</strong></span> <span class='ocrx_word' id='word_1_655' title='bbox 2357 4771 2478 4826; x_wconf 70' lang='lat' dir='ltr'><strong>quae</strong></span> <span class='ocrx_word' id='word_1_656' title='bbox 2513 4754 2768 4809; x_wconf 87' lang='lat' dir='ltr'><strong>Satanam</strong></span> <span class='ocrx_word' id='word_1_657' title='bbox 2792 4754 3196 4824; x_wconf 79' lang='lat' dir='ltr'><strong>impugnamus.</strong></span> 
     </span>
    </p>
   </div>
   <div class='ocr_carea' id='block_1_104' title="bbox 1914 4843 3408 4918">
    <p class='ocr_par' dir='ltr' id='par_1_104' title="bbox 1914 4843 3408 4918">
     <span class='ocr_line' id='line_1_104' title="bbox 1914 4843 3408 4918; baseline -0.008 -10"><span class='ocrx_word' id='word_1_658' title='bbox 1914 4855 1970 4908; x_wconf 81' lang='grc'>5.</span> <span class='ocrx_word' id='word_1_659' title='bbox 2026 4852 2196 4906; x_wconf 85' lang='lat' dir='ltr'><strong>Homo</strong></span> <span class='ocrx_word' id='word_1_660' title='bbox 2222 4851 2447 4906; x_wconf 81' lang='lat' dir='ltr'><strong>vanitati</strong></span> <span class='ocrx_word' id='word_1_661' title='bbox 2490 4847 2682 4903; x_wconf 82' lang='lat' dir='ltr'><strong>similis</strong></span> <span class='ocrx_word' id='word_1_662' title='bbox 2725 4849 2896 4918; x_wconf 79' lang='lat' dir='ltr'><strong>factus</strong></span> <span class='ocrx_word' id='word_1_663' title='bbox 2925 4859 3021 4902; x_wconf 90' lang='lat' dir='ltr'><strong>est.</strong></span> <span class='ocrx_word' id='word_1_664' title='bbox 3053 4845 3263 4916; x_wconf 81' lang='lat' dir='ltr'><strong>Singuli</strong></span> <span class='ocrx_word' id='word_1_665' title='bbox 3310 4843 3408 4897; x_wconf 89' lang='lat' dir='ltr'><strong>ho-</strong></span> 
     </span>
    </p>
   </div>
   <div class='ocr_carea' id='block_1_105' title="bbox 1843 4940 2829 5002">
    <p class='ocr_par' dir='ltr' id='par_1_105' title="bbox 1843 4940 2829 5002">
     <span class='ocr_line' id='line_1_105' title="bbox 1843 4940 2829 5002; baseline -0.008 0"><span class='ocrx_word' id='word_1_666' title='bbox 1843 4947 2019 5002; x_wconf 88' lang='lat' dir='ltr'><strong>mines</strong></span> <span class='ocrx_word' id='word_1_667' title='bbox 2056 4943 2182 4999; x_wconf 86' lang='lat' dir='ltr'><strong>huic</strong></span> <span class='ocrx_word' id='word_1_668' title='bbox 2209 4941 2410 4997; x_wconf 89' lang='lat' dir='ltr'><strong>mundo</strong></span> <span class='ocrx_word' id='word_1_669' title='bbox 2450 4940 2654 4996; x_wconf 85' lang='lat' dir='ltr'><strong>similes</strong></span> <span class='ocrx_word' id='word_1_670' title='bbox 2683 4949 2829 4996; x_wconf 90' lang='lat' dir='ltr'><strong>sunt.</strong></span> 
     </span>
    </p>
   </div>
   <div class='ocr_carea' id='block_1_106' title="bbox 1913 5028 3403 5108">
    <p class='ocr_par' dir='ltr' id='par_1_106' title="bbox 1913 5028 3403 5108">
     <span class='ocr_line' id='line_1_106' title="bbox 1913 5028 3403 5108; baseline -0.009 -13"><span class='ocrx_word' id='word_1_671' title='bbox 1913 5039 1966 5096; x_wconf 88' lang='lat'><strong>6.</strong></span> <span class='ocrx_word' id='word_1_672' title='bbox 2052 5037 2294 5108; x_wconf 83' lang='lat' dir='ltr'><strong>Fulgura</strong></span> <span class='ocrx_word' id='word_1_673' title='bbox 2358 5035 2802 5094; x_wconf 85' lang='lat' dir='ltr'><strong>coruscationem,</strong></span> <span class='ocrx_word' id='word_1_674' title='bbox 2853 5041 2905 5085; x_wconf 74' lang='lat' dir='ltr'><strong>et</strong></span> <span class='ocrx_word' id='word_1_675' title='bbox 2957 5028 3240 5098; x_wconf 80' lang='lat' dir='ltr'><strong>dissipabis</strong></span> <span class='ocrx_word' id='word_1_676' title='bbox 3292 5042 3403 5081; x_wconf 86' lang='lat' dir='ltr'><strong>eos.</strong></span> 
     </span>
    </p>
   </div>
   <div class='ocr_carea' id='block_1_107' title="bbox 1845 5122 3120 5202">
    <p class='ocr_par' dir='ltr' id='par_1_107' title="bbox 1845 5122 3120 5202">
     <span class='ocr_line' id='line_1_107' title="bbox 1845 5122 3120 5202; baseline -0.009 -17"><span class='ocrx_word' id='word_1_677' title='bbox 1845 5131 2051 5202; x_wconf 77' lang='lat' dir='ltr'><strong>Fulgur</strong></span> <span class='ocrx_word' id='word_1_678' title='bbox 2073 5136 2233 5183; x_wconf 76' lang='lat' dir='ltr'><strong>vocat</strong></span> <span class='ocrx_word' id='word_1_679' title='bbox 2263 5126 2628 5197; x_wconf 76' lang='lat' dir='ltr'><strong>evangelicam</strong></span> <span class='ocrx_word' id='word_1_680' title='bbox 2663 5122 3120 5193; x_wconf 64' lang='lat' dir='ltr'><strong>praedicationem.</strong></span> 
     </span>
    </p>
   </div>
   <div class='ocr_carea' id='block_1_108' title="bbox 1914 5207 3409 5279">
    <p class='ocr_par' dir='ltr' id='par_1_108' title="bbox 1914 5207 3409 5279">
     <span class='ocr_line' id='line_1_108' title="bbox 1914 5207 3409 5279; baseline -0.005 -9"><span class='ocrx_word' id='word_1_681' title='bbox 1914 5219 1965 5274; x_wconf 82' lang='lat'><strong>7.</strong></span> <span class='ocrx_word' id='word_1_682' title='bbox 2025 5216 2224 5272; x_wconf 84' lang='lat' dir='ltr'><strong>Emitte</strong></span> <span class='ocrx_word' id='word_1_683' title='bbox 2255 5232 2470 5270; x_wconf 87' lang='lat' dir='ltr'><strong>manum</strong></span> <span class='ocrx_word' id='word_1_684' title='bbox 2521 5226 2666 5267; x_wconf 88' lang='lat' dir='ltr'><strong>tuam</strong></span> <span class='ocrx_word' id='word_1_685' title='bbox 2697 5212 2759 5267; x_wconf 86' lang='lat' dir='ltr'><strong>de</strong></span> <span class='ocrx_word' id='word_1_686' title='bbox 2797 5212 2926 5276; x_wconf 88' lang='lat' dir='ltr'><strong>alto,</strong></span> <span class='ocrx_word' id='word_1_687' title='bbox 2961 5211 3100 5279; x_wconf 86' lang='lat' dir='ltr'><strong>eripe</strong></span> <span class='ocrx_word' id='word_1_688' title='bbox 3130 5224 3210 5262; x_wconf 85' lang='lat' dir='ltr'><strong>me</strong></span> <span class='ocrx_word' id='word_1_689' title='bbox 3245 5216 3297 5262; x_wconf 87' lang='lat' dir='ltr'><strong>et</strong></span> <span class='ocrx_word' id='word_1_690' title='bbox 3335 5207 3409 5263; x_wconf 85' lang='lat' dir='ltr'><strong>li-</strong></span> 
     </span>
    </p>
   </div>
   <div class='ocr_carea' id='block_1_109' title="bbox 1843 5300 3402 5378">
    <p class='ocr_par' dir='ltr' id='par_1_109' title="bbox 1843 5300 3402 5378">
     <span class='ocr_line' id='line_1_109' title="bbox 1843 5300 3402 5378; baseline -0.008 -14"><span class='ocrx_word' id='word_1_691' title='bbox 1843 5310 1966 5364; x_wconf 86' lang='lat' dir='ltr'><strong>bera</strong></span> <span class='ocrx_word' id='word_1_692' title='bbox 1993 5325 2071 5364; x_wconf 87' lang='lat' dir='ltr'><strong>me</strong></span> <span class='ocrx_word' id='word_1_693' title='bbox 2111 5308 2174 5362; x_wconf 78' lang='lat' dir='ltr'><strong>de</strong></span> <span class='ocrx_word' id='word_1_694' title='bbox 2206 5309 2355 5378; x_wconf 74' lang='lat' dir='ltr'><strong>aquis</strong></span> <span class='ocrx_word' id='word_1_695' title='bbox 2389 5305 2590 5369; x_wconf 86' lang='lat' dir='ltr'><strong>multis,</strong></span> <span class='ocrx_word' id='word_1_696' title='bbox 2625 5305 2690 5358; x_wconf 86' lang='lat' dir='ltr'><strong>de</strong></span> <span class='ocrx_word' id='word_1_697' title='bbox 2737 5319 2895 5356; x_wconf 87' lang='lat' dir='ltr'><strong>manu</strong></span> <span class='ocrx_word' id='word_1_698' title='bbox 2932 5301 3163 5371; x_wconf 80' lang='lat' dir='ltr'><strong>ﬁliorum</strong></span> <span class='ocrx_word' id='word_1_699' title='bbox 3197 5300 3402 5353; x_wconf 84' lang='lat' dir='ltr'><strong>alieno-</strong></span> 
     </span>
    </p>
   </div>
   <div class='ocr_carea' id='block_1_110' title="bbox 1842 5390 3404 5465">
    <p class='ocr_par' dir='ltr' id='par_1_110' title="bbox 1842 5390 3404 5465">
     <span class='ocr_line' id='line_1_110' title="bbox 1842 5390 3404 5465; baseline -0.005 -11"><span class='ocrx_word' id='word_1_700' title='bbox 1842 5417 1979 5454; x_wconf 86' lang='lat' dir='ltr'><strong>rum.</strong></span> <span class='ocrx_word' id='word_1_701' title='bbox 2031 5399 2267 5465; x_wconf 84' lang='lat' dir='ltr'><strong>Quorum</strong></span> <span class='ocrx_word' id='word_1_702' title='bbox 2324 5414 2380 5450; x_wconf 88' lang='lat' dir='ltr'><strong>os</strong></span> <span class='ocrx_word' id='word_1_703' title='bbox 2437 5396 2670 5450; x_wconf 85' lang='lat' dir='ltr'><strong>locutum</strong></span> <span class='ocrx_word' id='word_1_704' title='bbox 2721 5403 2798 5449; x_wconf 86' lang='lat' dir='ltr'><strong>est</strong></span> <span class='ocrx_word' id='word_1_705' title='bbox 2847 5393 3121 5448; x_wconf 78' lang='lat' dir='ltr'><strong>vanitates.</strong></span> <span class='ocrx_word' id='word_1_706' title='bbox 3163 5390 3288 5462; x_wconf 78' lang='lat' dir='ltr'><strong>Agit</strong></span> <span class='ocrx_word' id='word_1_707' title='bbox 3335 5390 3404 5446; x_wconf 83' lang='lat' dir='ltr'><strong>de</strong></span> 
     </span>
    </p>
   </div>
   <div class='ocr_carea' id='block_1_111' title="bbox 1841 5481 3405 5564">
    <p class='ocr_par' dir='ltr' id='par_1_111' title="bbox 1841 5481 3405 5564">
     <span class='ocr_line' id='line_1_111' title="bbox 1841 5481 3405 5564; baseline -0.008 -17"><span class='ocrx_word' id='word_1_708' title='bbox 1841 5491 2262 5564; x_wconf 74' lang='lat' dir='ltr'><strong>cogitationibus</strong></span> <span class='ocrx_word' id='word_1_709' title='bbox 2302 5503 2424 5558; x_wconf 66' lang='lat' dir='ltr'><strong>quae</strong></span> <span class='ocrx_word' id='word_1_710' title='bbox 2462 5501 2529 5542; x_wconf 83' lang='lat' dir='ltr'><strong>ex</strong></span> <span class='ocrx_word' id='word_1_711' title='bbox 2561 5487 2866 5541; x_wconf 68' lang='lat' dir='ltr'><strong>daemonum</strong></span> <span class='ocrx_word' id='word_1_712' title='bbox 2911 5483 3120 5539; x_wconf 88' lang='lat' dir='ltr'><strong>insidiis</strong></span> <span class='ocrx_word' id='word_1_713' title='bbox 3163 5497 3263 5536; x_wconf 92' lang='lat' dir='ltr'><strong>nos</strong></span> <span class='ocrx_word' id='word_1_714' title='bbox 3295 5481 3405 5535; x_wconf 80' lang='lat' dir='ltr'><strong>cir-</strong></span> 
     </span>
    </p>
   </div>
   <div class='ocr_carea' id='block_1_112' title="bbox 1840 5577 3403 5650">
    <p class='ocr_par' dir='ltr' id='par_1_112' title="bbox 1840 5577 3403 5650">
     <span class='ocr_line' id='line_1_112' title="bbox 1840 5577 3403 5650; baseline -0.008 -10"><span class='ocrx_word' id='word_1_715' title='bbox 1840 5585 2187 5641; x_wconf 88' lang='lat' dir='ltr'><strong>cumsistunt.</strong></span> <span class='ocrx_word' id='word_1_716' title='bbox 2231 5584 2336 5637; x_wconf 81' lang='lat' dir='ltr'><strong>Aut</strong></span> <span class='ocrx_word' id='word_1_717' title='bbox 2362 5580 2498 5636; x_wconf 81' lang='lat' dir='ltr'><strong>forte</strong></span> <span class='ocrx_word' id='word_1_718' title='bbox 2532 5595 2703 5650; x_wconf 85' lang='lat' dir='ltr'><strong>aquas</strong></span> <span class='ocrx_word' id='word_1_719' title='bbox 2727 5578 2854 5634; x_wconf 87' lang='lat' dir='ltr'><strong>dicit</strong></span> <span class='ocrx_word' id='word_1_720' title='bbox 2884 5577 3190 5633; x_wconf 69' lang='lat' dir='ltr'><strong>Iudaeorum</strong></span> <span class='ocrx_word' id='word_1_721' title='bbox 3225 5589 3403 5644; x_wconf 86' lang='lat' dir='ltr'><strong>popu-</strong></span> 
     </span>
    </p>
   </div>
   <div class='ocr_carea' id='block_1_113' title="bbox 1842 5667 3403 5745">
    <p class='ocr_par' dir='ltr' id='par_1_113' title="bbox 1842 5667 3403 5745">
     <span class='ocr_line' id='line_1_113' title="bbox 1842 5667 3403 5745; baseline -0.008 -13"><span class='ocrx_word' id='word_1_722' title='bbox 1842 5678 1952 5732; x_wconf 88' lang='lat' dir='ltr'><strong>lum</strong></span> <span class='ocrx_word' id='word_1_723' title='bbox 1995 5674 2090 5745; x_wconf 83' lang='lat' dir='ltr'><strong>qui</strong></span> <span class='ocrx_word' id='word_1_724' title='bbox 2139 5672 2510 5729; x_wconf 88' lang='lat' dir='ltr'><strong>circumdabat</strong></span> <span class='ocrx_word' id='word_1_725' title='bbox 2561 5671 2856 5743; x_wconf 86' lang='lat' dir='ltr'><strong>apostolos,</strong></span> <span class='ocrx_word' id='word_1_726' title='bbox 2913 5678 2972 5725; x_wconf 90' lang='lat' dir='ltr'><strong>ut</strong></span> <span class='ocrx_word' id='word_1_727' title='bbox 3019 5667 3296 5725; x_wconf 87' lang='lat' dir='ltr'><strong>cohiberet</strong></span> <span class='ocrx_word' id='word_1_728' title='bbox 3338 5678 3403 5720; x_wconf 87' lang='lat' dir='ltr'><strong>ac</strong></span> 
     </span>
    </p>
   </div>
  </div>
