3760 6270
131 281 236 335 3ἱὸ

137 767 254 816 θεόν
273 781 287 792 ·
318 764 386 816 τὸ
419 764 601 832 ὄνομα
629 763 684 814 δὲ
710 762 874 815 αὑτοῦ
897 761 1134 824 δοξάζειν
1170 761 1380 833 θνητοῖς
1411 764 1634 835 ὀνόμασί
1661 784 1721 820 τε

137 856 217 907 καὶ
325 872 532 924 μασιν.

195 949 395 1002 Γενεὰ
447 947 554 1002 καὶ
603 946 778 1016 γενεὰ
823 946 1119 1000 ἐπαινέσει
1149 947 1220 1001 τὰ
1259 948 1400 1017 ἔργα
1440 963 1576 1002 σου.
1606 949 1714 1020 Τὴν

135 1042 462 1112 ἀμφοτέρων
495 1039 632 1111 φησὶ
659 1039 802 1092 λαῶν
829 1038 1177 1108 συναχθεῖσαν
1216 1039 1540 1107 Ἐκκλησίαν
1568 1040 1629 1093 ἐκ
1654 1057 1712 1093 τε

133 1134 227 1186 τῶν
253 1135 321 1185 ἐκ
353 1131 672 1201 περιτομῆς
715 1131 808 1183 καὶ
832 1129 936 1182 τῶν
965 1130 1022 1195 ἐξ
1049 1129 1422 1201 ὲθνῶν.Ἔργα
1445 1131 1500 1183 δὲ
1527 1131 1710 1196 αὑτοῦ,

130 1226 162 1277 it
189 1225 501 1293 πεποίηται
555 1223 612 1275 ὲν
657 1224 723 1291 τῇ
775 1220 1034 1290 ἐπιδημίᾳ
1087 1219 1254 1289 φησί’
1281 1220 1630 1292 πολυτρόπως
1660 1222 1717 1274 δὲ

131 1317 256 1370 αὖτὰ
305 1317 488 1386 ὑμνεῖ
509 1331 524 1344 °
557 1314 806 1383 δύναμιν,
838 1314 931 1366 καὶ
962 1311 1448 1383 μεγαλοπρέπειαν,
1494 1313 1586 1365 καὶ
1630 1313 1717 1366 δό-

131 1407 234 1471 ξαν,
279 1405 393 1457 καὶ
421 1403 758 1472 ἁγιωσύνην,
789 1403 880 1456 καὶ
923 1401 1222 1472 θαυμάσιαο
1261 1402 1352 1454 καὶ
1377 1403 1533 1456 πάλιν
1559 1402 1716 1455 δύνα-

132 1518 212 1568 μιν
241 1500 347 1554 καὶ
383 1497 782 1568 μεγαλωσύνην
811 1495 900 1548 καὶ
928 1494 1288 1566 χρηστότητα,
1318 1495 1410 1547 καὶ
1442 1494 1712 1549 δικαιοσύ-

127 1609 216 1660 νην
240 1592 342 1644 καὶ
375 1591 701 1662 οἰκτιρμοὺς
731 1587 1168 1660 προσαγορεύων.

1208 279 1568 337 ΕΧΡΟδὶΤΙΟ
1605 281 1671 337 ιΝ
1711 282 2037 341 PSALMUM
2077 286 2301 343 CXLVI.

200 399 344 454 Καθ’
370 398 656 466 ἑκάστην
692 414 923 467 ημεραν
953 398 1266 467 εὐλογήσω
1287 416 1380 454 σε.
1399 401 1565 473 Ἀρχη
1593 403 1721 475 παρ’
1755 419 1797 466 Α

146 490 424 560 Ἑϐραίοις
465 490 564 543 τοῦ
597 489 864 561 παρόντος
898 489 1078 559 στίχου
1121 489 1181 542 τὸ
1211 489 1353 560 Βήθ.
1389 493 1636 547 Διδάσκει
1667 494 1724 548 δὲ

132 580 201 643 ,ἐς
223 580 285 633 0-3
312 579 456 649 μίαν
483 580 704 650 ἡμέραν
729 578 1158 649 παραπεμπτέον
1188 578 1370 650 ὓμνων
1393 583 1722 657 χωρίς.”ολῃ

140 675 227 741 μὲν
253 669 353 726 οὖν
379 672 539 742 ψυχῇ
569 672 665 725 καὶ
698 669 904 739 διανοίᾳ
929 669 1094 737 ὑψοῦν
1124 670 1204 722 δεῖ
1249 673 1339 724 καὶ
1365 673 1602 741 εὐλογεῖν
1633 675 1721 729 τὸν

3271 289 3374 346 546

1893 407 1945 460 9..
1987 407 2089 461 Per
2133 409 2361 478 singulos
2409 411 2516 463 dies
2564 409 2858 463 benedicam
2909 408 3023 464 tibi.
3065 407 3217 479 Apud
3269 410 3374 467 He-

1820 495 1992 552 braeos
2039 497 2248 551 initium
2297 499 2575 568 praesentis
2618 498 2866 552 versiculi
2914 511 2995 554 est
3022 497 3170 554 Beth.
3207 498 3375 557 Docet

1817 592 2018 649 autem,
2053 584 2249 637 nullam
2297 601 2414 640 esse
2462 587 2599 641 diem
2647 588 2848 657 absque
2892 587 3106 658 hymnis
3151 597 3374 658 praeter-

1818 676 2152 730 mittendam.
2184 675 2313 730 Tota
2347 679 2508 748 igitur
2537 679 2738 742 anima,
2776 687 2884 733 tota
2910 688 3108 748 tuente,
3135 683 3377 738 exaltare

1817 764 2007 826 Deum,
2045 776 2098 820 et
2151 767 2465 823 benedicere
2515 771 2588 823 illi
2637 780 2867 839 oportet,
2906 787 3209 842 nomenque
3255 775 3376 844 ejus

1819 856 2117 924 gloriﬁcare
2147 859 2466 914 mortalibus
2498 861 2806 924 nominibus
2835 874 2995 930 atque
3019 864 3220 918 verbis.

1888 947 1940 1000 4.
1984 947 2258 1002 Generatio
2285 959 2334 1002 et
2360 951 2623 1020 generatio
2659 952 2896 1004 laudabit
2931 969 3086 1021 opera
3127 963 3237 1019 tua,
3265 961 3368 1008 etc.

1818 1035 2109 1092 Ecclesiain
2140 1040 2215 1094 ait
2244 1056 2308 1095 ex
2340 1043 2602 1096 ambobus
2632 1043 2844 1111 populis
2876 1053 3273 1114 congregatam,
3305 1059 3370 1098 ex

1817 1128 2225 1186 circumcisione
2273 1133 2477 1186 scilicet
2520 1143 2572 1188 et
2616 1149 2679 1188 ex
2732 1135 2996 1203 gentibus.
3039 1133 3167 1204 Ejus
3195 1145 3406 1190 autem.

1815 1233 1976 1289 Opera
2013 1230 2193 1274 narrat
2224 1240 2342 1290 qua:
2373 1224 2424 1277 in
2457 1224 2686 1279 adventu
2736 1241 2835 1279 suo
2882 1225 3006 1280 fecit
3042 1243 3055 1279 :
3083 1226 3374 1296 multisque

1815 1312 1992 1366 modis
2037 1329 2098 1366 ea
2146 1315 2402 1379 celebrat,
2431 1319 2703 1380 virtutem,
2737 1317 3212 1386 magniﬁcentiam,
3259 1318 3373 1386 glo-

1816 1403 1974 1467 riam,
2010 1405 2367 1468 sanetitatcm,
2397 1415 2450 1460 ct
2496 1408 2760 1462 mirabilia
2811 1409 3028 1474 dicens,
3059 1425 3122 1464 ac
3151 1425 3369 1464 rursum

1816 1493 2089 1558 Virtutem,
2144 1497 2588 1567 magnitudinem,
2639 1499 2978 1567 suavitatem,
3025 1501 3288 1566 justitiam
3319 1511 3372 1556 et

1817 1585 2211 1639 miserationes.

1168 1682 1409 1751 (desunt
1437 1680 1680 1751 quaedam
1715 1677 1841 1733 folia
1872 1677 1922 1729 in
1958 1676 2060 1732 fine
2092 1679 2141 1731 in
2175 1677 2233 1731 C.
2267 1678 2343 1736 5.)

189 1777 304 1831 Kal
359 1775 484 1843 τὴν
536 1774 794 1844 δύναμιν
843 1771 961 1826 τῶν
1008 1773 1273 1843 φοϐερῶν
1320 1792 1436 1830 σου
1481 1776 1704 1845 ἐροῦσι.

1879 1771 1932 1825 6.
1975 1770 2041 1824 Et
2091 1774 2335 1825 virtutem
2382 1773 2696 1834 terribilium
2748 1783 2954 1828 tuorum
3004 1775 3193 1830 dicent.
3235 1775 3368 1831 Cum

129 1868 465 1943 Πρακτικῶς
513 1867 695 1938 ἐροῦσι
729 1866 822 1919 καὶ
856 1865 989 1936 μετὰ
1018 1865 1176 1937 ὀρθοῦ
1206 1869 1564 1938 φρονήματος.
1587 1863 1709 1920 υἷόν

125 1963 271 2012 ἐπι·
311 1957 586 2026 Φοεερὸν
632 1955 698 2010 τὸ
736 1955 1020 2024 ἐμπεσεῖν
1053 1959 1140 2022 εις
1172 1957 1374 2026 χεῖρας
1399 1957 1544 2011 Θεοῦ
1577 1956 1713 2017 ζῶν-

124 2071 241 2118 τος.
292 2051 415 2105 Καὶ
454 2047 912 2111 τὸ,Ὰλαλάξατε
953 2046 1073 2112 Θεῷ
1113 2047 1182 2100 ἐν
1225 2047 1394 2117 φωνῇ
1425 2047 1710 2117 ἀγαλλιά-

119 2160 308 2208 σεωςο
369 2141 461 2194 ὅτι
508 2138 725 2206 Κύριος
766 2138 1023 2206 ὕψιστος
1071 2139 1338 2206 φοϐερός.
1381 2139 1564 2192 Ταῦτα
1604 2138 1709 2210 γὰρ

121 2236 311 2307 ἐροῦσι
353 2234 422 2287 δι’
453 2231 620 2286 αὐτοῦ
650 2231 744 2284 τοῦ
771 2230 1049 2300 φοϐεῖσθαι
1078 2231 1170 2282 καὶ
1196 2231 1356 2295 σέϐας
1383 2231 1524 2301 ἔχειν
1554 2231 1706 2284 Θεοῦ.

120 2327 498 2395 Διηγήσονται
527 2321 586 2374 δὲ
611 2321 708 2375 καὶ
735 2320 809 2383 ὡς
842 2319 1014 2390 πέρας
1045 2319 1144 2372 οὐκ
1175 2319 1400 2390 ἔχουσαν
1428 2320 1587 2373 αὑτοῦ
1612 2321 1710 2390 τὴν

126 2413 554 2485 μεγαλωσῦνην,
585 2413 648 2464 οὐ
686 2410 1123 2482 περιγράψαντες
1144 2411 1360 2480 γνώσει,
1389 2411 1502 2464 ἀλλ’
1527 2413 1601 2476 ὼς
1627 2409 1710 2467 οὗ·

123 2525 221 2561 σαν
276 2505 670 2574 ἀκατάληπτον
692 2520 705 2533 '
763 2502 920 2573 μόνος
952 2501 1060 2572 γὰρ
1106 2504 1134 2554 ὁ
1175 2503 1299 2567 Υἱὸς
1329 2503 1580 2571 γινώσκει
1617 2504 1708 2558 τὸν

123 2599 372 2668 Πατέρα,
409 2596 506 2650 καὶ
543 2598 572 2648 ὁ
612 2593 800 2665 Πατὴρ
830 2593 919 2647 τὸν
950 2594 1095 2647 Υἰόν.
1132 2595 1194 2646 Et
1217 2595 1272 2647 δὲ
1301 2595 1394 2648 καὶ
1430 2594 1706 2648 ἀποκαλύ-

123 2709 248 2744 πτει
290 2691 386 2743 τὸν
420 2687 640 2758 Πατέρα
685 2679 765 2749 οἷς
810 2685 1072 2755 βούλεται,
1104 2684 1215 2738 ἀλλ’
1246 2681 1337 2738 οὖν
1379 2685 1452 2749 ὼς
1491 2687 1706 2754 ἐφικτὸν

123 2784 377 2850 γενητοῖς
411 2779 560 2844 ἰδεῖν,
592 2776 732 2831 κατὰ
765 2776 1050 2844 ἀναλογίαν
1079 2770 1145 2847 ἧς
1170 2795 1251 2840 τις
1280 2777 1390 2848 ἔχει
1421 2795 1706 2850 προπαρα-

127 2875 356 2944 σκευῆς.

193 2965 464 3033 Μνήμην
506 2962 612 3016 τοῦ
661 2960 932 3026 πλήθους
981 2958 1088 3027 τῆς
1126 2960 1550 3028 χρηστότητος-ι
1587 2976 1704 3017 σου

124 3056 564 3124 ἐ-ξερεύξονται.
599 3053 741 3104 Ilion
772 3052 866 3122 μὲν
897 3049 1075 3113 αὐτὸς,
1109 3048 1202 3102 ἆτε
1219 3050 1347 3114 Θεὸς
1380 3050 1454 3104 ὣν
1481 3053 1699 3119 ἀγαθὸς,

1811 1864 1966 1918 bonis
2006 1864 2258 1932 operibus
2295 1864 2364 1917 ita
2401 1865 2707 1932 loquentur,
2737 1874 2788 1919 et
2814 1881 2935 1919 cum
2976 1876 3120 1920 recta
3149 1879 3368 1920 sentcn-

1811 1955 1903 2008 tia.
1931 1953 2099 2020 Quale
2125 1964 2205 2008 est
2242 1954 2371 2008 illud
2408 1972 2421 2008 :
2464 1953 2713 2007 Terribile
2736 1963 2812 2008 est
2838 1955 3066 2008 incidere
3099 1957 3153 2008 in
3186 1973 3368 2009 manus

1809 2043 1906 2097 Dei
1955 2046 2165 2098 viventis
2185 2047 2224 2097 δ.
2260 2044 2324 2098 Et
2357 2045 2486 2098 illud
2517 2065 2530 2101 :
2556 2045 2788 2098 Jubilate
2817 2045 2921 2100 Deo
2953 2050 3003 2099 in
3034 2063 3150 2099 voce
3188 2047 3367 2100 exsul-

1810 2137 2024 2189 tationis
2051 2151 2069 2188 :
2095 2137 2338 2206 quoniam
2369 2135 2619 2190 Dominus
2645 2137 2879 2191 excelsus
2909 2137 3155 2191 terribilis
3171 2138 3212 2194 ¹⁵.
3243 2136 3369 2192 Ηιιτρ

1807 2228 1948 2281 enim
1985 2227 2163 2280 dicent
2193 2229 2334 2296 quod
2369 2228 2592 2282 timeant
2616 2237 2667 2282 et
2697 2228 2961 2282 honorent
3008 2228 3194 2282 Deum.
3230 2228 3366 2284 Nar-

1807 2320 2003 2374 rabnnt
2051 2328 2229 2372 autem
2261 2319 2378 2387 ejus
2409 2319 2858 2390 magnitudinem,
2892 2328 3075 2390 utpote
3111 2337 3232 2390 qum
3260 2329 3358 2374 ter-

1807 2413 2011 2464 m'num
2044 2426 2147 2464 non
2181 2410 2394 2474 habeat,
2430 2427 2536 2464 non
2567 2410 3066 2466 circumscribentes
3109 2426 3228 2464 eam
3269 2424 3366 2464 co-

1807 2503 2043 2571 gnitione
2073 2517 2192 2562 sua,
2230 2502 2323 2555 sed
2375 2510 2433 2554 ut
2464 2500 3060 2570 incomprehensibilem
3096 2500 3231 2571 (52).
3266 2498 3366 2553 So-

1807 2595 1891 2650 lus
1940 2609 2171 2663 namque
2222 2592 2390 2647 Filius
2440 2593 2715 2663 cognoscit
2748 2591 2975 2658 Patrem,
3006 2601 3057 2646 et
3087 2589 3248 2646 Pater
3277 2589 3367 2644 Fi-

1806 2684 1957 2738 lium.
1990 2681 2212 2737 Etiamsi
2246 2699 2372 2736 vero
2407 2681 2616 2737 Patrem
2650 2680 2955 2737 manifcslet
2981 2681 3179 2751 quibus
3207 2682 3322 2734 vult
3348 2718 3367 2748 ,

1806 2783 1861 2830 at
1886 2785 1946 2829 ut
1973 2775 2201 2844 opiliciis
2225 2775 2482 2845 possibile
2519 2783 2602 2828 est
2632 2775 2807 2842 ipsum
2839 2773 3040 2838 videre,
3070 2771 3250 2826 habita
3277 2787 3366 2825 ta-

1805 2868 1952 2921 tione
1986 2867 2394 2937 praeparationis
2422 2867 2685 2936 cujusque
2708 2866 2968 2920 hominis.

1877 2957 1926 3013 7.
1972 2959 2280 3013 Memoriam
2326 2959 2666 3012 abundantia:
2708 2959 2983 3011 suavitatis
3015 2966 3118 3011 tua:
3159 2966 3368 3010 eructar

1807 3050 1951 3104 bunt.
1987 3049 2246 3105 Omnibus
2290 3051 2402 3120 ipse
2453 3050 2787 3114 hominibus,
2843 3060 3027 3119 utpote
3079 3050 3172 3119 qui
3225 3049 3364 3104 Deus

126 3147 424 3201 ἐπιδέδωκε
470 3144 568 3215 τὴν
616 3143 976 3215 χρηστότητα,
1005 3141 1098 3194 καὶ
1143 3143 1398 3212 οἰκτείρει
1427 3143 1602 3195 πάντα
1636 3143 1703 3195 τὰ

1826 3155 1980 3195 )OHUS
2010 3141 2098 3203 sit,
2129 3142 2444 3195 suavitatem
2496 3157 2649 3194 suam
2695 3141 3013 3210 impertivit,
3049 3148 3102 3194 et
3132 3141 3364 3196 miseru-

128 3241 265 3309 ἔργα
307 3235 496 3292 αὑτοῦ.
526 3233 792 3299 Σὼζονται
831 3235 888 3288 δὲ
923 3233 972 3287 οῖ
1005 3233 1103 3303 τῆς
1151 3231 1514 3303 χρηστότητος
1545 3232 1704 3286 αὑτοῦ

129 3325 428 3380 ἀπολαύειν
455 3323 749 3378 ἐθέλουσιν.

656 3413 966 3469 ΨΑΛΜΟΣ
1003 3416 1190 3467 PME'.

197 3510 390 3573 Αἴνει,
432 3507 472 3574 ἠ
519 3504 688 3574 ψυχή
727 3521 866 3572 μου,
909 3503 1015 3556 τὸν
1047 3501 1290 3570 Κύριον·
1332 3501 1551 3555 αἰνέσω
1602 3502 1707 3556 τὸν

133 3600 358 3667 Κύριον
392 3599 463 3651 ἐν
489 3595 560 3664 τῇ
592 3594 704 3663 ζωῇ
724 3612 865 3664 μου.

213 3694 307 3743 Ἐν
327 3689 534 3756 ἐκείνῃ
564 3686 637 3754 τῇ
664 3685 847 3755 ἡμέρᾳ
874 3684 1242 3739 ἀπολοῦνται
1266 3682 1486 3750 πάντες
1507 3687 1560 3738 οὶ
1585 3684 1706 3738 δια-

132 3782 412 3852 λογισμοὶ
443 3777 756 3836 αὐτοῦ,Ἐν
801 3777 878 3848 τῷ
920 3776 1095 3849 καιρῷ
1131 3776 1225 3831 τοῦ
1273 3776 1523 3841 θανάτου,
1550 3780 1702 3852 φησι,

135 3877 307 3928 πάντα
342 3875 446 3926 ὃσα
479 3869 1116 3941 ἐφρόνησενὴχήσονται,
1153 3869 1245 3921 καὶ
1276 3868 1426 3922 οὐδὲν
1455 3868 1603 3924 ἔσται
1631 3863 1704 3924 ὧν

136 3965 462 4033 ἑξαντάξετο
495 3963 586 4014 ἐπὶ
616 3961 738 4030 γῆς.

204 4055 455 4110 Διδόντα
492 4049 722 4119 τροφὴν
750 4047 872 4114 τοῖς
898 4046 1164 4106 πεινῶσι.
1198 4050 1576 4123 Πνευματικὴν
1607 4051 1702 4123 δη-

136 4152 301 4204 ὶονότι
330 4152 446 4212 τοῖς
479 4145 771 4218 λιμιὶιξουσι
806 4145 1004 4209 παντὸς
1037 4145 1261 4214 ἀγαθοῦ.

656 4238 962 4289 ΨΑΛΜΟΣ
993 4238 1189 4303 ΡΜσν.

199 4332 432 4388 Αἰνεῖτε
485 4331 591 4384 τὸν
642 4329 878 4398 Κύριον,
927 4327 1013 4382 ὅτι
1058 4330 1279 4399 ἀγαθὸν
1322 4331 1580 4399 ψαλμός.
1617 4331 1704 4385 Ἑν

1809 3242 1896 3287 tur
1921 3233 2099 3287 omnia
2128 3249 2288 3303 Opera
2329 3249 2447 3287 sua.
2479 3233 2716 3287 Salutem
2750 3243 2927 3287 autem
2959 3245 3367 3303 consequuntur

1805 3328 1898 3397 qui
1922 3327 2185 3382 suavitate
2217 3328 2335 3397 ejus
2363 3326 2466 3380 frui
2493 3327 2701 3380 volunt.

2281 3419 2618 3474 PSALMUS
2661 3419 2876 3475 CXLV.

1877 3511 1926 3564 1.
1969 3510 2174 3574 Lauda,
2207 3512 2385 3564 anima
2414 3528 2549 3574 mea,
2582 3509 2859 3563 Dominum
2882 3527 2898 3573 ;
2924 3510 3152 3565 laudabo
3187 3510 3365 3566 Domi—

1806 3617 1928 3654 num
1953 3604 2005 3654 iu
2027 3603 2131 3656 vita
2161 3618 2291 3654 mea.

1874 3691 1928 3746 4.
1971 3690 2034 3744 In
2069 3691 2163 3743 illa
2207 3691 2290 3744 die
2313 3689 2551 3759 peribunt
2586 3706 2760 3743 omnes
2800 3691 3136 3759 cogitationes
3160 3706 3360 3743 eorum.

1808 3782 1861 3836 ln
1891 3783 2023 3836 hora
2055 3785 2263 3847 mortis,
2294 3782 2489 3851 inquit,
2523 3783 2705 3835 omnia
2741 3783 2968 3851 cogitata
2993 3781 3112 3852 cjus
3145 3782 3359 3852 publica

1807 3877 1952 3936 lient,
1988 3890 2086 3930 nec
2133 3875 2401 3928 occultum
2453 3874 2556 3928 erit
2602 3874 2878 3944 quidpiam
2934 3889 3123 3930 eorum
3157 3890 3277 3946 qua:
3304 3873 3358 3927 in

1806 3977 1945 4022 terra
1975 3967 2246 4038 cogitavit.

1874 4058 1926 4110 7.
1969 4057 2075 4110 Dat
2131 4073 2302 4111 εει-σπι
2343 4056 2706 4110 esurientibus.
2749 4054 3090 4127 Spiritualem
3131 4054 3356 4120 scilicet,

1805 4148 1871 4204 iis
1899 4150 1990 4219 qui
2025 4165 2186 4204 omne
2210 4149 2407 4203 bonum
2439 4157 2714 4216 expetent.

2272 4239 2400 4294 PSA
2415 4239 2608 4294 LMUS
2645 4237 2784 4295 CXL
2799 4238 2893 4294 VI.

1874 4334 1925 4386 1.
1967 4332 2204 4386 Laudate
2235 4332 2515 4386 Dominum
2549 4333 2794 4401 quoniam
2817 4333 2976 4384 bonus
3002 4339 3079 4384 est
3100 4328 3353 4398 psalmus.

139 4425 232 4493 μὲν
272 4422 354 4494 τῷ
385 4419 708 4493 προλαϐόντι
755 4419 915 4482 αὐτὸς
942 4419 1130 4473 ἑαυτὸν
1160 4419 1388 4491 παρῄνει
1423 4422 1502 4483 εἰς
1547 4421 1703 4490 μόνον

1831 4439 1862 4476 n
1893 4422 2213 4492 praecedenti
2255 4423 2462 4490 psalmo
2493 4435 2611 4474 sese
2639 4420 2953 4473 hortabatur
2980 4419 3032 4472 in
3060 4418 3224 4471 Deum
3267 4432 3358 4471 so-

134 4516 218 4566 τὸν
244 4515 378 4567 Θεὸν
407 4513 552 4582 ἔχειν
578 4511 676 4582 τὴν
706 4510 890 4564 ἐλπίδα
907 4527 920 4541 ·
953 4512 1010 4563 ὲν
1037 4509 1093 4563 δὲ
1113 4510 1285 4579 τούτῳ
1309 4510 1398 4563 τὸν
1422 4511 1703 4564 ἀποστολι-

136 4607 224 4659 κον
256 4604 420 4675 χορὸν
458 4602 697 4655 δείκνυσι
732 4600 1046 4654 διδάσκονια
1074 4600 1135 4653 τὸ
1165 4599 1368 4669 πλῆθος
1404 4603 1571 4654 αἰνεῖν
1613 4603 1706 4654 τὸν

135 4693 280 4757 Θεὸν,
310 4692 396 4761 ἐφ’
428 4685 508 4753 οἷς
537 4690 597 4744 τὸ
621 4689 776 4758 γένος
808 4690 1187 4761 εὐηργέτησεν.

211 4782 670 4852 Ἀναλαμϐάνων
692 4782 898 4851 πραεῖς
917 4785 950 4836 ό
980 4781 1213 4851 Κύριος.
1237 4782 1435 4853 Πραεῖς
1457 4781 1555 4852 μὲν
1574 4799 1700 4847 τους

133 4879 224 4948 τὴν
253 4877 442 4930 πίστιν
474 4875 638 4929 αὑτοῦ
662 4874 985 4946 δεξαμένους
1015 4875 1166 4946 φησὶ,
1212 4876 1336 4938 τοὺς
1385 4877 1701 4947 μιμησαμέο

134 4985 250 5032 von;
297 4967 392 5020 τὸν
440 4966 684 5020 εἰπόντα’
733 4963 928 5034 Πρᾷός
962 4967 1076 5035 ειμι
1120 4965 1252 5035 ἐγώ.
1290 4965 1428 5034 Ἐγὼ
1472 4965 1527 5018 δὲ
1574 4967 1699 5030 τοὺς

134 5059 489 5132 ἁμαρτωλοὺς
520 5057 682 5128 μισῶ,
713 5059 896 5127 φησὶν,
925 5057 1117 5120 οἵτινές
1142 5059 1276 5110 εἰσιν
1316 5059 1365 5110 οἱ
1400 5057 1696 5129 ἀκάθαρτοι

134 5152 402 5222 δαίμονες,
431 5151 478 5202 oi
506 5148 584 5220 τῷ
617 5149 750 5219 πυρὶ
775 5147 1126 5212 ἐνοικοῦντες.

205 5241 318 5296 Καὶ
344 5241 541 5311 χλόην
570 5239 644 5308 τῇ
677 5239 921 5306 δουλείᾳ
946 5237 1064 5292 τῶν
1083 5237 1420 5308 ἀνθρώπων.
1449 5238 1699 5292 Δουλειαν

136 5333 239 5386 τῶν
266 5330 571 5404 ἀνθρώπων
593 5332 727 5402 φησι
747 5330 891 5401 βοῦς,
915 5331 1008 5385 καὶ
1038 5331 1290 5401 ἡμιόνους
1317 5331 1410 5383 καὶ
1439 5329 1509 5382 τὰ
1538 5330 1698 5400 ἕτερα

137 5425 239 5479 τῶν
270 5423 504 5497 κτηνῶν.

205 5586 225 5616 ⁵
263 5584 429 5641 Hebr.
459 5598 516 5644 ι,
545 5581 637 5636 3t.

206 5696 314 5767 (52)
354 5693 492 5750 Nota
523 5691 872 5748 Athanasiani
902 5689 1044 5760 styli.

715 5581 736 5611 ⁸
775 5577 916 5634 Psal.
949 5591 1093 5644 xui,
1122 5577 1176 5630 2.
1254 5578 1273 5609 ⁸
1314 5574 1500 5630 Matth.
1532 5591 1606 5644 ιι,
1634 5573 1724 5631 29.

1811 4515 1919 4567 lum
1950 4528 2097 4582 spem
2128 4527 2323 4581 ponere
2349 4530 2362 4574 ;
2410 4513 2461 4564 in
2491 4511 2592 4564 hoc
2617 4519 2796 4564 autem
2839 4510 3192 4580 apostolicum
3226 4509 3358 4564 cbo-

1808 4621 1927 4660 rum
1955 4604 2171 4658 exhibet
2193 4603 2468 4657 docentem
2497 4602 2915 4666 multitudinem,
2946 4601 3164 4656 laudare
3189 4601 3357 4656 Deum

1805 4698 1872 4753 de.
1905 4696 2179 4751 beneﬁciis
2206 4695 2385 4764 generi
2415 4695 2693 4748 hominum
2723 4695 2952 4749 collatis.

1873 4786 1926 4840 6.
1969 4784 2265 4854 Suscipiens
2309 4793 2604 4838 mansuetos
2626 4782 2906 4840 Dominus.
2930 4783 3237 4839 Mansuetos
3261 4796 3358 4836 vo-

1805 4888 1891 4934 cat
1911 4893 2006 4932 eos
2030 4878 2120 4940 qui
2156 4876 2311 4930 [idem
2343 4875 2463 4944 ejus
2487 4886 2862 4946 susceperunt,
2899 4877 3091 4931 imitati
3118 4891 3239 4930 eum
3263 4873 3356 4943 qui

1805 4971 1941 5025 dixit
1967 4987 1980 5023 :
2006 4968 2152 5022 Mitis
2195 4984 2287 5038 ego
2319 4985 2434 5022 sum
2454 4969 2496 5023 ⁸.
2527 4967 2638 5039 Ego
2673 4977 2852 5023 autem
2885 4976 3193 5038 peccatores
3230 4965 3358 5019 odio

1803 5063 1996 5127 habeo,
2031 5061 2223 5132 inquit,
2252 5061 2345 5131 qui
2391 5071 2517 5116 sunt
2565 5061 2764 5131 impuri
2811 5061 3085 5115 daemones
3128 5057 3185 5111 in
3233 5055 3358 5126 igne

1801 5152 2124 5208 habitantes.

1869 5241 1923 5298 8.
1964 5241 2033 5296 Et
2063 5240 2275 5297 herbam
2298 5242 2538 5298 sanitati
2577 5242 2862 5296 hominum.
2905 5239 3225 5295 Servitutem
3257 5241 3357 5295 ho-

1801 5333 2007 5390 minum
2042 5344 2199 5392 vocat
2227 5335 2414 5402 boves,
2438 5334 2615 5391 mulos
2639 5342 2693 5390 et
2717 5334 2924 5404 reliqua
2947 5332 3211 5404 jumenta.
