3760 6270
441 265 561 334 ‘st't
1321 277 1380 334 s.
1418 279 1786 336 ATHANASII
1820 279 1970 336 ore.
2011 279 2188 336 PARS
2216 280 2303 336 ιιι.
2339 312 2408 322 -
2446 281 2856 340 meamea.
3590 281 3735 341 seu

1194 617 1277 679 IN
1336 619 1827 682 FRAGMENTA
1874 618 2470 692 SUBSEQUENTIA
2527 618 2929 680 MONITUM.

453 929 584 1001 Qua:
613 936 996 1005 subsequuntur
1031 937 1327 1007 fragmenta
1365 937 1878 993 Commentariorum
1913 939 2194 994 Athanasii
2221 941 2273 994 in
2309 941 2540 1010 psalmos
2571 940 2717 1010 prior
2743 939 2906 993 edidit
2935 938 3123 994 Petrus
3159 937 3544 995 Felckmannus
3586 939 3711 996 sub

764 1035 921 1104 ﬁnem
948 1035 1244 1104 appendicis
1277 1036 1346 1090 ad
1372 1035 1650 1092 editionem
1671 1036 2164 1103 Commelinianam,
2195 1037 2293 1090 hac
2318 1038 2596 1106 prxmissa
2625 1036 2694 1089 ad
2725 1036 2964 1090 lectorem
2988 1037 3362 1090 admonitione.

1607 1145 1670 1184 PE
1680 1144 1816 1184 TRUS
1853 1145 2232 1185 τειειίιυικιηυε
2266 1144 2516 1184 LECTORI.

527 1248 545 1280 ι
572 1226 703 1283 Cum
728 1228 1057 1297 prxmissam
1087 1225 1420 1295 appendicem
1449 1226 1710 1298 hucusque
1732 1228 1848 1297 jam
1875 1227 2256 1295 perduxissem,
2279 1227 2440 1281 incidi
2471 1227 2523 1281 in
2551 1241 2705 1294 opera
2729 1225 2959 1295 Luciferi
2993 1225 3218 1294 episcopi
3241 1224 3564 1288 Calaritani,
3588 1242 3704 1279 cu-

445 1319 533 1390 jus
566 1319 746 1374 crebra
773 1328 821 1373 et
862 1317 1080 1372 laudata
1115 1320 1166 1371 in
1201 1319 1493 1373 Athanasio
1518 1329 1695 1373 nostro
1726 1323 1941 1381 mentio,
1966 1321 2080 1389 jam
2105 1321 2226 1374 olim
2255 1320 2475 1374 Lutetiae
2505 1337 2536 1373 a
2564 1318 2768 1373 Joanne
2803 1318 2939 1373 Tilio
2962 1319 3201 1387 episcopo
3233 1317 3488 1371 Meldensi
3509 1317 3702 1372 edita.

451 1413 581 1479 Qua
609 1428 726 1465 cum
756 1414 1121 1481 pervolverem,
1156 1411 1317 1465 incidi
1349 1413 1402 1464 in
1447 1421 1548 1466 tres
1585 1411 1863 1466 Athanasii
1892 1412 2164 1481 epistolas,
2199 1413 2332 1465 duas
2375 1412 2444 1465 ad
2487 1410 2808 1479 Luciferum,
2836 1419 2886 1464 et
2934 1410 3144 1464 tertiam
3177 1409 3245 1462 ad
3275 1410 3534 1463 solitaria
3561 1411 3709 1463 vitm

448 1504 730 1565 studiosos,
759 1519 981 1573 quarum
1011 1518 1072 1556 ne
1099 1502 1246 1570 fama
1271 1502 1477 1571 quidem
1506 1510 1626 1555 ante
1655 1502 1721 1555 ad
1753 1519 1845 1555 nos
1869 1511 2188 1569 pervenerat.
2225 1500 2370 1566 Quas
2401 1517 2517 1554 cum
2546 1515 2610 1554 ex
2639 1517 2812 1554 rerum
2840 1515 2956 1553 cum
2985 1501 3106 1554 aliis
3136 1501 3420 1555 Athanasii
3446 1500 3706 1569 epistolis

447 1600 792 1655 similitudine
814 1609 865 1653 et
893 1600 1202 1653 tractatione
1231 1601 1480 1670 genuinas
1510 1615 1620 1654 esse
1649 1599 1961 1664 existimem,
1989 1600 2072 1652 hic
2105 1599 2490 1669 subjungendas
2519 1615 2630 1653 esse
2659 1599 2859 1668 putavi.
2883 1596 2952 1650 Et
2978 1593 3105 1662 quia
3131 1592 3308 1646 eodem
3327 1608 3525 1661 quoque
3545 1601 3704 1645 tem-

445 1712 568 1765 pore
605 1695 896 1764 fragmenta
921 1693 1160 1764 qua'dam
1185 1692 1689 1765 Commentariorum
1722 1692 1892 1745 sancti
1925 1691 2078 1760 hujus
2108 1692 2275 1745 nostri
2303 1692 2354 1744 in
2381 1691 2610 1759 psalmos
2643 1690 2696 1742 in
2723 1685 3001 1758 συλλογῇ
3033 1684 3232 1739 Nicena
3269 1684 3596 1739 Heracleam:
3632 1684 3705 1738 in

455 1784 702 1840 Biblioth.
733 1783 985 1838 Palatina
1016 1784 1201 1852 reperi,
1233 1782 1413 1845 eadem
1434 1783 1700 1844 similiter,
1729 1785 1890 1836 donec
1917 1783 2116 1852 integra
2140 1782 2352 1835 aliunde
2381 1783 2656 1851 prodeant,
2677 1781 2846 1850 adjeci
2877 1779 3222 1834 tumultuario
3245 1792 3394 1846 opere
3418 1777 3702 1846 festinan-

450 1874 582 1927 tibus
605 1875 764 1944 prelis
797 1893 828 1928 a
854 1892 932 1929 me
963 1891 1130 1929 versa.
1168 1873 1482 1944 Quanquam
1517 1874 1741 1942 fortasse
1770 1891 1870 1927 non
1907 1875 2083 1928 omnia
2107 1891 2222 1943 qua:
2257 1873 2473 1927 Nicetas
2517 1888 2583 1927 ex
2622 1873 2729 1929 illis
2780 1872 3058 1943 decerpsit,
3090 1873 3302 1926 damus.
3347 1870 3488 1926 Nam
3519 1871 3705 1925 codex

444 1982 546 2035 quo
576 1968 660 2020 usi
685 1983 866 2021 sumus
904 1968 957 2020 in
993 1965 1185 2036 psalm.
1219 1982 1379 2020 LXXVI
1406 1964 1697 2034 deﬁciebat.
1726 1964 1791 2018 Et
1825 1965 2102 2019 verisimile
2138 1982 2238 2018 non
2263 1975 2340 2019 est
2371 1963 2614 2019 Nicetam
2641 1965 2695 2018 in
2733 1965 2935 2034 reliqua
2984 1963 3311 2033 psalmorum
3339 1972 3487 2032 parte
3515 1960 3706 2015 Allia-

443 2065 585 2118 nasii
605 2064 999 2133 explicationes,
1031 2081 1162 2135 quas
1195 2073 1409 2118 eatenus
1443 2071 1551 2117 tam
1575 2063 1868 2131 frequenter
1890 2063 2040 2124 citat,
2065 2063 2324 2117 omisisse.

517 2175 538 2210 ι
569 2156 796 2227 Denique
837 2157 1032 2211 brevem
1061 2156 1342 2211 Athanasii
1375 2155 1761 2215 sententiolam,
1788 2166 1838 2209 et
1880 2155 2113 2209 locorum
2160 2155 2514 2226 quorumdam
2546 2155 2720 2208 varias
2757 2153 3001 2207 lectiones
3033 2153 3105 2206 ad
3133 2152 3291 2222 ﬁnem
3327 2149 3555 2214 subdidi,
3591 2150 3703 2204 de-

442 2260 709 2321 promptas
735 2266 801 2305 ex
823 2251 1170 2304 vetustissimo
1191 2252 1366 2304 codice
1387 2251 1636 2304 Biblioth.
1663 2249 1950 2312 Palatinae,
1985 2252 2074 2320 qui
2117 2249 2411 2305 continebat
2443 2250 2666 2304 similem
2691 2260 2926 2304 catenam
2950 2249 3335 2318 expositionum
3366 2247 3416 2302 in
3462 2245 3698 2309 Jobum,

444 2342 510 2396 ab
537 2343 734 2396 incerto
769 2351 983 2396 auctore
1013 2342 1399 2395 concinnatam.
1427 2339 1503 2393 Tu
1529 2355 1667 2405 vero,
1693 2340 1927 2393 benevole
1949 2339 2132 2404 lector,
2163 2341 2462 2394 auctarium
2486 2340 2638 2393 hocce
2663 2337 2897 2392 benevole
2925 2346 3214 2407 acceptare,
3237 2337 3529 2407 nostrisque
3565 2347 3700 2389 stu-

441 2439 549 2492 diis
578 2439 754 2508 favere
785 2437 909 2493 velis
937 2454 1049 2491 oro.
1080 2455 1100 2490 ι
1135 2435 1264 2490 Hac
1299 2435 1707 2489 Felckmannus.

515 2534 782 2606 Epistolas
829 2551 986 2605 porro
1027 2543 1348 2587 memoratas
1384 2551 1416 2586 a
1451 2531 1804 2586 Felckmanno
1855 2531 1924 2586 ad
1970 2529 2275 2600 Luciferum
2320 2540 2369 2585 et
2413 2530 2482 2584 ad
2524 2531 2826 2596 monachos,
2857 2529 3114 2584 edidimus
3138 2543 3318 2596 supra.
3355 2525 3481 2581 Hac
3503 2540 3698 2583 autem

444 2629 740 2700 fragmenta
771 2627 908 2698 quod
931 2635 1148 2696 spectat,
1171 2624 1548 2679 consimillima
1580 2623 1674 2677 illa
1705 2633 1846 2689 sunt,
1875 2623 2204 2693 paucissimis
2250 2620 2500 2692 exceptis,
2544 2622 2954 2692 expositionibus
2999 2621 3282 2675 Athanasii
3311 2636 3472 2687 supra
3495 2620 3690 2676 editis.

443 2721 596 2787 Quod
625 2722 671 2775 si
695 2720 1003 2790 quandoque
1033 2716 1284 2771 nonnulla
1306 2723 1582 2768 occurrant
1605 2729 1721 2783 qua:
1749 2714 1802 2765 in
1834 2711 2263 2781 Expositionibus
2291 2729 2393 2765 non
2417 2723 2772 2782 compareant,
2799 2730 2900 2766 non
2933 2714 3048 2767 ideo
3069 2712 3414 2783 repudianda,
3439 2713 3692 2768 etAtha‘

441 2813 592 2865 nasia
621 2811 1014 2883 abjudcanda;
1046 2827 1191 2874 nam,
1220 2815 1357 2879 quod
1381 2810 1678 2863 observasse
1695 2807 1928 2877 juvabit,
1954 2805 2023 2860 ad
2042 2823 2131 2861 eos
2161 2807 2486 2876 psalmorum
2511 2826 2688 2864 versus
2711 2812 2991 2880 pertinent,
3019 2826 3240 2880 quorum
3265 2809 3551 2879 explicatio
3573 2827 3692 2864 non

438 2915 614 2960 exstat
642 2908 694 2960 in
719 2902 1168 2975 Expositionibus,
1196 2915 1371 2974 utpote
1394 2919 1498 2958 non
1542 2904 1757 2974 integris
1779 2918 1840 2956 ac
1874 2917 2102 2972 perscpe
2129 2902 2508 2972 deﬁcientibus.
2545 2904 2804 2959 Caeterum
2835 2905 2943 2960 haec
2977 2917 3219 2975 excerpta
3242 2922 3344 2960 non
3367 2907 3433 2960 ad
3466 2905 3692 2960 verbum

442 2998 602 3068 refert
623 2997 857 3059 Nicetes,
889 2996 980 3052 sed
999 2997 1295 3066 plerumque
1321 2996 1495 3066 quoad
1521 2995 1831 3048 sententiam
1859 3003 2064 3047 tantum
2091 3011 2182 3048 nec
2211 3012 2332 3050 raro
2359 2997 2609 3065 permista
2628 3013 2746 3049 cum
2769 2996 2992 3050 aliorum
3021 2997 3240 3051 Patrum
3262 3000 3686 3065 commentariis,

439 3110 661 3166 quorum
689 3095 797 3164 ipse
824 3096 1034 3148 nomina
1068 3094 1242 3162 affert.
1268 3093 1473 3146 Etenim
1499 3091 1709 3162 quando
1739 3091 1919 3145 eadem
1943 3093 2175 3158 omnino,
2199 3109 2289 3146 nec
2311 3093 2589 3145 immutata
2628 3108 2720 3146 nec
2757 3093 2996 3146 auctiora
3027 3102 3145 3145 sunt
3174 3108 3331 3163 quam
3366 3091 3422 3145 in
3445 3089 3687 3161 Exposi-

444 3185 689 3252 tianibus,
727 3203 789 3240 ea
811 3186 1102 3251 omisimus,
1127 3202 1188 3240 ne
1214 3186 1292 3239 bis
1323 3184 1460 3239 idem
1486 3183 1747 3236 inutiliter
1769 3193 2054 3252 repetatur.
3069 3175 3072 3177 Α

631 3495 1347 3602 FRAGMENTA
1420 3504 2574 3602 COMMENTARIOBUM
2658 3512 2772 3600 D.
2835 3503 3485 3601 ATHANASII

1795 3706 1878 3769 IN
1927 3707 2316 3769 PSALMOS.

541 4018 618 4077 Ex
647 4017 850 4076 Nicette
873 4021 1229 4092 metropolita:
1257 4019 1530 4076 Heracleae
1557 4030 1749 4078 catena
1773 4023 2026 4092 expositic

2192 4065 2206 4090 ,
2235 4023 2349 4079 sive
2379 4031 2438 4077 ut
2493 4022 2608 4092 ipse
2647 4029 2822 4086 vocat,
2867 4024 3160 4097 Συναγωγῇ
3214 4023 3552 4095 ἐξηγήσεων,
3603 4041 3677 4080 ex

1489 4111 1690 4168 Gracis
1734 4111 1986 4171 Patnibus
2015 4113 2068 4166 in
2097 4111 2344 4168 Psalmos
2372 4112 2596 4168 collecta

542 4203 758 4260 Nicetes
781 4204 866 4258 hic
887 4205 1214 4275 inprommio
1241 4207 1449 4262 tertiam
1471 4224 1535 4261 ex
1554 4210 1796 4278 quinque,
1814 4225 1945 4280 quas
1969 4209 2072 4262 sibi
2101 4209 2494 4276 praemittendus
2516 4226 2625 4264 esse
2654 4212 2962 4282 quaestiones
2985 4213 3206 4281 censuit,
3232 4213 3386 4281 hanc,
3413 4215 3470 4268 tl
3493 4215 3564 4268 τὸ

1014 4299 1371 4370 Ψαλτήριον,
1407 4300 1694 4370 explicans,
1722 4301 1904 4353 addito
1935 4300 2140 4353 nomine
2175 4300 2550 4368 Ἀθανασίου,
2579 4304 2846 4373 sequentia
2870 4305 3103 4375 subjicit.

508 4391 605 4449 Est
671 4394 834 4464 igitur
881 4393 1194 4462 psalterium
1253 4396 1671 4450 instrumentum
1724 4395 1992 4449 musicum

2196 4396 2325 4448 Εστι
2352 4395 2525 4449 τοίνυν
2549 4397 2610 4451 τὸ
2645 4397 2938 4471 ψαλτήριον
2962 4401 3192 4472 ὄργανον
3221 4405 3476 4475 μουσικὸν
3513 4406 3678 4464 δεκά-

437 4493 692 4540 constans
717 4486 900 4541 decem
945 4486 1183 4550 chordis,
1212 4485 1280 4541 de
1321 4486 1550 4542 summis
1582 4485 1752 4556 ipsius
1779 4501 1922 4555 com;

2189 4488 2306 4553 ›δον,
2331 4491 2394 4544 ὲκ
2426 4491 2532 4545 τῶν
2558 4491 2762 4547 ἄνωθεν
2797 4494 2976 4565 μερῶν
3008 4497 3106 4568 τῆς
3147 4500 3490 4570 κατασκευῆς
3529 4502 3674 4556 ἀπο-

437 4576 520 4647 gis
555 4575 796 4644 partibus
842 4592 1035 4632 sonum
1082 4579 1386 4648 perliciens,
1415 4594 1708 4648 vocemque
1754 4591 1922 4632 conso

2188 4581 2280 4635 οὖν
2303 4582 2394 4635 τὸν
2414 4578 2568 4655 ἦχον,
2595 4585 2927 4656 ὲναρμονίως
2958 4587 3082 4651 τοὺς
3111 4587 3377 4658 φθόγγους
3403 4591 3542 4663 πρὸς
3571 4594 3673 4665 τὴν

434 4667 667 4736 quadam
697 4667 928 4722 melodia
954 4671 1252 4724 articulatm
1284 4671 1402 4725 voci
1435 4670 1662 4725 similem
1709 4669 1919 4723 redden:

2188 4673 2280 4742 τῆς
2298 4673 2480 4744 φωνῆς
2503 4674 2766 4746 μελῳδίαν
2791 4677 3037 4731 ἀποδιδόν
3058 4695 3072 4709 ο
3103 4679 3252 4750 παρὰ
3271 4681 3367 4750 μὲν
3397 4681 3673 4752 Ἐὃραίοις

435 4771 500 4812 ac
546 4757 761 4824 dicitur,
797 4757 1034 4814 Hebraeis
1081 4762 1319 4830 quidem,
1365 4763 1562 4827 naula;
1613 4760 1814 4816 Graecis
1842 4777 1920 4816 vel

2186 4764 2263 4817 ἱλα
2292 4765 2598 4836 λεγόμενον,
2623 4769 2750 4838 παρ’
2781 4768 3002 4839 Ἕλλησι
3030 4769 3085 4823 δὲ
3110 4770 3307 4843 κιθάρα
3333 4773 3671 4844 ὀνομαζόμε-

432 4849 659 4906 cithara.
702 4849 1000 4905 Conﬁcitur
1025 4866 1152 4906 vero
1203 4852 1306 4907 hoc
1355 4853 1513 4908 modo
1551 4871 1566 4907 :
1597 4861 1815 4922 sumpto
1844 4853 1916 4921 lig

2189 4896 2202 4910 .
2227 4857 2642 4912 Κατεσκεύαστο
2667 4860 2776 4932 γὰρ
2801 4861 2981 4925 αὐτοῖς
3001 4863 3157 4935 ὀρθὸν
3187 4863 3338 4929 ξύλον
3364 4865 3456 4919 καὶ
3485 4866 3670 4940 ἀπαρ-

430 4954 602 5005 recto,
629 4942 868 5012 nihilque
891 4941 1106 5012 penitus
1133 4942 1348 5008 inﬂexo,
1377 4943 1562 4998 decem
1603 4944 1655 4998 in
1685 4958 1750 4998 eo
1774 4945 1915 4998 chori

2181 4948 2355 5013 ιλιτον,
2397 4950 2584 5021 χορδαὶ
2611 4949 2666 5004 δὲ
2692 4954 2749 5005 ὲν
2775 4952 2946 5025 τούτῳ
2969 4953 3100 5009 δέκα
3127 4956 3666 5031 ὲτείνοντο.Ἑκάστη

430 5032 820 5099 tendebantur;
875 5047 940 5087 ac
988 5032 1214 5101 singulae
1263 5033 1492 5087 seorsim
1557 5032 1610 5086 in
1681 5035 1915 5089 summit:

2196 5039 2303 5094 τῶν
2343 5040 2544 5112 χορδῶν
2576 5043 2656 5106 εἰς
2687 5042 2748 5096 τὸ
2775 5044 3180 5115 ἀκροτελεύτιον
3225 5046 3316 5100 τοῦ
3359 5046 3665 5120 ψαλτηρίου

429 5119 602 5189 ipsius
651 5120 890 5190 psalterii
934 5123 1055 5175 lixa:
1096 5120 1606 5191 constringebantur
1641 5137 1865 5177 :earum
1891 5139 1914 5178 ιι

2180 5135 2428 5206 ρημένως
2456 5137 2882 5206 ὲναπεσφίγγετο
2901 5153 2915 5167 ο
2957 5138 3014 5190 αἱ
3045 5137 3101 5192 δὲ
3127 5139 3290 5211 ἀρχαὶ
3314 5139 3420 5192 τῶν
3453 5119 3665 5212 χορδῶν

428 5221 535 5266 tem
597 5213 861 5284 principia
925 5215 1212 5272 desursum
1266 5217 1642 5272 demittuntur.
1701 5218 1757 5272 In
1806 5219 1912 5274 cub

2180 5226 2336 5280 ὶίεντο
2358 5227 2579 5283 ἀνωθεν.
2611 5229 2753 5283 Δέκα
2785 5229 2892 5300 γὰρ
2917 5230 3161 5284 κόλλαεοι
3193 5231 3370 5285 εῖτουν
3397 5232 3665 5286 πασσαλί-

425 5300 556 5371 (sive
585 5301 743 5372 colla)
777 5319 1012 5375 namque
1034 5306 1204 5376 ipsius
1231 5308 1468 5376 psalterii
1498 5309 1681 5364 decem
1711 5309 1910 5366 clavicu

2173 5335 2227 5380 ιι,
2262 5320 2389 5390 περὶ
2435 5319 2525 5372 τὸν
2573 5321 2750 5391 πῆχυν
2798 5321 2890 5375 τοῦ
2944 5321 3239 5394 ψαλτηρίου
3276 5323 3658 5394 στρεφόμενοι,

425 5393 541 5448 sive
570 5394 749 5461 paxilli
787 5395 992 5466 trsjecti
1023 5407 1328 5466 vertuntur,
1355 5400 1446 5470 qui
1473 5399 1706 5456 chordas
1737 5401 1910 5456 tendul

2179 5409 2283 5463 ινόν
2315 5427 2373 5464 τε
2401 5411 2498 5483 τὴν
2520 5413 2712 5484 χορδὴν
2744 5414 2839 5468 καὶ
2871 5413 3076 5484 ἐχάλων
3103 5393 3238 5487 apd;
3255 5432 3314 5468 τε
3336 5416 3426 5469 τὸν
3449 5415 3659 5487 ῥυθμὸν

423 5484 790 5549 remittuntve,
822 5497 978 5555 prout
1000 5504 1194 5546 vocum
1224 5492 1578 5546 consonantia
1619 5500 1672 5547 et
1705 5508 1906 5564 propor

2168 5517 2182 5563 ;
2227 5501 2484 5571 ἁρμονίας
2536 5503 2630 5556 καὶ
2675 5505 2810 5575 πρὸς
2840 5504 2901 5557 τὸ
2944 5503 3036 5560 τοῦ
3073 5484 3349 5577 ψαλτιικδοῦ
3381 5484 3653 5580 βουλημα.

424 5577 672 5647 requirit,
703 5588 755 5634 et
787 5580 852 5634 ad
879 5581 1155 5650 psallentis
1203 5583 1432 5640 libitum.
1472 5583 1537 5642 Et
1572 5585 1674 5642 hoc
1699 5595 1803 5653 est,
1835 5603 1905 5660 qu

2083 5591 2190 5645 Καὶ
2213 5591 2368 5645 τοῦτό
2393 5594 2538 5646 ἐστιν
2570 5593 2598 5646 ὅ
2628 5610 2791 5664 φησιν
2821 5595 2850 5647 ὁ
2884 5595 3056 5666 μέγας
3078 5596 3372 5662 Βασίλειος,
3401 5606 3506 5653 etc.

423 5684 651 5742 magnus
688 5668 920 5728 Basilius
950 5672 1042 5739 ait,
1070 5683 1173 5730 etc.
