3760 6270
119 266 191 324 ειθ
782 287 790 296 ’
1084 267 1506 328 FRAGMENTA
1543 274 1898 333 COMMENT.
1938 277 2003 332 IN
2043 278 2381 337 PSALMOS.
3223 285 3329 346 550

669 378 820 434 Idem
843 379 1110 450 explicans
1133 383 1237 436 ista
1265 384 1460 454 psalmi
1483 383 1569 451 ΙΙ,
1603 404 1622 438 ι
1652 386 2005 445 convenerunt
2029 410 2170 464 reges
2193 405 2365 461 terra,
2401 407 2573 461 t-etc.,
2595 399 2741 467 ponit
2761 415 2780 453 :

171 495 520 560 Ἀθανάσιος.
541 493 654 548 Διὰ
671 495 721 548 τί
749 493 805 546 δὲ
824 494 874 547 οἱ
898 493 1132 564 βασιλεῖς
1146 494 1390 570 Ἡρώδης
1417 501 1444 552 ὁ
1461 501 1656 554 Ἀσκα-

1840 505 2167 562 Athanasius.
2209 509 2340 575 Quae
2383 525 2510 565 vero
2563 525 2727 565 causa
2776 518 2914 575 erat,
2957 511 3103 582 quod
3149 529 3325 585 reges,

118 592 294 659 ὶιιρίίτης
313 589 409 642 καὶ
437 588 688 652 Πιλᾶτος
714 590 742 641 6
766 589 986 658 Πόντιος
1015 589 1385 661 παρέστησαν,
1415 594 1603 648 τουτέσ

1841 593 1998 650 rodes
2029 597 2339 652 Ascalonita
2370 607 2423 653 et
2452 597 2676 653 Pontius
2707 597 2912 656 Pilatus
2948 603 3323 671 convenirent,

118 681 438 751 παρετάξαντο
468 679 577 733 καὶ
609 678 840 750 ἐπῆλθον
866 677 1006 732 κατὰ
1033 678 1301 750 Χριστοῦ;
1333 681 1430 735 Διὰ
1449 683 1503 735 τί
1531 683 1586 736 δὲ

1840 699 1861 740 c
1906 692 2008 750 est,
2052 687 2447 757 conspirarent,
2480 699 2535 744 et
2563 690 2824 758 impetum
2859 690 3102 748 facerent
3133 703 3325 751 contra

115 775 318 843 ἁφντες
365 771 485 822 τῶν
524 770 802 823 Ἰουδαίων
846 770 895 823 οἱ
941 769 1174 834 ἀσεϐεῖς,
1210 773 1304 825 καὶ
1334 771 1530 844 λοιμοὶ,
1564 791 1598 828 κ

1839 775 2070 830 ristum?
2093 777 2200 831 Aut
2224 779 2353 848 quid
2387 778 2464 832 rei
2490 790 2624 842 erat,
2648 779 2792 849 quod
2815 780 3086 850 principes
3108 780 3324 838 Judazo-

117 861 396 934 ἁμαρτωλοὶ,
423 861 821 932 Γραμματεῖς,
853 861 944 914 καὶ
970 863 1272 934 Φαρισαῖοι,
1297 865 1389 916 καὶ
1419 881 1602 934 νομικο

1835 881 1902 931 m,
1944 867 2097 936 impii
2149 868 2722 938 illi,'pestilentissimi
2770 879 2824 926 et
2873 870 3320 928 iacinorosissimi

117 959 167 1017 ti;
186 953 356 1005 ταύτὸν
405 951 785 1024 συνέδραμον,
817 952 909 1004 καὶ
946 951 1086 1005 κατὰ
1118 952 1211 1005 τοῦ
1244 954 1470 1024 Κυρίου,
1502 973 1602 1010 τουι

1836 959 2021 1025 mines,
2057 960 2279 1016 Scribas
2309 960 2456 1027 dico,
2485 960 2787 1017 Pharisaaos
2803 971 2857 1016 et
2884 963 3242 1034 legisperitos,
3263 964 3321 1019 in

118 1049 196 1098 ἐπι
223 1045 306 1097 τοῦ
335 1044 593 1114 [ἰατρὸς.
626 1044 720 1097 καὶ
767 1043 907 1098 κατὰ
950 1044 1043 1097 τοῦ
1073 1043 1308 1116 Χριστοῦ
1335 1046 1603 1119 ὲλύττησαπ

1835 1065 1916 1104 um
1945 1053 2253 1122 congregati
2281 1061 2429 1118 sunt,
2458 1062 2508 1108 et
2540 1063 2728 1110 contra
2761 1054 3075 1122 Dominum,
3105 1055 3208 1110 hoc
3235 1065 3320 1110 est

117 1139 299 1190 τουτέστι
327 1135 424 1189 τοῦ
456 1135 608 1188 Υίοῦ
636 1135 836 1200 αὑτοῦ;
884 1135 941 1190 '0
966 1137 1071 1210 γὰρ
1100 1136 1174 1208 μὴ
1199 1137 1376 1208 τιμῶν
1409 1139 1500 1192 τὸν
1529 1141 1602 1194 Υἱὲ

1834 1148 1987 1205 trem,
2020 1141 2378 1211 insanierunt,
2417 1153 2716 1215 contraque
2739 1145 3016 1200 Christum
3045 1147 3184 1216 ejus,
3213 1149 3319 1203 sci-

119 1229 197 1280 οὺδὲ
216 1227 293 1279 τὸν
320 1225 559 1296 Πατέρα
591 1227 746 1297 τιμᾷ.
775 1225 924 1296 Τάχα
959 1227 1057 1297 μὲν
1081 1222 1192 1291 οὖν,
1215 1228 1400 1300 ἐπειδὴ
1427 1230 1495 1284 τὰ
1522 1248 1604 1300 πα,

1832 1240 1876 1286 et
1900 1230 2136 1286 Filium?
2163 1231 2300 1288 Nam
2348 1235 2442 1303 qui
2490 1251 2598 1288 non
2632 1236 2867 1292 honorat
2890 1236 3108 1302 Filium,
3145 1238 3193 1292 is
3221 1253 3317 1294 ne-

117 1320 287 1382 ἐκείνοις
327 1318 727 1390 τετολμημένα
771 1317 864 1371 τοῦ
899 1318 1102 1390 Κυρίου
1138 1318 1337 1390 μᾶλλον
1367 1321 1465 1393 τὴν
1495 1321 1602 1377 δῦνε

1830 1339 1856 1378 e
1880 1322 2092 1378 Patrem
2121 1324 2409 1380 honorat".
2442 1325 2890 1398 Quandoquidem
2922 1328 3087 1399 igitur
3109 1337 3164 1385 et
3193 1345 3315 1399 qua

121 1431 178 1480 μιν
194 1412 362 1478 ἔδειξε,
386 1411 490 1465 καὶ
519 1413 608 1475 εἰς
625 1411 935 1465 τούναντίον
959 1412 1140 1475 αὐτοῖς
1157 1411 1227 1465 τὰ
1249 1413 1498 1486 ἐπιχειρή
1507 1433 1606 1486 ματ

1850 1415 1956 1470 illis
1984 1425 2189 1485 patrata
2223 1427 2370 1480 sunt,
2404 1417 2618 1473 Domini
2648 1419 2944 1489 potentiam
2983 1421 3163 1475 adhuc
3206 1437 3315 1476 ma~

117 1504 295 1572 γέγονεν,
328 1503 502 1555 οἱονεὶ
542 1501 866 1573 μυκτηρίζει
915 1503 1110 1566 αὐτοὺς
1162 1503 1191 1554 6
1233 1503 1412 1569 Δαυῖδ,
1446 1505 1521 1568 ὡς
1569 1522 1593 1557 ε

1857 1507 2324 1578 demonstrarunt,
2357 1511 2710 1580 ipsorumque
2741 1520 2968 1567 conatus
3003 1512 3160 1582 plane
3183 1527 3315 1568 con-

119 1597 224 1650 ιενδν
242 1594 413 1649 πάντα
438 1594 832 1665 τολμήσαντας
851 1611 864 1624 ο
894 1593 1036 1666 τάχ-α
1063 1594 1120 1648 δὲ
1146 1596 1241 1650 καὶ
1268 1596 1558 1667 μέμφεται.
1582 1599 1604 1650 Ἰ

1835 1600 1970 1655 rium
2013 1601 2217 1655 exitum
2265 1602 2445 1656 sortiti
2495 1611 2623 1656 sunt
2665 1620 2679 1656 :
2716 1601 2919 1658 idcirco
2949 1603 3162 1659 videtur
3193 1605 3313 1661 illos

118 1687 186 1756 γὰρ
202 1688 383 1756 δήποτε
407 1685 738 1756 αἰτιώμενοι
759 1688 807 1739 oi
837 1687 976 1740 κατὰ
995 1685 1229 1758 Χριστοῦ
1253 1689 1603 1761 συνδραμόντε

1830 1691 1913 1746 vid
1944 1692 2097 1761 quasi
2135 1692 2382 1755 irridere,
2426 1701 2486 1746 ut
2517 1693 2608 1762 qui
2641 1693 2697 1747 in
2745 1710 2942 1748 vanum
2985 1696 3166 1750 omnia
3199 1704 3315 1750 ten-

119 1777 279 1848 πουρῷ
313 1776 510 1832 τοῦτον
570 1779 913 1850 ἁνήρτησαν;
965 1779 1078 1848 Οὐχ
1123 1773 1275 1844 οὗτός
1307 1781 1452 1834 ἐστιν
1475 1782 1503 1834 6
1533 1785 1604 1835 τοῑ

1826 1790 1929 1836 νυηῑ
1973 1800 1986 1837 :
2039 1783 2118 1838 vel
2171 1781 2402 1839 fortasse
2453 1785 2616 1839 etiam
2671 1799 2951 1840 accusare.
2983 1785 3099 1852 Qua
3142 1786 3311 1853 enim,

119 1845 356 1940 ἔθνεσι-μὲν
383 1845 779 1940 δεδωκὼς-τὴν
815 1868 1026 1938 σοφίαν,
1045 1845 1174 1934 -τοῖς
1197 1871 1252 1924 δὲ
1282 1870 1558 1942 βασιλεῦσι
1582 1890 1604 1925 τ

1827 1890 1948 1942 F280,
1977 1891 2141 1931 causa
2192 1876 2416 1946 culpave
2453 1877 2506 1931 in
2541 1875 2758 1932 Christo
2803 1878 3136 1947 deprehensa
3177 1894 3312 1934 con-

117 1959 261 2026 κράτος
289 1958 624 2032 παρασχὼν,
659 1959 754 2013 καὶ
790 1961 903 2022 τοίς
934 1959 1157 2030 ἄρχουσι
1177 1961 1275 2032 τὴν
1306 1961 1478 2033 ἀρχὴν
1509 1979 1602 2033 κρο

1830 1983 1908 2022 ’811
1957 1965 2099 2022 facto
2149 1968 2324 2037 ipsum
2374 1967 2429 2022 in
2473 1983 2690 2024 crucem
2719 1968 3096 2024 sustulerunt?
3124 1967 3315 2025 Nonne

118 2052 360 2123 σινόμενος,
402 2052 505 2106 καὶ
545 2054 663 2116 τοῖς
701 2051 972 2116 Ἰουδαίοις
1001 2053 1068 2106 τὰ
1099 2052 1330 2124 μέγιστα
1353 2070 1603 2126 τερατουε

1828 2073 1858 2113 e
1886 2066 1988 2120 est,
2011 2059 2104 2128 qui
2135 2059 2387 2129 gentibus
2419 2059 2742 2128 sapientiam
2773 2060 2941 2123 dedit,
2975 2061 3068 2131 qui
3097 2061 3311 2133 regibus

118 2141 238 2211 γήσας
261 2143 349 2196 καὶ
376 2141 642 2214 βοώμενα
668 2141 951 2213 Θαύματα;

1825 2151 2032 2220 perium
2068 2148 2277 2211 tribuit,
2304 2149 2396 2217 qui
2422 2149 2760 2218 principibus
2789 2149 3132 2206 dominatum
3175 2166 3310 2207 con-

1741 2242 1915 2297 ﬁrmat
1939 2242 1962 2294 ?
1990 2239 2083 2310 qui
2107 2240 2344 2308 denique
2369 2239 2573 2295 Judaeis
2597 2257 2810 2298 summa
2841 2251 2895 2299 et
2930 2244 3310 2315 prociamatis-

1740 2333 1879 2389 sima
1902 2333 1992 2386 illa
2025 2338 2282 2402 operatus
2309 2338 2395 2386 est
2421 2330 2722 2388 miracula?

1195 2444 1261 2500 Et
1291 2447 1347 2502 in
1377 2462 1580 2501 versum
1609 2456 1902 2518 sequentem
1924 2443 2153 2498 scribens
2172 2458 2192 2497 :

167 2536 498 2607 ‘Adarda'toc.
519 2540 638 2610 (53)
654 2537 912 2593 Ἐνταῦθα
925 2539 1098 2593 λείπει
1111 2540 1192 2600 τὸ.
1209 2540 1472 2610 λέγοντες,
1491 2544 1576 2597 ἵνα

1825 2542 2158 2597 Athanasius.
2199 2539 2362 2596 Deest
2408 2537 2497 2593 hic
2549 2538 2703 2606 illud,
2729 2538 2989 2604 dicentes,
3015 2546 3076 2594 ut
3117 2537 3204 2594 hic
3238 2539 3310 2596 sit

120 2626 324 2694 ήδιάνοια
352 2629 491 2702 αὕτη
512 2648 526 2662 ο
565 2629 970 2699 Συνήχθησαν
991 2632 1140 2686 κατὰ
1159 2632 1264 2687 τοῦ
1294 2632 1515 2702 Κυρίου
1537 2651 1605 2688 κα

1824 2647 1955 2697 ISUS,
1984 2631 2298 2702 Cougregati
2341 2639 2464 2684 sunt
2504 2641 2688 2684 contra
2728 2629 3012 2684 Dominum
3041 2639 3090 2684 et
3122 2641 3309 2687 contra

120 2719 224 2772 κατὰ
257 2721 354 2775 τοῦ
388 2721 657 2791 Χριστοῦ
686 2721 891 2786 αὐτοῦ,
923 2721 1204 2790 λέγοντεςο
1252 2726 1605 2795 Διακόψωμεε

1823 2726 2010 2778 ristum
2052 2723 2188 2793 ejus,
2228 2722 2511 2778 dicentes:
2553 2721 2924 2791 Dirumpumus
2968 2721 3176 2776 vincula
3220 2737 3308 2778 eo-

120 2810 219 2875 τοὺς
246 2811 494 2883 δεσμοὺς
539 2811 762 2867 αὐτῶν.
791 2813 994 2879 Τίνων;
1040 2814 1134 2868 τοῦ
1179 2816 1390 2888 Πατρδς
1419 2818 1512 2869 καὶ
1539 2834 1605 2871 το

1824 2831 1874 2867 η.
1911 2811 2191 2879 Quorum?
2232 2809 2409 2867 Patris
2452 2811 2712 2865 nimirum
2752 2820 2806 2866 et
2844 2809 2966 2864 Filii
3004 2827 3018 2864 :
3054 2811 3309 2867 nolebant

121 2898 234 2954 Tibi“
261 2904 314 2957 οὗ
341 2906 447 2978 γὰρ
469 2905 669 2977 ἡθελον
715 2905 844 2959 εἴσω
873 2905 971 2976 τῆς
1003 2907 1152 2978 ἱερᾶς
1186 2906 1433 2976 γενέσθαι
1465 2910 1600 2980 σαγή

1817 2904 1881 2958 im
1932 2905 2073 2958 intra
2109 2917 2318 2957 sacram
2351 2901 2565 2956 Domini
2599 2917 2852 2973 sagenam
2884 2916 3004 2957 esse
3033 2921 3048 2957 :
3079 2903 3302 2971 abjicia-

121 3008 211 3061 νης·
241 2997 673 3068 Ἁπορρίψωμεν
705 2996 773 3050 δὲ
802 2996 910 3050 τὸν·
935 2995 1129 3067 ζυγὸν,
1161 3000 1404 3054 τουτέστι
1430 3000 1521 3056 τὸν
1545 3001 1605 3054 εὑ

1821 3013 1854 3049 zs
1903 3007 2029 3049 vero
2077 2993 2237 3047 etiam
2270 2992 2459 3062 jugum
2485 2991 2739 3061 ipsorum,
2772 2990 2874 3045 hoc
2916 2999 3019 3056 est,
3051 2989 3220 3060 legem
3250 2996 3306 3044 et

120 3087 343 3153 ιγγελικδν
373 3089 536 3161 νόμον
565 3089 660 3142 καὶ
681 3087 776 3159 τὴν
804 3087 1041 3159 ἐντολὴν,
1067 3090 1193 3161 περὶ
1215 3084 1274 3145 οὗ
1302 3091 1605 3164 γέγραπται

1818 3094 2000 3155 ecepta
2049 3082 2346 3153 Evangelii,
2393 3081 2458 3137 do
2507 3096 2616 3154 quo
2657 3080 2919 3150 scriptum
2949 3086 3072 3135 est:
3104 3077 3303 3148 Iugum

131 3176 165 3227 '0
186 3177 326 3248 ζυγός
349 3197 462 3250 μου
489 3181 759 3250 χρηστός
781 3179 931 3233 ἐστι.
968 3179 1136 3234 Τοῦτο
1170 3181 1224 3234 δὲ
1257 3181 1418 3246 αὐτὸς
1445 3182 1616 3236 ὀνειδί-

1821 3193 1907 3230 um
1943 3191 2099 3229 suave
2121 3175 2254 3231 est“.
2285 3172 2398 3228 Hoc
2425 3189 2555 3228 vero
2589 3173 2750 3228 etiam
2782 3171 3010 3243 ipsemet
3043 3170 3305 3229 Dominus

121 3263 194 3326 ζων
208 3270 363 3336 αὐτοῖς
385 3273 472 3327 διὰ
491 3272 765 3344 Ἰερεμίου
795 3271 976 3340 ἔλεγεν
996 3290 1009 3304 ο
1043 3269 1234 3340 Εἷπας
1250 3291 1264 3306 ·
1291 3276 1372 3329 Οὐ
1392 3274 1606 3330 δουλεύ

1818 3270 1873 3324 iis
1924 3267 2215 3338 exprobrat
2250 3282 2344 3336 per
2374 3265 2686 3328 Jeremiam,
2731 3264 2858 3319 dum
2907 3263 2984 3318 ait
3013 3282 3028 3319 :
3064 3263 3303 3318 Dixisti:

125 3369 184 3408 σω
207 3373 312 3414 σοι·
339 3364 638 3425 τουτέστιν,
663 3360 848 3424 Οῦτως
869 3362 1217 3427 ὲπολιτεύσω,
1244 3363 1383 3417 ὥστε
1409 3364 1610 3418 ἀποσεί-

1815 3375 1859 3412 m
1881 3359 2102 3413 serviam
2132 3358 2279 3422 tibi’,
2297 3356 2450 3426 quasi
2471 3357 2633 3418 dicat,
2653 3351 2744 3408 Sic
2775 3361 2826 3408 te
2844 3352 3079 3425 gessisti,
3104 3361 3161 3407 ut
3185 3367 3300 3407 ser-

125 3451 264 3506 σατθαι
297 3455 387 3526 τὴν
427 3457 572 3528 ἐμὴν
599 3455 934 3510 δουλείαν.Ἦ
967 3455 1144 3509 τοίνυν
1167 3456 1335 3510 ταῦτα
1367 3459 1431 3511 ὲκ
1465 3474 1610 3528 προσ·

1813 3461 1956 3506 utem
1992 3465 2167 3505 meam
2202 3454 2504 3505 exc‘uteres.
2550 3448 2658 3501 Aut
2687 3445 2854 3516 igitur
2894 3445 3006 3500 hac
3037 3453 3297 3514 tanquam

125 3535 228 3594 ώπου
249 3544 342 3599 τῶν
369 3548 642 3604 Ἰουδαίων
685 3548 895 3620 εἴρηται
924 3547 1255 3602 ἀθετοῦντων
1285 3549 1384 3621 τὴν
1429 3551 1507 3613 είς
1537 3549 1610 3603 τὸι

1825 3540 2134 3595 Iudaeorum
2165 3554 2396 3609 persona
2423 3537 2701 3600 dicuntur,
2727 3535 2835 3604 qui
2855 3534 3080 3588 subeSSe
3113 3532 3301 3605 Domi-

125 3628 270 3700 Κύριον
293 3637 587 3713 ὑποταγὴν,
610 3641 704 3695 καὶ
724 3638 846 3692 οὔτε
873 3640 1019 3711 αὐτῷ
1048 3639 1171 3694 οὔτε
1198 3640 1276 3712 τῷ
1292 3642 1465 3714 Πατρὶ
1499 3644 1610 3696 ὑπο

1833 3639 2107 3693 recusant,
2137 3637 2190 3684 et
2232 3644 2330 3684 nec
2376 3629 2500 3699 ipsi,
2530 3642 2706 3696 neque
2745 3625 2892 3680 Patri
2937 3626 3055 3695 ejus
3099 3624 3297 3696 subjici

126 3717 288 3793 ζεῦχθαι
308 3729 560 3787 Θελὸντων
579 3750 595 3764 ·
641 3732 674 3804 ἢ
709 3733 802 3786 καὶ
833 3735 945 3796 τοῖς
975 3731 1289 3786 πιστεύσασι
1313 3732 1374 3786 τὸ
1404 3733 1611 3804 Πνεῦμα

1813 3727 1918 3779 lunt
1949 3742 1962 3779 :
1997 3731 2091 3778 aut
2131 3729 2277 3778 certe
2327 3721 2562 3791 Spiritus
2611 3717 2896 3774 credentes
2939 3717 3194 3771 admonet
3242 3725 3298 3771 et

127 3823 344 3891 παρεγγυᾷ
369 3825 459 3877 καὶ
482 3823 666 3893 λέγει·
690 3825 779 3896 Μὴ
809 3823 1160 3895 ὁμοιωθῶμεν
1180 3827 1292 3888 τοῖς
1316 3823 1612 3877 έπιὸουλεύ·

1808 3816 1864 3871 :it
1888 3833 1902 3871 :
1928 3813 2006 3870 Ne
2034 3813 2399 3869 assimilemur
2426 3812 2495 3868 iis
2518 3810 2612 3883 qui
2637 3810 2852 3868 Christo
2879 3808 3118 3865 insidiati
3143 3817 3293 3876 sunt,

128 3917 213 3958 om
235 3910 299 3980 τῷ
326 3914 563 3988 Χριστῷ,
596 3916 731 3987 μηδὲ
776 3915 1117 3987 συνδεθῶμεν
1147 3917 1329 3979 αὐτοῖς
1360 3915 1499 3970 κατὰ
1530 3915 1613 3989 sip

1812 3923 1905 3978 que
1949 3915 2338 3962 connectamur
2388 3904 2522 3974 ipsis
2553 3901 2944 3959 consentiendo
2976 3919 2990 3955 :
3022 3900 3153 3969 quin
3199 3915 3297 3970 po-

125 3995 311 4061 ὁμδνιίδιιιν
328 4020 341 4034 ·
366 4005 494 4062 ἀλλὰ
531 4007 625 4061 καὶ
648 4008 738 4061 τὸν
768 4006 936 4080 βαρὺν
959 4006 1053 4060 τοῦ
1085 4005 1313 4060 παλαιοῦ
1346 4008 1508 4078 νόμου
1535 4005 1610 4072 ζυ-

1811 4016 1838 4055 s
1864 4014 2025 4072 grave
2052 3997 2183 4053 illud
2217 3997 2415 4053 veteris
2444 3995 2578 4066 legis
2610 4009 2749 4051 onus
2783 3992 3130 4064 abjiciamus,
3157 3992 3294 4046 nihil

125 4084 188 4148 γδν
215 4091 654 4170 ἀποτιναξώμεθα,
688 4098 850 4170 μηδὲν
897 4097 1188 4169 ἡγούμενοι
1229 4097 1296 4151 τὰ
1329 4099 1386 4153 ἐν
1413 4097 1605 4161 τύποις

1807 4092 2058 4147 timantes
2087 4099 2244 4162 typos
2279 4090 2424 4156 illos,
2451 4088 2557 4144 nisi
2597 4087 2954 4158 spiritualiter
2983 4084 3291 4155 intelligan-

127 4173 158 4222 εί
177 4177 231 4250 μὴ
255 4186 432 4241 νοοίντο
459 4187 864 4259 πνευματικῶς·
883 4188 1193 4252 Ἀσυντελὲς
1220 4189 1327 4261 γὰρ
1349 4189 1482 4260 πρὸς
1505 4189 1612 4262 ὄντι·

1807 4201 1834 4238 ·.
1865 4181 2070 4238 Umbra
2104 4197 2342 4253 namque
2368 4197 2456 4237 res
2480 4180 2729 4252 quaedam
2752 4187 2837 4234 est
2866 4175 3180 4247 imperfecta
3210 4185 3292 4230 at-

126 4270 232 4339 σινή
261 4275 392 4344 σκιὰ,
422 4282 470 4335 εἰ
508 4279 584 4352 μὴ
616 4280 679 4334 τὸ
710 4279 942 4352 Χριστοῦ
979 4281 1269 4350 μυστήριον
1293 4278 1588 4351 ζωγραφεῖ-

1727 4285 1833 4345 Que
1866 4273 2094 4337 inutilis,
2123 4273 2169 4329 si
2194 4272 2397 4328 Christi
2425 4272 2744 4343 mysterium
2773 4285 2878 4326 non
2907 4268 3181 4324 describit.

792 4392 863 4447 Et
901 4392 957 4446 in
983 4392 1077 4446 illa
1105 4391 1254 4446 verba
1276 4408 1295 4446 :
1323 4409 1341 4441 ι
1374 4391 1517 4446 Tunc
1545 4391 1786 4462 loquetur
1818 4388 1890 4443 ad
1916 4405 2003 4443 eos
2039 4390 2094 4442 in
2121 4389 2204 4441 ira
2229 4403 2347 4452 sua,
2379 4405 2397 4437 ι
2426 4401 2473 4439 υ.
2501 4385 2552 4440 5.

179 4498 496 4566 Ἀθαγασίου.
517 4513 626 4584 (si)
640 4513 792 4566 Τότε.
815 4511 971 4576 Πότε,
993 4511 1025 4582 ἢ
1049 4493 1135 4565 δτέ
1153 4510 1334 4579 ἔλεγον
1351 4527 1365 4543 ο
1385 4509 1625 4580 Mappa-
1657 4514 1664 4568 1

1802 4508 2096 4564 Athanasii.
2127 4505 2298 4561 Tunc.
2330 4503 2577 4571 Quando,
2601 4501 2704 4558 nisi
2732 4517 2855 4558 cum
2881 4501 3122 4558 dicerent
3146 4519 3160 4557 :
3189 4501 3287 4557 Di-

126 4580 265 4654 ξωμεν
289 4599 415 4666 τοὺς
438 4580 700 4672 δεσμοὺς
722 4599 951 4664 αὐτῶν;
985 4580 1117 4655 Τίνα
1141 4599 1199 4652 δέ
1231 4601 1375 4664 ἐστιν
1395 4602 1452 4652 ἐν
1475 4600 1611 4671 ὀργῇ

1802 4617 2020 4670 npamus
2055 4597 2262 4652 vincula
2293 4595 2568 4666 ipsorum?
2611 4592 2781 4648 Porro
2834 4608 2954 4664 qua:
2999 4602 3127 4648 sunt
3171 4592 3287 4658 illa,

127 4681 216 4765 τξιαῐῗ
243 4687 380 4743 αὐτοῦ
403 4693 730 4765 λαληθέντα;
768 4692 911 4747 Οὐαὶ
943 4692 1100 4762 ὑμῖν,
1125 4694 1175 4744 Γ
1167 4691 1491 4761 ραμματεῖς
1513 4692 1612 4746 καὶ

1801 4709 1839 4748 ae
1880 4691 2061 4746 in-ira
2097 4690 2164 4744 ab
2213 4689 2333 4758 ipso
2382 4686 2526 4740 dicta
2557 4684 2721 4739 sunt?
2753 4683 2876 4738 Haec
2906 4683 3154 4740 scilicet:
3198 4681 3286 4737 γα

127 4763 378 4843 Φαρισαῖοι,
415 4763 870 4852 ὅτιμάρθήσεται
913 4782 1013 4851 ἀφ’
1041 4778 1208 4851 ὑμῶν
1252 4779 1290 4846 ἡ
1327 4781 1612 4844 ,βασιλεία

1797 4785 1877 4850 vis,
1912 4781 2113 4838 Scribat
2150 4789 2200 4833 et
2235 4777 2518 4842 Pharisaei,
2565 4777 2688 4848 quia
2724 4777 2937 4831 tolletur
2958 4793 2992 4830 α
3014 4774 3154 4829 vobis
3198 4791 3282 4829 re-

124 4854 199 4945 τρὗ
222 4862 360 4922 Θεοῦ.
399 4871 504 4928 Kal
533 4873 659 4940 τοῖς
681 4873 964 4943 νομικοῖς,
991 4872 1224 4928 οὐαί.Ἦ
1247 4871 1328 4938 τὸ,
1356 4871 1508 4933 Τότε,
1532 4872 1609 4935 είς

1799 4891 1874 4928 tm
1901 4873 1996 4927 Dei
2015 4871 2078 4926 ³⁸.
2113 4869 2182 4924 Et
2207 4868 2346 4924 vobis
2372 4867 2708 4939 legisperitis,
2730 4883 2808 4921 una
2829 4867 2892 4919 ¹¹.
2923 4863 3020 4919 Vel
3043 4871 3188 4919 certe
3219 4863 3284 4916 il-

126 4942 189 5038 ἦν
218 4959 374 5028 καιρὸν
411 4965 507 5036 τῆς
547 4965 778 5038 κρίσεως
805 4965 1153 5038 ἀναφέρεται,
1189 4963 1334 5019 ὅταν
1360 4964 1611 5033 ὄψονται

1794 4967 1827 5031 l,
1861 4973 2008 5027 tunc,
2039 4960 2273 5017 refertur
2310 4960 2376 5015 ad
2411 4970 2623 5029 tempus
2651 4957 2863 5027 judicii,
2898 4954 3115 5026 quando
3135 4953 3279 5008 uide-

219 5040 282 5142 b':
311 5035 712 5127 ἐξεκέῗτηάανο
743 5057 876 5112 Τότε
907 5035 1016 5130 γὰρ
1042 5057 1263 5130 ταράξει
1293 5056 1490 5120 αὐτοὺς
1519 5055 1610 5109 λέ-

1794 5065 1840 5141 ut
1867 5054 1923 5108 in
1950 5069 2101 5125 quem
2130 5050 2506 5120 lransﬁxerttnt
2534 5048 2598 5100 ".
2635 5046 2788 5102 Tunc
2814 5045 2958 5101 enim
2988 5041 3279 5099 conturba-

256 5140 552 5211 Πορεύεσθε
596 5150 698 5204 ἀπ’
729 5150 874 5220 ἐμοῦ
905 5153 958 5205 al
995 5129 1408 5220 κατήραμένοι.
1427 5150 1610 5203 Ἐπει-

1796 5129 1940 5212 Ϊοοε,
1968 5145 2156 5200 dicens
2188 5160 2202 5196 :
2239 5141 2504 5196 Discedite
2547 5155 2580 5192 a
2624 5155 2724 5201 me,
2769 5135 3036 5190 maledicti
3055 5132 3114 5186 ³³.
3145 5129 3281 5185 Divi.

130 5216 309 5315 idem"
335 5234 386 5289 δὲ
416 5239 560 5306 θείας
589 5216 777 5314 ὀργῆς.
803 5243 894 5296 καὶ
918 5243 1007 5297 ὅτε
1039 5244 1072 5315 ἡ
1121 5216 1401 5314 ’ξ’ωμαῖκὴ
1427 5241 1611 5304 αὐτοῖς

1792 5253 1840 5291 m
1873 5245 2052 5292 autem
2081 5235 2218 5288 iram
2244 5231 2416 5287 Judaei
2436 5228 2644 5300 experti
2672 5238 2818 5291 sunt,
2849 5240 2972 5280 cum
3002 5225 3277 5278 Romanus

132 5304 330 5379 ιπιστᾶσα
367 5304 583 5406 στρατιὰ
764 5304 825 5389 τε
867 5335 1022 5389 πόλιν
1059 5304 1355 5408 ένέπρῆσε,
1388 5304 1485 5388 οιαὶ
1515 5331 1607 5386 τὸν

1817 5342 1941 5398 psos
1970 5326 2183 5381 irruens
2205 5321 2476 5379 exercitus
2502 5320 2691 5374 urbem
2722 5315 2982 5382 incendit,
3013 5315 3300 5386 templum,

179 5448 262 5523 (⁵⁵)
291 5457 397 5520 “ac
423 5468 683 5524 habentur
708 5469 979 5538 superius,
999 5465 1094 5524 sed
1119 5465 1388 5523 breviora.
1779 5459 1889 5534 (54)
1930 5457 2056 5514 Haec
2080 5457 2207 5513 item
2232 5455 2507 5526 superius,
2537 5450 2631 5508 sed
2655 5451 2934 5522 pauciora.

129 5559 195 5653 μ’
221 5561 347 5667 lin"-
374 5594 420 5643 ν,
447 5581 532 5636 25.
608 5582 630 5615 ⁸
666 5583 861 5639 Matth.
895 5599 972 5651 xt,
1008 5581 1098 5638 30.
1174 5579 1196 5612 ’
1233 5576 1436 5634 Jerem.
1464 5571 1614 5644 ",20

133 5647 193 5705 ιη·
267 5640 284 5671 ⁸
315 5642 480 5706 Matth.
513 5668 638 5708 xxv.
675 5653 761 5708 41.
1390 5691 1397 5698 .

1803 5570 1994 5628 Matth.
2033 5585 2147 5635 ιιι,
2179 5567 2270 5624 45.
2348 5566 2389 5598 ¹¹
2431 5564 2565 5622 Luc.
2601 5568 2678 5633 xt,
2706 5561 2794 5619 46.
2871 5563 2916 5596 ⁸³
2954 5561 3109 5619 Joan.
3154 5577 3276 5627 ns.

272 5670 276 5671 '
315 5670 480 5706 nattn.
513 5670 638 5720 xxv,
675 5670 761 5708 et.
1390 5691 1397 5698 .
