3760 6270
420 254 519 312 εδι

1272 251 1332 308 S.
1373 245 1738 304 ATHANASII
1775 243 1924 302 OPP.
1959 244 2142 300 PARS
2176 244 2261 299 Ill.
2305 275 2372 284 -
2413 243 2826 298 EXEGETICA.

3583 251 3736 303 572

421 371 712 440 expilavit,
760 379 813 424 et
856 369 1087 439 denique
1141 369 1432 422 maximam
1490 368 1732 439 ipsorum
1781 374 1986 436 partem
2018 373 2117 429 Αν

2127 365 2216 418 αὸν
2269 363 2555 434 ἐπόρθησε,
2601 365 2694 418 καὶ
2742 367 2865 427 τοὺς
2917 363 3164 427 πλείονας
3213 363 3392 420 αὐτῶν
3449 365 3735 436 θανάτῳ

423 474 599 520 morte
631 463 845 517 delevit.

2096 455 2472 530 παρέπεμψεν.

1506 553 1651 607 Idem
1679 556 1734 608 in
1765 554 2162 623 inscriptionem
2195 551 2388 620 psalmi
2420 552 2584 606 tertii.

407 669 410 674 '
494 651 770 706 Athanasii
809 661 855 704 et
887 650 1096 721 Cyrilli.
1138 651 1300 706 Tcrtii
1350 653 1541 722 psalmi
1587 654 1867 723 inscriptio
1903 668 1989 707 re-

426 745 591 798 mittit
643 760 743 798 nos
789 743 852 796 ad
903 743 1206 808 historiam,
1257 761 1378 813 qua:
1421 754 1599 799 exstat
1647 745 1700 799 in
1744 744 1985 800 secundo

428 837 566 890 libro
601 834 929 904 Regnorum.
965 833 1236 889 llabuerat
1259 835 1424 890 David
1453 853 1518 913 ex
1548 837 1777 891 diversis
1814 835 1992 890 uxori-

426 927 526 982 bus
571 928 877 996 complures
913 929 1070 983 filios.
1108 929 1252 981 Inter
1279 929 1376 982 hos
1403 928 1616 982 Amnon
1647 936 1764 982 erat
1791 928 1995 997 primo-

427 1021 670 1092 genitus;
703 1037 765 1074 ex
802 1023 906 1075 alia
946 1038 1072 1075 vero
1119 1023 1347 1092 conjuge
1377 1021 1611 1091 suscepti
1654 1021 1988 1084 Abessalom,

427 1123 482 1169 et
502 1113 736 1166 Thamar
772 1114 899 1178 filia,
928 1125 1155 1185 uterque
1177 1115 1351 1169 forma
1375 1116 1608 1186 egregia.
1641 1115 1814 1185 Hujus
1845 1131 1994 1169 amo-

427 1222 488 1261 re
511 1215 794 1276 correptus
841 1208 1075 1274 Amnon,
1107 1224 1170 1263 ac
1226 1210 1477 1263 morbum
1528 1210 1814 1271 simulans,
1867 1224 1990 1262 cum

427 1314 459 1354 a
491 1298 688 1354 Davide
715 1302 1044 1363 visitaretur,
1074 1300 1228 1370 petiit
1255 1300 1324 1353 ab
1355 1299 1497 1368 ipso,
1534 1311 1592 1353 ιιι
1618 1313 1856 1352 sororem
1889 1296 1990 1349 sibi

427 1393 747 1445 curatricem
777 1392 966 1446 adesse
988 1392 1218 1460 juberet.
1251 1391 1426 1458 Atque
1456 1389 1528 1445 ita
1559 1405 1677 1444 eam
1709 1388 1948 1456 corrupit
1974 1406 1989 1441 :

430 1492 552 1552 post
581 1485 741 1538 etiam
775 1485 901 1537 odio
932 1485 1155 1549 habens,
1197 1484 1358 1537 domo
1380 1482 1559 1552 ejecit.
1583 1484 1704 1552 lpsa
1734 1496 1863 1535 vero
1894 1481 1996 1535 fra-

431 1575 498 1629 tri
529 1575 842 1630 Abessaloni
874 1575 939 1630 de
970 1575 1166 1643 injuria
1195 1575 1564 1645 conqueritur.
1603 1573 1706 1640 Qui
1745 1573 1871 1628 licet
1900 1589 1992 1628 ve-

2179 649 2546 712 Ἇθανασίου,
2570 645 2895 714 Κῳίλλου.
2915 645 3006 699 Sic
3028 645 3218 716 absque
3237 643 3427 713 copula
3457 654 3600 696 utru
3613 658 3725 694 m-

2096 760 2192 814 que
2230 759 2412 797 nomen
2454 741 2770 810 conjungens
2813 755 2832 792 :
2868 740 3001 808 forte
3049 754 3113 793 ea:
3143 750 3359 808 utroque
3395 738 3720 806 sequentia

2096 838 2325 905 conﬂata
2368 852 2477 889 esse
2519 835 2735 887 innuere
2772 833 3045 887 volensXH
3088 831 3180 884 τοῦ
3232 830 3413 900 τρίτου
3444 827 3713 898 ψαλμοῦ

2095 932 2371 1002 ἐπιγραφὴ
2414 929 2550 1001 πρὸς
2592 929 2689 1000 τὴν
2739 929 2796 982 ὲν
2839 930 2904 998 τῇ
2939 926 3166 997 δευτέρᾳ
3213 925 3320 977 τῶν
3365 923 3713 976 Βασιλειῶν

2095 1024 2334 1095 ἱστορίαν
2376 1024 2521 1093 ἡμᾶς
2569 1020 2946 1091 παραπέμπει.
2979 1018 3069 1088 Τῷ
3098 1016 3258 1070 Δαυῖδ
3287 1020 3348 1069 ὲκ
3391 1015 3712 1086 διαφόρων

2093 1116 2365 1185 γυναικῶν
2396 1116 2580 1178 παῖδες
2612 1115 2856 1182 ἐγένοντο
2880 1112 3138 1174 πλείονες.
3159 1112 3244 1164 Ἐν
3272 1110 3484 1172 τούτοις
3519 1107 3632 1161 καί
3674 1110 3711 1160 6

2105 1208 2315 1280 Ἀμνὼν
2342 1205 2409 1280 ἦν
2437 1209 2773 1280 πρωτότοκος
2792 1224 2804 1236 ·
2835 1206 2891 1272 ἐξ
2941 1207 3130 1276 ἐτέρας
3153 1204 3208 1257 δὲ
3238 1205 3266 1255 6
3308 1200 3708 1269 Ἀϐεσσαλὼμ

2097 1300 2193 1353 καὶ
2220 1302 2254 1370 ἡ
2289 1300 2504 1371 Θάμαρ,
2537 1299 2701 1369 ἄμφω
2727 1297 2823 1368 τὴν
2847 1297 2966 1366 ὄψιν
2995 1295 3165 1349 καλοί.
3190 1292 3402 1359 Ταύτης
3451 1291 3700 1361 ἠράσθη

2097 1393 2125 1445 6
2167 1390 2380 1462 Ἀμνών
2400 1408 2413 1421 ο
2443 1393 2536 1443 καὶ
2561 1393 2735 1443 νοσεῖν
2763 1388 3214 1459 ὑποκρινάμενος,
3241 1383 3424 1452 ἐπειδὴ
3452 1383 3482 1434 6
3506 1382 3702 1434 Δαυῒδ

2098 1485 2259 1538 αὑτὸν
2283 1483 2640 1553 ἐπεσκέψατο,
2673 1485 2922 1553 παρεῖναι
2947 1480 3098 1550 ἠξίου
3127 1479 3223 1548 τὴν
3247 1477 3480 1545 ἀδελφὴν
3505 1473 3700 1527 αὐτὸν

2100 1575 2559 1646 θεραπεύσουσαν.
2579 1573 2688 1626 Καὶ
2713 1571 3047 1642 διαφθείρας,
3079 1565 3196 1622 εἶτα
3228 1568 3480 1638 μισήσας,
3511 1564 3698 1626 εὐθὺς

429 1665 710 1721 hementer
751 1676 890 1722 esset
934 1675 1263 1732 commotus,
1297 1667 1430 1720 iram
1457 1675 1633 1720 tamen
1661 1664 1993 1719 dissimulat.
2029 1695 2070 1748 Β
2102 1667 2117 1718 ἐ

2133 1665 2503 1736 ξέπεμψεν.Ἦ
2529 1664 2584 1717 δὲ
2633 1662 2710 1733 τῷ
2758 1661 2967 1732 ἀδελφῷ
3007 1657 3354 1727 Ἀϐεσσαλὼμ
3376 1655 3474 1726 τὴν
3510 1654 3691 1724 ὓϐριν

428 1758 498 1811 At
529 1759 803 1828 aliquanto
828 1767 950 1827 post
989 1767 1228 1827 tempore
1251 1758 1551 1810 Amnonem
1576 1757 1640 1810 ad
1668 1769 1879 1810 caenam
1912 1771 2000 1809 vo-

433 1859 612 1902 mtum
664 1849 944 1912 interimit,
995 1861 1352 1917 metuensque
1401 1850 1568 1918 patris
1611 1849 1768 1913 iram,
1822 1848 1995 1918 fugit:

433 1940 759 2008 demumque
806 1947 928 2007 post
979 1948 1088 1993 tres
1127 1954 1302 1992 annos
1329 1939 1636 2001 revertitur,
1671 1939 1748 1990 ira
1787 1937 2000 1992 Davidis

427 2030 541 2100 jam
577 2032 825 2085 remissa.
860 2029 978 2084 Non
1016 2030 1162 2084 illico
1197 2038 1377 2083 tamen
1428 2030 1480 2082 in
1516 2037 1868 2097 conspectum
1900 2027 2002 2082 Pa-

435 2123 535 2176 tris
569 2121 862 2186 admissus,
899 2121 991 2175 sed
1021 2121 1238 2175 demum
1287 2129 1411 2190 post
1456 2121 1593 2177 duos
1623 2136 1817 2176 annos.
1849 2120 2002 2175 Tunc

432 2227 561 2266 vero
589 2212 817 2267 insidias
842 2211 986 2266 Patri
1024 2221 1236 2274 struere
1271 2213 1457 2282 ccepit,
1489 2229 1788 2283 currusque
1820 2214 1921 2267 sibi
1949 2221 2003 2267 et

432 2304 644 2373 equites
677 2306 1029 2374 comparavit,
1062 2305 1274 2373 sibique
1301 2305 1612 2359 conciliavit
1638 2321 1755 2369 eos,
1790 2305 1884 2375 qui
1917 2320 2002 2359 re-

433 2411 552 2464 gem
582 2396 770 2464 judicii
797 2413 962 2452 causa
992 2395 1230 2461 adibant,
1273 2398 1374 2451 sub
1407 2400 1583 2466 specie
1618 2399 2003 2454 benevolentiae

431 2494 486 2538 et
518 2486 815 2540 clementia:
839 2487 1132 2554 subjiciens
1157 2487 1258 2540 sibi
1277 2486 1456 2542 Patris
1486 2489 1755 2554 subditos,
1779 2505 2005 2559 cogens-

433 2589 542 2645 que—
572 2575 836 2644 ingentem
874 2575 1274 2644 transfugarum
1303 2578 1728 2638 multitudinem.
1765 2589 1822 2632 ut
1858 2579 2003 2633 Patri

436 2660 662 2715 insidias
695 2663 951 2716 tenderet.
1002 2661 1072 2714 Ad
1107 2672 1435 2731 extremum,
1469 2665 1685 2730 defecit,
1719 2682 1886 2736 seque
1920 2685 2005 2722 re-

436 2769 554 2824 gem
599 2755 948 2824 nuncupavit.
978 2755 1291 2826 Assumpsit
1335 2772 1464 2810 vero
1497 2773 1622 2812 cum
1664 2760 1850 2814 multis
1883 2761 2004 2816 aliis

433 2845 597 2898 ctiam
627 2845 1056 2914 Achituplteletn,
1091 2849 1183 2916 qui
1219 2847 1400 2901 Davidi
1429 2859 1544 2902 erat
1582 2864 1613 2902 a
1640 2851 1903 2916 consiliis,
1927 2853 2007 2906 vi-

435 2952 558 2990 rum
585 2935 795 2991 vafrum
826 2947 879 2992 et
904 2939 1251 2993 industrium.
1279 2938 1400 3004 Quo
1434 2939 1642 3005 audito,
1669 2941 1804 3010 fugit
1835 2941 2004 2998 David

2099 1755 2417 1827 ἀπήγγειλε.
2446 1756 2706 1816 Κάκεῖνος
2740 1753 3036 1820 ἀγανακτεῖ
3078 1751 3192 1820 μὲν,
3221 1748 3450 1820 κρύπτει
3485 1745 3548 1798 δὲ
3576 1745 3693 1814 τὴν

2098 1848 2288 1918 ὀργήν.
2326 1845 2481 1900 Μετά
2512 1863 2632 1898 τινα
2663 1845 2719 1898 δὲ
2763 1843 2948 1915 καιρὸν
2978 1843 3066 1895 τὸν
3107 1841 3316 1913 ’Λμνὼν
3345 1843 3422 1904 εἰς
3455 1840 3692 1892 δεῖπνον

2101 1939 2228 1992 καλέ
2241 1955 2352 2001 τας,
2381 1938 2685 2000 ἀπέκτεινε,
2716 1937 2811 1989 καὶ
2840 1935 3093 2004 φοϐηθεὶς
3124 1933 3220 2005 τὴν
3246 1933 3413 2004 ὀργὴν
3437 1932 3534 1985 τοῦ
3567 1948 3691 1984 πα-

2099 2027 2245 2098 τρὸς,
2269 2027 2516 2096 ἀπέφυγε
2533 2043 2546 2056 ·
2585 2025 2721 2096 μετὰ
2747 2025 2802 2078 δὲ
2827 2024 2950 2095 τρία
2973 2024 3064 2092 ἐτη
3087 2023 3350 2086 ἐπάνεισι,
3373 2022 3466 2075 τοῦ
3495 2021 3689 2093 θυμοῦ

2101 2119 2437 2182 κοπάσαντος
2482 2116 2560 2187 τῷ
2605 2117 2784 2170 Δαυῖδ.
2824 2119 2898 2170 Ού
2936 2116 3038 2187 μὴν
3070 2118 3162 2170 καὶ
3203 2115 3377 2184 ὅψεως
3425 2114 3690 2179 ἀξιοῦται

2100 2211 2199 2281 τῆς
2228 2209 2502 2282 πατρικῆς
2539 2210 2754 2271 αὐτίκα,
2781 2208 2915 2262 ἀλλά
2941 2208 3076 2278 μετὰ
3099 2207 3192 2261 δύο
3221 2207 3514 2268 ἐνιαυτούς.
3533 2208 3691 2278 Ἤρ-

2103 2301 2228 2368 ξατο
2271 2301 2327 2355 δὲ
2377 2301 2744 2354 ἐπιϐουλεύειν
2775 2301 2850 2371 τῷ
2885 2301 3074 2372 πατρὶ,
3114 2301 3208 2354 καὶ
3235 2300 3456 2372 ἅρματα
3491 2300 3690 2370 ἑαυτῷ

2102 2392 2195 2446 καὶ
2230 2393 2414 2455 ἱππεῖς
2444 2391 2682 2462 εποίησε,
2719 2392 2809 2444 καὶ
2846 2391 3146 2444 ἰδιοποιεῖτο
3185 2392 3309 2453 τοὺς
3342 2392 3686 2463 ἐρχομένους

2103 2481 2358 2553 κριθῆναι
2392 2482 2524 2554 πρὸς
2557 2482 2645 2536 τὸν
2683 2482 2924 2553 βασιλέα,
2953 2483 3187 2553 σχήματι
3233 2484 3530 2547 ἐπιεικείας
3570 2485 3685 2538 ὑπ-

2104 2573 2368 2643 αγόμενος
2399 2573 2524 2636 τοὺς
2549 2574 2839 2643 ὑπηκόους,
2861 2574 2954 2627 καὶ
2983 2573 3183 2638 πλῆθος
3208 2573 3525 2627 ἀποστατῶν
3549 2591 3654 2627 συν
3671 2605 3684 2612 -

2103 2659 2389 2730 αθροίζων,
2424 2661 2503 2723 είς
2534 2661 2820 2732 ἐπιϐουλὴν
2853 2662 2944 2715 τοῦ
2995 2663 3216 2734 πατρός.
3249 2664 3358 2718 Καὶ
3383 2663 3535 2726 τέλος
3570 2665 3685 2718 ἀπ-

2105 2749 2256 2821 έστη,
2295 2751 2387 2804 καὶ
2421 2751 2644 2821 βασιλέα
2686 2753 2874 2806 ἑαυτὸν
2907 2754 3255 2826 ἀνηγόρευσε.
3304 2755 3684 2827 Προπλάὸετο

2105 2840 2162 2893 δὲ
2195 2844 2290 2896 σὺν
2323 2841 2500 2906 ἄλλοις
2544 2844 2754 2908 πολλοῖς
2795 2847 2886 2898 καὶ
2915 2845 3005 2898 τὸν
3043 2846 3338 2915 Ἀχιτόφελ,
3373 2848 3430 2900 ὃν
3457 2849 3484 2901 6
3509 2850 3684 2904 Δαυῒδ

2109 2927 2221 3003 εἶχε
2252 2933 2572 3004 σύμϐουλον,
2604 2935 2772 3006 ἄνδρα
2806 2936 2976 2990 δεινὸν
3014 2938 3108 2991 καὶ
3138 2939 3478 3010 δραστήριον.
3512 2941 3625 2993 Καὶ
3647 2943 3681 2993 6

435 3042 561 3080 cum
593 3027 681 3090 iis,
704 3027 796 3096 qui
820 3028 963 3082 circa
987 3028 1163 3096 ipsum
1187 3038 1365 3094 erant,
1398 3031 1560 3084 nudis
1583 3031 1829 3100 pedibus.
1853 3031 2005 3088 Tunc
2033 3032 2075 3090 C
2107 3049 2117 3076 Α

2127 3024 2268 3078 ὶαυῒδ
2292 3025 2546 3088 ἀκούσας,
2577 3027 2762 3095 φεύγει
2810 3028 2944 3098 μετά
2972 3029 3078 3081 τῶν
3108 3032 3234 3100 περὶ
3256 3031 3416 3084 αὑτὸν
3444 3035 3679 3101 γυμνοῖς

435 3120 598 3172 etiam
650 3117 826 3172 Semei
876 3120 1053 3188 ipsum
1098 3130 1415 3176 exsecratus
1458 3133 1560 3176 est.
1596 3122 1855 3179 Precatus
1879 3142 2007 3181 vero

438 3208 631 3274 David,
669 3219 727 3262 ut
769 3207 911 3263 Deus
956 3210 1242 3264 consiliqu
1273 3212 1648 3282 Achitophelis
1675 3216 1802 3269 velit
1833 3215 2009 3272 facere

439 3298 679 3365 irritum,
708 3300 976 3354 submittit
1007 3301 1168 3354 etiam
1203 3300 1394 3367 Chusi,
1433 3304 1666 3358 amicum
1701 3321 1883 3371 suum,
1915 3307 2009 3375 qui

439 3391 720 3445 sententiae
763 3391 906 3446 illius
940 3393 1298 3456 contradicat,
1334 3409 1397 3449 ac
1427 3410 1521 3464 per
1570 3398 1882 3454 sacerdotes
1911 3397 2010 3452 Sa-

439 3483 636 3537 docqu
668 3491 722 3537 et
752 3483 1099 3538 Abiatharem
1143 3487 1245 3540 sibi
1273 3488 1456 3542 omnia
1491 3487 1755 3559 signiticet
1782 3491 2011 3545 Abessa-

441 3577 583 3632 lonis
628 3576 875 3631 consilia.
901 3576 1068 3632 Chusi
1094 3592 1241 3644 vero,
1273 3579 1365 3633 ubi
1415 3579 1484 3634 ad
1536 3582 1858 3649 parricidam
1887 3598 2011 3652 per-

442 3669 608 3735 venit,
639 3668 708 3722 ab
756 3667 874 3738 ipso
924 3680 1181 3739 tanquam
1214 3670 1386 3724 fidelis
1422 3678 1477 3725 et
1512 3671 1805 3728 benevolus
1837 3675 2012 3730 credi-

443 3769 554 3823 tus,
585 3774 690 3814 una
725 3777 847 3816 cum
876 3759 1229 3832 Achitophele
1254 3764 1306 3817 in
1340 3764 1577 3818 medium
1614 3767 2012 3836 consulereju-

446 3852 622 3914 betur,
655 3866 764 3919 quo
796 3858 953 3920 pacto
1006 3853 1208 3907 bellum
1253 3854 1366 3923 geri
1400 3865 1666 3922 oporteat.
1701 3854 1766 3909 Et
1793 3857 2013 3912 Achito~

445 3939 569 4007 phel
601 3940 817 4009 quidem
848 3953 1037 3996 auctor
1063 3953 1166 4007 est,
1191 3953 1251 3998 ut
1282 3944 1618 4012 Abessalom,
1648 3948 1799 4016 prius
1833 3957 2011 4003 tamen

445 4047 570 4086 cum
608 4031 778 4101 patris
808 4033 1092 4103 pellicibus
1120 4049 1468 4106 congressus,
1494 4052 1619 4092 eum
1659 4055 1688 4091 a
1723 4049 1873 4108 tergo
1897 4055 2014 4108 per-

446 4134 727 4195 sequatur,
754 4133 916 4194 atque
947 4125 1270 4194 imparatqu
1315 4128 1678 4197 aggrediatur.
1705 4129 1871 4185 Chusi
1913 4147 2013 4184 au-

447 4226 578 4281 tem,
611 4219 681 4274 de
709 4219 990 4289 pellicibus
1021 4220 1238 4289 quidem
1273 4221 1406 4274 nihil
1433 4223 1644 4277 consilii
1673 4223 1794 4289 dat;
1819 4234 1874 4278 at
1903 4234 1963 4278 ut
1986 4240 2017 4280 e

449 4311 676 4381 vestigio
723 4311 776 4366 in
819 4321 1022 4381 patrem
1058 4313 1316 4381 impetum
1344 4313 1526 4377 faciat,
1566 4314 1671 4369 hoc
1695 4315 2013 4369 Abessaloni

2107 3120 2218 3180 τοῖς
2247 3118 2434 3170 ποσίν·
2470 3119 2556 3170 ὅτε
2587 3121 2678 3172 καὶ
2709 3120 2895 3190 Σεμεεὶ
2925 3121 3071 3191 αύτῷ
3096 3123 3388 3192 κατηρᾶτο.
3424 3123 3677 3194 Εύχὸμε-

2108 3225 2197 3271 νος
2232 3209 2289 3262 δὲ
2325 3210 2423 3278 τὴν
2467 3208 2560 3262 τοῦ
2603 3211 2879 3282 Ἀχιτὸφελ
2922 3213 3368 3284 διασκεδασθῆναι
3415 3215 3608 3286 βουλὴν
3648 3220 3682 3272 6

2108 3300 2288 3365 Δαυῒδ,
2320 3302 2524 3371 πέμπει
2550 3304 2643 3355 καὶ
2669 3303 2760 3356 τὸν
2794 3305 2986 3357 ἑαυτοῦ
3011 3306 3160 3375 φίλον
3180 3308 3348 3360 Χουσὶ
3371 3311 3432 3377 τῇ
3461 3309 3680 3363 ἐκείνου

2109 3393 2302 3464 γνώμῃ
2334 3393 2764 3464 ἀντιταξόμενον,
2790 3398 2882 3448 καὶ
2905 3397 2992 3450 διὰ
3015 3396 3123 3451 τῶν
3151 3399 3341 3470 ἱερέων
3368 3399 3552 3454 Σαδώκ
3573 3403 3678 3454 καὶ

2123 3483 2381 3556 Ἀϐιάθαρ
2423 3485 2728 3556 δηλώσοντα
2774 3486 2918 3556 αύτῷ
2955 3489 3062 3540 πᾶν
3111 3489 3138 3542 ὃ
3163 3489 3229 3543 ἂν
3256 3489 3610 3563 βουλεύσηται
3647 3496 3680 3549 6

2124 3575 2487 3647 Ἀϐεσσαλώμ.
2507 3577 2563 3630 '0
2582 3577 2638 3629 δὲ
2656 3580 2844 3638 Χουσὶ,
2863 3581 3048 3651 ἐπειδὴ
3075 3581 3209 3651 πρὸς
3229 3581 3318 3635 τὸν
3349 3583 3682 3654 πατραλοίαν

2110 3667 2294 3722 τοῦτον
2323 3668 2565 3736 ἀφίκετο,
2587 3670 2890 3734 πιστευθεὶς
2919 3671 2994 3734 ὡς
3020 3672 3204 3736 εὔνους
3229 3674 3397 3744 αύτῷ,
3427 3676 3582 3738 αὑτός
3612 3695 3677 3734 τε

2112 3759 2205 3812 καὶ
2244 3759 2522 3828 Ἀχιτόφελ
2555 3759 2946 3832 προτρέπονται
2979 3761 3007 3813 ὃ
3040 3779 3092 3814 τι
3132 3763 3246 3817 δέον
3291 3767 3416 3835 περὶ
3439 3766 3678 3838 πολέμου

2113 3853 2303 3904 εἰπεῖν.
2337 3853 2444 3904 Καὶ
2483 3853 2511 3904 6
2550 3852 2832 3922 Ἀχιτόςρελ
2860 3855 3243 3926 προτρέπεται,
3269 3860 3390 3921 ταῖς
3433 3857 3522 3912 τοῦ
3565 3879 3681 3916 παρ

2112 3942 2237 4012 τρὸς
2269 3942 2454 3994 τοῦτον
2487 3944 2710 4012 μιγέντα
2755 3944 3071 4009 παλλακαῖς,
3101 3945 3274 4000 ὀπίσω
3307 3947 3535 4015 διώκειν,
3574 3955 3680 4006 καὶ

2113 4032 2429 4104 ἀσυντάκτῳ
2478 4034 2891 4104 προσϐαλεῖν.⁹0
2937 4036 2994 4090 δὲ
3042 4037 3210 4090 Χουσὶ
3256 4039 3382 4110 περὶ
3426 4040 3520 4109 μὲν
3560 4042 3680 4099 τῶν

2116 4122 2402 4176 παλλακῶν
2447 4122 2596 4176 οὐδὲν
2629 4125 2968 4196 ἀπεφήνατο·
3001 4127 3234 4199 ὲξορμᾷν
3265 4127 3322 4180 δὲ
3355 4128 3506 4193 εὐθὺς
3532 4134 3681 4189 κατὰ

2114 4215 2205 4270 τοῦ
2238 4216 2440 4288 πατρὸς
2475 4217 2536 4270 ού
2583 4218 2873 4291 συνεχώρει
2935 4219 3010 4291 τῷ
3049 4220 3421 4292 Ἀϐεσσαλώμ·
3449 4223 3530 4276 ἵνα
3571 4227 3680 4297 μὴ,

2116 4311 2172 4364 ὲν
2211 4309 2380 4382 ὄρεσι,
2409 4311 2590 4380 φησὶν,
2619 4311 2868 4382 ἐμπεσὼν
2889 4312 2982 4365 καὶ
3002 4312 3332 4384 δυσφορίαις,
3353 4313 3410 4366 τό
3433 4331 3487 4366 τε
3513 4331 3680 4387 στρα-

448 4401 744 4457 dissuadet.
777 4399 873 4467 Ne,
909 4403 1104 4473 inquit,
1137 4404 1190 4457 in
1221 4405 1496 4459 montibus
1548 4405 1601 4458 in
1652 4389 1828 4475 ips‘um
1880 4405 2016 4460 inei-
2046 4387 2088 4440 θ
2115 4423 2117 4432 ί

2127 4400 2335 4454 τόπεδον
2371 4399 2706 4474 διαφθείρῃς,
2737 4400 2830 4454 καὶ
2876 4401 3033 4464 αὐτὸς
3059 4404 3178 4466 ταῖς
3205 4401 3298 4455 τοῦ
3351 4403 3546 4474 πατρὸς
3575 4404 3679 4477 λη-

450 4493 606 4560 dens,
653 4493 803 4548 clade
851 4504 1088 4565 accepta,
1119 4511 1243 4550 cum
1297 4497 1596 4550 exercitum
1649 4497 1862 4566 perdas,
1901 4507 2014 4551 tum

452 4599 582 4637 vero
613 4585 726 4653 ipse
770 4583 822 4636 in
858 4588 1025 4654 patris
1056 4601 1248 4641 manus
1275 4587 1523 4656 captivus
1564 4587 1866 4656 pervenias.
1891 4584 2020 4639 Par~

456 4675 624 4730 ricida
673 4677 836 4743 igitur
875 4679 1126 4732 dicente:
1157 4677 1346 4732 Melius
1395 4690 1472 4731 est
1511 4678 1792 4732 consilium
1835 4676 2016 4742 Clausi,

453 4783 611 4837 quam
645 4767 1074 4836 Achitophelis”,
1107 4785 1341 4825 maerere
1372 4782 1656 4841 correptus
1701 4771 2020 4841 Achitophel

457 4856 559 4911 sibi
608 4855 710 4926 ipsi
752 4857 944 4926 laqueo
973 4857 1134 4912 vitam
1183 4859 1397 4928 eripuit.
1443 4860 1612 4916 Chusi
1656 4878 1785 4916 vero
1839 4862 2021 4916 omnia

458 4944 644 5000 Davidi
689 4961 784 5017 per
833 4949 1142 5003 sacerdotes
1170 4949 1496 5018 signiﬁcavit
1524 4969 1537 5003 :
1562 4952 1835 5022 jussitque
1869 4953 2023 5007 insu-

458 5052 552 5106 per
599 5038 761 5093 etiam
815 5037 1017 5108 fugere.
1055 5038 1314 5108 Deinceps
1350 5055 1478 5094 vero
1533 5055 1656 5094 cum
1699 5042 2019 5096 Abessalom

461 5129 624 5184 rebus
646 5130 895 5184 omnibus
916 5130 1216 5196 instructis,
1246 5131 1518 5200 corruptis
1547 5131 1709 5185 etiam
1742 5133 1890 5201 prius
1922 5148 2021 5201 pa-

463 5223 562 5274 tris
594 5222 874 5290 pellieibns
902 5223 1060 5292 idque
1079 5223 1312 5292 publice,
1345 5233 1548 5294 patrem
1576 5217 2018 5294 persequeretur,

465 5308 630 5363 David
663 5311 878 5379 quidem
933 5311 1048 5381 ipse
1095 5314 1148 5367 in
1179 5313 1348 5368 aciem
1380 5328 1485 5366 non
1521 5313 1756 5383 prodiit;
1790 5315 2023 5370 ducibus

465 5416 594 5455 vero
625 5403 740 5457 suis
767 5405 974 5459 credito
1016 5405 1255 5460 exercitu
1307 5407 1563 5476 prmeepit
1611 5407 1764 5476 ipsis,
1794 5406 2021 5462 dicens:

467 5487 680 5546 Parcite
727 5492 837 5561 filio
884 5510 994 5548 meo
1037 5495 1423 5550 Abessaloni".
1479 5495 1672 5551 Praalio
1723 5510 1853 5552 vero
1911 5497 2026 5553 aeri

541 5650 583 5682 “
622 5647 664 5703 ll
695 5649 822 5722 Reg.
857 5668 986 5717 ιγιι,
1024 5654 1108 5709 Η.
1185 5657 1227 5689 ¹⁸
1268 5655 1308 5712 ll
1333 5655 1461 5728 Reg.
1491 5672 1643 5729 XVIII,
1670 5657 1724 5712 5.

2118 4490 2306 4561 φθείης
2350 4491 2524 4562 χερσί.
2555 4491 2661 4543 Τοῦ
2690 4490 2746 4544 δὲ
2786 4489 3112 4561 πατραλοίου
3160 4492 3427 4556 εξπόντος·
3469 4493 3674 4565 Ἀγαθὴ

2112 4583 2314 4652 ,βουλὴ
2348 4583 2536 4636 Χουσὶ
2566 4583 2716 4650 ὑπὲρ
2745 4581 2858 4651 τὴν
2877 4583 3121 4652 βουλὴν·
3161 4585 3472 4654 Ἆχιτόςεελ.
3509 4586 3676 4661 λυπη-

2119 4674 2232 4737 θεὶς
2255 4673 2534 4744 Ἀχιτόφελ
2557 4673 2860 4744 ἀπήγξατο.
2877 4673 2933 4726 '0
2951 4673 3008 4727 δὲ
3029 4676 3198 4728 Χουσὶ
3225 4676 3302 4746 τῷ
3321 4676 3476 4729 Δαυῖδ
3500 4678 3672 4733 πάντα

2117 4765 2203 4818 διὰ
2228 4766 2335 4818 τῶν
2368 4766 2554 4836 ἱερέων
2585 4766 2838 4836 ἐδήλωσε,
2873 4766 2968 4821 καὶ
3005 4767 3223 4837 φεύγειν
3253 4767 3334 4820 ἔτι
3375 4768 3666 4827 ἐκέλευσεν.

2132 4858 2282 4910 Ἐπεὶ
2333 4857 2392 4910 δὲ
2441 4857 2996 4929 παρασκευασάμενος
3038 4860 3067 4912 6
3114 4858 3457 4930 Ἀσεσσαλὼμ
3502 4861 3669 4916 ὀπίσω

2120 4950 2212 5004 τοῦ
2247 4951 2449 5024 πατρὸς
2495 4949 2804 5018 κατεδίωξε,
2841 4939 3100 5024 πρότερον
3151 4955 3269 5016 ταῖς
3311 4951 3508 5005 ἐκείνου
3542 4955 3667 5006 παλ-

2121 5044 2310 5110 λακαῖς
2353 5047 2410 5098 ὲν
2451 5043 2699 5116 ὑπαίθρῳ
2739 5047 2937 5115 μιγεὶς,
2970 5048 2998 5099 6
3029 5047 3126 5117 μὲν
3154 5045 3314 5099 Δαυῒδ
3339 5045 3436 5098 ούκ
3460 5045 3667 5116 ἐξῆλθεν

2124 5136 2282 5198 αὐτὸς
2316 5137 2394 5198 εἰς
2432 5136 2875 5207 ἀντιπαράταξιν,
2911 5139 3141 5208 ἡγεμόσι
3186 5138 3242 5192 δὲ
3287 5137 3571 5201 πιστεύσας
3613 5140 3665 5192 τὸ

2127 5227 2456 5299 στράτευμα,
2491 5227 2788 5282 ἐνετείλατο
2815 5229 2994 5294 αὐτοῖς
3022 5231 3194 5298 λέγων
3213 5247 3228 5262 ·
3252 5231 3538 5284 Φεισασϐἐ
3553 5248 3665 5300 μου

2123 5319 2229 5374 τοῦ
2257 5319 2571 5389 παιδαρίου
2599 5319 2986 5390 Ἀϐεσσαλώμ.
3011 5319 3116 5374 Τοῦ
3143 5321 3198 5374 δὲ
3225 5321 3456 5392 πολέμου
3481 5323 3663 5392 συρρα-

2125 5412 2310 5481 γέντος
2349 5413 2407 5466 έν
2440 5411 2520 5482 τῷ
2554 5409 2745 5482 δρυμῷ
2789 5410 3044 5484 Ἐφραὶμ,
3072 5412 3328 5466 πίπτουσι
3374 5411 3466 5482 μὲν
3507 5410 3658 5462 εἴκοσι

2053 5584 2060 5589 θ
2125 5504 2354 5576 χιλιάδες
2383 5501 2593 5572 ἀνδρῶν
2620 5501 2726 5557 ἀπὸ
2748 5503 2841 5556 τοῦ
2870 5503 3276 5586 στρατεύματος
3305 5503 3398 5558 τοῦ
3436 5504 3665 5558 Ἀϐεσσα-
