3760 6270
69 380 182 453 ὤμ’
206 378 365 444 αὐτὸς
399 380 487 443 δὲ,
522 381 599 444 ὡς
626 372 791 451 εἶχεν,
826 372 1027 449 ¹ἔφευγε
1062 378 1298 450 στρέψας
1326 378 1417 433 τὸν
1446 376 1599 449 χαλι-
1628 382 1677 440 Α

70 474 144 527 vis.
166 471 386 526 Βαθεῖαν
435 471 498 526 δὲ
548 472 645 544 τὴν
691 472 867 542 κόμην
893 472 987 525 καὶ
1017 471 1217 543 πολλὴν
1242 472 1477 543 τρέφων,
1509 473 1607 542 ἐμ-

72 567 277 619 τλέκεται
300 565 521 635 ταύτην
546 565 663 637 δρυῒ
680 581 694 594 ’
726 566 816 619 καὶ
837 567 870 635 ή
895 564 994 635 μὲν
1023 563 1246 634 ἡμίονος
1274 564 1337 615 ἐκ
1355 563 1463 616 τῶν
1485 579 1609 615 σκε-

73 663 145 716 iam
180 660 333 717 αὑτοῦ
367 663 766 733 διωλίσθησεν·
801 665 830 717 6
856 662 911 715 δὲ
947 660 1219 733 μετέωρος
1251 662 1343 715 ἐπὶ
1367 660 1460 713 τοῦ
1495 660 1609 714 δέν-

75 757 159 826 ipsa
184 758 475 827 ὲκρεμᾶτο,
507 757 634 821 ἕως,
668 754 791 811 ίδὼν
831 770 913 820 τις
954 755 1136 819 αὑτὸν,
1163 753 1492 823 ἀπαγγέλλει
1531 750 1609 823 τῷ

83 847 212 901 Ὶωὰὁ.
242 842 333 911 Εἷς
374 848 437 900 δὲ
489 848 602 902 τῶν
638 847 733 901 τοῦ
770 846 928 902 Δαυῖδ
954 848 1234 919 ἡγεμόνων
1260 842 1328 917 ἦν
1359 848 1388 900 6
1429 844 1605 900 Ἰωάἦ.

78 936 319 1004 Καὶοῦτος,
352 940 489 1013 τρία
516 940 644 1013 βέλη
667 940 845 995 λαὸὼν
874 941 983 994 ἀπὸ
1011 941 1210 1013 χειρὸς.
1247 942 1328 1003 είς
1354 940 1452 1010 τὴν
1479 956 1612 1010 καρ-

78 1035 157 1085 δίαν
193 1030 277 1085 τοῦ
318 1032 689 1104 ’Δῦεσσαλὼμ
710 1033 958 1103 ὲνέπηξε,
990 1033 1085 1086 καὶ
1117 1032 1323 1116 ἀνεῖλεν
1352 1032 1535 1086 αὐτόν.
1554 1032 1611 1085 Ὀ

80 1124 278 1192 signa,
307 1120 587 1190 ἀκούσας,
635 1126 858 1180 πενθεῖ·
888 1124 981 1180 Υίέ
1022 1142 1164 1195 μου,
1210 1124 1405 1194 λέγων,
1424 1126 1613 1179 Ἀϐεσ-

83 1217 255 1287 caltha,
285 1216 378 1271 υἱέ
410 1235 567 1287 μου.
610 1219 704 1285 Τίς
743 1217 861 1285 δῴη
900 1217 1007 1271 τὸν
1035 1217 1295 1272 θάνατόν
1325 1237 1447 1288 μου
1478 1218 1611 1272 ἀντὶ

85 1308 188 1369 rei;
218 1310 317 1362 Kal
345 1307 498 1361 οὕτω
544 1308 638 1362 τοῦ
665 1311 929 1381 τυράννου
957 1309 1363 1382 διαφθαρέντος,
1399 1310 1558 1365 πάλιν
1583 1312 1613 1365 6

88 1398 196 1450 Διυῗδ
237 1397 329 1469 τὴν
358 1398 653 1468 βασιλείαν
697 1398 1262 1470 ἀναλαμϐάνει.“Αλλά
1307 1398 1464 1454 τοῦτο
1515 1401 1613 1472 μὲν

94 1489 274 1559 ὖπερον.
301 1490 406 1542 Τὸν
455 1489 518 1542 δὲ
569 1488 705 1560 μετὰ
750 1492 935 1561 χεῖρας
979 1491 1191 1562 ψαλμὸν
1222 1491 1506 1559 συνέταξεν
1535 1492 1614 1546 ἔτι

89 1579 369 1649 ίωκὸμενος.
405 1581 507 1634 Διὸ
555 1582 649 1634 καὶ
695 1581 920 1653 θρήνους
968 1582 1080 1654 ἔχει
1126 1584 1610 1658 καὶςὸλοςρυρμούς.

100 1672 428 1743 Ἀναχθήσεται
458 1672 520 1725 δὲ
553 1674 645 1726 καὶ
672 1674 751 1737 είς
779 1673 1011 1745 Χριστὸν
1044 1677 1072 1727 6
1096 1672 1329 1746 ψαλμὸς,
1356 1677 1448 1730 τὸν
1485 1677 1616 1748 ἀλη-

93 1763 186 1815 θινὸν
210 1765 387 1819 Δαυῖδ·
425 1765 600 1819 Δαυῗδ
643 1766 751 1837 γὰρ
799 1766 1157 1839 ἑρμηνεύεται
1204 1768 1615 1837 πεποθημένος

98 1855 157 1908 ml
190 1856 378 1923 ἱκανὸς
410 1857 593 1926 χειρί.
630 1857 726 1921 Τίς
759 1856 805 1910 δ’
831 1856 895 1912 ἂν
920 1857 1003 1930 εἴη
1034 1859 1063 1911 6
1092 1861 1248 1930 φύσει
1276 1862 1369 1915 καὶ
1400 1860 1616 1932 ἀληθῶς

98 1943 406 2015 ξποθημένος
438 1947 473 2017 ἢ
526 1949 555 2000 6
594 1946 847 2017 Χριστὸς,
878 1950 911 2001 ὀ
941 1949 1153 2018 ὡραῖος
1197 1952 1411 2006 κάλλει
1460 1953 1618 2020 παρὰ

98 2036 191 2101 τεὺς
214 2037 369 2105 υἱοὺς
393 2037 521 2092 τῶν
546 2037 913 2107 ἁνθρώπων;
946 2041 1039 2108 Τίς
1068 2043 1125 2097 δὲ
1159 2045 1337 2108 ἱκανὸς
1363 2048 1426 2116 τῇ
1452 2045 1614 2116 χειρὶ,

99 2128 127 2177 εξ
146 2128 247 2197 μὴὸ
274 2132 491 2203 ἰσχυρὸς
534 2131 764 2202 Ἰησοῦς,
796 2135 824 2186 6
864 2134 930 2204 τῇ
980 2133 1205 2207 δυνάμει
1239 2136 1338 2207 τῆς
1371 2136 1619 2208 θεότητος

102 2217 249 2282 tam;
287 2221 416 2284 τοὺς
471 2220 809 2289 ἀλλοφύλους
858 2226 1278 2295 τροπωσάμενος
1314 2227 1615 2297 δαίμοναςς

102 2308 244 2363 Τοῦτον
265 2312 364 2385 γὰρ
391 2313 644 2377 ἐδίωκεν,
673 2312 749 2378 ὡς
777 2312 931 2378 ἄλλος
954 2332 1039 2380 τις
1080 2317 1448 2390 Ἀϐεσσαλὼμ,
1477 2322 1505 2373 ὁ
1529 2320 1616 2372 al-

105 2401 242 2471 ain-3.;
278 2407 368 2458 καὶ
410 2407 561 2460 κατὰ
610 2408 786 2480 σάρκα
827 2407 1063 2482 Ἰσραὴλ,
1098 2410 1147 2463 οί
1187 2411 1445 2466 Ἰουδαῖοι.
1482 2411 1617 2481 Περὶ

103 2482 154 2544 ὧν
174 2493 293 2562 λέγει
313 2497 398 2551 διὰ
422 2499 655 2553 Ἡσαΐου
678 2517 692 2531 ο
730 2502 898 2568 meq
921 2502 1225 2573 ἐγέννησα
1254 2504 1351 2557 καὶ
1380 2503 1614 2571 ὕψωσα·

106 2582 225 2637 αὐτοὶ
259 2585 319 2640 δέ
349 2605 424 2657 με
456 2587 787 2657 ἠθέτησαν.
817 2593 1083 2664 Συνήργει
1114 2594 1170 2647 δὲ
1214 2594 1347 2664 πρὸς
1374 2593 1470 2664 τὴν
1500 2588 1623 2645 δίω-

109 2669 178 2737 ξιν,
203 2673 275 2732 οἷά
292 2698 367 2745 τις
409 2684 696 2754 Ἀχιτόφελ
727 2685 755 2737 6
799 2684 995 2750 Ἰούδας
1018 2703 1030 2716 ·
1068 2686 1127 2740 ὃν
1159 2686 1456 2755 σύμϐουλον
1481 2684 1624 2756 εἶχεν

109 2765 288 2839 ὁνοητὸς
315 2773 473 2827 Δαυῖδ
500 2775 531 2826 6
554 2774 808 2845 Χριστός.
840 2756 973 2847 Περὶ
997 2775 1161 2830 αὐτοῦ
1192 2777 1300 2848 γὰρ
1329 2779 1541 2848 εἴρηται
1568 2777 1624 2830 ἐν

118 2874 187 2911 τινι
210 2861 297 2916 τῶν
316 2864 547 2935 ψαλμῶν
569 2883 583 2894 °
619 2865 704 2920 Σὺ
730 2865 816 2932 δὲ,
851 2866 1121 2936 ἄνθρωπε
1168 2871 1449 2937 ίσόψυχε,
1489 2871 1624 2939 ἡγε-

110 2947 198 3013 μών
220 2970 338 3019 μου,
370 2956 467 3009 καὶ
514 2955 749 3027 γνωστέ
793 2974 931 3024 μου.
952 2957 1110 3010 Ἀλλά
1136 2958 1241 3030 γὰρ
1292 2958 1489 3021 Ἰούδας
1527 2959 1625 3029 μὲν

118 3044 439 3115 παραπλησίως
465 3048 550 3120 τῷ
594 3050 871 3120 Ἀχιτόφελ
897 3049 1144 3104 ἀπελθὼν
1176 3050 1457 3122 ἀπήγξατο
1475 3069 1487 3081 ·
1516 3054 1544 3105 6
1569 3051 1624 3104 δὲ

118 3130 306 3201 Χριστὸς,
331 3140 676 3195 ἀποστέλλων
715 3146 840 3208 τοὺς
886 3144 1156 3215 ἡγεμόνας
1181 3143 1343 3197 αὑτοῦ
1374 3143 1621 3215 μαθητὰς

122 3223 173 3286 εξ
192 3227 262 3280 τὸν
286 3233 412 3286 κατά
435 3234 547 3287 τῶν
578 3234 785 3307 ἐχθρῶν
809 3236 972 3289 αὐτοῦ
1016 3236 1270 3307 πόλεμον,
1300 3236 1621 3301 ἐνετέλλετο,

121 3311 253 3390 im!)
272 3323 298 3374 6
317 3324 489 3389 Δαυῖδ,
519 3327 612 3379 ἴνα
646 3327 933 3396 φείσωνται
961 3328 1054 3382 τοῦ
1084 3328 1458 3399 Ἀὂεσσαλὼμ,
1481 3327 1624 3381 οὕτω

125 3406 184 3456 ml
199 3409 348 3475 αὐτὸς,
367 3415 452 3469 ἴνα
471 3416 604 3479 τοὺς
621 3416 955 3490 Ἰσραηλίτας
975 3420 1050 3491 μὴ
1067 3419 1433 3490 παρόψωνταν
1457 3421 1627 3474 Ἐσε-

122 3500 197 3549 σθε
224 3501 315 3570 γάρ
350 3523 468 3574 μοι,
506 3510 666 3579 φησὶ,
704 3509 960 3577 κήρυκές
991 3528 1054 3565 τε
1099 3512 1197 3565 καὶ
1236 3510 1533 3581 μάρτυρες
1556 3512 1627 3565 ἐν

132 3584 463 3668 Ἰερουσαλὴμ,
488 3599 596 3655 καὶ
642 3601 713 3654 ἐν
743 3601 912 3670 πάσῃ
951 3601 1025 3671 τῇ
1061 3603 1330 3672 Ἰουδαίᾳ,
1372 3604 1469 3657 καὶ
1514 3608 1627 3659 Σα-

124 3681 291 3748 μρείᾳ,
313 3688 402 3740 καὶ
421 3689 536 3757 ἕως
558 3691 821 3760 ἐσχάτου
846 3691 954 3760 τῆς
981 3694 1331 3766 γῆς.Ὦσπερ
1364 3694 1420 3748 δὲ
1456 3695 1548 3748 καὶ
1591 3697 1622 3766 ἠ

130 3766 286 3838 θαμίονος
324 3781 410 3835 καὶ
450 3785 507 3836 αἱ
547 3783 730 3855 τρίχες
778 3785 868 3839 τὸν
908 3784 1259 3857 Ἀϐεσσαλὼμ
1303 3786 1381 3857 τῷ
1410 3787 1625 3858 Θανάτῳ

132 3860 398 3933 παρέδωκαν,
433 3874 581 3928 οὕτω
619 3876 746 3938 τοὺς
785 3874 1065 3938 Ἰουδαίους
1116 3878 1149 3946 ἡ
1200 3877 1391 3946 ἀλογία
1428 3879 1522 3930 καὶ
1564 3878 1625 3931 τὸ

134 3950 232 4040 ιιέγα
250 3966 435 4029 φρονεῖν
467 3966 565 4019 ἐπὶ
600 3967 713 4029 τοῖς
754 3966 859 4033 ἔξω
890 3967 984 4020 καὶ
1016 3972 1345 4037 σωματικοῖς
1371 3969 1467 4040 τῆς
1492 3968 1624 4039 ἀλη-

134 4032 237 4111 θίνῆς
260 4045 384 4121 ζωῆς
404 4056 767 4127 ἀπεστέρησε.⁸
800 4032 894 4109 καὶ
923 4054 1045 4109 οὔτε
1074 4032 1174 4127 τῆς
1200 4058 1306 4127 γῆς
1336 4032 1627 4112 ἀπολαύειν

136 4127 277 4203 εἶπεν,
298 4143 407 4198 οὔτε
433 4149 528 4202 τοῦ
559 4148 810 4221 οὐρανοῦ.

1649 1737 1692 1792 Β

1653 3095 1695 3152 C

1009 254 1437 318 FRAGMENTA
1476 250 1834 316 COMMENT.
1867 255 1935 310 IN
1974 252 2313 312 PSALMOS.

3168 252 3277 312 ΒΜ

1703 374 1999 431 commisso
2044 375 2101 430 in
2156 382 2414 445 quereeto
2462 368 2905 446 Ephraemitico,
2964 371 3169 428 cadunt
3212 374 3279 430 de

1705 467 1946 523 exercitu
1975 467 2328 523 Abessalonis
2354 466 2519 524 vicies
2548 466 2693 521 mille
2728 481 2743 518 ς
2787 466 2906 534 ipse
2938 479 3087 529 vero,
3115 465 3278 529 laxis.

1705 567 1867 629 prout
1897 559 2130 623 valebat,
2154 559 2378 614 habenis
2406 558 2638 629 aufugit.
2678 557 2781 612 Sed
2811 559 2939 628 quia
2964 558 3186 613 densam
3217 573 3284 613 ac

1707 651 1997 721 plurimam
2049 667 2261 707 comam
2311 653 2541 715 aluerat,
2576 668 2640 707 ea
2689 653 2742 706 in
2787 666 2993 720 quercu
3043 650 3279 720 quadam

1709 744 1989 815 implicita,
2014 744 2160 798 mula
2191 744 2382 798 subtus
2429 745 2548 814 ipso
2587 743 2840 807 abeunte,
2875 743 2991 813 ipse
3030 742 3281 797 sublimis

1709 840 1763 894 in
1792 838 1989 893 arbore
2022 836 2291 906 pendebat
2314 854 2331 888 ηε
2361 837 2533 891 donec
2579 835 2720 890 forte
2764 836 3113 905 conspicatus
3157 835 3283 903 qui—

1709 933 1832 987 dam
1864 931 1915 985 i'd
1946 930 2117 985 Joabo
2150 933 2446 985 renuntiat.
2477 929 2609 984 Erat
2640 944 2769 984 vero
2792 928 2880 984 hic
2918 943 3060 984 unus
3083 927 3149 983 de
3175 926 3283 981 Da-

1709 1025 1849 1079 vidis
1898 1024 2147 1078 ducibus.
2186 1021 2236 1076 ls
2267 1038 2395 1092 ergo
2445 1021 2678 1092 sumptis
2731 1022 2907 1077 tribus
2964 1020 3153 1086 hastis,
3186 1035 3284 1074 cor

1710 1115 2057 1171 Abessalonis
2090 1116 2514 1177 transverberat,
2542 1124 2704 1185 atque
2736 1117 2809 1170 ita
2842 1115 3018 1184 ipsum
3044 1129 3075 1167 e
3100 1115 3283 1167 medio

1712 1208 1871 1262 tollit.
1902 1207 2022 1274 Quo
2076 1208 2283 1273 audito,
2327 1209 2653 1262 lamentatur
2698 1207 2865 1261 David
2901 1206 2990 1260 :0
3053 1205 3135 1275 ﬁli
3187 1207 3279 1262 mi.

1713 1301 1885 1364 aiens,
1918 1298 2245 1362 Abessalom,
2270 1315 2300 1352 ο
2323 1300 2403 1369 [ili
2430 1301 2519 1353 mi.
2556 1299 2688 1366 Quis
2727 1300 2929 1354 dederit
2963 1309 3019 1353 ut
3052 1316 3145 1370 ego
3173 1317 3288 1353 mo-

1714 1394 1826 1446 riar
1844 1410 1939 1462 pro
1966 1389 2219 1447 te“?Sic
2241 1392 2425 1462 igitur,
2456 1392 2670 1447 sublato
2698 1400 2947 1463 tyranno,
2976 1392 3136 1446 David
3166 1407 3287 1445 rur-

1716 1499 1836 1538 sum
1863 1486 1913 1537 in
1950 1498 2171 1555 regnum
2200 1483 2524 1539 restituitur.
2552 1483 2656 1537 Sed
2679 1484 2791 1538 haec
2819 1484 3110 1552 posterius.
3128 1474 3287 1548 Quod

1715 1592 1843 1631 vero
1876 1588 2195 1645 prazsentem
2239 1575 2507 1645 psalmum
2544 1577 2757 1643 attinet,
2791 1574 3115 1644 conscripsit
3163 1590 3287 1628 eum

1720 1666 1908 1733 David,
1939 1684 2061 1723 cum
2087 1668 2266 1722 adhuc
2300 1667 2732 1737 persecutionem
2763 1677 3058 1738 pateretur.
3086 1666 3290 1733 Quam-

1718 1760 1903 1813 obrem
1944 1760 2108 1814 etiam
2143 1759 2393 1828 planctus
2431 1766 2675 1814 contmet
2720 1768 2774 1813 et
2819 1758 3071 1828 eiulatus.
3107 1757 3291 1812 Potest

1717 1863 1897 1906 autem
1926 1853 2089 1906 etiam
2135 1852 2201 1905 tle
2240 1850 2461 1906 Christo
2498 1851 2743 1921 intelligi,
2774 1866 2905 1905 vero
2942 1852 3034 1906 illo
3069 1849 3286 1904 Davide.

1718 1944 1884 1999 David
1938 1945 2080 1999 enim
2133 1945 2180 2000 si
2228 1945 2443 2008 reddas,
2494 1945 2798 2016 signiﬁcat,
2843 1944 3198 1999 desideratum
3240 1955 3288 1997 et

1719 2054 1879 2091 manu
1908 2046 2225 2106 promptum.
2254 2034 2387 2103 Quis
2421 2047 2600 2093 autem
2628 2046 2821 2091 natura
2853 2048 2907 2092 et
2937 2052 3061 2092 vere
3083 2036 3292 2091 deside-

1717 2136 1891 2193 ratus,
1938 2128 2042 2181 nisi
2080 2128 2195 2196 ipse
2222 2127 2508 2195 Christus;
2556 2138 2739 2199 utpote
2772 2129 2864 2199 qui
2907 2138 2992 2185 est
3031 2131 3292 2198 speciosus

1720 2219 1891 2289 [arma
1933 2235 2044 2289 pra:
2090 2219 2217 2288 ﬁliis
2266 2220 2634 2275 hominum"?
2677 2222 2785 2276 Aut
2826 2223 2949 2292 quis
2982 2238 3145 2277 manu
3182 2232 3293 2277 tam

1721 2321 2025 2383 promptus,
2057 2327 2220 2382 quam
2252 2321 2335 2366 est
2369 2312 2524 2369 fortis
2556 2311 2737 2381 Jesus,
2770 2314 2860 2385 qui
2912 2315 3151 2384 potentia
3180 2315 3295 2370 dei-

1723 2404 1850 2458 tatis
1876 2420 1987 2458 suae
2016 2404 2082 2458 de
2111 2405 2368 2459 universa
2395 2405 2815 2476 allophylorum,
2852 2423 2948 2463 seu
2986 2408 3295 2464 daemonum

1724 2495 2069 2548 multitudine
2116 2504 2316 2565 tropaea
2351 2496 2561 2549 erexit?
2588 2493 2745 2551 Hunc
2788 2497 2932 2551 enim
2977 2509 3294 2567 persecutus

1722 2597 1826 2651 est,
1858 2594 1917 2640 nt
1955 2587 2229 2642 secundus
2265 2587 2486 2656 quidam
2518 2588 2858 2654 Abessalom,
2884 2590 3158 2644 sensibilis
3182 2589 3293 2653 ille,

1724 2688 1779 2733 et
1810 2679 2120 2754 secundum.
2136 2694 2354 2734 carnem
2388 2679 2586 2744 Israel;
2613 2680 2782 2735 Judaei
2817 2682 3043 2737 scilicet.
3070 2682 3144 2736 De
3167 2682 3295 2752 qui-

1725 2772 1827 2825 bus
1853 2772 2167 2840 pronuntiat
2192 2786 2289 2841 per
2310 2771 2503 2825 Isaiam
2535 2791 2548 2826 :
2580 2770 2750 2825 Filios
2772 2774 2927 2843 genui
2951 2783 2999 2826 et
3028 2773 3295 2828 exaltavi:

1725 2865 1825 2932 ipsi
1858 2881 1975 2919 vero
2008 2875 2307 2933 spreverunt
2356 2882 2436 2919 me
2454 2865 2517 2920 ’⁸.
2552 2866 2773 2935 Adjuvit
2807 2881 2932 2920 vero
2960 2869 3294 2935 persecutio-

1727 2971 1850 3010 nem
1908 2958 2078 3010 instar
2106 2957 2479 3027 Aehitophelis
2529 2960 2834 3030 cujusdam,
2883 2960 3086 3026 ludas;
3131 2979 3294 3032 quem

1727 3047 2081 3101 consiliorum
2131 3063 2355 3103 suorum
2402 3051 2720 3120 participem
2767 3051 3296 3119 babebatChristus,

1726 3137 2080 3208 intelligibilis
2109 3138 2197 3193 ille
2227 3138 2415 3193 David.
2453 3140 2525 3195 De
2553 3141 2646 3195 illo
2676 3142 2820 3195 enim
2852 3143 3051 3197 dicitur
3084 3144 3139 3198 in
3161 3160 3274 3213 quo

1727 3229 1852 3283 dam
1882 3230 2089 3299 psalmo
2122 3249 2135 3285 :
2170 3230 2248 3284 Tu
2276 3248 2414 3299 vero,
2442 3248 2473 3286 ο
2492 3233 2643 3287 homo
2682 3235 2969 3295 unanimis.
2998 3234 3107 3289 dua:
3130 3252 3298 3302 meus,

1727 3334 1776 3378 et
1820 3334 1973 3380 notus
2015 3343 2159 3381 meus
2183 3330 2245 3381 ".
2274 3327 2443 3383 Judas
2482 3330 2644 3383 etiam
2687 3330 3039 3384 consimiliter
3077 3327 3297 3383 Achito—

1729 3416 1873 3486 pheli
1902 3418 2141 3488 seipsum
2166 3418 2361 3489 laqueo
2385 3419 2699 3486 suﬂ‘ocavit;
2728 3420 2977 3474 Christus
2999 3434 3129 3473 vero
3150 3418 3298 3473 emit-

1730 3520 1850 3565 tens
1880 3510 2048 3564 duces
2080 3525 2212 3566 suos
2242 3511 2539 3580 discipulos
2568 3513 2633 3566 ad
2662 3512 2859 3566 bellum
2894 3521 3082 3566 contra
3115 3512 3299 3566 hostes

1731 3614 1863 3655 suos
1885 3600 2203 3670 gerendum,
2239 3602 2494 3670 praecepit
2519 3601 2671 3670 ipsis,
2704 3600 3161 3671 quemadmodum
3193 3601 3298 3653 Da-

1731 3692 1840 3756 vid,
1871 3700 1931 3746 ut
1957 3702 2242 3761 parcerent
2269 3693 2609 3757 Abessaloni,
2637 3693 2719 3750 sic
2746 3703 2800 3749 et
2829 3694 2964 3763 ipse,
2998 3709 3064 3748 ne
3091 3692 3297 3748 lsraeli—

1730 3794 1816 3839 tas
1859 3786 2214 3855 negligerent.
2264 3786 2431 3842 Erilis
2470 3791 2629 3854 enim,
2671 3788 2865 3859 inquit,
2899 3790 2999 3841 mei
3037 3804 3300 3858 praecones

1730 3886 1983 3947 testesque
2010 3879 2061 3930 in
2084 3876 2403 3945 Jerusalem,
2432 3889 2483 3934 et
2512 3883 2566 3933 in
2598 3883 2838 3935 universa
2867 3881 3058 3935 Iudaea
3094 3890 3144 3936 et
3185 3877 3300 3935 Sa-

1730 3970 1923 4035 maria,
1955 3980 2004 4024 et
2033 3986 2193 4041 usque
2225 3972 2294 4025 ad
2323 3972 2567 4027 ultimum
2596 3985 2751 4029 terra:
2766 3975 2831 4028 ²⁰.
2861 3974 2940 4029 Ad
2965 3975 3078 4028 haec
3107 3989 3301 4043 quem-

1731 4058 2021 4113 admodum
2056 4062 2236 4116 rnulus
2264 4074 2316 4116 et
2341 4078 2510 4118 comae
2539 4064 2924 4119 Abessalonem
2957 4064 3075 4119 neci
3130 4065 3301 4119 tradi-

1731 4151 1950 4213 derunt,
1998 4152 2076 4207 sic
2103 4154 2264 4209 etiam
2293 4154 2511 4211 Judaeos
2536 4156 2695 4211 bruta
2713 4159 2950 4225 ipsorum
2969 4154 3300 4223 insipientia,

138 4232 172 4277 et
193 4231 365 4291 animus
393 4239 444 4293 in
472 4240 638 4296 rebus
664 4240 901 4296 externis
925 4250 979 4296 et
1013 4240 1389 4312 corporalibus
1420 4241 1651 4307 deﬁxus,
1694 4241 1859 4312 inque
1897 4244 1966 4299 iis
1992 4261 2207 4312 onmem
2237 4263 2388 4318 spem
2418 4264 2648 4318 ponens,
2698 4236 2830 4303 vera
2862 4248 2972 4301 vita
3002 4248 3248 4316 ,privavit
3283 4266 3298 4301 :

137 4326 174 4370 et
194 4335 434 4399 uectem,
465 4348 646 4404 neque
678 4334 817 4390 coelo
844 4334 1049 4405 perfrui
1078 4336 1344 4406 permisit.

414 4445 610 4501 Deinde
639 4446 973 4518 subsequitur
997 4447 1277 4503 Athanasii
1300 4451 1508 4503 nomine
1535 4457 1900 4519 argumentum
1928 4447 2120 4517 psalmi
2150 4462 2223 4501 vn
2248 4456 2403 4516 prout
2432 4446 2654 4502 habetur
2685 4447 2947 4516 superius.

166 4523 261 4582 item
279 4533 362 4589 illa
378 4539 525 4594 verba
536 4540 731 4609 psalmi
749 4557 821 4605 ιι,
846 4541 968 4594 Ὅτι
986 4540 1375 4612 ὠλιγώθησαν
1399 4541 1621 4609 ἀλήθεια

1780 4557 1839 4607 :.,
1869 4540 2145 4610 praemissa
2163 4540 2308 4610 prius
2332 4539 2691 4609 Chrysostomi
2712 4542 2991 4607 sententia,
3010 4538 3223 4610 subjieit
3247 4556 3267 4593 :
3301 4540 3309 4565 ‘

188 4643 271 4717 (55)
300 4652 440 4708 Κιτά
466 4657 523 4711 δὲ
552 4657 646 4710 τὸν
674 4656 845 4728 μέγαν
874 4656 1186 4712 Ἀθανάσιον
1221 4656 1405 4727 σαφῶς
1428 4660 1456 4710 ὁ
1479 4656 1633 4727 λόγος
1664 4674 1711 4732 υ

146 4728 314 4794 incilia.
339 4743 426 4816 τὴν
458 4748 724 4801 Ἰουδαίων
755 4748 1012 4802 ἀπιστίαν
1044 4748 1274 4819 ἐλέγχει.
1304 4748 1393 4802 Διὸ
1430 4749 1633 4820 Μωσῆς

148 4824 253 4915 ἶβις,
278 4833 446 4900 αὐτοὺς
486 4840 736 4893 ἀπέτεινε
781 4838 1004 4907 φάσκων
1022 4853 1036 4869 ·
1064 4838 1191 4915 ’Υἱοὶ
1227 4837 1528 4910 ἀνθρώπων
1551 4833 1633 4902 οἷς

146 4908 215 4962 νδκ
238 4914 329 4973 εστι
354 4926 521 4995 πίστις
546 4931 605 4983 ὲν
632 4930 834 5013 αιξτοῖς.

1807 4656 1912 4713 Sed
1944 4658 2243 4714 secundum
2295 4672 2550 4728 magnum
2598 4659 2751 4714 illum
2796 4660 3154 4716 Athanasium
3188 4660 3305 4716 evi-

1736 4750 1925 4806 denter
1973 4760 2208 4821 arguunt
2239 4750 2354 4807 haec
2382 4752 2546 4806 verba
2571 4749 2881 4807 Judaeorum
2908 4753 3304 4809 inﬁdelitatem.

1738 4841 1917 4909 Quare
1958 4843 2137 4899 Moses
2190 4843 2259 4898 ad
2307 4858 2404 4900 eos
2450 4844 2708 4914 respexit,
2736 4860 2861 4900 cum
2904 4846 3108 4902 diceret
3136 4866 3151 4899 ;
3183 4842 3305 4898 Filii

1739 4934 2048 5001 hominum,
2075 4935 2130 4989 in
2157 4935 2355 5006 quibus
2383 4936 2530 4991 nulla
2557 4936 2691 4992 tides
2717 4938 2879 4991 est“.

426 5045 486 5101 Et
507 5050 563 5102 in
590 5048 825 5118 ejusdem
853 5049 1046 5119 psalmi
1072 5066 1271 5105 versum
1298 5060 1613 5121 sequentem,
1649 5053 1927 5119 prwmissa
1952 5069 2161 5107 rursum
2196 5052 2559 5125 Chrysostomi
2579 5054 2948 5124 explicatione.

156 5226 172 5241 ἢ
199 5148 442 5243 βιὶοίλλου
487 5162 583 5216 καὶ
624 5163 992 5217 Ἀθανασίου.
1028 5162 1197 5217 Τοῦτο
1233 5165 1325 5219 καὶ
1369 5166 1459 5217 ἐπὶ
1502 5166 1631 5217 Ἰου-

151 5242 264 5287 (ιπῑων
281 5242 472 5314 ἀληθές·
505 5253 794 5317 Ἕκαστος
819 5250 1085 5319 Aldan
1105 5251 1325 5321 μάταια
1353 5252 1502 5320 πρὸς
1528 5252 1632 5305 τὸν

157 5326 371 5469 africa
395 5341 483 5406 τὰς
508 5342 648 5398 κατά
674 5342 768 5396 τοῦ
793 5344 1044 5415 Σωτῆρος
1065 5343 1221 5414 ἡμῶν
1251 5344 1494 5412 συνάγων
1518 5345 1635 5397 ἐπι-

203 5440 222 5465 ὐ
248 5439 294 5469 lt

203 5439 311 5486 νικας,

1808 5163 1998 5236 Cyrilli
2040 5176 2090 5220 et
2127 5166 2430 5222 Athanasii.
2470 5167 2582 5224 Hoc
2610 5168 2772 5224 etiam
2801 5168 2867 5223 de
2892 5167 3093 5223 Judaais
3114 5184 3302 5223 verum

1738 5266 1820 5312 est
1852 5276 1865 5310 :
1896 5256 2258 5329 Unusquisque
2298 5260 2443 5315 enim
2489 5277 2620 5314 vana
2654 5262 2857 5314 locutus
2900 5272 2977 5315 est
3020 5261 3090 5314 ad
3127 5265 3308 5331 promi-

1743 5366 1884 5404 mum
1911 5368 2087 5416 suum,
2114 5352 2385 5408 Salvatori
2412 5364 2600 5409 nostro
2627 5354 2852 5409 insidias
2880 5364 3114 5410 struens.

209 5577 409 5665 "ulieg.
437 5601 644 5663 xm“).
723 5599 924 5659 "Psal.
962 5618 1105 5669 xuv,
1138 5603 1191 5658 4.
1285 5603 1447 5657 "lsa.
1486 5617 1523 5663 ι,
1548 5600 1603 5653 2.

1780 5599 1884 5655 'sal.
1912 5601 2127 5669 ιιν,14.
2206 5602 2250 5633 ’⁸
2272 5602 2391 5657 Act.
2425 5618 2463 5669 ι,
2501 5601 2554 5655 8.
2630 5603 2671 5634 ²¹
2697 5602 2849 5655 Deut.
2887 5617 3056 5667 xxxii,
3098 5602 3153 5674 5,
3182 5602 3240 5665 6.

212 5703 296 5780 (⁵⁵)
322 5714 428 5777 Περ
443 5729 674 5797 apprime
694 5728 1020 5783 conveniunt
1040 5744 1163 5783 cum
1188 5724 1627 5797 interpretatione
1664 5722 1857 5793 psalmi
1885 5740 1961 5789 χι,
1985 5723 2077 5778 ubi
2107 5723 2174 5779 ad
2207 5723 2423 5780 Judaeos
2449 5726 2564 5780 lure
2589 5726 2917 5781 referuntur.

382 5816 629 5885 Ρειτιιοι..
654 5821 771 5884 Gn.
808 5823 1071 5884 XXVII.

2919 5814 2991 5877 18
