3760 6270
446 273 552 331 535

1268 272 1325 327 8.
1365 268 1737 328 ATHANASII
1775 274 1925 331 OPP.
1959 275 2139 330 PARS
2189 274 2278 330 Ill.
2304 302 2374 316 -
2414 269 2833 331 EXEGETICA.

3561 274 3680 337 586

518 402 651 455 Tum
706 400 867 455 etiam
920 399 1229 455 Graecorum
1275 406 1446 467 poeta:
1494 405 1547 451 et
1592 407 1857 463 oratores,
1906 398 1991 467 qui

2171 398 2282 451 Καί
2296 399 2343 451 οἱ
2365 399 2492 469 παρ’
2516 396 2736 467 Ἕλλησι
2757 395 2813 449 δὲ
2833 400 3051 469 ποιηταὶ
3072 399 3168 452 καὶ
3187 396 3530 469 λογογράφοι,
3546 400 3679 455 κατ’

444 508 567 547 eum
599 491 819 546 omnino
852 490 1055 545 nullam
1082 488 1201 560 ejus
1221 488 1297 544 rei
1326 503 1511 543 curam
1547 487 1827 551 baberent,
1856 504 2009 542 vera-

445 599 513 638 ne
542 590 724 638 essent
752 595 871 653 quae
902 582 1162 645 dicerent,
1195 579 1629 648 conscripserunt
1683 578 1902 649 singuli,
1937 579 2011 633 si-

445 691 513 729 ne
540 674 740 745 prasvio
768 674 1037 739 examine,
1061 688 1181 743 qua:
1210 670 1342 739 ipsis
1371 671 1708 732 videbantur,
1743 669 1887 725 hunc
1919 684 2011 723 so-

443 768 557 823 lum
602 766 764 823 ﬁnem
799 767 1083 829 habentes,
1117 773 1176 820 ut
1220 763 1475 818 nimirum
1526 761 1723 831 linguas
1756 774 1869 814 sua:
1900 761 2012 814 ele-

445 864 685 934 gantiam
717 870 1075 918 ostentarent.

2102 491 2289 544 οὐδένα
2337 489 2533 561 τρόπον
2573 488 2665 542 τοῦ
2695 489 2912 560 ἀληθεῖς
2949 484 3088 542 εἶναι
3119 490 3517 559 φροντίσαντες,
3548 508 3679 544 συν-

2102 577 2405 631 τεθείκασιν
2455 577 2827 641 ἀϐασανίστως
2869 578 2929 631 τὸ
2973 580 3154 642 αὐτοῖς
3200 579 3408 645 δοκοῦν,
3468 580 3679 633 σκοπὸν

2105 667 2317 738 ἔχοντες
2348 669 2464 734 ἕνα,
2497 670 2558 723 τὸ
2589 668 2846 734 ἐπίδειξιν
2876 670 3199 743 ποιήσασθαι
3231 669 3490 741 γλώττης.

1590 949 1722 1004 Item
1748 950 1800 1003 in
1825 948 2015 1017 psalm.
2047 965 2148 1003 xm
2171 950 2524 1021 ἐπιγραφήν.

516 1054 811 1109 Athanasii.
848 1048 1159 1106 Secundum
1202 1061 1474 1117 anagogen
1522 1060 1671 1110 vero,
1723 1046 1895 1114 aperit
1943 1045 1998 1100 in

445 1146 547 1201 hoc
578 1148 785 1217 psalmo
818 1153 871 1198 et
898 1142 1130 1211 explicat
1161 1140 1463 1195 clarissime
1499 1137 1782 1192 hominum
1810 1137 2001 1206 impie-

444 1245 607 1291 tatem
635 1244 687 1290 et
713 1234 844 1303 legis
873 1230 1368 1302 praevaricationem
1394 1229 1447 1283 in
1478 1228 1731 1283 omnibus
1757 1227 1872 1282 suis
1905 1241 1999 1281 co-

446 1327 661 1381 natibus
686 1345 699 1380 :
726 1334 783 1379 ut
806 1325 931 1379 hinc
955 1322 1329 1378 necessitatem
1350 1322 1611 1376 adventus
1637 1318 1841 1373 Christi
1866 1334 2001 1387 pra:-

444 1420 603 1474 dicet.
640 1418 814 1486 Atque
838 1415 918 1471 sic
947 1413 1163 1484 quidem
1212 1413 1372 1467 divus
1397 1410 1725 1465 Athanasius
1755 1425 1768 1460 :
1802 1424 2000 1464 secun-

436 1510 571 1565 ‘dum
603 1517 779 1562 autem
810 1521 1061 1576 magnum
1086 1504 1363 1567 Basilium,
1388 1510 1496 1558 etc.

2176 1026 2287 1118 (56)
2324 1049 2687 1103 Ἆθανασίου.
2718 1048 2873 1105 Κατὰ
2901 1049 3080 1122 μέντοι
3109 1046 3413 1119 ἀναγωγὴν,
3441 1046 3673 1122 διαρῤἦτ.

2098 1138 2195 1211 δην
2232 1142 2289 1193 ἐν
2320 1139 2399 1211 τῷ
2432 1143 2653 1211 παρόντι
2684 1141 2883 1213 ψαλμῷ
2909 1142 3189 1213 σαφηνίζει
3215 1141 3323 1195 τῶν
3364 1142 3674 1214 ἀνθρώπων

2099 1230 2196 1300 τὴν
2229 1233 2307 1295 είς
2336 1232 2396 1285 τὸ
2424 1233 2680 1295 παντελὲς
2703 1234 2808 1287 τῶν
2841 1235 3278 1306 ἐπιτηδευμάτων
3302 1234 3549 1288 ἀσέϐειαν
3570 1236 3671 1289 καὶ

2100 1324 2464 1395 παρανομίαν,
2499 1326 2584 1379 ἵνα
2619 1326 2678 1379 τὸ
2720 1326 3011 1395 ἀναγκαῖον
3056 1327 3156 1398 τῆς
3190 1327 3505 1396 ἐπιφανείας
3533 1330 3671 1383 tiva-

2099 1414 2309 1487 κηρύξῃ
2342 1416 2598 1487 Χριστοῦ.
2636 1418 2744 1470 Καὶ
2775 1417 2945 1481 οὕτως
2977 1417 3073 1488 μὲν
3093 1420 3121 1471 6
3144 1417 3283 1481 θεῖος
3314 1414 3665 1485 Ἀθανάσιοςκ

2097 1505 2236 1558 κατὰ
2261 1504 2317 1559 δὲ
2340 1506 2429 1560 τὸν
2461 1507 2632 1577 μέγαν
2658 1506 2953 1571 Βασίλειον,
2983 1517 3087 1562 etc.

964 1617 1235 1673 'Similiter
1261 1619 1315 1671 in
1340 1618 1550 1672 titulum
1572 1618 1761 1687 psalm.
1802 1634 1915 1683 xw,
1948 1617 2226 1687 praemissa
2251 1615 2562 1672 Theodoreti
2589 1620 2866 1682 sententia,
2894 1618 3102 1687 subjicit
3123 1633 3144 1671 :

513 1717 839 1772 Athanasius
869 1725 1049 1770 autem
1080 1723 1134 1770 et
1160 1712 1412 1778 Basilius,
1442 1713 1620 1783 magni
1669 1713 1745 1767 illi
1772 1711 1988 1781 Patres,

2168 1710 2278 1783 (57)
2330 1712 2642 1776 Ἀθανάσιος
2676 1713 2731 1766 δὲ
2758 1714 2849 1767 κα)⁸
2882 1713 3178 1775 Βασίλειος,
3211 1713 3259 1765 oi
3302 1712 3520 1784 μεγάλοι
3547 1713 3670 1766 Ha»

430 1815 613 1872 aiunt,
638 1805 890 1859 Davidem
939 1804 1205 1873 psalmum
1251 1803 1397 1858 hunc
1426 1803 1707 1866 cecinisse,
1743 1810 1802 1856 ut
1837 1803 1998 1858 doce-

443 1905 542 1958 ret,
576 1895 831 1965 quidnam
870 1894 999 1947 illud
1028 1893 1119 1958 sit,
1152 1893 1301 1964 quod
1331 1892 1606 1947 hominem
1638 1901 1900 1962 praeparet
1929 1893 1997 1947 ad

442 1985 651 2039 beatam
696 1983 842 2038 illam
882 1982 1117 2053 quietem
1146 1981 1600 2052 consequendam.
1640 1979 1838 2047 Quare,
1872 1996 1997 2037 cum

442 2074 776 2146 prepositum
828 2079 975 2127 esset
1028 2072 1082 2126 in
1129 2074 1232 2126 hoc
1261 2069 1469 2141 psalmo
1512 2069 1786 2123 hominem
1826 2069 1999 2139 perie-

441 2179 587 2222 ctum
638 2164 962 2230 describere,
1009 2177 1165 2229 eum,
1211 2162 1454 2231 inquam,
1500 2162 1594 2229 qui
1646 2158 1994 2214 beatitudinis

439 2260 708 2330 particeps
755 2256 968 2311 futurus
1004 2266 1105 2321 est,
1135 2254 1322 2309 ordine
1355 2267 1420 2308 ac
1446 2251 1531 2308 via
1556 2252 1790 2323 quadam
1824 2251 1993 2305 utitur

442 2353 494 2405 in
538 2351 603 2404 iis
646 2365 765 2420 quae
812 2349 867 2403 in
919 2348 1036 2419 ipso
1070 2347 1300 2417 spectari
1346 2346 1540 2409 solent,
1571 2343 1887 2416 aproximis
1931 2356 1995 2397 ac

430 2442 631 2513 .primis
654 2440 793 2496 iacto
819 2439 1061 2494 exordio.
1091 2438 1182 2493 Sic
1212 2437 1375 2509 igitur
1397 2436 1605 2508 incipit,
1627 2435 1865 2501 Domine,
1885 2445 1990 2491 etc.

2099 1802 2272 1872 τέρες,
2309 1804 2501 1872 φασίν·
2533 1805 2612 1857 ὃτι
2638 1804 2819 1857 τοῦτον
2843 1803 2955 1875 ᾅδει
2982 1804 3071 1857 τὸν
3094 1803 3302 1874 ψαλμὸν
3341 1806 3369 1858 ὀ
3401 1803 3558 1857 Δαυῖδ
3581 1808 3669 1857 6e-

2095 1892 2328 1957 δασκων,
2357 1893 2409 1946 τί
2450 1893 2515 1947 ἂν
2563 1894 2842 1966 ἄνθρωπον
2888 1895 3291 1966 παρασκευασοι
3344 1895 3440 1965 τῆς
3485 1913 3667 1965 μακα-

2102 1982 2220 2055 ρίας
2253 1983 2465 2054 ἐκείνης
2496 1983 2677 2054 τυχεῖν
2723 1982 2944 2052 λήξεως.
2991 1985 3081 2038 Διὸ
3121 1985 3212 2039 τὸν
3256 1984 3454 2038 τέλειον
3480 1988 3610 2055 ἡμῖν
3635 1982 3668 2038 ἔ

2096 2075 2253 2144 λόγος
2299 2075 2608 2147 ὑπογράψαι
2654 2074 2989 2147 βουλόμενός,
3018 2076 3109 2130 τὸν
3139 2076 3245 2130 τῶν
3280 2077 3667 2148 μακαρισμῶν,

2100 2166 2474 2238 ἐπιτυγχάνειν
2503 2167 2779 2238 μέλλοντα,
2811 2164 2959 2232 τάξει
2993 2169 3099 2221 τιν).
3137 2169 3232 2222 καὶ
3258 2169 3360 2240 ὁδῷ
3391 2171 3497 2222 τῶν
3532 2167 3668 2240 περὶ

2100 2257 2260 2311 αὑτὸν
2302 2257 2686 2330 θεωρουμένων
2736 2259 3092 2330 χρησάμενος,
3118 2260 3227 2314 ἀπὸ
3255 2260 3361 2313 τῶν
3401 2278 3665 2334 προσελε-

2101 2347 2304 2419 στέρων
2351 2348 2443 2401 καὶ
2476 2347 2705 2419 πρώτων
2748 2348 2846 2419 τὴν
2878 2348 3048 2419 ἀρχὴν
3074 2348 3379 2420 πεποίηται.
3396 2351 3664 2421 Ἀρχόμε-

2097 2450 2186 2501 νος
2214 2433 2304 2492 οὖν
2334 2453 2493 2508 (mar
2521 2439 2717 2507 Κύριε,
2742 2446 2844 2493 etc.

987 2554 1212 2609 Rursum
1240 2555 1293 2607 in
1314 2553 1503 2625 psalm.
1532 2568 1601 2607 xv
1626 2552 1720 2606 illa
1757 2552 1927 2615 verba,
1960 2569 1979 2603 ι
2010 2550 2220 2606 Sanctis
2249 2553 2338 2622 qui
2371 2562 2491 2606 sunt
2518 2553 2572 2605 in
2602 2562 2758 2618 terra,
2790 2572 2808 2605 ι
2835 2562 2957 2618 etc.,
2987 2571 3035 2608 υ.
3058 2554 3107 2608 5.

500 2652 847 2706 Athanasius.
892 2649 1118 2705 Sanctos
1151 2664 1270 2705 esse
1316 2649 1391 2703 ait
1441 2647 1548 2715 hic,
1576 2646 1667 2717 qui
1707 2647 1759 2700 in
1790 2645 1993 2715 Spiritu

441 2754 567 2799 sum
605 2743 929 2799 sanctiﬁcati
973 2761 985 2797 :
1020 2741 1224 2796 Christi
1262 2754 1386 2795 vero
1418 2748 1640 2803 terram,
1673 2737 1991 2796 Ecclesiam.

2171 2644 2284 2717 (58)
2317 2645 2675 2712 Ἀθανάσιος.
2706 2647 2915 2717 ’Δγίους
2943 2642 3081 2699 εἷναί
3106 2664 3265 2717 φησιν
3283 2648 3511 2703 ἐνταῦθα
3530 2650 3663 2715 τοὺς

2096 2730 2459 2808 ἧγιασμένους
2501 2740 2557 2791 ἐν
2601 2739 2908 2810 Πνεύματι’
2935 2738 3165 2811 Χριστοῦ
3194 2738 3251 2792 δὲ
3282 2740 3382 2809 γῆν
3402 2741 3497 2810 τὴν
3534 2741 3663 2794 Ἐκ-

441 2831 572 2888 lllud
592 2849 740 2898 vero,
772 2831 1093 2901 Miriﬁcasti,
1125 2844 1244 2899 pro,
1276 2827 1595 2893 Declarasti,
1626 2827 1862 2897 ponitur.
1892 2824 1991 2881 Vo-

2134 2830 2320 2903 λησίαν
2334 2848 2346 2861 °
2366 2831 2425 2884 τὸ
2442 2832 2519 2898 δὲ,
2536 2832 3049 2902 Ἐθαυμάστωσας,
3069 2832 3187 2886 ἀντὶ
3210 2832 3326 2895 τοῦ,
3356 2833 3661 2903 Ἐφανέρω-

442 2928 671 2981 lnntates
720 2939 881 2995 porro
926 2924 1095 2993 ipsius
1123 2922 1296 2976 Patris
1327 2920 1593 2991 intelligit.
1624 2918 1694 2975 Ut
1721 2920 1991 2976 universo-

2134 2939 2214 2986 ας.
2269 2922 2558 2994 Θελήματα
2605 2924 2661 2977 δὲ
2709 2924 2868 2979 αὐτοῦ
2897 2924 2989 2977 τοῦ
3020 2923 3228 2997 Πατρός
3248 2941 3261 2957 ·
3290 2925 3353 2976 ἵν’
3445 2924 3502 2976 τὸ
3535 2924 3661 2979 ὅλον

2134 3012 2500 3032 .,,,..ν,.ν
2653 3015 2665 3032 .
3629 3016 3646 3032 ι

441 3033 561 3072 rum
594 3017 681 3070 hic
706 3017 774 3071 sit
801 3030 993 3070 sensus
1025 3033 1038 3068 :
1065 3012 1135 3068 lis
1157 3014 1251 3083 qui
1279 3012 1333 3066 in
1361 3011 1465 3067 ﬁde
1494 3011 1815 3067 sanetiﬁeati
1842 3023 1990 3081 sunt,

2134 3012 2262 3066 ὒτω·
2288 3013 2409 3077 Τοῖς
2433 3015 2779 3086 ἡγιασμένοις
2805 3018 2861 3068 ἐν
2889 3016 3066 3069 πίστει
3088 3015 3323 3085 γνωστὸν
3351 3016 3567 3086 ἐποίησε
3592 3016 3662 3070 τδ

441 3108 710 3179 rcgnitam
763 3106 991 3159 reddidit
1036 3104 1365 3158 voluntatem
1393 3102 1589 3158 Patris.
1620 3102 1780 3158 Potes
1813 3113 1991 3159 tamen

2134 3104 2302 3176 έλημα
2324 3103 2416 3158 τοῦ
2445 3106 2671 3176 Πατρός.
2701 3106 2930 3177 Νοήσεις
2955 3106 3011 3159 δέ
3030 3106 3119 3160 τὸν
3146 3104 3321 3175 στίχον
3345 3106 3438 3158 καὶ
3456 3104 3653 3168 οὕτως’

441 3199 587 3252 huic
626 3210 841 3251 versum
884 3195 963 3250 sic
1008 3194 1335 3265 intelligere:
1370 3192 1728 3249 Admirabiles
1769 3194 1991 3249 reddidit

2134 3193 2518 3266 Εθαυμάστωσε
2549 3196 2673 3259 τοὺς
2700 3194 2884 3263 ἁγίους
2925 3198 2954 3249 6
3000 3195 3147 3259 Θεός.
3177 3195 3273 3248 Διά
3303 3194 3383 3258 τί;
3420 3194 3562 3248 Διότι
3584 3197 3661 3250 τὰ

441 3288 584 3343 Deus
628 3296 844 3342 sanctos
890 3301 1037 3341 suos.
1080 3283 1300 3351 Quare?
1341 3283 1478 3351 Quia
1528 3284 1831 3340 voluntates
1878 3284 1991 3355 ejus

2134 3285 2219 3357 ελή
2229 3303 2370 3357 ματα
2414 3286 2577 3341 αὑτοῦ
2606 3287 2780 3342 πάντα
2808 3287 2866 3341 ἐν
2891 3286 3069 3350 αὐτοῖς
3096 3282 3256 3358 ἦσαν,
3282 3286 3375 3339 καὶ
3406 3287 3531 3357 παρ’
3562 3288 3662 3340 αὑ-

441 3393 630 3435 omnes
662 3379 716 3433 in
750 3379 879 3448 ipsis
905 3386 1078 3443 erant,
1112 3385 1166 3431 et
1189 3376 1257 3431 ab
1290 3376 1423 3447 ipsis
1454 3376 1841 3445 implebantur.

2134 3378 2206 3439 οἷς
2236 3376 2492 3445 ἐγίνοντο.

1505 3494 1691 3549 Adhuc
1727 3493 1796 3548 ad
1825 3493 2391 3565 inscriptionem'psal.
2423 3496 2583 3550 xvi".

2168 3608 2281 3680 (59)
2320 3608 2693 3675 Ἀθανάσιος.
2746 3606 3009 3661 Ἐνταῦθα
3062 3605 3241 3676 μέντοι
3282 3606 3311 3658 6
3351 3601 3659 3668 Δαυΐδκῶς

440 3700 539 3762 nit,
569 3708 629 3753 ut
656 3707 709 3753 et
740 3698 793 3751 in
811 3712 944 3751 xxut
967 3697 1197 3766 psalmo,
1220 3712 1397 3751 rerum
1425 3697 1668 3751 omnium
1686 3697 1988 3767 opificium,

2134 3713 2150 3751 ι
2189 3698 2269 3769 τῷ
2311 3699 2539 3769 εἰκοστῷ
2569 3698 2736 3770 τρίτῳ
2765 3696 2963 3767 ψαλμῷ
2985 3738 2998 3763 ,
3028 3695 3242 3766 ψάλλων
3268 3692 3337 3747 τὰ
3371 3694 3468 3763 τῆς
3493 3694 3660 3762 γενέ-

442 3789 782 3859 reprehendit
807 3805 920 3853 eos,
952 3788 1044 3859 qui
1074 3788 1337 3843 mundum
1367 3804 1398 3843 a
1428 3792 1607 3857 seipso
1644 3797 1699 3843 et
1726 3804 1858 3843 casu
1887 3803 1988 3842 e1-

2134 3806 2248 3854 εως,
2276 3791 2512 3845 αἰτιᾶται
2541 3794 2665 3855 τοὺς
2694 3790 2972 3861 αὐτόματα
2994 3789 3244 3856 λέγοντας
3265 3787 3552 3855 ὑφεστάναι
3575 3789 3657 3841 τὰ

441 3879 644 3932 stitisse
700 3878 905 3940 dicunt,
964 3886 1018 3931 et
1059 3879 1202 3932 nulla
1275 3879 1386 3949 regi
1428 3879 1765 3949 providentia
1810 3896 1825 3933 :
1871 3879 1990 3934 illos

2134 3897 2223 3934 ντα
2252 3880 2345 3935 καὶ
2382 3882 2689 3953 ἀπρονόητα
2716 3875 2875 3945 εἶναι,
2910 3882 3003 3933 καὶ
3031 3880 3153 3941 τοὺς
3180 3875 3533 3948 λατρεύοντας
3575 3878 3656 3947 τῇ

439 3970 624 4034 etiam,
652 3970 743 4037 qui
781 3969 1022 4022 serviunt
1055 3979 1319 4024 creaturae
1363 3985 1473 4039 prae
1524 3970 1798 4024 Creatore.
1850 3969 1989 4036 Quid

2134 3973 2265 4028 τίσει
2297 3972 2448 4045 παρὰ
2473 3972 2562 4026 τὸν
2603 3972 2880 4026 κτίσαντα.
2927 3971 2991 4023 Τί
3024 3965 3116 4025 οὗν
3148 3970 3253 4041 ἄρα
3281 3970 3413 4039 φησὶ
3445 3969 3558 4032 τοῖς
3585 3968 3655 4035 ἐξ

443 4062 604 4131 igitur
632 4062 867 4130 loquitur
897 4060 964 4114 ad
986 4075 1079 4117 eos
1124 4062 1217 4130 qui
1247 4076 1312 4115 ex
1333 4061 1580 4131 gentibus
1607 4062 1783 4116 vocati
1807 4062 1970 4116 sunt?

2134 4061 2271 4115 θνῶν
2297 4061 2689 4133 κεκλημένοιςς
2727 4061 2814 4116 Sic
2847 4063 2920 4116 ibi
2954 4077 3104 4115 sensu
3126 4060 3455 4133 incomplete.

509 3611 849 3668 Athanasius.
882 3608 1328 3679 Quandoquidem
1374 3608 1543 3664 David
1588 3608 1693 3664 hoc
1736 3608 1857 3664 loco
1897 3623 1989 3662 ca-

1090 4170 1226 4227 Item
1256 4174 1309 4227 in
1340 4172 1571 4242 ejusdem
1599 4172 1791 4243 psalmi
1824 4173 1975 4227 verba

2174 4174 2296 4227 Οὐκ
2319 4170 2438 4227 εἰσὶ
2459 4175 2680 4242 λαλιαί,
2702 4184 2825 4240 etc.,
2853 4191 2900 4231 υ.
2922 4173 2976 4227 4.

496 4287 677 4347 Porro
726 4292 784 4347 S.
830 4290 1060 4363 Cyrillus
1112 4299 1167 4346 et
1209 4293 1481 4347 maximus
1526 4291 1614 4347 ille
1662 4291 1991 4347 Athanasius

2163 4289 2275 4369 (ᾃο)
2308 4291 2368 4345 Ὀ
2390 4290 2447 4344 δὲ
2479 4291 2633 4361 ἅγιος
2660 4289 2925 4362 Κύριλλος
2969 4289 3063 4343 καὶ
3092 4292 3121 4345 6
3150 4291 3445 4362 παμμέγας
3482 4290 3655 4346 Ἀθα-

439 4398 535 4455 per
566 4385 785 4439 modum
820 4382 1261 4454 interrogationis
1308 4382 1516 4453 legunt,
1544 4383 1691 4453 quod
1721 4383 1809 4437 hic
1857 4382 1991 4436 dici-

443 4483 564 4527 tur:
596 4471 783 4527 Nonne
812 4484 931 4527 sunt
966 4468 1206 4543 loquelae,
1230 4484 1320 4527 aut
1354 4488 1634 4538 sermones,
1665 4487 1888 4542 quorum
1910 4486 1992 4524 vo-

441 4579 520 4616 ces
551 4579 651 4616 ηυιι
691 4565 971 4618 audientur
993 4566 1018 4618 ?
1055 4565 1210 4634 quasi
1248 4565 1393 4619 dicat
1421 4563 1624 4618 David:
1669 4561 1859 4617 Nonne
1888 4576 1988 4615 au-

442 4654 669 4708 diuntur
690 4655 851 4709 etiam
882 4665 1156 4710 mutarum
1205 4657 1319 4711 sive
1364 4671 1567 4718 rerum,
1621 4654 1734 4709 sive
1762 4667 1989 4723 operum

440 4760 600 4801 voces
641 4748 841 4818 absque
897 4763 1145 4803 sermone
1164 4757 1219 4803 et
1267 4749 1447 4818 lingua
1469 4748 1492 4801 ’ἰ
1512 4746 1681 4807 Sane,
1709 4745 1852 4799 dicat
1889 4744 1988 4798 ali—

431 4839 580 4908 quis.
606 4837 738 4893 Nam
776 4840 1229 4908 quemadmodum
1265 4840 1493 4895 textoris
1545 4838 1836 4893 artiﬁcium
1875 4839 1986 4893 cla-

438 4942 549 4985 mat
606 4932 751 4985 varia
796 4948 859 4986 ac
891 4932 1184 4989 versicolor
1216 4933 1416 4997 vestis;
1451 4946 1515 4986 ac
1550 4930 1724 4995 navis,
1780 4931 1835 4984 iu
1878 4946 1985 5001 qua

438 5024 571 5077 nihil
604 5023 922 5095 reprehendi
962 5034 1158 5096 potest,
1195 5024 1444 5094 Opiﬁcem
1489 5038 1648 5077 suum
1678 5023 1935 5093 praedicat
1967 5041 1982 5089 ;

434 5119 651 5175 Librum
677 5122 907 5192 denique
940 5122 1109 5192 ipsius
1133 5134 1270 5189 Opus
1298 5135 1311 5170 :
1352 5115 1431 5171 sic
1455 5124 1509 5171 et
1534 5125 1804 5182 creatura,
1828 5115 1985 5185 cujus

436 5214 765 5269 mentionem
817 5212 1076 5277 fecimus,
1108 5212 1209 5266 etsi
1243 5223 1496 5264 sermone
1530 5223 1597 5264 ac
1627 5207 1835 5264 ratione
1890 5207 1986 5263 de-

512 5370 621 5437 (56)
663 5370 773 5425 lloe
798 5376 1172 5437 argumentum
1217 5363 1465 5437 superius
1488 5360 1829 5437 praemittitur
1850 5360 1991 5437 psal-

560 5433 615 5522 ιιι
646 5457 683 5503 ι,
715 5442 807 5495 sed
838 5433 1017 5509 priora
1061 5437 1245 5504 verba,
1279 5433 1421 5489 κατὰ
1472 5433 1651 5505 μέντοι
1678 5433 1984 5501 ἀναγωγήν,

437 5511 511 5565 ibi
541 5511 751 5564 desunt.

507 5580 619 5646 (57)
660 5578 789 5633 Vide
820 5577 954 5647 psal.
976 5593 1096 5632 ⁸τιν.

506 5642 619 5716 (58)
661 5648 778 5704 Haec
805 5642 1053 5718 leguntur
1077 5648 1141 5701 ad
1173 5660 1383 5704 versum
1411 5645 1445 5701 3
1481 5642 1616 5716 psal.
1649 5658 1737 5709 xv,
1766 5649 1818 5697 et
1853 5656 1978 5713 pau-

2090 4381 2272 4446 νάσιος
2303 4384 2360 4435 ἐν
2385 4385 2648 4455 ἐρωτήσει
2680 4381 3102 4451 ἀναγινώσκουσι
3133 4384 3211 4449 τὸ,
3243 4384 3362 4439 Οὐκ
3390 4378 3505 4436 elei
3536 4386 3658 4437 λα-

2088 4476 2232 4537 λιαὶ,
2268 4474 2409 4530 οὐδὲ
2435 4478 2623 4545 λόγοι,
2653 4470 2740 4528 ὧν
2785 4476 2917 4544 οὐχὶ
2960 4476 3319 4529 ἀκούσονται
3355 4478 3413 4529 αἱ
3452 4476 3654 4543 φωναὶ

2091 4567 2317 4632 αὐτῶν;
2338 4567 2609 4621 τουτέστιν
2631 4585 2645 4598 υ
2677 4563 2821 4639 τΑρα
2853 4568 2952 4620 οὐκ
2977 4567 3082 4620 εἰσὶ
3129 4568 3223 4620 καὶ
3249 4566 3357 4620 τῶν
3387 4554 3651 4634 ἀφώνων,

2090 4660 2124 4731 ἢ
2181 4661 2550 4733 πραγμάτων,
2593 4659 2626 4731 ἢ
2687 4659 2882 4730 ἔργων,
2912 4660 3085 4730 φωναὶ
3127 4659 3292 4730 χωρὶς
3340 4660 3498 4727 λόγου
3550 4663 3655 4716 καὶ

2091 4750 2371 4821 γλώττηςς
2407 4751 2533 4814 Ναὶ,
2565 4750 2696 4821 φαίη
2724 4750 2787 4803 ἄν
2812 4767 2915 4813 τις.
2954 4753 3160 4823 Ὠσπερ
3188 4751 3296 4823 γὰρ
3322 4750 3412 4803 τοῦ
3468 4752 3653 4821 ὐφάν-

2091 4861 2183 4898 του
2207 4843 2301 4914 τὴν
2334 4843 2526 4913 τέχνην
2575 4844 2608 4913 ἡ
2656 4842 3031 4907 πολυποίκιλος
3072 4842 3233 4913 ἐσθὴς
3283 4841 3504 4912 ἀναὸοᾷ,
3549 4845 3655 4898 καὶ

2090 4934 2180 4988 τὸν
2207 4934 2483 5004 ναυπηγὸν
2516 4936 2548 5004 ἡ
2581 4933 2912 5005 ἀδιαδλήτως
2946 4935 3141 5005 ἔχουσα
3168 4933 3300 4996 ναῦς
3331 4934 3651 5006 ἀνακηρύτ-

2090 5044 2192 5089 τει,
2218 5027 2310 5080 καὶ
2335 5026 2421 5079 τὸν
2456 5025 2676 5098 σιδηρὲα
2699 5025 2759 5078 τὸ
2784 5025 2941 5097 ἔργον
2959 5022 3121 5081 αὑτοῦ
3143 5043 3155 5052 ·
3184 5025 3325 5079 οὕτω
3345 5025 3437 5079 καὶ
3463 5027 3498 5096 ἡ
3525 5026 3650 5079 κτί-

2093 5113 2289 5190 σις,οῆς
2317 5118 2516 5190 ἀρτίως
2535 5118 3084 5190 διεμνημονεύσαμεν,
3107 5117 3317 5189 ἄφωνος
3338 5117 3455 5187 μὲν,
3474 5117 3651 5188 ἤγουν

2085 5211 2307 5281 ἄλογος·
2336 5209 2491 5266 λαλιά
2522 5212 2577 5265 δὲ
2607 5211 2793 5283 ὥσπερ
2821 5211 2988 5282 αὐτῆς
3026 5210 3087 5263 τδ
3137 5210 3321 5279 θαῦμά
3354 5209 3496 5275 ἐστι,
3548 5212 3650 5265 κα).

2083 5365 2194 5420 lum
2231 5372 2434 5420 mutata
2463 5374 2516 5419 et
2546 5365 2789 5420 auctiora
2819 5365 2910 5420 hic
2937 5373 3084 5419 sunt.

2154 5435 2263 5505 (59)
2301 5435 2422 5489 Haec
2472 5452 2579 5490 non
2628 5436 2881 5505 leguntur
2922 5436 2977 5489 in
3026 5433 3503 5504 Expositionibus,
3537 5432 3638 5492 sed

2084 5518 2212 5562 sunt
2240 5506 2531 5559 Athanasio
2545 5506 2728 5573 digna.

2151 5574 2260 5647 (60)
2291 5573 2420 5631 Vide
2444 5575 2572 5630 ibid.
2596 5574 2846 5645 superius
2875 5575 2943 5632 ad
2974 5590 3192 5633 versum
3228 5574 3282 5629 ι.
