3760 6270
124 265 199 321 551
1089 257 1513 316 FRAGMENTA
1549 260 1907 316 COMMENT.
1951 261 2019 316 ΙΝ
2057 250 2400 319 PSALMOS.

3231 260 3334 320 558

122 374 207 435 οἷον
225 378 368 449 φωνὴ
392 379 457 432 τὸ
477 378 677 441 κάλλος
708 377 803 430 καὶ
828 376 1068 441 εὐταξία.
1101 378 1176 430 Τὸ
1197 377 1306 450 γὰρ
1334 379 1581 449 διήγημα
1607 379 1667 432 τὸ

1787 379 2034 446 ςιίῑιιίιιιτ,
2085 381 2308 450 loquelae
2335 392 2515 435 tamen
2546 378 2718 434 instar
2752 379 2867 449 ipsa
2885 386 2989 442 est,
3015 373 3334 432 admiranda

124 474 334 544 οὐράνιον
359 472 465 526 καὶ
499 471 566 524 τὸ
596 472 744 540 ῥῆμα
773 471 831 524 τὸ
875 470 1026 541 παρᾶ
1057 471 1156 540 τῆς
1201 471 1413 541 ἡμέρας
1460 471 1666 542 βοώμε.

127 581 191 615 νον
215 563 354 633 φωνὴ
391 561 498 632 μὲν
534 560 792 632 ἔναρθρος
833 561 933 614 οῦκ
979 561 1155 626 ἐστιν,
1202 561 1324 615 οὒτε
1376 562 1534 616 λαλιὰ
1581 563 1669 616 διὰ

129 655 350 724 στὸματος
371 671 383 683 ·
417 654 739 706 διδασκαλία
757 653 813 705 δὲ
837 653 982 718 Θείας
1011 653 1291 724 δυνάμεως
1324 655 1532 723 γίνεται
1559 658 1669 718 τοῖς

129 748 300 798 {nisui
323 746 720 815 ἐπισταμένοις
748 744 1035 814 σιωπώσης
1057 746 1258 816 φωνῆς.
1287 745 1432 815 Πλὴν
1457 746 1668 814 ἄφωνον

128 836 199 905 τὴν
227 834 393 888 κτίσιν
449 834 626 888 εἰπὼν
664 837 693 888 ὁ
721 834 901 896 Aab-15,
925 835 1234 905 ἀπέφηνεν,
1269 837 1348 888 ὅτι
1391 838 1525 907 μήτε
1565 837 1665 907 ἐμ-

130 942 272 987 τιους,
313 926 450 993 μήτε
499 923 717 993 λογικὴ,
765 923 905 976 κατά
937 924 998 976 τὸ
1030 923 1219 976 δοκοῦν
1249 926 1360 986 τοῖς
1402 923 1666 994 Ἑλλήνων

131 1023 290 1088 σοφοῖς.
313 1019 460 1072 Ζῶον
497 1019 610 1090 γὰρ
637 1015 776 1071 εἶναί
811 1035 972 1087 φασιν
997 1017 1055 1069 ἓν
1085 1017 1174 1070 τὸν
1222 1017 1510 1088 σύμπαντα
1540 1017 1668 1070 τοῦ-

131 1129 194 1165 τον
211 1113 396 1182 κόσμον
417 1129 431 1142 ο
467 1111 587 1175 ζῶα
610 1111 666 1163 δὲ
700 1111 896 1182 ὁμοίως
924 1111 1016 1164 καὶ
1041 1111 1112 1164 τὰ
1146 1112 1305 1182 μέρη,
1335 1112 1394 1176 ἐξ
1424 1105 1498 1164 ὧν
1531 1129 1669 1182 συμ-

135 1204 414 1276 πληροῦται.

1780 474 1952 541 ipsius
1986 474 2322 542 magnitudo,
2353 488 2565 542 voxque
2595 481 2678 527 es:
2733 471 2931 526 eximia
2991 472 3164 540 ipsius
3219 472 3370 548 pul-',

1776 564 2027 618 chritudo
2073 574 2127 618 et
2184 565 2590 619 ordiuatissinia
2659 563 2966 632 dispositio.
3055 561 3337 616 leorum

1777 658 2010 725 namque
2057 657 2317 719 narratio,
2371 658 2661 725 verbaque,
2715 671 2836 725 qua:
2882 657 2998 710 dies
3048 655 3287 726 loquitur
3321 653 3361 717 .’

1778 747 2128 816 quantumvis
2176 764 2280 800 non
2329 757 2575 802 constent
2630 762 2761 802 voce
2819 748 3124 811 articulata,
3161 764 3339 816 neque

1776 838 1909 892 ﬁant
1948 839 2247 892 ministerio
2297 840 2448 904 oris;
2499 838 2693 894 docent
2725 848 2904 893 tamen
2943 840 3183 893 divinam
3242 855 3341 907 po-

1775 931 1998 985 tentiam
2037 947 2151 993 eos,
2187 931 2280 996 qui
2311 946 2493 985 vocem
2527 939 2731 985 mutam
2787 931 2976 986 audire
3026 947 3090 985 ac
3137 932 3337 985 intelli-

1777 1038 1903 1092 gere
1941 1033 2159 1077 norunt.
2197 1021 2520 1092 Quanquam
2547 1024 2710 1078 etiam
2747 1023 2851 1078 hoc
2875 1024 3110 1077 asseruit
3143 1021 3335 1085 David,

1777 1129 1900 1169 cum
1935 1124 2141 1170 mutam
2173 1118 2376 1171 diceret
2401 1125 2729 1182 creaturam,
2761 1117 2904 1186 quod
2942 1117 3200 1170 nimirum
3237 1131 3336 1170 ne-

1778 1221 1884 1275 que
1921 1207 2180 1271 animata,
2214 1223 2388 1276 neque
2449 1209 2730 1262 rationalis
2765 1208 2837 1262 sit
2861 1250 2876 1270 .
2915 1217 2972 1261 ut
3021 1207 3334 1260 Graecorum

134 1301 421 1368 rapientibus
469 1301 671 1370 placet.
730 1298 795 1353 Hi
829 1301 1086 1370 lnamque
1137 1300 1337 1353 animal
1379 1300 1653 1370 quoddam
1697 1317 1864 1354 unum
1901 1317 2021 1356 esse
2047 1303 2237 1355 dicunt
2271 1303 2583 1358 universum
2627 1303 2774 1357 hunc
2808 1303 3110 1355 mundum:
3147 1302 3337 1356 imoet

139 1402 280 1447 «artes
307 1392 546 1461 ejus,‘ex
569 1393 783 1463 quibus
833 1401 1068 1457 constat,
1100 1392 1356 1446 animalia
1390 1393 1724 1447 existimant.

1321 1502 1455 1558 Item
1490 1506 1544 1558 in
1587 1505 1799 1560 titulum
1833 1507 1971 1576 psal.
2005 1521 2120 1561 xtx.

187 1624 275 1694 (6i)
321 1627 422 1690 Εἰς
460 1623 534 1677 τὸ
586 1623 760 1688 τέλος
809 1624 903 1676 καὶ
945 1616 1096 1686 οὗτος
1143 1625 1172 1676 ὁ
1216 1622 1428 1694 ψαλμὺς
1471 1623 1658 1692 ὲπιγέ-
1695 1635 1734 1687 Β

137 1727 347 1787 γραπται,
386 1716 697 1787 μελλόντων
721 1717 881 1768 τινῶν
905 1714 1040 1786 ἔχων
1066 1717 1479 1788 προαγόρευσιν.
1514 1718 1668 1770 Κατὰ

145 1809 223 1880 γὰρ
246 1809 326 1861 τὸν
357 1811 536 1879 μέγαν
568 1807 903 1871 Ἀθανάσιον,
931 1807 1145 1875 λέγεται
1179 1808 1276 1878 μὲν
1297 1811 1324 1861 ὁ
1353 1809 1565 1878 ψαλμὸς
1589 1809 1663 1873 ὡς

139 1901 183 1952 ὲκ
207 1900 474 1970 προσώπου
505 1900 618 1952 τῶν
652 1900 780 1970 περ)⁸
803 1900 892 1953 τὸν
925 1898 1086 1953 Δαυῖδ
1117 1901 1367 1971 ἑταίρων,
1404 1900 1551 1970 αὐτῷ
1589 1900 1667 1970 τῷ

141 1989 260 2043 Διυῖδ
287 1991 670 2062 ἐπευχομένων
696 1990 933 2044 ποιοῦντι
965 1989 1154 2043 θυσίαν
1191 2007 1203 2020 ·
1242 1991 1571 2062 ἀναφέρεται
1610 1990 1667 2043 δὲ

144 2084 210 2133 καὶ
235 2087 302 2146 εἰς
323 2085 621 2155 πρόσωπον
652 2084 760 2136 τῶν
795 2084 1128 2147 ἀποστόλων,
1151 2082 1226 2148 ὡς
1257 2084 1312 2136 ὲν
1357 2083 1540 2154 ἡμέρᾳ
1571 2082 1666 2135 τοῦ

141 2175 326 2246 στιυῳῦ
354 2175 431 2245 τῷ
460 2174 688 2246 Χριστῷ
711 2174 1137 2245 συνευχομένων.

1837 1624 2128 1696 Inscriptio
2156 1628 2318 1681 etiam
2345 1628 2511 1698 hujus
2540 1629 2732 1698 psalmi
2765 1637 2868 1694 est,
2904 1627 2968 1680 In
2999 1627 3176 1696 ﬁnem,
3207 1627 3336 1696 quia

1778 1717 2084 1772 futurorum
2165 1721 2528 1788 quorumdam
2587 1721 2993 1790 przedictionem
3067 1719 3332 1774 continet.

1775 1808 1910 1862 Nam
1968 1809 2268 1863 secundum
2300 1825 2555 1879 maguum
2587 1811 2738 1864 illum
2788 1811 3172 1873 Athanasium,
3208 1809 3339 1863 dici-

1776 1911 1866 1955 tur
1911 1902 1998 1956 hic
2055 1902 2294 1970 psalmus
2355 1903 2408 1955 in
2470 1917 2698 1971 persona
2737 1902 3036 1956 amicorum
3094 1901 3334 1961 Davidis.

1776 1993 1878 2063 ipsi
1931 1993 2261 2047 sacriﬁcanti
2319 1994 2612 2047 astantium
2674 1994 2918 2063 beneque
2971 1994 3333 2062 precantium.

1774 2084 1984 2139 Referri
2008 2093 2184 2138 tamen
2216 2093 2393 2151 potest
2418 2085 2578 2138 etiam
2609 2084 2675 2136 ad
2703 2083 3000 2153 apostolos,
3031 2083 3122 2151 qui
3177 2083 3336 2136 Chri-

1773 2184 1878 2237 sto,
1917 2189 2040 2229 cum
2068 2172 2493 2242 crucifigeretur,
2529 2187 2716 2241 preces
2745 2188 2873 2226 suas
2916 2172 3333 2240 conjungebant.

647 2280 717 2342 Et
746 2291 798 2342 in
831 2289 968 2359 psal.
1007 2305 1176 2344 xxvm
1204 2289 1314 2343 Ita3c
1352 2291 1528 2352 verba,
1567 2307 1586 2340 ι
1622 2287 1691 2341 Et
1723 2297 1952 2342 conteret
1981 2285 2159 2340 cedros
2199 2285 2412 2352 Libani,
2443 2304 2461 2336 ι
2494 2293 2618 2350 etc.,
2651 2301 2696 2339 υ.
2729 2285 2780 2338 5.

191 2404 278 2472 (62)
299 2405 451 2461 Κατά
482 2407 544 2460 δὲ
572 2407 664 2460 τὸν
707 2396 890 2476 μέγαν
919 2405 1252 2471 Ἀθανάσιον,
1281 2406 1459 2478 κέδροι
1499 2406 1666 2460 Λιϐά-

144 2512 208 2548 νου
233 2500 273 2550 οἱ
299 2499 483 2570 ὑψηλοὶ
513 2498 612 2552 τοῦ
658 2497 768 2551 τῶν
808 2497 1072 2551 Ἰουδαίων
1113 2496 1266 2562 λαοῦ,
1313 2497 1397 2550 διὰ
1429 2496 1488 2548 τὸ
1533 2497 1667 2550 ὦνο-

149 2585 306 2651 μὰσθαι
355 2588 618 2652 πολλάκις
659 2589 718 2640 ὲν
748 2589 815 2659 τῇ
867 2587 986 2658 θείᾳ
1037 2587 1226 2658 Γραφῇ
1277 2587 1506 2641 Λίϐανον
1565 2588 1666 2659 τὴν

151 2674 474 2751 Ἰερουσαλήμ.
523 2681 586 2732 ’0
627 2679 685 2732 δὲ
730 2680 926 2750 μόσχος
965 2679 1026 2732 τὸ
1065 2677 1447 2750 Θυσιαστήριον
1493 2678 1660 2750 δηλοῖ.

146 2765 471 2836 ὴντρίὸονται
500 2766 599 2825 οῦν
625 2770 775 2824 αὐτοί
808 2788 866 2823 τε
890 2770 981 2823 καὶ
1009 2769 1071 2823 τὸ
1091 2771 1218 2841 παρ’
1253 2769 1433 2833 αὐτοῖς
1458 2771 1536 2834 είς
1575 2769 1664 2822 τέ-

148 2854 212 2920 λος
237 2857 626 2934 θυσιαστήριον.

1845 2405 1914 2459 At
1943 2404 2242 2460 secundum
2271 2419 2528 2471 magnum
2563 2402 2938 2465 Athanasium,
2968 2401 3112 2456 cedri
3136 2399 3335 2456 Libani

1778 2499 2033 2553 dicuntur
2063 2497 2446 2550 eminentiores
2482 2495 2535 2548 in
2566 2496 2765 2564 populo
2791 2492 3035 2558 Judaico,
3063 2510 3128 2549 eo
3186 2502 3335 2562 quod

1773 2589 2076 2646 Jerusalem
2105 2605 2344 2661 persaepe
2383 2588 2622 2642 Libauus
2660 2599 2882 2643 vocetur
2910 2589 2963 2642 in
2995 2604 3150 2642 sacra
3181 2587 3334 2644 Scri-

1773 2694 1953 2756 ptura.
1991 2683 2203 2738 Vitulus
2241 2699 2370 2738 vero
2421 2681 2691 2751 signiﬁcat
2740 2683 2926 2736 altare.
2961 2679 3332 2736 Conteruntur

1781 2775 1948 2846 igitur
1977 2775 2030 2828 in
2065 2774 2224 2830 linem
2255 2783 2310 2828 et
2343 2775 2444 2844 ipsi
2472 2772 2639 2829 Judaei
2676 2783 2727 2828 et
2753 2789 2940 2828 eorum
2983 2775 3172 2828 altare.

434 2979 505 3032 At
529 2980 586 3032 in
613 2979 751 3049 psal.
783 2981 1156 3060 xxxrvnverba
1195 2980 1320 3047 ista,
1354 2998 1373 3032 ‹
1409 2978 1478 3033 Et
1508 2983 1679 3034 oratio
1709 2995 1824 3033 mea
1853 2979 1908 3032 in
1929 2979 2101 3031 sinum
2142 2993 2332 3041 meum,
2367 2995 2384 3026 ι
2416 2987 2542 3040 etc.,
2583 2977 2822 3044 adnotat,
2853 2996 2900 3032 υ.
2931 2978 3017 3032 15.

198 3091 286 3163 (63)
324 3095 474 3149 Κατά
507 3095 570 3148 δὲ
616 3095 709 3148 τὸν
737 3095 878 3148 Θεῖον
932 3096 1264 3161 Ἀθανάσιον,
1298 3097 1359 3150 τὸ
1391 3099 1666 3168 ἀποστρα-

1846 3094 2154 3151 Secundum
2184 3109 2312 3150 vero
2345 3094 2531 3148 divum
2585 3095 2961 3159 Athanasium,
3001 3093 3145 3163 quod
3174 3092 3334 3149 Chri-

153 3183 275 3253 9ἧναι
301 3189 373 3250 εἰς
417 3188 620 3242 κόλπον
651 3188 749 3259 τὴν
795 3188 936 3260 ὑπὲρ
979 3189 1246 3243 Ἰουδαίων
1291 3189 1385 3243 τοῦ
1428 3189 1662 3260 Χριστοῦ

152 3281 399 3350 προσευχὴν
432 3281 771 3352 σημαντικὸν
800 3281 865 3334 ἂν
891 3281 976 3352 εἴη
1010 3280 1103 3334 τοῦ
1133 3283 1480 3352 ὲναπομεῖναι
1521 3280 1667 3334 ἐκεί-

154 3384 243 3432 νους
266 3374 319 3442 τῇ
349 3373 614 3445 ἁμαρτία,
649 3374 744 3427 καὶ
777 3375 942 3445 μηδὲν
978 3375 1360 3444 ὠφεληθῆναι,
1391 3377 1456 3446 τῇ
1502 3375 1670 3445 ὑπερ-

155 3454 249 3530 εολῇ
272 3461 359 3531 τῆς
386 3464 647 3526 ἀπονοίας
667 3464 764 3534 τὴν
799 3465 1103 3537 προσευχὴν
1136 3464 1322 3538 ὥσπερ
1351 3464 1669 3535 ἀνακάμψαι

155 3552 447 3619 ποιήσαντας.
495 3555 559 3608 Ὀ
592 3557 688 3625 μὲν
721 3555 827 3628 γὰρ
857 3557 1076 3628 Κύριος,
1128 3555 1347 3627 Θεωρῶν
1376 3557 1468 3608 τὸν
1501 3573 1669 3609 κατα-

155 3638 399 3714 λημμενον
430 3650 632 3711 αὐτοὺς
671 3648 892 3720 ὄλεθρον
919 3690 934 3714 ,
987 3653 1080 3704 καὶ
1131 3649 1228 3721 τὴν
1285 3649 1515 3721 ἐσχάτην
1564 3651 1668 3702 ἀπ-

158 3730 323 3802 ώλειαν,
357 3741 570 3795 ἐπένθει
604 3742 743 3812 ὑπὲρ
773 3742 950 3794 αὐτῶν
983 3760 996 3772 ο
1029 3744 1076 3794 oi
1107 3743 1162 3795 δὲ
1190 3741 1414 3795 τοιαῦτα
1470 3742 1669 3812 ἐπρατ-

157 3839 235 3886 τθνν
255 3827 317 3891 ὡς
340 3831 431 3902 τὴν
467 3833 637 3903 εὐχὴν
667 3833 830 3886 αὑτοῦ
860 3833 958 3904 τὴν
999 3834 1137 3905 ὑπὲρ
1165 3835 1345 3888 αὐτῶν
1380 3835 1454 3906 μὴ
1485 3852 1662 3906 παρα-

158 3916 408 3985 πέμπεσθαι
440 3929 520 3990 είς
555 3927 622 3978 τὰ
662 3919 778 3980 ὦτα
825 3926 919 3980 τοῦ
951 3928 1184 3999 Πατρὺς,
1219 3927 1332 3980 ἀλλ’
1361 3926 1549 3998 ὥσπερ
1577 3928 1668 3980 ἀν-

158 4013 488 4083 τικρουομένην
517 4015 622 4067 ὑπὸ
655 4015 747 4068 τοῦ
797 4016 1057 4086 μεγέθους
1104 4017 1204 4086 τῆς
1263 4016 1443 4069 αὐτῶν
1479 4016 1668 4068 δυσσε-

159 4090 286 4160 εείας,
317 4103 668 4158 καθέλκεσθαι
699 4105 790 4158 καὶ
820 4105 1243 4176 ἐπαναστρέφειν
1300 4105 1435 4176 πρὸς
1484 4105 1665 4158 αὐτόν.

160 4185 224 4238 Διὸ
245 4188 372 4260 ελεγε
399 4210 413 4224 ο
443 4197 557 4250 Καὶ
587 4197 625 4264 ἠ
656 4195 963 4266 προσευχὴ
1011 4215 1130 4265 μου
1157 4199 1244 4263 εὶς
1274 4199 1506 4250 κόλπον
1547 4215 1667 4265 μου

159 4273 650 4355 ἀποστραφήσεται.
680 4289 742 4341 Ei
775 4289 884 4358 γὰρ
914 4288 1176 4353 σώζεσθαι
1207 4288 1426 4359 ἔμελλον
1450 4289 1542 4341 καὶ⁵
1579 4305 1667 4359 μευ

159 4369 356 4428 ταδαλείν
377 4381 478 4434 τῶν
509 4376 892 4451 ἀσεϐημάτων,
928 4371 1333 4452 εὐθυδρομοῦσα
1372 4381 1405 4450 ὴ
1435 4395 1664 4449 προσευ-

1771 3189 1840 3243 sti
1873 3187 2112 3258 precatio
2139 3200 2238 3256 pro
2273 3184 2474 3240 Iudaeis
2529 3187 2582 3240 in
2635 3187 2815 3241 sinum
2850 3187 2969 3255 ejus
3024 3188 3333 3247 revertitur,

1775 3280 2004 3334 denotat
2032 3294 2127 3334 eos
2157 3287 2378 3348 peccato
2407 3293 2507 3332 suo
2536 3279 2850 3342 immanere,
2884 3294 2984 3334 nec
3036 3279 3334 3349 quidquam

1766 3371 1948 3440 juvari
1981 3387 2045 3424 eo
2073 3370 2217 3440 quod
2262 3370 2488 3424 insania:
2515 3387 2626 3425 sua:
2655 3372 3036 3441 exsuperantia
3071 3370 3330 3433 efﬁciunt,

1772 3471 2048 3532 utpreces
2090 3461 2292 3516 Christi
2327 3462 2484 3530 quasi
2525 3472 2822 3517 retrorsum
2849 3460 3165 3516 ﬂectantur.
3219 3461 3330 3516 Do-

1769 3555 1952 3608 minus
1980 3553 2146 3618 enim,
2179 3567 2302 3608 cum
2337 3553 2634 3607 intueretur
2681 3563 2976 3608 extremam
3037 3553 3331 3622 perniciem

1771 3660 1890 3714 qua:
1925 3645 2070 3714 ipsos
2102 3646 2561 3712 comprehensura
2582 3653 2718 3707 erat,
2745 3659 2979 3698 moernre
3016 3645 3217 3713 ingenti
3240 3659 3334 3698 eo-

1771 3751 1892 3790 rum
1923 3751 2088 3791 causa
2120 3736 2448 3790 adiciebatur
2486 3756 2499 3791 :
2538 3737 2638 3806 ipsi
2665 3751 2793 3791 vero
2823 3736 2948 3790 talia
2993 3736 3242 3806 agebant,
3275 3745 3336 3789 ut

1769 3844 1959 3899 preces
1991 3828 2195 3883 Christi
2224 3844 2320 3899 pro
2371 3829 2503 3898 ipsis
2537 3830 2853 3898 neutiquam
2897 3829 3334 3883 transmitteren-

1773 3929 1858 3973 tur
1879 3920 1944 3974 ad
1975 3935 2135 3974 aures
2166 3936 2334 3989 usque
2363 3915 2558 3983 Patris,
2587 3919 2678 3974 sed
2709 3935 3039 3988 repercussa:
3069 3925 3335 3989 quodam-

1771 4013 1933 4066 modo
1983 4027 2014 4067 a
2048 4014 2419 4082 magnitudine
2462 4013 2751 4081 impietatis
2793 4013 3033 4082 ipsorum
3089 4013 3336 4066 retrahe—

1769 4113 1958 4158 rentur
1989 4119 2053 4158 ac
2095 4112 2490 4160 reverterentur
2524 4105 2588 4158 ad
2622 4103 2932 4159 Dominum.
2971 4103 3206 4174 Ideoque
3232 4104 3334 4156 aie-

1773 4197 1870 4252 bat
1903 4216 1915 4250 :
1951 4195 2020 4250 Et
2050 4199 2219 4250 oratio
2249 4215 2362 4251 mea
2391 4198 2446 4251 in
2475 4198 2647 4250 sinum
2675 4212 2843 4250 meum
2867 4205 3167 4249 revertetur.
3195 4193 3331 4249 Nam

1769 4290 1816 4344 si
1842 4290 2087 4343 salvaudi
2123 4289 2351 4345 fuissent
2391 4300 2445 4344 et
2492 4291 2561 4343 ab
2611 4288 2888 4358 impietate
2921 4287 3269 4342 convertendi
3307 4327 3324 4350 ,

1768 4381 2083 4435 transiisset
2112 4382 2298 4451 utique
2351 4383 2593 4451 precatio
2627 4381 2929 4435 Salvatoris
2958 4388 3106 4434 recto
3137 4393 3328 4440 cursu.

159 4460 208 4529 Χὴ
223 4465 296 4517 τοῦ
322 4470 568 4544 Σωτῆρος
620 4473 912 4537 ἀκωλύτως
959 4473 1026 4526 ἂν
1071 4474 1164 4525 καὶ
1208 4471 1664 4542 ἀπαραποδίστως

1787 4482 1860 4540 itq
1873 4487 1938 4525 ue
1968 4487 1998 4524 a
2026 4473 2240 4527 nemine
2268 4471 2525 4542 impedita
2557 4473 2622 4526 ad
2650 4486 2810 4526 aures
2855 4486 3028 4540 usque
3074 4479 3332 4540 paternas

162 4552 226 4606 ἐπὶ
251 4559 309 4613 τὰ
333 4557 436 4618 ὦτα
466 4566 537 4620 τὰ
572 4565 814 4637 πατρικά
843 4566 1062 4638 παρῄει.

1770 4561 2110 4615 accessisset.

749 4679 812 4735 In
838 4682 974 4752 psal.
1004 4696 1209 4736 xxxviii
1238 4679 1413 4742 verba,
1452 4697 1470 4730 ι
1507 4675 1697 4746 Utique
1732 4676 1789 4729 in
1821 4675 2052 4745 imagine
2075 4675 2311 4730 ambulat
2339 4675 2511 4739 homo,
2543 4694 2562 4727 ι
2593 4693 2639 4730 υ.
2672 4676 2726 4729 7.

214 4786 302 4857 (δι)
323 4795 463 4849 Κατὰ
489 4798 547 4851 δὲ
580 4798 706 4860 τοὺς
732 4798 872 4851 πάνυ
913 4797 1224 4851 ’Ᾱθανάσιον
1248 4797 1342 4850 και
1374 4794 1661 4874 imptum»

172 4873 343 4956 Ἐπειδὴ
370 4889 426 4940 ὲν
447 4889 614 4944 εἰκόνι
643 4891 736 4943 καὶ
763 4891 861 4943 οὐκ
887 4893 945 4943 ὲν
972 4890 1198 4960 ἀληθείᾳ.
1217 4889 1310 4942 νῦν
1342 4887 1662 4959 διαπορεὺε-

165 4979 231 5060 τιι
251 4968 274 5018 δ
297 4975 560 5048 ἄνθρωπος
580 4996 594 5008 ·
625 4982 659 5050 ἡ
688 4981 798 5051 γὰρ
830 4980 1034 5052 ἀληθὴς
1075 4979 1186 5052 ζωὴ
1235 4980 1373 5034 κατὰ
1404 4981 1495 5032 τὸν
1538 4979 1665 5050 μέλ-

166 5067 283 5113 λον-ια
303 5067 458 5122 αἰῶνα
473 5073 619 5124 ἐστιν
640 5087 653 5098 ·
677 5071 902 5134 εἰκότως
929 5073 958 5123 ὁ
980 5071 1197 5139 ψάλλων
1221 5073 1320 5143 τὴν
1342 5073 1524 5126 εἰκόνα
1563 5089 1666 5141 μα-

165 5149 370 5222 πιότητα
411 5163 722 5230 προσεῖπεν.
761 5162 975 5232 Ἐπειδὴ
1022 5163 1082 5215 οὐ
1123 5163 1220 5232 τὴν
1255 5163 1512 5232 ἀληθινὴν
1566 5160 1662 5213 νῦν

168 5233 305 5324 ζῶμεν
333 5247 484 5319 ζωὴν,
532 5252 669 5305 ἀλλά
699 5252 797 5323 τὴν
837 5253 912 5316 ὼς
951 5255 1009 5305 ἐν
1040 5253 1228 5313 είκόνι,
1263 5254 1384 5306 οὐδὲ
1416 5253 1543 5324 περὶ
1595 5253 1665 5306 τὰ

167 5323 292 5396 δντως
311 5338 471 5406 ἀγαθά
499 5343 799 5414 ποιούμεθα
824 5345 920 5414 τὴν
952 5345 1204 5415 σπουδὴν,
1236 5346 1314 5398 διὸ
1361 5323 1538 5415 μάτην
1569 5363 1664 5398 τα-

239 5508 311 5594 ﬁl)
333 5514 420 5594 list
444 5531 818 5593 argumentum
842 5523 1038 5594 psalm.
1072 5540 1182 5578 xu.

333 5578 548 5662 ﬂabeluur
571 5595 702 5649 ibid.

241 5649 314 5719 65)
336 5649 446 5715 Haec
469 5664 730 5719 habentur
753 5663 968 5728 ibidem,
997 5664 1088 5719 sed
1117 5662 1285 5718 multo
1320 5660 1594 5732 pauciora.

1846 4794 2122 4850 Sententia
2172 4811 2301 4850 vero
2353 4811 2671 4867 magnorum
2719 4796 3001 4854 Athanasii
3043 4808 3095 4854 et
3143 4798 3332 4866 Cyrilli

1774 4887 1890 4942 haec
1922 4896 2043 4941 est:
2080 4885 2528 4957 Quandoquidem
2563 4889 2724 4943 homo
2766 4906 2912 4946 nunc
2944 4907 3050 4947 non
3097 4892 3149 4945 in
3186 4894 3334 4946 veri-

1768 4987 1896 5043 tate,
1936 4979 2029 5032 sed
2063 4980 2116 5032 in
2145 4979 2378 5050 imagine
2406 4980 2752 5043 incedit,vita
2781 4982 2926 5036 enim
2959 4997 3083 5035 vera
3110 4982 3331 5035 demum

1769 5072 1824 5124 in
1854 5070 2038 5125 futuro
2069 5071 2174 5124 erit
2205 5070 2426 5135 saeculo,
2462 5072 2663 5126 idcirco
2701 5069 2954 5126 fortassis
2981 5071 3196 5125 Psaltes
3238 5089 3332 5126 va-

1768 5166 1988 5218 nitatem
2020 5163 2306 5234 appellavit
2336 5164 2650 5232 imaginem.
2681 5161 2818 5228 Quia
2853 5177 2982 5232 ergo
3010 5177 3116 5215 non
3145 5178 3328 5217 veram

1767 5255 1857 5311 hic
1883 5255 2122 5309 vivimus
2150 5257 2338 5317 vitam,
2397 5255 2490 5308 sed
2543 5254 2724 5314 talem,
2760 5267 2881 5320 quae
2925 5262 3010 5306 est
3063 5253 3217 5322 quasi
3275 5257 3329 5307 in

1769 5348 2024 5418 imagine,
2052 5361 2228 5417 neque
2258 5347 2405 5400 circa
2439 5360 2566 5398 vera
2597 5345 2736 5398 bona
2769 5359 3074 5408 versamur,
3127 5343 3330 5398 idcirco

1839 5529 1949 5654 I(.64)
1982 5531 2313 5600 Expressum
2350 5543 2416 5584 ex
2451 5527 2894 5593 interpretatione
2949 5527 3113 5582 hu'us
3156 5526 3328 5582 versi-

1861 5619 1895 5654 Ι.
1931 5618 2114 5654 supra.

1768 5617 1895 5668 Cllll,
1931 5618 2114 5670 supra.
