3760 6270
390 267 495 321 539

1228 261 1288 322 S.
1324 260 1693 320 ATHANASII
1727 263 1879 321 OPP.
1922 260 2103 320 PARS
2138 260 2228 320 Ill.
2268 292 2341 306 --
2377 258 2785 319 EXEGETICA.

3523 264 3641 323 560

403 385 605 438 frustra
636 384 1026 438 conturbamur
1072 380 1214 436 circa
1241 380 1515 436 mundana
1557 381 1824 437 desideria
1856 397 1956 438 nos
1987 388 2030 445 Α

2124 381 2375 454 ισσόμεθα
2419 380 2547 451 περὶ
2580 376 2850 449 κοσμικὰς
2903 375 3200 448 ἐπιθυμίας
3247 375 3638 449 στρεφόμενοι,

406 474 701 540 volventes,
728 489 792 529 ac
822 483 1175 544 congerentes
1224 473 1533 536 thesauros,
1564 488 1797 541 quorum
1853 473 1957 527 ha:-

397 564 554 621 redcs
574 563 788 621 futuros
823 566 1231 626 non_novimus.

2062 475 2154 528 καὶ
2185 474 2510 543 συνάγοντες
2548 472 2852 545 θησαυροὺς
2888 463 2963 526 ὧν
3009 470 3110 524 οὐκ
3142 471 3302 542 ἴσμεν
3340 468 3468 534 τοὺς
3509 468 3638 524 δια-

2062 565 2217 636 δόχου
2226 584 2270 631 ς.

1096 682 1160 738 In
1192 683 1287 737 illa
1316 683 1468 737 verba
1493 683 1633 753 psal.
1668 697 1781 747 xu,
1814 701 1833 734 ι
1874 683 2329 750 Quemadmodum
2358 684 2626 740 desiderat
2664 700 2860 738 cervus.
2893 701 2912 735 ι

465 800 535 854 At
564 800 863 857 secundum
894 815 1119 872 magnos
1146 799 1506 855 Athanasium
1542 807 1600 854 et
1640 797 1905 871 Cyrillum
1938 818 1952 854 :

395 891 534 960 Quia
574 893 627 947 in
660 894 908 963 proxime
946 893 1282 963 praecedente
1327 891 1537 961 psalmo
1593 905 1660 945 ex
1720 906 1951 960 persona

393 985 597 1040 Christi
628 986 696 1040 ad
743 984 959 1039 Patrem
1006 984 1121 1038 haec
1153 983 1298 1038 dicta
1328 991 1456 1039 sunt
1486 1001 1499 1036 :
1538 980 1730 1036 Excita
1768 999 1869 1048 me,
1904 992 1954 1037 et

393 1079 682 1132 retribuam
711 1078 840 1146 ipsis
875 1078 942 1143 ",
973 1075 1175 1130 idcirco
1212 1074 1300 1130 hic
1352 1074 1635 1131 Christum
1669 1075 1818 1130 cruci
1874 1074 1955 1129 ai-

391 1172 672 1242 iigentium
738 1186 966 1241 persona
1010 1169 1323 1237 inducitur,
1379 1170 1474 1239 qui
1540 1169 1952 1225 intolerabiliter

390 1264 743 1327 laborabant;
776 1278 900 1317 cum
924 1261 1274 1318 manifestum
1308 1261 1399 1327 sit,
1422 1278 1518 1318 eos
1545 1263 1760 1318 tandem
1794 1279 1952 1318 assu-

390 1354 616 1409 mendos
647 1368 787 1415 esse,
847 1354 1100 1418 insertos,
1145 1363 1203 1408 ut
1255 1353 1331 1407 ait
1381 1352 1585 1409 Paulus
1611 1355 1679 1419 ³³,
1717 1356 1952 1426 propriae

387 1446 535 1502 oleae.
568 1446 679 1501 Ista
720 1446 882 1516 igitur
904 1444 1071 1501 Israel
1100 1444 1424 1515 resipiscens
1452 1446 1710 1518 loquitur.

2061 800 2248 872 51(65)
2280 800 2437 854 Κατὰ
2460 799 2519 853 δὲ
2565 800 2690 863 τοὺς
2721 799 2987 872 μεγάλους
3033 798 3349 855 ’Δθανάσιον
3380 799 3472 855 καὶ
3516 797 3637 854 Κύ-

2064 893 2261 967 ριλλον·
2298 893 2559 964 Ἐπείπερ
2606 893 2663 945 ἐν
2694 891 2772 963 τῷ
2812 892 2920 964 πρὸ
2957 892 3147 945 τούτου
3191 891 3391 964 ψαλμῷ
3430 894 3494 946 ὲκ
3534 892 3633 946 τοῖν

2060 988 2311 1059 Σωτῆρος
2334 987 2469 1059 πρὸς
2496 986 2584 1040 τὸν
2607 987 2824 1057 Πατέρα
2843 986 3055 1059 εἴρηται
3078 1005 3092 1018 ⁸
3135 985 3506 1055 Ἀνάστησόν
3526 1004 3633 1057 με,

2059 1082 2158 1135 καὶ
2186 1079 2590 1135 ἀνταποδώσω
2619 1080 2840 1147 αὐτοῖς,
2889 1079 2983 1134 νῦν
3023 1080 3083 1133 τὸ
3124 1079 3236 1133 τῶν
3288 1081 3638 1154 ὲσταυρωκό-

2059 1190 2167 1227 των
2196 1174 2477 1227 ὑπόκειται
2502 1172 2811 1244 πρόσωπον,
2849 1172 2898 1226 οἳ
2931 1173 3261 1229 πεπόνθασιν
3294 1176 3577 1247 ἀνήκεστα
3614 1213 3634 1240 ,

2062 1266 2325 1339 προδήλου
2344 1266 2516 1333 ὄντος,
2544 1266 2618 1330 ὡς
2643 1265 2864 1337 ὕστερον
2884 1267 3412 1338 προσληφθήσονται,
3443 1270 3639 1335 ἐγκεν-

2059 1359 2390 1431 τρισθέντες,
2424 1358 2500 1423 ὥς
2534 1376 2667 1430 φησι
2707 1360 2938 1423 Παῦλος,
2984 1363 3050 1431 τῇ
3090 1360 3193 1432 ίδὶᾳ
3236 1360 3413 1432 ἐλαίᾳ.
3445 1361 3636 1415 Μετα-

2061 1448 2346 1518 γινώσκων
2381 1445 2472 1504 οὖν
2496 1452 2525 1504 ὁ
2568 1449 2778 1521 Ἰσραὴλ
2802 1448 2975 1504 ταῦτά
2997 1466 3185 1521 φησιν.

1015 1556 1105 1614 Sic
1134 1575 1189 1612 in
1224 1576 1397 1614 versus
1425 1568 1683 1614 scorteum
1714 1562 1889 1629 verba,
1926 1581 1945 1613 ι
1979 1562 2158 1619 Silivit
2183 1563 2361 1617 anima
2392 1579 2505 1617 mea
2529 1563 2599 1617 ad
2628 1562 2934 1619 Dominum.
2971 1581 2990 1615 ι

426 1672 803 1729 -Ἀιηαηαειὶει
837 1665 1047 1743 Cyrillt.
1078 1671 1526 1743 Quandoquidem
1557 1675 1649 1744 qui
1673 1673 1951 1732 Christum
1982 1688 2025 1744 Β

2135 1680 2492 1735 Ἀθανασίου
2535 1680 2634 1734 καὶ
2681 1680 3006 1748 Κυρίλλου.
3052 1678 3368 1749 Ἀλγοῦντες
3417 1680 3512 1734 ἐπὶ
3560 1683 3631 1754 τῇ

384 1766 679 1821 incrucem
716 1765 969 1831 tulerant,
1006 1765 1193 1820 dolent
1243 1766 1309 1821 de
1339 1781 1439 1822 suo
1469 1782 1598 1821 casu
1655 1782 1720 1822 ac
1758 1769 1948 1839 resipi-

385 1867 562 1919 scunt,
600 1858 802 1913 idcirco
839 1857 1048 1923 dicunt,
1084 1872 1142 1912 se
1192 1857 1343 1913 sitire
1385 1857 1576 1925 Deum,
1627 1874 1690 1914 ae
1720 1859 1947 1925 fontem,

384 1952 480 2020 qui
528 1950 668 2021 apud
718 1950 895 2020 ipsum
955 1958 1058 2013 est,
1094 1951 1450 2006 desiderare:
1483 1952 1551 2006 de
1600 1968 1708 2022 quo
1745 1953 1949 2008 dictum

384 2057 506 2103 est:
540 2046 680 2112 Quia
703 2046 843 2116 apud
867 2057 915 2100 te
946 2056 1022 2100 est
1059 2046 1177 2115 fons
1208 2047 1405 2101 vitae“.
1440 2045 1761 2103 Desiderant
1781 2048 1949 2104 etiam

384 2137 498 2193 Deo
546 2140 1004 2208 appropinquare,
1041 2138 1234 2193 aﬂ’ectu
1284 2139 1491 2194 scilicet
1535 2148 1590 2194 et
1640 2140 1951 2196 sanctiﬁca-

382 2233 532 2288 tione
558 2249 678 2302 quae
732 2240 816 2287 est
862 2248 956 2303 per
1012 2232 1169 2287 tidem
1212 2233 1266 2287 in
1299 2233 1538 2287 Clu-isto.
1588 2231 1654 2289 Et
1689 2248 1849 2304 quem
1881 2233 1948 2290 ad

382 2332 609 2378 mortem
669 2323 1002 2378 tradiderant
1058 2331 1221 2394 atque
1280 2323 1690 2392 interfecerant,
1745 2326 1949 2396 princi-

379 2429 523 2485 pem,
572 2415 817 2486 inquam,
854 2416 977 2470 vitae
1011 2424 1249 2479 nostra),
1291 2429 1416 2470 eum
1460 2414 1733 2486 appellant
1774 2414 1946 2471 Deum

379 2509 668 2563 viventem.
699 2509 833 2564 Illud
862 2524 988 2563 vero
1014 2529 1027 2564 :
1079 2508 1304 2576 Quando
1356 2510 1602 2565 veniam?
1630 2507 1950 2564 desideran-
1984 2572 1987 2577 ς

377 2599 514 2653 tium
544 2610 649 2674 .est
699 2600 1037 2655 vocationem
1078 2599 1339 2663 futuram,
1367 2607 1422 2655 et
1462 2614 1793 2669 cognoscere
1849 2616 1949 2655 cu-

2056 1771 2327 1826 ὲκπτώσει
2363 1774 2413 1825 οί
2454 1771 2761 1844 σταυρωταὶ
2791 1770 2885 1825 τοῦ
2933 1770 3137 1841 Κυρίου
3178 1770 3272 1824 καὶ
3319 1770 3631 1841 μεταγινὼ-

2058 1879 2297 1928 σκοντες,
2331 1863 2489 1935 διψῆν
2520 1863 2737 1932 λέγουσι
2768 1862 2859 1915 τὸν
2888 1861 3042 1925 Θεὸν,
3070 1862 3163 1915 καὶ
3190 1862 3289 1933 τῆς
3319 1861 3449 1933 παρ’
3477 1860 3631 1931 αὐτῷ

2052 1956 2241 2027 πηγῆς
2268 1954 2582 2026 ἐπιθυμεῖν
2614 1954 2743 2024 περ).
2780 1945 2847 2026 ἧς
2888 1952 3101 2024 εἴρηται
3121 1968 3136 1983 ’
3169 1952 3298 2005 Ὀτι
3334 1953 3494 2019 παρὰ
3523 1952 3630 2007 σοι

2052 2046 2217 2116 πηγὴ
2268 2046 2436 2116 ζωῆς.
2490 2046 2601 2101 Καὶ
2650 2045 2904 2100 ποθοῦσιν
2949 2045 3116 2115 ἐγγὺς
3162 2043 3414 2114 γενέσθαι
3465 2043 3628 2108 Θεοῦ,

2053 2138 2197 2193 κατὰ
2234 2136 2473 2192 διάθεσιν
2500 2140 2594 2193 καὶ
2616 2138 2887 2211 ἁγιασμδν
2910 2137 3000 2192 τὸν
3040 2137 3129 2193 διὰ
3170 2137 3408 2200 πίστεως
3437 2137 3540 2208 τῆς
3568 2137 3631 2191 ὲν

2052 2230 2294 2303 Χριστῷ.
2328 2232 2439 2285 Καὶ
2467 2231 2526 2284 ὃν
2556 2230 2907 2295 ἀπεκτόνασι,
2936 2231 3027 2283 τὸν
3061 2229 3301 2302 ἀρχηγὸν
3349 2228 3447 2299 τῆς
3477 2230 3632 2300 ζωῆς

2049 2322 2233 2395 ἡμῶν,
2267 2322 2361 2377 καὶ
2392 2320 2469 2392 τῷ
2494 2321 2709 2392 θανάτῳ
2742 2321 3085 2392 παρέδωκαν,
3116 2322 3304 2374 τοῦτον
3339 2320 3471 2374 Θεὸν
3502 2322 3631 2376 ὀνο-

2056 2419 2288 2491 μάζουσι
2313 2414 2492 2480 ζῶντα
2519 2412 2652 2485 (66).
2688 2412 2762 2467 Τὸ
2784 2413 2861 2477 δὲ’,
2896 2414 3044 2466 Πότε
3069 2411 3194 2478 ἥξω
3219 2427 3238 2473 ;
3286 2411 3630 2484 γλιχομένων

2052 2511 2147 2564 ἐπὶ
2178 2509 2276 2580 τῆς
2305 2510 2384 2572 είς
2418 2505 2644 2578 ὕστερον
2674 2504 2939 2576 κλήσεως,
2966 2506 3058 2558 καὶ
3084 2503 3390 2576 ζητούντων
3431 2505 3631 2576 μαθεῖν

2011 2584 2021 2593 ’
2050 2604 2142 2658 τδν
2176 2595 2388 2673 καιρὸν,
2424 2598 2543 2654 καθ’
2582 2596 2642 2652 ὃν
2681 2598 2776 2653 καὶ
2804 2597 2957 2652 αὐτοὶ
2999 2599 3262 2669 ἐμφανεῖς
3291 2599 3498 2652 ἔσονται
3528 2597 3628 2651 τοῦ

378 2692 642 2760 pientium
684 2701 897 2762 tempus
959 2693 1110 2758 illud,
1160 2692 1214 2747 in
1250 2708 1359 2764 quo
1395 2693 1559 2746 etiam
1616 2692 1720 2762 ipsi
1758 2706 1946 2747 coram

2124 2693 2348 2748 modii-mu
2375 2692 2468 2747 τοῦ
2497 2689 2632 2745 Θεοῦ
2666 2690 2759 2744 κα)⁵
2790 2690 3003 2763 Πατρὸς
3054 2691 3269 2761 (ταυτὸν
3291 2690 3350 2744 δέ
3378 2692 3492 2743 ἐστι
3526 2692 3628 2745 καὶ

378 2779 518 2836 facie
550 2781 645 2835 Dei
671 2792 723 2837 et
747 2780 923 2837 Patris
949 2781 1314 2837 versabuntur
1364 2779 1522 2852 (quae
1549 2780 1738 2835 eadem
1773 2782 1941 2836 etiam
2049 2809 2056 2826 ι

2124 2814 2128 2836 μ
2155 2786 2247 2842 τοῦ
2272 2785 2457 2858 Υἱοῦ)·
2485 2787 2533 2839 εἰ
2566 2784 2660 2838 καὶ
2687 2783 2781 2838 νῦν
2814 2785 2949 2841 εἰσιν
2981 2784 3038 2836 ὲν
3080 2783 3417 2854 ἀποστροφῇ.
3457 2783 3628 2837 Ἀπο-

377 2870 501 2927 Filii
550 2873 687 2945 est),
746 2874 1094 2943 quantumvis
1156 2890 1303 2928 nunc
1358 2873 1467 2928 sint
1522 2889 1553 2928 a
1598 2872 1708 2928 Deo
1743 2873 1941 2929 aversi.
2053 2906 2056 2928 ι

2124 2881 2270 2953 ρέψω
2299 2879 2430 2949 γὰρ,
2462 2878 2620 2950 φησι,
2648 2877 2773 2941 τοὺς
2826 2876 3136 2947 ὀφθαλμούς
3183 2891 3284 2946 μου
3326 2876 3417 2945 ἀφ’
3442 2874 3622 2945 ὑμῶν.

378 2965 632 3020 Avertam
664 2965 829 3032 enim,
862 2966 1058 3036 inquit,
1086 2966 1275 3020 oculos
1300 2980 1448 3020 meos
1474 2981 1505 3019 a
1538 2965 1710 3020 vobis.
1735 2963 1942 3032 Quam-
2050 3002 2056 3025 ,

2124 2970 2150 3025 3t
2177 2970 2263 3037 τί;
2290 2971 2356 3022 At
2377 2968 2485 3040 γὰρ
2516 2971 2697 3041 χεῖρες
2725 2968 2884 3049 υμῶν
2906 2968 3135 3038 αἵματος
3158 2968 3404 3039 πλήρεις.

375 3059 604 3115 obrem?
638 3057 832 3116 Manus
857 3060 1002 3115 enim
1037 3070 1231 3116 vestrae
1261 3059 1430 3130 plena:
1456 3068 1586 3115 sunt
1630 3059 1916 3131 sanguine.
1969 3056 2012 3116 C

1543 3173 1761 3228 'iursum
1804 3175 1860 3228 in
1905 3189 2109 3228 versum
2152 3178 2466 3243 sequentem.

451 3290 773 3344 Athanasius
805 3299 855 3344 et
886 3289 1139 3359 Cyrillus.
1180 3289 1315 3356 Quia
1368 3289 1621 3345 Christus
1675 3288 1941 3359 prtedixc—
2047 3292 2056 3354 ε

2124 3285 2231 3358 (67)
2295 3284 2641 3351 Ἀθανάσιος
2684 3281 2780 3337 καί
2842 3282 3159 3350 Κύριλλος.
3212 3278 3319 3333 Τοῦ
3370 3278 3624 3353 Σωτῆρος

374 3390 481 3448 rat,
512 3381 805 3452 inquiens:
839 3380 1067 3448 Quando
1113 3380 1360 3436 videritis
1390 3381 1785 3453 Jcrosolymam
1836 3381 1941 3436 cir-

376 3488 714 3530 cumsessam
752 3473 946 3529 castris
976 3474 1059 3539 ";
1091 3473 1183 3528 ubi
1234 3474 1454 3528 verbum
1508 3474 1651 3528 istud
1700 3464 1758 3527 in
1804 3487 1941 3543 opus

380 3566 577 3636 erupit,
606 3565 868 3620 Romanis
894 3579 1014 3619 eam
1040 3565 1438 3635 diripientibus,
1473 3566 1748 3636 ejulabant
1776 3583 1788 3618 :
1837 3565 1943 3634 pri-

375 3676 523 3714 mum
551 3659 791 3730 quidem,
822 3656 969 3728 quod
1000 3666 1189 3713 contra
1216 3656 1384 3712 Deum
1412 3657 1817 3730 quodammodo
1844 3655 1939 3709 im-

374 3754 683 3823 pegissent;
714 3751 907 3807 deinde
936 3751 1081 3822 quod
1129 3750 1457 3806 excidissent
1505 3767 1535 3805 a
1571 3751 1768 3813 salute,
1818 3763 1940 3819 qua:

374 3848 444 3901 ab
469 3848 585 3917 ipso
620 3855 736 3911 est;
768 3844 927 3899 tertio
954 3844 1208 3914 denique,
1241 3844 1390 3912 quod
1419 3843 1579 3897 vicini
1609 3843 1757 3911 ipsos
1787 3841 1939 3893 inva-

372 3939 562 3994 dentes
590 3951 751 4007 atque
778 3935 1041 3993 conviciis
1071 3937 1394 3993 insectantes
1418 3935 1695 3991 dicerent:
1738 3931 1837 3987 Ubi
1859 3941 1937 3987 est

370 4029 511 4085 Deus
543 4031 701 4084 tuus?

2049 3379 2404 3454 προειπόντος
2425 3396 2441 3411 ο
2477 3379 2645 3433 Ὅταν
2691 3375 2836 3447 ἴδητε
2865 3375 2965 3445 τὴν
3009 3372 3365 3446 Ἰερουσαλὴμ
3396 3374 3623 3428 κυκλου-

2051 3472 2221 3546 μένην
2255 3470 2362 3527 ὑπὸ
2410 3467 2819 3542 στρατοπέδων
2867 3468 2957 3520 ὅτε
3004 3465 3141 3531 πρὸς
3191 3464 3351 3537 ἔργον
3397 3464 3556 3537 ἐξέϐη
3590 3466 3623 3518 6

2049 3565 2229 3636 λόγος,
2276 3555 2561 3634 Ῥωμαίων
2606 3559 2811 3622 αὐτοὺς
2865 3555 3274 3628 πορθησάντων.
3320 3554 3622 3627 ἐθρήνουν*

2049 3657 2266 3732 πρῶτον
2298 3654 2396 3726 μὲν
2423 3652 2499 3715 ὡς
2520 3645 3023 3721 προσκεκρουκότες
3052 3642 3172 3714 Θεῷ
3197 3659 3214 3674 ⁸
3248 3638 3367 3697 εἶτα
3396 3642 3472 3707 ὡς
3517 3643 3622 3713 τῆς

2047 3750 2106 3817 ἐξ
2139 3748 2304 3803 αὑτοῦ
2336 3745 2609 3818 σωτηρίας
2638 3738 3052 3801 ἐκπεπτωκότες
3073 3754 3088 3767 ·
3120 3738 3215 3790 καὶ
3259 3735 3474 3807 τρίτον,
3506 3734 3616 3788 ὅτιο

2048 3858 2154 3914 περ
2189 3837 2369 3902 αὐτοῖς
2396 3839 2443 3891 οἱ
2488 3834 2868 3905 ἀστυγείτονες
2907 3829 3326 3900 ἐπεμϐαίνοντες
3362 3826 3445 3892 τὸ,
3490 3825 3622 3881 Ποῦ

2044 3934 2216 3988 ἔστιν
2241 3934 2274 3986 ό
2312 3930 2455 3995 Θεός
2486 3941 2641 3992 σους
2668 3921 3015 3996 διασύροντες
3060 3920 3263 3989 ελεγον.

1583 4180 1649 4235 1η
1680 4180 1931 4251 prommio
1955 4175 2093 4248 psal.
2125 4189 2236 4231 xui
2273 4170 2405 4244 (68).

437 4349 739 4405 Athanasio
771 4361 903 4402 vero
932 4345 1006 4400 illi
1034 4356 1232 4415 magno
1252 4342 1393 4398 idem
1428 4341 1644 4397 videtur
1671 4355 1793 4396 esse
1828 4340 1934 4394 hn-
1968 4344 2011 4398 ι)

364 4442 453 4511 ius
487 4442 682 4511 psalmi
711 4450 1088 4510 argumentum
1118 4445 1283 4506 atque
1331 4434 1704 4505 praecedentis.
1753 4434 1931 4489 Israe-

368 4534 475 4587 lita:
502 4531 647 4587 enim
679 4545 897 4586 rursum
927 4528 1210 4587 accedunt.
1235 4526 1489 4591 salutem,
1522 4540 1645 4596 quae
1666 4538 1761 4594 per
1778 4522 1935 4578 Chri-

362 4635 510 4681 stum
548 4630 651 4688 est,
688 4623 1049 4693 postulantes.
1087 4618 1212 4674 ldeo
1267 4619 1621 4690 alloquuntur
1668 4616 1879 4670 Patrem
1912 4634 1925 4669 :

370 4716 566 4771 Emitte
600 4715 769 4769 lucem
805 4725 949 4768 tuam
986 4723 1035 4768 et
1084 4714 1355 4767 veritatem
1388 4720 1557 4764 tuam.
1612 4706 1732 4777 Ipse
1782 4706 1928 4760 enim

360 4823 458 4864 eos
506 4807 560 4861 in
595 4814 842 4861 sanctum
874 4814 1113 4859 montem
1147 4804 1410 4857 ducturus
1464 4807 1619 4854 erat:
1684 4797 1788 4851 hoc
1818 4805 1923 4862 est,

361 4903 415 4957 in
453 4902 649 4958 cmlum
682 4908 736 4955 et
768 4913 1030 4969 supernas
1057 4896 1177 4949 illas
1202 4893 1512 4948 mansiones
1542 4891 1561 4961 (
1587 4905 1724 4960 quas
1757 4888 1923 4944 etiam

360 4993 707 5050 tabernacula
764 4989 1034 5062 appellat)
1069 4996 1122 5042 et
1177 4986 1243 5040 ad
1293 4986 1463 5040 altare
1512 4980 1922 5037 intellectuale:

359 5088 475 5157 ipse
498 5086 662 5141 etiam
693 5098 884 5139 eorum
908 5080 1310 5135 exhilaraturns
1336 5077 1698 5144 iuventutem.
1726 5070 1924 5128 Juven-

359 5188 525 5234 tutem
557 5194 687 5233 vero
743 5176 980 5247 appellat
1024 5171 1283 5231 laetitiam.
1327 5176 1381 5222 et
1428 5176 1743 5223 renovatam
1782 5166 1924 5236 ipso-

356 5287 478 5328 rum
510 5273 771 5326 animam.
795 5267 954 5325 Unde
981 5277 1034 5321 et
1065 5264 1388 5335 promittunt
1413 5276 1471 5330 se
1498 5258 1599 5330 ipsi
1633 5258 1684 5312 in
1704 5257 1916 5313 cithara

2124 4330 2427 4403 Ἀθανασίῳ
2458 4329 2514 4383 δὲ
2544 4325 2621 4399 τῷ
2662 4324 2801 4380 πάνυ
2831 4321 2930 4396 τὴν
2959 4319 3130 4391 αὐτὴν
3181 4313 3434 4371 ὗπόθεσιν
3467 4313 3622 4386 ἔχειν

2039 4428 2119 4501 τῷ
2162 4422 2587 4499 προτεταγμένῳ
2616 4419 2710 4474 καὶ
2732 4420 2760 4471 ὁ
2794 4414 2980 4488 παρὼν
3000 4414 3148 4468 δοκεῖ
3173 4409 3402 4482 ψαλμός.
3431 4409 3621 4501 Haec.

2040 4500 2289 4595 ἐρχονται
2338 4517 2445 4587 γὰρ
2475 4514 2634 4568 πάλιν
2671 4513 2722 4565 οἱ
2753 4510 2813 4575 ἐξ
2851 4506 3068 4580 Ἰσραὴλ
3095 4504 3193 4577 τὴν
3239 4502 3328 4557 διὰ
3369 4500 3619 4595 Χριστοῦ

2043 4594 2315 4684 σωτηρίαν
2370 4606 2695 4679 αἰτούμενοι.
2750 4603 2842 4657 Διὸ
2886 4617 3017 4672 φασι
3051 4596 3186 4667 πρὸς
3216 4596 3306 4650 τὸν
3335 4594 3561 4667 Πατέρα
3598 4608 3616 4627 ο

2052 4704 2519 4768 Ἐξαπόστειλον
2569 4698 2636 4752 τὸ
2684 4696 2808 4766 φῶς
2854 4709 2970 4748 σου
2996 4691 3094 4745 καὶ
3148 4688 3265 4757 τὴν
3317 4686 3619 4753 ἀλήθειάν

2034 4812 2172 4853 σου.
2207 4796 2378 4862 Αὐτὸς
2406 4794 2514 4865 γὰρ
2560 4792 2755 4853 αὐτοὺς
2805 4791 2884 4853 είς
2918 4787 2978 4841 τὸ
3011 4785 3166 4855 ἅγιον
3220 4782 3344 4854 ὅρος
3372 4779 3617 4848 εἰσάξειν

2033 4886 2254 4959 ἔμελλε*
2295 4884 2588 4947 τουτέστιν,
2629 4883 2709 4945 εἰς
2739 4880 2830 4934 τὸν
2874 4877 3101 4951 οὐρανὸν
3138 4875 3234 4929 καὶ
3265 4875 3345 4937 είς
3369 4870 3469 4933 τὰς
3496 4871 3616 4926 ἄνω

2036 4979 2202 5054 μονὰς
2227 4978 2312 5050 (ἃς
2334 4977 2428 5031 καὶ
2474 4972 2802 5045 σκηνώματα
2830 4968 3128 5042 ὀνομάζει),
3159 4969 3256 5022 καὶ
3279 4968 3359 5029 είς
3388 4964 3449 5017 τὸ
3479 4981 3616 5038 νοη-

2030 5073 2122 5128 τὸν
2156 5070 2568 5140 θυσιαστήριον·
2602 5066 2696 5119 καὶ
2725 5064 2886 5125 αὐτὸς
2913 5061 3090 5115 αὐτῶν
3122 5059 3345 5132 ἔμελλεν
3379 5057 3618 5128 εὐφραί-

2032 5179 2144 5220 νειν
2168 5160 2264 5232 τὴν
2291 5159 2537 5227 νεότητα.
2572 5154 2818 5225 Νεότητα
2843 5153 2899 5205 δὲ
2929 5149 3084 5205 καλεί
3109 5149 3208 5221 τὴν
3241 5150 3611 5219 εὐφροσύνην,

2030 5255 2128 5325 τὴν
2155 5253 2250 5307 καὶ
2271 5248 2669 5321 ἀνανεουμέντπν
2700 5245 2881 5302 αὐτῶν
2924 5244 3023 5317 τὴν
3048 5242 3247 5315 ψυχήν.
3279 5239 3374 5293 Διὸ
3424 5241 3487 5293 ἐν
3525 5255 3614 5292 κι-

422 5452 467 5483 ²²
496 5448 638 5505 Psal.
666 5463 757 5515 ιι,
790 5449 875 5501 ll.
953 5446 999 5476 "
1036 5444 1194 5496 Rom.
1230 5456 1308 5506 ιι,
1345 5439 1436 5494 τι.
1514 5437 1722 5493 “Psal.
1757 5450 1923 5499 xxxv,
1959 5433 2043 5489 ιο.

2124 5432 2132 5465 ¹
2160 5429 2293 5484 Luc.
2318 5443 2433 5494 xu,
2465 5427 2554 5483 45.

422 5614 535 5681 (65)
567 5612 902 5682 Εκρτρεειιηι
933 5623 997 5662 ex
1035 5606 1477 5682 interpretatione
1511 5605 1672 5675 hujus
1696 5600 1907 5676 psalmi.

428 5678 539 5749 (G6)
575 5678 697 5737 llaie
723 5681 989 5735 habentur
1012 5693 1172 5748 supra
1195 5678 1260 5733 ad
1293 5678 1436 5734 hunc
1464 5693 1701 5735 versum.

2026 5608 2044 5647 ι
2098 5598 2210 5671 (67)
2243 5596 2370 5671 llaec
2394 5592 2793 5671 nonhabentur
2819 5588 3071 5663 superius
3095 5586 3161 5646 ad
3192 5587 3339 5643 hunc
3355 5598 3608 5648 versum.

2094 5665 2207 5741 (68)
2243 5666 2378 5724 Vide
2406 5665 2538 5722 una.
3662 5668 3671 5687 ι
