3760 6270
171 269 298 328 56!

1100 265 1113 275 ’
1216 272 1641 333 FRAGMENTA
1676 272 2139 333 COMMENT:JN
2171 273 2508 330 PSALMOS.

3307 266 3425 331 ’569

174 382 335 455 ιάρᾳ
364 381 759 455 ὑπισχνοῦνται
786 382 1115 458 προσφέρειν
1144 360 1291 459 αὐτῷ
1326 389 1425 460 τὴν
1449 391 1734 461 ὲξομολόγη

1872 387 2152 443 oblaturos
2197 386 2618 443 confessionem.
2668 384 2771 442 Per
2804 385 3067 443 citharam
3108 399 3239 442 vero
3287 372 3423 458 sape

175 488 299 528 σιν.
325 473 587 545 Κιθάραν
611 473 671 527 δὲ
697 474 957 538 πολλάκις
982 476 1043 529 τὸ
1084 475 1243 547 σῶμα
1273 480 1411 533 νοεῖν
1443 477 1696 545 ἐδίδαξεν.

1874 494 2071 550 corpus
2104 479 2328 550 intelligi
2352 479 2558 536 docuit.

799 629 872 686 Et
897 631 951 685 in
973 631 1207 701 ejusdem
1226 634 1421 703 psalmi
1442 636 1614 702 verba,
1646 654 1663 686 ι
1699 636 1834 698 Quia
1858 644 1913 690 tu
1943 651 1996 689 es
2024 637 2164 694 Deus
2196 612 2675 708 fortitudo-meafs
2700 651 2748 690 υ.
2781 636 2837 691 2.

257 785 382 859 ('69)
414 788 783 854 ‘Aﬂardmoc,
815 789 1129 856 Κύριλλος,
1161 789 1543 858 Θεοὸὠρητος.
1574 790 1682 843 Καὶ
1709 792 1759 844 οἱ

1936 793 2280 857 Athanasius,
2307 791 2565 861 Cyrillus,
2607 789 2979 846 Theodoretus.
3006 789 3073 845 Et
3097 792 3187 861 qui
3218 807 3283 847 ex
3316 792 3419 848 cir-

174 881 246 934 ξκ
270 883 583 953 περιτομῆς
604 880 1096 952 μεταγινώσκοντες
1111 884 1435 955 κραταίωμα
1449 884 1651 936 ἑαυτῶν
1669 884 1734 937 τοί

1871 884 2196 940 cumcisione
2222 883 2575 954 resipiscunt,
2624 881 2792 937 Deum
2825 881 3226 938 ﬁrmamentum
3261 899 3421 939 suum

172 973 316 1026 Θεέον
370 974 802 1045 ἐπιγράφονται·
835 974 927 1027 καὶ
974 974 1021 1026 οἱ
1067 974 1126 1038 ἐξ
1170 973 1339 1028 ἐθνῶν
1374 974 1734 1028 πιστεύσαντι

1871 974 2238 1043 appellant:et
2267 974 2358 1043 qui
2388 988 2451 1028 ex
2490 970 2739 1042 gentibus
2761 1010 2777 1035 ,
2816 969 2993 1040 ipsum
3049 970 3421 1027 fortitudinem

170 1065 377 1118 τοῦτον
428 1066 586 1135 ἰσχὺν
640 1065 843 1118 ἑαυτῶν
883 1065 1153 1119 τίθενται·
1204 1067 1297 1118 καὶ
1328 1068 1376 1119 οἱ
1431 1066 1761 1137 αἰχμάλωτοι

173 1153 315 1225 παρ’
342 1153 512 1210 ἄλλον
546 1152 884 1227 λυτρωθῆναι
910 1154 1008 1208 οὐκ
1044 1154 1373 1219 ἐλπίζουσιν.

1864 1080 2017 1119 suam
2050 1065 2235 1119 dicunt
2265 1083 2276 1118 :
2318 1073 2372 1118 et
2400 1063 2495 1133 qui
2543 1062 2739 1132 captivi
2772 1074 2918 1126 sunt,
2951 1063 3019 1118 ab
3049 1064 3156 1120 alio
3185 1078 3244 1120 se
3288 1064 3422 1119 libe-

1863 1154 2064 1209 randos
2094 1169 2201 1208 non
2234 1163 2471 1223 sperant.

694 1312 831 1371 Item
860 1314 916 1368 in
950 1314 1054 1367 ista
1087 1312 1260 1376 verba,
1300 1332 1319 1365 ι
1355 1312 1653 1384 Conﬁtsbor
1676 1312 1771 1366 tibi
1798 1314 1851 1365 in
1882 1313 2112 1379 cithara,
2145 1315 2307 1381 Deus,
2343 1313 2482 1369 Deus
2511 1331 2672 1381 meus,
2715 1334 2737 1368 ι
2762 1332 2809 1372 υ.
2842 1315 2897 1372 ι.

260 1473 654 1541 ’λθανὰσιος,
679 1468 995 1539 Κύριλλος.
1030 1466 1274 1538 Κιθάραν
1302 1468 1362 1521 τὸ
1403 1468 1561 1539 σῶμα
1587 1466 1757 1536 λέγει,

168 1562 238 1616 δι’
267 1556 336 1616 οὗ
369 1561 615 1630 πέφυκεν
654 1562 683 1614 ό
710 1560 832 1623 νοῦς
877 1557 1272 1629 ἀνακρούεσθαι
1298 1596 1313 1621 ,
1362 1556 1611 1629 καθάπερ
1665 1558 1752 1612 διὰ

1936 1467 2280 1535 Athanasius,
2313 1468 2564 1539 Cyrillus.
2596 1467 2871 1524 Citharam
2916 1473 3149 1541 appellat
3198 1488 3417 1545 corpus,

1859 1573 1967 1627 quo
2009 1574 2163 1614 mens
2200 1576 2295 1630 per
2343 1575 2540 1616 sensus
2588 1561 2746 1631 quasi
2775 1576 2868 1630 per
2895 1563 3128 1619 chordas
3156 1566 3415 1634 quasdam

168 1651 391 1725 χορδῶν
422 1651 535 1704 τῶν
562 1648 939 1720 αἰσθητηρίων»
962 1646 1225 1718 μελῳδίαν
1252 1646 1586 1717 ἀναπέμπων
1615 1647 1732 1718 Θεῷ

1871 1652 2133 1707 :anticum
2165 1652 2273 1708 Deo
2299 1667 2517 1709 sursum
2542 1654 2726 1709 mittit.
2757 1652 3038 1723 Signiﬁcat
3086 1670 3214 1711 vero
3246 1658 3417 1712 citha-

168 1739 347 1810 Δηλοί
377 1738 438 1791 δὲ.
472 1739 505 1809 ἡ
544 1735 745 1806 κιθάρα
782 1734 877 1788 καὶ
922 1734 1021 1804 τὴν
1056 1732 1318 1802 νέκρωσιν
1347 1732 1439 1784 τοῦ
1467 1731 1713 1803 σώματος
1737 1773 1752 1797 ,

167 1832 265 1885 καὶ
292 1830 398 1901 τὴν
414 1827 731 1899 συμφωνίαν
750 1825 1103 1897 τῶνάρετῶν.
1124 1824 1234 1896 Τὴν
1259 1825 1357 1895 μὲν
1371 1823 1478 1897 γὰρ
1492 1825 1756 1896 νέκρωσιν

164 1924 225 1976 αι
260 1922 488 1993 νευραὶ,
509 1920 608 1992 τὴν
631 1920 687 1973 δὲ
711 1918 1023 1990 συμφωνίαν
1056 1920 1112 1971 αἱ
1141 1918 1392 1990 ἁρμονίαι
1414 1920 1752 1975 αἰνίττονται.

167 2012 395 2077 Ἔδειξε
418 2012 477 2065 δὲ
496 2013 592 2083 τὴν
613 2012 710 2082 μὲν
728 2011 1055 2082 φαιδρότητα
1069 2012 1134 2081 τῇ
1156 2011 1252 2082 τῆς
1273 2011 1502 2083 κιθάρας
1517 2013 1757 2084 προσθή-

164 2118 265 2174 κῃ,
280 2101 386 2172 τὴν
406 2102 467 2154 δὲ
488 2101 708 2171 ἀγάπην
724 2101 783 2153 ὲν
797 2103 859 2171 τῇ
881 2100 1256 2171 προσφωνήσει
1269 2103 1334 2171 τῇ
1347 2101 1426 2165 δὶς
1447 2101 1757 2172 ἐπαναλαμ-

164 2192 478 2265 εινομένῃο
495 2192 557 2244 Ὀ
572 2191 715 2257 Θεὸς
727 2190 852 2261 γάρ,
867 2190 1048 2261 φησὶν,
1069 2194 1099 2244 ὀ
1119 2193 1261 2256 Θεός
1276 2192 1538 2260 μου.“Ῑνα
1557 2192 1753 2266 μάθῃς,

166 2286 251 2336 ὅτι
270 2284 370 2336 τὸν
395 2284 490 2335 ἐπὶ
508 2282 724 2335 πάντων
742 2280 895 2347 Θεὸν,
912 2280 1096 2335 τοῦτον
1113 2282 1388 2353 ἐξαίρετον
1404 2281 1533 2337 Θεὸν
1554 2283 1638 2337 διὰ
1654 2266 1755 2355 ζῆλ

167 2375 264 2428 λον
299 2374 401 2427 καὶ
428 2374 608 2427 πίστιν
644 2375 692 2426 οἱ
719 2375 782 2426 ἐκ
804 2373 1102 2445 περιτομῆς
1126 2372 1639 2443 μεταγινώσκοντες,
1659 2379 1755 2430 καὶ

168 2468 221 2520 οἱ
252 2465 327 2531 ἐξ
359 2465 532 2519 ἐθνῶν
584 2464 928 2528 πιστεύοντες
989 2462 1379 2536 ἐπιγράφονται
1416 2480 1431 2494 ⁸
1467 2460 1548 2530 οἷς
1582 2470 1675 2520 καὶ¹
1719 2470 1751 2540 ὴ

169 2558 531 2629 πνευματικὴ
557 2557 745 2625 νεότης
769 2556 1133 2627 εὐφραίνεται,
1159 2557 1541 2627 ἀντικειμένως
1560 2559 1756 2628 ἔχουσα

171 2650 323 2721 πρὸς
350 2649 445 2702 τὸν
488 2648 718 2703 παλαιὸν
745 2648 838 2700 άνθ
849 2665 1047 2719 ρωπον.
1076 2648 1251 2713 Μόνος
1299 2649 1407 2721 γὰρ
1436 2651 1463 2703 ὁ
1488 2651 1756 2720 πνεύματι

170 2740 271 2791 καὶ
309 2738 624 2809 φρονήματι
651 2737 855 2801 νεάζων
883 2738 1156 2806 συγγενῶς
1190 2737 1266 2808 τῷ
1292 2738 1461 2810 καινῷ
1489 2740 1756 2815 ἀνθρώπῳ

167 2830 270 2881 καὶ
296 2832 364 2900 τῇ
393 2829 668 2899 καινότητι
694 2828 787 2882 τοῦ
805 2830 1108 2900 πνεύματος
1127 2831 1315 2884 εἴσεισι
1340 2832 1475 2905 πρὸς
1491 2833 1580 2889 τὸν
1602 2833 1752 2903 Θεὸν,

170 2920 269 2974 τὸν
299 2922 667 2993 εὐφραίνοντα
692 2923 790 2994 τὴν
814 2924 1064 2996 τοιαύτην
1095 2925 1344 2994 νεότητα.

1858 1760 1938 1810 ra,
1972 1753 2085 1799 tum
2135 1745 2607 1802 mortiﬁcationem
2663 1747 2930 1817 corporis,
2960 1756 3073 1801 tum
3105 1762 3419 1803 consonan-

1859 1835 1987 1891 tiam
2024 1837 2308 1891 virtutum.
2338 1835 2473 1892 Nam
2519 1838 3017 1904 mortiﬁcationem,
3059 1839 3244 1894 nervi:
3286 1854 3417 1894 con-

1857 1929 2167 1983 sonantiam
2205 1946 2334 1985 vero
2393 1930 2693 1986 harmonia:
2718 1930 2971 1986 innuunt.
3013 1930 3418 1987 Demonstravit

1857 2028 2037 2074 autem
2074 2019 2403 2075 hilaritatem
2430 2020 2646 2091 quidem
2697 2020 3001 2089 adiectione
3031 2022 3286 2077 cithara:
3334 2022 3417 2077 die

1856 2111 2141 2166 lectionem
2178 2120 2381 2177 autem,
2418 2112 2472 2166 in
2511 2112 2838 2167 allocutione
2884 2113 2978 2167 illa
3026 2113 3111 2168 bis
3166 2113 3412 2183 repetita.

1854 2202 1989 2258 Nam
2037 2204 2259 2274 inquit:
2300 2204 2439 2258 Deus
2494 2202 2635 2257 Deus
2661 2220 2855 2258 meus:
2911 2213 2970 2258 ut
3022 2205 3202 2260 discas
3268 2207 3415 2275 quod

1856 2294 2024 2350 Deum
2060 2296 2233 2363 illum,
2261 2297 2351 2365 qui
2381 2312 2544 2366 supra
2576 2296 2756 2351 omnia
2786 2304 2888 2360 est,
2914 2298 3059 2350 hunc
3100 2296 3268 2350 Deum
3294 2296 3413 2351 exi-

1856 2387 2023 2443 mium
2079 2396 2297 2457 propter
2331 2387 2506 2442 zelum
2538 2395 2591 2441 et
2631 2386 2810 2453 Iidem,
2850 2387 2942 2456 qui
2999 2402 3063 2441 ex
3122 2386 3413 2442 circumci-

1856 2479 2007 2535 sione
2032 2481 2393 2550 resipucrunt,
2430 2488 2484 2533 et
2513 2479 2606 2548 qui
2642 2495 2706 2533 ex
2743 2479 2993 2548 gentibus
3025 2478 3410 2544 crediderunt,

1857 2570 2145 2639 appellant.
2192 2569 2402 2636 Quibus
2437 2568 2601 2624 etiam
2640 2569 2938 2638 spiritualis
2975 2569 3233 2637 juventus
3260 2567 3411 2621 la:ta~

1857 2669 1966 2726 tur,
1994 2677 2305 2732 repugnans
2338 2661 2502 2715 veteri
2540 2660 2766 2714 homini.
2821 2661 2915 2715 Ille
2954 2660 3097 2714 enim
3135 2660 3285 2714 solus
3318 2674 3412 2713 ac—

1857 2752 2000 2807 cedit
2022 2752 2087 2806 ad
2124 2752 2293 2806 Deum
2333 2751 2726 2807 exhilarantem
2787 2752 3053 2820 ejusmodi
3106 2753 3411 2821 juventam,

1856 2841 1949 2909 qui
1983 2841 2177 2910 spiritu
2211 2848 2265 2895 et
2310 2848 2489 2896 mente
2534 2850 2828 2896 renovatur
2881 2842 3239 2900 consimiliter
3269 2855 3410 2896 novo

1857 2931 2067 2986 homini
2102 2940 2155 2986 et
2182 2932 2410 2987 novitati
2438 2930 2683 3001 spiritus.

1386 3082 1452 3137 Et
1481 3084 1532 3138 in
1566 3087 1813 3155 prooemio
1839 3086 1978 3157 psal.
2016 3102 2172 3142 mu.

266 3235 364 3306 70)
403 3233 561 3288 Κατὰ
594 3250 691 3305 μιν
712 3250 802 3288 τον
844 3234 1012 3305 μέγαν
1060 3234 1394 3300 Ἀθανάσιον,
1422 3237 1502 3291 ἔτι
1533 3240 1627 3292 καὶ
1663 3230 1734 3294 οῦ-

1929 3239 2235 3296 Secundum
2265 3241 2485 3312 quidem
2526 3256 2778 3313 magnum
2831 3241 3207 3307 Athanasium,
3251 3244 3411 3301 etiam

170 3345 261 3391 τος
293 3331 326 3382 ὁ
350 3326 568 3397 ψαλμδς
620 3325 719 3397 τῆς
750 3326 919 3395 αὐτῆς
959 3327 1266 3393 ὑποθέσεως
1316 3329 1516 3400 ἔχεται,
1567 3333 1664 3396 τάς
1695 3349 1754 3386 τε

172 3418 417 3480 παλαιὰς
469 3416 785 3487 εὐεργεσίας
831 3418 1196 3489 διηγουμένων
1246 3420 1351 3474 τῶν
1390 3422 1448 3487 ἐξ
1517 3421 1747 3494 Ἰσραὴλ,

174 3507 701 3579 μεταγινωσκόντων
728 3508 820 3562 καὶ
849 3508 1252 3581 προσληφθῆναι
1281 3509 1569 3575 ἀξιούντων
1600 3514 1750 3584 παρὰ

174 3596 442 3670 Χριστοῦ,
478 3595 567 3650 διὰ
590 3596 650 3649 τὺ
679 3596 826 3668 αὐτῷ
859 3598 1256 3669 ἐπιγράφεσθαι
1281 3601 1379 3672 τὴν
1417 3600 1624 3664 ἐλπίδα,
1658 3603 1750 3656 καὶ
1778 3602 1784 3609 ’

171 3691 265 3743 ἐπὶ
297 3689 381 3759 τῷ
409 3688 636 3758 ὀνόματι
670 3688 831 3742 αὐτοῦ
875 3688 1309 3760 ἐξομολογεῖσθαι
1335 3707 1346 3720 ⁸
1382 3690 1520 3745 κατὰ
1563 3692 1618 3746 δὲ
1660 3695 1749 3749 τὸν

172 3780 511 3853 χρυσολόγον
536 3779 773 3852 Πατέρα,
808 3798 865 3836 κ.
887 3799 938 3836 τ.
956 3781 1005 3835 λ.

1861 3331 1949 3387 hic
1980 3333 2220 3402 psalmus
2273 3334 2512 3404 ejusdem
2547 3334 2849 3403 argumenti
2908 3343 2990 3388 est
3037 3349 3160 3388 cum
3215 3350 3411 3404 prazcc-

1854 3424 2123 3485 dentibus,
2179 3439 2243 3479 eo
2277 3424 2421 3493 quod
2469 3433 2691 3478 narrent
2724 3423 2980 3478 lsraelitze
3019 3431 3199 3478 vetera
3234 3423 3325 3478 Dei
3359 3426 3410 3480 in

1857 3530 1914 3569 se
1941 3514 2223 3576 beneﬁcia,
2257 3530 2320 3569 ac
2349 3515 2731 3583 resipiscentcs
2761 3522 2917 3569 orent
2955 3515 3123 3586 recipi
3173 3530 3203 3569 a
3252 3516 3413 3570 Chri-

1856 3614 1963 3669 sto,
1997 3614 2279 3675 propterea
2340 3605 2485 3676 quod
2520 3619 2668 3674 spem
2726 3620 2879 3659 suam
2914 3605 2967 3658 in
3004 3606 3123 3675 ipso
3161 3616 3364 3674 ponant
3396 3645 3411 3667 ,

1858 3706 1911 3751 ct
1942 3697 2147 3750 nomini
2200 3696 2372 3766 ipsius
2425 3696 2830 3751 conﬁteantur:
2869 3706 2923 3749 at
2965 3695 3264 3750 secundum
3315 3711 3413 3751 au-

1857 3801 1982 3841 reos
2012 3800 2294 3840 sermones
2329 3785 2643 3840 fundentem
2675 3770 2908 3852 Patrem,
2950 3792 3053 3839 etc.

946 3939 1081 3996 Item
1110 3943 1163 3995 iu
1198 3942 1296 3997 illa
1330 3944 1482 3998 uerba
1516 3946 1768 4013 ejusdem,
1811 3946 2178 4003 t-Conuertisti
2219 3963 2309 4002 nos
2342 3959 2643 4004 retrorsum.
2685 3966 2703 3988 ι

231 4100 287 4171 (7
298 4099 319 4153 1
332 4101 353 4167 )
369 4098 736 4164 Ἀθανάσιος.
749 4096 947 4163 Πάλαι,
960 4096 1114 4167 φησὶ,
1137 4102 1589 4171 συνεστρατήγεις
1602 4101 1751 4171 ἡμῖν’

179 4190 268 4247 οὖν
298 4192 361 4245 δὲ
394 4191 459 4243 οὐ
495 4189 655 4262 μόνον
683 4191 742 4242 οὐ
768 4188 1003 4261 συνέρχη
1029 4190 1180 4259 ἡμῖν,
1210 4188 1343 4242 ἀλλὰ
1368 4191 1461 4243 καὶ
1489 4190 1753 4261 ἀπέστρε-

171 4284 282 4352 ψας
323 4283 474 4354 ἡμᾶς
498 4322 514 4347 ,
563 4280 658 4335 καὶ
701 4280 961 4351 ἐσχάτους
994 4278 1186 4346 ἔταξας
1235 4280 1433 4345 παντὸς
1484 4281 1742 4335 ἐναντίου·

1937 4101 2277 4158 Athanasius.
2293 4101 2455 4168 Olim,
2472 4100 2665 4171 inquit,
2681 4100 2843 4156 simul
2859 4099 3140 4157 nobiscum
3155 4099 3219 4153 ad
3233 4099 3413 4170 praelia

1858 4194 2045 4249 exibas
2074 4210 2250 4249 :nunc
2276 4209 2401 4249 vero
2422 4209 2528 4247 non
2552 4191 2709 4246 modo
2737 4208 2847 4247 non
2875 4190 3125 4261 adjungis
3155 4200 3207 4244 te
3235 4189 3410 4252 nobis,

1854 4284 1947 4341 sed
1963 4293 2016 4340 et
2034 4284 2274 4340 avertisti
2295 4299 2417 4346 nos,
2438 4290 2492 4338 et
2508 4282 2787 4351 subjecisli
2817 4297 2917 4338 nos
2934 4281 3184 4339 omnibus
3216 4280 3413 4333 nostris

170 4372 247 4439 ὡς
280 4375 380 4429 καὶ
440 4376 553 4438 τοῖς
599 4372 849 4445 μισοῦσιν
893 4374 1038 4445 ἡμᾶς
1089 4373 1340 4443 γενέσθαι
1389 4376 1468 4438 είς
1518 4375 1734 4448 διαρπα-

1873 4378 2102 4441 nimicis,
2119 4377 2252 4432 adeo
2266 4385 2326 4430 ut
2344 4376 2506 4430 etiam
2531 4374 2708 4445 praeda
2727 4372 2855 4428 facti
2874 4375 3045 4428 simus
3068 4372 3194 4427 odio
3214 4370 3413 4427 habetu-

170 4468 299 4539 τήν.
377 4467 492 4519 Καὶ
543 4466 901 4538 περιέστηκεν
955 4467 1101 4538 ἡμᾶς
1145 4468 1179 4537 ὴ
1231 4466 1350 4518 τότε
1403 4466 1734 4536 κατασχοῦσα

1873 4468 1996 4522 ibus
2018 4482 2140 4522 nos.
2185 4465 2606 4535 Comprehendit
2633 4463 2795 4518 etiam
2824 4479 2924 4519 nos
2962 4460 3415 4534 ignominia,quae

173 4558 302 4620 τοὺς
330 4556 626 4626 πολεμίους
657 4556 906 4627 αἰσχύνη,
932 4556 1024 4612 καὶ
1052 4556 1354 4626 γεγόναμεν
1377 4555 1734 4627 ὴλαττωμένοι

1871 4560 1980 4614 »1ἱηι
1998 4557 2248 4614 inimicos
2270 4565 2488 4612 nostros
2505 4556 2738 4621 tenebat,
2759 4563 2813 4611 et
2829 4554 3037 4611 subacti
3057 4569 3249 4610 sumus
3261 4553 3330 4608 ab
3347 4554 3413 4610 iis

173 4649 307 4719 παρ’
337 4647 570 4710 ἐκείνοις
617 4642 692 4701 ὧν
722 4647 1058 4719 ἐκρατοῦμεν
1081 4647 1141 4700 τὸ
1173 4647 1457 4719 πρότερον,
1487 4647 1579 4699 καὶ
1600 4645 1750 4717 διηρ-

172 4736 469 4808 πάσθημεν
500 4736 592 4790 ὑπ’
645 4736 824 4790 αὐτῶν
870 4735 963 4800 οὓς
1012 4736 1413 4808 διηρπάσαμεν.
1463 4735 1645 4789 Ταῦτα
1690 4735 1748 4789 δέ

172 4844 340 4901 φησιν
383 4829 415 4881 ὁ
449 4829 608 4900 χορὸς
638 4829 668 4880 ὁ
698 4829 1031 4900 προφητικος
1072 4827 1212 4883 κατὰ
1250 4828 1343 4883 τὸν
1385 4828 1553 4901 μέγαν
1591 4828 1757 4883 Ἀθα-η

174 4922 359 4974 νάσιον
392 4921 530 4990 (72),
558 4920 924 4992 οίκοιούμενος
966 4920 1063 4976 τοῦ
1111 4920 1239 4975 λαοῦ
1282 4922 1381 4986 τὰς
1423 4922 1707 4994 συμφοράς
1733 4939 1747 4955 ο

174 5013 314 5067 κατὰ
343 5012 405 5066 δὲ
426 5013 552 5077 τοὺς
579 5012 792 5078 ἄλλους,
823 5017 851 5068 ό
875 5013 984 5068 τῶν
1010 5013 1385 5068 Μακκασαίων
1426 5018 1673 5086 στρατός.

1852 4648 2050 4717 quibus
2063 4656 2189 4702 ante
2203 4645 2640 4713 dominabamur,
2658 4646 2853 4717 direpti
2872 4646 3106 4717 denique
3129 4661 3319 4701 sumus
3347 4647 3415 4699 ab

1856 4738 1924 4793 iis
1954 4753 2093 4809 quos
2118 4736 2461 4807 diripuimus.
2503 4736 2627 4793 Haec
2652 4752 2816 4809 porro
2839 4736 3002 4792 verba
3031 4750 3095 4791 ex
3147 4734 3415 4791 sententia

1857 4828 2040 4900 magni
2070 4829 2357 4885 Athanasii
2402 4837 2530 4885 sunt
2577 4829 2730 4885 chori
2774 4826 3097 4899 prophetici,
3131 4823 3413 4881 calamita-

1857 4933 1939 4977 tes
1970 4922 2156 4992 populi
2215 4923 2371 4994 quasi
2410 4923 2512 4978 sibi
2565 4922 2738 4978 factas
2787 4921 3136 4992 reputantis:
3192 4926 3263 4979 ut,
3286 4930 3414 4978 vero

1857 5014 1980 5070 aliis
2008 5015 2207 5085 placet,
2239 5016 2512 5071 exercitus
2538 5013 2993 5093 Machahasorum.

808 5168 1037 5224 Rursum
1079 5170 1132 5224 iu
1168 5170 1365 5226 verba:
1399 5189 1418 5224 ι
1451 5170 1786 5227 Oblivisceris
1814 5172 2144 5241 paupertatis
2179 5180 2393 5236 nostra’,
2433 5190 2451 5224 ι
2484 5182 2609 5236 etc.,
2641 5188 2689 5228 υ.
2720 5169 2835 5227 2⁸5..

248 5284 360 5357 (75)
416 5284 780 5354 Ἀθανάὸ-ιος.
828 5287 1023 5359 Ὕπνῳ
1070 5289 1173 5359 μὲν
1214 5283 1307 5342 οὖν
1352 5288 1753 5361 παραϐάλλουσι

250 5447 359 5518 (69)
384 5444 533 5502 Nihil
567 5448 762 5502 horum
799 5445 1031 5503 habetur
1055 5447 1307 5519 superius
1339 5448 1406 5504 ad
1444 5449 1587 5505 hunc
1610 5465 1751 5522 psai-

182 5532 363 5661 ηἲξῖί)
396 5588 721 5661 Hujusmodi
744 5559 1157 5661 argumentum.
1178 5590 1321 5660 quod
1354 5587 1565 5661 videtur
1615 5607 1745 5649 sane

232 5657 497 5728 thanasii,
525 5675 635 5717 non
670 5657 902 5715 habetur
931 5660 984 5714 in
1014 5657 1464 5717 Exnositiouibus.
1490 5690 1499 5706 ι

1933 5289 2283 5347 Athanasius.
2320 5289 2525 5348 Somno
2554 5291 2719 5362 igitur
2757 5293 3072 5358 comparant
3100 5284 3413 5340 diuturnam

1933 5453 2043 5523 (7|)
2067 5452 2191 5509 Haec
2207 5452 2455 5522 superius
2485 5450 2548 5504 ad
2572 5450 2716 5504 hunc
2746 5462 2983 5513 versum,
3006 5445 3097 5502 sed
3134 5443 3409 5515 pauciora.

1934 5524 2047 5593 (772)
2076 5523 2207 5578 Vide
2242 5523 2461 5576 ibidem.

1935 5586 2047 5666 (75}
2071 5593 2195 5652 Haec
2221 5594 2415 5651 desunt
2442 5594 2497 5647 in
2522 5586 2955 5660 Expositiouibus
2984 5600 3167 5657 supra.
