  <div class='ocr_page' id='page_1' title='image "/cluster/home/n/w/nwhite01/storage/ocr_20150623/27/hvd.32044014174452/311.png"; bbox 0 0 3760 6270; ppageno 0'>
   <div class='ocr_carea' id='block_1_1' title="bbox 373 217 1934 320">
    <p class='ocr_par' dir='ltr' id='par_1_1' title="bbox 373 246 1934 320">
     <span class='ocr_line' id='line_1_1' title="bbox 373 246 1934 320; baseline -0.012 0"><span class='ocrx_word' id='word_1_1' title='bbox 373 263 478 320; x_wconf 78' lang='lat'><strong>563</strong></span> <span class='ocrx_word' id='word_1_2' title='bbox 1216 254 1273 311; x_wconf 69' lang='grc' dir='ltr'><strong>δ’.</strong></span> <span class='ocrx_word' id='word_1_3' title='bbox 1315 246 1682 309; x_wconf 73' lang='lat' dir='ltr'><strong>ATHANASII</strong></span> <span class='ocrx_word' id='word_1_4' title='bbox 1717 247 1869 303; x_wconf 82' lang='lat' dir='ltr'><strong>OPP.</strong></span> <span class='ocrx_word' id='word_1_5' title='bbox 1924 247 1934 302; x_wconf 82' lang='grc'><strong>1</strong></span> 
     </span>
    </p>
   </div>
   <div class='ocr_carea' id='block_1_2' title="bbox 2075 217 3615 320">
    <p class='ocr_par' dir='ltr' id='par_1_2' title="bbox 2075 217 3615 300">
     <span class='ocr_line' id='line_1_2' title="bbox 2075 217 3615 300; baseline -0.008 0"><span class='ocrx_word' id='word_1_6' title='bbox 2075 244 2104 300; x_wconf 83' lang='lat' dir='ltr'><strong>s</strong></span> <span class='ocrx_word' id='word_1_7' title='bbox 2140 243 2228 300; x_wconf 80' lang='lat' dir='ltr'><strong>lu.</strong></span> <span class='ocrx_word' id='word_1_8' title='bbox 2266 228 2340 288; x_wconf 70' lang='grc' dir='ltr'><strong>έ-</strong></span> <span class='ocrx_word' id='word_1_9' title='bbox 2378 217 2800 300; x_wconf 67' lang='lat' dir='ltr'><strong>Exscmcs.‘</strong></span> <span class='ocrx_word' id='word_1_10' title='bbox 3482 229 3615 288; x_wconf 68' lang='lat' dir='ltr'><strong>ass</strong></span> 
     </span>
    </p>
   </div>
   <div class='ocr_carea' id='block_1_3' title="bbox 367 348 1934 442">
    <p class='ocr_par' dir='ltr' id='par_1_3' title="bbox 367 365 1919 442">
     <span class='ocr_line' id='line_1_3' title="bbox 367 365 1919 442; baseline -0.014 -6"><span class='ocrx_word' id='word_1_11' title='bbox 367 379 463 436; x_wconf 73' lang='lat' dir='ltr'><strong>Dei</strong></span> <span class='ocrx_word' id='word_1_12' title='bbox 501 375 836 439; x_wconf 75' lang='lat' dir='ltr'><strong>dilationem,</strong></span> <span class='ocrx_word' id='word_1_13' title='bbox 886 385 990 442; x_wconf 89' lang='lat' dir='ltr'><strong>qua</strong></span> <span class='ocrx_word' id='word_1_14' title='bbox 1025 384 1158 424; x_wconf 87' lang='lat' dir='ltr'><strong>usus</strong></span> <span class='ocrx_word' id='word_1_15' title='bbox 1202 377 1285 423; x_wconf 90' lang='lat' dir='ltr'><strong>est</strong></span> <span class='ocrx_word' id='word_1_16' title='bbox 1333 382 1462 436; x_wconf 70' lang='lat' dir='ltr'><strong>erga</strong></span> <span class='ocrx_word' id='word_1_17' title='bbox 1511 365 1753 439; x_wconf 86' lang='lat' dir='ltr'><strong>ipsorum</strong></span> <span class='ocrx_word' id='word_1_18' title='bbox 1793 376 1919 432; x_wconf 80' lang='lat' dir='ltr'><strong>pec-</strong></span> 
     </span>
    </p>
   </div>
   <div class='ocr_carea' id='block_1_4' title="bbox 2075 348 3609 442">
    <p class='ocr_par' dir='ltr' id='par_1_4' title="bbox 2075 348 3609 431">
     <span class='ocr_line' id='line_1_4' title="bbox 2075 348 3609 431; baseline -0.006 -18"><span class='ocrx_word' id='word_1_19' title='bbox 2075 377 2117 431; x_wconf 69' lang='grc' dir='ltr'>ιν</span> <span class='ocrx_word' id='word_1_20' title='bbox 2155 358 2355 429; x_wconf 73' lang='grc' dir='ltr'>πολλὴν</span> <span class='ocrx_word' id='word_1_21' title='bbox 2409 356 2606 428; x_wconf 84' lang='grc' dir='ltr'>ἀνοχὴν</span> <span class='ocrx_word' id='word_1_22' title='bbox 2653 355 2750 409; x_wconf 89' lang='grc' dir='ltr'><strong>τοῦ</strong></span> <span class='ocrx_word' id='word_1_23' title='bbox 2785 354 2923 407; x_wconf 79' lang='grc' dir='ltr'>Θεοῦ</span> <span class='ocrx_word' id='word_1_24' title='bbox 2946 353 3013 424; x_wconf 69' lang='grc' dir='ltr'>ἣν</span> <span class='ocrx_word' id='word_1_25' title='bbox 3060 351 3294 405; x_wconf 77' lang='grc' dir='ltr'>ἐποιεῖτο</span> <span class='ocrx_word' id='word_1_26' title='bbox 3338 348 3430 404; x_wconf 75' lang='grc' dir='ltr'><strong>διὰ</strong></span> <span class='ocrx_word' id='word_1_27' title='bbox 3485 350 3609 414; x_wconf 71' lang='grc' dir='ltr'>τὰς</span> 
     </span>
    </p>
   </div>
   <div class='ocr_carea' id='block_1_5' title="bbox 367 441 1934 525">
    <p class='ocr_par' dir='ltr' id='par_1_5' title="bbox 367 441 1924 525">
     <span class='ocr_line' id='line_1_5' title="bbox 367 441 1924 525; baseline -0.01 -4"><span class='ocrx_word' id='word_1_28' title='bbox 367 474 511 522; x_wconf 89' lang='lat' dir='ltr'><strong>cata.</strong></span> <span class='ocrx_word' id='word_1_29' title='bbox 539 461 837 517; x_wconf 88' lang='lat' dir='ltr'><strong>Precantur</strong></span> <span class='ocrx_word' id='word_1_30' title='bbox 870 441 1020 523; x_wconf 87' lang='lat' dir='ltr'><strong>vero,</strong></span> <span class='ocrx_word' id='word_1_31' title='bbox 1057 467 1116 512; x_wconf 93' lang='lat' dir='ltr'><strong>ut</strong></span> <span class='ocrx_word' id='word_1_32' title='bbox 1142 457 1244 511; x_wconf 84' lang='lat' dir='ltr'><strong>sibi</strong></span> <span class='ocrx_word' id='word_1_33' title='bbox 1275 457 1557 525; x_wconf 79' lang='lat' dir='ltr'><strong>contingat</strong></span> <span class='ocrx_word' id='word_1_34' title='bbox 1582 455 1672 509; x_wconf 88' lang='lat' dir='ltr'><strong>ille</strong></span> <span class='ocrx_word' id='word_1_35' title='bbox 1720 451 1924 507; x_wconf 75' lang='lat' dir='ltr'><strong>Christi</strong></span> 
     </span>
    </p>
   </div>
   <div class='ocr_carea' id='block_1_6' title="bbox 2075 441 3611 525">
    <p class='ocr_par' dir='ltr' id='par_1_6' title="bbox 2075 441 3611 522">
     <span class='ocr_line' id='line_1_6' title="bbox 2075 441 3611 522; baseline -0.005 -19"><span class='ocrx_word' id='word_1_36' title='bbox 2075 450 2297 522; x_wconf 84' lang='grc' dir='ltr'>μαρτίας</span> <span class='ocrx_word' id='word_1_37' title='bbox 2328 448 2527 503; x_wconf 78' lang='grc' dir='ltr'>αὐτῶν.</span> <span class='ocrx_word' id='word_1_38' title='bbox 2568 446 2831 518; x_wconf 77' lang='grc' dir='ltr'>Εῦχονται</span> <span class='ocrx_word' id='word_1_39' title='bbox 2882 444 2939 498; x_wconf 81' lang='grc' dir='ltr'>δὲ</span> <span class='ocrx_word' id='word_1_40' title='bbox 2989 442 3205 513; x_wconf 77' lang='grc' dir='ltr'>δοθῆναι</span> <span class='ocrx_word' id='word_1_41' title='bbox 3254 441 3437 505; x_wconf 75' lang='grc' dir='ltr'>αὐτοῖς</span> <span class='ocrx_word' id='word_1_42' title='bbox 3485 442 3611 513; x_wconf 78' lang='grc' dir='ltr'>τὴν</span> 
     </span>
    </p>
   </div>
   <div class='ocr_carea' id='block_1_7' title="bbox 364 549 1923 629">
    <p class='ocr_par' dir='ltr' id='par_1_7' title="bbox 364 549 1923 629">
     <span class='ocr_line' id='line_1_7' title="bbox 364 549 1923 629; baseline -0.01 -15"><span class='ocrx_word' id='word_1_43' title='bbox 364 560 651 622; x_wconf 70' lang='lat' dir='ltr'><strong>adventus,</strong></span> <span class='ocrx_word' id='word_1_44' title='bbox 685 556 776 626; x_wconf 90' lang='lat' dir='ltr'><strong>qui</strong></span> <span class='ocrx_word' id='word_1_45' title='bbox 830 553 1206 613; x_wconf 81' lang='lat' dir='ltr'><strong>subextrema</strong></span> <span class='ocrx_word' id='word_1_46' title='bbox 1243 558 1488 629; x_wconf 86' lang='lat' dir='ltr'><strong>tempora</strong></span> <span class='ocrx_word' id='word_1_47' title='bbox 1521 549 1739 608; x_wconf 87' lang='lat' dir='ltr'><strong>futurus</strong></span> <span class='ocrx_word' id='word_1_48' title='bbox 1787 555 1923 610; x_wconf 83' lang='lat' dir='ltr'><strong>erat,</strong></span> 
     </span>
    </p>
   </div>
   <div class='ocr_carea' id='block_1_8' title="bbox 363 640 1929 720">
    <p class='ocr_par' dir='ltr' id='par_1_8' title="bbox 363 640 1929 720">
     <span class='ocr_line' id='line_1_8' title="bbox 363 640 1929 720; baseline -0.01 -13"><span class='ocrx_word' id='word_1_49' title='bbox 363 668 434 707; x_wconf 88' lang='lat' dir='ltr'><strong>ne</strong></span> <span class='ocrx_word' id='word_1_50' title='bbox 467 658 714 720; x_wconf 78' lang='lat' dir='ltr'><strong>expertes</strong></span> <span class='ocrx_word' id='word_1_51' title='bbox 746 647 856 702; x_wconf 87' lang='lat' dir='ltr'><strong>sint</strong></span> <span class='ocrx_word' id='word_1_52' title='bbox 888 644 1008 699; x_wconf 67' lang='lat' dir='ltr'><strong>vitae</strong></span> <span class='ocrx_word' id='word_1_53' title='bbox 1028 684 1043 707; x_wconf 87' lang='lat'><strong>,</strong></span> <span class='ocrx_word' id='word_1_54' title='bbox 1077 658 1202 713; x_wconf 66' lang='lat' dir='ltr'><strong>quae</strong></span> <span class='ocrx_word' id='word_1_55' title='bbox 1236 644 1304 698; x_wconf 89' lang='lat' dir='ltr'><strong>ab</strong></span> <span class='ocrx_word' id='word_1_56' title='bbox 1334 644 1452 713; x_wconf 89' lang='lat' dir='ltr'><strong>ipso</strong></span> <span class='ocrx_word' id='word_1_57' title='bbox 1499 650 1619 697; x_wconf 90' lang='lat' dir='ltr'><strong>est:</strong></span> <span class='ocrx_word' id='word_1_58' title='bbox 1654 650 1814 708; x_wconf 89' lang='lat' dir='ltr'><strong>atque</strong></span> <span class='ocrx_word' id='word_1_59' title='bbox 1844 640 1929 692; x_wconf 85' lang='lat' dir='ltr'><strong>in-</strong></span> 
     </span>
    </p>
   </div>
   <div class='ocr_carea' id='block_1_9' title="bbox 364 730 1926 811">
    <p class='ocr_par' dir='ltr' id='par_1_9' title="bbox 364 730 1926 811">
     <span class='ocr_line' id='line_1_9' title="bbox 364 730 1926 811; baseline -0.008 -16"><span class='ocrx_word' id='word_1_60' title='bbox 364 741 594 811; x_wconf 86' lang='lat' dir='ltr'><strong>quiunt:</strong></span> <span class='ocrx_word' id='word_1_61' title='bbox 623 736 733 792; x_wconf 86' lang='lat' dir='ltr'><strong>Cur</strong></span> <span class='ocrx_word' id='word_1_62' title='bbox 754 736 1032 790; x_wconf 74' lang='lat' dir='ltr'><strong>abscondis</strong></span> <span class='ocrx_word' id='word_1_63' title='bbox 1085 733 1275 804; x_wconf 81' lang='lat' dir='ltr'><strong>faciem</strong></span> <span class='ocrx_word' id='word_1_64' title='bbox 1320 743 1485 796; x_wconf 89' lang='lat' dir='ltr'><strong>tuam,</strong></span> <span class='ocrx_word' id='word_1_65' title='bbox 1522 742 1572 791; x_wconf 83' lang='lat' dir='ltr'><strong>et</strong></span> <span class='ocrx_word' id='word_1_66' title='bbox 1609 730 1926 784; x_wconf 72' lang='lat' dir='ltr'><strong>obliviscaris</strong></span> 
     </span>
    </p>
   </div>
   <div class='ocr_carea' id='block_1_10' title="bbox 364 822 1925 899">
    <p class='ocr_par' dir='ltr' id='par_1_10' title="bbox 364 822 1925 899">
     <span class='ocr_line' id='line_1_10' title="bbox 364 822 1925 899; baseline -0.01 -11"><span class='ocrx_word' id='word_1_67' title='bbox 364 832 731 888; x_wconf 77' lang='lat' dir='ltr'><strong>calamitatum</strong></span> <span class='ocrx_word' id='word_1_68' title='bbox 764 840 815 883; x_wconf 86' lang='lat' dir='ltr'><strong>et</strong></span> <span class='ocrx_word' id='word_1_69' title='bbox 835 828 1177 899; x_wconf 71' lang='lat' dir='ltr'><strong>a/ﬂictionum</strong></span> <span class='ocrx_word' id='word_1_70' title='bbox 1201 836 1501 880; x_wconf 85' lang='lat' dir='ltr'><strong>nostrarum</strong></span> <span class='ocrx_word' id='word_1_71' title='bbox 1528 825 1554 878; x_wconf 85' lang='lat'><strong><em>?</em></strong></span> <span class='ocrx_word' id='word_1_72' title='bbox 1580 822 1662 877; x_wconf 87' lang='lat' dir='ltr'><strong>Tu</strong></span> <span class='ocrx_word' id='word_1_73' title='bbox 1682 823 1925 893; x_wconf 82' lang='lat' dir='ltr'><strong>quidem,</strong></span> 
     </span>
    </p>
   </div>
   <div class='ocr_carea' id='block_1_11' title="bbox 366 910 1927 985">
    <p class='ocr_par' dir='ltr' id='par_1_11' title="bbox 366 910 1927 985">
     <span class='ocr_line' id='line_1_11' title="bbox 366 910 1927 985; baseline -0.008 -9"><span class='ocrx_word' id='word_1_74' title='bbox 366 940 400 976; x_wconf 87' lang='grc' dir='ltr'><strong>υ</strong></span> <span class='ocrx_word' id='word_1_75' title='bbox 430 922 592 985; x_wconf 89' lang='lat' dir='ltr'><strong>Deus,</strong></span> <span class='ocrx_word' id='word_1_76' title='bbox 628 919 923 975; x_wconf 84' lang='lat' dir='ltr'><strong>abscondis</strong></span> <span class='ocrx_word' id='word_1_77' title='bbox 963 927 1015 973; x_wconf 88' lang='lat' dir='ltr'><strong>et</strong></span> <span class='ocrx_word' id='word_1_78' title='bbox 1045 917 1247 973; x_wconf 81' lang='lat' dir='ltr'><strong>avertis</strong></span> <span class='ocrx_word' id='word_1_79' title='bbox 1279 915 1472 970; x_wconf 79' lang='lat' dir='ltr'><strong>faciem</strong></span> <span class='ocrx_word' id='word_1_80' title='bbox 1523 923 1700 977; x_wconf 88' lang='lat' dir='ltr'><strong>tuam,</strong></span> <span class='ocrx_word' id='word_1_81' title='bbox 1748 927 1817 965; x_wconf 85' lang='lat' dir='ltr'><strong>ne</strong></span> <span class='ocrx_word' id='word_1_82' title='bbox 1845 910 1927 964; x_wconf 91' lang='lat' dir='ltr'><strong>vi-</strong></span> 
     </span>
    </p>
   </div>
   <div class='ocr_carea' id='block_1_12' title="bbox 363 1000 1924 1079">
    <p class='ocr_par' dir='ltr' id='par_1_12' title="bbox 363 1000 1924 1079">
     <span class='ocr_line' id='line_1_12' title="bbox 363 1000 1924 1079; baseline -0.012 -7"><span class='ocrx_word' id='word_1_83' title='bbox 363 1014 494 1073; x_wconf 80' lang='lat' dir='ltr'><strong>deas</strong></span> <span class='ocrx_word' id='word_1_84' title='bbox 525 1011 727 1079; x_wconf 85' lang='lat' dir='ltr'><strong>turpia,</strong></span> <span class='ocrx_word' id='word_1_85' title='bbox 771 1018 827 1065; x_wconf 88' lang='lat' dir='ltr'><strong>et</strong></span> <span class='ocrx_word' id='word_1_86' title='bbox 870 1008 1105 1076; x_wconf 36' lang='lat' dir='ltr'><strong>indigna,</strong></span> <span class='ocrx_word' id='word_1_87' title='bbox 1137 1006 1301 1072; x_wconf 74' lang='lat' dir='ltr'><strong>facta,</strong></span> <span class='ocrx_word' id='word_1_88' title='bbox 1335 1012 1499 1073; x_wconf 84' lang='lat' dir='ltr'><strong>atque</strong></span> <span class='ocrx_word' id='word_1_89' title='bbox 1542 1011 1636 1059; x_wconf 90' lang='lat' dir='ltr'><strong>tuo</strong></span> <span class='ocrx_word' id='word_1_90' title='bbox 1682 1000 1924 1055; x_wconf 86' lang='lat' dir='ltr'><strong>contuitu</strong></span> 
     </span>
    </p>
   </div>
   <div class='ocr_carea' id='block_1_13' title="bbox 366 1089 1925 1170">
    <p class='ocr_par' dir='ltr' id='par_1_13' title="bbox 366 1089 1925 1170">
     <span class='ocr_line' id='line_1_13' title="bbox 366 1089 1925 1170; baseline -0.009 -11"><span class='ocrx_word' id='word_1_91' title='bbox 366 1104 563 1159; x_wconf 84' lang='lat' dir='ltr'><strong>aliena.</strong></span> <span class='ocrx_word' id='word_1_92' title='bbox 593 1100 793 1156; x_wconf 76' lang='lat' dir='ltr'><strong>Verum</strong></span> <span class='ocrx_word' id='word_1_93' title='bbox 828 1099 954 1170; x_wconf 85' lang='lat' dir='ltr'><strong>quia</strong></span> <span class='ocrx_word' id='word_1_94' title='bbox 978 1099 1137 1153; x_wconf 91' lang='lat' dir='ltr'><strong>nobis</strong></span> <span class='ocrx_word' id='word_1_95' title='bbox 1161 1098 1214 1150; x_wconf 90' lang='lat' dir='ltr'><strong>in</strong></span> <span class='ocrx_word' id='word_1_96' title='bbox 1256 1093 1587 1153; x_wconf 85' lang='lat' dir='ltr'><strong>enumeratis</strong></span> <span class='ocrx_word' id='word_1_97' title='bbox 1617 1091 1739 1146; x_wconf 91' lang='lat' dir='ltr'><strong>istis</strong></span> <span class='ocrx_word' id='word_1_98' title='bbox 1769 1089 1925 1145; x_wconf 82' lang='lat' dir='ltr'><strong>factis</strong></span> 
     </span>
    </p>
   </div>
   <div class='ocr_carea' id='block_1_14' title="bbox 364 1177 1924 1261">
    <p class='ocr_par' dir='ltr' id='par_1_14' title="bbox 364 1177 1924 1261">
     <span class='ocr_line' id='line_1_14' title="bbox 364 1177 1924 1261; baseline -0.009 -15"><span class='ocrx_word' id='word_1_99' title='bbox 364 1190 643 1261; x_wconf 69' lang='lat' dir='ltr'><strong>praeclaris</strong></span> <span class='ocrx_word' id='word_1_100' title='bbox 696 1188 893 1242; x_wconf 85' lang='lat' dir='ltr'><strong>ﬁducia</strong></span> <span class='ocrx_word' id='word_1_101' title='bbox 928 1188 1108 1256; x_wconf 89' lang='lat' dir='ltr'><strong>aliqua</strong></span> <span class='ocrx_word' id='word_1_102' title='bbox 1146 1189 1438 1254; x_wconf 85' lang='lat' dir='ltr'><strong>superest,</strong></span> <span class='ocrx_word' id='word_1_103' title='bbox 1487 1196 1587 1235; x_wconf 91' lang='lat' dir='ltr'><strong>cur</strong></span> <span class='ocrx_word' id='word_1_104' title='bbox 1634 1177 1924 1235; x_wconf 88' lang='lat' dir='ltr'><strong>abscondis</strong></span> 
     </span>
    </p>
   </div>
   <div class='ocr_carea' id='block_1_15' title="bbox 364 1270 1926 1346">
    <p class='ocr_par' dir='ltr' id='par_1_15' title="bbox 364 1270 1926 1346">
     <span class='ocr_line' id='line_1_15' title="bbox 364 1270 1926 1346; baseline -0.008 -10"><span class='ocrx_word' id='word_1_105' title='bbox 364 1281 557 1336; x_wconf 77' lang='lat' dir='ltr'><strong>{aciem</strong></span> <span class='ocrx_word' id='word_1_106' title='bbox 583 1279 773 1334; x_wconf 82' lang='lat' dir='ltr'><strong>tuam?</strong></span> <span class='ocrx_word' id='word_1_107' title='bbox 797 1277 1045 1346; x_wconf 85' lang='lat' dir='ltr'><strong>Cumque</strong></span> <span class='ocrx_word' id='word_1_108' title='bbox 1083 1283 1161 1331; x_wconf 86' lang='lat' dir='ltr'><strong>tot</strong></span> <span class='ocrx_word' id='word_1_109' title='bbox 1195 1273 1340 1345; x_wconf 85' lang='lat' dir='ltr'><strong>passi</strong></span> <span class='ocrx_word' id='word_1_110' title='bbox 1371 1273 1512 1327; x_wconf 88' lang='lat' dir='ltr'><strong>mala</strong></span> <span class='ocrx_word' id='word_1_111' title='bbox 1546 1272 1723 1327; x_wconf 84' lang='lat' dir='ltr'><strong>simus</strong></span> <span class='ocrx_word' id='word_1_112' title='bbox 1744 1270 1926 1324; x_wconf 87' lang='lat' dir='ltr'><strong>cultus</strong></span> 
     </span>
    </p>
   </div>
   <div class='ocr_carea' id='block_1_16' title="bbox 366 1363 1972 1443">
    <p class='ocr_par' dir='ltr' id='par_1_16' title="bbox 366 1363 1972 1443">
     <span class='ocr_line' id='line_1_16' title="bbox 366 1363 1972 1443; baseline -0.007 -15"><span class='ocrx_word' id='word_1_113' title='bbox 366 1374 445 1431; x_wconf 87' lang='lat' dir='ltr'><strong>tui</strong></span> <span class='ocrx_word' id='word_1_114' title='bbox 494 1388 559 1428; x_wconf 89' lang='lat' dir='ltr'><strong>ac</strong></span> <span class='ocrx_word' id='word_1_115' title='bbox 602 1372 818 1443; x_wconf 87' lang='lat' dir='ltr'><strong>pietatis</strong></span> <span class='ocrx_word' id='word_1_116' title='bbox 868 1384 1055 1435; x_wconf 87' lang='lat' dir='ltr'><strong>causa,</strong></span> <span class='ocrx_word' id='word_1_117' title='bbox 1107 1384 1206 1423; x_wconf 86' lang='lat' dir='ltr'><strong>cur</strong></span> <span class='ocrx_word' id='word_1_118' title='bbox 1246 1366 1588 1422; x_wconf 84' lang='lat' dir='ltr'><strong>Oblivisceris</strong></span> <span class='ocrx_word' id='word_1_119' title='bbox 1618 1363 1926 1419; x_wconf 81' lang='lat' dir='ltr'><strong>amictionis</strong></span> <span class='ocrx_word' id='word_1_120' title='bbox 1966 1418 1972 1422; x_wconf 78' lang='grc'><strong>,</strong></span> 
     </span>
    </p>
   </div>
   <div class='ocr_carea' id='block_1_17' title="bbox 367 1453 1926 1534">
    <p class='ocr_par' dir='ltr' id='par_1_17' title="bbox 367 1453 1926 1534">
     <span class='ocr_line' id='line_1_17' title="bbox 367 1453 1926 1534; baseline -0.007 -15"><span class='ocrx_word' id='word_1_121' title='bbox 367 1473 461 1520; x_wconf 90' lang='lat' dir='ltr'><strong>aut</strong></span> <span class='ocrx_word' id='word_1_122' title='bbox 500 1462 833 1534; x_wconf 81' lang='lat' dir='ltr'><strong>paupertatis</strong></span> <span class='ocrx_word' id='word_1_123' title='bbox 856 1455 1245 1515; x_wconf 69' lang='lat' dir='ltr'><strong>nostrm?Nam</strong></span> <span class='ocrx_word' id='word_1_124' title='bbox 1276 1457 1402 1510; x_wconf 87' lang='lat' dir='ltr'><strong>licet</strong></span> <span class='ocrx_word' id='word_1_125' title='bbox 1449 1471 1512 1511; x_wconf 86' lang='lat' dir='ltr'><strong>ea</strong></span> <span class='ocrx_word' id='word_1_126' title='bbox 1560 1470 1670 1509; x_wconf 84' lang='lat' dir='ltr'><strong>non</strong></span> <span class='ocrx_word' id='word_1_127' title='bbox 1702 1453 1926 1524; x_wconf 88' lang='lat' dir='ltr'><strong>perinde</strong></span> 
     </span>
    </p>
   </div>
   <div class='ocr_carea' id='block_1_18' title="bbox 365 1544 1926 1625">
    <p class='ocr_par' dir='ltr' id='par_1_18' title="bbox 365 1544 1926 1625">
     <span class='ocr_line' id='line_1_18' title="bbox 365 1544 1926 1625; baseline -0.006 -16"><span class='ocrx_word' id='word_1_128' title='bbox 365 1568 564 1625; x_wconf 78' lang='lat' dir='ltr'><strong>magna</strong></span> <span class='ocrx_word' id='word_1_129' title='bbox 599 1553 708 1606; x_wconf 90' lang='lat' dir='ltr'><strong>sint</strong></span> <span class='ocrx_word' id='word_1_130' title='bbox 737 1550 877 1619; x_wconf 90' lang='lat' dir='ltr'><strong>apud</strong></span> <span class='ocrx_word' id='word_1_131' title='bbox 934 1559 985 1603; x_wconf 90' lang='lat' dir='ltr'><strong>te</strong></span> <span class='ocrx_word' id='word_1_132' title='bbox 1010 1587 1026 1613; x_wconf 93' lang='lat'><strong>,</strong></span> <span class='ocrx_word' id='word_1_133' title='bbox 1058 1556 1121 1602; x_wconf 89' lang='lat' dir='ltr'><strong>ut</strong></span> <span class='ocrx_word' id='word_1_134' title='bbox 1158 1546 1299 1616; x_wconf 89' lang='lat' dir='ltr'><strong>apud</strong></span> <span class='ocrx_word' id='word_1_135' title='bbox 1336 1561 1436 1601; x_wconf 89' lang='lat' dir='ltr'><strong>nos</strong></span> <span class='ocrx_word' id='word_1_136' title='bbox 1461 1584 1476 1609; x_wconf 89' lang='lat'><strong>,</strong></span> <span class='ocrx_word' id='word_1_137' title='bbox 1531 1544 1626 1599; x_wconf 89' lang='lat' dir='ltr'><strong>sed</strong></span> <span class='ocrx_word' id='word_1_138' title='bbox 1656 1558 1823 1614; x_wconf 80' lang='lat' dir='ltr'><strong>egena</strong></span> <span class='ocrx_word' id='word_1_139' title='bbox 1870 1554 1926 1599; x_wconf 87' lang='lat' dir='ltr'><strong>et</strong></span> 
     </span>
    </p>
   </div>
   <div class='ocr_carea' id='block_1_19' title="bbox 370 1638 1924 1712">
    <p class='ocr_par' dir='ltr' id='par_1_19' title="bbox 370 1638 1924 1712">
     <span class='ocr_line' id='line_1_19' title="bbox 370 1638 1924 1712; baseline -0.006 -16"><span class='ocrx_word' id='word_1_140' title='bbox 370 1658 535 1712; x_wconf 87' lang='lat' dir='ltr'><strong>parva</strong></span> <span class='ocrx_word' id='word_1_141' title='bbox 583 1650 638 1696; x_wconf 89' lang='lat' dir='ltr'><strong>et</strong></span> <span class='ocrx_word' id='word_1_142' title='bbox 680 1638 1047 1710; x_wconf 89' lang='lat' dir='ltr'><strong>paucissima:</strong></span> <span class='ocrx_word' id='word_1_143' title='bbox 1084 1651 1278 1707; x_wconf 77' lang='lat' dir='ltr'><strong>magna</strong></span> <span class='ocrx_word' id='word_1_144' title='bbox 1312 1644 1515 1697; x_wconf 90' lang='lat' dir='ltr'><strong>tamen,</strong></span> <span class='ocrx_word' id='word_1_145' title='bbox 1549 1642 1815 1704; x_wconf 87' lang='lat' dir='ltr'><strong>quatenus</strong></span> <span class='ocrx_word' id='word_1_146' title='bbox 1856 1649 1924 1688; x_wconf 80' lang='lat' dir='ltr'><strong>ex</strong></span> 
     </span>
    </p>
   </div>
   <div class='ocr_carea' id='block_1_20' title="bbox 2028 529 3613 611">
    <p class='ocr_par' dir='ltr' id='par_1_20' title="bbox 2028 529 3613 611">
     <span class='ocr_line' id='line_1_20' title="bbox 2028 529 3613 611; baseline -0.008 -16"><span class='ocrx_word' id='word_1_147' title='bbox 2028 541 2344 610; x_wconf 78' lang='grc' dir='ltr'>ἐπιφάνειαν</span> <span class='ocrx_word' id='word_1_148' title='bbox 2373 538 2466 591; x_wconf 90' lang='grc' dir='ltr'><strong>τοῦ</strong></span> <span class='ocrx_word' id='word_1_149' title='bbox 2495 536 2728 611; x_wconf 82' lang='grc' dir='ltr'><strong>Χριστοῦ</strong></span> <span class='ocrx_word' id='word_1_150' title='bbox 2761 535 2857 607; x_wconf 81' lang='grc' dir='ltr'>τὴν</span> <span class='ocrx_word' id='word_1_151' title='bbox 2903 533 2990 588; x_wconf 73' lang='grc' dir='ltr'>ἐπ’</span> <span class='ocrx_word' id='word_1_152' title='bbox 3036 531 3278 603; x_wconf 75' lang='grc' dir='ltr'><strong>ἐσχάτων</strong></span> <span class='ocrx_word' id='word_1_153' title='bbox 3313 529 3419 585; x_wconf 81' lang='grc' dir='ltr'>τῶν</span> <span class='ocrx_word' id='word_1_154' title='bbox 3466 548 3613 584; x_wconf 79' lang='grc' dir='ltr'>και-</span> 
     </span>
    </p>
   </div>
   <div class='ocr_carea' id='block_1_21' title="bbox 2031 622 3608 703">
    <p class='ocr_par' dir='ltr' id='par_1_21' title="bbox 2031 622 3608 703">
     <span class='ocr_line' id='line_1_21' title="bbox 2031 622 3608 703; baseline -0.006 -19"><span class='ocrx_word' id='word_1_155' title='bbox 2031 632 2157 703; x_wconf 85' lang='grc' dir='ltr'>ρῶν,</span> <span class='ocrx_word' id='word_1_156' title='bbox 2193 631 2279 683; x_wconf 82' lang='grc' dir='ltr'>ἴνα</span> <span class='ocrx_word' id='word_1_157' title='bbox 2316 630 2392 701; x_wconf 82' lang='grc' dir='ltr'>μὴ</span> <span class='ocrx_word' id='word_1_158' title='bbox 2420 628 2515 698; x_wconf 82' lang='grc' dir='ltr'><strong>τῆς</strong></span> <span class='ocrx_word' id='word_1_159' title='bbox 2542 626 2673 697; x_wconf 83' lang='grc' dir='ltr'>παρ’</span> <span class='ocrx_word' id='word_1_160' title='bbox 2714 623 2876 680; x_wconf 78' lang='grc' dir='ltr'>αὐτοῦ</span> <span class='ocrx_word' id='word_1_161' title='bbox 2910 625 3250 696; x_wconf 81' lang='grc' dir='ltr'>ἀμοιρήσωσι</span> <span class='ocrx_word' id='word_1_162' title='bbox 3280 623 3423 693; x_wconf 77' lang='grc' dir='ltr'>ζωῆς</span> <span class='ocrx_word' id='word_1_163' title='bbox 3443 638 3461 654; x_wconf 77' lang='grc' dir='ltr'><strong><em>ο</em></strong></span> <span class='ocrx_word' id='word_1_164' title='bbox 3491 622 3608 676; x_wconf 75' lang='grc' dir='ltr'><strong>καί</strong></span> 
     </span>
    </p>
   </div>
   <div class='ocr_carea' id='block_1_22' title="bbox 2027 715 3601 792">
    <p class='ocr_par' dir='ltr' id='par_1_22' title="bbox 2027 715 3601 792">
     <span class='ocr_line' id='line_1_22' title="bbox 2027 715 3601 792; baseline -0.004 -17"><span class='ocrx_word' id='word_1_165' title='bbox 2027 739 2189 792; x_wconf 89' lang='grc' dir='ltr'>φασιν</span> <span class='ocrx_word' id='word_1_166' title='bbox 2210 738 2223 752; x_wconf 78' lang='grc' dir='ltr'><strong>ο</strong></span> <span class='ocrx_word' id='word_1_167' title='bbox 2255 720 2381 773; x_wconf 77' lang='grc' dir='ltr'><strong>Ἵνα</strong></span> <span class='ocrx_word' id='word_1_168' title='bbox 2409 719 2467 771; x_wconf 82' lang='grc' dir='ltr'>τι</span> <span class='ocrx_word' id='word_1_169' title='bbox 2497 717 2564 772; x_wconf 82' lang='grc' dir='ltr'>τὸ</span> <span class='ocrx_word' id='word_1_170' title='bbox 2611 718 2931 784; x_wconf 78' lang='grc' dir='ltr'>πρόσωπόν</span> <span class='ocrx_word' id='word_1_171' title='bbox 2969 730 3085 770; x_wconf 85' lang='grc' dir='ltr'><strong>σου</strong></span> <span class='ocrx_word' id='word_1_172' title='bbox 3134 715 3551 784; x_wconf 71' lang='grc' dir='ltr'>ἀποκρύπτεις</span> <span class='ocrx_word' id='word_1_173' title='bbox 3580 755 3601 779; x_wconf 87' lang='grc'><strong>,</strong></span> 
     </span>
    </p>
   </div>
   <div class='ocr_carea' id='block_1_23' title="bbox 2025 804 3606 878">
    <p class='ocr_par' dir='ltr' id='par_1_23' title="bbox 2025 804 3606 878">
     <span class='ocr_line' id='line_1_23' title="bbox 2025 804 3606 878; baseline -0.003 -11"><span class='ocrx_word' id='word_1_174' title='bbox 2025 813 2127 868; x_wconf 76' lang='grc' dir='ltr'>καὶ</span> <span class='ocrx_word' id='word_1_175' title='bbox 2177 807 2548 878; x_wconf 77' lang='grc' dir='ltr'><strong>ἐπιλανθάνῃ</strong></span> <span class='ocrx_word' id='word_1_176' title='bbox 2581 807 2692 876; x_wconf 81' lang='grc' dir='ltr'>τῆς</span> <span class='ocrx_word' id='word_1_177' title='bbox 2732 807 3046 875; x_wconf 78' lang='grc' dir='ltr'><strong>κακώσεως</strong></span> <span class='ocrx_word' id='word_1_178' title='bbox 3087 804 3256 878; x_wconf 78' lang='grc' dir='ltr'><strong>ἡμῶν</strong></span> <span class='ocrx_word' id='word_1_179' title='bbox 3302 807 3400 859; x_wconf 80' lang='grc' dir='ltr'>καὶ</span> <span class='ocrx_word' id='word_1_180' title='bbox 3454 807 3606 863; x_wconf 72' lang='grc' dir='ltr'><strong>θλι-</strong></span> 
     </span>
    </p>
   </div>
   <div class='ocr_carea' id='block_1_24' title="bbox 2024 897 3601 975">
    <p class='ocr_par' dir='ltr' id='par_1_24' title="bbox 2024 897 3601 975">
     <span class='ocr_line' id='line_1_24' title="bbox 2024 897 3601 975; baseline -0.003 -18"><span class='ocrx_word' id='word_1_181' title='bbox 2024 906 2220 974; x_wconf 77' lang='grc' dir='ltr'>ψεως;</span> <span class='ocrx_word' id='word_1_182' title='bbox 2254 900 2533 975; x_wconf 81' lang='grc' dir='ltr'>Κρύπτεις</span> <span class='ocrx_word' id='word_1_183' title='bbox 2571 900 2667 971; x_wconf 83' lang='grc' dir='ltr'><strong>μὲν</strong></span> <span class='ocrx_word' id='word_1_184' title='bbox 2695 899 2755 956; x_wconf 83' lang='grc' dir='ltr'>τὸ</span> <span class='ocrx_word' id='word_1_185' title='bbox 2782 897 3003 953; x_wconf 88' lang='grc' dir='ltr'>σεαυτοῦ</span> <span class='ocrx_word' id='word_1_186' title='bbox 3037 898 3342 972; x_wconf 83' lang='grc' dir='ltr'>πρόσωπον,</span> <span class='ocrx_word' id='word_1_187' title='bbox 3369 900 3398 952; x_wconf 82' lang='grc' dir='ltr'><strong>ὁ</strong></span> <span class='ocrx_word' id='word_1_188' title='bbox 3430 898 3601 964; x_wconf 80' lang='grc' dir='ltr'>Θεὸς,</span> 
     </span>
    </p>
   </div>
   <div class='ocr_carea' id='block_1_25' title="bbox 2025 986 3605 1062">
    <p class='ocr_par' dir='ltr' id='par_1_25' title="bbox 2025 986 3605 1062">
     <span class='ocr_line' id='line_1_25' title="bbox 2025 986 3605 1062; baseline -0.005 -14"><span class='ocrx_word' id='word_1_189' title='bbox 2025 994 2119 1058; x_wconf 67' lang='grc' dir='ltr'>καὶ</span> <span class='ocrx_word' id='word_1_190' title='bbox 2150 991 2527 1062; x_wconf 73' lang='grc' dir='ltr'><strong>ἀποστρέφεις,</strong></span> <span class='ocrx_word' id='word_1_191' title='bbox 2558 989 2693 1061; x_wconf 74' lang='grc' dir='ltr'>πρὸς</span> <span class='ocrx_word' id='word_1_192' title='bbox 2714 988 2775 1041; x_wconf 82' lang='grc' dir='ltr'>τὸ</span> <span class='ocrx_word' id='word_1_193' title='bbox 2805 988 2880 1059; x_wconf 83' lang='grc' dir='ltr'>μὴ</span> <span class='ocrx_word' id='word_1_194' title='bbox 2914 986 3127 1058; x_wconf 75' lang='grc' dir='ltr'><strong>βλέπειν</strong></span> <span class='ocrx_word' id='word_1_195' title='bbox 3158 987 3226 1040; x_wconf 84' lang='grc' dir='ltr'><strong>τὰ</strong></span> <span class='ocrx_word' id='word_1_196' title='bbox 3252 988 3453 1059; x_wconf 82' lang='grc' dir='ltr'>αἰσχρὰ</span> <span class='ocrx_word' id='word_1_197' title='bbox 3493 990 3605 1043; x_wconf 75' lang='grc' dir='ltr'>καὶ</span> 
     </span>
    </p>
   </div>
   <div class='ocr_carea' id='block_1_26' title="bbox 2024 1076 3607 1154">
    <p class='ocr_par' dir='ltr' id='par_1_26' title="bbox 2024 1076 3607 1154">
     <span class='ocr_line' id='line_1_26' title="bbox 2024 1076 3607 1154; baseline -0.004 -18"><span class='ocrx_word' id='word_1_198' title='bbox 2024 1084 2271 1154; x_wconf 80' lang='grc' dir='ltr'>ἀπρεπῆ,</span> <span class='ocrx_word' id='word_1_199' title='bbox 2305 1080 2401 1133; x_wconf 78' lang='grc' dir='ltr'><strong>καὶ</strong></span> <span class='ocrx_word' id='word_1_200' title='bbox 2428 1080 2526 1149; x_wconf 83' lang='grc' dir='ltr'><strong>τῆς</strong></span> <span class='ocrx_word' id='word_1_201' title='bbox 2551 1079 2647 1150; x_wconf 83' lang='grc' dir='ltr'>σῆς</span> <span class='ocrx_word' id='word_1_202' title='bbox 2676 1077 2803 1140; x_wconf 87' lang='grc' dir='ltr'>θέας</span> <span class='ocrx_word' id='word_1_203' title='bbox 2825 1076 3077 1148; x_wconf 80' lang='grc' dir='ltr'>ἀλλότρια</span> <span class='ocrx_word' id='word_1_204' title='bbox 3097 1093 3111 1106; x_wconf 74' lang='grc'><strong><em>⁸</em></strong></span> <span class='ocrx_word' id='word_1_205' title='bbox 3136 1076 3251 1131; x_wconf 76' lang='grc' dir='ltr'><strong>ἀλλ’</strong></span> <span class='ocrx_word' id='word_1_206' title='bbox 3279 1078 3400 1130; x_wconf 77' lang='grc' dir='ltr'>ἐπεὶ</span> <span class='ocrx_word' id='word_1_207' title='bbox 3426 1078 3607 1154; x_wconf 75' lang='grc' dir='ltr'>ἡμεῖς</span> 
     </span>
    </p>
   </div>
   <div class='ocr_carea' id='block_1_27' title="bbox 2025 1169 3600 1242">
    <p class='ocr_par' dir='ltr' id='par_1_27' title="bbox 2025 1169 3600 1242">
     <span class='ocr_line' id='line_1_27' title="bbox 2025 1169 3600 1242; baseline -0.003 -14"><span class='ocrx_word' id='word_1_208' title='bbox 2025 1175 2118 1228; x_wconf 74' lang='grc' dir='ltr'>ἐπὶ</span> <span class='ocrx_word' id='word_1_209' title='bbox 2153 1176 2265 1236; x_wconf 86' lang='grc' dir='ltr'>τοῖς</span> <span class='ocrx_word' id='word_1_210' title='bbox 2293 1171 2528 1242; x_wconf 78' lang='grc' dir='ltr'><strong>λεχθεῖσι</strong></span> <span class='ocrx_word' id='word_1_211' title='bbox 2560 1169 2942 1242; x_wconf 81' lang='grc' dir='ltr'><strong>κατορθώμασι</strong></span> <span class='ocrx_word' id='word_1_212' title='bbox 2981 1170 3290 1241; x_wconf 74' lang='grc' dir='ltr'>παρρησίαν</span> <span class='ocrx_word' id='word_1_213' title='bbox 3335 1170 3550 1242; x_wconf 76' lang='grc' dir='ltr'>ἄγομεν</span> <span class='ocrx_word' id='word_1_214' title='bbox 3576 1209 3600 1235; x_wconf 87' lang='grc'><strong>,</strong></span> 
     </span>
    </p>
   </div>
   <div class='ocr_carea' id='block_1_28' title="bbox 2024 1258 3621 1333">
    <p class='ocr_par' dir='ltr' id='par_1_28' title="bbox 2024 1258 3621 1333">
     <span class='ocr_line' id='line_1_28' title="bbox 2024 1258 3621 1333; baseline -0.006 -15"><span class='ocrx_word' id='word_1_215' title='bbox 2024 1265 2111 1318; x_wconf 86' lang='grc' dir='ltr'><strong>ἴνα</strong></span> <span class='ocrx_word' id='word_1_216' title='bbox 2139 1263 2193 1316; x_wconf 82' lang='grc' dir='ltr'><strong>τί</strong></span> <span class='ocrx_word' id='word_1_217' title='bbox 2215 1263 2274 1316; x_wconf 78' lang='grc' dir='ltr'>τὸ</span> <span class='ocrx_word' id='word_1_218' title='bbox 2303 1259 2588 1333; x_wconf 81' lang='grc' dir='ltr'>πρόσωπόν</span> <span class='ocrx_word' id='word_1_219' title='bbox 2639 1276 2731 1313; x_wconf 89' lang='grc' dir='ltr'><strong>σου</strong></span> <span class='ocrx_word' id='word_1_220' title='bbox 2774 1258 3067 1329; x_wconf 78' lang='grc' dir='ltr'>κρύπτεις;</span> <span class='ocrx_word' id='word_1_221' title='bbox 3107 1259 3355 1314; x_wconf 82' lang='grc' dir='ltr'>Τοσαῦτα</span> <span class='ocrx_word' id='word_1_222' title='bbox 3387 1260 3444 1313; x_wconf 84' lang='grc' dir='ltr'>δὲ</span> <span class='ocrx_word' id='word_1_223' title='bbox 3482 1279 3621 1315; x_wconf 24' lang='grc' dir='ltr'>στα-Α</span> 
     </span>
    </p>
   </div>
   <div class='ocr_carea' id='block_1_29' title="bbox 2025 1350 3593 1425">
    <p class='ocr_par' dir='ltr' id='par_1_29' title="bbox 2025 1350 3593 1425">
     <span class='ocr_line' id='line_1_29' title="bbox 2025 1350 3593 1425; baseline -0.001 -18"><span class='ocrx_word' id='word_1_224' title='bbox 2025 1354 2258 1425; x_wconf 78' lang='grc' dir='ltr'><strong>σχόντων</strong></span> <span class='ocrx_word' id='word_1_225' title='bbox 2289 1353 2382 1406; x_wconf 76' lang='grc' dir='ltr'><strong>καὶ</strong></span> <span class='ocrx_word' id='word_1_226' title='bbox 2417 1350 2866 1405; x_wconf 84' lang='grc' dir='ltr'>κακοπαθούντων</span> <span class='ocrx_word' id='word_1_227' title='bbox 2900 1350 2996 1421; x_wconf 82' lang='grc' dir='ltr'><strong>τῆς</strong></span> <span class='ocrx_word' id='word_1_228' title='bbox 3044 1351 3143 1422; x_wconf 82' lang='grc' dir='ltr'>σῆς</span> <span class='ocrx_word' id='word_1_229' title='bbox 3189 1350 3373 1405; x_wconf 72' lang='grc' dir='ltr'>ἕνεκεν</span> <span class='ocrx_word' id='word_1_230' title='bbox 3422 1351 3593 1405; x_wconf 73' lang='grc' dir='ltr'>εὐσε-</span> 
     </span>
    </p>
   </div>
   <div class='ocr_carea' id='block_1_30' title="bbox 2023 1434 3603 1521">
    <p class='ocr_par' dir='ltr' id='par_1_30' title="bbox 2023 1434 3603 1521">
     <span class='ocr_line' id='line_1_30' title="bbox 2023 1434 3603 1521; baseline -0.004 -21"><span class='ocrx_word' id='word_1_231' title='bbox 2023 1445 2083 1499; x_wconf 83' lang='grc' dir='ltr'>6ε</span> <span class='ocrx_word' id='word_1_232' title='bbox 2091 1434 2196 1509; x_wconf 67' lang='grc' dir='ltr'>ῖάς,</span> <span class='ocrx_word' id='word_1_233' title='bbox 2221 1446 2306 1498; x_wconf 79' lang='grc' dir='ltr'><strong>ἵνα</strong></span> <span class='ocrx_word' id='word_1_234' title='bbox 2323 1444 2374 1497; x_wconf 85' lang='grc' dir='ltr'><strong>τί</strong></span> <span class='ocrx_word' id='word_1_235' title='bbox 2394 1443 2721 1517; x_wconf 75' lang='grc' dir='ltr'>ἐπιλανθάνῃ</span> <span class='ocrx_word' id='word_1_236' title='bbox 2742 1443 2839 1512; x_wconf 85' lang='grc' dir='ltr'>τῆς</span> <span class='ocrx_word' id='word_1_237' title='bbox 2860 1442 3151 1506; x_wconf 82' lang='grc' dir='ltr'>κακώσεως</span> <span class='ocrx_word' id='word_1_238' title='bbox 3166 1442 3339 1513; x_wconf 79' lang='grc' dir='ltr'>ἡμῶν,</span> <span class='ocrx_word' id='word_1_239' title='bbox 3355 1442 3472 1513; x_wconf 73' lang='grc' dir='ltr'>ἦτοι</span> <span class='ocrx_word' id='word_1_240' title='bbox 3490 1443 3603 1521; x_wconf 75' lang='grc' dir='ltr'>τῆς</span> 
     </span>
    </p>
   </div>
   <div class='ocr_carea' id='block_1_31' title="bbox 2025 1533 3600 1607">
    <p class='ocr_par' dir='ltr' id='par_1_31' title="bbox 2025 1533 3600 1607">
     <span class='ocr_line' id='line_1_31' title="bbox 2025 1533 3600 1607; baseline -0.001 -17"><span class='ocrx_word' id='word_1_241' title='bbox 2025 1537 2327 1607; x_wconf 85' lang='grc' dir='ltr'>πτωχείας;</span> <span class='ocrx_word' id='word_1_242' title='bbox 2358 1536 2419 1588; x_wconf 85' lang='lat' dir='ltr'><strong>El</strong></span> <span class='ocrx_word' id='word_1_243' title='bbox 2449 1535 2556 1606; x_wconf 81' lang='grc' dir='ltr'>γὰρ</span> <span class='ocrx_word' id='word_1_244' title='bbox 2586 1536 2680 1588; x_wconf 76' lang='grc' dir='ltr'><strong>καὶ</strong></span> <span class='ocrx_word' id='word_1_245' title='bbox 2712 1534 2921 1606; x_wconf 85' lang='grc' dir='ltr'>μεγάλα</span> <span class='ocrx_word' id='word_1_246' title='bbox 2948 1533 3121 1589; x_wconf 86' lang='grc' dir='ltr'>ταῦτα</span> <span class='ocrx_word' id='word_1_247' title='bbox 3153 1535 3228 1598; x_wconf 85' lang='grc' dir='ltr'><strong>ὡς</strong></span> <span class='ocrx_word' id='word_1_248' title='bbox 3260 1534 3395 1607; x_wconf 83' lang='grc' dir='ltr'>πρὸς</span> <span class='ocrx_word' id='word_1_249' title='bbox 3436 1537 3600 1605; x_wconf 78' lang='grc' dir='ltr'>ἡμᾶς</span> 
     </span>
    </p>
   </div>
   <div class='ocr_carea' id='block_1_32' title="bbox 2022 1622 3600 1698">
    <p class='ocr_par' dir='ltr' id='par_1_32' title="bbox 2022 1622 3600 1698">
     <span class='ocr_line' id='line_1_32' title="bbox 2022 1622 3600 1698; baseline -0.002 -18"><span class='ocrx_word' id='word_1_250' title='bbox 2022 1627 2092 1680; x_wconf 83' lang='grc' dir='ltr'>τὰ</span> <span class='ocrx_word' id='word_1_251' title='bbox 2123 1623 2536 1698; x_wconf 82' lang='grc' dir='ltr'>κατορθώματα,</span> <span class='ocrx_word' id='word_1_252' title='bbox 2587 1625 2703 1679; x_wconf 89' lang='grc' dir='ltr'><strong>ἀλλ’</strong></span> <span class='ocrx_word' id='word_1_253' title='bbox 2752 1622 2828 1689; x_wconf 84' lang='grc' dir='ltr'>ὡς</span> <span class='ocrx_word' id='word_1_254' title='bbox 2880 1625 3016 1697; x_wconf 82' lang='grc' dir='ltr'>πρὸς</span> <span class='ocrx_word' id='word_1_255' title='bbox 3068 1625 3128 1678; x_wconf 83' lang='grc' dir='ltr'><strong>σὲ</strong></span> <span class='ocrx_word' id='word_1_256' title='bbox 3167 1625 3343 1680; x_wconf 86' lang='grc' dir='ltr'>πάντα</span> <span class='ocrx_word' id='word_1_257' title='bbox 3391 1624 3600 1695; x_wconf 68' lang='grc' dir='ltr'>πτωχὰ</span> 
     </span>
    </p>
   </div>
   <div class='ocr_carea' id='block_1_33' title="bbox 368 1717 1934 1801">
    <p class='ocr_par' dir='ltr' id='par_1_33' title="bbox 368 1726 1923 1801">
     <span class='ocr_line' id='line_1_33' title="bbox 368 1726 1923 1801; baseline -0.006 -10"><span class='ocrx_word' id='word_1_258' title='bbox 368 1735 524 1791; x_wconf 85' lang='lat' dir='ltr'><strong>nobis</strong></span> <span class='ocrx_word' id='word_1_259' title='bbox 573 1741 720 1787; x_wconf 88' lang='lat' dir='ltr'><strong>sunt.</strong></span> <span class='ocrx_word' id='word_1_260' title='bbox 770 1730 956 1801; x_wconf 86' lang='lat' dir='ltr'><strong>Itaque</strong></span> <span class='ocrx_word' id='word_1_261' title='bbox 1005 1730 1416 1800; x_wconf 87' lang='lat' dir='ltr'><strong>supplicamus,</strong></span> <span class='ocrx_word' id='word_1_262' title='bbox 1470 1743 1539 1783; x_wconf 90' lang='lat' dir='ltr'><strong>ne</strong></span> <span class='ocrx_word' id='word_1_263' title='bbox 1584 1726 1923 1782; x_wconf 82' lang='lat' dir='ltr'><strong>obliviscaris</strong></span> 
     </span>
    </p>
   </div>
   <div class='ocr_carea' id='block_1_34' title="bbox 2075 1717 3594 1801">
    <p class='ocr_par' dir='ltr' id='par_1_34' title="bbox 2075 1717 3594 1797">
     <span class='ocr_line' id='line_1_34' title="bbox 2075 1717 3594 1797; baseline -0.001 -24"><span class='ocrx_word' id='word_1_264' title='bbox 2075 1720 2121 1773; x_wconf 71' lang='grc' dir='ltr'><strong>ιι</strong></span> <span class='ocrx_word' id='word_1_265' title='bbox 2152 1718 2357 1790; x_wconf 74' lang='grc' dir='ltr'>σμικρὰ</span> <span class='ocrx_word' id='word_1_266' title='bbox 2388 1717 2481 1771; x_wconf 78' lang='grc' dir='ltr'><strong>καὶ</strong></span> <span class='ocrx_word' id='word_1_267' title='bbox 2510 1718 2790 1797; x_wconf 54' lang='grc' dir='ltr'>ὀλίγισται</span> <span class='ocrx_word' id='word_1_268' title='bbox 2815 1718 2953 1791; x_wconf 79' lang='grc' dir='ltr'>πλὴν</span> <span class='ocrx_word' id='word_1_269' title='bbox 2982 1719 3058 1783; x_wconf 87' lang='grc' dir='ltr'><strong>ώς</strong></span> <span class='ocrx_word' id='word_1_270' title='bbox 3077 1717 3137 1784; x_wconf 76' lang='grc' dir='ltr'><strong>ἐξ</strong></span> <span class='ocrx_word' id='word_1_271' title='bbox 3171 1717 3325 1790; x_wconf 76' lang='grc' dir='ltr'>ήμῶν</span> <span class='ocrx_word' id='word_1_272' title='bbox 3352 1717 3594 1789; x_wconf 84' lang='grc' dir='ltr'>μεγάλα.</span> 
     </span>
    </p>
   </div>
   <div class='ocr_carea' id='block_1_35' title="bbox 367 1818 1925 1898">
    <p class='ocr_par' dir='ltr' id='par_1_35' title="bbox 367 1818 1925 1898">
     <span class='ocr_line' id='line_1_35' title="bbox 367 1818 1925 1898; baseline -0.006 -16"><span class='ocrx_word' id='word_1_273' title='bbox 367 1824 704 1898; x_wconf 85' lang='lat' dir='ltr'><strong>paupertatis</strong></span> <span class='ocrx_word' id='word_1_274' title='bbox 728 1829 948 1890; x_wconf 69' lang='lat' dir='ltr'><strong>nostrae,</strong></span> <span class='ocrx_word' id='word_1_275' title='bbox 984 1838 1017 1877; x_wconf 91' lang='grc' dir='ltr'><strong>ο</strong></span> <span class='ocrx_word' id='word_1_276' title='bbox 1046 1820 1275 1876; x_wconf 89' lang='lat' dir='ltr'><strong>Domine</strong></span> <span class='ocrx_word' id='word_1_277' title='bbox 1307 1837 1321 1874; x_wconf 90' lang='lat'><strong>:</strong></span> <span class='ocrx_word' id='word_1_278' title='bbox 1354 1818 1486 1890; x_wconf 88' lang='lat' dir='ltr'><strong>quin</strong></span> <span class='ocrx_word' id='word_1_279' title='bbox 1541 1818 1721 1889; x_wconf 88' lang='lat' dir='ltr'><strong>potius</strong></span> <span class='ocrx_word' id='word_1_280' title='bbox 1758 1819 1925 1872; x_wconf 85' lang='lat' dir='ltr'><strong>remi-</strong></span> 
     </span>
    </p>
   </div>
   <div class='ocr_carea' id='block_1_36' title="bbox 368 1911 1850 1995">
    <p class='ocr_par' dir='ltr' id='par_1_36' title="bbox 368 1911 1850 1995">
     <span class='ocr_line' id='line_1_36' title="bbox 368 1911 1850 1995; baseline -0.006 -21"><span class='ocrx_word' id='word_1_281' title='bbox 368 1916 600 1983; x_wconf 78' lang='lat' dir='ltr'><strong>uiscaris</strong></span> <span class='ocrx_word' id='word_1_282' title='bbox 624 1914 950 1980; x_wconf 73' lang='lat' dir='ltr'><strong>afﬂictionis,</strong></span> <span class='ocrx_word' id='word_1_283' title='bbox 971 1929 1132 1995; x_wconf 78' lang='lat' dir='ltr'><strong>quam</strong></span> <span class='ocrx_word' id='word_1_284' title='bbox 1164 1913 1529 1977; x_wconf 81' lang='lat' dir='ltr'><strong>sustinuimus</strong></span> <span class='ocrx_word' id='word_1_285' title='bbox 1561 1911 1637 1966; x_wconf 93' lang='lat' dir='ltr'><strong>tui</strong></span> <span class='ocrx_word' id='word_1_286' title='bbox 1666 1925 1850 1967; x_wconf 85' lang='lat' dir='ltr'><strong>causa.</strong></span> 
     </span>
    </p>
   </div>
   <div class='ocr_carea' id='block_1_37' title="bbox 2030 1808 3600 1882">
    <p class='ocr_par' dir='ltr' id='par_1_37' title="bbox 2030 1808 3600 1882">
     <span class='ocr_line' id='line_1_37' title="bbox 2030 1808 3600 1882; baseline -0.003 -16"><span class='ocrx_word' id='word_1_287' title='bbox 2030 1812 2122 1866; x_wconf 78' lang='grc' dir='ltr'><strong>Διὸ</strong></span> <span class='ocrx_word' id='word_1_288' title='bbox 2159 1809 2465 1880; x_wconf 78' lang='grc' dir='ltr'>ἱκετεύομεν</span> <span class='ocrx_word' id='word_1_289' title='bbox 2499 1810 2773 1881; x_wconf 62' lang='grc' dir='ltr'>μὴιλήθην</span> <span class='ocrx_word' id='word_1_290' title='bbox 2814 1808 3139 1882; x_wconf 85' lang='grc' dir='ltr'>ποιήσασθαι</span> <span class='ocrx_word' id='word_1_291' title='bbox 3186 1809 3286 1879; x_wconf 81' lang='grc' dir='ltr'><strong>τῆς</strong></span> <span class='ocrx_word' id='word_1_292' title='bbox 3312 1808 3600 1880; x_wconf 77' lang='grc' dir='ltr'>ἡμετέρας</span> 
     </span>
    </p>
   </div>
   <div class='ocr_carea' id='block_1_38' title="bbox 2029 1892 3597 1982">
    <p class='ocr_par' dir='ltr' id='par_1_38' title="bbox 2029 1892 3597 1982">
     <span class='ocr_line' id='line_1_38' title="bbox 2029 1892 3597 1982; baseline -0.015 -24"><span class='ocrx_word' id='word_1_293' title='bbox 2029 1901 2298 1973; x_wconf 82' lang='grc' dir='ltr'>πτωχείας</span> <span class='ocrx_word' id='word_1_294' title='bbox 2321 1917 2335 1930; x_wconf 87' lang='lat'><strong>-</strong></span> <span class='ocrx_word' id='word_1_295' title='bbox 2368 1900 2665 1973; x_wconf 84' lang='grc' dir='ltr'>μνησθῆναι</span> <span class='ocrx_word' id='word_1_296' title='bbox 2688 1902 2747 1955; x_wconf 82' lang='grc' dir='ltr'><strong>δὲ</strong></span> <span class='ocrx_word' id='word_1_297' title='bbox 2783 1902 2878 1956; x_wconf 72' lang='grc' dir='ltr'><strong>καὶ</strong></span> <span class='ocrx_word' id='word_1_298' title='bbox 2902 1903 3001 1973; x_wconf 80' lang='grc' dir='ltr'><strong>τῆς</strong></span> <span class='ocrx_word' id='word_1_299' title='bbox 3042 1901 3279 1973; x_wconf 74' lang='grc' dir='ltr'>θλίψεως.</span> <span class='ocrx_word' id='word_1_300' title='bbox 3312 1899 3489 1982; x_wconf 64' lang='grc' dir='ltr'>ἡμῶν,</span> <span class='ocrx_word' id='word_1_301' title='bbox 3516 1892 3597 1981; x_wconf 66' lang='grc' dir='ltr'><strong>ἧς</strong></span> 
     </span>
    </p>
   </div>
   <div class='ocr_carea' id='block_1_39' title="bbox 2033 1988 3092 2073">
    <p class='ocr_par' dir='ltr' id='par_1_39' title="bbox 2033 1988 3092 2073">
     <span class='ocr_line' id='line_1_39' title="bbox 2033 1988 3092 2073; baseline 0 -23"><span class='ocrx_word' id='word_1_302' title='bbox 2033 1993 2401 2066; x_wconf 79' lang='grc' dir='ltr'>ὑπεμείναμεν</span> <span class='ocrx_word' id='word_1_303' title='bbox 2427 1992 2585 2073; x_wconf 84' lang='grc' dir='ltr'>χάριν</span> <span class='ocrx_word' id='word_1_304' title='bbox 2612 1992 2727 2059; x_wconf 83' lang='grc' dir='ltr'>σοῦ,</span> <span class='ocrx_word' id='word_1_305' title='bbox 2758 1988 2802 2047; x_wconf 77' lang='grc' dir='ltr'>ὦ</span> <span class='ocrx_word' id='word_1_306' title='bbox 2831 1995 3092 2060; x_wconf 72' lang='grc' dir='ltr'>Δέσποτα.</span> 
     </span>
    </p>
   </div>
   <div class='ocr_carea' id='block_1_40' title="bbox 1562 2148 2380 2223">
    <p class='ocr_par' dir='ltr' id='par_1_40' title="bbox 1562 2148 2380 2223">
     <span class='ocr_line' id='line_1_40' title="bbox 1562 2148 2380 2223; baseline -0.002 -14"><span class='ocrx_word' id='word_1_307' title='bbox 1562 2148 1636 2209; x_wconf 80' lang='lat' dir='ltr'><strong>Et</strong></span> <span class='ocrx_word' id='word_1_308' title='bbox 1666 2152 1719 2205; x_wconf 91' lang='lat' dir='ltr'><strong>in</strong></span> <span class='ocrx_word' id='word_1_309' title='bbox 1746 2167 1950 2209; x_wconf 72' lang='lat' dir='ltr'><strong>versum</strong></span> <span class='ocrx_word' id='word_1_310' title='bbox 1972 2160 2263 2223; x_wconf 78' lang='lat' dir='ltr'><strong>sequentem</strong></span> <span class='ocrx_word' id='word_1_311' title='bbox 2289 2151 2380 2207; x_wconf 75' lang='lat'><strong>25.</strong></span> 
     </span>
    </p>
   </div>
   <div class='ocr_carea' id='block_1_41' title="bbox 437 2310 1928 2380">
    <p class='ocr_par' dir='ltr' id='par_1_41' title="bbox 437 2310 1928 2380">
     <span class='ocr_line' id='line_1_41' title="bbox 437 2310 1928 2380; baseline -0.001 -15"><span class='ocrx_word' id='word_1_312' title='bbox 437 2312 779 2365; x_wconf 75' lang='lat' dir='ltr'><strong>Athanasius.</strong></span> <span class='ocrx_word' id='word_1_313' title='bbox 832 2310 1002 2367; x_wconf 83' lang='lat' dir='ltr'><strong>Porro</strong></span> <span class='ocrx_word' id='word_1_314' title='bbox 1030 2311 1343 2380; x_wconf 83' lang='lat' dir='ltr'><strong>depressam</strong></span> <span class='ocrx_word' id='word_1_315' title='bbox 1390 2310 1495 2366; x_wconf 87' lang='lat' dir='ltr'><strong>sibi</strong></span> <span class='ocrx_word' id='word_1_316' title='bbox 1535 2316 1769 2364; x_wconf 89' lang='lat' dir='ltr'><strong>mentem</strong></span> <span class='ocrx_word' id='word_1_317' title='bbox 1804 2322 1928 2363; x_wconf 87' lang='lat' dir='ltr'><strong>esse</strong></span> 
     </span>
    </p>
   </div>
   <div class='ocr_carea' id='block_1_42' title="bbox 370 2398 1927 2473">
    <p class='ocr_par' dir='ltr' id='par_1_42' title="bbox 370 2398 1927 2473">
     <span class='ocr_line' id='line_1_42' title="bbox 370 2398 1927 2473; baseline -0.001 -18"><span class='ocrx_word' id='word_1_318' title='bbox 370 2403 557 2464; x_wconf 70' lang='lat' dir='ltr'><strong>dlcunt</strong></span> <span class='ocrx_word' id='word_1_319' title='bbox 583 2402 745 2458; x_wconf 79' lang='lat' dir='ltr'><strong>etiam</strong></span> <span class='ocrx_word' id='word_1_320' title='bbox 774 2400 944 2457; x_wconf 74' lang='lat' dir='ltr'><strong>Judaei</strong></span> <span class='ocrx_word' id='word_1_321' title='bbox 973 2420 985 2457; x_wconf 92' lang='lat'><strong>:</strong></span> <span class='ocrx_word' id='word_1_322' title='bbox 1018 2404 1146 2473; x_wconf 87' lang='lat' dir='ltr'><strong>quia</strong></span> <span class='ocrx_word' id='word_1_323' title='bbox 1179 2412 1466 2473; x_wconf 86' lang='lat' dir='ltr'><strong>postquam</strong></span> <span class='ocrx_word' id='word_1_324' title='bbox 1493 2417 1557 2457; x_wconf 93' lang='lat' dir='ltr'><strong>ea</strong></span> <span class='ocrx_word' id='word_1_325' title='bbox 1601 2417 1722 2472; x_wconf 68' lang='lat' dir='ltr'><strong>qua:</strong></span> <span class='ocrx_word' id='word_1_326' title='bbox 1766 2398 1927 2454; x_wconf 81' lang='lat' dir='ltr'><strong>Chri-</strong></span> 
     </span>
    </p>
   </div>
   <div class='ocr_carea' id='block_1_43' title="bbox 370 2493 1919 2565">
    <p class='ocr_par' dir='ltr' id='par_1_43' title="bbox 370 2493 1919 2565">
     <span class='ocr_line' id='line_1_43' title="bbox 370 2493 1919 2565; baseline -0.001 -20"><span class='ocrx_word' id='word_1_327' title='bbox 370 2494 439 2555; x_wconf 76' lang='lat' dir='ltr'><strong>sti</strong></span> <span class='ocrx_word' id='word_1_328' title='bbox 471 2502 599 2546; x_wconf 87' lang='lat' dir='ltr'><strong>sunt</strong></span> <span class='ocrx_word' id='word_1_329' title='bbox 627 2493 831 2549; x_wconf 90' lang='lat' dir='ltr'><strong>sentire</strong></span> <span class='ocrx_word' id='word_1_330' title='bbox 866 2503 1209 2565; x_wconf 77' lang='lat' dir='ltr'><strong>recusarunt,</strong></span> <span class='ocrx_word' id='word_1_331' title='bbox 1242 2493 1562 2558; x_wconf 83' lang='lat' dir='ltr'><strong>deciderunt</strong></span> <span class='ocrx_word' id='word_1_332' title='bbox 1605 2493 1662 2548; x_wconf 88' lang='lat' dir='ltr'><strong>in</strong></span> <span class='ocrx_word' id='word_1_333' title='bbox 1695 2505 1919 2555; x_wconf 84' lang='lat' dir='ltr'><strong>sensum</strong></span> 
     </span>
    </p>
   </div>
   <div class='ocr_carea' id='block_1_44' title="bbox 370 2581 669 2641">
    <p class='ocr_par' dir='ltr' id='par_1_44' title="bbox 370 2581 669 2641">
     <span class='ocr_line' id='line_1_44' title="bbox 370 2581 669 2641; baseline 0.01 -8"><span class='ocrx_word' id='word_1_334' title='bbox 370 2581 669 2641; x_wconf 71' lang='lat' dir='ltr'><strong>carnalem.</strong></span> 
     </span>
    </p>
   </div>
   <div class='ocr_carea' id='block_1_45' title="bbox 2103 2305 3613 2379">
    <p class='ocr_par' dir='ltr' id='par_1_45' title="bbox 2103 2305 3613 2379">
     <span class='ocr_line' id='line_1_45' title="bbox 2103 2305 3613 2379; baseline -0.005 -12"><span class='ocrx_word' id='word_1_335' title='bbox 2103 2307 2216 2379; x_wconf 72' lang='grc'><strong>(74)</strong></span> <span class='ocrx_word' id='word_1_336' title='bbox 2268 2305 2628 2373; x_wconf 82' lang='grc' dir='ltr'>Ἀθανάσιος.</span> <span class='ocrx_word' id='word_1_337' title='bbox 2686 2305 3124 2365; x_wconf 82' lang='grc' dir='ltr'>Τεταπεινῶσθαι</span> <span class='ocrx_word' id='word_1_338' title='bbox 3168 2305 3229 2362; x_wconf 68' lang='grc' dir='ltr'><strong>δὲ</strong></span> <span class='ocrx_word' id='word_1_339' title='bbox 3270 2305 3447 2360; x_wconf 78' lang='grc' dir='ltr'>αὐτῶν</span> <span class='ocrx_word' id='word_1_340' title='bbox 3487 2306 3613 2376; x_wconf 76' lang='grc' dir='ltr'>τὴν.</span> 
     </span>
    </p>
   </div>
   <div class='ocr_carea' id='block_1_46' title="bbox 2031 2397 3613 2470">
    <p class='ocr_par' dir='ltr' id='par_1_46' title="bbox 2031 2397 3613 2470">
     <span class='ocr_line' id='line_1_46' title="bbox 2031 2397 3613 2470; baseline 0 -19"><span class='ocrx_word' id='word_1_341' title='bbox 2031 2399 2207 2470; x_wconf 79' lang='grc' dir='ltr'>ψυχήν</span> <span class='ocrx_word' id='word_1_342' title='bbox 2251 2415 2382 2469; x_wconf 88' lang='grc' dir='ltr'>φασι</span> <span class='ocrx_word' id='word_1_343' title='bbox 2412 2400 2504 2453; x_wconf 78' lang='grc' dir='ltr'>καὶ</span> <span class='ocrx_word' id='word_1_344' title='bbox 2558 2399 2828 2453; x_wconf 85' lang='grc' dir='ltr'>Ἰουδαῖοι·</span> <span class='ocrx_word' id='word_1_345' title='bbox 2879 2397 3095 2470; x_wconf 79' lang='grc' dir='ltr'>ἐπειδὴ,</span> <span class='ocrx_word' id='word_1_346' title='bbox 3142 2398 3487 2469; x_wconf 77' lang='grc' dir='ltr'>ἀπωσάμενοι</span> <span class='ocrx_word' id='word_1_347' title='bbox 3529 2400 3613 2454; x_wconf 67' lang='grc' dir='ltr'>τὸ</span> 
     </span>
    </p>
   </div>
   <div class='ocr_carea' id='block_1_47' title="bbox 2033 2488 3602 2634">
    <p class='ocr_par' dir='ltr' id='par_1_47' title="bbox 2033 2488 3602 2634">
     <span class='ocr_line' id='line_1_47' title="bbox 2033 2488 3602 2634; baseline -0.001 -90"><span class='ocrx_word' id='word_1_348' title='bbox 2033 2494 2247 2634; x_wconf 61' lang='grc' dir='ltr'>φροέεῖν</span> <span class='ocrx_word' id='word_1_349' title='bbox 2278 2488 2350 2545; x_wconf 82' lang='grc' dir='ltr'><strong>τά</strong></span> <span class='ocrx_word' id='word_1_350' title='bbox 2391 2489 2626 2569; x_wconf 82' lang='grc' dir='ltr'>Χριστοῦ</span> <span class='ocrx_word' id='word_1_351' title='bbox 2653 2530 2670 2557; x_wconf 92' lang='grc'><strong>,</strong></span> <span class='ocrx_word' id='word_1_352' title='bbox 2703 2493 2783 2555; x_wconf 77' lang='grc' dir='ltr'><strong>εἰς</strong></span> <span class='ocrx_word' id='word_1_353' title='bbox 2829 2488 3082 2569; x_wconf 77' lang='grc' dir='ltr'>φρόνημα</span> <span class='ocrx_word' id='word_1_354' title='bbox 3118 2488 3414 2550; x_wconf 80' lang='grc' dir='ltr'>κατέπεσον</span> <span class='ocrx_word' id='word_1_355' title='bbox 3459 2504 3602 2563; x_wconf 68' lang='grc' dir='ltr'>σαρ-</span> 
     </span>
     <span class='ocr_line' id='line_1_48' title="bbox 2034 2596 2207 2634; baseline 0 0"><span class='ocrx_word' id='word_1_356' title='bbox 2034 2596 2125 2634; x_wconf 87' lang='grc' dir='ltr'><strong>κικ</strong></span> <span class='ocrx_word' id='word_1_357' title='bbox 2156 2598 2207 2634; x_wconf 85' lang='grc' dir='ltr'>ν.</span> 
     </span>
    </p>
   </div>
   <div class='ocr_carea' id='block_1_48' title="bbox 2034 2596 2207 2635">
    <p class='ocr_par' dir='ltr' id='par_1_48' title="bbox 2034 2596 2207 2635">
     <span class='ocr_line' id='line_1_49' title="bbox 2034 2596 2207 2635; baseline -0.006 0"><span class='ocrx_word' id='word_1_358' title='bbox 2034 2596 2207 2635; x_wconf 85' lang='grc' dir='ltr'>κικον.</span> 
     </span>
    </p>
   </div>
   <div class='ocr_carea' id='block_1_49' title="bbox 1589 2734 2347 2801">
    <p class='ocr_par' dir='ltr' id='par_1_49' title="bbox 1589 2734 2347 2801">
     <span class='ocr_line' id='line_1_50' title="bbox 1589 2734 2347 2801; baseline 0.008 -11"><span class='ocrx_word' id='word_1_359' title='bbox 1589 2734 1723 2791; x_wconf 81' lang='lat' dir='ltr'><strong>I‘tem</strong></span> <span class='ocrx_word' id='word_1_360' title='bbox 1753 2739 1804 2792; x_wconf 85' lang='lat' dir='ltr'><strong>in</strong></span> <span class='ocrx_word' id='word_1_361' title='bbox 1837 2754 2040 2793; x_wconf 84' lang='lat' dir='ltr'><strong>versum</strong></span> <span class='ocrx_word' id='word_1_362' title='bbox 2067 2740 2347 2801; x_wconf 48' lang='lat' dir='ltr'><strong>ultimuma</strong></span> 
     </span>
    </p>
   </div>
   <div class='ocr_carea' id='block_1_50' title="bbox 439 2890 1999 2962">
    <p class='ocr_par' dir='ltr' id='par_1_50' title="bbox 439 2890 1999 2962">
     <span class='ocr_line' id='line_1_51' title="bbox 439 2890 1999 2962; baseline 0.001 -15"><span class='ocrx_word' id='word_1_363' title='bbox 439 2895 781 2947; x_wconf 69' lang='lat' dir='ltr'><strong>Athanasius.</strong></span> <span class='ocrx_word' id='word_1_364' title='bbox 828 2891 1031 2947; x_wconf 88' lang='lat' dir='ltr'><strong>Deinde</strong></span> <span class='ocrx_word' id='word_1_365' title='bbox 1069 2891 1313 2951; x_wconf 83' lang='lat' dir='ltr'><strong>indicant</strong></span> <span class='ocrx_word' id='word_1_366' title='bbox 1343 2892 1399 2946; x_wconf 91' lang='lat' dir='ltr'><strong>bi</strong></span> <span class='ocrx_word' id='word_1_367' title='bbox 1457 2890 1647 2954; x_wconf 75' lang='lat' dir='ltr'><strong>versus</strong></span> <span class='ocrx_word' id='word_1_368' title='bbox 1683 2892 1923 2952; x_wconf 78' lang='lat' dir='ltr'><strong>vocatio-</strong></span> <span class='ocrx_word' id='word_1_369' title='bbox 1955 2901 1999 2962; x_wconf 64' lang='grc' dir='ltr'>(ι</span> 
     </span>
    </p>
   </div>
   <div class='ocr_carea' id='block_1_51' title="bbox 378 2987 1932 3055">
    <p class='ocr_par' dir='ltr' id='par_1_51' title="bbox 378 2987 1932 3055">
     <span class='ocr_line' id='line_1_52' title="bbox 378 2987 1932 3055; baseline -0.012 1"><span class='ocrx_word' id='word_1_370' title='bbox 378 3016 498 3055; x_wconf 79' lang='lat' dir='ltr'><strong>nem</strong></span> <span class='ocrx_word' id='word_1_371' title='bbox 559 2995 711 3052; x_wconf 82' lang='lat' dir='ltr'><strong>illam</strong></span> <span class='ocrx_word' id='word_1_372' title='bbox 765 3000 821 3049; x_wconf 86' lang='lat' dir='ltr'><strong>et</strong></span> <span class='ocrx_word' id='word_1_373' title='bbox 868 3006 1282 3047; x_wconf 77' lang='lat' dir='ltr'><strong>conversionem</strong></span> <span class='ocrx_word' id='word_1_374' title='bbox 1341 2987 1711 3043; x_wconf 87' lang='lat' dir='ltr'><strong>lsraelitarum</strong></span> <span class='ocrx_word' id='word_1_375' title='bbox 1742 3022 1760 3050; x_wconf 93' lang='lat'><strong>,</strong></span> <span class='ocrx_word' id='word_1_376' title='bbox 1813 2999 1932 3053; x_wconf 71' lang='lat' dir='ltr'><strong>qua:</strong></span> 
     </span>
    </p>
   </div>
   <div class='ocr_carea' id='block_1_52' title="bbox 375 3078 1931 3159">
    <p class='ocr_par' dir='ltr' id='par_1_52' title="bbox 375 3078 1931 3159">
     <span class='ocr_line' id='line_1_53' title="bbox 375 3078 1931 3159; baseline -0.008 -11"><span class='ocrx_word' id='word_1_377' title='bbox 375 3094 584 3148; x_wconf 88' lang='lat' dir='ltr'><strong>ultimis</strong></span> <span class='ocrx_word' id='word_1_378' title='bbox 610 3089 948 3159; x_wconf 85' lang='lat' dir='ltr'><strong>temporibus</strong></span> <span class='ocrx_word' id='word_1_379' title='bbox 982 3084 1214 3142; x_wconf 84' lang='lat' dir='ltr'><strong>accidet.</strong></span> <span class='ocrx_word' id='word_1_380' title='bbox 1248 3082 1354 3148; x_wconf 84' lang='lat' dir='ltr'><strong>Qui</strong></span> <span class='ocrx_word' id='word_1_381' title='bbox 1376 3082 1539 3137; x_wconf 89' lang='lat' dir='ltr'><strong>etiam</strong></span> <span class='ocrx_word' id='word_1_382' title='bbox 1564 3081 1754 3135; x_wconf 89' lang='lat' dir='ltr'><strong>dicunt</strong></span> <span class='ocrx_word' id='word_1_383' title='bbox 1782 3097 1795 3133; x_wconf 92' lang='lat'><strong>:</strong></span> <span class='ocrx_word' id='word_1_384' title='bbox 1822 3078 1931 3135; x_wconf 83' lang='lat' dir='ltr'><strong>Re-</strong></span> 
     </span>
    </p>
   </div>
   <div class='ocr_carea' id='block_1_53' title="bbox 376 3174 1937 3254">
    <p class='ocr_par' dir='ltr' id='par_1_53' title="bbox 376 3174 1937 3254">
     <span class='ocr_line' id='line_1_54' title="bbox 376 3174 1937 3254; baseline -0.009 -14"><span class='ocrx_word' id='word_1_385' title='bbox 376 3186 496 3254; x_wconf 84' lang='lat' dir='ltr'><strong>cipe</strong></span> <span class='ocrx_word' id='word_1_386' title='bbox 521 3196 645 3246; x_wconf 88' lang='lat' dir='ltr'><strong>nos,</strong></span> <span class='ocrx_word' id='word_1_387' title='bbox 690 3188 751 3237; x_wconf 86' lang='lat' dir='ltr'><strong>et</strong></span> <span class='ocrx_word' id='word_1_388' title='bbox 775 3180 857 3235; x_wconf 87' lang='lat' dir='ltr'><strong>sis</strong></span> <span class='ocrx_word' id='word_1_389' title='bbox 897 3177 1055 3233; x_wconf 86' lang='lat' dir='ltr'><strong>nobis</strong></span> <span class='ocrx_word' id='word_1_390' title='bbox 1091 3175 1380 3247; x_wconf 86' lang='lat' dir='ltr'><strong>propitius.</strong></span> <span class='ocrx_word' id='word_1_391' title='bbox 1432 3174 1670 3243; x_wconf 87' lang='lat' dir='ltr'><strong>Tempus</strong></span> <span class='ocrx_word' id='word_1_392' title='bbox 1716 3186 1937 3241; x_wconf 89' lang='lat' dir='ltr'><strong>quoque</strong></span> 
     </span>
    </p>
   </div>
   <div class='ocr_carea' id='block_1_54' title="bbox 376 3263 1936 3335">
    <p class='ocr_par' dir='ltr' id='par_1_54' title="bbox 376 3263 1936 3335">
     <span class='ocr_line' id='line_1_55' title="bbox 376 3263 1936 3335; baseline -0.007 -5"><span class='ocrx_word' id='word_1_393' title='bbox 376 3272 754 3330; x_wconf 86' lang='lat' dir='ltr'><strong>conversionis</strong></span> <span class='ocrx_word' id='word_1_394' title='bbox 783 3286 916 3335; x_wconf 65' lang='lat' dir='ltr'><strong>suae,</strong></span> <span class='ocrx_word' id='word_1_395' title='bbox 941 3268 1103 3324; x_wconf 79' lang='lat' dir='ltr'><strong>fidem</strong></span> <span class='ocrx_word' id='word_1_396' title='bbox 1127 3268 1336 3324; x_wconf 87' lang='lat' dir='ltr'><strong>scilicet</strong></span> <span class='ocrx_word' id='word_1_397' title='bbox 1367 3266 1423 3319; x_wconf 90' lang='lat' dir='ltr'><strong>in</strong></span> <span class='ocrx_word' id='word_1_398' title='bbox 1456 3274 1529 3329; x_wconf 84' lang='lat' dir='ltr'><strong>te,</strong></span> <span class='ocrx_word' id='word_1_399' title='bbox 1578 3280 1612 3321; x_wconf 87' lang='grc' dir='ltr'><strong>ο</strong></span> <span class='ocrx_word' id='word_1_400' title='bbox 1644 3263 1808 3330; x_wconf 88' lang='lat' dir='ltr'><strong>Deus,</strong></span> <span class='ocrx_word' id='word_1_401' title='bbox 1841 3277 1936 3319; x_wconf 88' lang='lat' dir='ltr'><strong>ve-</strong></span> 
     </span>
    </p>
   </div>
   <div class='ocr_carea' id='block_1_55' title="bbox 381 3355 1939 3432">
    <p class='ocr_par' dir='ltr' id='par_1_55' title="bbox 381 3355 1939 3432">
     <span class='ocr_line' id='line_1_56' title="bbox 381 3355 1939 3432; baseline -0.008 -14"><span class='ocrx_word' id='word_1_402' title='bbox 381 3381 495 3423; x_wconf 85' lang='lat' dir='ltr'><strong>ram</strong></span> <span class='ocrx_word' id='word_1_403' title='bbox 550 3363 914 3429; x_wconf 79' lang='lat' dir='ltr'><strong>conlitentur;</strong></span> <span class='ocrx_word' id='word_1_404' title='bbox 954 3361 1307 3432; x_wconf 87' lang='lat' dir='ltr'><strong>subjicientes</strong></span> <span class='ocrx_word' id='word_1_405' title='bbox 1346 3356 1474 3417; x_wconf 88' lang='lat' dir='ltr'><strong>illud</strong></span> <span class='ocrx_word' id='word_1_406' title='bbox 1518 3378 1530 3411; x_wconf 72' lang='grc' dir='ltr'>ε</span> <span class='ocrx_word' id='word_1_407' title='bbox 1571 3355 1794 3422; x_wconf 80' lang='lat' dir='ltr'><strong>Propter</strong></span> <span class='ocrx_word' id='word_1_408' title='bbox 1844 3370 1939 3417; x_wconf 84' lang='lat' dir='ltr'><strong>no-</strong></span> 
     </span>
    </p>
   </div>
   <div class='ocr_carea' id='block_1_56' title="bbox 380 3443 1940 3522">
    <p class='ocr_par' dir='ltr' id='par_1_56' title="bbox 380 3443 1940 3522">
     <span class='ocr_line' id='line_1_57' title="bbox 380 3443 1940 3522; baseline -0.013 -5"><span class='ocrx_word' id='word_1_409' title='bbox 380 3474 498 3517; x_wconf 80' lang='lat' dir='ltr'><strong>men</strong></span> <span class='ocrx_word' id='word_1_410' title='bbox 542 3466 710 3519; x_wconf 89' lang='lat' dir='ltr'><strong>tuum,</strong></span> <span class='ocrx_word' id='word_1_411' title='bbox 757 3456 960 3512; x_wconf 83' lang='lat' dir='ltr'><strong>diserte</strong></span> <span class='ocrx_word' id='word_1_412' title='bbox 999 3453 1273 3516; x_wconf 78' lang='lat' dir='ltr'><strong>fatentur,</strong></span> <span class='ocrx_word' id='word_1_413' title='bbox 1314 3448 1459 3522; x_wconf 89' lang='lat' dir='ltr'><strong>quod</strong></span> <span class='ocrx_word' id='word_1_414' title='bbox 1496 3463 1603 3503; x_wconf 89' lang='lat' dir='ltr'><strong>non</strong></span> <span class='ocrx_word' id='word_1_415' title='bbox 1648 3446 1759 3502; x_wconf 91' lang='lat' dir='ltr'><strong>sint</strong></span> <span class='ocrx_word' id='word_1_416' title='bbox 1792 3443 1940 3513; x_wconf 82' lang='lat' dir='ltr'><strong>digni</strong></span> 
     </span>
    </p>
   </div>
   <div class='ocr_carea' id='block_1_57' title="bbox 379 3534 1941 3619">
    <p class='ocr_par' dir='ltr' id='par_1_57' title="bbox 379 3534 1941 3619">
     <span class='ocr_line' id='line_1_58' title="bbox 379 3534 1941 3619; baseline -0.011 -15"><span class='ocrx_word' id='word_1_417' title='bbox 379 3550 471 3619; x_wconf 88' lang='lat' dir='ltr'><strong>qui</strong></span> <span class='ocrx_word' id='word_1_418' title='bbox 516 3547 944 3606; x_wconf 85' lang='lat' dir='ltr'><strong>misericordiam</strong></span> <span class='ocrx_word' id='word_1_419' title='bbox 1000 3552 1431 3615; x_wconf 80' lang='lat' dir='ltr'><strong>consequantur,</strong></span> <span class='ocrx_word' id='word_1_420' title='bbox 1481 3539 1627 3610; x_wconf 89' lang='lat' dir='ltr'><strong>quod</strong></span> <span class='ocrx_word' id='word_1_421' title='bbox 1681 3534 1941 3593; x_wconf 86' lang='lat' dir='ltr'><strong>contrarii</strong></span> 
     </span>
    </p>
   </div>
   <div class='ocr_carea' id='block_1_58' title="bbox 381 3628 1944 3706">
    <p class='ocr_par' dir='ltr' id='par_1_58' title="bbox 381 3628 1944 3706">
     <span class='ocr_line' id='line_1_59' title="bbox 381 3628 1944 3706; baseline -0.01 -12"><span class='ocrx_word' id='word_1_422' title='bbox 381 3639 601 3696; x_wconf 81' lang='lat' dir='ltr'><strong>Christo</strong></span> <span class='ocrx_word' id='word_1_423' title='bbox 630 3637 854 3693; x_wconf 77' lang='lat' dir='ltr'><strong>fuerint.</strong></span> <span class='ocrx_word' id='word_1_424' title='bbox 884 3637 951 3693; x_wconf 85' lang='lat' dir='ltr'><strong>Et</strong></span> <span class='ocrx_word' id='word_1_425' title='bbox 983 3648 1162 3695; x_wconf 88' lang='lat' dir='ltr'><strong>tamen</strong></span> <span class='ocrx_word' id='word_1_426' title='bbox 1198 3637 1423 3706; x_wconf 81' lang='lat' dir='ltr'><strong>dignum</strong></span> <span class='ocrx_word' id='word_1_427' title='bbox 1464 3638 1548 3686; x_wconf 91' lang='lat' dir='ltr'><strong>est</strong></span> <span class='ocrx_word' id='word_1_428' title='bbox 1599 3630 1734 3699; x_wconf 91' lang='lat' dir='ltr'><strong>ipso,</strong></span> <span class='ocrx_word' id='word_1_429' title='bbox 1781 3628 1944 3680; x_wconf 88' lang='lat' dir='ltr'><strong>mise-</strong></span> 
     </span>
    </p>
   </div>
   <div class='ocr_carea' id='block_1_59' title="bbox 382 3720 1942 3804">
    <p class='ocr_par' dir='ltr' id='par_1_59' title="bbox 382 3720 1942 3804">
     <span class='ocr_line' id='line_1_60' title="bbox 382 3720 1942 3804; baseline -0.004 -20"><span class='ocrx_word' id='word_1_430' title='bbox 382 3732 489 3786; x_wconf 86' lang='lat' dir='ltr'><strong>reri</strong></span> <span class='ocrx_word' id='word_1_431' title='bbox 515 3742 565 3787; x_wconf 90' lang='lat' dir='ltr'><strong>et</strong></span> <span class='ocrx_word' id='word_1_432' title='bbox 589 3732 871 3804; x_wconf 69' lang='lat' dir='ltr'><strong>ignoscere</strong></span> <span class='ocrx_word' id='word_1_433' title='bbox 893 3731 1135 3802; x_wconf 89' lang='lat' dir='ltr'><strong>lapsibus</strong></span> <span class='ocrx_word' id='word_1_434' title='bbox 1156 3728 1410 3784; x_wconf 85' lang='lat' dir='ltr'><strong>humanis</strong></span> <span class='ocrx_word' id='word_1_435' title='bbox 1434 3730 1653 3799; x_wconf 78' lang='lat' dir='ltr'><strong>propter</strong></span> <span class='ocrx_word' id='word_1_436' title='bbox 1681 3720 1942 3787; x_wconf 69' lang='lat' dir='ltr'><strong>seipsum.</strong></span> 
     </span>
    </p>
   </div>
   <div class='ocr_carea' id='block_1_60' title="bbox 379 3811 1938 3893">
    <p class='ocr_par' dir='ltr' id='par_1_60' title="bbox 379 3811 1938 3893">
     <span class='ocr_line' id='line_1_61' title="bbox 379 3811 1938 3893; baseline -0.009 -18"><span class='ocrx_word' id='word_1_437' title='bbox 379 3823 470 3876; x_wconf 75' lang='lat' dir='ltr'><strong>Ait</strong></span> <span class='ocrx_word' id='word_1_438' title='bbox 500 3824 644 3878; x_wconf 89' lang='lat' dir='ltr'><strong>enim</strong></span> <span class='ocrx_word' id='word_1_439' title='bbox 670 3843 685 3879; x_wconf 88' lang='lat'><strong>:</strong></span> <span class='ocrx_word' id='word_1_440' title='bbox 730 3824 852 3878; x_wconf 88' lang='lat' dir='ltr'><strong>Non</strong></span> <span class='ocrx_word' id='word_1_441' title='bbox 879 3824 1018 3893; x_wconf 82' lang='lat' dir='ltr'><strong>facio</strong></span> <span class='ocrx_word' id='word_1_442' title='bbox 1048 3831 1263 3892; x_wconf 83' lang='lat' dir='ltr'><strong>propter</strong></span> <span class='ocrx_word' id='word_1_443' title='bbox 1304 3835 1415 3883; x_wconf 81' lang='lat' dir='ltr'><strong>vos,</strong></span> <span class='ocrx_word' id='word_1_444' title='bbox 1445 3815 1615 3892; x_wconf 80' lang='lat' dir='ltr'><strong>inquit</strong></span> <span class='ocrx_word' id='word_1_445' title='bbox 1656 3811 1938 3874; x_wconf 82' lang='lat' dir='ltr'><strong>Dominus,</strong></span> 
     </span>
    </p>
   </div>
   <div class='ocr_carea' id='block_1_61' title="bbox 382 3889 1536 3982">
    <p class='ocr_par' dir='ltr' id='par_1_61' title="bbox 382 3889 1536 3982">
     <span class='ocr_line' id='line_1_62' title="bbox 382 3889 1536 3982; baseline 0.003 -20"><span class='ocrx_word' id='word_1_446' title='bbox 382 3911 472 3972; x_wconf 73' lang='lat' dir='ltr'><strong>sed</strong></span> <span class='ocrx_word' id='word_1_447' title='bbox 504 3923 713 3982; x_wconf 81' lang='lat' dir='ltr'><strong>propter</strong></span> <span class='ocrx_word' id='word_1_448' title='bbox 742 3889 927 3966; x_wconf 82' lang='lat' dir='ltr'><strong>nomen</strong></span> <span class='ocrx_word' id='word_1_449' title='bbox 965 3889 1132 3966; x_wconf 83' lang='lat' dir='ltr'><strong>meum</strong></span> <span class='ocrx_word' id='word_1_450' title='bbox 1149 3889 1219 3965; x_wconf 40' lang='grc' dir='ltr'><strong>δ’.</strong></span> <span class='ocrx_word' id='word_1_451' title='bbox 1533 3889 1536 3892; x_wconf 29' lang='grc'><strong>’</strong></span> 
     </span>
    </p>
   </div>
   <div class='ocr_carea' id='block_1_62' title="bbox 2101 2895 3603 2969">
    <p class='ocr_par' dir='ltr' id='par_1_62' title="bbox 2101 2895 3603 2969">
     <span class='ocr_line' id='line_1_63' title="bbox 2101 2895 3603 2969; baseline -0.001 -18"><span class='ocrx_word' id='word_1_452' title='bbox 2101 2895 2211 2969; x_wconf 77' lang='grc'><strong>(75)</strong></span> <span class='ocrx_word' id='word_1_453' title='bbox 2257 2895 2615 2965; x_wconf 70' lang='grc' dir='ltr'>Ἀθανὰσιος.</span> <span class='ocrx_word' id='word_1_454' title='bbox 2651 2898 2761 2950; x_wconf 75' lang='grc' dir='ltr'><strong>Καὶ</strong></span> <span class='ocrx_word' id='word_1_455' title='bbox 2787 2897 2885 2968; x_wconf 81' lang='grc' dir='ltr'><strong>τὴν</strong></span> <span class='ocrx_word' id='word_1_456' title='bbox 2918 2897 2975 2950; x_wconf 86' lang='grc' dir='ltr'>ὲν</span> <span class='ocrx_word' id='word_1_457' title='bbox 3004 2896 3247 2967; x_wconf 79' lang='grc' dir='ltr'>ὑστέροις</span> <span class='ocrx_word' id='word_1_458' title='bbox 3278 2896 3335 2949; x_wconf 71' lang='grc' dir='ltr'>δὲ</span> <span class='ocrx_word' id='word_1_459' title='bbox 3381 2899 3603 2968; x_wconf 74' lang='grc' dir='ltr'>καιροῖς</span> 
     </span>
    </p>
   </div>
   <div class='ocr_carea' id='block_1_63' title="bbox 2037 2988 3605 3062">
    <p class='ocr_par' dir='ltr' id='par_1_63' title="bbox 2037 2988 3605 3062">
     <span class='ocr_line' id='line_1_64' title="bbox 2037 2988 3605 3062; baseline -0.001 -18"><span class='ocrx_word' id='word_1_460' title='bbox 2037 2991 2300 3062; x_wconf 78' lang='grc' dir='ltr'>ἐσομένην</span> <span class='ocrx_word' id='word_1_461' title='bbox 2326 2991 2418 3044; x_wconf 90' lang='grc' dir='ltr'><strong>τοῦ</strong></span> <span class='ocrx_word' id='word_1_462' title='bbox 2458 2991 2671 3062; x_wconf 82' lang='grc' dir='ltr'>Ἰσραὴλ</span> <span class='ocrx_word' id='word_1_463' title='bbox 2700 2990 3027 3060; x_wconf 69' lang='grc' dir='ltr'>ἐπιστροφὴν</span> <span class='ocrx_word' id='word_1_464' title='bbox 3065 2988 3157 3040; x_wconf 76' lang='grc' dir='ltr'>καὶ</span> <span class='ocrx_word' id='word_1_465' title='bbox 3189 2988 3376 3059; x_wconf 77' lang='grc' dir='ltr'>κλῆσιν</span> <span class='ocrx_word' id='word_1_466' title='bbox 3404 2991 3453 3042; x_wconf 91' lang='grc' dir='ltr'>οἱ</span> <span class='ocrx_word' id='word_1_467' title='bbox 3484 2988 3605 3042; x_wconf 77' lang='grc' dir='ltr'>στι-</span> 
     </span>
    </p>
   </div>
   <div class='ocr_carea' id='block_1_64' title="bbox 2037 3077 3598 3151">
    <p class='ocr_par' dir='ltr' id='par_1_64' title="bbox 2037 3077 3598 3151">
     <span class='ocr_line' id='line_1_65' title="bbox 2037 3077 3598 3151; baseline 0 -18"><span class='ocrx_word' id='word_1_468' title='bbox 2037 3096 2121 3151; x_wconf 90' lang='grc' dir='ltr'><strong>χοι</strong></span> <span class='ocrx_word' id='word_1_469' title='bbox 2156 3081 2524 3151; x_wconf 80' lang='grc' dir='ltr'>σημαίνουσιν.</span> <span class='ocrx_word' id='word_1_470' title='bbox 2555 3082 2617 3133; x_wconf 85' lang='grc' dir='ltr'><strong>Οἳ</strong></span> <span class='ocrx_word' id='word_1_471' title='bbox 2642 3081 2732 3134; x_wconf 87' lang='grc' dir='ltr'><strong>καί</strong></span> <span class='ocrx_word' id='word_1_472' title='bbox 2758 3096 2918 3149; x_wconf 81' lang='grc' dir='ltr'>φασιν</span> <span class='ocrx_word' id='word_1_473' title='bbox 2943 3095 2956 3108; x_wconf 86' lang='grc'><em>’</em></span> <span class='ocrx_word' id='word_1_474' title='bbox 3001 3077 3307 3132; x_wconf 80' lang='grc' dir='ltr'>Ἀντιλάϐου</span> <span class='ocrx_word' id='word_1_475' title='bbox 3334 3078 3397 3149; x_wconf 80' lang='grc' dir='ltr'>δὴ</span> <span class='ocrx_word' id='word_1_476' title='bbox 3417 3079 3598 3149; x_wconf 76' lang='grc' dir='ltr'>ἡμῶν,</span> 
     </span>
    </p>
   </div>
   <div class='ocr_carea' id='block_1_65' title="bbox 2037 3164 3605 3237">
    <p class='ocr_par' dir='ltr' id='par_1_65' title="bbox 2037 3164 3605 3237">
     <span class='ocr_line' id='line_1_66' title="bbox 2037 3164 3605 3237; baseline -0.002 -18"><span class='ocrx_word' id='word_1_477' title='bbox 2037 3167 2131 3219; x_wconf 76' lang='grc' dir='ltr'>καὶ</span> <span class='ocrx_word' id='word_1_478' title='bbox 2160 3166 2298 3219; x_wconf 85' lang='grc' dir='ltr'>δίδου</span> <span class='ocrx_word' id='word_1_479' title='bbox 2328 3167 2388 3219; x_wconf 83' lang='grc' dir='ltr'><strong>τὸ</strong></span> <span class='ocrx_word' id='word_1_480' title='bbox 2415 3165 2659 3237; x_wconf 82' lang='grc' dir='ltr'>εὐμενές.</span> <span class='ocrx_word' id='word_1_481' title='bbox 2684 3167 2793 3221; x_wconf 72' lang='grc' dir='ltr'>Καὶ</span> <span class='ocrx_word' id='word_1_482' title='bbox 2823 3165 3011 3236; x_wconf 78' lang='grc' dir='ltr'>καιρὸν</span> <span class='ocrx_word' id='word_1_483' title='bbox 3036 3164 3369 3236; x_wconf 76' lang='grc' dir='ltr'>ἐπιστροφῆς</span> <span class='ocrx_word' id='word_1_484' title='bbox 3390 3165 3488 3236; x_wconf 80' lang='grc' dir='ltr'>τὴν</span> <span class='ocrx_word' id='word_1_485' title='bbox 3516 3165 3605 3229; x_wconf 77' lang='grc' dir='ltr'>εἰς</span> 
     </span>
    </p>
   </div>
   <div class='ocr_carea' id='block_1_66' title="bbox 2049 3255 3600 3330">
    <p class='ocr_par' dir='ltr' id='par_1_66' title="bbox 2049 3255 3600 3330">
     <span class='ocr_line' id='line_1_67' title="bbox 2049 3255 3600 3330; baseline -0.001 -20"><span class='ocrx_word' id='word_1_486' title='bbox 2049 3257 2109 3310; x_wconf 83' lang='grc' dir='ltr'>σὲ</span> <span class='ocrx_word' id='word_1_487' title='bbox 2158 3258 2413 3329; x_wconf 75' lang='grc' dir='ltr'>ἀληθινὴν</span> <span class='ocrx_word' id='word_1_488' title='bbox 2475 3259 2654 3312; x_wconf 84' lang='grc' dir='ltr'>πίστιν</span> <span class='ocrx_word' id='word_1_489' title='bbox 2705 3256 3054 3330; x_wconf 79' lang='grc' dir='ltr'>ὁμολογοῦσιν</span> <span class='ocrx_word' id='word_1_490' title='bbox 3090 3275 3105 3289; x_wconf 78' lang='grc' dir='ltr'><strong><em>ο</em></strong></span> <span class='ocrx_word' id='word_1_491' title='bbox 3142 3258 3432 3326; x_wconf 76' lang='grc' dir='ltr'>ἐπάγοντες</span> <span class='ocrx_word' id='word_1_492' title='bbox 3482 3255 3600 3309; x_wconf 41' lang='grc' dir='ltr'><strong>τό)</strong></span> 
     </span>
    </p>
   </div>
   <div class='ocr_carea' id='block_1_67' title="bbox 2045 3345 3605 3419">
    <p class='ocr_par' dir='ltr' id='par_1_67' title="bbox 2045 3345 3605 3419">
     <span class='ocr_line' id='line_1_68' title="bbox 2045 3345 3605 3419; baseline 0.001 -18"><span class='ocrx_word' id='word_1_493' title='bbox 2045 3348 2294 3410; x_wconf 82' lang='grc' dir='ltr'>Ἕνεκεν</span> <span class='ocrx_word' id='word_1_494' title='bbox 2329 3348 2435 3402; x_wconf 83' lang='grc' dir='ltr'><strong>τοῦ</strong></span> <span class='ocrx_word' id='word_1_495' title='bbox 2478 3350 2763 3418; x_wconf 80' lang='grc' dir='ltr'>ὀνόματός</span> <span class='ocrx_word' id='word_1_496' title='bbox 2800 3364 2937 3413; x_wconf 86' lang='grc' dir='ltr'>σου,</span> <span class='ocrx_word' id='word_1_497' title='bbox 2977 3346 3282 3419; x_wconf 70' lang='grc' dir='ltr'>διαρρήδην,</span> <span class='ocrx_word' id='word_1_498' title='bbox 3311 3345 3605 3416; x_wconf 78' lang='grc' dir='ltr'>ὁμολογοῦ-</span> 
     </span>
    </p>
   </div>
   <div class='ocr_carea' id='block_1_68' title="bbox 2044 3437 3606 3508">
    <p class='ocr_par' dir='ltr' id='par_1_68' title="bbox 2044 3437 3606 3508">
     <span class='ocr_line' id='line_1_69' title="bbox 2044 3437 3606 3508; baseline -0.003 -12"><span class='ocrx_word' id='word_1_499' title='bbox 2044 3460 2126 3496; x_wconf 91' lang='grc' dir='ltr'><strong>σιν</strong></span> <span class='ocrx_word' id='word_1_500' title='bbox 2158 3481 2172 3503; x_wconf 84' lang='grc'><strong>,</strong></span> <span class='ocrx_word' id='word_1_501' title='bbox 2200 3440 2274 3505; x_wconf 85' lang='grc' dir='ltr'>ὡς</span> <span class='ocrx_word' id='word_1_502' title='bbox 2303 3441 2401 3494; x_wconf 79' lang='grc' dir='ltr'><strong>οὐκ</strong></span> <span class='ocrx_word' id='word_1_503' title='bbox 2428 3438 2566 3505; x_wconf 83' lang='grc' dir='ltr'>ἄξιοι</span> <span class='ocrx_word' id='word_1_504' title='bbox 2593 3439 2685 3492; x_wconf 88' lang='grc' dir='ltr'><strong>τοῦ</strong></span> <span class='ocrx_word' id='word_1_505' title='bbox 2723 3438 2987 3492; x_wconf 75' lang='grc' dir='ltr'>ἐλεεῖσθαι</span> <span class='ocrx_word' id='word_1_506' title='bbox 3036 3440 3171 3497; x_wconf 79' lang='grc' dir='ltr'>εἰσιν</span> <span class='ocrx_word' id='word_1_507' title='bbox 3207 3438 3256 3490; x_wconf 89' lang='grc' dir='ltr'>οἱ</span> <span class='ocrx_word' id='word_1_508' title='bbox 3289 3437 3429 3493; x_wconf 83' lang='grc' dir='ltr'>κατὰ</span> <span class='ocrx_word' id='word_1_509' title='bbox 3466 3438 3606 3508; x_wconf 82' lang='grc' dir='ltr'>Χρι-</span> 
     </span>
    </p>
   </div>
   <div class='ocr_carea' id='block_1_69' title="bbox 2044 3508 3606 3602">
    <p class='ocr_par' dir='ltr' id='par_1_69' title="bbox 2044 3508 3606 3602">
     <span class='ocr_line' id='line_1_70' title="bbox 2044 3508 3606 3602; baseline -0.003 -16"><span class='ocrx_word' id='word_1_510' title='bbox 2044 3533 2169 3587; x_wconf 86' lang='grc' dir='ltr'>στοῦ</span> <span class='ocrx_word' id='word_1_511' title='bbox 2197 3532 2492 3602; x_wconf 84' lang='grc' dir='ltr'>γενόμενοι.</span> <span class='ocrx_word' id='word_1_512' title='bbox 2525 3530 2728 3601; x_wconf 83' lang='grc' dir='ltr'>Πρέπει</span> <span class='ocrx_word' id='word_1_513' title='bbox 2768 3547 2832 3598; x_wconf 82' lang='grc' dir='ltr'><strong>γε</strong></span> <span class='ocrx_word' id='word_1_514' title='bbox 2869 3531 2973 3601; x_wconf 83' lang='grc' dir='ltr'><strong>μὴν</strong></span> <span class='ocrx_word' id='word_1_515' title='bbox 2996 3529 3057 3582; x_wconf 85' lang='grc' dir='ltr'>τὸ</span> <span class='ocrx_word' id='word_1_516' title='bbox 3088 3529 3271 3582; x_wconf 78' lang='grc' dir='ltr'><strong>ἐλεεῖν¹</strong></span> <span class='ocrx_word' id='word_1_517' title='bbox 3304 3527 3472 3598; x_wconf 68' lang='grc' dir='ltr'>αὐτῷ,</span> <span class='ocrx_word' id='word_1_518' title='bbox 3504 3508 3606 3581; x_wconf 54' lang='grc' dir='ltr'><strong>καὶ⁵</strong></span> 
     </span>
    </p>
   </div>
   <div class='ocr_carea' id='block_1_70' title="bbox 2044 3619 3609 3694">
    <p class='ocr_par' dir='ltr' id='par_1_70' title="bbox 2044 3619 3609 3694">
     <span class='ocr_line' id='line_1_71' title="bbox 2044 3619 3609 3694; baseline -0.003 -16"><span class='ocrx_word' id='word_1_519' title='bbox 2044 3623 2433 3694; x_wconf 83' lang='grc' dir='ltr'>κατοικτείρειν</span> <span class='ocrx_word' id='word_1_520' title='bbox 2466 3624 2577 3684; x_wconf 87' lang='grc' dir='ltr'>τοῖς</span> <span class='ocrx_word' id='word_1_521' title='bbox 2606 3620 2964 3692; x_wconf 83' lang='grc' dir='ltr'>ἀνθρωπίνοις</span> <span class='ocrx_word' id='word_1_522' title='bbox 3015 3620 3317 3692; x_wconf 85' lang='grc' dir='ltr'>πταίσμασι</span> <span class='ocrx_word' id='word_1_523' title='bbox 3341 3619 3427 3672; x_wconf 72' lang='lat' dir='ltr'><strong>ter</strong></span> <span class='ocrx_word' id='word_1_524' title='bbox 3476 3621 3609 3673; x_wconf 80' lang='grc' dir='ltr'>ἐαυ-</span> 
     </span>
    </p>
   </div>
   <div class='ocr_carea' id='block_1_71' title="bbox 2042 3709 3609 3786">
    <p class='ocr_par' dir='ltr' id='par_1_71' title="bbox 2042 3709 3609 3786">
     <span class='ocr_line' id='line_1_72' title="bbox 2042 3709 3609 3786; baseline -0.001 -18"><span class='ocrx_word' id='word_1_525' title='bbox 2042 3716 2154 3769; x_wconf 87' lang='grc' dir='ltr'><strong>τόν.</strong></span> <span class='ocrx_word' id='word_1_526' title='bbox 2187 3716 2324 3786; x_wconf 77' lang='grc' dir='ltr'><strong>Φησὶ</strong></span> <span class='ocrx_word' id='word_1_527' title='bbox 2353 3713 2493 3784; x_wconf 83' lang='grc' dir='ltr'>γάρ’</span> <span class='ocrx_word' id='word_1_528' title='bbox 2530 3716 2609 3767; x_wconf 84' lang='grc' dir='ltr'><em>Οὺ</em></span> <span class='ocrx_word' id='word_1_529' title='bbox 2636 3712 2709 3766; x_wconf 82' lang='grc' dir='ltr'>δι’</span> <span class='ocrx_word' id='word_1_530' title='bbox 2741 3711 2897 3782; x_wconf 80' lang='grc' dir='ltr'>ὑμᾶς</span> <span class='ocrx_word' id='word_1_531' title='bbox 2927 3712 3042 3782; x_wconf 74' lang='grc' dir='ltr'><strong>ἐγὼ</strong></span> <span class='ocrx_word' id='word_1_532' title='bbox 3072 3711 3236 3777; x_wconf 76' lang='grc' dir='ltr'>ποιῶ,</span> <span class='ocrx_word' id='word_1_533' title='bbox 3267 3710 3431 3783; x_wconf 71' lang='grc' dir='ltr'>λέγει</span> <span class='ocrx_word' id='word_1_534' title='bbox 3477 3709 3609 3777; x_wconf 71' lang='grc' dir='ltr'><strong>Κύ-</strong></span> 
     </span>
    </p>
   </div>
   <div class='ocr_carea' id='block_1_72' title="bbox 2039 3802 3010 3875">
    <p class='ocr_par' dir='ltr' id='par_1_72' title="bbox 2039 3802 3010 3875">
     <span class='ocr_line' id='line_1_73' title="bbox 2039 3802 3010 3875; baseline -0.001 -16"><span class='ocrx_word' id='word_1_535' title='bbox 2039 3823 2189 3875; x_wconf 82' lang='grc' dir='ltr'>ριος,</span> <span class='ocrx_word' id='word_1_536' title='bbox 2218 3806 2351 3860; x_wconf 76' lang='grc' dir='ltr'><strong>ἀλλ’</strong></span> <span class='ocrx_word' id='word_1_537' title='bbox 2384 3805 2420 3873; x_wconf 83' lang='grc' dir='ltr'><em>ἢ</em></span> <span class='ocrx_word' id='word_1_538' title='bbox 2454 3804 2554 3859; x_wconf 82' lang='grc' dir='ltr'>διὰ</span> <span class='ocrx_word' id='word_1_539' title='bbox 2573 3806 2637 3859; x_wconf 85' lang='grc' dir='ltr'>τὸ</span> <span class='ocrx_word' id='word_1_540' title='bbox 2660 3802 2847 3875; x_wconf 77' lang='grc' dir='ltr'><strong>ὄνομὰ</strong></span> <span class='ocrx_word' id='word_1_541' title='bbox 2871 3820 3010 3873; x_wconf 84' lang='grc' dir='ltr'>μου.</span> 
     </span>
    </p>
   </div>
   <div class='ocr_carea' id='block_1_73' title="bbox 461 4025 3501 4118">
    <p class='ocr_par' dir='ltr' id='par_1_73' title="bbox 461 4025 3501 4118">
     <span class='ocr_line' id='line_1_74' title="bbox 461 4025 3501 4118; baseline -0.01 -14"><span class='ocrx_word' id='word_1_542' title='bbox 461 4050 654 4104; x_wconf 82' lang='lat' dir='ltr'><strong>Deinde</strong></span> <span class='ocrx_word' id='word_1_543' title='bbox 680 4049 916 4118; x_wconf 85' lang='lat' dir='ltr'><strong>sequitur</strong></span> <span class='ocrx_word' id='word_1_544' title='bbox 958 4054 1321 4117; x_wconf 85' lang='lat' dir='ltr'><strong>argumentum</strong></span> <span class='ocrx_word' id='word_1_545' title='bbox 1355 4047 1407 4099; x_wconf 88' lang='lat' dir='ltr'><strong>in</strong></span> <span class='ocrx_word' id='word_1_546' title='bbox 1440 4042 1699 4114; x_wconf 83' lang='lat' dir='ltr'><strong>psalmum</strong></span> <span class='ocrx_word' id='word_1_547' title='bbox 1734 4050 1855 4092; x_wconf 79' lang='lat' dir='ltr'><strong>mv</strong></span> <span class='ocrx_word' id='word_1_548' title='bbox 1900 4032 2094 4088; x_wconf 79' lang='lat' dir='ltr'><strong>eisdem</strong></span> <span class='ocrx_word' id='word_1_549' title='bbox 2132 4045 2344 4085; x_wconf 66' lang='lat' dir='ltr'><strong>srorsus</strong></span> <span class='ocrx_word' id='word_1_550' title='bbox 2374 4028 2537 4085; x_wconf 76' lang='lat' dir='ltr'><strong>verbis</strong></span> <span class='ocrx_word' id='word_1_551' title='bbox 2588 4026 2775 4098; x_wconf 79' lang='lat' dir='ltr'><strong>quibus</strong></span> <span class='ocrx_word' id='word_1_552' title='bbox 2828 4025 3047 4108; x_wconf 75' lang='lat' dir='ltr'><strong>habetur</strong></span> <span class='ocrx_word' id='word_1_553' title='bbox 3099 4036 3299 4103; x_wconf 85' lang='lat' dir='ltr'><strong>supra;</strong></span> <span class='ocrx_word' id='word_1_554' title='bbox 3341 4036 3501 4091; x_wconf 84' lang='lat' dir='ltr'><strong>quare</strong></span> 
     </span>
    </p>
   </div>
   <div class='ocr_carea' id='block_1_74' title="bbox 385 4122 765 4179">
    <p class='ocr_par' dir='ltr' id='par_1_74' title="bbox 385 4122 765 4179">
     <span class='ocr_line' id='line_1_75' title="bbox 385 4122 765 4179; baseline -0.013 -1"><span class='ocrx_word' id='word_1_555' title='bbox 385 4122 637 4178; x_wconf 83' lang='lat' dir='ltr'><strong>antissum</strong></span> <span class='ocrx_word' id='word_1_556' title='bbox 668 4130 765 4179; x_wconf 82' lang='lat' dir='ltr'><strong>est.</strong></span> 
     </span>
    </p>
   </div>
   <div class='ocr_carea' id='block_1_75' title="bbox 735 4249 3269 4345">
    <p class='ocr_par' dir='ltr' id='par_1_75' title="bbox 735 4249 3269 4345">
     <span class='ocr_line' id='line_1_76' title="bbox 735 4249 3269 4345; baseline -0.015 -7"><span class='ocrx_word' id='word_1_557' title='bbox 735 4283 804 4338; x_wconf 81' lang='lat' dir='ltr'><strong>Et</strong></span> <span class='ocrx_word' id='word_1_558' title='bbox 828 4285 881 4337; x_wconf 87' lang='lat' dir='ltr'><strong>in</strong></span> <span class='ocrx_word' id='word_1_559' title='bbox 908 4294 1109 4335; x_wconf 80' lang='lat' dir='ltr'><strong>versum</strong></span> <span class='ocrx_word' id='word_1_560' title='bbox 1159 4276 1408 4345; x_wconf 87' lang='lat' dir='ltr'><strong>primum,</strong></span> <span class='ocrx_word' id='word_1_561' title='bbox 1437 4270 1714 4343; x_wconf 67' lang='lat' dir='ltr'><strong>praemissa</strong></span> <span class='ocrx_word' id='word_1_562' title='bbox 1759 4265 1975 4332; x_wconf 86' lang='lat' dir='ltr'><strong>Basilii,</strong></span> <span class='ocrx_word' id='word_1_563' title='bbox 1999 4259 2359 4332; x_wconf 77' lang='lat' dir='ltr'><strong>Chrysostomi</strong></span> <span class='ocrx_word' id='word_1_564' title='bbox 2390 4265 2438 4312; x_wconf 87' lang='lat' dir='ltr'><strong>et</strong></span> <span class='ocrx_word' id='word_1_565' title='bbox 2482 4254 2699 4310; x_wconf 83' lang='lat' dir='ltr'><strong>Eusebii</strong></span> <span class='ocrx_word' id='word_1_566' title='bbox 2725 4253 3001 4318; x_wconf 79' lang='lat' dir='ltr'><strong>sententia,</strong></span> <span class='ocrx_word' id='word_1_567' title='bbox 3036 4249 3269 4319; x_wconf 80' lang='lat' dir='ltr'><strong>subjicit.</strong></span> 
     </span>
    </p>
   </div>
   <div class='ocr_carea' id='block_1_76' title="bbox 457 4397 1934 4511">
    <p class='ocr_par' dir='ltr' id='par_1_76' title="bbox 457 4420 1934 4511">
     <span class='ocr_line' id='line_1_77' title="bbox 457 4420 1934 4511; baseline -0.016 -15"><span class='ocrx_word' id='word_1_568' title='bbox 457 4441 684 4511; x_wconf 76' lang='lat' dir='ltr'><strong>Magnus</strong></span> <span class='ocrx_word' id='word_1_569' title='bbox 715 4452 844 4493; x_wconf 90' lang='lat' dir='ltr'><strong>vero</strong></span> <span class='ocrx_word' id='word_1_570' title='bbox 877 4432 1298 4495; x_wconf 83' lang='lat' dir='ltr'><strong>Athanasius,et</strong></span> <span class='ocrx_word' id='word_1_571' title='bbox 1326 4430 1482 4485; x_wconf 87' lang='lat' dir='ltr'><strong>divus</strong></span> <span class='ocrx_word' id='word_1_572' title='bbox 1508 4426 1765 4499; x_wconf 83' lang='lat' dir='ltr'><strong>Cyrillus,</strong></span> <span class='ocrx_word' id='word_1_573' title='bbox 1786 4420 1934 4492; x_wconf 79' lang='lat' dir='ltr'><strong>quasi</strong></span> 
     </span>
    </p>
   </div>
   <div class='ocr_carea' id='block_1_77' title="bbox 2075 4397 3611 4511">
    <p class='ocr_par' dir='ltr' id='par_1_77' title="bbox 2119 4397 3611 4485">
     <span class='ocr_line' id='line_1_78' title="bbox 2119 4397 3611 4485; baseline -0.011 -17"><span class='ocrx_word' id='word_1_574' title='bbox 2119 4414 2229 4485; x_wconf 78' lang='lat'><strong>(76)</strong></span> <span class='ocrx_word' id='word_1_575' title='bbox 2265 4413 2579 4477; x_wconf 84' lang='grc' dir='ltr'>’Δθανάσιος</span> <span class='ocrx_word' id='word_1_576' title='bbox 2607 4412 2663 4465; x_wconf 85' lang='grc' dir='ltr'><strong>δὲ</strong></span> <span class='ocrx_word' id='word_1_577' title='bbox 2684 4413 2712 4466; x_wconf 87' lang='grc' dir='ltr'><strong>ὁ</strong></span> <span class='ocrx_word' id='word_1_578' title='bbox 2738 4411 2876 4469; x_wconf 84' lang='grc' dir='ltr'>πάνυ</span> <span class='ocrx_word' id='word_1_579' title='bbox 2905 4408 3000 4462; x_wconf 74' lang='grc' dir='ltr'>καὶ</span> <span class='ocrx_word' id='word_1_580' title='bbox 3019 4409 3047 4460; x_wconf 83' lang='grc' dir='ltr'><strong>ὁ</strong></span> <span class='ocrx_word' id='word_1_581' title='bbox 3070 4405 3212 4469; x_wconf 87' lang='grc' dir='ltr'>θεῖος</span> <span class='ocrx_word' id='word_1_582' title='bbox 3239 4400 3499 4473; x_wconf 81' lang='grc' dir='ltr'>Κύριλλος</span> <span class='ocrx_word' id='word_1_583' title='bbox 3531 4397 3611 4463; x_wconf 80' lang='grc' dir='ltr'>ὡς</span> 
     </span>
    </p>
   </div>
   <div class='ocr_carea' id='block_1_78' title="bbox 388 4511 1949 4602">
    <p class='ocr_par' dir='ltr' id='par_1_78' title="bbox 388 4511 1949 4602">
     <span class='ocr_line' id='line_1_79' title="bbox 388 4511 1949 4602; baseline -0.015 -14"><span class='ocrx_word' id='word_1_584' title='bbox 388 4536 503 4588; x_wconf 70' lang='lat' dir='ltr'><strong>haec</strong></span> <span class='ocrx_word' id='word_1_585' title='bbox 535 4549 598 4588; x_wconf 74' lang='lat' dir='ltr'><strong>es</strong></span> <span class='ocrx_word' id='word_1_586' title='bbox 632 4544 866 4602; x_wconf 90' lang='lat' dir='ltr'><strong>persona</strong></span> <span class='ocrx_word' id='word_1_587' title='bbox 909 4525 1001 4581; x_wconf 91' lang='lat' dir='ltr'><strong>Dei</strong></span> <span class='ocrx_word' id='word_1_588' title='bbox 1056 4532 1112 4577; x_wconf 80' lang='lat' dir='ltr'><strong>et</strong></span> <span class='ocrx_word' id='word_1_589' title='bbox 1160 4521 1337 4576; x_wconf 83' lang='lat' dir='ltr'><strong>Patris</strong></span> <span class='ocrx_word' id='word_1_590' title='bbox 1375 4520 1705 4579; x_wconf 89' lang='lat' dir='ltr'><strong>dicerentur,</strong></span> <span class='ocrx_word' id='word_1_591' title='bbox 1750 4511 1949 4567; x_wconf 86' lang='lat' dir='ltr'><strong>intelli-</strong></span> 
     </span>
    </p>
   </div>
   <div class='ocr_carea' id='block_1_79' title="bbox 391 4603 1949 4695">
    <p class='ocr_par' dir='ltr' id='par_1_79' title="bbox 391 4603 1949 4695">
     <span class='ocr_line' id='line_1_80' title="bbox 391 4603 1949 4695; baseline -0.015 -15"><span class='ocrx_word' id='word_1_592' title='bbox 391 4633 526 4695; x_wconf 76' lang='lat' dir='ltr'><strong>gunt</strong></span> <span class='ocrx_word' id='word_1_593' title='bbox 551 4638 613 4677; x_wconf 91' lang='lat' dir='ltr'><strong>ea</strong></span> <span class='ocrx_word' id='word_1_594' title='bbox 650 4621 719 4675; x_wconf 90' lang='lat' dir='ltr'><strong>de</strong></span> <span class='ocrx_word' id='word_1_595' title='bbox 750 4617 949 4682; x_wconf 76' lang='lat' dir='ltr'><strong>Verbo,</strong></span> <span class='ocrx_word' id='word_1_596' title='bbox 978 4614 1122 4686; x_wconf 91' lang='lat' dir='ltr'><strong>quod</strong></span> <span class='ocrx_word' id='word_1_597' title='bbox 1148 4612 1288 4683; x_wconf 89' lang='lat' dir='ltr'><strong>apud</strong></span> <span class='ocrx_word' id='word_1_598' title='bbox 1310 4610 1523 4664; x_wconf 88' lang='lat' dir='ltr'><strong>Patrem</strong></span> <span class='ocrx_word' id='word_1_599' title='bbox 1563 4614 1681 4663; x_wconf 90' lang='lat' dir='ltr'><strong>erat</strong></span> <span class='ocrx_word' id='word_1_600' title='bbox 1710 4607 1762 4659; x_wconf 92' lang='lat' dir='ltr'><strong>in</strong></span> <span class='ocrx_word' id='word_1_601' title='bbox 1797 4603 1949 4673; x_wconf 88' lang='lat' dir='ltr'><strong>prin-</strong></span> 
     </span>
    </p>
   </div>
   <div class='ocr_carea' id='block_1_80' title="bbox 391 4695 1952 4784">
    <p class='ocr_par' dir='ltr' id='par_1_80' title="bbox 391 4695 1952 4784">
     <span class='ocr_line' id='line_1_81' title="bbox 391 4695 1952 4784; baseline -0.015 -15"><span class='ocrx_word' id='word_1_602' title='bbox 391 4716 573 4784; x_wconf 79' lang='lat' dir='ltr'><strong>cipio;</strong></span> <span class='ocrx_word' id='word_1_603' title='bbox 602 4711 769 4782; x_wconf 88' lang='lat' dir='ltr'><strong>quod,</strong></span> <span class='ocrx_word' id='word_1_604' title='bbox 805 4708 1079 4778; x_wconf 87' lang='lat' dir='ltr'><strong>inquiunt,</strong></span> <span class='ocrx_word' id='word_1_605' title='bbox 1118 4702 1520 4775; x_wconf 89' lang='lat' dir='ltr'><strong>quodammodo</strong></span> <span class='ocrx_word' id='word_1_606' title='bbox 1552 4714 1618 4753; x_wconf 79' lang='lat' dir='ltr'><strong>ex</strong></span> <span class='ocrx_word' id='word_1_607' title='bbox 1650 4695 1811 4752; x_wconf 88' lang='lat' dir='ltr'><strong>corde</strong></span> <span class='ocrx_word' id='word_1_608' title='bbox 1857 4699 1952 4747; x_wconf 89' lang='lat' dir='ltr'><strong>aut</strong></span> 
     </span>
    </p>
   </div>
   <div class='ocr_carea' id='block_1_81' title="bbox 392 4784 1951 4871">
    <p class='ocr_par' dir='ltr' id='par_1_81' title="bbox 392 4784 1951 4871">
     <span class='ocr_line' id='line_1_82' title="bbox 392 4784 1951 4871; baseline -0.015 -15"><span class='ocrx_word' id='word_1_609' title='bbox 392 4801 529 4871; x_wconf 85' lang='lat' dir='ltr'><strong>ipsis</strong></span> <span class='ocrx_word' id='word_1_610' title='bbox 561 4797 868 4853; x_wconf 83' lang='lat' dir='ltr'><strong>visceribus</strong></span> <span class='ocrx_word' id='word_1_611' title='bbox 915 4792 1218 4864; x_wconf 82' lang='lat' dir='ltr'><strong>progenuit.</strong></span> <span class='ocrx_word' id='word_1_612' title='bbox 1252 4790 1328 4846; x_wconf 84' lang='lat' dir='ltr'><strong>De</strong></span> <span class='ocrx_word' id='word_1_613' title='bbox 1368 4805 1477 4860; x_wconf 94' lang='lat' dir='ltr'><strong>quo</strong></span> <span class='ocrx_word' id='word_1_614' title='bbox 1503 4787 1666 4842; x_wconf 89' lang='lat' dir='ltr'><strong>etiam</strong></span> <span class='ocrx_word' id='word_1_615' title='bbox 1696 4784 1828 4839; x_wconf 91' lang='lat' dir='ltr'><strong>dicit</strong></span> <span class='ocrx_word' id='word_1_616' title='bbox 1856 4796 1951 4850; x_wconf 88' lang='lat' dir='ltr'><strong>per</strong></span> 
     </span>
    </p>
   </div>
   <div class='ocr_carea' id='block_1_82' title="bbox 394 4873 1952 4947">
    <p class='ocr_par' dir='ltr' id='par_1_82' title="bbox 394 4873 1952 4947">
     <span class='ocr_line' id='line_1_83' title="bbox 394 4873 1952 4947; baseline -0.014 1"><span class='ocrx_word' id='word_1_617' title='bbox 394 4892 648 4947; x_wconf 83' lang='lat' dir='ltr'><strong>Davidem</strong></span> <span class='ocrx_word' id='word_1_618' title='bbox 678 4910 691 4945; x_wconf 89' lang='lat'><strong>:</strong></span> <span class='ocrx_word' id='word_1_619' title='bbox 725 4889 997 4943; x_wconf 80' lang='lat' dir='ltr'><strong>Eructavit</strong></span> <span class='ocrx_word' id='word_1_620' title='bbox 1028 4902 1119 4939; x_wconf 87' lang='lat' dir='ltr'><strong>cor</strong></span> <span class='ocrx_word' id='word_1_621' title='bbox 1149 4900 1319 4939; x_wconf 86' lang='lat' dir='ltr'><strong>meum</strong></span> <span class='ocrx_word' id='word_1_622' title='bbox 1354 4882 1562 4936; x_wconf 76' lang='lat' dir='ltr'><strong>uerbum</strong></span> <span class='ocrx_word' id='word_1_623' title='bbox 1589 4878 1799 4930; x_wconf 87' lang='lat' dir='ltr'><strong>bonum.</strong></span> <span class='ocrx_word' id='word_1_624' title='bbox 1821 4873 1952 4928; x_wconf 86' lang='lat' dir='ltr'><strong>Pro-</strong></span> 
     </span>
    </p>
   </div>
   <div class='ocr_carea' id='block_1_83' title="bbox 393 4965 1953 5056">
    <p class='ocr_par' dir='ltr' id='par_1_83' title="bbox 393 4965 1953 5056">
     <span class='ocr_line' id='line_1_84' title="bbox 393 4965 1953 5056; baseline -0.014 -16"><span class='ocrx_word' id='word_1_625' title='bbox 393 4994 589 5056; x_wconf 73' lang='lat' dir='ltr'><strong>gnatus</strong></span> <span class='ocrx_word' id='word_1_626' title='bbox 614 4996 847 5052; x_wconf 88' lang='lat' dir='ltr'><strong>namque</strong></span> <span class='ocrx_word' id='word_1_627' title='bbox 893 4987 975 5035; x_wconf 91' lang='lat' dir='ltr'><strong>est</strong></span> <span class='ocrx_word' id='word_1_628' title='bbox 999 4977 1198 5041; x_wconf 84' lang='lat' dir='ltr'><strong>Filius,</strong></span> <span class='ocrx_word' id='word_1_629' title='bbox 1227 4983 1288 5032; x_wconf 89' lang='lat' dir='ltr'><strong>ut</strong></span> <span class='ocrx_word' id='word_1_630' title='bbox 1319 4987 1499 5031; x_wconf 90' lang='lat' dir='ltr'><strong>sermo</strong></span> <span class='ocrx_word' id='word_1_631' title='bbox 1528 4985 1595 5025; x_wconf 73' lang='lat' dir='ltr'><strong>ex</strong></span> <span class='ocrx_word' id='word_1_632' title='bbox 1624 4976 1825 5031; x_wconf 89' lang='lat' dir='ltr'><strong>mente,</strong></span> <span class='ocrx_word' id='word_1_633' title='bbox 1853 4965 1953 5020; x_wconf 85' lang='lat' dir='ltr'><strong>bo-</strong></span> 
     </span>
    </p>
   </div>
   <div class='ocr_carea' id='block_1_84' title="bbox 395 5058 1953 5137">
    <p class='ocr_par' dir='ltr' id='par_1_84' title="bbox 395 5058 1953 5137">
     <span class='ocr_line' id='line_1_85' title="bbox 395 5058 1953 5137; baseline -0.011 -9"><span class='ocrx_word' id='word_1_634' title='bbox 395 5090 499 5127; x_wconf 89' lang='lat' dir='ltr'><strong>nus</strong></span> <span class='ocrx_word' id='word_1_635' title='bbox 530 5088 595 5127; x_wconf 82' lang='lat' dir='ltr'><strong>ex</strong></span> <span class='ocrx_word' id='word_1_636' title='bbox 632 5073 796 5137; x_wconf 91' lang='lat' dir='ltr'><strong>bono,</strong></span> <span class='ocrx_word' id='word_1_637' title='bbox 844 5070 986 5124; x_wconf 90' lang='lat' dir='ltr'><strong>Deus</strong></span> <span class='ocrx_word' id='word_1_638' title='bbox 1024 5084 1090 5123; x_wconf 77' lang='lat' dir='ltr'><strong>ex</strong></span> <span class='ocrx_word' id='word_1_639' title='bbox 1121 5066 1250 5121; x_wconf 89' lang='lat' dir='ltr'><strong>Deo.</strong></span> <span class='ocrx_word' id='word_1_640' title='bbox 1303 5058 1713 5119; x_wconf 86' lang='lat' dir='ltr'><strong>Observandum</strong></span> <span class='ocrx_word' id='word_1_641' title='bbox 1770 5072 1953 5127; x_wconf 92' lang='lat' dir='ltr'><strong>porro,</strong></span> 
     </span>
    </p>
   </div>
   <div class='ocr_carea' id='block_1_85' title="bbox 397 5148 1953 5233">
    <p class='ocr_par' dir='ltr' id='par_1_85' title="bbox 397 5148 1953 5233">
     <span class='ocr_line' id='line_1_86' title="bbox 397 5148 1953 5233; baseline -0.01 -16"><span class='ocrx_word' id='word_1_642' title='bbox 397 5165 543 5233; x_wconf 84' lang='lat' dir='ltr'><strong>loqui</strong></span> <span class='ocrx_word' id='word_1_643' title='bbox 574 5163 786 5217; x_wconf 86' lang='lat' dir='ltr'><strong>Patrem</strong></span> <span class='ocrx_word' id='word_1_644' title='bbox 819 5162 886 5217; x_wconf 90' lang='lat' dir='ltr'><strong>de</strong></span> <span class='ocrx_word' id='word_1_645' title='bbox 910 5160 1047 5215; x_wconf 90' lang='lat' dir='ltr'><strong>Filio</strong></span> <span class='ocrx_word' id='word_1_646' title='bbox 1080 5168 1337 5224; x_wconf 87' lang='lat' dir='ltr'><strong>tanquam</strong></span> <span class='ocrx_word' id='word_1_647' title='bbox 1362 5155 1663 5214; x_wconf 87' lang='lat' dir='ltr'><strong>incarnato,</strong></span> <span class='ocrx_word' id='word_1_648' title='bbox 1697 5164 1826 5204; x_wconf 92' lang='lat' dir='ltr'><strong>cum</strong></span> <span class='ocrx_word' id='word_1_649' title='bbox 1858 5148 1953 5203; x_wconf 90' lang='lat' dir='ltr'><strong>ait:</strong></span> 
     </span>
    </p>
   </div>
   <div class='ocr_carea' id='block_1_86' title="bbox 394 5237 1959 5325">
    <p class='ocr_par' dir='ltr' id='par_1_86' title="bbox 394 5237 1959 5325">
     <span class='ocr_line' id='line_1_87' title="bbox 394 5237 1959 5325; baseline -0.01 -17"><span class='ocrx_word' id='word_1_650' title='bbox 394 5253 528 5307; x_wconf 67' lang='lat' dir='ltr'><strong>Ilico</strong></span> <span class='ocrx_word' id='word_1_651' title='bbox 549 5270 640 5325; x_wconf 84' lang='lat' dir='ltr'><strong>ego</strong></span> <span class='ocrx_word' id='word_1_652' title='bbox 669 5269 824 5323; x_wconf 87' lang='lat' dir='ltr'><strong>opera</strong></span> <span class='ocrx_word' id='word_1_653' title='bbox 849 5269 962 5307; x_wconf 87' lang='lat' dir='ltr'><strong>mea</strong></span> <span class='ocrx_word' id='word_1_654' title='bbox 988 5251 1114 5321; x_wconf 85' lang='lat' dir='ltr'><strong>regi.</strong></span> <span class='ocrx_word' id='word_1_655' title='bbox 1155 5245 1289 5302; x_wconf 77' lang='lat' dir='ltr'><strong>Nam</strong></span> <span class='ocrx_word' id='word_1_656' title='bbox 1348 5251 1557 5299; x_wconf 89' lang='lat' dir='ltr'><strong>tantum</strong></span> <span class='ocrx_word' id='word_1_657' title='bbox 1591 5256 1698 5303; x_wconf 83' lang='lat' dir='ltr'><strong>non</strong></span> <span class='ocrx_word' id='word_1_658' title='bbox 1730 5237 1959 5307; x_wconf 82' lang='lat' dir='ltr'><strong>promit-</strong></span> 
     </span>
    </p>
   </div>
   <div class='ocr_carea' id='block_1_87' title="bbox 500 5425 1019 5493">
    <p class='ocr_par' dir='ltr' id='par_1_87' title="bbox 500 5425 1019 5493">
     <span class='ocr_line' id='line_1_88' title="bbox 500 5425 1019 5493; baseline 0 -8"><span class='ocrx_word' id='word_1_659' title='bbox 500 5432 558 5493; x_wconf 79' lang='grc'><strong>’⁸,</strong></span> <span class='ocrx_word' id='word_1_660' title='bbox 577 5427 768 5485; x_wconf 79' lang='lat' dir='ltr'><strong>Ezech.</strong></span> <span class='ocrx_word' id='word_1_661' title='bbox 808 5444 899 5491; x_wconf 77' lang='lat' dir='ltr'><strong>xx,</strong></span> <span class='ocrx_word' id='word_1_662' title='bbox 930 5425 1019 5485; x_wconf 74' lang='grc' dir='ltr'><strong>Η.</strong></span> 
     </span>
    </p>
   </div>
   <div class='ocr_carea' id='block_1_88' title="bbox 495 5589 1008 5649">
    <p class='ocr_par' dir='ltr' id='par_1_88' title="bbox 495 5589 1008 5649">
     <span class='ocr_line' id='line_1_89' title="bbox 495 5589 1008 5649; baseline -0.004 -10"><span class='ocrx_word' id='word_1_663' title='bbox 495 5590 584 5649; x_wconf 73' lang='grc'><strong>74)</strong></span> <span class='ocrx_word' id='word_1_664' title='bbox 613 5589 736 5641; x_wconf 63' lang='lat' dir='ltr'><strong>llaec</strong></span> <span class='ocrx_word' id='word_1_665' title='bbox 753 5593 824 5639; x_wconf 81' lang='lat' dir='ltr'><strong>im</strong></span> <span class='ocrx_word' id='word_1_666' title='bbox 866 5600 1008 5638; x_wconf 71' lang='lat' dir='ltr'><strong>Viue.</strong></span> 
     </span>
    </p>
   </div>
   <div class='ocr_carea' id='block_1_89' title="bbox 473 5648 1920 5725">
    <p class='ocr_par' dir='ltr' id='par_1_89' title="bbox 473 5648 1920 5725">
     <span class='ocr_line' id='line_1_90' title="bbox 473 5648 1920 5725; baseline -0.006 -12"><span class='ocrx_word' id='word_1_667' title='bbox 473 5648 582 5725; x_wconf 75' lang='lat'><strong>(75)</strong></span> <span class='ocrx_word' id='word_1_668' title='bbox 610 5657 732 5713; x_wconf 72' lang='lat' dir='ltr'><strong>Haec</strong></span> <span class='ocrx_word' id='word_1_669' title='bbox 759 5654 1003 5712; x_wconf 88' lang='lat' dir='ltr'><strong>auctiora</strong></span> <span class='ocrx_word' id='word_1_670' title='bbox 1038 5661 1164 5708; x_wconf 86' lang='lat' dir='ltr'><strong>sunt</strong></span> <span class='ocrx_word' id='word_1_671' title='bbox 1183 5668 1345 5717; x_wconf 84' lang='lat' dir='ltr'><strong>quam</strong></span> <span class='ocrx_word' id='word_1_672' title='bbox 1389 5654 1443 5710; x_wconf 90' lang='lat' dir='ltr'><strong>in</strong></span> <span class='ocrx_word' id='word_1_673' title='bbox 1468 5648 1920 5710; x_wconf 68' lang='lat' dir='ltr'><strong>Ezecsitionibus.</strong></span> 
     </span>
    </p>
   </div>
   <div class='ocr_carea' id='block_1_90' title="bbox 2050 4492 3613 4577">
    <p class='ocr_par' dir='ltr' id='par_1_90' title="bbox 2050 4492 3613 4577">
     <span class='ocr_line' id='line_1_91' title="bbox 2050 4492 3613 4577; baseline -0.01 -14"><span class='ocrx_word' id='word_1_674' title='bbox 2050 4511 2112 4563; x_wconf 80' lang='grc' dir='ltr'>ὲκ</span> <span class='ocrx_word' id='word_1_675' title='bbox 2140 4505 2431 4577; x_wconf 80' lang='grc' dir='ltr'>προσώπου</span> <span class='ocrx_word' id='word_1_676' title='bbox 2464 4504 2558 4557; x_wconf 92' lang='grc' dir='ltr'><strong>τοῦ</strong></span> <span class='ocrx_word' id='word_1_677' title='bbox 2598 4502 2733 4556; x_wconf 88' lang='grc' dir='ltr'>Θεοῦ</span> <span class='ocrx_word' id='word_1_678' title='bbox 2764 4503 2858 4555; x_wconf 75' lang='grc' dir='ltr'><strong>καὶ</strong></span> <span class='ocrx_word' id='word_1_679' title='bbox 2902 4498 3111 4570; x_wconf 83' lang='grc' dir='ltr'>Πατρδς</span> <span class='ocrx_word' id='word_1_680' title='bbox 3141 4494 3393 4564; x_wconf 86' lang='grc' dir='ltr'>λέγεσθαι</span> <span class='ocrx_word' id='word_1_681' title='bbox 3436 4492 3613 4547; x_wconf 85' lang='grc' dir='ltr'>ταῦτα</span> 
     </span>
    </p>
   </div>
   <div class='ocr_carea' id='block_1_91' title="bbox 2050 4581 3614 4669">
    <p class='ocr_par' dir='ltr' id='par_1_91' title="bbox 2050 4581 3614 4669">
     <span class='ocr_line' id='line_1_92' title="bbox 2050 4581 3614 4669; baseline -0.011 -16"><span class='ocrx_word' id='word_1_682' title='bbox 2050 4602 2228 4653; x_wconf 89' lang='grc' dir='ltr'>νοοῦσι</span> <span class='ocrx_word' id='word_1_683' title='bbox 2262 4599 2388 4669; x_wconf 77' lang='grc' dir='ltr'>περὶ</span> <span class='ocrx_word' id='word_1_684' title='bbox 2417 4594 2520 4649; x_wconf 84' lang='grc' dir='ltr'>τοῦ.</span> <span class='ocrx_word' id='word_1_685' title='bbox 2539 4596 2597 4648; x_wconf 84' lang='grc' dir='ltr'>ὲν</span> <span class='ocrx_word' id='word_1_686' title='bbox 2624 4594 2765 4665; x_wconf 75' lang='grc' dir='ltr'>ἀρχῇ</span> <span class='ocrx_word' id='word_1_687' title='bbox 2792 4590 2942 4653; x_wconf 76' lang='grc' dir='ltr'>ὄντος</span> <span class='ocrx_word' id='word_1_688' title='bbox 2968 4588 3102 4658; x_wconf 79' lang='grc' dir='ltr'>πρὸς</span> <span class='ocrx_word' id='word_1_689' title='bbox 3135 4585 3297 4638; x_wconf 87' lang='grc' dir='ltr'>αὑτὸν</span> <span class='ocrx_word' id='word_1_690' title='bbox 3327 4582 3520 4653; x_wconf 84' lang='grc' dir='ltr'>Λόγου,</span> <span class='ocrx_word' id='word_1_691' title='bbox 3547 4581 3614 4637; x_wconf 76' lang='grc' dir='ltr'>ὃν</span> 
     </span>
    </p>
   </div>
   <div class='ocr_carea' id='block_1_92' title="bbox 2051 4675 3612 4762">
    <p class='ocr_par' dir='ltr' id='par_1_92' title="bbox 2051 4675 3612 4762">
     <span class='ocr_line' id='line_1_93' title="bbox 2051 4675 3612 4762; baseline -0.011 -16"><span class='ocrx_word' id='word_1_692' title='bbox 2051 4694 2117 4746; x_wconf 81' lang='grc' dir='ltr'>ὲκ</span> <span class='ocrx_word' id='word_1_693' title='bbox 2147 4692 2246 4762; x_wconf 82' lang='grc' dir='ltr'><strong>τῆς</strong></span> <span class='ocrx_word' id='word_1_694' title='bbox 2273 4689 2434 4743; x_wconf 77' lang='grc' dir='ltr'>οἱονεὶ</span> <span class='ocrx_word' id='word_1_695' title='bbox 2457 4686 2681 4758; x_wconf 87' lang='grc' dir='ltr'>καρδίας</span> <span class='ocrx_word' id='word_1_696' title='bbox 2709 4684 2743 4752; x_wconf 81' lang='grc' dir='ltr'><strong>ἦ</strong></span> <span class='ocrx_word' id='word_1_697' title='bbox 2773 4681 2951 4743; x_wconf 80' lang='grc' dir='ltr'>αὐτῶν</span> <span class='ocrx_word' id='word_1_698' title='bbox 2972 4680 3077 4737; x_wconf 84' lang='grc' dir='ltr'><strong>τῶν</strong></span> <span class='ocrx_word' id='word_1_699' title='bbox 3092 4678 3432 4748; x_wconf 84' lang='grc' dir='ltr'>σπλάγχνων,</span> <span class='ocrx_word' id='word_1_700' title='bbox 3455 4675 3612 4745; x_wconf 78' lang='grc' dir='ltr'>φασὶ,</span> 
     </span>
    </p>
   </div>
   <div class='ocr_carea' id='block_1_93' title="bbox 2052 4768 3616 4855">
    <p class='ocr_par' dir='ltr' id='par_1_93' title="bbox 2052 4768 3616 4855">
     <span class='ocr_line' id='line_1_94' title="bbox 2052 4768 3616 4855; baseline -0.013 -17"><span class='ocrx_word' id='word_1_701' title='bbox 2052 4784 2357 4855; x_wconf 81' lang='grc' dir='ltr'>προήγαγε.</span> <span class='ocrx_word' id='word_1_702' title='bbox 2408 4777 2542 4850; x_wconf 77' lang='grc' dir='ltr'>Περὶ</span> <span class='ocrx_word' id='word_1_703' title='bbox 2572 4768 2634 4828; x_wconf 76' lang='grc' dir='ltr'><strong>οὗ</strong></span> <span class='ocrx_word' id='word_1_704' title='bbox 2670 4775 2763 4828; x_wconf 71' lang='grc' dir='ltr'><strong>καὶ</strong></span> <span class='ocrx_word' id='word_1_705' title='bbox 2790 4772 2940 4841; x_wconf 78' lang='grc' dir='ltr'>λέγει</span> <span class='ocrx_word' id='word_1_706' title='bbox 2982 4771 3069 4833; x_wconf 79' lang='grc' dir='ltr'>διὰ</span> <span class='ocrx_word' id='word_1_707' title='bbox 3108 4769 3302 4823; x_wconf 82' lang='grc' dir='ltr'><strong>Δαυῖδ·</strong></span> <span class='ocrx_word' id='word_1_708' title='bbox 3347 4768 3616 4836; x_wconf 78' lang='grc' dir='ltr'><strong>Ἐξηρεύ-</strong></span> 
     </span>
    </p>
   </div>
   <div class='ocr_carea' id='block_1_94' title="bbox 2058 4858 3612 4940">
    <p class='ocr_par' dir='ltr' id='par_1_94' title="bbox 2058 4858 3612 4940">
     <span class='ocr_line' id='line_1_95' title="bbox 2058 4858 3612 4940; baseline -0.012 -12"><span class='ocrx_word' id='word_1_709' title='bbox 2058 4875 2209 4940; x_wconf 79' lang='grc' dir='ltr'>ξατο</span> <span class='ocrx_word' id='word_1_710' title='bbox 2240 4873 2279 4940; x_wconf 72' lang='grc' dir='ltr'><strong><em>ἡ</em></strong></span> <span class='ocrx_word' id='word_1_711' title='bbox 2300 4868 2511 4938; x_wconf 79' lang='grc' dir='ltr'>καρδία</span> <span class='ocrx_word' id='word_1_712' title='bbox 2527 4884 2645 4937; x_wconf 83' lang='grc' dir='ltr'><strong>μου</strong></span> <span class='ocrx_word' id='word_1_713' title='bbox 2667 4867 2852 4934; x_wconf 71' lang='grc' dir='ltr'>,λόγον</span> <span class='ocrx_word' id='word_1_714' title='bbox 2874 4865 3111 4935; x_wconf 76' lang='grc' dir='ltr'>ἀγαθόν.</span> <span class='ocrx_word' id='word_1_715' title='bbox 3133 4861 3457 4930; x_wconf 81' lang='grc' dir='ltr'>Γεγέννηται</span> <span class='ocrx_word' id='word_1_716' title='bbox 3481 4858 3612 4930; x_wconf 79' lang='grc' dir='ltr'>γὰρ,</span> 
     </span>
    </p>
   </div>
   <div class='ocr_carea' id='block_1_95' title="bbox 2059 4949 3612 5030">
    <p class='ocr_par' dir='ltr' id='par_1_95' title="bbox 2059 4949 3612 5030">
     <span class='ocr_line' id='line_1_96' title="bbox 2059 4949 3612 5030; baseline -0.01 -12"><span class='ocrx_word' id='word_1_717' title='bbox 2059 4965 2134 5028; x_wconf 85' lang='grc' dir='ltr'>ὡς</span> <span class='ocrx_word' id='word_1_718' title='bbox 2156 4962 2312 5030; x_wconf 86' lang='grc' dir='ltr'>λόγος</span> <span class='ocrx_word' id='word_1_719' title='bbox 2343 4962 2407 5014; x_wconf 84' lang='grc' dir='ltr'>ὲκ</span> <span class='ocrx_word' id='word_1_720' title='bbox 2440 4957 2556 5022; x_wconf 89' lang='grc' dir='ltr'>νοῦ,</span> <span class='ocrx_word' id='word_1_721' title='bbox 2589 4957 2792 5027; x_wconf 84' lang='grc' dir='ltr'>ἀγαθὸς</span> <span class='ocrx_word' id='word_1_722' title='bbox 2823 4955 2883 5022; x_wconf 76' lang='grc' dir='ltr'><strong>ἐξ</strong></span> <span class='ocrx_word' id='word_1_723' title='bbox 2917 4950 3143 5024; x_wconf 79' lang='grc' dir='ltr'>ἀγαθοῦ,</span> <span class='ocrx_word' id='word_1_724' title='bbox 3180 4952 3311 5015; x_wconf 81' lang='grc' dir='ltr'>Θεὸς</span> <span class='ocrx_word' id='word_1_725' title='bbox 3350 4951 3415 5015; x_wconf 71' lang='grc' dir='ltr'>ὲκ</span> <span class='ocrx_word' id='word_1_726' title='bbox 3456 4949 3612 5015; x_wconf 80' lang='grc' dir='ltr'>Θεοῦ.</span> 
     </span>
    </p>
   </div>
   <div class='ocr_carea' id='block_1_96' title="bbox 2062 5041 3619 5126">
    <p class='ocr_par' dir='ltr' id='par_1_96' title="bbox 2062 5041 3619 5126">
     <span class='ocr_line' id='line_1_97' title="bbox 2062 5041 3619 5126; baseline -0.01 -18"><span class='ocrx_word' id='word_1_727' title='bbox 2062 5054 2253 5126; x_wconf 80' lang='grc' dir='ltr'>’Δθρει</span> <span class='ocrx_word' id='word_1_728' title='bbox 2299 5053 2356 5106; x_wconf 80' lang='grc' dir='ltr'>δὲ</span> <span class='ocrx_word' id='word_1_729' title='bbox 2388 5051 2462 5115; x_wconf 87' lang='grc' dir='ltr'><strong>ώς</strong></span> <span class='ocrx_word' id='word_1_730' title='bbox 2492 5050 2620 5122; x_wconf 74' lang='grc' dir='ltr'>περὶ</span> <span class='ocrx_word' id='word_1_731' title='bbox 2669 5048 3179 5120; x_wconf 83' lang='grc' dir='ltr'>ὲνανθρωπήσαντος</span> <span class='ocrx_word' id='word_1_732' title='bbox 3224 5043 3317 5097; x_wconf 88' lang='grc' dir='ltr'><strong>τοῦ</strong></span> <span class='ocrx_word' id='word_1_733' title='bbox 3354 5041 3485 5095; x_wconf 82' lang='grc' dir='ltr'>Υίοῦ</span> <span class='ocrx_word' id='word_1_734' title='bbox 3532 5041 3619 5094; x_wconf 85' lang='grc' dir='ltr'><strong>λέ-</strong></span> 
     </span>
    </p>
   </div>
   <div class='ocr_carea' id='block_1_97' title="bbox 2058 5125 3619 5215">
    <p class='ocr_par' dir='ltr' id='par_1_97' title="bbox 2058 5125 3619 5215">
     <span class='ocr_line' id='line_1_98' title="bbox 2058 5125 3619 5215; baseline -0.012 -17"><span class='ocrx_word' id='word_1_735' title='bbox 2058 5125 2224 5215; x_wconf 85' lang='grc' dir='ltr'>γοντα</span> <span class='ocrx_word' id='word_1_736' title='bbox 2254 5141 2345 5196; x_wconf 81' lang='grc' dir='ltr'><strong>τὸν</strong></span> <span class='ocrx_word' id='word_1_737' title='bbox 2378 5140 2595 5211; x_wconf 80' lang='grc' dir='ltr'>Πατέρα</span> <span class='ocrx_word' id='word_1_738' title='bbox 2619 5156 2633 5170; x_wconf 92' lang='grc'><strong>·</strong></span> <span class='ocrx_word' id='word_1_739' title='bbox 2669 5137 2832 5208; x_wconf 79' lang='grc' dir='ltr'>Λέγω</span> <span class='ocrx_word' id='word_1_740' title='bbox 2859 5133 2972 5205; x_wconf 76' lang='grc' dir='ltr'><strong>ἐγὼ</strong></span> <span class='ocrx_word' id='word_1_741' title='bbox 3002 5135 3074 5189; x_wconf 81' lang='grc' dir='ltr'>τὰ</span> <span class='ocrx_word' id='word_1_742' title='bbox 3102 5134 3245 5202; x_wconf 74' lang='grc' dir='ltr'>ἔργα</span> <span class='ocrx_word' id='word_1_743' title='bbox 3262 5147 3380 5201; x_wconf 81' lang='grc' dir='ltr'><strong>μου</strong></span> <span class='ocrx_word' id='word_1_744' title='bbox 3408 5125 3488 5193; x_wconf 81' lang='grc' dir='ltr'>τῷ</span> <span class='ocrx_word' id='word_1_745' title='bbox 3504 5128 3619 5193; x_wconf 83' lang='grc' dir='ltr'>,Βα-</span> 
     </span>
    </p>
   </div>
   <div class='ocr_carea' id='block_1_98' title="bbox 2061 5220 3618 5304">
    <p class='ocr_par' dir='ltr' id='par_1_98' title="bbox 2061 5220 3618 5304">
     <span class='ocr_line' id='line_1_99' title="bbox 2061 5220 3618 5304; baseline -0.012 -9"><span class='ocrx_word' id='word_1_746' title='bbox 2061 5235 2244 5295; x_wconf 71' lang='grc' dir='ltr'>σιλεῒ.</span> <span class='ocrx_word' id='word_1_747' title='bbox 2260 5235 2496 5290; x_wconf 84' lang='grc' dir='ltr'>Μονονου</span> <span class='ocrx_word' id='word_1_748' title='bbox 2502 5232 2559 5304; x_wconf 82' lang='grc' dir='ltr'>χὶ</span> <span class='ocrx_word' id='word_1_749' title='bbox 2578 5231 2686 5304; x_wconf 85' lang='grc' dir='ltr'>γὰρ</span> <span class='ocrx_word' id='word_1_750' title='bbox 2700 5229 3141 5299; x_wconf 63' lang='grc' dir='ltr'>καθυπισχνεῇαι</span> <span class='ocrx_word' id='word_1_751' title='bbox 3154 5223 3423 5281; x_wconf 86' lang='grc' dir='ltr'>διδάσκειν</span> <span class='ocrx_word' id='word_1_752' title='bbox 3436 5220 3618 5290; x_wconf 76' lang='grc' dir='ltr'>αὐτὸν,</span> 
     </span>
    </p>
   </div>
   <div class='ocr_carea' id='block_1_99' title="bbox 2143 5560 3599 5650">
    <p class='ocr_par' dir='ltr' id='par_1_99' title="bbox 2143 5560 3599 5650">
     <span class='ocr_line' id='line_1_100' title="bbox 2143 5560 3599 5650; baseline -0.01 -17"><span class='ocrx_word' id='word_1_753' title='bbox 2143 5576 2254 5650; x_wconf 83' lang='grc'><strong>(76)</strong></span> <span class='ocrx_word' id='word_1_754' title='bbox 2283 5576 2616 5648; x_wconf 80' lang='lat' dir='ltr'><strong>Expressum</strong></span> <span class='ocrx_word' id='word_1_755' title='bbox 2668 5586 2733 5627; x_wconf 83' lang='lat' dir='ltr'><strong>ex</strong></span> <span class='ocrx_word' id='word_1_756' title='bbox 2768 5564 3205 5641; x_wconf 78' lang='lat' dir='ltr'><strong>interpretatione</strong></span> <span class='ocrx_word' id='word_1_757' title='bbox 3252 5560 3447 5632; x_wconf 77' lang='lat' dir='ltr'><strong>psalmi</strong></span> <span class='ocrx_word' id='word_1_758' title='bbox 3475 5570 3599 5619; x_wconf 66' lang='lat' dir='ltr'><strong>nev</strong></span> 
     </span>
    </p>
   </div>
   <div class='ocr_carea' id='block_1_100' title="bbox 2048 5730 2163 5755">
    <p class='ocr_par' dir='ltr' id='par_1_100' title="bbox 2048 5730 2163 5755">
     <span class='ocr_line' id='line_1_101' title="bbox 2048 5730 2163 5755; baseline -0.017 0"><span class='ocrx_word' id='word_1_759' title='bbox 2048 5730 2097 5755; x_wconf 58' lang='grc' dir='ltr'><strong>ἲ(ιῖ</strong></span> <span class='ocrx_word' id='word_1_760' title='bbox 2112 5748 2117 5753; x_wconf 47' lang='grc' dir='ltr'><em>μ</em></span> <span class='ocrx_word' id='word_1_761' title='bbox 2158 5750 2163 5753; x_wconf 86' lang='grc'>.</span> 
     </span>
    </p>
   </div>
  </div>
