3760 6270
1252 184 1677 244 FRAGMENTA
1713 186 2072 244 COMMENT.
2118 187 2187 242 IN
2217 184 2559 242 PSALMOS.

3369 184 3466 243 56G

204 302 424 366 ὁποίοις
444 304 565 356 τισὶ
578 302 760 371 λόγοις
798 302 1082 374 χρήσεται.
1127 302 1439 374 ἐμϐιϐάζων
1474 306 1619 377 ἡμᾶς
1640 306 1719 367 εἰς
1743 306 1778 357 τί

1911 303 1970 359 tit
1999 317 2059 358 se
2089 303 2267 373 ipsum
2296 300 2619 357 edocturum
2639 337 2655 362 ,
2689 296 2994 368 cujusmodi
3047 299 3227 357 verbis
3260 303 3338 357 uti
3374 306 3466 362 de-

204 392 353 464 δρᾷν
384 391 458 445 τὰ
479 390 1015 464 ἔργααὺτοῦ.Ἔργα
1034 392 1092 445 δὲ
1113 391 1251 461 βεοῦ
1280 410 1459 465 φαμεν
1486 394 1583 466 τὴν
1607 393 1801 465 εὐσεϐῆ

203 484 647 554 πολιτείαν,ἠτις
659 484 746 538 διὰ
760 483 868 538 τῶν
880 483 1250 553 εὐαγγελικῶν
1265 485 1628 558 κηρυγμάτων
1644 487 1803 555 γέγο-

204 577 467 646 πνήμίν
489 576 763 646 ἐμφανής.
797 574 1123 646 Προσλαλῶν
1155 574 1211 627 δὲ
1245 575 1479 647 Χριστὸς
1532 575 1802 640 Ἰουδαίοις

204 668 285 722 τὰ
312 671 571 741 χρήσιμα
601 668 739 740 πρὸς
774 668 1081 740 σωτηρίαν,
1106 667 1184 739 τῷ
1220 670 1393 741 Πατρὶ
1442 670 1567 733 τοὺς
1606 668 1799 723 ἑαυτοῦ

205 762 412 832 λόγους
438 762 675 815 ἀνετίθει
708 759 914 829 λέγων·
953 762 1078 815 Ἀπ’
1113 761 1371 830 ἐμαυτοῦ
1405 759 1550 814 ποιῶ
1575 760 1755 814 οὐδέν
1783 777 1797 790 ο

206 853 311 906 καὶ
340 852 512 905 πάλιν
536 870 550 884 υ
604 852 657 904 Ὁ
690 851 895 919 Πατὴρ
916 848 1118 921 ἀγαπᾷ
1151 849 1257 904 τὸν
1294 849 1446 914 Υἱόν,
1476 850 1573 906 καὶ
1605 848 1802 903 πάντα

205 944 542 999 δείκνυσιν
582 941 744 1008 αὐτῷ
784 942 823 996 ἃ
867 942 1049 1008 αὐτὸς
1094 941 1269 997 ποιεῖ.
1318 941 1488 996 Καλεῖ
1538 941 1595 995 δὲ
1640 940 1799 994 αὐτὸν

210 1034 447 1107 βασιλέα
478 1033 625 1088 κατὰ
656 1034 849 1105 καιρὸν
880 1036 909 1087 6
953 1033 1166 1105 Πατὴρ,
1214 1033 1288 1097 ὡς
1341 1034 1408 1086 ἂν
1466 1032 1541 1104 μὴ
1593 1030 1671 1102 τῷ
1702 1032 1801 1102 τῆς

208 1129 699 1200 ἐνανθρωπήσεως
731 1126 916 1198 μέτρῳ
941 1125 1066 1197 δόξῃ
1088 1126 1199 1196 ,τῆς
1226 1124 1453 1196 ἐνούσης
1479 1123 1626 1196 αὑτῷ
1657 1123 1801 1197 κατὰ

208 1223 395 1294 φύσιν.
414 1221 577 1288 ἀξίας
606 1219 995 1293 ἀποφέρεσθαι.
1024 1220 1245 1290 Ἔμεινε
1279 1217 1388 1289 γὰρ
1414 1218 1510 1276 καὶ
1538 1217 1676 1289 μειτὸι
1699 1217 1798 1288 τὴν

205 1315 536 1386 οἰκονομίαν
555 1314 706 1369 οὐδὲν
726 1311 909 1387 ἦττον,
945 1314 1011 1366 ἐκ
1032 1312 1292 1383 βασιλέως
1320 1309 1395 1363 ὢν
1434 1310 1527 1365 τοῦ
1562 1310 1794 1381 Πατρὸς,

209 1408 502 1478 βασιλεὺς,
538 1408 633 1460 καὶ⁸
679 1406 868 1476 ὥσπερ
914 1403 1163 1475 βασιλεὺς
1199 1404 1456 1475 ὑπάρχων
1505 1403 1600 1456 καὶ
1642 1402 1795 1467 Θεὸς,

205 1504 289 1564 εἰς
318 1499 597 1570 βασιλέως
627 1498 802 1570 ἀρχὴν
821 1498 1053 1566 ,λέγεται
1084 1494 1357 1571 ἔρχεσθαι,
1387 1494 1475 1554 διὰ
1506 1495 1796 1565 τδσεσαρ-

205 1593 448 1647 χῶσθαι.
488 1591 646 1648 Οὕτω
682 1593 778 1646 καί⁵
828 1592 971 1664 ἅπερ
1029 1586 1137 1644 οἶδε
1184 1590 1427 1661 φυσικῶς
1457 1632 1471 1657 ,
1521 1590 1597 1654 ὡς
1638 1590 1791 1655 Θεὸς,

1902 396 2048 465 beat,
2079 396 2343 451 inducens
2364 409 2487 459 nos,
2534 398 2594 446 ut
2637 388 2904 447 faciamus
2936 394 3265 464 operaejus.
3294 393 3467 465 Opera

1902 504 2035 545 vero
2069 487 2165 543 Dei
2211 488 2487 551 dicimus,
2514 485 2660 556 piam
2702 485 3199 554 conversationem,
3228 502 3349 558 quae
3377 503 3469 557 per

1902 580 2340 652 praedicationem
2377 577 2746 648 evangelicam
2788 577 2947 633 nobis
2978 576 3327 634 manifestata
3363 590 3468 635 est.

1902 671 2154 727 Christus
2187 687 2336 737 vero,
2369 686 2495 727 eum
2524 679 2822 740 exponeret
2866 668 3069 726 Judaeis
3116 687 3238 741 quae
3272 673 3340 726 ad
3375 688 3466 727 sa-

1903 766 2070 821 lutem
2111 765 2373 832 facerent,
2422 763 2649 819 ascribit
2691 778 2755 819 ea
2794 761 2942 818 Patri
2978 780 3111 831 suo,
3165 764 3465 835 inquiens:

1902 859 1946 912 Α
1991 874 2070 911 me
2119 859 2233 928 ipso
2262 857 2395 910 nillil
2449 856 2626 926 facio;
2681 861 2735 909 et
2782 869 3001 909 rursum
3047 851 3252 908 :Pater
3285 852 3465 924 diligit

1902 948 2126 1015 Filium,
2155 958 2204 1002 et
2229 946 2458 1002 ostendit
2492 947 2594 1016 ipsi
2625 946 2816 1001 omnia.
2839 961 2956 1016 qua:
2987 945 3117 1015 facit
3132 947 3197 997 ’⁷.
3221 945 3469 1016 Appellat

1899 1055 2030 1095 vero
2080 1041 2242 1095 etiam
2281 1039 2440 1094 Pater
2461 1038 2669 1094 Filium
2707 1053 2888 1108 regem
2936 1053 3035 1107 pro
3081 1048 3341 1108 tempore,
3399 1056 3468 1096 ne

1901 1130 2153 1187 videatur
2183 1131 2562 1187 mediocritate
2598 1130 2995 1186 incarnationis
3043 1129 3248 1199 aliquid
3280 1131 3461 1186 detra-

1901 1223 2029 1279 here
2058 1223 2349 1293 majestati.
2399 1239 2563 1293 quam
2618 1239 2716 1294 per
2747 1234 2997 1279 naturam
3028 1223 3213 1279 habet.
3258 1222 3460 1280 Mansit

1898 1314 2044 1371 enim
2072 1317 2236 1370 etiam
2281 1326 2402 1385 post
2442 1316 2878 1372 incarnationem
2927 1317 3287 1373 nihilominus
3341 1333 3458 1382 rex,

1900 1418 2144 1464 natusex
2176 1407 2337 1464 Patre
2367 1426 2524 1480 rege:
2553 1418 2607 1465 et
2638 1409 2763 1464 licet
2800 1425 2893 1463 rex
2934 1420 3096 1480 atque
3123 1409 3292 1473 Deus.
3323 1409 3463 1466 dici-

1899 1509 1990 1555 tur
2020 1500 2085 1554 ad
2114 1501 2318 1569 regiam
2356 1501 2675 1572 dignitatem
2718 1502 2875 1556 evehi
2901 1540 2916 1563 ,
2949 1510 3168 1571 propter
3210 1501 3460 1555 incarna-

1900 1592 2128 1646 tionem.
2158 1590 2438 1658 Similiter,
2468 1606 2808 1663 quzecunque
2838 1594 3159 1649 naturaliter
3202 1594 3355 1663 novit
3402 1605 3462 1648 ut

204 1687 386 1741 ταῦτα
418 1686 589 1741 πάλιν
617 1685 838 1739 ἀκούειν
865 1684 1081 1754 λέγεται
1115 1683 1204 1738 διὰ
1238 1685 1300 1737 τὸ
1332 1682 1667 1756 ἀνθρώπινον
1717 1685 1778 1736 ol-

1911 1682 2069 1746 Deus,
2103 1684 2288 1737 eadem
2325 1700 2543 1738 rursum
2578 1684 2769 1739 audire
2793 1685 2992 1741 dicitur
3014 1684 3312 1741 secundum
3358 1685 3462 1741 hu-

203 1778 548 1850 κονομικῶς.
575 1777 811 1851 Χριστός
838 1777 945 1848 γάρ
970 1778 1115 1831 ἐστιν
1144 1778 1172 1828 6
1197 1776 1470 1849 βασιλεὺς,
1565 1775 1633 1829 τὰ
1660 1774 1796 1847 ἔργα

201 1870 360 1939 λέγει
409 1872 442 1923 6
505 1870 716 1939 Πατήρ.
776 1870 872 1921 Ὃν
917 1868 990 1920 δὲ·
1029 1868 1217 1939 εἴρηκε
1262 1868 1453 1935 Λόγον,
1487 1865 1673 1918 τοῦτον
1702 1865 1796 1918 καί⁹

200 1963 469 2033 γλῶσσαν
486 1960 659 2017 αὑτοῦ
687 1959 953 2014 ἀποκαλεῖ
973 1976 987 1990 ’
1008 1960 1083 2023 ὡς
1105 1960 1203 2030 οὐχ
1232 1958 1319 2011 ἓτε
1330 1959 1417 2030 ρόν
1448 1975 1502 2011 τι
1531 1955 1794 2011 λαλοῦντα

203 2057 354 2127 πλὴν
384 2056 492 2111 ὅτι
520 2056 578 2107 ὲν
607 2052 759 2124 αὑτῷ
779 2052 1044 2124 πατρικὸν
1065 2054 1181 2106 ἐστι
1214 2050 1483 2123 βούλημα.
1515 2051 1626 2103 Καὶ
1662 2047 1791 2119 παρ’

200 2151 343 2223 ἡμῖν
376 2149 490 2221 γὰρ
518 2149 739 2218 γλῶττα
767 2144 1159 2218 διαπορθμεύει
1195 2148 1307 2208 τοῖς
1356 2144 1460 2209 ἔξω
1509 2142 1599 2197 τὸν
1646 2141 1789 2196 νοῦν.

198 2240 496 2312 Mp0;-
523 2240 594 2294 δὲ
635 2237 1019 2311 γραμματέως
1049 2236 1390 2307 όξυῃοάερου
1430 2236 1742 2307 ὠνόμασται
1776 2274 1791 2301 ,

198 2334 292 2389 διὰ
326 2335 388 2388 τὸ
427 2334 612 2404 λέγειν
642 2351 697 2387 τι
725 2333 820 2386 καὶ
846 2331 1046 2395 εὐθέως
1076 2329 1349 2400 γενέσθαι,
1381 2328 1456 2393 ὡς
1482 2327 1544 2385 τό
1565 2345 1578 2358 ⁸
1606 2326 1789 2396 Λέγωο

200 2424 644 2495 Καθαρισθητι,
680 2423 781 2478 καὶ
808 2421 1026 2490 εὐθέως
1049 2421 1415 2489 ἐκαθαρίσθη
1436 2436 1449 2449 ·
1475 2419 1791 2482 Νεανίσκε,

200 2520 309 2573 σοὶ
364 2517 548 2589 λέγω,
597 2517 900 2587 ἐγέρθητι,
934 2514 1035 2569 καὶ
1070 2512 1287 2579 εὐθέως
1333 2511 1573 2589 ἠγέρθη.
1635 2509 1796 2564 Ἀλλὰ

202 2610 308 2664 καὶ
335 2610 417 2673 ὡς
446 2609 695 2680 κάλαμος
724 2607 891 2675 ὀξέως
923 2606 1187 2678 ἐγγράφει
1209 2607 1330 2669 ταῖς
1359 2605 1607 2677 καρδίαις
1638 2605 1793 2676 ἡμῶν

200 2701 265 2755 τὸ
302 2700 558 2771 βούλημα
581 2698 675 2753 τοῦ
716 2698 952 2771 Πατρός.
983 2697 1238 2768 Βούλημα
1282 2696 1360 2760 δὲ,
1415 2697 1578 2766 φησὶν
1607 2695 1788 2760 αὐτὸς,

199 2793 309 2847 τοῦ
343 2794 585 2866 Πατρδς,
621 2793 746 2848 Ἵνα
774 2789 893 2846 πᾶν
929 2789 961 2845 ὃ
990 2789 1207 2843 δέδωκέ
1229 2806 1351 2859 μοι,
1381 2790 1468 2858 μὴ
1512 2788 1794 2842 ἀπολέσω

203 2888 276 2952 ἐξ
311 2887 530 2942 αὑτοῦ.
574 2885 730 2951 Ὀξὺς
757 2884 867 2938 δὲηό
904 2883 1148 2955 κάλαμος
1170 2881 1265 2936 τοῦ
1309 2882 1541 2954 Πατρός.
1589 2882 1646 2934 '0
1695 2882 1793 2953 μὲν

204 2982 324 3053 γὰρ
353 2980 604 3044 Μωσέως
631 2979 796 3050 νόμος
814 2978 903 3032 διὰ
929 2976 1037 3031 τῶν
1060 2976 1200 3031 κατὰ
1227 2977 1288 3030 τὸ
1309 2977 1544 3048 γράμμα
1577 2975 1792 3031 κύκλων
1820 3010 1864 3069 C

203 3071 474 3146 ἀμυδρῶς
532 3071 721 3142 ἐδήλου
769 3071 842 3124 τὰ
882 3072 1160 3142 χρήσιμα⁵
1203 3070 1232 3122 6
1274 3069 1332 3122 δὲ
1380 3069 1555 3133 κοινὸς
1601 3068 1790 3141 Σωτὴρ

206 3165 500 3234 συντόμως
523 3162 759 3235 ἐδήλωσε
786 3162 849 3215 τὸ
883 3161 1093 3232 θέλημα
1114 3160 1209 3215 τοῦ
1232 3162 1465 3233 Πατρός.
1498 3162 1653 3214 Ἔστι
1684 3163 1791 3235 γὰρ

203 3256 473 3331 Μεγάλης
498 3256 695 3327 βουλῆς
728 3255 972 3325 ἄγγελος.
1010 3253 1125 3309 Καὶ
1147 3256 1353 3326 λόγον,
1386 3256 1538 3326 φησὶ,
1574 3271 1788 3310 συντε-

204 3349 519 3423 τμημένον
539 3347 781 3414 ποιήσει
810 3345 1029 3418 Κύριος
1060 3348 1130 3403 ἐν
1154 3346 1230 3417 τῇ
1253 3346 1570 3420 οἰκουμένῃ
1601 3347 1734 3420 ὅλῃ.

1898 1773 2236 1839 manitatem,
2271 1789 2494 1843 prapzer
2513 1775 2997 1845 dispensationem.
3032 1777 3289 1832 Christus
3317 1776 3462 1829 enim

1897 1874 1981 1920 est
2000 1880 2095 1920 rex
2134 1865 2244 1930 ille,
2291 1867 2378 1921 cui
2430 1881 2594 1936 opera
2645 1882 2743 1923 sua
2792 1867 2951 1925 Pater
3000 1870 3243 1939 exponit.
3292 1866 3461 1923 Pouro

1897 1974 2060 2029 quem
2095 1957 2330 2014 Verbum
2373 1959 2529 2027 dixit,
2575 1961 2721 2015 hunc
2765 1962 3003 2032 linguam
3045 1977 3199 2017 suam
3247 1976 3463 2033 quoque

1897 2051 2164 2124 appellat:
2191 2067 2255 2107 eo
2286 2052 2430 2123 quod
2476 2052 2613 2107 nihil
2665 2053 2811 2110 aliud
2845 2069 3013 2124 quam
3054 2053 3235 2110 Patris
3267 2055 3461 2109 volun-

1896 2151 2065 2198 tatem
2090 2142 2367 2213 loquatur.
2392 2141 2525 2198 Nam
2550 2147 2712 2200 etiam
2742 2145 2795 2200 in
2822 2146 2984 2200 nobis
3014 2146 3221 2217 lingua,
3255 2147 3458 2201 mentis

1896 2250 2057 2291 sensa
2085 2236 2207 2291 aliis
2235 2237 2390 2308 quasi
2421 2236 2775 2292 transfretare
2798 2236 2948 2293 facit.
2980 2237 3189 2293 Dicitur
3220 2253 3457 2308 quoque,

1895 2322 2132 2379 calamus
2166 2324 2351 2381 scriba:
2403 2325 2647 2381 velociter
2695 2327 2994 2392 scribentis,
3031 2328 3176 2398 quod
3220 2343 3340 2397 quae
3374 2327 3458 2381 lo~

1895 2416 2100 2486 quitur,
2136 2418 2281 2473 illico
2313 2418 2475 2473 etiam
2518 2420 2574 2473 in
2604 2418 2853 2475 eﬂ‘ecturn
2878 2419 3146 2475 deducat:
3190 2420 3459 2490 quemad~

1896 2508 2115 2563 modum
2141 2509 2309 2565 illud:
2345 2509 2626 2575 Hundare,
2649 2522 2697 2566 et
2738 2514 2920 2569 statim
2956 2511 3239 2566 mundatus
3273 2520 3348 2565 est
3388 2510 3456 2568 ³⁸.

1894 2597 2230 2668 Adolescens,
2260 2601 2378 2655 dico
2431 2601 2548 2666 tibi,
2593 2601 2784 2673 Surge,
2820 2611 2871 2657 et
2898 2603 3081 2658 statim
3117 2603 3350 2656 surrexit
3389 2601 3459 2658 ”.

1895 2687 2217 2760 Quanquam
2263 2692 2427 2746 etiam
2481 2693 2534 2748 in
2574 2693 2832 2751 cordibus
2882 2691 3083 2751 nostris
3114 2701 3174 2749 ut
3215 2693 3459 2748 calamus

1894 2782 2154 2843 velociter
2182 2783 2444 2840 iuseribat
2484 2786 2816 2841 voluntatem
2843 2783 3039 2839 Patris.
3078 2782 3333 2838 Voluntas
3359 2766 3459 2836 au—
3504 2784 3510 2791 ’

1896 2881 2003 2928 tem
2038 2873 2217 2935 Patris
2251 2886 2355 2945 est,
2397 2886 2457 2932 ut
2489 2878 2718 2947 ipsemet
2758 2877 2866 2935 ait:
2906 2876 2966 2932 Ut
2999 2891 3148 2928 omne
3198 2873 3335 2945 quod
3375 2878 3461 2927 de-

1895 2965 1974 3020 dit
1992 2968 2145 3034 milii,
2178 2968 2312 3022 nihil
2333 2969 2551 3039 perdam
2579 2984 2644 3022 ex
2664 2985 2723 3022 eo
2749 2968 2816 3023 ³ο.
2848 2965 3017 3024 Velox
3045 2981 3172 3020 vero
3199 2975 3283 3020 est
3314 2963 3459 3020 cala-

1897 3077 2022 3118 mus
2047 3061 2244 3118 Patris.
2279 3061 2389 3121 Lex
2420 3078 2656 3133 namque
2704 3061 2871 3120 Mosis
2905 3077 2998 3131 per
3028 3059 3225 3115 ductus
3256 3058 3461 3113 littera-

1897 3172 2018 3217 rum
2040 3156 2365 3225 perobscure
2396 3155 2720 3225 signiﬁcavit
2754 3169 2819 3209 ea
2870 3168 2991 3224 quae
3042 3152 3111 3207 ad
3163 3152 3455 3207 utilitatem

1898 3242 2180 3297 hominum
2213 3252 2381 3298 sunt:
2415 3241 2664 3299 Salvator
2697 3259 2826 3299 vero
2868 3240 3169 3297 communis
3200 3242 3252 3295 in
3307 3256 3459 3297 com-

1896 3335 2095 3405 pendio
2124 3336 2525 3397 demonstravit,
2549 3336 2706 3392 nobis
2745 3335 3081 3392 voluntatem
3121 3333 3317 3389 Patris.
3365 3329 3462 3387 Est

1898 3425 2041 3480 enim
2065 3426 2249 3496 magni
2285 3424 2499 3481 consilii
2537 3426 2784 3497 angelus.
2843 3423 2913 3478 Et
2958 3424 3207 3489 verbum,
3248 3422 3457 3493 inquit,

1898 3519 2254 3575 abbreviatum
2286 3518 2447 3587 faciet
2474 3517 2732 3573 Dominus
2753 3518 2806 3571 in
2838 3518 3081 3572 universo
3120 3514 3242 3567 orbe
3266 3514 3328 3566 ³¹.

212 3695 279 3753 Et
315 3698 374 3750 in
402 3695 639 3766 ejusdem
664 3695 992 3765 psalmi/uec
1017 3685 1172 3750 verba
1201 3709 1223 3752 :
1258 3715 1277 3749 ι
1313 3697 1475 3763 Audi,
1507 3698 1645 3767 ﬁlia,
1674 3705 1728 3751 et
1760 3695 1892 3767 vide,
1918 3680 1953 3748 ἰ
1984 3703 2417 3767 οιο.,ροειιιιιαηι
2449 3693 2643 3767 Basilii
2676 3702 2726 3767 et
2753 3654 3121 3767 Chrysostomi
3155 3690 3457 3746 exolicatio-

760 3783 895 3836 nem,
926 3769 1016 3839 qui
1051 3777 1217 3822 totum
1234 3767 1380 3823 hunc
1418 3764 1591 3823 locum
1617 3769 1680 3826 de
1712 3765 1951 3821 Ecclesia
1980 3764 2302 3836 intelligunt,
2333 3766 2610 3834 praemisit.
2643 3764 2851 3833 subjicit
2878 3780 2897 3819 :

306 3928 401 3998 77)
445 3927 761 3992 Ἀθανάσιος
790 3928 847 3983 δὲ
875 3929 903 3982 6
942 3932 1082 3983 πάνυ
1127 3930 1219 3982 καὶ
1256 3932 1322 4001 τῇ
1370 3930 1501 4002 ἁγίᾳ
1544 3929 1791 4001 Θεοτὸκῳ

206 4022 502 4092 ἁητίθησι
529 4022 623 4075 τό·
658 4024 979 4085 Ἄκουσον,
1033 4023 1304 4092 θύγατερ,
1347 4025 1440 4079 καὶ
1466 4024 1527 4080 τό
1550 4041 1563 4054 ·
1598 4025 1789 4090 Αὐτός

208 4113 343 4165 ἐστι
362 4112 583 4179 Κύριός
610 4111 965 4183 σου.”Ωςπερ
991 4110 1173 4181 ὅμοιόν
1203 4112 1317 4164 ἐστι
1349 4110 1430 4165 τό.
1459 4109 1654 4180 Χαῖρε,
1686 4127 1784 4164 κε-

210 4201 607 4273 χαριτωμένη,
626 4205 658 4256 ό
683 4203 894 4270 Κύριος
907 4202 1057 4271 μετὰ
1085 4202 1223 4258 σοῦ.
1249 4201 1501 4274 Εἰρηκὼς
1525 4203 1654 4273 γὰρ,
1676 4219 1781 4272 φη·-

1969 3928 2298 3983 Athanasius
2332 3942 2459 3982 vero
2489 3926 2577 3981 ille
2608 3941 2856 3997 magnus,
2886 3942 2954 3983 au
2976 3936 3218 3984 sanctam
3242 3943 3458 3999 quoque

1896 4018 2179 4090 Deiparam
2201 4018 2385 4084 refert,
2413 4018 2555 4088 quod
2577 4018 2797 4083 dicitur,
2825 4018 2985 4083 Audi,
3010 4019 3125 4088 [ilia
3149 4036 3168 4073 :
3196 4030 3248 4075 et
3271 4020 3414 4074 istud
3438 4037 3455 4071 :

1894 4111 2015 4181 Ipse
2046 4113 2180 4166 enim
2214 4110 2473 4165 Dominus
2507 4120 2650 4165 tuus.
2681 4109 2778 4167 Qui
2808 4109 2984 4164 simile
3012 4119 3093 4165 est
3125 4110 3254 4164 illud
3289 4129 3301 4164 :
3331 4111 3456 4174 Ave,

1891 4205 2063 4273 gratia
2079 4203 2254 4273 plena,
2278 4203 2530 4258 Dominus
2550 4212 2719 4256 tecum
2736 4198 2987 4271 “‘.,Narn
3011 4211 3295 4271 postquam
3322 4200 3457 4254 dixit

213 4298 319 4359 σὶν,
336 4298 367 4349 6
381 4294 548 4348 Δαυῒδ
565 4293 799 4366 Χριστὸν
809 4294 897 4347 τὸν
914 4294 1085 4363 Λόγον
1101 4295 1195 4351 τοῦ
1218 4294 1374 4359 Θεοῦ,
1396 4293 1557 4358 εὐθὺς
1581 4294 1671 4348 καὶ
1688 4294 1778 4366 τὴν

1911 4296 2078 4362 )avid,
2104 4294 2382 4350 Christum
2413 4309 2534 4350 esse
2560 4290 2798 4347 Verbum
2830 4291 2953 4359 Dei,
2989 4292 3133 4348 illico
3161 4294 3454 4347 humanam

208 4384 564 4458 ἀνθρωπίνην
596 4384 850 4454 γέννησιν
881 4382 1171 4454 δεδήλωκε,
1228 4383 1326 4456 τὴν
1382 4385 1446 4436 ὲκ
1493 4382 1785 4454 παρθένου.

207 4481 320 4534 Καὶ
346 4480 376 4531 6
414 4477 517 4548 μὲν
549 4476 589 4528 Γ
591 4476 791 4548 αϐριὴλ
846 4475 1291 4549 κεχαριτωμένην
1341 4474 1526 4538 ἁπλῶς
1584 4474 1783 4541 καλεῖ,
1831 4508 1839 4517 -

209 4572 357 4638 ξένος
392 4568 471 4623 ὣν
504 4568 675 4639 αὐτῆς
722 4569 864 4623 κατὰ
894 4568 991 4641 τὴν
1040 4571 1292 4641 γέννησιν
1317 4585 1331 4600 ·
1375 4571 1404 4623 6
1433 4570 1490 4623 δὲ
1520 4569 1682 4623 Δαυῒδ
1722 4572 1788 4625 ὲκ
1837 4566 1856 4626 ’λ

209 4661 299 4715 τοῦ
332 4659 651 4731 σπέρματος
680 4657 846 4713 αὑτοῦ
874 4660 1248 4731 τυγχάνουσαν
1294 4658 1567 4731 θυγατέρα
1619 4677 1788 4733 προσ-

209 4756 397 4825 φωνεῖ.

1890 4401 2109 4456 quoque
2161 4385 2280 4455 ejus
2309 4383 2627 4452 ex,virgine
2674 4383 3007 4438 nativitatem
3054 4385 3319 4454 exposuit.
3394 4383 3459 4440 Et

1891 4476 2106 4533 Gabriel
2138 4476 2356 4547 quidem
2398 4474 2719 4544 simpliciter
2746 4476 2919 4547 gratia
2958 4475 3173 4550 plenam
3204 4477 3456 4548 appellat,

1882 4583 1955 4626 'eo
1997 4568 2142 4641 quod
2189 4569 2400 4628 alienus
2451 4566 2519 4622 ab
2553 4582 2618 4622 ea
2652 4575 2799 4624 esset
2829 4569 3008 4640 quoad
3056 4585 3224 4642 genus
3252 4589 3264 4624 :
3292 4569 3456 4624 David

1889 4679 2021 4719 vero
2054 4663 2222 4721 filiam
2262 4662 2434 4727 dicit,
2491 4660 2637 4732 quod
2680 4676 2802 4717 eam
2844 4678 2913 4720 ex
2953 4664 3161 4721 semine
3188 4678 3290 4721 suo
3336 4677 3458 4718 esse

1888 4756 2069 4813 sciret.
2085 4810 2088 4815 .

1356 4912 1412 4964 4t
1451 4912 1502 4969 iu
1534 4911 1924 4983 inscriptionem
1948 4914 2144 4985 psalmi
2176 4932 2319 4973 nvi.

274 5073 390 5144 (78)
441 5072 796 5151 Ἀθανάσιοςί
818 5074 918 5129 καὶ
959 5033 1280 5142 Κιέιριλλος.
1310 5075 1515 5147 Κλῆσιν
1547 5074 1714 5128 ἐθνῶν
1754 5076 1804 5129 ό·

209 5164 421 5235 ψαλμὸς
456 5166 735 5236 σημαίνει,
764 5164 1021 5238 ᾁδόμενος
1047 5167 1113 5220 ἐκ
1148 5166 1441 5237 προσώπου
1476 5165 1583 5219 τῶν
1613 5166 1783 5234 ἁγίων

213 5257 523 5315 ἀποστόλων
574 5258 981 5331 παραινούντων
1007 5262 1143 5328 iter;
1190 5257 1399 5313 ἔθνεσιν
1449 5260 1782 5332 ἀνασκιρτᾷν

285 5420 329 5450 ³⁸
359 5416 520 5473 Joan.
552 5434 606 5487 ν,
631 5417 722 5475 20.
804 5421 849 5453 ³⁸
881 5417 1068 5477 Matth.
1144 5435 1263 5486 vm,
1303 5420 1356 5474 3.
1444 5422 1489 5456 ²⁹
1528 5420 1659 5479 Luc.
1693 5439 1778 5490 vn,

1991 5427 2035 5459 ³⁰
2067 5426 2224 5483 Joan.
2258 5442 2330 5491 vi,
2361 5425 2449 5480 ’59.
2521 5423 2561 5456 ³¹
2596 5424 2696 5480 lsa.
2736 5440 2813 5492 ιι,
2837 5425 2927 5478 25.

281 5572 392 5643 (77)
426 5572 561 5646 llaec
581 5574 964 5646 diversasuut
993 5574 1061 5629 ab
1100 5575 1436 5646 expositione
1469 5574 1632 5646 hujus
1663 5594 1783 5633 ver-

216 5659 305 5699 sus
336 5663 349 5700 :
385 5644 477 5701 ubi
512 5643 565 5702 id
598 5645 664 5702 de
698 5644 938 5703 Ecclesia
972 5643 1204 5717 explicat
1234 5643 1566 5707 Athanasius
1593 5664 1777 5721 supra.

1959 5078 2281 5135 Athanasius
2304 5087 2351 5134 et
2378 5079 2630 5151 Cyrillus.
2679 5078 3068 5152 Praesignillcat
3102 5077 3189 5133 hic
3217 5076 3459 5147 psalmus

1890 5174 2228 5229 vocationem
2272 5173 2551 5244 gentium,
2601 5186 2724 5228 eum
2767 5186 2833 5227 ex
2865 5184 3096 5242 persona
3146 5179 3457 5225 sanctorum

1888 5268 2255 5334 apostolorum
2287 5274 2518 5322 canatur
2543 5307 2557 5334 ,
2607 5263 2699 5339 qui
2736 5272 2920 5336 gentes
2948 5262 3340 5331 cohortantur,
3401 5272 3458 5317 ut

3030 5424 3098 5456 ⁸¹’
3125 5422 3258 5481 Luc.
3297 5440 3336 5493 ι,
3365 5421 3454 5478 28.

1964 5583 2074 5657 (78)
2101 5583 2232 5641 Vide
2260 5592 2636 5656 argumentum
2668 5581 2861 5654 psalmi
2895 5598 3036 5644 nvi.
