3760 6270
380 242 480 298 5θῖ
1227 229 1285 293 s.’
1324 237 1861 311 ΑτηΑΝΑειιιοΡΡ

2159 237 2217 293 lt.
2256 265 2327 278 -
2364 232 2775 293 EXEGETICA.
3507 236 3644 294 568

370 375 466 429 per
487 356 730 411 actiones
760 354 932 409 bonas
961 366 1023 410 ac
1049 355 1338 424 praeclaras
1362 355 1633 409 exsultent
1654 370 1717 409 ac
1751 353 1854 408 triu

2174 352 2424 423 πράξεων
2472 352 2691 422 ἀγαθῶν
2740 351 2834 405 ἐπὶ
2863 354 2929 423 τῇ
2962 351 3226 423 γενομένῃ
3281 349 3407 425 νίκῃ
3464 351 3643 407 κατὰ

370 449 540 518 pbent
566 446 634 502 de
667 454 823 516 parta
854 445 1081 501 victoria
1127 446 1194 501 de
1225 448 1562 503 daemonibus
1592 446 1855 515 pernicies

2204 446 2495 517 ἀλιτηρίων
2536 444 2825 516 δαιμόνων.
2884 444 3314 515 Ἐπιγέγραπται
3343 441 3400 497 δέ
3439 442 3642 512 ’Υπὲρ

368 540 549 594 simis.
607 537 907 608 inscriptus
956 553 1120 609 porro
1167 548 1272 603 est,
1307 538 1414 592 Pro
1446 538 1577 608 ﬁliis
1615 535 1747 592 Core
1780 552 1799 590 :
1832 552 1853 589 ι

2155 555 2162 570 ι
2195 537 2341 591 υἱῶν
2375 538 2544 605 Κορέ·
2573 538 2671 608 οὐχ
2697 536 2775 600 ὡς
2800 536 2939 606 ὑπὲρ
2961 536 3181 590 ἐκείνων
3210 536 3426 599 πάντως
3449 552 3640 604 γεγε-

371 633 516 700 quod
547 632 790 702 ipsorum
824 646 990 687 causa
1024 631 1324 700 composita
1355 632 1472 685 hrec
1504 629 1609 683 oda
1629 668 1644 691 ,
1679 628 1774 684 sed
1796 644 1856 696 qu

2152 628 2281 700 πένης
2308 629 2405 700 τῆς
2430 628 2594 700 ᾠδῆς,
2627 628 2741 682 ἀλλ’
2766 629 2842 692 ὠς
2878 628 2943 682 δι’
2989 627 3166 681 αὐτῶν
3194 629 3493 699 ὑπηρετεῖν
3527 645 3637 681 τε·-

370 741 467 794 per
502 727 649 795 ipsos
679 724 1064 795 praecineretur
1088 765 1104 790 ,
1141 732 1327 793 utp0te
1392 723 1457 777 ad
1496 721 1682 776 laudes
1712 719 1823 775 Deo

2152 721 2329 792 μένων
2356 724 2422 792 τῇ
2449 722 2695 793 ἀναφορᾷ
2722 722 2819 792 τῆς
2839 720 3006 792 ᾠδῆς.
3049 720 3205 774 Ἔστι
3229 719 3307 782 δέ.
3333 719 3408 785 ὼς
3451 722 3636 793 εἰρη-

373 818 625 872 ferendas
655 818 1004 872 constitutos.
1056 815 1321 869 Dicuntur
1348 823 1528 869 autem
1563 814 1701 877 ista,
1740 821 1801 865 ut
1823 814 1858 881 j:

2147 853 2161 877 ,
2187 812 2298 867 τῶν
2328 814 2499 883 ἁγίων
2526 813 2838 867 ἀποστόλων
2880 812 2940 866 τὸ
2988 813 3296 885 πρόσωπον,
3333 811 3408 877 ὼς
3445 829 3632 868 κεκε-

372 908 752 977 ντιιιωίεδιιω,
800 907 854 960 in
900 921 1135 976 persona
1185 914 1497 961 sanctorum
1548 904 1857 974 apostoloru

2149 903 2350 974 ςμένων
2383 903 2560 957 πάντα
2618 901 2954 974 μαθητεῦσαι
2991 901 3060 955 τὰ
3095 900 3241 973 ἔθνη.
3284 901 3505 972 Ἐπειδὴ
3559 901 3634 955 δὲ

372 1013 559 1071 utpote
599 1000 694 1071 qui
738 999 878 1071 jussi
906 1008 1062 1054 erant
1090 999 1286 1054 docere
1313 1011 1506 1052 omnes
1536 1004 1743 1066 gentes.
1802 994 1857 1062 Q1

2150 997 2310 1050 ίστων
2342 996 2481 1049 ὅσων
2513 996 2695 1059 αὐτοῖς
2716 996 2811 1049 καὶ
2834 994 3085 1065 μεγάλων
3116 992 3334 1062 ἀγαθῶν
3359 993 3632 1065 προμνή-

370 1109 500 1149 veru
542 1094 675 1148 ﬁdes
727 1092 1085 1163 plurimorum
1133 1100 1188 1145 et
1256 1090 1639 1152 maximorum,
1672 1089 1855 1143 honori

2148 1105 2201 1141 ια
2233 1088 2457 1158 γέγονεν
2487 1088 2520 1159 ἡ
2553 1087 2754 1150 πίστις·
2771 1086 3064 1157 κέκληνται
3092 1085 3202 1157 γὰρ
3232 1085 3298 1139 δι’
3326 1085 3498 1157 αὐτῆς
3531 1087 3629 1148 εἰς

375 1186 714 1242 conciliatrix
748 1185 998 1254 gentibus
1029 1183 1203 1239 fuerat
1235 1201 1248 1238 :
1282 1199 1378 1254 per
1417 1185 1557 1239 hanc
1587 1184 1732 1238 enim
1762 1197 1860 1236 voc

2149 1180 2313 1234 isciav
2365 1180 2537 1246 Θεοῦ,
2582 1182 2662 1244 εἰς
2702 1178 2917 1251 μέθεξίν
2951 1195 3013 1231 τε
3064 1178 3218 1248 ἁγίου
3266 1176 3627 1248 Πνεύματος,

371 1283 528 1330 erant
558 1275 610 1328 in
641 1274 982 1344 adoptionem
1021 1273 1150 1339 Dei,
1189 1289 1254 1329 ac
1279 1274 1746 1344 participationem
1778 1272 1856 1343 Sp

2137 1292 2191 1338 ις
2219 1292 2278 1326 τε
2305 1273 2517 1344 φύσεως
2541 1273 2796 1341 γεγόνασι
2829 1272 3094 1336 κοινωνοὶ,
3132 1272 3203 1325 τά
3231 1288 3294 1325 τε
3342 1270 3402 1336 ἐξ
3450 1271 3622 1342 οὐρα-

371 1377 460 1422 tus
497 1366 670 1423 sancti
694 1405 710 1431 ,
758 1366 955 1421 divina:
1004 1381 1223 1437 quoque
1256 1376 1465 1422 natura:
1498 1367 1856 1421 communioni

2209 1366 2482 1438 αρίσματα
2531 1363 2959 1434 πεπλουτήκασι,
2992 1363 3085 1416 καὶ
3136 1362 3239 1433 τῆς
3284 1362 3392 1416 τῶν
3436 1361 3633 1431 ἁγίων.
3680 1408 3694 1421 ,

372 1459 585 1525 sortiti,
622 1474 687 1513 ac
718 1459 957 1529 opulenti
992 1458 1185 1513 redditi
1220 1460 1410 1527 gratiis
1439 1457 1747 1513 coelestibus
1769 1498 1784 1522 ,
1814 1472 1857 1526 p:

2141 1458 2252 1521 τίδος
2286 1458 2617 1529 συμμέτοχοι
2644 1457 3047 1527 καθεστήκασι’
3076 1455 3248 1526 ταύτῃ
3274 1471 3356 1508 τοι
3378 1456 3471 1510 καὶ
3506 1452 3626 1525 μά.ι

368 1553 562 1621 ticipes
590 1552 823 1622 denique
854 1551 977 1607 facti
1012 1560 1170 1607 erant
1200 1551 1315 1621 spei
1349 1559 1659 1607 sanctorum
1680 1589 1696 1614 ,
1739 1550 1853 1604 idcit

1911 1564 1943 1604 ο
2040 1552 2109 1609 λα
2132 1551 2357 1615 εἰκότως
2380 1548 2767 1625 πανηγυρίζειν
2797 1550 2979 1612 αὐτοῖς
2998 1547 3396 1608 ἐπιτάττουσιν.

370 1644 543 1715 igitur
569 1656 624 1700 et
653 1645 874 1715 quidem
902 1661 1010 1700 non
1043 1646 1249 1715 absque
1272 1646 1480 1701 ratione
1501 1685 1516 1711 ,
1546 1644 1807 1714 iubentur
1838 1657 1939 1713 pu-

371 1704 540 1795 biicas
568 1704 889 1794 festivitates
917 1704 1189 1809 peragere.
1546 1704 1563 1714 ’
1839 1704 1859 1713 ’
1968 1704 2018 1764 Β

922 1893 985 1948 Et
1014 1896 1066 1948 in
1096 1893 1326 1965 ejusdem
1359 1894 1548 1963 psalmi
1572 1894 1727 1949 verba
1754 1892 1857 1947 ista
1879 1909 1897 1946 :
1928 1909 1947 1942 ι
1984 1889 2214 1962 Subjecit
2240 1891 2456 1960 populos
2481 1888 2628 1945 nobis
2651 1931 2667 1957 ,
2696 1906 2717 1942 ι
2764 1898 2886 1954 etc.,
2920 1904 2968 1941 υ.
3002 1886 3037 1940 ι

444 2051 608 2107 Divus
641 2068 768 2107 vero
799 2051 1130 2106 Athanasius
1150 2090 1164 2113 ,
1195 2064 1289 2119 per
1313 2049 1541 2119 populos
1570 2057 1623 2104 et
1650 2058 1835 2119 gentes
1857 2048 1929 2101 in-

2141 2045 2225 2117 79)
2264 2046 2322 2099 Ὀ
2348 2045 2405 2099 δὲ
2439 2044 2579 2110 θεῖος
2613 2042 2928 2107 Ἀθανὰσιος
2950 2042 3111 2106 λαοὺς
3137 2042 3230 2096 καὶ
3262 2041 3388 2114 ἔθνη
3415 2042 3509 2095 τόν
3548 2059 3626 2098 τε

375 2146 568 2215 teiligit
603 2142 884 2209 Satanam,
909 2154 963 2199 et
987 2160 1107 2214 qua:
1132 2158 1255 2197 cum
1296 2158 1362 2196 eo
1397 2152 1523 2197 sunt
1550 2142 1813 2212 malignas
1845 2156 1860 2210 ι

2129 2138 2283 2191 τανᾶν
2312 2137 2406 2190 καὶ
2441 2136 2540 2201 τὰς
2586 2136 2684 2191 σὺν
2716 2134 2863 2206 αὐτῷ
2906 2134 3145 2206 πονηρὰς
3172 2136 3426 2206 δυνάμεις
3465 2128 3614 2188 εἷναί

374 2244 615 2289 testates.
648 2232 722 2289 De
750 2235 946 2304 quibus
974 2234 1109 2288 dixit
1138 2231 1385 2288 Salvator
1411 2251 1425 2288 :
1455 2232 1585 2287 Ecce
1630 2233 1751 2287 dedi
1796 2250 1856 2286 vo

2127 2248 2176 2284 σι
2198 2247 2208 2259 ο
2243 2230 2370 2302 περί⁹
2394 2222 2470 2284 ὧν
2496 2229 2680 2298 ἔλεγεν
2701 2231 2730 2282 ό
2754 2230 2946 2300 Σωτήρ
2969 2246 2983 2258 σ
3033 2228 3177 2282 Ἰδοὺ
3215 2226 3443 2281 δέδωκα
3461 2225 3612 2296 ὑμῖν

369 2333 680 2393 potestatem
712 2324 983 2378 incedendi
1015 2341 1171 2394 super
1207 2324 1528 2394 serpentibus
1554 2332 1605 2377 et
1652 2324 1854 2391 scorpio

2130 2321 2256 2375 τεῒν
2279 2322 2478 2376 ἐπάνω
2503 2321 2699 2390 ὄφεων
2725 2320 2822 2374 καί
2871 2322 3195 2389 σκορπίων.
3227 2319 3309 2372 Τά
3339 2318 3446 2391 γάρ
3477 2318 3612 2377 ἔθνη

375 2414 600 2469 bus"".
638 2413 948 2470 Daemonum
982 2430 1217 2485 namque
1239 2426 1427 2486 gentes
1450 2414 1677 2485 subjecit
1710 2413 1860 2484 pedih

2046 2414 2150 2468 τῶν
2175 2414 2443 2470 δαιμόνων
2464 2413 2696 2479 ὑπέταξε
2727 2414 2840 2475 τοῖς
2871 2412 2976 2467 τῶν
3006 2411 3315 2466 ἀποστόλων
3354 2410 3531 2464 ποσίν.

373 2507 764 2576 apostolorum.

1576 2594 1703 2650 Item
1734 2597 1787 2650 in
1814 2596 2061 2666 praemio
2086 2594 2222 2667 psal.
2254 2608 2421 2651 xum.

371 2799 379 2808 .
447 2758 790 2812 Athanasius.
826 2755 1053 2811 Cauitur
1076 2753 1237 2824 igitur
1267 2762 1321 2808 et
1347 2753 1435 2807 hic
1463 2752 1702 2822 psalmus
1730 2766 1793 2806 ex
1826 2767 1856 2821 p

2125 2750 2227 2822 [80)
2259 2752 2315 2808 Ἀ
2325 2751 2628 2819 θανάσιος.
2650 2750 2868 2822 ’ᾼδεται
2887 2749 3067 2821 μέντοι
3084 2750 3174 2803 καὶ
3185 2745 3338 2812 οὗτος
3354 2750 3381 2802 ὁ
3395 2745 3610 2819 ψαλμδς

375 2865 508 2906 sona
558 2859 873 2906 sanctorum
920 2847 1289 2917 apostolorum
1317 2886 1332 2911 ,
1386 2844 1756 2899 enarrantium
1800 2859 1860 2914 qu

2158 2844 2449 2918 προσώπου
2498 2845 2606 2897 τῶν
2650 2842 2818 2912 ἁγίων
2859 2842 3188 2907 ἀποστόλων,
3237 2840 3612 2912 διηγουμένων

375 2942 524 3010 passi
553 2951 680 2997 sunt
707 2941 1115 3011 persecutiones
1142 2946 1361 3008 propter
1388 2936 1852 3005 praedicationem,

2125 2954 2171 2999 ›ς
2203 2936 2293 2990 διὰ
2318 2936 2379 2989 τὸ
2411 2937 2670 3009 κήρυγμα
2706 2934 2996 3003 διωγμοὺς,
3031 2933 3125 2987 καὶ
3160 2932 3259 2997 τὰς
3298 2933 3452 2996 νίκας
3505 2930 3610 2997 τὰς

373 3035 633 3090 victorias
678 3049 816 3104 quas
851 3034 904 3087 in
957 3029 1427 3101 persecutionibus
1473 3029 1791 3084 retulerunt.
1854 3026 1858 3079 ἶ

2126 3042 2136 3080 ι
2165 3027 2372 3091 τούτοις
2398 3027 2712 3098 γενομένας.
2754 3022 2892 3094 ᾮδὴ
2941 3024 2997 3078 δὲ
3033 3023 3276 3095 ψαλμοῦ
3307 3023 3611 3098 ἐπιγέγρα-

376 3128 634 3181 scribitur
665 3135 842 3181 autem
894 3123 1168 3180 Canticum
1200 3122 1425 3191 psalmi,
1471 3135 1536 3177 eo
1571 3123 1717 3191 quod
1761 3121 1861 3176 ethi

2123 3138 2199 3183 αι,
2239 3119 2312 3184 ὡς
2339 3120 2437 3191 τῆς
2466 3117 2662 3191 ἠθικῆς
2695 3115 3010 3189 φιλοσοφίας
3050 3117 3188 3189 πρὸς
3219 3116 3317 3187 τὴν
3341 3116 3608 3187 θεωρητιο

376 3219 717 3289 philosophia
753 3234 876 3274 cum
913 3215 1207 3272 theoretica
1236 3215 1290 3268 in
1314 3229 1379 3270 eo
1401 3216 1690 3286 conjuncta
1717 3217 1809 3271 sit.

1121 3215 1207 3270 ica
1236 3215 1290 3268 in
1314 3229 1379 3270 eo
1401 3216 1690 3286 conjuncta
1717 3217 1809 3271 sit.
2051 3211 2152 3282 κὴν
2183 3208 2606 3282 συνδραμούσης.

867 3373 936 3428 Ει
963 3375 1019 3429 in
1050 3376 1202 3430 verba
1234 3373 1346 3443 ejus
1370 3390 1391 3428 :
1423 3394 1444 3426 ι
1473 3374 1735 3441 Quoniam
1762 3388 1876 3427 ecce
1904 3388 2043 3443 reges
2077 3380 2229 3428 teme
2258 3370 2557 3443 congregati
2585 3376 2730 3434 sunt,
2760 3387 2778 3420 ι
2812 3377 2909 3423 etc.
2931 3409 2947 3437 ,
2974 3384 3025 3423 υ.
3059 3367 3113 3423 5.

449 3536 517 3592 At
545 3536 839 3592 secundum
872 3551 1129 3607 magnum
1175 3534 1529 3590 Athanasium
1556 3576 1571 3600 ,
1604 3533 1934 3603 signiﬁcatur

2125 3531 2227 3602 [81)
2258 3530 2413 3584 Κατὰ
2437 3530 2493 3583 δὲ
2525 3530 2614 3584 τὸν
2644 3530 2816 3600 μέγαν
2861 3526 3193 3593 Ἀθανὰσιον,
3246 3530 3275 3582 δ
3308 3527 3448 3583 κατά
3492 3531 3610 3584 τῶν

376 3629 465 3685 hic
496 3629 720 3692 bellum,
749 3629 891 3696 quod
922 3629 991 3683 ob
1027 3628 1464 3699 praedicationem
1501 3636 1689 3681 contra
1721 3635 1861 3694 apost

2115 3624 2355 3677 ωστόλων
2382 3623 2467 3677 διὰ
2494 3622 2556 3676 τὸ
2582 3624 2845 3693 κήρυγμα
2862 3620 3147 3691 γενόμενος
3174 3619 3406 3692 πόλεμος
3421 3620 3525 3674 ὑπό
3538 3639 3600 3675 τε·

376 3721 458 3775 los
489 3728 700 3789 gestum
735 3728 858 3782 est,
888 3728 1000 3773 tam
1037 3733 1067 3773 a
1096 3717 1402 3773 visibilibus
1434 3718 1672 3788 gentium
1696 3716 1861 3785 regibt

2118 3731 2153 3765 ιν
2178 3711 2448 3783 αἰσθητῶν
2471 3711 2732 3782 βασιλέων
2752 3710 2857 3764 τῶν
2877 3710 3065 3773 ἐθνῶν,
3098 3710 3193 3763 καὶ
3229 3709 3334 3781 μὴν
3362 3710 3457 3764 καὶ
3490 3711 3603 3764 τῶν

376 3825 541 3882 quam
571 3810 638 3863 ab
670 3810 1034 3865 invisibilibus
1080 3810 1451 3876 daemonibus,
1485 3810 1579 3879 qui
1602 3809 1730 3863 olim
1757 3809 1861 3862 don

2117 3803 2287 3875 ράτων
2314 3804 2580 3873 δαιμόνων
2604 3802 2711 3854 τῶν
2745 3801 2911 3855 πάλαι
2929 3800 3336 3871 βασιλευόντων,
3368 3802 3602 3857 ἐνταῦθα

376 3902 666 3956 nabantur.
692 3901 794 3968 Qui
818 3912 872 3957 et
894 3902 1204 3958 conturbati
1227 3912 1354 3958 sunt
1373 3918 1440 3957 ac
1458 3912 1635 3956 mente
1657 3916 1861 3955 comma

2120 3893 2383 3963 μαίνεται.
2411 3891 2472 3946 Οἳ
2494 3893 2588 3945 καὶ
2619 3890 3036 3961 κατεπλάγησαν
3059 3890 3151 3943 καὶ
3175 3890 3484 3960 ἐξέστησαν,
3500 3892 3602 3964 τὴν

378 3992 472 4047 ubi
498 3992 749 4047 viderunt
782 3992 950 4048 Deum
996 3994 1198 4049 sanctis
1243 3994 1359 4048 suis
1392 3993 1660 4047 auxiliari.
1724 3991 1863 4061 lnsig

2116 3985 2342 4056 νομένην
2373 3984 2620 4055 βοήθειαν
2646 3984 2795 4055 παρά
2825 3981 2918 4036 τοῦ
2946 3980 3079 4035 Θεοῦ
3110 3985 3221 4044 τοῖς
3252 3983 3425 4049 ἁγίοις
3465 3981 3601 4036 θεω-

375 4082 521 4140 enim
556 4084 722 4139 robur
751 4084 1019 4140 servantis
1046 4099 1172 4150 eos,
1211 4084 1622 4138 admirationem
1668 4093 1720 4138 et
1752 4093 1860 4153 stu;

2115 4078 2279 4141 ἓντες.
2327 4078 2392 4132 Ἦ
2418 4077 2526 4149 γὰρ
2553 4075 2822 4148 ὑπερϐολὴ
2845 4076 2945 4146 τῆς
2985 4074 3164 4144 ἰσχύος
3201 4073 3310 4150 τοῦ⁴
3336 4074 3600 4141 σώζοντος

375 4189 488 4230 rem
520 4174 718 4229 attulit.
781 4174 980 4228 Deinde
1012 4172 1172 4228 etiam
1203 4172 1505 4230 conturbati
1541 4181 1706 4236 sunt,
1755 4182 1816 4227 ut
1845 4190 1860 4225 (

2130 4170 2315 4240 θαῦμα
2344 4170 2524 4233 αὐτοῖς
2545 4171 2636 4222 καὶ
2654 4168 2754 4238 τὴν
2771 4167 3107 4238 κατάπληξιν
3135 4165 3437 4238 εἴργασται.
3463 4165 3599 4223 Εἶτα

378 4268 576 4321 bellum
605 4264 716 4320 Deo
741 4265 1085 4330 intulissent,
1132 4280 1199 4321 ac
1231 4266 1284 4320 in
1314 4266 1544 4320 summis
1588 4263 1739 4321 fuere
1784 4266 1863 4319 dol

2113 4263 2433 4333 ιράχθησαν,
2457 4262 2531 4325 ὡς
2560 4260 2625 4315 ἂν
2646 4259 2780 4314 Θεοῦ
2809 4261 3177 4323 καταστάντες
3212 4258 3477 4329 πολέμιοι,
3499 4261 3598 4316 καὶ

373 4358 547 4413 ribus.
582 4357 734 4424 Quod
772 4372 898 4412 vero
932 4357 1186 4426 deinceps
1211 4357 1526 4426 subjicitur,
1559 4358 1735 4420 scias,
1768 4373 1858 4411 nat

2113 4369 2178 4406 αν
2204 4352 2279 4415 ὡς
2310 4353 2367 4404 ἐν
2397 4350 2569 4405 ὠδῖσι.
2614 4350 2688 4403 Τό
2729 4367 2793 4420 γε
2835 4351 2941 4422 μὴν
2984 4350 3110 4421 ἑξῆς
3142 4350 3428 4422 εἰρημένον
3474 4352 3598 4405 ἐπι-

373 4447 598 4504 Tharsis
623 4449 730 4503 dici
755 4463 877 4518 quae
903 4448 1146 4518 ingentes
1170 4449 1389 4503 divitias
1426 4446 1699 4503 Salomoni
1740 4447 1858 4502 aﬂet

2114 4446 2240 4515 ήσας
2268 4445 2498 4516 νοήσεις,
2532 4443 2607 4507 ὡς
2631 4444 2755 4514 νῆες
2797 4441 3028 4515 Θαρσεῖς
3051 4441 3315 4511 ἐλέγοντο,
3366 4442 3599 4500 πλοῦτον

371 4539 535 4603 bant,
572 4540 1024 4609 quemadmodum
1054 4540 1109 4593 in
1137 4539 1362 4595 historia
1394 4538 1702 4610 Regnorum
1735 4554 1856 4609 cogr

2113 4554 2297 4609 ρουσαι
2326 4539 2497 4609 μέγαν
2533 4537 2610 4608 τῷ
2648 4534 2969 4606 Σολομῶντι,
3012 4536 3262 4607 καθάπερ
3298 4537 3356 4590 ἐν
3388 4538 3455 4608 τῇ
3487 4537 3594 4592 τῶν

370 4627 574 4717 νὶωνὲ
626 4628 805 4694 Quare
829 4631 989 4685 etiam
1034 4630 1122 4685 hic
1150 4645 1245 4701 per
1275 4630 1537 4686 contritas
1565 4645 1730 4685 naves
1760 4628 1855 4682 Th:

2109 4628 2332 4682 ισιλειῶν
2363 4627 2678 4698 ἐγνώκαμεν
2713 4626 2941 4699 ἱστορίᾳ.
2973 4628 3062 4681 Διὸ
3090 4628 3185 4681 καὶ
3233 4626 3326 4681 νῦν
3366 4627 3457 4681 διά
3485 4628 3594 4684 τῶν

370 4720 449 4776 sis
470 4760 486 4782 ,
518 4716 838 4791 signiﬁcavit
864 4723 1365 4779 exterminationem
1393 4738 1556 4794 opum
1582 4732 1635 4779 et
1681 4733 1855 4792 potent

2107 4718 2470 4791 ντριδομένων
2515 4717 2713 4771 πλοίων
2754 4716 2986 4789 Θαρσεῖς
3034 4719 3131 4789 τὴν
3179 4718 3448 4772 ἀπώλειαν
3498 4719 3592 4774 τοῦ

371 4828 556 4884 regum
590 4814 988 4882 praedictorum.
1033 4813 1288 4885 Spiritum
1324 4829 1454 4870 vero
1496 4815 1789 4869 violentum
1833 4830 1856 4870 s

2107 4810 2269 4863 ,ούτου
2304 4810 2396 4863 καὶ
2422 4810 2521 4880 τῆς
2551 4809 2868 4872 δυναστείας
2901 4807 3010 4862 τῶν
3035 4808 3436 4881 προλεχθέντων
3468 4810 3592 4884 ἐδή-

372 4919 484 4962 tnes
514 4920 613 4974 pro
636 4906 889 4975 potentiis
916 4906 1387 4974 intellectualibus,
1416 4920 1510 4978 per
1539 4921 1679 4977 quas
1709 4913 1857 4978 apost

2107 4919 2170 4956 σε
2207 4902 2491 4973 βασιλέων.
2542 4901 2765 4972 Πνεῦμα
2807 4903 2863 4957 δὲ
2892 4902 3065 4973 βίαιον
3095 4901 3288 4972 νοητὰς
3332 4901 3592 4973 δυνάμεις

371 4998 543 5056 lorum
580 4998 764 5055 hostes
787 4998 1087 5055 debellavit.
1488 4994 1511 5013 "

2107 4994 2182 5058 ιάς
2217 4996 2452 5066 νοήσεις,
2496 4994 2562 5048 δι’
2589 4986 2664 5051 ὧν
2692 4996 2817 5060 τοὺς
2866 4994 3091 5068 ἐχθροὺς
3137 4992 3245 5050 τῶν
3284 4992 3592 5049 ἀποστόλων

2036 5083 2381 5157 κατεπολέμη
2389 5100 2499 5140 σεν.

1183 5221 1193 5289 ί
1216 5218 1348 5276 Item
1375 5219 1430 5273 in
1461 5218 1553 5273 illa
1583 5218 1735 5273 verba
1762 5234 1782 5272 :
1816 5236 1837 5270 ι
1865 5216 2088 5289 Propter
2113 5218 2323 5290 judicia
2351 5228 2464 5285 tua,
2490 5218 2730 5275 Domine.
2769 5240 2789 5274 ι

432 5355 737 5418 Athanasii.
776 5360 937 5429 Quia,
969 5362 1165 5432 inquit,
1194 5360 1499 5432 dijudicans
1525 5362 1765 5435 gentium
1789 5379 1917 5421 cau-

2103 5361 2210 5433 (82l
2246 5363 2622 5418 Ἀθανασίου.
2642 5364 2764 5420 Ὅτι
2786 5365 2973 5438 κρίνας
2994 5364 3092 5438 τὴν
3102 5365 3257 5437 δίκην
3269 5363 3377 5420 τῶν
3398 5364 3588 5434 ἐθνῶν,

432 5473 479 5508 ³³
505 5474 636 5532 Luc.
658 5496 688 5533 ι
707 5480 833 5537 .19.

457 5570 542 5649 29)
570 5571 701 5649 Yitle
721 5576 773 5649 in
791 5581 1117 5649 argumento
1138 5574 1300 5646 hujus
1324 5576 1559 5649 psalmis
2096 5573 2207 5649 (ευ
2240 5572 2564 5649 [bividesia

455 5642 542 5704 80)
578 5644 705 5700 Vide
732 5640 950 5703 ibidem.
1210 5640 1229 5646 ⁷
1324 5640 1344 5648 ”
1551 5641 1559 5649 ’
2096 5640 2203 5715 (82)
2241 5640 2371 5699 Vide
2400 5644 2565 5729 ibitis,
