3760 6270
129 268 207 325 339
1023 265 1444 325 FRAGMENTA
1500 272 1855 330 COMMENT.
1897 275 1963 330 lN
2002 276 2341 334 PS‘ALMOS.
3183 287 3289 344 570

130 389 340 457 iﬁlaaa;
363 392 452 439 τὸν
480 387 601 440 κατ’
638 385 817 440 αὐτῶν
857 385 1111 456 πολέμιον
1158 387 1404 460 δαίμονα.
1454 392 1517 444 Ei
1570 392 1615 445 δὲ

1811 412 1867 462 η,
1900 397 2105 467 ejecisti
2145 398 2444 453 daemonem
2476 411 2621 467 ipsas
2650 397 3073 468 impugnantem.
3104 399 3296 466 Quod-1

132 479 280 552 βὀὗὶεῖ,
297 480 415 549 ὅρος
447 478 584 531 Σιὼν
605 480 654 531 οί
674 477 737 532 τὸ
762 478 893 550 bibo;
912 481 1011 551 τῆς
1041 480 1318 550 θεολογίας
1337 500 1617 537 πεπιστευ

1813 490 1886 544 ita
1908 490 2010 550 vis.
2034 504 2194 543 mons
2219 487 2370 555 Sion,
2394 489 2505 546 sint
2527 488 2724 559 quibus
2745 506 2996 559 suprema
3025 476 3298 561 theologia!

133 572 269 642 μένοι·
299 569 587 641 θυγατέρες
627 571 684 623 δὲ
723 571 821 640 τῆς
880 572 1133 637 Ἰουδαίας
1163 574 1218 626 αἱ
1261 573 1404 627 κατὰ
1430 573 1525 644 τὴν
1554 575 1618 627 oi-

1831 578 2046 634 |credita
2069 588 2153 633 est
2180 598 2193 632 :
2218 579 2341 634 tilia:
2372 595 2500 637 vero
2525 579 2741 645 Judteze,
2775 579 3030 636 Ecclesiae
3055 596 3178 651 qua:
3199 564 3316 665 per;

133 663 344 734 καομένην
377 662 716 733 Ἑκκλησίαι,
746 663 820 727 ὡς
842 665 944 719 ὐπὸ
974 665 1081 718 τῶν
1106 666 1416 720 ἀποστόλων
1438 671 1618 737 παγεί-

1825 685 1923 725 tem
1966 677 2235 725 terrarum
2281 669 2540 740 dispersae
2587 680 2745 736 sunt,
2774 672 2841 725 ab
2866 671 3159 741 apostolis,
3198 662 3310 740 qui.

134 754 347 820 «12,0215
374 754 532 823 γένος
557 755 615 822 ἐξ
651 756 918 810 Ἰουδαίων
961 758 1217 828 κατῆγον.
1260 760 1551 831 Παρεγγυᾷ
1578 759 1619 813 δὲ

1810 778 1906 817 nus
1933 778 2001 817 ex
2028 759 2231 816 Iudaeis
2263 761 2562 829 ducebant,
2593 763 2917 817 constitutae.
2978 760 3137 816 Jubet
3165 777 3295 818 vero

134 848 320 910 καὶτοῖς
361 846 721 918 κηρύττουσιν
772 848 1154 920 εὐφραίνεσθαι
1205 850 1367 903 ἓνεκα
1423 850 1533 903 τῶν
1564 852 1614 904 δι

1814 872 1899 910 am
1922 853 2308 924 praedicatores
2341 855 2574 921 gaudere
2609 863 2823 924 propter
2843 854 2990 924 justa
3028 853 3121 908 Dei
3149 853 3295 924 judi-

135 939 255 990 καίων
273 939 354 992 τοῦ
374 939 510 993 Θεοῦ
540 942 841 1011 χριμάτων,
871 936 951 1004 οἷς
995 942 1358 1013 χρησάμενος,
1391 941 1488 1014 τὴν
1535 943 1620 1014 τῆς

1629 961 1641 1005 ῐ.
1739 947 1842 1013 cia,
1873 959 1994 1016 qua
2022 959 2297 1003 exercens.
2310 944 2458 1000 orbis
2486 944 2715 999 salutem
2734 953 2987 1015 operatus
3008 952 3114 999 est.

136 1031 393 1103 oixoapéqu
412 1033 687 1105 σωτηρίαν
712 1032 1220 1104 ἐπραγματεύσατο.

608 1188 745 1244 Item
778 1193 831 1244 in
858 1188 997 1258 psal.
1030 1203 1157 1242 xux
1190 1188 1285 1242 illa
1315 1188 1466 1242 verba
1491 1205 1510 1243 :
1544 1207 1563 1240 ι
1592 1187 1676 1241 Ea:
1699 1186 1828 1245 Sion
1857 1190 2045 1258 species
2071 1189 2270 1244 decoris
2295 1192 2407 1260 ejus
2428 1232 2442 1255 ,
2480 1208 2501 1243 ι
2530 1200 2651 1256 etc.,
2677 1204 2722 1243 υ.
2749 1195 2807 1243 ‘2.

181 1352 266 1421 (83)
300 1352 450 1405 Κατὰ
479 1351 538 1404 δὲ
564 1350 657 1404 τὸν
685 1350 856 1421 μέγαν
898 1347 1208 1402 Ἀθανάσιον
1230 1385 1248 1413 ,
1291 1349 1355 1401 ὲκ
1398 1350 1498 1419 τῆς
1526 1349 1639 1403 ἄνω

1821 1353 1884 1400 At
1918 1348 2211 1402 secundum
2245 1363 2500 1419 magnum
2539 1348 2928 1413 Athanasium,
2961 1364 3027 1403 ex
3054 1350 3306 1418 superna

140 1441 234 1495 Σιὼν
257 1446 281 1495 ό
307 1443 505 1514 Κύριος
538 1443 637 1512 τὴν
665 1441 920 1513 δευτέραν
968 1438 1268 1511 παρουσίαν
1316 1441 1625 1511 ποιήσεταιτ

1830 1454 1912 1493 me
1941 1440 2239 1493 secundum
2289 1441 2577 1497 adventum
2608 1456 2765 1495 suum
2793 1441 3088 1496 constituet
3113 1441 3315 1497 Domi-‘

137 1534 204 1603 τὴν
222 1535 433 1605 ἐπιφανῆ
456 1536 551 1594 καὶ
584 1534 814 1601 ἔνδοξον,
853 1534 920 1603 ἣν
950 1534 1058 1602 ,καὶ
1090 1532 1419 1607 εὐπρέπειαν
1448 1533 1622 1601 ὼραιό

1823 1547 1870 1593 s,
1906 1531 2193 1598 illustrem,
2224 1531 2442 1599 inquam
2464 1573 2480 1597 ,
2511 1532 2660 1586 illum
2693 1540 2747 1586 et
2775 1532 3070 1602 gloriosum
3090 1573 3107 1601 ,
3139 1547 3300 1604 quem

139 1640 251 1693 τητος
273 1626 551 1697 κέκληκεν.

1744 1626 1908 1680 etiam
1937 1625 2138 1681 idcirco
2170 1627 2406 1697 speciem
2439 1626 2653 1683 decoris
2689 1626 2993 1699 appellavit.

775 1781 846 1837 In
872 1783 1009 1854 μιαί.
1043 1799 1074 1836 ι.
1105 1781 1256 1837 verba
1278 1799 1298 1837 :
1330 1801 1349 1835 ι
1380 1782 1486 1838 Cor
1508 1784 1758 1842 mundum
1781 1804 1898 1841 area
1924 1789 1980 1841 in
2006 1803 2119 1852 me,
2157 1784 2260 1840 Dea

1129 1781 1256 1837 'erba
1278 1799 1298 1837 :
1330 1801 1349 1835 ι
1380 1782 1486 1838 Cor
1508 1784 1758 1842 mundum
1781 1804 1898 1841 area
1924 1789 1980 1841 in
2006 1803 2119 1852 me,
2157 1784 2293 1840 Deus
2318 1824 2333 1846 ,
2372 1804 2393 1837 »η
2424 1803 2471 1841 υ.
2514 1783 2614 1843 12η

183 1942 267 2012 (84)
289 1944 434 1999 Κατά
461 1944 521 1999 δὲ
560 1945 653 1998 τὸν
688 1944 860 2015 μέγαν
906 1944 1238 2012 Ἀθανάσιον,
1289 1949 1509 2021 Πνεῦμα
1535 1952 1628 2004 τὸν
1660 1953 1668 2006 l

1821 1949 2111 2006 Secundum
2167 1962 2346 2007 autem
2407 1968 2664 2023 magnum
2720 1953 2873 2008 illum
2924 1954 3306 2023 Athanasium,

139 2034 223 2086 ὀὖν
244 2037 482 2092 ἐκάλεσεν
507 2055 520 2068 ι
553 2037 711 2101 εὐθὲς
759 2038 817 2092 δὲ
847 2037 1010 2093 αὐτοῦ
1059 2040 1119 2094 τὸ
1167 2041 1411 2112 ἑδραῖον·
1439 2043 1624 2096 ὠσανέ

1819 2045 2008 2098 ιίτίιυηι
2056 2047 2344 2116 appellavit
2395 2047 2567 2115 ipsam
2602 2058 2867 2111 mentem;
2929 2047 3304 2103 rectitudinem

137 2124 269 2194 λέγοι·
304 2131 620 2199 Ἀσφάλισαί
656 2148 755 2201 μου
776 2129 867 2188 τὸν
899 2131 1045 2199 νοῦν,
1071 2133 1167 2189 τοῦ
1203 2135 1399 2208 μηκέτι
1421 2136 1622 2191 εὔκολοι

1822 2150 1873 2188 ro
1906 2151 2002 2203 pro
2030 2136 2285 2192 ﬁrmitate
2308 2137 2428 2207 ejus
2455 2138 2612 2202 dixit,
2635 2139 2791 2207 quasi
2813 2139 3037 2195 dixisset
3059 2158 3075 2195 :
3098 2139 3307 2194 Conﬁr—

139 2212 237 2276 ιῖναι
260 2224 608 2281 καταπίπτειν
644 2228 723 2289 είς
748 2226 1050 2297 ἁμαρτίαν.

1823 2245 1831 2279 ι
1861 2237 2095 2280 mentem
2127 2242 2321 2293 meam,
2348 2237 2407 2282 ut
2428 2243 2769 2297 nequaquam
2792 2229 3047 2299 proclivis
3068 2232 3140 2287 sit
3158 2230 3308 2291 deiu-

1743 2333 1872 2391 ceps
1899 2317 1966 2372 ad
2003 2320 2394 2389 prolabendum
2434 2320 2490 2374 in
2523 2329 2825 2390 peccatum.

676 2472 743 2528 In
778 2473 915 2543 psal.
947 2489 1015 2530 ιι
1053 2473 1149 2528 illa
1180 2474 1330 2531 verba
1361 2492 1389 2530 :r
1413 2493 1433 2528 ι
1465 2475 1508 2529 Α
1535 2475 1727 2544 ﬁnibus
1756 2484 1912 2531 terra
1939 2473 2009 2526 ad
2038 2484 2087 2529 te
2123 2488 2161 2527 ct

1260 2474 1330 2531 'ba
1361 2492 1389 2530 :r
1413 2493 1433 2528 ι
1465 2475 1508 2529 Α
1535 2475 1727 2544 ﬁnibus
1756 2484 1912 2531 terra
1939 2473 2009 2526 ad
2038 2484 2087 2529 te
2123 2473 2370 2538 cluuiani,
2402 2493 2420 2525 ι
2457 2481 2582 2539 elc.,
2610 2488 2658 2527 υ.
2690 2472 2745 2529 5.

198 2628 523 2685 Ἀθανωσίου
568 2631 665 2684 καὶ
717 2632 1032 2687 Εὐσεϐἰου.
1078 2632 1301 2702 Ἀκηδιᾷ
1345 2632 1401 2685 δὲ
1434 2631 1649 2701 ἀληθῶς

1830 2631 2099 2687 Athanasii
2151 2640 2201 2684 et
2256 2628 2492 2683 Eusebii.
2550 2628 2759 2682 Anxius
2799 2637 2947 2685 certe
2977 2638 3138 2685 estet
3167 2628 3315 2685 dolet

141 2715 208 2767 καὶ
233 2718 466 2789 ἀδημονεί
513 2722 624 2783 πᾶς
664 2719 914 2791 θεοφιλὴς
953 2721 1031 2792 τῷ
1075 2721 1252 2793 θνητῷ
1298 2720 1626 2792 ἐνδιατρίϐωπ

1827 2723 1935 2776 mis
1967 2721 2060 2776 Dei
2093 2736 2303 2787 amans,
2326 2721 2453 2775 dum
2477 2719 2589 2790 agit
2619 2719 2672 2773 in
2706 2719 2808 2774 hac
2831 2720 2942 2774 vita
2967 2738 2980 2774 :
3006 2720 3152 2774 dolet
3182 2734 3312 2776 vero

143 2806 243 2877 βίην
270 2811 516 2882 ἀδημονεῖ
542 2812 599 2865 δὲ
636 2812 728 2865 καὶ
754 2812 843 2865 διὰ
869 2813 1294 2883 φιλανθρωπίαν,
1348 2812 1408 2865 τὸ
1446 2811 1628 2883 πλῆθος

1828 2831 1914 2869 am
1956 2815 2025 2869 ob
2066 2813 2488 2868 benevolentiam
2511 2854 2526 2878 ,
2560 2811 2752 2866 videns
2797 2820 2997 2865 tantam
3032 2812 3312 2866 hominum

138 2916 219 2951 των
250 2903 621 2975 ἀπολλυμένων
655 2904 892 2976 θεωρῶν.
940 2904 1156 2976 Ἐπειδὴ
1190 2900 1281 2958 οὖν
1310 2904 1404 2958 καὶ
1442 2903 1605 2958 Δαυῒδ

1833 2905 2145 2959 ιΙιίιιιάὶηειη
2178 2904 2373 2974 perire.
2410 2902 2549 2969 Quia
2580 2902 2743 2974 igitur
2771 2903 2932 2957 etiam
2962 2901 3127 2955 David
3148 2942 3163 2968 ,
3188 2916 3318 2956 cum

142 2992 200 3051 εἷς
248 2994 328 3063 τὴν
375 2995 838 3048 καταδυναστείαν
887 2996 981 3048 καὶ
1030 2994 1319 3065 τυραννίδα
1366 2994 1473 3048 τῶν
1522 2994 1627 3048 δαι-

1827 2998 2040 3066 ιρίςθτει
2072 2996 2138 3050 ad
2168 2995 2462 3066 potentiam
2507 3009 2571 3049 ac
2613 2993 2951 3066 tyrannidem
2984 2994 3312 3062 dtemonum,

144 3084 275 3151 μόνων
311 3086 549 3158 θεωρῶν,
606 3087 836 3158 ἀκηδίας
866 3087 1227 3159 πεπλήρωτο,
1260 3088 1449 3142 τούτου
1483 3089 1629 3161 χάριν

1833 3090 2020 3143 rietate
2058 3088 2452 3158 corripiebatur
2476 3128 2491 3153 ,
2547 3087 2750 3141 idcirco
2776 3086 3044 3157 supplicat
3080 3084 3191 3141 Deo
3214 3127 3230 3153 ,
3258 3093 3318 3141 ut

142 3174 340 3240 ἱκετεύει,
362 3179 533 3242 ὅπως,
568 3179 847 3248 ἐπιφανεὶς
882 3181 911 3232 ό
951 3178 1174 3251 Κύριος,
1203 3180 1303 3251 τῆς
1328 3181 1436 3234 τῶν
1467 3180 1627 3251 βιαζο-

1835 3185 2014 3239 minus
2045 3185 2099 3237 in
2126 3201 2283 3237 carne
2313 3200 2370 3238 se
2399 3183 2754 3239 manifestans
2774 3225 2789 3249 ,
2824 3198 2925 3237 nos
2953 3181 3019 3235 de
3064 3179 3317 3235 manibuﬁ

145 3266 277 3331 μένων
299 3271 438 3340 ἡμᾶς
460 3269 714 3340 ἐξέληται
755 3271 934 3342 χειρός
962 3270 1096 3343 (85).
1147 3272 1220 3325 Τὸ
1264 3272 1342 3337 δὲ,
1381 3274 1497 3327 ἀπὸ
1525 3272 1630 3327 τῶν

1829 3275 2120 3343 ’(ιυειιιὶυιη
2142 3284 2316 3327 eruat.
2347 3272 2477 3327 Illud
2505 3288 2655 3338 vero,
2678 3291 2709 3326 a
2739 3273 2930 3342 ﬁnibus
2957 3282 3128 3335 term,
3154 3269 3314 3341 signi-

143 3357 361 3423 τεράτων
388 3362 498 3431 τῆς
529 3360 660 3432 γῆς,
690 3361 942 3434 σημαίνει
972 3364 1113 3436 ὑπὲρ
1157 3366 1335 3435 πάσης
1371 3365 1532 3418 αὐτὸν
1555 3366 1628 3436 τῆι

1830 3376 1878 3419 at
1909 3367 2084 3436 ipsum
2121 3381 2219 3436 pro
2250 3366 2503 3420 universo
2538 3375 2801 3420 terrarum
2829 3365 2958 3419 orbe
2984 3378 3171 3434 preces
3195 3360 3315 3417 l'un-

142 3448 406 3524 οἰκουμένης
435 3454 758 3523 ποιούμενον
787 3454 886 3518 τὰς
914 3454 1083 3519 λιτάς.
1115 3457 1188 3510 Οὐ
1218 3457 1374 3527 μόνον
1397 3457 1473 3521 δὲ,
1518 3458 1627 3511 an:

1832 3472 1903 3511 re.
1954 3455 2139 3526 Neque
2164 3458 2265 3509 hoc
2290 3466 2497 3510 tantum
2524 3497 2539 3520 ,
2589 3456 2684 3510 sed
2718 3465 2771 3510 et
2794 3456 3031 3510 medium
3061 3453 3317 3522 quiddam

143 3539 276 3594 mea
304 3545 457 3615 μέσον
498 3546 636 3600 Θεοῦ
677 3548 773 3601 καὶ
805 3546 1106 3619 ἀνθρώπων
1137 3550 1324 3614 οὐσίας
1350 3550 1482 3603 πολὺ
1512 3568 1628 3623 παρ

1831 3564 1898 3601 :er
1956 3549 2049 3603 Dei
2103 3565 2166 3604 ac
2220 3548 2497 3601 hominum
2558 3548 2915 3603 substantiam
2967 3546 3316 3609 constituere,

144 3633 348 3699 ιστῶγτα,
399 3639 544 3692 κατὰ
588 3640 649 3693 τὸ
692 3642 751 3693 ὲν
780 3640 858 3711 τῷ
907 3640 1339 3712 Ἐκκλησιαστῇο
1400 3642 1464 3695 '0
1506 3642 1629 3708 Θεὸς

1834 3638 2053 3694 :undum
2104 3639 2233 3692 illud
2268 3637 2604 3692 Ecclesiaste
2633 3656 2645 3691 :
2681 3637 2814 3689 Deus
2855 3638 2910 3691 in
2955 3636 3082 3690 mlo
3111 3647 3319 3687 sursum

144 3716 278 3787 ἐνεῴ
301 3727 528 3793 οὐρανῷ
555 3725 697 3791 ἅνω,
736 3726 836 3779 καί
879 3726 960 3781 σὺ
1002 3727 1075 3781 ἐν
1114 3725 1186 3795 τῇ
1220 3726 1296 3797 γῇ
1330 3727 1518 3782 mith
1546 3728 1629 3780 Toi

1832 3740 1875 3784 τι
1899 3741 1948 3785 et
1993 3740 2048 3783 tu
2079 3731 2132 3782 in
2174 3738 2312 3783 terra
2340 3728 2483 3798 infra
2510 3729 2575 3781 ³’.
2616 3728 2681 3782 Et
2706 3727 3066 3799 Symmachus
3099 3725 3317 3796 quidem

148 3812 289 3877 μέντοι
316 3819 610 3890 Συμμάχου
646 3820 981 3890 σαφέστερον
1016 3818 1281 3886 εἰπόντος,
1310 3820 1380 3872 ἐν
1405 3818 1483 3884 τῷ
1514 3819 1633 3888 ἀδη

1816 3839 1841 3877 c
1869 3824 2013 3877 clare
2043 3822 2189 3877 hunc
2217 3822 2395 3875 locum
2423 3821 2675 3885 reddidit,
2708 3819 2839 3876 Cum
2872 3819 3120 3874 dolerent.
3150 3816 3301 3887 Signi

142 3907 321 3972 μονεῖν,
353 3912 742 3983 ἐναργέστερον
774 3913 866 3964 καὶ
907 3910 1374 3981 ἐμφαντικώτερον
1418 3907 1569 3969 εἷπον
1608 3930 1627 3967 c

1837 3915 1974 3971 ntius
2009 3928 2141 3969 vero
2171 3923 2223 3968 et
2253 3913 2490 3985 apertius
2521 3911 2869 3983 Septuaginta
2906 3930 2918 3965 :
2961 3911 3093 3963 Dum
3127 3910 3322 3964 anxias

153 3994 530 4071 Ἐόδομήκοντα,
571 4003 668 4055 Ἐν
702 4000 782 4067 τῷ
809 4002 1151 4069 ἀκηδιάσαι.
1201 4005 1510 4076 ’Δδημονείν
1548 4006 1638 4077 γὰε

1833 4023 1938 4059 :em.
1978 4004 2137 4061 Dolor
2159 4006 2303 4061 enim
2332 4006 2492 4061 etiam
2530 4006 2597 4061 de
2635 4005 2860 4059 minutis
2900 4004 3056 4059 malis
3086 4002 3318 4057 dicitur:

147 4090 215 4141 καὶ
245 4094 326 4146 ἐπὶ
350 4098 457 4159 τοῖς
510 4096 725 4167 μικροῖς
758 4095 975 4164 λέγεται
994 4113 1007 4125 ·
1049 4096 1275 4168 ἀκηδιᾷν
1316 4097 1373 4151 δὲ
1401 4098 1494 4151 ἐπὶ
1541 4100 1632 4151 τοί.

1838 4099 2008 4153 xietas
2061 4114 2192 4154 vero
2230 4099 2298 4154 de
2341 4099 2554 4170 magnis
2600 4098 2976 4154 tantummodo
3004 4137 3020 4162 ,
3081 4094 3319 4165 quando,

147 4182 353 4249 μεγάλοις
375 4187 611 4249 πάντως,
643 4188 771 4241 ὃταν
797 4187 884 4242 διὰ
908 4188 968 4241 τὸ
997 4188 1198 4259 πλῆθος
1225 4188 1330 4243 τῶν
1352 4191 1536 4244 κακῶν
1556 4190 1632 4244 λοι

1836 4191 2099 4246 Iltitudine
2129 4192 2390 4245 malorum
2430 4191 2832 4245 circumventus
2872 4189 3032 4258 quis,
3080 4191 3318 4240 animum

146 4270 335 4328 πὸντῶν
364 4278 419 4331 ὲν
464 4278 617 4348 μέσῳ
668 4294 753 4340 τις
800 4277 1295 4349 περιλαμϐάνεται,
1344 4277 1631 4349 ἀπαγορεύ-

1835 4284 2055 4351 spondet
2093 4299 2155 4337 ac
2182 4282 2336 4352 quasi
2383 4283 2668 4351 desperat,
2720 4280 2929 4349 abjecto
2973 4279 3122 4334 omni
3153 4277 3320 4332 auim‘i

145 4364 249 4433 πρὸς
265 4370 392 4423 αὐτὰ
417 4372 515 4425 καὶ
542 4366 654 4423 οἷον
679 4370 1063 4441 ἀπογινώσκει,
1094 4370 1253 4442 ῥίψας
1281 4371 1375 4424 τοῦ
1407 4371 1525 4434 νοὸς
1549 4370 1630 4441 βοι

1553 4370 1662 4441 βου·
1756 4376 2009 4443 consilio,
2043 4382 2103 4430 ut
2138 4376 2233 4445 qui
2266 4375 2407 4429 malo
2434 4373 2658 4430 ferendo
2688 4389 2786 4445 par
2810 4388 2918 4428 non
2948 4372 3038 4429 sit.

145 4450 361 4528 λεύματα,
380 4462 452 4527 ὡς
488 4462 687 4534 μηκέτι
714 4462 898 4536 φέρειν
929 4457 1039 4527 οἷός
1072 4480 1129 4516 τε
1158 4461 1252 4516 ὧν.

894 4644 967 4700 Et
993 4647 1045 4699 in
1076 4661 1209 4701 vers.
1239 4653 1523 4704 sequentem
1558 4659 1577 4696 :
1612 4662 1629 4694 ι
1662 4642 1727 4696 In
1759 4651 1905 4710 petra
1931 4642 2179 4696 exaltasti
2204 4658 2282 4695 me
2304 4683 2319 4710 ,
2354 4660 2374 4694 ι
2405 4658 2451 4697 υ.
2482 4641 2534 4697 5.

201 4803 293 4876 (86)
325 4809 687 4875 ‘Aﬂardawc.
728 4807 873 4881 Πρὸς
901 4807 960 4862 δὲ
988 4807 1223 4861 διάνοιαν
1256 4805 1537 4877 κρείττους
1564 4820 1661 4873 γε·

1839 4804 2177 4859 Athanasius.
2215 4803 2524 4860 Secundum
2557 4804 2885 4860 intellectum
2914 4820 3063 4870 vero,
3090 4806 3194 4859 sire
3214 4820 3324 4859 sen-

145 4896 339 4969 Ὺόναμεν
362 4902 470 4959 τῶν
512 4901 926 4975 ἐπηρεαζόντων
956 4901 1224 4971 δαιμόνων
1267 4898 1354 4952 διὰ
1397 4897 1630 4970 Χριστοῦ

1840 4916 1880 4952 m
1909 4897 2259 4968 spiritualem,
2288 4898 2567 4953 victoriam
2599 4898 2997 4968 reportavinius
3026 4898 3094 4953 de
3123 4897 3325 4951 daemo-

144 4984 191 5050 ⁸’ς
210 4992 362 5065 πέτρα
390 4994 464 5067 τις.
495 4996 746 5067 μακαρίῳ
765 4996 1177 5066 κατωνόμασται
1202 4992 1416 5064 Παύλῳ.
1445 4993 1553 5045 Καὶ
1572 4992 1629 5044 iw

1838 4994 1949 5054 ius,
1997 4990 2090 5060 qui
2145 4989 2624 5057 nosinfestabant,
2665 5005 2759 5060 per
2801 4989 3097 5053 Christum,
3149 4987 3243 5056 qui
3290 5000 3323 5040 a

145 5081 216 5136 ’τὸν
238 5087 347 5142 νοῦν
376 5089 587 5144 ἅπαντα
626 5088 728 5159 τῆς
771 5086 1088 5159 ψαλμῳδίας
1120 5085 1277 5149 εἴπω,
1309 5082 1630 5154 εὐχαριστία

1849 5082 2016 5137 Paulo
2043 5091 2193 5153 petra
2217 5082 2515 5152 appellatur
2539 5082 2602 5135 ³³.
2625 5080 2690 5134 Ει
2713 5089 2771 5135 ut
2795 5079 2987 5150 psalmi
3018 5078 3180 5148 hujus
3197 5092 3323 5131 sen-

146 5177 319 5248 ὀλόγος
346 5185 603 5256 περιέχει.
654 5182 837 5237 Ταῦτα
877 5183 987 5254 γάρ
1020 5198 1130 5253 μοι.
1182 5181 1364 5251 φησὶν,
1413 5178 1631 5248 ὑπῆρξαν

1835 5194 1885 5229 m
1919 5176 2231 5231 universum
2265 5190 2531 5245 exponam
2557 5214 2571 5238 .
2629 5173 2869 5227 continet
2921 5172 2968 5226 is
3021 5169 3320 5241 gratiarum

150 5266 229 5325 ὅσα
250 5276 555 5350 προείρηκα,
592 5275 778 5347 ἐπειδὴ
796 5277 860 5329 σὺ
877 5273 1061 5339 αὐτὸς,
1093 5274 1122 5325 ὁ
1154 5271 1307 5338 Θεὸς,
1326 5270 1535 5341 ὲπῆράς
1567 5285 1632 5339 με

1839 5269 2055 5324 tionem.
2075 5267 2181 5324 Ista
2208 5269 2353 5325 enim
2384 5268 2590 5334 omnia,
2613 5266 2807 5338 inquit,
2839 5281 2958 5337 quae
2985 5262 3324 5334 enumeravi,

200 5404 238 5436 ⁸³
270 5408 434 5467 Eccle.
465 5428 516 5478 ν,
551 5413 601 5466 1.
678 5410 725 5442 ³³
752 5408 775 5464 l
804 5409 931 5467 Cor.
963 5425 1019 5473 χ,
1046 5409 1097 5462 4.

205 5545 302 5618 ts'.)
326 5552 453 5607 vide
480 5552 606 5608 ibid.
1420 5528 1427 5534 ’

1420 5528 1427 5534 ³
1769 5550 2021 5618 νετξιιῐηε.
2046 5608 2058 5618 .
2131 5606 2143 5618 .
2166 5607 2179 5618 .
2408 5602 2420 5614 .

206 5607 302 5693 (δέ)
335 5622 463 5693 Ϊίάθ
498 5607 659 5693 supra
692 5622 755 5677 ad
784 5619 1160 5693 liunc_locum.
1241 5688 1273 5693 η
1446 5684 1460 5693 _
1514 5684 1527 5693 _
1837 5609 1947 5681 (80‘)
1986 5608 2061 5665 lbi
2092 5607 2215 5665 vide
2244 5607 2517 5676 superius.

209 5686 302 5759 (⁸⁵)
336 5691 455 5751 Ηαςο
500 5684 767 5754 habentur
816 5693 873 5748 in
917 5688 1349 5761 Ea'positionibus
1397 5684 1463 5744 ad
1514 5684 1655 5739 hunc
