3760 6270
393 322 499 379 57f-

1233 317 1290 371 S.
1334 315 1701 373 ATHANASII
1734 317 1886 375 OPP.
1927 317 2107 373 PARS
2134 317 2225 374 Ill.
2252 347 2323 359 -—
2362 315 2771 373 EXEGETICA.

3503 311 3628 372 573

386 438 705 496 acciderunt
739 437 880 490 mihi
896 436 1151 507 quoniam
1187 448 1267 502 tu,
1299 454 1332 492 ο
1360 437 1523 503 Deus,
1552 439 1801 495 exaltasti
1841 456 1871 494 ι]

2144 480 2146 491 ν
2174 439 2393 509 ὕψωσας
2425 442 2482 494 ὲν
2512 442 2576 511 τῇ
2604 437 2754 510 παρά
2788 441 2878 491 σοι
2898 418 3090 507 πέτρᾳ,
3114 435 3234 504 ἥτις
3265 435 3410 487 ἐστὶν
3455 434 3484 486 ό
3524 434 3629 499 σὸς

351 544 355 548 ‘
382 540 440 588 et
457 529 699 585 extulisti
730 544 817 583 me
858 530 912 583 in
936 538 1110 599 petra,
1151 546 1272 600 quae
1305 531 1445 600 apud
1483 540 1537 587 te
1562 541 1666 599 est,
1697 533 1752 587 in
1787 533 1950 587 verbo

385 622 596 681 scilicet
622 631 715 676 tuo
744 639 759 675 :
786 621 1038 678 Christus
1066 624 1211 677 enim
1244 632 1361 678 erat
1385 634 1535 694 petra
1561 625 1672 680 illa.
1698 624 1832 692 Quia
1856 625 1953 695 igi-

381 722 475 771 tur
497 714 665 768 verbo
697 722 792 767 tuo
823 728 909 767 me
934 713 1210 775 exaltasti.
1244 725 1404 784 atque
1432 714 1507 770 ita
1526 716 1808 770 sublimem
1828 715 1952 770 feci-

385 810 479 874 sti,
517 815 578 861 ut
602 823 707 861 non
742 806 976 875 amplius
1004 807 1058 860 in
1088 806 1266 861 medio
1287 817 1466 874 terrae,
1495 807 1587 862 sed
1612 809 1664 861 in
1695 808 1952 862 extremis

385 901 506 972 ejus
530 900 767 955 habitem
806 918 818 953 :
858 900 1079 969 insuper
1110 901 1274 954 etiam
1299 903 1427 970 quia
1464 901 1732 955 deduxisti
1760 915 1865 963 me,
1896 909 1955 953 ut

379 993 497 1063 jam
548 993 883 1063 propinquus
908 991 1005 1046 tibi
1044 991 1220 1046 factus
1259 993 1384 1055 sim,
1419 1002 1485 1048 et~
1505 993 1629 1062 quia
1660 1008 1786 1061 spes
1816 1008 1955 1061 quo-

384 1100 492 1156 que
521 1099 638 1138 mea
672 1081 846 1137 factus
874 1098 933 1137 es
958 1124 974 1147 ,
1011 1099 1116 1152 qua
1166 1084 1445 1139 conlidens
1488 1098 1596 1138 non
1633 1083 1955 1149 confundar,

2053 535 2211 603 λόγος
2233 552 2247 565 ο
2283 537 2318 607 ἡ
2353 537 2527 607 πέτρα
2554 535 2661 609 γὰρ
2689 533 2755 608 ἦν
2786 537 2814 588 ὁ
2841 534 3086 607 Χριστός.
3135 532 3284 584 Ἐπεὶ
3320 530 3496 584 τοίνυν
3538 530 3631 602 τῷ

2054 625 2196 697 λόγῳ
2229 643 2321 679 σου
2361 626 2580 697 ὖψωσάς
2625 644 2713 697 με,
2764 627 2857 680 καὶ
2910 624 3178 696 μετέωρον
3219 622 3510 691 ἐποίησας,
3541 622 3635 685 ὡς

2059 717 2255 789 μηκέτι
2287 721 2558 770 κατοικεῖν
2584 717 2651 771 τὰ
2689 716 2827 787 μέσα
2857 715 2958 784 τῆς
3008 714 3132 783 γῆς,
3180 711 3292 765 ἀλλ’
3327 713 3383 764 ἐν
3427 713 3633 782 ἄκροις

2059 811 2227 882 αὐτῆς
2252 809 2501 880 γενέσθαι
2529 825 2542 839 ·
2591 811 2690 881 ἤδη
2729 810 2784 862 δέ
2842 809 2936 861 καὶ
2989 805 3275 877 ὠδήγησὰς
3323 822 3427 875 με,
3475 803 3634 857 ὥστε

2060 903 2285 973 πλησίον
2333 919 2424 955 σου
2458 902 2677 971 φθάσαι.
2708 899 2936 967 γέγονάς
2978 915 3035 951 τε
3085 897 3239 961 ἐλπίς
3285 914 3408 967 μου,
3452 896 3501 949 δι
3554 898 3634 967 ἦν

2059 994 2245 1048 ἐλπίδα
2266 993 2327 1045 οὐ
2358 990 2893 1061 καταισχυνθήσομαι
2914 1006 2928 1020 ο
2956 986 3091 1041 ἀλλά
3126 988 3218 1039 καλ⁵
3248 986 3455 1039 πολλῶν
3501 988 3636 1038 ἐπι-

2060 1086 2327 1157 κειμένων
2357 1084 2559 1153 νοητῶν
2585 1081 2810 1154 ἐχθρῶν,
2840 1081 2951 1134 τῶν
2986 1080 3288 1150 ζητούντων
3316 1080 3414 1149 τὴν
3438 1079 3635 1149 ψυχὴν

386 1174 514 1245 quia
564 1173 799 1241 denique
836 1187 960 1225 cum
999 1172 1181 1230 hostes
1234 1174 1386 1229 mulli
1416 1188 1501 1231 me
1549 1174 1864 1245 impeterent

2149 1195 2187 1241 ι,
2219 1177 2339 1233 ἀντὶ
2368 1175 2579 1228 πάντων
2607 1174 2843 1245 ἧρκεσας
2874 1173 2936 1226 σὺ
2979 1172 3157 1243 μόνος,
3191 1170 3397 1243 πύργος
3436 1171 3634 1242 ἰσχύος

386 1278 693 1344 qumrerent
724 1264 966 1321 animam
1017 1281 1228 1329 meam,
1271 1274 1325 1318 tu
1367 1265 1517 1319 solus
1542 1276 1729 1319 contra
1770 1281 1871 1319 om:

2150 1270 2462 1338 ιγενόμενος
2482 1285 2497 1298 ο
2525 1267 2748 1329 εἰκότως
2781 1264 2982 1318 τούτων
3008 1264 3259 1318 ἁπάντων
3302 1263 3498 1334 τυχὼν,
3555 1264 3635 1319 σὺ

390 1362 718 1425 suiliciebas,
749 1358 924 1413 factus
942 1356 1073 1411 mihi
1104 1357 1273 1411 turris
1293 1355 1663 1423 fortitudinis;
1698 1358 1831 1419 haec,
1867 1358 1875 1409 i

2155 1370 2230 1414 rte
2263 1361 2377 1425 σοὶ)
2406 1360 2529 1422 τοὺς
2560 1357 2760 1427 ὕμνους
2788 1355 3114 1427 ἀναπέμπω,
3142 1354 3219 1422 ὡς
3240 1356 3639 1428 ἁπάντωνμοι

374 1471 574 1528 quam,
613 1452 795 1508 omnia
825 1465 946 1503 cum
985 1464 1017 1505 a
1047 1457 1097 1502 te
1121 1449 1599 1512 consecutussim,
1629 1449 1821 1528 merito
1855 1462 1859 1497 ι

1629 1449 1821 1528 merito
1855 1449 1950 1504 tibi
2052 1452 2159 1511 τῶν
2188 1451 2406 1527 ἀγαθῶν
2424 1450 2700 1521 γενομένῳ
2732 1449 2925 1521 αιτίῳ..
3097 1439 3106 1449 ’

387 1548 620 1619 hymnos
639 1542 826 1609 on‘ero,
848 1551 909 1598 ut
932 1537 1185 1612 quimihi
1210 1540 1461 1597 omnium.
1477 1540 1741 1596 honorum
1765 1549 1955 1596 auator

388 1638 577 1696 fueris.

1229 1727 1301 1785 Et
1332 1731 1382 1783 in
1406 1743 1606 1785 versum
1639 1735 1926 1799 sequentem
1947 1738 1979 1777 :-
2001 1745 2019 1775 ι
2057 1722 2461 1791 Deduxistime,
2492 1743 2525 1775 ι.
2551 1732 2674 1791 elc.,
2702 1724 2834 1782 ωε.

471 1897 754 1952 Athanasii
771 1905 823 1950 et
845 1892 1054 1964 Cyril'ti.
1095 1891 1231 1959 Quia
1262 1907 1390 1947 vero
1438 1890 1538 1945 vite
1589 1889 1788 1943 ducum
1835 1903 1956 1958 pro-

2184 1889 2243 1949 .7)
2286 1890 2631 1944 Ἀθανασίου
2677 1890 2774 1944 καὶ
2825 1890 3144 1959 Κυρίλλου.
3214 1888 3367 1945 Ἐπεὶ
3414 1891 3472 1944 δὲ
3516 1892 3669 1946 τῶνε-

389 1990 566 2061 priusn
594 1995 678 2042 est
702 1987 1094 2049 demonstrare,
1130 1998 1377 2053 quamam
1406 1983 1506 2036 via:
1541 1990 1657 2037 tuta
1705 1981 1796 2043 sit,
1834 1996 1874 2048 qi

2151 1980 2387 2048 γούντων
2437 1981 2566 2033 ἴδιον
2599 1981 2661 2034 τὸ
2706 1980 2990 2046 δεικνύειν,
3047 1981 3178 2036 ποία
3237 1982 3334 2053 μὲν
3379 1983 3636 2053 ἀσφαλὴς

391 2095 519 2135 vero
551 2078 852 2150 periculosa
883 2086 942 2132 et
979 2076 1280 2146 perniciosa
1309 2092 1321 2127 :
1359 2074 1522 2128 etiam
1557 2074 1659 2127 hoc
1700 2071 1876 2127 Chrisl

2153 2090 2190 2136 ;,
2215 2070 2340 2124 ποῖα
2366 2072 2425 2125 δὲ
2454 2072 2695 2144 σφαλερά
2722 2074 2815 2126 καὶ
2841 2073 3075 2145 βλαϐερὰ
3108 2073 3511 2146 μαρτύρεσθαι.
3533 2077 3638 2128 καὶ

392 2170 587 2225 fecisse
617 2167 970 2237 comperitnr,
1021 2164 1147 2219 dum
1191 2164 1303 2217 ait:
1341 2163 1452 2231 Ego
1478 2178 1595 2215 sum
1640 2161 1724 2216 via
1772 2171 1822 2215 et
1863 2179 1877 2214 ι

2150 2179 2208 2215 το
2238 2163 2472 2234 Χριστὸς
2504 2162 2816 2232 πεποιηκὼς
2840 2163 3151 2235 εὑρίσκεται
3179 2203 3193 2227 ,
3219 2166 3278 2216 ὲν
3305 2164 3383 2235 τῷ
3406 2164 3592 2232 λέγειν
3613 2179 3635 2199 δ

391 2262 523 2315 tium
566 2259 632 2313 “.
672 2258 807 2313 Illud
833 2272 984 2321 vero,
1012 2256 1179 2311 turris
1214 2254 1563 2318 fortitudinis,
1596 2253 1733 2306 idem
1777 2260 1861 2307 est
1891 2268 1954 2307 ac

390 2352 435 2405 si
464 2351 731 2406 dixisset:
773 2347 961 2402 Murus
1010 2363 1074 2402 ac
1118 2355 1367 2402 tutamen
1387 2346 1521 2399 mihi
1554 2345 1730 2399 lactus
1780 2360 1861 2407 es,
1894 2352 1953 2398 ut

387 2442 522 2497 nihil
559 2442 691 2495 mihi
729 2440 940 2495 accidat
967 2439 1116 2504 mali,
1152 2454 1275 2494 cum
1312 2438 1364 2491 hi
1399 2437 1698 2491 molestiam
1734 2436 1952 2505 pariunt

390 2533 612 2587 inimici.
642 2530 891 2587 Christus
920 2546 1154 2602 namque
1184 2531 1367 2599 turris
1400 2537 1483 2585 est
1532 2528 1743 2584 stabilis
1789 2538 1970 2599 atque-

2067 2254 2214 2323 Ἐγώ
2232 2258 2350 2324 ειμι
2376 2257 2414 2322 ἡ
2439 2253 2577 2320 ὁδὸς
2604 2255 2702 2308 καὶ
2728 2254 2766 2321 ἡ
2795 2256 2961 2324 θύρα.
2992 2256 3064 2308 Τὸ
3084 2256 3160 2319 δὲ,
3191 2256 3399 2328 πύργος
3422 2256 3637 2328 ἰσχύος,

2055 2348 2238 2418 ὅμοιον
2272 2347 2402 2399 ὡσεὶ
2424 2345 2602 2414 λέγοι·
2635 2346 2825 2417 Τοῖχος
2857 2346 2947 2400 καὶ
2976 2347 3243 2415 ἀσφάλεια
3272 2347 3521 2416 γέγονας,
3547 2351 3659 2413 εις,

2055 2438 2116 2490 τὸ
2153 2436 2315 2508 μηδὲν
2342 2436 2532 2490 παθεῖν
2565 2436 2979 2513 ἐπηρεαζόντων
3000 2436 3107 2490 τῶν
3148 2437 3375 2509 ἐχθρῶν.
3407 2437 3667 2513 Πύργος,

2055 2530 2164 2601 γὰρ
2195 2530 2426 2602 ἑδραῖος,
2460 2528 2850 2591 ἀκατάσειστος
2874 2530 2910 2581 ό
2939 2529 3216 2601 Χριστὸςμ

390 2626 737 2687 inconcussa.

1075 2735 1145 2791 Et
1175 2736 1229 2790 in
1261 2735 1586 2807 sequentia:
1622 2752 1649 2788 ι
1683 2733 1952 2791 Habitabo
1982 2732 2408 2791 in-tabernaculo
2435 2742 2548 2800 tuo,
2589 2742 2764 2801 seta,
2794 2734 2955 2791 13-5..

461 2901 808 2967 Athanasius,
837 2903 1101 2975 Cyrinus.
1129 2901 1209 2957 Ad
1242 2916 1461 2958 sensum
1490 2918 1622 2959 vero
1651 2901 1766 2958 :Ex
1795 2903 1946 2960 bonis

2155 2901 2241 2973 88)
2287 2898 2649 2965 Ἄθανάσιος,
2673 2897 3161 2970 Κύριλλος.,Πρδς
3178 2897 3235 2952 δὲ
3259 2898 3402 2964 νοῦν,
3436 2898 3531 2967 ἀφ’
3550 2890 3640 2955 ὧν

391 3008 512 3063 qua:
534 2994 645 3064 jam
670 3011 702 3049 a
726 2996 835 3051 Deo
859 3003 1173 3064 acceperat,
1204 3011 1351 3065 spem
1387 2996 1489 3051 sibi
1524 2995 1654 3051 facit
1695 2994 1855 3049 etiam

2151 3013 2160 3063 ι
2191 2993 2408 3065 εἴληφεν
2429 2991 2668 3061 ἀγαθῶν,
2691 2991 2785 3043 καὶ
2817 2991 2944 3063 περὶ
2989 2990 3095 3044 τῶν
3142 2990 3439 3061 μελλόντων
3472 2989 3636 3045 ἐλπι-

390 3085 613 3152 futuris,
650 3088 795 3157 quod
831 3088 1088 3142 nimirum
1135 3097 1381 3156 receptus
1412 3088 1465 3140 in
1497 3103 1731 3157 superna
1772 3089 1875 3142 tabi

2155 3125 2165 3149 ,
2198 3086 2277 3137 ὅτι
2312 3084 2397 3156 δὴ,
2456 3086 2533 3146 εἰς
2580 3080 2677 3143 τὰς
2704 3082 2815 3136 ἀνω
2849 3083 3052 3151 σκηνὰς
3083 3082 3338 3150 γεγονὼς,
3373 3081 3477 3135 ὑπὸ
3524 3082 3640 3155 τὴν

390 3178 610 3241 uacula,
644 3194 858 3247 semper
893 3179 994 3232 sub
1022 3178 1112 3235 Dei
1153 3178 1255 3232 erit
1290 3178 1642 3247 protectione.
1686 3177 1875 3245 Quem:

2152 3173 2223 3228 ;οὖ
2252 3174 2339 3228 διὰ
2371 3173 2570 3236 παντὸς
2609 3173 2896 3242 γενήσεται
2933 3170 3161 3241 σκέπην.
3199 3171 3409 3242 Ὠσπερ
3439 3171 3552 3242 γὰρ
3582 3174 3637 3225 οε

393 3266 613 3318 modum
670 3267 813 3320 enim
867 3268 959 3336 qui
1011 3266 1206 3321 festum
1252 3266 1470 3335 aliquod
1502 3268 1675 3322 acturi
1711 3276 1857 3331 sunt,

2151 3266 2341 3329 ,λοντες
2366 3264 2632 3320 ἐπιτελεῖν
2666 3265 2876 3337 ἑορτὴν,
2911 3265 3074 3333 ἐγγύς
3104 3281 3162 3317 τε
3185 3264 3278 3317 καὶ
3309 3265 3400 3316 ἐπὶ
3432 3263 3636 3334 θύραις

386 3357 497 3432 jam
532 3357 877 3427 praetoribus
926 3360 1239 3423 exsistente,
1290 3359 1630 3428 jucunditate
1676 3377 1739 3417 ac
1772 3361 1871 3415 laeti

2152 3375 2265 3422 ντες
2284 3358 2475 3429 αὐτὴν,
2506 3354 3057 3428 προαναπίμπλανται
3083 3354 3370 3426 θυμηδίας,
3411 3356 3507 3408 καὶ
3525 3355 3637 3427 τὴν

393 3449 625 3518 quadam
664 3449 1083 3519 perfunduntur,
1133 3460 1188 3506 et
1239 3453 1386 3522 quod
1422 3452 1661 3507 nondum
1719 3468 1878 3521 praese

2153 3471 2205 3509 ιω
2239 3450 2518 3523 παροῦσαν
2547 3450 2621 3512 ὡς
2652 3448 3061 3521 ἦδηγπαροῦσαν
3090 3448 3288 3518 ὁρῶσιν
3310 3464 3323 3478 ο
3354 3447 3499 3501 οὕτω
3529 3450 3638 3503 καὶ

393 3541 548 3610 quasi
579 3556 817 3610 praesens
870 3542 1194 3598 intuentur:
1244 3545 1324 3598 sic
1370 3544 1777 3609 etiam-sancti,
1830 3559 1878 3599 Cl

2152 3544 2296 3611 ιγιοι,
2325 3540 2564 3614 χρηστὰς
2602 3540 2818 3611 ἔχοντες
2863 3540 3083 3604 ἐλπίδας
3110 3541 3202 3594 ἐπὶ
3246 3544 3311 3612 τῇ
3351 3540 3637 3616 μελλούσῃ

392 3633 565 3695 bonas
613 3649 737 3704 spes
779 3634 1011 3689 habeant
1059 3635 1125 3689 de
1165 3634 1348 3690 futura
1393 3635 1499 3690 vita
1528 3675 1550 3701 ,
1596 3636 1842 3690 laetantur

2149 3638 2190 3707 ᾖ,
2221 3634 2498 3706 χαίρουσιν
2526 3633 2612 3685 ἐπ’
2638 3633 2797 3704 αὐτῇ.
2830 3631 3110 3704 Πτέρυγας
3135 3632 3192 3687 δὲ
3218 3632 3375 3686 καλεί
3401 3632 3505 3697 τὰς
3528 3634 3634 3687 τοῦ

391 3727 527 3795 ipsa.
562 3727 689 3781 Alas
711 3742 839 3781 vero
863 3727 1098 3798 appellat
1119 3726 1473 3784 Providentia:
1494 3728 1690 3784 divina:
1718 3741 1876 3798 potest

2151 3726 2186 3779 ὦ
2221 3724 2578 3798 προνοητικὰς
2603 3724 2861 3796 δυνάμεις
2886 3742 2897 3755 ο
2933 3725 3023 3794 ὑφ’
3051 3724 3119 3788 ἀς
3154 3724 3413 3778 σκέπεται
3439 3727 3468 3779 ό
3502 3725 3636 3779 θεο-

394 3823 498 3868 tem
526 3832 540 3868 :
575 3830 606 3869 a
640 3832 751 3885 qua
789 3825 962 3873 tectus
994 3818 1171 3872 omnis
1220 3816 1313 3872 Dei
1350 3835 1539 3889 amans
1572 3835 1849 3890 nunquam

2153 3813 2244 3889 ἧς,
2278 3817 2543 3889 μηδέποτε
2587 3816 2685 3888 τῆς
2738 3816 2941 3887 σκηνῆς
2991 3814 3288 3888 ἀναχωρῶν
3320 3815 3413 3872 τοῦ
3440 3814 3638 3889 βεοῦ,

392 3904 743 3961 tabernaculo
788 3904 884 3961 Dei
929 3908 1160 3972 excedit,
1204 3908 1296 3964 sed
1345 3909 1399 3963 in
1434 3918 1695 3964 aeternum
1748 3908 1804 3963 in
1835 3908 1877 3978 i;

1593 3924 1695 3964 ium
1748 3908 1804 3963 in
1835 3908 1953 3978 ipsa
2057 3908 2191 3965 ἀλλά
2226 3909 2291 3963 δι’
2325 3907 2519 3972 αἰῶνος
2542 3907 2604 3961 ἐν.
2625 3906 2763 3979 αὐτῇ
2791 3906 3078 3963 κατοικῶν.

392 4004 694 4065 permanet.

919 4112 989 4167 Et
1015 4115 1185 4169 adhuc
1218 4116 1270 4168 in
1303 4116 1493 4170 verba:
1538 4134 1557 4168 ι
1592 4115 1798 4170 Dedisti
1832 4116 2185 4171 hwreditatem
2218 4117 2521 4173 timentibus
2546 4133 2732 4173 nomen
2760 4125 2928 4185 tuum,
2960 4126 3097 4173 sete.

463 4264 680 4323 Eusebii
714 4276 763 4322 et
817 4267 1114 4323 Athanasii.
1170 4268 1460 4324 Sciendum
1495 4285 1681 4340 porro,
1733 4285 1854 4326 esse
1898 4271 1948 4325 iu

2149 4272 2422 4326 ἳὺσεϐίου
2471 4272 2570 4325 καὶ
2622 4273 2988 4329 Ἀθανασίου.
3052 4276 3243 4330 Ἰστέον
3278 4277 3482 4348 μέντοι,
3544 4297 3634 4337 o.-_.

392 4357 482 4415 his
525 4359 705 4419 verbis
757 4361 1045 4416 obscuram
1107 4360 1556 4430 signiﬁcationem
1607 4377 1751 4417 veras
1809 4362 1877 4415 illi

2143 4358 2231 4412 Ξτα
2257 4359 2482 4431 αἴνιγμα
2529 4360 2641 4431 ἔχει
2687 4361 2781 4415 καὶ
2830 4362 2929 4433 τῆς
2961 4364 3191 4434 ἀληθοῦς
3242 4365 3628 4441 κληρονομίας,

396 4450 741 4507 haereditatis.
776 4451 848 4507 Ea
882 4468 1010 4506 vero
1047 4461 1131 4506 est
1158 4451 1267 4505 vita
1307 4463 1528 4506 interna.
1567 4451 1672 4507 Sed
1703 4468 1827 4508 cum
1849 4453 1881 4507 is

2147 4468 2206 4522 τη
2234 4451 2292 4505 δέ
2326 4454 2472 4507 ἐστιν
2510 4454 2544 4524 ἡ
2597 4453 2811 4518 αἰώνιος
2857 4454 2992 4527 ζωή.
3059 4457 3217 4512 Ἀλλά
3257 4463 3361 4531 μὴν
3392 4460 3536 4534 αὕτη
3572 4466 3632 4518 έν

394 4542 610 4596 demum
642 4544 694 4597 in
726 4543 911 4598 futuro
938 4543 1137 4599 saeculo
1160 4542 1336 4598 danda
1380 4543 1472 4608 sit,
1522 4544 1794 4615 quomodo
1825 4560 1879 4599 er

2161 4545 2402 4615 μέλλοντι
2433 4545 2588 4600 αἰῶνι
2614 4546 2898 4617 δοθήσεται
2917 4563 2931 4579 ο
2968 4546 3084 4611 πῶς
3121 4545 3213 4603 οὖν
3245 4545 3365 4603 εἷπε
3384 4591 3398 4617 ,
3435 4552 3630 4609 Δέδω-

394 4633 471 4687 ait
502 4632 689 4701 David,
728 4634 924 4689 Dedisti
948 4637 971 4690 ?
1000 4635 1120 4690 Ideo
1151 4637 1432 4703 nimirum,
1455 4638 1581 4707 quia
1610 4639 1733 4693 licet
1763 4652 1826 4695 ea
1856 4653 1879 4691 ε

2142 4652 2210 4702 c;
2241 4638 2385 4700 Ὅτι,
2419 4639 2468 4690 εἰ
2493 4637 2588 4693 καὶ
2620 4638 2984 4707 προσδοκᾶται
3020 4639 3162 4709 μετά
3186 4640 3285 4712 τὴν
3303 4642 3627 4712 ἀνάστασιν,

393 4733 667 4793 spectetur
715 4734 839 4794 post
890 4728 1341 4782 resurrectionem
1371 4769 1387 4793 ,
1438 4726 1564 4783 data
1617 4737 1801 4783 tamen
1847 4743 1877 4782 e

2144 4725 2194 4779 ιά
2218 4743 2280 4795 γε
2296 4726 2371 4797 τῷ
2392 4726 2490 4797 ἤδη
2511 4727 2898 4797 εὐπρέπεσθαι,
2928 4727 3132 4783 δέδοται
3150 4733 3261 4796 τοῖς
3287 4732 3458 4805 αὐτὴν
3482 4735 3629 4790 κατά

395 4814 521 4885 quia
548 4814 660 4884 jam
693 4816 821 4869 olim
856 4827 1044 4886 parata
1075 4828 1153 4873 est
1183 4819 1252 4873 iis
1276 4820 1371 4889 qui
1411 4835 1514 4875 suo
1550 4829 1789 4889 tempore
1831 4833 1880 4874 οε

2143 4818 2247 4888 ιρὸν
2278 4817 2366 4871 τὸν
2385 4817 2572 4871 δέοντα
2602 4817 2943 4889 ληψομένοις.
2972 4821 3112 4892 Ὅρα
3160 4822 3243 4889 δὲ,
3272 4824 3353 4877 ὅτι
3385 4825 3486 4877 καὶ
3510 4829 3628 4890 τοῖς

393 4915 522 4961 sunt
565 4906 830 4977 adepturi.
883 4904 1122 4963 Observa
1179 4919 1383 4977 autem,
1431 4910 1594 4964 etiam
1639 4908 1954 4964 timentibus

394 4994 564 5054 Deum
590 4997 772 5052 datam
812 5013 936 5054 esse
985 4999 1372 5054 haereditatem.
1411 4998 1468 5053 Si
1496 4998 1680 5067 itaque
1728 4996 1813 5051 his
1861 4995 1953 5066 qui

393 5089 554 5160 longe
593 5090 878 5147 inferiores
909 5102 1036 5147 sunt
1058 5108 1121 5146 ca
1151 5092 1273 5147 data
1307 5099 1424 5147 est:
1462 5089 1632 5162 multo
1664 5104 1794 5160 ergo
1836 5104 1954 5143 ma-

394 5180 477 5251 gis
504 5183 571 5239 iis
600 5183 693 5253 qui
728 5184 887 5255 longe
940 5184 1101 5239 altius
1140 5183 1595 5248 conscenderunt,
1627 5182 1730 5235 hoc
1755 5189 1838 5235 est
1867 5180 1949 5234 di-

391 5270 684 5341 ligentibus
716 5272 906 5329 Deum.
937 5274 1094 5340 Quod
1124 5288 1251 5329 vero
1274 5272 1547 5327 indeﬁnite
1575 5271 1729 5335 dixit,
1763 5273 1951 5327 timen-

395 5361 558 5426 tibus,
605 5378 707 5419 nec
749 5363 956 5419 addidit
1000 5364 1202 5420 Judmis
1236 5373 1330 5419 aut
1375 5363 1622 5435 gentibus
1650 5402 1664 5427 ,
1712 5378 1779 5418 eo
1831 5364 1947 5432 ipso

393 5452 650 5522 expandit
706 5457 934 5525 gratiam
968 5471 1123 5513 suam
1158 5472 1324 5528 super
1365 5455 1647 5513 universos
1678 5453 1945 5511 homines.

462 5585 682 5645 “Joan.
712 5604 819 5657 xiv,
843 5588 907 5658 6;
936 5606 993 5659 ι,
1017 5592 1071 5646 9.

464 5709 573 5782 (3:7)
609 5708 741 5767 Vide
767 5711 1017 5781 superius
1046 5712 1098 5767 in
1131 5710 1579 5782 Expositionibus.

2059 4908 2409 4979 φοϐουμένοις
2431 4909 2523 4963 τὸν
2542 4908 2672 4963 Θεὸν
2697 4910 2905 4965 δέδοται
2934 4915 2967 4983 ἡ
3020 4913 3370 4986 κληρονομία.
3419 4916 3486 4971 Ei
3530 4914 3629 4972 οὖν

2056 5002 2239 5065 αὐτοῖς
2279 5001 2682 5073 ὑποδεεστέροις
2712 4999 2829 5057 οὖσι
2848 5045 2863 5067 ,
2898 5004 3075 5076 πολλῷ
3107 5006 3268 5061 πλέον
3310 5011 3423 5072 τοῖς
3454 5009 3628 5083 ὑπερ-

2054 5090 2460 5161 αναϐεδηκόσιν,
2482 5091 2658 5146 εἵτουν
2689 5091 2943 5161 ἀγαπῶσι
2960 5092 3049 5146 τὸν
3071 5092 3221 5149 Θεόν.
3241 5094 3544 5166 Ἀορῐστως
3566 5097 3627 5150 δὲ

2054 5182 2244 5246 εἰπὼν,
2269 5186 2381 5246 τοῖς
2403 5184 2772 5255 φοϐουμένοις,
2796 5186 2887 5238 καὶ
2914 5186 2973 5238 οὐ
3005 5184 3277 5257 προσθεὶς,
3318 5187 3620 5251 Ἰουδαίοις,

2053 5274 2399 5353 ἦξἜλλησιν,
2434 5276 2654 5345 ἦπλωσε
2688 5277 2786 5349 τὴν
2822 5277 2978 5347 χάριν
3012 5277 3104 5330 ἐπὶ
3154 5277 3360 5341 πάντας
3400 5278 3622 5350 ἀνθρώ.

2054 5380 2186 5427 mu;
2204 5380 2219 5395 ο
2246 5366 2477 5434 μάλιστα
2515 5366 2573 5419 δὲ
2611 5366 2736 5429 τοὺς
2759 5364 2816 5432 ἐξ
2844 5364 3009 5419 ἐθνῶν
3037 5368 3374 5438 προσιόντας,
3420 5368 3619 5438 φοϐον·

2056 5455 2252 5523 μένους
2278 5457 2369 5512 τὸν
2402 5457 2626 5529 Κύριον,
2658 5456 2847 5510 εἴωθεν
2869 5458 3161 5512 ἀποκαλεῖν
3196 5460 3224 5511 ό
3249 5457 3424 5529 λόγος.
3478 5458 3622 5516 Ποία

2117 5708 2227 5781 (88)
2271 5688 2350 5767 ita
2380 5708 2491 5803 fere
2514 5709 2570 5768 iu
2598 5710 3027 5780 b’xpositionibus
3057 5726 3236 5784 supra.
