3760 6270
150 251 231 306 $75
1067 252 1496 309 FRAGMENTA
1534 255 1892 313 COMMENT.
1928 258 1995 314 ΙΝ
2035 257 2371 314 PSALMOS.

3243 264 3350 320 574

145 360 229 430 ai:
260 360 591 431 κληρονομία
623 363 736 416 ἀλλ’
769 365 802 434 ἢ
828 365 860 435 ἡ
893 364 1134 435 βασιλεία
1175 367 1282 421 τῶν
1317 369 1593 441 οὑρανῶν;
1621 371 1673 440 ἡκ

1795 374 1925 427 Cum
1958 375 2147 443 primis
2179 386 2382 436 autem,
2418 372 2672 430 timentes
2703 374 2870 429 Deum
2905 376 3042 431 solet
3084 378 3352 446 appellare

145 456 190 514 ἐν
211 458 311 518 τοῖς
335 458 706 527 μακαρισμοῖς
733 457 1004 533 εἴρηκενό
1029 459 1239 538 Σωτήρ.

1793 465 2095 534 Scriptura,
2139 467 2231 536 qui
2259 482 2322 520 ex
2353 466 2601 536 gentibus
2627 468 2909 521 accedunt.
2935 467 3067 532 Qua:
3098 485 3225 522 vero
3249 470 3353 524 alia

1789 560 2074 614 haereditas
2097 568 2199 622 est,
2223 575 2384 629 quam
2411 575 2634 630 regnum
2664 561 2924 614 caelorum
2947 561 2970 615 ?
2998 577 3162 632 quam
3185 562 3350 618 etiam

1788 654 1841 709 in
1876 653 2296 710 beatitudinibus
2325 653 2615 709 celebravit
2645 653 2915 710 Salvator.

791 817 856 870 Et
882 819 1264 888 insequentia:
1294 837 1312 869 ‹
1341 818 1489 872 Diem
1517 815 1841 886 supra-diem
1873 814 2284 887 regisappones,
2320 835 2339 868 ι
2369 826 2490 880 etc.,
2522 831 2570 870 υ.
2607 813 2658 868 7.

197 975 287 1043 (89)
319 974 641 1033 Εὑσεόιόυ,
680 975 1046 1039 Ἀθανασίου,
1082 977 1404 1044 Κυρίλλου.
1451 977 1592 1047 Πρὸς
1625 976 1680 1029 δὲ

147 1065 240 1117 νοῦν
262 1067 515 1134 σημαίνει
551 1067 578 1117 ό
605 1065 782 1133 λόγος,
814 1066 887 1129 ὼς
914 1068 1008 1119 καὶ
1042 1067 1200 1120 τοῦτο
1226 1068 1392 1139 μέρος
1418 1068 1676 1138 κληρονο-

148 1155 244 1222 μίας
276 1156 421 1206 ἐστὶν
457 1157 488 1223 ἡ
519 1154 734 1218 αἰώνιος
756 1156 889 1227 ζωή.
926 1157 1094 1210 Τοῦτο
1112 1158 1219 1229 γάρ
1237 1161 1350 1211 ἐστι
1382 1158 1441 1211 τὸ
1469 1159 1682 1229 ἡμέρας

148 1245 323 1315 ἡμερῶν
343 1247 460 1307 τοῖς
487 1245 633 1298 ἔτεσι
659 1245 750 1298 τοῦ
779 1247 1039 1316 βασιλέως
1069 1249 1393 1318 προσϐῆναι.
1419 1250 1678 1319 Σημαίνει

146 1338 222 1405 γὰρ
247 1336 328 1388 διὰ
355 1338 468 1389 τῶν
499 1337 720 1408 ἡμερῶν
751 1339 972 1408 χρόνους
1001 1341 1150 1404 τινάς
1189 1342 1282 1394 καὶ
1322 1342 1542 1404 αἰῶνας.
1593 1341 1677 1413 Μὴ

147 1427 380 1499 ὑπολάϐῃς
409 1428 490 1489 δὲ,
523 1430 605 1480 ὅτι
630 1430 756 1498 περὶ
786 1430 902 1492 ἑνός
932 1448 1073 1494 τινος
1111 1432 1372 1502 βασιλέως
1417 1433 1484 1486 τὰ
1505 1433 1679 1487 τοιάδε

146 1521 295 1587 φησίνο
321 1520 431 1573 ἴσθι
461 1521 521 1573 δὲ
555 1520 774 1590 μᾶλλον,
797 1521 877 1574 ὅτι
900 1524 1031 1594 περὶ·
1054 1524 1254 1586 παντὸς
1285 1523 1378 1577 τοῦ
1408 1524 1680 1594 κεκλημέ-

145 1627 211 1663 νου
230 1615 298 1674 εἰς
324 1611 607 1681 βασιλείαν
640 1613 922 1684 οὺρανῶνι·
951 1615 1011 1667 δν
1052 1616 1146 1675 καὶ
1199 1615 1467 1685 διαμένειν
1517 1618 1680 1686 φησὶν

142 1704 199 1763 εἰς
217 1704 294 1754 τὸν
323 1704 499 1757 αἰῶνα
527 1703 758 1759 ἐνώπιον
785 1705 882 1758 τοῦ
905 1705 1061 1758 Θεοῦ.
1120 1709 1183 1760 Οί
1216 1707 1326 1779 γὰρ
1367 1707 1683 1778 σῦμμορφοσι

1848 982 2084 1047 Eusebii,
2114 981 2420 1046 Athanasii,
2455 975 2663 1047 Cyrilli.
2698 977 2902 1032 Sensus
2937 993 3066 1031 vero
3097 977 3346 1047 spirituao

1781 1073 1990 1129 lis.est:
2026 1074 2264 1128 indicant
2300 1073 2412 1126 haec
2453 1071 2638 1136 verba,
2669 1070 2810 1140 quod
2833 1071 2990 1123 etiam
3025 1070 3140 1124 inec
3169 1070 3346 1139 portio

1783 1165 2110 1222 ha‘reditatis
2160 1163 2268 1217 vita
2302 1172 2501 1216 aeterna
2557 1161 2646 1215 sil.
2699 1159 2812 1216 lloc
2845 1162 2986 1215 enim
3023 1171 3121 1224 est,
3184 1161 3344 1216 annis

1780 1254 1924 1324 regis
1958 1254 2192 1324 adjicere
2227 1255 2344 1308 dies
2389 1254 2626 1308 dierum.
2659 1251 2925 1306 Dcnotant
2957 1270 3188 1324 namque
3227 1255 3344 1310 dics

1783 1354 2024 1412 tempora
2063 1345 2308 1413 quaadam
2352 1353 2404 1398 et
2436 1343 2654 1398 saecula.
2707 1345 2848 1400 Cave
2875 1362 3004 1399 vero
3052 1361 3119 1398 ne
3163 1345 3346 1400 existi-

1777 1452 1892 1490 mes
1925 1436 2036 1490 hmc
2068 1436 2193 1489 talia
2219 1436 2284 1489 de
2310 1435 2492 1503 aliquo
2520 1451 2644 1505 rege
2666 1435 2772 1488 dici
2804 1454 2816 1489 :
2847 1437 2974 1501 quin
3000 1437 3178 1505 potius
3205 1437 3342 1491 scito

1774 1528 1890 1582 haec
1925 1528 1990 1582 de
2023 1528 2300 1594 omnibus,
2335 1528 2426 1596 qui
2455 1527 2509 1580 in
2546 1542 2769 1596 regnum
2801 1525 2893 1579 Dei
2931 1537 3218 1593 vocantur,
3248 1544 3341 1582 ac-

1775 1619 2020 1688 cipienda
2077 1634 2238 1673 esse:
2287 1632 2427 1687 quos
2498 1616 2686 1684 utique
2735 1617 2897 1670 etiam
2954 1632 3342 1687 permansuros

1776 1712 1852 1765 ait
1884 1710 1937 1764 in
1971 1720 2234 1765 aeternum
2278 1711 2332 1766 in
2367 1719 2660 1777 conspectu
2703 1707 2816 1764 Dei.
2861 1707 2962 1774 Qui
3015 1707 3158 1763 enim
3210 1723 3341 1766 con-

143 1794 381 1862 γενόμενοι
429 1795 546 1854 τῶν
597 1797 934 1867 παθημάτων
965 1797 1128 1851 αὑτοῦ
1173 1797 1268 1851 καὶ
1317 1797 1673 1867 συμϐασιλεύ-

1795 1801 2202 1858 ‘ormesredditi
2247 1810 2378 1856 sunt
2409 1801 2766 1870 passionibus
2791 1801 2930 1869 ejus,
2966 1800 3004 1854 ii
3044 1801 3348 1870 regnabant

142 1901 285 1937 σουσιν
311 1885 456 1955 αὖτῷ
477 1887 760 1957 διηνεκῶς.
788 1886 1067 1960 Προειπὼν
1091 1887 1273 1958 μέντοι
1303 1890 1348 1940 ὁΔ
1365 1889 1676 1959 Προφήτης,

141 1979 198 2029 ὅτι
210 1979 291 2038 Σὺ,
303 1981 329 2030 ὁ
343 1979 504 2042 Θεὸς,
525 1981 642 2050 είσή
652 1998 744 2033 κου
752 1995 848 2043 σας
861 1980 968 2033 τῶν
986 1981 1157 2051 εὐχῶν
1177 1999 1300 2052 μου,
1315 1980 1436 2033 καθ’
1451 1982 1551 2033 orte
1559 1979 1686 2050 ρϐαεκ

139 2070 201 2118 τὸν
217 2069 401 2140 συνῆψε
417 2070 490 2122 τό
502 2085 516 2098 ’
541 2069 784 2140 Ἡμέρας
801 2071 882 2139 ἐφ’
903 2073 936 2142 ἡ
943 2071 1010 2142 μέ
1017 2089 1115 2142 ρας
1128 2070 1222 2125 τοῦ
1239 2070 1496 2141 βασιλέως
1514 2086 1688 2141 προσ-.

139 2161 306 2229 θήσεις.
337 2165 624 2225 Ἤκουσας
656 2165 792 2234 γάρ,
820 2164 970 2234 φησὶ,
1005 2164 1112 2217 τῶν
1127 2163 1300 2233 εὐχῶν
1322 2181 1419 2235 μου
1439 2181 1453 2194 ο
1473 2163 1681 2233 ἡμέρας

137 2253 200 2319 ἐφ’
227 2254 426 2323 ἡμέρας
489 2251 856 2322 προσέθηκας.
898 2254 996 2308 Διὰ
1049 2254 1215 2323 μέσου
1241 2253 1296 2306 δὲ
1327 2251 1587 2322 ἐνεϐλήθη
1636 2254 1670 2322 ὴ

138 2345 346 2413 περὶτῶν
367 2345 724 2414 φοϐουμένων
740 2345 800 2398 τὸ
815 2345 983 2417 ὄνομα
1005 2345 1208 2417 Κυρίου
1240 2345 1426 2416 μνήμη
1448 2361 1461 2372 '
1488 2344 1673 2416 ἐπειδὴ

137 2436 207 2487 καὶ
230 2438 401 2499 αὐτοῖς
430 2435 768 2507 ἐπήγγελται
783 2438 882 2508 τὴν
910 2437 1322 2510 κληρονομίανη
1348 2437 1674 2509 προφητεία.

136 2522 219 2582 Ἦν
242 2529 291 2582 δὲ
323 2531 354 2601 ή
387 2527 609 2593 αἰώνιος
633 2529 768 2602 ζωή.

1779 1911 1996 1966 quoque
2041 1910 2164 1949 cum
2213 1895 2336 1963 ipso
2363 1894 2415 1948 in
2469 1902 2809 1962 perpetuum.
2843 1892 2980 1958 Quia
3015 1893 3178 1962 igitur
3209 1890 3344 1946 Pro-

1778 1987 1939 2057 pheta
1976 1985 2256 2056 praamisit,
2307 1985 2435 2054 quia
2470 1984 2572 2051 Tu,
2620 1997 2654 2036 o
2687 1983 2828 2038 Deus
2860 1999 3036 2046 meus,
3075 1983 3342 2038 exaudisti

1779 2092 2142 2147 precesmeas
2165 2093 2193 2142 ;_
2215 2075 2412 2143 adjecit
2439 2090 2533 2144 per
2566 2073 2852 2143 quemdam
2893 2073 3180 2128 verborum
3232 2082 3345 2126 tra-

1776 2173 1976 2240 jectum
2004 2171 2165 2236 illud,
2188 2171 2310 2225 Dies
2343 2170 2409 2230 ad
2446 2169 2732 2240 diesregis
2757 2169 2996 2239 adjicies.
3042 2167 3199 2234 Nam,
3254 2169 3341 2222 in-

1778 2262 1921 2332 quit,
1953 2259 2373 2330 quia-.exandisti
2405 2273 2592 2327 preces
2621 2273 2790 2321 meas,
2822 2257 3076 2312 addidisti
3107 2257 3222 2312 dies
3249 2274 3342 2313 su-

1778 2368 1874 2423 pra
1924 2353 2060 2406 dies.
2116 2350 2433 2420 Interposita
2486 2364 2616 2404 vero
2663 2357 2746 2403 est
2793 2348 2930 2402 inter
2975 2346 3091 2402 lucc
3135 2347 3339 2402 mentio

1777 2443 2082 2496 timentium
2137 2456 2334 2496 nomen
2397 2439 2654 2504 Domini,
2704 2438 2832 2508 quia
2896 2437 3058 2492 etiam
3130 2437 3250 2493 istis
3305 2452 3339 2492 a

1780 2532 2044 2602 Propheta
2083 2530 2367 2601 promissa.
2406 2539 2506 2586 est.
2542 2527 2848 2588 haereditas.
2898 2525 3023 2585 llaec
3069 2540 3198 2582 vero
3256 2531 3339 2581 est

1779 2621 1902 2682 vita,
1922 2631 2145 2677 aeterna.

784 2781 847 2835 Et
880 2784 1049 2837 adhuc
1083 2785 1136 2836 in
1162 2795 1454 2854 sequentem
1482 2799 1679 2838 versum
1708 2797 1729 2835 :
1764 2799 1781 2833 ι
1809 2781 2146 2837 Permanebit
2176 2783 2228 2836 in
2249 2783 2518 2850 sarculum,
2557 2801 2576 2834 ›
2601 2792 2698 2837 etc.

188 2889 279 2957 (90)
319 2891 690 2958 Ἄθανὰσιος.
724 2892 813 2957 Ἐξ
844 2895 1184 2966 ἀναστροφῆς
1219 2896 1276 2948 δὲ
1304 2897 1332 2948 ό
1361 2895 1537 2964 λόγος,
1587 2895 1673 2948 ἵνα

1845 2895 2190 2950 Athanasius.
2225 2894 2442 2950 Inversa
2483 2904 2564 2950 est
2611 2894 2820 2948 oratio:
2873 2894 2996 2950 talis
3027 2893 3171 2948 enim
3219 2908 3342 2948 esse

139 2983 163 3048 ᾖ
190 2984 403 3048 τοιοῦτος
424 3000 441 3014 ο
479 2983 548 3036 Εἴ
574 3001 656 3046 τις
686 2985 978 3056 ὲκζητήσει
1004 2986 1062 3038 τὸ
1085 2986 1230 3049 ἕλεος
1264 2986 1426 3040 αὐτοῦ
1457 2988 1549 3040 καί
1580 2986 1676 3058 τὴν

138 3073 370 3142 ἀλήθειαν,
401 3068 564 3139 οὗτος
596 3077 659 3129 ὲν
686 3079 797 3139 τοῖς
829 3078 1204 3148 ἁτελευτήτοις
1241 3078 1400 3132 αίῶσι
1434 3079 1678 3149 διαμενεῖ

137 3165 324 3220 ἐνώπιον
349 3169 449 3222 τοῦ
483 3168 638 3221 Θεοῦ.
676 3167 847 3221 Τοῦτο
874 3170 930 3222 δὲ
955 3171 1287 3240 σαφέστερον
1315 3173 1343 3223 ό
1383 3170 1674 3240 Σύμμαχος

135 3261 462 3330 ἡρμήνευσενο
517 3263 729 3326 Ἔλεος
756 3262 855 3314 καὶ
897 3263 1145 3330 ἀλήθεια
1200 3263 1676 3330 διατηρήσουσιν

137 3355 298 3406 αὐτόν.
322 3355 515 3408 Ταῦτα
537 3353 646 3424 γὰρ
673 3353 770 3423 τῆς
796 3353 1090 3418 ἀθανασίας
1124 3353 1274 3424 αὐτῷ
1319 3355 1470 3408 ἔσται
1501 3356 1669 3422 αἴτια,

135 3443 180 3494 τὸ
197 3445 272 3497 τοῦ
295 3445 430 3499 Θεοῦ
459 3445 606 3507 ἔλεος
635 3447 777 3514 καὶὴ
807 3444 1052 3515 ἀλήθεια.
1078 3446 1235 3499 Κατὰ
1261 3446 1317 3498 δὲ
1337 3448 1460 3510 τοὺς
1493 3446 1671 3498 Ἑϐδο-

139 3537 364 3603 μήκοντα·
406 3531 528 3599 Τίς.
567 3537 750 3607 φησὶν,
777 3537 957 3599 ἱκανὸς
980 3537 1071 3588 τὸν
1101 3539 1422 3606 κεκριμένον
1467 3537 1561 3588 καὶ
1587 3537 1667 3588 δί-

137 3641 255 3680 καιον
280 3629 367 3681 τοῦ
395 3628 536 3680 Θεοῦ
569 3627 716 3679 ἔλεον
747 3627 1080 3697 καταμαθεῖν
1131 3627 1410 3699 ἀκριὸὧς;
1443 3627 1524 3681 Τὰ
1556 3628 1673 3700 γὰρ,

137 3719 333 3789 κρίματα
355 3719 528 3773 αὐτοῦ
563 3719 796 3782 ἄϐυσσος
828 3718 1019 3791 πολλή,

1781 2985 1940 3040 debet
1967 3003 1979 3039 :
2014 2984 2336 3054 Quicunque
2363 2984 2718 3054 exquisiverit
2747 2984 3172 3039 misericordiam
3219 2983 3355 3053 ejus.

1777 3085 1830 3132 et
1858 3077 2160 3145 veritatem,
2190 3077 2235 3132 is
2263 3077 2600 3147 permanebit
2628 3077 2681 3130 in
2712 3083 3004 3145 conspectu
3041 3075 3130 3130 Dei
3160 3077 3212 3130 in
3238 3091 3342 3130 se-

1777 3170 1898 3224 cula
1930 3185 2208 3240 nunquam
2237 3168 2598 3224 tertninanda.
2651 3167 2764 3223 Hoc
2804 3183 2965 3237 porro
3012 3169 3184 3237 magis
3219 3183 3341 3236 per-

1777 3264 1966 3332 spicue
2007 3263 2272 3330 expressit
2310 3261 2690 3333 Symmachus,
2737 3260 2854 3315 sic:
2898 3259 3263 3313 Misericordia
3289 3268 3350 3312 e8-

1774 3353 1968 3406 veritas
2010 3351 2300 3405 custodient
2350 3353 2540 3419 ipsum.
2591 3349 2685 3406 ﬂat
2731 3350 2874 3405 enim
2925 3365 3102 3406 causae
3157 3358 3338 3413 erunt,

1774 3445 1919 3514 quod
1956 3445 2070 3513 ipse
2101 3445 2562 3498 immortalitatem
2613 3451 3001 3512 consequatur,
3034 3441 3127 3496 Dei
3174 3442 3340 3496 mise-

1774 3535 2006 3590 ricordia
2040 3543 2094 3590 et
2144 3535 2364 3590 veritas.
2397 3536 2466 3588 At
2497 3533 2795 3588 secundum
2856 3532 3206 3602 Septuaginta
3247 3533 3338 3587 hic

1772 3637 1857 3683 est
1885 3643 2078 3682 sensus
2104 3644 2117 3680 :
2156 3625 2288 3692 Quis
2318 3634 2496 3695 potest
2524 3633 2774 3679 accurate
2804 3638 3130 3692 cognoscere
3156 3622 3339 3677 occul-

1774 3727 1884 3772 tam
1919 3727 1974 3772 et
2023 3718 2226 3788 justam
2278 3716 2375 3772 Dei
2416 3715 2892 3772 misericordiam?
2941 3712 3151 3772 Judicia
3188 3715 3348 3774 enim.

1773 3809 1894 3881 eius
1924 3809 2153 3881 abyssus
2176 3808 2365 3863 multa.

192 3943 368 4022 Exinde
400 3947 640 4018 sequitur
671 3957 1032 4018 argumentum
1056 3949 1251 4018 psalmi
1286 3964 1418 4003 thn
1447 3949 1517 4002 ad
1539 3949 1749 4003 verbum
1779 3958 1837 4004 ut
1865 3950 2060 4022 legitur
2096 3952 2153 4006 in
2183 3947 2638 4019 Expositionibus,
2679 3949 2894 4020 ideoque
2922 3950 3091 4020 ipsum
3117 3959 3334 4020 praeter-

138 4018 356 4075 misimus.

825 4103 955 4159 Item
982 4105 1036 4158 in
1070 4103 1165 4157 illa
1192 4103 1343 4158 verba
1363 4120 1382 4158 :
1417 4127 1438 4157 ι
1474 4103 1578 4170 Qui
1606 4117 1858 4162 acuerunt
1885 4117 1942 4161 ut
1976 4109 2234 4179 gladium,
2275 4129 2294 4164 ι
2327 4119 2450 4177 etc.,
2474 4130 2522 4168 υ.
2545 4111 2600 4166 4.

187 4229 278 4296 (91)
313 4235 677 4302 Ἀθανάσιος.
717 4236 860 4308 Πρὸς
889 4235 946 4287 δὲ
974 4233 1098 4288 νοῦν
1129 4233 1302 4287 ταῦτά
1329 4251 1460 4303 φησι
1493 4233 1580 4286 διὰ
1603 4233 1663 4286 τὸ

1837 4234 2180 4292 Athanasius.
2215 4233 2391 4290 Sensu
2427 4249 2560 4290 vero
2595 4235 2890 4291 secretiore
2928 4233 3184 4288 dicuntur
3215 4233 3336 4292 haec

137 4317 548 4398 βλασφημοῦντας
573 4330 770 4392 αὐτοὺς
807 4329 897 4382 τὸν
943 4329 1147 4400 Ἰησοῦν
1175 4329 1351 4396 λέγειν
1391 4331 1503 4392 τοῖς
1529 4331 1665 4381 ἀπο-

137 4415 301 4483 στόλοις
320 4439 332 4450 ·
367 4424 453 4475 Οὺ
466 4423 834 4491 παραγγελίᾳ
852 4423 1333 4491 παρηγγείλαμεν
1348 4419 1508 4488 ὑμῖν,
1521 4419 1672 4488 μηδ·

135 4505 201 4556 Erl
234 4511 438 4565 λαλεῖν
474 4512 574 4565 ἐπὶ
610 4510 690 4577 τῷ
732 4513 974 4580 ὀνόματι
1024 4512 1246 4577 τούτῳ;
1299 4510 1437 4572 Τοὺς
1487 4509 1669 4579 μέντοι

136 4595 284 4666 λόγους
305 4608 401 4678 τῆς
421 4606 672 4676 διαϐολῆς
698 4605 965 4676 ῥομφαίαν
992 4607 1158 4673 ήκονη
1169 4603 1337 4674 μένην
1363 4601 1666 4668 ὠνόμασεν,

136 4689 203 4744 ἴνα
222 4695 352 4772 δείξῃ
387 4698 448 4751 τὸ
470 4698 721 4770 ὀξύτερον
754 4698 890 4768 πρὸς
918 4697 1194 4766 ἀναίρεσιν
1215 4713 1227 4726 ⁸
1263 4695 1357 4748 καὶ
1404 4693 1541 4764 τόξῳ
1569 4693 1665 4763 τὴν

135 4781 341 4846 γλῶσσαν
390 4789 485 4842 τοῦ
527 4791 860 4858 συκοφάντου
892 4790 1246 4861 παρείκασεν,
1281 4789 1362 4842 ὅτι
1399 4788 1492 4840 καὶ
1539 4787 1666 4848 τοὺς

127 4875 286 4947 ιπδρρω
333 4883 580 4952 βλάπτει.
645 4882 870 4944 Οὐδενὸς
902 4881 1009 4953 γάρ
1067 4879 1191 4942 οὗτε
1222 4881 1485 4950 παρόντος
1541 4877 1664 4931 οὔτε

137 4969 322 5036 (ἐπόντος
349 4976 379 5026 ὁ
400 4974 635 5059 λοίδορος
672 4975 766 5028 καὶ
797 4974 1136 5044 συκοφάντης
1161 4971 1414 5042 φείδεται.

1777 4325 1831 4379 in
1882 4324 2191 4401 Judzeorum
2241 4327 2546 4396 principes,
2592 4341 2658 4380 eo
2689 4325 2835 4396 quod
2869 4323 3230 4392 blasphemias
3277 4324 3334 4378 in

1774 4413 1955 4470 Jesum
1988 4415 2275 4485 jacientes,
2317 4417 2561 4489 dicerent
2589 4415 2894 4486 apostolis:
2932 4412 3119 4467 Nonne
3145 4415 3335 4484 praeci-

1772 4509 1959 4577 piendo
2003 4509 2330 4579 praecipimus
2386 4510 2562 4574 vobis,
2620 4526 2684 4564 ne
2728 4508 2980 4563 doceretis
3029 4509 3084 4562 in
3127 4509 3335 4562 nomine

1775 4601 1982 4655 ista"?
2013 4600 2185 4655 Verba
2213 4601 2395 4669 itaque
2421 4601 2756 4656 calumniosa
2781 4640 2798 4668 ,
2856 4600 3144 4676 appellavit
3188 4616 3336 4655 rom-

1775 4693 1982 4764 phaeam
2017 4700 2254 4755 acutam,
2285 4702 2344 4748 ut
2373 4694 2564 4749 innuat
2590 4703 2644 4748 et
2673 4695 2788 4766 ipsa
2816 4704 2973 4748 acuta
3006 4708 3128 4748 esse
3157 4701 3210 4750 et
3254 4693 3337 4747 fa-

1772 4787 1875 4842 cile
1905 4787 2190 4856 perimere.
2240 4783 2505 4855 Linguam
2542 4801 2670 4840 vero
2709 4785 3058 4857 sycophantae
3109 4799 3334 4852 compa-

1772 4880 1914 4934 ravit
1941 4879 2174 4949 sagittae,
2202 4894 2267 4934 eo
2293 4878 2437 4948 quod
2464 4878 2627 4934 etiam
2666 4879 2824 4950 longe
2865 4879 3114 4936 absentes
3154 4876 3330 4928 laedat.

1773 4971 2070 5027 Maledicus
2111 4973 2256 5028 enim
2291 4980 2343 5026 et
2369 4971 2701 5043 sycophanta
2730 4972 2885 5040 nulli,
2937 4979 3036 5024 nec
3057 4966 3332 5039 praesenti,

1778 5081 1880 5120 nec
1909 5066 2116 5121 absenti
2146 5065 2338 5136 parcit.

570 5195 704 5250 Item
739 5198 793 5250 in
820 5196 914 5250 illa
943 5195 1137 5265 psalmi
1175 5195 1430 5265 ejusdem,
1468 5214 1486 5247 ‹
1522 5195 1839 5250 Couturbati
1867 5205 1986 5250 sunt
2018 5214 2196 5253 omnes
2221 5198 2310 5268 qui
2333 5197 2462 5259 vid.,
2504 5215 2523 5248 ι
2553 5207 2676 5260 etc.,
2701 5213 2748 5250 υ.
2780 5195 2865 5249 l0.

186 5308 278 5380 (92)
317 5312 679 5381 Ἀθανὰσιος.
711 5315 772 5368 0i
803 5311 1150 5385 θεωροῦντες,
1175 5311 1328 5382 φησὶ,
1347 5313 1473 5374 τοὺς
1492 5309 1668 5366 τοιώα

188 5416 226 5450 ⁸³
247 5420 349 5478 Act.
373 5441 420 5478 v.
450 5425 540 5480 ΞΒ.

193 5530 287 5608 (βυ)
318 5537 445 5608 Vide
470 5541 523 5595 in
553 5540 1008 5608 Expositionibus.

142 5602 484 5733 “Olmilullujus
514 5613 622 5668 loci
641 5602 795 5668 nulla
820 5625 900 5670 est
940 5614 1309 5686 interpretatio
1340 5614 1396 5670 in
1428 5614 1657 5680 Exposi-

1847 5312 2193 5367 Atltanasius.
2220 5311 2498 5382 Quotquot
2526 5311 2729 5376 vident,
2761 5306 2940 5380 inquit
3007 5305 3140 5363 tales
3187 5323 3332 5362 viros

1843 5546 1961 5616 (9|).
1982 5543 2129 5616 ‘Yide
2156 5544 2550 5616 expositionem
2581 5544 2632 5616 in
2670 5545 2813 5601 hunc
2845 5561 3088 5601 versum.

1773 5685 1811 5740 τ’
1838 5613 1950 5738 ,9.ῗὶ
1979 5613 2149 5688 Hujus
2178 5613 2283 5673 loci
2323 5614 2465 5670 nulla
2495 5623 2578 5671 est
2615 5615 2983 5688 interpretatio
3014 5618 3068 5672 iu
3102 5613 3331 5686 Exposi-

1796 5703 1902 5740 iom
1941 5702 2021 5742 us.
