3760 6270
387 293 496 349 575.

1241 289 1299 344 S.
1341 286 1716 343 A'lllANASll
1755 289 1907 344 OPP.
1949 291 2131 348 PARS
2170 291 2256 348 Ill.
2295 323 2367 334 —
2401 293 2810 350 EXECETICA.

3526 291 3642 347 576

388 389 554 464 tantis
583 410 831 466 excidere
886 409 1116 480 negotiis
1157 415 1209 461 et
1258 422 1288 460 a
1335 407 1616 476 proposito
1667 407 1940 472 aberrare,

2128 428 2176 474 ›ς
2203 411 2297 464 καὶ
2322 411 2606 477 τοσούτους
2641 411 2749 464 τῶν
2779 411 3194 483 ἐγχειρημάτων
3229 409 3638 484 διαμαρτόντας

389 503 784 557 conturbantur
833 518 896 557 ac
955 499 1326 569 corripiuntur
1367 508 1536 563 metu,
1593 509 1650 554 et
1713 499 1954 552 divinam
2008 512 2019 522 '

388 591 659 647 mirantur
694 591 1116 662 providentiam.
1148 587 1284 640 Dum
1316 587 1461 642 enim
1505 589 1741 642 divinam
1775 596 1954 657 prote-

389 684 625 737 ctionem
679 683 822 752 apud
876 697 936 738 se
988 683 1356 746 considerant,
1408 688 1680 736 terrentur
1733 679 1958 732 horrore

389 775 559 829 divini
598 774 812 843 judicii,
850 789 915 828 ac
966 773 1277 843 intelligunt
1324 788 1516 827 omnes
1547 771 1715 824 Deum
1767 769 1954 836 fuisse,

389 867 481 936 qui
509 866 662 920 dolos
692 877 744 920 et
775 867 1002 921 insidias
1044 880 1234 920 eorum
1280 866 1461 919 irritas
1507 863 1650 928 fecit,
1697 878 1760 916 eo
1810 861 1956 931 quod

389 973 511 1028 quae
541 967 732 1013 contra
761 974 847 1013 me
888 959 1123 1012 inierant
1163 957 1388 1012 consilia
1421 971 1558 1010 vana
1587 955 1958 1008 demonstrata

388 1060 534 1104 sunt.
568 1049 721 1103 Adeo
745 1049 930 1120 utjam
958 1065 1154 1104 omnes
1175 1048 1549 1118 pronuntient,
1579 1054 1734 1099 tuum
1766 1045 1956 1110 fuisse,

387 1154 423 1195 ο
484 1139 733 1208 Domine,
791 1142 894 1196 hoc
952 1157 1112 1210 opus,
1162 1141 1366 1210 tibique
1417 1147 1611 1194 cuncta
1653 1136 1950 1191 ascribant.

387 1234 522 1300 Quis
555 1234 702 1289 enim
733 1251 843 1289 non
878 1243 1103 1297 metuat,
1157 1233 1248 1288 ubi
1299 1233 1444 1288 videt
1481 1231 1576 1285 Dei
1619 1229 1959 1283 animadver-

2065 506 2162 558 κα)⁵
2193 495 2608 576 ἀστοχήσαντας
2633 505 2861 577 θορύϐου
2913 507 3008 559 καὶ
3053 505 3204 569 δέους
3255 506 3638 578 ἐπλήσθησαν,

2060 596 2152 646 καὶ
2184 595 2280 665 τὴν
2313 595 2462 648 Θείαν
2487 595 2800 666 ἐθαύμασαν
2829 597 3101 669 πρόνοιαν.
3139 593 3225 649 Ἑν
3251 597 3496 668 περινοίᾳ
3519 597 3641 668 γὰρ

2059 687 2160 756 τῆς
2180 686 2270 739 τοῦ
2302 687 2436 740 Θεοῦ
2474 687 2798 759 κηδεμονίας
2825 687 3120 758 γενόμενοι,
3159 687 3222 740 τὸ
3252 687 3391 740 θεῖον
3428 689 3637 760 κριτή-

2062 796 2176 850 ριον
2220 779 2449 844 ἔδεισαν,
2482 780 2574 832 καὶ
2621 779 2819 842 πάντες
2868 780 3126 848 συνῆκαν,
3177 780 3257 832 ὅτι
3313 780 3461 850 παρὰ
3489 778 3638 832 Θεοῦ

2062 871 2458 943 κατεργάζεται
2490 872 2553 924 τὸ
2577 871 2675 941 τῆς
2697 871 2871 924 αὐτῶν
2903 871 3200 942 δολιὸτητος
3231 870 3528 941 ἄπρακτον,
3547 872 3638 924 ὅτι

2058 964 2126 1018 τά
2161 965 2277 1017 κατ’
2313 962 2443 1033 ἐμοῦ
2475 963 2676 1034 μάταια
2697 961 2957 1034 ἠλέγχθη.
2991 964 3078 1025 Ὠς
3106 963 3311 1024 πάντας
3353 962 3640 1029 ἀπαγγέλ-

2057 1053 2190 1118 λειν,
2214 1055 2295 1106 ὅτι
2324 1054 2441 1118 Σὸν,
2471 1047 2515 1105 ὦ
2546 1055 2808 1119 Δέσποτα,
2836 1054 2993 1126 ἔργον
3018 1052 3196 1114 τοῦτο,
3220 1054 3314 1106 καί
3338 1053 3420 1105 σοί
3443 1053 3510 1104 τὰ
3540 1068 3640 1119 γε·

2059 1146 2259 1216 νόμενα
2286 1145 2668 1216 ἐπιγράφουσι.
2698 1146 2808 1216 (95)
2848 1146 2943 1208 Τίς
2976 1145 3084 1216 γὰρ
3109 1146 3209 1197 οὐκ
3241 1145 3308 1198 ἂν
3342 1143 3636 1214 φοϐηθείη,

2061 1237 2362 1308 ἐπισκοπὴν
2389 1238 2452 1290 ἐκ
2473 1236 2606 1290 Θεοῦ
2622 1237 2762 1308 ὁρῶν
2790 1237 3078 1308 γινομένην
3101 1236 3241 1290 κατὰ
3259 1237 3365 1290 τῶν
3391 1236 3636 1304 ἀσεϐῶν,

386 1324 594 1378 sionem
636 1325 697 1383 in
733 1325 964 1397 impios.
1015 1334 1070 1381 et
1125 1325 1386 1380 ultionem
1430 1337 1529 1394 pro
1573 1322 1776 1392 injuste
1822 1320 1940 1376 acti:

2128 1331 2158 1382 εὶ
2187 1330 2464 1399 ἐκδίκησιν
2493 1329 2633 1402 ὑπὲρ
2659 1328 2764 1383 τῶν
2803 1329 3164 1399 ἀδικουμένων
3189 1345 3220 1395 ;,

385 1416 611 1472 relatam
631 1415 656 1473 ’ί

1126 1529 1262 1586 Item
1286 1531 1342 1584 in
1379 1528 1591 1583 titulum
1626 1544 1764 1598 psa..
1798 1542 1944 1588 utv,
1967 1534 2241 1594 prwttttssa
2275 1515 2576 1570 Theodoreti
2608 1523 2880 1570 sententia.

459 1645 800 1701 Athanasius.
842 1645 1141 1718 Conjuncta
1167 1663 1329 1718 porro
1357 1656 1442 1703 est
1470 1663 1593 1702 cum
1633 1647 1826 1700 harum
1863 1659 1949 1699 re-
1982 1645 2024 1704 Β

387 1757 509 1794 rum
543 1740 895 1809 praedictione
939 1742 1102 1796 etiam
1166 1741 1447 1810 prophetia
1495 1740 1561 1794 de
1590 1739 1765 1794 salute
1817 1753 1958 1808 gen-—

384 1833 546 1884 tium.
575 1830 742 1884 David
776 1845 1011 1899 namque
1041 1829 1336 1884 introducit
1362 1829 1450 1883 hic
1478 1845 1571 1884 eos
1604 1828 1696 1897 qui
1729 1842 1792 1881 ex
1825 1842 1955 1896 gen-

387 1923 532 1977 tibus
553 1924 608 1976 in
634 1921 911 1976 Christum
939 1920 1304 1986 crediderunt,
1335 1920 1490 1990 quasi
1518 1918 1964 1974 contradicentes.

384 2014 720 2083 sapientibus
755 2013 917 2082 hujus
946 2011 1149 2075 szeculi,
1182 2027 1245 2066 ac
1277 2019 1496 2066 orantes
1530 2011 1729 2081 prioris
1761 2010 1954 2079 impie-

385 2106 512 2160 tatis
544 2106 942 2160 dimissionem.
998 2105 1132 2159 Orat
1183 2104 1379 2158 deinde
1407 2105 1570 2158 etiam
1613 2118 1710 2172 pro
1759 2102 1826 2156 iis
1859 2101 1952 2171 qui

383 2197 510 2251 olim
544 2198 756 2252 steriles
779 2207 831 2252 et
856 2195 1184 2251 infructuosi
1215 2206 1392 2260 erant,
1417 2211 1562 2249 nunc
1588 2210 1716 2249 vero
1747 2192 1951 2248 fertiles

384 2290 510 2343 facti
550 2299 679 2344 sunt
709 2305 802 2360 per
834 2291 994 2343 tidem
1032 2288 1086 2342 in
1112 2288 1414 2342 Christum.
1462 2286 1674 2341 Dictum
1709 2301 1838 2340 vero
1870 2293 1955 2339 est

381 2381 488 2450 iam
544 2390 688 2446 ante,
745 2380 890 2450 quod
940 2381 1182 2450 psalmus
1231 2380 1446 2449 praxin,
1497 2379 1770 2433 canticum
1822 2391 1952 2431 vero

383 2472 647 2526 theoriam
701 2473 941 2526 denotet.
1006 2470 1236 2536 Quando
1291 2470 1456 2541 igitur
1512 2485 1606 2540 per
1660 2481 1953 2538 utrumque

381 2562 609 2618 istorum
653 2578 739 2618 res
769 2563 951 2632 aliqua
987 2563 1247 2632 praeclare
1277 2574 1424 2631 gesta
1457 2570 1573 2628 est,
1605 2561 1782 2614 ethica
1809 2559 1949 2615 scili-

381 2663 466 2709 cet
495 2651 837 2723 philosonhia
879 2666 1002 2705 cum
1036 2651 1334 2704 theorctica
1366 2657 1747 2710 concurrente,
1801 2647 1950 2716 psal»

381 2763 506 2802 mus
537 2746 734 2800 cantici
767 2744 1002 2800 exsistit.
1048 2741 1166 2797 Vita
1196 2742 1339 2796 enim
1373 2741 1792 2809 contemplativa
1821 2754 1948 2810 ope-

381 2841 530 2893 ribus
562 2846 774 2902 ornata,
816 2835 993 2891 reddit
1022 2835 1319 2906 perfectum
1363 2833 1661 2886 hominem.
1769 2830 1772 2833 ’

2127 1638 2235 1709 (94)
2290 1634 2652 1701 Ἀθανάσιος.
2695 1634 3087 1705 Ἀναμέμικται
3127 1634 3182 1687 δὲ
3223 1638 3289 1706 τῇ
3335 1636 3460 1709 περὶ
3493 1637 3642 1690 τού-

2055 1747 2161 1784 των
2190 1729 2492 1802 προρρήσει
2523 1727 2618 1780 καὶ
2645 1726 2744 1796 τῆς
2779 1726 2888 1778 τῶν
2922 1726 3088 1779 ἐθνῶν
3125 1728 3396 1799 σωτηρίας
3432 1730 3463 1799 ἡ
3493 1747 3639 1803 προ-

2058 1821 2270 1892 φητεία.
2299 1819 2521 1888 Είσάγει
2556 1817 2665 1891 γὰρ
2692 1820 2720 1870 ὁ
2739 1815 2901 1871 Δαυῖδ
2933 1816 3162 1871 ἐνταῦθα
3190 1820 3315 1881 τοὺς
3353 1819 3412 1883 ἐξ
3454 1819 3637 1874 ἐθνῶν

2055 1911 2452 1974 πιστεύσαντας
2482 1913 2559 1975 είς
2589 1909 2855 1982 Χριστὸν,
2898 1909 3278 1973 καταϐοῶντας
3305 1911 3413 1963 τῶν
3446 1911 3638 1981 σοφῶν

2055 2005 2148 2060 τοῦ
2179 2005 2376 2068 αἰῶνος
2399 2004 2608 2068 τούτου,
2657 2003 2941 2066 αίτοῦντάς
2967 2021 3022 2056 τε
3045 2003 3144 2073 τῆς
3178 2003 3444 2076 προτέρας
3495 2006 3637 2058 ἀσε-

2057 2100 2209 2162 ϐείας
2239 2099 2461 2166 ἄφεσιν*
2491 2096 2568 2149 ἔτι.
2599 2113 2657 2150 τε
2689 2096 2852 2166 εὐχὴν
2889 2095 3201 2166 ἀναπέμπει
3246 2097 3382 2166 ὑπὲρ
3421 2096 3635 2161 αὐτῶν,

2055 2190 2223 2243 ὄντων
2260 2188 2358 2258 μὲν
2387 2186 2550 2240 πάλαι
2599 2183 2867 2255 ἀκάρπων
2890 2224 2905 2248 ,
2944 2182 3248 2254 γενομένων
3275 2183 3334 2234 δὲ
3378 2178 3638 2253 εὐφόρων

2052 2280 2140 2334 διὰ
2166 2280 2266 2350 τῆς
2295 2281 2372 2342 εἰς
2400 2277 2634 2348 Χριστὸν
2686 2275 2938 2337 πίστεως.
2971 2273 3199 2346 Εἴρηται
3251 2274 3308 2326 δὲ
3338 2272 3638 2344 πρότερον,

2052 2372 2127 2436 ὡς
2165 2371 2363 2443 πρᾶξιν
2421 2371 2518 2440 μὲν
2545 2371 2574 2422 ὁ
2611 2366 2843 2438 ψαλμὸς,
2893 2365 3124 2438 θεωρίαν
3162 2365 3277 2437 est,
3310 2365 3418 2436 ᾠδὴ
3451 2364 3614 2435 δηλοῖ

2055 2465 2224 2518 Ὅταν
2255 2459 2346 2518 οὖν
2374 2463 2441 2515 δι’
2463 2456 2836 2534 ἀμφοτέρωνῇ
2861 2460 2919 2513 τὸ
2943 2458 3143 2529 ἀγαθὸν
3175 2456 3638 2528 κατορθούμενον,

2053 2557 2154 2628 τῆς
2179 2555 2373 2627 ἠθικῆς
2407 2553 2718 2624 φιλοσοφίας
2752 2553 2885 2624 πρὸς
2905 2552 3002 2622 τὴν
3029 2551 3361 2622 θεωρητικὴν
3397 2550 3639 2622 συνδρα-

2061 2649 2286 2721 μούσης,
2325 2646 2537 2718 ψαλμὺς
2583 2645 2726 2716 ᾠδῆς
2757 2643 2985 2712 γίνεται.
3029 2643 3086 2697 '0
3141 2643 3466 2714 θεωρητικὸς
3519 2641 3644 2712 γὰρ,

2057 2741 2172 2810 ἅμα
2217 2739 2293 2810 τῷ
2327 2736 2612 2810 πρακτικῶ
2637 2733 3062 2798 κατοοθούαενος
3092 2734 3188 2805 βίῳ
3228 2734 3390 2804 ἄνδρα
3426 2733 3640 2786 τέλειον

2051 2831 2334 2888 ἁποδείκνυ
2344 2847 2444 2884 σιν.

381 2991 448 3047 In
471 2994 708 3063 ejusdem
737 2995 930 3064 psalmi
967 2993 1146 3058 verba,
1173 3010 1194 3043 ι
1229 2991 1432 3046 Beatus
1459 3005 1610 3060 quem
1653 2989 1884 3060 elegisli,
1915 3009 1933 3040 ι
1953 2999 2176 3112 ,ειεηὺιξτ
2297 2988 2599 3060 Postquam:
2629 3006 2702 3060 ex.
2739 2987 3062 3043 Tlteodoreto
3094 3002 3303 3040 sensum
3343 2985 3640 3042 litteralem

1037 3103 1039 3105 .
1750 3071 2006 3112 exaosutt.
2039 3077 2099 3112 su
2140 3069 2250 3112 ltc‘tl
2283 3075 2307 3112 :7

1037 3103 1039 3105 ι
1750 3069 2006 3130 exposuit,
2039 3069 2250 3128 subjtctt
2283 3075 2308 3115 :.

452 3181 799 3236 Athanasius.
828 3179 1199 3250 Spiritualiter
1220 3192 1358 3233 vero
1376 3175 1665 3232 adumbrat
1689 3177 1949 3248 populum
1981 3187 2022 3244 (ζ

383 3273 536 3326 illum
573 3289 795 3339 novum,
830 3275 923 3344 qui
951 3273 1173 3329 Christo
1204 3274 1259 3327 in
1294 3282 1494 3328 sortem
1531 3271 1859 3326 baneditatis
1887 3287 1960 3328 ex

381 3365 632 3436 gentibus
660 3366 866 3420 electus
909 3374 1012 3420 est.
1063 3366 1235 3422 Aulas
1279 3380 1409 3420 vero
1453 3364 1752 3434 intelligere
1793 3364 1958 3419 debe-

381 3475 506 3514 mus
553 3458 828 3515 Ecclesias
876 3474 974 3530 per
1013 3460 1264 3529 regiones
1307 3460 1600 3528 dispersas.
1647 3457 1796 3512 Alias
1827 3472 1958 3512 vero

381 3552 600 3606 beatum
637 3553 802 3606 etiam
832 3554 1085 3622 praedicat
1120 3553 1208 3608 hic
1236 3552 1506 3621 Propheta
1534 3566 1681 3615 eum,
1712 3550 1805 3620 qui
1845 3550 1957 3604 vir-

383 3645 588 3700 tutibus
627 3654 710 3700 est
755 3655 1189 3700 consummatus.
1230 3644 1374 3699 Deus
1428 3644 1572 3698 enim
1606 3659 1730 3697 eum
1783 3642 1958 3712 eligit,

380 3739 474 3808 qui
509 3739 574 3792 ad
605 3739 924 3793 certandum
958 3747 1012 3792 et
1049 3753 1214 3792 cursu
1259 3736 1699 3792 contendendum
1728 3745 1811 3789 est
1840 3735 1958 3788 ido-

379 3846 556 3895 neus;
601 3831 695 3900 qui
742 3847 872 3885 vero
904 3831 1187 3884 victoriam
1235 3831 1348 3900 jam
1379 3830 1692 3898 reportavit,
1733 3829 1959 3896 praecla-

380 3937 552 3990 roque
582 3922 689 3979 ﬁne.
737 3921 905 3976 vitam
960 3922 1250 3988 conclusit,
1301 3922 1446 3975 hunc
1477 3920 1708 3974 assumit
1737 3919 1790 3972 in
1840 3935 1955 3976 ete-

380 4015 520 4078 lum,
569 4015 660 4068 ubi
689 4015 853 4069 etiam
889 4016 990 4084 ipsi
1033 4015 1445 4069 tabernaculum
1497 4014 1710 4077 tribuit,
1747 4013 1798 4066 in
1830 4027 1956 4081 pto«-

381 4107 517 4176 priis
541 4106 642 4160 sibi
683 4106 846 4172 aulis,
884 4105 951 4159 de
982 4106 1182 4176 quibus
1213 4106 1414 4160 dictum
1448 4114 1568 4158 est:
1620 4103 1800 4158 Multm
1826 4115 1956 4159 sunt

382 4197 696 4252 mansiones
744 4198 883 4268 apud
921 4196 1226 4258 Patrem)“.
1265 4195 1332 4252 Ut
1379 4198 1448 4250 ita
1483 4196 1774 4267 [erfectius
1803 4197 1955 4266 quid-

381 4287 505 4342 dam
543 4289 613 4344 sit
640 4267 1417 4357 assuminab'eligenle”quam
1471 4288 1615 4357 eligi.
1671 4286 1805 4340 Nam
1861 4288 1952 4342 ubi

381 4383 473 4452 qui
519 4383 722 4437 electus
773 4390 858 4436 est
901 4381 1084 4435 omnia
1131 4381 1430 4436 secundum
1477 4379 1569 4434 Dei
1620 4381 1951 4434 voluntatem

381 4473 680 4542 peregerit,
735 4483 864 4527 tunc
908 4471 1127 4526 domum
1177 4486 1303 4526 cum
1347 4471 1514 4542 gloria
1569 4471 1623 4526 in
1686 4471 1951 4540 promissa

381 4562 523 4615 bona
575 4564 916 4630 assumitur,
969 4572 1065 4628 et,
1117 4563 1396 4617 domicilio
1446 4564 1564 4632 ejus
1615 4564 1680 4617 de
1723 4564 1951 4618 terrenis

382 4654 521 4708 locis
555 4656 839 4722 translato,
871 4657 980 4711 illic
1011 4658 1418 4711 tabernaculum
1459 4657 1592 4727 ligit,
1629 4657 1682 4710 in
1716 4656 1952 4726 palatiis,

383 4747 636 4815 inquam,
700 4747 948 4818 eligentis
999 4764 1079 4802 se.
1127 4747 1367 4814 Quorum
1410 4749 1681 4803 desiderio
1732 4749 1953 4818 quidam

384 4841 493 4894 illic
519 4842 698 4898 adhuc
736 4843 1068 4898 constitutus
1101 4858 1224 4897 cum
1274 4851 1575 4909 teneretur,
1629 4844 1950 4914 inquiebat:

381 4936 576 4987 Anima
626 4951 741 4988 mea
783 4934 959 5006 deﬁcit
993 4937 1047 4990 in
1094 4937 1234 4989 atria
1268 4936 1562 4991 Domini".
1595 4933 1771 4991 Verba
1825 4951 1954 5007 ergo

383 5023 764 5082 haeczBeatus
809 5045 960 5100 quem
991 5028 1192 5099 elegisti
1237 5037 1286 5082 et
1343 5029 1698 5097 assumpsisti,
1753 5028 1948 5082 merito

2127 3184 2238 3253 (95)
2306 3181 2666 3247 'A0arcio'toc.
2726 3181 2866 3252 Πρὸς
2922 3179 2978 3233 δὲ
3035 3177 3270 3231 διάνοιαν
3334 3175 3642 3230 αἰνίττεται

2056 3273 2148 3326 τὸν
2201 3273 2327 3327 λαὸν
2386 3272 2501 3339 eam
2533 3272 2671 3336 νέον,
2727 3271 2818 3324 τὸν
2873 3269 2930 3336 ἐξ
2995 3269 3160 3323 ἐθνῶν
3207 3267 3497 3335 ἐκλεγέντα
3549 3267 3642 3339 τῷ

2055 3364 2276 3437 Χριστῴ
2315 3367 2393 3428 είς
2445 3365 2826 3436 κληρονομίαν.
2875 3361 3054 3425 seu;
3092 3361 3148 3414 δὲ
3191 3359 3290 3424 τὰς
3325 3359 3468 3413 κατᾶ
3516 3359 3640 3430 χὼ-

2060 3474 2157 3528 ραν
2200 3457 2526 3528 Ἐκκλησίας
2558 3457 2915 3528 ὑποληπτέον.
2959 3455 3191 3526 Ἑτέρως
3217 3455 3274 3508 δὲ
3302 3455 3396 3534 κα).
3429 3455 3522 3507 τὸν
3545 3472 3642 3508 τε-

2056 3549 2342 3604 λειωθέντα
2372 3553 2428 3602 ἐν
2459 3551 2700 3621 ἀρεταῖς,
2733 3548 2920 3602 τοῦτον
2943 3548 3036 3601 καὶ
3059 3549 3087 3600 ὁ
3121 3548 3411 3617 Προφήτης
3451 3563 3644 3616 μακα-

2061 3641 2214 3712 ρίζει.
2257 3641 2565 3710 Ἐκλέγεται
2617 3641 2716 3712 μὲν
2762 3639 2872 3711 γὰρ
2927 3642 2954 3692 ὁ
2985 3639 3116 3702 Θεὸς
3145 3638 3234 3692 τὸν
3266 3637 3641 3705 ἀγωνίζεσθαι

2058 3733 2152 3785 καὶ
2188 3732 2414 3804 δραμεῖν
2444 3732 2746 3803 ἐπιτήδειον
2766 3748 2780 3761 ο
2814 3732 2905 3785 τὸν
2932 3731 2990 3784 δὲ
3017 3732 3117 3802 ἤδη
3159 3730 3500 3802 νενικηκότα,
3536 3733 3643 3786 καὶ

2059 3825 2208 3896 καλῷ
2255 3826 2397 3878 τέλει
2449 3826 2549 3896 τὴν
2607 3825 2751 3896 ζωὴν
2804 3825 3242 3898 περικλείσαντα,
3302 3828 3380 3890 εἰς
3400 3826 3642 3898 οὐρανὸν

2059 3916 2555 3989 προσλαμϐάνεται,
2583 3917 2713 3972 ἔνθα
2744 3917 2839 3971 καὶ
2889 3918 3091 3990 σκηνὴν
3145 3917 3292 3989 αὐτῷ
3323 3921 3439 3982 ταῖς
3470 3918 3641 3984 ἰδίαις

2055 4010 2245 4072 αὐλαῖς
2271 4008 2608 4080 ἁποκληροῖο
2635 4010 2764 4082 περὶ
2806 4003 2880 4064 ὧν
2930 4011 3176 4082 εἴρηταιο
3222 4010 3417 4064 Πολλαὶ
3471 4013 3641 4081 μοναὶ

2057 4103 2206 4174 παρὰ
2241 4100 2317 4171 τῷ
2347 4099 2541 4172 Πατρί.
2587 4101 2749 4158 Ὥστε
2781 4099 3112 4173 τελειότερον
3133 4100 3224 4153 τοῦ
3253 4099 3545 4170 ἐκλεγῆναι
3574 4101 3641 4154 τὸ

2057 4195 2467 4268 προσληφθῆναι
2502 4194 2652 4266 παρά
2680 4194 2773 4248 τοῦ
2798 4195 3193 4265 ⁵ὲκλεξαμένου.
3239 4195 3406 4246 Ὅταν
3448 4194 3564 4266 γὰρ
3610 4198 3641 4249 ὁ

2056 4287 2299 4354 ἐκλεγείς
2323 4287 2498 4340 πάντα
2521 4287 2658 4340 κατά
2683 4285 2934 4357 βούλησιν
2955 4286 3088 4338 Θεοῦ
3114 4284 3314 4358 πράξῃ,
3344 4285 3462 4337 τότε
3493 4288 3642 4357 μετά

2055 4379 2213 4448 δόξης
2236 4381 2312 4442 εἰς
2345 4378 2443 4441 τὰς
2491 4378 2816 4448 ἐπαγγελίας
2849 4377 3340 4450 προσλαμϐάνεται,
3367 4379 3460 4430 καὶ
3497 4396 3641 4448 μετ·-

2058 4471 2316 4534 οικισθεὶς
2342 4470 2435 4524 τοῦ
2471 4473 2598 4541 περὶ
2626 4472 2726 4542 γῆν
2784 4472 2970 4533 τόπου,
3012 4472 3129 4523 ἐκεῖ
3177 4473 3529 4541 κατασκηνοῖ,
3579 4474 3639 4524 έν

2057 4567 2176 4628 ταῖς
2207 4564 2395 4628 αὐλαῖς
2422 4564 2516 4620 τοῦ
2552 4564 2928 4635 ἐκλεξαμένου.
2964 4558 3060 4617 Ὧν
3088 4563 3330 4616 ἐντεῦθεν
3360 4563 3439 4616 ἔτι
3465 4564 3636 4618 πόθον

2056 4671 2139 4716 τις
2167 4653 2326 4722 ἔχων,
2369 4651 2554 4707 εἶπεν*
2621 4655 2915 4708 Ἐκλείπει
2967 4656 3004 4723 ἠ
3036 4654 3203 4723 ψυχή
3237 4673 3355 4726 μου
3401 4658 3491 4722 εἰς
3525 4657 3634 4723 τὰς

2059 4746 2250 4810 αὐλὰς
2284 4745 2388 4798 τοῦ
2421 4745 2663 4814 Κυρίου.
2703 4747 2862 4799 Ὥστε
2889 4745 2986 4808 τὰς
3025 4744 3193 4810 λέξεις
3228 4745 3447 4808 ταύτας,
3484 4749 3634 4817 φημὶ

2054 4836 2119 4907 δὴ
2142 4838 2222 4900 τὸ,
2245 4836 2559 4905 Μακάριος,
2581 4838 2652 4891 ὃν
2671 4838 2926 4903 ἐξελέξω
2950 4839 3045 4892 καὶ
3065 4837 3463 4908 προσελάϐου,
3487 4838 3637 4891 εἰκός

2058 4946 2165 4992 τως
2198 4929 2558 5001 προφέρουσιν
2595 4932 2644 4983 οἱ
2669 4931 2796 4996 τούς
2831 4931 3238 5002 ἀπαλλαγέντας
3261 4931 3353 4985 τοῦ
3386 4931 3500 5003 βίου
3535 4933 3638 5003 ζη-

2055 5023 2271 5084 λοῦντες
2297 5024 2388 5075 καὶ
2429 5023 2836 5095 μακαρίζοντες.
3113 5009 3122 5020 ’

383 5115 730 5182 protulerint,
761 5117 853 5189 qui
889 5117 1141 5187 praesenti
1167 5117 1275 5172 vita
1307 5118 1611 5172 abstractos
1647 5117 1950 5180 imitantur,
1979 5131 2043 5170 ac
2079 5115 2262 5168 beatos
2287 5113 2601 5184 puedicant.

651 5228 721 5283 Et
752 5231 803 5283 in
830 5246 1033 5284 versum
1063 5242 1361 5302 sequentem
1385 5246 1402 5284 :
1435 5231 1708 5300 prwmissa
1735 5247 1943 5284 rursum
1975 5229 2197 5284 litterali
2225 5229 2572 5298 explicatione
2601 5247 2664 5285 ex
2691 5231 3009 5288 Tlteodoreto
3032 5276 3048 5302 ,
3087 5237 3339 5306 sequitur.

453 5343 751 5397 Athanasii.
804 5343 1009 5399 llorum
1059 5345 1324 5401 sententia
1379 5346 1513 5401 haec.
1568 5346 1716 5401 Bona
1750 5347 1945 5402 domus

453 5456 498 5487 ⁸⁸
519 5455 678 5512 Joan.
702 5473 812 5524 xw,
849 5458 905 5512 2.
981 5459 1027 5490 ³⁷
1051 5457 1196 5514 Psal.
1224 5476 1451 5527 Lxxxm,
1479 5461 1532 5515 5.

596 5568 718 5694 lilth
751 5571 805 5627 in
846 5570 1275 5641 Expositionibus
1308 5575 1372 5630 ad
1399 5573 1690 5631 secundam
1737 5581 1941 5644 partem

465 5712 575 5784 (95)
612 5711 735 5770 llazc
765 5715 1005 5771 auctiora
1043 5725 1166 5772 sunt
1197 5731 1358 5786 qnam
1400 5715 1452 5770 in
1488 5713 1935 5784 Expusitionibus.

2138 5344 2248 5416 (96)
2321 5346 2687 5400 Ἆθανασιόυ.
2745 5347 2886 5420 Πρὸς
2935 5349 2991 5403 δὲ
3047 5349 3201 5404 νοῦν*
3271 5348 3473 5420 ’Δγαθά
3531 5359 3631 5418 τοῦ

2127 5572 2239 5646 (95)
2262 5571 2384 5646 ﬂare
2407 5589 2511 5628 non
2532 5574 2800 5630 habentur
2829 5577 3080 5646 superius
3115 5579 3180 5631 ad
3214 5577 3356 5634 hunc
3379 5587 3624 5633 versura.

2123 5645 2233 5713 (96)
2262 5643 2462 5700 "()I‘Ulll
2495 5647 2739 5716 qua-dant
2779 5643 3028 5718 superius
3075 5649 3343 5705 habentur
3374 5651 3441 5704 ad
3480 5651 3624 5703 hunc

2050 5730 2284 5771 versum.
