3760 6270
127 260 209 320 s-n
1090 246 1515 308 FRAGMENTA
1552 244 1909 309 COMMENT.
1950 246 2017 320 IN
2052 244 2388 306 PSALMOS.

3245 246 3350 307 578

126 380 251 433 οίκου
303 374 403 429 τοῦ
464 370 594 429 Θεοῦ
642 374 717 428 τὰ
754 373 850 429 τοῦ
881 372 1197 445 Πνεῦματος
1242 374 1475 446 διάφορα
1522 376 1683 449 χαρί-

1886 416 1901 442 ,
1922 374 2200 438 dicuntur,
2225 372 2437 428 diversa
2463 371 2699 442 Spiritus
2725 372 2898 428 sancti
2928 371 3090 427 dona.
3118 369 3353 429 Domum

128 487 308 543 σματα.
365 464 534 523 Οἷκον
578 468 636 522 δὲ
676 466 815 521 Θεοῦ
860 466 959 539 τὴν
1016 468 1338 541 Ἐκκλησίαν
1393 470 1423 522 ὁ
1477 469 1688 535 Παῦλος

130 557 279 612 καλεῖ.
321 558 417 611 Ἐν
441 557 500 610 δὲ
522 556 696 627 τούτῳ
724 556 1052 628 θαυμαστῶς
1077 558 1403 614 ἐπιτελεῖται
1424 561 1458 632 η
1493 560 1685 633 ἀρετὴ,

132 647 415 720 καλουμένη
438 647 775 718 δικαιοσύνη.
817 647 875 701 Ὀ
896 646 1074 701 τοίνυν
1094 649 1364 705 πιστεύων
1390 652 1482 706 καὶ
1512 652 1688 724 ἔργων

130 739 323 808 ἀγαθῶν
347 737 666 809 πληρωθεὶς
697 738 811 809 ἔχει
837 736 930 791 τὸν
958 737 1162 810 Κύριον
1195 742 1254 794 ὲν
1284 742 1482 814 ἐαυτῷ.
1516 743 1686 815 Είρη-

133 853 204 888 ται
230 833 332 903 γὰρ
361 832 459 886 διὰ
480 832 581 902 τῆς
606 831 845 897 πίστεως
872 836 1146 887 κατοικεῖν
1186 834 1277 888 τὸν
1321 836 1556 907 Χριστὸν
1607 840 1686 903 εἰς

132 927 207 979 τὸν
230 926 331 978 ἔσω
347 924 665 994 ἄνθρωπον,
700 925 797 978 καὶ
824 924 961 997 πρὸς
989 925 1081 980 τὸν
1104 926 1375 1000 τηροῦντα
1402 929 1493 983 τὸν
1527 930 1682 1000 λόγον

136 1017 273 1074 αὑτοῦ
300 1015 446 1088 μετὰ
465 1014 563 1070 τοῦ
597 1017 810 1088 Πατρὸς
861 1016 1153 1088 ἐρχόμενος
1205 1020 1370 1090 μονὴν
1425 1023 1680 1076 ποιεῖται.

137 1112 224 1166 Καὶ
245 1110 456 1179 γίνεται
484 1111 514 1163 ὁ
534 1109 772 1173 τοιοῦτος
802 1109 950 1173 ναὸς,
988 1109 1151 1182 (κατά
1184 1110 1246 1165 τό
1266 1126 1279 1140 ’
1325 1114 1445 1167 Οὐκ
1464 1114 1683 1181 οἴδατε,

137 1203 207 1258 ὅτι
225 1203 363 1269 ναὸς
379 1203 539 1257 Θεοῦ
562 1202 704 1257 ἐστε
724 1203 765 1273 ;)
805 1202 864 1266 ὃς
888 1204 981 1258 καὶ
995 1202 1338 1277 δικαιοσύνην
1360 1205 1688 1278 θαυμαστῶς

139 1296 378 1369 κατορθοῖ,
398 1296 503 1368 τὴν
530 1295 617 1350 διὰ
646 1296 884 1361 πίστεως
913 1295 1327 1370 συνισταμένην.
1357 1299 1544 1368 Ἀγιος
1574 1303 1693 1372 μέν-

139 1408 201 1443 τοι
226 1390 365 1444 ἐστὶν
399 1389 483 1453 ὡς
516 1388 773 1459 καθαρὸς,
805 1386 1115 1459 θαυμαστὸς
1150 1388 1209 1442 δὲ
1251 1390 1345 1443 ἐπὶ
1392 1393 1458 1464 τῇ
1491 1392 1692 1448 δικαιοο

138 1481 264 1556 τύνη.

1785 473 1966 521 autem
1998 464 2090 519 Dei
2125 472 2287 519 vocat
2322 462 2524 519 Paulus
2565 464 2737 534 ipsam
2793 461 3115 519 Ecclesiam.
3148 461 3207 518 In
3256 465 3358 520 hac

1781 571 1913 611 vero
1961 555 2124 610 domu
2174 553 2497 609 mirabiliter
2538 554 2816 624 perﬁcitur
2847 554 3023 610 virtus
3072 554 3185 620 illa,
3235 570 3358 623 qua:

1783 646 2090 718 appellatur
2125 646 2359 715 iustitia.
2386 644 2489 712 Qui
2524 646 2691 717 igitur
2719 646 2913 712 credit,
2945 661 3009 701 ac
3039 646 3199 701 bonis
3231 662 3360 716 opr-

1784 740 1938 794 ribus
1960 739 2219 800 abundat,
2249 738 2296 792 is
2326 737 2793 793 habetDominum
2824 739 2878 792 in
2909 739 3110 808 seipso.
3141 737 3358 792 Dictum

1785 825 2022 900 namque
2054 838 2137 885 est
2166 828 2317 892 alibi,
2361 828 2504 898 quod
2532 827 2783 882 Christus
2817 828 3022 883 habitet
3053 828 3106 882 in
3138 828 3361 882 homine

1787 921 2043 975 interiore
2073 936 2168 990 per
2193 919 2352 973 fidem
2380 927 2464 973 :et
2486 920 2629 988 quod
2655 929 2916 974 venturus
2946 920 3015 973 sit
3044 934 3168 974 cum
3200 917 3361 973 Patre

1789 1014 1855 1068 ad
1887 1028 2009 1066 eum
2046 1012 2137 1081 qui
2168 1026 2476 1067 sermonem
2522 1010 2641 1080 ejus
2680 1020 2881 1071 servat.
2914 1025 2976 1065 ac
3017 1010 3360 1065 mansionem

1793 1105 1933 1174 apud
1974 1103 2152 1174 ipsum
2186 1103 2454 1157 facturus.
2482 1103 2661 1172 Atque
2688 1103 2762 1156 ita
2790 1102 2848 1155 fit
2876 1102 2964 1157 hic
2999 1101 3121 1156 talis
3163 1101 3361 1156 domus

1792 1196 1928 1251 Dei:
1964 1196 2303 1265 (secundum
2348 1196 2475 1250 illud
2507 1216 2520 1250 :
2560 1194 2792 1249 Nescitis
2834 1195 3079 1264 quoniam
3111 1192 3364 1263 templum

1795 1284 1893 1340 Dei
1919 1287 2043 1341 estis
2064 1287 2111 1319 ⁸⁸
2133 1288 2190 1359 ?)
2222 1286 2315 1356 qui
2350 1288 2511 1341 etiam
2546 1286 2871 1339 mirabiliter
2916 1295 3170 1355 operatur
3199 1285 3364 1355 justi-

1792 1380 1945 1445 tiam,
1978 1380 2150 1443 illam,
2194 1382 2435 1449 iuquam,
2469 1394 2589 1446 qua:
2621 1393 2715 1447 per
2744 1377 2901 1432 ﬁdem
2944 1378 3174 1431 exsistit.
3223 1374 3364 1430 San-

1795 1478 1916 1523 ctus
1953 1468 2116 1538 igitur
2143 1477 2245 1532 est,
2279 1469 2405 1539 quia
2446 1483 2614 1538 purus
2642 1482 2656 1532 ;
2689 1465 2957 1519 mirabilis
2990 1479 3120 1519 vero
3149 1476 3366 1534 propter

1786 1558 2080 1630 justitiam.

264 1653 335 1710 Et
377 1656 438 1709 ίη
472 1655 714 1725 εΙυεάεηι
734 1653 929 1724 psalmi
950 1656 1106 1711 νενῧα
1136 1672 1155 1709 -'
1190 1676 1209 1709 ί
1249 1658 1353 1724 Qui
1373 1676 1643 1733 pra'parat
1671 1683 1900 1735 montes,
1940 1691 1959 1724 ι
1991 1682 2116 1734 etc.,
2143 1689 2192 1728 υ.
2223 1672 2278 1726 7.
2324 1670 2588 1727 Similiter
2619 1671 2895 1741 prtemissa
2921 1669 3227 1725 Theodoreti

1085 1752 1375 1819 sententia,
1424 1759 1946 1828 subjectoAthanasii
1971 1765 2204 1825 nomine,
2247 1764 2322 1817 ait
2350 1779 2368 1818 :

190 1863 320 1933 Πρὸς
341 1860 401 1915 δὲ
432 1860 710 1914 διάνοιαν·
741 1858 837 1922 Σὺ,
872 1862 1056 1932 φησὶν,
1088 1856 1134 1915 ..ἶ
1162 1864 1190 1916 ὁ
1231 1864 1299 1918 τὰ
1343 1865 1470 1939 ὅρη,
1518 1870 1686 1942 ἤγουν

1881 1855 1942 1909 id
1968 1864 2201 1910 mentem
2232 1871 2360 1908 vero
2387 1876 2401 1909 :
2430 1853 2532 1918 Tu,
2554 1853 2750 1924 inquit,
2774 1868 2854 1918 es,
2884 1854 2977 1923 qui
3012 1864 3242 1914 montes.
3268 1854 3371 1910 hoc

137 1956 214 2020 τὰς
234 1953 622 2023 ἀντικειμένας
647 1954 925 2025 δυνάμεις,
965 1955 1272 2024 ὲτοιμάζων
1295 1959 1376 2022 εἰς
1419 1964 1691 2035 τιμωρίαν

140 2047 479 2117 (ἡτοίμασται
526 2044 636 2115 γὰρ
702 2044 893 2108 αὐταῖς
961 2046 995 2117 ή
1047 2044 1348 2112 άὸυσσος)ο
1412 2052 1569 2105 τοῦτο
1632 2055 1691 2108 δὲ

138 2147 375 2212 ποιησεις,
412 2135 644 2200 δυνατὸς
674 2134 772 2192 ὧν.

1796 1955 1882 1999 est
1927 1945 2267 2001 adversarios
2317 1954 2628 2014 potestates,
2675 1959 2950 2014 pracparas
2992 1948 3060 1999 ad
3108 1946 3367 2013 supplicia

1798 2039 1817 2108 (
1840 2036 1960 2092 istis
1987 2038 2132 2091 enim
2176 2049 2475 2106 praeparata
2501 2048 2584 2093 est
2602 2039 2876 2108 abyssus)
2910 2054 2925 2090 :
2961 2045 3017 2091 et
3044 2036 3147 2092 hoc
3178 2037 3370 2106 facies,

1797 2130 1922 2199 quia
1952 2140 2144 2198 potens
2171 2144 2253 2183 es.

790 2292 860 2348 Et
897 2294 950 2348 in
980 2311 1182 2351 versum
1214 2310 1506 2371 sequentem
1544 2301 1853 2359 Theodoreti
1877 2306 2215 2375 explicationi
2244 2308 2353 2361 [nec
2378 2306 2629 2374 subjicit:

204 2409 553 2463 Ἀθανασίου
599 2407 695 2462 καὶ
755 2408 1079 2476 Κυρίλλου.
1132 2412 1279 2484 Πρὸς
1306 2413 1363 2466 δὲ
1416 2415 1695 2471 διάνοιαν·

140 2498 488 2571 Συνταράσσει
514 2497 747 2571 Χριστὸς
769 2493 879 2551 οἷόν
899 2516 950 2552 τι
979 2498 1138 2564 κύτος
1162 2503 1253 2555 καὶ
1279 2502 1477 2568 πλάτος
1495 2505 1699 2559 θαλάσ-

144 2608 225 2661 σης
244 2590 307 2644 τὰ
338 2590 523 2662 πλήθη
555 2589 664 2642 τῶν
694 2587 882 2654 ἐθνῶν,
915 2588 989 2660 μὴ
1025 2592 1384 2663 συγχωρήσας
1412 2594 1550 2647 αὐτὰ
1575 2596 1702 2666 ἡρε-

144 2685 241 2752 μεῖν
269 2685 325 2736 ἐν
352 2686 496 2747 ταῖς,
516 2681 773 2754 ἀρχαίαις
815 2681 1052 2745 ἀπάταις
1073 2700 1086 2713 ·
1126 2685 1433 2756 κεκινηκὼς
1464 2686 1520 2739 δὲ
1568 2687 1702 2757 μᾶλ-

141 2772 215 2826 λον
241 2775 315 2839 εἰς
337 2773 640 2843 ἐπίγνωσιν
677 2772 778 2843 τῆς
822 2773 1015 2827 ἑαυτοῦ
1062 2773 1364 2845 δυνάμεως,
1392 2777 1486 2830 καὶ
1513 2775 1702 2849 ὥσπερ

141 2867 267 2930 τινὰς
291 2868 463 2938 ἤχους
492 2865 774 2936 κυμάτων,
808 2864 1181 2929 ἀνασαλεύσας
1212 2867 1466 2922 ἁπάντων
1486 2868 1583 2933 τὰς
1614 2870 1701 2921 ἐπ’

145 2959 268 3030 αὐτῷ
310 2957 646 3028 δοξολογίας.
684 2959 754 3010 Ἣ
788 2956 1063 3011 θάλασσαν
1111 2958 1344 3012 ἐνταῦθα
1392 2960 1453 3014 τὸ
1500 2960 1701 3033 πλῆθος

143 3051 231 3103 τῶν
264 3050 599 3122 ἀκαθάρτων
622 3049 950 3120 πνευμάτων
984 3051 1169 3122 φησὶν,
1209 3050 1237 3103 ὃ
1270 3052 1702 3123 συνταράσσεται

142 3147 196 3216 τῇ
220 3144 306 3198 τοῦ
327 3142 572 3217 Χριστοῦ
602 3143 892 3214 παρουσίᾳ.
919 3142 1010 3196 Διὸ
1034 3145 1125 3197 καὶ
1144 3143 1307 3213 φοϐοῦ
1316 3162 1467 3216 μενοι
1493 3145 1698 3215 ἔλεγονο

1873 2420 2151 2475 Athanasii
2187 2432 2234 2476 et
2266 2421 2478 2490 Cyrilli.
2510 2419 2634 2475 llaec
2659 2431 2837 2476 autem
2867 2423 2947 2479 sic
2976 2423 3376 2499 intelliguntur;

1802 2509 2083 2567 Christum
2130 2528 2251 2568 esse
2297 2514 2389 2583 qui
2447 2515 2735 2569 conturbat
2788 2515 3189 2574 multitudinem
3243 2538 3377 2593 gen-

1806 2605 1941 2659 tium
1974 2606 2146 2661 instar
2180 2607 2345 2660 maris
2374 2606 2626 2675 profundi
2657 2623 2722 2662 ac
2767 2608 3045 2676 latissimi,
3092 2612 3220 2667 dum
3268 2630 3374 2667 non

1806 2696 1935 2752 sinit
1965 2713 2060 2754 eas
2100 2699 2493 2769 conquiescere
2543 2699 2597 2752 in
2631 2700 2871 2770 antiquis
2914 2703 3232 2759 erroribus:
3282 2706 3377 2760 sed

1805 2790 1987 2857 potius
2018 2800 2325 2846 commovet
2351 2799 2407 2846 et
2453 2790 2699 2861 perducit
2744 2794 2807 2847 ad
2864 2796 3226 2865 cognitionem
3266 2813 3378 2852 sua:

1804 2879 2079 2946 potentiae,
2110 2896 2175 2935 ac
2207 2895 2399 2935 omnes
2449 2879 2514 2934 ad
2559 2882 2644 2935 sui
2675 2881 2891 2937 laudem
2924 2884 3083 2953 quasi
3128 2884 3379 2943 fremitus

1803 2963 2067 3022 ﬂuctuum
2094 2969 2312 3024 excitat.
2350 2967 2445 3023 Vel
2472 2970 2709 3041 appellat
2757 2971 2846 3027 hic
2894 2988 3066 3039 mare,
3107 2975 3379 3047 ingentem

1804 3057 1956 3113 illam
1989 3060 2394 3116 multitudinem
2422 3061 2711 3131 spirituum
2737 3064 3098 3133 impurorum,
3131 3069 3223 3137 qui
3254 3083 3383 3124 con-

1804 3152 2098 3208 turbantur
2124 3152 2328 3209 Christi
2373 3154 2627 3209 adventu.
2680 3153 2834 3211 Unde
2861 3156 3028 3211 etiam
3078 3170 3382 3227 metuentes

141 3231 332 3302 Ἦλθες
349 3230 472 3290 ὧδε
497 3235 611 3304 πρὸ
650 3234 859 3303 καιροῦ
875 3235 1215 3299 ,ϐασανίσαι
1244 3236 1421 3308 ἡμᾶς.
1488 3240 1559 3293 Ἢ
1607 3240 1697 3294 θά-

1881 3247 2063 3302 :ebant
2095 3264 2108 3300 :
2143 3244 2344 3300 Venisti
2371 3256 2493 3301 ante
2521 3256 2720 3317 tempus
2768 3258 3007 3318 torquere
3041 3265 3134 3304 nos
3158 3251 3224 3306 ”.
3282 3250 3382 3307 Vel

142 3326 321 3383 )aooav
371 3330 476 3402 μὲν
509 3328 572 3380 τὸ
622 3327 822 3397 πλῆθος
878 3326 1035 3380 καλεί
1075 3326 1184 3380 τῶν
1222 3328 1497 3400 τυράννων
1523 3329 1613 3382 διὰ
1642 3329 1703 3383 τὸ

145 3419 359 3489 ἁλμυρὸν
384 3418 491 3489 τῆς
515 3415 960 3490 ιίδωλολατρείας
981 3417 1182 3481 αὐτῶν,
1213 3418 1377 3490 ἤχους
1423 3420 1480 3473 δὲ
1524 3421 1704 3491 κυμά.

144 3526 233 3565 των
254 3511 348 3576 τὰς
380 3511 530 3564 κατὰ
556 3507 665 3561 τῶν
697 3506 990 3580 μαρτύρων
1042 3507 1335 3574 ἐπιϐουλὰς
1394 3511 1489 3563 καὶ
1538 3510 1704 3580 βασά-

145 3616 267 3664 νους.
299 3604 397 3665 Ἀς
426 3600 513 3663 τίς
536 3599 858 3668 ὑπέμεινεν.
888 3600 937 3652 εί
981 3598 1057 3673 μὴ
1091 3602 1156 3673 τῇ
1205 3600 1430 3673 δυνάμει
1461 3600 1700 3675 Χριστοῦ

146 3691 518 3764 ἐνεδυναμοῦτο
547 3690 643 3745 καὶ
672 3687 990 3761 ἐστηρίζετο
1013 3706 1029 3759 ;

1805 3347 1952 3395 certe
1979 3353 2130 3393 mare
2158 3337 2381 3408 quidem
2408 3339 2543 3395 dicit
2574 3340 2979 3423 multitudinem
3003 3351 3380 3413 tyrannorum,

1804 3438 2028 3501 propter
2043 3428 2371 3484 salsedinem
2398 3430 2512 3485 sive
2529 3431 2877 3486 acerbitatem
2897 3431 3215 3488 idololatria:
3239 3435 3384 3505 ipso-

1807 3537 1930 3576 rum
1963 3538 1980 3587 ;
2011 3519 2262 3576 fremitus
2285 3536 2414 3576 vero
2450 3520 2739 3585 fluctuum,
2774 3522 3002 3579 insidias
3035 3533 3090 3578 et
3113 3535 3383 3581 tormenta

1805 3613 2011 3669 sanctis
2044 3613 2370 3683 martyribus
2416 3613 2486 3667 ah
2517 3613 2653 3683 ipsis
2683 3612 2907 3671 inflicta.
2943 3614 3074 3680 Quae
3099 3617 3223 3685 quis
3261 3633 3386 3673 sus-

1818 3703 2060 3767 tinuerit,
2096 3702 2201 3757 nisi
2246 3703 2341 3773 qui
2388 3704 2628 3774 potentia
2653 3703 2859 3760 Christi
2900 3706 3188 3762 roboratus
3220 3717 3386 3765 atoue

1775 3793 1781 3799 ’
1818 3797 2071 3855 suffultus
2099 3794 2300 3851 fuerit?

764 3930 833 3985 Et
866 3930 1038 3986 adhuc
1066 3931 1121 3987 in
1150 3948 1356 3987 uersum
1384 3941 1677 4004 sequentem
1719 3932 2030 3988 Theodoreti
2056 3932 2403 4004 explieationi
2435 3931 2705 4005 subjungit
2733 3951 2750 3986 :

209 4044 578 4104 ’AOaraa'iov.
632 4045 994 4120 Παρεδήλωσε
1032 4044 1089 4099 δὲ
1143 4045 1237 4099 καὶ
1283 4043 1344 4099 τὸ
1397 4045 1504 4099 τῶν
1536 4044 1707 4112 ἁγίων

149 4138 439 4196 ἀποστόλων
469 4142 732 4214 κήρυγμα
753 4156 769 4170 ⁸
797 4142 934 4213 ὅπερ
954 4139 1046 4194 διὰ
1071 4139 1133 4193 τὸ
1176 4138 1342 4210 ἄηθες
1374 4139 1467 4193 καὶ
1513 4139 1604 4193 διὰ
1645 4141 1707 4194 τὸ

149 4230 495 4285 καταλύεσθαι
517 4229 579 4283 τὸ
611 4228 863 4302 πατρῷον
887 4228 996 4282 τῶν
1029 4228 1197 4283 ὲθνῶν
1226 4228 1410 4292 σέὁας,
1454 4229 1548 4282 καὶ
1603 4230 1702 4301 τὴν

150 4327 402 4381 πολιτείαν
434 4325 618 4380 αὐτῶν
655 4321 999 4395 ἀμείϐεσθαι,
1026 4321 1270 4393 ταραχὴν
1301 4320 1461 4383 εὐθὺς
1494 4322 1587 4374 καὶ
1611 4323 1707 4384 ζά-

1877 4047 2176 4102 Athanasii.
2214 4046 2553 4118 Signiﬁcavit
2583 4064 2711 4104 vero
2743 4048 2906 4106 simul
2957 4050 3119 4105 etiam
3152 4057 3375 4107 sancto-

1806 4155 1928 4194 rum
1971 4140 2344 4212 apostolorum
2389 4137 2856 4211 pi'a’dicationem,
2902 4158 3023 4211 qua:
3071 4152 3185 4197 tum
3233 4142 3381 4213 quod

1810 4230 2131 4286 inconsueta
2160 4238 2325 4297 esset,
2360 4239 2472 4285 tum
2516 4233 2677 4286 etiam
2715 4232 2861 4301 quod
2892 4231 3244 4286 demoliretur
3266 4231 3382 4285 avi-

1809 4333 1926 4379 tum
1976 4324 2258 4395 gentilium
2321 4324 2553 4389 cultum,
2605 4324 2879 4393 vitamque
2936 4339 3123 4378 eorum
3153 4338 3215 4377 ac
3249 4337 3382 4377 con-

146 4417 229 4490 λην
267 4425 380 4486 τοῖς
438 4417 749 4490 ἀνθρώποις
802 4417 1020 4488 ἐκίνησε
1052 4416 1193 4470 κατὰ
1245 4415 1342 4487 τὴν
1369 4413 1462 4469 τοῦ
1495 4414 1697 4486 Κυρίου

1881 4417 2167 4471 rsationem
2246 4416 2578 4485 corrigeret,
2649 4414 2795 4469 illico
2855 4415 3040 4469 turbas
3091 4429 3156 4469 ac
3200 4421 3384 4470 motus

148 4512 332 4585 φωνὴν,
362 4509 601 4583 χωρίζον
630 4509 849 4581 νύμφην
872 4510 937 4562 ὲκ
964 4506 1248 4578 πενθερᾶς,
1274 4506 1367 4559 καὶ
1396 4503 1609 4574 πατέρα
1642 4502 1697 4569 ἐξ

1881 4506 1957 4559 dit
1983 4505 2125 4559 inter
2171 4504 2442 4570 homines,
2492 4518 2557 4557 ac
2609 4503 2906 4557 secundum
2962 4503 3109 4557 illam
3163 4501 3381 4558 Domini

148 4602 266 4656 υἱοῦ.
292 4603 453 4658 Μετά
470 4602 527 4656 δὲ
544 4601 645 4674 τὴν
679 4601 847 4669 ζάλην
869 4601 1202 4663 κατέπαυσε,
1232 4600 1329 4652 καὶ
1358 4598 1457 4669 τὴν
1481 4598 1706 4668 εἰρήνην

149 4690 330 4748 ἅπασιν
359 4692 787 4766 ἑπρυτάνευσεν.
814 4693 942 4745 Ὅτε
964 4686 1077 4755 οῦν,
1104 4688 1258 4762 φησι,
1280 4688 1349 4742 τὰ
1379 4686 1505 4760 ἔθνη
1540 4702 1708 4758 ταρα-

150 4783 441 4857 χθήσονται,
493 4785 742 4839 τουτέστι
797 4782 907 4837 τῶν
949 4782 1215 4853 δαιμόνων
1265 4781 1335 4835 τὰ
1363 4781 1704 4851 συστήματα,

148 4874 252 4930 τότε
289 4879 353 4951 δὴ
386 4879 511 4932 τότε
563 4878 657 4932 καὶ
680 4879 728 4931 oi
762 4880 820 4931 ὲν
848 4877 963 4939 τοῖς
1012 4874 1213 4947 πέρασι
1252 4874 1351 4943 τῆς
1382 4870 1709 4943 οἰκουμένης

151 4966 403 5041 ἂνθρωποι
434 4968 835 5041 φοϐηθήσονταί
861 4985 942 5032 σε,
983 4966 1053 5021 τὰ
1092 4964 1304 5036 μεγάλα
1346 4967 1546 5035 σῃδμτεῖα
1573 4962 1708 5017 θεω-

154 5060 417 5134 ρήσαντες,
444 5062 514 5116 τὰ
548 5061 642 5115 ἐπὶ
665 5064 732 5134 τῇ
770 5063 836 5133 σῇ
865 5058 1138 5135 παρουσίᾳ
1165 5056 1525 5128 γεγενημένα.

1810 4611 2027 4660 vocem,
2054 4610 2251 4651 nurum
2283 4611 2313 4649 a
2364 4609 2547 4660 socru,
2583 4605 2638 4651 et
2672 4594 2840 4648 tilium
2874 4610 2904 4649 a
2948 4603 3099 4665 patre
3132 4608 3384 4665 segrega-

1810 4687 1904 4742 bat
1928 4686 1995 4744 δθ.
2031 4684 2357 4755 Quanquam
2382 4693 2508 4755 post
2532 4686 2696 4740 etiam
2726 4694 2906 4742 motus
2937 4686 3059 4741 illos
3089 4675 3379 4748 sedaverit,

1811 4788 1865 4833 et
1892 4792 2081 4848 pacem
2110 4775 2326 4831 cunctis
2356 4776 2670 4833 reddiderit.
2702 4777 2929 4844 Quando
2962 4778 3147 4849 igitur,
3179 4776 3374 4847 inquit,

1813 4877 2022 4943 gentes,
2071 4869 2179 4924 hoc
2215 4876 2301 4924 est
2323 4869 2631 4925 daemonum
2675 4871 2928 4926 examina
2959 4867 3382 4925 commovebun-

1812 4969 1922 5026 tur,
1966 4969 2097 5015 tunc
2130 4966 2183 5014 te
2225 4966 2468 5014 metuent
2514 4959 2764 5016 homines
2812 4961 2866 5015 in
2912 4946 3189 5014 exlremis'
3220 4961 3384 5008 terra;

1815 5052 2023 5107 tinibus
2051 5048 2355 5114 constituti,
2392 5049 2656 5105 miracula
2691 5051 2929 5122 ingentia
2963 5045 3380 5117 conspicientes,

1816 5157 1939 5214 qua:
1965 5142 2070 5198 sub
2098 5141 2392 5197 adventum
2426 5149 2579 5196 tuum
2618 5142 2864 5197 edentur.

1408 5285 1546 5340 Item
1574 5285 1628 5339 in
1659 5290 1955 5355 sequentem
1986 5297 2034 5336 υ.
2065 5280 2119 5337 9.

224 5385 587 5452 Ἇθανασιου,
623 5386 918 5441 Εὐσεϐίου
957 5384 1057 5439 καὶ
1086 5382 1410 5454 Κυρίλλου.
1446 5382 1556 5435 Καὶ
1590 5380 1717 5452 μέν-

150 5488 221 5531 τοι
245 5478 365 5533 ὅταν
378 5479 451 5533 τὰ
476 5477 690 5550 μεγάλα
718 5480 918 5550 σημεῖα
943 5475 1317 5547 θεωρήσαντες
1340 5473 1388 5526 ol
1412 5472 1511 5544 τὴν
1529 5473 1712 5525 οἰκου-

1894 5376 2197 5442 Athanasii,
2246 5373 2460 5428 Eusebii
2508 5380 2559 5427 et
2609 5369 2820 5442 Cyrilli.
2879 5368 2945 5425 Et
2989 5368 3207 5441 quidem
3263 5384 3387 5427 cum

1822 5467 2058 5527 viderint
2080 5482 2276 5538 magna
2318 5465 2407 5521 illa
2430 5464 2583 5536 signa
2615 5464 2708 5535 qui
2756 5461 2944 5519 orbem
2993 5471 3271 5518 terrarum
3301 5459 3389 5519 in-

213 5608 294 5666 ³³1
315 5612 440 5671 Cor.
471 5612 663 5682 111,16.
724 5613 791 5697 ,³⁸1
809 5610 999 5668 Matth.
1041 5625 1157 5677 vni,
1189 5606 1280 5662 ει.
1360 5606 1403 5639 ⁵ο
1428 5604 1616 5662 Matth.
1641 5604 1815 5678 x,‘55.
