3760 6270
368 218 494 281 5579

1225 219 1282 275 S.
1310 218 1867 292 ATHANASILOPP.
1896 217 2087 274 'PABS
2126 214 2219 273 Ill.
2252 235 2327 256 ι-
2354 210 2773 269 ΕΧΕΟΕΤΙΟΑ.

3509 194 3643 257 580

373 341 597 408 colunt,
630 355 693 396 ac
721 340 1001 395 timuerint
1038 338 1143 395 sibi
1170 338 1364 393 timore
1390 337 1552 403 bono,
1580 348 1710 392 tunc
1759 336 1947 407 utique
1975 342 2023 398 Α
2051 335 2121 405 μέ

2109 335 2216 405 ἕνην
2271 330 2544 395 οἰκοῦντες
2573 327 2849 401 φοϐηθῶσι
2896 326 2989 380 τὸν
3039 323 3240 390 ἀγαθὸν
3271 321 3454 391 φόϐον,
3489 319 3641 373 τότε

392 441 504 487 tam
555 430 840 486 matutinis
881 442 1043 499 quam
1096 426 1415 497 vespertinis
1447 426 1757 488 egressibus
1804 425 1951 496 (hoc

391 532 495 586 est,
528 522 676 578 omni
708 520 989 591 tempore)
1038 520 1282 574 laetantes
1321 518 1730 573 oblectabuntur
1782 518 1836 571 in
1882 517 1950 572 iis

388 628 515 684 quae
544 612 747 667 Christi
777 609 1039 664 adventus
1076 607 1361 677 reparavit.
1388 605 1557 660 Porro
1594 606 1949 676 ipsiusetiam

392 703 596 759 Christi
645 701 754 756 duo
793 710 922 756 sunt
968 714 1242 770 egressus,
1289 707 1385 754 aut
1424 713 1784 770 progressus:
1819 698 1953 753 alter

393 795 610 866 quidem
645 808 827 858 mane,
855 794 958 847 hoc
983 800 1066 846 est
1114 800 1239 845 ante
1267 805 1481 845 omnem
1510 790 1858 844 aeternitatem
1886 805 1954 845 ex

393 884 552 940 Patre
590 882 790 947 factus,
834 883 1129 937 secundum
1181 879 1355 935 illud:
1404 870 1739 951 Egressiones
1770 882 1883 948 ejus
1921 896 1957 933 a

377 975 651 1047 principio
696 991 730 1027 α
772 974 952 1029 diebus
988 967 1262 1027 internis“
1300 990 1315 1040 ;
1359 972 1494 1027 alter
1541 986 1671 1025 vero
1708 972 1953 1040 vesperi,

392 1066 485 1122 ille
511 1067 772 1122 nimirum
824 1083 891 1121 ex
935 1066 1164 1135 virgine,
1197 1064 1292 1135 qui
1323 1062 1549 1134 contigit
1598 1063 1654 1118 in
1697 1078 1955 1118 consum-

392 1160 635 1214 matione
693 1158 1040 1213 saeculorum.
1091 1154 1330 1227 Uterque
1374 1164 1556 1210 autem
1614 1155 1958 1209 delectationi

392 1263 477 1307 est
498 1260 553 1306 et
581 1251 799 1323 gaudio.
833 1249 1194 1321 Symmachus
1219 1248 1436 1318 quidem
1480 1247 1729 1311 reddens,
1770 1248 1958 1300 Acces-

391 1344 567 1399 siones
603 1342 874 1396 matutini
920 1350 970 1395 et
1003 1355 1225 1411 vespera:
1275 1340 1519 1394 laudibus
1566 1339 1808 1408 efferunt,
1836 1339 1960 1392 ‘hoc

385 1434 576 1490 dicere
619 1434 859 1497 videtur,
888 1433 1033 1503 quod
1073 1442 1126 1487 et
1155 1432 1434 1487 exoriente
1485 1439 1540 1485 et
1568 1431 1845 1486 desinente
1873 1430 1961 1485 die

395 1533 675 1596 acceptam
705 1524 815 1580 Deo
849 1520 1074 1580 offerent
1092 1520 1318 1577 "laudem
1357 1522 1416 1587 ii,
1450 1522 1546 1592 qui
1590 1536 1774 1576 errore
1803 1521 1961 1575 dere-

389 1614 547 1684 licto,
580 1626 773 1672 natura
805 1615 975 1671 Deum
1008 1622 1398 1686 cognoverunt.

2048 428 2114 499 δὴ
2147 428 2240 481 καὶ
2263 429 2343 491 είς
2389 427 2487 490 τάς
2512 424 2723 496 πρωῖας
2750 422 2844 476 καὶ
2870 422 2949 484 είς
2973 417 3069 482 τὰς
3102 416 3339 485 ἑσπέρας
3377 414 3639 480 ἐξόδους,

2048 519 2325 573 τουτέστιν
2353 520 2413 572 ὲν
2450 517 2613 570 παντὶ
2628 512 2827 586 καιρῷ,
2857 512 3046 583 τέρψις
3073 509 3221 562 ἔσται
3245 508 3422 568 αὐτοῖς
3444 505 3639 573 ἀγαλ-

2050 609 2352 681 λιωμένοις,
2382 609 2466 679 ἐφ’
2503 602 2583 672 οἷς
2611 604 2970 677 κατώρθωσεν
3002 605 3035 673 ἡ
3058 599 3292 672 Χριστοῦ
3322 597 3637 671 παρουσία.

2050 704 2163 756 Καὶ⁹
2187 703 2350 756 αὐτοῦ
2372 702 2429 756 δὲ
2465 699 2559 754 τοῦ
2585 696 2819 770 Χριστοῦ
2835 696 2940 750 ¹δύο
2958 695 3146 761 ἔξοδοι,
3177 693 3341 763 ῆγουν
3369 688 3598 757 πρόοδοι
3615 702 3634 716 ο

2052 796 2087 867 ἡ
2118 796 2214 866 μὲν
2251 794 2461 866 πρωτας
2483 832 2501 860 ,
2546 792 2650 864 πρὸ
2681 792 2897 844 πάντων
2932 787 3039 840 τῶν
3068 784 3275 839 αἰώνων
3306 784 3371 837 ὲκ
3405 780 3640 851 Πατρὸς

2052 886 2336 956 γενομένη,
2358 883 2498 937 κατὰ
2525 883 2586 935 τό
2609 901 2623 914 ·
2658 883 2727 934 Al
2753 878 2949 944 ἔξοδοι
2980 873 3164 931 αὐτοῦ
3188 874 3287 928 ἀπ’
3323 869 3521 940 ἀρχῆς
3553 868 3638 930 ἐξ

2054 977 2288 1048 ἡμερῶν
2313 974 2554 1041 αἰῶνος·
2591 975 2624 1045 ἡ
2649 973 2705 1026 δὲ
2728 971 2989 1043 ἑσπέρας,
3016 970 3050 1039 ἡ
3075 968 3140 1021 ἑκ
3174 964 3464 1037 παρθένου,
3499 962 3640 1032 ἥτις

2056 1073 2149 1126 ἐπὶ
2175 1071 2452 1142 συντελείᾳ
2493 1069 2605 1123 τῶν
2636 1066 2845 1121 αἰώνων
2883 1065 3210 1135 ἀπήντησεν.
3266 1057 3534 1125 Ἐκατέρα
3567 1052 3642 1108 δὲ

2057 1162 2247 1234 τέρψις
2291 1161 2408 1214 ἐστὶ
2462 1160 2556 1214 καὶ
2613 1157 2948 1227 ἀγαλλίασις.
3000 1153 3060 1208 '0
3114 1148 3641 1223 μέντοιηΣύμμαχος

2059 1251 2246 1317 εἰπὼν,
2295 1251 2406 1318 Τὰς
2459 1252 2887 1319 προσελεύσεις
2942 1248 3047 1302 τοῦ
3099 1246 3309 1313 ὄρθρου
3360 1239 3458 1293 καί
3511 1235 3641 1305 τῆς

2060 1342 2320 1412 ἑσπέρας
2344 1343 2768 1413 ὑμνολοτοῦσι,
2806 1341 2963 1396 τοῦτο
2989 1341 3135 1395 δοκεί
3169 1337 3368 1404 λέγειν,
3392 1335 3491 1386 ὅτι
3528 1330 3639 1383 καὶ

2060 1422 2366 1503 ἀρχομένης
2396 1432 2489 1486 καὶ
2509 1431 2779 1503 ληγούσης
2796 1423 3010 1503 ἡμέρας
3033 1428 3130 1498 τὴν
3152 1423 3384 1497 ἀρεστὴν
3406 1421 3481 1493 τῷ
3503 1419 3641 1490 Θεῷ

2064 1523 2438 1593 προσοίσουσιν
2469 1523 2735 1594 ὑμνῳδίαν
2754 1524 2802 1575 oi
2830 1522 2926 1594 τὴν
2973 1520 3179 1592 πλάνην
3211 1508 3611 1575 καταλιπόντες

2062 1612 2152 1666 τὸν
2182 1612 2238 1665 δὲ
2270 1613 2427 1683 φύσει
2470 1614 2688 1682 γνόντες
2720 1613 2871 1666 Θεόν.

740 1721 813 1783 Et
848 1730 903 1784 in
928 1742 1131 1784 versum
1162 1724 1332 1782 adhuc
1358 1735 1671 1797 sequentem,
1702 1725 1923 1780 litterati
1947 1726 2268 1795 expositione
2295 1742 2361 1781 ea:
2396 1725 2713 1781 Theodoreto
2736 1726 3073 1793 prareedente,
3100 1741 3145 1778 υ.
3181 1722 3246 1778 10
3274 1740 3288 1776 :

472 1843 815 1899 Athanasius,
865 1826 1175 1900 Secundum
1208 1843 1538 1897 intellectum
1579 1851 1801 1898 autem:
1856 1841 1960 1896 Ex-
1993 1854 2034 1909 Β

386 1935 681 2001 saturssti,
712 1936 907 2006 inquit.
950 1945 1149 1992 terram
1177 1935 1485 1989 universam
1528 1933 1684 1989 bonis
1729 1934 1836 1988 tuis
1866 1934 1962 1988 de-

399 2041 641 2093 sursum,
660 2026 960 2096 implevisti
988 2026 1177 2099 gratiis
1217 2026 1587 2096 spiritualibus
1627 2040 1817 2080 omnes
1867 2025 1961 2094 qui

398 2118 504 2174 sub
545 2118 682 2173 caelo
713 2118 955 2189 degunt;
1004 2133 1107 2173 nos
1158 2132 1285 2172 vero
1341 2127 1469 2173 tunc
1504 2117 1862 2181 errabundos,
1898 2132 1964 2172 ac

396 2210 573 2267 instar
596 2220 753 2267 terra:
781 2211 946 2267 arida:
975 2219 1029 2266 et
1048 2212 1326 2281 inaquosae
1361 2211 1709 2274 constitutos,
1740 2208 1962 2275 fertiles,

396 2301 511 2357 tino
542 2300 960 2358 fecundissimos
984 2317 1049 2358 ac
1087 2318 1213 2358 vere
1239 2316 1429 2359 sacros
1453 2299 1757 2357 reddidisti.

2144 1842 2503 1909 Ἆθανάσιος.
2563 1842 2705 1913 Πρὸς
2756 1842 2813 1894 δὲ
2854 1841 3122 1899 διάνοιαν⁶
3190 1841 3576 1910 Κατεκὸρεοίας
3611 1865 3637 1896 ν

2069 1935 2221 2007 φησι,
2255 1935 2360 1988 τῶν
2388 1934 2590 1988 ἄνωθεν
2614 1933 2833 2003 ἀγαθῶν
2873 1935 2970 2006 τὴν
3020 1936 3310 2003 σύμπασαν
3357 1931 3493 2001 γῆν’
3529 1946 3638 1982 πε-

2064 2029 2361 2100 πλήρωκας
2390 2028 2497 2083 τῶν
2522 2026 2902 2099 πνευματικῶν
2933 2025 3287 2097 χαρισμάτων
3318 2024 3441 2081 τοῦς
3483 2021 3636 2076 κατά

2068 2121 2247 2174 πᾶσαν
2277 2119 2437 2183 ὄντας
2481 2118 2580 2190 τὴν
2612 2120 2703 2173 ὑπ’
2733 2119 2959 2190 οὐρανόν
2980 2135 2994 2150 ·
3017 2119 3172 2188 ἡμᾶς
3225 2116 3281 2169 δὲ
3338 2116 3462 2178 τοὺς
3504 2112 3637 2167 τότε

2066 2210 2469 2280 πλανωμένους,
2495 2210 2597 2280 γῆν
2621 2209 2808 2279 ὥσπερ
2828 2208 2950 2262 τινὰ
2978 2208 3146 2279 ξηράν
3177 2207 3334 2269 ὂντας
3392 2207 3487 2259 καὶ
3529 2204 3637 2259 ἄν·

2060 2301 2244 2374 υδρον,
2273 2302 2616 2373 καρποφόρον
2642 2300 2916 2366 ἀνέδειξα’ς
2934 2340 2948 2363 ,
2983 2300 3076 2354 καὶ
3098 2299 3491 2371 γονιμωτάτην,
3529 2290 3637 2351 καὶ

2071 2392 2220 2464 ἱερὰν
2249 2393 2482 2465 άληθῶς.

1408 2495 1605 2556 Itidem
1632 2502 1761 2556 etin
1799 2503 2258 2576 versum'proxime
2285 2516 2596 2578 sequentem.

454 2612 817 2668 'Athanasius.
855 2609 1163 2668 Secundum
1209 2620 1389 2668 autem
1426 2613 1831 2685 intelligentiam
1861 2616 1964 2670 ﬂu-

398 2702 674 2772 vius‘iDei
729 2712 812 2758 est
859 2703 1165 2773 unigenitus
1216 2703 1336 2773 ejus
1361 2703 1551 2760 Filius.
1600 2705 1965 2771 Quemadmo-

395 2796 534 2852 dum
578 2794 723 2850 enim
767 2809 831 2849 ex
867 2792 1015 2849 fonte
1046 2794 1267 2865 proﬂuit
1310 2798 1546 2863 ﬂuvius,
1588 2800 1661 2854 ita
1702 2801 1865 2855 etiam
1899 2817 1966 2856 ex

400 2885 708 2942 substantia
757 2886 1064 2956 generantia
1111 2888 1352 2943 nascitur
1385 2888 1577 2955 Filius,
1622 2900 1681 2947 et
1730 2899 1835 2947 est‘
1864 2893 1968 2962 ipsi

401 2978 908 3035 consubstantialis.
944 2976 1042 3033 Est
1066 2980 1228 3034 etiam
1258 2981 1450 3051 plenus
1476 2982 1654 3052 aquis,
1694 2984 1821 3054 quia
1852 2985 1966 3055 ple-

398 3068 594 3125 nitudo
629 3069 845 3125 deitatis
874 3069 1084 3125 habitat
1108 3071 1162 3125 in
1192 3071 1310 3141 ipso
1335 3090 1349 3126 :
1381 3071 1451 3125 Et
1481 3073 1705 3128 vidimus
1745 3075 1969 3146 gloriam

400 3160 645 3230 ejus,'qui
674 3160 859 3230 plenus
887 3168 1001 3214 erat
1040 3162 1217 3232 gratia
1243 3170 1292 3216 et
1314 3163 1528 3218 veritate
1548 3164 1615 3218 ".
1647 3163 1969 3237 Quanquam

404 3251 567 3307 etiam
595 3265 691 3320 per
716 3249 941 3305 ﬂuvium
976 3252 1149 3322 possit
1176 3253 1403 3324 intelligi
1434 3254 1549 3324 ipse
1578 3253 1812 3325 Spiritus
1840 3273 1971 3313 san-

405 3349 554 3408 ctus,
586 3342 680 3412 qui
732 3342 926 3416 plenus
961 3353 1044 3399 est
1085 3344 1264 3415 aquis,
1319 3346 1423 3401 hoc
1459 3355 1545 3403 est
1587 3348 1752 3404 variis
1788 3349 1972 3419 gratia:

404 3433 590 3488 donis.
620 3432 964 3503 Praeparatus
991 3444 1171 3490 autem
1217 3451 1339 3492 esse
1385 3438 1582 3493 dicitur
1624 3438 1777 3495 cibus
1812 3441 1973 3505 spiri-

406 3523 593 3589 tualis,
625 3537 692 3579 eo
736 3523 881 3594 quod
914 3533 1038 3579 ante
1063 3524 1212 3595 jacta
1244 3526 1433 3581 mundi
1481 3526 1851 3593 fundamenta,
1874 3529 1972 3584 de-

404 3614 622 3671 ﬁnitum
656 3629 721 3671 ac
753 3614 1028 3671 decretum
1086 3626 1204 3673 erat
1247 3617 1453 3674 Christi
1499 3621 1839 3690 mysterium,
1876 3621 1971 3691 qui

401 3708 557 3776 panis
582 3716 685 3770 est,
720 3708 811 3779 qui
834 3707 898 3761 de
914 3708 1045 3761 caelo
1070 3707 1355 3774 descendit,
1397 3726 1460 3765 ac
1492 3712 1586 3765 dat
1624 3714 1787 3767 vitam
1817 3729 1971 3767 mun-

405 3798 555 3853 do".
594 3797 755 3865 Quia,
800 3798 995 3867 inquit,
1040 3802 1156 3856 haec
1195 3810 1279 3857 est
1322 3802 1412 3856 illa
1461 3805 1804 3873 praeparatio,
1856 3804 1970 3858 veri

406 3889 556 3944 cibi:
605 3891 749 3959 quod
789 3892 902 3962 ipse
946 3907 1073 3947 eum
1115 3895 1428 3962 praparasti
1453 3934 1470 3962 ,
1526 3904 1579 3950 et
1618 3909 1727 3949 non
1771 3895 1969 3950 aliter:

406 3980 565 4052 quasi
603 3981 826 4047 diceret,
856 3997 1069 4037 summa
1102 3984 1436 4053 providentia
1484 3999 1549 4039 ac
1596 3983 1756 4055 digne
1807 3985 1971 4053 maie-

408 4080 548 4128 state
597 4074 797 4129 divina.
834 4073 944 4128 Deo
981 4074 1125 4128 enim
1169 4076 1422 4135 convenit
1470 4076 1595 4130 talia
1642 4091 1967 4147 praeparare,
2004 4123 2011 4129 .

408 4178 643 4233 quorum
690 4165 783 4235 qui
827 4164 961 4220 ﬁunt
1008 4167 1316 4236 participes,
1368 4167 1402 4221 ii
1450 4182 1542 4237 per
1598 4170 1967 4238 paenitentiam

405 4259 781 4313 conscendunt
813 4259 881 4313 ad
910 4258 1147 4313 divinam
1181 4259 1570 4332 dignationem.

2147 2618 2505 2683 Ἄθαγάσιος.
2544 2619 2689 2691 Πρὸς
2733 2617 2789 2670 δὲ
2831 2615 2955 2670 νοῦν
2997 2615 3242 2687 ποταμὸς
3287 2615 3419 2670 Θεοῦ
3452 2617 3481 2668 ὁ
3513 2617 3638 2671 Mo-

2066 2710 2307 2781 νογενής.
2341 2701 2435 2773 Ὠς
2456 2708 2562 2779 γὰρ
2581 2708 2685 2760 ἀπὸ
2708 2707 2887 2779 πηγῆς
2917 2706 3130 2777 ἔρχεται
3177 2707 3432 2777 ποταμὸς,
3487 2696 3639 2761 οῦτω

2069 2801 2164 2857 καὶ
2188 2800 2347 2864 αὐτὸς
2370 2802 2433 2854 ὲκ
2462 2800 2561 2870 τῆς
2578 2799 2672 2852 τοῦ
2702 2798 2951 2860 τεκόντος
2973 2797 3181 2861 οὐσίας,
3209 2799 3303 2851 καὶ
3327 2798 3472 2851 ἐστιν
3496 2801 3637 2870 ὁμο-

2070 2880 2250 2953 οὖσιος
2282 2887 2456 2958 αὐτῷ·
2482 2886 2539 2951 ὃς
2569 2878 2788 2958 ’πλήρης
2814 2888 3020 2941 ὑδάτων
3049 2887 3196 2940 ἐστίν
3217 2901 3230 2915 ·
3263 2888 3383 2940 ἐπεὶ
3408 2887 3468 2940 τὸ
3491 2888 3637 2959 πλή-

1995 3026 2038 3083 C
2075 2986 2232 3050 ρωμα
2262 2970 2359 3048 τῆς
2385 2976 2633 3046 θεότητος
2662 2979 2719 3031 ὲν
2741 2976 2888 3047 αὐτῷ
2931 2978 3193 3031 κατοικεῖ.
3250 2976 3361 3032 Καὶ
3386 2977 3639 3033 ἐθεασά-

2064 3071 2217 3138 μεθα
2243 3068 2356 3135 τὴν
2387 3065 2572 3133 δόξαν
2593 3067 2778 3122 αὑτοῦ
2801 3083 2815 3097 ⁸
2842 3067 3077 3135 πλήρης
3094 3067 3331 3138 χάριτος
3350 3069 3450 3123 καὶ
3482 3071 3639 3141 ἀνιη-

2069 3159 2253 3224 θείας.
2284 3158 2517 3230 Νοηθείη
2571 3156 2615 3210 δ’
2644 3156 2709 3211 ἂν
2757 3156 2996 3229 ποταμὸς
3043 3160 3139 3212 καὶ
3180 3156 3240 3213 τὺ
3297 3160 3519 3232 Πνεῦμα
3568 3163 3641 3216 ’τὸ

2070 3251 2243 3317 ἅγιον,
2297 3250 2501 3322 πλῆρες
2544 3249 2748 3304 ὑδάτων
2779 3249 2886 3303 τῶν
2935 3250 3206 3323 διαφόρων
3256 3254 3639 3324 χαρισμάτων.

2082 3341 2436 3412 Ἠτοιμάσθαι
2461 3341 2518 3395 δέ
2550 3358 2680 3412 φησι
2706 3342 2805 3411 τὴν
2834 3344 3204 3415 πνευματικὴν
3245 3346 3465 3417 τροφὴν,
3493 3340 3635 3401 διότι

2072 3433 2178 3505 πρὸ
2208 3433 2508 3504 καταϐολῆς
2535 3432 2741 3502 κόσμου
2770 3431 2998 3504 ὥρισται
3048 3434 3109 3488 τὸ
3132 3436 3367 3506 Χριστοῦ
3420 3440 3635 3512 μυστή-

2076 3538 2208 3597 ριον,
2239 3526 2296 3590 ὃς
2324 3526 2496 3581 ἐστιν
2526 3527 2703 3597 ἄρτος
2733 3528 2802 3581 ἐκ
2819 3527 2924 3582 τοῦ
2945 3528 3202 3595 οὐρανοῦ
3236 3528 3511 3596 καταϐὰς,
3532 3525 3645 3585 καὶ

2073 3616 2225 3685 ζωὴν
2243 3617 2446 3684 διδοὺς
2479 3618 2558 3684 τῷ
2584 3621 2804 3689 κόσμῳ.
2843 3620 2964 3673 Ὅτι
2989 3619 3179 3684 οὕτως,
3214 3622 3398 3693 φησιν,
3425 3622 3458 3692 ή
3492 3622 3644 3677 ἑτοι-

2074 3709 2245 3779 μασία
2284 3710 2386 3779 τῆς
2428 3710 2685 3782 ἀληθινῆς
2715 3710 2955 3783 τροφῆς,
2985 3705 3062 3777 ὧς
3109 3713 3270 3777 αὐτὸς
3315 3714 3641 3785 ἡτοίμασας,

2072 3801 2166 3855 καὶ
2188 3802 2286 3855 οὐκ
2299 3802 2469 3865 ἄλλως
2488 3802 2548 3871 (f.
2567 3802 2763 3867 ἀλλοςῖ·
2789 3805 2907 3857 ἀντὶ
2922 3804 3035 3867 τοῦ,
3056 3805 3526 3877 προνοητικώτατα
3541 3809 3642 3862 καὶ

2072 3890 2406 3963 θεοπρεπῶς.
2430 3891 2550 3963 Θεῷ
2573 3896 2682 3965 γάρ
2707 3894 2905 3965 πρέπει
2929 3894 3152 3947 τοιαῦτα
3177 3893 3483 3965 ἑτοιμάζειν
3508 3937 3522 3959 ,
3554 3892 3637 3951 ὧν

2071 3982 2120 4035 οἳ
2156 3983 2654 4054 μεταλαμϐάνονται
2688 3987 2767 4048 είς
2786 3984 2940 4049 ἀξίαν
2959 3985 3096 4040 Θεοῦ
3109 3985 3196 4040 διὰ
3224 3987 3321 4059 τῆς
3352 3990 3644 4058 μετανοίας

2072 4067 2466 4129 ἀναϐαίνουσιν.

934 4370 1120 4426 Adhuc
1146 4372 1199 4425 in
1222 4389 1422 4426 versum
1456 4385 1769 4441 sequentem,
1798 4381 2072 4446 prwmissa
2097 4398 2278 4438 rursus
2312 4380 2620 4440 Theodoreti
2643 4388 2919 4453 sententia,
2945 4405 2995 4444 υ.
3025 4387 3112 4442 il.

481 4463 763 4519 Athanasii
783 4471 833 4518 et
858 4462 1089 4519 Eusebii.
1117 4465 1306 4518 Altiori
1336 4480 1462 4520 vero
1479 4469 1965 4537 contemplatione:
2004 4478 2052 4545 υ

2156 4475 2497 4531 Ἀθανασίου
2522 4476 2620 4531 καὶ
2650 4480 2962 4533 Εὑσεϐίου.
2990 4478 3347 4552 Θεωρητικῶς
3363 4479 3453 4534 δέ’
3494 4478 3643 4537 Ἐπι-

412 4551 623 4610 Morare
653 4556 851 4619 adhuc,
897 4556 1091 4625 inquit,
1119 4571 1153 4608 o
1195 4556 1440 4620 Domine,
1490 4573 1553 4612 ac
1592 4559 1705 4628 riga
1741 4562 1969 4629 profun-
2077 4584 2121 4638 μ

2109 4582 2277 4631 εινον,
2308 4570 2460 4638 φησι,
2486 4568 2747 4633 Δέσποτα,
2782 4568 2851 4622 τὰ
2876 4568 3011 4640 βάθη
3037 4551 3135 4639 τῆς
3160 4569 3383 4641 καρδίας
3408 4570 3519 4623 τῶν
3545 4573 3642 4626 άν-

407 4643 607 4699 ditates
637 4645 882 4700 cordium
923 4645 1285 4700 humanorum
1339 4654 1397 4699 ut
1429 4648 1631 4712 sulcos,
1665 4658 1721 4703 et
1764 4650 1971 4706 inebria
2075 4656 2121 4729 θι

2111 4656 2305 4729 ρώπων
2333 4657 2582 4730 καθάπερ
2616 4658 2766 4722 τινὰς
2800 4658 3043 4723 αὔλακας
3071 4660 3269 4731 ἄρδων,
3324 4661 3418 4713 καὶ
3469 4662 3640 4732 μεθύ-

408 4751 504 4791 eas
537 4751 601 4792 ac
634 4737 798 4792 redde
838 4736 1062 4803 fertiles,
1098 4748 1158 4793 ut
1185 4738 1608 4808 multiplicentur
1640 4740 1847 4797 fructus
1881 4743 1972 4813 ju-
2079 4765 2121 4801 σε

2109 4765 2242 4815 κων,
2272 4752 2366 4803 καὶ
2391 4752 2470 4814 είς
2491 4753 2856 4823 καρπογονίαν
2886 4752 3195 4824 διεγείρων·
3227 4751 3368 4806 ὥστε
3403 4752 3643 4825 πληθυν-

409 4826 570 4883 stitia:
594 4826 877 4897 ipsorum;
917 4844 1026 4883 non
1060 4829 1233 4883 solum
1271 4846 1365 4900 per
1415 4831 1637 4888 [luvium
1684 4835 1702 4903 (
1736 4836 1839 4889 hoc
1889 4843 1973 4890 est
2077 4839 2121 4891 0i

2109 4839 2236 4909 ἧναι
2273 4840 2340 4894 τά
2367 4844 2678 4913 γεννήματα
2707 4844 2807 4915 τῆς
2832 4843 3175 4916 δικαιοσύνης
3208 4844 3416 4907 αὐτῶν,
3447 4846 3509 4898 οὐ
3539 4848 3641 4916 μό-

408 4933 506 4989 per
531 4918 756 4988 gratiam
783 4920 956 4973 sancti
988 4915 1265 4993 Spiritus),
1298 4922 1393 4977 sed
1437 4933 1490 4977 et
1526 4939 1623 4994 per
1676 4926 1847 4981 Stillas
1880 4941 1969 4981 ro-
2074 4947 2121 4985 vc

2109 4947 2164 4983 ον
2209 4931 2295 4985 διὰ
2338 4932 2431 4987 τοῦ
2467 4935 2706 5006 ποταμοῦ
2737 4936 3013 5006 (τουτέστι
3062 4935 3163 5005 τῆς
3199 4935 3293 4988 τοῦ
3323 4935 3645 5006 Πνεύματος

410 5018 592 5065 rantes
608 5024 639 5064 a
654 5009 948 5082 magistris,
969 5019 1227 5082 tanquam
1255 5028 1322 5066 ex
1348 5013 1585 5069 nubibus
1607 5016 1963 5086 quibusdam:
2071 5040 2121 5094 χε

2109 5024 2335 5096 άριτος),
2385 5026 2519 5081 ἀλλὰ
2544 5028 2638 5081 καὶ
2674 5028 2761 5082 διὰ
2790 5028 2898 5081 τῶν
2927 5026 3530 5099 φερομένωνψιικάδων,
3566 5028 3644 5091 ὡς

410 5097 518 5156 hoc
572 5110 658 5157 est
715 5117 813 5173 per
879 5103 1127 5160 notitiam
1173 5112 1228 5159 et
1278 5105 1611 5161 intellectum
1663 5108 1972 5164 divinarum
2072 5131 2121 5166 π‹

2109 5115 2221 5186 ταρά
2244 5133 2402 5168 τινων
2429 5118 2663 5185 νεφελῶν
2709 5119 2816 5170 τῶν
2853 5097 3223 5182 διδασκάλων,
3261 5117 3506 5171 τουτέστι
3553 5117 3644 5170 διὰ

414 5186 841 5261 Scripturarum.
2070 5205 2121 5256 τί

2109 5205 2177 5259 ῶν
2201 5207 2483 5276 νοημάτων
2508 5208 2615 5261 τῶν
2642 5208 2800 5262 θείων
2830 5209 3079 5280 Γραφῶν.

1584 5309 1648 5364 Et
1670 5311 1726 5366 in
1756 5314 1991 5382 proxime
2024 5334 2282 5372 atmea'um
2309 5337 2358 5377 ιν.
2393 5320 2475 5377 12.

485 5394 825 5458 Athanasius.
879 5402 1035 5470 Quod
1075 5404 1238 5476 igitur
1290 5403 1356 5459 ad
1409 5401 1696 5460 verborum
1748 5421 1968 5462 sensum

2157 5412 2522 5482 Ἀθανάσιος.
2576 5416 2733 5470 Κατὰ
2781 5418 2877 5489 μὲν
2913 5415 3006 5472 οὖν
3059 5418 3119 5473 τὸ
3176 5418 3357 5492 ῥητὸν,
3392 5414 3640 5474 ἐνιαυτὸν

410 5487 624 5558 attinet,
672 5507 873 5550 annum
909 5497 1254 5567 benignitatis
1285 5498 1627 5553 benedictum
1683 5498 1973 5568 appellavit
2075 5521 2121 5573 χι

2116 5504 2438 5576 ρηστότητος
2465 5487 2845 5576 εὐλογοῦμενον
2870 5510 2959 5562 τὸν
2985 5510 3084 5581 τῆς
3130 5487 3380 5581 εῦθηνίας
3420 5509 3639 5582 ὠνόμα-

483 5600 525 5634 δ¹
550 5601 709 5660 Micb.
747 5623 798 5673 ν,
837 5607 894 5666 2.
967 5606 1245 5671 "Joann,
1286 5609 1368 5666 ιι.
1447 5609 1489 5640 ⁸³
1516 5608 1670 5665 Joan.
1705 5626 1776 5677 τι,
1802 5611 1889 5665 33.
