3760 6270
141 221 224 279 531
1103 215 1528 272 FRAGMENTA
1557 215 1919 273 ’COMMENT.
1960 214 2030 270 1N
2067 213 2409 272 PSALMOS.
3251 209 3358 270 582

141 355 236 399 σιν,
268 337 346 398 Co;
381 338 453 406 τῇ
485 334 574 388 τοῦ
617 333 753 388 Θεοῦ
791 333 1112 405 χρηστότητι
1147 333 1246 404 τὴν
1283 334 1568 406 εὐετηρίαν
1615 335 1699 387 δε-

1816 350 1921 389 eum
1949 334 2041 404 qui
2071 348 2356 404 prosperos
2394 345 2679 388 successus
2715 331 2925 396 habuit,
2956 339 3016 386 ut
3059 331 3151 401 qui
3181 347 3210 384 a
3264 331 3356 384 Dei

144 427 369 498 χύμενον,
397 426 500 477 καὶ
522 425 766 492 εὐλογίας
797 424 883 477 διὰ
909 425 1006 494 τῆς
1027 424 1275 496 εὐθηνίας
1301 425 1691 497 πληρούμενον·

1816 426 2124 494 )enignitate
2151 425 2486 479 commodam
2522 424 2664 478 aeris
2697 425 3006 493 temperiem
3036 423 3260 492 accepit,
3294 437 3358 476 ac

144 520 262 588 πρὸς
292 517 348 568 δὲ
378 517 532 570 νοῦν.
574 515 858 584 Sequentia
880 515 1070 584 Cyrilli
1094 525 1234 570 sunt.
1271 516 1337 569 Et
1367 519 1523 584 paulo
1557 527 1692 587 post,
1796 520 2547 588 omnibenedictionepropter
2562 531 2869 586 prosperam
2889 533 3065 571 rerum
3083 515 3358 570 fo:tunam

147 607 513 675 Θεοδωρήτου
554 607 650 660 καί
687 608 1059 662 Ἀθανασίου.
1091 607 1189 678 Είη
1227 609 1270 660 δ’
1305 608 1368 662 ἂν
1395 610 1489 662 καὶ
1519 612 1548 662 ὁ
1569 611 1696 680 μέλ-

1816 611 1900 666 ὐίι
1926 613 2196 682 impletus.
2224 611 2288 664 Et
2309 610 2465 679 paulo
2489 618 2623 678 post,
2652 609 2959 663 Theodoreti
2983 617 3032 662 et
3057 608 3351 661 Athanasii.

148 703 234 754 λων
277 701 417 754 αἰὼν
462 701 721 769 στέφανος
775 701 1158 772 χρηστότητος,
1201 701 1287 754 διὰ
1347 701 1408 755 τὸ
1441 704 1497 756 ἐν
1531 705 1695 776 πολλῇ

1816 704 1986 759 Fuerit
2016 721 2142 760 vero
2180 720 2381 760 corona
2413 687 2754 776 benignitatis
2793 705 2953 758 etiam
2986 702 3224 756 futurum
3256 716 3358 755 saa-

149 793 461 864 χρηστότητι
487 795 611 855 τοὺς
636 792 820 862 ἁγίους
846 795 904 846 ὲν
924 793 1071 864 αὐτῷ
1103 793 1511 863 στεφανοῦσθαι.

1816 797 2004 857 :ulum,
2043 811 2109 849 eo
2137 795 2279 864 quod
2311 795 2362 850 in
2392 810 2458 850 eo
2479 811 2670 867 magna
2705 795 3033 866 benignitate
3070 794 3240 848 sancti
3273 807 3356 848 co»

1800 885 2024 938 rouandi
2055 885 2181 940 sint.

152 1015 260 1071 Item
283 1017 335 1068 in
374 1014 480 1068 illa
503 1032 523 1069 .'
555 1035 574 1068 ι
600 1015 662 1069 Et
688 1017 859 1086 campi
883 1017 961 1070 tui
982 1017 1376 1086 complebantur
1403 1019 1730 1088 pinguedine.
1757 1038 1776 1072 ›
1813 1019 2100 1076 Ρναιηιὶεδα
2135 1017 2441 1077 Theodoreti
2467 1022 2688 1076 litterali
2715 1021 3060 1089 explicatione
3097 1019 3356 1106 subtexit.

213 1132 594 1185 Ἀθανασίου.
643 1132 784 1202 Πρὸς
842 1132 899 1185 δὲ
947 1132 1070 1186 νοῦν
1129 1132 1330 1196 πεδίοις
1369 1133 1462 1184 καί⁵
1518 1132 1702 1201 γαίαις

154 1222 455 1292 παρεικάζει
483 1225 584 1286 τὰς
637 1223 746 1276 τῶν
798 1225 1154 1278 πιστευόντων
1204 1225 1398 1294 ψυχάς.
1453 1225 1548 1288 Ἃς
1589 1228 1700 1288 τοῖς

152 1315 288 1378 θείοις
319 1318 418 1369 καὶ
451 1320 840 1387 πνευματικοῖς
859 1318 1158 1386 χαρίσμασι
1186 1317 1526 1369 καταπιαίνει
1547 1311 1696 1379 Θεὸς,

153 1406 217 1459 ἳνα
233 1407 496 1462 δύνωνται
519 1408 703 1479 φέρειν
731 1410 854 1472 τοὺς
888 1410 983 1480 τῆς
1021 1408 1299 1472 εὐσεϐείας
1323 1407 1587 1478 καρπούς.

1805 1138 1836 1184 3‘.
1876 1135 2174 1189 Athanasii.
2204 1134 2374 1190 Sensu
2408 1151 2532 1190 vero
2576 1135 2838 1205 spirituali
2874 1144 3152 1204 comparat
3193 1133 3355 1187 David

1804 1227 2014 1281 animas
2045 1229 2373 1282 credentium
2405 1229 2608 1298 campis
2633 1239 2684 1281 et
2707 1230 2868 1298 agris.
2899 1227 3042 1292 Quas
3076 1226 3216 1279 Deus
3247 1227 3356 1294 spi-

1802 1318 2094 1372 ritualibus
2127 1329 2177 1372 et
2217 1320 2414 1372 divinis
2448 1321 2602 1372 donis
2637 1319 2706 1372 ita
2739 1317 3084 1388 pinguelacit,
3126 1325 3184 1371 ul
3229 1333 3357 1386 pro-

1798 1407 1941 1463 ferre
1971 1410 2175 1478 possint
2218 1410 2432 1478 pietatis
2463 1412 2692 1463 iructus.

934 1544 1000 1598 Et
1029 1547 1082 1598 in
1103 1545 1254 1599 verba
1277 1559 1296 1598 :
1331 1563 1349 1596 ι
1391 1543 1732 1614 Pinguescent
1764 1548 1993 1612 speciosa
2022 1547 2233 1609 deserti,
2276 1564 2295 1597 ι
2329 1553 2457 1609 etc.,
2492 1561 2542 1599 υ.
2576 1545 2661 1597 15.

205 1659 303 1735 (97)
337 1663 727 1718 Ἀθανασίου.
762 1662 903 1734 Πρὸς
932 1662 986 1714 δὲ
1015 1661 1136 1715 νοῦν
1161 1659 1334 1733 ὡραῖα
1361 1663 1482 1728 τούς
1515 1664 1699 1729 ἁγίους

1873 1663 2170 1715 Athanasii.
2223 1663 2528 1716 Secundum
2578 1677 2707 1715 vero
2762 1661 3188 1731 intelligentiam,
3239 1677 3361 1731 spe-

149 1757 460 1818 ἀτοστὸλους
497 1756 591 1807 καὶ
652 1753 1042 1822 εὐαγγελιστάς
1086 1771 1236 1823 φησι,
1260 1756 1385 1817 τούς
1415 1755 1699 1824 εὐτραφεῖς

1816 1755 1952 1810 :iosa
1996 1756 2068 1807 ait
2109 1756 2256 1823 ipsos
2307 1764 2525 1806 sanctos
2567 1753 2840 1821 apostolos
2883 1762 2935 1804 et
2979 1751 3357 1819 evangelistas,

150 1850 528 1918 γεγενημένους
546 1850 658 1908 τοῖς
685 1847 1069 1915 πνευματικοῖς
1089 1846 1417 1916 χαρίσμασιν
1435 1847 1522 1898 ,Ἤ
1533 1865 1595 1918 ρη
1605 1863 1700 1916 μον

1816 1846 1896 1916 qui
1941 1845 2076 1898 bene
2111 1845 2336 1911 saginati
2385 1845 2597 1896 l'uerant
2640 1843 3012 1912 spiritu.ilihns
3041 1844 3216 1896 donis.
3256 1843 3358 1894 De-

150 1939 194 1992 δὲ
214 1941 304 2010 τὴν
332 1936 664 2006 Ἐκκλησίαν
695 1937 974 2001 ἀποκαλεῖ,
997 1937 1094 2007 τὴν
1115 1937 1279 1988 πάλαι
1304 1936 1505 2009 ἔρημον
1537 1933 1700 1990 οὖσαν

1816 1948 2009 1991 sertum
2047 1948 2223 1990 autem
2259 1946 2415 1990 vocat
2447 1935 2760 2000 Ecclesiam,
2790 1937 2934 2004 quod
2985 1935 3112 1988 oliui
3147 1936 3358 1990 deserta

148 2031 230 2099 τῆς
259 2029 385 2100 περὶ
416 2027 558 2082 Θεοῦ
592 2025 866 2097 γνώσεως.

1816 2043 1873 2083 ac
1907 2045 2073 2082 vacua
2103 2041 2244 2083 esset
2268 2029 2574 2097 cognitione
2602 2026 2715 2082 Dei.

708 2166 778 2221 Et
809 2168 858 2220 in
884 2166 1033 2220 verba
1071 2166 1357 2236 sequentia,
1387 2181 1434 2221 υ.
1463 2165 1515 2217 5.
1549 2163 1856 2218 Theodoreti
1904 2163 2244 2231 explicationi
2281 2163 2633 2230 subjiciuntur
2669 2164 2799 2218 hare.

191 2281 568 2348 'Aaaracrlov,
596 2283 918 2351 Κυρίλλου.
938 2283 1078 2353 Πρὸς
1094 2281 1149 2334 δὲ
1167 2280 1308 2335 νοῦνο
1324 2281 1434 2352 Τῆς
1453 2280 1546 2334 τοῦ
1563 2278 1694 2332 Θεοῦ

151 2377 395 2448 φανείσης
425 2375 814 2448 χρηστότητος,
838 2376 871 2444 ἡ
906 2374 1070 2428 παλαι
1114 2374 1316 2445 ἔρημος
1349 2371 1698 2444 καρποφορή-

154 2485 240 2531 σει⁹
261 2471 351 2522 καὶ
367 2471 419 2521 οἱ
465 2467 664 2537 βουνοί,
697 2468 745 2518 oi.
783 2468 902 2528 ταῖς
929 2465 1228 2527 είδωλικαῖς
1259 2463 1468 2526 θυσίαις
1499 2463 1699 2532 μιαινό-

155 2576 303 2628 μενοι,
332 2560 468 2620 τοὺς
494 2558 585 2609 τὸν
617 2555 902 2625 ἁγγελικὺν
949 2554 1299 2627 αἱρουμένους
1331 2553 1442 2624 βίον
1476 2553 1700 2623 δεξάμε-

153 2665 237 2713 νοι,
257 2649 743 2720 εὐφρανθήσονται.
775 2649 844 2700 Ἦ
875 2647 1079 2717 βουνοῖς
1111 2647 1389 2711 ἀπεικάζει
1417 2647 1540 2708 τοὺς
1562 2645 1700 2698 κατὰ

147 2745 355 2814 καιροὺς
377 2743 492 2796 τῶν
510 2742 680 2808 ἁγίων
711 2740 1040 2810 Ἐκκλησιῶν
1066 2739 1417 2810 ἡγουμένους,
1441 2739 1534 2790 καὶ
1560 2736 1701 2790 λαῶν

1875 2278 2178 2339 Athanasii,
2232 2275 2441 2345 Cyri/ti.
2495 2277 2572 2330 Ad
2615 2277 2937 2331 intellectum
2979 2292 3144 2333 vero:
3178 2279 3359 2349 Appa-

1803 2381 1955 2426 rente
1998 2372 2085 2425 [rei
2137 2371 2463 2442 benignitate
2492 2409 2507 2433 ,
2554 2385 2672 2438 quae
2723 2370 2849 2422 olim
2897 2370 3109 2425 deserta
3165 2372 3358 2438 fuerat,

1805 2467 2038 2522 fructum
2073 2461 2226 2525 feret,
2261 2471 2314 2514 et
2343 2462 2508 2516 colles
2548 2461 2809 2513 idolorum
2840 2459 3120 2514 sacriﬁciis
3149 2464 3360 2531 pollut.,

1805 2559 2157 2626 suscipientes
2201 2570 2296 2609 eos
2335 2555 2426 2623 qui
2475 2555 2770 2623 angelicam
2813 2553 2978 2607 vitam
3040 2566 3313 2611 sectantur
3339 2598 3356 2618 .

1805 2650 2170 2706 exsultabant.
2213 2646 2309 2700 Vel
2357 2656 2502 2700 certe
2545 2646 2777 2700 collibus
2824 2648 3088 2702 assimilat
3119 2665 3232 2712 eos,
3265 2651 3358 2718 qui

1807 2741 2088 2812 quibusvis
2111 2739 2442 2808 temporibus
2463 2748 2773 2792 sanctarum
2801 2737 3162 2794 Ecclesiarum
3194 2743 3361 2796 duces

157 2837 568 2907 προεστηκότας,
587 2835 705 2904 ἦτοι
725 2833 985 2904 ποιμένας
1012 2832 1478 2894 καὶδιδασκάλους.
1501 2831 1701 2900 Ὥσπερ

1816 2842 1969 2896 sunt,
2022 2846 2086 2886 ac
2136 2830 2456 2900 pomilorum
2508 2829 2806 2898 prmsides,
2863 2829 2974 2884 sive
3012 2842 3259 2900 pastores
3309 2843 3364 2888 rt

156 2925 245 2995 γὰρ
271 2925 367 2993 τῆς
395 2925 567 2993 ἄλλης
592 2923 808 2993 ἁπάσης
836 2922 938 2992 γῆς
964 2921 1355 2994 ὐπερανέχουσι
1384 2921 1451 2974 τά
1483 2920 1582 2991 ὅρη
1613 2921 1705 2973 καὶ

159 3017 197 3067 οἱ
220 3015 388 3084 βουνοί
404 3032 419 3046 ο
460 3015 550 3067 τὸν
571 3014 729 3069 αὐτὸν
760 3014 960 3086 τρόπον
983 3015 1074 3067 καὶ
1101 3016 1132 3085 ἡ
1157 3013 1264 3065 τῶν
1302 3013 1470 3081 ἁγίων
1499 3029 1701 3082 μυστα-

157 3106 329 3174 γωγῶν
355 3107 487 3171 ἀξία
516 3106 821 3176 ὑψηλοτέρα
865 3105 970 3158 τῶν
1021 3104 1192 3159 ἄλλων
1219 3105 1382 3156 ἐστίν.
1414 3096 1570 3157 Οὗτοι
1612 3103 1704 3156 καὶ

160 3197 462 3264 ἀγαλλίασιν
485 3197 927 3270 περιζώννυνται,
949 3196 1191 3251 τουτέστι
1222 3197 1318 3267 τὴν
1344 3194 1436 3249 τοῦ
1466 3196 1595 3248 πνεύ
1605 3212 1706 3268 μα-

160 3304 234 3353 τος
264 3290 628 3362 παράκλησιν.

1808 2925 2073 2978 doctores.
2123 2919 2586 2987 Quemadmodum
2642 2921 2785 2972 enim
2840 2933 3049 2975 montes
3100 2932 3152 2975 et
3197 2924 3363 2977 colles

1808 3023 2030 3068 caeteras
2054 3025 2240 3066 onmes
2270 3019 2423 3063 terra:
2444 3018 2624 3078 partes
2653 3008 2934 3063 altitudine
2955 3009 3243 3078 excedunt,
3289 3012 3362 3066 ita

1807 3107 1968 3160 etiam
2033 3103 2190 3157 altior
2253 3112 2337 3158 est
2394 3101 2628 3172 dignitas
2687 3111 2997 3157 sanctorum
3037 3101 3362 3167 doctorum,

1809 3210 1973 3264 quam
2022 3194 2252 3248 aliorum
2299 3193 2599 3246 hominum.
2646 3191 2712 3245 Et
2749 3191 2801 3244 hi
2857 3194 3211 3248 exsultatione
3255 3195 3364 3250 cir-

1809 3283 2244 3353 cumcinguntur,
2282 3281 2385 3336 hoc
2409 3292 2492 3336 est
2514 3281 2883 3338 consolatione
2905 3284 3148 3353 spiritus.

867 3426 1093 3481 Rursum
1125 3427 1180 3479 in
1212 3426 1363 3480 verba
1389 3426 1529 3480 ista:
1573 3443 1592 3476 ι
1630 3433 1700 3478 Μ
1729 3421 1886 3478 valles
1921 3421 2256 3476 abundabunt
2283 3421 2566 3492 frumento.
2599 3440 2617 3473 ι

221 3544 547 3612 Γρηγορίου
600 3544 890 3612 Θεολόγου
936 3544 1033 3598 καί
1069 3544 1443 3600 Ἀθανασίου.
1504 3547 1568 3597 Δί
1606 3543 1703 3614 μὲν

162 3635 245 3702 τῆς
273 3638 370 3707 γῆς
402 3637 494 3689 τὸν
525 3636 777 3705 αἰσθητὸν
809 3637 904 3690 κα)⁸
957 3639 1248 3709 ὲιρήμεροψ
1280 3639 1336 3691 αί
1371 3639 1426 3690 δὲ
1463 3639 1570 3691 τῶν
1600 3638 1703 3708 ψυ-

167 3729 258 3797 χῶν
279 3729 383 3781 τῶν
419 3727 601 3789 καλῶς
647 3728 724 3797 τῷ
781 3727 921 3799 λόγῳ
947 3729 1367 3800 γεωργουμένων
1415 3729 1504 3782 τὸν
1552 3746 1710 3782 πνευ-

170 3820 370 3886 ματικὸν
401 3821 498 3872 xa‘t
527 3817 760 3873 αἰώνιον.
794 3819 858 3870 Ai
907 3819 1015 3889 γὰρ
1056 3820 1241 3883 πάλαι,
1278 3821 1459 3890 φησὶν,
1491 3820 1709 3892 ἀπορῶν

163 3921 300 3961 ταται
329 3911 428 3962 καὶ
457 3909 640 3975 ἄγονοι
663 3907 770 3962 τῶν
796 3908 961 3962 ἐθνῶν
984 3908 1153 3981 ψυχαὶ
1203 3911 1552 3982 πνευματικῷ
1577 3928 1713 3984 καρ-

167 3999 240 4068 πῷ
270 4001 479 4054 ἔσονται
507 3999 749 4072 πλήρεις.

1882 3540 2116 3610 Gregorii
2150 3537 2415 3608 Theologi,
2441 3550 2488 3592 et
2529 3538 2829 3592 Athanasii.
2873 3535 3178 3591 Terrestres
3206 3534 3367 3590 nimi-

1753 3660 1765 3673 -
1811 3650 1930 3688 rum
1964 3633 2151 3695 valles,
2188 3631 2443 3686 sensibile
2477 3630 2818 3698 diariunique
2870 3628 3195 3682 frumentum
3248 3627 3367 3682 fun-

1812 3727 1975 3791 dent;
2009 3725 2204 3778 anima:
2233 3739 2358 3785 vero
2389 3737 2575 3776 eorum
2610 3722 2702 3790 qui
2737 3721 2992 3790 przeclare
3031 3722 3193 3776 verbo
3233 3722 3364 3777 culti

1814 3825 1960 3878 sunt,
2007 3815 2288 3884 spirituale
2321 3815 2449 3868 illud
2484 3825 2646 3884 atque
2678 3823 2958 3869 internum.
3011 3813 3364 3870 Ethnicorum

1816 3911 1958 3965 enim
1997 3911 2212 3978 animae,
2248 3910 2441 3980 inquit,
2490 3925 2608 3979 quat
2638 3910 2764 3963 olim
2815 3909 3173 3982 egentissima:
3211 3919 3368 3966 erant

1807 4012 1968 4071 atque
1996 4000 2316 4066 infecundae,
2348 4000 2524 4055 fructu
2560 4000 2823 4070 spirituali
2853 4001 3222 4055 abundabunt.

1089 4135 1156 4189 Et
1184 4137 1234 4189 in
1265 4135 1417 4191 verba
1442 4137 1652 4202 ultima,
1687 4134 2002 4189 Theodoreto
2034 4135 2390 4206 subjungitur.

238 4247 608 4315 Ἀθανάσιος.
677 4247 886 4312 ’Ᾱπλῶς
926 4248 1030 4312 δέ’]
1067 4249 1357 4312 Ἅπαντες,
1421 4250 1604 4320 φησὶν,
1659 4250 1701 4301 oi

1881 4247 2224 4301 Athanasius.
2283 4246 2608 4318 Simpliciter
2659 4264 2788 4304 vero
2832 4247 3114 4312 :Omnes,
3169 4248 3366 4318 inquit,

169 4340 541 4412 προλεχθέντες
589 4341 684 4394 σὺν
739 4341 888 4412 πάσῃ
924 4340 1194 4413 προθυμία
1235 4342 1324 4396 τὸν
1365 4341 1493 4394 Θεὸν
1535 4343 1708 4411 ἀνυμ-

165 4437 394 4503 νήσουσι,
425 4438 524 4508 τὴν
575 4435 830 4508 τοιαύτην
860 4435 1156 4508 μεταϐολὴν
1185 4438 1248 4506 τῇ
1276 4435 1382 4488 τῶν
1411 4435 1711 4507 ἀνθρώπων

168 4521 535 4599 δωρησάμενον
566 4527 748 4597 φύσει.

1815 4340 2052 4409 prtedicti
2107 4356 2231 4395 cum
2283 4341 2430 4393 omni
2505 4341 2778 4394 alacritate
2833 4341 3125 4395 laudabunt
3177 4342 3363 4406 Deum,

1812 4431 1906 4500 qui
1960 4433 2120 4485 talem
2175 4430 2625 4500 permutationem
2691 4443 2897 4488 naturae
2954 4433 3235 4487 hominum
3267 4434 3367 4488 do-

1807 4523 1973 4578 navit.

684 4665 746 4723 In
770 4668 960 4739 psalmi
985 4684 1086 4723 va
1119 4683 1319 4722 versum
1353 4667 1603 4737 primum,
1629 4676 1742 4736 post
1771 4667 2075 4721 Theodoreti
2128 4666 2528 4737 explicationem
2573 4669 2824 4739 sequitur.

252 4781 622 4840 Ἇθανασιόυ.
678 4782 810 4855 (98)
864 4785 1020 4838 Κατά
1068 4784 1124 4837 δὲ
1189 4783 1460 4854 θεωρίαν,
1510 4783 1712 4837 ἀλαλα-

171 4876 291 4944 γμός
337 4879 491 4932 ἔστιν
556 4877 816 4941 ὲπινίκιος
864 4877 1030 4948 ὐμνος
1083 4877 1174 4930 ἐπὶ
1235 4877 1448 4948 ἐχθροῖς
1495 4895 1712 4930 πεπτω-

174 4967 303 5020 κόσιν
339 4969 619 5040 ἀδόμενος.
669 4969 753 5032 Ὠς
796 4965 888 5022 οὖν
923 4970 1274 5040 ἀνῃρημένων
1303 4969 1408 5022 τῶν
1441 4971 1717 5042 ἀρχόντων

172 5056 251 5109 τοῦ
305 5059 499 5122 αίῶνος
561 5059 747 5113 τούτου
805 5059 893 5112 διά
941 5063 1040 5130 τῆς
1089 5059 1320 5130 Χριστοῦ
1379 5061 1713 5132 παρουσίας,

175 5149 330 5202 πάντα
355 5150 426 5203 τὰ
478 5149 606 5220 ἔθνη
629 5152 755 5213 τούς
800 5151 1095 5214 ἐπινικίους
1143 5150 1340 5221 ὐμνους
1371 5151 1715 5221 ἀναπέμπειν

175 5242 587 5311 παρακελεύεται
633 5242 710 5312 τῷ
763 5243 862 5313 τῆς
915 5242 1068 5313 νίκης
1127 5242 1280 5316 αἰτίῳ
1332 5241 1450 5314 Θεῷ
1494 5244 1588 5296 xui.
1635 5241 1713 5313 τῷ

175 5327 376 5402 ὀνόματι
420 5333 610 5399 αὐτοῦ,
655 5335 897 5388 τουτέστι
955 5335 1031 5404 τῷ
1088 5334 1220 5404 Υίῷ.

237 5505 496 5580 (βῖγηιεο
525 5496 903 5580 ειιροιίυεέυο
937 5511 1060 5566 loco
1087 5510 1376 5566 habentur.

1819 4800 1826 4808 ί
1888 4781 2186 4836 Athanasii.
2226 4783 2294 4837 At
2320 4782 2616 4838 secundum
2653 4783 2896 4839 altiorem
2925 4783 3364 4856 intelligentiam:

1814 4874 2066 4944 jubilatio
2095 4884 2178 4929 est
2216 4875 2474 4945 hymnus,
2518 4877 2610 4945 qui
2643 4884 2894 4930 cantatur
2927 4887 3142 4946 propter
3186 4878 3369 4934 hostes

1819 4966 2078 5022 devictos.
2129 4966 2266 5033 Quia
2321 4967 2482 5039 igitur
2517 4969 2786 5038 principes
2837 4969 3017 5022 saeculi
3067 4968 3227 5036 hujus
3277 4984 3371 5036 per

1819 5059 2021 5113 Christi
2063 5061 2399 5129 praesentiam
2472 5060 2669 5116 sublati
2737 5069 2863 5115 sunt
2908 5078 2922 5113 :
2968 5059 3165 5114 idcirco
3217 5059 3374 5128 jubet

1822 5165 2011 5205 omnes
2042 5161 2246 5221 gentes,
2277 5161 2336 5205 ut
2365 5151 2549 5205 laudes
2589 5149 2939 5219 triumphales
2972 5147 3078 5203 Deo
3121 5147 3370 5216 oﬂ‘erant,

1825 5251 1882 5295 ut
1922 5243 2014 5311 qui
2047 5258 2210 5297 causa
2250 5241 2412 5296 fuerit
2444 5241 2678 5295 victoriae
2706 5257 2720 5306 ;
2756 5250 2809 5294 et
2842 5240 3044 5294 nomini
3079 5239 3196 5311 ejus
3221 5279 3235 5304 ,
3270 5241 3374 5297 hoc

1827 5343 1908 5390 est
1928 5332 2085 5390 Filio.
2133 5329 2264 5388 Nam
2290 5333 2739 5404 quemadmodum
2763 5346 2862 5388 nos
2877 5347 2942 5387 ex
2967 5331 3180 5387 nomine
3203 5332 3374 5402 ipsius

233 5576 334 5643 (98)
381 5581 504 5637 Hac
535 5576 804 5638 habentur
845 5584 1093 5649 superius
1118 5597 1218 5638 suo
1265 5584 1402 5649 loco,
1437 5579 1526 5635 sed
1561 5579 1836 5646 pauciora.
