3760 6270
438 232 552 293 r33
1159 311 1164 314 Δ
1288 235 1346 292 S.
1384 232 1755 293 ATHANASII
1792 232 1937 293 OPP.
1990 237 2168 297 PARS
2205 238 2297 295 Ill.
2335 263 2404 282 -'-
2442 234 2855 299 EXEGETICA.
3574 254 3697 314 εει

444 358 870 428 cognoscimur,
920 358 1413 430 sic_cognoscitur
1457 360 1620 414 etiam
1688 359 1847 416 Pater
1915 376 1929 432 ι

2238 363 2347 435 γὰρ
2372 358 2536 435 ἡμεῖς
2557 364 2643 418 διὰ
2675 364 2765 418 τοῦ
2793 365 3054 437 ὀνόματος
3088 367 3256 422 αὑτοῦ
3283 373 3694 446 γνωριζόμεθα,

444 448 668 509 Filium.

2113 454 2256 509 οὕτω
2278 456 2372 509 καὶ
2393 459 2422 510 ὁ
2446 457 2638 529 Πατὴρ
2666 456 2756 510 διὰ
2775 457 2868 511 τοῦ
2900 459 3046 516 Υίοῦ.

1011 608 1239 664 Rursum
1268 609 1323 662 in
1345 619 1637 705 sequentem
1666 624 1869 666 versum
1896 610 1953 665 9..
1983 608 2243 665 Ρνωσεάίι
2291 612 2539 667 similiter
2578 612 2930 671 Theodorum
2956 616 3091 689 (99).

515 734 767 803 Cynum,
810 730 1155 784 Αιησπαεὶκδ.
1202 729 1271 784 At
1316 729 1404 784 hic
1446 730 1663 800 quidem
1712 728 2000 785 verborum

2201 730 2463 797 ύριλλος,
2483 730 2852 797 Ἀθανάσιος.
2869 733 2977 787 Καὶ
2992 732 3249 805 οὖτωμὲν
3266 735 3397 808 πρὸς
3413 737 3686 811 ἱστορίαι·

442 843 634 885 sensus
682 833 765 881 est
814 823 1128 879 historicus.
1196 824 1266 877 At
1317 824 1612 878 secundum
1666 824 1927 893 spiritualt

2183 821 2235 883 ὺς
2249 821 2307 875 δὲ
2320 823 2689 893 πνευματικὴν
2715 823 2939 895 ἔκληψιν
2967 825 3088 879 λίαν
3099 827 3305 901 φοϐερὰ
3313 828 3380 881 τά
3397 829 3531 901 ἔργα
3552 833 3595 884 Χ
3605 850 3668 902 ρι

430 920 839 989 acecptionem,
876 917 1030 971 valde
1061 916 1349 971 metuenda
1384 927 1511 974 sunt
1557 916 1759 972 Christi
1813 931 1914 986 Ope

2198 912 2250 976 ῦ,
2281 915 2453 967 εἴτουν
2476 917 2531 968 αἱ
2562 916 2896 987 θεοσημείαι,
2920 919 3013 972 καὶ
3041 919 3123 983 τὸ,
3153 920 3397 973 ἐκποδὼν
3422 922 3683 991 γενέσθαι

436 1012 553 1069 sive
584 1010 766 1065 divina
798 1009 917 1079 ejus
947 1008 1231 1073 miracula,
1265 1022 1319 1064 et
1345 1009 1493 1080 quod
1522 1007 1589 1063 de
1620 1008 1799 1064 medio
1826 1023 1921 1064 nos

2196 1024 2206 1055 ν
2229 1005 2551 1077 ἀκαθάρτων
2568 1006 2835 1078 δαιμόνων
2851 1009 2918 1061 τὰ
2939 1009 3140 1081 πλήθη.
3159 1010 3367 1081 Πλῆθος
3391 1012 3446 1065 δὲ
3462 1014 3557 1066 καὶ
3575 1029 3681 1065 πε·

2100 1099 2312 1171 ριουσία
2338 1099 2619 1170 δυνάμεως
2646 1102 2677 1170 ή
2703 1101 2995 1166 ἀνάστασις
3016 1102 3202 1168 αὐτοῦ,
3220 1108 3682 1177 καταστρέφουσα

2102 1191 2199 1260 μὲν
2228 1190 2317 1243 τοῦ
2349 1189 2578 1244 θανάτου
2612 1190 2673 1243 τὸ
2704 1192 2921 1263 κράτος.
2966 1194 3181 1247 ἃπασαν
3211 1194 3265 1248 δὲ
3314 1197 3414 1268 τὴν
3458 1197 3680 1261 ἀνθρώ-

2098 1301 2201 1336 που
2227 1284 2385 1354 φύσιν
2432 1286 2512 1348 είς
2565 1284 2873 1357 ἀφθαρσίαν
2927 1288 3367 1353 άνακαινίζουσα.
3422 1291 3575 1343 Ἐπεὶ
3612 1292 3678 1345 δὲ

435 1382 508 1439 tis
526 1400 552 1451 ,;
583 1382 855 1438 revocavit
879 1398 1007 1437 vero
1051 1382 1116 1436 ad
1170 1382 1631 1453 incorruptionem
1685 1380 1920 1434 universa

2190 1375 2369 1438 δδαῖοι,
2399 1374 2507 1428 τῶν
2526 1376 2760 1448 Χριστοῦ
2794 1377 3084 1448 θαυμάτων
3142 1379 3418 1449 γενόμενοι
3447 1379 3675 1453 θεωροὶ,

433 1474 676 1532 hominis
708 1483 979 1529 naturam.
1013 1474 1150 1541 Quia
1180 1484 1357 1529 autem
1394 1472 1585 1540 Judzei,
1620 1488 1742 1527 cum
1779 1482 1918 1541 speet

2186 1485 2213 1521 ν
2238 1467 2651 1539 ἐκπλήττεσθαι,
2675 1468 2766 1521 τὸν
2794 1470 3154 1542 τερατουργὸν
3184 1470 3539 1535 ὲνδιὲὁαλλον,
3570 1476 3671 1526 καὶ

434 1574 586 1623 tores
628 1576 814 1623 essent
870 1568 1257 1622 miraculorum
1318 1566 1565 1631 Christi,
1614 1565 1706 1620 ubi
1774 1574 1919 1633 stupe

2188 1561 2302 1613 ἅνον
2322 1560 2568 1625 ἐκάλουν,
2594 1561 2935 1632 ἐπιπλήττων
2968 1562 2997 1613 ὁ
3025 1561 3239 1630 ψάλλων
3267 1563 3417 1632 φησί·
3441 1563 3673 1616 Παύσα-

436 1657 739 1728 oportebat,
769 1657 869 1727 ipsi
898 1672 1087 1713 eorum
1121 1666 1399 1713 auctorem
1423 1657 1895 1712 calumniabantur

2186 1678 2211 1719 :,
2240 1658 2429 1711 εἴπατε
2458 1655 2514 1708 δὲ
2571 1653 2767 1725 μᾶλλον
2815 1653 2984 1724 αὐτῷ,
3033 1655 3113 1706 ὃτι
3162 1654 3368 1726 Φοϐερὰ
3404 1656 3473 1709 τά
3523 1657 3671 1728 ἔργα

426 1747 781 1819 impostorem
816 1749 1099 1815 vocabant,
1147 1750 1350 1807 idcirco
1386 1750 1681 1821 objurgans
1719 1762 1813 1804 eos
1843 1747 1911 1803 Ps

2192 1789 2205 1804 .
2243 1744 2376 1802 Εἶτα
2404 1748 2523 1800 ἐπεὶ
2550 1744 2902 1809 ἀπειθοῦντας
2930 1746 3095 1819 ἐώρα,
3125 1747 3281 1816 ἀφεὶς
3304 1746 3364 1800 τὸ
3398 1748 3532 1819 πρὸς
3563 1750 3669 1803 αὖ-

427 1849 511 1896 tes
544 1842 662 1896 ait:
690 1841 964 1908 Desistite,
994 1860 1057 1899 ac
1090 1845 1268 1912 potius
1308 1844 1471 1899 dicite
1512 1844 1612 1913 ipsi
1639 1862 1652 1898 :
1681 1840 1910 1897 Tremen

2188 1860 2215 1907 ς
2243 1840 2602 1909 διαλέγεσθαι,
2637 1839 2714 1910 τῷ
2739 1840 3219 1911 συκοφαντουμένῳ
3248 1840 3465 1913 Χριστῷ
3487 1859 3668 1912 προσ-

425 1941 554 1988 sunt
578 1948 741 2003 opera
772 1944 884 1989 tua.
921 1934 1141 2001 Deinde,
1181 1936 1440 2006 quoniam
1489 1935 1709 1990 videbat
1750 1949 1846 1990 eos
1881 1949 1909 1989 s

2182 1934 2272 1988 ,λεῖ
2301 1973 2317 1999 ,
2369 1933 2562 2002 λέγων·
2626 1932 2800 2003 Πολλή
2849 1947 2942 1986 σου
2997 1933 3031 2002 ἡ
3086 1931 3333 2003 δύναμις,
3391 1934 3439 1985 εἰ
3487 1936 3583 1986 καὶ
3612 1937 3667 1988 oi

418 2037 632 2079 morem
674 2040 783 2079 non
828 2041 1048 2097 gerere,
1098 2042 1295 2082 averso
1345 2027 1413 2082 ab
1452 2026 1586 2097 ipsis
1619 2040 1875 2082 sermone

2180 2025 2270 2097 pol
2296 2041 2387 2078 σου
2410 2024 2701 2094 ἐψεύσαντό
2731 2040 2810 2085 σε,
2834 2023 3095 2087 ἑκουσίως
3127 2023 3261 2095 πρὸς
3296 2023 3354 2076 τὸ
3382 2026 3549 2093 φανὲν
3578 2026 3665 2098 τῷ

414 2113 699 2171 Christum
719 2117 1016 2174 calumniis
1049 2118 1356 2188 impetitum
1389 2134 1447 2174 se
1472 2119 1738 2174 convertit
1758 2119 1899 2174 dicet

2177 2136 2276 2189 ιμῳ
2302 2117 2443 2170 θεῖόν
2476 2133 2568 2169 σου
2603 2115 2718 2185 φῶς
2746 2114 3034 2186 μύσαντες,
3083 2117 3179 2168 καὶ
3220 2115 3352 2186 μηδὲ
3377 2116 3484 2168 τῶν
3521 2118 3662 2170 θαι,-

419 2205 588 2263 Multa
615 2217 698 2264 est
724 2211 961 2279 potentia
1006 2219 1119 2272 tua,
1155 2220 1641 2281 quantumcunque
1687 2211 1872 2267 hostes
1902 2225 1904 2249 τ

2177 2229 2273 2265 των
2299 2211 2396 2282 τῆς
2439 2208 2743 2281 ὑπερϐολῆς
2765 2211 3208 2279 παρενεγκοῦσης
3260 2208 3454 2271 αὐτοὺς
3477 2211 3558 2271 εἰς
3597 2210 3662 2263 τὸ

413 2299 483 2355 de
521 2308 573 2355 te
617 2301 823 2356 mentiti
865 2302 1002 2366 siut,
1053 2310 1243 2371 sponte
1290 2317 1388 2357 sua
1426 2303 1615 2358 oculos
1661 2302 1898 2358 clauden‘

2176 2304 2383 2359 θεσθαι.
2412 2303 2609 2374 Πλήθει
2654 2302 2762 2373 γὰρ
2786 2301 3065 2373 δυνάμεως
3095 2302 3187 2355 τοῦ
3244 2302 3446 2373 Κυρίου
3494 2302 3660 2373 ἡμῶν

410 2392 483 2449 ad
530 2392 773 2449 divinum
822 2404 977 2450 tuum
1021 2395 1206 2451 lumen
1245 2396 1393 2466 quod
1440 2396 1645 2451 mundo
1689 2410 1892 2467 apparu

2174 2399 2463 2461 ῖελέσαντος
2484 2396 2581 2467 τὴν
2599 2394 2804 2448 οἰκείαν
2836 2396 2901 2447 ὲκ
2930 2394 3136 2465 νεκρῶν
3191 2394 3483 2448 ἀνάστασιν
3509 2396 3659 2448 κατὰ

411 2483 549 2541 adeo
576 2495 637 2541 ut
669 2501 738 2541 ne
782 2487 999 2557 quidem
1042 2488 1402 2558 praecellentia
1453 2488 1845 2544 miraculorum
1880 2505 1896 2542 ε

2195 2489 2531 2562 ἀνθρώπινον
2557 2526 2572 2554 ,
2632 2488 2681 2540 οί
2750 2485 2933 2557 ἐχθροὶ
2983 2485 3145 2540 αὑτοῦ
3208 2486 3444 2555 Ἑϐραῖοι
3489 2487 3656 2554 ἐψευ-

412 2575 479 2631 ad
540 2575 899 2633 obedientiam
971 2593 1286 2649 permovere
1324 2580 1583 2650 potuerit.
1647 2578 1784 2634 Nam
1848 2596 1897 2635 ct

2172 2599 2243 2636 ντο
2308 2580 2501 2636 αὐτόν·
2565 2577 2872 2645 τουτέστιν,
2941 2576 3275 2631 ὲνδιέῦαλλον
3348 2578 3447 2648 τὴν
3514 2578 3657 2631 ἀνά-

410 2667 676 2725 Dominus
729 2678 915 2725 noster
980 2670 1323 2729 multitudine
1380 2673 1636 2741 potentiae
1696 2689 1850 2730 suam
1904 2692 1970 2731 ex
2081 2693 2287 2729 στασιν.

410 2764 643 2820 mortuis
690 2763 875 2835 (quod
923 2764 990 2820 ad
1060 2766 1355 2821 humanam
1423 2776 1675 2823 naturam
1744 2773 1976 2840 attinet,
2029 2769 2491 2828 resurrectionem
2568 2762 2919 2836 perfecisset,
2991 2763 3389 2819 mentiebantur
3466 2764 3537 2820 de
3584 2780 3656 2821 eo

408 2851 618 2911 Hebraei
670 2856 856 2915 hostes
889 2858 1009 2928 ejus
1042 2878 1055 2915 :
1098 2860 1200 2916 hoc
1228 2868 1314 2916 est
1361 2862 1831 2920 calumniabantur
1864 2867 1982 2938 ejus
2012 2863 2488 2921 resurrectionem.

434 1103 657 1159 sustulit
722 1102 1062 1171 impurorum
1114 1101 1505 1156 daemoniorum
1566 1101 1989 1156 multitudinem.

430 1192 721 1252 Multitudo
750 1203 927 1249 autem
970 1203 1024 1250 et
1073 1194 1401 1249 abundantia
1430 1194 1704 1264 potentiae,
1753 1207 1996 1247 resurre-

429 1289 542 1347 ctio
571 1288 742 1359 ipsius
765 1298 849 1345 est
876 1302 891 1341 :
921 1303 1042 1359 qua:
1074 1288 1291 1358 quidem
1341 1288 1606 1343 subvertit
1643 1288 1810 1342 robur
1849 1302 1995 1341 mor-

1482 2994 1551 3051 Et
1584 2995 1639 3049 in
1661 3012 1862 3052 versum
1888 3000 2124 3068 proxime
2150 2997 2491 3051 colta'rentem
2520 2991 2554 3046 ι

476 3109 821 3174 Athanasius,
848 3104 1103 3178 Cyrillus,
1144 3106 1427 3181 Gregorius
1469 3108 1765 3181 .Vyssenus.
1802 3111 1961 3179 Licet1

2162 3112 2226 3183 [1)
2260 3107 2635 3175 Ἀθανάσιος,
2672 3106 2988 3175 Κύριλλος,
3020 3105 3342 3175 Γρηγόριος
3366 3104 3647 3175 Νύσσης.

403 3200 601 3271 inquit,
645 3198 817 3253 Judaei
867 3208 920 3254 te
952 3200 1194 3270 negaturi
1245 3203 1377 3265 sint,
1431 3203 1751 3272 subjicietur
1782 3211 1968 3260 tamen

403 3292 500 3348 tibi
531 3306 631 3363 pro
665 3292 801 3362 ipsis
832 3299 887 3345 et
909 3291 1158 3347 adorabit
1189 3304 1242 3348 te
1274 3294 1454 3350 omnis
1498 3304 1664 3358 terra.
1694 3296 1808 3351 sive
1839 3312 1967 3368 gen.

401 3395 484 3440 tes
522 3400 644 3453 qua:
670 3384 1049 3438 inhabitabant
1086 3393 1305 3440 terram.
1332 3384 1519 3457 Neque
1557 3387 1701 3441 enim
1731 3390 1965 3459 amplius

399 3475 647 3530 adoratio
694 3473 785 3529 tlet
813 3473 1204 3545 Jerosolymis:
1237 3490 1360 3531 cum
1388 3475 1502 3546 jam
1547 3476 1736 3547 legalis
1771 3478 1962 3533 umbra

397 3568 697 3625 cessaverit
720 3568 1018 3624 secundum
1043 3567 1215 3624 illud:
1250 3568 1559 3623 Adorabunl
1582 3587 1701 3624 eum
1743 3573 1962 3641 quisque

396 3675 463 3715 ex
491 3660 606 3714 loco
634 3678 729 3716 suo
750 3660 817 3726 ⁸⁸,
852 3668 906 3716 et
934 3660 1179 3715 adoratio
1204 3660 1316 3730 jam
1344 3661 1440 3717 ﬁat
1468 3662 1521 3716 in
1547 3662 1743 3732 spiritu
1792 3673 1845 3718 et
1869 3678 1962 3719 ve-

394 3752 577 3815 ritate,
608 3766 674 3807 eo
699 3749 844 3823 quod
887 3751 1241 3820 congruentia
1288 3760 1622 3822 peraguntur
1668 3766 1831 3822 opera
1864 3751 1959 3807 Dei

393 3842 725 3911 adorationi,
767 3843 938 3914 ipsius
986 3843 1349 3914 appellatione
1388 3844 1498 3899 illis
1542 3843 1815 3914 imposita.
1848 3846 1956 3899 Ista

390 3948 581 4006 porro,
636 3933 918 4004 praedictio
959 3944 1088 3989 sunt
1130 3934 1414 4004 praesentis
1455 3934 1621 4004 hujus
1666 3937 1953 4006 temporis,

390 4040 503 4097 quo
531 4026 585 4081 in
615 4025 869 4081 omnibus
895 4025 1143 4097 gentibus
1169 4028 1544 4082 universorum
1569 4029 1710 4083 Deus
1739 4028 1956 4099 hymnis

390 4120 716 4185 celebratur,
746 4135 810 4175 ac
846 4118 1110 4175 Dominus
1157 4128 1342 4175 noster
1370 4118 1529 4175 Jesus
1567 4120 1843 4188 Christus,
1876 4122 1954 4176 al-

388 4212 638 4269 tissimus
652 4212 721 4267 ab
750 4211 1005 4267 omnibus
1033 4220 1281 4267 vocatur.

2072 3205 2136 3259 Ei
2178 3204 2272 3256 καὶ
2311 3200 2572 3267 Ἰουδαῖοι,
2604 3200 2789 3271 φησιν,
2813 3196 3135 3270 ἀρνήσονται
3166 3215 3247 3259 σε,
3278 3198 3390 3251 ἀντ’
3418 3197 3652 3254 ἐκείνων

2070 3293 2493 3366 ὑποκλιθὴσεταί
2529 3310 2610 3346 σοι
2642 3293 2735 3345 καὶ
2757 3292 3124 3363 προσκυνήσει
3150 3291 3298 3343 πᾶσα
3326 3291 3358 3360 ἡ
3394 3289 3491 3360 γῆ.
3524 3291 3648 3361 ἦτοι

2069 3388 2136 3442 τά
2163 3387 2289 3458 ἔθνη
2325 3386 2393 3439 τὰ
2420 3383 2776 3439 κατοικοῦντα
2815 3384 2915 3454 τὴν
2937 3382 3059 3453 γῆν.
3085 3382 3280 3435 Οὐκέτι
3309 3381 3416 3453 γάρ
3442 3384 3501 3435 ὲν
3545 3383 3650 3435 Ἱε⁴⁵

2069 3480 2350 3554 ρουσαλὴμ
2378 3479 2411 3549 ἡ
2440 3476 2825 3548 προσκύνησις,
2850 3474 2951 3545 τῆς
2998 3474 3226 3545 νομικῆς
3278 3473 3648 3545 παυσαμένης

2066 3574 2243 3637 σκιᾶς,
2279 3571 2419 3625 κατὰ
2442 3569 2524 3623 τό⁶
2573 3566 3121 3638 Προσκυνήσουσιν
3173 3563 3331 3631 αὺτῷ
3379 3565 3645 3632 ἕκαστος

2061 3666 2131 3720 ἐκ
2155 3664 2260 3719 τοῦ
2294 3664 2480 3718 τόπου
2512 3662 2719 3728 αὐτοῦ,
2746 3660 2839 3714 καὶ
2864 3660 2990 3731 ,τῆς
3026 3660 3446 3732 προσκυνήσεως
3475 3676 3642 3727 γενο-

2064 3758 2231 3829 μένης
2252 3757 2308 3809 ὲν
2336 3754 2602 3826 πνεύματι
2631 3753 2725 3809 καὶ
2756 3752 2999 3823 ἀληθείᾳ,
3060 3749 3406 3821 καταλλήλων
3455 3750 3641 3823 ἔργων

2059 3848 2355 3919 γινομένων
2376 3850 2441 3919 τῇ
2476 3846 2840 3918 προσκυνήσει
2862 3842 3021 3897 Θεοῦ.
3046 3842 3145 3913 τῆς
3171 3841 3334 3895 αὑτοῦ
3362 3857 3641 3913 προσηγο-

2066 3940 2185 4011 ρίας
2213 3938 2600 4009 ἐπικληθείσης
2634 3937 2835 3999 αὐτοῖς.
2870 3935 3196 4006 Πρόρῤησις.
3227 3933 3285 3987 δὲ
3333 3933 3507 3988 ταῦτα
3534 3936 3635 3989 τοῦ

2064 4030 2326 4101 παρόντος
2349 4028 2559 4100 καιροῦ,
2587 4027 2705 4080 καθ’
2732 4026 2789 4079 ὃν
2817 4027 2874 4079 ἐν
2904 4026 3073 4079 ἅπασι
3099 4027 3210 4088 τοῖς
3239 4024 3445 4077 ἔθνεσιν
3467 4027 3495 4077 ὁ
3518 4025 3635 4078 τῶν

2063 4123 2199 4177 ὅλων
2222 4122 2468 4192 ὑμνεῖται
2485 4119 2638 4183 Θεὸς,
2664 4119 2759 4172 καὶ
2786 4121 2815 4171 ό
2843 4118 3116 4187 Δεσπότης
3141 4116 3372 4189 Χριστὸς
3405 4117 3636 4173 ὓιιιστο·

2063 4213 2213 4285 παρά
2238 4213 2454 4265 πάντων
2482 4210 2747 4265 καλεῖται.

1078 4347 1309 4403 Rursum
1334 4351 1389 4404 in
1414 4348 1518 4402 ista
1546 4348 1698 4405 verba
1723 4367 1743 4403 :
1775 4368 1795 4403 ι
1844 4348 2024 4406 Venite
2045 4362 2094 4406 et
2129 4350 2297 4405 videte
2322 4366 2477 4419 opera
2511 4347 2626 4411 Dei,
2661 4366 2680 4399 ι
2711 4356 2832 4412 etc.,
2868 4346 2922 4402 5.

454 4462 795 4519 Athanasius.
848 4460 1059 4520 lnducit
1093 4465 1182 4520 hic
1229 4467 1597 4537 apostolorum
1649 4482 1939 4537 personam

2143 4466 2198 4535 2)
2252 4464 2626 4531 Ἀθανάσιος.
2658 4463 2780 4516 Τῶν
2813 4462 3126 4518 ἀποστόλων
3148 4462 3380 4517 ἐνταῦθα
3410 4463 3626 4533 εἰσάγει

384 4556 477 4623 qui
506 4557 736 4611 doceant
762 4565 968 4627 gentes,
998 4558 1143 4628 quod
1179 4558 1281 4613 iste
1304 4559 1395 4630 qui
1431 4559 1483 4614 in
1516 4562 1802 4624 praesentia
1844 4575 1943 4615 sua

383 4649 682 4704 secundum
736 4664 954 4704 carnem
1006 4649 1185 4703 divina
1238 4648 1328 4704 illa
1385 4652 1641 4707 miracula
1687 4659 1944 4720 operatus

379 4747 486 4803 est.
519 4740 634 4809 ipse
663 4738 803 4793 idem
835 4739 925 4803 sit,
958 4739 1052 4808 qui
1076 4740 1205 4793 olim
1239 4754 1386 4794 mare
1414 4737 1657 4794 Rubrum
1695 4740 1936 4805 arefecit,

378 4836 434 4885 et
456 4827 708 4884 Jordanis
733 4826 932 4883 ﬂuenta
957 4829 1159 4894 divisit,
1190 4829 1326 4885 adeo
1360 4837 1419 4884 ut
1446 4830 1577 4899 pede
1601 4845 1724 4883 eum
1759 4828 1939 4885 Israe-

375 4921 487 4977 lita:
535 4920 848 4976 transirent.
903 4919 1078 4992 lnquit
1128 4921 1329 4991 igitur:
1377 4920 1707 4993 Cognoscite
1745 4922 1931 4975 animo

374 5022 538 5084 atque
569 5012 849 5086 intelligite
878 5027 944 5067 ex
970 5013 1201 5084 singulis
1227 5028 1349 5083 quae
1370 5027 1398 5065 a
1433 5013 1578 5068 bono
1609 5011 1717 5066 Deo
1744 5011 1931 5067 elfecta

373 5113 520 5173 sunt,
553 5120 716 5174 quam
755 5106 801 5160 is
830 5104 902 5159 sit
928 5105 980 5158 in
1010 5104 1258 5160 consiliis
1302 5104 1418 5159 suis
1460 5103 1927 5174 incomprehensi-

369 5196 536 5253 bilis:
582 5197 925 5253 admiremini
970 5199 1131 5254 etiam
1172 5195 1495 5251 ineffabilem
1545 5196 1664 5265 ejus
1711 5198 1932 5266 sapien-

366 5288 523 5356 tiam,
552 5305 649 5360 per
680 5305 845 5361 quam
880 5290 1179 5346 humanum
1215 5303 1386 5361 genus
1431 5288 1677 5359 perducit
1719 5288 1786 5343 ad
1814 5289 1926 5359 pie-

434 5465 485 5499 “
508 5464 742 5535 Sophon.
782 5481 843 5530 tr,
870 5466 923 5521 5.

432 5597 699 5674 (99)__llaac
726 5600 996 5656 habentur
1023 5604 1267 5674 superius
1293 5602 1359 5660 ad
1392 5604 1538 5660 hunc
1563 5618 1806 5660 versum.

434 5670 510 5741 (l)
530 5670 667 5727 llaec
696 5674 949 5741 superius
981 5676 1046 5728 ad
1089 5670 1233 5730 hunc
1263 5692 1498 5730 versum.

2050 4559 2112 4613 τὸ
2144 4559 2451 4630 πρόσωπον,
2470 4558 2825 4611 διδασκόντων
2857 4556 2927 4609 τά
2953 4556 3097 4627 ἔθνη,
3115 4555 3188 4620 ὼς
3212 4549 3484 4629 άραοῦτος
3506 4559 3542 4610 ὁ
3566 4562 3626 4613 ἐν

2051 4654 2115 4723 τῇ
2143 4651 2281 4705 κατὰ
2316 4652 2491 4722 σάρκα
2520 4651 2790 4723 παρουσίᾳ
2825 4649 2923 4713 τὰς
2957 4647 3280 4720 θεοσημείας
3314 4649 3625 4722 ἐργαζόμε-

2050 4761 2157 4807 νος,
2190 4743 2349 4808 αὐτός
2378 4745 2522 4796 ἐστιν
2577 4744 2606 4795 ὀ
2655 4741 2821 4795 πάλαι
2874 4741 2971 4811 τὴν
3038 4740 3303 4813 Ἐρυθρὰν
3343 4742 3624 4799 θάλασσαν

2050 4835 2309 4907 ξηράνας,
2356 4835 2450 4888 καὶ
2484 4834 2587 4907 μὴν
2636 4835 2732 4888 καὶ
2785 4833 2877 4888 τοῦ
2921 4834 3184 4905 Ἰορδάνου
3230 4835 3507 4905 ἀνακύψας
3551 4838 3621 4892 τά

2050 4926 2316 4998 ῥεύματα,
2360 4927 2436 4990 ὡς
2490 4926 2612 4980 ποδὶ
2645 4926 2931 4998 παρελθεῖν
2992 4927 3116 4989 τοὺς
3169 4928 3316 4991 υἱοὺς
3372 4927 3614 5000 Ἰσραήλ.

2043 5018 2212 5088 Φησὶν
2239 5013 2350 5072 οὖν·
2392 5017 2750 5090 Ἐπιστήσατε
2802 5017 2895 5071 τὸν
2928 5018 3053 5071 νοῦν
3107 5020 3201 5072 καὶ
3241 5022 3614 5093 κατανοήσατε

2041 5107 2149 5160 τῶν
2179 5107 2284 5161 ὑπὸ
2310 5107 2400 5161 τοῦ
2431 5108 2633 5177 ἀγαθοῦ
2669 5107 2801 5161 Θεοῦ
2836 5108 3136 5180 γινομένων
3168 5109 3430 5173 ἑκάστων,
3462 5112 3614 5178 ὅπως

2039 5200 2185 5253 ἐστὶν
2217 5201 2274 5252 ὲν
2301 5199 2511 5270 βουλαῖς
2562 5200 2962 5271 άκατάληπτοςο
2992 5202 3087 5255 καὶ
3123 5203 3220 5272 τὴν
3251 5204 3489 5275 ἄρρητον
3515 5208 3613 5258 αὖ·

2035 5291 2130 5345 τοῦ
2157 5291 2348 5362 σοφίαν
2370 5292 2704 5365 Θαυμάσατε,
2737 5294 2804 5347 δι’
2823 5289 2890 5366 ἦς
2912 5294 2974 5348 τὸ
2997 5295 3105 5348 τῶν
3133 5295 3433 5367 ἀνθρώπων
3451 5298 3611 5369 γένος

2097 5604 2174 5676 (2)
2214 5605 2336 5664 llaec
2362 5624 2549 5681 supra.
2580 5610 2671 5665 sed
2701 5609 2970 5666 breviora.
