3760 6270
163 203 233 260 585
1047 205 1475 261 FRAGMENTA
1513 204 1864 261 COMMENT.
1907 202 1972 258 IN
2015 197 2359 260 PSALMOS.
3208 185 3316 242 586

163 320 326 389 ιωδηγεῖ
353 319 474 390 πρὸς
526 320 822 373 εὐσέϐειαν.
855 321 1115 394 Φοὸεραῖς
1149 321 1256 394 γὰρ
1289 340 1383 374 και
1435 325 1648 391 θαυμα-

1834 335 1936 373 em.
1973 315 2294 372 Tremendis
2325 325 2562 381 namque
2591 317 2646 364 et
2677 304 3012 362 admirandis
3050 299 3319 358 machinis

164 415 265 475 παῖς
297 413 543 481 μηχαναῖς
577 413 718 484 ὑπὲρ
743 413 841 483 τῆς
870 413 976 466 τῶν
1028 413 1328 485 ἀνθρώπων
1381 415 1646 485 κέχρηται

1381 415 1646 485 κέχρηται
1755 427 1888 466 usus
1915 419 1997 466 est
2023 418 2243 479 propter
2271 406 2552 462 hominum
2584 401 2835 457 salutem.

163 501 378 572 σωτηρίας.

973 592 1040 648 In
1071 595 1221 648 verba
1248 594 1478 663 ejusdem
1506 610 1522 648 :
1553 613 1571 644 ι
1613 591 1696 647 Ibi
1732 590 2051 654 (tutabimur,
2089 607 2106 639 ι
2141 595 2267 651 ctc.,
2299 601 2345 637 υ.
2377 582 2429 636 6.

207 709 440 763 Ρηῑηιίεεα
469 710 817 778 explicatione
836 726 900 764 ea:
931 709 1272 773 Tlteodoreto.
1299 711 1648 781 δεραίων-(5).
1824 706 2128 761 Athanasii.
2181 701 2285 758 Sed
2319 701 2384 755 ad
2423 698 2751 754 intellectum
2781 713 2794 749 :
2819 693 2932 748 lllic
2972 687 3319 762 regnabimus

171 801 468 876 'Aﬂarao'lov.
504 801 647 872 Πρὸς
679 802 735 855 δὲ
769 801 912 855 νοῦν·
957 803 1103 855 Ἐκεῖ
1145 804 1242 856 σὺν
1301 802 1519 874 Χριστῷ
1560 802 1655 872 βα-

1834 816 1877 854 in
1909 800 2151 862 Christo,
2198 811 2322 851 cum
2355 807 2496 848 novo
2529 791 2617 846 ille
2664 788 2864 844 saeculo
2912 783 3218 854 imperabit,
3266 791 3319 834 et

163 892 421 962 πλεύσομεν,
456 893 613 964 ἡνίκα
640 893 736 946 τοῦ
788 894 908 947 νέου
943 893 1136 956 αἰῶνος
1171 893 1497 966 βασιλεύσει,
1556 895 1648 947 καὶ

1832 892 2062 946 tabimur
2092 903 2256 959 super
2287 887 2426 956 ipso.
2475 881 2807 938 Laetaliimur
2842 891 2970 931 vero
3018 875 3071 929 in
3107 888 3192 939 eo,
3223 869 3317 942 qui

163 984 561 1055 ι’)φρανθησόμεθα
588 986 673 1038 ἐπ’
697 985 864 1055 αὐτῷ.
919 985 1336 1058 Εὐφραινόμεθα
1380 985 1438 1038 δὲ
1468 986 1526 1037 ἐν
1573 984 1648 1056 τῷ

1307 1003 1336 1038 α
1380 985 1438 1038 δὲ
1468 986 1526 1037 ἐν
1573 984 1652 1056 τῷ
1754 1000 1875 1055 quae
1903 981 2137 1038 diﬂicilia
2166 988 2343 1042 erant,
2377 978 2512 1033 levia
2540 973 2792 1030 reddidit.

163 1077 371 1145 ποιήσαντι
396 1074 460 1128 τὰ
484 1076 715 1149 δυσχερῆ
748 1077 924 1150 ῥᾴδια.

1215 1167 1472 1224 Similiter
1493 1168 1547 1221 in
1571 1181 1774 1222 versum
1803 1171 2100 1233 sequentem
2128 1160 2178 1214 7.

213 1259 520 1328 Ἆθανὰσιος,
576 1263 889 1329 Εὐσέϐιος.
941 1263 1097 1317 Κατὰ
1173 1264 1230 1317 δὲ
1282 1262 1654 1335 πνευματικὴν

1837 1258 2175 1323 Athanasius,
2209 1255 2490 1311 Eusebius.
2546 1253 2603 1308 Si
2650 1267 2776 1308 vero
2807 1248 3159 1321 spiritualitcr
3205 1245 3322 1301 hmc

161 1351 316 1423 ἐκδοχὴν
336 1353 634 1424 ὀςρθαλμοὺς
665 1353 798 1407 Θεοῦ
843 1355 969 1419 τοὺς
1009 1355 1336 1418 ἀποστόλους
1364 1357 1646 1426 νοήσομεν·

1837 1353 2133 1423 :ipiantur,
2189 1349 2382 1404 oculos
2429 1347 2522 1402 Dei
2583 1344 2858 1415 apostolos
2901 1341 3008 1396 dici
3055 1339 3322 1409 intellige-

162 1444 615 1515 παραπικραίνοντας
648 1446 704 1499 δὲ
732 1448 859 1505 τοὺς
887 1447 1191 1511 Ἰουδαίους,
1218 1446 1309 1511 οὓς
1342 1447 1436 1500 καὶ
1457 1449 1503 1500 οἱ
1528 1463 1647 1518 προ-

1835 1460 1880 1499 IS
1906 1461 1918 1497 :
1945 1441 2334 1498 exacerbantes
2362 1453 2510 1503 vero,
2540 1435 2780 1501 Iudaeos,
2816 1427 2955 1504 quos
2982 1433 3147 1487 etiam
3193 1446 3320 1501 pr0»

161 1535 269 1604 οῇται
302 1532 432 1589 οἷκον
491 1537 720 1591 ἐκάλουν
773 1537 1300 1609 παραπικραίνοντα.
1363 1536 1459 1600 Τίς
1518 1535 1646 1608 γὰρ.

1835 1544 1938 1592 εισι
1964 1541 2229 1589 vocarunt
2246 1534 2466 1588 domum
2499 1529 2908 1586 exacerbantem
2928 1528 2990 1581 ⁸⁵.
3018 1525 3150 1592 Quis
3176 1526 3318 1580 enim

160 1629 283 1697 φησιν,
315 1630 340 1681 6
366 1629 818 1701 παραπικραίνων
845 1629 1016 1700 ἀλλ’ἢ
1048 1630 1076 1682 6
1103 1624 1252 1693 οἶκος
1294 1628 1510 1700 Ἰσραήλ
1530 1645 1545 1694 ;
1564 1627 1645 1698 Τῷ

1845 1667 1860 1693 ,
1883 1627 1960 1680 ait
1992 1623 2151 1685 Deus,
2175 1624 2267 1694 qui
2296 1638 2382 1677 me
2407 1621 2712 1685 exacerbat,
2749 1619 2853 1674 nisi
2888 1619 3084 1673 domus
3123 1615 3324 1672 Israel?

159 1718 243 1784 γοῦν
262 1719 643 1792 παραπτώματι
674 1720 768 1774 τοῦ
825 1721 1040 1792 Ἰσραὴλ
1063 1720 1156 1773 ἐπὶ
1187 1719 1257 1773 τὰ
1285 1719 1412 1791 ἔθνη
1446 1721 1644 1774 ἐπεῖδει

1846 1730 1897 1768 m
1930 1714 2096 1784 igitur
2123 1711 2290 1767 Israel
2315 1711 2627 1772 excidisset,
2658 1708 2896 1778 respexit
2931 1707 3072 1762 Deus
3103 1705 3171 1760 ad
3197 1722 3325 1775 gen-

157 1810 358 1882 ὸΚύριος.
390 1811 544 1866 Ὅθεν
575 1812 651 1884 μὴ
676 1812 1028 1882 ὑψούσθωσαν
1053 1815 1101 1866 οἱ
1131 1812 1365 1876 ἀσεϐεῖς,
1392 1813 1468 1876 ὡς
1499 1811 1642 1866 δυνά·

1836 1823 1860 1858 ι.
1907 1802 2178 1870 Quocirca
2235 1816 2345 1856 nou
2394 1809 2478 1856 est
2527 1816 2627 1855 cur
2683 1809 2804 1855 sese
2853 1797 3005 1868 impii
3047 1796 3321 1866 jactilent,

159 1919 259 1968 μενοι
277 1904 510 1958 ἀπολέσαι
539 1906 668 1965 τοὺς
699 1904 776 1976 τῷ
818 1905 1133 1976 Εὑαγγελίῳ
1165 1905 1644 1978 προσερχομένους

1838 1897 1915 1951 asi
1941 1898 2032 1966 qui
2081 1894 2448 1950 exterminare
2495 1891 2712 1962 possint
2739 1907 2834 1946 eos
2889 1893 2982 1961 qui
3029 1888 3323 1961 Evangelio

156 1993 246 2046 illa
267 1997 368 2067 μηδ’
397 1999 423 2050 6
453 1997 767 2069 ὑπερόπτης
799 1997 947 2061 λαὸς,
983 1999 1150 2069 ἦγουν
1181 1998 1211 2050 6
1249 1977 1486 2070 Ἰσραὴλ,
1513 1997 1641 2069 μέγα

1837 1985 2027 2041 :eduut
2052 2003 2065 2038 :
2093 1985 2206 2038 imo
2244 1999 2352 2036 non
2399 1991 2503 2046 est,
2541 1990 2599 2035 ut
2649 1979 2919 2049 superbus
2954 1979 3042 2032 ille
3071 1977 3322 2048 populus,

156 2088 366 2154 φρονείτω,
390 2090 520 2160 μηδὲ
569 2089 714 2144 κατὰ
737 2090 838 2160 τῆς
873 2090 981 2144 τῶν
1027 2089 1198 2143 ἐθνῶν
1252 2090 1487 2160 πληθύος
1519 2090 1641 2162 ὑψη-

1838 2077 2014 2132 aelem
2048 2076 2191 2139 dico,
2223 2075 2396 2130 altum
2451 2073 2647 2144 sapiat,
2694 2087 2871 2142 neque
2909 2071 3070 2124 etiam
3123 2070 3323 2124 elatum

155 2177 473 2255 λὴνέπαιρέτω
511 2185 611 2257 τὴν
657 2186 847 2258 ὀφρύν.
888 2186 979 2258 Μὴ
1029 2187 1233 2257 λεγέτω
1288 2187 1407 2242 καθ’
1439 2160 1640 2241 ἑαυτόν·

1841 2170 1916 2225 lat
1960 2167 2314 2239 supercilium
2362 2174 2553 2220 contra
2601 2163 2845 2235 gentium
2897 2160 3321 2217 multitudinem.

162 2271 258 2339 Ἐγὼ
281 2253 458 2344 γένονα
513 2253 858 2350 πρωτότοκος
895 2280 951 2332 ἐν
967 2253 1192 2344 *τέκνοις
1235 2280 1391 2334 Θεοῦ·
1438 2280 1570 2333 ῐστω
1597 2280 1647 2334 δὲ

1860 2261 2004 2317 dicat
2033 2261 2175 2331 apud
2204 2260 2444 2329 seipsum
2471 2276 2484 2312 :
2517 2257 2629 2327 Ego
2655 2272 2774 2311 sum
2810 2253 3201 2326 primogenitus
3242 2254 3324 2307 in-

156 2364 312 2430 μιλλον,
331 2369 402 2421 δτι
423 2387 562 2442 παρε
576 2371 805 2442 πίκρανε
835 2371 926 2423 τὸν
955 2372 1234 2426 κτίσαντα.
1278 2372 1369 2426 Διὸ
1398 2373 1490 2426 καὶ
1520 2390 1641 2444 μετ-

1840 2354 2011 2409 »ίὶιίοε
2057 2353 2174 2418 Dei,
2215 2352 2348 2423 quin
2377 2351 2562 2421 potius
2610 2352 2748 2405 sciat
2791 2350 2938 2419 quod
2981 2347 3325 2402 exacerbavit

152 2450 316 2526 ἔστησεν
342 2461 426 2514 ἀπ’
463 2464 633 2516 αὑτοῦ
672 2463 771 2533 τὴν
804 2465 1127 2537 ἐπισκοπὴν.

1838 2454 2070 2501 eatoretu
2121 2459 2303 2501 suum.
2349 2443 2712 2510 Quamobrem
2761 2441 2926 2496 etiam
2968 2438 3057 2494 hic
3102 2438 3168 2494 ad
3199 2453 3323 2494 eum

1756 2537 2027 2606 respicere
2055 2536 2274 2593 desinit.

1196 2651 1397 2706 Eadem
1420 2653 1622 2707 ratione
1649 2653 1700 2707 in
1731 2653 1886 2709 verba
1911 2656 2200 2726 sequentia.

205 2739 513 2813 Ἀθανάσιος.
560 2746 707 2818 Πρὸς
749 2746 807 2799 δὲ
856 2745 980 2800 νοῦν
1037 2747 1087 2799 οἱ
1138 2747 1427 2802 ἀπόστολοι
1455 2753 1568 2814 τοῖς
1596 2749 1656 2815 ἐξ

1840 2752 2172 2807 Athanasius.
2232 2749 2544 2806 Secundum
2598 2758 2834 2805 mentem
2885 2763 3037 2813 vero,
3093 2745 3325 2819 apostoli

151 2825 268 2883 ἐθνῶν
288 2849 450 2901 φασιν·
468 2836 637 2889 Ὅταν
660 2835 932 2906 ἀκούσητε
959 2838 1086 2907 παρ’
1104 2837 1285 2907 ἡμῶν,
1310 2838 1430 2892 τίνα
1454 2840 1636 2912 τρόποι

1859 2844 2210 2914 alloquuntur
2241 2844 2467 2915 gentiles
2499 2861 2514 2898 :
2548 2841 2649 2898 Ubi
2699 2841 2982 2897 audieritis
3026 2856 3091 2896 ex
3147 2839 3323 2905 nobis,

151 2922 350 3022 ῖροσήκει
396 2925 714 2994 δοξολογεῖν,
765 2926 887 2980 τότε
939 2928 1054 2998 μεθ’
1090 2929 1246 2999 ἡμῶν
1299 2930 1630 3002 εὐλογήσατε

1840 2936 2038 2989 οιηοιιο
2073 2934 2219 2990 Deus
2245 2936 2315 2990 sit
2343 2934 2598 2989 laudibus
2639 2933 3019 3000 ceiebrandus,
3049 2943 3181 2988 tunc
3208 2932 3325 2986 lau-

149 3010 214 3063 οὐκ
232 3014 294 3066 ἑτι
315 3018 426 3080 τοὺς
443 3017 831 3090 ψευδωνύμους
857 3018 1032 3083 θεοὺς.
1058 3020 1194 3074 ἀλλὰ
1227 3021 1316 3074 τὸν
1341 3021 1472 3075 Θεὸν
1500 3023 1634 3094 ήμῶε

1842 3043 1880 3080 .e
1916 3027 2224 3092 nobiscum,
2263 3044 2369 3082 non
2397 3026 2510 3096 jam
2559 3026 2794 3096 amplius
2844 3024 2982 3080 falso
3031 3025 3111 3080 sic
3153 3023 3327 3079 dictos

149 3101 208 3156 τὸν
224 3107 300 3177 τῆς
316 3106 446 3180 ζωῆς
465 3110 687 3182 δοτῆρα.
735 3112 858 3184 Ζωὴ
885 3111 995 3184 γὰρ
1030 3108 1097 3184 ἦν
1129 3116 1161 3184 ἡ
1193 3114 1285 3167 τοῦ
1331 3116 1634 3187 παραδείσω

1843 3134 1912 3184 )S,
1959 3119 2052 3175 sed
2106 3118 2277 3174 Deum
2332 3129 2583 3176 nostrum
2643 3119 2768 3172 vitae
2819 3117 3151 3187 largitorem.
3211 3113 3328 3169 Vita.

147 3198 292 3269 τρυφὴ,
321 3202 373 3253 ὲν
401 3196 446 3270 ᾦ
464 3203 619 3257 ἔθετο
655 3205 682 3256 6
708 3203 841 3268 Θεὸς
879 3205 970 3257 τὸν
1016 3204 1302 3276 ἄνθρωπον
1329 3208 1632 3279 ὲργάζεσθα

1846 3227 2000 3279 mque
2034 3219 2156 3265 erat
2206 3211 2446 3281 paradisi
2480 3211 2734 3289 voluptas
2777 3229 2792 3264 :
2829 3209 2884 3264 in
2936 3223 3048 3279 quo
3072 3217 3331 3279 posuerat

148 3288 210 3339 καὶ
229 3290 483 3359 φυλάσσειν
516 3295 704 3350 αὐτόν.

1769 3300 1907 3357 Deus
1937 3302 2237 3369 hominem,
2270 3310 2329 3358 ut
2353 3318 2478 3365 eum
2515 3288 2721 3358 coleret
2746 3311 2913 3373 atque
2939 3300 3254 3356 custodiret.

854 3413 1054 3467 Eodem
1082 3414 1234 3468 modo
1265 3415 1318 3470 in
1341 3416 1492 3470 verba
1512 3435 1530 3471 :
1567 3436 1585 3468 ‹
1625 3421 1876 3473 Probasti
1902 3437 2017 3486 nos,
2048 3419 2212 3483 Deus,
2255 3439 2276 3473 ι
2310 3430 2434 3482 etc.,
2465 3436 2514 3477 υ.
2550 3420 2636 3472 10.

202 3498 536 3570 Ἀθανασίου,
591 3504 917 3575 Κυρίλλου.
947 3508 1021 3579 (4)
1081 3509 1226 3580 Πρὸς
1258 3509 1316 3563 δὲ
1373 3511 1498 3565 νοῦν
1557 3511 1658 3576 τὰς

1847 3516 2134 3581 ithanasii,
2166 3513 2378 3585 Cyrilli.
2429 3514 2499 3568 At
2545 3528 2675 3568 vero
2706 3514 2772 3568 ad
2806 3513 3162 3577 intellectum,
3196 3526 3332 3581 pra-

148 3587 298 3659 θλὶψεις
340 3596 430 3661 τὰς
478 3599 780 3669 γενομένας
820 3599 908 3652 διὰ
945 3600 1005 3653 τὸ
1054 3602 1314 3672 κήρυγμα
1366 3603 1478 3666 τοῖς
1515 3604 1633 3656 άποι

1846 3607 1894 3662 :it
1920 3606 2155 3676 Spiritus
2185 3616 2407 3662 sanctus
2458 3607 2795 3661 calamitates
2838 3604 3099 3674 apostolis
3131 3604 3331 3658 obven-

147 3683 298 3750 στόλοις
319 3689 372 3742 τὸ
423 3689 648 3762 Πνεῦμα
680 3695 1081 3762 προαναφωνεῖ,
1137 3696 1202 3763 ἐκ
1230 3693 1522 3766 προσώπου
1554 3695 1632 3749 αὑ¹

1847 3715 1914 3756 'as
1953 3713 2174 3771 propter
2200 3701 2638 3772 praedicationem
2669 3699 2968 3770 Evangelii,
3001 3713 3332 3754 enumerans

146 3775 219 3828 τῶν
240 3780 413 3844 ταύτας
442 3781 762 3850 καταλέγον.
792 3783 1003 3855 Ὥσπερ
1036 3784 1144 3856 γάρ
1193 3788 1222 3839 6
1253 3786 1492 3857 ἄργυρος
1522 3804 1631 3860 πυρ

1846 3809 1855 3846 ι
1887 3791 1940 3845 iu
1973 3791 2347 3861 apostolorum
2392 3805 2646 3859 persiina.
2677 3786 3146 3854 Quemadmodum
3185 3785 3331 3840 enim

147 3869 380 3942 τηκόμενος
407 3871 464 3930 εὖ
492 3875 640 3947 μάλα
670 3875 1102 3947 διακαθαίρεται,
1134 3877 1276 3931 οὕτω
1308 3879 1405 3932 καὶ
1456 3881 1510 3932 αἱ
1543 3880 1632 3932 τῶι

1848 3890 2050 3950 ςρηιυηι
2083 3880 2206 3950 igne
2229 3879 2580 3951 liquefactum
2609 3881 2812 3950 Optime
2841 3888 3224 3950 perpurgatur,
3253 3878 3333 3934 a’:

146 3958 270 4028 ἁγίων
293 3965 449 4040 ψυχαὶ
474 3967 679 4032 παντὸς
704 3967 1134 4022 ἀπαλλάττονται
1165 3968 1358 4039 ῥύπου,
1392 3974 1514 4034 ταῖς
1551 3971 1628 4025 τῶ

1850 3987 1926 4026 πη
1983 3982 2295 4028 sanctorum
2369 3973 2566 4028 animae
2627 3973 2986 4028 tentatiomtm
3042 3971 3335 4027 insultibus

148 4058 400 4129 πειρασμῶν
455 4061 665 4129 ἐφόδοις
708 4059 1139 4132 προσϐάλλουσαι
1167 4060 1450 4125 νεανικῶς.
1488 4063 1633 4116 Kal:

1850 4079 1986 4120 enue
2029 4065 2366 4131 resistentes,
2413 4067 2481 4121 ab
2505 4065 2763 4121 omnibus
2797 4066 3130 4120 muudautur
3159 4063 3335 4118 sordi-

145 4144 276 4200 αὐτῶν
301 4152 639 4224 εὑδοκίμησις
687 4152 775 4206 διὰ
798 4152 1092 4224 πυρώσεως
1113 4153 1342 4221 γίνεται,
1371 4154 1630 4226 δοκιμαζο

1849 4171 1886 4210 s.
1920 4155 2120 4211 Earum
2155 4167 2334 4211 autem
2357 4159 2608 4227 probatio
2635 4173 2731 4227 per
2758 4155 3192 4212 combustioncm
3222 4154 3334 4208 elﬁ-

147 4235 276 4299 μένων
299 4241 365 4305 ὡς
387 4242 471 4297 διὰ
495 4243 691 4316 πυρός.
723 4242 939 4306 Ταύτας
983 4241 1082 4307 τὰς
1125 4244 1308 4313 φωνὰς
1341 4248 1452 4308 τοῖς
1483 4247 1628 4314 ἁγίοι

1848 4263 1943 4302 ur:
1980 4263 2106 4302 nam
2136 4265 2230 4318 per
2260 4251 2437 4319 ignem
2477 4250 2798 4320 probantur.
2831 4247 2940 4302 Has
2964 4262 3126 4317 porro
3177 4261 3333 4302 voces

146 4328 356 4398 μάρτυσιν
386 4338 414 4388 ὁ
449 4336 661 4399 Παῦλος
681 4336 1014 4406 ἀνατίθησιν.
1060 4335 1220 4389 Ἀλλά
1249 4337 1344 4391 καὶ
1368 4339 1416 4389 οἱ
1441 4336 1528 4390 διὰ
1558 4355 1630 4390 πυ

1849 4342 1932 4393 ert
1955 4340 2112 4394 divus
2128 4339 2332 4395 Paulus
2361 4342 2424 4395 ad
2455 4351 2677 4396 sanctos
2706 4348 2990 4410 martyres.
3012 4337 3334 4406 Quanquam

147 4419 209 4486 VI;
226 4427 302 4479 καὶ
331 4427 510 4490 ὕδατος
537 4428 634 4482 τοῦ
668 4429 878 4494 ζέοντος
909 4427 1100 4499 θυμοῦ,
1149 4430 1244 4481 καὶ
1275 4429 1375 4498 τῆς
1404 4429 1632 4500 διακεχυς

1850 4447 1928 4484 am
1981 4431 2018 4486 ii
2069 4432 2415 4502 refrigerium
2474 4433 2761 4487 inveniunt
2783 4431 2872 4500 qui
2914 4446 3008 4500 per
3060 4431 3236 4499 ignem
3281 4438 3335 4484 et

145 4512 268 4586 μένης
317 4521 499 4592 ἡδονῆς
558 4522 654 4574 καὶ
711 4519 1003 4591 ἐπιθυμίας
1049 4518 1376 4581 διελθόντες,
1434 4520 1528 4573 καὶ
1581 4523 1630 4590 μέ

1852 4538 1964 4576 iam
2007 4523 2270 4579 ferventis
2304 4524 2416 4590 iras,
2450 4539 2514 4580 ac
2543 4523 2863 4578 diﬁ'usarum
2895 4523 3238 4593 voluptatum
3273 4536 3337 4576 ac

145 4601 533 4678 ἔνιπομείναντες
561 4611 770 4676 τούτοις
797 4615 909 4676 τοῖς
937 4611 1184 4677 πάθεσιν,
1217 4612 1532 4683 εὑρίσκουσι
1561 4611 1630 4682 τὴ

1852 4615 2129 4670 )iditatum
2173 4624 2578 4686 pertrauscunt,
2623 4615 2670 4671 si
2711 4617 2764 4669 in
2818 4613 3125 4670 istiusmodi
3169 4611 3337 4667 animi

143 4693 368 4768 ἀνάἶιυξινο

1767 4708 2120 4776 passionibus
2145 4724 2252 4762 non
2283 4708 2705 4778 permanserint.

849 4820 984 4876 Item
1015 4825 1068 4875 in
1098 4822 1284 4876 verba:
1313 4841 1330 4873 ι
1367 4819 1606 4876 Introibo
1639 4823 1692 4875 in
1724 4822 1939 4877 domum
1968 4833 2135 4888 tatam,
2171 4842 2190 4874 ι
2219 4833 2345 4890 etc.,
2380 4839 2429 4878 υ.
2471 4823 2556 4878 15.

191 4931 252 5002 (5)
287 4935 644 5004 ’Δθανάσιοςκ
679 4937 825 5009 Πρὸς
885 4935 1009 4989 νοῦν
1038 4937 1201 5005 φασὶν
1250 4937 1299 4989 οἱ
1328 4935 1616 4989 ἀπόστολοι
1644 4952 1658 4967 ο

1848 4937 2174 4993 Ithanasius.
2232 4938 2312 4992 Ad
2363 4937 2696 4993 intellectum
2751 4952 2882 4991 vero
2918 4955 2930 4990 :
2961 4933 3288 4988 lutrabimus
3318 4974 3333 4996 ,

141 5018 512 5100 Εἱσελευσόμεθα
537 5032 614 5093 είς
643 5029 732 5084 τὸν
782 5029 908 5084 ναὸν
961 5029 1054 5082 τὸν
1103 5030 1426 5100 ἐπουράνιον
1456 5029 1554 5081 οὐκ
1603 5030 1626 5080 ἐ

1850 5031 2016 5101 ιιιίυηι
2061 5031 2324 5102 apostoli,
2381 5029 2433 5083 in
2485 5030 2706 5084 domum
2756 5027 3055 5085 cmlestem,
3113 5036 3221 5076 non
3282 5021 3335 5073 in

142 5114 382 5188 αἰσθητοῖς,
435 5122 550 5175 ἀλλ’
582 5124 640 5175 ἐν
693 5124 905 5194 νοητοῖς
952 5119 1416 5191 ὁλοκαυτώμασιν.
1473 5118 1627 5172 Ὀλου

1849 5125 2136 5188 isibilibus,
2179 5125 2273 5179 sed
2306 5127 2360 5178 in
2395 5119 2827 5191 intelligibilibus
2857 5113 3334 5172 holocautomatis.

142 5202 220 5274 γὰρ
244 5209 446 5274 ἑαυτοὺς
503 5211 773 5284 ἀνέθηκαν
825 5210 902 5281 τῷ
946 5210 1067 5281 Θεῷ
1104 5213 1160 5265 ὲν
1185 5209 1335 5274 τάξει
1364 5210 1627 5264 ὁλοκαυτιι

1893 5231 2130 5286 namque
2185 5224 2352 5279 totos,
2410 5215 2582 5268 instar
2634 5211 3176 5271 holocautomatum,
3226 5201 3337 5258 Deo

144 5297 306 5360 μάτων.

1769 5324 2028 5365 cousecra
2041 5318 2181 5363 runt.

192 5432 421 5497 "Ezecb.
458 5458 520 5506 ιι,
557 5442 590 5496 5
635 5449 691 5498 et
723 5456 873 5510 seqq.

193 5549 257 5627 (ἦ)
279 5550 393 5627 llaec
420 5557 638 5627 paulum
669 5556 883 5611 diversa
915 5571 1104 5624 supra.
1839 5554 1916 5625 (5)
1947 5551 2071 5608 Haec
2103 5551 2376 5623 superius,
2413 5549 2506 5607 sed
2531 5548 2799 5604 breviora.

195 5622 260 5692 (4)
286 5621 401 5682 Hac
422 5621 697 5696 superius,
728 5629 950 5698 paulum
985 5621 1221 5682 diversa.

409 5725 679 5786 ΡΑτιιοι..
712 5725 830 5785 Gn.
870 5719 1039 5783 XXV
1054 5722 1133 5784 ιι.

2707 5797 2718 5808 χ
3025 5706 3099 5770 19
