3760 6270
427 216 533 274 887

1313 217 1367 272 S.
1410 216 1776 273 ATHANASII
1817 217 1968 276 OPP.
2011 219 2186 276 PARS
2224 221 2310 278 Ill.
2353 254 2420 266 -ο
2459 221 2867 281 ΕΙΕΟΕΤΙΟᾹ.

3563 225 3657 285 588

1763 332 1947 386 Adhuc
1974 333 2029 386 in
2059 337 2344 404 sequentia.

498 445 842 511 Athanasius,
891 444 1153 516 Cyrillus,
1199 445 1456 500 Basilius.
1520 445 1646 504 Haec
1701 459 1785 504 est
1837 450 1999 505 altior
2027 459 2068 515 Α

428 538 742 593 sententia:
782 535 975 593 Omnia
1026 547 1156 592 sunt
1198 539 1522 610 spiritualia,
1569 551 1624 596 et
1682 541 1999 596 holocautu-

427 637 598 694 mata,
625 640 678 683 et
711 634 896 692 boves,
944 641 997 683 et
1031 629 1192 696 hirci,
1222 646 1361 700 quos
1405 631 1716 686 oblaturum
1765 648 1824 686 se
1868 649 1995 702 pro-

427 720 616 776 mittit.
651 721 993 776 Sacriﬁcium
1027 738 1246 792 quoque
1274 724 1500 778 otl'ertur
1551 740 1675 778 cum
1713 725 1998 778 arietibus.

427 811 568 867 Sunt
599 829 726 869 vero
773 816 972 870 arietes
1022 825 1204 871 motus
1244 826 1405 887 atque
1450 818 1686 887 impetus
1718 819 1887 873 animi
1934 819 2003 873 ab

426 905 693 963 irascibili
719 910 838 979 ejus
887 920 1037 979 parte
1069 913 1330 967 excitati:
1378 923 1471 967 aut
1507 923 1655 968 certe
1701 913 1997 969 ratiocina-

425 999 603 1056 tiones
643 1003 888 1058 rectricis
927 1005 1125 1060 anima:
1164 1005 1461 1068 facultatis.
1512 1007 1795 1075 passiones
1839 1007 1997 1077 quasi

424 1093 686 1150 cornibus
722 1105 969 1164 petentes
1003 1107 1055 1151 et
1087 1098 1490 1168 impugnantes.
1523 1097 1719 1152 Bovem
1754 1114 1882 1152 vero
1909 1115 1997 1152 sa-

422 1187 654 1253 criﬁcat,
688 1190 777 1259 qui
809 1190 1051 1260 seipsum
1089 1190 1199 1246 Deo
1223 1191 1378 1245 oﬁ'ert
1408 1193 1638 1246 hostiam
1673 1192 1870 1254 vivam,
1902 1207 1998 1260 per

423 1278 670 1334 actiones
700 1281 976 1336 honestas.
1026 1280 1199 1336 llabet
1245 1283 1390 1336 enim
1443 1281 1540 1342 hos
1579 1279 1994 1337 similitudinem

421 1371 714 1439 quamdam
759 1388 884 1426 cum
951 1389 1177 1442 corpore
1227 1389 1291 1427 ex
1341 1381 1483 1428 terra
1542 1372 1817 1436 formato,
1868 1388 1990 1426 cum

423 1469 581 1516 terrm
628 1463 866 1517 colendae
910 1465 1252 1520 adhibeatur.
1301 1463 1446 1519 Hirci
1491 1479 1618 1518 vero
1652 1473 1779 1519 sunt
1827 1479 1990 1534 opera

2179 453 2543 520 'Adardatoc,
2577 451 2897 520 Κύρινιλος,
2926 451 3265 517 Βασίλειος.
3297 448 3442 522 Πρὸς
3473 449 3526 504 δέ
3560 451 3659 506 διά-

2099 560 2264 598 νοιαν·
2297 544 2645 614 Πνευματικὰ
2676 544 2851 597 πάντα
2879 543 2971 595 καὶ
3017 541 3085 594 τά
3112 539 3550 610 ὁλοκαυτώματα,
3575 545 3658 596 καὶ

2099 639 2147 690 οἱ
2190 638 2328 708 βόες,
2363 640 2452 691 καὶ
2473 640 2520 690 οί
2547 638 2788 708 χίμαροι,
2813 635 2904 700 οὒς
2935 633 3232 688 ἀποδώσειν
3263 633 3657 702 ἐπαγγέλλεται.

2103 729 2213 781 Καὶ
2255 729 2390 798 μετά
2421 728 2588 798 κριῶν
2617 728 2675 782 δέ
2720 727 3002 799 προσφορά
3046 726 3270 795 γίνεται.
3297 726 3418 778 Εἰσὶ
3445 724 3501 776 δὲ
3529 727 3659 796 κριοὶ

2103 821 2343 889 κινήσεις
2373 821 2465 872 καὶ
2491 820 2658 891 ὁρμαὶ
2683 819 2788 871 ἀπὸ
2837 818 2929 872 τοῦ
2984 816 3215 887 θυμικοῦ
3241 815 3339 883 τῆς
3375 814 3546 885 ψυχῆς
3573 817 3660 883 τὴν

2103 912 2276 982 ὁρμὴν
2300 910 2538 981 ἔχουσαι,
2579 911 2611 983 ἦ
2649 911 2898 980 λογισμοὶ
2935 911 3254 980 ἡγεμονικοὶ
3290 908 3360 960 τὰ
3406 906 3549 976 πάθη
3579 924 3663 959 κε-

2101 1003 2432 1076 ρατίζοντες.
2465 1002 2601 1056 Βοῦν
2633 1002 2691 1055 δὲ
2737 1003 3016 1074 ίερουργεῖ
3067 1002 3095 1053 ὁ
3143 998 3438 1070 προσάγων
3487 997 3662 1051 θυσίαν

2099 1096 2276 1160 ζῶσαν
2305 1095 2495 1148 ἐαυτὸν
2524 1095 2611 1147 διὰ
2633 1093 2904 1166 πράξεως.
2944 1093 3222 1161 Ἀναλογεῖ
3244 1091 3351 1163 γὰρ
3383 1091 3461 1160 τῷ
3489 1091 3551 1143 ἐκ
3571 1090 3663 1158 τῆς

2097 1189 2199 1258 γῆς
2233 1188 2521 1242 πλασθὲντι
2565 1187 2796 1257 σώματι,
2837 1186 3108 1254 γεωπόνον
3169 1185 3411 1256 ὑπάρχον
3447 1181 3506 1235 τὸ
3537 1183 3661 1246 ζῶον

2095 1282 2124 1333 ό
2155 1280 2300 1350 βοῦς.
2333 1281 2570 1351 Χίμαροι
2611 1279 2668 1332 δὲ
2701 1278 2771 1332 τὰ
2828 1277 3114 1348 μετανοίας
3145 1278 3302 1349 ἔργα·
3334 1275 3464 1346 περὶ
3493 1276 3660 1346 ἀμαρ-

2099 1372 2219 1436 τίας
2256 1373 2365 1444 γάρ
2409 1372 2827 1444 προσεφέροντο.
2879 1370 3140 1440 Θυμίαμα
3166 1369 3222 1421 δέ
3275 1367 3664 1439 ἠάποπνὲουσα

2098 1464 2205 1517 τῶν
2241 1465 2496 1537 καθαρῶν
2527 1464 2712 1535 ψυχῶν
2748 1463 2963 1516 εὐωδία.

421 1556 846 1626 τοείρίεοοιιιίιεε
881 1559 956 1614 illi
996 1576 1233 1630 namque
1289 1575 1386 1630 pro
1433 1569 1652 1630 peccato
1705 1560 2088 1616 offerebantur.
2126 1559 2347 1616 Suﬁitus
2376 1571 2555 1616 autem
2598 1570 2679 1616 est
2717 1560 2896 1615 bonus
2927 1559 3060 1615 odor
3094 1573 3253 1630 quem
3289 1572 3440 1627 purae
3486 1554 3666 1610 animai

417 1647 692 1704 exhalant.

1429 1744 1498 1799 Et
1520 1748 1574 1799 in
1602 1745 1796 1801 verba:
1833 1763 1851 1797 ι
1895 1743 2096 1811 Venite,
2127 1743 2328 1806 audite,
2368 1761 2386 1794 ι
2419 1753 2544 1805 etc.,
2587 1739 2674 1794 16.

490 1856 834 1911 Athanasius.
865 1857 1111 1929 Apostoli
1141 1857 1360 1928 quidem
1392 1873 1500 1911 non
1526 1873 1708 1912 rerum
1741 1856 1992 1926 antiqua-
2025 1864 2066 1921 Β

423 1963 542 2001 rum
584 1961 851 2002 renovant
882 1949 1206 2002 memoriam
1237 1965 1250 2002 :
1285 1948 1378 2003 sed
1415 1947 1654 2002 recentia
1695 1945 1991 2001 Salvatoris

421 2041 592 2096 nostri
626 2041 895 2096 mirantur
945 2057 1133 2112 opera,
1166 2056 1287 2112 quae
1341 2040 1388 2098 is
1441 2042 1688 2096 omnium
1740 2049 1989 2095 nostrum

420 2134 708 2190 animabus
747 2134 975 2204 largitus
1006 2144 1107 2189 est.

2175 1853 2539 1918 Ἀθανάσιος.
2602 1853 2664 1905 Οἱ
2721 1850 2905 1921 μέντοι
2964 1847 3248 1902 ἀπόστολοι
3298 1847 3397 1900 οὐκ
3439 1846 3668 1918 ἀρχαίων

2097 1949 2448 2022 διηγημάτων
2477 1945 2754 1999 ποιοῦνται
2789 1945 3026 2014 μνήμηνο
3063 1942 3198 1996 ἀλλά
3223 1940 3290 1993 τὰ
3319 1940 3416 1993 νέα
3441 1939 3534 1996 τοῦ
3571 1940 3668 1992 Σω-

2096 2043 2261 2115 τῆρος
2308 2039 2465 2110 ήμῶν
2524 2035 2863 2109 θαυμάζουσι
2921 2033 3344 2106 κατορθώματα,
3404 2033 3507 2086 ὅσα
3558 2033 3669 2095 ταῖς

2095 2133 2348 2186 ἁπάντων
2378 2130 2533 2202 ἡμῶν
2561 2129 2756 2201 ψυχαῖς
2788 2125 3100 2199 ἐχαρίσατο.

1037 2251 1173 2307 Item
1197 2254 1250 2307 in
1275 2252 1414 2323 psal.
1439 2268 1584 2306 vau
1616 2252 1767 2307 verba
1791 2268 1810 2306 :
1843 2271 1860 2305 ι
1901 2251 2048 2308 Sicut
2072 2251 2248 2321 deﬁcit
2287 2251 2484 2320 fumus,
2515 2247 2786 2318 deﬁciant,
2825 2267 2842 2299 ι
2879 2258 3004 2313 etc.,
3036 2246 3086 2302 3.

492 2369 794 2424 Athanasii.
834 2367 1152 2446 Peccatores
1177 2384 1305 2426 vero
1341 2369 1576 2425 fortasse
1604 2369 1864 2425 dicuntur
1889 2369 1994 2440 ips.

420 2461 697 2517 daemones
729 2442 940 2531 peccati
970 2461 1322 2516 inventores:
1378 2461 1474 2532 qui
1503 2462 1668 2515 etiam
1715 2470 1774 2515 ut
1811 2460 1994 2514 fumus

421 2553 703 2618 deﬁciunt,
741 2569 770 2608 a
804 2563 996 2608 sancto
1025 2551 1232 2622 Spiritu
1265 2553 1506 2608 submoti
1533 2570 1596 2608 ac
1622 2553 1856 2624 dispersi
1883 2571 1898 2606 :
1943 2562 1998 2607 et

418 2652 482 2699 ut
527 2660 651 2699 cera
695 2644 981 2715 liqueﬁunt
1022 2646 1446 2700 succumbentes
1476 2647 1728 2700 adventui
1764 2646 1992 2713 Christi,

416 2737 511 2807 qui
545 2737 684 2808 ignis
715 2737 916 2791 dicitur
943 2752 1276 2792 consumens
1310 2738 1737 2806 improbitatem.
1771 2738 1845 2793 De
1885 2755 1993 2794 eae-

418 2836 537 2886 tero
565 2829 779 2884 sublata
823 2831 1132 2884 daemonum
1178 2831 1483 2900 tyrannide,
1513 2831 1607 2901 qui
1653 2847 1716 2886 ex
1770 2832 1875 2886 ﬁde
1904 2833 1992 2902 ju-

416 2921 633 2976 stiﬁcati
659 2931 807 2986 sunt,
835 2921 1106 2978 laetantur.

2187 2368 2564 2422 Ἀθανασίου.
2601 2365 2752 2434 Τάχα
2773 2364 2830 2416 δὲ
2853 2361 3166 2433 ἁμαρτωλοὶ
3191 2363 3241 2414 οἱ
3272 2360 3373 2430 τῆς
3408 2360 3667 2432 ἁμαρτίας

2100 2460 2318 2532 εὑρεταὶ
2344 2459 2614 2528 δαίμονεςο
2651 2458 2700 2510 οἳ
2733 2457 2827 2508 καὶ
2879 2455 2955 2519 ὼς
2983 2454 3190 2518 καπνὸς
3232 2453 3568 2518 ἐκλείπουσι,
3601 2454 3668 2522 τῷ

2100 2553 2238 2623 ἁγίῳ
2276 2551 2552 2622 Πνεῦματι
2586 2550 2930 2618 ἐλαυνόμενοι
2983 2548 3077 2601 καὶ
3116 2545 3555 2616 σκεδαννύμενοι·
3585 2545 3669 2597 καὶ

2097 2647 2172 2709 ὡς
2201 2647 2368 2716 κηρὸς
2425 2645 2682 2712 τήκονται
2734 2641 3094 2712 ὑπορρέοντες
3154 2643 3218 2710 τῇ
3250 2638 3548 2708 ἐπιφανείᾳ
3587 2635 3668 2690 τοῦ

2097 2735 2354 2808 Χριστοῦ,
2384 2735 2441 2798 ὃς
2477 2733 2586 2805 πῦρ
2634 2732 2850 2800 λέγεται
2909 2729 3300 2784 καταναλίσκον
3340 2729 3444 2801 τὴν
3481 2726 3668 2798 μοχθη-

2100 2828 2242 2899 ρίαν.
2292 2828 2398 2880 Kal.
2427 2825 2608 2877 λοιπὸν
2630 2824 2680 2876 οἱ
2704 2822 3082 2884 δικαιωθέντες
3119 2823 3184 2874 ἐκ
3215 2819 3474 2882 πίστεως,
3516 2834 3670 2871 κατα-

2097 2919 2348 2989 λυθείσης
2401 2919 2498 2990 τῆς
2556 2915 2864 2988 τυραννίδος
2929 2914 3038 2969 τῶν
3093 2913 3398 2984 δαιμόνων,
3454 2909 3668 2982 εὐφραί-

2097 3030 2254 3066 νοντα
2261 3031 2295 3064 ι.

1087 3127 1222 3182 Item
1253 3129 1307 3181 in
1334 3127 1566 3196 ejusdem
1588 3129 1779 3198 psalmi
1807 3128 1995 3182 verba:
2041 3148 2057 3181 ι
2103 3129 2178 3183 Pa
2200 3141 2296 3184 'ate
2327 3132 2466 3182 viam
2489 3129 2558 3192 ei,
2589 3127 2699 3197 qui,
2740 3146 2758 3178 ι
2792 3136 2917 3189 etc.,
2950 3124 3000 3178 5.

488 3235 723 3302 Eusebii,
759 3237 1058 3292 Athanasii.
1085 3239 1147 3294 Et
1176 3241 1256 3294 sol
1277 3256 1494 3310 quoque
1524 3241 1612 3295 ille
1631 3242 1856 3310 justitiae
1877 3241 1990 3296 for-
2020 3250 2061 3305 (ζ
2161 3246 2279 3298 Eua

2161 3246 2476 3308 Εὑσεϐίου,
2522 3241 2901 3297 Ἀθανασιόυ.
2954 3238 3063 3292 Καὶ
3112 3241 3139 3290 ὁ
3177 3200 3672 3307 τῆς.δικαιοσύκκης

417 3341 562 3382 mam
592 3327 735 3384 servi
775 3328 1105 3398 suscipiens,
1138 3345 1203 3384 ac
1231 3331 1413 3385 radios
1441 3330 1656 3385 deitatis
1688 3347 1801 3386 suae
1830 3332 1987 3402 quasi

416 3416 752 3484 subducens,
799 3417 975 3488 deque
1023 3419 1163 3473 cado
1209 3418 1569 3485 descendens,
1625 3419 1678 3472 in
1737 3433 1986 3488 corpore,

415 3508 529 3564 imo
561 3523 694 3564 vero
736 3508 900 3564 etiam
953 3508 1007 3563 in
1056 3509 1172 3579 ipsa
1212 3519 1410 3573 morte,
1463 3509 1686 3564 sustulit
1735 3509 1988 3563 tenebras

414 3599 702 3656 hominum
731 3599 931 3654 animis
963 3599 1192 3655 oﬁ‘usas.
1225 3601 1292 3655 Et
1320 3599 1446 3656 licet
1475 3601 1528 3655 in
1559 3609 1800 3655 nostram
1827 3614 1990 3654 vene-

412 3697 488 3752 rit
510 3704 910 3768 paupertatem,
945 3697 1333 3768 propriamque
1363 3698 1595 3768 gloriam
1642 3713 1737 3766 per
1766 3710 1990 3751 meono-

414 3789 582 3845 miam
616 3790 810 3845 umbra
835 3789 1242 3860 quodammodo
1268 3790 1595 3854 obscurarit,
1628 3803 1752 3844 cum
1787 3788 1854 3842 ad
1885 3787 1988 3842 ho-

413 3881 593 3938 mines
615 3881 990 3942 descenderet.
1023 3896 1087 3935 ac
1116 3896 1340 3935 carnem
1369 3880 1681 3935 inhabitare
1710 3879 1986 3949 coepisset,

413 3972 776 4029 nihilominus
808 3981 989 4027 tamen
1035 3971 1300 4027 Dominus
1341 3982 1424 4027 cst
1454 3987 1648 4026 nomen
1699 3973 1822 4041 ipsi.
1853 3969 1986 4025 Nam

412 4065 578 4119 etiam
609 4065 773 4120 homo
799 4063 978 4119 iactus
1006 4078 1116 4117 non
1145 4053 1309 4118 desiit
1356 4078 1477 4118 esse
1520 4061 1684 4117 Deus.
1718 4061 1987 4116 Jubentur

413 4158 580 4232 igitur
619 4158 794 4214 sancti
826 4158 1056 4228 apostoli
1098 4158 1183 4213 his
1229 4157 1430 4222 verbis,
1479 4165 1538 4211 ut
1569 4157 1904 4212 exsultantes
1937 4164 1990 4211 et

411 4251 702 4308 laudantes
731 4251 891 4321 pleno
923 4267 1085 4305 cursu
1114 4250 1180 4304 ad
1213 4251 1442 4322 gentiles
1469 4249 1732 4314 ferantur,
1753 4265 1817 4304 ac
1840 4251 1986 4304 viam

409 4344 721 4398 animarum
771 4344 1016 4415 ipsorqu
1055 4359 1148 4412 per
1179 4343 1624 4413 praedicationem
1679 4351 1988 4413 praeparent

412 4438 794 4494 universorum
825 4435 979 4507 Regi.
1011 4435 1252 4492 Occasus
1289 4451 1415 4491 vero
1457 4436 1620 4490 etiam
1653 4451 1719 4491 ac
1771 4443 1983 4495 noctes.

407 4530 665 4589 fortassis
688 4541 815 4588 sunt
838 4533 1053 4598 animae,
1078 4547 1200 4602 qua:
1220 4547 1282 4587 ex
1313 4532 1427 4587 sole
1452 4531 1678 4601 iustitiae
1701 4531 1983 4587 excident:

2091 3339 2260 3410 ἥλιος,
2293 3337 2504 3408 μορφὴν
2541 3336 2727 3390 δούλου
2791 3333 2988 3396 λαϐὼν,
3040 3332 3136 3386 καὶ
3197 3332 3294 3395 τὰς
3321 3332 3554 3394 ἀκτῖνας
3583 3329 3672 3398 τῆς

2090 3430 2253 3483 αὑτοῦ
2288 3429 2476 3500 ὥσπερ
2501 3427 2781 3489 συστείλας
2810 3426 3079 3494 θεότητος,
3115 3423 3208 3477 καὶ
3235 3424 3480 3486 καταδὺς
3523 3424 3580 3476 ἐν
3603 3420 3673 3488 τῷ

2091 3524 2323 3594 σώματι,
2357 3523 2390 3594 ἢ
2417 3523 2509 3576 καὶ
2530 3525 2587 3575 ἐν
2623 3520 2770 3591 αὑτῷ
2799 3520 2876 3590 τῷ
2911 3519 3146 3588 θανάτῳ,
3187 3519 3247 3571 τὸ
3294 3515 3672 3588 κατακεχυμέ-

2089 3633 2178 3669 νον
2215 3616 2320 3670 τῶν
2348 3615 2700 3685 ἀνθρωπείων
2739 3612 2925 3683 ψυχῶν
2971 3612 3159 3674 σκότος
3219 3610 3503 3680 ἀπήλασε.
3538 3607 3674 3676 Πλὴν

2089 3711 2136 3762 εί
2163 3709 2257 3762 καὶ
2287 3709 2385 3778 τῆς
2416 3707 2685 3779 ἡμετέρας
2719 3705 2887 3775 ἐπέϐη
2924 3702 3327 3773 πτωχείας.κα“ι
3351 3701 3456 3773 τὴν
3478 3699 3671 3754 οἰκείαν

2087 3798 2442 3869 οἰκονομικῶς
2471 3797 2791 3851 συνεσκίασε
2820 3796 2998 3860 δόξαν,
3057 3795 3155 3866 τὴν
3205 3796 3283 3858 είς
3353 3792 3673 3866 ἀνθρώπους

2090 3889 2456 3959 ποιησάμενος
2501 3887 2731 3959 πάροδον
2772 3887 2866 3940 καὶ
2911 3885 3011 3958 τὴν
3061 3885 3327 3956 ἐνσαρκον
3388 3883 3670 3955 ἐνδημίαν,

2088 3981 2200 4034 ἀλλ’
2232 3978 2324 4034 οὖν
2359 3981 2562 4052 Κύριος
2585 3981 2754 4052 ὄνομα
2776 3979 2941 4052 αὐτῷ.
2975 3980 3084 4034 Καὶ
3125 3979 3233 4050 γὰρ
3265 3979 3566 4050 ἄνθρωπος
3593 3992 3676 4045 γε⁸

2088 4075 2260 4142 γονὼς
2292 4077 2392 4128 οὐκ
2443 4073 2684 4128 ἀπέϐαλε
2734 4073 2796 4126 τὸ
2833 4069 2971 4127 εἶναι
3028 4072 3178 4134 Θεός.
3229 4071 3672 4143 Παρακελεύετι

2087 4166 2262 4219 τοίνυν
2286 4169 2314 4220 ό
2367 4166 2524 4236 λόγος
2551 4170 2663 4230 τοῖς
2717 4167 2879 4237 ἱεροῖς
2922 4166 3239 4223 ἀποστόλοις
3273 4165 3422 4234 μετὰ
3466 4164 3675 4236 χορείας

2089 4261 2181 4313 καὶ
2211 4260 2484 4330 ὑμνῳδίας
2517 4261 2597 4323 είς
2629 4259 2698 4312 τὰ
2719 4258 2844 4330 ἔθνη
2881 4258 3126 4329 δραμεῖν,
3150 4257 3244 4310 καὶ
3272 4256 3375 4328 τὴν
3408 4257 3531 4310 ὁδὸν
3579 4254 3674 4306 τῶν

2087 4350 2274 4422 ψυχῶν
2303 4351 2482 4404 αὐτῶν
2529 4351 2847 4422 εὐτρεπίσαι
2874 4351 2951 4419 τῷ
2995 4349 3104 4402 τῶν
3150 4349 3286 4401 ὅλων
3333 4345 3677 4419 παμϐασιλεῖ

2087 4443 2176 4496 διὰ
2199 4444 2292 4497 τοῦ
2327 4445 2699 4515 κηρύγματος.
2729 4439 2852 4496 Εἶεν
2881 4443 2926 4495 δ’
2945 4443 3012 4496 ἂν
3044 4442 3245 4512 δυσμαῖ
3273 4442 3464 4494 εῖτουν
3495 4441 3674 4496 νύκτες

2088 4536 2182 4588 καὶ
2208 4537 2264 4589 al.
2294 4535 2388 4588 τοῦ
2417 4537 2516 4606 τῆς
2544 4535 2889 4604 δικαιοσύνης
2932 4533 3084 4605 ἡλίου
3115 4531 3461 4586 ἐκπεσοῦσαι
3496 4528 3673 4603 ψυχαίο

409 4637 442 4677 a
472 4623 674 4694 quibus
700 4623 954 4684 Christus
975 4625 1182 4680 erroris
1210 4625 1461 4680 tenebras
1490 4624 1795 4696 depulerat,
1825 4624 1981 4678 inha-
2020 4608 2060 4660 ο
2087 4620 2161 4679 ῶν
2189 4629 2279 4698 Χρτ

2134 4645 2161 4678 ν
2189 4628 2421 4698 Χριστὸς
2448 4628 2540 4680 τὸν
2572 4627 2673 4697 τῆς
2701 4625 2909 4697 πλάνης
2926 4624 3098 4696 ’ζόφον
3133 4624 3430 4695 ἐξήλασεν,
3473 4623 3676 4690 ἐνοική-

407 4721 589 4776 bitans
615 4719 750 4790 ipsis
780 4735 875 4789 per
907 4719 1089 4774 ﬁdem.

2088 4734 2186 4780 σας
2216 4719 2401 4782 αὑταῖς
2422 4718 2508 4771 διὰ
2532 4719 2786 4781 πίστεως.

1012 4833 1146 4887 Item
1181 4835 1231 4888 in
1270 4836 1461 4905 psalm.
1489 4851 1636 4890 LXXII
1672 4834 1867 4890 verba:
1899 4835 2009 4888 Καὶ
2044 4835 2279 4888 ὑπέλαϐε

2134 4835 2333 4888 έλαϐων
2359 4834 2456 4887 τοῦ
2488 4834 2711 4899 γνῶναι,
2744 4846 2870 4897 etc.,
2902 4851 2948 4888 υ.
2979 4831 3063 4886 16.

473 4992 540 5049 At
565 4992 865 5049 secundum
897 4989 958 5044 D.
990 4989 1345 5046 Athanasium
1373 4992 1450 5044 ait
1483 4989 1672 5053 David,
1705 5007 1829 5045 cum
1859 4991 1978 5044 exi-

405 5089 685 5142 stimarem
728 5100 891 5156 posse
943 5100 1028 5138 me
1076 5099 1411 5152 cognoscere
1447 5092 1553 5138 tam
1589 5082 1855 5153 profunda
1887 5093 1976 5136 tua

399 5185 629 5256 judicia,
666 5181 874 5252 conjeci
907 5197 991 5236 me
1021 5181 1072 5233 in
1106 5179 1384 5233 molestias
1416 5196 1428 5230 :
1464 5192 1588 5231 cum
1624 5177 1712 5230 illa
1745 5177 1855 5231 sint
1890 5177 1965 5228 in-

404 5274 742 5330 scrutabilia.
792 5272 858 5326 Et
895 5281 1072 5326 tamen
1114 5270 1368 5323 idoneum
1414 5281 1602 5320 eorum
1639 5280 1972 5336 cognoscen-

403 5365 597 5421 dorum
632 5374 843 5433 tempus
887 5363 1019 5418 mihi
1054 5360 1343 5432 acquisivi.
1377 5358 1431 5413 Id
1475 5373 1600 5412 vero
1647 5367 1730 5411 est
1758 5367 1970 5426 tempus

405 5448 618 5526 iudicii,
649 5456 869 5524 quando
918 5453 1114 5508 reddes
1145 5451 1438 5520 unicuique
1467 5449 1768 5506 secundum
1809 5462 1972 5518 opera

477 5630 554 5704 (0)
573 5628 697 5687 Haec
723 5632 996 5703 superius,
1033 5631 1122 5684 sel
1155 5629 1428 5683 breviora.

2160 4990 2231 5058 (6)
2263 4990 2418 5042 Κατά
2445 4990 2498 5042 δὲ
2526 4991 2614 5042 τὸν
2637 4989 2775 5043 θεῖον
2803 4990 3135 5049 ’Λθανὰσιον,
3165 4989 3512 5059 ὑπονοήσας,
3533 4985 3674 5056 φησὶ,

2087 5080 2153 5132 τὰ
2183 5081 2325 5133 οὕτω
2359 5080 2528 5150 βαθέα
2567 5079 2771 5148 γνῶναι
2802 5080 3069 5149 κρίματα,
3112 5081 3168 5130 ἐν
3230 5077 3398 5148 κόπῳ
3431 5073 3676 5130 ἐνέϐαλον

2085 5171 2341 5242 ἐμαυτὸν,
2376 5172 2470 5224 ᾶτε
2495 5171 2929 5241 ἀνεξερευνήτων
2958 5169 3146 5223 ὄντων.
3193 5167 3348 5239 Πλὴν
3375 5168 3474 5221 τὸν
3503 5168 3677 5220 δέοντα

2084 5267 2162 5326 εἰς
2194 5264 2291 5335 τὴν
2321 5263 2525 5317 τούτων
2568 5263 2769 5331 γνῶσιν
2831 5261 3050 5333 ἐμαυτῷ
3083 5261 3439 5332 πεπόρισμαι
3475 5257 3674 5330 καιρόν,

2081 5348 2246 5416 Οὗτος
2282 5353 2337 5406 δε
2371 5349 2437 5424 ἦν
2461 5355 2488 5406 ὁ
2512 5353 2606 5406 τοῦ
2636 5353 2983 5423 δικαστηρίου
3014 5353 3219 5423 καιρὸς,
3243 5351 3341 5403 ὅτε
3383 5349 3679 5409 ἀποδώσεις

2083 5446 2296 5516 ἑκάστῳ
2331 5445 2473 5500 κατὰ
2500 5445 2566 5500 τὰ
2603 5445 2738 5517 ἔργα
2766 5445 2952 5500 αὐτοῦ.
2998 5446 3130 5500 Τότε
3191 5443 3302 5518 γὰρ
3356 5442 3608 5518 ἀκριϐῶς
3633 5439 3677 5493 οξ
