3760 6270
415 246 512 306 591
1273 245 1330 299 S.
1374 242 1750 301 ATHANASII
1778 244 1900 301 OPF

2148 279 2149 290 ι
2187 247 2277 304 111.
2323 281 2378 293 --
2413 242 2824 307 EXEGETICA.
3542 249 3633 303 593

623 497 3627 529 mm

1131 683 1357 768 ΤΟΥ
1429 685 1573 772 ΕΝ
1647 678 2008 771 ΑΓΙΟΙΣ.
2081 681 2510 790 ΠΑΤΡΟΣ
2583 686 2908 784 ΗΜΩΝ

1363 894 2677 1045 ΑΘΑΝΑΣΙΟΥ

760 1185 2046 1304 ΑΡΧΙΕΠΙΣΚΟΠΟΥ
2155 1175 3303 1301 ΑΔΕΞΑΝΔΡΕΙΑΣ

937 1454 1774 1595 ΕΡΜΗΝΕΙΑ
1917 1462 2253 1590 ΤΩΝ
2378 1466 2422 1542 τ

1636 1454 1774 1588 [Α
1917 1462 2253 1590 ΤΩΝ
2378 1454 3101 1593 ΨΑΑΜΩΝ

2007 1709 2054 1762 Η

1237 1895 1495 1981 ΠΕΡΙ
1582 1895 2204 1983 ΕΠΙΓΡΑΦΗΣ
2275 1895 2788 1986 ΨΑΛΜΩΝ.

1032 2299 1198 2456 ’8.
1304 2305 1476 2452 Ρ.
1640 2303 1822 2454 Ν.
1971 2296 2517 2455 ΑΤΗΑ]

1640 2303 1822 2454 Ν.
1971 2296 3010 2455 ATHANASII

1503 2567 2029 2626 ARCHIEPISCOPI
2067 2566 2535 2625 ALEXANDle

840 2746 2122 2878 INTEBPRETATIO
2232 2743 3197 2879 PSALMORUM

1949 3008 2090 3051 ειη

1223 3169 1370 3258 DE
1446 3170 1936 3260 TITULIS
2011 3153 2790 3263 PSALMORUM.

771 3510 1178 3575 EPISTULA
1235 3513 1630 3575 PREFIXA
1687 3513 2084 3578 EDITIONI
2127 3513 2505 3578 ROMANZE
2559 3514 2782 3580 ANNI
2824 3515 3280 3581 MDCCXLVI.

1496 3893 1498 3896 ,
1619 3853 1813 3899 SACRO
1866 3855 1944 3899 AC
1997 3853 2370 3900 VENERABILI

515 3953 762 4000 εΑΝοτΔε
813 3954 1087 4000 ΠΟΜΑΝΕ
1143 3955 1443 4001 ECCLESIE
1497 3955 1920 4001 CARDINALIUM
1948 3956 2266 4013 COLLEGIO,
2323 3953 2652 4012 EPISCOPIS,
2694 3952 3137 4011 PRESBYTERIS,
3195 3953 3510 4004 DIACONIS.

471 4113 691 4188 Magnus
733 4118 1086 4184 Athanasius,
1119 4133 1282 4190 quem
1317 4119 1541 4176 laudare
1570 4121 1829 4176 virtutem
1882 4120 2110 4176 laudare
2141 4129 2246 4186 est,
2279 4121 2461 4177 aiebat
2496 4121 2554 4176 S.
2597 4121 2894 4192 Gregorius
2921 4119 3295 4177 Nazianzenus
3337 4122 3439 4194 (l),
3474 4128 3636 4182 novis

389 4209 633 4280 quotidie
657 4209 984 4265 Arianorum
1022 4209 1313 4266 calumniis
1342 4219 1590 4276 vexatus,
1624 4218 1680 4266 et
1715 4226 2009 4282 pravorum
2051 4211 2340 4266 hominum
2376 4212 2784 4267 circumventus
2812 4211 3048 4275 insidiis,
3084 4209 3337 4276 Romam,
3365 4214 3533 4281 quasi
3567 4213 3634 4267 ad

392 4304 722 4360 tutissimum
753 4304 1153 4360 communionis
1191 4320 1304 4361 suae
1346 4315 1560 4375 portum
1606 4304 1869 4376 confugit,
1905 4316 1964 4360 ut
2000 4321 2140 4376 quos
2191 4321 2293 4362 nec
2329 4307 2610 4361 hominum
2641 4305 2838 4376 pudor,
2871 4320 2971 4361 nec
3015 4303 3105 4359 Dei
3138 4305 3300 4360 timor
3331 4305 3632 4368 retinebat,

387 4401 602 4469 prolato
632 4415 698 4456 ex
727 4398 872 4456 Petri
918 4400 1176 4455 cathedra
1205 4401 1367 4471 iustae
1398 4400 1770 4457 damnationis
1795 4401 2036 4464 decreto,
2069 4400 2316 4456 Romana
2349 4411 2626 4458 coerceret
2655 4400 2972 4455 auctoritas.
3013 4397 3376 4471 Posteaquam
3401 4417 3547 4458 vero
3582 4404 3634 4456 in

386 4495 590 4555 Urbem
626 4500 886 4569 pervenit,
916 4499 977 4554 B.
1017 4498 1216 4566 Julius,
1256 4500 1350 4570 qui
1389 4509 1503 4554 tum
1540 4499 1797 4554 Romanae
1829 4497 2087 4555 Ecclesiae
2131 4509 2383 4568 praeerat,
2425 4509 2480 4555 et
2507 4497 2912 4556 ecclesiasticus
2943 4503 3188 4560 senatus,
3219 4493 3313 4564 qui
3351 4495 3458 4564 ipsi
3493 4497 3638 4550 assi-

387 4595 568 4661 debat,
602 4605 947 4665 peramanter
983 4611 1108 4651 eum
1137 4593 1584 4665 excrperunt(2),
1609 4593 1865 4648 amictum
1895 4594 2160 4648 consolati
2185 4604 2331 4658 sunt,
2363 4596 2633 4665 dejectum
2659 4593 3033 4654 sublevarunt,
3063 4590 3408 4646 innocentem
3439 4591 3640 4646 defen—

374 4685 606 4746 oderunt,
660 4696 908 4740 sanctum
953 4694 1007 4740 et
1057 4685 1207 4739 omni
1258 4686 1522 4738 virtutum
1566 4697 1764 4752 genere
1809 4683 2184 4747 cumulatum,
2245 4685 2464 4754 rejectis
2515 4685 2901 4740 haereticorum
2954 4681 3300 4748 criminibus,
3356 4685 3634 4751 praeclaro

374 4779 700 4842 ‘testimonio
737 4797 837 4837 suo
877 4782 1130 4837 universo
1153 4781 1270 4836 orbi
1302 4779 1671 4835 declararunt.
1708 4777 1826 4832 Duo
1867 4788 2047 4834 autem
2079 4795 2146 4834 ex
2186 4780 2434 4836 Romano
2470 4780 2832 4852 presbyterio,
2863 4778 3108 4847 ejusdem
3146 4775 3275 4831 Julii
3316 4777 3633 4842 voluntate,

375 4879 632 4950 [Elpidius
670 4887 726 4932 et
758 4875 1091 4930 Philosenus
1121 4874 1442 4944 legationem
1468 4882 1827 4941 susceperunt
1857 4871 1923 4925 ad
1960 4870 2299 4927 Eusebianos
2331 4873 2638 4943 episcopos,
2671 4880 2729 4925 ut
2757 4884 2853 4926 eos
2890 4872 2955 4926 ad
2989 4871 3289 4927 Romanam
3325 4875 3632 4944 synodum,

381 4987 547 5042 quam
592 4970 695 5040 ipsi
736 4970 1164 5038 postulaverant,
1201 4978 1513 5024 evocarent.
1549 4967 1656 5022 Sed
1699 4967 1916 5036 expavit
1945 4968 2012 5023 ad
2058 4967 2332 5023 Romanos
2376 4968 2572 5024 aﬂ‘atus
2607 4968 2808 5022 Ariana
2838 4968 3129 5035 calliditas,
3159 4977 3214 5023 et
3247 4967 3632 5026 Romanorum

383 5059 540 5115 {idem
577 5059 876 5128 pertimuit,
911 5074 1051 5128 quae,
1090 5058 1352 5127 Apostolo
1393 5057 1742 5126 praedicante,
1772 5057 1990 5112 laudata
2016 5067 2102 5114 cst
2136 5075 2150 5124 ;
2194 5070 2248 5114 et
2283 5059 2350 5114 ad
2395 5075 2490 5116 eos
2533 5061 2715 5116 venire
2758 5074 3077 5130 renuerunt,
3115 5066 3182 5119 ad
3215 5080 3353 5135 quos
3393 5068 3631 5135 perﬁdia

382 5151 584 5206 habere
619 5164 728 5204 non
762 5157 944 5218 potest
972 5163 1274 5203 accessum.
1312 5147 1495 5214 Itaque
1529 5145 1734 5202 frustra
1770 5147 1862 5201 diu
1900 5151 2256 5218 exspectatis,
2287 5165 2411 5204 cum
2442 5151 2768 5208 delictorum
2808 5171 3034 5211 suorum
3075 5157 3412 5212 conscientia
3449 5161 3632 5214 territi

380 5241 448 5297 ad
481 5241 843 5312 praestitutam
879 5241 1044 5306 diem,
1083 5240 1265 5295 varias
1305 5240 1662 5294 contumacia:
1711 5255 1824 5295 sua:
1860 5250 2218 5319 praetexentes
2260 5259 2477 5310 causas,
2520 5244 2731 5316 judicio
2770 5249 2913 5303 sedis
2956 5249 3266 5318 apostolicae
3299 5265 3356 5304 se
3390 5251 3632 5306 minime

455 5441 529 5508 (1)
570 5442 628 5495 1η
657 5440 810 5497 Orat.
853 5442 918 5494 de
960 5439 1016 5494 S.
1050 5440 1248 5494 Athan.
1285 5438 1503 5494 Hieron.
1549 5441 1600 5494 in
1645 5437 1928 5509 Epitaphio
1967 5440 2257 5498 Marcellw.

450 5513 524 5584 (Ξ)
565 5513 638 5589 l_)e
666 5510 1166 5589 Athanasiiitin‘ere
1191 5511 1436 5589 Bomano
1464 5509 1938 5589 c[:_ejus.Agolog._
1971 5514 2446 5589 corLtra_A_ria_nos,
2483 5527 2614 5572 tom.
2645 5517 2687 5582 l,
2718 5535 2836 5589 pag.
2875 5519 3012 5586 110,
3046 5529 3099 5574 et
3133 5519 3276 5576 Hist.
3318 5524 3516 5580 Arian.
3562 5524 3632 5577 ad

374 5580 644 5661 monarch,
690 5599 743 5654 p.
781 5582 926 5646 287;
963 5580 1020 5634 S.
1048 5581 1320 5652 ,Cyprian.
1355 5596 1440 5650 ep.
1503 5582 1592 5645 55,
1637 5580 1707 5632 ad
1745 5580 2006 5646 Corncl.;
2048 5581 2104 5637 S.
2158 5583 2262 5639 Jul.
2315 5586 2369 5640 in
2407 5580 2562 5657 epist.
2623 5580 2692 5642 ad
2719 5580 3264 5661 'Dvanium'aliosque
3319 5593 3631 5651 Orientales

369 5657 654 5726 episcopos.
