3760 6270
183 307 272 369 593
871 303 958 358 DE
1001 301 1273 357 TlTULlS
1312 302 1755 361 PSALMORUM.
1792 333 1858 341 -—
1900 301 2288 360 ANTONELLI
2327 297 2716 359 PRIEFATIO.
3307 308 3414 363 595

185 429 437 488 sisterent,
465 433 798 493 congregata
823 431 905 476 est
936 423 1153 476 domum
1188 420 1434 476 Romana
1463 423 1704 494 synodus
1744 424 1798 476 in
1846 439 1952 476 una
1991 439 2054 477 ex
2099 423 2294 477 vestris
2333 421 2647 478 titularibus
2691 423 2959 491 ecclesiis,
2997 423 3089 478 ubi
3127 422 3410 481 Romanus

185 518 446 591 presbyter
488 515 616 570 Vito
651 523 953 570 conventus
999 516 1211 585 agebat.
1255 513 1302 569 Is
1334 515 1478 570 enim
1521 530 1629 570 una
1673 531 1796 570 cum
1847 513 2134 570 Vincentio
2167 512 2399 570 Nicaeus:
2443 516 2653 588 synodo
2692 514 2961 584 interfuit,
3002 527 3055 571 et
3087 519 3214 588 quia
3247 519 3422 572 ambo-

185 619 362 663 rectam
412 606 710 661 Athanasii
756 604 918 658 (idem
966 619 1292 673 morumque
1343 605 1706 675 integritatem
1759 606 1926 675 probe
1972 605 2247 674 cognitam
2297 615 2744 676 perspectamque
2787 607 3078 673 habebant,
3108 610 3410 668 verisimile

184 699 446 754 admodum
475 708 586 764 est,
609 697 753 751 sicut
790 709 889 765 pro
925 689 1178 746 Marcello
1207 692 1498 762 Ancyrauo
1524 695 1803 764 episcopo,
1835 695 2007 748 multo
2047 692 2222 764 magis
2253 709 2351 764 pro
2386 696 2735 752 sanctissimo
2764 695 3135 754 Alexandrino
3163 702 3408 757 antistite

184 787 538 843 testimonium
564 801 659 840 eos
688 785 892 840 dixisse
923 783 976 835 in
1009 796 1167 836 sacro
1196 781 1289 835 illo
1324 793 1618 847 conventu,
1655 784 1748 854 qui
1792 784 2034 838 unanimi
2081 799 2446 855 supremoque
2478 787 2688 855 judicio
2714 786 2996 844 Athanasii
3037 793 3404 847 innocentiam

184 883 417 936 adversus
453 879 790 932 Arianorum
830 877 985 932 dolos
1013 892 1079 932 ac
1112 876 1332 932 fraudes
1366 878 1682 948 vindicavit,
1723 895 1958 950 eamque
1991 880 2259 936 sententia
2300 897 2401 937 sua
2446 884 2691 940 veritatis
2728 900 2792 939 ac
2828 885 3054 954 justitim
3104 887 3405 957 ponderata

183 977 464 1040 libramine,
495 973 842 1029 manifestam
871 973 1127 1028 omnibus
1155 987 1228 1046 ac.
1263 981 1512 1029 testatam
1536 989 1659 1030 esse
1693 975 1886 1030 voluit.
1915 975 2282 1041 Quamobrem
2326 977 2566 1046 pontifex
2589 975 2783 1040 Julius,
2813 977 2954 1032 datis
2987 976 3182 1032 deinde
3210 977 3405 1032 litteris

185 1073 234 1123 ad
261 1071 462 1124 clerum
516 1077 571 1122 et
615 1067 877 1137 populum
913 1065 1370 1132 Alexandrinum,
1424 1067 1626 1138 quibus
1669 1067 1737 1123 de
1785 1068 2069 1124 Athanasii
2115 1068 2181 1122 ad
2221 1083 2318 1123 eos
2347 1069 2527 1124 reditu
2566 1070 2867 1140 gratulatus
2913 1079 3016 1133 est,
3067 1080 3191 1140 post
3219 1068 3404 1139 plures

186 1164 360 1227 laudes,
392 1162 603 1232 quibus
636 1169 886 1216 sanctum
921 1159 1235 1229 episcopum
1266 1147 1461 1216 merito
1490 1162 1643 1216 effert
1675 1181 1687 1216 :
1726 1160 1867 1228 Quid
1899 1173 2102 1230 autem,
2133 1164 2331 1233 inquit,
2358 1173 2513 1220 tanto
2533 1166 2649 1220 viro
2682 1165 2904 1235 dignum
2934 1165 3166 1236 proferri
3202 1176 3402 1236 potest.

185 1257 256 1326 qui
303 1266 397 1318 tot,
453 1262 510 1306 et.
554 1253 718 1307 tantis
772 1251 1142 1320 periculorum
1188 1253 1480 1307 exantlatis
1527 1253 1810 1310 laboribus
1866 1254 2110 1309 redditur
2149 1255 2364 1310 tandem
2415 1256 2573 1313 vobis
2615 1256 2929 1325 incolumis,
2986 1272 3096 1312 non
3137 1257 3401 1314 beneficio

185 1348 325 1401 nostri
377 1344 786 1407 tantummodo,
836 1357 1022 1398 verum
1067 1342 1231 1396 etiam
1275 1345 1440 1398 totius
1485 1344 1700 1398 concilii
1746 1343 1954 1414 judicio
1987 1344 2112 1400 talis
2155 1345 2518 1403 declaratus?
2555 1347 2685 1404 Post
2731 1349 2846 1406 haec
2884 1359 3088 1414 autem,
3128 1349 3398 1404 malorum

185 1441 434 1494 hominum
470 1438 603 1492 odio
639 1452 703 1490 ac
744 1431 945 1488 invidia
981 1433 1153 1502 magis
1194 1433 1474 1504 magisque
1509 1435 1788 1505 gliscente,
1835 1451 2115 1506 novasque
2163 1451 2377 1506 semper
2408 1438 2638 1496 insidias
2667 1447 2859 1494 contra
2889 1439 3172 1496 Athanasii
3199 1453 3398 1494 nomen

185 1535 507 1588 molientibus
527 1529 769 1596 Arianis,
805 1527 1146 1584 Sardicensis
1171 1531 1510 1585 mcumenica
1538 1531 1778 1602 synodus
1810 1541 2106 1586 convocata
2144 1543 2249 1600 est,
2284 1535 2371 1589 cui
2402 1535 2512 1590 duo
2537 1534 2767 1592 Romani
2790 1537 3090 1608 presbyteri
3114 1535 3382 1592 Archida-

184 1649 280 1686 mus
309 1641 361 1686 et
396 1629 738 1684 Philoxenus
797 1641 921 1682 cum
954 1625 1122 1682 llosio
1153 1627 1492 1682 Cordubensi
1531 1628 1807 1700 episcopo,
1841 1629 2064 1686 nomine
2091 1646 2154 1685 ac
2184 1632 2302 1687 vice
2325 1630 2456 1686 Julii
2503 1631 2772 1702 pontificis
2797 1627 3172 1700 praefuerunt;
3208 1629 3266 1684 in
3295 1627 3402 1683 hac

182 1741 284 1780 vero
330 1723 624 1777 Athanasii
677 1722 798 1776 tidci
848 1723 1130 1793 integritas
1176 1724 1407 1795 vitazque
1453 1726 1718 1780 sanctitas
1773 1741 1966 1780 rursus
2022 1727 2089 1780 ab
2146 1728 2401 1783 universa
2439 1728 2650 1799 synodo
2696 1727 2875 1797 agnita
2915 1733 3020 1790 est,
3060 1733 3114 1778 et
3149 1723 3396 1779 omnium

183 1817 423 1887 soﬂ‘ragiis
451 1827 650 1871 contra
697 1815 931 1884 perfidos
956 1825 1011 1870 et
1041 1816 1320 1872 catholica:
1355 1818 1602 1873 veritatis
1641 1827 1695 1872 et
1737 1818 2022 1874 Athanasii
2054 1821 2378 1876 innocentia:
2400 1822 2654 1876 inimicos
2677 1820 3048 1890 comprobata.
3095 1818 3202 1873 Sed
3227 1831 3398 1888 quor-

183 1927 280 1964 sum
324 1912 437 1964 haec
489 1917 604 1963 tam
641 1909 799 1977 longe
848 1908 1098 1977 repetita.
1137 1917 1191 1963 et
1235 1908 1303 1963 ab
1355 1908 1482 1964 altis
1529 1918 1781 1964 revocata
1833 1909 2165 1980 principiis?
2200 1910 2488 1973 Nimirum,
2537 1923 2594 1966 ut
2630 1924 2820 1966 omnes
2867 1909 3190 1979 intelligant,
3235 1923 3396 1978 quam

183 2015 584 2060 consentaneum
615 2014 672 2062 et
697 2001 1025 2059 conveniens
1077 1999 1260 2064 fuerit,
1298 2010 1356 2054 ut
1394 2016 1533 2070 opus
1567 1999 1623 2054 S.
1655 2001 1965 2068 Athanasii,
2004 2001 2162 2071 cujus
2207 2003 2267 2057 Β.
2314 2001 2674 2072 llieronymus
2716 2000 2985 2065 meminit,
3029 1999 3177 2070 quod
3217 1997 3295 2070 pii
3335 2013 3400 2053 ac

180 2097 348 2151 eruditi
383 2099 644 2152 homines
689 2093 1214 2157 diu‘desiderarunt,
1279 2101 1333 2146 et
1373 2092 1573 2148 frustra
1619 2094 1930 2164 quaesitum,
1969 2096 2134 2149 veluti
2184 2096 2448 2150 amissum
2491 2110 2556 2150 ac
2589 2096 2928 2165 deperditum
2966 2095 3397 2166 complorarunt,

182 2205 282 2243 cum
321 2206 466 2244 nunc
499 2191 743 2260 primum
781 2189 834 2242 in
863 2189 1039 2243 lucem
1085 2188 1335 2258 prodeat,
1371 2188 1501 2243 illud
1537 2200 1718 2244 vestro
1761 2189 1958 2245 illustri
2002 2190 2225 2246 nomine
2269 2191 2614 2260 inscriptum,
2657 2200 2712 2246 et
2756 2192 2931 2258 vobis,
2976 2191 3396 2247 eminentissimi

181 2279 358 2344 Patres,
391 2282 640 2336 dicatum
672 2281 728 2334 in
753 2280 1029 2351 publicum
1060 2281 1274 2336 edatur.
1310 2280 1420 2336 Vos
1447 2283 1592 2336 enim
1625 2283 1768 2338 sacri
1804 2283 1951 2339 illius
1995 2293 2237 2348 senatus,
2261 2283 2354 2352 qui
2380 2297 2638 2353 magnum
2667 2281 3026 2340 Athanasium
3055 2283 3124 2338 ad
3155 2283 3214 2336 Β.
3251 2281 3398 2338 Petri

181 2373 489 2437 cathedram,
514 2373 585 2428 ad
620 2383 868 2428 centrum
898 2375 1142 2438 unitatis,
1166 2376 1232 2429 ad
1270 2375 1474 2430 fontem
1508 2377 1794 2432 catholicas
1836 2379 2245 2434 communionis
2290 2367 2694 2450 confugientem
2733 2381 3051 2451 complexus
3092 2389 3197 2444 est,
3238 2378 3396 2444 fovit,

180 2479 359 2526 tutatus
390 2485 474 2527 est
497 2510 513 2536 ,
555 2471 700 2526 vices
747 2472 939 2526 tenetis
971 2482 1024 2528 et
1057 2473 1409 2543 dignitatem;
1465 2476 1576 2528 imo
1612 2490 1740 2528 vero
1775 2490 1899 2529 cum
1927 2476 1981 2528 in
2013 2486 2268 2530 vestrum
2291 2475 2661 2531 clarissimum
2689 2485 2890 2532 coetum
2938 2485 3133 2546 praeter
3162 2483 3394 2545 septem,

182 2581 302 2620 nunc
322 2583 450 2622 vero
480 2584 580 2622 sex
615 2567 920 2622 cardinales
951 2568 1236 2638 episcopos
1274 2569 1513 2624 urbanos
1545 2584 1639 2624 seu
1680 2569 2108 2637 suburbicarios,
2140 2571 2480 2626 selectissimi
2519 2586 2586 2626 ex
2621 2579 2736 2626 toto
2770 2551 2901 2624 orbe
2929 2569 3082 2638 juxta
3114 2579 3395 2623 sacrorum

181 2673 419 2715 canonum
447 2661 766 2731 praescripta
789 2660 867 2730 (5)
907 2672 938 2712 a
967 2657 1228 2712 Romanis
1259 2658 1607 2727 pontiﬁcibus
1636 2661 1928 2730 cooptandi
1958 2661 2087 2728 sint,
2115 2661 2422 2716 admirabili
2450 2661 2650 2717 divinae
2672 2659 3031 2716 Providentiae
3066 2658 3122 2712 in
3150 2655 3396 2713 Ecclesia

182 2771 260 2809 sua
289 2758 568 2826 dirigenda
594 2772 659 2810 ac
697 2754 1048 2825 gubernanda
1075 2753 1326 2819 consilio,
1357 2769 1421 2808 eo
1446 2753 1707 2823 perducta
1745 2771 1833 2811 res
1855 2763 1958 2822 est,
1986 2765 2045 2810 ut
2070 2757 2448 2826 amplissimus
2475 2765 2658 2812 vester
2692 2757 2826 2811 ordo
2853 2770 2883 2810 e
2912 2754 3087 2809 tribus
3125 2751 3397 2824 supremis

182 2847 224 2902 in
251 2849 476 2906 Ecclesia
524 2851 830 2916 ordinibus,
865 2864 1058 2919 nempe
1089 2849 1382 2920 episcopis,
1417 2849 1749 2922 presbyteris
1792 2859 1848 2906 et
1885 2851 2209 2906 diaconibus
2247 2851 2307 2905 S.
2347 2852 2415 2906 Β.
2447 2851 2511 2907 E.
2546 2850 2918 2908 cardinalibus
2952 2848 3290 2918 compositus
3327 2859 3394 2899 ex

183 2946 404 3001 universo
428 2956 702 3000 terrarum
745 2946 897 3011 orbe,
937 2955 998 3000 ut
1029 2954 1232 3001 sanctae
1278 2942 1534 3000 Ecclesiae
1577 2959 1818 3001 canones
1857 2946 2084 3015 provide
2111 2946 2494 3016 sapienterque
2538 2950 2958 3014 consuluerunt,
2989 2947 3205 3003 selectis
3233 2955 3396 3016 atque

181 3043 443 3108 arcessitis,
479 3058 593 3098 non
621 3041 784 3095 modo
810 3041 1096 3111 antiquum
1143 3039 1450 3095 Romanum
1479 3040 1878 3111 presbyterium
1911 3050 2281 3111 repraesentet,
2311 3042 2406 3097 sed
2446 3040 2707 3098 Romanas
2733 3043 2948 3115 synodi,
2975 3057 3098 3114 quae
3135 3057 3167 3097 a
3203 3039 3395 3112 primis

181 3138 425 3192 catholica:
457 3138 586 3192 fidei
615 3137 970 3220 temporibus
1008 3135 1255 3193 Romano
1299 3134 1541 3206 pontiﬁci
1572 3137 1916 3207 gravissimis
1949 3139 2017 3194 de
2064 3138 2226 3194 rebus
2260 3138 2580 3194 deliberanti
2625 3155 2841 3211 semper
2879 3140 3086 3205 aderat,
3127 3147 3182 3194 et
3228 3151 3394 3209 quam

181 3230 322 3288 (ἰπθεί
349 3232 724 3304 ἐπιδημοῦσαν
758 3248 854 3286 seu
881 3231 1219 3302 ὲνδημοῦσαν
1262 3244 1481 3298 vocant,
1537 3240 1591 3287 et
1629 3248 1666 3299 ei

1912 3233 2040 3290 bulo
2072 3233 2306 3291 fortasse
2351 3236 2495 3290 haud
2540 3236 2723 3306 inepto
2765 3243 3073 3303 praesentem
3121 3227 3391 3294 dixerim,

183 3325 328 3380 locum
370 3327 603 3396 adeptus
645 3325 717 3379 sit
757 3333 811 3379 et
853 3323 1229 3378 auctoritatem
1264 3340 1276 3376 :
1307 3323 1437 3392 quin
1481 3323 1668 3390 etiam,
1725 3323 1872 3394 quod
1923 3324 2080 3395 longe
2125 3327 2299 3396 magis
2353 3336 2458 3390 est,
2519 3324 2848 3382 universalis
2896 3319 3304 3392 quodamnodo,
3341 3325 3397 3375 et

183 3421 465 3486 domestici,
511 3429 570 3473 ut
610 3420 712 3473 hoc
759 3418 976 3473 nomine
1021 3428 1164 3483 utar,
1205 3417 1424 3472 concilii
1467 3416 1713 3472 Romano
1759 3420 2005 3490 pontifici
2047 3421 2303 3476 continue
2346 3421 2641 3477 assidentis
2680 3418 3190 3492 praestantissimum
3235 3415 3395 3471 nobis

183 3512 380 3576 speciem
415 3510 957 3580 pulcherrimamque
987 3505 1278 3577 imaginem
1309 3505 1578 3572 exhibeat,
1612 3515 1665 3561 et
1716 3516 2039 3577 potestatem
2067 3508 2230 3562 etiam
2267 3523 2375 3562 non
2407 3507 2633 3562 minima
2674 3525 2741 3563 ex
2780 3515 2934 3578 parte
2969 3507 3397 3576 dignitatemque

183 3601 410 3657 obtineat.
447 3603 535 3658 Ad
563 3602 678 3655 haec
718 3583 948 3665 accedit,
982 3597 1128 3668 quod
1157 3597 1338 3651 tenuis
1367 3597 1483 3651 haec
1523 3597 1726 3667 ingenii
1760 3597 1868 3651 mei
1895 3596 2149 3663 facultas,
2186 3605 2241 3652 et
2275 3597 2328 3650 in
2368 3596 2759 3675 ecclesiasticis
2780 3596 3012 3665 aliisque
3046 3594 3213 3650 rebus
3239 3592 3396 3646 labor

181 3705 224 3748 et
246 3696 523 3760 industria,
562 3708 901 3764 quaecunque
942 3707 1005 3746 ea
1051 3691 1142 3759 sit,
1171 3706 1336 3761 quam
1385 3691 1584 3756 sentio,
1619 3707 1785 3761 quam
1836 3693 1909 3747 sit
1953 3693 2175 3764 exigua,
2219 3700 2332 3748 tota
2376 3700 2558 3748 vestra
2606 3702 2709 3759 est,
2761 3700 2879 3746 tum
2929 3689 3142 3745 ratione
3201 3701 3397 3743 mune-

185 3785 260 3848 ris,
305 3804 406 3857 quo
443 3788 666 3856 fungor,
722 3794 836 3838 tum
889 3781 1153 3836 electione
1203 3781 1497 3836 voluntatis
1535 3800 1548 3837 :
1582 3783 1795 3837 ratione
1847 3782 2066 3852 quidem
2101 3785 2366 3849 muneris,
2399 3785 2529 3856 quia
2579 3784 2777 3839 abhinc
2823 3782 3102 3838 biennium
3146 3779 3394 3835 omnium

92 3865 94 3873 ’
183 3894 392 3938 vestrum
430 3881 708 3952 suffragiis
755 3895 785 3932 a
830 3877 1055 3933 secretis
1093 3876 1499 3946 praet-latissimi
1533 3877 1747 3947 collegii
1785 3878 1950 3932 vestri
1993 3878 2340 3934 renuntiatus
2381 3894 2526 3945 sum,
2562 3888 2616 3934 et
2648 3875 3047 3932 humanissima
3083 3874 3394 3929 animorum

184 3981 453 4027 vestrorum
507 3968 903 4042 significatione
943 3975 1203 4035 exceptus
1236 3982 1251 4032 ;
1287 3966 1553 4021 electione
1606 3975 1789 4021 autem
1849 3968 2168 4034 voluntatis,
2193 3971 2320 4038 quia
2363 3984 2466 4041 ego
2509 3984 2724 4039 semper
2751 3966 3266 4040 praestantissimum
3302 3979 3397 4020 ve-

185 4076 327 4121 strum
359 4077 565 4124 coetum
601 4077 816 4120 summo
842 4061 1011 4117 animi
1037 4060 1320 4130 obsequio,
1345 4070 1398 4115 et
1427 4077 1490 4116 ea
1523 4061 1895 4127 veneratione,
1931 4077 2040 4131 qua
2071 4078 2169 4133 par
2195 4073 2335 4131 erat,
2371 4073 2696 4133 prosecutus
2731 4074 2874 4116 sum.
2901 4056 3112 4112 Etenim
3153 4071 3185 4112 a
3217 4053 3396 4125 prima

181 4161 449 4228 iuventute,
491 4162 741 4234 quamvis
780 4175 846 4215 eo
882 4172 1123 4229 tempore
1163 4157 1442 4214 assiduam
1490 4158 1634 4228 apud
1677 4158 1968 4215 duodecim
2012 4159 2198 4227 viros,
2243 4175 2382 4231 quos
2428 4161 2584 4216 Rata:
2628 4158 2906 4214 auditores
2938 4163 3172 4218 vocant,
3211 4150 3397 4207 causis

185 4254 546 4321 t'ognoscendis
575 4267 793 4323 operam
837 4251 1044 4315 darem,
1087 4248 1154 4303 de
1186 4248 1469 4305 titulorum
1495 4248 1727 4318 origine,
1757 4249 1850 4318 qui
1881 4265 1912 4304 a
1940 4260 2132 4304 sancto
2173 4249 2423 4306 Evaristo
2453 4250 2717 4306 Romanis
2745 4246 3076 4320 presbyteris
3114 4239 3394 4300 distributi

186 4355 308 4412 sunt,
349 4348 526 4419 deque
597 4362 750 4402 sacra
786 4345 1029 4414 liturgia,
1057 4353 1112 4400 et
1153 4345 1221 4400 de
1264 4344 1512 4400 collectis
1550 4360 1644 4399 seu
1677 4345 2065 4416 elecmosynis,
2099 4346 2332 4416 aliisque
2355 4349 2539 4414 rebus,
2571 4361 2693 4417 quae
2721 4345 2787 4400 ad
2811 4344 3018 4408 titulos,
3055 4351 3111 4397 et
3135 4339 3396 4396 ecclesias

186 4448 364 4494 vestras
394 4439 763 4510 pertinebant,
794 4437 1036 4493 libellum
1066 4443 1120 4492 in
1154 4437 1428 4508 publicam
1451 4438 1628 4492 lucem
1666 4439 1848 4494 emisi.
1877 4437 1989 4495 Nec
2017 4442 2190 4494 multo
2216 4449 2360 4509 post,
2385 4455 2498 4494 uno
2527 4456 2594 4494 ex
2624 4445 2803 4494 vestro
2833 4435 3063 4507 collegio
3096 4441 3152 4490 et
3178 4432 3396 4505 generis

187 4529 454 4599 nobilitate,
505 4543 561 4588 et
599 4545 813 4585 morum
846 4530 1154 4599 integritate
1197 4527 1423 4592 eximio,
1469 4529 1566 4597 qui
1589 4527 1923 4597 jampridem
1970 4545 2032 4584 ex
2086 4529 2188 4583 hac
2235 4528 2453 4582 mortali
2498 4529 2609 4581 vita
2645 4528 2710 4582 ad
2740 4526 3016 4582 caelestem
3043 4524 3306 4595 patriam,
3333 4531 3398 4580 ut

186 4642 375 4696 sperare
400 4633 482 4688 fas
516 4639 622 4694 est,
655 4629 929 4700 migravit,
959 4627 1212 4682 hortante
1238 4641 1302 4682 ac
1329 4626 1615 4692 suadente,
1642 4635 1887 4682 vestrum
1919 4627 2329 4682 sanctissimum
2360 4641 2583 4693 nomen,
2618 4634 2968 4696 vestramque
2991 4621 3392 4687 auctoritatem,

187 4740 286 4792 quae
308 4729 662 4798 quorumdam
711 4725 1084 4796 improborum
1130 4721 1478 4778 sermonibus
1527 4721 1913 4791 impetcbatur,
1948 4721 2089 4776 tueri
2120 4720 2307 4774 curavi
2349 4721 2565 4790 prolixo
2607 4733 2771 4791 Opere
2806 4717 3032 4787 scripto,
3071 4713 3218 4786 quod
3250 4727 3395 4766 nun-

185 4830 320 4882 quam
352 4821 584 4890 prodivit
618 4822 669 4874 in
719 4820 1018 4890 publicum,
1053 4820 1183 4889 quia
1225 4833 1406 4888 neque
1452 4817 1591 4871 ratio
1628 4826 1959 4886 temporum,
1989 4830 2110 4885 qua:
2134 4825 2325 4885 postea
2354 4817 2653 4872 subsecuta
2699 4822 2848 4877 sunt,
2874 4825 3056 4882 neque
3083 4805 3395 4878 reipublicae

189 4904 386 4973 utilitas,
413 4925 590 4978 neque
623 4908 732 4963 ulla
760 4908 1007 4977 ejusdem
1041 4905 1221 4976 operis
1253 4905 1570 4976 praestantia
1599 4905 1865 4974 exigebat.
1894 4903 2098 4959 Deinde
2131 4920 2260 4959 vero
2287 4907 2554 4976 singulari
2574 4904 2925 4961 beniticentia
2952 4911 3160 4959 sancta:
3183 4911 3396 4954 memoo

187 4994 262 5049 rite
287 4997 571 5055 Clementis
607 4999 698 5053 Xll
747 5003 952 5056 credita
999 5002 1132 5055 mihi
1165 5009 1249 5056 est
1296 5001 1544 5056 custodia
1590 5000 1884 5055 sanctioris
1923 4999 2132 5055 archivi
2173 5003 2339 5057 castri
2393 5001 2453 5058 S.
2500 5003 2714 5075 Angeli,
2745 5010 2801 5057 et
2828 5001 2992 5072 paulo
3027 5005 3150 5068 post
3191 5008 3396 5050 munus

189 5094 548 5156 abbreviatoris
580 5101 646 5157 de
678 5102 853 5168 curia,
883 5101 1166 5172 quibusin
1207 5102 1549 5167 muneribus,
1585 5100 1764 5172 quoad
1804 5100 1980 5170 potui,
2025 5115 2090 5155 ea
2135 5117 2268 5156 cura
2312 5115 2376 5156 ac
2416 5100 2698 5171 diligentia
2737 5101 2987 5151 versatus
3032 5102 3178 5151 sum,
3207 5095 3268 5142 ut
3297 5099 3395 5141 vos

190 5185 273 5255 ipsi
293 5194 480 5261 srepius
507 5193 576 5249 de
607 5211 692 5248 me
721 5194 1335 5249 honorificentissimum
1380 5194 1756 5250 testimonium
1786 5193 2076 5264 perhibere
2107 5210 2214 5250 non
2244 5194 2648 5250 dubitaveritis.
2682 5193 2896 5245 Interea
2928 5199 3061 5242 vero
3089 5183 3156 5239 iis
3184 5188 3394 5251 tempo-

190 5297 289 5338 rum
321 5286 632 5357 intervallis,
659 5307 780 5360 quae
803 5291 935 5345 mihi
962 5308 992 5346 a
1014 5291 1242 5362 reliquis
1270 5290 1726 5360 occupationibus
1755 5289 2222 5355 concedebantur,
2251 5291 2483 5345 multum
2513 5303 2694 5358 opera:
2721 5281 3038 5352 laborisque
3075 5275 3393 5347 consumpsi

193 5372 236 5426 in
263 5378 578 5435 adornandis
611 5382 1108 5448 observationibus,
1137 5380 1606 5452 longioribusque,
1646 5379 1691 5435 si
1725 5381 1945 5450 quando
1987 5395 2127 5450 opus
2165 5379 2292 5443 fuit,
2336 5377 2818 5434 dissertationibus
2847 5373 2987 5446 typis
3014 5373 3179 5428 etiam
3213 5371 3268 5425 in
3294 5385 3397 5440 pu-

193 5462 361 5524 blicum
399 5475 579 5537 editis,
611 5489 708 5543 pro
751 5475 1090 5544 corrigendis
1120 5475 1510 5530 ecclesiasticis
1535 5471 1896 5529 Orientalium
1935 5477 2220 5531 nationum
2263 5476 2441 5539 libris,
2483 5484 2543 5531 ut
2563 5492 2631 5531 ex
2659 5472 2926 5529 sententia
2955 5464 3395 5541 congregationis

193 5567 538 5622 imnnullorum
571 5577 776 5623 sancta:
799 5567 1060 5623 Romanae
1084 5566 1342 5623 Ecclesiae
1378 5566 1760 5630 cardinalium,
1797 5568 1951 5638 cujus
1985 5584 2085 5638 ego
2127 5584 2154 5622 a
2193 5569 2418 5624 secretis
2452 5568 2521 5623 ab
2554 5570 2744 5626 eodem
2781 5568 3059 5625 Clemente
3087 5553 3206 5632 Xll,
3256 5577 3394 5634 pon-

252 5703 315 5769 i3)
350 5707 544 5765 Concil.
573 5708 814 5766 Trident.
848 5710 920 5765 De
949 5709 1184 5780 reform.,
1219 5725 1351 5767 scss.
1379 5724 1524 5777 xxiv,
1550 5723 1668 5778 cap.
1708 5708 1754 5765 l.
