3760 6270
324 301 429 356 595
1172 299 1229 355 S.
1267 300 1637 358 ATHANASII
1677 304 1807 359 OPP

2085 306 2172 362 ιιι.
2204 339 2272 350 -
2303 302 2713 362 EXEGETICA.
3295 298 3302 304 ”
3459 301 3555 358 596

325 417 566 475 ιὶίωιιιε
618 417 704 472 sui
757 415 934 482 initio,
972 415 1043 472 cl.
1081 430 1248 471 mem.
1293 416 1559 472 cardinali
1609 417 1906 475 Francisco
1951 419 2250 475 Barberino
2298 418 2610 489 postulante
2651 413 3006 478 constitutus,
3047 418 3104 466 et
3147 426 3177 465 a
3219 409 3558 467 sanctissimo

327 513 554 570 domino
582 521 772 568 nostro
807 509 1102 566 Benedicto
1142 509 1257 564 XIV
1280 512 1637 569 conﬁrmatus
1672 512 1771 581 fui,
1806 514 2080 568 emendati
2122 514 2177 568 in
2206 511 2566 584 typographia
2600 523 2770 564 sacrae
2808 506 3247 578 congregationis
3269 504 3337 562 de
3357 503 3556 575 Pr0pa-

329 613 507 682 ganda
537 609 668 664 Fide
695 609 762 663 ad
798 622 1146 662 communem
1169 616 1479 663 exterarum
1516 609 1801 664 nationum
1832 609 2120 664 utilitatem
2151 608 2616 678 imprimerentur.
2647 602 2874 657 Demum
2921 619 3016 672 per
3059 602 3247 658 eadem
3280 601 3395 655 haec
3428 611 3558 654 tem-

329 714 488 769 pora,
529 698 745 767 quoties
780 695 914 750 mihi
942 694 1330 751 demandatum
1359 705 1465 761 est,
1499 707 1553 753 et
1575 710 1838 768 quantum
1876 699 2077 768 ingenii
2107 700 2210 752 mei
2251 696 2597 751 imbecillitas
2622 695 2848 764 aliaeque
2879 695 3266 766 occupationes
3295 693 3558 757 sinebant.

331 806 444 846 non
474 791 620 846 defui
648 792 700 844 in
732 791 1042 846 asserendis
1069 788 1331 846 Romame
1371 791 1628 848 Ecclesiae
1656 793 1892 863 jnribus,
1911 793 2358 862 defendendaque
2385 792 2505 861 ejus
2527 790 2790 860 dignitate
2823 799 2876 844 et
2903 789 3252 851 auctoritate,
3273 796 3327 842 et
3348 786 3559 856 potissi-

335 899 484 938 mum
504 884 558 936 in
584 883 787 938 tuendo
803 881 924 950 ejus
941 882 1187 939 dominio
1208 894 1371 954 atque
1393 886 1618 954 imperio
1637 887 1688 940 in
1711 889 2056 944 nobilissima
2080 887 2199 957 ejus
2217 887 2529 960 patrimonii
2547 894 2717 956 parte,
2734 899 2854 954 quae
2870 885 3100 940 aliorum
3118 883 3286 938 armis
3307 890 3563 951 occupata

334 981 631 1037 etiamnum
651 981 924 1035 immerito
946 981 1230 1046 retinetur,
1248 983 1422 1038 donec
1443 983 1647 1039 sedatis
1669 993 1945 1040 tantorum
1965 985 2227 1040 bellorum
2245 985 2504 1046 motibus,
2521 992 2569 1037 et
2592 981 2795 1052 pacatis
2810 977 3123 1034 bellantium
3143 973 3444 1044 principum
3459 987 3565 1026 ant-

335 1071 458 1138 mis,
478 1087 572 1141 per
587 1089 734 1140 eum,
759 1075 850 1145 qui
874 1073 1008 1128 mari
1030 1083 1086 1130 et
1111 1079 1288 1134 ventis
1307 1078 1558 1150 imperat,
1577 1095 1640 1135 ac
1665 1081 2108 1150 tranquillitatem
2139 1080 2288 1144 facit,
2309 1095 2434 1150 spes
2458 1079 2652 1133 melior
2675 1077 2904 1145 Europte
2927 1085 2981 1129 et
3019 1072 3281 1126 Romanae
3311 1069 3567 1125 Ecclesiae

336 1164 498 1220 rebus
543 1165 820 1238 aﬂ’ulgeat.
850 1168 1033 1236 Quare
1080 1175 1404 1246 intelligitis,
1451 1176 1872 1232 eminentissimi
1920 1176 2132 1244 Patres,
2180 1193 2301 1232 mea
2335 1176 2541 1240 omnia,
2588 1174 2991 1245 qualiacunque
3029 1169 3158 1234 sint,
3199 1177 3382 1223 vestra
3425 1181 3562 1234 esse,

337 1275 461 1314 cum
495 1277 525 1316 a
552 1265 747 1334 primis
769 1267 1073 1337 juventutis
1105 1274 1265 1329 annis
1302 1288 1466 1330 omne
1487 1289 1670 1330 meum
1717 1274 1984 1342 studium,
2021 1275 2322 1345 ingenium,
2353 1287 2602 1342 operam,
2637 1271 2875 1324 laborem
2913 1277 3076 1336 atque
3128 1261 3451 1318 industriam
3481 1276 3569 1316 ve-

337 1364 453 1410 stro
486 1358 718 1426 nomini,
749 1372 802 1416 et
826 1367 1140 1432 apostolicae
1169 1368 1282 1423 sedi
1325 1369 1540 1439 penitus
1570 1369 1870 1424 addixerim
1911 1386 1974 1425 ac
2005 1369 2320 1425 dicaverim.
2352 1367 2432 1422 Ex
2473 1367 2557 1422 bis
2586 1374 2766 1421 autem
2796 1375 3126 1433 cognoscere
3154 1357 3402 1428 potestis,
3439 1365 3568 1425 quot

340 1448 655 1505 nominibus
684 1452 841 1509 vobis
863 1455 1148 1511 deberetur
1173 1458 1493 1527 praeclarum
1520 1458 1625 1514 hoc
1651 1460 1831 1530 magni
1864 1459 2150 1515 Athanasii
2183 1463 2345 1529 "opus.
2384 1459 2438 1514 in
2483 1473 2596 1526 quo
2627 1472 2658 1511 e
2697 1454 2887 1510 Graeco
2920 1453 2975 1505 in
3009 1449 3262 1503 Latinum
3287 1445 3566 1511 vertendo,

339 1539 611 1606 corruptis
637 1538 693 1594 in
721 1540 879 1609 locis,
908 1546 1085 1612 quoad
1113 1546 1282 1610 valui,
1314 1547 1676 1614 emendando,
1703 1555 1758 1602 et
1786 1546 2067 1602 nonnullis
2097 1547 2280 1617 parvis
2304 1546 2448 1600 notis
2480 1543 2802 1599 illustrando
2825 1541 3143 1610 auctorique
3162 1554 3262 1594 suo
3284 1537 3572 1593 asserenda

341 1645 448 1684 non
481 1646 671 1701 parum
705 1635 1023 1692 allaboravi.
1066 1636 1134 1692 Ut
1157 1655 1284 1694 vero
1314 1642 1702 1696 munusculum
1732 1642 1856 1706 hoc,
1880 1641 2028 1712 quod
2060 1642 2214 1698 vobis
2249 1641 2554 1696 humillime
2590 1638 2758 1695 oﬂero
2778 1678 2791 1702 ,
2818 1636 3023 1692 lubenti
3055 1635 3237 1690 animo
3270 1632 3571 1703 excipiatis,

343 1721 478 1777 satis
505 1737 627 1778 esse
654 1735 784 1794 puto
809 1727 1092 1784 Athanasii
1123 1747 1321 1786 nomen
1351 1749 1364 1786 :
1409 1733 1511 1787 hac
1541 1749 1650 1787 una
1686 1733 1832 1788 enim
1872 1725 2368 1798 commendatione,
2433 1739 2616 1785 certus
2651 1743 2773 1783 sum
2821 1726 2977 1782 vobis
3024 1723 3142 1778 fore
3175 1722 3572 1793 gratissimum.

343 1810 482 1868 Nam
501 1816 968 1874 eminentissimus
994 1819 1284 1886 Baronius,
1330 1839 1587 1894 magnum
1613 1823 1821 1878 ordinis
1845 1823 2011 1878 vestri
2030 1832 2413 1879 ornamentum
2433 1834 2487 1876 et
2504 1821 2694 1886 decus,
2721 1819 2774 1872 in
2800 1819 2916 1874 suis
2938 1815 3325 1871 Ecclesiastict‘s
3356 1812 3576 1866 Annali-

346 1902 442 1959 ιω
458 1905 564 1977 (4):
591 1925 609 1959 σ
632 1909 802 1975 Adeo,
837 1911 1036 1982 inquit,
1059 1927 1184 1987 post
1221 1927 1296 1973 tot
1318 1927 1575 1988 tantaque
1603 1919 1723 1988 ejus
1748 1935 1848 1989 pro
1865 1929 2010 1974 recta
2035 1919 2137 1974 ﬁde
2154 1919 2472 1981 certamina,
2492 1914 2984 1970 Athanasiinomen
3005 1911 3236 1983 posteris
3250 1908 3509 1964 doctrina:
3528 1915 3580 1960 et

347 1996 656 2055 sanctitatis
681 1999 983 2070 fulgoribus
1011 2007 1219 2062 clarum
1257 2008 1480 2074 ell‘ulsit,
1510 2018 1569 2063 ut
1602 2024 1833 2080 quaeque
1861 2010 2034 2078 ipsius
2065 2010 2269 2079 scripta
2305 2024 2416 2063 non
2450 2009 2615 2062 modo
2641 2008 2795 2062 avide
2830 2006 3158 2075 legerentur,
3190 2001 3285 2058 sed
3318 1993 3578 2070 singulari

348 2092 582 2159 quadam
616 2097 919 2152 reverentia
949 2098 1278 2152 colerentur.
1319 2117 1339 2149 ι
1369 2096 1556 2168 Itaque
1579 2099 1714 2152 nihil
1741 2098 1891 2152 aliud
1929 2098 2063 2153 mihi
2097 2100 2367 2169 reliquum
2397 2108 2506 2162 est,
2537 2099 2641 2152 nisi
2669 2106 2726 2152 ut
2754 2097 2924 2151 Deum
2953 2095 3317 2149 immortalem
3345 2088 3581 2146 submis-

348 2181 426 2237 sis
451 2183 706 2251 precibus
734 2201 908 2253 orem,
939 2196 997 2242 ut
1018 2201 1114 2242 vos
1137 2187 1231 2241 diu
1267 2202 1433 2244 sanos
1458 2198 1622 2259 atque
1654 2189 1956 2246 incolumes
1988 2200 2203 2260 praestet
2238 2206 2363 2245 cum
2408 2205 2666 2260 supremo
2715 2197 2922 2252 nostro,
2960 2196 3124 2255 atque
3167 2182 3418 2237 omnium
3447 2177 3577 2233 iide-

350 2271 483 2327 lium
511 2285 734 2345 pastore
756 2277 1049 2336 Benedicto
1069 2283 1210 2351 XIV,
1235 2285 1522 2341 catholicae
1549 2285 1823 2354 Ecclesiae,
1847 2288 2230 2358 plaudentibus
2261 2286 2550 2350 omnibus,
2571 2285 2830 2340 divinitus
2868 2282 3016 2346 dato,
3048 2279 3139 2350 qui
3162 2285 3429 2347 quantum
3452 2273 3585 2326 inter

349 2369 588 2440 reliquos
612 2374 873 2430 mortales
894 2376 1154 2448 dignitate
1175 2395 1240 2434 ac
1271 2390 1539 2448 potestate
1567 2382 1903 2452 praeeminet,
1938 2390 2147 2436 tantum
2179 2381 2396 2450 ingenio
2424 2393 2720 2448 rerumque
2759 2373 3114 2445 intelligentia
3157 2366 3417 2440 praecellit
3447 2383 3462 2419 :
3494 2363 3584 2432 qui

351 2475 474 2518 cum
507 2466 792 2534 apostolici
821 2471 1021 2537 gradus
1061 2469 1394 2526 sublimitate
1438 2487 1606 2541 supra
1639 2486 1829 2527 omnes
1869 2471 1959 2537 sit,
2002 2472 2344 2525 humanitate
2379 2485 2442 2525 ac
2477 2470 2808 2540 benignitate
2839 2465 2980 2521 infra
3029 2477 3220 2520 omnes
3269 2474 3394 2515 esse
3437 2455 3584 2510 vide-

351 2565 439 2612 tur
487 2576 502 2613 :
559 2560 653 2628 qui
711 2576 797 2616 me
847 2562 1024 2618 adhuc
1056 2563 1452 2620 adolescentem
1497 2566 1759 2636 singulari
1810 2565 2184 2620 benevolentia
2216 2565 2533 2634 complexus
2572 2573 2699 2618 est:
2734 2562 2828 2633 qui
2877 2577 2964 2614 me
2997 2573 3104 2612 non
3156 2556 3330 2611 solum
3364 2552 3584 2618 verbis,

353 2652 448 2707 sed
500 2655 661 2708 etiam
712 2657 973 2726 praeclaro
1019 2660 1267 2728 exemplo
1316 2675 1439 2725 suo,
1477 2669 1532 2716 et
1582 2662 1648 2715 ad
1697 2661 1840 2730 juris
1889 2669 1998 2714 tam
2054 2660 2248 2729 privati
2310 2674 2473 2728 quam
2527 2657 2728 2728 publici
2777 2652 3030 2710 notitiam
3063 2645 3491 2718 assequendum,
3535 2653 3587 2698 et

353 2740 421 2795 ad
492 2743 608 2799 haec
667 2745 772 2800 alia
829 2746 1103 2802 sanctiora
1162 2749 1374 2811 studia,
1433 2765 1555 2820 qua:
1613 2749 1668 2804 in
1736 2758 1937 2806 sortem
2003 2748 2098 2804 Dei
2153 2757 2377 2804 vocatos
2445 2749 2681 2803 maxime
2744 2748 2975 2810 decent,
3047 2742 3228 2798 verbis
3289 2740 3407 2795 suis
3476 2737 3586 2806 jam

353 2838 484 2892 olim
520 2839 735 2910 impulit
773 2857 838 2896 ac
881 2842 1229 2897 stimulavit:
1266 2843 1361 2912 qui
1425 2858 1674 2898 summus
1730 2842 1988 2899 Ecclesia
2030 2840 2273 2912 pontifex
2319 2840 2687 2902 renuntiatus,
2741 2850 2958 2909 postero
3017 2833 3304 2891 electionis
3370 2830 3482 2894 die,
3531 2841 3590 2882 ut

355 2933 641 2989 liberiores
661 2935 796 2988 mihi
822 2935 888 2989 ad
920 2950 1045 2989 eum
1073 2934 1253 2988 aditus
1294 2942 1500 3000 essent,
1528 2934 1685 2988 inter
1724 2933 2044 2999 familiares,
2084 2931 2176 3003 qui
2220 2931 2289 2986 ab
2330 2931 2522 2985 intimo
2547 2929 2802 2984 cubiculo
2849 2935 3000 2992 sunt,
3053 2924 3291 2994 primum
3343 2917 3586 2974 omnium

352 3025 575 3090 ascivit,
599 3035 655 3081 et
689 3027 1074 3096 triennioopost
1103 3041 1133 3080 a
1183 3025 1405 3081 secretis
1432 3040 1602 3081 sacrae
1637 3024 2072 3096 congregationis
2110 3039 2274 3093 super
2305 3021 2468 3078 rebus
2499 3018 2973 3077 consistorialibus
3010 3013 3306 3070 declaravit
3334 3030 3346 3065 :
3377 3009 3472 3080 qui
3499 3007 3590 3063 de-

358 3131 531 3180 mum,
563 3132 688 3171 cum
735 3133 919 3171 rerum
961 3117 1455 3176 ecclesiasticarum
1500 3115 1804 3180 scientiam,
1835 3124 1886 3170 et
1917 3129 2196 3171 sacrarum
2248 3113 2552 3168 litterarum
2587 3110 2768 3166 studia
2801 3125 2911 3165 non
2964 3106 3128 3162 modo
3166 3106 3218 3158 in
3250 3118 3308 3158 se
3338 3109 3488 3156 amet
3533 3113 3592 3152 ac

357 3207 566 3277 diligat,
599 3207 693 3261 sed
714 3207 876 3262 etiam
909 3208 962 3261 in
989 3207 1111 3262 aliis
1138 3221 1258 3261 esse
1289 3222 1450 3276 quam
1482 3207 1715 3260 maxime
1740 3205 1946 3274 cupiat,
1991 3219 2214 3274 parvam
2262 3217 2438 3256 meam
2469 3200 2852 3254 bibliothecam
2881 3195 3159 3267 praeclaris
3193 3192 3308 3247 suis
3337 3187 3591 3260 Operibus

363 3293 438 3348 De
488 3295 874 3364 beatiﬁcatione
920 3304 970 3350 el
1031 3297 1434 3351 canoniaatione
1487 3311 1752 3350 servorum
1804 3295 1942 3360 Dei,
1989 3294 2064 3348 De
2119 3294 2247 3347 Jesu
2295 3291 2492 3348 Christi
2551 3289 2844 3359 Matrisque
2893 3290 3008 3358 ejus
3073 3285 3250 3354 festis,
3301 3279 3382 3336 De
3427 3278 3594 3332 missa

360 3387 624 3458 sacriﬁcio
672 3389 966 3444 liberaliter
1016 3389 1234 3447 donatis
1268 3391 1569 3458 instruxit,
1620 3407 1729 3462 quo
1756 3405 1983 3446 munere
2008 3389 2144 3444 nihil
2169 3389 2301 3443 mihi
2335 3386 2671 3458 Splendidius
2702 3379 3242 3455 magniﬁcentiusque
3273 3387 3400 3429 esse
3437 3371 3592 3428 duco.

365 3477 571 3537 Valete.

608 3617 772 3691 ιιοιιῖω
835 3642 1066 3692 Kalendis
1087 3641 1216 3691 Junii
1258 3642 1374 3691 me

2531 3693 2760 3742 Nicolaus
2781 3692 3095 3740 Ακτοκειιεε

1943 3788 2171 3850 Ejusdem
2196 3799 2294 3836 sae.
2325 3785 2532 3847 Collegit
2557 3792 2609 3834 et
2628 3796 2724 3833 sae.
2749 3780 3030 3852 Cpnsistorii
3057 3793 3082 3826 a
3107 3775 3320 3828 secretio

437 3919 516 3993 (ιι
549 3919 629 3976 Ad
654 3935 746 3977 an.
775 3921 895 3988 540,
925 3939 978 3976 ιι.
1010 3919 1101 3974 XL
