3760 6270
143 287 222 344 σοι
803 293 889 349 DE
931 295 1207 356 TITULIS
1248 300 1700 361 PSALMORUM.
1737 333 1809 346 —
1843 299 2658 363 ANTONELLIKPRIEFATIO.
3265 293 3373 352 602

140 418 342 472 sequor,
373 405 728 472 a'sententia,
752 415 808 462 et
840 419 1021 467 mente
1053 415 1391 472 sanctissimi
1435 417 1682 473 doctoris
1727 416 2084 473 discederem.
2132 414 2384 472 Albertus
2428 413 2714 469 Fabricius
2743 409 2930 466 scribit
2977 407 3272 480 Hamhurgi
3313 409 3372 465 in

141 498 460 554 bibliotheca
486 496 732 553 Joannea
760 510 976 558 exstare
1004 506 1432 577 manuscriptam
1466 508 1772 564 versionem
1820 507 2068 562 Latinam
2121 506 2178 562 8.
2223 506 2504 561 Athanasii
2547 506 2603 559 in
2639 506 2882 560 Psalmos
2934 505 3374 561 elaboratammb

141 589 238 644 Elia
273 590 577 662 Ehingero,
619 590 714 660 qui
762 592 952 648 codice
983 593 1173 650 Graeco
1222 596 1566 652 bibliothecae
1607 597 1939 669 Augustante
1974 612 2107 652 usus
2139 603 2242 651 est.
2289 597 2372 649 An
2417 595 2508 649 illa
2543 594 2827 648 translatio
2855 593 2926 648 sit
2958 593 3184 662 hujusce
3222 607 3370 646 com-

142 682 404 748 mentarii,
445 698 542 738 seu
570 683 956 754 metaphrasis,
982 703 1144 756 quam
1179 705 1325 746 nunc
1378 691 1431 744 in
1472 692 1645 746 lucem
1672 692 1893 754 damus,
1921 707 1990 746 an
2014 705 2146 745 vero
2177 689 2400 744 alterius
2427 687 2649 743 omnino
2679 687 2924 752 diversae,
2953 695 3104 741 certo
3135 695 3375 742 statuere

142 793 233 833 non
264 779 476 847 ausim,
509 795 635 834 cum
662 780 729 834 ad
760 794 956 834 manus
1002 795 1151 836 meas
1184 796 1291 835 non
1336 784 1662 852 pervenerit.
1715 781 1818 837 Sed
1855 783 1900 838 si
1931 782 2247 852 conjectura
2282 795 2440 851 agere
2468 780 2612 844 licet,
2652 778 3121 833 verosimillimum
3152 776 3372 847 quidem

142 884 227 938 est,
259 873 578 943 hujusmodi
609 874 1064 929 commentarium
1109 873 1165 930 8.
1209 875 1511 932 Athanasio
1545 878 1840 948 ascriptum
1875 877 1998 932 aliis
2019 877 2130 947 jam
2158 878 2210 930 in
2236 877 2411 930 lucem
2437 876 2596 932 editis
2623 874 2845 928 minime
2867 888 2988 928 esse
3015 872 3370 938 dissimilem;

123 951 246 1020 'nam
275 967 322 1021 si
356 982 526 1024 secus
556 967 719 1035 foret,
755 968 808 1022 id
837 970 1017 1036 ipsum
1042 966 1500 1034 animadvertere,
1528 984 1592 1023 ac
1619 969 1918 1023 lectoribus
1951 968 2067 1023 suis
2100 969 2360 1034 indicare,
2394 977 2456 1022 ut
2479 969 2532 1020 in
2566 981 2663 1023 sua
2698 963 3024 1019 Bibliotheca
3057 965 3260 1034 passim
3293 963 3373 1018 ia-

140 1073 242 1112 cere
265 1059 408 1113 solet
433 1059 842 1115 eruditissimus
871 1072 1024 1127 teque
1051 1073 1116 1112 ac
1140 1057 1589 1127 diligentissimus
1622 1059 1727 1124 vir,
1754 1076 1862 1114 non
1895 1060 2328 1129 praetermisisset

197 1152 275 1206 IV.
318 1151 432 1207 Sed
459 1154 726 1224 quoniam
759 1152 901 1208 idem
935 1152 1196 1206 Albertus
1227 1150 1510 1207 Fabricius
1545 1153 1724 1206 varias
1753 1150 2095 1207 Psalmorum
2131 1153 2520 1223 expositiones,
2553 1166 2676 1222 quae
2717 1149 2775 1205 S.
2801 1149 3102 1204 Athanasio
3123 1150 3373 1220 tribuun-

143 1262 230 1313 tur,
261 1260 521 1304 recenset
545 1249 647 1319 (5),
675 1263 854 1318 operae
889 1247 1124 1316 pretium
1152 1258 1237 1302 est
1272 1246 1393 1316 ejus
1423 1247 1587 1303 verba
1612 1249 1717 1302 hoc
1739 1248 1860 1303 loco
1893 1247 2095 1303 referre
2122 1265 2134 1300 :
2165 1267 2184 1300 ι
2208 1248 2588 1320 Expositiones
2623 1252 2674 1305 in
2707 1251 2971 1317 Psalmos,
3005 1270 3023 1303 ι
3046 1251 3118 1305 ait
3146 1252 3374 1321 loquens

139 1339 191 1392 de
223 1337 491 1407 operibus
522 1337 698 1392 sancti
726 1337 1032 1403 Athanasii,
1069 1357 1087 1388 ι
1114 1353 1347 1406 quarum
1379 1339 1576 1408 exigua
1605 1339 2010 1408 apospasmatia
2051 1340 2296 1408 quaedam
2328 1349 2560 1395 verterat
2595 1339 2916 1410 Politianus,
2961 1352 3124 1413 atque
3161 1344 3374 1413 priores

139 1432 381 1487 editiones
414 1431 623 1486 Graecae
648 1441 701 1486 et
733 1430 940 1486 Latina:
969 1432 1355 1497 exhibuerant,
1386 1431 1574 1488 Daniel
1602 1433 1732 1487 item
1761 1431 2037 1488 Barbarus
2072 1435 2331 1488 nonnulla
2364 1444 2416 1488 ct
2441 1435 2734 1490 Corderins
2762 1437 3109 1506 vulgaverant
3141 1436 3195 1490 in
3226 1447 3375 1493 cate-

139 1526 207 1580 nis
229 1523 456 1579 Patrum
489 1525 560 1577 ad
585 1523 875 1577 Psalmos:
907 1523 1001 1578 sed
1033 1521 1372 1578 Benedictini
1406 1523 1565 1593 longe
1598 1523 1938 1593 copiosiores
1974 1523 2028 1578 in
2063 1533 2236 1578 totum
2273 1523 2596 1580 Psalterium
2617 1565 2632 1590 ,
2663 1526 2789 1580 licet
2814 1541 2914 1581 nec
2941 1527 3014 1581 ita
3041 1528 3249 1597 plenas,
3279 1537 3375 1584 ant

139 1621 375 1688 integras,
407 1634 440 1674 e
473 1617 753 1673 codicibus
783 1617 966 1688 Regiis
989 1625 1044 1672 et
1075 1616 1406 1672 Culbcrtinis
1437 1625 1777 1682 catenarum,
1806 1626 1862 1670 et
1887 1617 2291 1687 expositionum
2336 1618 2391 1670 in
2422 1616 2666 1672 Psalmos
2699 1620 2931 1673 oﬂ’erunt
2961 1636 3014 1690 p.
3042 1619 3371 1678 1009-1259.

137 1709 406 1763 Mediolani
457 1710 516 1763 in
568 1708 894 1764 bibliotheca
928 1708 1294 1764 Ambrosiana
1325 1715 1623 1763 occurrunt
1675 1709 2070 1763 commentaria
2100 1708 2382 1764 Athanasii
2429 1709 2483 1762 in
2517 1707 2759 1764 Psalmos
2786 1708 2971 1767 Graece
2998 1713 3270 1783 descripta
3307 1711 3392 1770 ex‘

136 1801 298 1855 codice
329 1800 472 1854 bibl.
507 1797 860 1867 Scorialensi,
897 1810 950 1854 et
977 1798 1168 1855 Latine
1196 1799 1404 1854 reddita
1437 1801 1550 1854 sive
1577 1799 1646 1855 ab
1674 1799 1911 1854 Antonio
1934 1800 2157 1870 Giggeo,
2195 1801 2310 1855 sive
2337 1801 2443 1854 alio
2466 1803 2724 1870 quodam.
2752 1802 2830 1857 Ex
2859 1803 2966 1860 illis
2992 1817 3373 1876 argumentum

134 1893 178 1944 is
193 1892 434 1945 Psalmos
457 1893 686 1964 dignum
714 1892 858 1948 lectu
883 1902 936 1946 et
963 1894 1340 1961 supplementa
1362 1892 1610 1961 quaedam
1643 1893 2164 1947 commentariorum
2190 1892 2338 1946 dedit
2360 1891 2802 1950 Montiauconius
2829 1895 2884 1950 in
2899 1895 3215 1952 Collectione
3241 1916 3374 1954 nova

138 1981 362 2049 Patrum,
405 1995 547 2039 tom.
581 1983 646 2050 ll,
681 1998 805 2054 pag.
839 1983 1063 2038 70-101.
1087 1982 1644 2036 Animadvertendum
1670 1990 1774 2045 est,
1811 1981 1988 2052 inquit
2019 1981 2160 2036 idem
2193 1983 2278 2034 vir
2305 1981 2644 2039 clarissimus
2667 1985 2721 2038 in
2757 1986 2939 2040 Diario
2963 1987 3176 2052 Italico,
3203 2005 3255 2058 p.
3285 1990 3371 2055 12,

133 2076 276 2130 alium
307 2077 484 2131 etiam
520 2075 979 2131 commentarium
1011 2074 1066 2127 in
1096 2075 1199 2128 ista
1229 2072 1582 2136 bibliotheca,
1614 2087 1712 2126 nec
1742 2087 1852 2126 non
1881 2072 1937 2126 in
1969 2071 2157 2126 Museo
2187 2073 2531 2128 Justinianco
2565 2073 2802 2133 Venetiis
2826 2078 2983 2149 (adde
3011 2097 3133 2152 pag.
3160 2081 3250 2152 69)
3278 2097 3375 2138 oc.-

133 2184 352 2232 currere,
379 2168 482 2238 qui
503 2167 793 2223 Athanasii
817 2180 1013 2220 nomen
1040 2162 1351 2234 praefert,at
1379 2163 1662 2218 Athanasii
1694 2163 1874 2233 magni
1901 2178 2027 2218 esse
2057 2164 2264 2233 nequit.
2297 2163 2457 2218 lstius
2481 2165 2694 2220 initium
2715 2177 2830 2221 est:
2856 2170 3138 2243 Μακάριος
3162 2174 3371 2244 ἀνὴρ...

134 2258 250 2312 αὐτὴ
342 2258 661 2328 προφητεία
694 2257 993 2330 πληροῦται
1021 2260 1102 2321 είς
1130 2257 1222 2311 τὸν
1274 2256 1472 2327 Ἰωσὴφ
1503 2257 1593 2310 τὸν

1890 2274 1974 2320 ας.
2021 2256 2351 2313 Athanasius
2405 2259 2461 2311 in
2493 2258 2738 2315 Psalmos
2785 2276 2851 2316 ex
2893 2266 3142 2319 versione
3180 2265 3373 2322 Latina

135 2344 244 2400 Elia
266 2345 558 2415 Ehingeri,
583 2347 676 2416 qui
706 2344 893 2401 codice
916 2345 1104 2400 Graeco
1127 2344 1469 2400 bibliotheca:
1511 2345 1842 2416 Augustana:
1865 2361 1999 2400 usus
2029 2344 2150 2412 fuit,
2169 2356 2346 2402 exstat
2372 2363 2474 2402 ms.
2509 2349 2565 2402 in
2594 2349 2914 2406 bibliotheca
2937 2351 3178 2408 Joannea
3212 2355 3375 2424 hujus

132 2440 262 2495 Irbis
289 2439 755 2509 Hamburgensis.
794 2437 991 2494 Habuit
1027 2440 1192 2494 etiam
1247 2440 1534 2495 Athanasii
1567 2442 1622 2493 in
1655 2438 1900 2493 Psalmos
1937 2443 2394 2494 commentarium
2425 2441 2610 2498 Graece
2637 2443 2966 2515 descriptum
2996 2446 3374 2521 Wagen_sclius

130 2533 517 2603 ὀμακαρίτης,
549 2532 694 2585 unde
723 2539 968 2586 asservat
997 2531 1247 2585 eumdem
1289 2530 1490 2602 Lipsiae
1521 2533 1574 2585 in
1603 2531 1778 2600 patria
1814 2547 1934 2584 mea
1969 2531 2260 2586 thesaurus
2293 2532 2546 2587 librarius
2578 2535 2900 2604 amplissimi
2927 2515 3171 2596 senatus
3194 2515 3374 2612 Expos-

132 2623 363 2677 sitionem
396 2621 691 2675 Athanasii
724 2623 776 2673 in
797 2620 1042 2676 Psalmos
1074 2622 1336 2677 Serviana
1373 2623 1555 2693 lingua
1587 2624 1690 2691 (est
1720 2623 1834 2678 haec
1858 2623 2071 2678 Slavica
2103 2623 2391 2694 dialectus)
2425 2640 2528 2680 ms.
2559 2625 2610 2679 in
2636 2627 2962 2685 bibliotheca
2989 2630 3048 2686 8.
3077 2611 3372 2692 Salvator-is

132 2713 397 2779 Bononia,
428 2724 598 2784 atque
625 2715 855 2769 Arabice
880 2731 986 2769 una
1011 2731 1134 2770 cum
1161 2715 1404 2785 Epistula
1437 2717 1506 2770 ad
1538 2715 1911 2771 Marcellinum
1939 2719 1994 2772 in
2022 2718 2348 2773 bibliotheca
2376 2719 2735 2775 Ambrosiana
2759 2723 2943 2777 codice
2970 2723 3076 2779 500
3104 2742 3372 2783 annorum

135 2816 380 2861 memorat
427 2806 570 2860 idem
608 2805 1050 2862 Montlauconius
1084 2805 1152 2859 ad
1195 2805 1556 2861 Athanasium
1591 2813 1723 2858 tom.
1768 2805 1825 2872 ι,
1879 2822 2003 2876 pag.
2040 2805 2178 2861 1005
2219 2817 2272 2862 ει
2308 2806 2465 2863 1006.
2501 2806 2822 2880 Fragmenta
2857 2815 3371 2872 commentarioer

130 2902 401 2957 Athanasii
436 2901 490 2954 in
525 2898 769 2954 Psalmos
800 2915 829 2952 a
873 2899 1034 2955 Petro
1062 2899 1431 2956 Felckmanno
1477 2902 1704 2956 collecta
1737 2917 1768 2956 e
1802 2900 2004 2957 Nicette
2037 2904 2393 2972 metropolita:
2423 2900 2692 2959 Heracleae
2718 2904 3013 2977 Συναγωγῇ
3060 2905 3378 2985 ἐξηγήσεων

132 2997 176 3050 in
207 2998 423 3068 priores
458 2995 704 3066 psalmos
733 2995 802 3049 72
833 3005 1203 3068 manuscripta
1229 2997 1284 3051 in
1315 2997 1617 3053 bibliothcc:

1892 3014 1944 3066 a,
1983 3014 2104 3070 pag.
2143 2998 2469 3068 1241-1262,
2512 3000 2606 3055 lib.
2636 3016 2710 3068 ll,
2735 3015 2856 3072 pag.
2893 3002 3016 3056 511.
3042 3023 3061 3054 ι
3103 3001 3375 3062 Hactenus

129 3091 420 3149 Fabricius.

190 3189 248 3245 V.
276 3190 676 3257 Quamobrem,
720 3204 846 3246 cum
876 3185 1060 3256 plures
1084 3186 1196 3241 sint
1223 3184 1570 3243 Psalmorum
1595 3187 1987 3258 expositiones,
2016 3205 2138 3258 qua).
2165 3187 2223 3243 8.
2255 3187 2538 3243 Athanasii
2566 3203 2763 3244 nomen
2801 3188 3123 3260 inscriptum
3166 3205 3278 3260 prae
3318 3206 3379 3246 se

131 3279 314 3346 ferunt,
339 3296 573 3336 necesse
593 3290 676 3336 est
695 3279 920 3351 paulum
946 3278 1153 3350 aliquid
1177 3279 1243 3334 de
1277 3277 1387 3334 illis
1413 3279 1704 3341 disserere,
1731 3295 1840 3349 quo
1871 3281 2044 3350 magis
2070 3290 2408 3347 compertum
2436 3281 2548 3346 ﬁat,
2576 3297 2642 3334 an
2677 3297 2762 3346 ea,
2791 3297 2952 3352 quam
2985 3283 3037 3336 in
3071 3283 3246 3338 lucem
3277 3283 3376 3338 da-

132 3385 256 3431 mus,
283 3381 551 3441 tanquam
578 3371 875 3452 genuinum
922 3370 1042 3440 ejus
1073 3384 1212 3439 opus
1259 3368 1610 3425 sanctissimo
1643 3367 1868 3422 Doctori
1897 3370 1968 3424 sit
2001 3369 2344 3424 ascribcnda.
2381 3369 2456 3424 Ac
2491 3372 2723 3440 primum
2753 3371 2914 3426 verba
2949 3371 3148 3427 faciam
3189 3372 3255 3427 de
3287 3373 3380 3429 illa

131 3480 233 3534 qua:
258 3463 556 3520 Mediolani
593 3464 646 3518 in
676 3464 1008 3520 bibliotheca
1039 3465 1424 3531 Ambrosiana,
1455 3475 1510 3520 et
1538 3463 1781 3520 Venetiis
1831 3465 1886 3518 in
1932 3464 2261 3520 bibliotheca
2295 3463 2636 3520 Justinianea
2669 3468 2958 3536 reperitur.
3003 3465 3153 3521 Hanc
3193 3478 3378 3524 autem

133 3569 301 3616 sancto
326 3560 640 3616 Athanasio
666 3560 950 3630 abjudicat
977 3557 1140 3613 Pater
1164 3557 1632 3622 Montl'auconius,
1654 3556 2042 3625 existimatque
2066 3556 2149 3609 vel
2183 3555 2322 3610 falso
2350 3555 2632 3611 Athanasii
2656 3570 2852 3610 nomen
2880 3555 3201 3623 inscriptum
3230 3571 3375 3622 esse,

131 3657 202 3709 vel
227 3657 456 3712 alterius
499 3655 787 3712 Athanasii
821 3655 989 3710 fuisse
1032 3669 1229 3724 magno
1257 3652 1562 3708 Athanasio
1599 3650 1941 3707 reccntioris.
2006 3647 2141 3703 Nam
2175 3650 2229 3702 in
2261 3650 2635 3704 admonitione
2664 3666 2785 3720 qua:
2811 3650 3089 3720 praposita
3121 3661 3206 3706 est
3243 3667 3376 3722 sup-

132 3748 391 3817 plemento
422 3747 942 3804 commentariorum
970 3749 1026 3802 in
1052 3747 1300 3802 Psalmos
1327 3747 1382 3802 in
1411 3745 1566 3800 Nova
1596 3743 1906 3799 collectione
1935 3740 2162 3796 Patrum
2195 3751 2244 3796 et
2276 3742 2595 3812 scriptorum
2621 3740 2946 3807 Grazcorum,
2979 3742 3106 3796 talia
3143 3741 3336 3798 scribit
3357 3759 3375 3775 ο

137 3840 441 3898 iLectorem
463 3855 686 3896 monere
704 3839 880 3911 juvat,
901 3841 1355 3896 commentarium
1383 3838 1550 3893 alium
1573 3835 1858 3892 Athanasii
1884 3835 2104 3888 nomine
2137 3832 2266 3888 ferri
2301 3833 2356 3887 in
2385 3831 2714 3887 bibliotheca
2743 3829 3086 3886 Justinianea
3112 3829 3376 3900 Venetiis,

132 3933 278 4005 inque
307 3933 678 3988 Ambrosiana
709 3931 1022 3997 Mediolani,
1057 3947 1285 4002 prorsus
1311 3930 1588 3985 diversum

1917 3927 2075 3998 cujus
2104 3926 2320 3980 initium
2347 3945 2362 3981 :
2403 3925 2467 3978 Ἢ
2495 3925 2592 3998 μὲν
2616 3923 2921 3998 προφητεία
2968 3924 3269 3998 πληροῦται
3295 3926 3378 3991 είς

130 4029 208 4083 τὸν
244 4029 452 4100 Ἰωσὴφ
482 4027 575 4081 τὸν
608 4026 966 4099 Ἀριμαθαίον
990 4044 1005 4060 ο
1041 4027 1136 4083 sed
1166 4042 1290 4082 cum
1323 4044 1353 4082 a
1389 4027 1606 4082 nemine

1954 4048 1965 4080 ι
1997 4034 2356 4090 memoretur,
2387 4023 2472 4079 vel
2497 4023 2721 4078 alterius
2764 4030 2954 4078 nostro
2983 4023 3200 4094 gentilis
3238 4037 3377 4091 opus
3429 4006 3439 4016 ’

132 4124 294 4189 fuerit,
324 4124 416 4180 vel
446 4123 806 4178 Athanasium
839 4123 991 4177 illum
1021 4137 1276 4192 magnum
1308 4121 1620 4177 ementitur.
1646 4139 1664 4172 ι
1686 4119 1752 4174 Ει
1775 4121 1831 4174 in
1865 4118 2054 4174 Diario
2086 4117 2279 4173 Italico
2294 4117 2368 4189 (6)
2397 4133 2688 4174 recensens
2711 4117 2928 4172 codices
2950 4132 2980 4171 a
3011 4133 3070 4172 se
3095 4117 3150 4171 in
3179 4115 3379 4176 biblio-

133 4218 275 4274 theca
303 4219 682 4274 Ambrosiana
711 4218 988 4289 inspectos
1022 4235 1035 4269 :
1066 4216 1646 4272 «Animadvertendum
1674 4225 1779 4284 est,
1807 4215 2184 4286 inquit,alium
2208 4213 2662 4270 commentarium
2694 4213 2748 4266 in
2776 4213 2878 4268 ista
2909 4212 3254 4274 bibliotheca,
3277 4225 3378 4268 nec

133 4326 228 4368 non
257 4315 309 4368 in
337 4312 532 4368 Museo
557 4311 898 4368 Justinianeo
924 4310 1167 4366 Venetiis
1193 4321 1507 4377 accurrere,
1535 4310 1627 4382 Qui
1657 4310 1944 4364 Athanasii
1974 4325 2174 4365 nomen
2202 4313 2331 4362 item
2365 4306 2584 4378 praefert
2608 4323 2622 4358 :
2653 4315 2707 4360 at
2726 4305 3014 4360 Athanasii
3051 4304 3228 4372 magni
3254 4318 3379 4363 esse

132 4407 320 4476 nequit.
361 4405 698 4462 Germanum
739 4406 886 4460 enim
920 4406 1152 4476 singulis
1181 4403 1354 4459 ferme
1385 4403 1600 4474 paginis
1629 4403 1817 4458 multis
1856 4409 1980 4472 post
2009 4399 2372 4455 Athanasium
2409 4397 2625 4453 sarculis
2658 4395 3023 4466 patriarcham
3063 4393 3380 4449 Constanti-

133 4503 496 4573 nopolitanum
520 4510 881 4556 memoratum
913 4502 1185 4557 novimus.
1209 4499 1368 4555 Istius
1396 4498 1612 4552 initium

1892 4495 2066 4566 ιάριος
2099 4494 2290 4565 ἁνήρ.»
2321 4500 2425 4546 ειε.
2452 4490 2519 4545 Ει
2550 4489 2604 4543 in
2632 4489 2820 4544 eodem
2841 4486 3025 4538 Diario
3055 4486 3285 4557 loquens
3309 4487 3377 4543 de

131 4594 420 4652 bibiotheca
447 4594 787 4651 Justinianca
816 4596 892 4649 ait
917 4611 932 4648 :
968 4595 1166 4649 «Adest
1184 4607 1402 4663 quoque
1427 4591 1859 4646 commentarius
1884 4587 2168 4642 Athanasii
2201 4589 2257 4640 in
2287 4583 2551 4650 Psalmos,
2573 4585 2732 4653 cujus
2755 4583 3009 4653 scriptor,
3029 4582 3111 4636 vel
3134 4582 3379 4637 Athana-

132 4692 254 4744 sium
284 4691 620 4758 ementitur,
657 4693 740 4746 vel
771 4691 912 4747 alius
943 4689 1231 4762 ὁμώνυμος
1265 4698 1348 4744 εει
1378 4688 1569 4742 titulus
1599 4702 1613 4738 :

1889 4684 1961 4738 τοῦ
1998 4683 2450 4755 προφητάνακτος
2484 4680 2666 4741 Δαῆὶδ,
2696 4677 2791 4730 καὶ
2826 4675 2968 4730 θείου
3001 4675 3374 4746 ὑμνογράφου,

133 4779 271 4836 Liber
320 4785 588 4853 propheta:
627 4785 782 4855 regis,
831 4800 894 4837 ac
932 4782 1098 4836 divini
1129 4783 1441 4851 hymnorum
1467 4780 1618 4850 script

1891 4777 2006 4830 idis.
2044 4775 2173 4830 Post
2205 4777 2318 4830 haec
2347 4791 2359 4826 :
2403 4774 2694 4847 Ἔξήγησις
2731 4769 2826 4823 τοῦ
2868 4773 2926 4824 ὲν
2953 4769 3128 4838 ἁγίοις
3163 4767 3376 4840 Πατρὸς

131 4873 272 4941 ήμῶν
329 4875 682 4928 Ἀθανασίου·
737 4875 1016 4946 Expositio
1057 4873 1116 4928 S.
1139 4873 1324 4928 Patris
1371 4873 1536 4927 nostri
1573 4871 1876 4925 Athanasii.
1921 4866 2064 4922 idem
2113 4868 2537 4923 commentarius
2578 4875 2694 4931 est,
2725 4873 2888 4934 atque
2932 4864 3021 4918 ille
3065 4863 3131 4918 de
3159 4877 3268 4932 quo
3318 4862 3374 4914 in

132 4963 478 5022 Ambrosiana
507 4981 726 5036 supra.»
755 4965 821 5021 Et
840 4967 1102 5038 quoniam
1125 4965 1229 5019 erit
1257 4964 1488 5019 fortasse
1513 4963 1712 5033 aliquis
1736 4977 1918 5026 rerum
1943 4958 2430 5014 ecclesiasticarum
2457 4955 2756 5016 studiosus,
2774 4955 2867 5024 qui
2896 4951 3372 5015 commentarium,

134 5055 273 5124 cujus
305 5058 446 5113 locis
476 5073 640 5128 supra
679 5059 912 5114 laudatis
957 5054 1214 5112 meminit
1248 5054 1723 5117 Montiauconius,
1767 5053 1812 5108 si
1859 5066 1965 5105 non
2018 5059 2190 5104 totum
2211 5090 2227 5114 ,
2263 5057 2409 5103 certe
2434 5064 2498 5102 ex
2532 5061 2684 5116 parte
2717 5049 2982 5120 inspicere
3005 5045 3372 5110 desiderabit;

134 5145 260 5204 haud
292 5151 563 5222 ingratam
595 5167 682 5207 me
724 5154 919 5208 lectori
949 5150 1374 5207 remJ'acturum
1402 5150 1631 5217 credidi,
1664 5158 1724 5203 ut
1753 5162 1911 5202 suam
1942 5146 2010 5201 de
2037 5161 2104 5200 co
2137 5145 2464 5201 sententiam
2495 5153 2664 5200 tutius
2699 5143 2842 5199 l‘erre
2872 5142 3064 5214 possit,
3094 5140 3139 5195 si
3173 5155 3237 5194 ex
3273 5155 3371 5195 eo-

133 5240 241 5295 dem
272 5245 674 5300 commentario
705 5248 1105 5316 expositionem
1135 5247 1188 5301 in
1218 5246 1458 5316 primum
1493 5245 1550 5300 8.
1588 5244 1734 5313 regis
1762 5242 1986 5297 Davidis
2021 5243 2290 5312 psalmum
2329 5243 2432 5296 hoc
2462 5241 2583 5296 loco
2604 5237 2987 5309 ascripserim;
3009 5249 3127 5290 eam
3151 5233 3368 5304 quidem

132 5338 371 5408 scriptam
407 5341 592 5394 inveni
622 5341 675 5396 in
709 5343 914 5414 pagella
945 5344 1152 5399 inserta
1184 5342 1238 5396 in
1269 5350 1522 5396 nostrum
1553 5341 1820 5404 codicem,
1843 5348 1898 5394 et
1927 5339 2152 5394 minime
2171 5353 2296 5393 cum
2320 5338 2442 5392 aliis
2467 5333 2676 5390 codicis
2703 5332 2915 5404 paginis
2942 5337 3130 5386 assuta
3162 5336 3217 5384 et
3238 5343 3374 5384 con-

133 5430 398 5496 glutinata.
435 5436 590 5501 Quod
623 5453 688 5492 eo
721 5439 978 5494 libentius
1011 5440 1174 5502 facio,
1211 5437 1340 5508 quia
1374 5439 1427 5491 in
1459 5439 1821 5508 expositione,
1867 5454 2030 5508 quam
2068 5437 2126 5492 in
2153 5436 2431 5507 publicum
2460 5434 2621 5489 edere
2651 5430 2836 5498 statui,
2870 5444 3061 5485 manca
3090 5438 3174 5485 est
3206 5428 3380 5485 inter-

133 5529 345 5592 pretatio
379 5531 544 5600 primi
580 5534 796 5604 psalmi.
828 5533 1016 5605 Itaque
1045 5534 1191 5589 illius
1226 5533 1346 5588 loco
1374 5535 1735 5604 supplementi
1763 5533 1876 5590 vice
1907 5535 2022 5590 haec
2052 5533 2174 5599 erit,
2203 5548 2324 5604 qua:
2349 5530 2472 5587 talis
2506 5537 2608 5586 est.

292 5685 430 5770 μὴ.
453 5705 491 5770 ,ξ’
521 5687 660 5743 Bibl.
692 5690 890 5770 Cirtae"
926 5711 1044 5767 pag.
1073 5695 1178 5751 501
1212 5693 1341 5766 (vet.
1371 5693 1544 5762 edit.).

193 5756 264 5823 (li)
290 5758 420 5828 Cap.
451 5759 508 5820 2,
540 5776 660 5830 pag.
708 5765 789 5818 1‘3.
