3760 6270
123 300 196 356 σθὸ
747 297 836 352 DE
876 297 1153 354 TlTULlS
1191 296 1646 354 PSALMORUM.
1688 327 1761 340 -
1799 287 2190 352 ANTONELLI
2224 289 2618 348 PRIEFATIO.
3236 279 3341 332 (506

121 416 486 486 exscripsimus.
520 417 719 488 Estque
744 420 916 475 codex
945 421 1035 475 ille
1064 434 1254 476 recens
1278 420 1349 475 ab
1376 419 1677 491 antiquiori
1710 417 2041 474 Scorialensi
2069 417 2414 486 desumptus.
2447 412 2585 468 Nam
2616 420 2676 466 ut
2701 409 2755 465 in
2786 406 3071 464 Athanasii
3104 404 3272 466 edito,
3304 419 3334 456 a

122 510 236 565 uobis
263 508 398 562 haud
447 508 528 562 ita
579 509 788 580 pridem
831 508 1118 576 adornato,
1165 509 1504 576 monuimus,
1547 509 1917 579 expositiones
1945 508 2049 562 illae
2090 505 2374 561 Athanasii
2405 520 2510 561 non
2541 502 2796 558 omnibus
2827 500 2943 556 suis
2981 496 3254 569 partibus,
3283 502 3336 547 et

122 597 314 650 numeris
340 597 614 653 absolutae
637 606 789 666 sunt,
829 599 924 654 sed
952 599 1370 655 amanuensium
1399 599 1628 656 ausibus
1656 602 1859 670 passim
1889 607 2172 661 truncatas,
2201 609 2254 652 et
2284 598 2336 652 in
2371 595 2750 667 compendium
2780 593 3011 648 redactae
3041 608 3055 644 :
3083 586 3334 658 quadam

121 692 241 744 etiam
268 706 329 744 ex
361 690 578 746 catenis
607 699 802 747 erutae.
836 688 978 744 Nihil
1018 706 1204 746 moror
1250 691 1570 761 scriptorem
1600 706 1867 760 nuperum
1895 733 1911 757 ,
1962 691 2056 761 qui
2085 689 2456 759 expositiones
2504 689 2625 743 illas
2673 687 2729 740 in
2777 683 3018 739 Psalmos
3063 695 3173 735 non
3213 690 3334 732 esse

122 783 349 837 Athanasii
377 799 731 856 praepropere
755 788 1166 855 pronuntiavit;
1196 789 1289 842 sed
1327 788 1474 842 nulla
1499 788 1679 842 oblata
1712 788 1942 858 negandi
1970 788 2201 842 ratione.
2229 785 2375 840 Nihil
2417 784 2505 838 ille
2539 781 2770 845 curavit,
2806 779 2920 832 imo
2954 776 3138 848 potius
3170 773 3334 828 dissi-

124 875 318 938 mulavit,
355 875 463 930 hoc
498 877 704 946 operis,
739 877 996 932 omnibus
1027 886 1150 948 post
1178 879 1538 936 Athanasium
1564 880 1800 946 saeculis,
1831 878 2117 934 Athanasii
2148 879 2393 942 nomine,
2425 876 2602 931 allatis
2625 875 2948 944 plerumque
2989 867 3146 931 locis,
3181 873 3240 919 ut
3274 865 3329 919 in

125 970 332 1024 hodierno
358 972 762 1026 commentario
791 981 1027 1038 exstant,
1064 989 1094 1028 a
1126 974 1402 1044 plerisque
1435 974 1794 1045 scriptoribus
1845 973 2138 1028 memorari
2173 990 2185 1025 :
2216 971 2352 1028 nihil
2384 970 2553 1024 movit
2590 968 2819 1023 aﬂinitas
2867 964 3012 1036 styli,
3057 963 3331 1032 verbaque

126 1061 373 1130 frequentia
404 1061 778 1117 Athanasiani
805 1081 958 1129 usus,
988 1065 1122 1120 nihil
1156 1066 1428 1132 codicum,
1461 1067 1603 1121 unde
1624 1066 1965 1136 prodierunt,
1998 1073 2277 1129 vetustas;
2310 1078 2430 1129 quae
2459 1076 2590 1115 sane
2625 1066 2879 1114 accurato
2906 1054 3144 1117 censori,
3177 1059 3332 1106 ante-

124 1166 240 1218 quam
265 1151 589 1206 sententiam
632 1151 818 1221 ferret,
865 1155 1009 1210 serio
1037 1165 1192 1211 erant
1238 1157 1580 1213 excutienda.
1626 1156 1824 1211 Verum
1867 1157 1958 1210 ille
1988 1157 2164 1211 nasuti
2197 1171 2256 1209 se
2298 1155 2471 1208 critici
2507 1162 2684 1221 partes
2708 1151 2884 1220 egisse
2912 1145 3154 1216 putavit.
3180 1158 3328 1206 cum.

127 1246 245 1300 missa
278 1246 594 1315 importuna
641 1247 733 1302 illa
775 1248 1133 1320 investigandi
1165 1259 1220 1306 et
1247 1251 1587 1322 disquirendi
1635 1268 1820 1322 opera,
1868 1252 2246 1306 incunctanter
2271 1249 2679 1320 pronuntiavit:
2712 1244 2832 1298 Non
2861 1253 2983 1298 sunt
3015 1239 3330 1302 Athanasii;

126 1344 184 1394 cui
206 1357 290 1396 nos
318 1344 436 1411 pari
469 1343 734 1398 facilitate
768 1347 1083 1415 reponimus
1113 1366 1126 1400 :
1154 1346 1289 1402 Sunt
1324 1350 1644 1413 Athanasii;
1688 1365 1718 1403 a
1746 1365 1852 1418 qua
1880 1363 1938 1402 re
1962 1348 2140 1402 denuo
2172 1343 2576 1416 comprobanda
2605 1356 2705 1396 nos
2731 1337 3002 1404 exemisti,
3031 1336 3159 1391 dum
3194 1331 3331 1387 nihil

132 1433 274 1497 affers,
298 1449 404 1503 quo
438 1443 522 1488 tot
551 1435 879 1505 scriptorum
913 1437 1244 1504 testimonia,
1277 1447 1460 1509 totque
1487 1441 1591 1494 alia
1629 1440 1983 1511 γνησιότητος
2027 1447 2343 1508 argumenta
2372 1435 2666 1490 convellas.
2694 1431 2863 1487 Nemo
2889 1444 3022 1485 sane
3051 1426 3210 1482 nobis
3248 1423 3333 1478 di-

127 1537 208 1574 cam
232 1523 521 1594 impingat,
559 1526 705 1596 quod
740 1543 804 1581 ex
833 1525 1023 1582 aﬂ‘ecta
1074 1529 1154 1584 vel
1189 1531 1540 1600 prazjudicata
1574 1532 1832 1602 Opinione
1862 1531 2048 1602 spuria
2081 1532 2166 1584 vel
2197 1529 2362 1584 dubia
2395 1543 2561 1597 opera
2589 1540 2687 1596 pro
2722 1520 2998 1594 germanis
3027 1530 3080 1575 et
3108 1517 3332 1572 assertis

125 1611 407 1680 dederimus;
441 1631 571 1669 nam
614 1631 712 1686 pro
739 1619 903 1682 virili,
939 1628 992 1673 et
1027 1631 1086 1674 ut
1115 1621 1255 1690 aequi
1291 1622 1427 1678 ratio
1457 1632 1610 1694 postu

1847 1622 2026 1688 οθείας
2046 1661 2060 1685 ,
2097 1621 2180 1674 vel
2207 1620 2562 1690 γνησιότητος
2593 1624 2748 1669 notas
2773 1612 3080 1682 quibusque
3115 1604 3331 1678 prtetni-

125 1710 267 1764 simus.
290 1712 364 1767 Ac
394 1713 526 1766 licet
564 1715 763 1785 cuique
794 1716 1026 1772 liberum
1056 1721 1337 1775 sententia:
1361 1721 1650 1776 adversum
1685 1736 1787 1776 nos
1817 1720 2054 1774 ferendae
2088 1718 2376 1773 arbitrium
2407 1715 2720 1773 mittamus,
2761 1710 2806 1763 si
2837 1708 2960 1777 quis
2985 1716 3164 1758 tamen
3195 1700 3336 1754 hanc

126 1804 407 1866 provinciam
441 1804 626 1872 adeat,
661 1809 876 1863 nonnisi
907 1811 1153 1867 excussis
1184 1815 1540 1882 argumentis,
1577 1824 1630 1869 et
1677 1814 1841 1877 notis,
1871 1829 2008 1884 quas
2036 1828 2132 1883 pro
2161 1809 2417 1865 facultate
2451 1805 2772 1861 tractatibus
2805 1799 3034 1870 singulis
3063 1791 3334 1868 praemisi-

125 1901 437 1968 mus,judicis
466 1912 522 1956 et
559 1905 804 1960 censoris
838 1916 1023 1975 partes
1057 1918 1306 1979 occupet.
1344 1930 1363 1962 ›

173 1993 260 2050 \‘ll.
296 1994 492 2052 Postea
528 2015 659 2054 vero
694 2003 1022 2058 severiorem
1059 2021 1347 2060 censuram
1392 2007 1447 2061 in
1497 2007 1946 2062 commentarium
1990 2022 2147 2075 super
2186 2003 2453 2064 Psalmos,
2497 2006 2550 2054 et
2598 1998 2652 2051 in
2701 1991 2806 2046 alia
2839 2002 3002 2057 opera
3031 1985 3084 2038 in
3121 1995 3334 2075 sacram

127 2083 410 2157 Scripturam
442 2091 737 2146 Athanasii
787 2095 1010 2150 nomine
1047 2111 1078 2149 a
1117 2095 1222 2150 PP.
1251 2096 1616 2153 Benedictinis
1649 2114 1743 2153 seu
1776 2097 1836 2152 P.
1871 2071 2256 2153 Montl‘ancono
2299 2095 2443 2149 edita
2490 2089 2614 2145 tulit
2659 2082 2964 2139 Casimirus
2994 2075 3242 2132 Oudinus
3279 2071 3334 2126 in

128 2177 236 2234 hunc
259 2181 474 2236 modum
517 2184 637 2252 (9):
674 2204 692 2236 ι
723 2177 857 2250 Quis
902 2188 1088 2242 credat
1125 2204 1362 2260 unquam
1400 2207 1659 2261 magnum
1686 2191 2068 2257 Athanasium,
2102 2190 2154 2243 in
2190 2187 2339 2242 omni
2365 2185 2473 2239 vita
2511 2189 2589 2235 tot
2625 2173 2854 2234 exsiliis,
2890 2169 3034 2261 fugi}
3064 2175 3118 2220 ει
3147 2178 3336 2261 Ρεῖτεθ·

128 2274 387 2331 cutionibus
419 2279 690 2349 agitatum
719 2319 734 2344 ,
772 2288 982 2334 tantum
1015 2255 1274 2336 habuisse
1306 2283 1405 2338 otii
1430 2322 1446 2348 ,
1483 2255 1541 2339 ut
1572 2284 1995 2339 commentarios
2031 2255 2084 2336 in
2129 2279 2399 2343 Psalmos,
2431 2273 2647 2332 Jobttm,
2707 2263 2953 2325 Cantica,
2987 2255 3335 2326 Evangelium

125 2365 332 2435 Matthmi,
365 2381 418 2427 et
447 2373 631 2437 Lucae,
666 2373 965 2444 Epistulam
1001 2377 1068 2431 ad
1117 2376 1406 2444 Hebrazos,
1439 2387 1494 2434 et
1518 2381 1910 2450 expositionem
1953 2380 2007 2433 in
2052 2375 2370 2456 Symbolum
2419 2366 2717 2425 scriberet?
2755 2362 2893 2418 Sunt
2920 2360 3037 2413 haee
3072 2369 3249 2424 uulsi”,
3284 2361 3339 2408 ετ

125 2474 379 2518 ο-μηιωθηιδ
404 2466 736 2521 recentioris
754 2465 975 2521 Graeciae
1006 2466 1250 2536 antiquis
1277 2469 1555 2538 incognita
1588 2471 1969 2541 scriptoribus,
1995 2452 2227 2540 quorum
2257 2463 2443 2520 nullus
2465 2470 2710 2515 veterum
2737 2452 3066 2510 mentionem
3093 2457 3336 2541 unquam

127 2547 241 2605 fecit.
268 2551 426 2608 Miror
457 2555 844 2612 Benedictinos
877 2558 1176 2614 monachos
1202 2559 1275 2613 ita
1304 2536 1502 2626 pueros
1539 2536 1731 2626 fuisse,
1759 2573 1820 2618 ut
1849 2536 2120 2631 excerptis
2159 2559 2279 2614 istis
2310 2567 2364 2611 et
2388 2549 2798 2611 commentariis
2830 2544 3125 2601 adhibeant
3153 2536 3339 2631 ﬁdem,

126 2642 250 2700 dubio
271 2651 475 2718 procul,
510 2660 571 2706 ut
618 2653 674 2706 in
717 2652 820 2706 hac
855 2665 993 2704 nova
1028 2665 1125 2704 sua
1172 2651 1431 2717 editione,
1460 2669 1664 2709 novum
1709 2655 1910 2725 aliquid
1933 2697 1947 2720 ,
1983 2628 2109 2710 licet
2141 2653 2334 2709 falsum
2383 2651 2565 2720 magni
2597 2639 2878 2698 Athanasii
2911 2631 3232 2707 Ρτοάωίεεθ
3257 2628 3343 2682 *δ’

125 2734 328 2796 deantur.
357 2744 805 2800 Commentarius
832 2744 886 2796 in
910 2742 1158 2797 Psalmos
1188 2744 1414 2801 eductus
1437 2761 1503 2800 ex
1529 2748 1816 2803 recentiori
1848 2747 2187 2802 bibliothecae
2217 2743 2594 2799 Ambrosianze
2617 2739 2824 2802 codice,
2851 2735 2945 2806 qui
2973 2739 3341 2786 trecentorum

127 2847 346 2890 annorum
376 2853 485 2893 non
522 2848 625 2905 est,
661 2841 864 2911 quique
909 2843 1113 2896 rectius
1139 2842 1312 2898 multo
1341 2843 1412 2899 ob
1441 2843 1646 2900 codicis
1691 2845 1984 2900 novitatem
2027 2842 2332 2896 Athanasio
2385 2837 2705 2909 patriarcha:
2738 2823 3344 2894 Constantinopolitano

128 2927 436 2997 tribueretur,
469 2935 568 3004 qui
605 2935 707 2989 sub
741 2934 1055 2991 Andronico
1085 2937 1301 2992 seniore
1329 2937 1474 2994 circa
1519 2955 1722 2992 annum
1756 2938 1889 2995 1500
1945 2937 2161 3004 ﬂoruit,
2191 2935 2350 3005 cujus
2385 2942 2598 2988 aetatem
2637 2929 2821 2984 refert.
2873 2927 2986 2979 lmo
3027 2922 3162 2976 alter
3193 2933 3347 2974 com-

129 3025 382 3080 mentarius
412 3028 468 3080 in
497 3025 744 3081 Psalmos
789 3029 840 3081 in
871 3029 1058 3083 eadem
1111 3030 1440 3086 bibliotheca
1470 3031 1630 3103 longe
1657 3032 1920 3102 prolixior
1952 3030 2054 3085 sub
2093 3029 2376 3084 Athanasii
2408 3025 2652 3096 ejusdem
2682 3022 2924 3086 nomine,
2955 3031 3117 3088 quem
3163 3021 3344 3067 tamen

132 3113 267 3180 ipsius
292 3133 392 3172 non
423 3134 551 3174 esse
597 3119 857 3174 evincunt
882 3121 1175 3177 citationcs
1208 3121 1432 3177 Patrum
1463 3101 1766 3178 Athanasio
1801 3123 2194 3189 recentiorum,
2235 3122 2312 3176 uti
2346 3119 2546 3175 fatetur
2575 3118 2691 3187 ipse
2721 3110 3032 3168 Bernartius
3064 3107 3131 3162 de
3165 3101 3346 3158 mont-

130 3204 334 3264 fauconio
369 3213 420 3266 in
476 3213 671 3267 Diario
699 3211 915 3280 Italico,
948 3230 1070 3284 cap.
1101 3215 1156 3279 2,
1190 3230 1308 3285 pag.
1353 3216 1440 3282 1'2,
1471 3217 1562 3270 ubi
1589 3216 1920 3272 Germanum
1955 3215 2142 3270 multis
2175 3224 2295 3283 post
2337 3209 2698 3266 Athanasium
2737 3204 2952 3261 saeculis
2979 3196 3347 3272 patriarcham

128 3295 748 3374 Cutxstantinopolitanum
787 3317 1149 3361 memoratum
1198 3308 1382 3362 refert.
1419 3327 1438 3359 ›
1470 3307 1594 3363 Haec
1621 3308 1864 3364 convicia
1898 3308 2078 3376 potius
2119 3323 2284 3378 quam
2335 3317 2623 3359 censuram
2668 3296 2865 3354 acriori
2907 3291 3190 3350 stomacho
3216 3301 3350 3343 evo-

133 3392 234 3444 muit
258 3396 331 3447 vir
357 3410 385 3449 a
413 3395 701 3452 catholicae
749 3399 1030 3469 religionis
1064 3401 1261 3455 castris
1297 3400 1579 3471 transfuga
1609 3411 1664 3456 et
1695 3401 1930 3466 rebellis,
1977 3400 2134 3470 cujus
2183 3398 2491 3454 refellenda
2520 3394 2762 3452 audaciae
2791 3389 3128 3460 provinciam
3177 3381 3352 3436 Bene-

135 3481 307 3538 dictinis
335 3485 590 3542 Patribus
620 3487 892 3560 relinquo.
923 3488 1120 3544 Verum
1149 3491 1280 3545 illud
1308 3494 1826 3562 prmtermittendum
1855 3509 1963 3548 non
1995 3503 2098 3557 est,
2127 3492 2271 3560 quod
2293 3490 2543 3559 superius
2573 3485 2831 3540 admonui
2880 3501 2894 3538 :
2928 3474 3354 3535 commentarios

135 3574 174 3623 in
203 3575 417 3635 Psalmos
451 3582 744 3637 Athanasii
779 3584 1003 3640 nomine
1035 3585 1104 3641 ab
1136 3586 1271 3656 ipsis
1297 3587 1472 3644 editos
1499 3589 1566 3642 ad
1611 3604 1864 3659 magnum
1903 3587 2263 3642 Athanasium
2297 3602 2405 3640 non
2440 3584 2736 3654 pertinere,
2771 3593 2878 3631 non
2909 3575 3029 3645 ejus
3066 3571 3228 3626 unius
3258 3567 3353 3636 ju-

136 3663 294 3724 dicioni
321 3683 428 3738 est,
465 3673 563 3728 sed
593 3673 824 3730 aliorum
855 3677 1021 3732 etiam
1064 3678 1347 3735 doctorum
1379 3679 1646 3745 virorum,
1696 3681 1790 3750 qui
1825 3680 1878 3733 in
1912 3679 2157 3750 legendis
2203 3677 2539 3732 sanctissimi
2583 3665 2977 3739 archiepiscopi
3009 3663 3352 3750 aliorumque

138 3767 334 3815 ῖθιθτιιηι
370 3761 595 3818 Patrum
642 3766 904 3835 operibus
933 3769 1135 3823 versati
1170 3779 1316 3824 sunt.
1351 3749 1733 3826 Tillemontius
1753 3811 1768 3835 ,
1799 3779 1858 3826 ut
1903 3749 2039 3826 alios
2070 3771 2316 3825 omittam
2338 3809 2352 3833 ,
2383 3768 2464 3822 vir
2494 3763 2787 3836 Singularis
2817 3752 3163 3813 eruditionis,
3209 3749 3354 3803 allii--

137 3858 221 3903 mat
245 3853 363 3927 (l0),
397 3872 457 3912 se
490 3856 544 3911 in
578 3859 1012 3923 commentariis,
1063 3860 1131 3917 de
1164 3862 1365 3931 quibus
1400 3864 1598 3934 agitur,
1635 3865 1815 3936 aliqua
1848 3865 2084 3919 aliorum
2120 3863 2447 3932 scriptorum
2483 3862 2598 3916 loca
2626 3899 2641 3923 ,
2683 3867 2846 3924 quam
2900 3841 3186 3902 Albanas“
3209 3880 3223 3905 ν
3267 3851 3356 3906 cui

136 3939 428 4015 tribuuntur,
466 3946 812 4002 observasse.
850 3945 955 4003 Sed
985 3951 1248 4027 hactenus
1274 3952 1341 4006 de
1362 3934 1773 4009 commentari-is
1806 3967 1960 4022 super
1981 3952 2228 4008 Psalmos
2255 3967 2286 4006 a
2314 3949 2419 4004 PP.
2457 3947 2819 4006 Benedictinis
2851 3946 2907 3999 in
2943 3940 3216 4015 publicam
3249 3934 3356 3990 uti-
3423 3997 3428 4000 _

141 4032 306 4132 litatem
343 4039 644 4110 evulgatis;
680 4055 827 4096 nunc
851 4040 917 4096 de
943 4040 1156 4098 Slavica
1179 4059 1277 4100 seu
1306 4043 1517 4116 Illyrica
1541 4044 1883 4100 Psalmorum
1913 4044 2382 4115 interpretatione,
2413 4043 2468 4098 in
2491 4057 2598 4114 qua
2630 4041 2816 4097 itidem
2849 4034 3133 4092 Athanasii
3158 4044 3359 4087 nomen

141 4128 422 4199 inscriptum
462 4132 728 4198 occurrit,
767 4133 974 4203 aliquid
1006 4133 1142 4188 mihi
1171 4135 1460 4190 dicendum
1499 4145 1769 4206 superest.

197 4220 306 4279 VIII.
348 4227 582 4283 Exhibet
612 4229 667 4282 in
701 4243 801 4284 suo
833 4229 1020 4284 Diario
1053 4228 1252 4286 Italico
1287 4232 1402 4301 (ii)
1431 4233 1566 4287 clar.
1593 4233 1676 4287 vir
1699 4231 1859 4288 Pater
1890 4231 2201 4288 Bernartius
2232 4229 2581 4285 Montl‘aucon
2614 4235 2802 4281 notam
2837 4219 3086 4278 codicum
3121 4208 3360 4268 caenobii

142 4310 504 4374 Canonicorum
537 4319 893 4388 Regularium
927 4318 986 4375 S.
1025 4319 1345 4378 Salvatoris.
1382 4323 1528 4379 lnter
1558 4333 1786 4380 caeteros
1821 4332 2001 4378 autem
2035 4324 2488 4379 commentarium
2517 4322 2570 4375 in
2602 4319 2852 4376 Psalmos
2878 4308 3051 4367 sancti
3076 4301 3363 4360 Athanasii

143 4401 318 4464 Slavica
349 4413 536 4484 lingua
571 4414 836 4482 scriptum
877 4415 962 4471 his
994 4416 1176 4471 verbis
1207 4416 1495 4472 enuntiat:
1533 4435 1551 4468 ‹
1583 4415 1766 4471 Codex
1814 4431 1922 4471 non
1971 4415 2292 4486 spernendae
2325 4416 2648 4478 vetustatis,
2683 4415 2740 4468 in
2789 4425 2898 4482 quo
2932 4406 3124 4478 psalmi
3169 4395 3370 4458 chara-

142 4514 254 4564 ctere
280 4508 509 4570 Slavica.
546 4533 563 4567 ι
601 4512 658 4568 In
687 4513 1062 4570 admonitione
1091 4521 1298 4579 autem,
1323 4528 1446 4583 quze
1470 4512 1816 4582 praemittitur
1843 4510 2182 4566 Exoositioni
2206 4509 2543 4564 Psalmorum
2571 4507 2744 4562 sancti
2777 4501 3083 4564 Athanasii,
3111 4511 3276 4568 quam
3306 4493 3371 4548 ita

141 4613 264 4668 parte
289 4611 516 4665 secunda
552 4609 686 4665 tomi
723 4610 884 4680 primi
914 4626 1142 4681 operum
1169 4609 1416 4680 ejusdem
1452 4608 1784 4664 sanctissimi
1818 4607 2068 4663 Doctoris
2102 4608 2218 4676 ipse
2259 4606 2448 4669 edidit,
2481 4604 2608 4660 talia
2637 4603 2943 4657 habentur:
2987 4615 3005 4649 ι
3034 4593 3223 4649 Narrat
3259 4589 3374 4646 Ga-

147 4697 253 4756 hriel
281 4703 599 4775 Grodecius,
633 4706 1023 4776 Dantzicanus,
1074 4707 1354 4778 professor
1383 4705 1663 4762 Hebraicaa
1712 4705 1908 4776 linguae
1939 4704 1993 4758 in
2030 4701 2310 4757 academia
2340 4699 2596 4770 Lipsiana
2619 4742 2633 4765 ,
2669 4700 2751 4751 vir
2779 4696 2996 4755 doctus,
3031 4705 3097 4744 ac
3126 4685 3366 4742 necessi-

146 4793 298 4852 tudine
327 4801 456 4855 mihi
504 4799 862 4868 conjunctus,
889 4808 1108 4853 exstare
1139 4798 1194 4852 in
1226 4797 1554 4853 bibliotheca
1599 4795 1657 4851 S.
1694 4796 1996 4851 Salvatoris
2022 4793 2382 4865 Bononiensis
2414 4793 2467 4846 in
2503 4791 2692 4847 codice
2717 4787 3038 4860 pet-antiquo
3070 4779 3368 4851 expositio.

147 4898 246 4940 nem
271 4889 544 4946 Athanasii
570 4894 624 4944 in
655 4889 898 4944 Psalmos
925 4887 1184 4944 Serviana
1221 4889 1427 4961 lingua,
1453 4904 1574 4959 quze
1604 4897 1687 4943 est
1723 4887 1937 4942 Slavica
1965 4885 2256 4948 dialectos,
2290 4892 2419 4938 sunt
2449 4891 2627 4936 autem
2655 4880 2827 4936 Servii
2854 4877 3039 4951 Mysiae
3058 4872 3368 4945 superioris

149 4979 319 5046 populi,
356 5000 451 5039 nec
480 4982 701 5052 ambigo
735 4997 797 5036 ex
844 4982 930 5037 his
959 4982 1163 5037 nostris
1195 4980 1628 5052 expositionibus
1662 4979 1875 5033 Slavice
1900 4991 2118 5032 versam
2147 4975 2338 5031 fuisse.
2377 4993 2396 5026 ι
2427 4973 2534 5029 Sed
2582 4972 2788 5029 fallitur
2829 4974 2912 5026 vir
2938 4969 3186 5024 eruditus
3219 4982 3235 5017 :
3266 4964 3374 5017 iste

149 5073 268 5129 enim
295 5079 720 5134 commentarius
750 5053 964 5134 Slavica
994 5094 1086 5133 seu
1124 5076 1358 5150 Illyrica,
1387 5094 1494 5133 non
1525 5087 1704 5132 autem
1741 5074 2002 5130 Serviana
2027 5075 2212 5146 lingua
2246 5074 2484 5142 scriptus
2512 5080 2632 5137 est;
2674 5083 2848 5137 neque
2883 5072 2968 5118 est
3008 5062 3062 5114 in
3095 5055 3369 5150 Slavicam

151 5162 403 5226 dialectum
439 5171 738 5227 translatus
770 5187 837 5226 ex
881 5169 1086 5225 Graecis
1117 5147 1568 5238 expositionibus,
1603 5181 1742 5237 quas
1787 5165 1903 5235 ipse
1952 5165 2094 5220 inter
2127 5179 2290 5234 Opera
2332 5161 2390 5216 Β.
2417 5160 2702 5216 Athanasii
2746 5155 2947 5218 edidit,
2980 5151 3074 5206 sed
3117 5147 3261 5203 idem
3289 5155 3372 5200 est

153 5275 204 5315 ac
226 5264 304 5322 ille
329 5271 420 5339 qui
454 5269 660 5325 Graecis
687 5269 883 5324 litteris
911 5281 977 5322 ac
1011 5237 1201 5320 verbis,
1236 5262 1472 5332 scriptus
1507 5269 1561 5315 et
1599 5259 1940 5328 compositus
1969 5255 2211 5311 Venetiis
2241 5256 2297 5309 in
2331 5254 2668 5309 Justiuianca
2692 5293 2706 5316 ,
2743 5259 2797 5302 et
2826 5243 3114 5300 Mediolani
3240 5237 3370 5292 Am~

155 5329 374 5416 brosiana
402 5362 732 5418 bibliotheca
765 5360 1051 5430 reperitur,
1085 5365 1138 5417 et
1167 5329 1365 5424 quem,
1396 5362 1454 5407 ut
1485 5351 1647 5421 paulo
1681 5360 1806 5406 ante
1833 5350 1967 5412 dixi,
2003 5365 2112 5404 non
2137 5363 2259 5404 esse
2284 5345 2592 5405 Athanasii,
2630 5341 2692 5397 P.
2727 5335 3079 5392 Montfaucon
3115 5329 3368 5430 a-liirmat.

157 5443 383 5520 Equidem
406 5456 568 5528 hujus
598 5423 976 5510 commentarii
1011 5423 1249 5510 initium,
1290 5460 1483 5512 nempe
1527 5443 1833 5496 orationem
1883 5456 2006 5512 quae
2059 5439 2457 5496 commentario
2488 5432 2845 5506 przeponitur,
2885 5437 2938 5484 et
2967 5423 3371 5497 expositionem

214 5569 278 5642 (9)
315 5573 506 5632 Comm.
544 5576 608 5628 de
637 5573 822 5642 script.
850 5569 1020 5642 Eget”
1043 5577 1174 5622 tom.
1209 5565 1404 5642 μεως.
1438 5576 1512 5629 tv,
1545 5578 1593 5618 c.
1626 5560 1678 5625 8,
1716 5557 1861 5618 Diss.
1896 5559 1960 5616 de
1984 5577 2067 5631 op.
2099 5557 2158 5616 S.
2195 5557 2418 5623 Alliam,
2451 5569 2576 5626 pag.
2607 5551 2729 5608 581.

216 5635 310 5708 UO)
348 5645 499 5701 Mem.
533 5645 686 5707 eccl.,
721 5635 853 5698 tom.
886 5639 1016 5704 Vlll,
1048 5655 1167 5709 pag.
1206 5635 1331 5690 257‘.
2532 5685 2535 5689 ι

219 5713 313 5784 (ll)
344 5717 470 5788 Cap.
499 5718 590 5785 27,
627 5732 747 5786 pag.
786 5713 914 5769 £07.
