3760 6270
334 219 433 277 ωἹ
1177 221 1233 279 S.
1277 222 1647 281 ATHANASH
1685 224 1838 281 OPP.
1878 224 2063 283 PARS
2101 226 2187 286 Ill.
2228 259 2295 269 —
2319 224 2732 284 EXEGETICA.
3479 224 3617 283 603

334 342 393 394 in
424 340 662 409 primum
708 339 983 409 psalmum
1018 341 1182 406 dabo,
1217 359 1382 413 quam
1421 353 1613 400 nactus
1648 361 1767 400 sum
1824 355 1876 401 et
1917 362 2081 418 opera
2116 357 2170 402 et
2214 363 2344 403 cura
2390 343 2828 403 reverendissimi
2857 343 2917 399 P.
2951 343 3165 400 abbatis
3217 341 3612 415 Iligliavacca.

337 433 598 489 Canonici
630 432 917 505 Regularis
947 435 1159 493 ordinis
1190 437 1248 493 S.
1282 438 1612 508 Salvatoris,
1643 441 1737 512 qui
1769 442 1936 497 etiam
1976 459 2035 498 se
2074 442 2144 497 ab
2172 443 2294 499 aliis
2321 442 2597 498 audivisse
2643 440 2777 496 mihi
2831 440 3075 495 narravit
3106 456 3121 495 :
3155 436 3216 495 P.
3250 436 3618 495 Moutfauco-

340 540 496 590 num,
538 540 660 580 cum
693 541 790 595 per
822 524 1126 582 Bononiam
1158 528 1261 583 iter
1288 528 1514 595 iaceret,
1552 534 1871 589 monasterii
1904 533 1963 588 S.
1999 533 2298 591 Salvatoris
2328 534 2712 590 bibliothecam
2741 533 2999 596 adivisse,
3032 541 3196 603 atque
3230 531 3286 587 in
3315 547 3380 587 ea
3405 533 3614 602 inspe-

340 616 444 672 ctis
472 616 711 699 antiquis
744 617 1029 672 codicibus
1058 621 1476 691 manuscriptis,
1526 623 1730 693 quibus
1776 622 2105 680 bibliotheca
2142 625 2233 679 illa
2285 634 2529 694 praestat,
2577 639 2700 679 eum
2748 625 2894 684 hunc
2926 626 2995 683 de
3040 645 3151 699 quo
3180 627 3361 699 agitur
3388 637 3621 684 attente

340 708 766 774 considerasset,
798 710 1044 766 suasisse
1078 710 1519 774 bibliothecario,
1545 722 1605 767 ut
1631 728 1828 768 nomen
1860 713 2146 769 Athanasii
2175 714 2401 782 deleret,
2433 723 2596 785 atque
2626 716 2679 768 in
2709 714 2888 773 fronte
2916 718 3122 775 codicis
3152 720 3450 775 ascriberet
3488 734 3619 775 no-

342 815 466 855 men
502 800 559 856 S.
593 802 782 873 Cyrilli
816 803 1208 875 Alexandrini;
1240 816 1296 862 et
1323 806 1542 877 quidem
1587 815 1646 862 nt
1675 808 1743 861 ab
1770 808 1951 864 amico
1981 809 2087 863 sibi
2118 809 2415 865 novissime
2441 809 2806 881 signiﬁcatum
2855 827 2977 867 esse
3017 811 3317 877 asserebat,
3352 826 3500 866 nunc
3543 811 3619 864 in

342 909 506 965 parva
540 895 763 962 scheda,
799 912 922 964 quae
953 898 1004 951 in
1030 898 1222 969 eodem
1269 896 1460 952 codice
1494 894 1746 960 exsistit,
1795 896 2086 951 recentiori
2133 898 2449 953 charactere
2479 898 2737 970 scriptum
2772 900 2877 970 legi
2925 916 3121 956 nomen
3154 899 3214 955 S.
3246 900 3433 972 Cyrilli
3482 901 3627 971 epi-

342 991 907 1061 scopiAlexandrmi;
960 994 1016 1048 in
1051 993 1290 1066 tegmine
1338 1003 1520 1047 autem
1578 989 1787 1046 codicis
1830 989 2013 1046 adhuc
2056 1006 2341 1049 remanere
2389 1007 2586 1047 nomen
2618 993 2924 1049 Athanasii.
2969 992 3085 1060 Qua
3115 993 3182 1048 de
3214 1008 3380 1049 causa
3413 1002 3621 1048 autem

342 1087 592 1143 eruditus
618 1088 702 1143 vir
731 1088 785 1144 id
813 1088 1124 1144 faciendum
1158 1088 1457 1151 censuerit,
1481 1100 1570 1141 me
1600 1085 1751 1141 latet.
1780 1084 1967 1157 itaque
1996 1088 2375 1158 cujuscunque
2394 1089 2637 1145 auctoris
2667 1090 3096 1146 commentarius
3129 1090 3217 1145 ille
3246 1089 3337 1157 sit,
3365 1104 3454 1145 me
3482 1103 3625 1144 rem

346 1190 555 1252 gratam
584 1184 806 1238 curioso
832 1183 1021 1239 lectori
1072 1181 1341 1236 facturum
1370 1178 1652 1242 existimo,
1680 1178 1726 1233 si
1760 1178 1883 1249 ejus
1921 1179 2137 1235 initium
2184 1180 2429 1253 Illyrica,
2462 1192 2518 1238 et
2545 1181 2738 1239 Latina
2778 1184 2962 1252 lingua
3015 1183 3117 1240 hoc
3147 1183 3290 1249 loco,
3335 1191 3397 1240 ut
3423 1183 3611 1255 paulo

347 1284 471 1330 ante
501 1275 776 1345 pollicitus
800 1291 946 1341 sum,
977 1275 1264 1331 exhibeam
1297 1272 1426 1344 (12).

419 1367 526 1425 'l‘er
560 1380 753 1425 saneta
783 1370 1023 1445 Trinitas
1042 1371 1222 1445 totius
1249 1368 1438 1423 mundi
1479 1367 1709 1445 adjuva_,_
1755 1375 1812 1424 et
1839 1367 1925 1445 di-
2026 1371 2185 1434 etari,
2223 1372 2316 1428 sed
2369 1372 2422 1426 in
2463 1372 2774 1445 cognitione
2827 1374 3173 1445 eloquiorum
3234 1375 3490 1445 gaudere,
3553 1382 3629 1431 et

348 1440 463 1515 rige
500 1456 595 1515 eor
620 1457 801 1515 meum
829 1443 896 1495 ad
939 1441 1322 1515 incipiendum
1378 1454 1504 1515 cum
1537 1439 1919 1515 intelligentia,
2028 1457 2335 1515 prmparare
2380 1459 2466 1515 me
2530 1439 2596 1515 ad
2660 1442 2908 1500 facienda
2933 1439 3150 1513 'opera,
3198 1439 3319 1515 qua:
3359 1446 3517 1501 disco
3556 1453 3630 1499 et

348 1509 735 1583 et’tiniendum
766 1527 906 1583 opus
939 1509 1144 1583 bunum
1182 1526 1213 1565 a
1274 1510 1381 1565 Deo
1441 1510 1691 1583 inspirati
1727 1509 1925 1577 ’hujus
2028 1509 2242 1583 loquor,
2317 1523 2376 1567 ut
2434 1513 2593 1569 bonis
2643 1515 2901 1582 Operibus
2966 1509 3329 1582 il'lumina'tus,
3396 1517 3452 1571 in
3508 1525 3630 1570 tuo

351 1580 494 1656 libri,
515 1595 679 1651 quem
723 1578 949 1637 sanctus
973 1580 1338 1656 _$piritusper
1380 1594 1470 1656 οεΔ
1509 1578 1678 1634 David
1712 1588 1928 1634 eructa-
2026 1578 2236 1656 judicio
2274 1584 2512 1656 dexterae
2539 1578 2712 1652 partis
2762 1586 3036 1656 particeps
3066 1584 3212 1639 ﬁam.
3238 1578 3475 1642 Et'nunc
3501 1585 3627 1639 Do-

352 1650 741 1733 vit,et"quem
789 1650 1108 1733 aggredior_
1135 1653 1386 1733 recitare.
1444 1650 1927 1733 Agnoscens‘vero
2031 1650 2192 1718 mine,
2222 1653 2473 1719 benedie,
2499 1650 2559 1709 ut
2591 1670 2659 1709 ex
2681 1650 2846 1711 corde
2867 1650 3134 1726 producto
3181 1658 3443 1729 suspirio,
3496 1657 3621 1711 lin-

354 1737 531 1793 meam
593 1722 983 1793 ignorantiam,
1040 1722 1215 1793 adoro
1271 1730 1643 1793 te__ex_orans,
1674 1727 1729 1774 et
1769 1729 1927 1793 tuum
2031 1739 2137 1792 gua
2160 1739 2385 1779 canam:

354 1789 865 1855 auxilium—invoco,
891 1791 1122 1848 Domine
1147 1791 1277 1847 Jesu
1327 1789 1567 1850 Christe,
1613 1791 1748 1844 doce
1777 1790 1933 1844 intel-

355 1862 553 1917 lectum
579 1879 763 1918 meum
813 1836 1011 1918 nbiliit
1046 1861 1398 1919 sermonibus
1459 1836 1730 1916 labiorum
1774 1860 1926 1916 oble-

2111 1849 2231 1893 atus
2269 1840 2350 1894 vir
2378 1840 2468 1910 qui
2492 1856 2593 1894 non
2646 1839 2778 1894 abiit
2802 1841 3149 1896 inconsilium
3174 1842 3626 1913 impiorum,etc.

355 1998 691 2056 ηλιτι-ςιιιωι
733 2018 890 2056 υλνω
945 2016 1102 2058 REGIS
1147 2014 1363 2055 SANCTE
1401 2013 1675 2054 ClVlI’A'l'lS
1698 2012 1827 2052 ι-Ὶωι
1867 2012 2021 2054 JESSE

2111 2014 2132 2052 Ι*
2176 2013 2321 2053 ιυυε
2354 2012 2632 2054 ειεωωωι
2685 2011 2985 2054 ιίιοῦεηιειι
3012 2013 3114 2054 ιδιιο
3135 2010 3298 2053 PRIIO
3340 2009 3628 2053 ΔιιειυιΑ

1139 2111 1350 2152 ιΝιτιωί
1377 2111 1525 2151 Ριιηιι
1554 2109 1719 2159 LIBRI,
1755 2110 1845 2158 QUI
1868 2110 1966 2150 EST
2000 2110 2139 2149 APUD
2174 2108 2385 2151 JilDEOS
2416 2109 2603 2149 PSALI.
2639 2109 2676 2148 1.

430 2214 481 2268 l.
521 2213 719 2270 Beatus
747 2215 849 2280 vir,
886 2215 977 2285 qui
1010 2232 1117 2270 non
1143 2217 1277 2270 abiit
1305 2217 1358 2270 in
1393 2215 1683 2270 consilium
1728 2214 1924 2282 impio-

358 2300 504 2356 rum,
534 2296 587 2338 et
608 2287 659 2356 in
690 2286 777 2339 via
805 2298 1154 2356 peccatorum
1210 2303 1317 2342 non
1352 2286 1519 2350 stetit,
1569 2294 1624 2339 et
1649 2285 1704 2338 in
1733 2287 1918 2339 cathe-

360 2353 457 2409 dra
487 2353 938 2424 pestilcntim‘non
973 2358 1132 2411 sedit.

428 2425 483 2477 2.
524 2423 625 2478 Sed
661 2427 717 2496 in
748 2429 862 2496 lege
886 2425 1100 2480 Domini
1133 2427 1388 2481 voluntas
1421 2426 1561 2495 ejus,
1591 2434 1647 2480 et
1703 2424 1758 2479 in
1811 2426 1927 2496 lege

360 2494 481 2564 ejus
509 2494 855 2564 meditabitur
875 2497 963 2551 die
995 2514 1060 2552 ac
1092 2510 1269 2553 nocte.

435 2562 577 2639 '5.‘Et
596 2570 701 2619 erit
738 2575 998 2635 tanquam
1030 2568 1237 2639 lignum
1257 2566 1402 2638 quod
1427 2566 1732 2636 plantatum
1757 2575 1841 2621 est
1863 2581 1950 2623 se-

366 2650 465 2705 cus
481 2635 746 2705 decursus
775 2652 1071 2705 aquarum:

435 2703 487 2758 4.
512 2704 668 2772 Quod
696 2703 934 2762 fructum
973 2722 1135 2763 suum
1182 2707 1336 2762 dabit
1364 2706 1419 2761 in
1443 2718 1688 2776 tempore
1716 2721 1839 2761 suo.

2119 2214 2172 2269 5.
2198 2212 2263 2267 Et
2295 2213 2484 2268 folium
2521 2215 2643 2284 ejus
2673 2230 2779 2269 non
2810 2213 3054 2284 detinet,

2115 2285 2169 2355 6.
2200 2285 2265 2355 [fit
2279 2288 2462 2355 omnia
2479 2281 2817 2355 quaecunque
2833 2281 3527 2355 fecerit,prosperabuntur
3547 2282 3629 2355 ei.

2121 2354 2173 2409 7.
2210 2352 2327 2409 Non
2366 2353 2458 2410 'sic
2483 2356 2655 2426 impii,
2692 2352 2799 2410 non
2829 2357 2927 2426 sic,
2962 2352 3076 2410 sed
3104 2352 3363 2424 tanquam
3411 2352 3630 2423 pulvis,

2049 2425 2681 2497 quem_projicitveutus
2733 2441 2764 2480 a
2815 2425 2954 2481 faeie
2990 2436 3176 2497 terrae.

2126 2499 2180 2550 8.
2214 2493 2353 2550 ldeo‘
2376 2512 2484 2568 non
2531 2505 2816 2568 resurgent
2871 2496 3023 2567 impii
3076 2497 3133 2551 in
3175 2494 3404 2567 judicio,
3437 2507 3632 2563 neque

2059 2575 2372 2637 peceatores
2395 2566 2448 2620 in
2473 2566 2713 2623 consilio
2728 2566 3024 2637 justorum.

2145 2636 2198 2691 9.
2249 2635 2515 2709 Quoniam
2548 2641 2700 2709 novit
2732 2635 3017 2695 Dominus
3071 2637 3212 2694 viam
3237 2635 3544 2709 justorum,
3573 2643 3631 2689 et

2057 2706 2162 2761 iter
2193 2708 2482 2777 impiorum
2507 2708 2724 2778 peribit.

1182 2837 1601 2894 ATII‘ANASII
1644 2837 2245 2896 COMMENTARIUS
2305 2839 2394 2894 IN
2452 2839 2809 2896 PSALMOS.

881 2955 1129 3010 Psalmus
1159 2955 1328 3010 David
1380 2973 1422 3013 t.

441 3091 499 3161 l.
532 3089 822 3160 Prophetia
851 3090 968 3146 haec
1000 3090 1325 3160 adimpletur
1349 3089 1401 3145 in
1434 3090 1672 3161 Josepho
1721 3093 1790 3149 ab
1818 3093 1944 3150 Ari—

372 3160 916 3235 m_atbaea,quoniam
954 3161 1383 3235 Anoun_venit_ad
1450 3160 1692 3235 .ludéeos,
1739 3165 1834 3235 qui
1890 3166 1946 3222 in

376 3230 657 3287 Christum
678 3229 916 3302 insidias
949 3231 1240 3286 faciebant.
1280 3229 1597 3302 Proprietas
1627 3229 1810 3289 autem
1830 3251 1946 3291 ser-

375 3301 555 3355 monis
600 3301 782 3375 hujus
812 3302 1029 3357 beatum
1056 3302 1194 3375 dicit
1239 3301 1455 3375 omnem
1514 3305 1817 3371 hominem,
1852 3307 1947 3375 qui

372 3383 484 3426 non
510 3372 901 3444 communicat,
940 3388 1040 3427 nec
1065 3388 1123 3428 se
1182 3371 1455 3444 immiscet
1510 3375 1695 3444 iniqua
1720 3371 1948 3432 consilia

373 3443 697 3515 agentibus,
760 3453 856 3515 aut
912 3443 1149 3513 aliquem
1216 3443 1419 3515 injuste
1463 3443 1941 3515 persequentibus.

372 3509 528 3579 Quod
552 3528 699 3586 vero
723 3514 970 3569 additur:
1006 3509 1077 3568 Et
1099 3515 1153 3565 in
1194 3509 1310 3586 pia,
1333 3509 1480 3586 viain
1537 3509 1659 3586 esse
1712 3532 1953 3586 praesen-

377 3590 482 3636 tem
515 3584 680 3637 vitam
712 3585 937 3650 asserit;
971 3600 1071 3640 nos
1119 3584 1264 3637 enim
1295 3582 1537 3641 viventes
1565 3585 1632 3640 ad
1667 3582 1950 3641 interitum

375 3652 502 3706 vitae
528 3654 732 3709 sensim
766 3656 1098 3710 accedimus.

451 3727 507 3781 2.
541 3725 708 3778 Aliter
742 3726 889 3779 enim
929 3741 1035 3779 non
1065 3725 1573 3791 instrueturhomo,
1634 3735 1694 3794 ut
1729 3726 1951 3781 recedat

378 3816 408 3854 a
439 3796 606 3859 malo,
648 3794 752 3849 nisi
778 3811 838 3850 se
864 3798 1172 3852 exercuerit
1201 3796 1435 3853 lectiune
1457 3798 1745 3863 librorum,
1768 3812 1833 3854 ac
1862 3798 1955 3853 do-

376 3870 518 3925 trina
548 3865 872 3934 sapientum.

448 3940 502 3993 ὅ.
541 3934 675 3989 Nam
728 3945 887 4009 prout
945 3936 1090 4009 ligna
1132 3937 1372 4004 plantata
1419 3937 1487 3992 ad
1529 3952 1702 4009 aquas
1742 3953 1957 4008 semper

379 4017 510 4065 sunt
550 4020 786 4070 amcena,
850 4007 924 4061 ita
957 4007 1267 4063 intellectus
1315 4023 1483 4063 sacra
1532 4007 1797 4067 librorum
1850 4007 1953 4064 do-

379 4079 554 4134 ctrina
576 4077 835 4148 irrigatus
867 4078 1085 4147 pulchre
1121 4077 1298 4143 tloret,
1329 4089 1384 4133 et
1413 4078 1685 4148 salutares
1735 4094 1956 4148 semper

378 4147 739 4220 cogitationes
816 4150 997 4203 habet.
1061 4149 1293 4218 Lignum
1364 4149 1525 4220 etiam
1601 4147 1708 4220 hoc
1758 4149 1960 4205 dicitur

379 4218 516 4275 crux
590 4218 829 4291 fontibus
878 4220 1311 4291 baptismalibus
1408 4219 1788 4288 circumdata,
1863 4236 1962 4291 per

381 4305 545 4360 quam
599 4303 700 4344 nos
755 4289 1097 4345 lzetiﬁcamur
1128 4307 1194 4347 ac
1226 4290 1624 4346 illuminamur.

2117 2955 2239 3010 4-6.
2296 2953 2354 3009 In
2399 2964 2640 3025 tempore
2676 2970 2778 3010 suo
2814 2953 3159 3010 fructiﬁcavit
3190 2969 3324 3025 crux
3377 2965 3634 3011 nostram

2053 3027 2282 3084 salutem
2322 3047 2333 3081 :
2370 3023 2581 3082 fructus
2644 3035 2829 3096 utpote
2876 3026 3113 3091 vivaces,
3172 3034 3226 3081 et
3272 3023 3400 3080 folia
3444 3028 3636 3083 crucis

2048 3107 2181 3152 sunt
2211 3096 2415 3159 ﬁdeles,
2450 3097 2545 3166 qui
2588 3112 2705 3166 per
2738 3096 2883 3150 illam
2943 3096 3162 3162 muniti,
3186 3105 3247 3166 et
3280 3097 3335 3151 in
3377 3096 3477 3166 illa
3505 3112 3640 3165 per-

2049 3176 2359 3232 manentes,
2404 3164 2510 3221 no‘n
2555 3164 2815 3221 decidunt
2867 3182 2962 3221 seu
3015 3182 3121 3220 non
3153 3164 3403 3221 defluunt
3433 3164 3638 3223 abea-

2048 3237 2223 3303 dem;
2299 3237 2483 3292 omnia
2555 3236 2744 3299 enim,
2802 3253 2925 3307 quae
2975 3246 3192 3307 propter
3255 3252 3475 3292 crucem
3529 3253 3641 3294 seu

2049 3306 2258 3363 Christi
2293 3307 2608 3378 passionem
2665 3306 2831 3373 ﬁunt,
2862 3306 3121 3378 prospere
3165 3308 3489 3364 succedunt.

2124 3398 2359 3472 7.ACrrux
2388 3400 2533 3454 enim
2569 3399 2682 3472 illa,
2716 3415 2838 3472 quae
2865 3401 2943 3472 ab
2981 3400 3272 3464 haereticis,
3303 3400 3546 3472 rJudasis,
3580 3411 3643 3459 et

2052 3470 2288 3526 ethnicis
2345 3485 2453 3525 non
2512 3470 2753 3535 colitur,
2805 3471 2948 3540 apud
2986 3486 3080 3526 eos
3125 3488 3233 3525 non
3292 3471 3639 3538 fruetiﬁcat,

2052 3541 2147 3597 sed
2176 3549 2438 3609 tanquam
2474 3541 2749 3609 pulverem
2780 3555 2875 3596 eos
2904 3541 3153 3611 dissipat.
3182 3541 3272 3598 Sic
3296 3540 3470 3597 Judaei
3500 3558 3641 3598 eum

2054 3612 2125 3666 ob
2174 3611 2609 3667 incredulitatem
2672 3626 2736 3667 ac
2794 3612 3164 3681 insipientiam
3217 3614 3555 3668 defecissent
3604 3630 3640 3669 a

2053 3681 2312 3747 Christo,
2349 3680 2581 3750 dispersi
2630 3692 2760 3737 sunt
2794 3697 2889 3751 per
2908 3680 3232 3738 universam
3294 3693 3520 3738 terram.

2147 3772 2199 3828 8.
2238 3772 2372 3828 Nam
2403 3773 2498 3844 qui
2526 3771 2697 3828 Deum
2748 3787 2858 3828 non
2906 3784 3267 3843 agnoverunt,
3316 3778 3402 3829 vel
3456 3777 3640 3832 solam

2059 3846 2201 3898 hanc
2233 3844 2582 3916 impietatem
2599 3860 2790 3916 secum
2816 3844 3072 3911 ferentes,
3120 3856 3246 3916 post
3273 3849 3644 3902 resurrectio-

2059 3929 2183 3986 nem
2214 3915 2281 3969 de
2308 3916 2432 3986 aliis
2457 3915 2641 3971 causis
2672 3931 2780 3970 non
2803 3915 3317 3986 interrogabhntur;
3335 3918 3449 3986 jam
3478 3918 3638 3973 enim

2060 3985 2340 4058 habebunt
2368 3985 2774 4058 damnationem
2828 3986 2998 4058 libere
3023 3985 3131 4057 per
3181 3989 3505 4058 semctipsos
3534 4004 3643 4042 vo-

2060 4055 2237 4124 litam,
2265 4071 2367 4112 nec
2404 4056 2718 4113 invenietur
2739 4056 2796 4111 in
2841 4057 2976 4126 ipsis
3014 4055 3185 4113 ullum
3220 4074 3359 4129 opus
3379 4055 3642 4129 justitiaa.

2122 4148 2202 4220 '79.
2227 4146 2417 4204 Nescit
2438 4148 2584 4204 enim
2610 4164 2829 4205 omnem
2854 4150 2996 4204 viam
3015 4159 3128 4204 tam
3159 4149 3435 4220 justorum
3465 4164 3643 4219 quam

2066 4219 2422 4289 injustorum,
2454 4228 2509 4274 et
2541 4220 2750 4289 primos
2795 4222 3017 4291 quidem
3051 4219 3249 4286 salvat,
3282 4222 3484 4277 alteros
3504 4235 3643 4277 vero

2066 4291 2313 4357 damnat,
2338 4305 2404 4345 ac
2432 4305 2463 4345 a
2488 4305 2548 4346 se
2575 4290 2771 4363 rejicit,
2798 4290 2992 4363 utpote
3016 4292 3257 4349 inutiles.

460 4443 554 4498 IX.
584 4444 696 4515 Age
717 4460 866 4509 vero,
885 4445 1147 4516 quoniam
1188 4446 1344 4501 locus
1363 4446 1455 4500 hic
1473 4445 1588 4517 jam
1619 4446 1889 4516 postulat,
1918 4444 1987 4502 de
2017 4455 2244 4503 auctore
2270 4448 2636 4518 expositionis
2694 4464 2858 4519 quam
2895 4450 3204 4507 Athanasio
3230 4450 3285 4506 in
3325 4448 3639 4508 Barberino

379 4539 569 4596 codice
602 4540 900 4607 ascriptam
931 4553 1076 4594 nunc
1108 4539 1348 4609 primum
1403 4540 1459 4594 in
1494 4539 1674 4597 lucem
1717 4544 1906 4608 trado,
1942 4541 2108 4597 verba
2149 4540 2439 4600 faciamus.
2496 4542 2750 4600 Profecto
2801 4553 2860 4599 ut
2902 4561 3025 4601 eam
3083 4560 3284 4619 magno
3331 4546 3643 4603 Athanasio

382 4636 726 4691 tribuendam
781 4636 1116 4700 existimem,
1178 4634 1416 4705 primum
1448 4651 1673 4691 moveor
1725 4636 1937 4706 judicio
1993 4635 2231 4691 duorum
2280 4637 2728 4694 doctissimorum
2770 4641 3014 4695 virorum
3041 4639 3273 4695 Andreae
3315 4638 3555 4705 Schotti,
3591 4648 3647 4695 et

381 4728 542 4785 Lucae
571 4727 864 4791 llolstenii,
890 4743 1123 4798 quorum
1149 4729 1286 4783 alter
1311 4743 1377 4782 ex
1403 4729 1634 4799 antiquo
1656 4729 1848 4785 codice
1878 4730 2214 4800 Augustanze
2242 4729 2587 4785 bibliotheca:
2610 4728 3027 4786 describendam
3056 4733 3309 4799 curavit;
3346 4731 3485 4813 alter
3511 4744 3645 4786 vero

379 4845 488 4884 mn
546 4828 724 4883 solum
764 4825 1159 4897 praefationem,
1210 4826 1429 4881 brevem
1470 4826 1730 4896 quidem,
1787 4829 1881 4883 sed
1942 4828 2239 4884 admodum
2292 4828 2618 4898 elegantem,
2664 4834 2719 4881 et
2756 4834 2909 4881 tanto
2953 4825 3072 4879 viro
3095 4824 3315 4895 dignam
3345 4822 3642 4893 aseripsit,

379 4923 474 4980 sed
512 4923 741 4977 ulterius
776 4922 881 4976 hoc
917 4918 1204 4975 Athanasii
1235 4933 1375 4989 opus
1402 4920 1546 4973 inter
1571 4927 1777 4975 caetera
1809 4919 2149 4975 sanctissimi
2189 4919 2434 4975 doctoris
2483 4920 2759 4990 praecipue
2786 4917 3082 4975 excellens.
3108 4925 3163 4969 et
3197 4914 3463 4970 eximium
3515 4928 3646 4968 esse

379 5023 613 5086 censuit,
665 5031 720 5076 et
758 5032 816 5075 ut
851 5020 1037 5075 verbis
1071 5016 1415 5071 Tillemontii
1452 5026 1577 5071 utar
1618 5017 1755 5087 (l3),
1795 5034 1995 5071 eamme
2044 5018 2092 5071 le
2127 5017 2507 5085 chef-d‘amvre
2554 5017 2619 5070 de
2653 5014 2712 5071 S.
2755 5015 3047 5068 Athanase.
3090 5008 3302 5064 Etenim
3335 5022 3426 5061 an.
3488 5006 3635 5060 1627

379 5130 505 5169 eum
540 5114 844 5184 accepisset
878 5127 1077 5167 novam
1114 5127 1344 5183 operum
1383 5110 1442 5165 S.
1479 5112 1770 5167 Athanasii
1793 5114 2089 5169 editionem
2117 5112 2348 5168 Parisiis
2399 5113 2681 5177 adornari,
2741 5122 2947 5183 septem
2980 5107 3237 5165 bomilias
3266 5104 3322 5161 S.
3354 5104 3641 5159 Athanasii

380 5207 601 5263 nomine
634 5208 953 5277 inscriptas,
992 5221 1115 5274 quae
1155 5204 1337 5259 adhuc
1365 5205 1547 5260 lucem
1578 5219 1691 5259 non
1722 5203 1994 5270 viderant,
2040 5205 2107 5260 ad
2180 5204 2585 5276 typographum
2629 5201 3002 5259 Parisiensem
3042 5200 3216 5256 misit.
3262 5196 3359 5269 qui
3390 5211 3455 5250 ea
3484 5195 3554 5249 de
3585 5209 3645 5249 re

381 5301 640 5356 lectorem
672 5302 889 5357 monuit
946 5300 1033 5355 his
1065 5299 1289 5355 verbis:
1324 5317 1344 5351 ς
1372 5296 1663 5355 Postremo
1691 5298 1776 5353 vir
1805 5298 2057 5355 eruditus
2091 5297 2271 5354 Lucas
2316 5295 2656 5361 Holstenius,
2702 5294 3160 5366 Hamburgensis,
3212 5300 3504 5361 postquam
3544 5300 3643 5340 nos

452 5454 566 5524 (1:2)
609 5452 839 5510 Exhibet
884 5455 971 5530 ille
1032 5454 1283 5530 quidem_
1324 5454 1428 5509 hoc
1469 5454 1605 5530 loco
1650 5453 1888 5530 initium
1917 5455 2320 5530 "commentarii
2351 5454 2568 5530 Alllyrica
2619 5463 2674 5530 et
2715 5452 2907 5530 Latina
2937 5452 3125 5523 lingua
3153 5464 3308 5530 ;__nos
3341 5444 3642 5530 veroltatif

382 5518 508 5581 nam
544 5518 752 5579 tantum
814 5518 1127 5595 versionem
1152 5536 1206 5579 et
1271 5524 1774 5595 interpretationem
1805 5524 2148 5580 exhibemus.
2189 5523 2245 5579 Si
2271 5526 2396 5595 quis
2422 5518 2510 5582 est
2532 5525 2785 5581 curiosus
2821 5518 3048 5591 lector,’
3076 5530 3131 5578 et
3160 5519 3387 5576 Slavicae
3450 5518 3642 5589 lingua

384 5598 623 5667 peritus,
642 5596 783 5667 illud
816 5595 996 5648 videat
1022 5596 1076 5649 in
1106 5594 1355 5667 Romana
1385 5594 1541 5667 edit,
1581 5611 1633 5665 p.
1662 5610 1775 5667 nx.

456 5666 757 5737 (15)Μι⁴οη.
799 5666 924 5721 cett.
981 5674 1108 5722 tom.
1145 5663 1276 5729 VIII,
1323 5683 1374 5735 p.
1416 5666 1534 5733 130,
1583 5662 1698 5722 not.
1734 5666 1835 5723 H0
1882 5682 1976 5721 tur
2019 5665 2030 5717 ἕ

2111 5662 2392 5717 Athanase.
