3760 6270
146 251 225 308 609
791 250 879 306 DE
920 250 1199 310 TlTULlS
1229 254 1676 315 PSALMORUM.
1711 289 1780 306 -ν
1813 258 2205 316 ANTONELLI
2243 261 2639 323 PREFATIO.
3245 279 3356 335 610

146 366 502 432 admonuisset,
561 366 760 422 habere
792 382 853 422 se
883 383 914 422 e
950 367 1112 439 Regia
1171 381 1222 425 et
1281 371 1573 430 Oxoniensi
1627 376 1979 442 bibliotheca,
2005 386 2059 433 et
2090 395 2120 434 e
2154 382 2534 452 manuscripto
2559 382 2725 437 etiam
2782 386 2970 442 codice
3004 388 3069 444 tt.
3127 390 3188 446 P.
3224 392 3348 447 Sir-

147 460 296 516 mondi
327 474 356 514 e
397 457 675 514 Societate
728 456 858 515 Jesu
908 459 1166 516 homilias
1217 478 1449 519 numero
1478 475 1684 536 septem
1710 470 1950 523 nondum
1997 470 2193 534 editas,
2249 487 2388 542 quas
2417 471 2607 527 Latine
2654 477 3031 543 convertisset,
3057 492 3292 552 rogatus
3324 498 3356 538 a

147 555 272 610 nobis
301 554 512 610 lubenti
552 555 736 609 animo
766 557 1060 620 concessit,
1103 564 1164 612 ut
1204 574 1318 627 eas,
1376 563 1504 630 quia
1535 565 1713 620 serius
1747 567 1852 620 hoc
1879 565 2228 630 rescivimus,
2284 569 2450 622 veluti
2489 584 2586 638 per
2651 574 3007 641 appendicem
3063 578 3356 647 posteriori

142 660 261 708 tomo
286 651 702 720 subjiceremus.
744 671 763 702 ι
800 648 897 708 His
935 662 1115 708 autem
1185 666 1390 726 septem
1453 661 1716 726 homiliis,
1757 676 1896 730 quas
1957 662 2040 716 vir
2091 662 2398 719 eruditione
2457 681 2612 735 aeque
2642 682 2705 722 ac
2763 668 2966 738 pietate
3021 670 3260 724 eximius
3299 671 3354 725 in

147 743 356 799 Latinum
389 753 650 812 verterat,
675 743 962 814 epistolam
1013 744 1081 798 ad
1129 745 1390 802 lectorem
1439 749 1722 818 prazmisit,
1778 765 1897 804 eam
1950 765 2182 806 exorsus
2212 751 2264 806 in
2313 753 2460 808 hunc
2521 755 2745 810 modum
2789 755 2951 827 (14):
2994 775 3014 807 ι
3049 757 3184 812 Cum
3241 758 3356 816 divi

147 838 386 892 Athanasii
413 837 596 908 Opera
623 839 858 895 recudia
885 839 1236 909 typographis
1257 842 1528 908 audirem,
1562 859 1674 898 rem
1707 859 1792 899 me
1817 843 2090 900 facturum
2106 845 2439 911 existimavi,
2474 855 2529 902 et
2564 848 2778 918 publice
2804 849 3012 915 utilem,
3041 865 3141 905 nec
3172 850 3354 913 bonis.

146 928 384 998 doctisque
409 930 706 1001 ingratam,
735 931 779 987 si
803 943 999 989 caetera
1034 938 1368 992 sanctissimi
1413 938 1592 994 Patris
1641 940 1908 996 ἀνέκδοτα
1930 942 2348 1013 jeorrquirerem,
2383 953 2438 1000 et
2463 943 2518 998 in
2557 944 2732 1001 lucem
2768 946 2870 1001 hac
2917 947 3205 1003 occasione
3235 963 3360 1018 pro-

148 1025 381 1080 ducerem.
414 1028 628 1099 Collegi
681 1045 813 1101 ergo
867 1045 1031 1100 opera
1083 1034 1438 1089 tumultuaria
1494 1051 1557 1090 ex
1611 1034 2066 1092 Christianissimi
2129 1038 2274 1109 regis
2301 1038 2653 1109 bibliotheca,
2705 1048 2870 1109 atque
2897 1055 2963 1095 ex
2997 1041 3132 1094 clar.
3189 1056 3356 1096 mem.

148 1115 197 1171 ll.
237 1116 290 1171 P.
323 1116 629 1187 Sirmondi,
665 1123 910 1193 meisque
944 1127 1162 1183 schedis
1194 1129 1448 1186 homilias
1501 1141 1706 1202 septem
1727 1131 2014 1188 Athanasii
2044 1105 2266 1189 nomine
2291 1105 2661 1205 praenota’tas:
2694 1105 2872 1207 neque
2899 1138 3043 1192 enim
3069 1137 3356 1192 Athanasii

148 1231 296 1272 omnes
338 1231 462 1270 esse
521 1217 730 1287 credat,
762 1221 848 1275 cui
899 1223 980 1277 vel
1029 1224 1314 1282 minimum
1370 1229 1424 1282 in
1464 1229 1611 1284 hisce
1657 1231 1852 1286 studiis
1896 1231 2112 1301 judicii,
2162 1232 2373 1302 quique
2430 1233 2516 1287 vel
2548 1232 2724 1288 obiter
2757 1239 2969 1285 tantum
3006 1240 3201 1285 caetera
3236 1229 3360 1300 ejus

149 1307 304 1377 εετίριε
333 1307 672 1379 inspexerit:
699 1330 716 1363 ι
761 1312 815 1367 in
851 1317 957 1372 line
1002 1328 1184 1375 autem
1215 1322 1461 1392 ejusdem
1487 1325 1735 1395 epistolae
1765 1325 1832 1380 de
1881 1326 2058 1382 sancti
2107 1326 2394 1382 Athanasii
2428 1327 2833 1382 commentario
2871 1336 3060 1382 nostro
3091 1328 3145 1379 in
3191 1323 3355 1379 Psal-

148 1415 244 1465 nos,
284 1417 465 1469 quem,
522 1413 584 1457 ιιι
611 1414 764 1471 puto,
829 1406 1059 1471 viderat,
1095 1407 1189 1464 sed
1225 1425 1334 1464 non
1367 1410 1548 1465 adhuc
1576 1411 1644 1467 ab
1701 1411 1910 1468 Andrea
1967 1407 2202 1468 Schotto
2248 1423 2443 1470 nactus
2492 1414 2691 1480 fuerat,
2742 1417 2814 1469 ita
2870 1417 3144 1485 loquitur:
3190 1415 3354 1468 «Ca:-

149 1503 248 1559 tera,
283 1512 398 1565 quae
422 1499 610 1554 adhuc
637 1505 803 1555 latent
865 1504 920 1559 in
973 1502 1139 1559 Italiae
1180 1513 1235 1559 et
1265 1503 1542 1575 Hispaniae
1599 1507 1951 1563 bibliothecis
1984 1509 2078 1563 alit
2111 1510 2342 1570 dabunt,
2391 1511 2695 1580 praesertim
2744 1507 3201 1562 commentarium
3225 1521 3351 1576 per-

147 1597 324 1657 petitum
351 1594 403 1643 in
446 1591 725 1663 Psalmos,
756 1597 902 1666 quod
928 1611 1030 1667 ego
1089 1595 1415 1666 palmarium
1448 1595 1735 1653 Athanasii
1789 1613 1929 1668 opus
1955 1600 2238 1656 existimo.
2269 1620 2287 1651 ι
2347 1599 2472 1656 lizec
2520 1601 2857 1656 Ilolstenius.

199 1683 252 1738 Χ.
301 1686 453 1752 Quod
489 1699 676 1745 autem
713 1707 942 1762 magnus
973 1692 1307 1748 Athanasius
1331 1692 1613 1763 scripserit
1658 1694 1822 1749 etiam
1855 1713 2014 1767 super
2043 1695 2314 1763 Psalmos,
2364 1713 2526 1753 nemo
2573 1705 2657 1753 est
2725 1695 2817 1765 qui
2874 1693 3126 1748 dubitare
3160 1691 3354 1762 possit.

148 1777 282 1849 Hujus
301 1784 442 1838 enim
503 1787 586 1840 rei
650 1787 892 1857 locuples
921 1790 1074 1844 testis
1121 1799 1205 1844 est
1258 1788 1452 1844 beatus
1503 1790 1871 1864 Hieronymus
1925 1793 1980 1847 in
2005 1793 2146 1849 libro
2179 1793 2254 1847 De
2289 1792 2632 1863 scriptoribus
2679 1789 3045 1847 ecclesiasticis
3070 1786 3213 1858 (cap.
3242 1785 3358 1854 87),

148 1872 232 1937 ubi,
265 1879 602 1932 enumeratis
637 1880 968 1934 sanctissimi
1000 1880 1240 1951 episcopi
1292 1881 1578 1936 Athanasii
1638 1882 1921 1952 operibus,
1955 1883 2099 1938 inter
2138 1885 2245 1938 alia
2294 1894 2541 1938 recenset
2597 1883 2798 1937 iibrum
2847 1881 2924 1934 De
2985 1877 3155 1932 titulis
3202 1877 3358 1931 Psal-

146 1974 489 2042 morum.Qu:e
525 1978 828 2033 beatissimi
871 1976 1110 2032 doctoris
1160 1977 1324 2031 verba
1378 1977 1431 2030 in
1477 1975 1722 2032 Graecam
1767 1978 2009 2048 linguam
2065 1980 2140 2033 ita
2181 1979 2344 2033 vertit
2403 1976 2746 2048 Sophronius
2790 1995 2802 2029 :
2864 1974 3000 2047 napi
3049 1971 3359 2044 ἐπιγραφῆς

147 2066 386 2139 Ψαλμῶν,
470 2071 553 2124 De
629 2071 967 2140 inscriptione
1037 2069 1379 2124 Psalmorum
1453 2069 1776 2139 llujusmodi
1829 2080 2010 2126 autem
2078 2072 2542 2139 nuncupationem
2610 2087 2719 2125 non
2785 2071 2919 2125 bene
2971 2070 3146 2138 aptari
3209 2082 3360 2122 com-

146 2163 369 2217 mentario
397 2164 455 2217 in
485 2163 756 2229 Psalmos,
779 2179 937 2233 quem
960 2161 1245 2217 ediderunt
1269 2161 1452 2217 Patres
1494 2162 1853 2226 Benedictini,
1911 2163 2001 2217 ubi
2049 2163 2119 2218 de
2165 2163 2336 2217 titulis
2370 2161 2710 2216 Psalmorum
2766 2178 2833 2216 ne
2867 2163 3091 2217 verbum
3116 2159 3359 2230 quidem,

148 2257 224 2326 ipsi
277 2263 508 2331 ingenue
536 2258 673 2314 fassi
706 2268 852 2314 sunt.
886 2259 957 2312 At
985 2272 1117 2313 vero
1165 2258 1219 2311 in
1276 2258 1695 2328 expositionem,
1744 2274 1910 2329 quam
1965 2274 2065 2314 nos
2126 2259 2307 2328 magni
2346 2257 2633 2310 Athanasii
2688 2258 2908 2312 nomine
2944 2256 3264 2326 inscriptam
3300 2258 3356 2311 in

147 2349 282 2406 lucem
313 2353 530 2421 damus,
565 2356 770 2425 optime
803 2355 1120 2418 convenire,
1152 2355 1426 2410 neminem
1461 2369 1586 2410 esse
1607 2363 1738 2425 puto
1763 2356 1857 2425 qui
1891 2355 2106 2410 inficias
2136 2354 2317 2409 iverit.
2346 2352 2626 2422 Siquidem
2668 2352 2823 2406 initio
2850 2352 3119 2421 cujusque
3159 2353 3356 2422 psalmi

147 2443 239 2513 ejus
261 2447 443 2503 titulus
470 2463 570 2502 seu
603 2447 888 2518 inscriptio
913 2456 1168 2503 accurate
1191 2462 1256 2503 ac
1286 2447 1574 2518 diligenter
1611 2447 1916 2518 explicatur
1956 2466 1968 2502 :
2022 2447 2218 2501 deinde
2274 2445 2682 2511 convenienter,
2732 2455 3239 2514 consequenterque
3287 2443 3356 2500 ad

147 2536 257 2591 tituli
286 2539 699 2608 inscriptionem
730 2540 960 2611 ejusque
983 2539 1488 2608 interpretationem
1520 2539 1764 2610 psalmus
1794 2547 1942 2594 tatus
1974 2538 2295 2608 exponitur.

198 2627 277 2681 Xl.
306 2629 698 2685 Commentarii
742 2628 799 2682 S.
857 2629 1143 2686 Athanasii
1180 2629 1237 2683 in
1269 2629 1511 2684 Psalmos
1542 2629 1793 2684 meminit
1821 2630 1986 2684 etiam
2013 2627 2230 2683 Nictena
2260 2631 2525 2700 synodus,
2567 2639 2620 2684 et
2653 2645 2814 2700 quem
2868 2629 3230 2701 Hieronymus
3285 2629 3356 2684 De

147 2719 281 2773 titulis
355 2719 698 2774 Psalmorum
764 2728 818 2774 et
889 2716 1234 2786 Sophronius
1295 2715 1380 2770 De
1429 2717 1770 2786 inscriptione
1848 2715 2188 2769 Psalmorum
2269 2717 2513 2788 synodus
2573 2730 2730 2772 vocat
2811 2717 3030 2772 Librum
3100 2720 3355 2787 interpre—

149 2812 328 2884 totionis
363 2811 732 2874 Psalmorum,
768 2809 928 2880 eique
959 2823 1061 2863 nos
1105 2807 1269 2862 docet
1319 2807 1599 2876 praefixam
1629 2806 1800 2863 fuisse
1847 2807 2091 2877 ejusdem
2151 2807 2434 2864 Athanasii
2485 2806 2782 2876 Ερὶκιοιαηι
2840 2811 2910 2864 ad
2963 2810 3356 2870 Marcellinum.

148 2889 271 2962 [inde
292 2907 444 2962 etiam
495 2914 842 2976 compertum
901 2902 980 2967 ﬁt,
1023 2902 1225 2958 librum
1253 2902 1331 2956 De
1364 2903 1535 2956 titulis
1558 2903 1900 2957 Psalmorum
1952 2918 2060 2957 non
2101 2903 2352 2958 eumdem
2393 2902 2564 2959 fuisse
2598 2919 2662 2959 ac
2715 2904 2911 2957 librum
2937 2919 3031 2959 seu
3065 2904 3355 2975 Epistolam

149 2997 598 3064 “Marcellinum,
626 3009 688 3052 ut
711 2997 914 3066 aliquis
944 2995 1258 3065 suspicatus
1295 3003 1397 3050 est.
1427 2994 1602 3050 Verba
1631 3004 1812 3050 autem
1847 3011 1971 3064 quae
2012 2994 2068 3048 in
2120 2994 2335 3050 actione
2373 2995 2568 3066 synodi
2593 3003 2746 3051 sexta
2777 2996 3057 3050 memoriae
3091 2997 3351 3052 traditum

146 3102 212 3148 est
239 3095 362 3151 lecta
389 3094 565 3152 fuisse
614 3093 684 3148 ab
715 3090 1019 3163 Epiphanio
1073 3090 1326 3156 diacono,
1379 3100 1509 3146 sunt
1555 3090 1912 3160 hujusmodi:
1956 3109 1975 3143 ι
2014 3090 2119 3156 Qui
2161 3105 2292 3144 vero
2341 3090 2411 3144 ab
2467 3090 2879 3145 immortalitate
2925 3105 3127 3145 nomen
3188 3091 3354 3146 habet

146 3190 461 3259 Athanasius,
495 3190 810 3248 clarissime
839 3190 1000 3245 nobis
1028 3188 1082 3243 in
1127 3187 1368 3254 Epistola
1415 3188 1484 3242 ad
1518 3188 1889 3243 Marcellinum
1946 3189 2081 3257 (l5),
2110 3203 2274 3258 quam
2327 3187 2629 3257 praeposuit
2686 3187 2828 3242 libro
2887 3186 3354 3256 interpretationis

146 3280 469 3350 Psalmorum,
495 3283 722 3339 disserit
751 3282 831 3338 sic
855 3269 1074 3336 dicens:
1111 3296 1130 3331 ι
1160 3279 1380 3333 lerum
1405 3279 1750 3337 Psalmorum
1786 3281 1987 3351 aliquis
2023 3296 2336 3344 assumens,
2387 3279 2704 3349 prophetias
2743 3280 2815 3338 de
2862 3279 3147 3334 Salvatore
3182 3280 3352 3336 conti.

147 3389 249 3437 nuo,
280 3385 334 3430 ut
374 3377 426 3432 in
473 3376 602 3431 aliis
650 3372 950 3444 Scripturis
988 3371 1313 3433 admiratus,
1365 3379 1420 3424 et
1478 3378 1718 3426 adorans
1751 3380 1992 3433 enarrat,
2026 3390 2044 3423 ι
2085 3379 2193 3426 etc.
2225 3367 2378 3424 Hanc
2422 3377 2603 3424 autem
2635 3369 2952 3438 epistolam,
2978 3369 3045 3423 de
3079 3384 3185 3437 qua
3211 3383 3352 3423 men-

148 3465 350 3523 tioiacta
383 3478 466 3524 est
499 3469 558 3521 in
590 3465 807 3520 Niczena
837 3465 1047 3536 synodo
1093 3461 1177 3528 (ut
1231 3463 1522 3517 occasione
1562 3463 1696 3518 mihi
1745 3464 1871 3518 data
1917 3464 2174 3518 lectorem
2234 3462 2580 3524 admoneam,
2622 3459 2864 3530 factique
2915 3460 3018 3513 mei
3079 3460 3348 3515 rationem

147 3557 348 3630 reddam)
379 3557 734 3630 explicationi
771 3555 1324 3624 Psalmorum,quam
1356 3555 1410 3610 in
1436 3556 1721 3624 publicum
1776 3557 1990 3622 emitto,
2039 3543 2354 3627 adjungam,
2388 3563 2450 3610 ut
2480 3555 2753 3625 integrum
2809 3552 3145 3607 sanctissimi
3175 3551 3353 3608 Patris

146 3661 271 3718 opus,
325 3650 785 3722 quemadmodum
840 3648 910 3704 ab
943 3648 1062 3718 ipso
1118 3647 1323 3702 editum
1353 3661 1474 3701 esse
1528 3647 1782 3714 traditur,
1830 3647 2144 3703 exhibeam.

195 3743 293 3800 Xll.
329 3746 712 3818 Eritjl‘ortasse
739 3744 1014 3814 quispiam
1052 3758 1242 3798 eorum
1271 3743 1474 3814 quibus
1501 3744 1700 3814 volupe
1722 3753 1826 3808 est,
1857 3753 1917 3798 ut
1947 3744 2019 3799 ita
2060 3744 2260 3810 dicam,
2305 3741 2520 3814 magnis
2558 3741 2861 3797 clarescere
2924 3740 3248 3807 inimicitiis,
3295 3751 3348 3797 et

145 3853 370 3900 emunctae
393 3847 550 3899 naris
582 3842 828 3899 censoris
867 3855 1066 3895 nomen
1108 3839 1362 3908 adipisci,
1390 3838 1483 3909 qui
1527 3848 1806 3895 contracta
1845 3839 2043 3906 fronte,
2089 3846 2144 3894 et
2190 3838 2378 3910 grandi
2425 3835 2720 3907 supercilio
2745 3835 3072 3904 opusculum
3099 3845 3349 3893 nostrum

147 3951 171 3992 ι
208 3941 540 3997 sanctissimo
559 3935 976 4004 archiepiscopo
1006 3931 1433 4002 abjudicandum
1463 3947 1585 3989 esse
1628 3935 1902 3998 decernet,
1930 3933 2012 3988 vel
2051 3933 2178 4002 quia
2223 3938 2418 3986 auctor
2464 3926 2932 3998 interpretationis
2984 3924 3352 3992 Psalmorum,

145 4045 276 4100 quam
303 4037 516 4100 damus,
555 4031 857 4105 pueriliter,
887 4039 946 4085 ut
970 4028 1111 4084 forte
1131 4029 1234 4085 sibi
1263 4028 1552 4094 videbitur,
1580 4031 1633 4084 in
1659 4031 2002 4100 explicandis
2039 4028 2384 4083 Psalmorum
2420 4025 2590 4080 titulis
2645 4021 3038 4077 Hebraicorum
3071 4022 3352 4075 nominum

144 4118 607 4198 interpretationem
656 4131 918 4188 sectatur,
952 4120 1038 4175 vel
1076 4119 1202 4190 quia
1245 4121 1490 4189 psalmos
1541 4125 1812 4178 amnesin
1858 4121 2210 4192 allegoricum
2267 4136 2490 4178 sensum
2541 4118 2788 4187 exponit.
2840 4113 2953 4185 Ego
2991 4123 3175 4170 autem
3210 4130 3241 4169 e
3270 4116 3352 4170 di-

146 4235 271 4276 verso
319 4232 527 4278 tantum
552 4219 746 4274 abesse
789 4214 1067 4276 existimo,
1115 4222 1177 4268 ut
1226 4213 1378 4270 hisee
1440 4217 1505 4271 de
1544 4217 1726 4273 causis
1777 4217 2064 4272 Athanasii
2115 4232 2313 4272 nomen
2367 4231 2398 4272 e
2453 4213 2630 4268 fronte
2686 4208 3067 4266 commentarii
3116 4224 3350 4282 expungi

144 4315 332 4382 debeat,
376 4316 507 4388 quin
555 4314 738 4385 potius
773 4309 897 4365 inde
947 4318 1152 4378 putem,
1196 4308 1306 4364 duo
1330 4313 1652 4380 gravissima
1693 4321 2014 4384 argumenta
2055 4322 2364 4384 suppetere,
2397 4310 2598 4379 quibus
2623 4307 2762 4361 liber
2804 4317 3003 4373 magno
3027 4301 3350 4369 Athanasio,

144 4406 272 4476 cujus
315 4424 512 4464 nomen
567 4404 803 4476 praefert,
878 4401 1209 4455 vindicetur.

202 4501 323 4557 illi].
370 4503 528 4570 Quod
559 4511 620 4555 ut
641 4500 860 4570 planum
897 4496 1114 4560 faciam,
1175 4508 1312 4564 opus
1346 4500 1430 4546 est
1482 4490 1670 4560 paucis
1711 4490 2004 4556 disserere,
2039 4491 2164 4561 quis
2210 4490 2418 4561 primus
2462 4499 2652 4544 auctor
2703 4489 2887 4557 fuerit,
2934 4489 3026 4560 qui
3085 4488 3350 4546 Hebraira

147 4594 330 4647 nomina
353 4593 506 4664 juxta
540 4606 733 4646 eorum
783 4587 1146 4660 etymologias
1197 4584 1391 4640 ordine
1436 4581 1782 4651 alphabetico
1825 4582 1880 4636 in
1919 4583 2168 4638 Graecum
2219 4581 2464 4650 exposita
2505 4581 2725 4651 publico
2773 4582 2916 4645 usui,
2955 4590 3008 4636 et
3056 4597 3342 4639 sacrarum

144 4677 401 4739 litterarum
431 4685 802 4740 studiosorum
836 4677 1210 4736 commoditati
1235 4676 1300 4731 ad
1324 4688 1607 4729 sacrarum
1643 4671 2050 4744 Scripturarum
2085 4673 2499 4744 intelligentiam
2525 4672 2742 4728 facilius
2769 4671 3172 4743 assequendam
3205 4687 3342 4743 pro-

145 4776 324 4834 diderit.
351 4778 506 4846 Quod
545 4793 678 4834 sane
696 4775 911 4830 dilIicile
938 4775 1079 4829 haud
1108 4785 1224 4836 est;
1259 4768 1591 4842 posteritatis
1651 4770 1797 4823 enim
1833 4767 2113 4823 memoriae
2158 4767 2209 4823 id
2247 4765 2530 4820 mandavit
2585 4764 2956 4836 Hieronymus
3007 4763 3162 4835 (lii):
3198 4783 3218 4816 ο
3243 4763 3346 4832 Qui

143 4865 290 4936 Philo,
342 4873 536 4943 inquit,
586 4871 671 4924 vir
709 4868 1108 4924 disertissimus
1130 4865 1470 4930 Iudaeorum,
1521 4861 1773 4934 Origenis
1809 4878 2032 4933 quoque
2074 4861 2390 4918 testimonio
2434 4861 2824 4932 comprobatur
2871 4859 3107 4915 edidisse
3149 4859 3345 4915 librum

147 4964 492 5023 Hebraicorum
525 4968 818 5032 nominum,
850 4978 1155 5033 eorumque
1181 4961 1542 5034 etymologias
1604 4959 1764 5028 juxta
1816 4959 2067 5013 ordinem
2104 4958 2412 5012 litterarum
2444 4971 2475 5012 e
2523 4957 2695 5010 latere
2725 4955 3035 5024 copulasse.
3069 4953 3173 5020 Qui
3218 4970 3343 5007 cum

144 5063 275 5134 vulgo
296 5065 555 5120 habeatur
577 5079 609 5118 a
637 5062 863 5124 Graecis,
895 5068 948 5114 et
995 5059 1358 5114 bibliothecas
1387 5057 1540 5111 orbis
1577 5055 1906 5124 impleverit,
1959 5054 2127 5109 studii
2180 5053 2357 5108 nostri
2408 5052 2512 5107 l‘uit
2568 5052 2620 5106 in
2653 5049 2903 5104 Latinam
2941 5050 3186 5116 linguam
3219 5064 3344 5102 cum

145 5170 338 5218 vertere.
364 5181 383 5215 ι
413 5161 479 5216 Et
505 5169 797 5229 antequam
828 5156 1199 5226 Hieronymus
1232 5155 1306 5207 ita
1334 5153 1623 5219 scriberet,
1653 5150 1929 5206 Eusebius
1957 5150 2314 5205 Cassariensis
2341 5147 2410 5204 de
2446 5147 2636 5203 eodem
2668 5144 2898 5199 Philone
2938 5143 2991 5196 in
3037 5157 3135 5196 sua
3185 5143 3343 5195 accie-

145 5252 327 5307 siastica
358 5254 594 5310 Historia
623 5253 734 5324 (l7)
775 5250 972 5305 litteris
1001 5247 1336 5302 tradiderat:
1375 5264 1394 5296 ι
1423 5244 1528 5300 Sed
1563 5253 1618 5299 et
1650 5242 2044 5299 Hebraicorum
2072 5243 2386 5304 nominum,
2436 5254 2559 5309 quae
2590 5238 2645 5292 in
2692 5237 2810 5307 lege
2851 5245 2904 5290 et
2967 5235 3020 5288 in
3063 5232 3342 5303 prophetis

147 5361 423 5418 occurrunt,
461 5349 940 5420 interpretationes
975 5346 1044 5400 ab
1075 5345 1196 5415 ipso
1227 5343 1544 5412 compositae
1566 5356 1687 5398 esse
1719 5343 1997 5396 dicuntur.
2031 5360 2048 5392 ι
2082 5339 2242 5394 Philo
2268 5349 2474 5400 autem,
2499 5344 2658 5407 gente
2684 5350 2749 5390 ac
2807 5331 3069 5403 religione
3097 5329 3342 5403 ludatis,

200 5469 296 5537 (Μ’)
316 5470 444 5527 Vide
475 5482 605 5527 tom.
647 5469 710 5522 ιν
743 5467 980 5538 Operum
1008 5462 1066 5518 S.
1095 5462 1380 5538 Athanasii
1410 5471 1614 5516 nostra:
1643 5459 1998 5528 recensionis,
2034 5459 2137 5516 col.
2166 5457 2290 5512 941.
2333 5455 2490 5510 Eutr.
2524 5451 2689 5507 Pun.

202 5532 298 5613 (ﬁ)
327 5541 529 5613 _Synod.
555 5542 681 5613 Nic.
707 5555 766 5605 ιι,
793 5532 908 5613 act.
933 5537 988 5599 6,
1020 5549 1075 5603 p.
1112 5532 1270 5587 1518.

202 5600 297 5676 (16)
326 5600 531 5668 Ρὲωῐιιι.
556 5615 608 5667 in
633 5600 770 5665 libro
792 5609 867 5664 De
891 5600 1160 5662 interpret.
1197 5619 1339 5659 nom.
1370 5600 1530 5656 Hebr.

201 5678 297 5752 (Π)
325 5680 435 5739 Lib.
465 5701 522 5750 tt,
546 5699 664 5754 cap.
696 5679 782 5734 18.
