3760 6270
363 183 458 238 6H
1208 181 1264 235 S.
1306 179 1677 236 ATHANASII
1715 179 1865 235 OPP.
1909 177 2088 232 PARS
2124 176 2214 230 Ill.
2258 207 2328 219 -—
2366 173 2769 230 EXEGETICA.
3507 168 3626 223 612

362 300 541 370 patria
570 298 792 370 quidem
823 297 926 352 fuit
957 297 1383 352 Alexandrinus.
1407 297 1592 364 Quare
1614 299 1656 352 si
1689 297 1810 367 ejus
1848 296 1986 351 liber
2019 295 2096 348 De
2123 295 2420 348 nominibus
2458 293 2732 347 Hebraicis
2759 291 2896 347 adeo
2930 288 3160 346 celebris
3187 296 3244 343 et
3265 287 3532 358 frequens
3565 287 3631 341 in

363 393 732 449 litteratorum
759 394 1016 448 manibus
1040 403 1180 456 erat,
1208 401 1267 448 ut
1299 409 1329 447 a
1362 392 1569 448 Graecis
1596 393 1760 464 vulgo
1788 393 2102 458 haberetur,
2162 399 2218 444 et
2247 391 2396 444 nulla
2450 400 2618 455 esset,
2657 397 2793 443 teste.
2823 387 3177 456 Hieronymo,
3227 384 3376 439 orbis
3418 381 3632 438 biblio-

365 489 520 544 theca
553 505 676 560 quae
707 490 887 559 ipsum
932 504 1041 543 non
1087 498 1358 555 servaret,
1416 488 1542 543 inde
1595 488 1970 557 conjecturam
2011 485 2194 541 facere
2255 486 2381 539 licet
2437 494 2644 554 quanto
2692 484 2746 537 in
2778 484 2955 553 pretio
3013 489 3326 550 quantoque
3389 476 3442 530 in
3515 490 3633 531 usu

364 586 506 652 apud
534 599 665 639 suos
694 590 983 655 populares
1004 582 1430 648 Alexandrinos,
1462 583 1808 639 Christianos
1832 586 2133 654 prazsertim
2169 583 2253 637 vel
2290 581 2567 646 Hebraeos,
2595 592 2763 635 esset.
2797 579 2863 633 Et
2891 577 3110 649 quidem
3168 576 3269 630 hac
3320 573 3388 628 de
3417 588 3476 627 re
3513 585 3631 625 non

366 676 482 730 leve
509 686 896 744 argumentum
923 676 1010 730 vel
1037 675 1162 730 inde
1186 676 1326 729 sumi
1352 684 1559 746 potest,
1594 675 1742 746 qttod
1776 674 2094 744 hujusmodi
2127 674 2263 728 liber
2292 688 2468 742 neque
2519 673 2666 742 ipsos
2701 671 2928 742 gentiles
2957 668 3358 724 Alexandrinos
3387 667 3632 735 scripto-

367 783 458 821 res
488 768 667 830 latuit,
699 784 822 824 cum
851 785 920 824 ex
947 784 1013 825 eo
1045 769 1206 839 plura
1236 770 1288 824 in
1311 786 1472 824 suum
1504 786 1666 825 usum
1690 770 2085 839 decerpserint.
2111 767 2247 823 Nam
2280 783 2402 836 qua:
2439 765 2742 838 Hesychius
2772 764 3168 836 grammaticus
3213 760 3632 816 Alexandrinus

365 864 433 920 de
467 863 752 921 Hebraicis
789 866 1106 928 nominibus
1138 868 1193 920 in
1221 865 1484 921 Lexicum
1515 882 1676 921 suum
1711 866 1945 933 induxit,
1991 880 2058 920 ex
2105 879 2172 920 eo
2223 871 2414 918 mutuo
2458 862 2739 932 accepisse
2795 860 3095 916 verisimile
3158 866 3259 914 est.
3315 855 3371 910 ld
3436 865 3631 910 autem

361 960 474 1032 jam
507 972 666 1018 antea
696 965 1154 1020 animadvertisse
1189 965 1431 1036 comperi
1489 963 1757 1019 Joannem
1813 964 2210 1028 Martianaeum,
2255 957 2350 1031 qui
2397 960 2666 1030 probabili
2721 958 3034 1028 conjectura
3062 956 3177 1010 haec
3206 955 3426 1009 adnotat
3455 952 3578 1022 (18)
3615 969 3630 1005 :

371 1075 391 1108 ι
432 1055 633 1124 Quarta
657 1059 866 1128 species
923 1061 1216 1115 verborum
1244 1071 1298 1116 et
1339 1061 1848 1130 interpretationum
1894 1059 2142 1114 Philonis
2173 1063 2441 1127 superest,
2496 1055 2548 1108 ni
2587 1053 2764 1119 fallor,
2819 1053 2872 1106 in
2896 1051 3085 1106 Graaco
3113 1049 3313 1103 Lexico
3341 1045 3631 1119 Hesychii,

365 1152 708 1220 grammatici
739 1152 1117 1217 Alexandrini,
1151 1154 1247 1224 qui
1282 1171 1390 1209 non
1425 1156 1494 1209 ab
1545 1155 1653 1210 alio
1686 1171 1849 1224 quam
1883 1170 1915 1209 e
1943 1155 2085 1209 libro
2112 1150 2649 1229 Graechudaeorum
2682 1146 3034 1204 disertissimi
3068 1144 3399 1207 Hellenistaa,
3458 1141 3517 1196 id
3546 1148 3637 1196 est

364 1257 432 1297 ex
465 1244 604 1299 libro
635 1247 920 1302 nominum
959 1248 1354 1305 Hebraicorum
1388 1251 1626 1306 mutuari
1676 1251 1856 1321 potuit
1886 1251 2112 1305 nomina
2133 1251 2271 1304 bene
2318 1248 2509 1312 multa,
2552 1262 2675 1317 qua:
2722 1247 2838 1314 ipse
2890 1245 3280 1313 interpretatur
3304 1240 3461 1310 juxta
3499 1252 3631 1306 pro-

366 1335 652 1403 prietatem
678 1339 880 1411 linguae
914 1341 1217 1401 Hebraieae.
1251 1344 1385 1401 Nam
1425 1349 1570 1402 unde
1590 1347 1745 1401 ﬂuxit
1772 1349 1916 1416 apud
1948 1346 2282 1419 Hesychium
2317 1354 2466 1401 tanta
2517 1343 2673 1413 copia
2703 1341 3266 1408 nominum,quorum
3303 1336 3444 1390 ratio
3473 1334 3633 1404 igno-

367 1439 488 1482 rata
523 1433 734 1487 eratab
758 1436 1019 1492 omnibus
1055 1436 1262 1494 Graacis
1287 1441 1650 1511 scriptoribus
1690 1440 2085 1512 profanis,nisi
2115 1439 2303 1495 abillo
2340 1438 2518 1508 primo
2546 1436 2833 1490 conditore
2870 1431 3167 1487 voluminis
3225 1427 3629 1483 Hebraicarum

366 1535 585 1590 vocum,
632 1525 748 1581 sive
772 1526 961 1584 Lexici
998 1532 1163 1596 sacri,
1196 1533 1353 1603 cujus
1385 1549 1610 1588 usuram
1633 1534 1888 1588 habuisse
1916 1531 2300 1588 Alexandrinis
2329 1529 2490 1584 facile
2516 1527 2706 1584 licuit?
2738 1545 2756 1578 ι
2787 1525 2845 1580 Si
2869 1535 3050 1580 autem
3074 1521 3415 1577 Alexandriae
3440 1517 3632 1572 Philo-

369 1613 456 1670 nis
485 1616 624 1672 liber
659 1635 860 1691 magno
885 1622 938 1676 in
963 1624 1140 1693 pretio
1168 1625 1475 1680 habebatur
1499 1625 1642 1695 apud
1678 1625 1931 1680 homines
1966 1639 1998 1679 a
2031 1622 2261 1678 Judaica
2284 1621 2577 1692 {religione
2629 1628 2683 1674 et
2739 1618 3048 1674 Christiana
3109 1615 3332 1668 veritate
3388 1611 3626 1674 alienos,

372 1707 609 1778 quisque
648 1711 776 1767 inde
810 1714 1184 1783 conjecturam
1241 1731 1437 1786 capere
1483 1724 1894 1787 potestquanta
1945 1712 2088 1784 apud
2141 1711 2492 1769 Christianos
2538 1711 2592 1764 in
2626 1708 3038 1765 existimatione
3073 1713 3391 1776 quantoque
3435 1703 3493 1754 in
3529 1715 3630 1754 usu

372 1802 430 1856 in
461 1803 638 1859 sacris
675 1803 978 1875 Seripturis
994 1809 1332 1877 explicandis
1351 1817 1518 1864 esset.

440 1895 586 1954 XIV.
616 1898 773 1965 Quod
801 1901 845 1956 si
879 1902 1152 1972 quispiam
1178 1913 1324 1958 esset
1355 1904 1451 1973 qui
1495 1919 1559 1958 ea
1608 1903 1675 1958 de
1718 1917 1779 1957 re
1815 1900 2109 1967 dubitaret,
2145 1898 2307 1955 facile
2369 1901 2550 1955 omnis
2579 1913 2647 1953 ex
2701 1898 2885 1952 animo
2927 1893 3284 1977 dubitationis
3331 1890 3630 1961 scrupulus

368 1993 525 2048 evelli
573 2003 759 2064 posset
785 2009 853 2048 ex
894 1996 960 2050 iis
986 2012 1106 2066 quae
1135 1997 1200 2052 de
1229 1995 1464 2068 Origene
1487 1996 2082 2068 traditHieronymus:
2119 1996 2381 2050 nimirum
2421 1995 2568 2065 quod
2595 1995 2650 2048 in
2703 1991 2988 2047 Hebraicis
3048 1989 3368 2044 nominibus
3409 1986 3627 2042 Veteris

370 2085 703 2143 Testamenti
735 2085 938 2143 fecerat
966 2087 1144 2154 Philo,
1192 2090 1246 2144 id
1274 2090 1331 2144 in
1361 2091 1679 2146 nominibus
1707 2089 1840 2145 Novi
1870 2089 2207 2146 Testamenti
2263 2089 2587 2160 praestitisse
2657 2088 2971 2158 Origenem,
3012 2101 3074 2141 ea
3122 2085 3284 2139 laude
3315 2093 3483 2153 atque
3509 2098 3627 2137 om-

371 2180 524 2234 nium
559 2180 846 2236 doctorum
879 2183 1126 2238 virorum
1161 2185 1574 2255 approbatione,
1628 2194 1688 2239 ut
1720 2200 1845 2240 eum
1877 2196 2066 2255 postea
2098 2185 2214 2254 ipse
2239 2183 2607 2254 Hieronymus
2643 2181 2890 2236 imitatus
2922 2179 3276 2234 sitvertendo
3294 2177 3348 2231 in
3376 2176 3623 2246 linguam

370 2273 644 2340 Latinam,
675 2292 798 2346 qua:
819 2276 1007 2334 Graece
1033 2290 1249 2336 tantum
1278 2281 1824 2347 circumferebantur,
1855 2290 1916 2336 ut
1967 2281 2115 2351 quod
2173 2280 2346 2335 Graeci
2374 2277 2641 2343 Philonis,
2674 2289 2727 2332 et
2773 2275 3026 2348 Origenis
3055 2272 3266 2337 labore,
3327 2279 3499 2339 atque
3539 2269 3622 2320 in-

367 2365 583 2421 dustria
617 2364 914 2432 habebant,
959 2367 1012 2422 id
1057 2367 1239 2424 Latini
1278 2371 1529 2426 lectionis
1587 2387 1869 2427 sacrarum
1947 2369 2356 2441 Scripturarum
2400 2369 2631 2424 studiosi
2681 2384 2835 2434 cura,
2867 2378 3031 2437 atque
3088 2381 3254 2436 opera
3296 2360 3628 2420 sanctissimi

373 2456 628 2513 Doctoris
665 2458 1123 2528 adipiscerentur.
1155 2459 1333 2516 Verba
1377 2461 1438 2517 Β.
1481 2461 1798 2532 Hieronymi
1832 2461 1962 2516 talia
1985 2471 2113 2517 sunt
2147 2460 2294 2531 (l9):
2341 2479 2360 2511 ι
2399 2459 2478 2515 Ae
2505 2474 2574 2514 ne
2603 2458 2744 2513 forte
2769 2465 3154 2513 consummato
3182 2454 3434 2517 adiﬁcio,
3469 2452 3624 2524 quasi

369 2557 616 2604 extrema
645 2550 863 2606 deesset
911 2568 1131 2620 manus,
1171 2553 1307 2608 Novi
1339 2555 1676 2611 Testamenti
1701 2557 1864 2611 verba
1915 2563 1966 2610 et
1995 2555 2218 2609 nomina
2256 2554 2648 2624 interpretatus
2696 2568 2854 2618 sum;
2909 2550 3114 2604 imitari
3156 2549 3348 2603 volens
3381 2563 3453 2602 ex
3482 2554 3628 2616 parte

369 2639 684 2715 Origenem,
713 2661 876 2715 quem
915 2657 1035 2717 post
1067 2650 1372 2718 apostolos,
1402 2650 1774 2706 Ecclesiarum
1833 2649 2178 2721 magistrum,
2226 2664 2409 2715 nemo,
2461 2648 2566 2703 nisi
2621 2648 2910 2717 imperitus
2968 2645 3207 2716 negabit.
3253 2642 3398 2698 [nter
3435 2649 3627 2697 caatera

373 2737 520 2792 enim
550 2737 754 2809 ingenii
791 2742 879 2796 sui
909 2743 1170 2812 praeclara
1200 2754 1554 2798 monumenta
1592 2745 1759 2798 etiam
1815 2744 1870 2798 in
1905 2745 2008 2798 hoc
2036 2743 2329 2808 laboravit,
2378 2753 2435 2797 ut
2483 2743 2630 2812 quod
2677 2741 2836 2795 Philo
2886 2737 3042 2809 quasi
3080 2736 3301 2791 Iudaeus
3345 2734 3626 2796 omiserat,

378 2830 469 2887 hic
493 2841 552 2887 ut
579 2832 927 2889 Christianus
959 2835 1227 2905 impleret.
1261 2853 1280 2886 ι
1318 2835 1395 2890 Ex
1431 2836 1516 2891 his
1549 2851 1678 2891 vero
1718 2852 1841 2906 quae
1894 2835 2259 2905 Hieronymus
2284 2833 2526 2904 scripsit,
2573 2833 2682 2887 duo
2712 2832 2780 2886 ad
2825 2847 2938 2884 rem
2985 2837 3227 2884 nostram
3256 2823 3625 2895 colliguntur:

379 2923 772 2982 Hebraicorum
811 2929 1099 2982 nominum
1153 2929 1684 2998 interpretationem,
1724 2944 1839 2982 rem
1871 2929 2137 2999 puerilem
2159 2937 2214 2984 et
2247 2927 2453 2982 nullius
2483 2927 2761 2989 utilitatis,
2818 2933 2875 2977 ut
2909 2923 3135 2992 quidam
3180 2926 3495 2982 autumant,
3529 2914 3624 2970 mi-

375 3019 522 3075 nime
571 3021 906 3076 censendam
965 3036 1112 3083 esse,
1144 3036 1268 3076 cum
1320 3021 1378 3076 in
1418 3038 1480 3077 ea
1534 3024 1638 3078 tria
1689 3023 2111 3093 praeclarissima
2159 3024 2408 3079 omnium
2440 3029 2662 3076 aetatum
2720 3017 2935 3086 ingenia
2979 3013 3402 3075 elaboraverint,
3457 3008 3629 3072 Philo,

373 3109 662 3182 Origenes,
692 3111 1092 3184 Hieronymus;
1124 3121 1177 3168 et
1205 3122 1451 3168 nostram
1478 3114 1821 3170 Psalmnrum
1855 3115 2230 3186 metaphrasin
2269 3129 2370 3168 seu
2401 3111 2856 3169 commentarium
2902 3111 2956 3163 in
2991 3122 3101 3176 quo
3128 3113 3385 3160 accurate
3430 3111 3486 3157 et
3517 3101 3630 3156 dili-

378 3216 571 3275 genter
602 3205 766 3261 allata
823 3204 1219 3262 Hebraicorum
1253 3211 1536 3264 nominum
1568 3210 2039 3280 interpretatione,
2085 3209 2430 3266 Psalmorum
2478 3207 2618 3261 tituli
2677 3212 3045 3274 exponuntur.
3083 3209 3362 3254 auctorem
3435 3209 3627 3268 praese-

376 3300 524 3357 l’erre
555 3301 883 3370 scriptorem
944 3300 1403 3369 Alexandrinum,
1440 3305 1774 3376 minimeque
1803 3322 1924 3361 eam
1963 3306 2144 3378 magni
2174 3304 2458 3360 Athanasii
2495 3302 2578 3357 vel
2611 3301 2779 3363 atati,
2806 3299 2890 3353 vel
2948 3297 3158 3367 patriae,
3195 3295 3280 3350 vel
3321 3295 3542 3359 studiis,
3567 3301 3618 3348 et

377 3410 548 3454 Iaera
575 3395 842 3451 doctrina:
873 3411 1200 3466 repugnare,
1232 3398 1330 3452 sed
1362 3414 1526 3468 quam
1554 3401 1796 3455 maxime
1837 3400 2150 3456 convenire.

446 3484 565 3540 XV.
598 3484 755 3541 Nunc
783 3501 916 3542 vero
946 3489 1212 3558 agendum
1250 3497 1334 3544 est
1359 3490 1426 3544 de
1455 3490 1746 3561 allegorica
1773 3491 2245 3560 interpretatione,
2270 3491 2426 3560 juxta
2469 3504 2634 3559 quam
2679 3495 2944 3558 perpetuo
2993 3481 3388 3540 commentario
3441 3480 3629 3535 Psalmi

375 3588 743 3650 exponuntur.
766 3577 1008 3635 Primum
1035 3582 1338 3652 allegorica:
1355 3599 1634 3639 sacrarum
1663 3585 2073 3656 Scripturarum
2099 3584 2565 3656 interpretationis
2587 3592 2862 3637 auctorem
2887 3588 3100 3634 veteres
3117 3577 3416 3648 scriptores
3439 3576 3632 3647 faciunt

378 3672 662 3728 Philonem
689 3671 994 3729 Hebraeum.
1029 3673 1230 3731 Scribit
1254 3677 1397 3730 enim
1427 3678 1493 3731 de
1522 3693 1586 3732 eo
1630 3678 1683 3733 in
1725 3694 1825 3733 sua
1865 3679 2194 3734 Bibliotheca
2243 3678 2358 3750 (20)
2402 3676 2667 3731 Photius:
2704 3693 2721 3725 ι
2761 3672 3239 3729 Circumleruntur
3264 3671 3510 3742 ejusdem
3537 3667 3629 3722 alia

377 3780 596 3835 quoque
623 3767 772 3821 varia
806 3769 1070 3838 epuscula
1089 3811 1106 3836 ,
1133 3772 1330 3841 quibus
1359 3772 1758 3842 disputationes
1793 3771 1906 3828 fere
1937 3775 2005 3828 de
2031 3774 2278 3828 moribus
2305 3773 2656 3827 continuentur
2675 3813 2689 3835 ,
2715 3768 3042 3840 Veterisque
3068 3766 3404 3822 Testamenti
3457 3763 3631 3832 expla-

380 3859 629 3913 nationes
656 3859 722 3912 ad
751 3860 1066 3930 allegoriam
1100 3871 1158 3916 ut
1185 3863 1478 3930 plurimum
1516 3865 1632 3933 ipsa
1663 3865 1840 3920 littera
1869 3874 2071 3934 aptata.
2102 3864 2169 3918 Et
2196 3879 2324 3918 vero
2359 3865 2426 3918 ab
2447 3863 2550 3917 hoc
2580 3862 2814 3916 arbitror
2841 3876 3057 3915 omnem
3089 3858 3442 3930 allegoricum
3475 3868 3631 3911 sacra:

381 3948 678 4018 Scriptura:
708 3967 1016 4007 sermonem
1055 3955 1109 4008 in
1147 3954 1442 4010 Eeelesiam
1475 3957 2143 4025 promanassealsautem
2175 3956 2549 4021 Alexandriae,
2594 3956 2684 4010 ubi
2724 3964 2886 4009 natus
2923 3963 3073 4016 erat,
3128 3951 3377 4020 scripsit,
3432 3960 3487 4004 et
3535 3965 3630 4001 non

378 4039 556 4093 solum
589 4040 731 4096 inter
758 4059 909 4108 suos,
935 4045 1027 4098 sed
1061 4045 1224 4099 etiam
1259 4047 1398 4099 inter
1423 4047 1766 4102 Christianos
1794 4048 1992 4102 celebri
2023 4049 2242 4102 nomine
2272 4047 2341 4101 ob
2365 4062 2643 4102 sacrarum
2678 4047 3083 4115 Scripturarum
3114 4044 3423 4107 scientiam,
3444 4053 3496 4098 et
3521 4058 3633 4112 pro.

380 4126 636 4187 {auarum
667 4135 1039 4190 doctrinarum
1064 4138 1425 4195 eruditionem
1463 4141 1584 4203 fuit,
1619 4142 1729 4196 imu
1758 4141 1923 4196 etiam
1955 4140 2280 4194 Christiana:
2311 4140 2561 4210 religioni
2593 4155 2788 4194 nomen
2824 4138 3073 4205 dedisse,
3117 4153 3145 4191 a
3176 4137 3503 4208 quibusdam
3534 4143 3631 4188 tra'

383 4220 558 4278 ditum
592 4237 696 4280 est.
733 4228 878 4284 Sane
901 4227 1266 4302 Hieronymus
1301 4233 1366 4287 de
1397 4250 1462 4289 eo
1487 4233 1674 4290 scribit
1701 4235 1813 4304 (2i)
1835 4277 1850 4300 ,
1883 4234 2082 4288 famam
2114 4233 2281 4287 fuisse
2303 4272 2316 4295 ,
2345 4249 2468 4287 eum
2491 4275 2506 4299 ,
2541 4249 2662 4288 cum
2694 4234 2746 4288 in
2776 4234 3015 4288 secunda
3046 4233 3316 4304 legatione
3355 4232 3422 4286 ad
3451 4231 3627 4285 Caium

387 4315 615 4374 Romam
646 4323 903 4388 venisset,
942 4325 1182 4382 locutum
1205 4343 1327 4382 esse
1360 4345 1482 4383 cum
1513 4329 1758 4399 apostolo
1782 4327 1964 4394 Petro,
1995 4329 2223 4399 ejusque
2256 4327 2513 4382 habuisse
2549 4328 2842 4394 amicitias,
2875 4336 2930 4382 et
2959 4328 3029 4382 ob
3059 4328 3200 4382 hanc
3227 4342 3447 4380 causam
3480 4325 3626 4379 etiam

386 4411 551 4468 Marci
579 4415 830 4487 discipuli
861 4417 1027 4484 Petri,
1060 4421 1202 4490 apud
1230 4421 1614 4476 Alexandriam
1648 4431 1948 4477 sectatores
1969 4437 2198 4478 ornasse
2226 4422 2512 4488 laudibus;
2536 4430 2730 4477 etante
2751 4422 3142 4494 Ilieronymum
3173 4421 3313 4476 idem
3337 4421 3403 4476 de
3420 4418 3630 4473 Philone

388 4507 685 4564 tradiderat
722 4510 989 4566 Eusebius
1015 4513 1388 4578 Caesariensis,
1413 4514 1505 4582 qui
1538 4514 1917 4569 doctissimum
1946 4511 2189 4568 Judaeum
2232 4516 2445 4587 magnis
2489 4515 2740 4569 laudibus
2779 4524 2965 4580 ornat;
3017 4514 3158 4568 unde
3197 4523 3411 4568 constat
3443 4519 3630 4583 quanto

390 4601 612 4656 nomine
633 4611 687 4656 et
706 4618 815 4672 quo
835 4605 887 4658 in
923 4607 1128 4660 honore
1154 4607 1242 4661 ille
1263 4617 1406 4662 esset
1429 4606 1646 4662 Eusebii
1667 4621 1886 4676 quoque
1913 4615 2070 4660 aetate
2096 4608 2238 4675 apud
2263 4607 2636 4661 Christianos:
2672 4605 2772 4661 Hic
2801 4621 2991 4676 porro,
3018 4607 3194 4676 inquit
3223 4605 3490 4660 Eusebius
3509 4601 3625 4674 (22).

389 4691 472 4742 vir
496 4693 548 4744 in
583 4691 816 4748 dicendo
846 4697 1100 4765 c0piusus
1121 4739 1135 4763 ,
1171 4698 1222 4751 in
1259 4698 1544 4752 sententiis
1577 4697 1846 4766 locuples,
1881 4696 1934 4748 in
1959 4697 2157 4751 divina
2181 4694 2477 4766 Scriptura:
2507 4697 2857 4767 intelligentia
2886 4697 3136 4752 sublimis
3171 4707 3333 4767 atque
3363 4697 3626 4751 excelsus.

388 4786 598 4840 variam
624 4801 687 4841 ac
723 4787 1072 4856 multiplicem
1097 4806 1378 4846 sacrorum
1413 4790 1748 4843 voluminum
1775 4790 2170 4860 expositionem
2193 4791 2384 4846 edidit.
2419 4792 2457 4844 Ε
2484 4791 2710 4848 Philone
2735 4795 2928 4864 igitur,
2959 4794 3051 4864 qui
3085 4792 3223 4864 ἀνὴρ
3247 4792 3315 4846 τὰ
3347 4793 3518 4846 πάντα
3554 4786 3628 4841 εὖ·

391 4879 561 4944 δοξος,
590 4879 666 4933 ait
685 4877 956 4949 Joseplius
987 4882 1122 4952 (2'5).
1159 4899 1264 4936 non
1289 4883 1465 4936 solum
1499 4883 1551 4935 in
1571 4883 1744 4936 sacris
1774 4880 2078 4951 Seripturis
2099 4885 2429 4938 excellenter
2464 4894 2737 4950 versatus,
2765 4887 2857 4940 sed
2885 4885 3050 4940 etiam
3083 4885 3321 4942 externis
3345 4880 3627 4953 disciplinis

391 4973 607 5042 egregie
639 4973 888 5027 excultus
923 4975 1178 5043 praeclara
1205 4989 1369 5043 opera
1401 4974 1454 5026 in
1487 4972 1764 5041 publicum
1801 4973 2083 5039 ediderat,
2119 4973 2462 5046 allegorieam
2519 4990 2799 5029 sacrarum
2836 4976 3245 5046 Scripturarum
3281 4977 3625 5045 interpretan-

391 5067 584 5118 darum
623 5065 884 5119 rationem
933 5066 988 5120 in
1026 5066 1450 5122 Alexandrinam
1484 5065 1916 5120 Christianorum
1961 5065 2207 5121 scholam
2258 5067 2438 5136 aliqua
2473 5081 2538 5122 ex
2579 5077 2766 5136 parte,
2801 5079 2855 5124 et
2906 5068 3310 5140 quadamtenus
3349 5068 3624 5124 derivata"I

393 5155 580 5218 fuisse,
609 5171 773 5224 quam
800 5156 1254 5210 verisimillimum
1283 5171 1426 5218 esse,
1459 5170 1643 5220 nemo,
1675 5165 1735 5209 ut
1757 5167 1906 5226 puto.
1937 5159 2177 5229 negabit.

465 5290 800 5363 (18)_Tom.
839 5290 880 5344 ll
933 5293 1071 5363 Opp.
1143 5294 1199 5348 S.
1261 5293 1508 5358 Hieron.,
1577 5308 1629 5362 p.
1670 5293 1738 5346 90
1769 5293 1896 5347 edit.
1970 5291 2146 5349 Paris.

466 5363 577 5432 (19)
604 5361 723 5433 Lib.
759 5379 844 5427 nt,
870 5361 991 5433 cap.
1017 5365 1070 5426 5,
1110 5383 1166 5419 η.
1197 5365 1249 5418 7.

469 5434 581 5500 (‘20)
616 5431 816 5486 Codice
840 5449 925 5487 cv.

469 5505 581 5564 (2|)
620 5501 691 5556 De
713 5504 894 5571 script.
931 5503 1110 5556 errlcs.
1143 5519 1195 5571 η.
1228 5501 1314 5555 Η.

467 5563 582 5641 (2‘2)
619 5572 760 5626 Hist.
782 5563 909 5626 ercl.
936 5575 1029 5624 lib.
1063 5589 1120 5636 ll,
1147 5563 1266 5640 c'ap.
1300 5573 1382 5627 18.

471 5645 586 5692 t-ZSl
618 5644 793 5696 Antia.
825 5643 1040 5696 Judaic.
1069 5660 1186 5700 cun.
1217 5648 1268 5697 ‘J.
