3760 6270
145 272 242 328 513
827 269 916 325 DE
955 268 1234 326 TITULIS
1271 268 1724 325 PSALMORUM.
1755 301 1825 310 --
1860 254 2253 326 ANTONELLI
2290 271 2687 329 PREFATIO.
3303 279 3412 333 6H

205 385 352 442 XVI.
384 385 544 454 Quod
576 392 759 442 autem
791 386 978 442 schola
1009 386 1374 440 Alexandrina
1405 386 1754 457 allegoricam
1789 387 2292 458 interpretationem
2319 401 2502 446 secuta
2536 393 2628 455 sit,
2663 400 2990 462 argumento
3023 407 3149 449 esse
3185 408 3420 464 possunt

143 495 303 550 opera
341 478 644 534 Clementis
677 486 730 532 et
759 475 1008 546 Origenis
1033 517 1048 543 ,
1077 477 1170 546 qui
1201 476 1362 530 ambo
1391 476 1771 530 Alexandrina:
1803 478 2003 531 scholae
2033 478 2389 544 prrefueruut.
2433 480 2678 547 Quorum
2719 482 2934 551 primus
2967 484 3020 536 in
3056 483 3234 538 sacris
3271 481 3418 541 Scri-

143 573 317 643 pturis
341 569 690 642 explicandis
712 569 1016 638 saipissime
1047 568 1322 637 allegoriis
1349 569 1538 632 utitur,
1563 567 1656 622 sed
1681 568 1734 621 in
1758 568 1911 622 libris
1941 568 2272 623 Stromatum
2295 573 2554 642 mysticos
2583 571 2991 642 Scripturarum
3017 587 3215 628 sensus
3241 570 3418 643 potis-

145 664 338 721 simum
371 663 664 734 amplexus
689 675 805 727 est;
843 661 1110 729 siquidem
1142 661 1243 714 tria
1275 675 1373 714 sua
1404 661 1663 730 prreclara
1696 675 1894 729 opera,
1931 659 2296 731 Piotrepticon
2319 704 2332 728 ,
2367 662 2702 735 Pmdagogon
2725 705 2740 728 ,
2794 674 2847 718 et
2880 664 3211 735 Stromatum
3251 664 3422 718 libros

143 773 204 812 eo
233 756 461 821 ordine,
499 765 553 809 et
575 755 789 808 ratione
818 752 1051 806 instituit
1078 750 1213 821 (24),
1244 760 1305 806 ut
1335 751 1617 821 gentilium
1648 729 2128 823 mystagogorum,
2161 767 2226 807 ac
2256 763 2500 807 veterum
2531 729 2981 824 philosophortim
3017 755 3272 822 exemplo
3307 763 3422 806 tres

145 848 338 920 gradus
359 887 376 911 ,
409 844 790 916 ἀποκάθαρσιν
810 883 825 907 ,
865 842 1096 914 μύησιν,
1125 843 1420 896 ἐποπτείαν
1452 841 1630 897 referr

1936 860 2047 898 iero
2085 845 2138 898 in
2182 845 2458 916 allegoriis
2485 846 2760 902 sectandis
2789 847 2925 901 adeo
2960 847 3162 902 nimius
3188 847 3326 913 fuit,
3365 857 3421 900 ut

143 943 296 996 etiam
328 940 441 994 hoc
468 939 694 994 nomine
737 952 766 990 a
811 936 997 990 multis
1027 936 1472 1004 reprehendatur.
1523 936 1707 1002 Quare
1750 945 1804 990 et
1835 946 2090 992 accurata
2136 936 2527 994 Hebraicorum
2575 941 2861 995 nominum
2912 940 3326 1009 interpretatio,
3366 954 3422 998 et

145 1035 428 1104 allegorica
469 1030 862 1102 interpretandi
897 1029 1036 1083 ratio
1071 1029 1125 1083 in
1155 1044 1322 1084 causa
1368 1044 1490 1085 esse
1534 1045 1643 1085 non
1691 1041 1962 1100 possunt,
2015 1048 2114 1086 cur
2154 1043 2339 1088 noster
2379 1033 2722 1089 Psalmorum
2760 1035 3188 1090 commentarius
3221 1049 3422 1105 magno

145 1127 446 1182 Athanasio
478 1125 858 1195 abjudicetur,
889 1123 982 1178 sed
1015 1124 1199 1193 potius
1230 1133 1552 1194 argumento
1580 1140 1701 1180 esse
1732 1124 1931 1192 debet,
1973 1142 2071 1180 cur
2104 1127 2256 1180 illum
2305 1129 2653 1184 sanctissimo
2687 1129 2944 1199 episcopo
2966 1170 2980 1194 ,
3019 1128 3178 1197 cujus
3220 1141 3419 1181 nomen

145 1219 351 1290 prafert
374 1259 392 1282 ,
421 1234 764 1273 asseramus.
789 1215 921 1269 Nam
949 1227 1176 1286 utraque
1212 1216 1457 1282 intento,
1489 1225 1548 1270 ut
1581 1217 1656 1270 ita
1698 1215 1914 1282 dicam,
1953 1218 2124 1288 digito
2158 1219 2399 1273 indicm-e
2434 1221 2675 1286 videtur,
2720 1229 2997 1274 auctorem
3039 1213 3421 1272 commentarii

144 1316 464 1382 scriptorem
497 1311 926 1366 Alexandrinum
960 1309 1162 1376 fuisse,
1192 1309 1538 1364 Alexandria:
1569 1323 1756 1365 natum
1779 1350 1794 1374 ,
1845 1318 1899 1364 et
1931 1310 1984 1364 in
2030 1311 2400 1365 Aiesandrina
2445 1314 2630 1366 schola
2661 1313 2976 1366 educatum.
3010 1310 3264 1365 Profecto
3309 1324 3419 1363 non

142 1405 390 1460 dissimili
420 1408 660 1468 ratione,
693 1420 798 1474 qua
822 1403 1154 1457 Athanasius
1187 1402 1240 1455 in
1275 1417 1377 1457 suo
1404 1402 1799 1457 commentario
1829 1402 2111 1457 titulorum
2142 1403 2648 1472 interpretationem
2689 1413 3012 1474 prosecutus
3043 1413 3144 1467 est,
3179 1402 3420 1457 n0nnul-

143 1501 305 1552 lorum
333 1497 688 1567 psalmorum
721 1496 908 1550 titulos
936 1493 1224 1565 Origenem
1251 1509 1469 1564 quoque
1496 1496 1830 1565 explicasse,
1891 1495 2051 1550 fidem
2094 1496 2225 1552 facit
2256 1495 2622 1567 fragmentum
2659 1495 3039 1551 commentarii
3081 1493 3333 1563 Origenis
3366 1492 3420 1546 in

143 1587 413 1652 Psalmos,
438 1587 590 1658 quod
617 1603 682 1642 ex
710 1586 896 1642 codice
924 1584 1189 1639 Vaticano
1215 1601 1339 1639 cum
1373 1585 1496 1640 aliis
1524 1585 1578 1640 in
1611 1587 1787 1641 lucem
1821 1585 1991 1642 edidit
2017 1586 2079 1640 P.
2112 1586 2580 1656 Montfauconius,
2597 1598 2651 1642 et
2673 1603 2786 1643 suae
2805 1587 3170 1656 Hexaplorum
3198 1583 3421 1639 editioni

143 1680 403 1749 praemisit
432 1679 587 1749 (25);
618 1694 684 1734 ac
711 1678 940 1748 proinde
961 1677 1031 1732 de
1051 1675 1376 1744 antiquitate
1407 1691 1568 1742 usus,
1599 1693 1664 1733 ac
1688 1677 1990 1748 disciplina:
2019 1679 2412 1750 interpretandi
2439 1681 2492 1734 in
2525 1680 2878 1751 allegoricum
2904 1695 3127 1736 sensum
3179 1677 3423 1748 psalmos

142 1769 593 1840 psalmorumque
623 1769 812 1823 titulos
841 1768 896 1822 in
924 1766 1111 1822 schola
1138 1765 1504 1820 Alexandrina
1537 1767 1776 1822 dubitari
1803 1769 2011 1839 nequit.

204 1859 368 1918 XVII.
404 1858 555 1926 Quin
585 1861 696 1915 imo
729 1859 887 1929 longe
907 1864 1034 1911 ante
1059 1855 1302 1910 Pantaeni
1326 1895 1340 1918 ,
1379 1856 1675 1922 Clementis
1702 1865 1755 1911 et
1783 1850 2035 1928 Or'igenis
2061 1868 2274 1916 aetatem
2295 1901 2308 1926 ,
2337 1861 2433 1931 qui
2461 1861 2792 1916 successivis
2821 1860 3160 1930 temporibus
3191 1858 3414 1913 Alexan-

142 1951 345 2006 drinam
371 1950 628 2007 scholam
663 1955 958 2012 rexerunt,
989 1945 1310 2015 allegoricas
1338 1958 1392 1999 et
1423 1947 1682 2016 mysticas
1708 1945 2119 2018 Scripturarum
2159 1952 2532 2021 expositiones
2581 1967 2684 2007 usu
2731 1953 2875 2022 apud
2917 1952 3265 2007 Christianos
3301 1951 3427 2004 Ale-

143 2045 440 2101 xandrinos
471 2053 720 2112 receptas
748 2038 939 2105 fuisse,
967 2037 1282 2093 testimonio
1305 2053 1425 2093 esse
1457 2045 1711 2108 possunt,
1732 2055 1854 2108 qua:
1883 2041 2163 2096 memoriae
2190 2041 2533 2111 posteritatis
2555 2041 2756 2095 tradita
2783 2051 2912 2096 sunt
2939 2043 3008 2097 de
3036 2040 3420 2109 Tlierapeutis.

141 2153 368 2207 quorum
399 2134 630 2190 nomine
653 2140 862 2187 veteres
888 2131 1010 2186 illos
1031 2129 1380 2185 Christianos
1404 2130 1567 2185 Marci
1587 2133 1935 2202 evangelista:
1955 2132 2260 2204 discipulos
2285 2134 2622 2205 significatos
2650 2134 2822 2189 fuisse
2841 2135 3048 2204 antiqui
3075 2133 3266 2188 Patres
3285 2116 3437 2202 (26)..

143 2240 190 2284 et
216 2232 406 2300 plures
444 2243 510 2282 ex
546 2225 945 2281 recentioribus
969 2224 1330 2293 scriptoribus
1358 2225 1767 2278 existimarunt.
1803 2224 1982 2282 Mores
2020 2227 2164 2281 enim
2187 2267 2203 2293 ,
2252 2237 2304 2280 et
2333 2227 2604 2296 [instituta
2655 2226 3124 2296 Tlierapeutarum
3180 2225 3424 2279 referens

144 2323 286 2378 Philo
318 2323 478 2393 (27):
517 2339 537 2372 ι
565 2319 762 2374 Totum
791 2332 952 2382 vero,
979 2315 1187 2385 inquit,
1218 2315 1324 2370 diei
1355 2316 1623 2385 spatium,
1651 2316 1798 2385 quod
1829 2318 1900 2372 ab
1923 2327 2042 2372 ortu
2073 2318 2203 2373 solis
2233 2317 2299 2372 ad
2332 2333 2616 2388 vesperum
2651 2320 2956 2390 interjacet,
2992 2319 3045 2372 in
3079 2317 3426 2373 meditatione

143 2419 506 2488 philosophiae
539 2415 850 2470 traducunt.
888 2410 1054 2464 Sacra
1081 2411 1226 2464 enim
1260 2409 1538 2465 volumina
1567 2411 1874 2466 lectitantes
1913 2411 2375 2481 philosophantur
2399 2426 2552 2466 more
2583 2412 2758 2481 patrio
2787 2421 3052 2482 praecepta
3090 2409 3370 2480 sapientiae
3393 2422 3425 2460 a

142 2509 678 2582 majoribus'tradita
705 2505 996 2576 allegorice
1017 2503 1362 2574 explicando.
1397 2502 1608 2572 Quippe
1637 2503 1954 2558 existimant
1981 2504 2140 2558 verba
2179 2505 2295 2574 ipsa
2326 2505 2462 2558 nihil
2507 2505 2652 2559 aliud
2699 2519 2821 2560 esse
2867 2519 3032 2573 quam
3063 2503 3331 2570 imagines
3371 2517 3427 2566 οι

143 2606 285 2676 signa
323 2619 520 2659 rerum
553 2601 860 2656 abditarum
887 2639 901 2664 ,
934 2613 1058 2667 quas
1091 2611 1187 2666 per
1224 2596 1512 2666 allegorias
1538 2594 1880 2650 dec‘aranda:
1913 2606 2061 2650 sunt.
2102 2596 2243 2650 Sunt
2272 2597 2436 2650 etiam
2469 2597 2612 2666 apud
2638 2611 2734 2651 eos
2761 2596 3142 2651 commentarii
3179 2603 3424 2650 veterum

142 2700 534 2770 quorumdam,
562 2697 654 2767 qui
681 2705 845 2750 secta:
873 2694 1018 2747 illius
1040 2699 1297 2745 auctores
1320 2689 1725 2759 quamplurima
1751 2689 1833 2743 eis
1857 2701 2212 2744 monumenta
2241 2691 2507 2746 doctrinze
2537 2691 2704 2757 illius,
2732 2705 2853 2760 qua:
2879 2690 2932 2744 in
2959 2690 3232 2760 allegoriis
3252 2689 3424 2759 posita

141 2807 235 2856 ess,
267 2791 640 2861 reliquerunt.
670 2787 884 2855 Quibus
907 2785 995 2840 isti
1032 2794 1294 2852 tanquam
1325 2782 1732 2850 exemplaribus
1764 2790 1977 2836 utentes
2007 2798 2215 2836 morem
2241 2785 2382 2838 hunc
2402 2784 3180 2854 institutumqueimitantur.»
3207 2783 3288 2836 Ad
3311 2782 3428 2837 haec

143 2896 312 2941 autem
340 2884 596 2939 Philonis
622 2883 788 2938 verba
815 2881 941 2935 talia
967 2876 1436 2934 subditEusebius
1455 2875 1600 2947 (28):
1629 2894 1646 2926 ‹
1674 2873 1798 2928 Haec.
1823 2885 1965 2929 certe
1990 2875 2058 2929 ab
2079 2891 2144 2928 eo
2165 2877 2385 2930 homine
2407 2876 2550 2932 dicta
2570 2878 2846 2941 videntur,
2877 2878 2970 2947 qui
2995 2886 3211 2932 nostras
3241 2891 3428 2932 sacras
3509 2916 3518 2924 ι

144 2977 345 3033 litteras
381 2985 723 3046 exponentes
756 2973 1046 3028 audiverit.
1076 2969 1226 3036 Quos
1266 2980 1487 3032 autem,
1528 2967 1634 3032 ait,
1672 2983 1839 3037 penes
1888 2968 2010 3024 illos
2051 2968 2221 3023 fuisse
2267 2978 2510 3024 veterum
2553 2969 2918 3040 quorumdam
2967 2969 3426 3024 commentatios.

144 3071 443 3128 verisimile
474 3078 591 3133 est,
618 3069 733 3137 ipsa
765 3080 886 3122 esse
920 3063 1211 3134 Evangelia
1235 3105 1248 3127 ,
1282 3069 1336 3115 et
1359 3059 1731 3129 apostolorum
1769 3059 1973 3129 scripta
1995 3099 2010 3123 ,
2046 3071 2099 3114 et
2126 3061 2499 3130 expositiones
2531 3062 2796 3133 quasdam
2839 3071 3083 3116 veterum
3133 3060 3425 3130 propheta-

143 3181 289 3219 run:
324 3161 646 3234 cujusmodi
677 3161 862 3230 plures
890 3167 1002 3212 tum
1032 3157 1086 3210 in
1121 3155 1244 3210 aliis
1272 3152 1429 3207 Pauli
1466 3151 1750 3222 Epistolis,
1782 3162 1900 3208 tum
1931 3154 1985 3208 in
2017 3153 2106 3206 illa
2130 3169 2252 3222 qua:
2281 3153 2345 3207 ad
2370 3153 2628 3209 Hebraeos
2655 3156 2855 3224 scripta
2879 3162 2980 3217 est,
3012 3153 3377 3207 continentur.
3402 3170 3421 3203 ι

143 3257 202 3311 At
225 3258 374 3312 enim
408 3255 682 3310 Henricus
708 3250 959 3306 Valesius
982 3256 1167 3303 censet
1198 3246 1368 3300 libros
1397 3242 1533 3298 Novi
1563 3241 1901 3299 Testamenti
1938 3259 1968 3298 a
2001 3243 2229 3298 Philone
2269 3245 2413 3299 haud
2447 3245 2744 3316 significari
2791 3247 3038 3316 p0tuisse
3060 3287 3074 3309 ,
3111 3259 3238 3298 eum
3283 3242 3429 3297 dicat

146 3352 554 3422 συγγράμματα.
585 3345 832 3401 παλαιῶν
862 3341 1093 3414 ἀνδρῶν,
1117 3339 1308 3409 quales
1338 3353 1443 3392 non
1475 3347 1631 3391 erant

1941 3344 2096 3390 ietate
2122 3337 2356 3405 apostoli
2377 3346 2430 3392 et
2459 3338 2826 3408 evangelista.
2851 3337 2968 3408 Ego
2990 3347 3172 3392 autem
3206 3336 3426 3391 Eusebii

145 3449 472 3503 sententiam
505 3443 650 3497 haud
675 3457 901 3512 prorsus
926 3440 1281 3510 rejiciendam
1308 3453 1427 3493 esse
1455 3446 1614 3507 puto:
1652 3453 1775 3490 nam
1811 3451 1956 3506 saepe
1977 3436 2244 3502 παλαιῶν,
2269 3452 2363 3491 seu
2396 3446 2626 3491 veterum
2655 3438 2879 3492 nomine
2910 3437 3306 3508 intelliguntur,
3333 3434 3426 3506 qui

147 3559 243 3597 una
268 3552 492 3597 tantum
517 3547 675 3596 aetate
704 3550 798 3592 seu
839 3535 1190 3604 generatione
1217 3533 1328 3603 (29)
1362 3547 1461 3585 nos
1493 3540 1926 3600 prmcesserunt:
1963 3529 2258 3600 etquidem
2281 3571 2297 3596 ,
2345 3532 2390 3585 si
2437 3532 2490 3586 in
2524 3547 2584 3586 re
2625 3532 2785 3602 longe
2820 3531 2996 3602 posita
3029 3547 3058 3585 a
3092 3539 3278 3586 nostra
3293 3545 3426 3584 ~me—

147 3640 310 3693 moria
343 3647 517 3706 atque
546 3642 726 3696 aetate,
757 3632 835 3684 uti
874 3629 1186 3700 conjectura
1222 3629 1366 3689 licet,
1402 3640 1602 3680 censeo
1670 3623 1954 3679 Philonem
1985 3624 2506 3680 commentariorum
2547 3624 2770 3681 nomine
2805 3627 2948 3680 inter
2970 3626 3106 3681 alios
3139 3625 3306 3679 libros
3339 3623 3426 3676 in-

146 3733 319 3787 dicare
347 3729 597 3783 voluisse
623 3725 976 3795 Evangelium
1007 3720 1306 3776 secundum
1339 3717 1644 3788 Egyptios.
1677 3714 1810 3770 Nam
1839 3719 1893 3770 in
1921 3733 1988 3771 eo
2013 3718 2290 3787 peculiare
2329 3716 2603 3789 quoddam
2640 3716 2812 3772 fuisse
2842 3717 3056 3773 dicendi
3087 3733 3258 3788 genus
3291 3716 3427 3772 alle-

148 3822 307 3892 goriis
340 3828 404 3874 et
426 3815 701 3872 abstrusis
733 3829 798 3867 ac
826 3811 1072 3883 mysticis
1101 3809 1354 3865 sensibus
1387 3808 1640 3876 plenum,
1671 3807 1827 3859 tidem
1863 3805 2069 3862 faciunt
2107 3807 2408 3878 fragmenta
2439 3824 2561 3879 quae
2595 3809 2663 3863 ab
2689 3808 2931 3879 antiquis
2958 3811 3319 3880 scriptoribus
3357 3811 3426 3865 ad

148 3925 390 3970 nostram
419 3925 596 3981 usque
623 3918 840 3964 aetatem
871 3914 1086 3958 servata
1119 3911 1266 3958 sunt.
1297 3900 1673 3970 Aﬁnigmatum
1703 3899 1849 3953 enim
1876 3901 2048 3954 instar
2078 3901 2168 3956 illa
2198 3911 2327 3956 sunt
2362 3918 2484 3973 quae
2507 3917 2574 3956 ex
2602 3901 2695 3956 illo
2727 3902 3020 3972 Evangelio
3055 3901 3348 3958 laudantur
3373 3903 3426 3957 in

149 4008 376 4074 epistola
402 4003 644 4059 secunda
679 4002 738 4054 S.
771 3997 1069 4054 Clementis
1105 3995 1376 4065 pontilicis
1403 3992 1671 4058 Romani,
1697 4002 1752 4047 et
1782 3993 1838 4046 in
1874 3994 2014 4047 libro
2067 3995 2227 4048 tertio
2257 3992 2586 4049 Stromatum
2618 3995 2847 4050 alterius
2885 3993 3187 4052 Clementis
3219 4010 3422 4066 cogno-

150 4101 308 4156 minis
331 4098 642 4172 presbyteri
666 4094 1042 4157 Alexandrini,
1076 4108 1139 4146 ex
1163 4106 1400 4161 quorum
1429 4089 1647 4158 scriptis
1669 4091 2018 4151 aliorumque
2047 4100 2289 4145 veterum
2325 4090 2548 4146 Patrum
2581 4091 2741 4146 nobis
2771 4100 3113 4160 compertum
3139 4091 3218 4154 fit,
3249 4088 3430 4142 Evan-

149 4192 280 4261 gelio
314 4191 448 4254 illo,
481 4189 863 4259 qualecunque
892 4183 1088 4247 fuerit,
1126 4182 1383 4250 antiquos
1415 4181 1537 4235 illos
1562 4180 1768 4235 Christi
1797 4197 1853 4235 in
1891 4181 2128 4252 IEgypto
2157 4184 2397 4238 asseclas
2423 4200 2551 4240 usos
2579 4182 2768 4239 fuisse.
2815 4182 3016 4239 Verum
3060 4183 3204 4236 enim
3242 4189 3427 4250 postea

150 4284 436 4355 temporis,
467 4297 590 4336 cum
626 4281 679 4334 in
707 4279 966 4334 universo
991 4286 1136 4329 terra
1149 4291 1268 4328 rum
1295 4274 1428 4327 orbe
1451 4272 1563 4327 fere
1585 4273 1650 4327 ad
1674 4289 1923 4328 omnium
1951 4275 2190 4328 fidelium
2215 4291 2410 4332 manus
2433 4277 2810 4346 pervenissent
2857 4285 3091 4345 quatuor
3113 4272 3425 4341 Evangelia,

151 4375 379 4444 aliaque
405 4371 687 4428 canonica:
719 4371 1031 4437 Scriplurm,
1063 4380 1185 4433 quae
1216 4378 1246 4416 a
1273 4364 1447 4419 sacris
1480 4364 1856 4432 evangelistis,
1889 4377 1942 4418 et
1973 4366 2184 4421 sanctis
2216 4368 2481 4436 apostolis
2506 4367 2906 4432 θεοπνεύστοις,
2932 4383 2964 4420 a
2987 4366 3097 4419 Deo
3130 4365 3427 4434 inspiratis,

153 4468 202 4522 in
227 4467 407 4522 fidelis
437 4463 623 4535 populi
651 4461 980 4522 utilitatem,
1017 4467 1071 4510 et
1104 4456 1359 4510 Ecclesia:
1388 4456 1811 4511 aidilicationem
1840 4457 1999 4512 nobis
2027 4457 2199 4511 divini
2242 4459 2600 4515 beneficentia
2629 4461 2826 4515 tradita
2859 4467 3020 4527 sunt;
3069 4458 3426 4529 Evangelium

153 4562 276 4617 illud
305 4557 665 4628 allegoricum
690 4594 704 4618 ,
731 4561 784 4606 et
817 4550 928 4605 fere
951 4548 1356 4615 aanigmaticum
1377 4588 1392 4611 ,
1426 4548 1503 4602 uti
1530 4559 1724 4602 exorto
1749 4560 1798 4603 et
1836 4549 2184 4604 illucescente
2219 4551 2335 4606 sole
2364 4553 2577 4608 nebulai
2621 4553 3020 4624 dispelluntur,
3069 4552 3330 4623 paulatim
3373 4554 3427 4607 in

154 4655 568 4713 desuetudinem
599 4648 768 4704 abiit.
797 4655 852 4702 et
883 4661 913 4700 e
943 4645 1181 4700 tidelium
1214 4642 1467 4698 manibus
1493 4657 1788 4697 excussum
1819 4652 1920 4697 est.
1961 4642 2349 4700 Verumtamen
2378 4658 2736 4720 posteaquam
2769 4665 2834 4705 ex
2881 4649 3125 4707 Ecclesia
3161 4653 3431 4708 ωιιιοιίεει

154 4749 510 4822 Evangelium
535 4743 835 4800 secundum
861 4740 1144 4811 Egyptios
1164 4738 1504 4794 eliminatum
1528 4745 1632 4802 est,
1661 4737 1927 4808 benignos
1945 4749 2254 4808 receptores
2279 4741 2471 4797 habuit
2499 4743 2818 4812 haereticos;
2841 4745 2968 4815 quia
2991 4760 3115 4801 cum
3144 4747 3430 4802 abstrusos

156 4853 208 4898 et
230 4839 522 4908 ambiguos
555 4849 752 4889 sensus
783 4831 1122 4894 contineret,
1155 4828 1222 4883 ad
1247 4843 1378 4884 suos
1403 4827 1726 4882 astruendos
1753 4845 1974 4885 errores
2006 4831 2577 4904 obtenebrandamque
2608 4837 2894 4893 veritatem
2918 4875 2933 4901 ,
2983 4837 3234 4908 pluribus
3264 4838 3426 4892 etiam

157 4935 220 4991 de
239 4951 346 4991 suo
367 4929 600 5000 adjectis
633 4927 1059 4998 suppositisque,
1097 4932 1404 4994 Opportune
1423 4937 1489 4976 eo
1521 4922 1597 4974 uti
1626 4936 1788 4990 posse
1813 4933 2171 4980 censuerunt.
2200 4925 2454 4984 Profecto
2491 4929 2785 4987 Sabelliani
2821 4933 3024 5002 aliique
3054 4932 3270 4986 ﬁrmum
3305 4931 3432 4987 inde

229 5168 340 5238 (Ἠ)
368 5164 506 5238 l_')_an.
537 5158 724 5238 Heins.
745 5147 1475 5238 lngpraif..ad‘Clcm‘;‘1’\lex.

373 5234 512 5288 Vide
541 5230 704 5305 hujus
737 5219 1058 5305 Patrologim
1087 5219 1294 5305 ιοιη..
1308 5221 1367 5305 γε

379 5305 581 5378 Euseb.
615 5288 776 5354 'Ilist.
805 5296 933 5378 ε’τείς
959 5288 1005 5348 Ἰ.
1044 5310 1095 5346 v.
1130 5310 1180 5347 c.
1211 5293 1306 5354 l0;
1345 5290 1381 5342 l.
1416 5305 1489 5356 γι,
1512 5306 1559 5344 c.
1591 5291 1677 5355 l4,
1717 5291 1807 5345 15.
1843 5288 2064 5346 Hieron.
2101 5291 2177 5347 De
2209 5293 2307 5348 vir.
2355 5293 2570 5349 illum"

241 5365 344 5445 i§7l
375 5377 450 5430 De
516 5375 607 5429 vit.
664 5366 946 5445 _co_i_z_templ.

244 5434 348 5523 iis)
386 5448 532 5523 Hist.
566 5440 910 5523 ecclzlill._ll.
948 5452 995 5488 ο.
1028 5434 1300 5523 Πομ-Λ-
1408 5503 1622 5523 ,μω-μ,-
1683 5517 1724 5523 __

1736 5519 1936 5523 _-------UA
2011 5511 2129 5523 ρ.--
2191 5509 2244 5523 --ι
2275 5497 2609 5523 h..--l--...2..-
2660 5505 2803 5523 ..ΑΩΑΙ
2853 5495 2904 5523 ἷ-ιι
2956 5491 3220 5523 "amna-:p:

888 5502 1337 5594 cptufovsasfia‘,
1386 5503 1622 5594 ‘llligl'lllfl

2002 5511 2152 5594 (aug,
2191 5509 2255 5594 ut
2275 5497 2612 5594 chphylrius
2659 5505 2807 5551 notat
2853 5492 3432 5594 inkﬂgmericisnm;

170 5561 894 5648 sttdn'iliusTK-ulus—Cellius
924 5561 1055 5645 '(lib.
1085 5592 1119 5648 ii
1176 5561 1334 5648 Νυειξ
1370 5561 1630 5648 Attica-0..
1665 5572 1746 5638 ὖ).
1790 5574 2028 5648 codicem
2055 5561 2314 5648 xEneidos
2341 5561 2549 5638 Virgilii
2573 5607 2620 5648 ,.
2650 5583 2809 5636 quem
2834 5565 2956 5648 ‘sibi
2991 5563 3176 5648 Roma:
3209 5561 3430 5648 umidam

174 5631 1243 5734 graiiinra’tieu's'eiup'tum'in"sigillariis
1300 5659 1366 5724 xii
1398 5642 1599 5723 .aurcis
1669 5631 2028 5700 ostenderat.
2061 5642 2322 5697 miranda:
2371 5631 2867 5704 vetustatis-vocat,
2897 5645 2950 5691 et
2999 5647 3180 5691 tamen
3233 5631 3435 5686 Gellius

176 5714 442 5789 imagis
479 5728 638 5796 longe
664 5714 782 5794 po§t
815 5719 1025 5789 Virgilii
1057 5726 1268 5770 aetatem
1303 5714 1455 5767 vixit.
