  <div class='ocr_page' id='page_1' title='image "/cluster/home/n/w/nwhite01/storage/ocr_20150623/27/hvd.32044014174452/337.png"; bbox 0 0 3760 6270; ppageno 0'>
   <div class='ocr_carea' id='block_1_1' title="bbox 355 239 3619 304">
    <p class='ocr_par' dir='ltr' id='par_1_1' title="bbox 355 239 3619 304">
     <span class='ocr_line' id='line_1_1' title="bbox 355 239 3619 304; baseline 0 -2"><span class='ocrx_word' id='word_1_1' title='bbox 355 239 482 302; x_wconf 72' lang='grc' dir='ltr'><strong>6Ιῖ</strong></span> <span class='ocrx_word' id='word_1_2' title='bbox 1193 245 1249 299; x_wconf 92' lang='lat' dir='ltr'><strong>S.</strong></span> <span class='ocrx_word' id='word_1_3' title='bbox 1298 244 1668 300; x_wconf 77' lang='lat' dir='ltr'><strong>ATIIANASII</strong></span> <span class='ocrx_word' id='word_1_4' title='bbox 1709 244 1861 301; x_wconf 88' lang='lat' dir='ltr'><strong>OPP.</strong></span> <span class='ocrx_word' id='word_1_5' title='bbox 1904 245 2085 302; x_wconf 74' lang='lat' dir='ltr'><strong>PARS</strong></span> <span class='ocrx_word' id='word_1_6' title='bbox 2125 245 2210 301; x_wconf 93' lang='lat' dir='ltr'>III.</span> <span class='ocrx_word' id='word_1_7' title='bbox 2249 275 2319 286; x_wconf 87' lang='lat'><strong>—-</strong></span> <span class='ocrx_word' id='word_1_8' title='bbox 2351 244 2770 302; x_wconf 77' lang='lat' dir='ltr'><strong>EXEGETICA.</strong></span> <span class='ocrx_word' id='word_1_9' title='bbox 3505 247 3619 304; x_wconf 78' lang='lat'><strong>616</strong></span> 
     </span>
    </p>
   </div>
   <div class='ocr_carea' id='block_1_2' title="bbox 357 364 3621 440">
    <p class='ocr_par' dir='ltr' id='par_1_2' title="bbox 357 364 3621 440">
     <span class='ocr_line' id='line_1_2' title="bbox 357 364 3621 440; baseline -0.001 -18"><span class='ocrx_word' id='word_1_10' title='bbox 357 367 743 437; x_wconf 80' lang='lat' dir='ltr'><strong>patrocinium,</strong></span> <span class='ocrx_word' id='word_1_11' title='bbox 783 378 843 422; x_wconf 88' lang='lat' dir='ltr'><strong>ut</strong></span> <span class='ocrx_word' id='word_1_12' title='bbox 873 366 973 436; x_wconf 88' lang='lat' dir='ltr'><strong>ipsi</strong></span> <span class='ocrx_word' id='word_1_13' title='bbox 1005 368 1384 431; x_wconf 89' lang='lat' dir='ltr'><strong>autumabant,</strong></span> <span class='ocrx_word' id='word_1_14' title='bbox 1417 369 1499 421; x_wconf 90' lang='lat' dir='ltr'><strong>vel</strong></span> <span class='ocrx_word' id='word_1_15' title='bbox 1532 368 1597 421; x_wconf 89' lang='lat' dir='ltr'><strong>ad</strong></span> <span class='ocrx_word' id='word_1_16' title='bbox 1623 366 1910 423; x_wconf 89' lang='lat' dir='ltr'><strong>Trinitatis</strong></span> <span class='ocrx_word' id='word_1_17' title='bbox 1944 369 2261 440; x_wconf 86' lang='lat' dir='ltr'><strong>mysterium</strong></span> <span class='ocrx_word' id='word_1_18' title='bbox 2289 367 2741 433; x_wconf 88' lang='lat' dir='ltr'><strong>subvertendum,</strong></span> <span class='ocrx_word' id='word_1_19' title='bbox 2766 367 2847 422; x_wconf 89' lang='lat' dir='ltr'><strong>vel</strong></span> <span class='ocrx_word' id='word_1_20' title='bbox 2881 366 2948 422; x_wconf 90' lang='lat' dir='ltr'><strong>ad</strong></span> <span class='ocrx_word' id='word_1_21' title='bbox 2975 365 3246 437; x_wconf 83' lang='lat' dir='ltr'><strong>legitimas</strong></span> <span class='ocrx_word' id='word_1_22' title='bbox 3276 364 3495 436; x_wconf 80' lang='lat' dir='ltr'><strong>nuptias</strong></span> <span class='ocrx_word' id='word_1_23' title='bbox 3527 381 3621 419; x_wconf 87' lang='lat' dir='ltr'><strong>re-</strong></span> 
     </span>
    </p>
   </div>
   <div class='ocr_carea' id='block_1_3' title="bbox 355 454 3616 529">
    <p class='ocr_par' dir='ltr' id='par_1_3' title="bbox 355 454 3616 529">
     <span class='ocr_line' id='line_1_3' title="bbox 355 454 3616 529; baseline -0.001 -18"><span class='ocrx_word' id='word_1_24' title='bbox 355 459 620 529; x_wconf 81' lang='lat' dir='ltr'><strong>jiciendas</strong></span> <span class='ocrx_word' id='word_1_25' title='bbox 645 459 748 514; x_wconf 89' lang='lat' dir='ltr'><strong>sibi</strong></span> <span class='ocrx_word' id='word_1_26' title='bbox 777 465 1186 528; x_wconf 80' lang='lat' dir='ltr'><strong>compararunt.</strong></span> <span class='ocrx_word' id='word_1_27' title='bbox 1220 457 1408 528; x_wconf 87' lang='lat' dir='ltr'><strong>Itaque</strong></span> <span class='ocrx_word' id='word_1_28' title='bbox 1434 459 1563 514; x_wconf 90' lang='lat' dir='ltr'><strong>hinc</strong></span> <span class='ocrx_word' id='word_1_29' title='bbox 1584 458 1790 514; x_wconf 89' lang='lat' dir='ltr'><strong>factum</strong></span> <span class='ocrx_word' id='word_1_30' title='bbox 1819 472 1922 526; x_wconf 90' lang='lat' dir='ltr'><strong>est,</strong></span> <span class='ocrx_word' id='word_1_31' title='bbox 1950 469 2012 514; x_wconf 90' lang='lat' dir='ltr'><strong>ut</strong></span> <span class='ocrx_word' id='word_1_32' title='bbox 2042 470 2232 529; x_wconf 88' lang='lat' dir='ltr'><strong>postea</strong></span> <span class='ocrx_word' id='word_1_33' title='bbox 2258 459 2420 528; x_wconf 84' lang='lat' dir='ltr'><strong>hujus</strong></span> <span class='ocrx_word' id='word_1_34' title='bbox 2451 457 2730 528; x_wconf 81' lang='lat' dir='ltr'><strong>Evangelii</strong></span> <span class='ocrx_word' id='word_1_35' title='bbox 2760 473 2790 512; x_wconf 91' lang='lat' dir='ltr'><strong>a</strong></span> <span class='ocrx_word' id='word_1_36' title='bbox 2818 457 3067 513; x_wconf 83' lang='lat' dir='ltr'><strong>sectariis</strong></span> <span class='ocrx_word' id='word_1_37' title='bbox 3089 454 3333 524; x_wconf 85' lang='lat' dir='ltr'><strong>corrupti</strong></span> <span class='ocrx_word' id='word_1_38' title='bbox 3357 464 3411 508; x_wconf 89' lang='lat' dir='ltr'><strong>et</strong></span> <span class='ocrx_word' id='word_1_39' title='bbox 3438 454 3616 510; x_wconf 89' lang='lat' dir='ltr'><strong>inter-</strong></span> 
     </span>
    </p>
   </div>
   <div class='ocr_carea' id='block_1_4' title="bbox 358 547 3616 622">
    <p class='ocr_par' dir='ltr' id='par_1_4' title="bbox 358 547 3616 622">
     <span class='ocr_line' id='line_1_4' title="bbox 358 547 3616 622; baseline -0.002 -18"><span class='ocrx_word' id='word_1_40' title='bbox 358 551 522 620; x_wconf 77' lang='lat' dir='ltr'><strong>polati</strong></span> <span class='ocrx_word' id='word_1_41' title='bbox 544 591 559 616; x_wconf 91' lang='lat'><strong>,</strong></span> <span class='ocrx_word' id='word_1_42' title='bbox 596 550 649 604; x_wconf 91' lang='lat' dir='ltr'><strong>in</strong></span> <span class='ocrx_word' id='word_1_43' title='bbox 684 565 990 620; x_wconf 85' lang='lat' dir='ltr'><strong>pravosque</strong></span> <span class='ocrx_word' id='word_1_44' title='bbox 1023 565 1218 604; x_wconf 88' lang='lat' dir='ltr'><strong>sensus</strong></span> <span class='ocrx_word' id='word_1_45' title='bbox 1247 550 1366 620; x_wconf 87' lang='lat' dir='ltr'><strong>ejus</strong></span> <span class='ocrx_word' id='word_1_46' title='bbox 1392 552 1573 606; x_wconf 85' lang='lat' dir='ltr'><strong>verbis</strong></span> <span class='ocrx_word' id='word_1_47' title='bbox 1597 553 1883 621; x_wconf 79' lang='lat' dir='ltr'><strong>expositis,</strong></span> <span class='ocrx_word' id='word_1_48' title='bbox 1915 550 2334 621; x_wconf 90' lang='lat' dir='ltr'><strong>tanquam.libri</strong></span> <span class='ocrx_word' id='word_1_49' title='bbox 2370 551 2688 622; x_wconf 79' lang='lat' dir='ltr'><strong>apocryphi,</strong></span> <span class='ocrx_word' id='word_1_50' title='bbox 2720 561 2775 605; x_wconf 92' lang='lat' dir='ltr'><strong>et</strong></span> <span class='ocrx_word' id='word_1_51' title='bbox 2797 549 2963 604; x_wconf 92' lang='lat' dir='ltr'><strong>veluti</strong></span> <span class='ocrx_word' id='word_1_52' title='bbox 2999 548 3199 619; x_wconf 81' lang='lat' dir='ltr'><strong>putida</strong></span> <span class='ocrx_word' id='word_1_53' title='bbox 3231 547 3616 602; x_wconf 85' lang='lat' dir='ltr'><strong>harcticorum</strong></span> 
     </span>
    </p>
   </div>
   <div class='ocr_carea' id='block_1_5' title="bbox 357 637 3617 715">
    <p class='ocr_par' dir='ltr' id='par_1_5' title="bbox 357 637 3617 715">
     <span class='ocr_line' id='line_1_5' title="bbox 357 637 3617 715; baseline -0.002 -18"><span class='ocrx_word' id='word_1_54' title='bbox 357 645 558 698; x_wconf 88' lang='lat' dir='ltr'><strong>mercis</strong></span> <span class='ocrx_word' id='word_1_55' title='bbox 586 643 931 697; x_wconf 81' lang='lat' dir='ltr'><strong>meminerint</strong></span> <span class='ocrx_word' id='word_1_56' title='bbox 959 641 1016 698; x_wconf 91' lang='lat' dir='ltr'><strong>S.</strong></span> <span class='ocrx_word' id='word_1_57' title='bbox 1046 642 1411 712; x_wconf 83' lang='lat' dir='ltr'><strong>Epiphanius,</strong></span> <span class='ocrx_word' id='word_1_58' title='bbox 1440 642 1498 698; x_wconf 90' lang='lat' dir='ltr'><strong>S.</strong></span> <span class='ocrx_word' id='word_1_59' title='bbox 1523 643 1917 715; x_wconf 84' lang='lat' dir='ltr'><strong>Hieronymus,</strong></span> <span class='ocrx_word' id='word_1_60' title='bbox 1943 645 2204 715; x_wconf 80' lang='lat' dir='ltr'><strong>Origenes</strong></span> <span class='ocrx_word' id='word_1_61' title='bbox 2223 684 2238 709; x_wconf 96' lang='lat'><strong>,</strong></span> <span class='ocrx_word' id='word_1_62' title='bbox 2265 641 2421 700; x_wconf 88' lang='lat' dir='ltr'><strong>Titus</strong></span> <span class='ocrx_word' id='word_1_63' title='bbox 2457 643 2795 712; x_wconf 50' lang='lat' dir='ltr'><strong>Bostrensisf,</strong></span> <span class='ocrx_word' id='word_1_64' title='bbox 2841 641 3281 712; x_wconf 82' lang='lat' dir='ltr'><strong>Theophylactus</strong></span> <span class='ocrx_word' id='word_1_65' title='bbox 3314 639 3448 711; x_wconf 79' lang='lat'>(30).</span> <span class='ocrx_word' id='word_1_66' title='bbox 3505 637 3617 693; x_wconf 89' lang='lat' dir='ltr'><strong>Sed</strong></span> 
     </span>
    </p>
   </div>
   <div class='ocr_carea' id='block_1_6' title="bbox 354 735 1724 806">
    <p class='ocr_par' dir='ltr' id='par_1_6' title="bbox 354 735 1724 806">
     <span class='ocr_line' id='line_1_6' title="bbox 354 735 1724 806; baseline 0 -17"><span class='ocrx_word' id='word_1_67' title='bbox 354 749 418 789; x_wconf 86' lang='lat' dir='ltr'><strong>eo</strong></span> <span class='ocrx_word' id='word_1_68' title='bbox 449 745 710 799; x_wconf 91' lang='lat' dir='ltr'><strong>revertor,</strong></span> <span class='ocrx_word' id='word_1_69' title='bbox 753 736 897 790; x_wconf 92' lang='lat' dir='ltr'><strong>unde</strong></span> <span class='ocrx_word' id='word_1_70' title='bbox 926 736 1088 804; x_wconf 88' lang='lat' dir='ltr'><strong>paulo</strong></span> <span class='ocrx_word' id='word_1_71' title='bbox 1114 744 1241 789; x_wconf 86' lang='lat' dir='ltr'><strong>ante</strong></span> <span class='ocrx_word' id='word_1_72' title='bbox 1271 735 1550 806; x_wconf 92' lang='lat' dir='ltr'><strong>digressus</strong></span> <span class='ocrx_word' id='word_1_73' title='bbox 1579 752 1724 790; x_wconf 90' lang='lat' dir='ltr'><strong>sum.</strong></span> 
     </span>
    </p>
   </div>
   <div class='ocr_carea' id='block_1_7' title="bbox 424 821 3617 900">
    <p class='ocr_par' dir='ltr' id='par_1_7' title="bbox 424 821 3617 900">
     <span class='ocr_line' id='line_1_7' title="bbox 424 821 3617 900; baseline -0 -22"><span class='ocrx_word' id='word_1_74' title='bbox 424 824 612 879; x_wconf 81' lang='lat' dir='ltr'><strong>XVIII.</strong></span> <span class='ocrx_word' id='word_1_75' title='bbox 644 825 940 882; x_wconf 84' lang='lat' dir='ltr'><strong>Enimvero</strong></span> <span class='ocrx_word' id='word_1_76' title='bbox 971 842 1078 882; x_wconf 91' lang='lat' dir='ltr'><strong>non</strong></span> <span class='ocrx_word' id='word_1_77' title='bbox 1102 827 1278 882; x_wconf 90' lang='lat' dir='ltr'><strong>solum</strong></span> <span class='ocrx_word' id='word_1_78' title='bbox 1306 828 1668 894; x_wconf 82' lang='lat' dir='ltr'><strong>Alexandria,</strong></span> <span class='ocrx_word' id='word_1_79' title='bbox 1702 828 1798 884; x_wconf 91' lang='lat' dir='ltr'><strong>sed</strong></span> <span class='ocrx_word' id='word_1_80' title='bbox 1829 829 1994 883; x_wconf 88' lang='lat' dir='ltr'><strong>etiam</strong></span> <span class='ocrx_word' id='word_1_81' title='bbox 2019 828 2223 900; x_wconf 90' lang='lat' dir='ltr'><strong>ubique</strong></span> <span class='ocrx_word' id='word_1_82' title='bbox 2254 828 2620 884; x_wconf 85' lang='lat' dir='ltr'><strong>Ecclesiarum</strong></span> <span class='ocrx_word' id='word_1_83' title='bbox 2649 826 2888 882; x_wconf 90' lang='lat' dir='ltr'><strong>Orientis</strong></span> <span class='ocrx_word' id='word_1_84' title='bbox 2921 825 3115 898; x_wconf 87' lang='lat' dir='ltr'><strong>primis</strong></span> <span class='ocrx_word' id='word_1_85' title='bbox 3142 824 3466 880; x_wconf 87' lang='lat' dir='ltr'><strong>Christiana</strong></span> <span class='ocrx_word' id='word_1_86' title='bbox 3488 821 3617 878; x_wconf 83' lang='lat' dir='ltr'><strong>ﬁdei</strong></span> 
     </span>
    </p>
   </div>
   <div class='ocr_carea' id='block_1_8' title="bbox 356 918 3619 991">
    <p class='ocr_par' dir='ltr' id='par_1_8' title="bbox 356 918 3619 991">
     <span class='ocr_line' id='line_1_8' title="bbox 356 918 3619 991; baseline -0.001 -17"><span class='ocrx_word' id='word_1_87' title='bbox 356 918 572 974; x_wconf 85' lang='lat' dir='ltr'><strong>saculis</strong></span> <span class='ocrx_word' id='word_1_88' title='bbox 600 919 894 990; x_wconf 80' lang='lat' dir='ltr'><strong>allegorica</strong></span> <span class='ocrx_word' id='word_1_89' title='bbox 925 936 1207 975; x_wconf 87' lang='lat' dir='ltr'><strong>sacrarum</strong></span> <span class='ocrx_word' id='word_1_90' title='bbox 1240 919 1644 988; x_wconf 82' lang='lat' dir='ltr'><strong>Scripturarum</strong></span> <span class='ocrx_word' id='word_1_91' title='bbox 1682 922 2054 990; x_wconf 89' lang='lat' dir='ltr'><strong>interpretatio</strong></span> <span class='ocrx_word' id='word_1_92' title='bbox 2081 922 2336 978; x_wconf 87' lang='lat' dir='ltr'><strong>obtinuit.</strong></span> <span class='ocrx_word' id='word_1_93' title='bbox 2370 921 2434 975; x_wconf 88' lang='lat' dir='ltr'><strong>Et</strong></span> <span class='ocrx_word' id='word_1_94' title='bbox 2470 921 2689 991; x_wconf 89' lang='lat' dir='ltr'><strong>quidem</strong></span> <span class='ocrx_word' id='word_1_95' title='bbox 2723 919 3183 990; x_wconf 88' lang='lat' dir='ltr'><strong>quemadmodum</strong></span> <span class='ocrx_word' id='word_1_96' title='bbox 3216 919 3418 974; x_wconf 90' lang='lat' dir='ltr'><strong>nimius</strong></span> <span class='ocrx_word' id='word_1_97' title='bbox 3449 929 3619 988; x_wconf 90' lang='lat' dir='ltr'><strong>atque</strong></span> 
     </span>
    </p>
   </div>
   <div class='ocr_carea' id='block_1_9' title="bbox 356 1009 3615 1083">
    <p class='ocr_par' dir='ltr' id='par_1_9' title="bbox 356 1009 3615 1083">
     <span class='ocr_line' id='line_1_9' title="bbox 356 1009 3615 1083; baseline 0 -19"><span class='ocrx_word' id='word_1_98' title='bbox 356 1009 755 1066; x_wconf 88' lang='lat' dir='ltr'><strong>immoderatus</strong></span> <span class='ocrx_word' id='word_1_99' title='bbox 782 1012 1098 1082; x_wconf 71' lang='lat' dir='ltr'><strong>huiusmodi</strong></span> <span class='ocrx_word' id='word_1_100' title='bbox 1128 1011 1592 1081; x_wconf 80' lang='lat' dir='ltr'><strong>interpretationis</strong></span> <span class='ocrx_word' id='word_1_101' title='bbox 1615 1027 1770 1074; x_wconf 87' lang='lat' dir='ltr'><strong>usus,</strong></span> <span class='ocrx_word' id='word_1_102' title='bbox 1805 1027 1929 1065; x_wconf 89' lang='lat' dir='ltr'><strong>cum</strong></span> <span class='ocrx_word' id='word_1_103' title='bbox 1957 1013 2162 1068; x_wconf 84' lang='lat' dir='ltr'><strong>scilicet</strong></span> <span class='ocrx_word' id='word_1_104' title='bbox 2185 1012 2383 1068; x_wconf 90' lang='lat' dir='ltr'><strong>abditis</strong></span> <span class='ocrx_word' id='word_1_105' title='bbox 2419 1011 2827 1083; x_wconf 88' lang='lat' dir='ltr'><strong>Scripturarum</strong></span> <span class='ocrx_word' id='word_1_106' title='bbox 2858 1011 3111 1068; x_wconf 87' lang='lat' dir='ltr'><strong>sensibus</strong></span> <span class='ocrx_word' id='word_1_107' title='bbox 3134 1010 3469 1082; x_wconf 80' lang='lat' dir='ltr'><strong>explicandis</strong></span> <span class='ocrx_word' id='word_1_108' title='bbox 3503 1012 3615 1066; x_wconf 90' lang='lat' dir='ltr'><strong>mi-</strong></span> 
     </span>
    </p>
   </div>
   <div class='ocr_carea' id='block_1_10' title="bbox 355 1102 3617 1176">
    <p class='ocr_par' dir='ltr' id='par_1_10' title="bbox 355 1102 3617 1176">
     <span class='ocr_line' id='line_1_10' title="bbox 355 1102 3617 1176; baseline 0.001 -20"><span class='ocrx_word' id='word_1_109' title='bbox 355 1102 502 1157; x_wconf 92' lang='lat' dir='ltr'><strong>nime</strong></span> <span class='ocrx_word' id='word_1_110' title='bbox 533 1102 792 1169; x_wconf 88' lang='lat' dir='ltr'><strong>inservit,</strong></span> <span class='ocrx_word' id='word_1_111' title='bbox 828 1104 920 1159; x_wconf 90' lang='lat' dir='ltr'><strong>sed</strong></span> <span class='ocrx_word' id='word_1_112' title='bbox 948 1120 1012 1160; x_wconf 91' lang='lat' dir='ltr'><strong>ea</strong></span> <span class='ocrx_word' id='word_1_113' title='bbox 1040 1105 1276 1174; x_wconf 86' lang='lat' dir='ltr'><strong>scriptor</strong></span> <span class='ocrx_word' id='word_1_114' title='bbox 1299 1106 1366 1158; x_wconf 90' lang='lat' dir='ltr'><strong>ad</strong></span> <span class='ocrx_word' id='word_1_115' title='bbox 1401 1119 1503 1158; x_wconf 91' lang='lat' dir='ltr'><strong>suo</strong></span> <span class='ocrx_word' id='word_1_116' title='bbox 1539 1103 1928 1172; x_wconf 85' lang='lat' dir='ltr'><strong>indulgendum</strong></span> <span class='ocrx_word' id='word_1_117' title='bbox 1956 1103 2173 1176; x_wconf 89' lang='lat' dir='ltr'><strong>ingenio</strong></span> <span class='ocrx_word' id='word_1_118' title='bbox 2200 1104 2481 1168; x_wconf 87' lang='lat' dir='ltr'><strong>abutitur.</strong></span> <span class='ocrx_word' id='word_1_119' title='bbox 2512 1106 2940 1174; x_wconf 86' lang='lat' dir='ltr'><strong>reprehensione</strong></span> <span class='ocrx_word' id='word_1_120' title='bbox 2967 1104 3164 1175; x_wconf 88' lang='lat' dir='ltr'><strong>dignus</strong></span> <span class='ocrx_word' id='word_1_121' title='bbox 3197 1103 3441 1159; x_wconf 90' lang='lat' dir='ltr'><strong>videtur:</strong></span> <span class='ocrx_word' id='word_1_122' title='bbox 3477 1105 3550 1158; x_wconf 88' lang='lat' dir='ltr'><strong>ita</strong></span> <span class='ocrx_word' id='word_1_123' title='bbox 3585 1119 3617 1158; x_wconf 90' lang='lat' dir='ltr'><strong>e</strong></span> 
     </span>
    </p>
   </div>
   <div class='ocr_carea' id='block_1_11' title="bbox 354 1195 3616 1268">
    <p class='ocr_par' dir='ltr' id='par_1_11' title="bbox 354 1195 3616 1268">
     <span class='ocr_line' id='line_1_11' title="bbox 354 1195 3616 1268; baseline 0 -20"><span class='ocrx_word' id='word_1_124' title='bbox 354 1195 572 1252; x_wconf 87' lang='lat' dir='ltr'><strong>diverso</strong></span> <span class='ocrx_word' id='word_1_125' title='bbox 603 1196 762 1251; x_wconf 92' lang='lat' dir='ltr'><strong>laude</strong></span> <span class='ocrx_word' id='word_1_126' title='bbox 785 1197 1140 1268; x_wconf 85' lang='lat' dir='ltr'><strong>excipiendus</strong></span> <span class='ocrx_word' id='word_1_127' title='bbox 1165 1208 1280 1265; x_wconf 91' lang='lat' dir='ltr'><strong>est,</strong></span> <span class='ocrx_word' id='word_1_128' title='bbox 1308 1215 1433 1254; x_wconf 92' lang='lat' dir='ltr'><strong>cum</strong></span> <span class='ocrx_word' id='word_1_129' title='bbox 1477 1197 1708 1268; x_wconf 82' lang='lat' dir='ltr'><strong>receptis</strong></span> <span class='ocrx_word' id='word_1_130' title='bbox 1730 1207 1974 1252; x_wconf 85' lang='lat' dir='ltr'><strong>veterum</strong></span> <span class='ocrx_word' id='word_1_131' title='bbox 2015 1197 2238 1252; x_wconf 86' lang='lat' dir='ltr'><strong>Patrum</strong></span> <span class='ocrx_word' id='word_1_132' title='bbox 2272 1199 2478 1268; x_wconf 87' lang='lat' dir='ltr'><strong>regulis</strong></span> <span class='ocrx_word' id='word_1_133' title='bbox 2506 1215 2568 1253; x_wconf 90' lang='lat' dir='ltr'><strong>ac</strong></span> <span class='ocrx_word' id='word_1_134' title='bbox 2608 1199 2893 1268; x_wconf 82' lang='lat' dir='ltr'><strong>praceptis</strong></span> <span class='ocrx_word' id='word_1_135' title='bbox 2924 1197 3156 1261; x_wconf 87' lang='lat' dir='ltr'><strong>insistit,</strong></span> <span class='ocrx_word' id='word_1_136' title='bbox 3201 1204 3256 1250; x_wconf 91' lang='lat' dir='ltr'><strong>et</strong></span> <span class='ocrx_word' id='word_1_137' title='bbox 3305 1195 3445 1250; x_wconf 89' lang='lat' dir='ltr'><strong>intra</strong></span> <span class='ocrx_word' id='word_1_138' title='bbox 3480 1209 3616 1249; x_wconf 88' lang='lat' dir='ltr'><strong>suos</strong></span> 
     </span>
    </p>
   </div>
   <div class='ocr_carea' id='block_1_12' title="bbox 353 1285 3616 1362">
    <p class='ocr_par' dir='ltr' id='par_1_12' title="bbox 353 1285 3616 1362">
     <span class='ocr_line' id='line_1_12' title="bbox 353 1285 3616 1362; baseline 0.001 -22"><span class='ocrx_word' id='word_1_139' title='bbox 353 1285 556 1344; x_wconf 88' lang='lat' dir='ltr'><strong>limites</strong></span> <span class='ocrx_word' id='word_1_140' title='bbox 584 1303 644 1343; x_wconf 84' lang='lat' dir='ltr'><strong>se</strong></span> <span class='ocrx_word' id='word_1_141' title='bbox 678 1290 938 1345; x_wconf 88' lang='lat' dir='ltr'><strong>continet.</strong></span> <span class='ocrx_word' id='word_1_142' title='bbox 973 1292 1156 1360; x_wconf 91' lang='lat' dir='ltr'><strong>Itaque</strong></span> <span class='ocrx_word' id='word_1_143' title='bbox 1187 1293 1295 1344; x_wconf 89' lang='lat' dir='ltr'><strong>duo</strong></span> <span class='ocrx_word' id='word_1_144' title='bbox 1331 1291 1383 1345; x_wconf 91' lang='lat' dir='ltr'><strong>in</strong></span> <span class='ocrx_word' id='word_1_145' title='bbox 1420 1291 1522 1345; x_wconf 90' lang='lat' dir='ltr'><strong>hac</strong></span> <span class='ocrx_word' id='word_1_146' title='bbox 1557 1307 1615 1345; x_wconf 91' lang='lat' dir='ltr'><strong>re</strong></span> <span class='ocrx_word' id='word_1_147' title='bbox 1649 1291 1858 1360; x_wconf 89' lang='lat' dir='ltr'><strong>scopuli</strong></span> <span class='ocrx_word' id='word_1_148' title='bbox 1887 1306 2236 1361; x_wconf 89' lang='lat' dir='ltr'><strong>summopere</strong></span> <span class='ocrx_word' id='word_1_149' title='bbox 2263 1292 2468 1346; x_wconf 84' lang='lat' dir='ltr'><strong>vitandi</strong></span> <span class='ocrx_word' id='word_1_150' title='bbox 2499 1301 2662 1357; x_wconf 85' lang='lat' dir='ltr'><strong>sunt,</strong></span> <span class='ocrx_word' id='word_1_151' title='bbox 2696 1293 2749 1346; x_wconf 91' lang='lat' dir='ltr'><strong>in</strong></span> <span class='ocrx_word' id='word_1_152' title='bbox 2790 1307 3024 1362; x_wconf 88' lang='lat' dir='ltr'><strong>quorum</strong></span> <span class='ocrx_word' id='word_1_153' title='bbox 3057 1291 3287 1346; x_wconf 87' lang='lat' dir='ltr'><strong>alterum</strong></span> <span class='ocrx_word' id='word_1_154' title='bbox 3321 1289 3616 1360; x_wconf 80' lang='lat' dir='ltr'><strong>impegisse</strong></span> 
     </span>
    </p>
   </div>
   <div class='ocr_carea' id='block_1_13' title="bbox 355 1380 3612 1454">
    <p class='ocr_par' dir='ltr' id='par_1_13' title="bbox 355 1380 3612 1454">
     <span class='ocr_line' id='line_1_13' title="bbox 355 1380 3612 1454; baseline -0.001 -20"><span class='ocrx_word' id='word_1_155' title='bbox 355 1380 637 1446; x_wconf 86' lang='lat' dir='ltr'><strong>videntur,</strong></span> <span class='ocrx_word' id='word_1_156' title='bbox 661 1383 756 1451; x_wconf 90' lang='lat' dir='ltr'><strong>qui</strong></span> <span class='ocrx_word' id='word_1_157' title='bbox 785 1392 1076 1452; x_wconf 86' lang='lat' dir='ltr'><strong>sequentes</strong></span> <span class='ocrx_word' id='word_1_158' title='bbox 1107 1383 1364 1454; x_wconf 82' lang='lat' dir='ltr'><strong>mysticos</strong></span> <span class='ocrx_word' id='word_1_159' title='bbox 1393 1398 1590 1438; x_wconf 87' lang='lat' dir='ltr'><strong>sensus</strong></span> <span class='ocrx_word' id='word_1_160' title='bbox 1613 1424 1627 1448; x_wconf 93' lang='lat'><strong>,</strong></span> <span class='ocrx_word' id='word_1_161' title='bbox 1659 1393 1712 1438; x_wconf 90' lang='lat' dir='ltr'><strong>et</strong></span> <span class='ocrx_word' id='word_1_162' title='bbox 1741 1382 2066 1454; x_wconf 87' lang='lat' dir='ltr'><strong>allegoricas</strong></span> <span class='ocrx_word' id='word_1_163' title='bbox 2091 1384 2564 1454; x_wconf 86' lang='lat' dir='ltr'><strong>interpretationes</strong></span> <span class='ocrx_word' id='word_1_164' title='bbox 2595 1385 2664 1439; x_wconf 88' lang='lat' dir='ltr'><strong>ab</strong></span> <span class='ocrx_word' id='word_1_165' title='bbox 2695 1384 2954 1440; x_wconf 85' lang='lat' dir='ltr'><strong>historica</strong></span> <span class='ocrx_word' id='word_1_166' title='bbox 2989 1397 3269 1438; x_wconf 88' lang='lat' dir='ltr'><strong>sacrarum</strong></span> <span class='ocrx_word' id='word_1_167' title='bbox 3305 1380 3612 1434; x_wconf 89' lang='lat' dir='ltr'><strong>litterarum</strong></span> 
     </span>
    </p>
   </div>
   <div class='ocr_carea' id='block_1_14' title="bbox 353 1470 3612 1547">
    <p class='ocr_par' dir='ltr' id='par_1_14' title="bbox 353 1470 3612 1547">
     <span class='ocr_line' id='line_1_14' title="bbox 353 1470 3612 1547; baseline 0 -24"><span class='ocrx_word' id='word_1_168' title='bbox 353 1470 581 1526; x_wconf 81' lang='lat' dir='ltr'><strong>veritate</strong></span> <span class='ocrx_word' id='word_1_169' title='bbox 615 1472 1025 1536; x_wconf 80' lang='lat' dir='ltr'><strong>discesserunt;</strong></span> <span class='ocrx_word' id='word_1_170' title='bbox 1058 1477 1200 1544; x_wconf 89' lang='lat' dir='ltr'><strong>apud</strong></span> <span class='ocrx_word' id='word_1_171' title='bbox 1233 1476 1464 1530; x_wconf 90' lang='lat' dir='ltr'><strong>alterum</strong></span> <span class='ocrx_word' id='word_1_172' title='bbox 1493 1491 1622 1530; x_wconf 91' lang='lat' dir='ltr'><strong>vero</strong></span> <span class='ocrx_word' id='word_1_173' title='bbox 1656 1475 1852 1530; x_wconf 88' lang='lat' dir='ltr'><strong>misere</strong></span> <span class='ocrx_word' id='word_1_174' title='bbox 1883 1473 2229 1546; x_wconf 79' lang='lat' dir='ltr'><strong>naufragium</strong></span> <span class='ocrx_word' id='word_1_175' title='bbox 2255 1475 2473 1541; x_wconf 86' lang='lat' dir='ltr'><strong>fecisse,</strong></span> <span class='ocrx_word' id='word_1_176' title='bbox 2509 1477 2602 1547; x_wconf 92' lang='lat' dir='ltr'><strong>qui</strong></span> <span class='ocrx_word' id='word_1_177' title='bbox 2629 1477 2904 1532; x_wconf 90' lang='lat' dir='ltr'><strong>mordicus</strong></span> <span class='ocrx_word' id='word_1_178' title='bbox 2927 1474 3144 1530; x_wconf 90' lang='lat' dir='ltr'><strong>litterali</strong></span> <span class='ocrx_word' id='word_1_179' title='bbox 3178 1471 3612 1542; x_wconf 86' lang='lat' dir='ltr'><strong>interpretationi</strong></span> 
     </span>
    </p>
   </div>
   <div class='ocr_carea' id='block_1_15' title="bbox 353 1559 3614 1640">
    <p class='ocr_par' dir='ltr' id='par_1_15' title="bbox 353 1559 3614 1640">
     <span class='ocr_line' id='line_1_15' title="bbox 353 1559 3614 1640; baseline 0.001 -28"><span class='ocrx_word' id='word_1_180' title='bbox 353 1559 712 1629; x_wconf 83' lang='lat' dir='ltr'><strong>inharentes,</strong></span> <span class='ocrx_word' id='word_1_181' title='bbox 736 1565 941 1620; x_wconf 89' lang='lat' dir='ltr'><strong>relictis</strong></span> <span class='ocrx_word' id='word_1_182' title='bbox 971 1577 1214 1621; x_wconf 84' lang='lat' dir='ltr'><strong>veterum</strong></span> <span class='ocrx_word' id='word_1_183' title='bbox 1239 1576 1554 1622; x_wconf 81' lang='lat' dir='ltr'><strong>sanctorum</strong></span> <span class='ocrx_word' id='word_1_184' title='bbox 1582 1566 1806 1621; x_wconf 87' lang='lat' dir='ltr'><strong>Patrum</strong></span> <span class='ocrx_word' id='word_1_185' title='bbox 1833 1567 2077 1637; x_wconf 83' lang='lat' dir='ltr'><strong>vestigiis</strong></span> <span class='ocrx_word' id='word_1_186' title='bbox 2096 1609 2112 1634; x_wconf 97' lang='lat'><strong>,</strong></span> <span class='ocrx_word' id='word_1_187' title='bbox 2149 1569 2206 1623; x_wconf 89' lang='lat' dir='ltr'><strong>in</strong></span> <span class='ocrx_word' id='word_1_188' title='bbox 2253 1569 2406 1624; x_wconf 91' lang='lat' dir='ltr'><strong>devia</strong></span> <span class='ocrx_word' id='word_1_189' title='bbox 2433 1584 2498 1624; x_wconf 91' lang='lat' dir='ltr'><strong>ac</strong></span> <span class='ocrx_word' id='word_1_190' title='bbox 2540 1579 2815 1640; x_wconf 87' lang='lat' dir='ltr'><strong>prarupta</strong></span> <span class='ocrx_word' id='word_1_191' title='bbox 2852 1569 3116 1623; x_wconf 85' lang='lat' dir='ltr'><strong>abeuntes</strong></span> <span class='ocrx_word' id='word_1_192' title='bbox 3164 1565 3220 1620; x_wconf 92' lang='lat' dir='ltr'><strong>in</strong></span> <span class='ocrx_word' id='word_1_193' title='bbox 3263 1566 3383 1620; x_wconf 91' lang='lat' dir='ltr'><strong>luce</strong></span> <span class='ocrx_word' id='word_1_194' title='bbox 3411 1564 3614 1618; x_wconf 81' lang='lat' dir='ltr'><strong>divina</strong></span> 
     </span>
    </p>
   </div>
   <div class='ocr_carea' id='block_1_16' title="bbox 351 1657 3615 1736">
    <p class='ocr_par' dir='ltr' id='par_1_16' title="bbox 351 1657 3615 1736">
     <span class='ocr_line' id='line_1_16' title="bbox 351 1657 3615 1736; baseline -0.001 -25"><span class='ocrx_word' id='word_1_195' title='bbox 351 1674 542 1712; x_wconf 88' lang='lat' dir='ltr'><strong>eorum</strong></span> <span class='ocrx_word' id='word_1_196' title='bbox 564 1660 843 1731; x_wconf 89' lang='lat' dir='ltr'><strong>sapientia</strong></span> <span class='ocrx_word' id='word_1_197' title='bbox 867 1678 930 1716; x_wconf 90' lang='lat' dir='ltr'><strong>ac</strong></span> <span class='ocrx_word' id='word_1_198' title='bbox 962 1663 1202 1718; x_wconf 74' lang='lat' dir='ltr'><strong>calestis</strong></span> <span class='ocrx_word' id='word_1_199' title='bbox 1223 1663 1486 1719; x_wconf 87' lang='lat' dir='ltr'><strong>doctrina</strong></span> <span class='ocrx_word' id='word_1_200' title='bbox 1514 1664 1902 1736; x_wconf 88' lang='lat' dir='ltr'><strong>caligaverunt.</strong></span> <span class='ocrx_word' id='word_1_201' title='bbox 1939 1663 2117 1734; x_wconf 80' lang='lat' dir='ltr'><strong>Atque</strong></span> <span class='ocrx_word' id='word_1_202' title='bbox 2141 1664 2213 1719; x_wconf 90' lang='lat' dir='ltr'><strong>ila</strong></span> <span class='ocrx_word' id='word_1_203' title='bbox 2234 1707 2249 1732; x_wconf 93' lang='lat'><strong>,</strong></span> <span class='ocrx_word' id='word_1_204' title='bbox 2280 1665 2482 1721; x_wconf 84' lang='lat' dir='ltr'><strong>clausis</strong></span> <span class='ocrx_word' id='word_1_205' title='bbox 2516 1662 2584 1718; x_wconf 92' lang='lat' dir='ltr'><strong>ad</strong></span> <span class='ocrx_word' id='word_1_206' title='bbox 2625 1663 2998 1733; x_wconf 78' lang='lat' dir='ltr'><strong>evangelicum</strong></span> <span class='ocrx_word' id='word_1_207' title='bbox 3032 1661 3215 1716; x_wconf 92' lang='lat' dir='ltr'><strong>lumen</strong></span> <span class='ocrx_word' id='word_1_208' title='bbox 3265 1657 3470 1722; x_wconf 91' lang='lat' dir='ltr'><strong>oculis,</strong></span> <span class='ocrx_word' id='word_1_209' title='bbox 3514 1670 3615 1725; x_wconf 89' lang='lat' dir='ltr'><strong>per</strong></span> 
     </span>
    </p>
   </div>
   <div class='ocr_carea' id='block_1_17' title="bbox 354 1748 3617 1826">
    <p class='ocr_par' dir='ltr' id='par_1_17' title="bbox 354 1748 3617 1826">
     <span class='ocr_line' id='line_1_17' title="bbox 354 1748 3617 1826; baseline 0 -25"><span class='ocrx_word' id='word_1_210' title='bbox 354 1748 584 1804; x_wconf 88' lang='lat' dir='ltr'><strong>humilia</strong></span> <span class='ocrx_word' id='word_1_211' title='bbox 617 1763 917 1822; x_wconf 87' lang='lat' dir='ltr'><strong>reptantes,</strong></span> <span class='ocrx_word' id='word_1_212' title='bbox 948 1754 1123 1808; x_wconf 84' lang='lat' dir='ltr'><strong>solum</strong></span> <span class='ocrx_word' id='word_1_213' title='bbox 1152 1755 1392 1808; x_wconf 89' lang='lat' dir='ltr'><strong>humana</strong></span> <span class='ocrx_word' id='word_1_214' title='bbox 1421 1770 1485 1809; x_wconf 92' lang='lat' dir='ltr'><strong>ac</strong></span> <span class='ocrx_word' id='word_1_215' title='bbox 1511 1763 1726 1810; x_wconf 91' lang='lat' dir='ltr'><strong>terrena</strong></span> <span class='ocrx_word' id='word_1_216' title='bbox 1755 1754 2140 1825; x_wconf 83' lang='lat' dir='ltr'><strong>percipientes,</strong></span> <span class='ocrx_word' id='word_1_217' title='bbox 2170 1755 2508 1826; x_wconf 74' lang='lat' dir='ltr'><strong>maiestatem</strong></span> <span class='ocrx_word' id='word_1_218' title='bbox 2541 1753 2634 1808; x_wconf 88' lang='lat' dir='ltr'><strong>Dei</strong></span> <span class='ocrx_word' id='word_1_219' title='bbox 2667 1755 2722 1808; x_wconf 92' lang='lat' dir='ltr'><strong>in</strong></span> <span class='ocrx_word' id='word_1_220' title='bbox 2749 1753 2969 1808; x_wconf 84' lang='lat' dir='ltr'><strong>Christo</strong></span> <span class='ocrx_word' id='word_1_221' title='bbox 2995 1752 3226 1806; x_wconf 90' lang='lat' dir='ltr'><strong>Domino</strong></span> <span class='ocrx_word' id='word_1_222' title='bbox 3247 1751 3431 1805; x_wconf 91' lang='lat' dir='ltr'><strong>animo</strong></span> <span class='ocrx_word' id='word_1_223' title='bbox 3459 1763 3617 1802; x_wconf 83' lang='lat' dir='ltr'><strong>corr.-</strong></span> 
     </span>
    </p>
   </div>
   <div class='ocr_carea' id='block_1_18' title="bbox 352 1840 3615 1916">
    <p class='ocr_par' dir='ltr' id='par_1_18' title="bbox 352 1840 3615 1916">
     <span class='ocr_line' id='line_1_18' title="bbox 352 1840 3615 1916; baseline 0 -23"><span class='ocrx_word' id='word_1_224' title='bbox 352 1840 688 1908; x_wconf 86' lang='lat' dir='ltr'><strong>prehendere</strong></span> <span class='ocrx_word' id='word_1_225' title='bbox 711 1845 1107 1913; x_wconf 90' lang='lat' dir='ltr'><strong>nequiverunt,</strong></span> <span class='ocrx_word' id='word_1_226' title='bbox 1142 1845 1264 1901; x_wconf 89' lang='lat' dir='ltr'><strong>ideo</strong></span> <span class='ocrx_word' id='word_1_227' title='bbox 1288 1861 1488 1916; x_wconf 88' lang='lat' dir='ltr'><strong>negare</strong></span> <span class='ocrx_word' id='word_1_228' title='bbox 1513 1848 1631 1902; x_wconf 89' lang='lat' dir='ltr'><strong>ausi</strong></span> <span class='ocrx_word' id='word_1_229' title='bbox 1660 1857 1790 1902; x_wconf 91' lang='lat' dir='ltr'><strong>sunt</strong></span> <span class='ocrx_word' id='word_1_230' title='bbox 1815 1864 1829 1912; x_wconf 91' lang='lat'><strong>;</strong></span> <span class='ocrx_word' id='word_1_231' title='bbox 1857 1857 1912 1902; x_wconf 91' lang='lat' dir='ltr'><strong>et</strong></span> <span class='ocrx_word' id='word_1_232' title='bbox 1940 1856 2213 1904; x_wconf 89' lang='lat' dir='ltr'><strong>sectantes</strong></span> <span class='ocrx_word' id='word_1_233' title='bbox 2243 1849 2604 1903; x_wconf 86' lang='lat' dir='ltr'><strong>humilitatem</strong></span> <span class='ocrx_word' id='word_1_234' title='bbox 2632 1847 2824 1901; x_wconf 84' lang='lat' dir='ltr'><strong>littera</strong></span> <span class='ocrx_word' id='word_1_235' title='bbox 2849 1861 2881 1900; x_wconf 87' lang='lat' dir='ltr'><strong>a</strong></span> <span class='ocrx_word' id='word_1_236' title='bbox 2906 1844 3242 1901; x_wconf 89' lang='lat' dir='ltr'><strong>sublimitate</strong></span> <span class='ocrx_word' id='word_1_237' title='bbox 3288 1841 3615 1898; x_wconf 80' lang='lat' dir='ltr'><strong>exciderunt</strong></span> 
     </span>
    </p>
   </div>
   <div class='ocr_carea' id='block_1_19' title="bbox 353 1931 3612 2016">
    <p class='ocr_par' dir='ltr' id='par_1_19' title="bbox 353 1931 3612 2016">
     <span class='ocr_line' id='line_1_19' title="bbox 353 1931 3612 2016; baseline 0 -33"><span class='ocrx_word' id='word_1_238' title='bbox 353 1931 682 1989; x_wconf 89' lang='lat' dir='ltr'><strong>Divinitatis.</strong></span> <span class='ocrx_word' id='word_1_239' title='bbox 726 1935 802 1989; x_wconf 88' lang='lat' dir='ltr'><strong>Ex</strong></span> <span class='ocrx_word' id='word_1_240' title='bbox 846 1937 1045 1990; x_wconf 91' lang='lat' dir='ltr'><strong>horum</strong></span> <span class='ocrx_word' id='word_1_241' title='bbox 1077 1953 1306 1991; x_wconf 91' lang='lat' dir='ltr'><strong>numero</strong></span> <span class='ocrx_word' id='word_1_242' title='bbox 1341 1936 1564 1992; x_wconf 87' lang='lat' dir='ltr'><strong>fuerunt</strong></span> <span class='ocrx_word' id='word_1_243' title='bbox 1600 1937 1842 1993; x_wconf 87' lang='lat' dir='ltr'><strong>Ebionai</strong></span> <span class='ocrx_word' id='word_1_244' title='bbox 1869 1978 1884 2002; x_wconf 92' lang='lat'><strong>,</strong></span> <span class='ocrx_word' id='word_1_245' title='bbox 1931 1937 2315 2004; x_wconf 84' lang='lat' dir='ltr'><strong>Paulianista,</strong></span> <span class='ocrx_word' id='word_1_246' title='bbox 2352 1937 2734 1994; x_wconf 85' lang='lat' dir='ltr'><strong>Socinianista</strong></span> <span class='ocrx_word' id='word_1_247' title='bbox 2759 1979 2773 2004; x_wconf 93' lang='lat'><strong>,</strong></span> <span class='ocrx_word' id='word_1_248' title='bbox 2807 1936 3009 2008; x_wconf 85' lang='lat' dir='ltr'><strong>aliique</strong></span> <span class='ocrx_word' id='word_1_249' title='bbox 3052 1935 3282 1990; x_wconf 91' lang='lat' dir='ltr'><strong>istorum</strong></span> <span class='ocrx_word' id='word_1_250' title='bbox 3323 1945 3612 2016; x_wconf 61' lang='lat' dir='ltr'><strong>sequaces:</strong></span> 
     </span>
    </p>
   </div>
   <div class='ocr_carea' id='block_1_20' title="bbox 351 2021 3613 2101">
    <p class='ocr_par' dir='ltr' id='par_1_20' title="bbox 351 2021 3613 2101">
     <span class='ocr_line' id='line_1_20' title="bbox 351 2021 3613 2101; baseline 0 -26"><span class='ocrx_word' id='word_1_251' title='bbox 351 2022 716 2091; x_wconf 85' lang='lat' dir='ltr'><strong>Quamobrem</strong></span> <span class='ocrx_word' id='word_1_252' title='bbox 753 2043 819 2081; x_wconf 92' lang='lat' dir='ltr'><strong>ne</strong></span> <span class='ocrx_word' id='word_1_253' title='bbox 844 2038 990 2082; x_wconf 91' lang='lat' dir='ltr'><strong>recto</strong></span> <span class='ocrx_word' id='word_1_254' title='bbox 1023 2029 1214 2083; x_wconf 92' lang='lat' dir='ltr'><strong>itinere</strong></span> <span class='ocrx_word' id='word_1_255' title='bbox 1242 2029 1432 2083; x_wconf 91' lang='lat' dir='ltr'><strong>relicto</strong></span> <span class='ocrx_word' id='word_1_256' title='bbox 1454 2069 1468 2090; x_wconf 84' lang='lat'><strong>,</strong></span> <span class='ocrx_word' id='word_1_257' title='bbox 1506 2030 1558 2082; x_wconf 92' lang='lat' dir='ltr'><strong>in</strong></span> <span class='ocrx_word' id='word_1_258' title='bbox 1595 2030 1775 2084; x_wconf 87' lang='lat' dir='ltr'><strong>brevia</strong></span> <span class='ocrx_word' id='word_1_259' title='bbox 1807 2046 1872 2085; x_wconf 93' lang='lat' dir='ltr'><strong>ac</strong></span> <span class='ocrx_word' id='word_1_260' title='bbox 1902 2039 2078 2101; x_wconf 87' lang='lat' dir='ltr'><strong>syrtes</strong></span> <span class='ocrx_word' id='word_1_261' title='bbox 2107 2031 2458 2096; x_wconf 88' lang='lat' dir='ltr'><strong>aberremus,</strong></span> <span class='ocrx_word' id='word_1_262' title='bbox 2495 2030 2548 2083; x_wconf 91' lang='lat' dir='ltr'><strong>in</strong></span> <span class='ocrx_word' id='word_1_263' title='bbox 2582 2045 2641 2084; x_wconf 92' lang='lat' dir='ltr'><strong>re</strong></span> <span class='ocrx_word' id='word_1_264' title='bbox 2676 2037 2782 2083; x_wconf 90' lang='lat' dir='ltr'><strong>tam</strong></span> <span class='ocrx_word' id='word_1_265' title='bbox 2815 2027 3015 2084; x_wconf 82' lang='lat' dir='ltr'><strong>diﬁicili</strong></span> <span class='ocrx_word' id='word_1_266' title='bbox 3035 2067 3049 2091; x_wconf 93' lang='lat'><strong>,</strong></span> <span class='ocrx_word' id='word_1_267' title='bbox 3078 2027 3323 2096; x_wconf 91' lang='lat' dir='ltr'><strong>tantique</strong></span> <span class='ocrx_word' id='word_1_268' title='bbox 3347 2021 3613 2078; x_wconf 83' lang='lat' dir='ltr'><strong>momentl</strong></span> 
     </span>
    </p>
   </div>
   <div class='ocr_carea' id='block_1_21' title="bbox 353 2114 3710 2195">
    <p class='ocr_par' dir='ltr' id='par_1_21' title="bbox 353 2114 3710 2195">
     <span class='ocr_line' id='line_1_21' title="bbox 353 2114 3710 2195; baseline -0.001 -22"><span class='ocrx_word' id='word_1_269' title='bbox 353 2119 578 2173; x_wconf 87' lang='lat' dir='ltr'><strong>omnino</strong></span> <span class='ocrx_word' id='word_1_270' title='bbox 605 2121 868 2175; x_wconf 87' lang='lat' dir='ltr'><strong>servanda</strong></span> <span class='ocrx_word' id='word_1_271' title='bbox 899 2136 928 2174; x_wconf 88' lang='lat' dir='ltr'><strong>a</strong></span> <span class='ocrx_word' id='word_1_272' title='bbox 957 2121 1115 2176; x_wconf 92' lang='lat' dir='ltr'><strong>nobis</strong></span> <span class='ocrx_word' id='word_1_273' title='bbox 1142 2129 1226 2176; x_wconf 92' lang='lat' dir='ltr'><strong>est</strong></span> <span class='ocrx_word' id='word_1_274' title='bbox 1259 2121 1463 2192; x_wconf 87' lang='lat' dir='ltr'><strong>regula,</strong></span> <span class='ocrx_word' id='word_1_275' title='bbox 1493 2137 1656 2191; x_wconf 92' lang='lat' dir='ltr'><strong>quam</strong></span> <span class='ocrx_word' id='word_1_276' title='bbox 1688 2123 1791 2176; x_wconf 91' lang='lat' dir='ltr'><strong>sibi</strong></span> <span class='ocrx_word' id='word_1_277' title='bbox 1822 2123 2162 2192; x_wconf 88' lang='lat' dir='ltr'><strong>sequendam</strong></span> <span class='ocrx_word' id='word_1_278' title='bbox 2194 2121 2483 2192; x_wconf 89' lang='lat' dir='ltr'><strong>proposuit</strong></span> <span class='ocrx_word' id='word_1_279' title='bbox 2508 2129 2734 2176; x_wconf 89' lang='lat' dir='ltr'><strong>sanctus</strong></span> <span class='ocrx_word' id='word_1_280' title='bbox 2761 2119 3056 2191; x_wconf 86' lang='lat' dir='ltr'><strong>Gregorius</strong></span> <span class='ocrx_word' id='word_1_281' title='bbox 3086 2117 3482 2180; x_wconf 82' lang='lat' dir='ltr'><strong>Nazianzenus,</strong></span> <span class='ocrx_word' id='word_1_282' title='bbox 3515 2114 3614 2183; x_wconf 85' lang='lat' dir='ltr'><strong>qui</strong></span> <span class='ocrx_word' id='word_1_283' title='bbox 3696 2184 3710 2195; x_wconf 78' lang='lat'><em>_</em></span> 
     </span>
    </p>
   </div>
   <div class='ocr_carea' id='block_1_22' title="bbox 352 2207 3616 2285">
    <p class='ocr_par' dir='ltr' id='par_1_22' title="bbox 352 2207 3616 2285">
     <span class='ocr_line' id='line_1_22' title="bbox 352 2207 3616 2285; baseline -0 -23"><span class='ocrx_word' id='word_1_284' title='bbox 352 2209 406 2263; x_wconf 92' lang='lat' dir='ltr'><strong>in</strong></span> <span class='ocrx_word' id='word_1_285' title='bbox 431 2210 678 2264; x_wconf 87' lang='lat' dir='ltr'><strong>oratione</strong></span> <span class='ocrx_word' id='word_1_286' title='bbox 705 2212 1123 2284; x_wconf 84' lang='lat' dir='ltr'><strong>quadragesima</strong></span> <span class='ocrx_word' id='word_1_287' title='bbox 1147 2214 1421 2268; x_wconf 90' lang='lat' dir='ltr'><strong>secunda:</strong></span> <span class='ocrx_word' id='word_1_288' title='bbox 1458 2233 1476 2264; x_wconf 84' lang='grc'><strong>‹</strong></span> <span class='ocrx_word' id='word_1_289' title='bbox 1501 2212 1633 2279; x_wconf 88' lang='lat' dir='ltr'><strong>Nos,</strong></span> <span class='ocrx_word' id='word_1_290' title='bbox 1655 2213 1850 2284; x_wconf 90' lang='lat' dir='ltr'><strong>inquit,</strong></span> <span class='ocrx_word' id='word_1_291' title='bbox 1880 2215 2055 2270; x_wconf 90' lang='lat' dir='ltr'><strong>media</strong></span> <span class='ocrx_word' id='word_1_292' title='bbox 2082 2214 2316 2285; x_wconf 90' lang='lat' dir='ltr'><strong>quadam</strong></span> <span class='ocrx_word' id='word_1_293' title='bbox 2345 2214 2432 2268; x_wconf 92' lang='lat' dir='ltr'><strong>via</strong></span> <span class='ocrx_word' id='word_1_294' title='bbox 2458 2213 2599 2268; x_wconf 90' lang='lat' dir='ltr'><strong>inter</strong></span> <span class='ocrx_word' id='word_1_295' title='bbox 2623 2228 2719 2269; x_wconf 91' lang='lat' dir='ltr'><strong>eos</strong></span> <span class='ocrx_word' id='word_1_296' title='bbox 2735 2215 2829 2285; x_wconf 89' lang='lat' dir='ltr'><strong>qui</strong></span> <span class='ocrx_word' id='word_1_297' title='bbox 2855 2213 3126 2270; x_wconf 87' lang='lat' dir='ltr'><strong>crassiore</strong></span> <span class='ocrx_word' id='word_1_298' title='bbox 3146 2211 3371 2266; x_wconf 90' lang='lat' dir='ltr'><strong>omnino</strong></span> <span class='ocrx_word' id='word_1_299' title='bbox 3393 2207 3616 2279; x_wconf 86' lang='lat' dir='ltr'><strong>ingenio</strong></span> 
     </span>
    </p>
   </div>
   <div class='ocr_carea' id='block_1_23' title="bbox 350 2303 3616 2377">
    <p class='ocr_par' dir='ltr' id='par_1_23' title="bbox 350 2303 3616 2377">
     <span class='ocr_line' id='line_1_23' title="bbox 350 2303 3616 2377; baseline 0 -23"><span class='ocrx_word' id='word_1_300' title='bbox 350 2309 498 2364; x_wconf 88' lang='lat' dir='ltr'><strong>sunt,</strong></span> <span class='ocrx_word' id='word_1_301' title='bbox 533 2312 587 2355; x_wconf 91' lang='lat' dir='ltr'><strong>et</strong></span> <span class='ocrx_word' id='word_1_302' title='bbox 616 2315 710 2356; x_wconf 91' lang='lat' dir='ltr'><strong>eos</strong></span> <span class='ocrx_word' id='word_1_303' title='bbox 737 2303 828 2371; x_wconf 91' lang='lat' dir='ltr'><strong>qui</strong></span> <span class='ocrx_word' id='word_1_304' title='bbox 861 2304 1029 2358; x_wconf 87' lang='lat' dir='ltr'><strong>nimio</strong></span> <span class='ocrx_word' id='word_1_305' title='bbox 1055 2305 1533 2375; x_wconf 89' lang='lat' dir='ltr'><strong>contemplationis</strong></span> <span class='ocrx_word' id='word_1_306' title='bbox 1559 2315 1612 2358; x_wconf 91' lang='lat' dir='ltr'><strong>et</strong></span> <span class='ocrx_word' id='word_1_307' title='bbox 1643 2307 1922 2377; x_wconf 79' lang='lat' dir='ltr'><strong>anagogia</strong></span> <span class='ocrx_word' id='word_1_308' title='bbox 1958 2309 2140 2362; x_wconf 88' lang='lat' dir='ltr'><strong>studio</strong></span> <span class='ocrx_word' id='word_1_309' title='bbox 2169 2308 2466 2372; x_wconf 91' lang='lat' dir='ltr'><strong>ducuntur,</strong></span> <span class='ocrx_word' id='word_1_310' title='bbox 2499 2306 2833 2371; x_wconf 89' lang='lat' dir='ltr'><strong>incedentes,</strong></span> <span class='ocrx_word' id='word_1_311' title='bbox 2860 2316 3044 2362; x_wconf 91' lang='lat' dir='ltr'><strong>utnec</strong></span> <span class='ocrx_word' id='word_1_312' title='bbox 3070 2319 3297 2376; x_wconf 88' lang='lat' dir='ltr'><strong>prorsus</strong></span> <span class='ocrx_word' id='word_1_313' title='bbox 3323 2303 3524 2356; x_wconf 90' lang='lat' dir='ltr'><strong>inertes</strong></span> <span class='ocrx_word' id='word_1_314' title='bbox 3549 2315 3616 2355; x_wconf 93' lang='lat' dir='ltr'><strong>ac</strong></span> 
     </span>
    </p>
   </div>
   <div class='ocr_carea' id='block_1_24' title="bbox 351 2394 3617 2473">
    <p class='ocr_par' dir='ltr' id='par_1_24' title="bbox 351 2394 3617 2473">
     <span class='ocr_line' id='line_1_24' title="bbox 351 2394 3617 2473; baseline 0 -26"><span class='ocrx_word' id='word_1_315' title='bbox 351 2394 548 2463; x_wconf 89' lang='lat' dir='ltr'><strong>torpidi</strong></span> <span class='ocrx_word' id='word_1_316' title='bbox 586 2411 906 2453; x_wconf 85' lang='lat' dir='ltr'><strong>maneamus</strong></span> <span class='ocrx_word' id='word_1_317' title='bbox 927 2438 943 2461; x_wconf 89' lang='lat'><em>.</em></span> <span class='ocrx_word' id='word_1_318' title='bbox 977 2415 1078 2454; x_wconf 90' lang='lat' dir='ltr'><strong>nec</strong></span> <span class='ocrx_word' id='word_1_319' title='bbox 1108 2415 1303 2456; x_wconf 90' lang='lat' dir='ltr'><strong>rursus</strong></span> <span class='ocrx_word' id='word_1_320' title='bbox 1333 2399 1668 2455; x_wconf 90' lang='lat' dir='ltr'><strong>curiosiores</strong></span> <span class='ocrx_word' id='word_1_321' title='bbox 1695 2401 1868 2455; x_wconf 89' lang='lat' dir='ltr'><strong>simus</strong></span> <span class='ocrx_word' id='word_1_322' title='bbox 1897 2417 2061 2471; x_wconf 90' lang='lat' dir='ltr'><strong>quam</strong></span> <span class='ocrx_word' id='word_1_323' title='bbox 2090 2419 2189 2473; x_wconf 91' lang='lat' dir='ltr'><strong>par</strong></span> <span class='ocrx_word' id='word_1_324' title='bbox 2217 2402 2324 2468; x_wconf 91' lang='lat' dir='ltr'><strong>sit,</strong></span> <span class='ocrx_word' id='word_1_325' title='bbox 2359 2411 2522 2472; x_wconf 89' lang='lat' dir='ltr'><strong>atque</strong></span> <span class='ocrx_word' id='word_1_326' title='bbox 2552 2416 2582 2454; x_wconf 90' lang='lat' dir='ltr'><strong>a</strong></span> <span class='ocrx_word' id='word_1_327' title='bbox 2620 2401 2898 2472; x_wconf 89' lang='lat' dir='ltr'><strong>proposito</strong></span> <span class='ocrx_word' id='word_1_328' title='bbox 2926 2407 3248 2470; x_wconf 83' lang='lat' dir='ltr'><strong>argumento</strong></span> <span class='ocrx_word' id='word_1_329' title='bbox 3294 2395 3617 2451; x_wconf 74' lang='lat' dir='ltr'><strong>excidemus</strong></span> 
     </span>
    </p>
   </div>
   <div class='ocr_carea' id='block_1_25' title="bbox 348 2487 3615 2572">
    <p class='ocr_par' dir='ltr' id='par_1_25' title="bbox 348 2487 3615 2572">
     <span class='ocr_line' id='line_1_25' title="bbox 348 2487 3615 2572; baseline -0 -31"><span class='ocrx_word' id='word_1_330' title='bbox 348 2496 402 2541; x_wconf 91' lang='lat' dir='ltr'><strong>et</strong></span> <span class='ocrx_word' id='word_1_331' title='bbox 429 2503 721 2560; x_wconf 88' lang='lat' dir='ltr'><strong>evagemur</strong></span> <span class='ocrx_word' id='word_1_332' title='bbox 748 2493 1002 2560; x_wconf 81' lang='lat' dir='ltr'><strong>(alterum</strong></span> <span class='ocrx_word' id='word_1_333' title='bbox 1033 2495 1177 2549; x_wconf 89' lang='lat' dir='ltr'><strong>enim</strong></span> <span class='ocrx_word' id='word_1_334' title='bbox 1203 2493 1490 2550; x_wconf 85' lang='lat' dir='ltr'><strong>Judaicum</strong></span> <span class='ocrx_word' id='word_1_335' title='bbox 1521 2495 1927 2565; x_wconf 88' lang='lat' dir='ltr'><strong>quodammodo</strong></span> <span class='ocrx_word' id='word_1_336' title='bbox 1953 2505 2006 2551; x_wconf 91' lang='lat' dir='ltr'><strong>et</strong></span> <span class='ocrx_word' id='word_1_337' title='bbox 2031 2497 2304 2566; x_wconf 89' lang='lat' dir='ltr'><strong>abjectum</strong></span> <span class='ocrx_word' id='word_1_338' title='bbox 2327 2535 2342 2561; x_wconf 94' lang='lat'><strong>,</strong></span> <span class='ocrx_word' id='word_1_339' title='bbox 2379 2495 2611 2550; x_wconf 89' lang='lat' dir='ltr'><strong>alterum</strong></span> <span class='ocrx_word' id='word_1_340' title='bbox 2647 2495 2886 2564; x_wconf 81' lang='lat' dir='ltr'><strong>ineptum</strong></span> <span class='ocrx_word' id='word_1_341' title='bbox 2908 2535 2923 2560; x_wconf 93' lang='lat'><strong>,</strong></span> <span class='ocrx_word' id='word_1_342' title='bbox 2959 2508 3023 2548; x_wconf 91' lang='lat' dir='ltr'><strong>ac</strong></span> <span class='ocrx_word' id='word_1_343' title='bbox 3053 2492 3389 2547; x_wconf 91' lang='lat' dir='ltr'><strong>somniorum</strong></span> <span class='ocrx_word' id='word_1_344' title='bbox 3420 2487 3615 2572; x_wconf 65' lang='lat' dir='ltr'><strong>conie-</strong></span> 
     </span>
    </p>
   </div>
   <div class='ocr_carea' id='block_1_26' title="bbox 345 2579 3668 2660">
    <p class='ocr_par' dir='ltr' id='par_1_26' title="bbox 345 2579 3668 2660">
     <span class='ocr_line' id='line_1_26' title="bbox 345 2579 3668 2660; baseline -0.002 -20"><span class='ocrx_word' id='word_1_345' title='bbox 345 2591 500 2640; x_wconf 80' lang='lat' dir='ltr'><strong>ctore</strong></span> <span class='ocrx_word' id='word_1_346' title='bbox 530 2585 787 2655; x_wconf 79' lang='lat' dir='ltr'><strong>dignum.</strong></span> <span class='ocrx_word' id='word_1_347' title='bbox 815 2603 1108 2658; x_wconf 87' lang='lat' dir='ltr'><strong>paremque</strong></span> <span class='ocrx_word' id='word_1_348' title='bbox 1137 2600 1430 2660; x_wconf 90' lang='lat' dir='ltr'><strong>utrumque</strong></span> <span class='ocrx_word' id='word_1_349' title='bbox 1457 2591 1935 2660; x_wconf 87' lang='lat' dir='ltr'><strong>reprehensionem</strong></span> <span class='ocrx_word' id='word_1_350' title='bbox 1972 2596 2272 2660; x_wconf 88' lang='lat' dir='ltr'><strong>meretur),</strong></span> <span class='ocrx_word' id='word_1_351' title='bbox 2298 2591 2364 2645; x_wconf 90' lang='lat' dir='ltr'><strong>ad</strong></span> <span class='ocrx_word' id='word_1_352' title='bbox 2398 2590 2544 2646; x_wconf 89' lang='lat' dir='ltr'><strong>hunc</strong></span> <span class='ocrx_word' id='word_1_353' title='bbox 2574 2589 2794 2644; x_wconf 88' lang='lat' dir='ltr'><strong>modum</strong></span> <span class='ocrx_word' id='word_1_354' title='bbox 2828 2589 2895 2641; x_wconf 91' lang='lat' dir='ltr'><strong>de</strong></span> <span class='ocrx_word' id='word_1_355' title='bbox 2938 2585 3024 2639; x_wconf 89' lang='lat' dir='ltr'><strong>his</strong></span> <span class='ocrx_word' id='word_1_356' title='bbox 3066 2584 3232 2638; x_wconf 87' lang='lat' dir='ltr'><strong>rebus</strong></span> <span class='ocrx_word' id='word_1_357' title='bbox 3265 2595 3365 2652; x_wconf 93' lang='lat' dir='ltr'><strong>pro</strong></span> <span class='ocrx_word' id='word_1_358' title='bbox 3409 2579 3613 2632; x_wconf 90' lang='lat' dir='ltr'><strong>virium</strong></span> <span class='ocrx_word' id='word_1_359' title='bbox 3647 2617 3668 2638; x_wconf 55' lang='grc' dir='ltr'><strong>ι,</strong></span> 
     </span>
    </p>
   </div>
   <div class='ocr_carea' id='block_1_27' title="bbox 349 2671 3615 2746">
    <p class='ocr_par' dir='ltr' id='par_1_27' title="bbox 349 2671 3615 2746">
     <span class='ocr_line' id='line_1_27' title="bbox 349 2671 3615 2746; baseline -0.003 -12"><span class='ocrx_word' id='word_1_360' title='bbox 349 2689 662 2734; x_wconf 88' lang='lat' dir='ltr'><strong>nostrarum</strong></span> <span class='ocrx_word' id='word_1_361' title='bbox 694 2682 914 2736; x_wconf 90' lang='lat' dir='ltr'><strong>modulo</strong></span> <span class='ocrx_word' id='word_1_362' title='bbox 947 2699 1055 2737; x_wconf 91' lang='lat' dir='ltr'><strong>non</strong></span> <span class='ocrx_word' id='word_1_363' title='bbox 1089 2684 1254 2738; x_wconf 92' lang='lat' dir='ltr'><strong>nimis</strong></span> <span class='ocrx_word' id='word_1_364' title='bbox 1281 2684 1518 2738; x_wconf 87' lang='lat' dir='ltr'><strong>absurde</strong></span> <span class='ocrx_word' id='word_1_365' title='bbox 1541 2699 1639 2738; x_wconf 91' lang='lat' dir='ltr'><strong>nec</strong></span> <span class='ocrx_word' id='word_1_366' title='bbox 1673 2682 1901 2738; x_wconf 87' lang='lat' dir='ltr'><strong>ridicule</strong></span> <span class='ocrx_word' id='word_1_367' title='bbox 1923 2685 2314 2739; x_wconf 63' lang='lat' dir='ltr'><strong>disseremus.»</strong></span> <span class='ocrx_word' id='word_1_368' title='bbox 2350 2682 2624 2738; x_wconf 90' lang='lat' dir='ltr'><strong>Teneatur</strong></span> <span class='ocrx_word' id='word_1_369' title='bbox 2651 2682 2816 2736; x_wconf 91' lang='lat' dir='ltr'><strong>etiam</strong></span> <span class='ocrx_word' id='word_1_370' title='bbox 2854 2679 3025 2732; x_wconf 89' lang='lat' dir='ltr'><strong>altera</strong></span> <span class='ocrx_word' id='word_1_371' title='bbox 3044 2671 3505 2746; x_wconf 88' lang='lat' dir='ltr'><strong>interpretationis</strong></span> <span class='ocrx_word' id='word_1_372' title='bbox 3525 2672 3615 2728; x_wconf 77' lang='lat' dir='ltr'><strong>lex</strong></span> 
     </span>
    </p>
   </div>
   <div class='ocr_carea' id='block_1_28' title="bbox 349 2765 3616 2845">
    <p class='ocr_par' dir='ltr' id='par_1_28' title="bbox 349 2765 3616 2845">
     <span class='ocr_line' id='line_1_28' title="bbox 349 2765 3616 2845; baseline -0.001 -17"><span class='ocrx_word' id='word_1_373' title='bbox 349 2788 381 2828; x_wconf 87' lang='lat' dir='ltr'><strong>a</strong></span> <span class='ocrx_word' id='word_1_374' title='bbox 408 2785 604 2843; x_wconf 89' lang='lat' dir='ltr'><strong>magno</strong></span> <span class='ocrx_word' id='word_1_375' title='bbox 635 2773 940 2843; x_wconf 84' lang='lat' dir='ltr'><strong>Augustino</strong></span> <span class='ocrx_word' id='word_1_376' title='bbox 974 2775 1204 2845; x_wconf 90' lang='lat' dir='ltr'><strong>aliisque</strong></span> <span class='ocrx_word' id='word_1_377' title='bbox 1236 2772 1491 2828; x_wconf 84' lang='lat' dir='ltr'><strong>Patribus</strong></span> <span class='ocrx_word' id='word_1_378' title='bbox 1519 2774 1750 2838; x_wconf 89' lang='lat' dir='ltr'><strong>tradita,</strong></span> <span class='ocrx_word' id='word_1_379' title='bbox 1787 2784 1845 2828; x_wconf 91' lang='lat' dir='ltr'><strong>ut</strong></span> <span class='ocrx_word' id='word_1_380' title='bbox 1891 2783 2004 2828; x_wconf 91' lang='lat' dir='ltr'><strong>tum</strong></span> <span class='ocrx_word' id='word_1_381' title='bbox 2035 2774 2210 2829; x_wconf 91' lang='lat' dir='ltr'><strong>solum</strong></span> <span class='ocrx_word' id='word_1_382' title='bbox 2243 2773 2549 2844; x_wconf 90' lang='lat' dir='ltr'><strong>proprietas</strong></span> <span class='ocrx_word' id='word_1_383' title='bbox 2580 2773 2772 2827; x_wconf 88' lang='lat' dir='ltr'><strong>littera</strong></span> <span class='ocrx_word' id='word_1_384' title='bbox 2802 2771 3176 2839; x_wconf 89' lang='lat' dir='ltr'><strong>relinquatur,</strong></span> <span class='ocrx_word' id='word_1_385' title='bbox 3209 2767 3255 2820; x_wconf 92' lang='lat' dir='ltr'><strong>si</strong></span> <span class='ocrx_word' id='word_1_386' title='bbox 3287 2781 3355 2820; x_wconf 87' lang='lat' dir='ltr'><strong>ex</strong></span> <span class='ocrx_word' id='word_1_387' title='bbox 3386 2765 3616 2824; x_wconf 81' lang='lat' dir='ltr'><strong>litterali</strong></span> 
     </span>
    </p>
   </div>
   <div class='ocr_carea' id='block_1_29' title="bbox 349 2860 3610 2938">
    <p class='ocr_par' dir='ltr' id='par_1_29' title="bbox 349 2860 3610 2938">
     <span class='ocr_line' id='line_1_29' title="bbox 349 2860 3610 2938; baseline -0.003 -17"><span class='ocrx_word' id='word_1_388' title='bbox 349 2867 700 2938; x_wconf 87' lang='lat' dir='ltr'><strong>intelligentia</strong></span> <span class='ocrx_word' id='word_1_389' title='bbox 725 2869 996 2924; x_wconf 81' lang='lat' dir='ltr'><strong>absurdus</strong></span> <span class='ocrx_word' id='word_1_390' title='bbox 1027 2869 1327 2938; x_wconf 81' lang='lat' dir='ltr'><strong>Scriptura</strong></span> <span class='ocrx_word' id='word_1_391' title='bbox 1355 2883 1578 2933; x_wconf 85' lang='lat' dir='ltr'><strong>sensus.</strong></span> <span class='ocrx_word' id='word_1_392' title='bbox 1615 2868 1699 2922; x_wconf 82' lang='lat' dir='ltr'><strong>vel</strong></span> <span class='ocrx_word' id='word_1_393' title='bbox 1732 2869 2017 2924; x_wconf 86' lang='lat' dir='ltr'><strong>catholica</strong></span> <span class='ocrx_word' id='word_1_394' title='bbox 2040 2868 2298 2924; x_wconf 84' lang='lat' dir='ltr'><strong>Ecclesia</strong></span> <span class='ocrx_word' id='word_1_395' title='bbox 2326 2868 2590 2923; x_wconf 79' lang='lat' dir='ltr'><strong>doctrina</strong></span> <span class='ocrx_word' id='word_1_396' title='bbox 2613 2879 2666 2922; x_wconf 91' lang='lat' dir='ltr'><strong>et</strong></span> <span class='ocrx_word' id='word_1_397' title='bbox 2690 2865 2966 2921; x_wconf 90' lang='lat' dir='ltr'><strong>traditioni</strong></span> <span class='ocrx_word' id='word_1_398' title='bbox 2999 2862 3308 2918; x_wconf 90' lang='lat' dir='ltr'><strong>contrarius</strong></span> <span class='ocrx_word' id='word_1_399' title='bbox 3333 2860 3610 2914; x_wconf 90' lang='lat' dir='ltr'><strong>eliciatur.</strong></span> 
     </span>
    </p>
   </div>
   <div class='ocr_carea' id='block_1_30' title="bbox 351 2956 3616 3035">
    <p class='ocr_par' dir='ltr' id='par_1_30' title="bbox 351 2956 3616 3035">
     <span class='ocr_line' id='line_1_30' title="bbox 351 2956 3616 3035; baseline -0.002 -19"><span class='ocrx_word' id='word_1_400' title='bbox 351 2960 448 3016; x_wconf 91' lang='lat' dir='ltr'><strong>Sin</strong></span> <span class='ocrx_word' id='word_1_401' title='bbox 473 2976 633 3018; x_wconf 79' lang='lat' dir='ltr'><strong>seCus</strong></span> <span class='ocrx_word' id='word_1_402' title='bbox 652 3004 666 3028; x_wconf 87' lang='lat'><strong>,</strong></span> <span class='ocrx_word' id='word_1_403' title='bbox 695 2963 769 3018; x_wconf 91' lang='lat' dir='ltr'><strong>ita</strong></span> <span class='ocrx_word' id='word_1_404' title='bbox 803 2963 1091 3035; x_wconf 88' lang='lat' dir='ltr'><strong>mysticum</strong></span> <span class='ocrx_word' id='word_1_405' title='bbox 1121 2972 1175 3018; x_wconf 91' lang='lat' dir='ltr'><strong>et</strong></span> <span class='ocrx_word' id='word_1_406' title='bbox 1202 2963 1554 3033; x_wconf 88' lang='lat' dir='ltr'><strong>allegoricum</strong></span> <span class='ocrx_word' id='word_1_407' title='bbox 1585 2979 1806 3018; x_wconf 87' lang='lat' dir='ltr'><strong>sensum</strong></span> <span class='ocrx_word' id='word_1_408' title='bbox 1838 2980 1868 3018; x_wconf 94' lang='lat' dir='ltr'><strong>a</strong></span> <span class='ocrx_word' id='word_1_409' title='bbox 1897 2963 2154 3020; x_wconf 90' lang='lat' dir='ltr'><strong>Patribus</strong></span> <span class='ocrx_word' id='word_1_410' title='bbox 2179 2964 2467 3034; x_wconf 85' lang='lat' dir='ltr'><strong>probatum</strong></span> <span class='ocrx_word' id='word_1_411' title='bbox 2502 2963 2660 3034; x_wconf 89' lang='lat' dir='ltr'><strong>sequi</strong></span> <span class='ocrx_word' id='word_1_412' title='bbox 2691 2963 2902 3032; x_wconf 84' lang='lat' dir='ltr'><strong>placeat</strong></span> <span class='ocrx_word' id='word_1_413' title='bbox 2928 2998 2943 3020; x_wconf 92' lang='lat'><strong><em>.</em></strong></span> <span class='ocrx_word' id='word_1_414' title='bbox 2975 2968 3034 3014; x_wconf 92' lang='lat' dir='ltr'><strong>ut</strong></span> <span class='ocrx_word' id='word_1_415' title='bbox 3071 2957 3372 3028; x_wconf 91' lang='lat' dir='ltr'><strong>proprietas</strong></span> <span class='ocrx_word' id='word_1_416' title='bbox 3414 2956 3616 3009; x_wconf 85' lang='lat' dir='ltr'><strong>littera</strong></span> 
     </span>
    </p>
   </div>
   <div class='ocr_carea' id='block_1_31' title="bbox 348 3048 3613 3124">
    <p class='ocr_par' dir='ltr' id='par_1_31' title="bbox 348 3048 3613 3124">
     <span class='ocr_line' id='line_1_31' title="bbox 348 3048 3613 3124; baseline -0.001 -18"><span class='ocrx_word' id='word_1_417' title='bbox 348 3065 459 3106; x_wconf 92' lang='lat' dir='ltr'><strong>non</strong></span> <span class='ocrx_word' id='word_1_418' title='bbox 484 3053 820 3122; x_wconf 89' lang='lat' dir='ltr'><strong>repudietur.</strong></span> <span class='ocrx_word' id='word_1_419' title='bbox 856 3051 1030 3108; x_wconf 81' lang='lat' dir='ltr'><strong>Verba</strong></span> <span class='ocrx_word' id='word_1_420' title='bbox 1064 3052 1356 3122; x_wconf 84' lang='lat' dir='ltr'><strong>Augustini</strong></span> <span class='ocrx_word' id='word_1_421' title='bbox 1388 3053 1443 3107; x_wconf 92' lang='lat' dir='ltr'><strong>in</strong></span> <span class='ocrx_word' id='word_1_422' title='bbox 1477 3053 1618 3108; x_wconf 89' lang='lat' dir='ltr'><strong>libro</strong></span> <span class='ocrx_word' id='word_1_423' title='bbox 1661 3069 1783 3118; x_wconf 80' lang='lat' dir='ltr'><strong>vni,</strong></span> <span class='ocrx_word' id='word_1_424' title='bbox 1811 3069 1932 3124; x_wconf 89' lang='lat' dir='ltr'><strong>cap.</strong></span> <span class='ocrx_word' id='word_1_425' title='bbox 1976 3055 2001 3108; x_wconf 81' lang='lat' dir='ltr'><strong>I</strong></span> <span class='ocrx_word' id='word_1_426' title='bbox 2054 3055 2130 3108; x_wconf 88' lang='lat' dir='ltr'><strong>De</strong></span> <span class='ocrx_word' id='word_1_427' title='bbox 2169 3054 2352 3108; x_wconf 79' lang='lat' dir='ltr'><strong>Genesi</strong></span> <span class='ocrx_word' id='word_1_428' title='bbox 2391 3055 2460 3108; x_wconf 85' lang='lat' dir='ltr'><strong>ad</strong></span> <span class='ocrx_word' id='word_1_429' title='bbox 2496 3055 2765 3117; x_wconf 80' lang='lat' dir='ltr'><strong>litteram,</strong></span> <span class='ocrx_word' id='word_1_430' title='bbox 2793 3052 2885 3106; x_wconf 90' lang='lat' dir='ltr'><strong>ubi</strong></span> <span class='ocrx_word' id='word_1_431' title='bbox 2925 3051 3170 3121; x_wconf 90' lang='lat' dir='ltr'><strong>loquitur</strong></span> <span class='ocrx_word' id='word_1_432' title='bbox 3209 3049 3277 3104; x_wconf 89' lang='lat' dir='ltr'><strong>de</strong></span> <span class='ocrx_word' id='word_1_433' title='bbox 3317 3048 3573 3118; x_wconf 89' lang='lat' dir='ltr'><strong>paradiso</strong></span> <span class='ocrx_word' id='word_1_434' title='bbox 3596 3091 3613 3112; x_wconf 82' lang='lat'><em>.</em></span> 
     </span>
    </p>
   </div>
   <div class='ocr_carea' id='block_1_32' title="bbox 349 3140 3618 3214">
    <p class='ocr_par' dir='ltr' id='par_1_32' title="bbox 349 3140 3618 3214">
     <span class='ocr_line' id='line_1_32' title="bbox 349 3140 3618 3214; baseline -0.001 -19"><span class='ocrx_word' id='word_1_435' title='bbox 349 3141 476 3196; x_wconf 89' lang='lat' dir='ltr'><strong>talia</strong></span> <span class='ocrx_word' id='word_1_436' title='bbox 506 3151 668 3197; x_wconf 88' lang='lat' dir='ltr'><strong>sunt:</strong></span> <span class='ocrx_word' id='word_1_437' title='bbox 713 3160 729 3193; x_wconf 81' lang='grc' dir='ltr'>ι</span> <span class='ocrx_word' id='word_1_438' title='bbox 757 3141 899 3196; x_wconf 90' lang='lat' dir='ltr'><strong>Sane</strong></span> <span class='ocrx_word' id='word_1_439' title='bbox 926 3141 971 3194; x_wconf 92' lang='lat' dir='ltr'><strong>si</strong></span> <span class='ocrx_word' id='word_1_440' title='bbox 1003 3142 1152 3195; x_wconf 93' lang='lat' dir='ltr'><strong>nullo</strong></span> <span class='ocrx_word' id='word_1_441' title='bbox 1186 3140 1351 3196; x_wconf 93' lang='lat' dir='ltr'><strong>modo</strong></span> <span class='ocrx_word' id='word_1_442' title='bbox 1381 3154 1604 3211; x_wconf 82' lang='lat' dir='ltr'><strong>possent</strong></span> <span class='ocrx_word' id='word_1_443' title='bbox 1627 3143 1777 3197; x_wconf 81' lang='lat' dir='ltr'><strong>salva</strong></span> <span class='ocrx_word' id='word_1_444' title='bbox 1808 3145 1910 3198; x_wconf 90' lang='lat' dir='ltr'><strong>ﬁde</strong></span> <span class='ocrx_word' id='word_1_445' title='bbox 1938 3144 2183 3199; x_wconf 88' lang='lat' dir='ltr'><strong>veritatis</strong></span> <span class='ocrx_word' id='word_1_446' title='bbox 2205 3160 2303 3210; x_wconf 88' lang='lat' dir='ltr'><strong>ea,</strong></span> <span class='ocrx_word' id='word_1_447' title='bbox 2333 3160 2455 3214; x_wconf 84' lang='lat' dir='ltr'><strong>qua</strong></span> <span class='ocrx_word' id='word_1_448' title='bbox 2486 3144 2842 3214; x_wconf 86' lang='lat' dir='ltr'><strong>corporaliter</strong></span> <span class='ocrx_word' id='word_1_449' title='bbox 2867 3143 2955 3196; x_wconf 91' lang='lat' dir='ltr'><strong>hic</strong></span> <span class='ocrx_word' id='word_1_450' title='bbox 2988 3141 3268 3196; x_wconf 88' lang='lat' dir='ltr'><strong>nominata</strong></span> <span class='ocrx_word' id='word_1_451' title='bbox 3300 3148 3461 3203; x_wconf 89' lang='lat' dir='ltr'><strong>sunt,</strong></span> <span class='ocrx_word' id='word_1_452' title='bbox 3487 3155 3618 3194; x_wconf 88' lang='lat' dir='ltr'><strong>cor-</strong></span> 
     </span>
    </p>
   </div>
   <div class='ocr_carea' id='block_1_33' title="bbox 346 3231 3616 3306">
    <p class='ocr_par' dir='ltr' id='par_1_33' title="bbox 346 3231 3616 3306">
     <span class='ocr_line' id='line_1_33' title="bbox 346 3231 3616 3306; baseline -0.002 -18"><span class='ocrx_word' id='word_1_453' title='bbox 346 3235 614 3304; x_wconf 89' lang='lat' dir='ltr'><strong>poraliter</strong></span> <span class='ocrx_word' id='word_1_454' title='bbox 632 3234 799 3289; x_wconf 88' lang='lat' dir='ltr'><strong>etiam</strong></span> <span class='ocrx_word' id='word_1_455' title='bbox 823 3233 1018 3303; x_wconf 87' lang='lat' dir='ltr'><strong>accipi,</strong></span> <span class='ocrx_word' id='word_1_456' title='bbox 1050 3234 1181 3303; x_wconf 90' lang='lat' dir='ltr'><strong>quid</strong></span> <span class='ocrx_word' id='word_1_457' title='bbox 1211 3235 1358 3289; x_wconf 86' lang='lat' dir='ltr'><strong>aliud</strong></span> <span class='ocrx_word' id='word_1_458' title='bbox 1388 3245 1728 3296; x_wconf 89' lang='lat' dir='ltr'><strong>remaneret,</strong></span> <span class='ocrx_word' id='word_1_459' title='bbox 1760 3236 1865 3290; x_wconf 92' lang='lat' dir='ltr'><strong>nisi</strong></span> <span class='ocrx_word' id='word_1_460' title='bbox 1898 3245 2044 3291; x_wconf 88' lang='lat' dir='ltr'><strong>utea</strong></span> <span class='ocrx_word' id='word_1_461' title='bbox 2068 3237 2249 3306; x_wconf 87' lang='lat' dir='ltr'><strong>potius</strong></span> <span class='ocrx_word' id='word_1_462' title='bbox 2282 3238 2509 3306; x_wconf 87' lang='lat' dir='ltr'><strong>ﬁgurate</strong></span> <span class='ocrx_word' id='word_1_463' title='bbox 2543 3237 2688 3291; x_wconf 90' lang='lat' dir='ltr'><strong>dicta</strong></span> <span class='ocrx_word' id='word_1_464' title='bbox 2738 3235 3167 3306; x_wconf 90' lang='lat' dir='ltr'><strong>intelligeremus</strong></span> <span class='ocrx_word' id='word_1_465' title='bbox 3187 3275 3202 3297; x_wconf 94' lang='lat'><strong>,</strong></span> <span class='ocrx_word' id='word_1_466' title='bbox 3251 3248 3415 3304; x_wconf 90' lang='lat' dir='ltr'><strong>quam</strong></span> <span class='ocrx_word' id='word_1_467' title='bbox 3461 3231 3616 3286; x_wconf 87' lang='lat' dir='ltr'><strong>Scri-</strong></span> 
     </span>
    </p>
   </div>
   <div class='ocr_carea' id='block_1_34' title="bbox 346 3324 3617 3400">
    <p class='ocr_par' dir='ltr' id='par_1_34' title="bbox 346 3324 3617 3400">
     <span class='ocr_line' id='line_1_34' title="bbox 346 3324 3617 3400; baseline -0.001 -21"><span class='ocrx_word' id='word_1_468' title='bbox 346 3333 565 3394; x_wconf 91' lang='lat' dir='ltr'><strong>pturam</strong></span> <span class='ocrx_word' id='word_1_469' title='bbox 596 3333 843 3379; x_wconf 88' lang='lat' dir='ltr'><strong>sanctam</strong></span> <span class='ocrx_word' id='word_1_470' title='bbox 875 3324 1038 3394; x_wconf 88' lang='lat' dir='ltr'><strong>impie</strong></span> <span class='ocrx_word' id='word_1_471' title='bbox 1063 3326 1448 3395; x_wconf 75' lang='lat' dir='ltr'><strong>culpat-emus?</strong></span> <span class='ocrx_word' id='word_1_472' title='bbox 1480 3325 1650 3380; x_wconf 86' lang='lat' dir='ltr'><strong>Porro</strong></span> <span class='ocrx_word' id='word_1_473' title='bbox 1669 3337 1849 3380; x_wconf 89' lang='lat' dir='ltr'><strong>autem</strong></span> <span class='ocrx_word' id='word_1_474' title='bbox 1883 3327 1928 3382; x_wconf 89' lang='lat' dir='ltr'><strong>si</strong></span> <span class='ocrx_word' id='word_1_475' title='bbox 1965 3343 2070 3380; x_wconf 90' lang='lat' dir='ltr'><strong>non</strong></span> <span class='ocrx_word' id='word_1_476' title='bbox 2103 3329 2280 3382; x_wconf 91' lang='lat' dir='ltr'><strong>solum</strong></span> <span class='ocrx_word' id='word_1_477' title='bbox 2317 3345 2424 3384; x_wconf 90' lang='lat' dir='ltr'><strong>non</strong></span> <span class='ocrx_word' id='word_1_478' title='bbox 2452 3329 2792 3400; x_wconf 87' lang='lat' dir='ltr'><strong>impediunt,</strong></span> <span class='ocrx_word' id='word_1_479' title='bbox 2827 3343 3017 3383; x_wconf 90' lang='lat' dir='ltr'><strong>verum</strong></span> <span class='ocrx_word' id='word_1_480' title='bbox 3051 3328 3214 3382; x_wconf 89' lang='lat' dir='ltr'><strong>etiam</strong></span> <span class='ocrx_word' id='word_1_481' title='bbox 3259 3326 3488 3382; x_wconf 90' lang='lat' dir='ltr'><strong>solidius</strong></span> <span class='ocrx_word' id='word_1_482' title='bbox 3522 3340 3617 3379; x_wconf 82' lang='lat' dir='ltr'><strong>as-</strong></span> 
     </span>
    </p>
   </div>
   <div class='ocr_carea' id='block_1_35' title="bbox 346 3417 3616 3492">
    <p class='ocr_par' dir='ltr' id='par_1_35' title="bbox 346 3417 3616 3492">
     <span class='ocr_line' id='line_1_35' title="bbox 346 3417 3616 3492; baseline 0 -18"><span class='ocrx_word' id='word_1_483' title='bbox 346 3426 537 3474; x_wconf 89' lang='lat' dir='ltr'><strong>serunt</strong></span> <span class='ocrx_word' id='word_1_484' title='bbox 563 3417 734 3472; x_wconf 89' lang='lat' dir='ltr'><strong>divini</strong></span> <span class='ocrx_word' id='word_1_485' title='bbox 767 3417 971 3487; x_wconf 87' lang='lat' dir='ltr'><strong>eloquii</strong></span> <span class='ocrx_word' id='word_1_486' title='bbox 997 3419 1362 3472; x_wconf 88' lang='lat' dir='ltr'><strong>narrationem</strong></span> <span class='ocrx_word' id='word_1_487' title='bbox 1397 3419 1513 3473; x_wconf 88' lang='lat' dir='ltr'><strong>hac</strong></span> <span class='ocrx_word' id='word_1_488' title='bbox 1542 3419 1704 3472; x_wconf 90' lang='lat' dir='ltr'><strong>etiam</strong></span> <span class='ocrx_word' id='word_1_489' title='bbox 1737 3419 2091 3488; x_wconf 87' lang='lat' dir='ltr'><strong>corporaliter</strong></span> <span class='ocrx_word' id='word_1_490' title='bbox 2121 3422 2393 3478; x_wconf 90' lang='lat' dir='ltr'><strong>intellecta</strong></span> <span class='ocrx_word' id='word_1_491' title='bbox 2415 3463 2431 3488; x_wconf 90' lang='lat'><strong>,</strong></span> <span class='ocrx_word' id='word_1_492' title='bbox 2463 3437 2624 3478; x_wconf 90' lang='lat' dir='ltr'><strong>nemo</strong></span> <span class='ocrx_word' id='word_1_493' title='bbox 2647 3423 2786 3486; x_wconf 88' lang='lat' dir='ltr'><strong>erit,</strong></span> <span class='ocrx_word' id='word_1_494' title='bbox 2823 3430 2882 3476; x_wconf 92' lang='lat' dir='ltr'><strong>ut</strong></span> <span class='ocrx_word' id='word_1_495' title='bbox 2909 3423 3105 3492; x_wconf 90' lang='lat' dir='ltr'><strong>opinor</strong></span> <span class='ocrx_word' id='word_1_496' title='bbox 3125 3461 3138 3485; x_wconf 91' lang='lat'><strong>,</strong></span> <span class='ocrx_word' id='word_1_497' title='bbox 3176 3432 3286 3476; x_wconf 90' lang='lat' dir='ltr'><strong>tam</strong></span> <span class='ocrx_word' id='word_1_498' title='bbox 3320 3421 3616 3476; x_wconf 87' lang='lat' dir='ltr'><strong>inﬁdeliter</strong></span> 
     </span>
    </p>
   </div>
   <div class='ocr_carea' id='block_1_36' title="bbox 347 3502 3614 3584">
    <p class='ocr_par' dir='ltr' id='par_1_36' title="bbox 347 3502 3614 3584">
     <span class='ocr_line' id='line_1_36' title="bbox 347 3502 3614 3584; baseline 0.001 -20"><span class='ocrx_word' id='word_1_499' title='bbox 347 3502 631 3580; x_wconf 59' lang='lat' dir='ltr'><strong>pertinax,</strong></span> <span class='ocrx_word' id='word_1_500' title='bbox 651 3508 768 3578; x_wconf 91' lang='lat' dir='ltr'><strong>qui,</strong></span> <span class='ocrx_word' id='word_1_501' title='bbox 799 3524 922 3562; x_wconf 90' lang='lat' dir='ltr'><strong>cum</strong></span> <span class='ocrx_word' id='word_1_502' title='bbox 956 3523 1020 3562; x_wconf 91' lang='lat' dir='ltr'><strong>ea</strong></span> <span class='ocrx_word' id='word_1_503' title='bbox 1053 3509 1351 3564; x_wconf 88' lang='lat' dir='ltr'><strong>secundum</strong></span> <span class='ocrx_word' id='word_1_504' title='bbox 1385 3510 1626 3578; x_wconf 86' lang='lat' dir='ltr'><strong>regulam</strong></span> <span class='ocrx_word' id='word_1_505' title='bbox 1657 3508 1780 3563; x_wconf 90' lang='lat' dir='ltr'><strong>ﬁdei</strong></span> <span class='ocrx_word' id='word_1_506' title='bbox 1801 3512 2047 3578; x_wconf 80' lang='lat' dir='ltr'><strong>exposita</strong></span> <span class='ocrx_word' id='word_1_507' title='bbox 2072 3513 2288 3582; x_wconf 80' lang='lat' dir='ltr'><strong>preprie</strong></span> <span class='ocrx_word' id='word_1_508' title='bbox 2314 3513 2532 3579; x_wconf 88' lang='lat' dir='ltr'><strong>viderit,</strong></span> <span class='ocrx_word' id='word_1_509' title='bbox 2557 3514 2712 3568; x_wconf 91' lang='lat' dir='ltr'><strong>malit</strong></span> <span class='ocrx_word' id='word_1_510' title='bbox 2745 3515 2800 3568; x_wconf 92' lang='lat' dir='ltr'><strong>in</strong></span> <span class='ocrx_word' id='word_1_511' title='bbox 2833 3514 3051 3584; x_wconf 92' lang='lat' dir='ltr'><strong>propria</strong></span> <span class='ocrx_word' id='word_1_512' title='bbox 3078 3529 3358 3569; x_wconf 90' lang='lat' dir='ltr'><strong>remanere</strong></span> <span class='ocrx_word' id='word_1_513' title='bbox 3382 3523 3614 3570; x_wconf 78' lang='lat' dir='ltr'><strong>senten-</strong></span> 
     </span>
    </p>
   </div>
   <div class='ocr_carea' id='block_1_37' title="bbox 344 3599 3614 3676">
    <p class='ocr_par' dir='ltr' id='par_1_37' title="bbox 344 3599 3614 3676">
     <span class='ocr_line' id='line_1_37' title="bbox 344 3599 3614 3676; baseline 0 -17"><span class='ocrx_word' id='word_1_514' title='bbox 344 3605 450 3670; x_wconf 87' lang='lat' dir='ltr'><strong>tia,</strong></span> <span class='ocrx_word' id='word_1_515' title='bbox 480 3602 526 3658; x_wconf 88' lang='lat' dir='ltr'><strong>si</strong></span> <span class='ocrx_word' id='word_1_516' title='bbox 554 3599 695 3656; x_wconf 89' lang='lat' dir='ltr'><strong>forte</strong></span> <span class='ocrx_word' id='word_1_517' title='bbox 728 3601 804 3656; x_wconf 92' lang='lat' dir='ltr'><strong>illi</strong></span> <span class='ocrx_word' id='word_1_518' title='bbox 834 3603 948 3657; x_wconf 86' lang='lat' dir='ltr'><strong>visa</strong></span> <span class='ocrx_word' id='word_1_519' title='bbox 978 3602 1228 3664; x_wconf 91' lang='lat' dir='ltr'><strong>fuerant,</strong></span> <span class='ocrx_word' id='word_1_520' title='bbox 1266 3601 1487 3656; x_wconf 90' lang='lat' dir='ltr'><strong>nonnisi</strong></span> <span class='ocrx_word' id='word_1_521' title='bbox 1521 3601 1747 3670; x_wconf 86' lang='lat' dir='ltr'><strong>ﬁgurate</strong></span> <span class='ocrx_word' id='word_1_522' title='bbox 1777 3615 1937 3669; x_wconf 91' lang='lat' dir='ltr'><strong>posse</strong></span> <span class='ocrx_word' id='word_1_523' title='bbox 1964 3602 2158 3672; x_wconf 91' lang='lat' dir='ltr'><strong>accipi.</strong></span> <span class='ocrx_word' id='word_1_524' title='bbox 2187 3623 2205 3655; x_wconf 73' lang='grc' dir='ltr'><strong><em>ι</em></strong></span> <span class='ocrx_word' id='word_1_525' title='bbox 2263 3603 2490 3660; x_wconf 91' lang='lat' dir='ltr'><strong>Demum</strong></span> <span class='ocrx_word' id='word_1_526' title='bbox 2525 3605 2592 3659; x_wconf 91' lang='lat' dir='ltr'><strong>ad</strong></span> <span class='ocrx_word' id='word_1_527' title='bbox 2645 3606 2760 3660; x_wconf 90' lang='lat' dir='ltr'><strong>hac</strong></span> <span class='ocrx_word' id='word_1_528' title='bbox 2801 3616 2855 3660; x_wconf 91' lang='lat' dir='ltr'><strong>et</strong></span> <span class='ocrx_word' id='word_1_529' title='bbox 2907 3606 3038 3660; x_wconf 89' lang='lat' dir='ltr'><strong>illud</strong></span> <span class='ocrx_word' id='word_1_530' title='bbox 3090 3606 3394 3661; x_wconf 90' lang='lat' dir='ltr'><strong>addendum</strong></span> <span class='ocrx_word' id='word_1_531' title='bbox 3436 3615 3572 3676; x_wconf 85' lang='lat' dir='ltr'><strong>puto</strong></span> <span class='ocrx_word' id='word_1_532' title='bbox 3593 3644 3614 3669; x_wconf 87' lang='lat'><strong>,</strong></span> 
     </span>
    </p>
   </div>
   <div class='ocr_carea' id='block_1_38' title="bbox 341 3677 3614 3772">
    <p class='ocr_par' dir='ltr' id='par_1_38' title="bbox 341 3677 3614 3772">
     <span class='ocr_line' id='line_1_38' title="bbox 341 3677 3614 3772; baseline 0.001 -20"><span class='ocrx_word' id='word_1_533' title='bbox 341 3677 898 3769; x_wconf 37' lang='lat' dir='ltr'><strong>quod&#39;docetﬂbeatus</strong></span> <span class='ocrx_word' id='word_1_534' title='bbox 925 3695 1162 3750; x_wconf 87' lang='lat' dir='ltr'><strong>Joannes</strong></span> <span class='ocrx_word' id='word_1_535' title='bbox 1185 3694 1649 3766; x_wconf 86' lang='lat' dir='ltr'><strong>Chrysostomus,</strong></span> <span class='ocrx_word' id='word_1_536' title='bbox 1687 3695 1932 3747; x_wconf 90' lang='lat' dir='ltr'><strong>omnium</strong></span> <span class='ocrx_word' id='word_1_537' title='bbox 1965 3695 2058 3764; x_wconf 92' lang='lat' dir='ltr'><strong>qui</strong></span> <span class='ocrx_word' id='word_1_538' title='bbox 2103 3713 2344 3767; x_wconf 84' lang='lat' dir='ltr'><strong>unquam</strong></span> <span class='ocrx_word' id='word_1_539' title='bbox 2397 3698 2618 3754; x_wconf 91' lang='lat' dir='ltr'><strong>fuerunt</strong></span> <span class='ocrx_word' id='word_1_540' title='bbox 2668 3708 2762 3754; x_wconf 89' lang='lat' dir='ltr'><strong>aut</strong></span> <span class='ocrx_word' id='word_1_541' title='bbox 2809 3712 2936 3756; x_wconf 88' lang='lat' dir='ltr'><strong>sunt</strong></span> <span class='ocrx_word' id='word_1_542' title='bbox 2984 3701 3387 3772; x_wconf 89' lang='lat' dir='ltr'><strong>Scripturarum</strong></span> <span class='ocrx_word' id='word_1_543' title='bbox 3433 3701 3614 3756; x_wconf 81' lang='lat' dir='ltr'><strong>inter-</strong></span> 
     </span>
    </p>
   </div>
   <div class='ocr_carea' id='block_1_39' title="bbox 342 3788 3613 3866">
    <p class='ocr_par' dir='ltr' id='par_1_39' title="bbox 342 3788 3613 3866">
     <span class='ocr_line' id='line_1_39' title="bbox 342 3788 3613 3866; baseline 0.002 -19"><span class='ocrx_word' id='word_1_544' title='bbox 342 3803 544 3862; x_wconf 89' lang='lat' dir='ltr'><strong>pretes,</strong></span> <span class='ocrx_word' id='word_1_545' title='bbox 573 3792 1082 3864; x_wconf 87' lang='lat' dir='ltr'><strong>prastantissimus,</strong></span> <span class='ocrx_word' id='word_1_546' title='bbox 1112 3799 1164 3844; x_wconf 91' lang='lat' dir='ltr'><strong>et</strong></span> <span class='ocrx_word' id='word_1_547' title='bbox 1189 3788 1336 3860; x_wconf 90' lang='lat' dir='ltr'><strong>quod</strong></span> <span class='ocrx_word' id='word_1_548' title='bbox 1369 3805 1562 3844; x_wconf 89' lang='lat' dir='ltr'><strong>omnes</strong></span> <span class='ocrx_word' id='word_1_549' title='bbox 1604 3804 1716 3858; x_wconf 88' lang='lat' dir='ltr'><strong>pra</strong></span> <span class='ocrx_word' id='word_1_550' title='bbox 1741 3789 1917 3843; x_wconf 90' lang='lat' dir='ltr'><strong>oculis</strong></span> <span class='ocrx_word' id='word_1_551' title='bbox 1953 3790 2152 3844; x_wconf 87' lang='lat' dir='ltr'><strong>habere</strong></span> <span class='ocrx_word' id='word_1_552' title='bbox 2180 3792 2401 3858; x_wconf 90' lang='lat' dir='ltr'><strong>debent,</strong></span> <span class='ocrx_word' id='word_1_553' title='bbox 2439 3794 2532 3864; x_wconf 92' lang='lat' dir='ltr'><strong>qui</strong></span> <span class='ocrx_word' id='word_1_554' title='bbox 2565 3810 2753 3850; x_wconf 87' lang='lat' dir='ltr'><strong>sacras</strong></span> <span class='ocrx_word' id='word_1_555' title='bbox 2785 3795 3096 3866; x_wconf 90' lang='lat' dir='ltr'><strong>Scripturas</strong></span> <span class='ocrx_word' id='word_1_556' title='bbox 3127 3795 3474 3865; x_wconf 86' lang='lat' dir='ltr'><strong>interpretari</strong></span> <span class='ocrx_word' id='word_1_557' title='bbox 3509 3810 3613 3853; x_wconf 88' lang='lat' dir='ltr'><strong>aut</strong></span> 
     </span>
    </p>
   </div>
   <div class='ocr_carea' id='block_1_40' title="bbox 342 3879 3609 3959">
    <p class='ocr_par' dir='ltr' id='par_1_40' title="bbox 342 3879 3609 3959">
     <span class='ocr_line' id='line_1_40' title="bbox 342 3879 3609 3959; baseline 0.002 -20"><span class='ocrx_word' id='word_1_558' title='bbox 342 3885 521 3956; x_wconf 87' lang='lat' dir='ltr'><strong>legere</strong></span> <span class='ocrx_word' id='word_1_559' title='bbox 546 3885 965 3955; x_wconf 86' lang='lat' dir='ltr'><strong>aggrediuntur:</strong></span> <span class='ocrx_word' id='word_1_560' title='bbox 1003 3901 1020 3932; x_wconf 72' lang='grc' dir='ltr'>ι</span> <span class='ocrx_word' id='word_1_561' title='bbox 1045 3881 1230 3951; x_wconf 85' lang='lat' dir='ltr'><strong>Neque</strong></span> <span class='ocrx_word' id='word_1_562' title='bbox 1273 3879 1461 3946; x_wconf 73' lang='lat' dir='ltr'><strong>enim;</strong></span> <span class='ocrx_word' id='word_1_563' title='bbox 1507 3882 1686 3951; x_wconf 91' lang='lat' dir='ltr'><strong>inquit</strong></span> <span class='ocrx_word' id='word_1_564' title='bbox 1727 3883 1870 3953; x_wconf 73' lang='lat' dir='ltr'><strong>(5i),</strong></span> <span class='ocrx_word' id='word_1_565' title='bbox 1917 3883 2181 3951; x_wconf 87' lang='lat' dir='ltr'><strong>sapientia</strong></span> <span class='ocrx_word' id='word_1_566' title='bbox 2238 3885 2476 3941; x_wconf 89' lang='lat' dir='ltr'><strong>humana</strong></span> <span class='ocrx_word' id='word_1_567' title='bbox 2531 3904 2670 3958; x_wconf 92' lang='lat' dir='ltr'><strong>opus</strong></span> <span class='ocrx_word' id='word_1_568' title='bbox 2702 3888 2866 3944; x_wconf 80' lang='lat' dir='ltr'><strong>habet</strong></span> <span class='ocrx_word' id='word_1_569' title='bbox 2890 3889 3070 3944; x_wconf 90' lang='lat' dir='ltr'><strong>divina</strong></span> <span class='ocrx_word' id='word_1_570' title='bbox 3107 3889 3420 3959; x_wconf 88' lang='lat' dir='ltr'><strong>Scriptura,</strong></span> <span class='ocrx_word' id='word_1_571' title='bbox 3453 3899 3516 3944; x_wconf 88' lang='lat' dir='ltr'><strong>ut</strong></span> <span class='ocrx_word' id='word_1_572' title='bbox 3541 3905 3609 3945; x_wconf 85' lang='lat' dir='ltr'><strong>ea</strong></span> 
     </span>
    </p>
   </div>
   <div class='ocr_carea' id='block_1_41' title="bbox 343 3971 3606 4050">
    <p class='ocr_par' dir='ltr' id='par_1_41' title="bbox 343 3971 3606 4050">
     <span class='ocr_line' id='line_1_41' title="bbox 343 3971 3606 4050; baseline 0 -17"><span class='ocrx_word' id='word_1_573' title='bbox 343 3993 467 4049; x_wconf 87' lang='lat' dir='ltr'><strong>qua</strong></span> <span class='ocrx_word' id='word_1_574' title='bbox 495 3978 696 4045; x_wconf 89' lang='lat' dir='ltr'><strong>scripta</strong></span> <span class='ocrx_word' id='word_1_575' title='bbox 724 3987 872 4038; x_wconf 90' lang='lat' dir='ltr'><strong>sunt,</strong></span> <span class='ocrx_word' id='word_1_576' title='bbox 906 3974 1295 4042; x_wconf 85' lang='lat' dir='ltr'><strong>intelligantur,</strong></span> <span class='ocrx_word' id='word_1_577' title='bbox 1331 3971 1424 4025; x_wconf 89' lang='lat' dir='ltr'><strong>sed</strong></span> <span class='ocrx_word' id='word_1_578' title='bbox 1450 3971 1780 4027; x_wconf 85' lang='lat' dir='ltr'><strong>revelatione</strong></span> <span class='ocrx_word' id='word_1_579' title='bbox 1809 3971 2066 4041; x_wconf 89' lang='lat' dir='ltr'><strong>Spiritus,</strong></span> <span class='ocrx_word' id='word_1_580' title='bbox 2099 3982 2158 4027; x_wconf 92' lang='lat' dir='ltr'><strong>ut</strong></span> <span class='ocrx_word' id='word_1_581' title='bbox 2181 3989 2368 4028; x_wconf 89' lang='lat' dir='ltr'><strong>verum</strong></span> <span class='ocrx_word' id='word_1_582' title='bbox 2400 3991 2623 4032; x_wconf 88' lang='lat' dir='ltr'><strong>sensum</strong></span> <span class='ocrx_word' id='word_1_583' title='bbox 2645 3993 2836 4034; x_wconf 89' lang='lat' dir='ltr'><strong>eorum</strong></span> <span class='ocrx_word' id='word_1_584' title='bbox 2867 3995 2989 4050; x_wconf 85' lang='lat' dir='ltr'><strong>qua</strong></span> <span class='ocrx_word' id='word_1_585' title='bbox 3016 3980 3068 4034; x_wconf 93' lang='lat' dir='ltr'><strong>in</strong></span> <span class='ocrx_word' id='word_1_586' title='bbox 3095 3980 3201 4037; x_wconf 91' lang='lat' dir='ltr'><strong>illis</strong></span> <span class='ocrx_word' id='word_1_587' title='bbox 3229 3983 3606 4038; x_wconf 61' lang='lat' dir='ltr'><strong>continentur.</strong></span> 
     </span>
    </p>
   </div>
   <div class='ocr_carea' id='block_1_42' title="bbox 343 4064 1883 4144">
    <p class='ocr_par' dir='ltr' id='par_1_42' title="bbox 343 4064 1883 4144">
     <span class='ocr_line' id='line_1_42' title="bbox 343 4064 1883 4144; baseline -0.006 -18"><span class='ocrx_word' id='word_1_588' title='bbox 343 4072 725 4144; x_wconf 88' lang='lat' dir='ltr'><strong>percipientes,</strong></span> <span class='ocrx_word' id='word_1_589' title='bbox 759 4082 1012 4139; x_wconf 87' lang='lat' dir='ltr'><strong>magnam</strong></span> <span class='ocrx_word' id='word_1_590' title='bbox 1043 4067 1166 4120; x_wconf 89' lang='lat' dir='ltr'><strong>inde</strong></span> <span class='ocrx_word' id='word_1_591' title='bbox 1197 4065 1498 4120; x_wconf 86' lang='lat' dir='ltr'><strong>referamus</strong></span> <span class='ocrx_word' id='word_1_592' title='bbox 1529 4064 1838 4120; x_wconf 89' lang='lat' dir='ltr'><strong>utilitatem.</strong></span> <span class='ocrx_word' id='word_1_593' title='bbox 1864 4084 1883 4117; x_wconf 74' lang='grc' dir='ltr'><strong><em>ι</em></strong></span> 
     </span>
    </p>
   </div>
   <div class='ocr_carea' id='block_1_43' title="bbox 414 4155 3604 4234">
    <p class='ocr_par' dir='ltr' id='par_1_43' title="bbox 414 4155 3604 4234">
     <span class='ocr_line' id='line_1_43' title="bbox 414 4155 3604 4234; baseline 0.001 -15"><span class='ocrx_word' id='word_1_594' title='bbox 414 4164 554 4219; x_wconf 74' lang='lat' dir='ltr'><strong>XIX.</strong></span> <span class='ocrx_word' id='word_1_595' title='bbox 588 4162 855 4218; x_wconf 84' lang='lat' dir='ltr'><strong>Caterum</strong></span> <span class='ocrx_word' id='word_1_596' title='bbox 907 4159 1170 4234; x_wconf 82' lang='lat' dir='ltr'><strong>mysticus</strong></span> <span class='ocrx_word' id='word_1_597' title='bbox 1217 4173 1310 4212; x_wconf 90' lang='lat' dir='ltr'><strong>seu</strong></span> <span class='ocrx_word' id='word_1_598' title='bbox 1354 4157 1678 4228; x_wconf 87' lang='lat' dir='ltr'><strong>allegoricus</strong></span> <span class='ocrx_word' id='word_1_599' title='bbox 1715 4155 2124 4228; x_wconf 92' lang='lat' dir='ltr'><strong>Scripturarum</strong></span> <span class='ocrx_word' id='word_1_600' title='bbox 2153 4174 2350 4215; x_wconf 90' lang='lat' dir='ltr'><strong>sensus</strong></span> <span class='ocrx_word' id='word_1_601' title='bbox 2374 4161 2727 4228; x_wconf 65' lang='lat' dir='ltr'><strong>{auctoritate</strong></span> <span class='ocrx_word' id='word_1_602' title='bbox 2761 4162 2896 4218; x_wconf 84' lang='lat' dir='ltr'><strong>Novi</strong></span> <span class='ocrx_word' id='word_1_603' title='bbox 2949 4164 3282 4220; x_wconf 88' lang='lat' dir='ltr'><strong>Testamenti</strong></span> <span class='ocrx_word' id='word_1_604' title='bbox 3325 4166 3604 4222; x_wconf 90' lang='lat' dir='ltr'><strong>innititur.</strong></span> 
     </span>
    </p>
   </div>
   <div class='ocr_carea' id='block_1_44' title="bbox 341 4253 3609 4332">
    <p class='ocr_par' dir='ltr' id='par_1_44' title="bbox 341 4253 3609 4332">
     <span class='ocr_line' id='line_1_44' title="bbox 341 4253 3609 4332; baseline -0 -13"><span class='ocrx_word' id='word_1_605' title='bbox 341 4263 554 4319; x_wconf 87' lang='lat' dir='ltr'><strong>Passim</strong></span> <span class='ocrx_word' id='word_1_606' title='bbox 579 4263 726 4316; x_wconf 91' lang='lat' dir='ltr'><strong>enim</strong></span> <span class='ocrx_word' id='word_1_607' title='bbox 753 4268 1049 4316; x_wconf 83' lang='lat' dir='ltr'><strong>occurrunt</strong></span> <span class='ocrx_word' id='word_1_608' title='bbox 1072 4258 1126 4309; x_wconf 89' lang='lat' dir='ltr'><strong>in</strong></span> <span class='ocrx_word' id='word_1_609' title='bbox 1165 4253 1479 4327; x_wconf 87' lang='lat' dir='ltr'><strong>Evangeliis</strong></span> <span class='ocrx_word' id='word_1_610' title='bbox 1509 4263 1563 4308; x_wconf 92' lang='lat' dir='ltr'><strong>et</strong></span> <span class='ocrx_word' id='word_1_611' title='bbox 1586 4254 1863 4310; x_wconf 87' lang='lat' dir='ltr'><strong>canonicis</strong></span> <span class='ocrx_word' id='word_1_612' title='bbox 1893 4254 2151 4326; x_wconf 85' lang='lat' dir='ltr'><strong>Epistolis</strong></span> <span class='ocrx_word' id='word_1_613' title='bbox 2183 4257 2397 4326; x_wconf 86' lang='lat' dir='ltr'><strong>mystici</strong></span> <span class='ocrx_word' id='word_1_614' title='bbox 2429 4274 2600 4313; x_wconf 85' lang='lat' dir='ltr'><strong>sacra</strong></span> <span class='ocrx_word' id='word_1_615' title='bbox 2631 4257 2926 4328; x_wconf 86' lang='lat' dir='ltr'><strong>Scriptura</strong></span> <span class='ocrx_word' id='word_1_616' title='bbox 2952 4275 3146 4315; x_wconf 89' lang='lat' dir='ltr'><strong>sensus</strong></span> <span class='ocrx_word' id='word_1_617' title='bbox 3194 4270 3247 4316; x_wconf 90' lang='lat' dir='ltr'><strong>et</strong></span> <span class='ocrx_word' id='word_1_618' title='bbox 3296 4261 3609 4332; x_wconf 77' lang='lat' dir='ltr'><strong>allegorica</strong></span> 
     </span>
    </p>
   </div>
   <div class='ocr_carea' id='block_1_45' title="bbox 340 4347 3606 4431">
    <p class='ocr_par' dir='ltr' id='par_1_45' title="bbox 340 4347 3606 4431">
     <span class='ocr_line' id='line_1_45' title="bbox 340 4347 3606 4431; baseline -0.001 -15"><span class='ocrx_word' id='word_1_619' title='bbox 340 4358 751 4431; x_wconf 89' lang='lat' dir='ltr'><strong>explicationes.</strong></span> <span class='ocrx_word' id='word_1_620' title='bbox 774 4353 952 4421; x_wconf 85' lang='lat' dir='ltr'><strong>Quare</strong></span> <span class='ocrx_word' id='word_1_621' title='bbox 986 4365 1215 4420; x_wconf 81' lang='lat' dir='ltr'><strong>magnus</strong></span> <span class='ocrx_word' id='word_1_622' title='bbox 1241 4348 1538 4420; x_wconf 85' lang='lat' dir='ltr'><strong>Gregorius</strong></span> <span class='ocrx_word' id='word_1_623' title='bbox 1563 4364 1844 4420; x_wconf 86' lang='lat' dir='ltr'><strong>exponens</strong></span> <span class='ocrx_word' id='word_1_624' title='bbox 1873 4347 2124 4405; x_wconf 82' lang='lat' dir='ltr'><strong>Romano</strong></span> <span class='ocrx_word' id='word_1_625' title='bbox 2151 4351 2354 4421; x_wconf 89' lang='lat' dir='ltr'><strong>p0pulo</strong></span> <span class='ocrx_word' id='word_1_626' title='bbox 2386 4352 2699 4421; x_wconf 89' lang='lat' dir='ltr'><strong>parabolam</strong></span> <span class='ocrx_word' id='word_1_627' title='bbox 2725 4353 2872 4407; x_wconf 92' lang='lat' dir='ltr'><strong>illam</strong></span> <span class='ocrx_word' id='word_1_628' title='bbox 2903 4353 2968 4408; x_wconf 90' lang='lat' dir='ltr'><strong>de</strong></span> <span class='ocrx_word' id='word_1_629' title='bbox 2997 4353 3215 4407; x_wconf 87' lang='lat' dir='ltr'><strong>homine</strong></span> <span class='ocrx_word' id='word_1_630' title='bbox 3242 4353 3335 4423; x_wconf 87' lang='lat' dir='ltr'><strong>qui</strong></span> <span class='ocrx_word' id='word_1_631' title='bbox 3358 4355 3606 4414; x_wconf 71' lang='lat' dir='ltr'><strong>exiverat</strong></span> 
     </span>
    </p>
   </div>
   <div class='ocr_carea' id='block_1_46' title="bbox 340 4439 3608 4515">
    <p class='ocr_par' dir='ltr' id='par_1_46' title="bbox 340 4439 3608 4515">
     <span class='ocr_line' id='line_1_46' title="bbox 340 4439 3608 4515; baseline -0.001 -13"><span class='ocrx_word' id='word_1_632' title='bbox 340 4449 406 4503; x_wconf 90' lang='lat' dir='ltr'><strong>ad</strong></span> <span class='ocrx_word' id='word_1_633' title='bbox 430 4445 841 4507; x_wconf 87' lang='lat' dir='ltr'><strong>seminandum,</strong></span> <span class='ocrx_word' id='word_1_634' title='bbox 872 4451 1014 4497; x_wconf 90' lang='lat' dir='ltr'><strong>recte</strong></span> <span class='ocrx_word' id='word_1_635' title='bbox 1045 4441 1260 4496; x_wconf 88' lang='lat' dir='ltr'><strong>aiebat:</strong></span> <span class='ocrx_word' id='word_1_636' title='bbox 1290 4460 1308 4491; x_wconf 74' lang='grc' dir='ltr'>ι</span> <span class='ocrx_word' id='word_1_637' title='bbox 1339 4439 1397 4493; x_wconf 92' lang='lat' dir='ltr'><strong>Si</strong></span> <span class='ocrx_word' id='word_1_638' title='bbox 1431 4454 1529 4494; x_wconf 92' lang='lat' dir='ltr'><strong>nos</strong></span> <span class='ocrx_word' id='word_1_639' title='bbox 1552 4439 1706 4494; x_wconf 90' lang='lat' dir='ltr'><strong>vobis</strong></span> <span class='ocrx_word' id='word_1_640' title='bbox 1729 4453 1916 4493; x_wconf 88' lang='lat' dir='ltr'><strong>semen</strong></span> <span class='ocrx_word' id='word_1_641' title='bbox 1942 4440 2168 4495; x_wconf 89' lang='lat' dir='ltr'><strong>verbum</strong></span> <span class='ocrx_word' id='word_1_642' title='bbox 2192 4480 2208 4505; x_wconf 89' lang='lat'><strong>,</strong></span> <span class='ocrx_word' id='word_1_643' title='bbox 2242 4457 2434 4512; x_wconf 85' lang='lat' dir='ltr'><strong>agrum</strong></span> <span class='ocrx_word' id='word_1_644' title='bbox 2469 4443 2768 4508; x_wconf 90' lang='lat' dir='ltr'><strong>mundum,</strong></span> <span class='ocrx_word' id='word_1_645' title='bbox 2798 4446 3046 4499; x_wconf 85' lang='lat' dir='ltr'><strong>volucres</strong></span> <span class='ocrx_word' id='word_1_646' title='bbox 3073 4445 3338 4499; x_wconf 87' lang='lat' dir='ltr'><strong>damouia</strong></span> <span class='ocrx_word' id='word_1_647' title='bbox 3366 4485 3380 4510; x_wconf 92' lang='lat'><strong>,</strong></span> <span class='ocrx_word' id='word_1_648' title='bbox 3412 4447 3608 4515; x_wconf 88' lang='lat' dir='ltr'><strong>spinas</strong></span> 
     </span>
    </p>
   </div>
   <div class='ocr_carea' id='block_1_47' title="bbox 338 4531 3605 4608">
    <p class='ocr_par' dir='ltr' id='par_1_47' title="bbox 338 4531 3605 4608">
     <span class='ocr_line' id='line_1_47' title="bbox 338 4531 3605 4608; baseline -0 -13"><span class='ocrx_word' id='word_1_649' title='bbox 338 4540 559 4595; x_wconf 87' lang='lat' dir='ltr'><strong>divitias</strong></span> <span class='ocrx_word' id='word_1_650' title='bbox 585 4537 893 4608; x_wconf 85' lang='lat' dir='ltr'><strong>signiﬁcare</strong></span> <span class='ocrx_word' id='word_1_651' title='bbox 920 4534 1262 4596; x_wconf 89' lang='lat' dir='ltr'><strong>diceremus,</strong></span> <span class='ocrx_word' id='word_1_652' title='bbox 1290 4532 1358 4586; x_wconf 87' lang='lat' dir='ltr'><strong>ad</strong></span> <span class='ocrx_word' id='word_1_653' title='bbox 1382 4531 1714 4586; x_wconf 89' lang='lat' dir='ltr'><strong>credendum</strong></span> <span class='ocrx_word' id='word_1_654' title='bbox 1753 4532 1912 4586; x_wconf 89' lang='lat' dir='ltr'><strong>nobis</strong></span> <span class='ocrx_word' id='word_1_655' title='bbox 1953 4549 2108 4588; x_wconf 91' lang='lat' dir='ltr'><strong>mens</strong></span> <span class='ocrx_word' id='word_1_656' title='bbox 2143 4533 2372 4589; x_wconf 82' lang='lat' dir='ltr'><strong>forsitan</strong></span> <span class='ocrx_word' id='word_1_657' title='bbox 2408 4546 2588 4591; x_wconf 91' lang='lat' dir='ltr'><strong>vestra</strong></span> <span class='ocrx_word' id='word_1_658' title='bbox 2624 4537 2930 4604; x_wconf 89' lang='lat' dir='ltr'><strong>dubitaret;</strong></span> <span class='ocrx_word' id='word_1_659' title='bbox 2962 4539 3105 4594; x_wconf 91' lang='lat' dir='ltr'><strong>unde</strong></span> <span class='ocrx_word' id='word_1_660' title='bbox 3136 4549 3189 4594; x_wconf 93' lang='lat' dir='ltr'><strong>et</strong></span> <span class='ocrx_word' id='word_1_661' title='bbox 3223 4538 3364 4593; x_wconf 87' lang='lat' dir='ltr'><strong>idem</strong></span> <span class='ocrx_word' id='word_1_662' title='bbox 3408 4538 3605 4594; x_wconf 85' lang='lat' dir='ltr'><strong>Domi-</strong></span> 
     </span>
    </p>
   </div>
   <div class='ocr_carea' id='block_1_48' title="bbox 339 4620 3606 4698">
    <p class='ocr_par' dir='ltr' id='par_1_48' title="bbox 339 4620 3606 4698">
     <span class='ocr_line' id='line_1_48' title="bbox 339 4620 3606 4698; baseline 0.001 -14"><span class='ocrx_word' id='word_1_663' title='bbox 339 4643 446 4683; x_wconf 88' lang='lat' dir='ltr'><strong>nus</strong></span> <span class='ocrx_word' id='word_1_664' title='bbox 471 4643 566 4698; x_wconf 91' lang='lat' dir='ltr'><strong>per</strong></span> <span class='ocrx_word' id='word_1_665' title='bbox 604 4625 955 4693; x_wconf 89' lang='lat' dir='ltr'><strong>semetipsum</strong></span> <span class='ocrx_word' id='word_1_666' title='bbox 986 4621 1239 4691; x_wconf 84' lang='lat' dir='ltr'><strong>dignatus</strong></span> <span class='ocrx_word' id='word_1_667' title='bbox 1266 4628 1352 4675; x_wconf 90' lang='lat' dir='ltr'><strong>est</strong></span> <span class='ocrx_word' id='word_1_668' title='bbox 1383 4636 1653 4689; x_wconf 83' lang='lat' dir='ltr'><strong>exponere</strong></span> <span class='ocrx_word' id='word_1_669' title='bbox 1685 4620 1830 4688; x_wconf 82' lang='lat' dir='ltr'><strong>quod</strong></span> <span class='ocrx_word' id='word_1_670' title='bbox 1862 4621 2078 4677; x_wconf 89' lang='lat' dir='ltr'><strong>dicebat</strong></span> <span class='ocrx_word' id='word_1_671' title='bbox 2098 4665 2112 4690; x_wconf 92' lang='lat'><strong>,</strong></span> <span class='ocrx_word' id='word_1_672' title='bbox 2143 4633 2204 4677; x_wconf 90' lang='lat' dir='ltr'><strong>ut</strong></span> <span class='ocrx_word' id='word_1_673' title='bbox 2238 4625 2428 4680; x_wconf 91' lang='lat' dir='ltr'><strong>sciatis</strong></span> <span class='ocrx_word' id='word_1_674' title='bbox 2460 4642 2643 4680; x_wconf 90' lang='lat' dir='ltr'><strong>rerum</strong></span> <span class='ocrx_word' id='word_1_675' title='bbox 2685 4629 3112 4698; x_wconf 83' lang='lat' dir='ltr'><strong>signiﬁcationes</strong></span> <span class='ocrx_word' id='word_1_676' title='bbox 3137 4645 3382 4698; x_wconf 77' lang='lat' dir='ltr'><strong>quarcre</strong></span> <span class='ocrx_word' id='word_1_677' title='bbox 3428 4631 3482 4686; x_wconf 92' lang='lat' dir='ltr'><strong>in</strong></span> <span class='ocrx_word' id='word_1_678' title='bbox 3530 4634 3606 4688; x_wconf 88' lang='lat' dir='ltr'><strong>iis</strong></span> 
     </span>
    </p>
   </div>
   <div class='ocr_carea' id='block_1_49' title="bbox 337 4710 3608 4793">
    <p class='ocr_par' dir='ltr' id='par_1_49' title="bbox 337 4710 3608 4793">
     <span class='ocr_line' id='line_1_49' title="bbox 337 4710 3608 4793; baseline 0 -16"><span class='ocrx_word' id='word_1_679' title='bbox 337 4723 502 4778; x_wconf 88' lang='lat' dir='ltr'><strong>etiam</strong></span> <span class='ocrx_word' id='word_1_680' title='bbox 534 4734 657 4789; x_wconf 88' lang='lat' dir='ltr'><strong>qua</strong></span> <span class='ocrx_word' id='word_1_681' title='bbox 683 4735 778 4788; x_wconf 88' lang='lat' dir='ltr'><strong>per</strong></span> <span class='ocrx_word' id='word_1_682' title='bbox 807 4717 1157 4786; x_wconf 89' lang='lat' dir='ltr'><strong>semetipsum</strong></span> <span class='ocrx_word' id='word_1_683' title='bbox 1188 4711 1364 4767; x_wconf 93' lang='lat' dir='ltr'><strong>noluit</strong></span> <span class='ocrx_word' id='word_1_684' title='bbox 1389 4711 1684 4780; x_wconf 82' lang='lat' dir='ltr'><strong>explicare.</strong></span> <span class='ocrx_word' id='word_1_685' title='bbox 1715 4710 2049 4782; x_wconf 83' lang='lat' dir='ltr'><strong>Exponendo</strong></span> <span class='ocrx_word' id='word_1_686' title='bbox 2079 4731 2208 4787; x_wconf 91' lang='lat' dir='ltr'><strong>ergo</strong></span> <span class='ocrx_word' id='word_1_687' title='bbox 2234 4719 2380 4787; x_wconf 92' lang='lat' dir='ltr'><strong>quod</strong></span> <span class='ocrx_word' id='word_1_688' title='bbox 2417 4719 2589 4784; x_wconf 87' lang='lat' dir='ltr'><strong>dixit,</strong></span> <span class='ocrx_word' id='word_1_689' title='bbox 2620 4719 2848 4792; x_wconf 86' lang='lat' dir='ltr'><strong>ﬁgurate</strong></span> <span class='ocrx_word' id='word_1_690' title='bbox 2880 4737 2938 4777; x_wconf 91' lang='lat' dir='ltr'><strong>se</strong></span> <span class='ocrx_word' id='word_1_691' title='bbox 2972 4721 3119 4792; x_wconf 86' lang='lat' dir='ltr'><strong>loqui</strong></span> <span class='ocrx_word' id='word_1_692' title='bbox 3153 4722 3427 4786; x_wconf 71' lang='lat' dir='ltr'><strong>innotuit,</strong></span> <span class='ocrx_word' id='word_1_693' title='bbox 3461 4740 3608 4793; x_wconf 85' lang='lat' dir='ltr'><strong>qua-</strong></span> 
     </span>
    </p>
   </div>
   <div class='ocr_carea' id='block_1_50' title="bbox 336 4802 3606 4887">
    <p class='ocr_par' dir='ltr' id='par_1_50' title="bbox 336 4802 3606 4887">
     <span class='ocr_line' id='line_1_50' title="bbox 336 4802 3606 4887; baseline -0 -16"><span class='ocrx_word' id='word_1_694' title='bbox 336 4827 497 4872; x_wconf 88' lang='lat' dir='ltr'><strong>tenus</strong></span> <span class='ocrx_word' id='word_1_695' title='bbox 525 4820 706 4868; x_wconf 91' lang='lat' dir='ltr'><strong>certos</strong></span> <span class='ocrx_word' id='word_1_696' title='bbox 732 4824 829 4864; x_wconf 90' lang='lat' dir='ltr'><strong>vos</strong></span> <span class='ocrx_word' id='word_1_697' title='bbox 863 4809 1138 4871; x_wconf 89' lang='lat' dir='ltr'><strong>redderet,</strong></span> <span class='ocrx_word' id='word_1_698' title='bbox 1175 4820 1297 4860; x_wconf 91' lang='lat' dir='ltr'><strong>cum</strong></span> <span class='ocrx_word' id='word_1_699' title='bbox 1327 4803 1482 4858; x_wconf 86' lang='lat' dir='ltr'><strong>vobis</strong></span> <span class='ocrx_word' id='word_1_700' title='bbox 1519 4811 1704 4857; x_wconf 85' lang='lat' dir='ltr'><strong>nostra</strong></span> <span class='ocrx_word' id='word_1_701' title='bbox 1731 4802 1996 4873; x_wconf 83' lang='lat' dir='ltr'><strong>fragilitas</strong></span> <span class='ocrx_word' id='word_1_702' title='bbox 2029 4807 2318 4861; x_wconf 85' lang='lat' dir='ltr'><strong>verborum</strong></span> <span class='ocrx_word' id='word_1_703' title='bbox 2355 4810 2503 4864; x_wconf 92' lang='lat' dir='ltr'><strong>illius</strong></span> <span class='ocrx_word' id='word_1_704' title='bbox 2535 4811 2735 4881; x_wconf 86' lang='lat' dir='ltr'><strong>ﬁguras</strong></span> <span class='ocrx_word' id='word_1_705' title='bbox 2765 4814 3019 4883; x_wconf 87' lang='lat' dir='ltr'><strong>aperiret.</strong></span> <span class='ocrx_word' id='word_1_706' title='bbox 3048 4833 3066 4866; x_wconf 65' lang='grc' dir='ltr'>υ</span> <span class='ocrx_word' id='word_1_707' title='bbox 3112 4814 3178 4870; x_wconf 87' lang='lat' dir='ltr'><strong>Et</strong></span> <span class='ocrx_word' id='word_1_708' title='bbox 3203 4816 3421 4886; x_wconf 85' lang='lat' dir='ltr'><strong>quidem</strong></span> <span class='ocrx_word' id='word_1_709' title='bbox 3471 4828 3606 4887; x_wconf 80' lang='lat' dir='ltr'><strong>quis</strong></span> 
     </span>
    </p>
   </div>
   <div class='ocr_carea' id='block_1_51' title="bbox 339 4893 3605 4976">
    <p class='ocr_par' dir='ltr' id='par_1_51' title="bbox 339 4893 3605 4976">
     <span class='ocr_line' id='line_1_51' title="bbox 339 4893 3605 4976; baseline 0.001 -16"><span class='ocrx_word' id='word_1_710' title='bbox 339 4920 578 4976; x_wconf 83' lang='lat' dir='ltr'><strong>unquam</strong></span> <span class='ocrx_word' id='word_1_711' title='bbox 615 4902 719 4958; x_wconf 89' lang='lat' dir='ltr'><strong>sibi</strong></span> <span class='ocrx_word' id='word_1_712' title='bbox 745 4899 1092 4970; x_wconf 85' lang='lat' dir='ltr'><strong>persuaderet</strong></span> <span class='ocrx_word' id='word_1_713' title='bbox 1119 4912 1216 4966; x_wconf 90' lang='lat' dir='ltr'><strong>per</strong></span> <span class='ocrx_word' id='word_1_714' title='bbox 1241 4895 1381 4949; x_wconf 92' lang='lat' dir='ltr'><strong>duos</strong></span> <span class='ocrx_word' id='word_1_715' title='bbox 1417 4893 1648 4948; x_wconf 86' lang='lat' dir='ltr'><strong>Abraha</strong></span> <span class='ocrx_word' id='word_1_716' title='bbox 1679 4893 1821 4949; x_wconf 89' lang='lat' dir='ltr'><strong>ﬁlios</strong></span> <span class='ocrx_word' id='word_1_717' title='bbox 1842 4935 1857 4958; x_wconf 92' lang='lat'><strong>,</strong></span> <span class='ocrx_word' id='word_1_718' title='bbox 1886 4911 2121 4964; x_wconf 91' lang='lat' dir='ltr'><strong>quorum</strong></span> <span class='ocrx_word' id='word_1_719' title='bbox 2157 4915 2300 4954; x_wconf 90' lang='lat' dir='ltr'><strong>unus</strong></span> <span class='ocrx_word' id='word_1_720' title='bbox 2326 4914 2489 4955; x_wconf 89' lang='lat' dir='ltr'><strong>natus</strong></span> <span class='ocrx_word' id='word_1_721' title='bbox 2508 4911 2593 4957; x_wconf 90' lang='lat' dir='ltr'><strong>est</strong></span> <span class='ocrx_word' id='word_1_722' title='bbox 2615 4903 2682 4957; x_wconf 89' lang='lat' dir='ltr'><strong>de</strong></span> <span class='ocrx_word' id='word_1_723' title='bbox 2707 4905 2904 4960; x_wconf 74' lang='lat' dir='ltr'><strong>ancilla</strong></span> <span class='ocrx_word' id='word_1_724' title='bbox 2927 4948 2942 4973; x_wconf 95' lang='lat'><strong>,</strong></span> <span class='ocrx_word' id='word_1_725' title='bbox 2974 4907 3108 4962; x_wconf 90' lang='lat' dir='ltr'><strong>alter</strong></span> <span class='ocrx_word' id='word_1_726' title='bbox 3143 4908 3208 4962; x_wconf 90' lang='lat' dir='ltr'><strong>de</strong></span> <span class='ocrx_word' id='word_1_727' title='bbox 3249 4907 3416 4962; x_wconf 89' lang='lat' dir='ltr'><strong>libera</strong></span> <span class='ocrx_word' id='word_1_728' title='bbox 3441 4950 3457 4971; x_wconf 82' lang='lat'><strong>,</strong></span> <span class='ocrx_word' id='word_1_729' title='bbox 3488 4909 3605 4963; x_wconf 91' lang='lat' dir='ltr'><strong>duo</strong></span> 
     </span>
    </p>
   </div>
   <div class='ocr_carea' id='block_1_52' title="bbox 337 4985 3601 5064">
    <p class='ocr_par' dir='ltr' id='par_1_52' title="bbox 337 4985 3601 5064">
     <span class='ocr_line' id='line_1_52' title="bbox 337 4985 3601 5064; baseline 0.001 -11"><span class='ocrx_word' id='word_1_730' title='bbox 337 4998 683 5055; x_wconf 91' lang='lat' dir='ltr'><strong>Testamenta</strong></span> <span class='ocrx_word' id='word_1_731' title='bbox 707 4990 1001 5064; x_wconf 85' lang='lat' dir='ltr'><strong>signiﬁcari</strong></span> <span class='ocrx_word' id='word_1_732' title='bbox 1021 5029 1037 5054; x_wconf 94' lang='lat'><strong>,</strong></span> <span class='ocrx_word' id='word_1_733' title='bbox 1071 5003 1240 5043; x_wconf 91' lang='lat' dir='ltr'><strong>unum</strong></span> <span class='ocrx_word' id='word_1_734' title='bbox 1267 4987 1488 5056; x_wconf 91' lang='lat' dir='ltr'><strong>quidem</strong></span> <span class='ocrx_word' id='word_1_735' title='bbox 1522 4985 1574 5036; x_wconf 91' lang='lat' dir='ltr'><strong>in</strong></span> <span class='ocrx_word' id='word_1_736' title='bbox 1600 4994 1784 5040; x_wconf 90' lang='lat' dir='ltr'><strong>monte</strong></span> <span class='ocrx_word' id='word_1_737' title='bbox 1813 4985 1942 5040; x_wconf 90' lang='lat' dir='ltr'><strong>Sina</strong></span> <span class='ocrx_word' id='word_1_738' title='bbox 1971 4987 2023 5042; x_wconf 92' lang='lat' dir='ltr'><strong>in</strong></span> <span class='ocrx_word' id='word_1_739' title='bbox 2058 4990 2380 5044; x_wconf 88' lang='lat' dir='ltr'><strong>servitutem</strong></span> <span class='ocrx_word' id='word_1_740' title='bbox 2429 5007 2698 5062; x_wconf 89' lang='lat' dir='ltr'><strong>generans</strong></span> <span class='ocrx_word' id='word_1_741' title='bbox 2725 5013 2739 5061; x_wconf 92' lang='lat'><strong>;</strong></span> <span class='ocrx_word' id='word_1_742' title='bbox 2771 4996 2999 5052; x_wconf 89' lang='lat' dir='ltr'><strong>alterum</strong></span> <span class='ocrx_word' id='word_1_743' title='bbox 3027 5014 3156 5053; x_wconf 88' lang='lat' dir='ltr'><strong>vero</strong></span> <span class='ocrx_word' id='word_1_744' title='bbox 3187 4999 3240 5052; x_wconf 92' lang='lat' dir='ltr'><strong>in</strong></span> <span class='ocrx_word' id='word_1_745' title='bbox 3285 4999 3601 5055; x_wconf 84' lang='lat' dir='ltr'><strong>libertatem</strong></span> 
     </span>
    </p>
   </div>
   <div class='ocr_carea' id='block_1_53' title="bbox 336 5075 3600 5159">
    <p class='ocr_par' dir='ltr' id='par_1_53' title="bbox 336 5075 3600 5159">
     <span class='ocr_line' id='line_1_53' title="bbox 336 5075 3600 5159; baseline 0 -13"><span class='ocrx_word' id='word_1_746' title='bbox 336 5093 570 5147; x_wconf 89' lang='lat' dir='ltr'><strong>ﬁliorum</strong></span> <span class='ocrx_word' id='word_1_747' title='bbox 605 5087 734 5152; x_wconf 91' lang='lat' dir='ltr'><strong>Dei,</strong></span> <span class='ocrx_word' id='word_1_748' title='bbox 767 5101 876 5156; x_wconf 89' lang='lat' dir='ltr'><strong>qua</strong></span> <span class='ocrx_word' id='word_1_749' title='bbox 905 5083 1160 5140; x_wconf 80' lang='lat' dir='ltr'><strong>Christus</strong></span> <span class='ocrx_word' id='word_1_750' title='bbox 1193 5095 1293 5134; x_wconf 89' lang='lat' dir='ltr'><strong>nos</strong></span> <span class='ocrx_word' id='word_1_751' title='bbox 1320 5076 1546 5132; x_wconf 88' lang='lat' dir='ltr'><strong>donavit</strong></span> <span class='ocrx_word' id='word_1_752' title='bbox 1571 5077 1626 5129; x_wconf 66' lang='grc' dir='ltr'><strong><em>’ἲ</em></strong></span> <span class='ocrx_word' id='word_1_753' title='bbox 1653 5075 1789 5143; x_wconf 86' lang='lat' dir='ltr'><strong>Quis</strong></span> <span class='ocrx_word' id='word_1_754' title='bbox 1814 5080 2057 5135; x_wconf 88' lang='lat' dir='ltr'><strong>crederet</strong></span> <span class='ocrx_word' id='word_1_755' title='bbox 2083 5097 2178 5151; x_wconf 90' lang='lat' dir='ltr'><strong>per</strong></span> <span class='ocrx_word' id='word_1_756' title='bbox 2204 5083 2544 5140; x_wconf 89' lang='lat' dir='ltr'><strong>sacerdotem</strong></span> <span class='ocrx_word' id='word_1_757' title='bbox 2569 5085 2964 5144; x_wconf 81' lang='lat' dir='ltr'><strong>Melchisedech</strong></span> <span class='ocrx_word' id='word_1_758' title='bbox 2991 5099 3251 5144; x_wconf 86' lang='lat' dir='ltr'><strong>aternum</strong></span> <span class='ocrx_word' id='word_1_759' title='bbox 3283 5092 3600 5159; x_wconf 83' lang='lat' dir='ltr'><strong>pontificem</strong></span> 
     </span>
    </p>
   </div>
   <div class='ocr_carea' id='block_1_54' title="bbox 333 5167 3602 5250">
    <p class='ocr_par' dir='ltr' id='par_1_54' title="bbox 333 5167 3602 5250">
     <span class='ocr_line' id='line_1_54' title="bbox 333 5167 3602 5250; baseline -0.002 -11"><span class='ocrx_word' id='word_1_760' title='bbox 333 5183 611 5238; x_wconf 87' lang='lat' dir='ltr'><strong>Christum</strong></span> <span class='ocrx_word' id='word_1_761' title='bbox 643 5177 990 5238; x_wconf 80' lang='lat' dir='ltr'><strong>Dominum&#39;,</strong></span> <span class='ocrx_word' id='word_1_762' title='bbox 1019 5189 1115 5244; x_wconf 92' lang='lat' dir='ltr'><strong>per</strong></span> <span class='ocrx_word' id='word_1_763' title='bbox 1137 5167 1548 5226; x_wconf 88' lang='lat' dir='ltr'><strong>tabernaculum</strong></span> <span class='ocrx_word' id='word_1_764' title='bbox 1583 5169 1782 5221; x_wconf 77' lang='lat' dir='ltr'><strong>calum</strong></span> <span class='ocrx_word' id='word_1_765' title='bbox 1803 5170 1842 5234; x_wconf 82' lang='lat'><strong>&#39;,</strong></span> <span class='ocrx_word' id='word_1_766' title='bbox 1869 5185 1963 5237; x_wconf 90' lang='lat' dir='ltr'><strong>per</strong></span> <span class='ocrx_word' id='word_1_767' title='bbox 1991 5174 2311 5242; x_wconf 81' lang='lat' dir='ltr'><strong>sanguinem</strong></span> <span class='ocrx_word' id='word_1_768' title='bbox 2352 5178 2654 5242; x_wconf 76' lang='lat' dir='ltr'><strong>hircorum,</strong></span> <span class='ocrx_word' id='word_1_769' title='bbox 2689 5187 2742 5233; x_wconf 90' lang='lat' dir='ltr'><strong>et</strong></span> <span class='ocrx_word' id='word_1_770' title='bbox 2773 5177 3070 5232; x_wconf 92' lang='lat' dir='ltr'><strong>vitulorum</strong></span> <span class='ocrx_word' id='word_1_771' title='bbox 3101 5180 3420 5250; x_wconf 80' lang='lat' dir='ltr'><strong>sanguinem</strong></span> <span class='ocrx_word' id='word_1_772' title='bbox 3447 5181 3602 5250; x_wconf 81' lang='lat' dir='ltr'><strong>ejus-</strong></span> 
     </span>
    </p>
   </div>
   <div class='ocr_carea' id='block_1_55' title="bbox 333 5255 3599 5335">
    <p class='ocr_par' dir='ltr' id='par_1_55' title="bbox 333 5255 3599 5335">
     <span class='ocr_line' id='line_1_55' title="bbox 333 5255 3599 5335; baseline -0.004 -9"><span class='ocrx_word' id='word_1_773' title='bbox 333 5272 455 5326; x_wconf 86' lang='lat' dir='ltr'><strong>dem</strong></span> <span class='ocrx_word' id='word_1_774' title='bbox 490 5269 693 5324; x_wconf 89' lang='lat' dir='ltr'><strong>Christi</strong></span> <span class='ocrx_word' id='word_1_775' title='bbox 716 5267 965 5328; x_wconf 88' lang='lat' dir='ltr'><strong>Domini,</strong></span> <span class='ocrx_word' id='word_1_776' title='bbox 997 5279 1089 5333; x_wconf 91' lang='lat' dir='ltr'><strong>per</strong></span> <span class='ocrx_word' id='word_1_777' title='bbox 1125 5259 1327 5314; x_wconf 86' lang='lat' dir='ltr'><strong>Sancta</strong></span> <span class='ocrx_word' id='word_1_778' title='bbox 1358 5264 1676 5312; x_wconf 88' lang='lat' dir='ltr'><strong>sanctorum</strong></span> <span class='ocrx_word' id='word_1_779' title='bbox 1706 5255 1934 5311; x_wconf 89' lang='lat' dir='ltr'><strong>interius</strong></span> <span class='ocrx_word' id='word_1_780' title='bbox 1962 5260 2082 5313; x_wconf 73' lang='lat' dir='ltr'><strong>cali</strong></span> <span class='ocrx_word' id='word_1_781' title='bbox 2125 5263 2332 5319; x_wconf 88' lang='lat' dir='ltr'><strong>aditum</strong></span> <span class='ocrx_word' id='word_1_782' title='bbox 2365 5267 2751 5322; x_wconf 91' lang='lat' dir='ltr'><strong>adumbratum</strong></span> <span class='ocrx_word' id='word_1_783' title='bbox 2790 5267 3037 5325; x_wconf 67' lang='lat' dir='ltr'><strong>fuisse‘?</strong></span> <span class='ocrx_word' id='word_1_784' title='bbox 3081 5268 3214 5335; x_wconf 87' lang='lat' dir='ltr'><strong>Quis</strong></span> <span class='ocrx_word' id='word_1_785' title='bbox 3265 5270 3317 5324; x_wconf 91' lang='lat' dir='ltr'><strong>in</strong></span> <span class='ocrx_word' id='word_1_786' title='bbox 3345 5271 3599 5326; x_wconf 80' lang='lat' dir='ltr'><strong>animum</strong></span> 
     </span>
    </p>
   </div>
   <div class='ocr_carea' id='block_1_56' title="bbox 405 5373 3322 5456">
    <p class='ocr_par' dir='ltr' id='par_1_56' title="bbox 405 5373 3322 5456">
     <span class='ocr_line' id='line_1_56' title="bbox 405 5373 3322 5456; baseline -0.001 -16"><span class='ocrx_word' id='word_1_787' title='bbox 405 5387 423 5418; x_wconf 85' lang='grc'>¹</span> <span class='ocrx_word' id='word_1_788' title='bbox 450 5386 623 5442; x_wconf 87' lang='lat' dir='ltr'><strong>Galat.</strong></span> <span class='ocrx_word' id='word_1_789' title='bbox 660 5401 733 5448; x_wconf 85' lang='lat' dir='ltr'><strong>tv,</strong></span> <span class='ocrx_word' id='word_1_790' title='bbox 767 5384 860 5443; x_wconf 70' lang='lat'><strong>22.</strong></span> <span class='ocrx_word' id='word_1_791' title='bbox 889 5381 984 5446; x_wconf 66' lang='grc' dir='ltr'><strong>εδ,</strong></span> <span class='ocrx_word' id='word_1_792' title='bbox 1020 5395 1172 5450; x_wconf 85' lang='lat' dir='ltr'><strong>seqq.</strong></span> <span class='ocrx_word' id='word_1_793' title='bbox 1248 5378 1268 5408; x_wconf 85' lang='grc'>¹</span> <span class='ocrx_word' id='word_1_794' title='bbox 1296 5374 1460 5430; x_wconf 78' lang='lat' dir='ltr'><strong>Hebr.</strong></span> <span class='ocrx_word' id='word_1_795' title='bbox 1499 5389 1618 5436; x_wconf 86' lang='lat' dir='ltr'><strong>vtu,</strong></span> <span class='ocrx_word' id='word_1_796' title='bbox 1651 5373 1675 5426; x_wconf 78' lang='lat' dir='ltr'><strong>l</strong></span> <span class='ocrx_word' id='word_1_797' title='bbox 1715 5388 1869 5443; x_wconf 89' lang='lat' dir='ltr'><strong>seqq.</strong></span> <span class='ocrx_word' id='word_1_798' title='bbox 1967 5377 1987 5407; x_wconf 87' lang='grc'>³</span> <span class='ocrx_word' id='word_1_799' title='bbox 2016 5375 2177 5433; x_wconf 86' lang='lat' dir='ltr'><strong>Ilebr.</strong></span> <span class='ocrx_word' id='word_1_800' title='bbox 2205 5397 2320 5448; x_wconf 78' lang='lat' dir='ltr'><strong>vui,</strong></span> <span class='ocrx_word' id='word_1_801' title='bbox 2349 5383 2384 5436; x_wconf 80' lang='grc'><strong>5</strong></span> <span class='ocrx_word' id='word_1_802' title='bbox 2410 5399 2562 5454; x_wconf 89' lang='lat' dir='ltr'><strong>seqq.</strong></span> <span class='ocrx_word' id='word_1_803' title='bbox 2643 5384 2664 5414; x_wconf 72' lang='grc'><strong>⁸</strong></span> <span class='ocrx_word' id='word_1_804' title='bbox 2695 5382 2858 5440; x_wconf 84' lang='lat' dir='ltr'><strong>Hebr.</strong></span> <span class='ocrx_word' id='word_1_805' title='bbox 2885 5401 2960 5451; x_wconf 80' lang='lat' dir='ltr'><strong>ix,</strong></span> <span class='ocrx_word' id='word_1_806' title='bbox 2988 5384 3043 5448; x_wconf 83' lang='grc'><strong>5,</strong></span> <span class='ocrx_word' id='word_1_807' title='bbox 3070 5385 3129 5438; x_wconf 78' lang='lat' dir='ltr'><strong>II</strong></span> <span class='ocrx_word' id='word_1_808' title='bbox 3170 5400 3322 5456; x_wconf 88' lang='lat' dir='ltr'><strong>seqq.</strong></span> 
     </span>
    </p>
   </div>
   <div class='ocr_carea' id='block_1_57' title="bbox 331 5492 3596 5641">
    <p class='ocr_par' dir='ltr' id='par_1_57' title="bbox 331 5492 3596 5641">
     <span class='ocr_line' id='line_1_57' title="bbox 331 5492 3596 5641; baseline 0.002 -87"><span class='ocrx_word' id='word_1_809' title='bbox 331 5499 737 5641; x_wconf 36' lang='lat' dir='ltr'><strong>“(sufﬂa</strong></span> <span class='ocrx_word' id='word_1_810' title='bbox 766 5501 897 5555; x_wconf 81' lang='lat' dir='ltr'><strong>har.</strong></span> <span class='ocrx_word' id='word_1_811' title='bbox 934 5513 1080 5552; x_wconf 68' lang='lat' dir='ltr'><strong>mm</strong></span> <span class='ocrx_word' id='word_1_812' title='bbox 1111 5539 1125 5562; x_wconf 95' lang='lat'><strong>,</strong></span> <span class='ocrx_word' id='word_1_813' title='bbox 1157 5512 1276 5567; x_wconf 91' lang='lat' dir='ltr'><strong>cap.</strong></span> <span class='ocrx_word' id='word_1_814' title='bbox 1309 5495 1344 5549; x_wconf 74' lang='lat'><strong>‘2</strong></span> <span class='ocrx_word' id='word_1_815' title='bbox 1369 5512 1384 5562; x_wconf 90' lang='lat'><strong>;</strong></span> <span class='ocrx_word' id='word_1_816' title='bbox 1413 5493 1558 5548; x_wconf 85' lang='lat' dir='ltr'><strong>Hier.</strong></span> <span class='ocrx_word' id='word_1_817' title='bbox 1586 5492 1739 5561; x_wconf 79' lang='lat' dir='ltr'><strong>praf.</strong></span> <span class='ocrx_word' id='word_1_818' title='bbox 1774 5493 1922 5548; x_wconf 90' lang='lat' dir='ltr'><strong>hom.</strong></span> <span class='ocrx_word' id='word_1_819' title='bbox 1944 5497 1997 5550; x_wconf 85' lang='lat' dir='ltr'><strong>in</strong></span> <span class='ocrx_word' id='word_1_820' title='bbox 2025 5498 2250 5565; x_wconf 70' lang='lat' dir='ltr'><strong>Mali/1.;</strong></span> <span class='ocrx_word' id='word_1_821' title='bbox 2277 5499 2425 5573; x_wconf 88' lang='lat' dir='ltr'><strong>Orig.</strong></span> <span class='ocrx_word' id='word_1_822' title='bbox 2456 5505 2604 5560; x_wconf 90' lang='lat' dir='ltr'><strong>hom.</strong></span> <span class='ocrx_word' id='word_1_823' title='bbox 2631 5505 2683 5559; x_wconf 86' lang='lat' dir='ltr'><strong>in</strong></span> <span class='ocrx_word' id='word_1_824' title='bbox 2715 5503 2843 5560; x_wconf 88' lang='lat' dir='ltr'><strong>Luc.</strong></span> <span class='ocrx_word' id='word_1_825' title='bbox 2868 5521 2885 5568; x_wconf 87' lang='lat'><em>;</em></span> <span class='ocrx_word' id='word_1_826' title='bbox 2908 5503 3013 5560; x_wconf 89' lang='lat' dir='ltr'><strong>Tit.</strong></span> <span class='ocrx_word' id='word_1_827' title='bbox 3040 5503 3314 5571; x_wconf 91' lang='lat' dir='ltr'><strong>Bostren.,</strong></span> <span class='ocrx_word' id='word_1_828' title='bbox 3342 5504 3596 5577; x_wconf 83' lang='lat' dir='ltr'><strong>Theoph.</strong></span> 
     </span>
    </p>
   </div>
   <div class='ocr_carea' id='block_1_58' title="bbox 405 5637 1008 5712">
    <p class='ocr_par' dir='ltr' id='par_1_58' title="bbox 405 5637 1008 5712">
     <span class='ocr_line' id='line_1_58' title="bbox 405 5637 1008 5712; baseline -0.007 -15"><span class='ocrx_word' id='word_1_829' title='bbox 405 5637 518 5712; x_wconf 70' lang='lat' dir='ltr'><strong>(3i)</strong></span> <span class='ocrx_word' id='word_1_830' title='bbox 546 5640 703 5696; x_wconf 85' lang='lat' dir='ltr'><strong>llum.</strong></span> <span class='ocrx_word' id='word_1_831' title='bbox 738 5640 791 5692; x_wconf 80' lang='lat' dir='ltr'><strong>in</strong></span> <span class='ocrx_word' id='word_1_832' title='bbox 823 5637 1008 5693; x_wconf 77' lang='lat' dir='ltr'><strong>Cenes.</strong></span> 
     </span>
    </p>
   </div>
  </div>
