3760 6270
137 311 206 364 lil't'
775 303 864 358 DE
903 301 1181 360 TlTULIS
1219 303 1667 363 PSALM'ORUM.
1704 336 1773 346 —
1815 306 2199 363 ANTONELLI
2240 296 2630 363 PREFATIO.
3197 307 3299 363 οεδ

136 441 252 483 suum
281 423 548 478 induceret
579 438 669 493 per
705 423 954 478 animalia
977 466 992 489 ,
1026 440 1253 494 quorum
1286 426 1506 496 sanguis
1534 426 1862 482 inferebatur
1891 444 1987 497 pro
2012 438 2236 498 peccato
2266 429 2318 482 in
2353 427 2549 483 Sancta
2582 443 2676 498 per
2701 427 3002 498 pontiﬁcem
3029 467 3043 491 ,
3075 442 3297 497 corpora

136 525 266 568 autem
291 513 654 568 cremabantur
676 524 828 568 extra
861 525 1041 569 castra
1068 558 1082 583 ,
1113 516 1404 571 indicatum
1432 533 1552 571 esse
1580 516 1785 585 Jesum,
1820 528 1878 572 ut
1901 519 2262 574 sanctiﬁcaret
2308 535 2402 590 per
2426 536 2585 574 suum
2638 520 2956 589 sanguinem
2994 519 3252 588 populum
3281 559 3296 582 ,

134 619 243 661 extra
278 617 472 677 portam
507 607 740 663 civitatis
766 607 1063 666 Jerusalem
1107 628 1395 680 passurum
1438 629 1592 678 esse;
1653 614 1756 668 nisi
1803 614 1918 668 haec
1944 614 2123 668 divina
2154 624 2207 668 et
2229 615 2544 669 admiranda
2570 615 2821 686 mysteria
2845 615 3000 670 nobis
3022 614 3296 684 apostolus

134 699 284 754 Paulus
309 700 608 769 aperiret'?
640 699 806 770 Cujus
835 702 887 755 in
921 711 1154 756 mentem
1189 719 1426 774 unquam
1460 705 1710 770 venisset,
1738 721 1832 775 per
1857 704 2061 770 Adam,
2096 705 2188 775 qui
2217 705 2460 760 immisso
2499 722 2529 760 a
2563 705 2788 760 Domino
2830 719 3024 775 sopore
3045 746 3061 772 ,
3099 712 3153 758 et
3201 712 3288 772 pet

135 793 281 857 Evam,
303 808 456 861 quam
488 809 557 848 ex
601 794 918 849 dormientis
950 803 1101 850 costa
1136 795 1190 849 in
1216 797 1496 852 mulierem
1527 797 1668 854 Deus
1697 800 2039 864 aediﬁcavit“,
2071 807 2125 853 et
2155 799 2220 851 de
2253 812 2357 867 qua
2398 797 2600 852 dictum
2635 799 2751 852 est'
2781 816 2793 852 :
2829 797 3178 863 Quamobrem
3210 813 3294 848 re-

135 889 279 955 linquet
306 887 448 939 homo
473 896 674 956 patrem
716 904 867 940 suum
889 929 903 954 ,
927 898 976 942 et
1006 899 1221 942 matrem
1243 930 1257 955 ,
1284 900 1331 945 et
1361 891 1644 946 adltterebit
1668 895 1822 946 uxori
1843 909 1972 959 sum,
1994 901 2042 946 et
2073 900 2223 945 erunt
2248 892 2351 944 duo
2387 891 2440 944 in
2468 908 2623 944 carne
2645 908 2749 944 una
2775 907 2792 943 :
2817 891 3093 946 Christum
3125 888 3292 958 signi-

134 979 236 1031 ﬁcari
255 985 300 1030 et
323 975 636 1044 Ecclesiam,
668 994 788 1049 qua:
819 994 885 1034 ex
915 980 1082 1035 latere
1103 980 1308 1036 Christi
1330 982 1540 1037 Domini
1567 986 1832 1056 sanguine
1861 995 1914 1040 et
1941 1001 2080 1056 aqua
2101 985 2300 1040 ﬂuente
2330 983 2722 1038 obdormientis
2754 984 2805 1036 in
2830 999 3010 1048 cruce,
3045 982 3290 1036 immisso

137 1073 391 1128 voluntarias
423 1074 617 1128 mortis
645 1089 840 1144 sopore
861 1116 877 1141 ,
907 1075 1184 1132 ell'ormata
1209 1087 1329 1144 est,
1359 1087 1412 1133 et
1445 1080 1706 1149 sanguine
1734 1081 1903 1149 ipsius
1937 1081 2208 1147 redempta
2227 1121 2241 1145 ,
2269 1087 2323 1134 et
2355 1095 2494 1149 aqua
2521 1079 2772 1148 baptismi
2805 1076 3138 1133 sanctiﬁcata
3161 1115 3176 1140 ,
3221 1076 3293 1129 ob

137 1182 251 1234 quam
281 1168 487 1236 reliquit
518 1167 631 1238 (5‘2)
668 1177 929 1223 aeternum
968 1184 1128 1224 suum
1163 1169 1374 1225 Patrem
1402 1213 1416 1237 ,
1451 1172 1785 1226 descendens
1815 1172 1928 1242 ipse
1956 1174 2021 1228 de
2044 1174 2201 1237 cado,
2233 1183 2292 1227 ut
2317 1175 2607 1227 humanam
2636 1187 2852 1226 carnem
2897 1170 3215 1238 susciperet,
3242 1175 3293 1220 et

136 1261 308 1316 deseruit
338 1272 585 1329 matrem,
609 1279 801 1334 nempe
831 1265 1094 1336 ingratam
1119 1277 1172 1321 et
1198 1266 1529 1322 iucredulam
1558 1266 1918 1338 Synagogam,
1940 1269 2081 1324 unde
2105 1269 2388 1338 originem,
2414 1278 2476 1322 ut
2504 1270 2688 1332 homo,
2718 1266 2968 1328 ducebat,
3003 1273 3062 1318 ut
3087 1263 3291 1318 scilicet

135 1355 362 1409 adhaereret
395 1354 652 1411 Ecclesia:
679 1355 951 1422 ﬁdelium,
985 1366 1038 1412 et
1063 1358 1182 1427 ejus
1216 1368 1377 1428 caput
1403 1360 1671 1415 exsistens
1703 1360 1989 1430 mysticum
2026 1360 2155 1416 illud
2184 1377 2380 1431 corpus
2404 1359 2746 1425 ell‘ormaret;
2792 1357 2894 1412 nisi
2930 1357 3070 1410 idem
3100 1356 3290 1410 beatus

136 1451 344 1518 apostolus
370 1449 728 1504 admiratione
763 1451 1172 1519 obstupefactus
1203 1453 1266 1505 ad
1297 1452 1387 1506 illa
1413 1453 1576 1508 verba
1610 1454 1853 1509 clamans
1885 1455 2090 1509 diceret
2116 1473 2129 1508 :
2172 1453 2574 1508 Sacramentum
2612 1454 2708 1506 hoc
2751 1466 2998 1520 maguum
3027 1460 3102 1503 est
3122 1465 3146 1523 _;
3199 1464 3290 1518 ego

135 1552 257 1592 autem
273 1541 378 1594 dico
406 1543 459 1594 in
485 1539 718 1607 Christo,
748 1549 794 1594 et
829 1542 885 1594 in
919 1542 1150 1596 Ecclesia
1169 1544 1212 1599 ⁸.
1240 1543 1373 1610 Quis
1394 1545 1529 1607 haec,
1554 1552 1610 1599 et
1637 1545 1868 1614 plurima
1897 1545 2024 1612 alia,
2057 1562 2178 1616 quae
2208 1547 2260 1599 in
2287 1531 2485 1600 divinis
2503 1545 2656 1600 Pauli
2691 1530 2885 1599 litteris
2920 1543 3288 1609 continentur,

135 1653 309 1707 unquam
337 1635 606 1694 crederet.
637 1637 742 1692 nisi
771 1653 836 1692 ea
866 1653 963 1693 nos
993 1639 1178 1694 beatus
1204 1641 1482 1709 apostolus
1512 1641 1801 1696 edoceret?
1823 1640 2007 1711 Neque
2039 1640 2159 1695 ideo
2185 1639 2440 1710 Origenes
2471 1639 2886 1709 reprehenditur
2909 1638 2976 1692 ab
3007 1636 3290 1692 Eustathio

134 1739 305 1800 martyre
326 1730 660 1785 Antiocheno
695 1732 842 1801 (55),
872 1748 902 1786 a
934 1748 1129 1801 magno
1157 1732 1356 1790 Basilio
1379 1735 1489 1806 (54)
1509 1775 1525 1798 ,
1553 1735 1761 1792 Joanne
1791 1735 2178 1807 Chrysostomo
2205 1735 2316 1805 (55)
2339 1775 2352 1797 ,
2383 1735 2716 1806 Epiphanio,
2751 1733 3071 1802 Theophilo,
3103 1732 3292 1786 Hiero-

133 1838 246 1893 nymo
267 1822 363 1893 (56)
387 1863 401 1887 ,
427 1823 682 1893 aliisque,
715 1823 860 1893 quod
885 1823 1182 1893 spiritalem
1216 1824 1620 1896 Scripturarum
1652 1843 1871 1883 sensum
1895 1827 2228 1896 exposuerit,
2265 1827 2346 1882 vel
2369 1825 2514 1896 quod
2546 1824 2746 1895 ingenii
2775 1824 2993 1879 solertia
3031 1823 3288 1885 caruerit,

133 1913 204 1983 Qua
220 1917 473 1986 mysticus,
509 1931 659 1986 quos
688 1932 874 1971 revera
907 1917 1280 1986 complectitur
1315 1917 1596 1989 Scriptura
1621 1935 1835 1986 sensus,
1863 1919 2243 1990 investigaret;
2277 1919 2370 1973 sed
2395 1919 2538 1988 quod
2564 1933 2625 1972 ea
2650 1918 2705 1971 in
2733 1931 2794 1972 re
2820 1916 3048 1970 nimium
3076 1914 3291 1983 ingenio

132 2021 198 2061 suo
220 2007 493 2073 indulserit,
525 2017 581 2064 et
619 2017 800 2079 spreto
822 2009 1037 2064 litterali
1065 2025 1226 2065 sensu
1256 2011 1538 2082 allegorias
1564 2012 1836 2082 quaesierit
1867 2011 1999 2066 locis
2020 2013 2403 2082 propemodum
2428 2009 2748 2074 innumeris,
2784 2024 2814 2062 a
2845 2008 3043 2077 quibus
3067 2022 3288 2076 prorsus

131 2097 268 2153 alienat
291 2107 428 2154 sunt.

174 2187 262 2243 XX.
283 2188 335 2244 Et
363 2190 579 2261 quidem
611 2199 818 2246 veteres
856 2189 1110 2247 Ecclesiae
1150 2191 1401 2250 doctores
1428 2181 1590 2249 etiam
1618 2194 1712 2250 ubi
1743 2194 1914 2250 sacris
1945 2193 2240 2265 Scripturis
2268 2193 2600 2263 explicandis
2630 2193 2915 2247 litteralem
2943 2192 3124 2261 potius
3163 2205 3288 2246 sen-

129 2296 210 2337 tum
233 2301 374 2355 quam
404 2287 757 2358 allegoricum
783 2286 953 2341 secuti
989 2294 1145 2352 sunt,
1177 2287 1473 2357 spiritalem
1505 2298 1684 2344 tamen
1707 2305 1772 2345 ac
1800 2289 2088 2360 mysticum
2125 2298 2424 2360 agnoscunt
2448 2305 2510 2344 ac
2536 2290 2786 2359 probant,
2811 2300 2864 2344 et
2894 2288 3128 2358 primum
3164 2301 3287 2341 cor-

129 2375 226 2443 peri,
250 2377 459 2431 alterum
493 2394 625 2433 vero
652 2378 845 2432 anima:
861 2386 1196 2447 comparant.
1217 2377 1584 2436 Tertullianus
1610 2396 1773 2451 agens
1789 2381 1856 2436 de
1883 2379 2139 2435 Oratione
2165 2379 2446 2436 Dominica
2474 2381 2587 2450 (57)
2613 2401 2624 2435 :
2662 2401 2678 2433 ι
2703 2381 3050 2451 Quanquam,
3083 2378 3284 2450 inquit.

128 2468 273 2524 Panem
319 2483 548 2527 nostrum
598 2474 962 2543 quotidianum
1014 2474 1084 2527 da
1135 2475 1282 2528 nobis
1333 2474 1507 2542 hodie,
1563 2477 1880 2546 spiritaliter
1927 2476 2109 2546 potius
2181 2476 2566 2546 intelligamus.
2619 2476 2870 2532 Christus
2927 2475 3070 2530 enim
3125 2474 3282 2544 panis

128 2571 258 2616 noster
283 2573 372 2628 est,
405 2566 532 2634 quia
571 2565 675 2619 vita
699 2564 970 2630 Christus,
1000 2575 1054 2621 et
1079 2567 1186 2621 vita
1209 2567 1383 2637 panis,
1407 2575 1510 2621 etc.
1540 2565 1724 2636 Itaque
1749 2569 1977 2637 petendo
2001 2585 2192 2638 panem
2220 2568 2619 2638 quotidianum,
2656 2567 3066 2637 perpetuitatem
3096 2575 3284 2635 postu-

128 2651 254 2710 lamus
277 2657 324 2710 in
353 2656 591 2726 Christo,
626 2669 678 2713 et
707 2659 1136 2715 individuitatem
1167 2677 1199 2716 a
1231 2677 1456 2731 corpore
1478 2661 1617 2732 ejus.
1653 2661 1758 2717 Sed
1803 2674 1856 2718 et
1888 2664 2014 2733 quia
2056 2664 2343 2719 carnaliter
2375 2663 2680 2718 admittitur
2712 2662 2816 2717 ista
2870 2676 2998 2724 vox,
3026 2675 3135 2715 non
3169 2659 3288 2715 sine

127 2750 324 2820 religione
342 2763 512 2823 potest
539 2754 657 2809 ﬁeri
684 2763 737 2809 et
769 2755 1027 2825 Spit-italis
1053 2756 1371 2827 disciplinae.
1408 2756 1607 2812 Panem
1637 2758 1782 2812 enim
1811 2759 1921 2812 neti
1957 2759 2196 2825 mandat,
2232 2759 2376 2828 quod
2417 2758 2594 2813 solum
2642 2757 2889 2813 ﬁdelibus
2914 2757 3283 2812 necessarium

127 2852 386 2905 est;c:etera
416 2849 564 2903 enim
596 2849 842 2904 nationes
872 2849 1175 2920 requirunt.
1213 2849 1315 2906 Ubi
1354 2852 1589 2907 dictione
1619 2853 1708 2907 illa
1739 2853 2054 2923 spiritaliter
2082 2854 2431 2924 allegoricum
2458 2862 2512 2908 et
2534 2853 2820 2924 mysticum
2843 2852 3130 2907 verborum
3159 2866 3282 2906 sen-

129 2951 231 3002 sum,
260 2941 338 2996 illa
363 2958 486 2998 vero
517 2943 805 2998 carnaliter
833 2944 1113 2999 litteralem
1155 2946 1440 3017 signiﬁcat.
1473 2965 1491 3000 ι
1531 2946 1640 3003 Nec
1671 2947 2003 3004 dissimiliter
2031 2949 2407 3004 sanctissimus
2445 2958 2649 3020 martyr
2678 2947 2979 3020 Cyprianus
3002 2947 3288 3002 Tertullia-

131 3049 238 3101 num,
265 3053 408 3107 quem
455 3039 776 3109 magistrum
806 3041 1051 3106 vocabat,
1087 3051 1328 3108 secutus,
1361 3043 1588 3112 loquens
1614 3042 1680 3098 de
1709 3044 1897 3099 eadem
1931 3043 2205 3100 Orationis
2246 3043 2543 3099 Dominicaa
2573 3044 2832 3114 petitione
2874 3045 2987 3115 (58)
3025 3063 3039 3098 :
3073 3062 3098 3099 ,σ
3131 3045 3284 3111 Quod

128 3137 275 3197 putest,
297 3133 381 3199 ait,
413 3143 465 3188 et
494 3134 833 3204 spiritaliter,
882 3144 935 3190 et
965 3135 1283 3206 simpliciter
1314 3139 1538 3211 intelligi
1576 3156 1590 3194 :
1622 3139 1749 3209 quia
1781 3150 1835 3195 et
1864 3149 2091 3210 uterque
2140 3140 2450 3196 intellectus
2482 3141 2714 3196 utilitate
2750 3141 2932 3196 divina
2979 3141 3191 3211 proﬁcit
3219 3141 3285 3196 ad

128 3223 318 3283 salutem.
345 3227 470 3283 Nam
500 3229 659 3299 panis
686 3229 806 3285 vitae
850 3229 1102 3286 Christus
1139 3242 1240 3296 est,
1288 3243 1342 3288 et
1371 3234 1527 3304 panis
1565 3234 1654 3289 hic
1688 3235 1933 3291 omnium
1966 3251 2075 3290 non
2099 3243 2203 3302 est,
2239 3235 2331 3290 sed
2363 3242 2550 3290 noster
2577 3245 2679 3300 est,
2714 3245 2819 3291 etc.
2850 3234 3034 3290 Potest
3070 3248 3197 3288 vero
3235 3243 3287 3288 et

127 3317 180 3370 sic
201 3319 407 3392 intelligi,
441 3335 497 3379 ut
525 3325 619 3394 qui
651 3326 848 3380 saeculo
882 3328 1331 3396 renuntiavimus,
1368 3337 1422 3384 et
1460 3330 1678 3385 divitias
1708 3332 1848 3402 ejus,
1895 3339 1951 3386 et
1982 3346 2206 3401 pompas
2257 3329 2360 3386 ﬁde
2405 3331 2590 3402 gratiae
2624 3331 2922 3402 spiritualis
2967 3330 3284 3401 abjecimus,

127 3410 256 3467 cibum
285 3417 426 3473 nobis
456 3429 669 3474 tantum
711 3430 958 3489 petamus
986 3431 1044 3477 ‘et
1084 3423 1307 3479 vietum.
1347 3423 1723 3491 rQuibuscum
1759 3427 2030 3482 consentit
2062 3427 2251 3481 beatus
2278 3426 2612 3497 Augustinus
2637 3426 2772 3499 (59),
2806 3428 2899 3498 qui
2947 3427 3173 3496 loquens
3221 3426 3286 3481 de

128 3505 320 3568 paradiso
345 3512 407 3565 ab
435 3509 668 3582 Origene
692 3513 916 3584 ejusque
945 3513 1224 3585 discipulis
1254 3532 1359 3571 non
1384 3518 1619 3588 preprie,
1655 3519 1748 3574 sed
1770 3520 1998 3588 ﬁgurate
2027 3519 2300 3574 intellecto
2329 3537 2342 3572 :
2380 3537 2398 3570 ε
2435 3518 2601 3584 Quasi
2621 3528 2924 3588 propterea,
2956 3519 3151 3588 inquit,
3175 3532 3286 3571 non

127 3600 301 3658 potuerit
318 3617 428 3657 esse
455 3605 742 3673 paradisus
766 3607 1083 3675 corporalis,
1106 3607 1232 3676 quia
1267 3616 1444 3677 potest
1488 3608 1652 3663 etiam
1699 3590 1959 3678 spiritalis
1990 3608 2254 3678 intelligi?
2283 3608 2566 3679 Tanquam
2609 3609 2732 3663 ideo
2775 3623 2884 3662 non
2934 3606 3138 3662 fuerint
3166 3607 3286 3662 duae

129 3687 339 3756 mulieres,
379 3695 520 3764 Agar
561 3704 614 3750 et
642 3695 796 3764 Sara,
822 3707 876 3752 et
906 3713 972 3752 ex
1004 3698 1111 3753 illis
1152 3699 1260 3754 duo
1290 3699 1387 3754 ﬁlii
1424 3697 1676 3764 Abrahae,
1708 3715 1852 3755 unus
1881 3699 1948 3754 de
1987 3699 2205 3763 ancilla,
2236 3707 2290 3754 et
2317 3699 2459 3754 alius
2489 3699 2556 3754 de
2579 3699 2786 3764 libera;
2823 3697 2951 3768 quia
2980 3697 3090 3751 duo
3118 3704 3286 3750 testa-

129 3794 258 3839 menta
287 3789 334 3841 in
368 3791 444 3846 eis
475 3792 705 3862 ﬁgurata
743 3793 872 3848 dicit
900 3795 1226 3863 Apostolus;
1251 3803 1344 3850 aut
1391 3795 1510 3851 ideo
1537 3796 1602 3851 de
1632 3796 1780 3850 nulla
1820 3803 1994 3865 petra,
2021 3794 2204 3866 Moyse
2249 3795 2603 3860 percutiente,
2637 3809 2776 3863 aqua
2807 3791 3111 3856 deﬂuxerit,
3156 3791 3284 3860 quia

128 3881 254 3935 potest
287 3880 384 3937 illic
441 3883 669 3954 ﬁgurata
713 3884 1104 3954 signiﬁcatione
1137 3885 1298 3940 etiam
1343 3887 1591 3941 Christus
1628 3886 1874 3958 intelligi,
1927 3886 2116 3940 eodem
2163 3885 2424 3955 Apostolo
2469 3885 2720 3940 dicente:
2755 3882 2915 3936 Petra
2965 3891 3139 3935 autem
3171 3881 3286 3934 erat

129 3966 380 4033 Christus”.
409 3977 579 4034 Nemo
606 3980 784 4047 itaque
825 3981 1072 4048 prohibet
1105 3981 1398 4052 intelligere
1428 3983 1762 4052 paradisum,
1797 3981 1964 4035 vitam
1999 3981 2320 4047 beatorum;
2351 3987 2585 4052 quatuor
2617 3978 2734 4048 ejus
2768 3976 3012 4042 ﬁumina,
3051 3982 3286 4045 quatuor

127 4064 315 4135 virtutes,
346 4081 443 4128 etc.
475 4072 604 4128 Haec
644 4082 698 4128 et
728 4073 776 4128 si
820 4089 926 4143 qua
977 4075 1082 4128 alia
1128 4076 1469 4130 commodius
1516 4076 1622 4130 dici
1651 4086 1882 4146 possunt
1912 4075 1979 4130 de
2028 4074 2376 4145 intelligendo
2426 4073 2737 4144 spiritaliter
2760 4070 3035 4142 paradiso,
3068 4067 3286 4122 nemine

127 4164 396 4233 prohibente,
431 4170 684 4224 dicantur
711 4188 725 4224 :
752 4169 880 4223 dum
907 4178 1084 4224 tamen
1118 4170 1263 4232 illius
1297 4171 1536 4226 historia:
1560 4173 1756 4226 veritas
1789 4170 2105 4225 lidelissima
2140 4185 2321 4226 rerum
2354 4179 2625 4241 gestarum
2661 4169 2972 4222 narratione
3012 4177 3285 4252 commeo-

125 4256 212 4312 data
238 4270 475 4321 teneatur.
512 4286 532 4318 ι
555 4265 648 4321 His
671 4277 848 4322 autem
880 4267 1002 4320 addi
1039 4275 1266 4337 possunt
1291 4269 1472 4324 caeteri
1495 4285 1684 4324 omnes
1705 4267 1891 4322 Patres
1919 4275 2185 4336 quotquot
2209 4267 2262 4320 in
2291 4265 2526 4320 Ecclesia
2559 4263 2654 4319 Dei
2669 4263 2968 4317 ﬂoruerunt
2997 4261 3066 4315 ab
3089 4264 3283 4314 exortu

125 4345 380 4410 Christianae
401 4357 525 4412 ﬁdei
552 4356 617 4410 ad
637 4365 907 4426 postrema
930 4373 1101 4426 usque
1133 4367 1188 4412 et
1207 4359 1352 4412 aetati
1388 4367 1589 4413 nostrae
1616 4362 1870 4428 propiora
1906 4359 2120 4412 saecula.
2151 4357 2515 4422 Quamobrem
2548 4364 2760 4409 tantum
2801 4356 2972 4420 abest,
3009 4362 3070 4407 ut
3096 4359 3283 4406 nostra

126 4435 394 4502 Psalmorum
422 4449 723 4515 translatio,
751 4465 847 4505 seu
873 4448 1265 4518 interpretatio,
1296 4464 1404 4518 qua
1434 4449 1776 4504 Psalmorum
1833 4449 1994 4502 verba
2030 4449 2097 4502 de
2126 4448 2350 4501 Christo
2376 4456 2429 4501 et
2451 4446 2692 4500 Ecclesia
2726 4445 3088 4515 explicantur,
3111 4444 3281 4498 Atha-

126 4538 256 4604 ηθείο,
276 4546 420 4615 cujus
444 4563 643 4603 nomen
685 4547 999 4616 inscriptum
1039 4555 1143 4608 est,
1193 4546 1359 4600 adimi
1401 4547 1612 4613 debeat,
1658 4547 1743 4601 vel
1777 4553 2039 4614 tanquam
2080 4545 2258 4612 inepta
2296 4557 2361 4596 ac
2398 4542 2624 4612 puerilis
2663 4556 2693 4595 a
2725 4541 2958 4597 sensatis
2987 4540 3117 4596 viris
3141 4547 3196 4594 et
3229 4538 3283 4592 in

175 4697 340 4758 “Hebr.
370 4723 480 4775 xm,
510 4707 596 4772 ll,
627 4704 713 4760 12.
788 4706 808 4736 ⁸
834 4704 1030 4760 Genes.
1061 4722 1119 4772 ιι,
1144 4705 1232 4760 21.
1307 4705 1328 4736 ⁷
1356 4705 1484 4760 ibid.
1507 4703 1598 4757 2-1.

1144 4705 1232 4760 21.
1307 4705 1328 4736 ⁷
1356 4705 1484 4760 ibid.
1507 4703 1598 4757 2-1.
1673 4705 1694 4736 ⁸
1723 4704 1921 4775 Ephes.
1953 4721 2006 4770 v,
2027 4705 2113 4760 32.
2190 4703 2234 4736 ⁸⁵
2262 4703 2280 4756 l
2309 4701 2439 4756 Cor.
2470 4718 2525 4764 x,
2557 4701 2609 4755 4.

169 4844 258 4915 (ὗῖ)
289 4848 340 4902 Si
364 4867 479 4919 ergo
523 4849 764 4904 Christus
828 4849 1048 4903 adhaesit
1109 4848 1375 4909 Ecclesiae,
1405 4856 1464 4901 ut
1502 4854 1672 4919 essent
1707 4845 1810 4899 duo
1832 4849 1884 4899 iu
1906 4863 2063 4900 carne
2083 4862 2208 4919 una,
2229 4844 2487 4919 quomodo
2519 4843 2725 4913 reliquit
2749 4842 3007 4898 Patrem?
3029 4845 3284 4919 quomodo

124 4913 568 4991 metrent?ﬂeliquit
619 4919 851 4980 Patrem,
891 4922 1013 4989 quia
1053 4937 1070 4970 ‹
1103 4937 1216 4973 cum
1263 4921 1319 4971 in
1350 4919 1521 4991 [arma
1555 4917 1648 4970 Dei
1686 4926 1837 4991 esset,
1866 4933 1966 4970 non
1992 4913 2263 4991 rapinam;
2288 4916 2575 4991 arbitratus
2600 4925 2677 4967 est
2727 4930 2836 4968 esse
2871 4913 3120 4991 (aqualem
3156 4913 3282 4991 Deo,

124 4986 186 5035 ted
227 4983 520 5054 semetipsum
563 4992 848 5044 exiuanivit
876 4983 1099 5059 formam
1147 4991 1280 5042 servi
1313 4983 1588 5057 accipiens.
1620 5006 1640 5038 ι
1684 4986 1799 5059 Hoc
1854 4996 1929 5040 est
1978 4983 2137 5049 enim,
2170 4986 2379 5054 reliquit
2413 4984 2788 5059 ΙξςιῑινίειηζηοηΔ
2822 4986 2946 5059 quia
2976 4983 3200 5059 deseruit
3223 4992 3285 5059 iet

124 5061 282 5130 recessit
311 5079 339 5112 a
371 5051 561 5130 Patre;
587 5063 674 5114 sed
712 5064 835 5130 quia
875 5051 1001 5130 :non
1035 5077 1096 5112 ea
1159 5063 1210 5112 in
1230 5060 1409 5130 forma
1425 5051 1681 5130 apparuit
1720 5058 2036 5130 hominibus,
2062 5059 2114 5110 in
2148 5073 2253 5127 qua
2279 5051 2501 5126 trqualis
2531 5065 2605 5108 est
2635 5053 2809 5107 Patri.
2834 5051 3112 5130 Quomodo
3159 5053 3284 5130 reli-

123 5126 420 5200 quitmatrem
445 5135 467 5185 ?
495 5119 830 5200 relinquendo
858 5129 1189 5199 Synagogam
1214 5119 1634 5200 Judazoruni,_de
1671 5144 1774 5197 qua
1832 5119 2113 5181 secundum
2153 5119 2363 5200 caruerit
2429 5134 2584 5178 natus
2609 5135 2689 5200 est
2707 5139 2727 5187 ;
2755 5134 2806 5178 et
2836 5123 3136 5176 inhwrendo
3181 5119 3286 5174 Ec-

125 5189 270 5270 “etjq,
287 5216 427 5270 quam
449 5218 511 5255 ea:
531 5189 766 5255 cordibus
784 5189 1379 5270 gentibuscongregarit.
1440 5196 1497 5251 S.
1532 5189 1694 5268 'Augf
1721 5205 1877 5251 tract.
1904 5215 1978 5262 ix,
2007 5200 2061 5251 in
2093 5213 2205 5266 cap.
2232 5213 2270 5252 tt
2302 5195 2489 5262 Joau.,
2515 5211 2570 5248 n.
2602 5195 2687 5246 10.

175 5265 264 5340 (335)
291 5265 340 5340 lu
369 5287 528 5325 serm.
557 5272 630 5324 De
652 5265 995 5340 ventriloqua.
1032 5265 1488 5338 seu'Py'thonissa.

178 5335 266 5406 (54)
291 5339 433 5395 llom.
465 5344 516 5404 5,
552 5343 608 5394 in
641 5335 1046 5406 Hexaemeron.,
1080 5356 1133 5393 n.
1168 5335 1220 5393 91

177 5405 906 5484 (§§)_l_lom.l5in§ene_sirn.
1032 5405 1094 5484 ί,
1205 5477 1216 5484 _
1409 5477 1521 5484 ____
1667 5475 1700 5484 __
1999 5479 2010 5484 _
2087 5477 2103 5484 _
2178 5478 2188 5484 _
2401 5475 2404 5478 ,
2530 5472 2593 5484 __
2660 5472 2672 5484 ,

293 5478 491 5598 ξξίετοὲ.
524 5497 604 5550 ep.
636 5482 703 5536 58
726 5481 794 5534 ad
818 5478 1125 5533 Pammach.
1151 5494 1168 5541 ;
1203 5477 1257 5533 in
1291 5477 1444 5548 praef.
1468 5477 1560 5533 lib.
1591 5493 1624 5532 ν
1661 5475 1964 5533 Comment.
1991 5479 2046 5532 in
2077 5477 2296 5543 Isaiam,
2325 5472 2620 5548 etb‘prazfat.
2653 5472 2709 5526 in
2747 5470 2973 5528 Halach.

318 5567 413 5598 .2“-
479 5591 492 5598 -

260 5554 273 5612 )
298 5554 413 5612 lLap.
442 5552 492 5605 6.

199 5547 273 5612 37)
298 5554 413 5620 Cap.
442 5552 492 5605 6.
552 5547 560 5550 ’

178 5547 270 5755 ἕω)
297 5618 347 5700 In
373 5624 507 5691 expl.
539 5621 690 5704 Orat.
720 5621 875 5703 Dom.

195 5684 269 5755 39)
290 5689 394 5750 ιιι).
420 5705 510 5746 xltt
537 5693 612 5747 De
642 5701 784 5746 σενα.
823 5691 875 5743 0.

195 5684 269 5756 39)
290 5689 394 5750 Lib.
420 5684 510 5746 xm
537 5693 612 5747 De
642 5694 784 5746 civil.
823 5691 938 5752 Dei,
966 5705 1016 5746 c.
1049 5691 1134 5746 21.

391 5786 653 5849 ΡΔτιιοι..
697 5787 814 5848 Gn.
865 5786 1128 5848 XXVII.

2917 5775 2994 5837 20
