3760 6270
461 276 566 332 619
1291 274 1347 328 S.
1389 271 1760 330 ATHANASII
1797 270 1949 327 OPP.
1991 269 2170 327 PARS
2209 270 2295 327 Ill.
2339 302 2399 312 -ν
2446 271 2834 330 EXEGETICA
3585 276 3684 334 620

465 395 849 452 ecclesiasticis
872 394 1074 450 studiis
1101 402 1153 449 et
1182 393 1487 450 Christiana
1529 395 1728 465 pietate
1764 394 1994 450 excultis
2039 391 2228 449 eadem
2275 395 2569 459 contemni,
2603 393 2734 464 quin
2767 391 2946 464 potius
2999 406 3120 447 reor
3152 399 3532 464 argumentum
3567 393 3687 448 hinc

466 497 610 543 recte
635 487 774 540 sumi
805 501 962 555 posse
993 493 1052 539 ut
1079 485 1428 541 sanctissimo
1454 485 1672 540 Doctori
1703 485 2066 555 adjudicetur.

535 581 677 637 XXI.
727 581 1030 636 Cardinalis
1064 580 1412 648 Thomasius,
1439 581 1523 636 vir
1551 591 1604 637 et
1637 581 1944 636 eruditione
1967 588 2022 635 et
2075 596 2288 636 morum
2330 579 2618 636 sanctitate
2680 581 2926 648 illustris,
2987 581 3305 652 allegoricos
3352 578 3682 633 Psalmorum

465 698 660 739 sensus
687 682 1025 736 Christianos
1055 694 1249 755 sensus
1273 687 1431 732 vocat
1458 678 1509 732 in
1535 677 1850 746 praefatione
1880 677 1944 732 ad
1979 676 2326 740 Psalterium,
2348 676 2494 746 quod
2528 691 2652 731 cum
2700 676 2887 732 Latina
2934 677 3377 746 interpretatione
3402 675 3468 728 ab
3489 689 3556 728 eo
3581 672 3684 725 cla-

463 776 646 831 borata
693 775 744 828 in
782 774 1048 844 publicam
1077 772 1362 827 utilitatem
1405 771 1584 825 emisit
1616 789 1628 824 :
1663 788 1682 821 r
1719 768 1912 834 Porro,
1949 769 2143 838 inquit,
2181 785 2248 824 ne
2292 769 2474 838 aliqua
2513 769 2702 822 saltem
2751 769 2963 824 deesset
2995 769 3076 823 vel
3120 767 3300 822 brevis
3344 762 3684 820 manuiluctio

463 868 528 921 ad
563 867 853 923 secretiora
885 866 1162 937 mysteria,
1193 878 1459 933 sensaque
1481 861 1820 918 Psalmorum
1861 872 1977 916 tum
2007 863 2072 916 de
2093 862 2310 916 Christo
2338 869 2393 916 et
2416 861 2587 931 ipsius
2621 878 2846 931 corpore
2880 862 3117 918 Ecclesia
3147 862 3418 927 universa,
3445 869 3498 914 et
3523 859 3682 929 parti-

461 961 737 1016 cularibus
766 959 924 1029 hujus
947 960 1214 1030 corporis,
1243 959 1356 1014 sive
1383 958 1594 1028 collegii
1630 956 1910 1019 membris,
1942 957 1993 1010 id
2019 965 2100 1013 est
2128 957 2396 1021 ﬁdelibus,
2429 965 2541 1011 tum
2571 957 2733 1011 etiam
2767 957 2832 1011 de
2863 956 3068 1012 coelesti
3101 956 3297 1027 patria,
3326 969 3465 1025 quos
3495 965 3680 1007 sensus

462 1061 607 1108 recte
640 1051 993 1122 appellaveris
1025 1066 1220 1106 sensus
1266 1049 1627 1116 Christianos,
1671 1048 1974 1119 patefactos
2014 1048 2190 1114 nobis,
2233 1058 2492 1119 tanquam
2540 1051 2712 1104 scisso
2741 1049 2924 1119 templi
2955 1050 3093 1114 velo,
3127 1057 3303 1103 morte
3331 1045 3554 1111 Christi,
3593 1031 3678 1115 qui

462 1142 718 1212 aposmlis
748 1143 956 1210 aperuit
982 1156 1225 1206 sensum,
1251 1149 1311 1194 ut
1335 1140 1691 1210 intelligerent
1721 1137 2054 1209 Scripturas,
2085 1147 2140 1192 et
2173 1153 2295 1208 quae
2331 1137 2530 1208 scripta
2561 1148 2690 1193 sunt
2730 1138 2781 1192 in
2832 1137 2972 1210 Lege
3002 1136 3194 1208 Moysi,
3224 1146 3278 1192 et
3302 1135 3606 1205 Prophetis,
3632 1141 3682 1187 et

457 1234 692 1291 Psalmis
721 1234 788 1289 de
817 1235 956 1303 ipso,
992 1253 1010 1286 ι
1044 1243 1147 1289 etc.
1192 1232 1267 1287 lta
1301 1241 1445 1287 recte
1478 1247 1540 1286 ac
1572 1232 1842 1300 sapienter
1875 1231 2013 1301 pius.
2035 1241 2086 1285 et
2114 1229 2307 1286 doctus
2337 1231 2633 1287 cardinalis
2676 1247 2740 1287 ex
2789 1240 3026 1287 veterum
3059 1230 3276 1285 Patrum
3329 1228 3572 1284 doctrina
3619 1227 3680 1282 de

461 1327 750 1396 allegorice
770 1337 825 1381 et
853 1326 1083 1396 Spiritali
1117 1323 1460 1380 Psalmorum
1491 1334 1545 1379 et
1583 1338 1752 1378 sacrae
1783 1321 2076 1392 Scriptura
2109 1337 2274 1378 sensu
2308 1323 2520 1378 locutus
2551 1332 2651 1378 est.
2682 1322 2816 1378 Nam
2850 1321 3108 1394 Origenes
3151 1323 3203 1376 in
3247 1320 3499 1376 libro-De
3540 1320 3678 1390 prin-

463 1422 617 1492 cipiis
654 1419 762 1491 (40)
793 1435 1027 1491 arguens
1055 1435 1150 1474 eos
1174 1419 1266 1489 qui
1296 1434 1363 1475 ex
1394 1417 1810 1474 circumcisione
1839 1427 2012 1485 erant,
2039 1417 2186 1489 quod
2224 1418 2278 1473 in
2309 1417 2641 1473 Salva‘torem
2674 1428 2920 1474 nostrum
2953 1434 3060 1473 non
3096 1417 3460 1483 crediderunt,
3489 1416 3580 1471 sed
3626 1416 3674 1469 in

453 1513 641 1569 varios
665 1529 878 1568 errores
908 1513 1040 1584 lapsi
1065 1523 1213 1578 sunt,
1238 1514 1364 1583 quia
1393 1529 1576 1569 sacras
1607 1512 1916 1583 Seripturas
1943 1528 2052 1568 non
2085 1513 2380 1568 secundum
2425 1514 2719 1584 spiritalem
2749 1531 2990 1580 sensum,
3033 1514 3126 1569 sed
3166 1512 3466 1568 secundum
3497 1512 3676 1565 littera:

459 1621 655 1661 sonum
682 1608 1094 1676 interpretantes
1118 1608 1173 1661 in
1207 1608 1292 1662 via
1322 1608 1562 1662 veritatis
1596 1608 1902 1663 voluntario
1931 1623 2061 1663 casu
2117 1608 2470 1663 cmcutierunt
2502 1627 2514 1662 :
2560 1629 2578 1660 ι
2621 1609 2690 1666 lis
2734 1618 2915 1665 autem
2969 1609 3224 1664 omnibus
3283 1607 3453 1673 nulla,
3490 1605 3673 1676 inquit,

457 1701 716 1756 falsarum
751 1703 1088 1772 opinionum,
1118 1703 1265 1757 nulla
1299 1703 1585 1774 impietatis
1609 1711 1663 1757 et
1690 1703 2014 1758 stolidorum
2041 1703 2107 1758 de
2134 1701 2242 1758 Deo
2275 1719 2590 1761 sermonum
2619 1719 2783 1759 causa
2809 1720 2931 1759 esse
2956 1704 3061 1758 alia
3088 1703 3319 1766 videtur,
3342 1716 3510 1771 quam
3537 1695 3676 1756 Scri-

450 1803 612 1861 ptura
643 1809 750 1848 non
776 1794 1439 1864 secundum'spiritualem
1470 1811 1690 1851 sensum
1720 1795 2009 1861 intellecta,
2045 1795 2140 1851 sed
2181 1797 2482 1851 secundum
2510 1797 2800 1853 litteralem
2839 1807 3077 1866 accepta.
3113 1795 3453 1864 Quapropter
3490 1793 3556 1846 iis
3588 1791 3671 1860 qui

457 1905 778 1960 persuasum
814 1891 1011 1946 habent
1034 1906 1220 1946 sacros
1249 1891 1414 1946 libros
1461 1873 1569 1946 non
1610 1891 1889 1946 hominum
1921 1907 2042 1947 esse
2084 1893 2526 1960 commentarios,
2556 1894 2648 1949 sed
2681 1894 2854 1949 sancti
2892 1892 3128 1963 Spiritus
3177 1891 3384 1956 afflatu,
3406 1891 3675 1946 voluntate

461 1983 550 2040 Dei
585 1983 824 2052 parentis
868 1982 1246 2038 universorum
1289 1998 1383 2052 per
1419 1982 1604 2038 Jesum
1639 1983 1917 2039 Christum
1945 1985 2178 2055 scriptos
2204 2001 2325 2042 esse
2362 1995 2416 2042 et
2454 1989 2521 2042 ad
2553 2004 2650 2043 nos
2677 1989 3012 2058 pervenisse,
3038 2005 3144 2059 qua
3171 1989 3254 2042 via
3294 1990 3348 2042 in
3383 2003 3574 2042 eorum
3608 1986 3675 2042 le—

453 2077 632 2132 ctione
657 2075 1013 2130 insistendum
1048 2091 1168 2131 esse
1198 2076 1354 2131 nobis
1398 2076 1665 2141 videatur,
1711 2077 1954 2133 indicare
2009 2079 2350 2146 conabimur,
2393 2088 2606 2136 servata
2661 2081 3242 2136 cmlestimsecundum
3281 2077 3672 2135 successionem

455 2172 824 2240 apostolorum
858 2170 1109 2225 Ecclesiae
1155 2169 1283 2226 Jesu
1324 2171 1525 2227 Christi
1573 2173 1778 2243 regula.
1820 2171 1887 2228 Et
1913 2189 2034 2229 esse
2065 2174 2282 2245 quidem
2326 2175 2586 2246 mysticas
2616 2175 2881 2246 quasdam
2919 2175 3371 2245 dispensationes,
3411 2187 3550 2229 uuas
3598 2170 3673 2224 di-

453 2267 592 2321 vina:
623 2265 918 2335 Scriptnrze
944 2265 1200 2331 indicant,
1233 2267 1394 2322 etiam
1428 2269 1787 2338 simpliciores
1835 2269 2072 2326 ﬁdelium
2123 2271 2367 2326 credunt.
2406 2289 2425 2323 ι
2475 2272 2555 2327 Ad
2588 2272 2703 2329 haec
2735 2281 2915 2328 autem
2958 2272 3209 2344 Origenis
3242 2270 3405 2326 verba
3440 2267 3674 2340 apposite

454 2364 675 2429 subjicit
707 2361 936 2418 Carolus
960 2363 1026 2417 de
1066 2362 1242 2418 Larue
1270 2363 1378 2434 (41)
1417 2382 1430 2418 :
1468 2383 1487 2416 ι
1527 2363 1672 2419 Nihil
1705 2366 1788 2420 his
1825 2365 2004 2422 verbis
2035 2367 2362 2424 accuratius.
2402 2367 2662 2424 Generale
2699 2369 2829 2424 illud
2858 2369 3203 2440 principium,
3237 2366 3384 2438 quod
3426 2365 3673 2436 mysticos

453 2454 510 2508 in
545 2452 726 2508 Veteri
752 2452 1106 2508 Testamento
1145 2469 1338 2509 sensus
1372 2454 1543 2524 ponit,
1579 2455 1887 2525 apostolica:
1909 2454 2167 2511 doctrinae
2193 2472 2320 2528 pars
2349 2466 2453 2522 est,
2482 2465 2536 2512 et
2573 2457 2771 2514 veritas
2803 2468 2971 2524 certa,
3007 2473 3127 2529 qua:
3167 2456 3474 2511 ministerio
3505 2462 3674 2526 pasto-

454 2565 575 2604 rum
610 2550 677 2604 ad
703 2564 804 2604 nos
829 2566 1001 2622 usque
1015 2549 1292 2621 pervenit.
1321 2569 1339 2604 ι

470 2711 486 2723 .
513 2644 684 2700 XXII.
728 2645 978 2703 Profecto
1024 2647 1261 2702 dubitari
1311 2648 1498 2718 nequit
1541 2648 1721 2702 omnia
1776 2664 1898 2718 quae
1950 2648 2004 2702 in
2039 2647 2221 2704 Veteri
2255 2647 2603 2705 Testamento
2638 2650 2721 2706 vel
2769 2649 2992 2720 scripta,
3026 2647 3110 2703 vel
3155 2654 3307 2718 gesta
3356 2644 3595 2709 fuerunt,
3622 2643 3669 2696 in

448 2739 619 2808 ﬁgura
651 2739 821 2796 fuisse
840 2756 1028 2797 rerum
1050 2756 1170 2812 qua:
1200 2741 1253 2795 in
1279 2739 1428 2796 Novo
1457 2741 1570 2796 ﬁeri
1602 2750 1696 2796 aut
1726 2743 2040 2811 contingere
2062 2743 2350 2808 debebant,
2388 2757 2562 2813 eaque
2589 2743 2860 2814 respicere
2882 2755 3172 2812 personam
3201 2738 3431 2803 Messina,
3457 2736 3670 2805 ejusque

447 2830 785 2898 Passionem,
809 2831 1308 2899 Resurrectionem,
1334 2841 1386 2885 et
1409 2831 1627 2885 humani
1662 2832 1874 2901 generis
1904 2831 2356 2902 redemptionem,
2383 2833 2704 2904 evangelicae
2732 2833 2992 2887 doctrinae
3021 2831 3490 2902 propagationem,
3514 2824 3670 2896 genti-

448 2923 579 2977 lium
613 2925 1044 2989 conversionem,
1075 2933 1129 2979 et
1148 2939 1486 2994 quacunque
1509 2923 1634 2990 alia,
1662 2939 1784 2995 quae
1809 2924 1876 2978 ad
1919 2923 2037 2994 ejus
2067 2925 2304 2979 divinam
2331 2939 2620 2996 personam
2659 2935 2713 2979 et
2744 2923 3205 2996 dispensationem
3240 2937 3337 2978 seu
3369 2916 3669 2987 οἰκονομίαν

447 3015 737 3084 pertinent.
767 3014 947 3081 Quare
977 3018 1024 3071 si
1055 3018 1108 3071 in
1137 3016 1470 3087 explicandis
1493 3013 1789 3086 Scripturis
1817 3015 1999 3070 omnia
2036 3016 2102 3070 ad
2136 3014 2410 3070 Christum
2438 3015 2666 3085 ejusque
2694 3013 2993 3071 Ecclesium
3023 3013 3318 3084 prudenter
3348 3009 3664 3068 referantur,

445 3123 622 3181 neque
655 3109 880 3175 erroris,
911 3124 1088 3179 neque
1118 3110 1331 3180 ineptiae
1352 3110 1406 3165 id
1437 3109 1682 3166 accusari
1714 3108 1892 3173 debet,
1929 3123 2054 3163 cum
2084 3107 2176 3162 illa
2213 3107 2320 3162 hoc
2348 3107 2598 3171 consilio,
2635 3115 2690 3161 et
2731 3107 2833 3162 hac
2874 3116 3071 3171 mente,
3118 3104 3320 3175 Spiritu
3374 3112 3565 3158 sancto
3593 3102 3668 3155 di-

445 3212 646 3267 ctante,
679 3203 878 3272 scripta
905 3202 1031 3257 sint.
1059 3201 1126 3256 Et
1151 3203 1370 3273 quidem
1400 3203 1506 3259 huc
1547 3203 1817 3274 pertinere
1858 3201 2110 3256 videntur
2149 3201 2310 3255 verba
2345 3200 2437 3254 illa
2468 3200 2698 3269 apostoli
2734 3198 2911 3264 Pauli,
2957 3197 3138 3253 omnia
3173 3195 3372 3266 scripta
3411 3192 3582 3250 fuisse
3611 3194 3668 3246 ad

447 3310 688 3355 nostram
721 3299 1112 3354 institutionem
1144 3318 1158 3354 :
1193 3299 1525 3370 Qurecunque
1556 3299 1715 3363 enim,
1763 3297 1856 3363 ait,
1888 3297 2084 3366 scripta
2127 3307 2273 3361 sunt,
2309 3297 2376 3350 ad
2423 3305 2658 3348 nostram
2705 3295 3001 3348 doctrinam
3040 3294 3239 3362 scripta
3275 3300 3396 3344 sunt
3446 3291 3491 3344 ’.
3523 3289 3586 3343 Et
3612 3290 3671 3344 de

443 3390 671 3461 spiritali
722 3405 785 3445 ac
839 3390 1144 3445 sublimiori
1204 3390 1608 3460 Scripturarum
1663 3389 2022 3459 intelligentia
2078 3402 2188 3442 non
2233 3387 2664 3457 improbabiliter
2692 3387 2762 3441 ab
2809 3387 3082 3454 aliquibus
3127 3383 3469 3453 accipiuntur
3521 3383 3668 3436 verba

444 3485 502 3542 S.
531 3487 708 3550 Lucae,
740 3487 938 3557 quibus
966 3485 1132 3541 refert
1173 3484 1452 3541 Christum
1487 3485 1775 3541 Dominum
1802 3492 1923 3552 post
1953 3483 2408 3538 resurrectionem
2440 3497 2596 3538 suam
2627 3482 2902 3552 apostolos
2932 3482 2998 3536 ad
3033 3479 3344 3550 Scripturas
3376 3477 3669 3548 intelligen-

441 3577 538 3633 das
565 3577 864 3634 instituisse
897 3593 909 3630 :
947 3574 1092 3629 Tunc
1121 3576 1323 3646 aperuit
1357 3577 1467 3629 illis
1513 3590 1742 3640 sensum,
1780 3587 1835 3627 ut
1868 3573 2218 3644 intelligerent
2246 3573 2553 3641 Scripturas
2582 3573 2646 3626 ⁸ο.
2674 3573 2755 3628 Ad
2791 3573 2907 3628 haec
2953 3573 3094 3627 enim
3145 3569 3491 3641 evangelista:
3518 3571 3667 3623 verba

442 3674 738 3744 respiciens
770 3670 827 3727 S.
857 3671 966 3726 Leo
996 3672 1268 3727 scribebat
1295 3673 1360 3726 ad
1392 3670 1710 3725 Flavianum
1755 3671 1808 3724 in
1839 3669 2096 3739 praeclara
2139 3668 2230 3722 illa
2263 3668 2494 3738 epistola
2530 3676 2718 3723 contra
2761 3667 3115 3738 Eutychetem
3143 3684 3158 3722 :
3189 3685 3207 3718 ι
3243 3667 3452 3722 Donato
3487 3665 3671 3720 intellio

441 3770 634 3839 gentia:
662 3768 887 3833 lumine,
916 3783 1196 3822 sacrarum
1226 3765 1627 3836 Scripturarum
1665 3765 1873 3820 occulta
1910 3764 2201 3834 pandebat.
2232 3782 2253 3816 ι
2282 3762 2542 3834 Origenes
2579 3773 2759 3820 autem
2792 3764 2844 3818 in
2885 3764 3134 3819 eumdem
3167 3779 3386 3820 sensum
3416 3765 3671 3835 interpre-

439 3872 585 3936 tatur
605 3863 766 3916 verba
795 3862 884 3916 illa
912 3861 1138 3919 Joannis
1167 3880 1178 3914 :
1213 3863 1396 3915 Adhuc
1423 3861 1591 3914 multa
1623 3860 1783 3913 habeo
1823 3860 1962 3913 vobis
1992 3858 2186 3922 dicere,
2209 3859 2300 3912 sed
2343 3875 2444 3912 non
2482 3860 2697 3928 potestis
2730 3870 2942 3930 portare
2975 3859 3147 3913 modo.
3189 3859 3324 3914 Cum
3372 3871 3549 3915 autem
3589 3875 3669 3912 ve-

432 3956 573 4009 nerit
601 3954 690 4008 ille
724 3954 957 4023 Spiritus
983 3956 1243 4016 veritatis,
1266 3955 1468 4008 docebit
1498 3972 1586 4008 vos
1625 3970 1826 4006 omnem
1869 3954 2140 4007 veritatem
2177 3955 2242 4008 ¹¹.
2278 3952 2630 4024 Respondens
2655 3955 2798 4010 enim
2836 3956 3099 4012 conviciis
3125 3971 3190 4010 ac
3221 3956 3512 4012 calumniis
3536 3955 3668 4011 Celsi

428 4047 590 4117 impii
629 4047 957 4118 philosophi,
993 4057 1302 4117 sanctasque
1347 4056 1546 4102 nostrae
1577 4046 1856 4114 religionis
1889 4046 2152 4112 irrisoris,
2196 4046 2263 4102 ad
2313 4047 2494 4101 locum
2536 4047 2687 4101 illum
2722 4049 3066 4119 evangelista
3095 4049 3210 4103 haec
3257 4047 3481 4116 subjicit
3507 4047 3617 4119 (42)
3653 4065 3664 4101 :

431 4158 460 4190 ιι
503 4139 601 4194 [lie
629 4141 924 4211 quan-imus
958 4157 1204 4211 quamam
1234 4140 1434 4195 fuerint
1473 4141 1640 4194 multa
1668 4140 1776 4206 illa,
1803 4155 1924 4209 quae
1952 4137 2112 4194 Jesus
2141 4139 2424 4209 discipulis
2449 4141 2565 4194 suis
2597 4140 2779 4196 dicere
2806 4141 3058 4201 habebat.
3087 4150 3141 4196 et
3163 4155 3284 4210 quae
3317 4149 3430 4195 tum
3458 4149 3667 4209 portare

437 4249 543 4289 non
575 4243 846 4305 poterant.
877 4235 943 4291 Et
973 4237 1095 4291 dico
1127 4255 1141 4291 :
1178 4235 1340 4291 Forte
1368 4235 1493 4306 quia
1519 4234 1688 4290 Judazi
1720 4244 1876 4290 erant
1894 4235 2146 4306 apostoli,
2175 4245 2230 4291 et
2257 4235 2492 4292 Mosaica
2529 4237 2645 4307 lege
2675 4238 2973 4292 secundum
2999 4238 3230 4292 litteram
3260 4245 3480 4306 accepta
3515 4236 3666 4290 innu-

429 4329 577 4394 ‘triti,
609 4328 1004 4405 hreci'fuerunt,
1039 4347 1159 4401 quae
1203 4331 1307 4386 illis
1337 4331 1514 4386 dicere
1554 4331 1786 4386 habebat
1822 4349 1837 4386 :
1869 4331 2126 4398 Quaenam
2154 4341 2297 4388 esset
2327 4347 2454 4387 vera
2503 4333 2608 4398 lex,
2637 4349 2869 4404 quarum
2905 4349 3085 4389 rerum
3127 4333 3428 4389 cmlestium
3460 4333 3662 4392 umbra.

431 4421 714 4491 signisque
747 4425 928 4480 cultus
953 4423 1213 4479 Iudaicus
1250 4433 1557 4491 constaret;
1593 4441 1711 4496 qua:
1741 4424 1921 4481 futura
1953 4425 2095 4479 bona
2121 4426 2421 4496 praescripti
2459 4427 2526 4482 de
2558 4428 2699 4494 cibo,
2733 4437 2788 4483 et
2814 4435 2966 4498 potu,
2999 4428 3066 4483 de
3087 4425 3259 4495 festis,
3287 4427 3587 4482 neomeniis
3615 4433 3665 4478 et

437 4510 693 4569 Sabbatis
721 4516 864 4571 ritus
903 4517 1314 4572 adumbrarent.
1359 4535 1377 4567 ο
1412 4515 1480 4572 Et
1506 4517 1764 4587 quoniam
1794 4516 2016 4574 furcifer
2053 4519 2143 4572 ille
2171 4516 2470 4574 aﬁirmabat
2509 4519 2821 4590 Scripturas
2860 4528 3076 4576 nostras
3124 4535 3234 4575 non
3282 4535 3442 4590 posse
3474 4520 3662 4590 allego~

429 4606 567 4660 riam
595 4609 727 4676 pati,
752 4611 964 4679 reponit
992 4609 1254 4682 Origenes
1285 4612 1396 4687 (43)
1432 4631 1446 4668 :
1483 4630 1502 4664 σ
1536 4611 1792 4668 Fortasse
1818 4612 2096 4688 probabile
2123 4613 2252 4682 quid
2285 4613 2394 4668 dici
2435 4614 2506 4668 ab
2545 4629 2612 4669 eo
2642 4614 2936 4677 videretur,
2978 4615 3023 4669 si
3057 4613 3367 4685 Scripturas
3398 4612 3662 4686 allegoriis

429 4701 769 4770 interpretari
796 4703 1071 4759 inventum
1100 4714 1246 4761 esset
1274 4723 1482 4762 recens.
1512 4706 1650 4762 Cum
1685 4716 1866 4762 autem
1893 4707 1943 4761 id
1977 4707 2204 4762 fecerint
2233 4707 2314 4762 vel
2342 4708 2445 4777 ipsi
2479 4709 2792 4779 dogmatum
2823 4720 3072 4780 parentes
3099 4718 3153 4765 et
3181 4711 3496 4780 scriptores,
3537 4709 3660 4780 quid

417 4797 574 4853 aliud
603 4798 948 4869 cogitandum
978 4810 1082 4865 est,
1108 4818 1271 4871 quam
1296 4801 1387 4856 illa
1413 4801 1584 4857 fuisse
1619 4801 1818 4872 scripta
1850 4802 1950 4868 sic,
1980 4811 2039 4857 ut
2069 4817 2258 4857 eorum
2288 4802 2557 4872 praecipua
2592 4818 2748 4858 mens
2773 4804 2826 4858 in
2859 4805 3134 4875 allegoriis
3165 4806 3532 4861 contineatur.
3573 4825 3590 4858 ι

497 4890 683 4948 XXIII.
713 4891 866 4958 Quod
899 4909 1026 4948 vero
1051 4895 1270 4965 propius
1301 4911 1411 4950 rem
1441 4904 1685 4951 nostram
1715 4895 1953 4964 attingit,
1987 4910 2178 4965 nempe
2208 4895 2473 4949 rationem
2513 4896 2903 4966 interpretandi
2934 4895 3180 4953 Psalmos
3206 4897 3274 4952 de
3313 4894 3532 4952 Christo
3554 4895 3657 4950 Do.

425 4987 576 5044 mino
597 4997 652 5042 et
683 4986 942 5050 Ecclesia,
971 4990 1160 5059 primis
1184 4989 1508 5046 Christianae
1536 4991 1660 5046 ﬁdei
1694 4991 2031 5061 temporibus
2073 4990 2270 5060 ubique
2320 5000 2614 5062 receptam,
2648 5001 2702 5048 et
2754 4994 3033 5064 probatam
3079 4993 3268 5057 fuisse,
3305 4991 3656 5065 locupletissi-

421 5097 574 5138 mum
603 5081 760 5137 nohis
785 5082 1154 5138 testimonium
1179 5080 1464 5152 perhibent
1492 5100 1597 5139 non
1639 5085 1814 5143 solum
1842 5083 2098 5141 Ecclesiae
2117 5083 2408 5142 Orientalis
2435 5087 2765 5159 scriptores;
2795 5105 2980 5146 verum
3011 5092 3173 5145 etiam
3209 5089 3361 5146 multi
3390 5091 3530 5146 inter
3559 5087 3654 5144 0c-

487 5295 508 5325 θ
532 5291 694 5345 Rom.
727 5308 816 5358 xv,
851 5295 903 5348 4.
985 5296 1028 5325 ¹⁶
1051 5294 1183 5349 Luc.
1218 5311 1366 5360 xxiv,
1390 5296 1484 5350 59.
1561 5295 1601 5326 ¹¹
1636 5295 1794 5354 Joan.
1832 5313 1942 5360 va,
1981 5297 2070 5353 12.

490 5451 607 5521 (te)
635 5451 754 5506 Lib.
783 5471 856 5520 ιν,
889 5472 944 5512 η.
973 5455 1026 5509 9.

490 5523 604 5596 (41)
639 5522 854 5596 ξτκΐειι.
883 5525 938 5596 in
971 5535 1101 5580 tom.
1136 5525 1180 5580 ll
1203 5527 1373 5596 0rig.,
1405 5538 1510 5584 art.
1541 5529 1599 5585 5.

492 5591 608 5664 (7472)
641 5591 840 5664 Contra
866 5595 1005 5648 Cels.
1037 5597 1071 5649 Ι.
1113 5611 1172 5659 ll,
1202 5613 1257 5651 n.
1289 5591 1342 5652 Ξ.

493 5663 608 5734 (ιδ)
643 5663 798 5730 lbid.,
830 5665 922 5720 lib.
955 5680 1030 5729 ιν,
1054 5681 1110 5720 n.
1135 5665 1222 5720 49.
