3760 6270
146 253 252 311 εξι
849 255 936 310 DE
972 254 1248 312 TITULIS
1285 257 1733 317 PSALMORUM.
1775 291 1844 302 ——
1882 257 2266 315 ANTONELLI
2307 255 2697 314 PREFATIO.
3291 256 3397 313 622

146 373 482 441 cidentales,
508 373 604 430 sed
629 375 871 430 omnium
897 377 1070 433 instar
1101 394 1244 434 unus
1269 379 1340 434 sit
1365 378 1604 436 Hilarius
1634 379 1878 436 doctrina
1902 389 1956 436 et
1978 379 2262 436 sanctitate
2290 377 2564 448 rebusque
2593 375 2760 448 gestis
2789 373 3118 444 scriptisque
3141 372 3391 443 insignis,

148 469 468 524 Athanasio
495 484 731 536 coaevus,
755 482 806 527 et
828 474 1064 528 amicitia
1091 483 1145 529 et
1168 474 1370 531 fmdere
1399 478 1659 534 adversus
1683 477 1802 532 fidei
1834 478 2021 533 hostes
2047 477 2391 547 conjunctus,
2427 476 2518 546 qui
2543 476 2596 528 in
2626 471 2942 544 praefatione
2973 470 3394 527 commentario-

147 576 274 615 rum
310 576 460 632 quos
493 564 549 616 in
582 562 828 619 Psalmos
862 570 1187 637 composuit,
1214 569 1342 624 talia
1384 571 1571 624 scribit
1604 588 1617 624 :
1678 588 1697 622 ε
1752 569 1870 624 Νοη
1903 580 1988 625 est
2020 584 2150 625 vero
2195 569 2598 639 ambigendum,
2628 582 2690 621 ea
2728 580 2847 634 quae
2891 563 2944 618 in
2990 560 3220 618 Psalmis
3252 560 3395 615 dicta

151 666 302 722 sunt,
328 658 640 714 secundum
669 662 1029 731 evangelicam
1048 665 1483 733 praedicationem
1508 667 1730 738 intelligi
1747 675 2031 736 oportere;
2063 675 2123 721 ut
2143 682 2210 720 ex
2227 680 2550 736 quacunque
2574 665 2697 718 licet
2715 676 2942 733 persona
2967 658 3264 731 prophetia:
3281 657 3397 728 Spi-

159 748 299 804 ritus
322 750 395 804 sit
423 751 663 821 locutus,
683 755 946 811 sittamen
975 766 1144 812 totum
1163 759 1291 814 illud
1317 761 1382 815 ad
1406 763 1765 832 cognitionem
1796 763 2058 817 adventus
2087 761 2302 816 Domini
2331 759 2498 814 nostri
2520 759 2644 814 Jesu
2676 757 2964 820 Christi,et
2979 753 3393 825 corporationis.

151 853 206 897 et
233 841 552 911 Passionis,
574 852 627 899 et
648 846 821 917 regni,
847 858 899 902 et
925 848 990 903 ad
1019 851 1434 907 resurrectionis
1466 861 1666 908 nostra:
1699 853 1948 924 gloriam,
1981 853 2342 922 virtutemque
2368 851 2650 905 referatur.
2683 868 2700 900 ι
2737 848 2960 912 Hilario,
2995 847 3206 902 caeteris
3229 844 3396 899 omis-

153 937 248 1002 sis,
283 939 420 1007 quia
450 939 674 1010 longum
719 951 860 997 esset
891 958 1082 1000 omnes
1112 944 1336 1013 referre,
1373 963 1540 1001 unum
1570 948 1856 1018 adjungam
1901 947 2267 1017 Augustinum
2308 947 2445 1018 (44),
2479 946 2570 1016 qui
2607 964 2620 1000 :
2652 964 2670 996 ι
2704 943 2805 998 Vix
2859 953 2959 1006 est.
3003 941 3198 1012 inquit,
3232 950 3292 995 ut
3337 939 3392 994 in

154 1031 388 1086 Psalmis
420 1032 670 1088 invenias
698 1049 859 1090 voces
885 1036 988 1092 nisi
1015 1036 1216 1093 Christi
1242 1048 1296 1094 et
1321 1039 1594 1106 Ecclesizc,
1625 1050 1719 1096 aut
1762 1040 1966 1097 Christi
2000 1051 2233 1106 tantum,
2261 1049 2354 1096 aut
2376 1040 2631 1097 Ecclesia:-
2653 1047 2882 1094 tantum.
2921 1057 2938 1087 ι
2972 1035 3157 1104 Itaque
3186 1033 3388 1088 nemini

154 1125 380 1178 dubium
408 1141 541 1182 esse
565 1128 722 1183 debet
753 1135 861 1182 tam
885 1126 1175 1185 Orientalis
1207 1147 1368 1200 quam
1405 1132 1768 1190 Occidentalis
1803 1132 2056 1190 Ecclesiae
2093 1133 2303 1200 Patres,
2331 1134 2422 1204 qui
2448 1133 2640 1204 primis
2671 1131 2990 1187 Christiana:
3020 1123 3142 1180 fidei
3176 1122 3390 1178 saeculis

151 1215 482 1282 floruerunt,
513 1219 813 1288 spiritalem
846 1235 1122 1275 sacrarum
1153 1221 1556 1292 Scripturarum
1588 1243 1808 1284 sensum
1837 1232 2182 1300 potissimum
2217 1232 2318 1287 sibi
2358 1231 2735 1302 exponendum
2770 1229 3141 1298 proposuisse,
3164 1244 3392 1300 prmser-

154 1304 238 1357 lim
281 1304 337 1358 in
365 1305 717 1364 Psalmorum
748 1309 920 1375 libris,
954 1309 1007 1364 in
1037 1311 1232 1380 quibus
1265 1314 1428 1368 multa
1453 1317 1539 1369 vix
1567 1317 1724 1372 aliter
1749 1335 1910 1389 quam
1936 1321 2002 1376 de
2026 1320 2246 1376 Christo
2277 1330 2332 1376 et
2356 1321 2598 1376 Ecclesia
2624 1319 2880 1390 explicari
2906 1328 3152 1390 possunt.
3184 1317 3301 1384 Qua
3337 1319 3390 1372 in

151 1399 549 1468 reexemplum
577 1399 851 1454 habebant
874 1409 928 1455 et
961 1401 1162 1457 Christi
1187 1402 1420 1471 Domini,
1451 1415 1504 1460 et
1533 1409 1926 1477 apostolorum,
1955 1413 2047 1482 qui
2087 1421 2143 1467 et
2191 1413 2244 1468 in
2296 1413 2606 1484 Evangelia,
2639 1422 2691 1466 et
2732 1413 2784 1466 in
2818 1411 3096 1467 canonicis
3143 1412 3389 1482 epistolis

148 1490 299 1559 plura
327 1491 456 1544 loca
487 1488 696 1546 Veteris
722 1492 1051 1548 'l‘estamenti
1085 1495 1136 1547 in
1166 1486 1450 1566 mysticum
1479 1513 1722 1567 sensum,
1750 1510 1809 1556 ut
1838 1511 1994 1558 antea
2021 1503 2153 1569 dixi,
2181 1504 2512 1574 interpretati
2547 1513 2692 1558 sunt.

215 1585 421 1640 XXIV.
452 1586 522 1640 Et
561 1587 781 1657 quidem
813 1597 936 1643 ante
973 1589 1171 1644 Christi
1207 1592 1496 1670 adventum
1539 1593 1820 1669 Synagoga
1871 1598 1986 1668 ipsa
2015 1611 2309 1671 utrumque
2349 1616 2568 1657 sensum
2600 1608 2654 1654 et
2699 1600 2994 1670 spiritalem
3025 1609 3078 1654 et
3107 1599 3391 1655 litteralem

146 1678 395 1748 agnovit,
428 1693 666 1748 quorum
708 1679 886 1748 primo
921 1678 1202 1744 Pharisaei,
1248 1681 1402 1736 alteri
1435 1700 1564 1739 vero
1597 1685 1879 1745 Saddnczei
1922 1691 2196 1746 studuisse
2226 1691 2495 1756 videntur,
2518 1691 2643 1746 licet
2669 1691 2882 1760 utrique
2909 1689 3216 1759 Scripturas
3239 1689 3390 1746 falsis

148 1772 724 1842 interpretationibus,
772 1772 965 1828 divinae
992 1775 1206 1828 veritati
1247 1774 1458 1834 fabulas
1491 1794 1620 1834 suas
1658 1782 2028 1852 subjicientes,
2076 1787 2438 1856 corruperint.
2468 1784 2718 1841 Profecto
2745 1784 2926 1855 plures
2956 1781 3257 1838 doctissimi
3293 1782 3395 1836 viri

152 1869 204 1923 in
230 1868 462 1924 arcanis
491 1865 801 1922 Iudaeorum
831 1868 1134 1940 disciplinis
1158 1886 1220 1926 ac
1245 1872 1440 1929 litteris
1468 1877 1690 1943 versati,
1730 1889 2058 1935 censuerunt
2087 1881 2203 1936 fieri
2247 1896 2356 1936 non
2387 1881 2652 1952 potuisse,
2687 1887 2747 1934 ut
2782 1879 2928 1934 omni
2962 1884 3174 1934 careret
3203 1874 3399 1930 funda-

143 1970 328 2014 mento
363 1958 574 2014 Kabala
603 1959 829 2015 Iudaica
865 1961 1000 2033 (45),
1033 1960 1333 2019 foedissime
1359 1965 1485 2022 licet
1517 1979 1773 2038 corrupta
1803 1982 1858 2026 et
1884 1973 2206 2028 adulterata.
2243 1973 2498 2045 Antiquis
2541 1974 2684 2028 enim
2738 1971 2933 2028 fabulis
2980 1972 3142 2044 vulgo
3171 1969 3395 2026 concedi

140 2054 277 2108 solet
306 2053 522 2123 aliquid
554 2053 666 2108 veri
694 2054 813 2110 loco
841 2053 1179 2111 fundamenti
1208 2059 1432 2115 subesse
1458 2077 1472 2114 :
1505 2077 1684 2132 neque
1711 2063 2002 2122 verisimile
2027 2081 2148 2122 esse
2173 2082 2203 2121 e
2229 2066 2401 2121 nihilo
2441 2066 2756 2136 provenisse
2792 2065 2992 2119 famam
3027 2072 3080 2118 et
3108 2061 3388 2118 existima-

141 2149 348 2202 tionem
379 2147 648 2204 doctrina:
670 2147 1031 2216 Kabalisticaa,
1061 2168 1091 2206 a
1114 2161 1192 2208 tot
1221 2155 1434 2210 saeculis
1478 2159 1820 2216 sermonibus
1849 2161 2130 2217 hominum
2161 2163 2395 2234 agitatae.
2428 2161 2640 2229 Quibus
2691 2171 2880 2217 auctor
2929 2160 3151 2230 quidam
3204 2173 3387 2234 rerum

139 2241 506 2298 Iudaicarum
538 2244 745 2314 peritus
763 2244 910 2300 addit
939 2246 1074 2319 (46),
1103 2249 1149 2303 si
1173 2247 1373 2304 Kabala
1395 2251 1575 2321 aliqua
1612 2269 1642 2306 a
1665 2257 1870 2310 sanctis
1902 2257 2035 2312 viris
2062 2266 2115 2312 et
2151 2257 2430 2327 prophetis
2457 2257 2671 2312 exculta
2701 2266 2756 2311 et
2788 2263 3106 2311 conservata
3142 2253 3231 2319 sit,
3265 2261 3318 2306 et
3347 2243 3394 2306 sl

141 2334 442 2403 Sephiroth
471 2351 584 2405 qua
606 2335 777 2390 forma
803 2353 948 2393 nunc
985 2339 1129 2409 pingi
1157 2340 1349 2403 solent,
1379 2357 1504 2396 vere
1526 2343 1730 2400 fuerint
1752 2347 1898 2401 illius
1922 2346 2138 2403 Kabalae
2181 2349 2586 2418 compendium,
2629 2365 2737 2403 non
2767 2349 2913 2403 aliud
2949 2347 3119 2403 fuisse
3144 2345 3263 2414 ejus
3301 2361 3392 2398 ar-

143 2436 476 2494 gumentum
503 2443 667 2496 quam
701 2427 998 2483 doctrinam
1033 2431 1218 2500 gratiae
1246 2429 1500 2486 Ecclesia:
1525 2450 1554 2488 a
1590 2433 1699 2489 Deo
1731 2438 2021 2492 revelatam
2054 2458 2066 2494 :
2103 2445 2156 2493 et
2187 2439 2498 2509 Sephiroth,
2529 2437 2776 2511 adjungit
2804 2439 2944 2493 alius
2976 2438 3207 2507 scriptor
3238 2433 3391 2488 Rab-

140 2520 346 2576 binicis
377 2521 555 2605 rebus,
571 2521 817 2578 eruditus
850 2524 982 2594 (47),
1015 2539 1079 2580 ea
1109 2524 1278 2594 ﬁgura
1309 2526 1474 2596 picta,
1522 2546 1628 2600 qua
1673 2531 1932 2588 delineari
1976 2534 2185 2600 solent,
2219 2534 2475 2590 exhibere
2538 2535 2771 2605 speciem
2824 2532 3068 2602 corporis
3128 2527 3391 2592 humani,

140 2610 289 2664 unde
319 2609 487 2663 nobis
508 2604 760 2665 Messiam
788 2626 988 2682 regem,
1016 2623 1070 2668 et
1096 2613 1368 2670 hominem
1397 2615 1565 2672 Deum
1593 2623 1990 2689 repraesentari,
2027 2624 2183 2692 cujus
2213 2624 2425 2679 divinas
2453 2604 2678 2680 virtutes
2710 2633 2764 2679 et
2795 2624 3156 2694 perfectiones
3188 2622 3242 2676 in
3288 2632 3391 2675 suo

146 2714 328 2770 regno
371 2711 428 2754 et
454 2716 688 2770 persona
712 2703 1139 2760 manifestandas
1166 2708 1477 2762 summatim
1517 2712 1782 2766 contineri
1800 2715 1992 2770 decem
2020 2716 2126 2770 illis
2159 2714 2472 2786 Sephiroth,
2507 2733 2698 2788 nempe
2719 2733 2998 2780 coronam,
3034 2715 3382 2788 sapientiam,

145 2790 568 2859 intelligentiam
600 2807 696 2846 seu
740 2792 1060 2858 bonitatem,
1092 2795 1568 2866 magnificentiam,
1601 2802 1964 2867 severitatem,
2001 2805 2251 2874 gloriam,
2281 2806 2585 2872 victoriam,
2651 2808 3010 2877 majestatem,
3062 2807 3386 2862 fundamen-

151 2896 297 2950 tum,
345 2901 595 2954 regnum.
633 2886 697 2941 Et
741 2886 1072 2944 Reuchlinus
1102 2888 1194 2943 lib.
1228 2904 1267 2944 rt
1311 2888 1536 2948 Kabala:
1572 2910 1592 2948 :
1650 2913 1669 2946 ε
1701 2895 1923 2966 Antiqui
1952 2896 2184 2964 ﬂebrzei,
2216 2899 2414 2969 inquit,
2469 2907 2580 2956 tres
2626 2901 2757 2956 istas
2793 2917 3075 2972 supremas
3120 2901 3384 2972 Sephiras

161 2984 548 3046 cognoverunt
581 2977 634 3030 i-n
672 2986 772 3036 rm
788 2985 889 3066 ηνκ
924 2994 988 3031 en
1039 2978 1167 3049 δορὴ
1207 2979 1262 3033 in
1302 2980 1414 3036 Deo
1445 2985 1670 3054 reperiri
1714 2995 2012 3043 cozeternas
2057 2999 2111 3043 et
2162 2991 2650 3048 consubstantiales
2704 2991 2832 3058 Deo,
2863 3010 3001 3064 quas
3061 2996 3131 3051 ob
3186 3011 3382 3052 vocum

145 3068 492 3140 indigentias
527 3079 638 3123 tres
673 3069 825 3125 luces
865 3080 1217 3135 vocaverunt,
1251 3073 1317 3128 de
1363 3075 1564 3145 quibus
1607 3078 1826 3145 aliquod
1874 3079 2157 3149 vestigium
2192 3081 2454 3138 habemus
2504 3085 2644 3153 apud
2675 3083 2960 3152 Joannem,
2995 3088 3089 3158 qui
3119 3089 3187 3143 de
3208 3087 3387 3145 Verbo

140 3175 359 3217 ater-no
403 3169 633 3216 testatur
662 3175 808 3215 vers.
859 3159 912 3223 9,
950 3161 1095 3230 quod
1154 3172 1267 3216 erat
1311 3163 1404 3216 lux
1442 3181 1584 3231 vera,
1613 3176 1763 3227 ietc.
1792 3166 1924 3224 Post
1957 3171 2073 3226 haec
2115 3181 2295 3228 autem
2358 3175 2681 3240 Reuchlini.
2698 3178 2859 3232 verba
2910 3179 2984 3234 ita
3037 3184 3388 3252 prosequitur

146 3250 534 3306 Bartoloccius
561 3248 709 3321 (48):
758 3267 776 3299 ‹
804 3247 878 3302 De
913 3249 997 3303 his
1022 3249 1236 3305 lucibus
1259 3265 1558 3322 earumque
1578 3254 1707 3308 reali
1736 3255 2088 3315 distinctione
2124 3261 2267 3316 inter
2315 3279 2394 3330 se,
2424 3276 2481 3319 et
2525 3267 2873 3335 processione
2905 3247 3064 3326 unius
3092 3273 3160 3328 ab
3192 3247 3384 3339 altera,

157 3354 214 3398 et
234 3341 675 3398 identiﬁcatione.
697 3355 820 3394 eum
843 3339 1082 3394 essentia
1111 3339 1295 3394 divina
1321 3343 1616 3411 conspicue
1648 3353 1702 3400 et
1727 3347 1928 3404 diserte
1955 3353 2067 3422 egit
2090 3352 2442 3410 doctissimus
2464 3357 2753 3428 episcopus
2781 3360 3129 3420 Marsicensis
3175 3365 3377 3438 Joseph

141 3435 376 3491 Ciantes
438 3432 490 3485 in
524 3446 625 3486 suo
642 3429 824 3484 libello
853 3427 929 3481 De
959 3429 1297 3482 sanctissima
1328 3428 1586 3485 Trinitate
1608 3443 1791 3489 contra
1821 3435 2040 3493 Judwos
2061 3481 2075 3494 .
2113 3441 2322 3508 Quibus
2349 3445 2454 3501 rite
2481 3427 2770 3505 intellectis
2818 3452 3079 3522 (loquitur
3106 3455 3173 3511 de
3196 3427 3382 3514 decem

148 3531 262 3584 illis
309 3527 648 3597 Sephiroth),
681 3525 817 3578 nihil
841 3525 996 3579 video
1023 3523 1076 3577 in
1107 3539 1172 3579 ea
1212 3524 1460 3581 doctrina
1491 3528 1696 3599 aliquid
1747 3543 1938 3589 contra
1989 3551 2179 3591 sanam
2237 3539 2564 3609 doctrinam,
2603 3544 2714 3599 imo
2757 3547 2940 3602 omnia
2987 3563 3228 3604 consona
3261 3567 3388 3610 esse

147 3618 415 3674 Ecclesiae
468 3616 768 3680 catholicae,
809 3622 864 3670 et
894 3629 1018 3669 cum
1042 3614 1109 3668 iis
1141 3629 1262 3683 quae
1288 3615 1554 3671 docentur
1583 3633 1613 3672 a
1665 3621 1929 3694 theologis
1980 3629 2292 3684 convenire.
2354 3630 2548 3686 Verum
2606 3645 2786 3690 tamen
2813 3647 2915 3705 est,
2959 3640 3102 3709 quod
3137 3644 3387 3701 moderni

152 3713 472 3779 Kabalistae,
517 3712 871 3783 utmysteriis
895 3710 1174 3781 religionis
1204 3711 1531 3769 Christianae
1578 3717 1725 3771 omni
1759 3721 1952 3789 spiritu
2000 3737 2060 3778 se
2087 3737 2384 3795 opponant,
2422 3738 2589 3784 totam
2624 3737 2982 3792 oeconomiam
3024 3736 3379 3810 Sephirarum

145 3806 272 3861 suis
329 3805 487 3858 vanis
525 3804 1095 3870 commentationibus,
1123 3814 1178 3860 et
1197 3806 1504 3862 chimericis
1535 3815 1699 3879 atque
1749 3812 2005 3872 inanibus
2057 3821 2371 3877 nominibus
2432 3824 2702 3892 inﬁciunt,
2760 3845 2881 3900 quae
2919 3847 2987 3887 ex
3025 3804 3191 3891 certis
3214 3851 3385 3894 sacrae

159 3895 462 3965 Scriptura?
491 3897 648 3960 locis,
698 3897 851 3965 juxta
902 3905 1099 3962 artem,
1140 3913 1305 3969 quam
1367 3901 1751 3959 modernorum
1781 3905 2128 3967 Hebraeorum
2176 3913 2468 3974 Kahalistae
2499 3923 2739 3989 tradunt,
2773 3895 3084 3983 eliciuntur.
3121 3948 3140 3981 ι
3178 3929 3375 3986 Verum

151 3989 430 4058 quidquid
460 3988 532 4044 sit
569 3986 1000 4080 deRabhinicis
1043 3990 1195 4044 hisee
1237 3991 1450 4061 figuris,
1478 4008 1618 4062 quas
1649 3992 1936 4066 Scphiroth
1969 4017 2066 4058 seu
2096 4001 2375 4074 Sephiras,
2414 4012 2556 4080 quod
2588 3986 2782 4068 nomen
2812 4021 3239 4075 numerationem
3282 4037 3379 4077 seu

154 4094 456 4150 personam
492 4079 785 4152 signiﬁcat,
821 4089 1039 4146 vocant,
1074 4082 1204 4137 illud
1234 4091 1442 4138 eertum
1465 4096 1567 4152 est,
1600 4088 1764 4159 hujus
1797 4095 1944 4149 vocis
1973 4095 2217 4164 Kabalaz,
2245 4110 2305 4155 ut
2356 4079 2664 4162 obServavit
2685 4107 2923 4166 Joannes
2972 4112 3214 4170 Mor-inus
3245 4114 3380 4186 (49).

153 4173 428 4243 triplicem
452 4187 574 4228 esse
595 4173 736 4240 apud
763 4171 1039 4228 inferioris
1063 4173 1237 4228 aetatis
1269 4173 1524 4231 Hebraeos
1578 4179 2029 4249 significationem
2079 4206 2091 4242 :
2145 4191 2324 4258 primo
2372 4196 2608 4250 sumitur
2659 4212 2758 4268 pro
2807 4171 3380 4274 traditionibus,

151 4279 356 4321 vocare
390 4264 564 4319 solent
619 4264 787 4334 legem
837 4265 1065 4334 oralem,
1109 4278 1230 4334 quae
1281 4264 1535 4322 Talmude
1590 4271 1901 4330 continetur
1930 4276 2082 4349 (50);
2110 4284 2350 4339 secundo
2423 4301 2523 4356 pro
2577 4264 2930 4346 rahbinorum
2956 4301 3009 4347 et
3038 4264 3322 4350 doctorum
3349 4313 3377 4350 τι

225 4461 340 4532 (44)
371 4461 452 4517 Ad
484 4462 620 4533 psal.
659 4479 775 4518 Lm.

222 4555 338 4628 (ts)
370 4554 630 4644 Ilehraice
656 4543 860 4644 πεπρ-τ,
891 4559 1183 4630 ΗαΙίαὸαΙὰ,
1220 4562 1410 4620 Latine
1439 4567 1676 4621 traditio.

221 4649 335 4733 {te}
364 4635 586 4733 εξᾷτηει,
614 4635 937 4733 Αχςὴιὲοιος.
973 4654 1294 4733 praesagit,-
1329 4666 1473 4733 auct.
1498 4658 1706 4733 βαρειῃ

712 4635 937 4722 rhteolog.
973 4654 1294 4733 philosoph;
1329 4666 1473 4733 auct.
1498 4658 1708 4733 βαρειιῖ
1734 4659 1936 4733 Adenua.
1968 4673 2111 4733 part.
2139 4682 2197 4721 ll.

370 4720 598 4801 \litr‘ing‘.
631 4721 822 4801 Chaer.
859 4715 983 4777 sic:
1017 4726 1055 4778 l.
1081 4742 1126 4788 ι,
1158 4715 1370 4801 dissert.
1396 4728 1452 4795 2,
1486 4728 1563 4784 De
1586 4728 1866 4798 Sep/tiret]:
1889 4715 2170 4791 nihilnil

219 4789 334 4866 (ἑξ)
373 4789 510 4866 ἓίθιι
541 4789 786 4866 rerum.
822 4803 972 4863 parte
1004 4810 1087 4866 In
1114 4812 1233 4866 βεδε·
1261 4797 1384 4852 252.

217 4860 336 4936 (ἐρ)
368 4859 611 4936 Exercit.
636 4859 837 4936 li_l_)._t_t,'
853 4879 1030 4936 exere.
1065 4859 1127 4929 9,
1155 4859 1271 4936 cap.
1307 4869 1358 4922 5.

219 4929 628 5022 (SQLRahbent‘r
661 4930 1010 5022 Halckatlosc,
1046 4937 1136 5022 qui
1210 4929 1541 5018 temporibus
1569 4939 1829 5021 Antonini
1877 4936 1985 5022 ‘Pii:
2025 4935 2096 4989 Μ.
2146 4937 2369 5022 Aurelii,
2413 4937 2655 5022 L_.‘Yeri,
2690 4955 2744 4999 et
2765 4945 3061 5022 Commodi
3096 4951 3387 5022 imperato-

141 5001 438 5079 ruminter
471 5016 600 5056 suos
633 5005 867 5079 maxime
910 5001 1126 5079 claruit,
1160 5001 1458 5075 priscorum
1498 5011 1802 5079 sapientum
1871 5006 2223 5079 Judtegrum.
2272 5017 2328 5079 ut
2391 5012 2604 5066 rabhini
2645 5001 3384 5079 'tradnni’LSéﬁédiiiiIéiﬁ-

145 5086 267 5158 nes,
317 5071 854 5158 quibusnmemorite
909 5067 1174 5156 juvaudae
1218 5092 1406 5140 causa,
1441 5067 1590 5158 “n5:
1818 5076 2235 5158 τῇτῇ-Πιξωιή
2266 5075 2486 5134 δεεὺιιὰι
2524 5079 2633 5158 Pe.
2670 5067 3231 5158 ⁷οιῖᾶιῖξ⁷ιὲῖὲῖἧῦἰῖ
3248 5067 3384 5158 EA},

144 5142 438 5225 diligenter
471 5141 782 5225 collegit,.e.t
808 5157 876 5225 ex
909 5141 1000 5225 ἷξε.
1032 5146 1176 5225 circa
1244 5163 1417 5202 annos
1441 5141 1778 5225 Domini'l89
1817 5159 1870 5203 et
1902 5147 2004 5200 194
2026 5147 2278 5225 volumen
2303 5153 2628 5225 composuit.
2657 5156 2801 5222 quod
2828 5141 3386 5225 abiipso‘i'tgttthn‘dii‘:

145 5215 292 5296 terra.
323 5211 426 5296 hoc
454 5221 538 5265 est
571 5211 806 5294 repetitio
833 5213 960 5283 tegis
989 5216 1305 5296 inscriptum
1341 5227 1441 5296 est.
1471 5217 1589 5272 Alia
1614 5217 2104 5296 autem__opuscula_.
2135 5232 2257 5296 quae
2287 5233 2325 5282 _a
2386 5211 2582 5288 priscis
2618 5211 2884 5296 ra'hbinis,
2945 5211 3382 5296 postliminium.

147 5281 469 5335 Hakkadosc
516 5284 813 5371 composita
869 5281 1022 5347 sunt,
1066 5281 1289 5371 veniunt
1342 5289 1445 5341 sub
1520 5281 2170 5371 ῐιυῐιιἱηειιρμὶὲσςιαειοιιξ,⁷
2206 5295 2260 5340 et
2290 5281 3385 5371 voeantuntrayctIz’otl'i,“nempe-ett:

151 5359 352 5443 timur-aa
411 5351 752 5443 traditiones,
778 5425 788 5434 Π
817 5370 1054 5436 quarum.
1088 5359 1390 5443 .lectionem
1449 5373 1708 5443 unacum
1736 5351 2609 5443 Miscuit-cgujunguutnllehrmi.
2646 5351 2852 5443 Ictum
2893 5351 3267 5426 autemqis'trud
3291 5351 3386 5443 iis

151 5420 496 5514 Judaicum,‘
527 5436 624 5475 seu
689 5420 850 5492 legis'
888 5426 1139 5506 repetitio
1206 5427 1419 5514 duabus
1449 5428 1689 5514 partibus
1713 5430 1973 5511 coalescit
2002 5420 2223 5514 'Miicmi
2248 5435 2310 5514 et.
2330 5423 2608 5514 Cheman‘t.
2631 5420 3387 5514 .Misctia_est:pitrtis-Et_

149 5493 354 5576 marius
389 5497 598 5557 textus,
613 5507 742 5576 [gito
786 5497 1096 5576 summatim
1133 5505 1187 5550 et
1225 5493 1534 5576 velutiuper
1591 5499 1936 5567 aphorismos
2002 5496 2317 5576 hujusmodi
2349 5497 2433 5551 lex
2475 5503 2699 5576 repetita
2733 5520 2828 5576 seu
2854 5507 2946 5576 jus
2969 5493 3258 5567 J'udaiwm
3275 5493 3385 5570 ’e}-

152 5562 386 5642 hibetur.
608 5561 866 5617 Ghemara
897 5579 1051 5630 vero,
1077 5583 1198 5651 qua:
1253 5567 1326 5620 ita
1387 5561 1528 5649 dicta
1552 5561 1641 5622 est
1684 5579 1940 5651 tanquam
2011 5561 2142 5651 legis
2184 5566 2352 5646 oralis
2400 5561 2682 5651 perfectio,
2715 5561 2986 5651 absolutio
3013 5561 3386 5638 {Elissa};-

152 5633 337 5697 matio,
373 5639 460 5686 est
508 5633 675 5687 altera
721 5647 866 5702 pars,
934 5652 1039 5705 qua
1087 5633 1306 5691 Μίδσηω
1371 5638 1534 5694 varim
1578 5633 1968 5710 explicationes
2010 5633 2086 5693 et'
2131 5633 2414 5691 variarum
2452 5633 2770 5710 opinionum
2805 5633 3384 5709 discussionc'sﬂconti-
