3760 6270
445 258 549 314 6’23
1388 257 1752 313 ATHANASII
1791 258 1930 314 ore.

2198 260 2278 316 ιιι.
2323 291 2388 302 -
2431 229 2838 317 EXEGETICA.
3565 263 3683 319 oet

443 376 624 448 Moyse
659 393 712 430 ιη
749 378 863 432 haec
893 393 1066 448 usque
1101 387 1343 448 tempora
1402 379 1784 441 successione;
1836 379 1994 432 tertio
2026 378 2244 432 .Kabala
2298 378 2495 433 dicitur
2546 377 2796 434 doctrina
2850 379 3096 448 quaedam
3155 377 3380 449 mystica
3409 393 3473 432 ex
3503 382 3684 435 variis

441 467 720 524 nominum
797 469 1106 524 divinorum
1168 469 1667 526 combinationibus
1711 480 1764 524 et
1815 469 2239 524 resolutionilzus
2312 469 2610 524 litterarum
2661 468 2926 540 alphabeti
2987 471 3136 524 vario
3191 471 3342 534 situ,
3397 483 3683 540 permuta-

439 566 624 629 tione,
688 567 1087 630 decussalione,
1146 567 1330 621 decem
1381 564 1666 634 Sephiroth
1696 605 1710 630 ,
1761 565 1874 620 sive
1925 563 2018 618 Dei
2062 565 2337 619 attributis
2402 566 2547 618 varie
2586 565 2725 620 inter
2767 580 2826 620 se
2872 565 3221 636 comparatis,
3253 565 3481 636 aliisque
3521 565 3684 636 ejusa

436 658 581 711 modi
631 658 822 712 nteniis
872 669 988 712 orta
1051 667 1103 711 et
1159 666 1333 710 eruta.
1385 653 1460 708 lla
1519 652 1780 708 Morinus.
1844 653 1908 707 Et
1947 654 2203 721 quoniam
2256 651 2473 737 liabalae
2521 669 2740 718 nomen,
2791 661 2850 706 ut
2909 653 3110 708 dictum
3148 661 3274 714 est,
3333 653 3550 724 proprie
3603 653 3684 710 si-

433 750 654 820 gnificat
714 752 881 822 legem
941 767 1032 805 seu
1088 751 1390 805 doctrinam
1423 764 1452 802 a
1487 747 1786 817 majoribus
1809 765 1904 803 ore
1927 749 2205 809 traditam,
2240 749 2499 819 distingui
2551 747 2714 803 etiam
2757 764 2819 802 ea
2860 748 2998 804 solet
3029 747 3081 802 in
3113 757 3346 803 veterem
3374 764 3438 804 ac
3473 764 3675 805 recen—

437 840 648 894 tiorem.
684 841 972 897 Rccentior
997 842 1238 911 quidem,
1271 856 1394 909 qute
1429 840 1482 893 in
1522 840 1719 910 priscis
1754 839 2109 894 rabbinorum
2153 839 2356 895 scholis
2379 849 2559 893 ortum
2613 849 2666 894 et
2709 839 3036 909 principium
3079 839 3292 903 habuit,
3329 839 3465 894 nihil
3514 840 3673 894 aliud

434 940 536 991 est,
564 941 622 984 ut
667 933 835 1003 aliqui
873 941 1084 1002 putant,
1109 948 1270 1000 quam
1302 931 1645 1000 philosophia
1674 929 2067 1000 Pythagorica,
2093 939 2365 1000 quatenus
2395 929 2710 998 Pythagora:
2735 929 2986 999 dogmata
3020 929 3326 998 posteritati
3356 929 3672 993 innotuere,

433 1027 546 1082 sive
571 1026 859 1082 Platonica
895 1028 962 1082 de
987 1028 1094 1082 Deo
1123 1038 1175 1081 et
1202 1028 1362 1081 rebus
1411 1026 1747 1096 spiritalibus
1769 1043 1833 1080 ex
1859 1024 2140 1095 Scriptura
2169 1025 2459 1088 illustrata,
2489 1035 2542 1078 et
2566 1025 2905 1093 aenigmatice
2938 1039 3001 1079 ac
3018 1024 3313 1097 symbolice
3339 1027 3627 1094 proposita
3654 1043 3671 1091 ;

440 1117 524 1172 vel
556 1119 736 1188 potius
765 1130 1075 1173 sanctarum
1104 1117 1511 1187 Scripturarum
1545 1117 1813 1185 theologia
1839 1117 2097 1188 symbolis
2149 1115 2554 1170 Platonicorum
2603 1123 2656 1169 et.
2717 1113 3206 1185 Pythagoricorum
3257 1115 3672 1185 :enigmatibus,

429 1223 483 1268 et
518 1214 866 1268 rabbinorum
899 1213 1096 1269 fabulis
1133 1229 1195 1268 ac
1231 1213 1531 1282 puerilibus
1557 1211 1706 1266 tricis
1733 1212 2044 1266 obscurata.
2097 1210 2219 1266 llazc
2246 1209 2650 1265 Kabalistarnm
2707 1209 2861 1262 libris
2910 1209 3241 1271 continetur,
3269 1218 3321 1263 et
3350 1209 3416 1263 ad
3444 1223 3565 1262 eam
3597 1208 3670 1262 il-

440 1305 778 1362 lustramlam
809 1309 1173 1364 incubuerunt
1200 1309 1438 1362 Joannes
1471 1308 1698 1362 Carolus
1726 1306 2053 1373 Saracenos,
2104 1307 2266 1362 Picus
2313 1305 2746 1370 Mirandulanus,
2785 1303 3021 1360 Joannes
3065 1303 3416 1370 Reucblinus,
3456 1302 3670 1358 Paulus

429 1401 646 1457 Riccius
675 1411 729 1455 et
758 1413 949 1455 auctor
978 1417 1281 1471 anonymus
1305 1401 1569 1454 librorum
1594 1398 1821 1452 Kabala:
1846 1399 2126 1452 denudattc
2143 1415 2162 1463 ;
2193 1400 2281 1453 cui
2305 1408 2358 1452 et
2384 1398 2488 1452 alia
2517 1397 2734 1452 Kabalte
2764 1397 2969 1467 species
3003 1395 3370 1465 posteriorum
3396 1397 3665 1451 rabbino-

425 1509 545 1546 rum
595 1496 812 1562 propria
843 1494 1185 1564 adjungenda
1217 1495 1452 1557 videtur,
1484 1497 1528 1549 si
1557 1511 1666 1550 non
1688 1504 1929 1565 tempore
1968 1496 2220 1564 aequalis,
2253 1503 2399 1550 certe
2458 1509 2566 1548 non
2614 1494 2784 1548 multo
2815 1493 2905 1547 illa
2954 1491 3205 1557 inferior,
3237 1493 3303 1546 de
3329 1507 3433 1562 qua
3462 1501 3668 1561 praeter

422 1584 691 1640 Morinum
727 1602 754 1638 a
782 1603 865 1640 me
895 1604 1064 1656 nuper
1084 1589 1382 1653 laudatum,
1412 1589 1658 1660 aliosque
1677 1590 1968 1659 scriptores
1995 1588 2365 1644 Bartoloccius
2389 1587 2636 1658 pluribus
2670 1588 2724 1640 in
2749 1587 2884 1641 locis
2923 1602 3034 1640 suae
3058 1583 3400 1638 Bibliotheca:
3459 1583 3667 1636 Rabbi-

420 1677 553 1729 niam
584 1675 846 1740 meminit,
876 1691 1105 1746 eamque
1138 1677 1434 1731 detestatur
1479 1677 1564 1732 bis
1595 1678 1806 1732 verbis:
1858 1696 1876 1728 ι
1907 1679 2172 1733 Auctores
2205 1676 2427 1732 infamis
2463 1676 2604 1730 illius
2655 1676 2789 1732 artis
2841 1691 3005 1747 quam
3041 1673 3418 1729 kabalisticam
3469 1675 3664 1744 appel-

419 1765 564 1831 lant,
597 1776 652 1822 et
683 1782 779 1837 per
827 1783 992 1837 quam
1045 1766 1258 1838 prolani
1287 1769 1558 1832 homines,
1599 1771 1691 1840 qui
1722 1771 2004 1825 kabalistze
2038 1771 2178 1826 inter
2202 1769 2420 1825 Judzeos
2443 1770 2548 1825 dici
2579 1771 2818 1836 voluere,
2851 1778 3016 1826 totam
3057 1783 3268 1823 sacram
3318 1766 3662 1837 Scripturam

418 1858 720 1912 litterarum
800 1860 1332 1927 permutationibus,
1386 1862 1666 1915 valoribus
1721 1862 2020 1915 numericis
2072 1877 2169 1930 pro
2222 1862 2504 1916 elementis
2555 1861 2947 1930 alphabetariis
3007 1859 3267 1929 acceptis,
3323 1857 3664 1913 dictionibus

420 1950 645 2020 integris
679 1950 732 2004 in
757 1965 1018 2004 numeros
1060 1952 1336 2017 resolutis,
1361 1962 1413 2006 et
1445 1953 1498 2006 in
1530 1953 1696 2006 alium
1724 1953 1950 2008 omnino
1986 1969 2141 2008 nsum
2174 1953 2473 2019 diversum,
2498 1963 2550 2008 et
2594 1953 2922 2024 quandoque
2972 1951 3328 2014 contrarium,
3360 1961 3414 2005 et
3442 1950 3661 2004 diame-

418 2038 550 2095 triee
579 2040 886 2110 oppositum
915 2041 1017 2110 ipsi
1047 2057 1217 2097 sacra:
1237 2043 1555 2114 Scripturze,
1587 2060 1724 2100 ausu
1753 2060 2007 2114 prorsum
2045 2046 2335 2100 temerario
2382 2054 2437 2099 et
2466 2045 2692 2100 omnino
2752 2044 3085 2102 damnando.
3135 2041 3383 2097 eamdem
3437 2056 3656 2097 sacram

417 2133 668 2202 paginam
707 2133 998 2203 deturpare
1026 2136 1209 2191 conati
1243 2146 1388 2192 sunt.
1419 2158 1436 2190 ι
1467 2137 1649 2193 Altera
1686 2154 1817 2193 vero
1845 2139 2121 2210 antiquior
2148 2149 2253 2206 est,
2289 2155 2410 2209 qum
2465 2150 2589 2195 ante
2623 2139 2902 2195 Christum
2949 2149 3134 2193 natum
3172 2138 3316 2192 inter
3349 2138 3496 2191 viros
3524 2151 3656 2191 vera

420 2221 825 2292 Scripturarum
861 2227 1092 2280 scientia
1128 2227 1428 2283 instructos
1460 2229 1697 2283 obtinuit
1720 2231 1855 2300 (51),
1891 2247 2121 2302 qumque
2152 2232 2474 2286 versabalur
2506 2232 2557 2286 in
2585 2232 2935 2302 intelligendo
2984 2230 3210 2302 mystico
3239 2229 3652 2301 Scripturarum

417 2328 604 2378 sensu,
645 2325 697 2370 et
725 2315 884 2386 longe
923 2318 1231 2372 sublimiori
1271 2320 1382 2384 illo,
1416 2323 1508 2390 qui
1537 2322 1839 2375 exlittcrali
1864 2331 1917 2376 et
1954 2325 2185 2378 naturali
2217 2325 2510 2378 verborum
2547 2325 2823 2379 intellectu
2849 2326 3041 2393 legenti
3090 2323 3363 2379 occurrit:
3397 2331 3451 2378 et
3508 2323 3656 2378 hanc

412 2407 630 2474 quidem
665 2407 947 2462 scientiam
976 2409 1165 2474 fuisse,
1198 2411 1370 2475 aiunt,
1428 2414 1812 2482 prophetarum
1859 2424 1912 2468 et
1944 2426 2254 2470 sanctorum
2280 2415 2487 2471 Veteris
2529 2415 2862 2471 Testamenti
2922 2435 2950 2470 a
3010 2415 3211 2486 Moyse,
3241 2426 3293 2471 et
3319 2432 3346 2468 a
3394 2413 3504 2469 Deo
3528 2415 3654 2485 ipso

409 2498 585 2552 servis
611 2498 724 2552 suis
755 2499 1029 2561 traditam,
1062 2516 1182 2569 qua:
1208 2517 1314 2554 non
1345 2505 1521 2558 solum
1550 2506 1873 2559 versabatur
1925 2507 2072 2560 circa
2127 2507 2450 2576 allegoricos
2483 2517 2537 2562 et
2594 2509 2854 2580 mysticos
2901 2523 3184 2563 sacrarum
3234 2507 3650 2576 Scripturarum

409 2607 623 2654 sensus,
653 2593 745 2646 sed
774 2594 937 2646 etiam
973 2595 1436 2663 complectebatur
1462 2597 1720 2666 dogmata
1758 2598 2028 2667 praecipua
2082 2598 2204 2652 fidei
2233 2597 2472 2653 Judaiczc
2525 2600 2591 2653 de
2622 2601 2930 2655 veneranda
2975 2601 3027 2653 in
3089 2599 3198 2654 Deo
3253 2597 3542 2665 Trinitate,
3582 2601 3651 2654 de

411 2684 643 2740 adventu
673 2685 900 2751 Messiae,
933 2697 1096 2757 atque
1119 2691 1338 2744 humani
1377 2692 1592 2760 generis
1619 2693 2010 2762 redemptione,
2045 2695 2351 2748 animarum
2390 2695 2800 2752 immortalitate
2829 2706 2991 2766 atque
3007 2696 3128 2750 aliis
3161 2695 3495 2765 bujusmodi,
3523 2711 3650 2766 qua:

409 2776 624 2830 dillicile
651 2792 716 2831 ex
746 2779 911 2832 verbo
949 2779 1136 2833 divino
1171 2797 1279 2836 non
1313 2782 1490 2837 adhuc
1520 2794 1704 2854 aperte
1736 2785 1954 2850 tradito,
1985 2785 2207 2855 intelligi
2238 2795 2508 2855 poterant.

497 2889 668 2944 XXV.
711 2890 960 2948 Profecto
993 2894 1245 2951 Christus
1285 2896 1551 2954 Dominus
1591 2908 1645 2953 ct
1686 2900 1918 2969 apostoli
1952 2901 2276 2969 quibusdam
2303 2901 2513 2958 Veteris
2545 2902 2876 2958 Testamenti
2911 2903 3046 2958 locis
3082 2903 3165 2958 usi
3193 2912 3322 2958 sunt
3349 2904 3414 2957 ad
3445 2905 3646 2958 conﬁr—

408 2982 664 3038 mandam
693 2983 1000 3046 veritatem,
1031 2985 1147 3052 qui,
1175 2987 1300 3042 licet
1319 3004 1384 3042 ex
1422 2992 1642 3058 prOprio
1668 2991 1887 3046 litterali
1914 3007 2076 3046 sensu
2113 2994 2176 3046 ad
2210 2994 2547 3062 probandum
2573 2995 2624 3050 id
2652 2995 2796 3064 quod
2823 2981 3194 3059 intendebant,
3225 3010 3376 3050 suam
3412 2995 3518 3048 vim
3542 2995 3645 3049 ha-

403 3081 593 3137 berent
617 3093 781 3155 atque
807 3085 1207 3148 auctoritatem,
1240 3083 1399 3155 longe
1422 3094 1599 3140 tamen
1632 3088 1811 3155 majus
1845 3086 1930 3141 eis
1980 3087 2190 3156 pondus
2214 3089 2502 3145 accedebat
2532 3105 2598 3144 ex
2624 3089 2913 3144 tradilione
2937 3089 3318 3162 prophetarum
3341 3097 3396 3143 ct
3424 3097 3646 3144 sancto.

401 3187 524 3228 rum
550 3182 817 3239 veterum,
853 3177 995 3231 unde
1027 3175 1314 3233 constabat
1342 3175 1462 3230 illos
1485 3177 1550 3230 ad
1579 3176 1830 3231 Messiam
1868 3179 2158 3245 respicere,
2195 3189 2358 3249 atque
2395 3181 2445 3234 in
2477 3181 2582 3236 illis
2614 3181 2679 3235 de
2709 3178 3069 3250 Redemptore
3095 3181 3203 3251 agi.
3233 3179 3367 3248 Quae
3394 3179 3640 3250 quidem,

403 3263 692 3317 traditione
737 3267 969 3329 seclusa,
1006 3267 1236 3321 minoris
1269 3269 1523 3336 ponderis
1557 3279 1609 3322 et
1637 3268 1857 3322 levioris
1904 3271 2247 3326 auctoritatis
2284 3273 2426 3342 apud
2466 3289 2562 3328 eos
2605 3272 2857 3340 fuissent,
2894 3283 2948 3327 et
2979 3289 3124 3330 nunc
3155 3273 3469 3344 hujusmodi
3511 3289 3643 3331 esse

403 3354 543 3408 forte
569 3355 896 3424 quibusdam
927 3359 1096 3412 videri
1127 3367 1407 3428 poterunt,
1433 3361 1526 3429 qni
1560 3375 1665 3412 non
1702 3360 1835 3413 satis
1863 3361 2107 3415 animum
2133 3364 2422 3418 intendunt
2451 3366 2514 3419 ad
2550 3375 2784 3434 tempus,
2811 3375 2863 3420 et
2885 3365 3087 3428 locum.
3118 3375 3171 3420 et
3195 3381 3476 3436 personas,
3509 3367 3642 3436 qui.

400 3446 503 3501 bus
529 3448 617 3502 illa
653 3451 858 3518 prolata
894 3463 1043 3507 sunt.
1069 3451 1342 3516 Profecto,
1379 3469 1500 3522 qua:
1529 3452 1596 3506 de
1627 3455 1858 3524 mystico
1891 3463 1943 3507 et
1971 3455 2261 3528 allegorico
2294 3457 2700 3527 Scripturarum
2734 3474 2900 3514 sensu
2935 3468 2988 3513 et
3017 3460 3266 3514 doctrina
3297 3459 3436 3529 apud
3469 3457 3640 3514 Vetec

401 3538 475 3591 ris
508 3538 844 3596 Testamenti
874 3542 1057 3598 Patres
1086 3560 1180 3613 per
1203 3561 1417 3608 manus,
1448 3554 1505 3599 ut
1535 3547 1607 3599 ita
1631 3546 1832 3612 dicam,
1861 3547 2058 3601 tradita
2082 3549 2222 3604 dicta
2256 3561 2404 3615 sunt,
2432 3552 2590 3606 fidem
2621 3567 2684 3606 ac
2711 3552 3084 3622 probationem
3115 3553 3357 3622 accipere
3382 3551 3639 3606 videntur

399 3645 468 3684 ex
489 3633 672 3687 verbis
702 3631 891 3688 Hilarii
920 3635 1032 3706 (52)
1058 3655 1070 3689 :
1108 3654 1125 3686 ι
1158 3636 1262 3702 Qui
1294 3635 1532 3708 Moyses,
1564 3637 1660 3701 ait,
1692 3637 1946 3706 quamvis
1968 3635 2184 3694 Veteris
2211 3641 2543 3696 Testamenti
2577 3641 2736 3695 verba
2763 3643 2815 3696 in
2849 3643 3041 3697 litteris
3070 3642 3420 3706 condidisset,
3451 3649 3635 3694 tamen

369 3725 691 3790 separatim
737 3727 986 3795 quaedam
1033 3741 1099 3782 ex
1145 3728 1372 3782 occultis
1405 3727 1540 3798 legis
1565 3730 1857 3784 secretiora
1899 3732 2154 3800 mysteria
2205 3731 2558 3802 Septuaginta
2593 3733 2920 3798 senioribus,
2968 3734 3061 3803 qui
3095 3733 3345 3788 doctores
3375 3731 3635 3800 deinceps

394 3826 701 3882 manerent,
730 3817 1094 3871 intimaverat.
1115 3818 1286 3889 Cujus
1309 3821 1572 3875 doctrina:
1614 3821 1778 3875 etiam
1811 3819 2074 3876 Dominus
2121 3823 2175 3876 in
2234 3823 2540 3894 Evangeliis
2577 3826 2822 3881 meminit
2861 3827 3048 3882 dicens
3078 3844 3090 3879 :
3128 3826 3296 3894 Super
3321 3823 3634 3878 cathedram

399 3909 572 3979 Moysi
617 3911 860 3964 sederunt
910 3909 1108 3964 Scriba:
1143 3923 1190 3965 et
1226 3912 1488 3967 Pharisazi
1519 3913 1738 3966 :omm’a
1779 3929 2096 3983 quacunque
2135 3913 2365 3968 dixerint
2419 3916 2557 3970 vobis
2607 3927 2807 3972 servate
2863 3927 2912 3972 et
2955 3917 3135 3986 facile,
3184 3917 3488 3986 semiudum]
3508 3933 3633 3971 vero

396 4009 547 4076 facta
589 4021 767 4058 eorum
815 4006 975 4060 nolite
1015 4008 1206 4076 facere.
1234 4006 1489 4062 Doctrina
1530 4023 1659 4077 ergo
1719 4008 1912 4062 horum
1942 4009 2143 4063 mansit
2165 4010 2216 4062 in
2247 4019 2546 4080 posterum,
2575 4027 2696 4083 qua:
2721 4013 2788 4067 ab
2818 4011 2936 4082 ipso
2963 4013 3224 4082 scriptore
3248 4012 3382 4082 legis
3405 4024 3628 4082 accepta

395 4102 456 4154 in
497 4097 599 4152 hoc
627 4097 905 4152 seniorum
936 4098 1112 4154 ollicio
1141 4109 1195 4152 et
1223 4113 1452 4153 numero
1482 4107 1803 4155 conservata
1839 4107 1923 4153 est
1953 4099 2124 4169 (55).»

389 4257 687 4322 nenturJ-lx
708 4257 964 4312 Ghemara
992 4264 1170 4311 autem
1184 4255 1366 4326 juncta
1391 4239 1820 4320 Μὶεειιωτνείπι,
1849 4255 2094 4321 Talmud,
2113 4271 2232 4326 qua:
2255 4272 2354 4310 vox
2381 4257 2682 4312 doctrinam
2706 4255 2990 4325 significat,
3018 4256 3625 4326 constituiturJalmud

392 4343 518 4382 vero
549 4329 745 4396 duplex
777 4337 879 4393 est,
907 4329 1134 4381 alterum
1166 4335 1247 4380 est
1291 4324 1694 4396 Babylonicum,
1727 4329 1954 4380 alterum
1994 4324 2144 4381 vero'
2164 4325 2729 4397 Hierosolymitanum.
2767 4324 3080 4397 Babylonici
3131 4335 3320 4381 auctor
3344 4325 3468 4397 _fuit
3501 4325 3623 4381 Rau

390 4397 546 4461 Ascé,
580 4395 970 4466 Babylonicus,
1005 4406 1057 4450 et
1095 4397 1223 4465 quia
1259 4407 1429 4450 morte
1465 4405 1766 4466 praeventus
1798 4411 1935 4466 Opus
1972 4400 2229 4464 perlicere
2291 4395 2550 4466 nequivit,
2609 4407 2792 4466 postea
2828 4396 3134 4451 absolutum
3183 4406 3316 4451 esta
3340 4395 3624 4463 Marimar,

390 4413 546 4461 nsce,
581 4413 970 4469 uauytontcus,
1005 4413 1057 4450 et
1095 4413 1223 4465 qma
1259 4413 1429 4450 morte
1465 4413 1766 4464 praeventus
1798 4413 1875 4466 0p]

390 4477 445 4520 et
477 4483 506 4520 a
537 4467 650 4522 Mar
707 4468 818 4523 lilio
886 4467 1003 4522 Rau
1044 4465 1199 4528 Ascé,
1244 4467 1388 4520 circa
1433 4480 1634 4519 annum
1671 4465 1875 4520 Domini

2139 4413 2229 4450 ere
2291 4413 2550 4520 nequivit,
2609 4413 2792 4466 poswa
2828 4413 3134 4451 ausonutum
3183 4413 3623 4463 esramartmar,

2138 4508 2144 4518 .
2177 4467 2323 4533 505;
2393 4467 2918 4536 lierosolymitanum
2961 4481 3120 4531 vero,
3155 4467 3298 4534 quod
3347 4477 3430 4522 est
3471 4481 3623 4520 com-

391 4539 718 4592 mentarium
743 4554 905 4607 super
931 4538 1251 4607 nonnullos,
1274 4551 1380 4607 non
1415 4548 1593 4589 autem
1629 4551 1792 4601 super
1849 4552 2037 4590 omnes
2069 4535 2283 4591 Miseno:
2349 4538 2549 4598 libros,
2612 4535 2678 4590 ex
2721 4537 2950 4590 diversis
2995 4536 3346 4590 rabbinorum
3400 4545 3620 4607 senten-

390 4608 482 4677 tiis
511 4609 792 4662 collectum
817 4605 873 4660 in
902 4605 1365 4677 terra_lsraclitiyca
1395 4621 1496 4677 pro
1529 4607 1593 4659 iis
1623 4608 1942 4677 prgesertim,
1984 4607 2076 4674 qui
2102 4623 2220 4662 eam
2250 4610 2523 4677 regionem
2538 4607 2884 4677 incolebant.
2914 4608 3060 4660 circa
3125 4621 3329 4677 annum
3397 4605 3619 4677 Domini

388 4673 492 4730 368
534 4678 752 4746 scripsit
819 4677 988 4731 Rabbi
1047 4674 1324 4746 Jochanat‘i
1375 4673 2186 4746 dialecto’Hierosolymitana;
2257 4673 2335 4731 et'
2359 4679 2479 4732 ideo
2533 4675 3078 4746 Hierosolymitanum
3145 4676 3347 4730 dictum
3393 4684 3494 4746 est.
3543 4676 3620 4729 De

386 4754 619 4816 utroque
650 4745 906 4800 ’Talmud
961 4748 1115 4816 plura
1162 4745 1326 4798 videri
1391 4747 1804 4814 poteruntapud
1838 4745 2232 4803 Bartoloccinm
2277 4749 2330 4802 in
2369 4764 2468 4802 sua
2516 4746 2840 4800 Bibliotheca
2888 4745 3202 4810 Rabbinica,
3267 4746 3360 4800 ubi
3409 4745 3529 4801 fuse
3565 4756 3622 4801 et

386 4815 683 4870 multifaria
715 4815 1016 4871 eruditione
1050 4817 1292 4884 hiscetle
1326 4817 1486 4869 rebus
1520 4825 1836 4884 pertractat.

457 4885 568 4956 (51)
615 4887 773 4942 Rich.
822 4887 955 4940 Sim.
1009 4884 1142 4938 Crit.
1202 4883 1308 4956 Vrt.
1349 4880 1601 4951 Testata,
1629 4895 1682 4940 et
1727 4886 1781 4938 in
1843 4884 1973 4938 Litt.
2046 4900 2180 4952 resp.
2214 4886 2281 4936 ad
2311 4882 2659 4936 animadvers.
2714 4880 2906 4936 Claud.
2959 4881 3020 4934 de
3056 4880 3214 4946 Veil.;
3245 4881 3480 4936 Cumrus
3527 4881 3606 4939 De

381 4954 602 5023 Republ.
635 4957 817 5018 Ilebr.,
843 4957 936 5009 lib.
966 4971 1045 5014 ιιι,
1078 4971 1196 5023 cap.
1232 4954 1284 5007 8.

613 5032 741 5080 lom.
769 5031 820 5080 in
847 5031 995 5080 Psal.
1023 5041 1081 5080 tt.
1108 5043 1158 5077 ιι.
1192 5031 1246 5078 2.

613 5032 627 5079 Σ
728 5066 741 5080 .
777 5031 787 5040 ’
909 5045 916 5054 ·
983 5069 995 5080 .
1108 5043 1158 5077 ιι.
1235 5066 1246 5076 .

588 5030 820 5152 (VgTutfin
1023 5024 1399 5168 lslt’mimeopere
1427 5095 1756 5168 cavendum”
1781 5103 1864 5168 est
1901 5109 1932 5147 a
1967 5087 2338 5168 recentiorum
2372 5083 2744 5164 rabbinorum
2767 5081 3129 5168 com‘mpetlitis,
3160 5080 3259 5168 qui
3291 5081 3611 5168 hujusmodi

381 5151 604 5222 historia
649 5151 699 5222 ct
744 5151 1048 5226 traditione,
1085 5151 1435 5235 quam-nobis
1474 5166 1650 5236 prodit
1681 5163 1933 5236 Hilarius,
1975 5162 2285 5236 ab_utuntu_r_
2312 5156 2381 5236 in.
2423 5170 2563 5236 suas
2606 5156 2897 5236 naeniasnet
2935 5151 3147 5232 fabulas
3180 5151 3609 5236 conliﬂnandas,

379 5219 1124 5307 et‘ad—eas-simplicioribus
1161 5219 1547 5290 obtrudendas.
1594 5219 1931 5307 Fabulantur
1967 5232 2123 5307 enim
2172 5222 2967 5307 rabbinici-doctores,.Deum
2995 5222 3072 5307 in,
3095 5231 3280 5307 monte
3297 5219 3438 5307 'Sina
3469 5236 3609 5307 pra:-

379 5315 461 5376 ter
520 5291 1005 5376 legcmhsclriplam
1050 5308 1153 5360 alia
1214 5307 1366 5374 plura
1411 5314 1666 5376 orctenus
1712 5303 1880 5374 Moysi
1929 5300 2240 5376 tradidisse,
2295 5312 2416 5365 qua:
2443 5293 2594 5376 Legi:
2649 5293 2810 5375 oratis
2863 5291 3082 5376 nomine
3133 5291 3602 5376 cotnplettuntur'

374 5362 600 5447 Moysen”:
626 5362 805 5432 autem
832 5362 1017 5440 Iosue,
1045 5362 1356 5447 Josue'vero
1379 5374 1714 5443 septuaginta
1745 5363 2071 5447 senioribus,
2119 5362 2362 5422 seniores
2418 5362 2716 5447 prophetis,
2775 5362 3066 5442 prophetas
3121 5362 3251 5447 viris
3309 5362 3598 5447 Synagoga

378 5429 606 5514 magiae,
632 5429 1200 5515 7quorumVultimum
1249 5429 1598 5515 Simeonem:
1640 5451 2000 5515 cognomento
2029 5429 2274 5515 Iustum,
2302 5429 2625 5515 non—tanien
2655 5429 2826 5514 illum,
2853 5429 2944 5515 qni
2971 5429 3406 5515 ppcrutlrlesunt
3438 5430 3494 5515 in_
3522 5429 3601 5483 ul-

377 5500 1055 5586 nisususccp‘it,_scdalium
1092 5515 1261 5568 multo
1287 5500 1673 5586 antiquiorem,
1697 5500 1939 5583 tempore
1977 5500 2536 5586 AlexandrinMagni,
2589 5500 3140 5586 ἒῥιι-ιξᾳςιιισδοριιεξξο,
3178 5511 3232 5555 et
3260 5501 3381 5582 aliis
3415 5500 3607 5586 subse-

377 5571 668 5658 quentibus
717 5571 851 5641 viris
888 5587 1121 5658 synedrii
1153 5585 1354 5658 magni,
1390 5571 1444 5658 e't
1499 5585 1585 5658 sic
1644 5571 1896 5658 deinceps
1962 5580 2247 5658 usque_ad
2284 5571 2542 5657 Βεὼϋειιιι
2587 5571 3606 5658 llakltfdoscnquineupmnino‘obli:

367 5641 522 5710 vioni
559 5641 1011 5726 traderentur,'ac
1063 5641 1652 5726 perirentgschedulas
1703 5641 2009 5725 priscorum
2047 5641 2376 5722 sapientum,
2427 5658 2485 5702 ut
2526 5647 2630 5717 ipsi
2680 5643 2967 5706 alIirmant,
3005 5642 3112 5696 huc
3152 5641 3284 5698 illuc
3326 5641 3603 5710 dispersas
