3760 6270
115 280 219 335 525
838 281 924 335 DE
970 282 1248 341 TITULIS
1288 286 1746 345 PSALMORUM.
1785 321 1854 331 -—
1893 292 2281 351 AN'I'ONELLI
2323 296 2718 354 PREFATIO.
3248 301 3352 358 (ως

178 392 376 486 XXVI.
414 393 489 450 At
539 411 669 452 vero
718 399 764 454 si
814 417 925 456 rem
976 413 1142 458 totam
1177 420 1286 474 prae
1323 405 1498 462 oculis
1531 407 1762 478 positam
1798 412 2056 468 attentius
2091 413 2418 480 intueamur,
2460 424 2514 471 et
2542 430 2662 486 qua!
2691 416 2746 469 in
2791 413 2964 469 Veteri
3001 413 3354 472 Testamento

112 484 316 553 scripta
345 493 404 539 et
441 500 566 554 quae
593 488 646 541 in
669 487 839 558 Novo,
862 502 916 546 et
940 509 1061 562 quae
1091 511 1121 548 a
1154 495 1454 566 majoribus
1475 509 1697 570 accepta
1721 501 1988 573 nobisque
2018 506 2211 560 tradita
2240 508 2368 572 sint,
2401 484 2714 576 diligentius
2735 508 3166 574 consideremus,
3194 523 3355 567 nemo

111 580 308 673 erit,ut
338 591 497 649 puto,
517 584 612 650 qui
642 585 800 641 facile
829 589 1069 644 animum
1103 605 1259 645 suum
1291 592 1531 660 inducat,
1557 603 1618 648 ut
1647 596 1852 662 credat,
1889 597 2129 670 Moysen,
2155 603 2468 671 prophetas,
2493 612 2655 672 atque
2682 602 2820 657 alios
2845 604 3042 658 veteris
3068 604 3200 673 legis
3235 621 3353 660 ma-

113 671 310 739 gistros
341 681 403 724 et
438 675 730 732 sanctitate
762 686 818 732 et
846 680 1072 734 scientia
1118 691 1437 751 praestantes
1479 685 1715 755 aliquam
1747 699 1951 743 certam
2001 687 2315 760 Scripturas
2347 671 2633 762 allegorice
2665 693 3053 762 interpretandi
3085 671 3350 749 rationem

113 779 204 855 seu
237 765 555 821 doctrinam
591 783 621 823 a
651 769 760 822 Deo
790 774 1081 841 accepisse.
1111 791 1232 844 quae
1261 774 1472 831 Kabala
1504 780 1838 835 nominanda
1873 781 1983 849 sit;
2027 782 2120 837 sed
2142 783 2323 852 potius
2347 785 2641 855 generatim
2679 785 2758 840 eis
2801 797 3134 854 compertum
3185 787 3352 843 fuisse

115 853 165 906 in
203 855 650 926 simplicioribus
693 878 976 918 sacrarum
1020 864 1428 937 Scripturarum
1464 871 1646 925 verbis
1679 887 1908 928 arcanos
1951 883 2006 928 et
2048 874 2394 931 sublimiores
2440 891 2632 932 sensus
2664 878 2973 934 reconditos
3007 893 3150 942 esse,
3186 893 3347 946 quos,

112 959 375 1016 quantum
414 952 472 1006 in
502 969 565 1008 se
593 965 730 1021 erat,
762 957 941 1012 rimati
969 967 1096 1014 sunt
1139 969 1303 1032 atque
1345 963 1823 1034 investigaverunt.
1871 966 1980 1021 Illis
2013 977 2192 1022 autem
2233 985 2341 1024 non
2374 979 2482 1025 tam
2517 984 2616 1024 suo
2645 970 2828 1024 labore
2854 981 3017 1039 atque
3060 970 3348 1037 industria,

113 1056 270 1108 quam
307 1059 539 1100 summa
573 1048 959 1116 omnipotentis
995 1048 1088 1104 Dei
1129 1052 1458 1122 benignitate
1487 1056 1680 1126 magis,
1717 1055 2006 1126 minusque
2041 1071 2138 1126 pro
2170 1073 2524 1127 personarum
2557 1058 2889 1122 conditione,
2921 1057 3126 1128 Spiritu
3160 1068 3349 1115 sancto

114 1133 395 1199 edocente,
433 1137 532 1206 qui
565 1138 740 1207 spirat
766 1139 856 1193 ubi
889 1140 1022 1201 vult,
1054 1140 1236 1210 aliqua
1263 1143 1496 1198 revelata
1527 1144 1714 1206 fuisse,
1746 1144 1852 1200 alia
1885 1160 2014 1199 vero
2047 1160 2142 1214 per
2176 1161 2373 1201 manus
2406 1147 2811 1216 quodammodo
2841 1148 3116 1216 accepisse
3144 1164 3208 1202 ex
3239 1157 3348 1203 tra-

123 1225 322 1282 ditione
353 1229 660 1300 majorum,
686 1233 781 1302 qui
812 1233 1060 1288 similiter
1082 1237 1320 1292 coelestia
1370 1225 1629 1310 mysteria
1671 1237 1936 1293 velamine
1979 1239 2266 1293 verborum
2310 1239 2577 1295 occultata
2611 1254 2675 1294 ex
2713 1247 2864 1308 parte
2896 1241 3074 1310 aliqua
3110 1241 3345 1296 assecuti

119 1331 254 1373 sunt.
283 1319 573 1376 Ceterum
600 1323 824 1387 intueri,
858 1325 1072 1380 sublato
1101 1327 1388 1394 velamine,
1418 1330 1597 1384 divina
1640 1338 1694 1384 et
1721 1344 1953 1398 superna
1981 1329 2259 1400 mysteria,
2283 1339 2336 1384 et
2359 1331 2617 1400 dispulsis
2648 1330 2938 1399 figurarum
2975 1331 3234 1399 tenebris,
3257 1347 3346 1386 ar-

118 1426 273 1466 canos
314 1410 739 1483 Scripturarum
772 1431 964 1472 sensus
991 1418 1366 1488 introspicere,
1403 1421 1467 1474 ad
1504 1420 1555 1474 id
1588 1429 1799 1490 tempus
1825 1429 2098 1476 servatum
2126 1429 2231 1487 est,
2262 1435 2370 1490 quo
2402 1419 2655 1491 splendor
2681 1421 2879 1488 Patris,
2911 1422 3004 1476 lux
3035 1421 3222 1476 mundi
3244 1436 3342 1492 po-

113 1503 243 1570 pulis
272 1503 601 1572 jacentihus
630 1506 683 1559 in
724 1507 961 1562 tenebris
985 1517 1038 1562 et
1063 1509 1253 1563 umbra
1280 1510 1471 1566 mortis
1492 1511 1797 1565 exoriretur
1826 1511 1878 1564 in
1906 1511 2086 1565 terris.
2113 1508 2231 1565 Huc
2258 1518 2438 1564 autem
2469 1520 2715 1579 spectare
2739 1511 2990 1566 videntur
3018 1512 3183 1566 verba
3199 1492 3346 1580 λι)οέ

114 1598 226 1651 stoli
257 1599 316 1652 in
353 1594 610 1668 Epistola
643 1601 709 1653 ad
739 1599 1086 1656 Corinthios:
1121 1599 1242 1656 Non
1272 1602 1409 1673 quod
1435 1603 1740 1672 sufﬁcientes
1764 1602 1927 1655 simus
1958 1602 2188 1671 cogitare
2221 1600 2422 1670 aliquid
2453 1616 2515 1655 ea:
2550 1600 2718 1665 nobis,
2755 1602 2906 1672 quasi
2939 1618 3003 1656 ex
3041 1602 3224 1666 nobis;
3258 1602 3347 1656 sed

111 1696 426 1763 “ﬁdentia
458 1705 646 1748 nostra
690 1711 754 1748 ex
787 1695 891 1748 Deo
922 1706 1022 1760 est,
1058 1698 1144 1765 qui
1175 1711 1223 1751 et
1251 1698 1460 1752 idoneos
1485 1714 1576 1751 nos
1612 1697 1732 1766 fecit
1775 1698 2044 1750 ministros
2075 1694 2212 1748 Novi
2246 1694 2286 1747 Τ
2287 1695 2582 1753 estamenti,
2617 1709 2716 1747 non
2765 1693 2976 1758 littera,
3002 1692 3092 1746 sed
3117 1693 3346 1762 spiritu:

115 1785 279 1838 littera
303 1787 454 1840 enim
487 1787 700 1852 occidit,
734 1791 950 1856 spiritus
980 1806 1155 1847 autem
1186 1794 1411 1863 viviﬁcat
1442 1793 1518 1858 ¹¹;
1547 1800 1601 1846 et
1632 1791 1792 1862 paulo
1811 1790 2036 1846 inferius
2062 1810 2075 1845 :
2107 1789 2175 1844 Et
2203 1805 2305 1844 non
2330 1792 2466 1844 sicut
2504 1789 2708 1858 Moyses
2737 1788 2958 1857 ponebat
2997 1787 3228 1842 velamen
3253 1805 3346 1841 su-

112 1890 195 1940 per
217 1876 421 1943 faciem
445 1894 624 1943 suam,
649 1888 706 1934 ut
737 1897 839 1935 non
872 1883 1193 1938 intenderent
1223 1885 1322 1954 ﬁlii
1366 1883 1538 1938 Israel
1562 1885 1614 1938 in
1643 1884 1831 1952 faciem
1872 1883 2006 1952 ejus,
2035 1883 2173 1952 quod
2218 1892 2542 1936 evacuatur:
2570 1881 2659 1935 sed
2689 1879 2860 1933 obtusi
2889 1887 3009 1934 sunt
3047 1895 3232 1934 sensus
3257 1895 3349 1934 eo-

115 1985 240 2023 rum.
278 1969 468 2041 Usque
511 1973 565 2026 in
599 1973 905 2030 hodiernum
941 1980 1080 2032 enim
1121 1979 1255 2032 diem
1287 1979 1341 2032 id
1373 1980 1542 2048 ipsum
1570 1979 1798 2032 velamen
1822 1979 1876 2031 in
1905 1978 2122 2032 lectione
2155 1975 2353 2031 Veteris
2381 1973 2700 2028 Testamenti
2727 1980 2903 2025 manet
2935 1988 3038 2025 non
3067 1971 3348 2027 revelatum

114 2059 386 2128 (quoniam
410 2063 468 2114 in
495 2061 706 2116 Christo
723 2066 1049 2139 evacuatur),
1075 2068 1163 2121 sed
1190 2084 1351 2137 usque
1380 2069 1431 2122 in
1456 2068 1764 2122 hodiernum
1788 2068 1948 2133 diem,
1976 2083 2092 2120 cum
2118 2067 2312 2136 legitur
2337 2065 2565 2135 Moyses,
2589 2064 2817 2118 velamen
2841 2065 3072 2135 positum
3092 2074 3167 2118 est
3195 2078 3350 2133 super

114 2169 197 2205 cor
216 2169 488 2208 eorum...
528 2155 642 2210 Nos
673 2175 790 2212 vero
815 2175 990 2214 omnes
1017 2160 1244 2215 revelata
1272 2161 1404 2230 facie
1428 2160 1650 2231 gloriam
1677 2161 1888 2215 Domini
1919 2159 2242 2230 speculantes
2268 2162 2320 2213 in
2347 2160 2580 2214 eamdem
2604 2159 2881 2228 imaginem
2908 2159 3351 2228 transformamur

113 2261 142 2296 α
164 2244 422 2299 claritate
447 2247 504 2299 in
537 2247 856 2316 claritatem,
889 2260 1138 2322 tanquam
1159 2270 1190 2306 ιι
1229 2251 1444 2307 Domini
1472 2249 1672 2321 Spiritu
1697 2252 1759 2305 ι’.
1791 2250 1875 2306 Ad
1910 2251 1998 2306 illa
2025 2259 2205 2306 autem
2239 2250 2475 2319 Apostoli
2507 2249 2667 2304 verba
2688 2248 2754 2303 de
2784 2249 3048 2303 velamine
3072 2263 3232 2318 super
3255 2265 3350 2304 cor

111 2337 452 2404 Judazorum,
483 2354 607 2393 cum
635 2340 828 2411 legitur
843 2341 1075 2413 Moyses,
1097 2344 1170 2398 ita
1194 2353 1589 2400 commentatur
1605 2344 1864 2413 Origenes
1888 2342 2140 2398 refellens
2159 2343 2374 2398 Celsum
2394 2341 2530 2412 (54),
2549 2340 2663 2410 qui,
2685 2337 2994 2394 Judzeorum
3014 2353 3208 2393 sensus
3229 2355 3350 2398 eos-

112 2430 227 2484 dem
256 2446 389 2486 esse
419 2447 489 2486 ac
512 2431 948 2489 Christianorum
981 2436 1034 2490 in
1071 2437 1275 2490 sanctis
1304 2435 1597 2506 Seripturis
1629 2433 2068 2504 interpretandis,
2099 2444 2300 2490 temere
2327 2432 2647 2488 alIirmahat.
2699 2448 2717 2481 ‹
2747 2428 3020 2496 Dicemus,
3052 2433 3246 2504 inquit,
3289 2430 3345 2485 in

112 2524 372 2581 confesso
404 2541 530 2581 esse
550 2527 692 2597 apud
726 2537 1005 2598 utrosque,
1042 2529 1210 2584 libros
1237 2529 1421 2586 divino
1453 2529 1653 2600 Spiritu
1679 2529 1850 2585 fuisse
1888 2529 2154 2598 scriptos;
2185 2529 2251 2584 de
2287 2530 2498 2584 illorum
2527 2539 2704 2585 autem
2743 2529 2998 2585 librorum
3029 2530 3348 2598 interpreta-

114 2617 261 2670 tione
285 2631 398 2670 nos
425 2631 554 2670 cum
585 2615 787 2673 ludatis
810 2618 1120 2674 dissentire.
1151 2620 1358 2690 Quippe
1383 2635 1490 2674 non
1517 2629 1573 2674 ut
1592 2619 1761 2675 Judaei
1788 2621 2036 2686 vivimus,
2070 2636 2434 2690 negamusque
2463 2630 2694 2676 mentem
2713 2621 2846 2691 legis
2869 2620 3134 2678 contineri
3162 2634 3347 2689 sensu,

113 2724 272 2779 quem
296 2710 486 2776 legum
517 2708 694 2763 littera
720 2725 829 2779 prze
851 2727 908 2767 se
923 2712 1044 2767 fert.
1067 2711 1322 2780 Quinimo
1353 2714 1705 2779 allirmamus,
1727 2730 1849 2770 cum
1879 2715 2073 2785 legitur
2098 2713 2330 2785 Moyses,
2357 2714 2599 2768 velamen
2636 2715 2872 2784 positum
2908 2730 3028 2773 esse
3061 2731 3223 2786 super
3256 2730 3352 2771 cor

115 2817 331 2864 eorum,
362 2815 488 2856 eam
517 2800 588 2854 ob
613 2815 859 2865 causam,
889 2803 1016 2872 quia
1044 2804 1179 2874 legis
1211 2803 1462 2859 Mosaicae
1495 2820 1648 2860 mens
1675 2805 1979 2860 occultatur
2013 2805 2099 2870 iis,
2129 2805 2223 2874 qui
2247 2805 2384 2858 viam
2416 2823 2446 2860 a
2474 2803 2600 2860 Jesu
2640 2805 2860 2861 Christo
2889 2814 3240 2861 monstratam
3265 2806 3352 2860 in-

115 2894 262 2965 gredi
293 2901 650 2947 recusarunt.
680 2891 892 2948 Scimus
921 2903 1124 2958 autem,
1155 2897 1371 2965 quando
1410 2913 1469 2952 se
1507 2897 1628 2967 quis
1655 2898 1720 2952 ad
1752 2897 2057 2963 Dominum,
2083 2898 2171 2967 qui
2206 2897 2441 2966 Spiritus
2478 2906 2582 2962 est,
2610 2899 2958 2966 converterit,
2983 2899 3225 2953 velamen
3255 2913 3349 2953 au-

116 2988 268 3051 ferri,
300 3001 546 3054 eumque
567 2994 760 3040 retecta
787 2987 921 3055 facie
948 2987 1163 3041 Domini
1192 2990 1437 3060 gloriam,
1465 2989 1599 3044 velut
1627 2991 1682 3044 in
1705 2989 1934 3059 speculo,
1965 2989 2159 3043 intueri
2185 2989 2239 3044 in
2269 2990 2376 3046 illis
2408 2991 2680 3052 sensibus,
2708 3005 2847 3060 quos
2876 2990 3052 3044 littera
3068 2990 3203 3060 legis
3220 2990 3348 3045 abs-

116 3078 410 3140 condebat,
436 3076 558 3131 etin
580 3093 735 3133 suam
757 3079 928 3148 ipsius
947 3081 1370 3152 gloriamgloriae
1391 3083 1587 3138 divinae
1612 3083 1925 3152 participem
1949 3081 2086 3136 fieri.
2113 3081 2244 3137 Nam
2274 3083 2346 3148 id,
2372 3084 2515 3154 quod
2539 3085 2625 3138 hic
2650 3098 2745 3153 per
2761 3084 2986 3152 figurant
3015 3091 3241 3136 vocatur
3269 3081 3352 3151 fa-

116 3174 219 3226 cies
240 3212 256 3233 ,
287 3177 483 3239 aperte
510 3169 751 3238 loquenti
786 3181 869 3228 est
891 3174 1216 3241 intellectus,
1245 3175 1298 3228 in
1333 3192 1441 3245 quo
1475 3184 1558 3232 est
1579 3175 1855 3231 interioris
1887 3174 2121 3230 hominis
2143 3177 2330 3243 facies,
2351 3193 2492 3246 quat,
2518 3184 2801 3246 perspecto
2824 3189 2952 3230 vero
2970 3174 3146 3245 legum
3164 3189 3350 3238 sensu,

117 3274 230 3318 tota
265 3263 480 3316 lumine
516 3269 572 3314 et
612 3262 783 3332 gloria
809 3268 1133 3337 resplendet.
1168 3289 1186 3322 ι
1242 3268 1604 3336 Quamobrem
1634 3270 1790 3340 juxta
1831 3268 1994 3323 verba
2026 3271 2167 3326 beati
2201 3271 2450 3340 Apostoli
2482 3273 2745 3342 spiritalis
2779 3287 3058 3330 sacrarum
3110 3268 3353 3338 Scriptu-

118 3377 309 3416 rarum
351 3363 722 3432 intelligentia,
758 3370 812 3416 et
843 3361 1177 3416 sublimioris
1217 3361 1432 3417 illarum
1457 3378 1652 3418 sensus
1681 3363 1918 3434 perfecta
1963 3377 2190 3436 prorsus
2223 3372 2384 3432 atque
2425 3363 2674 3420 absoluta
2716 3364 2950 3436 cognitio
2994 3377 3183 3419 revera
3220 3361 3352 3418 solis

121 3455 417 3523 apostolis,
443 3457 759 3526 sanctisque
786 3454 1058 3519 Patribus,
1088 3463 1142 3508 et
1168 3452 1426 3510 Ecclesia:
1452 3454 1546 3511 Dei
1581 3456 1712 3522 vivi,
1741 3472 1862 3526 quae
1891 3465 1975 3512 est
2001 3455 2279 3518 columna,
2311 3465 2362 3508 et
2390 3455 2791 3510 firmamentum
2823 3456 3068 3510 veritatis
3093 3454 3158 3518 ¹³,
3189 3463 3243 3509 et
3284 3451 3352 3506 ad

123 3563 294 3618 quam
328 3564 397 3604 ex
432 3551 732 3619 apostolica
763 3549 1054 3604 traditione
1086 3549 1406 3612 dimanavit,
1440 3550 1604 3604 tribui
1636 3551 1811 3606 debet.
1843 3550 1975 3605 Nam
2013 3565 2080 3604 ex
2112 3549 2179 3604 iis
2205 3565 2326 3618 qua:
2363 3549 2508 3604 circa
2547 3550 2824 3606 Christum
2858 3549 3150 3604 Dominum
3179 3545 3353 3602 conti-

128 3650 351 3710 gerunt.
385 3656 582 3710 magna
612 3641 705 3695 lux
734 3655 902 3696 sacra:
933 3638 1248 3709 Scripturae,
1281 3647 1334 3694 et
1357 3640 1627 3710 praecipue
1656 3641 1989 3710 prOpheticis
2013 3641 2249 3696 oraculis
2275 3641 2435 3696 allata
2469 3651 2568 3696 est.
2609 3639 2871 3697 Praeterea
2913 3641 3168 3697 Christus
3200 3647 3351 3710 post-

125 3750 292 3803 quam
324 3733 378 3786 in
409 3733 608 3788 coelum
639 3733 901 3794 ascendit,
932 3731 1190 3802 Spiritum
1227 3739 1496 3793 sanctum,
1521 3746 1679 3801 quem
1726 3731 2051 3801 promiserat
2093 3731 2351 3800 apostolis
2374 3771 2388 3796 ,
2423 3732 2590 3797 misit,
2623 3732 2716 3802 qui
2763 3732 2979 3786 doceret
3005 3745 3100 3785 eos
3133 3743 3350 3785 omnem

127 3828 447 3893 veritatem;
473 3826 594 3881 ideo
616 3826 844 3881 docente
868 3826 1072 3893 Spiritu
1102 3825 1348 3880 veritatis
1370 3827 1653 3895 pervenire
1678 3824 1905 3896 apostoli
1930 3833 2221 3896 potuerunt
2250 3824 2316 3880 ad
2346 3827 2693 3896 allegorieum
2725 3841 2820 3880 seu
2852 3825 3147 3895 spiritalem
3171 3837 3353 3879 sacra-

129 3933 252 3972 rum
297 3917 706 3987 Scripturarum
753 3933 974 3973 sensum
1011 3917 1440 3988 percipiendum,
1472 3928 1526 3972 et
1566 3933 1632 3972 eo
1681 3918 1985 3989 pertingere
2029 3932 2140 3988 quo
2179 3919 2435 3974 Patribus
2461 3919 2672 3975 Veteris
2705 3916 3031 3974 Testamenti
3057 3924 3112 3971 et
3143 3914 3354 3985 magnis

129 4009 413 4079 prephetis
441 4019 722 4078 penetrare
755 4026 862 4065 non
895 4010 1069 4065 licuit.

203 4099 427 4154 XXVII.
461 4101 844 4170 Apostolorum
878 4103 1044 4173 igitur
1073 4103 1321 4172 exemplo
1345 4103 1628 4167 excitatos,
1652 4118 1951 4172 eorumque
1982 4104 2220 4176 vestigiis
2239 4113 2292 4159 et
2321 4103 2579 4160 doctrinae
2604 4102 2929 4156 inhaerentes
2954 4097 3354 4155 vetustissimos

130 4193 418 4248 orientalis
447 4192 706 4250 Ecclesiae
740 4195 929 4252 Patres
965 4197 1192 4268 mystico
1237 4195 1662 4266 Scripturarum,
1709 4197 1890 4252 sensui
1918 4198 2204 4268 aperiendo
2229 4196 2568 4268 potissimum
2608 4193 2902 4257 studuisse,
2937 4191 3095 4244 fidem
3127 4188 3352 4251 faciunt,

132 4293 192 4338 ut
220 4287 476 4354 superius
508 4287 641 4353 dixi,
676 4296 870 4358 praeter
914 4289 1197 4361 Origenem
1229 4299 1282 4346 et
1311 4291 1640 4346 Clementem
1665 4291 2092 4345 Alexandrinum
2131 4291 2359 4361 epistola
2407 4306 2526 4360 quae
2558 4288 2818 4342 Barnabaz
2842 4284 3165 4346 ascribitur;
3194 4280 3352 4334 Come

130 4378 403 4432 mentaria
437 4380 492 4433 in
511 4393 739 4450 quatuor
761 4380 1050 4451 Evangelia
1079 4383 1363 4453 Theophili
1395 4385 1634 4453 episcopi
1666 4384 2009 4449 Antiocheni,
2057 4384 2139 4438 vel
2174 4381 2397 4438 alterius
2426 4381 2632 4450 antiqui
2672 4376 2974 4446 scriptoris,
3001 4374 3093 4444 qui
3117 4371 3355 4440 Evange-

131 4466 268 4521 lium
306 4469 536 4539 mystica
570 4468 1014 4538 interpretatione
1042 4473 1297 4542 explicat,
1331 4483 1443 4528 tum
1489 4475 1652 4528 etiam
1681 4473 1942 4528 Hebraica
1972 4476 2192 4529 nomina
2219 4490 2340 4543 qua:
2370 4475 2421 4528 in
2455 4472 2606 4526 Novo
2640 4469 2986 4523 Testamento
3012 4466 3356 4521 continentur

131 4560 422 4630 diligenter
445 4560 848 4630 interpretatur,
879 4575 936 4619 ct
963 4563 1310 4632 allegoricum
1343 4579 1563 4618 sensum
1596 4565 1680 4634 pie
1712 4581 1776 4620 ac
1815 4567 2042 4621 solerter
2071 4565 2328 4634 exponit;
2357 4573 2468 4618 tum
2507 4563 2610 4617 alia
2641 4561 2882 4631 ejusdem
2908 4557 3189 4628 Theophili
3223 4556 3357 4611 alio-

132 4669 370 4721 rumque
408 4660 650 4708 veterum
679 4656 935 4713 Ecclesia:
961 4657 1183 4712 Patrum
1208 4659 1471 4728 opuscula
1500 4673 1620 4728 qum
1650 4658 1716 4712 ad
1752 4674 1852 4715 nos
1879 4665 2258 4730 pervenerunt.
2294 4654 2404 4710 Cur
2438 4661 2616 4709 autem
2661 4651 2869 4722 antiqui
2897 4649 3135 4707 Orientis
3173 4647 3358 4704 Patres

132 4745 184 4798 in
215 4745 613 4813 perscrutando
660 4749 889 4816 mystico
923 4765 1018 4803 seu
1064 4750 1292 4820 spiritali
1337 4749 1742 4818 Scripturarum
1794 4767 1956 4807 sensu
1990 4750 2123 4804 adeo
2150 4748 2433 4818 diligentes
2464 4755 2518 4800 et
2554 4745 2757 4802 assidui
2796 4744 3017 4810 fuerint,
3048 4741 3246 4814 duplici
3292 4757 3355 4796 ex

131 4851 298 4891 causa
335 4837 604 4898 evenisse,
633 4839 886 4907 quisque,
923 4849 981 4895 ut
1001 4857 1146 4905 reor,
1174 4841 1458 4911 judicahit.
1499 4841 1702 4907 Prima,
1743 4843 1870 4913 quia
1905 4840 2215 4912 hujusmodi
2248 4839 2746 4910 interpretationem
2783 4837 3044 4910 aptiorem
3083 4834 3362 4893 existima-

215 5002 258 5033 ¹¹
283 5000 328 5054 II
359 5000 488 5056 Cor.
514 5017 597 5066 ιιι,
622 5001 676 5069 5,
705 5001 758 5058 6.
837 5003 880 5034 ¹²
911 5003 1040 5058 ibid.
1069 5004 1252 5058 l3-l8.
1331 5004 1374 5035 ¹³
1412 5002 1594 5057 I'I‘im.
1621 5018 1699 5070 Ill,
1726 5003 1809 5058 15.

131 5137 377 5210 collegit,
411 5135 724 5204 librumque
749 5134 952 5188 Miscna
967 5135 1226 5210 confecit,
1246 5151 1277 5190 a
1321 5151 1431 5206 quo
1470 5151 1593 5210 cum
1621 5134 1907 5210 ‘Ghemara
1927 5135 2222 5210 conjuncto
2265 5133 2900 5210 _Talinud_'componitu_r_.
2931 5129 3159 5210 Talmud
3183 5134 3364 5210 autem

133 5198 345 5263 “ebrii
394 5221 550 5274 atque
576 5198 666 5276 iac
694 5221 930 5276 sacram
965 5198 1297 5276 Scripturam
1328 5198 1508 5276 magni
1533 5205 1766 5271 faciunt;
1807 5206 1917 5260 imo
1944 5198 2106 5261 etiam
2146 5204 2458 5276 praeferunt.
2500 5205 2594 5258 Est
2629 5198 2805 5259 autem
2842 5202 2979 5276 liber
3009 5200 3200 5276 plenus
3236 5198 3360 5276 ridi-

133 5279 272 5332 rulis
320 5285 379 5350 et
439 5267 642 5350 putidis
684 5275 916 5350 fabulis,
949 5267 1470 5350 superstitionibus“,
1513 5267 1864 5350 blasphemiis
1905 5284 1958 5328 et
1998 5267 2366 5350 impietatihus
2411 5278 2768 5350 refertu_s,_ut
2794 5271 2986 5326 merito
3011 5267 3218 5350 iniuries
3243 5267 3366 5350 .fue-

133 5354 203 5403 rit
267 5365 298 5401 a
343 5339 609 5417 Romanis
659 5339 1034 5417 pontiﬁcibus'
1062 5346 1420 5413 proscriptus,
1488 5356 1541 5400 et
1575 5339 2124 5417 igniAdamnatuSLet
2171 5347 2327 5416 longe
2375 5339 2655 5417 anteaqab
2684 5339 3030 5417 imperatore?
3058 5339 3368 5417 Iustiniano

134 5420 254 5488 ejus
277 5417 437 5491 lectio
461 5408 701 5491 Hebraeis
725 5408 1240 5491 interdictavidetur
1267 5408 1323 5491 in
1360 5417 1568 5491 novella
1596 5408 1746 5491 Ἱῤϐ,
1787 5415 1869 5491 tit.
1903 5415 1978 5469 De
2010 5408 2293 5491 Hebraeis;
2318 5415 2496 5491 verbis
2528 5414 2667 5468 illis:
2699 5431 2717 5491 ς
2751 5408 3057 5491 Quae_\-'ero_
3104 5408 3367 5490 Deutero-

138 5481 237 5550 sis,
267 5486 429 5558 quasi
467 5486 792 5559 secu_ndaria
837 5484 1070 5559 eruditio
1111 5485 1180 5539 ab
1224 5484 1357 5559 ipsis
1388 5485 1608 5549 dicitur,
1649 5484 1700 5538 in
1738 5485 2055 5559 universum
2101 5484 2586 5559 interdicimus,‘ut
2624 5483 2717 5559 qui
2766 5482 2939 5539 sacris
3005 5481 3159 5559 lib-ris
3211 5493 3366 5559 com:

139 5552 404 5628 prehensa
431 5572 540 5610 non
568 5556 660 5619 sit,
682 5570 864 5628 neque
913 5556 1146 5624 desuper
1203 5552 1398 5628 tradita
1450 5570 1570 5628 per
1599 5555 1908 5628 prophetas.
1939 5557 2032 5628 sed
2067 5565 2317 5628 excerpta
2365 5555 2608 5628 quaedam
2643 5552 2897 5611 'virorum
2944 5552 3243 5616 contineat,
3278 5552 3370 5617 qui

145 5625 358 5684 terrena
381 5628 648 5680 duntaxat
681 5626 992 5691 loquantur,
1031 5640 1202 5694 neque
1231 5625 1524 5695 quidquam
1561 5626 1613 5682 in
1643 5641 1700 5682 se
1737 5625 1905 5682 divini
1938 5627 2170 5683 habeant
2193 5625 2460 5690 Numinis,
2493 5635 2596 5679 etc.

225 5697 510 5772 (5510rig.
536 5707 719 5750 contra
746 5695 882 5751 Cels.
912 5696 1006 5750 lib.
1030 5711 1083 5762 v,
1115 5713 1168 5749 n.
1193 5694 1280 5750 60.
