3760 6270
385 304 488 364 627
1243 309 1298 364 S.
1341 307 1713 364 ATHANASII
1745 308 1895 366 OPP.
1937 309 2116 366 PARS
2156 308 2240 364 Ill.
2279 341 2348 350 —-
2382 308 2786 366 EXEGETICA.
3510 303 3626 359 6‘28

384 419 516 474 bant
543 419 610 474 ad
633 419 882 476 alendam
912 422 1148 478 lidelium
1191 425 1444 494 pietatem
1488 435 1543 480 et
1569 426 1741 496 magis
1792 424 2255 481 accommodatam
2288 425 2609 482 Christianae
2639 427 2919 496 religioni,
2957 441 3076 495 quae
3114 425 3427 480 adoratores
3446 423 3624 492 exigit

384 509 440 563 in
475 510 668 580 spiritu
703 521 757 567 et
789 514 1042 580 veritate;
1074 524 1186 569 tum
1209 518 1374 570 etiam
1395 519 1520 587 quia
1555 517 1779 571 omninn
1821 516 2186 571 necessariam
2232 531 2352 571 esse
2397 518 2688 572 censebant
2720 526 2924 573 reclam
2970 515 3371 587 Scripturarum
3411 513 3619 568 intelli-

383 606 640 678 gentiam,
687 624 809 663 eum
843 610 1091 680 quaedam
1145 611 1200 666 in
1241 610 1420 667 Veteri
1454 611 1806 668 Testamento
1840 621 2154 674 occurrant,
2185 626 2306 682 quae
2342 611 2446 666 nisi
2496 611 2755 681 spiritalis
2799 610 3170 679 interpretatio
3197 609 3521 664 adhibeatur
3554 609 3616 662 in

385 699 681 756 absurdum
718 717 939 758 sensum
965 705 1135 775 accipi
1165 714 1414 775 possunt.
1446 705 1641 769 Altera,
1665 715 1845 760 autem
1876 705 2017 759 haud
2045 705 2208 759 dubie
2245 720 2308 758 ea
2335 712 2437 768 est,
2473 705 2600 772 quia
2633 719 2728 773 per
2761 704 2810 758 id
2837 712 3050 772 tempus
3076 710 3263 756 exorta
3287 710 3403 756 erat
3432 701 3609 754 haere-

383 790 461 848 sis
493 791 896 859 Gnosticorum,
932 796 1026 865 qui
1057 796 1446 851 catholicorum
1483 795 1773 866 magistros
1805 804 1858 849 et
1885 795 2154 858 doctores,
2186 795 2346 849 veluti
2386 795 2548 848 rudes
2581 801 2742 861 atque
2775 792 3052 862 imperitos
3086 792 3452 860 traducentes,
3485 807 3615 862 spe-

385 886 466 942 cie
481 888 714 956 quadam
745 887 1077 943 sublimioris
1105 888 1346 944 scientiae
1376 887 1442 942 ad
1474 902 1532 942 se
1561 886 1870 941 alliciebant
1895 885 2262 952 Christianos,
2298 895 2352 941 et
2373 885 2529 940 novis
2558 884 2867 954 allegoricis
2896 885 3432 954 interpretationibus
3455 887 3613 940 adul-

385 987 624 1035 terantes
647 978 982 1047 Scripturas,
1007 975 1221 1032 fabulas
1253 992 1383 1032 suas
1431 992 1528 1046 pro
1565 990 1701 1029 nova
1739 975 1976 1044 quadam
2015 975 2406 1045 reconditaque
2443 975 2692 1030 doctrina
2730 975 3107 1040 venditabant,
3136 985 3190 1030 et
3224 991 3330 1031 non
3363 993 3520 1034 secus
3547 995 3617 1034 ac

386 1070 646 1130 Pharisaei
672 1074 725 1127 in
761 1071 929 1128 veteri
968 1071 1084 1142 lege
1123 1085 1339 1126 errores
1379 1086 1508 1126 suos
1552 1085 1616 1124 ac
1646 1069 2000 1124 deliramenta
2049 1069 2474 1139 simplicioribus
2511 1069 2890 1124 obtrudebant.
2922 1067 3170 1124 Profecto
3211 1068 3599 1125 Gnosticorum

386 1163 608 1220 haeresis
634 1178 664 1217 a
693 1161 1092 1217 Pharisaeorum
1117 1160 1402 1227 fermento,
1435 1177 1464 1215 a
1496 1176 1605 1230 quo
1630 1169 1688 1214 ut
1719 1169 1992 1224 caverent,
2021 1161 2296 1230 apostolos
2325 1162 2538 1215 monuit
2561 1161 2810 1216 Christus
2832 1160 3114 1228 Dominus,
3150 1162 3414 1233 originem
3441 1179 3609 1218 suam

383 1254 633 1314 ducebat.
679 1255 860 1324 Neque
882 1256 1024 1309 enim
1069 1253 1448 1310 Gnosticorum
1485 1253 1986 1324 pseudo-theologia
2025 1252 2172 1307 aliud
2199 1262 2335 1320 erat,
2359 1262 2418 1308 ut
2443 1255 2606 1309 etiam
2647 1255 2735 1308 alii
2767 1253 3141 1318 observarunt,
3176 1270 3340 1324 quam
3369 1255 3615 1324 philoso-

384 1350 508 1420 phia
537 1347 916 1419 Pythagorica,
941 1358 1102 1416 atque
1126 1345 1288 1401 etiam
1312 1345 1607 1412 Platonica,
1635 1354 1692 1400 ut
1724 1345 1793 1399 ab
1824 1343 2064 1400 Hebraeis
2101 1343 2385 1399 kabalistis
2433 1346 2680 1415 exposita
2700 1354 2754 1400 et
2783 1345 3102 1415 interpolata
3131 1355 3236 1413 est,
3272 1356 3326 1401 et
3358 1347 3613 1417 pluribus

389 1443 606 1508 additis,
632 1440 883 1506 inversis,
907 1441 1221 1510 amputatis,
1257 1456 1363 1496 non
1394 1455 1587 1510 parum
1622 1439 1928 1494 immutata.
1961 1438 2096 1494 Nam
2143 1438 2458 1495 Iudaeorum
2497 1437 2720 1506 Kabala,
2750 1438 2817 1494 de
2853 1453 2958 1510 qua
2993 1439 3149 1509 plura
3177 1439 3425 1510 superius
3459 1440 3606 1508 dixi,

381 1533 836 1604 quemadmodum
861 1541 916 1587 et
947 1531 1139 1601 primis
1169 1530 1427 1587 Ecclesiae
1455 1530 1669 1587 saeculis
1695 1546 1724 1585 a
1757 1530 2003 1586 rabbinis
2041 1532 2373 1599 tradebatur,
2411 1539 2570 1602 atque
2600 1532 2892 1586 etiamnum
2924 1545 2955 1584 a
2989 1531 3265 1588 nonnullis
3298 1534 3613 1588 rabbinicaa

381 1640 501 1680 rum
529 1624 880 1680 traditionum
910 1623 1186 1694 magistris
1219 1623 1449 1678 traditur
1481 1623 1618 1694 (55),
1649 1623 1763 1693 agit
1807 1624 2153 1694 potissimum
2194 1625 2260 1680 de
2297 1641 2480 1680 rerum
2516 1624 2726 1694 origine
2755 1633 2809 1680 et
2843 1625 3074 1688 ratione,
3101 1639 3164 1680 ac
3198 1625 3357 1680 modo
3382 1641 3612 1696 genera-

381 1717 545 1774 tionis
569 1732 661 1772 seu
688 1715 1091 1788 progressionis
1124 1724 1177 1770 et
1210 1713 1391 1769 ﬂuxus
1420 1729 1602 1769 rerum
1646 1731 1676 1770 a
1704 1717 1880 1785 primo
1923 1728 2062 1783 ante,
2092 1729 2146 1774 et
2181 1719 2250 1775 de
2286 1719 2597 1775 earumdem
2637 1734 2817 1773 rerum
2861 1718 3118 1791 gradibus
3156 1719 3530 1790 descensuque
3578 1738 3611 1777 a

381 1811 612 1868 summis
635 1811 699 1865 ad
725 1810 855 1865 ima.
889 1807 1008 1865 Non
1041 1818 1222 1864 autem
1249 1808 1516 1864 dissimile
1543 1807 1647 1863 fuit
1686 1809 1958 1867 Gnosticae
2001 1813 2515 1884 pseudo-theologia:
2550 1821 2952 1883 argumentum,
2987 1820 3047 1866 ut
3072 1812 3255 1867 videre
3301 1811 3425 1867 licet
3465 1814 3611 1882 apud

380 1906 644 1958 Irenaeum
672 1910 726 1958 et
755 1901 897 1972 apud
926 1900 1314 1971 Epiphanium,
1343 1900 1592 1970 aliosque
1639 1908 1850 1958 veteres
1882 1902 2139 1959 Ecclesiae
2174 1903 2497 1974 fscriptores.
2525 1901 2660 1958 'Non
2699 1913 2806 1957 tam
2857 1902 3147 1959 Cnosticos
3191 1919 3354 1974 quam
3397 1913 3608 1961 veteres

380 1995 686 2052 Kabalistas
710 1994 856 2050 circa
887 1993 1024 2048 duos
1055 1992 1400 2062 potissimum
1431 1999 1678 2049 versatos
1703 1993 1872 2049 fuisse
1892 1994 2027 2065 (56),
2058 2011 2125 2050 ex
2155 2005 2398 2051 veterum
2434 1996 2672 2066 scriptis,
2689 2009 2810 2065 quae
2833 1993 2899 2049 ad
2923 2009 3023 2049 nos
3044 2002 3422 2065 pervenerunt,
3454 2012 3602 2051 com-

379 2093 604 2164 peritur.
633 2090 894 2154 Primum,
921 2099 982 2143 ut
1009 2085 1272 2142 fabulosis
1301 2086 1418 2142 suis
1443 2087 1768 2142 commentis
1799 2097 2152 2158 exponerent,
2184 2104 2294 2158 quo
2324 2088 2532 2152 ordine,
2567 2096 2622 2143 et
2651 2103 2759 2158 qua
2789 2087 2929 2142 serie
2954 2101 3040 2142 res
3067 2101 3257 2142 omnes
3283 2103 3314 2142 a
3342 2087 3451 2142 Deo
3473 2088 3605 2155 sint,

378 2197 641 2260 tanquam
667 2202 697 2242 a
730 2184 904 2258 prima
935 2197 1121 2246 causn,
1159 2195 1281 2250 qua:
1315 2179 1626 2234 necessario
1653 2178 1895 2245 exsistit;
1922 2180 2243 2246 secundum,
2269 2189 2326 2235 ut
2368 2181 2716 2236 ostenderent
2741 2194 2963 2235 causam
2995 2178 3221 2248 primam
3254 2190 3307 2234 et
3335 2179 3601 2250 originem

379 2281 531 2336 mali.
560 2279 716 2346 Quod
749 2279 816 2334 de
841 2273 1116 2334 Gnosticis
1142 2271 1431 2327 manifesto
1482 2278 1696 2326 constat
1721 2286 1787 2326 ex
1814 2271 2057 2340 ejusdem
2086 2271 2258 2326 sancti
2289 2269 2474 2326 lrenaei
2505 2270 2659 2327 libris
2695 2270 2956 2324 Adversus
3007 2269 3248 2335 hwreses,
3307 2271 3396 2326 ubi
3440 2269 3614 2327 refert

377 2370 528 2441 impii
559 2368 832 2424 Valentini
867 2383 1104 2424 errores.
1143 2367 1217 2424 De
1241 2366 1534 2423 Kabalistis
1565 2382 1696 2424 vero
1725 2382 1790 2423 ex
1821 2384 2010 2424 eorum
2042 2369 2196 2424 libris
2234 2369 2330 2440 qui
2364 2368 2430 2423 ad
2462 2384 2564 2424 nos
2596 2377 2976 2438 pervenerunt,
3005 2376 3059 2423 et
3092 2368 3291 2438 quibus
3334 2369 3612 2438 explican-

376 2459 462 2516 dis
487 2474 594 2514 non
624 2459 798 2515 solum
835 2460 936 2530 ipsi
967 2457 1160 2524 Judaei,
1187 2458 1281 2514 sed
1312 2459 1476 2514 etiam
1513 2457 1680 2528 aliqui
1728 2459 1928 2514 eruditi
1958 2459 2061 2514 viri
2105 2475 2170 2516 ex
2213 2459 2543 2515 Christianis
2571 2459 2826 2514 inanibus
2859 2461 3024 2514 variae
3057 2461 3296 2517 scientiae
3323 2463 3611 2532 promissis

375 2557 607 2627 decepti,
631 2573 698 2611 ex
741 2555 1098 2627 aenigmaticis
1144 2555 1396 2611 sensibus
1430 2569 1494 2609 ac
1535 2553 1822 2626 praestigiis
1860 2555 2008 2611 illusi
2047 2555 2435 2611 allaborarunt.
2469 2554 2721 2611 Profecto
2758 2556 2919 2626 primi
2962 2554 3343 2612 Gnosticorum
3383 2557 3609 2613 haeresis

377 2658 630 2704 auctores
670 2648 842 2704 Judaei
879 2648 1118 2714 fuerunt,
1152 2663 1217 2704 ac
1249 2647 1478 2719 proinde
1510 2646 1565 2700 in
1593 2645 1932 2703 kabalisticis
1962 2646 2163 2703 fabulis
2199 2657 2256 2704 et
2288 2648 2672 2718 aenigmatibus
2713 2650 2932 2704 versati.
2960 2650 3146 2719 Itaque
3184 2650 3261 2703 nil
3299 2650 3494 2704 mirum
3523 2663 3611 2706 est

377 2743 426 2798 si
447 2740 712 2808 Gnostici,
742 2756 965 2797 suorum
988 2742 1372 2812 magistrorum
1398 2741 1740 2811 aenigmatica
1773 2741 2020 2796 doctrina
2053 2739 2270 2806 imbuti,
2313 2755 2500 2795 sacras
2542 2738 2852 2810 Scripturas
2880 2740 3260 2811 aenigmatihus
3294 2749 3456 2810 atque
3487 2757 3610 2796 am-

377 2835 603 2907 bagibus
645 2835 1240 2908 verborum,-mysticis
1287 2843 1449 2905 atque
1486 2834 1678 2890 alienis
1705 2835 1956 2890 sensibus
2002 2833 2505 2904 interpretarentur,
2529 2841 2584 2888 et
2622 2834 2715 2889 Dei
2741 2833 2979 2890 Verbum
3021 2833 3285 2890 fabulosis
3315 2836 3430 2891 suis
3461 2849 3610 2890 com-

376 2931 576 2988 mentis
600 2941 1034 3002 corrumperent.
1073 2931 1438 2999 Quamobrem
1469 2929 1681 3000 antiqui
1711 2928 1786 2984 illi
1817 2930 2116 3000 primorum
2152 2930 2474 2985 saeculorum
2513 2929 2716 2998 Patres,
2745 2938 2804 2986 ut
2848 2928 3232 2985 Gnosticorum
3274 2930 3605 3000 impietatem

376 3034 431 3080 et
455 3024 741 3080 audaciam
773 3026 827 3080 in
851 3023 1156 3080 adulterina
1181 3037 1245 3077 ac
1277 3035 1533 3092 perversa
1569 3017 1730 3074 Verbi
1765 3019 1859 3076 Dei
1893 3021 2338 3090 interpretatione
2369 3020 2596 3077 rudibus
2625 3037 2688 3076 ac
2720 3021 3058 3091 simplicibus
3084 3023 3418 3080 obtrudenda
3445 3036 3602 3077 coer—

376 3125 584 3185 cerent,
619 3125 674 3172 et
701 3114 972 3186 pestiferae
995 3129 1186 3170 eorum
1214 3111 1477 3166 doctrinae
1500 3110 1809 3165 clanculum
1844 3110 2083 3178 serpenti
2115 3111 2330 3165 obviam
2365 3111 2526 3175 irent,
2559 3110 2933 3182 investigando
2960 3112 3302 3182 potissimum
3327 3125 3608 3170 sacrarum

381 3210 789 3280 Scripturarum
840 3207 1071 3279 mystico
1118 3205 1303 3262 sensui
1331 3205 1573 3260 studium
1603 3218 1766 3259 omne
1809 3217 1874 3257 ac
1919 3202 2250 3274 diligentiam
2285 3203 2650 3258 adhibuerunt
2685 3212 2738 3258 et
2776 3219 3119 3274 summopere
3148 3214 3428 3268 curarunt,
3458 3204 3604 3274 quod

376 3301 665 3372 pastoralis
685 3315 874 3356 eorum
898 3298 1142 3354 muneris
1170 3295 1504 3368 praecipuum
1537 3302 1675 3361 erat,
1708 3302 1768 3348 ut
1802 3292 2208 3362 Scripturarum
2245 3292 2534 3363 allegorico
2571 3308 2736 3348 sensu
2771 3293 2925 3363 juxta
2962 3293 3214 3352 Ecclesiae
3241 3295 3308 3350 ab
3335 3294 3600 3364 apostolis

378 3402 654 3465 acceptam
680 3392 1008 3460 doctrinam,
1037 3401 1091 3447 et
1113 3390 1570 3462 praedecessorum
1608 3387 1822 3459 regulas
1854 3387 2126 3458 exposito,
2164 3386 2550 3444 Gnosticorum
2578 3388 2900 3444 commentis
2929 3405 2992 3445 ac
3012 3388 3212 3446 fabulis
3234 3389 3491 3460 spiritalis
3521 3391 3610 3444 in-

381 3485 785 3557 terpretationis
803 3484 1087 3540 veritatem
1115 3489 1471 3553 opponerent.
1501 3479 1632 3547 Quae
1657 3494 1782 3535 cum
1809 3479 1882 3534 ita
1908 3478 2040 3545 sint,
2072 3487 2131 3534 ut
2158 3481 2349 3549 paucis
2383 3479 2730 3544 concludam,
2757 3483 3029 3536 neminem
3063 3496 3183 3537 esse
3204 3492 3356 3552 puto,
3379 3483 3470 3552 qui
3499 3497 3620 3539 non

380 3579 665 3651 intelligat,
693 3578 1112 3649 explicationem
1144 3575 1535 3632 Hebraicorum
1573 3573 1862 3628 nominum
1899 3582 1954 3629 et
1985 3573 2331 3643 allegoricam
2365 3572 2767 3644 Scripturarum
2807 3576 3301 3646 interpretationem
3337 3588 3390 3632 et
3413 3579 3606 3647 patriae

377 3680 542 3742 atque
584 3669 835 3725 instituto
883 3665 1191 3734 Athanasii,
1227 3673 1340 3721 tum
1389 3665 1554 3721 etiam
1586 3665 1704 3736 ejus
1739 3664 1887 3720 aetati
1914 3679 1978 3719 ac
2002 3663 2263 3720 doctrinae
2305 3664 2600 3720 admodum
2645 3676 3066 3723 cousentaueam
3098 3684 3237 3734 esse,
3277 3671 3613 3741 minimeque

376 3763 678 3819 adversari.

447 3855 682 3910 XXVIII.
727 3854 926 3910 Verum
968 3870 1066 3925 per
1104 3855 1290 3910 eadem
1332 3862 1596 3923 tempora,
1654 3852 1855 3922 quibus
1896 3851 2095 3907 claruit
2135 3851 2494 3917 Athanasius,
2544 3861 2734 3909 exorta
2787 3857 2942 3926 lmpii
2986 3857 3099 3911 Arii
3137 3856 3352 3924 haeresi,
3394 3873 3621 3915 necesse

378 3953 483 4008 fuit
517 3951 828 4008 accuratius
871 3951 1160 4006 litteralem
1217 3949 1624 4019 Scripturarum
1672 3964 1895 4004 sensum
1939 3956 2194 4005 excutere
2242 3957 2405 4018 atque
2448 3948 2762 4019 explicare;
2792 3952 3048 4022 quoniam
3081 3952 3265 4006 Ariani
3301 3961 3620 4008 contextum

378 4047 787 4116 Scripturarum
841 4045 1064 4102 subdole
1116 4047 1590 4117 interpungentes,
1644 4046 1730 4101 vel
1772 4046 1881 4100 vim
1938 4047 2229 4101 verborum
2287 4055 2464 4101 astute
2514 4061 2578 4101 ac
2621 4047 2889 4102 subtiliter
2933 4058 3289 4118 exponentes,
3332 4065 3619 4104 sacrarum

378 4139 787 4210 Scripturarum
820 4140 1144 4194 auctoritate
1174 4139 1240 4193 ad
1269 4153 1382 4193 suae
1413 4139 1706 4209 impietatis
1745 4139 2214 4194 conﬁrmationem
2263 4139 2649 4195 abutebantur.
2689 4138 2874 4211 Itaque
2905 4143 3058 4197 novis
3095 4140 3325 4196 subinde
3354 4157 3624 4196 enascen-

379 4232 525 4286 tibus
551 4230 853 4297 erroribus,
903 4238 960 4285 et
991 4230 1131 4284 inter
1184 4229 1530 4286 Christianos
1584 4229 1968 4286 eﬂervcscente
2026 4230 2415 4300 disputatione,
2499 4245 2624 4285 cum
2678 4231 2770 4285 alii
2820 4246 2919 4302 pro
2977 4233 3222 4296 veritate,
3277 4231 3367 4285 alii
3427 4241 3623 4285 contra

375 4331 605 4390 starent,
646 4333 700 4378 et
747 4322 962 4392 utrique
1014 4323 1068 4376 in
1121 4322 1374 4377 humanis
1415 4322 1756 4392 disciplinis,
1801 4332 1855 4379 et
1907 4323 2190 4379 dialectica
2239 4322 2528 4392 facultate,
2566 4336 2621 4381 et
2670 4322 3072 4395 Scripturarum
3106 4325 3337 4380 lectione
3373 4325 3623 4394 apprime

374 4417 576 4473 versati
617 4424 823 4483 essent,
868 4425 1233 4486 accurateque
1275 4416 1556 4485 proprium
1608 4413 2015 4488 Scripturarum
2055 4432 2280 4473 sensum
2331 4419 2397 4474 ad
2446 4420 2816 4491 grammaticae
2857 4421 3000 4489 leges
3039 4420 3402 4491 expenderent
3453 4429 3622 4490 atque

375 4511 672 4580 exigerent,
706 4509 760 4563 in
788 4523 952 4564 causa
991 4507 1096 4563 fuit
1135 4524 1235 4564 cur
1270 4507 1488 4574 deinde,
1528 4508 1916 4579 disputationis
1967 4509 2292 4566 necessitate
2325 4511 2606 4580 suadente,
2639 4512 2889 4568 litteralis
2917 4510 3322 4582 Scripturarum
3349 4513 3623 4581 expositio

377 4618 481 4657 usu
507 4611 719 4671 recepta
755 4602 810 4657 in
839 4601 1061 4658 Oriente
1092 4602 1184 4669 sit,
1211 4601 1267 4655 in
1297 4617 1404 4672 qua
1431 4601 1569 4656 inter
1606 4600 1906 4656 catholicos
1955 4603 2205 4658 doctores
2229 4604 2489 4659 excelluit
2513 4603 2571 4659 S.
2607 4603 2846 4660 Joannes
2874 4605 3320 4677 Chrysostomus.
3359 4602 3518 4665 Nam.
3557 4615 3621 4659 ut

374 4695 653 4751 memoriae
688 4695 944 4750 traditum
972 4706 1056 4751 est
1088 4695 1225 4767 (57),
1257 4707 1311 4752 et
1332 4697 1556 4751 Patrum
1582 4697 1786 4767 scripta
1813 4711 1936 4766 quae
1959 4697 2026 4752 ad
2058 4715 2158 4754 nos
2197 4701 2520 4756 transmissa
2555 4711 2703 4765 sunt,
2733 4700 3046 4770 ostendunt,
3080 4703 3132 4756 in
3169 4701 3385 4756 Iitterali
3422 4717 3608 4756 sacra-

383 4801 506 4841 rum
537 4785 942 4856 Scripturarum
984 4789 1428 4858 interpretatione
1454 4787 1692 4842 maxime
1720 4788 1904 4842 ﬂoruit
1934 4789 2122 4844 schola
2149 4789 2508 4846 Antiochena.
2547 4790 2825 4863 Siquidem
2859 4789 3124 4849 Eusebius
3171 4792 3474 4857 Emisenus,
3512 4795 3612 4865 qui

375 4882 666 4954 magistros
699 4881 887 4936 habuit
923 4880 1295 4952 PatrOphilum
1342 4880 1852 4952 Scythopolitanum
1878 4891 1932 4936 et
1971 4880 2268 4938 Eusebium
2311 4883 2723 4952 Caesariensem,
2751 4888 3051 4943 Antiochiae
3074 4889 3183 4954 diu
3231 4900 3472 4943 versatus
3506 4899 3616 4956 est,

374 4981 561 5051 ibique
631 4983 817 5045 etiam,
868 4990 926 5033 ut
971 4989 1122 5049 puto,
1161 4979 1372 5044 docuit,
1424 4977 1768 5032 familiariter
1807 4994 1940 5034 usus
1969 4977 2310 5050 =Euphronio
2335 4993 2386 5035 et
2430 4981 2655 5038 Flacillo
2696 4983 2942 5054 ejusdem
2989 4985 3139 5039 urbis
3179 4985 3449 5055 episcopis
3477 4985 3619 5055 (58).

375 5071 638 5142 Exemplo
667 5081 848 5126 autem
883 5081 937 5126 et
967 5071 1311 5126 institutione
1341 5069 1565 5124 Eusebii
1592 5069 1900 5135 historiam,
1923 5072 2031 5126 hoc
2065 5085 2151 5127 est
2183 5087 2404 5128 sensum
2436 5075 2724 5130 litteralcm
2756 5076 2851 5145 (ita
2879 5076 3022 5130 enim
3056 5076 3397 5146 intelligenda
3426 5075 3620 5130 viden-

380 5173 472 5218 tur
514 5165 679 5219 verba
728 5163 1064 5236 Hieronymi,
1112 5183 1234 5235 quae
1266 5164 1495 5220 inferius
1535 5163 1805 5237 aﬂ‘eram),
1850 5165 2096 5223 studiose
2131 5179 2456 5238 prosecutus
2485 5179 2570 5225 est
2607 5167 2874 5225 Diodorus
2916 5167 3221 5235 Tarsensis,
3257 5169 3512 5239 magister
3557 5168 3618 5224 S.

384 5256 613 5316 Joannis
641 5259 1050 5331 Chrysostomi,
1077 5259 1352 5316 Theodori
1371 5259 1764 5331 Mopsuesteni,
1793 5260 2015 5318 Maximi
2039 5263 2427 5332 Seleuciensis,
2463 5274 2514 5320 ct
2535 5263 2771 5322 Nestorii
2803 5263 3210 5336 (59-60),quem
3229 5271 3408 5318 tamen
3437 5261 3625 5332 potius

447 5441 561 5515 (ξῦ)
584 5441 819 5515 _l_iuruet.
850 5444 1178 5515 Archwolog.
1211 5443 1402 5513 philos.
1433 5460 1482 5498 c.
1513 5443 1565 5497 7.

444 5511 557 5583 (56)
584 5511 822 5583 Vitring,
843 5513 1055 5568 Observ.
1088 5511 1250 5581 sam,
1273 5516 1494 5570 dissert.
1522 5531 1584 5578 ιι,
1617 5514 1709 5568 Ιιιι.
1741 5531 1779 5580 ι,
1818 5515 1940 5578 αἳ,
1985 5515 2040 5568 in
2076 5523 2188 5565 not.

447 5580 562 5652 (57)
593 5581 747 5637 Socr.
765 5580 923 5637 Ἦὶδι.
963 5585 1090 5639 eccl.
1126 5580 1313 5652 Ιίιιέιι,
1345 5603 1394 5640 c.
1427 5584 1479 5639 9.
1855 5629 1860 5638 .

472 5651 558 5722 58)
593 5652 812 5708 Sozom.
848 5655 991 5709 Hist.
1025 5656 1177 5720 eccl.,
1211 5651 1305 5711 lib.
1333 5671 1417 5719 Ill,
1440 5671 1488 5711 c.
1513 5654 1580 5722 6;
1615 5655 1765 5710 Socr.
1801 5653 1942 5712 (list.
1973 5653 2125 5718 εει-ιη
2161 5652 2237 5706 lib
2271 5667 2342 5722 vt,
2371 5666 2418 5704 c.
2455 5652 2492 5705 5

472 5656 558 5720 58)
593 5656 812 5708 Sozom.
848 5656 991 5709 Hist.
1025 5656 1177 5720 cccl.,
1211 5656 1304 5711 lib.
1333 5671 1417 5719 Ill,
1440 5671 1488 5711 c.
1513 5656 1580 5722 6;
1615 5656 1765 5710 Socr.
1801 5656 1942 5712 (list.
1973 5656 2125 5718 each,
2161 5656 2237 5706 lib
2271 5667 2342 5709 vt.
2371 5666 2409 5704 c.

446 5656 666 5793 ltiti-60)
694 5727 913 5782 Sozom.
946 5725 1086 5781 Hist.
1125 5725 1278 5791 eccl.,
1320 5727 1413 5782 lib.
1449 5743 1570 5794 Vill,
1595 5744 1645 5784 c.
1680 5727 1746 5794 2;
1789 5725 1944 5782 Socr.
1979 5725 2074 5781 lib.
2113 5740 2212 5788 vn,
2247 5737 2296 5777 c.
2322 5721 2409 5776 9.9.
