3760 6270
125 239 234 296 629
858 243 946 299 DE
985 242 1262 346 TlTllLlS
1299 240 1754 302 PSALMORI‘JM.
1796 274 1867 284 —
1898 242 2286 302 ANTONELLI
2327 245 2713 302 PREFXTIO.
3277 249 3402 306 65th

120 354 520 424 Theodorum,
544 374 576 413 a
606 375 714 424 quo
737 360 900 416 etiam
927 377 1174 419 errorum
1198 377 1423 418 suorum
1463 364 1616 419 virus
1663 362 1868 428 hausit,
1901 363 1982 419 vel
2016 370 2162 420 certe
2197 373 2488 436 utrumque
2525 365 2802 421 audivisse
2831 366 3178 423 crediderim.
3215 367 3382 425 Joan—

121 465 224 506 nes
273 450 514 518 quidem
571 450 998 522 Chrysostomus
1041 470 1071 509 a
1122 454 1183 510 Β.
1214 453 1548 527 Hieronymo
1594 464 1824 510 vocatur
1882 455 1992 527 (6t)
2045 473 2064 508 ι
2106 455 2324 512 Eusebii
2378 456 2641 521 Emiseni,
2681 455 3016 528 Diodorique
3057 467 3316 515 sectator.
3357 477 3381 515 ι

120 541 494 598 Theodorum
526 559 658 600 vero
690 545 1127 614 Mopsuestenum
1170 547 1508 619 inauspicato
1558 548 1880 619 magistrum
1926 549 2118 604 habuit
2160 549 2534 607 Theodoretus
2571 549 2860 621 episcopus
2888 549 3038 622 Cyri,
3079 551 3174 622 qui
3225 562 3278 606 et
3324 551 3382 608 S.

120 632 398 690 Joannem
436 635 896 708 Chrysostomum
928 638 1157 700 audivit,
1189 639 1414 708 ejusque
1445 637 1808 708 eloquentiam
1843 639 2086 695 imitatus
2109 649 2194 696 est
2229 659 2244 708 ;
2272 641 2556 697 amborum
2596 651 2775 697 autem
2821 643 3137 698 meminisse
3177 644 3388 701 videtur

120 735 178 786 in
207 732 545 802 praefatione
575 749 800 790 suorum
835 735 1351 790 commentariorum
1383 737 1451 789 ad
1477 735 1745 805 Epistolas
1768 735 1950 802 Pauli,
1979 738 2072 792 ubi
2098 738 2172 793 ait
2206 757 2218 793 :
2257 759 2274 788 ι
2300 737 2404 793 Sed
2434 740 2666 796 fortasse
2686 756 2772 795 me
2799 741 3121 809 arrogantia
3142 751 3196 796 et
3219 752 3391 798 teme-

121 829 308 883 ritatis
331 829 706 895 accusabunt,
737 829 884 901 quod
913 840 1032 900 post
1061 831 1208 886 hunc
1233 839 1286 886 et
1316 830 1492 896 illum,
1523 831 1616 902 qui
1647 831 1817 886 totius
1859 832 2009 887 orbis
2040 841 2170 888 sunt
2215 833 2446 897 lumina,
2483 834 2712 889 audeam
2740 835 3094 904 apostolicam
3122 836 3390 906 interpre-

121 925 389 978 tationem
427 925 674 996 aggredi.
716 925 856 980 Ἀλλ’
878 926 1165 990 αὐθαδείας
1202 944 1268 997 με
1296 927 1477 998 τυχὸν,
1508 927 1601 982 καὶ
1633 925 1971 999 θρασύτητος
1997 929 2320 1000 γράφονται,
2351 929 2488 999 μετά
2509 928 2599 982 τὸν
2617 929 2763 983 δεῖνα
2793 931 2918 993 τοὺς
2943 930 3042 1000 τῆς
3067 929 3391 1001 οἰκουμένης

122 1019 452 1088 ςωστῆρας,
483 1019 588 1089 τῆς
607 1019 970 1091 ἁποστολικῆς
997 1020 1294 1091 ἑρμηνείας
1323 1021 1607 1092 κατατολμι

1918 1021 2189 1078 Theodori
2221 1021 2454 1092 quidem
2497 1020 2841 1092 MOpsuestia
2873 1021 3133 1092 episc0pi,
3179 1030 3234 1078 et
3265 1037 3389 1080 ma-

124 1110 282 1178 gistri
321 1111 413 1164 sui
452 1126 675 1166 errores
698 1111 862 1164 etiam
897 1111 1117 1182 scriptis
1139 1112 1402 1168 adversus
1429 1113 1486 1167 S.
1516 1113 1781 1185 Cyrillum
1816 1114 2013 1169 libellis
2056 1113 2343 1169 infeliciter
2375 1122 2581 1190 tutatus
2605 1123 2710 1175 est,
2739 1112 3104 1182 laudibusque
3131 1113 3384 1168 immodi-

123 1201 208 1256 cis
231 1203 282 1255 in
313 1218 419 1256 sua
463 1201 842 1257 Ecclesiastica
863 1203 1086 1258 historia
1112 1205 1327 1260 ornavit
1351 1204 1486 1275 (62).
1520 1205 1594 1260 De
1627 1205 1860 1263 Diodoro
1890 1214 2070 1260 autem
2108 1205 2367 1262 Tarsensi
2396 1207 2512 1262 hac
2544 1206 2822 1261 memoria
2861 1206 3082 1260 tradidit
3117 1205 3384 1278 Hierony-

127 1309 251 1349 mus
287 1295 408 1366 (63)
443 1313 458 1349 :
505 1315 525 1347 ι
571 1295 801 1352 Exstant
839 1297 958 1368 ejus
987 1297 1040 1352 in
1065 1297 1379 1368 Apostolum
1404 1299 1804 1360 commentarii,
1836 1309 1887 1355 et
1913 1298 2083 1354 multa
2113 1298 2215 1353 alia
2253 1299 2320 1352 ad
2357 1297 2576 1354 Eusebii
2617 1298 2791 1370 magis
2824 1296 3062 1353 Emiseni
3107 1293 3388 1353 characte-

125 1404 234 1444 rem
260 1389 604 1457 pertinentia
640 1412 651 1446 :
681 1391 840 1461 cujus
887 1407 1012 1447 cum
1057 1407 1276 1448 sensum
1320 1401 1542 1447 secutus
1583 1391 1674 1456 sit,
1709 1392 2075 1463 eloquentiam
2121 1391 2324 1446 imitari
2368 1405 2480 1446 non
2522 1393 2699 1462 potuit
2733 1400 2956 1462 propter
3011 1389 3381 1460 ignorantiam

123 1485 484 1540 mularium
535 1485 863 1542 litterarum.
903 1505 921 1538 ι
955 1486 1090 1541 Cum
1122 1486 1448 1559 Hieronymo
1487 1489 1834 1544 consentiunt
1865 1487 2120 1542 Socrates
2166 1487 2304 1559 (64),
2358 1504 2422 1543 ac
2469 1486 2808 1544 Sozomenus
2856 1488 2991 1559 (65),
3019 1503 3251 1559 quorum
3275 1487 3390 1556 pri-

123 1593 245 1632 mus
284 1595 298 1630 :
347 1595 368 1628 ‹
427 1575 725 1643 Diodorus,
768 1597 786 1630 ι
824 1579 1018 1648 inquit,
1051 1598 1070 1629 ι
1097 1578 1164 1632 ad
1197 1579 1566 1648 episcopatum
1591 1577 1744 1634 Tarsi
1777 1587 2060 1649 promotus
2086 1578 2285 1633 multos
2320 1579 2648 1648 conscripsit
2676 1579 2866 1641 libros,
2904 1577 3207 1647 simplicem
3248 1575 3388 1630 dun-

123 1677 290 1735 taxat,
320 1679 500 1739 atque
529 1669 752 1725 obvium
778 1669 1182 1741 Scripturarum
1206 1687 1425 1728 sensum
1453 1673 1754 1742 inquirens,
1783 1673 2132 1740 allegoricam
2152 1687 2280 1726 vero
2299 1687 2484 1726 earum
2511 1672 3011 1741 interpretationem
3037 1669 3331 1740 refugiens.
3363 1687 3384 1722 ι

121 1765 388 1838 Διόδωρος
414 1766 474 1819 δὲ
500 1766 798 1832 ἐπίσκοπος
830 1767 1044 1840 Ταρσοῦ
1070 1768 1361 1839 γενόμενος
1391 1768 1560 1822 πολλὰ
1596 1767 1773 1838 βιϐλία
1809 1767 2134 1841 συνέγραψε,
2158 1767 2304 1839 ψιλῷ
2347 1767 2425 1838 τῷ
2461 1767 2747 1839 γράμματι
2775 1767 2882 1821 τῶν
2913 1766 3070 1820 θείων
3106 1764 3388 1838 προσέχων

123 1859 382 1930 Γραφῶν,
414 1861 521 1925 τὰς
545 1861 776 1933 θεωρίας
795 1863 972 1918 αὐτῶν
999 1864 1420 1936 ἐκτρεπόμενος.
1456 1863 1608 1919 Alter

1930 1864 2201 1921 absimilia
2226 1863 2448 1919 tradidit
2475 1863 2722 1919 scribens
2755 1881 2768 1917 :
2800 1881 2818 1915 ι
2851 1863 3171 1928 Diodorum,
3201 1863 3294 1932 qui
3335 1869 3389 1916 et

124 1951 425 2008 Tarsensis
469 1955 733 2010 Ecclesia
778 1957 1067 2026 episcopus
1109 1955 1232 2020 fuit,
1279 1958 1503 2021 multos,
1541 1956 1747 2023 audivi,
1795 1957 1962 2013 libros
2003 1956 2238 2027 posteris
2283 1957 2518 2027 scriptos
2564 1957 2887 2026 reliquisse,
2932 1967 2988 2012 et
3029 1973 3185 2013 sacra
3233 1956 3388 2010 volu-

119 2051 269 2104 mina
291 2051 364 2105 ad
397 2050 641 2107 litteram
665 2053 1010 2123 exposuisse,
1033 2053 1331 2124 repudiatis
1352 2053 1604 2123 allegorii;

1906 2072 1944 2107 ιν
1962 2053 2052 2106 τὸν
2079 2053 2426 2125 ἡγησάμενον
2448 2053 2546 2124 τῆς
2569 2053 2626 2105 ἐν
2650 2051 2848 2125 Ταρσῷ
2871 2052 3164 2123 ἐκκλησίας
3181 2069 3194 2084 ⁸
3217 2053 3245 2106 ὃ
3267 2054 3391 2106 ὲπυ⁸

118 2145 295 2216 θόμην
331 2145 489 2199 ἰδίων
523 2147 970 2218 συγγραμμάτων
1002 2146 1204 2212 πολλὰς
1239 2147 1558 2202 καταλιπεῖν
1608 2146 1853 2217 βίϐλους·
1890 2147 2017 2217 περὶ
2060 2145 2116 2198 δὲ
2167 2145 2228 2199 τὸ
2259 2145 2419 2218 ῥητὸν
2452 2144 2559 2199 τῶν
2592 2144 2753 2218 ἱερῶν
2781 2145 2954 2215 λόγων
2984 2146 3080 2210 τὰς
3103 2146 3390 2218 ἐξηγήσεις

119 2237 488 2308 ποιήσασθαι,
507 2237 607 2302 τὰς
635 2237 868 2310 θεωρίας
894 2239 1292 2310 ἀποφεύγοντα.
1316 2239 1459 2307 Quin
1489 2240 1604 2295 etia‘

1903 2255 1934 2294 n
1981 2238 2277 2294 Diodorum
2309 2239 2472 2295 refert
2505 2237 2698 2294 Suiilas
2729 2238 2842 2311 (66)
2874 2239 3014 2294 inter
3041 2238 3177 2294 alios
3206 2241 3388 2308 plures

117 2330 322 2384 librum
348 2330 758 2399 composuisse,
791 2331 879 2386 eui
911 2332 1056 2386 hunc
1089 2333 1300 2387 titulum
1339 2331 1504 2387 fecit:
1537 2332 1602 2384 Τί

1929 2329 2162 2403 θεωρίας
2199 2331 2294 2384 καὶ
2325 2331 2693 2404 ἀλληγορίας;
2727 2349 2746 2383 ι
2783 2329 2916 2396 Qua
2968 2329 3271 2386 diﬂerentia
3317 2331 3389 2387 sit

117 2427 263 2481 inter
297 2427 584 2482 theoriam
625 2435 680 2482 et
715 2429 1030 2500 allegoriam
1061 2431 1084 2484 ‘l
1123 2449 1142 2481 ι
1176 2428 1462 2499 Ludolpho
1499 2426 1755 2493 Kustero,
1795 2428 1892 2499 qui
1924 2427 2310 2483 nitidissimam
2368 2425 2550 2482 Suida
2577 2427 2872 2483 editionem
2901 2426 3208 2493 adornavit,
3243 2440 3388 2496 aqua

118 2523 312 2588 baret,
349 2538 457 2579 nec
501 2521 662 2578 facile
690 2538 750 2578 se
777 2525 993 2594 expedit
1019 2523 1076 2577 in
1107 2523 1444 2590 assignando
1470 2521 1790 2577 discrimine
1821 2522 1965 2577 inter
2009 2521 2275 2576 theoriam
2318 2528 2374 2574 et
2403 2520 2740 2590 allegoriam.
2778 2519 2837 2574 In
2877 2521 3024 2577 notis
3058 2522 3226 2587 enim,
3261 2523 3390 2591 qui-

118 2615 224 2672 bus
265 2613 462 2671 Suida
496 2631 637 2686 opus
669 2616 981 2681 illustravit,
1021 2616 1085 2671 ad
1119 2616 1280 2670 verba
1322 2615 1412 2670 illa
1463 2613 1644 2671 Suida
1693 2615 1820 2669 talia
1862 2613 2097 2670 scribit:
2151 2631 2169 2663 ι
2205 2614 2438 2687 Θεωρία,
2474 2614 2682 2670 tbeoria
2717 2615 2880 2684 igitur
2927 2615 3054 2684 quid
3086 2615 3376 2685 signiﬁcet,

116 2712 250 2766 hinc
285 2718 467 2780 patet.
504 2711 588 2766 Ab
615 2726 680 2766 ea
720 2710 900 2766 differt
934 2711 1213 2782 allegoria,
1255 2709 1402 2780 quod
1438 2709 1554 2764 hac
1595 2711 1648 2764 in
1694 2707 2046 2764 inferioribus
2092 2707 2377 2774 subsistat,
2418 2725 2519 2765 nec
2548 2709 2603 2764 in
2648 2717 2756 2763 tam
2797 2709 3019 2763 sublimi
3065 2716 3389 2781 argumento

113 2818 382 2864 versetur
415 2822 584 2878 quam
618 2809 830 2864 tbeoria
865 2828 879 2865 :
915 2825 1037 2879 qua
1080 2809 1224 2864 ratio
1251 2817 1354 2872 est,
1395 2823 1568 2878 quare
1599 2808 1890 2871 Diodorus,
1934 2813 1996 2860 ut
2031 2791 2235 2861 Suida's
2265 2807 2355 2861 hic
2387 2815 2640 2872 testatur,
2663 2807 2731 2861 de
2764 2805 3066 2860 differentia
3093 2807 3316 2861 tbeoria
3337 2814 3392 2862 et

116 2903 406 2975 allegoria
441 2902 746 2972 scripserit.
787 2920 804 2954 ι
842 2901 956 2973 Ego
998 2917 1128 2957 vero
1166 2903 1420 2958 mendum
1450 2911 1582 2974 puto

1900 2908 2042 2963 extu,
2078 2907 2132 2953 et
2165 2913 2264 2968 pro
2297 2897 2529 2970 θεωρίας
2570 2913 2664 2954 seu
2713 2897 3050 2968 ἀλληγορίας
3099 2899 3385 2967 legendum

120 2997 398 3069 ἱστορίας,
431 2995 568 3050 adeo
596 3003 657 3050 ut
705 2994 896 3050 titulus
949 2995 1073 3049 libri
1119 2993 1328 3051 fuerit:
1381 2997 1477 3060 Τίς
1512 2996 1605 3049 διας

1897 2991 2016 3065 ρίας
2053 2991 2148 3046 καὶ
2182 2992 2440 3064 ἱστορίας,
2477 2991 2575 3046 vel~
2601 2990 2684 3054 τίς
2708 2989 2940 3062 διαφορὰ
2989 2989 3228 3060 ἱστορίας
3289 2991 3382 3044 καὶ

118 3089 490 3162 ἀλληγορίας.
538 3107 558 3140 ι
600 3088 676 3144 De
708 3089 1012 3144 differentia
1040 3105 1237 3145 sensus
1267 3089 1564 3161 allegorici,
1604 3101 1657 3146 et
1694 3087 1962 3144 litteralis.
2016 3105 2035 3140 ›
2076 3087 2211 3142 Nam
2243 3086 2385 3157 apud
2415 3085 2632 3142 Gracos
2661 3085 3062 3142 ecclesiasticos
3090 3085 3387 3156 scriptores

121 3187 365 3240 tbeoria
407 3183 634 3240 nomine
659 3183 954 3254 significari
991 3184 1346 3240 consuevisse
1381 3199 1604 3240 sensum
1658 3183 1957 3254 spiritalem
1994 3190 2048 3237 et
2093 3180 2443 3252 allegoricum
2484 3179 2834 3235 manifestum
2875 3179 2932 3234 fit
2971 3188 3086 3233 tum
3112 3193 3179 3232 ex
3209 3177 3389 3233 allatis

119 3270 318 3334 verbis
384 3277 634 3332 Socratis
697 3285 751 3331 et
800 3275 1112 3341 Sozomeni,
1176 3275 1519 3346 aliorumque
1579 3275 1938 3345 plurimorum
2011 3273 2372 3344 scriptorum',
2421 3281 2532 3327 tum
2573 3287 2639 3327 ex
2709 3271 2895 3328 multis
2932 3271 3068 3326 locis
3114 3272 3389 3343 hujusmet

118 3369 519 3427 comentarii
571 3367 628 3424 S.
669 3369 976 3424 Athanasii.
1010 3368 1052 3422 E
1074 3369 1292 3424 diverso
1321 3368 1559 3440 ἱστορίας
1593 3384 1688 3423 seu
1719 3367 1962 3423 historia
1988 3367 2208 3421 nomine
2243 3381 2464 3421 sensum
2493 3364 2781 3419 litteralem
2807 3374 2859 3420 et
2891 3363 3210 3420 historicum
3239 3364 3387 3419 Gra-

117 3482 226 3525 eos
255 3468 559 3536 scriptores
583 3480 950 3536 nuncupasse,
990 3480 1078 3520 res
1124 3464 1304 3520 notior
1332 3472 1435 3526 est,
1471 3455 1636 3534 quam
1681 3462 1789 3518 ulla
1833 3461 2155 3532 probatione
2187 3459 2606 3530 indigeat,'cum
2652 3459 2804 3528 plura
2829 3467 3070 3514 veterum
3098 3468 3384 3513 auctorum

121 3561 249 3616 loca
288 3559 360 3614 ad
390 3558 442 3613 id
481 3558 823 3627 probandum
869 3556 1126 3611 omnibus
1176 3556 1229 3610 iu
1264 3564 1517 3626 promptu
1567 3555 1677 3610 sint
1706 3553 1842 3624 (67).
1875 3551 1981 3608 Sed
2028 3550 2192 3607 redeo
2238 3551 2306 3605 ad
2358 3549 2775 3620 Hieronymum,
2826 3548 3053 3618 ejusque
3106 3548 3266 3601 verba
3319 3547 3388 3604 de

121 3651 373 3708 Eusebio
416 3650 671 3706 Emiseno
700 3649 942 3705 ati‘eram.
970 3647 1364 3705 Sanctissimus
1405 3648 1571 3720 igitur
1595 3647 1787 3703 doctor
1816 3647 1868 3701 in
1895 3642 2150 3714 Catalago
2177 3642 2408 3698 virorum
2450 3641 2738 3696 illustrium
2766 3639 2876 3711 (68)
2901 3641 2968 3695 de
2994 3639 3183 3696 eodem
3220 3637 3388 3693 Euse-

123 3747 244 3810 bio,
273 3759 439 3814 quem
464 3743 733 3799 Diodorus
761 3743 862 3797 sibi
890 3741 1228 3812 sequendum
1271 3741 1707 3810 imitandumque
1756 3736 2063 3809 proposuit,
2093 3735 2212 3791 hac
2239 3734 2435 3790 litteris
2471 3732 2753 3789 mandavit
2780 3752 2792 3788 :
2823 3751 2840 3785 ι
2872 3732 3142 3787 Eusebius
3178 3729 3384 3785 Emise-

124 3857 236 3898 nus
259 3841 553 3911 episcopus
585 3839 846 3910 elegantis
873 3847 927 3893 et
957 3837 1212 3894 rhetorici
1247 3836 1472 3908 ingenii,
1508 3834 1954 3896 innumerabiles,
1981 3840 2036 3889 et
2060 3830 2153 3902 qui
2182 3829 2259 3885 'ad
2296 3830 2550 3900 plausum
2583 3829 2767 3900 populi
2810 3829 3104 3898 pertinent,
3147 3823 3387 3882 confecit

134 3934 338 3995 libros.
372 3934 658 4004 magisque
690 3933 973 3989 historiam
1005 3940 1248 3996 secutus,
1280 3929 1348 3984 ab
1379 3928 1464 3984 his
1486 3927 1580 3997 qui
1608 3927 1915 3982 declamare
1949 3924 2158 3990 volunt,
2195 3923 2601 3980 studiosissime
2642 3921 2858 3991 legitur.
2901 3938 2920 3973 ι
2954 3919 3152 3975 Verum
3181 3921 3282 3974 hac
3315 3918 3384 3974 de

125 4046 196 4089 re
239 4028 391 4083 haud
420 4029 597 4098 plura,
628 4044 752 4084 cum
781 4027 847 4082 ad
882 4043 995 4083 rem
1030 4025 1364 4096 propositam
1397 4037 1589 4092 parum
1616 4020 1889 4092 pertinere
1921 4018 2176 4089 cuiquam
2210 4017 2381 4074 videri
2412 4017 2645 4089 possint.
2673 4015 2750 4072 Ac
2779 4031 2908 4071 vero
2937 4033 2967 4072 a
2999 4029 3085 4070 me
3119 4015 3233 4069 hac
3265 4027 3385 4067 om-

127 4124 223 4177 nia
263 4122 529 4176 hactenus
560 4133 626 4174 eo
669 4119 898 4175 consilio
929 4118 1204 4187 disputata
1237 4121 1364 4168 sunt
1393 4121 1452 4166 ut
1476 4111 1842 4174 ostenderem,
1884 4109 2105 4164 modum
2162 4125 2227 4165 ac
2258 4109 2528 4164 rationem
2591 4123 2774 4164 sacras
2800 4106 3114 4177 Scripturas
3162 4106 3214 4160 in
3254 4107 3383 4161 alle-

129 4215 388 4286 goricum
415 4210 724 4283 exponendi
752 4225 994 4276 sensum,
1023 4224 1133 4264 non
1165 4207 1343 4263 solum
1387 4204 1690 4260 Athanasio
1734 4203 2021 4273 aqualem,
2061 4202 2156 4258 sed
2195 4203 2361 4257 etiam
2399 4203 2519 4272 ejus
2560 4211 2720 4258 atate
2765 4203 3129 4272 antiquiorem
3191 4198 3380 4254 fuisse.

126 4305 427 4372 Praterea,
464 4313 524 4360 ut
550 4302 898 4360 manifestum
943 4302 1176 4357 facerem
1213 4298 1413 4370 quibus
1444 4295 1764 4352 auctoribus
1803 4303 1856 4349 et
1903 4309 2015 4365 quo
2053 4303 2299 4364 tempore
2345 4294 2578 4365 intraque
2625 4310 2816 4350 sacros
2853 4294 3023 4350 libros
3082 4291 3384 4361 explicandi

127 4401 276 4458 ratio
311 4409 427 4453 tum
466 4397 752 4469 allegorica
797 4412 893 4452 seu
939 4393 1188 4467 mystica,
1232 4402 1346 4448 tum
1383 4389 1641 4446 historica
1686 4403 1783 4444 seu
1824 4385 2075 4441 litteralis
2127 4386 2352 4455 coeperit
2391 4402 2454 4442 ac
2487 4385 2749 4442 floruerit.
2791 4385 2926 4440 Nam
2967 4385 3020 4441 id
3056 4397 3383 4456 magnopere

127 4493 419 4558 intererat,
473 4496 532 4545 ut
565 4498 810 4545 nostrum
839 4487 1303 4542 Commentarium
1363 4484 1485 4556 jure
1535 4483 1732 4538 merito
1783 4488 1971 4536 sancto
2023 4477 2346 4544 Athanasio,
2382 4477 2541 4544 cuius
2611 4493 2810 4533 nomen
2854 4477 3090 4548 prafert,
3146 4476 3384 4532 vindica-

131 4603 249 4642 rem
259 4601 344 4640 IIS.

197 4694 398 4752 XXIX.
430 4690 684 4746 Profecto
709 4689 848 4743 inter
874 4693 1066 4742 catera
1106 4697 1384 4739 sacrarum
1417 4679 1822 4751 Scripturarum
1858 4685 2137 4740 volumina
2171 4684 2518 4756 potissimum
2572 4685 2915 4742 Psalmorum
2958 4683 3098 4740 libro
3127 4683 3384 4753 allegori-

129 4805 256 4847 eum
284 4783 583 4842 convenire
611 4793 834 4836 sensum
873 4774 1190 4831 testimonio
1223 4781 1468 4828 veterum
1505 4769 1753 4837 Patrum,
1789 4774 1883 4844 qui
1924 4775 1979 4830 in
2005 4790 2071 4830 eo
2097 4776 2389 4846 aperiendo
2416 4791 2639 4847 operam
2674 4792 2832 4832 suam
2860 4776 3197 4833 collocarunt
3246 4775 3382 4830 alla-

129 4889 200 4944 tis
231 4880 425 4938 Hilarii
468 4888 522 4936 et
559 4873 846 4948 Augustini
880 4871 1083 4937 verbis,
1116 4885 1148 4926 a
1178 4869 1334 4925 nobis
1379 4883 1544 4938 supra
1573 4875 1858 4925 ostensum
1904 4879 2010 4937 est,
2063 4878 2119 4926 et
2160 4871 2322 4928 latius
2357 4872 2402 4928 si
2446 4887 2584 4944 opus
2621 4881 2788 4937 esset,
2830 4870 2989 4928 facile
3019 4868 3382 4927 demonstrari

128 4985 321 5052 posset
354 4993 370 5043 ;
401 4974 497 5032 sed
526 4973 688 5029 inane
711 4985 775 5026 ac
800 4967 1134 5040 superfluum
1168 4973 1253 5022 est
1281 4965 1334 5019 in
1359 4979 1417 5020 re
1443 4963 1672 5020 minime
1713 4963 1878 5020 dubia
1917 4965 2146 5022 testibus
2190 4965 2270 5022 uti
2309 4981 2417 5022 non
2451 4966 2802 5024 necessariis.
2835 4965 3017 5024 Clavis
3041 4974 3218 5021 autem
3249 4976 3350 5032 ape

201 5154 321 5224 (61)
354 5154 414 5224 [η
447 5151 750 5224 ϐαιαίενυίν.
783 5147 976 5224 illast;
1015 5144 1253 5224 Niceph.“
1270 5142 1368 5199 lib.
1395 5158 1468 5208 Iv,
1500 5157 1547 5199 c.
1575 5139 1665 5196 54.

198 5213 316 5294 (6‘2)
342 5223 548 5278 Theod.
581 5222 725 5294 Hist.
752 5219 878 5294 φρει,
914 5218 1008 5294 np,
1034 5232 1086 5278 γ,
1109 5213 1158 5270 c.
1187 5213 1276 5294 to_.

200 5282 318 5362 (625)
347 5294 570 5348 Hieron.
593 5291 788 5362 _Catal.
823 5289 920 5344 vir.
943 5287 1138 5362 illam.
1166 5298 1216 5340 c.
1248 5282 1370 5339 H9.

200 5358 317 5435 (64)
354 5364 478 5418 Lib.
507 5360 727 5417 erist.
749 5364 902 5435 eccl.,
936 5375 982 5414 c.
1016 5358 1068 5412 5.

202 5432 319 5504 (65)
353 5435 474 5489 Lib.
509 5449 629 5504 vui,
664 5449 714 5504 εἶ
750 5432 806 5485 2.

225 5502 318 5572 66)
347 5507 406 5560 In
441 5518 574 5559 voce
605 5502 884 5572 Διόδωρος.
967 5569 978 5572 _
1016 5569 1026 5572 _
1195 5567 1207 5572 _
1233 5566 1244 5572 _
1314 5565 1344 5572 Α
1473 5561 1485 5572 ,
1575 5560 1612 5572 η

633 5502 884 5572 ιιόδωροςο
967 5569 1026 5572 __
1195 5566 1244 5572 __
1314 5565 1344 5572 ,
1473 5561 1485 5572 ,
1575 5560 1612 5572 .-
1757 5560 1770 5572 .
1849 5545 2118 5572 η-.--,.....ι

225 5511 318 5574 66)
347 5511 406 5560 In
441 5518 574 5559 voce
605 5511 769 5556 Διόδω
807 5518 884 5564 ος.
1233 5566 1244 5578 υ
1575 5560 1589 5582 Ο

341 5573 744 5702 ἕίάξιίιειὶςοη
774 5521 983 5629 ξιιίεειῆ
1015 5569 1068 5624 in
1101 5567 1278 5623 \‘0l‘blS
1308 5561 1545 5634 Θεωρία,
1593 5563 1686 5616 ῐστξ

926 5569 983 5625 :ri
1015 5569 1068 5624 in
1101 5566 1278 5623 verbis
1308 5561 1545 5634 Θεωρία,
1575 5560 1828 5634 Ἱστορίαν
1849 5545 2152 5618 Ἀναγωγὴν
2178 5544 2411 5599 Διάνοιαο
