3760 6270
378 250 470 306 651
1197 247 1253 302 S.
1293 247 1568 312 ATHANA
1578 246 1657 301 Sll
1698 244 1846 301 OPP.

2171 290 2183 301 .
2219 279 2287 288 —
2325 247 2732 305 EXEGETIC.\.
3509 240 3655 301 632

377 363 550 420 riendi
583 361 841 432 mysticos
866 375 1145 417 sacrorum
1173 364 1511 418 canticorum
1543 379 1760 428 sensus,
1787 372 1841 417 et
1868 363 2036 433 janua
2061 363 2376 432 penetrandi
2401 379 2598 418 arcana
2636 362 3020 418 Davidicorum
3047 360 3380 432 psalmorum
3412 357 3643 428 adyta,

377 470 463 516 est
491 459 681 513 titulus
705 448 1212 527 cujusque'psalmi,
1246 468 1379 514 teste
1418 459 1584 514 veteri
1624 461 1912 529 scriptore,
1945 459 2101 527 cujus
2145 461 2520 515 commentarii
2548 461 2602 514 in
2633 460 2876 514 Psalmos
2901 460 3003 516 sub
3037 459 3256 514 nomine
3284 456 3640 527 Hieronymi

373 557 503 614 editi
535 565 661 611 sunt
690 574 703 608 :
741 574 758 606 ι
797 554 936 620 Quid
965 563 1046 610 est
1071 555 1282 617 titulus,
1319 555 1514 625 inquit,
1541 557 1649 611 nisi
1683 556 1888 610 clavis?
1911 553 1980 610 Ut
2007 557 2080 609 ita
2108 555 2359 619 dixerim,
2397 557 2450 612 in
2479 559 2698 610 domum
2733 571 2840 610 non
2874 556 3189 627 ingreditur,
3227 554 3331 608 nisi
3357 568 3459 624 per
3491 552 3634 607 cla-

376 666 494 705 vem
523 668 537 704 :
569 651 640 704 ita
683 659 737 703 et
776 649 1204 720 uniuscujusque
1249 651 1443 720 psalmi
1489 651 1814 714 intellectus,
1867 667 1960 722 per
1994 653 2223 714 clavem,
2276 651 2379 707 hoc
2426 661 2508 707 est
2555 653 2910 722 per.titulum
2962 652 3294 722 intelligitur,
3332 651 3384 703 in
3440 647 3635 719 cujus

377 757 611 811 persona
689 749 972 806 cantatur,
1041 751 1133 795 aut
1205 740 1259 793 in
1334 757 1564 810 persona
1637 742 1874 804 Christi,
1947 751 2042 796 aut
2093 742 2145 795 in
2220 757 2446 811 persona
2512 741 2812 807 Ecclesiae,
2876 750 2969 796 aut
3030 741 3082 794 in
3147 755 3377 810 persona
3450 737 3599 790 Pru-

375 834 567 903 phetae.
624 852 642 885 ι
701 832 766 886 Ει
811 831 869 886 S.
931 833 1215 904 Augustini
1270 828 1485 886 titulum
1545 835 1739 903 psalmi
1806 849 2104 903 praeconem
2157 836 2322 890 totius
2384 835 2572 904 psalmi
2625 845 2777 890 vocat
2842 835 2894 888 in
2967 815 3318 902 expositione
3399 829 3618 900 psalmi

376 941 595 989 cxxxiv,
647 933 702 979 et
748 924 890 980 idem
923 925 1260 994 Augustinus
1303 925 1370 981 de
1418 926 1578 981 titulo
1637 927 1830 996 psalmi
1857 941 1974 991 LIII,
2027 941 2186 996 quem
2240 928 2292 981 in
2336 928 2682 998 allegoricum
2717 943 2937 983 sensum
2977 927 3044 981 de
3071 925 3287 980 Christo
3316 923 3553 992 exponit
3591 941 3608 976 :

381 1042 400 1076 ‹
432 1023 558 1078 Inde
581 1024 748 1091 enim,
772 1023 969 1092 inquit,
987 1023 1181 1092 pendet
1204 1023 1390 1079 omnis
1420 1039 1613 1079 versus
1637 1024 1729 1094 qui
1749 1032 2020 1078 cantatur.
2046 1021 2102 1078 Si
2122 1025 2244 1094 quis
2271 1024 2452 1094 itaque
2476 1033 2752 1093 agnoscat,
2780 1025 2923 1093 quod
2946 1023 2999 1077 in
3024 1023 3218 1077 domus
3244 1020 3420 1074 fronte
3452 1034 3613 1089 pra!-

377 1123 542 1175 tixum
572 1127 678 1186 est,
701 1135 929 1174 securus
957 1118 1201 1184 intrabit,
1235 1134 1336 1173 nec
1375 1135 1497 1174 cum
1534 1119 1836 1184 intraverit,
1865 1119 2070 1174 errabit
2099 1137 2114 1187 ;
2144 1120 2247 1174 hoc
2283 1120 2426 1174 enim
2464 1121 2518 1173 in
2567 1120 2684 1189 ipso
2727 1128 2878 1186 poste
2915 1126 3268 1189 praenotatum
3302 1124 3402 1182 est,
3444 1128 3608 1185 quo-

379 1213 539 1268 inodo
563 1212 791 1268 interius
820 1227 927 1266 non
951 1220 1168 1267 erretur
1205 1231 1218 1267 :
1264 1232 1282 1264 ι
1310 1211 1376 1267 Et
1406 1228 1595 1268 rursus
1630 1213 1682 1267 in
1718 1215 2111 1268 commentario
2140 1214 2207 1266 ad
2255 1213 2517 1284 psalmum
2543 1229 2687 1280 inv,
2712 1214 2867 1284 cujus
2895 1213 3108 1268 titulum
3141 1212 3196 1265 in
3232 1210 3604 1280 allegoricum

378 1320 595 1360 sensum
623 1304 1003 1360 sanctissimus
1043 1304 1240 1359 Doctor
1286 1305 1713 1376 interpretatur:
1754 1323 1773 1356 ι
1807 1305 2161 1374 Agnoscenda
2187 1314 2288 1369 est,
2333 1306 2428 1368 ait,
2475 1321 2577 1360 vox
2623 1314 2822 1360 sanctae
2859 1303 3149 1374 prephetiae
3169 1319 3236 1358 ex
3271 1305 3384 1372 ipso
3425 1301 3604 1356 titulo

378 1399 596 1470 psalmi.
633 1418 650 1449 ›
677 1397 890 1453 Titulos
922 1406 1101 1452 autem
1138 1398 1433 1468 inscriptos
1464 1398 1628 1453 fuisse
1669 1397 1848 1467 potius
1891 1398 1957 1452 ad
1989 1398 2392 1469 intelligendum
2437 1399 2943 1468 percipiendnmque
2991 1397 3322 1467 psalmorum
3372 1408 3609 1449 sensum

377 1494 722 1565 allegoricum
764 1504 816 1546 et
859 1491 1179 1560 spiritalem,
1231 1508 1396 1562 quam
1434 1491 1722 1546 litteralem
1764 1501 1818 1546 et
1864 1492 2206 1563 historicum,
2245 1493 2474 1563 ideoque
2522 1494 2588 1548 ad
2620 1508 2744 1548 eum
2771 1492 3112 1564 potissimum
3149 1490 3413 1560 respicere
3441 1497 3498 1542 et
3530 1488 3605 1541 ad

377 1593 524 1645 illum
557 1589 841 1659 pertinere,
878 1579 1190 1644 t'estimonio
1221 1597 1348 1643 sunt
1376 1604 1497 1659 quae
1524 1589 1711 1644 scribit
1737 1589 1876 1643 idem
1908 1590 2242 1675 Augustinus
2273 1590 2327 1644 in
2359 1591 2496 1646 locis
2545 1606 2714 1660 nuper
2744 1605 2774 1643 a
2812 1604 2897 1644 me
2929 1587 3180 1650 laudatis,
3211 1595 3324 1640 tum
3346 1585 3511 1639 etiam
3542 1583 3602 1636 in

374 1687 710 1756 expositione
734 1686 928 1756 psalmi
965 1702 1074 1751 1.1.x,
1102 1685 1192 1739 ubi
1232 1695 1414 1740 monet
1447 1701 1554 1755 qua
1584 1695 1763 1741 mente
1801 1695 1854 1740 et
1893 1685 2139 1752 consilio,
2174 1684 2378 1755 Spiritu
2416 1695 2605 1741 sancto
2630 1687 2884 1750 dictante,
2918 1684 3056 1738 tituli
3085 1681 3306 1753 psalmis
3337 1678 3594 1747 inscripti

374 1777 525 1829 sint:
569 1795 587 1827 ‹
632 1775 1011 1832 Verumtamen
1060 1775 1198 1830 sicut
1251 1778 1386 1831 solet
1428 1776 1774 1846 propheticus
1819 1777 2044 1844 spiritus
2098 1777 2153 1831 in
2194 1777 2529 1845 psalmorum
2582 1777 2749 1832 titulis
2784 1775 3030 1831 recedere
3068 1771 3460 1843 aliquantulum
3510 1768 3588 1822 ab

374 1869 723 1939 expressione
751 1884 928 1924 rerum
961 1877 1256 1939 gestarum,
1303 1879 1355 1922 et
1388 1869 1591 1938 aliquid
1625 1870 1804 1925 dicere
1833 1868 1978 1939 quod
2014 1869 2066 1922 in
2105 1869 2329 1922 historia
2382 1885 2484 1923 non
2516 1870 2806 1932 invenitur,
2831 1880 2886 1924 et
2922 1869 3046 1922 hinc
3079 1867 3256 1936 potius
3299 1864 3603 1918 admonere

373 1979 480 2017 non
513 1975 729 2035 propter
756 1964 1157 2035 cognoscendas
1180 1979 1264 2018 res
1293 1975 1471 2035 gestas
1496 1980 1615 2020 esse
1652 1963 1962 2033 Iuijusmodi
1998 1964 2186 2020 titulos
2216 1966 2527 2034 inscriptos,
2551 1965 2642 2020 sed
2672 1975 2885 2034 propter
2910 1961 3089 2021 futura
3121 1955 3539 2031 pradiguranda,
3575 1972 3594 2004 ι

373 2068 478 2113 etc.
548 2057 854 2128 Augustino
921 2059 974 2111 in
1055 2060 1157 2113 hac
1224 2058 1406 2111 eadem
1482 2059 1751 2112 sententia
1832 2057 1899 2112 de
1974 2056 2142 2112 titulis
2212 2059 2544 2126 psalmorum
2611 2058 2819 2127 praeivit
2875 2056 2932 2110 S.
3001 2055 3257 2116 Hilarius,
3336 2049 3428 2120 qui
3512 2046 3586 2100 ad

372 2149 640 2218 psalmum
697 2164 877 2201 mu:
917 2166 935 2198 ι
1002 2147 1226 2213 Psalmi,
1271 2148 1367 2210 ait,
1437 2145 1828 2215 superscriptio
1896 2145 2176 2200 historiam
2249 2161 2357 2200 non
2428 2147 2698 2209 continet,
2751 2146 2976 2216 simplex
3027 2152 3128 2200 est.
3182 2152 3235 2198 et
3280 2135 3584 2211 prophetali

375 2241 566 2309 spiritu
633 2241 876 2295 editus...
934 2256 1056 2315 cum
1119 2240 1265 2294 enim
1334 2239 1411 2292 illi
1456 2239 1561 2308 ipsi
1619 2238 1837 2308 psalmi,
1891 2239 1985 2306 qui
2019 2238 2320 2294 secundum
2354 2237 2635 2292 titulorum
2682 2238 3061 2308 inscriptiones
3101 2254 3188 2294 res
3222 2249 3399 2308 gestas
3450 2252 3591 2293 con-

373 2329 545 2384 tinere
569 2329 886 2391 creduntur,
932 2328 986 2382 in
1020 2327 1270 2398 plurimis
1313 2342 1340 2380 a
1372 2326 1515 2381 tituli
1563 2327 1647 2382 sui
1698 2337 1751 2382 et
1800 2341 2002 2394 rerum,
2051 2342 2113 2382 ac
2153 2341 2509 2396 personarum
2559 2327 2886 2396 proprietate
2941 2329 3282 2394 dissentiant,
3317 2327 3601 2398 magisque

372 2437 467 2492 per
491 2423 755 2477 editiones
784 2423 1086 2487 nominum,
1117 2430 1278 2490 atque
1319 2431 1616 2492 gestorum,
1664 2421 2025 2486 spiritualium
2067 2423 2442 2492 operationum
2473 2423 2777 2494 significent
2807 2422 3049 2481 effectus.
3090 2441 3108 2473 ι
3143 2419 3237 2476 llis
3262 2429 3442 2475 autem
3473 2419 3600 2474 addi

373 2513 532 2568 debet
558 2513 937 2579 Cassiodorus,
967 2514 1061 2584 qui
1094 2514 1150 2567 in
1179 2511 1504 2566 Prtefatione
1553 2513 1620 2565 ad
1653 2509 1896 2566 Psalmos
1937 2513 2259 2568 sententiam
2307 2514 2489 2583 magni
2533 2513 2820 2582 Augustini
2867 2528 3017 2568 more
3064 2526 3165 2566 suo
3211 2519 3449 2572 secutus,
3483 2508 3603 2564 haec

375 2606 538 2660 habet
569 2626 582 2660 :
619 2625 638 2658 ‹
679 2606 956 2674 Quasdam
987 2603 1482 2675 superscriptioncs
1517 2604 1853 2673 psalmorum
1882 2619 1978 2676 per
2017 2604 2339 2658 allusionem
2374 2603 2714 2659 consimilem
2748 2613 2962 2659 constat
2991 2602 3349 2673 spiritualitcr
3379 2601 3596 2654 intuen-

373 2701 512 2757 das:
541 2703 669 2772 quia
702 2704 748 2756 si
770 2703 1000 2757 litteram
1039 2701 1374 2757 consideras.
1407 2707 1728 2754 extraneum
1757 2708 1862 2767 est,
1896 2714 2018 2754 cum
2073 2716 2180 2754 non
2229 2715 2294 2754 ea
2328 2700 2574 2754 invenias
2615 2700 2670 2753 in
2718 2699 2943 2769 psalmis
2996 2713 3116 2767 quae
3154 2696 3500 2750 continentur
3542 2692 3597 2747 in

373 2794 545 2849 titulis
573 2812 589 2862 ;
622 2794 668 2849 si
699 2809 827 2849 vero
849 2795 1137 2848 trahantur
1168 2793 1232 2847 ad
1262 2791 1532 2862 trppicum
1553 2791 1908 2855 intellectum,
1929 2793 2093 2846 nimis
2113 2791 2366 2846 videntur
2391 2791 2790 2846 accommoda.»
2812 2791 2990 2857 Quare
3018 2788 3368 2859 paraphrasis
3392 2795 3596 2850 nostra,

375 2889 429 2941 in
463 2901 569 2956 qua
617 2886 951 2956 psalmorum
983 2884 1249 2954 cujusque
1278 2874 1467 2937 titulus
1495 2883 1548 2936 in
1584 2883 1933 2952 allegoricum
1976 2898 2199 2937 sensum
2230 2883 2542 2952 exponitur,
2576 2900 2642 2937 ac
2672 2883 2867 2937 deinde
2904 2892 3050 2936 totus
3086 2880 3328 2950 psalmus
3362 2878 3416 2932 in
3447 2893 3598 2934 eum-

373 2981 494 3034 dem
539 2994 761 3038 sensum
784 2976 1130 3047 allegoricum
1167 2991 1260 3031 seu
1289 2976 1579 3044 mysticum
1610 2975 1676 3029 de
1704 2975 1942 3040 Christo,
1986 2986 2039 3029 et
2094 2975 2359 3041 Ecclesia,
2394 2977 2620 3046 ejusque
2657 2976 2913 3032 membris
2959 2976 3092 3029 mira
3129 2975 3388 3028 brevitate
3431 2973 3600 3044 expli-

375 3084 550 3137 catur,
593 3072 938 3128 sanctissimo
980 3071 1236 3139 episcopo
1281 3067 1600 3127 Athanasio,
1629 3068 1787 3135 cujus
1818 3081 2014 3120 nomen
2049 3069 2374 3138 inscriptum
2443 3067 2677 3138 praefert,
2727 3084 2832 3121 non
2877 3067 3050 3121 solum
3095 3065 3255 3135 digna
3305 3066 3597 3134 reputanda

375 3179 478 3231 est,
509 3167 602 3224 sed
631 3168 793 3222 etiam
828 3166 999 3220 multo
1023 3165 1075 3218 in
1105 3163 1282 3234 pretio
1303 3173 1466 3233 atque
1498 3162 1897 3218 existimatione
1937 3164 2005 3218 ab
2033 3165 2291 3219 omnibus
2329 3165 2572 3218 habenda
2613 3165 2844 3226 videtur,
2885 3179 3008 3217 cum
3055 3173 3296 3216 veterum
3349 3160 3599 3216 Ecclesia:

379 3261 598 3316 Patrum
631 3262 798 3315 menti
829 3275 893 3314 ac
926 3259 1209 3314 sententiae
1244 3257 1298 3312 in
1323 3269 1469 3312 recte
1499 3258 1835 3328 exponendis
1870 3258 2346 3328 intelligendisque
2380 3259 2602 3328 psalmis
2632 3260 2865 3312 maxime
2906 3256 3232 3312 conveniens
3260 3256 3351 3319 sit,
3386 3265 3439 3310 et
3464 3271 3600 3310 con-

378 3365 655 3409 sentanea.

447 3448 615 3504 XXX.
664 3446 929 3502 Caeterum
964 3443 1105 3497 inter
1135 3440 1242 3496 alia
1285 3447 1602 3510 argumenta
1658 3455 1780 3510 quae
1835 3439 1903 3493 ad
1957 3446 2280 3494 vetustatem
2337 3448 2538 3494 nostra:
2587 3438 2962 3493 translation‘s
3015 3453 3109 3492 seu
3146 3440 3604 3509 interpretationis

377 3541 838 3614 comprobandam
881 3538 1060 3593 afferri
1092 3545 1343 3607 possunt,
1392 3535 1524 3589 illud
1570 3550 1680 3589 non
1710 3534 1922 3589 minimi
1964 3535 2222 3604 ponderis
2257 3545 2361 3600 est,
2389 3535 2537 3605 quod
2578 3534 2950 3604 interpretatio
2979 3535 3262 3590 versiculis
3291 3537 3597 3607 respondet,

385 3641 441 3692 in
474 3651 616 3707 quos
652 3632 994 3689 membratim
1031 3630 1274 3685 distincti
1306 3643 1400 3699 per
1424 3627 1542 3683 cola
1571 3639 1623 3681 et
1651 3635 1924 3682 commata
1963 3626 2156 3696 psalmi
2185 3627 2488 3697 antiquitus
2519 3627 2681 3682 scribi
2719 3626 2985 3691 solebant,
3017 3643 3126 3682 non
3151 3638 3332 3682 autem
3366 3645 3458 3699 per
3481 3646 3600 3685 ver-

379 3748 474 3786 sus
505 3729 798 3799 longiores,
839 3726 981 3810 utin
1010 3723 1404 3779 recentioribus
1433 3721 1715 3777 codicibus
1751 3723 2116 3791 reperiuntur,
2170 3731 2225 3776 et
2259 3723 2314 3775 in
2363 3721 2526 3778 editis
2573 3723 2750 3787 libris,
2791 3723 2994 3791 quibus
3041 3722 3283 3779 Ecclesia
3313 3733 3368 3780 et
3415 3741 3598 3781 omnes

380 3825 540 3892 vulgo
569 3836 714 3876 nunc
743 3829 986 3883 utuntur,
1027 3817 1349 3872 retinentur.
1409 3817 1655 3872 Profecto
1707 3818 1774 3871 de
1827 3817 2097 3872 divisione
2147 3816 2414 3869 librorum
2453 3830 2622 3870 sacrae
2673 3814 2967 3884 Scriptura:
3003 3833 3096 3887 per
3132 3818 3450 3881 versiculos,
3497 3834 3593 3874 seu

386 3912 696 3987 στιχηροῦς,
721 3927 822 3964 nos
850 3911 1006 3965 docet
1034 3908 1337 3980 Hesychius
1369 3905 2126 3977 Hierosolymitanus,qui,ut
2151 3905 2370 3974 quidam
2402 3913 2611 3973 putant,
2642 3903 2840 3958 saeculo
2869 3915 3026 3959 sexto
3047 3906 3197 3972 vixit,
3223 3907 3274 3961 id
3308 3907 3596 3972 inventum,

384 4025 547 4082 atque
579 4009 887 4064 institutum
922 4006 1089 4061 fuisse
1133 4021 1162 4058 a
1215 4003 1422 4058 sanctis
1477 4001 1730 4058 Patribus
1774 4002 1998 4072 majoris
2050 4001 2451 4074 perspicuitatis
2484 4000 2675 4070 gratia,
2707 4008 2766 4054 ut
2801 4000 2983 4070 legens
3038 4003 3315 4071 periodum
3368 4018 3460 4072 per
3501 4021 3597 4060 sua

385 4107 625 4160 membra
651 4107 960 4160 distinctam
1002 4101 1218 4156 facilius
1244 4099 1510 4154 orationis
1538 4099 1870 4152 intellectum
1899 4107 2279 4167 assequeretur
2323 4096 2456 4166 (69).
2507 4095 2622 4149 Iino
2663 4111 2790 4150 vero
2839 4094 2950 4164 jam
2979 4105 3103 4151 ante
3143 4097 3341 4153 Christi
3383 4097 3587 4162 Domini

383 4204 672 4257 adventum
729 4197 1080 4269 comperitur,
1147 4211 1250 4250 usu
1298 4202 1577 4264 receptum
1633 4193 1802 4249 fuisse
1859 4195 2001 4264 apud
2042 4193 2316 4260 chraaos,
2361 4201 2421 4248 ut
2469 4190 3055 4259 Psalmorum'aliique
3106 4205 3274 4245 sacrae
3319 4188 3599 4259 Scriptura:

381 4298 506 4353 libri
542 4296 830 4352 versiculis
879 4291 1118 4348 distincti
1157 4289 1558 4356 scriberentur;
1610 4297 1662 4342 et
1694 4286 1927 4343 fortasse
1978 4289 2102 4343 inde
2143 4303 2262 4344 mos
2304 4289 2406 4343 iste
2447 4288 2514 4344 ad
2549 4286 2887 4341 Christianos
2937 4284 3170 4340 devenit.
3213 4284 3453 4338 Veterem
3481 4299 3599 4338 ver-

381 4409 541 4448 suum
573 4392 972 4448 distinctionem
1004 4393 1225 4443 secutus
1257 4393 1343 4439 est
1372 4381 1632 4454 Origenes
1665 4384 1718 4437 in
1747 4386 1860 4438 suis
1893 4381 2169 4453 Hexaplis,
2203 4399 2364 4453 quem
2399 4384 2640 4438 imitatus
2668 4391 2753 4437 est
2779 4379 3139 4453 Hieronymus
3168 4379 3300 4450 (70),
3336 4382 3426 4449 qui
3457 4379 3597 4434 Psal-

380 4486 574 4540 terium
607 4487 851 4555 aliosque
904 4499 1072 4540 sacra:
1106 4481 1403 4551 Scripturae
1435 4482 1604 4536 libros
1640 4497 1734 4551 per
1768 4496 1960 4536 versus
1990 4481 2266 4536 breviores
2305 4481 2598 4551 disposuit,
2654 4478 2963 4550 providens,
2997 4488 3054 4533 ut
3101 4480 3220 4549 ipse
3264 4479 3595 4548 inquit,utili-

381 4578 478 4630 tati
537 4579 874 4646 legentium;
936 4594 1060 4632 nam
1116 4595 1213 4648 per
1261 4580 1380 4634 cola
1425 4579 1647 4648 scripti,
1699 4589 1753 4632 et
1788 4591 2051 4634 commata
2093 4577 2512 4634 manifestiorem
2549 4577 2848 4647 legentibus
2891 4590 3108 4630 sensum
3147 4575 3408 4630 tribuunt.
3460 4575 3598 4630 Anti-

380 4667 602 4734 quiores
632 4669 819 4736 utique
850 4668 1060 4722 codices
1109 4667 1279 4722 Grieci
1327 4667 1473 4721 mille
1517 4677 1570 4721 et
1601 4667 1724 4736 plus
1777 4682 1950 4720 annos
1997 4677 2122 4720 ante
2171 4666 2359 4734 scripti
2396 4680 2650 4720 versuum
2681 4665 3077 4724 distinctionem
3110 4671 3379 4735 retinent;
3416 4677 3596 4724 etnon

381 4759 558 4812 solum
595 4757 803 4818 Graeca.
838 4759 930 4813 sed
965 4761 1127 4813 etiam
1159 4763 1454 4817 vetustiora
1492 4761 1685 4816 Latina
1713 4763 2046 4830 exemplaria
2081 4761 2394 4831 hujusmodi
2424 4761 2840 4832 descriptionem
2874 4779 2969 4833 per
2996 4765 3110 4821 cola
3139 4776 3191 4821 et
3213 4776 3476 4822 commata
3503 4768 3594 4822 ha-

382 4851 528 4905 bent.
561 4849 625 4903 Et
657 4851 877 4919 quidem
922 4850 1245 4905 Psalterium
1309 4868 1374 4906 ex
1420 4854 1648 4921 antiquo
1675 4851 1864 4906 codice
1897 4850 2158 4905 Vaticano
2188 4851 2474 4907 versiculis
2511 4853 2853 4911 brevioribus
2896 4857 3211 4912 distinctum
3245 4860 3310 4914 ad
3338 4860 3592 4930 publicam

383 4942 668 4997 utilitatem
692 4954 752 5032 et
782 4941 1019 4997 fidelium
1053 4945 1270 5014 pietatis
1325 4947 1721 5002 incrementum
1753 4947 1805 5000 in
1843 4947 2016 5000 lucem
2047 4945 2215 5001 edidit
2256 4962 2380 5002 ven.
2434 4963 2597 5003 mem.
2633 4951 2922 5007 cardinalis
2950 4951 3298 5020 Thomasius,
3324 4955 3415 5024 qui
3442 4955 3592 5010 etiam

383 5050 447 5087 ex
484 5033 612 5087 divo
653 5034 958 5103 Augustino
992 5036 1044 5089 in
1075 5034 1432 5090 Enarratione
1484 5039 1719 5091 secunda
1769 5039 1820 5090 in
1880 5038 2146 5107 psalmum
2210 5055 2297 5092 xxi
2330 5039 2603 5106 observat,
2636 5044 2878 5098 eamdem
2917 5062 3171 5102 versuum
3205 5050 3594 5106 distinctionem

387 5124 680 5217 adhibitam
717 5124 888 5181 fuisse
941 5127 994 5181 in
1026 5127 1291 5196 Ecclesia,
1323 5133 1451 5187 dum
1488 5142 1679 5187 cantor
1709 5151 1774 5188 ex
1827 5137 2057 5188 amboue
2105 5136 2371 5204 psalmum
2416 5139 2776 5207 particulatim
2825 5145 3183 5214 praecinebat;
3232 5149 3377 5217 quod
3428 5160 3592 5204 autem

382 5216 495 5282 ipse
529 5219 937 5284 pronuntiabat.
967 5223 1292 5279 reddebatur
1321 5243 1349 5280 a
1373 5225 1463 5280 Dei
1492 5227 1664 5296 plebe.
1689 5228 1862 5283 Verba
1889 5229 2177 5300 Augustini
2208 5230 2331 5285 talia
2365 5243 2492 5286 sunt
2530 5252 2543 5288 :
2581 5253 2600 5285 ‹
2629 5233 2791 5292 Putas
2828 5239 2902 5292 ibi
2939 5249 3144 5308 ponunt
3183 5216 3364 5308 aures,
3394 5243 3596 5311 quando

438 5411 744 5509 5921937:
775 5417 889 5509 ⁸μὲν
926 5419 1148 5501 ἀερχαῖον
1181 5417 1337 5509 τοῦῑο
1379 5420 1815 5509 τρῖςηξθεοῆφόρῖες
1853 5421 1912 5473 τὸ
1953 5423 2304 5509 σπρύδῇᾳμί.
2352 5433 2598 5505 στιχηδδν
2652 5436 2726 5500 ὡς
2786 5438 3062 5503 τὰπολλὰ,
3097 5439 3230 5509 πρὸς
3262 5441 3358 5509 τὴν
3389 5441 3596 5508 μελετω-

386 5488 559 5550 μένων
595 5493 887 5606 aug-gum;
911 5488 1005 5558 τὴς
1037 5488 1371 5560 προφητείας
1401 5488 1724 5545 excidio-0m.
1751 5489 1868 5548 HES‘

383 5568 514 5615 sua,
542 5568 658 5620 pag.
688 5567 721 5606 ι.
763 5595 776 5609 .

2122 5488 2214 5555 ιιὺὶ
2252 5488 2513 5574 ramis»)
2561 5522 2634 5560 χιι
2681 5488 3593 5578 ιῖνορλέὲιὶνάῆἐ,⁷ὦῶ.“’1⁵ιιῗ”ὀὲἆ.

477 5591 514 5615 ον
543 5591 658 5622 ιδ’-ο·
690 5591 776 5609 αν·

451 5649 560 5716 (70)
594 5650 750 5705 Praef.
786 5654 838 5706 in
877 5652 1137 5710 Ezechiel.
