3760 6270
140 287 252 343 (233
855 275 941 330 DE
980 271 1255 330 TITULIS
1288 221 1735 328 PSALbiORUM.
1774 301 1844 312 —
1880 264 2275 323 ANTONELLI
2314 256 2706 317 PREFATIO.
3295 251 3402 308 63‘

143 407 326 459 lector
383 405 642 472 ipsorum
703 394 879 452 dicit:
921 389 1502 455 Commemorabuntur,
1536 399 1586 444 et
1616 394 1980 442 convertentur
2016 383 2081 437 ab
2129 381 2412 436 Dominum
2452 373 2678 472 uniuersi
2701 372 2855 472 .ﬁnes
2907 368 3098 472 terra?
3125 365 3221 468 Eia
3263 365 3402 421 forte

150 509 300 549 unus
331 460 536 548 vei-sus
567 498 652 546 est
683 507 698 542 :
727 483 943 543 aliunde
971 482 1270 552 cogitabas,
1299 496 1422 536 cum
1463 481 1628 536 fratre
1661 489 1760 535 tuo
1801 475 2154 539 fabulabaris,
2184 473 2400 544 quando
2432 468 2564 523 illud
2606 462 2742 520 dixit
2770 480 2784 515 :
2815 460 3049 522 attende,
3080 460 3205 528 quia
3240 472 3398 526 repe-

139 588 231 648 tit,
263 593 321 640 et
349 585 558 640 surdos
615 582 831 652 pulsat:
857 580 922 636 Et
961 580 1259 635 adorabunt
1314 581 1368 634 in
1417 589 1691 651 conspectu
1723 579 1835 649 ejus
1869 578 2124 633 uniuersa:
2144 573 2332 643 patriar
2367 570 2616 640 gentium.
2647 561 2841 616 Adhuc
2897 558 3095 613 surdus
3131 564 3236 619 θείς
3289 569 3399 609 ηοη

138 674 344 741 audit;
383 675 640 745 pulsetur
679 673 874 728 iterum
912 692 925 726 :
962 672 1224 736 Quoniam
1254 670 1462 724 Domini
1520 679 1596 723 est
1648 685 1882 739 regnum,
1937 675 1984 720 et
2048 667 2157 733 ipse
2204 661 2561 714 dominabitur
2595 658 2843 726 gentiam.
2881 655 3014 708 'l‘res
3048 654 3182 708 istos
3207 666 3402 706 versus

141 781 350 837 tenete,
387 769 619 835 fratres,
639 777 745 823 etc.
785 786 805 818 ›
832 767 1041 833 Quibus
1075 767 1410 822 clarissimus
1437 766 1730 822 cardinalis
1757 766 1872 820 haec
1899 761 2118 831 subiicit
2154 779 2167 815 :
2205 777 2225 810 ι
2262 756 2339 810 Ex
2371 770 2480 826 quo
2515 755 2632 810 loco
2667 761 2886 824 apparet
2916 753 2969 804 in
2997 760 3159 806 cantu
3203 747 3396 817 psalmi

139 862 486 932 responsorii
519 861 654 916 olim
681 869 796 915 tum
838 861 891 914 in
915 859 1154 927 Oriente,
1188 871 1300 913 tum
1333 860 1384 912 in
1412 858 1704 913 Occidente
1732 857 2033 922 usitatiore,
2064 852 2119 906 in
2165 865 2274 922 quo
2300 850 2467 904 lector
2507 845 2829 917 praecinebat
2869 858 3079 907 versus,
3138 850 3190 895 et
3219 855 3394 911 popu-

139 959 228 1013 lus
261 959 495 1012 eosdem
531 958 680 1027 ipsos
725 956 1098 1027 respondendo
1126 956 1416 1025 repetebat,
1454 965 1766 1025 usurpatam
1813 953 1980 1008 fuisse
2026 952 2305 1020 antiquam
2339 948 2486 1002 illam
2525 961 2780 1001 versuum
2827 944 3248 1008 distinctionem,
3300 943 3394 1009 qni

139 1051 426 1105 breviores
459 1059 799 1114 erant;non
843 1048 1062 1102 alteram
1095 1047 1373 1116 sequentis
1425 1047 1524 1102 aevi
1576 1062 1827 1102 versuum
1877 1046 2036 1115 paulo
2082 1041 2507 1112 prolixiorum...
2554 1037 2687 1092 Nam
2737 1047 3092 1107 praeterquam
3143 1033 3286 1103 quod
3337 1031 3394 1085 id

137 1142 460 1212 postulabat
487 1143 631 1196 ratio
669 1139 937 1211 ejusmodi
976 1138 1352 1205 institutionis,
1399 1153 1592 1208 nempe
1629 1147 1690 1191 ut
1730 1136 1881 1191 rudis
1928 1135 2158 1204 populus
2205 1133 2443 1202 psalmos
2474 1142 2716 1195 caneret,
2752 1143 2892 1199 quos
2921 1144 3020 1184 nec
3051 1128 3116 1181 de
3146 1127 3282 1180 libro
3316 1124 3395 1176 le-

139 1249 304 1309 geret,
340 1253 453 1292 nec
475 1237 743 1292 memoria
771 1245 1014 1302 teneret;
1052 1236 1196 1290 unde
1239 1243 1293 1289 et
1319 1250 1538 1290 necesse
1567 1245 1682 1289 erat
1717 1234 1880 1288 verba
1906 1232 1953 1285 ei
1991 1246 2162 1301 pauca
2207 1227 2433 1299 praeberi
2482 1225 2788 1296 repetenda,
2817 1230 2876 1275 ut
2916 1215 3252 1274 membratim
3284 1229 3390 1268 ca:-

138 1336 350 1406 simque
385 1345 572 1389 totum
607 1334 876 1404 psalmum
918 1339 1276 1402 percurreret.
1314 1350 1332 1383 ι
1363 1329 1466 1387 Sed
1498 1332 1564 1386 de
1589 1329 1901 1401 hujusmodi
1929 1328 2196 1383 divisione
2227 1341 2322 1396 per
2348 1323 2562 1393 στίχους
2590 1321 2835 1391 pluribus
2883 1317 3090 1412 erudite
3120 1315 3394 1412 disserunt

137 1433 273 1487 idem
301 1432 613 1487 cardinalis
648 1431 1004 1496 Thomasius,
1041 1439 1095 1483 et
1119 1427 1388 1484 Henricus
1417 1427 1666 1484 Valesius
1691 1437 1744 1483 et
1769 1427 1933 1482 Pater
1964 1425 2230 1480 Martiane
2262 1423 2395 1494 (7t),
2425 1421 2646 1489 aliique,
2691 1429 2830 1486 quos
2862 1409 3146 1467 οοηευιετθ
3170 1409 3390 1475 Poterit,

138 1524 225 1592 qui
274 1525 381 1578 hac
415 1524 487 1579 de
518 1539 578 1579 re
609 1524 766 1593 plura
800 1523 942 1578 scire
966 1522 1254 1576 desiderat.
1301 1521 1459 1587 Quod
1507 1522 1651 1576 enim
1682 1520 1913 1590 pertinet
1945 1518 2010 1572 ad
2048 1533 2182 1584 rem,
2232 1517 2299 1571 de
2329 1530 2436 1585 qua
2471 1513 2668 1584 agitur,
2702 1509 2832 1564 illud
2857 1516 2960 1572 est,
3009 1501 3152 1572 quod
3203 1505 3391 1568 praeter

138 1619 596 1686 antiquissimum
620 1615 946 1672 Vaticanum
985 1616 1251 1682 codicem,
1280 1632 1388 1685 quo
1419 1616 1670 1670 laudatus
1718 1615 2014 1669 cardinalis
2048 1611 2378 1666 Thomasius
2427 1623 2560 1664 usus
2591 1615 2694 1670 est,
2730 1603 2890 1658 etiam
2937 1597 3110 1654 codex
3156 1594 3393 1648 Alexan-

133 1710 324 1764 drinus
355 1709 562 1763 eodem
613 1709 779 1763 modo
807 1706 966 1762 habet
1010 1705 1333 1762 Psalterium
1367 1707 1650 1762 versiculis
1681 1706 2027 1761 distinctum.
2056 1703 2239 1760 Codex
2274 1711 2456 1758 autem
2486 1697 2885 1754 Alexandrinus
2915 1692 3154 1760 scriptus
3199 1695 3302 1753 est,
3336 1695 3394 1740 ut

135 1800 303 1856 fertur
336 1801 488 1872 (7‘2),
524 1818 690 1856 manu
736 1801 951 1858 Thecla:
1002 1804 1202 1860 nobilis
1246 1803 1462 1859 feminae
1492 1804 1759 1876 [Egyptize
1787 1805 1948 1875 paulo
1979 1813 2101 1874 post
2133 1804 2424 1859 concilium
2464 1800 2767 1863 Nicaenum,
2800 1802 2955 1851 aetate
2988 1791 3197 1847 scilicet
3221 1787 3392 1841 Atha-

135 1893 292 1956 nasii,
329 1908 506 1960 quem
568 1892 918 1957 Alexandria,
974 1895 1115 1948 unde
1171 1895 1572 1950 Alexandrinus
1605 1896 1804 1963 dictus,
1872 1912 2057 1951 secum
2115 1893 2641 1963 Constantinopolim
2672 1891 2861 1946 detulit
2896 1887 3130 1960 Cyrillus
3157 1884 3389 1954 Lucary,

129 1983 369 2052 primum
397 1983 454 2038 in
483 1983 596 2048 illa,
631 1994 751 2052 post
773 1985 826 2038 in
853 1985 956 2040 hac
991 1987 1122 2041 urbe
1149 1985 1459 2042 Graecorum
1507 1989 1982 2044 schismaticorum
2013 1969 2346 2058 patriarcha,
2382 2003 2413 2041 a
2443 2001 2552 2056 quo
2583 1985 2778 2040 deinde
2805 1981 3047 2038 Carolol
3087 1977 3390 2047 Anglorum

130 2080 241 2148 regi
275 2080 437 2134 dono
478 2081 686 2136 missus
713 2089 814 2135 est.
872 2079 1052 2146 Quare
1101 2096 1225 2136 cum
1280 2083 1564 2137 translatio
1618 2093 1799 2138 nostra
1833 2100 2092 2139 versuum
2141 2082 2476 2138 distinctioni
2511 2079 2715 2136 codicis
2761 2073 3109 2131 Alexandrini
3148 2071 3393 2142 apprime

132 2169 496 2236 respondeat,
534 2179 587 2223 et
622 2181 963 2235 vetustatem,
992 2180 1046 2224 et
1073 2179 1354 2226 auctorem
1385 2187 1506 2226 esse
1538 2173 1920 2241 Athanasium,
1947 2175 2105 2244 cujus
2148 2187 2343 2227 nomen
2388 2170 2621 2241 praefert,
2648 2171 2810 2226 etiam
2839 2185 2903 2224 ex
2932 2170 3036 2222 hac
3071 2173 3223 2235 parte
3249 2179 3386 2232 quo-

129 2260 434 2315 dammodo
465 2262 828 2316 demonstrat.
861 2261 980 2318 Non
1011 2273 1194 2318 autem
1224 2269 1376 2335 parvi
1411 2266 1616 2323 laboris
1647 2265 1768 2335 fuit,
1796 2285 1922 2322 cum
1967 2269 2018 2323 id
2059 2267 2588 2331 animadvertissem,
2630 2268 2703 2322 ita
2735 2267 3027 2336 disponere
3057 2257 3388 2317 sanctissimi

128 2356 376 2427 episcopi
411 2358 854 2425 translationem,
900 2370 962 2413 ut
1013 2360 1245 2430 singulis
1295 2361 1632 2430 psalmorum
1669 2363 1955 2418 versiculis
2005 2362 2254 2431 subjecta
2302 2361 2548 2430 ejusdem
2578 2358 2862 2414 Athanasii
2899 2350 3274 2424 interpretatio
3303 2363 3389 2402 τε·

129 2452 460 2518 sponderet.
502 2450 634 2506 Erat
659 2453 806 2507 enim
837 2453 1066 2508 confuse
1097 2454 1323 2522 scripta,
1360 2469 1502 2524 sape
1533 2455 1837 2509 commistis
1868 2453 2210 2508 Psalmorum
2242 2468 2369 2507 cum
2403 2453 2576 2524 ipsius
2605 2448 2958 2521 expositionis
2991 2445 3190 2507 verbis,
3231 2453 3284 2496 et
3315 2441 3388 2494 ita

129 2546 402 2615 disposita
431 2587 447 2610 ,
489 2557 549 2601 ut
578 2547 758 2616 potius
787 2564 909 2602 cum
949 2547 1237 2603 recentiori
1273 2547 1579 2618 longiorum
1609 2563 1863 2602 versuum
1891 2547 2256 2610 distinctione,
2284 2561 2404 2616 quae
2432 2561 2575 2599 nunc
2599 2545 2652 2598 in
2679 2559 2778 2597 usu
2813 2538 2953 2610 apud
2982 2552 3172 2592 omnes
3202 2531 3387 2588 Eccle-

125 2637 240 2692 sias
267 2647 381 2704 est,
410 2637 750 2694 conveniret.
783 2638 944 2695 Plura
979 2651 1235 2710 praeterea
1268 2640 1514 2707 aderant,
1555 2649 1612 2694 ut
1651 2639 1764 2709 jam
1792 2655 1822 2692 a
1868 2637 2136 2708 principio
2181 2635 2391 2703 monui,
2423 2635 2616 2690 menda
2657 2643 2710 2686 et
2740 2638 2950 2695 errata;
3002 2625 3095 2682 sed
3125 2625 3192 2678 de
3237 2633 3386 2676 textu

124 2735 355 2802 quidem
389 2735 527 2788 nihil
563 2736 852 2790 immutare
892 2753 1059 2792 ausus
1085 2753 1249 2807 sum;
1290 2751 1439 2791 meas
1472 2751 1599 2790 vero
1633 2734 1997 2804 conjecturas,
2030 2732 2246 2788 notulas
2290 2739 2345 2786 et
2372 2729 2780 2785 emendationes
2827 2729 2883 2783 in
2915 2726 3181 2796 margine,
3211 2734 3384 2792 appo—

123 2831 237 2884 cito
287 2831 566 2884 asterisco
605 2847 700 2886 seu
759 2829 1018 2892 litterula,
1070 2828 1320 2897 ascripsi.

197 2922 402 2976 XXXI.
465 2922 533 2978 Ut
564 2938 694 2978 vero
721 2940 835 2979 rem
868 2922 1002 2977 mihi
1029 2921 1363 2991 propositam
1395 2933 1711 2989 prosequar,
1759 2918 1902 2973 hanc
1943 2916 2448 2988 interpretationem
2475 2925 2570 2971 aut
2597 2915 2841 2972 Graecum
2873 2913 3210 2972 Psalmorum
3232 2927 3385 2968 com-

125 3018 496 3080 mental-ium,
533 3032 694 3086 quem
729 3017 781 3070 in
813 3018 990 3072 lucem
1028 3017 1244 3081 damus,
1285 3015 1604 3071 recentioris
1635 3028 1768 3070 usus
1799 3022 1894 3068 aut
1924 3015 2184 3084 temporis
2217 3013 2359 3069 haud
2407 3013 2696 3084 quisquam
2727 3013 2895 3068 fuisse
2941 3021 3207 3075 autumet,
3258 3010 3388 3080 quia

124 3111 187 3166 in
228 3127 296 3166 eo
330 3114 531 3183 legitur
570 3113 948 3184 inscriptiones
987 3131 1081 3170 seu
1133 3115 1318 3170 titulos
1349 3115 1682 3184 psalmorum
1719 3114 1884 3169 rubro
1943 3115 2124 3168 colore
2153 3129 2247 3169 seu
2281 3114 2564 3169 cinnahari
2614 3111 2844 3180 scriptos
2882 3109 3070 3164 fuisse.
3104 3106 3384 3178 Siquidem

122 3225 349 3263 morem
381 3209 667 3264 adhibendi
705 3225 1034 3280 purpureum
1069 3211 1306 3265 colorem
1339 3209 1508 3263 minio
1536 3208 1616 3262 vel
1663 3207 1944 3262 cinnahari
1991 3206 2295 3262 confectum
2343 3208 2396 3261 in
2427 3207 2730 3263 scribendis
2764 3207 3049 3272 librorum,
3089 3219 3185 3259 seu
3232 3203 3382 3272 capi-

122 3321 273 3368 tum,
332 3317 426 3361 aut
460 3308 749 3362 lectionum
795 3307 969 3361 titulis
1004 3307 1164 3376 longe
1207 3315 1332 3360 ante
1360 3305 1643 3360 Athanasii
1689 3312 1902 3359 aetatem
1951 3315 2228 3374 receptum
2262 3303 2430 3360 fuisse
2462 3315 2576 3358 tum
2628 3303 2769 3372 apud
2820 3299 3064 3362 Latinos,
3097 3309 3208 3354 tum
3242 3298 3384 3366 apud

125 3403 382 3468 Graecos,
413 3414 466 3458 et
493 3405 726 3474 probant
751 3403 1106 3458 vetustissimi
1156 3402 1394 3468 codices,
1437 3411 1492 3456 et
1523 3401 1770 3471 pluribus
1808 3401 2106 3457 ostendunt
2164 3402 2272 3456 duo
2328 3401 2682 3456 eruditiSsimi
2717 3400 2817 3454 viri
2866 3398 3110 3469 ejusdem
3159 3396 3388 3451 Benedi-

121 3502 300 3557 clinaa
343 3499 774 3570 congregationis
816 3497 1156 3553 Mabillonius
1185 3507 1238 3552 et
1298 3496 1713 3552 Montfauconus
1747 3496 1891 3566 (75).
1928 3495 1994 3550 Ει
2059 3496 2276 3566 quidem
2314 3497 2368 3550 in
2417 3498 2534 3566 ipso
2566 3495 2929 3550 Alexandrino
2959 3495 3144 3550 codice
3189 3492 3376 3547 titulos

129 3595 480 3666 psalmorum
505 3595 673 3650 rubro
694 3593 877 3648 colore
905 3594 1198 3663 inscriptos
1230 3609 1349 3648 esse
1375 3601 1604 3648 testatur
1633 3591 1867 3647 Joannes
1893 3591 2156 3646 Ernestus
2193 3591 2372 3647 Grabe
2395 3593 2480 3647 his
2514 3593 2692 3647 verbis
2721 3609 2735 3646 :
2773 3611 2791 3643 ‹
2853 3591 3110 3660 Sequitur
3139 3588 3264 3644 inde
3299 3588 3384 3658 ip-

129 3704 264 3745 sum
288 3685 642 3752 Psalterium,
681 3687 735 3741 in
759 3700 870 3756 quo
892 3685 1184 3756 cujuslibet
1202 3685 1396 3756 psalmi
1432 3685 1734 3754 inscriptio,
1767 3693 1860 3738 aut
1894 3685 1986 3738 ubi
2016 3685 2164 3738 nulla
2190 3685 2370 3747 datur,
2401 3685 2560 3738 veluti
2596 3684 2790 3754 psalmi
2818 3682 2999 3754 primi,
3035 3681 3208 3751 prima
3242 3680 3384 3734 linea

130 3783 319 3838 minio
349 3783 551 3854 scripta
577 3791 680 3848 est,
727 3797 827 3838 nec
853 3797 962 3836 non
995 3796 1098 3836 vox
1127 3781 1424 3853 διάψαλμα,
1453 3784 1890 3852 quandocunque
1920 3780 2176 3849 occurrit,
2223 3781 2297 3848 id,
2364 3781 2511 3852 quod
2553 3782 2716 3837 etiam
2751 3783 2816 3837 de
2839 3782 3010 3837 titulis
3039 3782 3287 3845 odarum,
3329 3791 3386 3836 et

132 3879 455 3933 orationum
488 3878 714 3947 psalmis
743 3877 1113 3932 subnexarum
1151 3878 1438 3933 dicendum
1477 3889 1579 3933 est.
1619 3897 1638 3931 ›
1680 3877 1955 3932 Encausto
1999 3888 2200 3943 autem,
2238 3879 2383 3948 quod
2423 3894 2595 3948 genus
2627 3880 2917 3934 atramenti
2948 3887 3066 3933 erat
3123 3879 3391 3948 purpurei.

132 3969 344 4023 coloris
379 3984 442 4023 cx
471 3971 613 4024 cocti
637 3969 881 4032 muricis,
912 3968 992 4022 vel
1039 3969 1151 4021 triti
1195 3969 1464 4038 conchylii
1496 3983 1690 4023 cruore
1726 3968 2060 4034 confectum,
2096 3979 2156 4024 ut
2185 3971 2391 4025 nemini
2424 3980 2620 4041 praeter
2656 3971 3037 4041 imperatorem
3070 3973 3147 4026 uti
3175 3971 3382 4050 liceret,

131 4057 383 4127 illudque
411 4058 628 4125 habere,
674 4070 770 4117 aut
808 4080 1072 4133 quaerere,
1109 4066 1225 4137 lege
1273 4077 1493 4121 cautum
1519 4076 1602 4122 est
1627 4083 1658 4121 a
1693 4067 1876 4122 Leone
1902 4069 2231 4138 imperatore
2276 4069 2333 4124 in
2383 4071 2768 4128 constitutione
2801 4073 3076 4127 Hilariano
3121 4072 3391 4143 magistro

132 4155 469 4225 ofﬁciorum,
499 4167 554 4212 et
578 4161 810 4230 patricio
843 4164 1102 4234 inscripta
1130 4164 1266 4234 (74).
1294 4164 1520 4220 Exstant
1542 4166 1840 4220 etiamnum
1870 4165 1923 4219 in
1965 4166 2190 4222 archivo
2212 4168 2388 4223 castri
2421 4166 2604 4222 Sancti
2646 4167 2832 4237 Angeli
2866 4165 3232 4233 professiones
3258 4161 3387 4216 ﬁdei.

133 4248 456 4307 Graecorum
506 4255 896 4325 imperatorum
947 4258 1136 4314 Graece
1163 4269 1399 4324 tantum,
1431 4260 1515 4314 vel
1540 4259 1726 4315 Graece
1777 4270 1832 4315 et
1887 4259 2076 4316 Latine
2113 4263 2166 4316 in
2196 4262 2382 4316 charta
2423 4277 2746 4332 pergamena
2795 4261 3025 4329 scripta,
3085 4272 3384 4326 eorumque

133 4363 308 4401 manu
342 4361 604 4406 encausto
637 4354 977 4433 subscripta,
1027 4371 1162 4425 quas
1211 4356 1275 4409 ad
1307 4353 1610 4410 Romanam
1643 4358 1850 4426 sedem,
1891 4370 2152 4429 tanquam
2181 4359 2250 4413 ad
2285 4369 2445 4428 caput
2489 4361 2651 4411 totius
2690 4355 2965 4411 catholica:
2995 4352 3247 4407 Ecclesiae
3279 4351 3383 4404 mi-

134 4457 332 4503 serunt
366 4469 382 4505 :
421 4450 513 4505 sed
560 4465 626 4507 eo
658 4462 916 4518 revertor,
946 4453 1089 4508 unde
1125 4452 1401 4521 digressus
1438 4469 1581 4508 sum.

203 4537 426 4594 XXXII.
472 4539 756 4598 Neminem
790 4545 857 4599 ad
887 4557 1088 4600 temere
1115 4542 1530 4612 abjudicandam
1561 4559 1757 4614 magno
1800 4545 2104 4601 Athanasio
2136 4552 2376 4599 nostram
2410 4543 2818 4614 metaphrasim,
2849 4557 2942 4597 seu
2969 4543 3382 4598 translationem

133 4647 200 4685 ex
230 4647 300 4686 eo
325 4634 656 4688 commoveri
683 4634 868 4699 velim,
903 4633 1048 4704 quod
1081 4632 1132 4686 in
1165 4647 1229 4686 ea
1260 4648 1366 4685 non
1419 4632 1672 4701 leguntur
1713 4647 1834 4699 quae
1862 4648 1926 4686 cx
1975 4633 2033 4688 S.
2080 4632 2386 4687 Athanasio
2426 4632 2612 4686 laudat
2643 4629 2699 4686 S.
2733 4631 3037 4687 Germanus
3073 4632 3378 4700 patriarcha

132 4727 663 4800 liierosolymitanus
702 4732 757 4786 in
785 4730 1017 4802 epistola
1047 4730 1114 4784 ad
1149 4728 1414 4783 Thomam
1447 4729 1499 4782 in
1524 4729 1670 4783 hunc
1696 4729 1915 4784 modum
1946 4730 2059 4802 (75)
2090 4748 2103 4784 :
2146 4748 2165 4781 ι
2205 4728 2405 4784 Beatus
2429 4729 2760 4784 Athanasius
2785 4729 2915 4784 illud
2952 4729 3145 4798 psalmi
3174 4729 3381 4784 dictum-

130 4824 504 4892 interpretans
559 4844 572 4879 :
621 4824 725 4890 Qui
778 4826 922 4880 sedes
993 4841 1148 4894 super
1197 4823 1502 4888 cherubim,
1559 4839 1796 4894 appara,
1848 4826 2013 4881 talem
2089 4825 2157 4881 de
2215 4826 2325 4882 illis
2371 4824 2594 4880 tradidit
2640 4825 3070 4896 intelligentiam.
3121 4823 3189 4879 Et
3235 4835 3384 4881 certe

131 4915 358 4971 illorum
390 4916 675 4973 cherubim
709 4919 1030 4990 principalia
1055 4917 1340 4990 ἀρχέτυπα
1364 4917 1546 4988 ignota
1571 4927 1701 4973 sunt
1732 4918 2062 4974 omnimodis
2105 4927 2299 4973 natura
2338 4918 2648 4975 hominibus
2682 4939 2694 4974 ε
2733 4921 2953 4990 spiritus
2992 4921 3135 4975 enim
3167 4927 3219 4972 et
3240 4916 3378 4987 ignis

130 5009 435 5075 exsistunt,
469 5013 613 5066 etab
645 5012 792 5068 omni
829 5011 1097 5083 corporali
1124 5010 1451 5067 formatione
1480 5020 1642 5082 atque
1669 5023 1863 5067 natura
1895 5021 2176 5068 extranea.
2217 5031 2236 5064 ι
2269 5012 2324 5066 Si
2356 5022 2537 5068 autem
2577 5013 2690 5068 haec
2716 5013 2968 5068 Germani
3002 5012 3163 5066 verba
3191 5011 3374 5067 consi~

132 5106 418 5169 cierentur,
457 5107 680 5164 evidens
707 5116 810 5173 est,
852 5123 978 5164 eum
1014 5106 1239 5160 minime
1267 5107 1554 5172 allirmare,
1585 5122 1704 5178 qua:
1735 5123 1800 5162 ex
1836 5105 1892 5162 S.
1929 5108 2231 5164 Athanasio
2262 5108 2466 5174 laudat,
2511 5108 2580 5164 ab
2615 5124 2681 5164 eo
2716 5110 2770 5163 in
2812 5108 3199 5162 commentario
3225 5123 3379 5179 super

206 5333 323 5411 (ΖΙ)
356 5330 896 5411 Qard:_Tliomas.__i_n
923 5333 1075 5404 praef.
1103 5334 1340 5411 ad__Psal.
1367 5352 1506 5392 vers.
1544 5337 1703 5403 dist.;
1745 5336 1902 5394 Mart.
1939 5337 2151 5411 Proleg.
2185 5357 2260 5407 tv,
2284 5341 2337 5395 in
2369 5340 2512 5394 Bibl.
2559 5339 2619 5394 S.
2691 5337 2878 5405 llier.;
2920 5335 3098 5393 Vales.
3161 5337 3215 5393 in
3258 5350 3371 5396 net.

135 5400 434 5458 ad'Euseh.
474 5401 614 5455 (list.
643 5402 794 5463 εδει..
819 5400 1020 5470 ΙὶϋῘνΙ,
1052 5421 1100 5459 c.
1135 5406 1218 5459 t6.

204 5473 320 5548 (lg)
351 5471 550 5548 iloann.
584 5471 711 5548 Ern.
743 5471 906 5548 Grab.
939 5474 1086 5548 Prol.
1111 5476 1180 5528 ad
1215 5474 1322 5548 vet.
1350 5475 1482 5548 Test_.
1716 5475 1942 5548 interpr.
1971 5494 2036 5548 cx
2070 5476 2198 5531 Cod.
2224 5478 2377 5534 Alex.
2401 5491 2453 5532 c.
2485 5475 2534 5538 l,
2567 5475 2595 5547 §
2622 5477 2672 5532 1.

208 5541 323 5619 gs)
351 5541 556 5619 statim;
594 5546 672 5619 υς
699 5543 938 5619 re_dipl.,
963 5545 1066 5619 ne.
1095 5561 1209 5619 the.
1243 5545 1329 5619 to,
1363 5562 1419 5602 ιι.
1451 5546 1523 5610 5;
1559 5545 1693 5600 Monl

1132 5561 1209 5619 λε.
1243 5545 1329 5619 10,
1363 5562 1419 5602 ιι.
1451 5546 1523 5610 '5;
1559 5541 2247 5619 MontfaucfPalwagt-aph.
2275 5549 2367 5604 lib.
2407 5563 2444 5614 ι,
2485 5563 2533 5602 c.
2570 5541 2617 5601 ἱ.

205 5612 319 5685 (ῃ)
351 5612 480 5681 Leg.
519 5612 672 5685 Sacri
705 5612 926 5682 affatus,
958 5615 1088 5669 Cod.
1123 5614 1194 5667 De
1218 5616 1406 5685 divers.
1443 5619 1678 5685 rescript.

206 5684 318 5752 (75)
346 5686 464 5740 Act.
507 5698 555 5737 tv
584 5682 751 5739 Cone.
782 5685 895 5740 Nic.
933 5702 988 5749 ιι,
1016 5694 1146 5740 tom.
1179 5683 1244 5738 IV
1275 5685 1472 5739 Conril.
1504 5682 1691 5756 Hard.,

507 5698 555 5737 tv
584 5682 751 5739 Cone.
782 5685 895 5740 Nic.
933 5702 988 5749 ιι,
1016 5694 1146 5740 tom.
1179 5683 1244 5738 IV
1275 5685 1472 5739 Conril.
1504 5682 1833 5758 Hard.,pag.
1855 5685 1977 5742 258.
