3760 6270
389 252 492 308 635
1223 251 1278 306 S.
1322 251 1692 310 ATHANASII
1733 254 1882 312 OPP.
1918 255 2098 312 PARS
2139 255 2222 312 III.
2257 287 2328 296 —
2365 254 2772 313 EXEGETICA.
3514 261 3632 318 636

390 369 632 425 Psasmos
662 379 862 440 scripta
895 370 1082 427 fuisse.
1110 373 1294 442 Itaque
1324 375 1725 446 tieripotest,ut
1749 379 1912 433 verba
1952 379 2045 434 illa
2088 377 2338 434 Davidiea
2378 398 2393 432 :
2440 377 2545 445 Qui
2593 379 2737 434 sedes
2789 395 2944 450 super
2983 380 3249 436 cherubim
3298 381 3382 439 “:
3429 383 3486 437 in
3510 385 3630 437 alio

385 460 571 532 Opere,
588 461 732 530 quod
764 461 822 514 B.
840 460 1276 533 archiepiscopus
1307 465 1618 534 scripserat,
1639 469 2034 537 explanaverit,
2061 478 2114 524 et
2145 469 2287 539 quod
2319 468 2448 522 illud
2477 469 2542 524 ad
2568 481 2806 526 nostram
2823 479 3033 526 aetatem
3052 472 3274 528 minime
3286 475 3620 543 pervenerit;

385 556 540 625 plura
583 554 728 609 enim
767 563 962 624 praeter
991 569 1053 609 ea
1084 570 1205 624 quae
1242 557 1381 628 typis
1405 557 1670 627 impressa
1703 568 1850 624 sunt,
1886 559 1943 614 S.
1974 560 2332 615 Athanasium
2378 562 2680 630 scripsisse,
2697 570 2810 616 tum
2843 578 2911 617 ex
2945 563 3214 620 veteribus
3237 565 3623 635 scriptoribus,

386 659 500 704 tum
537 663 606 705 ex
635 649 874 718 antiquis
904 648 1106 706 Graacis
1140 651 1419 706 codicibus
1465 652 1811 708 manifestum
1845 661 1949 720 est,
1977 663 2031 710 et
2065 654 2408 725 potissimum
2438 671 2503 710 ex
2539 657 2906 713 vetustissima
2937 668 3124 713 catena
3153 657 3460 716 Graecorum
3504 659 3621 714 Pa-

387 752 552 808 trum,
580 757 742 813 quam
771 743 882 798 fere
927 753 1091 798 totam
1127 760 1244 799 mea
1274 761 1436 799 manu
1461 745 1722 817 descripsi
1747 766 1814 804 ex
1853 751 1961 805 alio
1991 750 2284 820 antiquiori
2313 751 2500 807 codice
2545 752 2704 808 annis
2737 753 2806 807 ab
2855 754 2984 809 hinc
3015 755 3341 825 octingentis
3385 755 3621 826 scripta,

386 840 475 894 ubi
504 839 806 912 fragmenta
836 840 1134 895 afferuntur
1158 857 1222 896 ex
1268 843 1390 897 aliis
1419 845 1748 900 sanctissimi
1783 847 2022 918 episcopi
2069 847 2346 916 operibus,
2403 858 2594 917 prteter
2638 865 2701 903 ea
2750 865 2873 919 qua:
2918 866 2949 905 a
2985 849 3146 922 Patre
3189 849 3620 918 Montl'aucono,

383 932 674 992 Guillelmo
699 933 896 999 Cavea,
925 932 1233 999 Lambeeio,
1282 934 1550 1002 Fabricio,
1594 937 1808 992 Oudino
1838 941 2070 1009 aliisque
2113 949 2504 994 memorantur.
2546 941 2819 996 Adrianus
2850 943 3014 996 etiam
3049 957 3189 1014 papa
3237 946 3339 1000 hoc
3387 945 3624 1000 nomine

383 1030 592 1101 primus
634 1030 687 1083 in
712 1029 940 1099 epistola
968 1031 1035 1083 ad
1068 1028 1324 1085 Carolum
1359 1029 1612 1103 Magnum
1659 1035 2033 1089 auctoritatem
2061 1035 2217 1090 aiI‘ert
2253 1051 2319 1091 ex
2350 1037 2744 1092 commentario
2774 1036 2830 1092 S.
2861 1039 3146 1094 Athanasii
3169 1056 3323 1110 super
3365 1039 3622 1095 Psalmos

383 1127 471 1182 his
506 1127 682 1183 verbis
712 1145 726 1182 :
759 1145 775 1177 ‹
812 1127 942 1180 Item
996 1125 1052 1180 8.
1097 1127 1381 1184 Athanasii
1405 1130 1472 1185 de
1513 1131 1960 1200 interpretatione
1992 1132 2325 1202 psalmorum
2357 1133 2496 1187 inter
2535 1143 2727 1188 caetera
2761 1151 2774 1187 :
2807 1132 3010 1190 Civitas
3035 1133 3178 1190 enim
3228 1135 3462 1200 Domini,
3490 1152 3626 1206 quae

383 1237 604 1278 sursum
633 1220 931 1276 Jerusalem
977 1221 1020 1253 ¹⁸
1063 1239 1075 1276 :
1108 1221 1286 1293 imago
1321 1233 1499 1279 autem
1529 1240 1718 1280 eorum
1762 1229 2054 1283 terrestris.
2099 1226 2252 1294 Quod
2293 1227 2436 1282 enim
2472 1227 2625 1294 dicit,
2683 1228 2788 1283 tale
2815 1235 2945 1282 est:
2998 1223 3263 1290 Quoniam
3313 1224 3620 1290 terrestris,

383 1319 582 1390 inquit,
612 1319 783 1373 induti
817 1329 944 1373 sunt
984 1317 1296 1387 imaginem,
1329 1323 1382 1369 et
1414 1332 1520 1371 non
1559 1318 1816 1382 emlestis,
1862 1329 2079 1388 propter
2127 1319 2232 1373 hoc
2269 1318 2336 1372 ad
2385 1319 2615 1373 nihilum
2666 1319 2997 1387 redigentur.
3049 1315 3286 1370 Audient
3336 1316 3478 1370 enim
3516 1317 3617 1370 illo

382 1423 668 1484 tempore:
721 1410 912 1466 Nescio
964 1427 1050 1464 vos
1107 1411 1202 1464 ":
1253 1419 1436 1479 utpote
1464 1424 1572 1464 non
1623 1411 1843 1465 indutos
1882 1411 2068 1466 eadem
2114 1410 2327 1465 Domini
2385 1410 2636 1482 imagine.
2675 1429 2694 1463 ι
2757 1410 2995 1466 Adriano
3052 1409 3268 1466 additur
3315 1409 3617 1466 Chronico.

381 1508 820 1570 Alexandrinum,
850 1506 1007 1576 cujus
1037 1505 1223 1570 verba,
1252 1513 1366 1558 tum
1395 1506 1557 1559 etiam
1592 1505 1818 1560 Adriani
1847 1521 1953 1560 non
1994 1506 2247 1576 leguntur
2279 1505 2333 1558 in
2371 1513 2555 1561 nostra
2586 1505 2962 1570 translatione,
3005 1504 3098 1560 sed
3128 1505 3182 1558 in
3217 1504 3616 1558 commentario

380 1622 534 1676 super
562 1603 805 1659 Psalmos
836 1604 1205 1668 inveniuntur,
1247 1603 1389 1672 quod
1421 1602 1629 1657 editum
1663 1615 1746 1658 est
1777 1604 1919 1659 inter
1944 1603 2048 1658 alia
2078 1619 2242 1674 opera
2275 1619 2305 1657 a
2333 1602 2394 1658 P.
2427 1601 2811 1659 Montl‘aucono
2851 1603 3080 1673 ejusque
3108 1601 3291 1656 sociis.
3328 1598 3432 1655 Sed
3467 1601 3620 1654 haud

379 1702 592 1760 diﬂicile
621 1709 704 1756 est
741 1703 1067 1771 respondere
1095 1708 1288 1768 praeter
1321 1699 1733 1754 translationem
1777 1715 1873 1754 seu
1909 1699 2247 1770 μετάφρασιν
2295 1715 2459 1769 quam
2503 1699 2737 1763 edimus,
2773 1697 2830 1752 S.
2867 1697 3224 1752 Athanasium
3257 1696 3418 1751 etiam
3457 1696 3614 1750 illum

379 1793 855 1854 commentarium,
890 1792 934 1846 si
972 1791 1046 1845 ita
1089 1789 1361 1858 aliquibus
1391 1789 1586 1859 placet,
1629 1791 2032 1858 composuisse;
2072 1789 2156 1844 vel
2196 1799 2359 1853 certe,
2411 1788 2555 1858 quod
2604 1788 2694 1842 ille
2724 1796 2866 1842 esset
2916 1786 3221 1852 Athanasii,
3265 1801 3388 1841 cum
3436 1785 3617 1855 ipsius

379 1903 574 1945 nomen
604 1887 879 1958 praeferret
922 1885 1275 1955 inscriptione
1301 1883 1587 1953 deceptum
1617 1883 1916 1937 Adrianum
1962 1898 2177 1953 papam,
2222 1891 2281 1937 ut
2311 1883 2372 1938 Ρ.
2411 1881 2799 1936 Montl‘aueono
2830 1881 3062 1950 aliisque
3091 1879 3210 1950 ejus
3241 1879 3404 1935 sociis
3433 1880 3616 1934 conti-

379 1983 522 2055 gisse
543 1982 776 2049 videtur,
818 1980 1127 2037 crediderit.
1164 1979 1318 2045 Quod
1351 1994 1502 2044 sane,
1537 1986 1594 2032 ut
1638 1979 1771 2033 mihi
1815 1979 2194 2048 persuadeam,
2221 1993 2288 2033 eo
2318 1979 2490 2048 magis
2526 1977 2753 2031 Indueor
2781 1978 2906 2047 quia
2941 1976 2996 2030 in
3027 1976 3213 2031 eadem
3243 1975 3468 2044 epistola
3503 1976 3615 2030 alia

379 2088 506 2134 sunt
535 2093 656 2149 qua:
679 2092 864 2132 eorum
893 2082 1203 2132 sanctorum
1231 2089 1372 2137 esse,
1404 2089 1638 2144 quorum
1665 2074 1979 2128 nominibus
2012 2073 2381 2138 ascribuntur,
2405 2087 2566 2127 nemo
2599 2081 2748 2127 certo
2770 2087 3016 2128 asserere
3044 2085 3108 2126 ac
3139 2077 3397 2142 praestare
3419 2071 3613 2125 volue-

378 2170 469 2224 rit.
519 2169 649 2236 Qua:
692 2181 819 2222 vero
843 2167 896 2220 in
933 2166 1190 2220 Chronico
1221 2165 1583 2219 Alexandrino
1632 2165 1920 2230 habentur,
1952 2174 2012 2220 ut
2047 2165 2208 2220 etiam
2234 2165 2301 2220 de
2344 2164 2437 2219 illo
2469 2163 2673 2234 aliquid
2703 2163 2903 2238 dicam,
2944 2164 3148 2234 integra
3174 2179 3280 2219 non
3312 2170 3528 2219 exstant
3556 2161 3612 2214 in

379 2269 776 2322 commentario
809 2267 1031 2322 Patrum
1058 2265 1552 2332 Benedictinorum,
1580 2273 1635 2321 et
1673 2265 1899 2334 insuper
1931 2263 2227 2319 Chronicon
2263 2263 2392 2317 illud
2440 2263 2596 2332 plura
2637 2263 3032 2334 apocryphalet
3066 2261 3404 2332 supposititia
3432 2259 3613 2314 conti-

379 2368 489 2414 net.
521 2357 746 2413 Demum
777 2359 1312 2416 animadvertendum
1344 2369 1449 2426 est,
1481 2375 1604 2432 qua:
1636 2359 1947 2414 referuntur
1981 2360 2143 2414 veluti
2169 2375 2235 2413 ex
2263 2359 2321 2413 S.
2360 2359 2661 2414 Athanasio
2690 2373 2722 2412 a
2750 2357 2810 2416 S.
2849 2357 3140 2425 Germano,
3165 2365 3220 2412 et
3249 2357 3318 2412 ab
3343 2354 3609 2410 Adriano,

377 2456 690 2526 hujusmodi
721 2467 868 2520 sunt,
913 2468 972 2513 ut
1011 2459 1351 2515 translationi
1387 2474 1482 2514 seu
1515 2459 1846 2530 μετάφρασι,
1877 2473 2066 2528 parum
2115 2467 2239 2527 apta
2271 2474 2392 2514 esse
2421 2458 2726 2523 videantur,
2759 2458 2851 2512 sed
2901 2453 3292 2511 commentario
3342 2451 3527 2522 potius
3553 2459 3610 2504 et

376 2551 570 2609 fusiori
607 2552 946 2608 Psalmorum
988 2555 1312 2624 expositioni
1359 2555 1534 2624 magis
1565 2555 1912 2616 conveniant,
1949 2569 2013 2607 ac
2052 2552 2279 2622 proinde
2311 2551 2548 2607 validum
2595 2552 2717 2606 inde
2744 2559 3122 2621 argumentum
3153 2547 3295 2603 sumi
3326 2544 3512 2615 nequit
3537 2545 3606 2598 ad

375 2646 729 2715 quastionem
756 2646 1072 2702 movendam
1117 2646 1184 2701 de
1215 2654 1435 2700 auctore
1466 2653 1664 2700 nostra;
1695 2645 2094 2707 translationis,
2130 2644 2177 2698 si
2232 2643 2285 2696 in
2323 2659 2387 2698 ea
2420 2659 2527 2698 non
2576 2642 2916 2712 reperiantur
2944 2657 3066 2711 qua
3111 2638 3448 2694 translationi
3498 2637 3606 2690 mi-

356 2742 524 2797 -nime
557 2752 894 2813 congruunt;
930 2743 1040 2796 imo
1082 2743 1264 2812 potius
1312 2741 1380 2795 ab
1428 2738 1746 2810 hujusmodi
1781 2739 2037 2793 brevibus
2087 2747 2141 2792 et
2179 2738 2580 2808 compendiosis
2617 2736 3052 2806 expositionibus
3109 2735 3285 2789 aliena
3333 2733 3605 2794 videntur,

375 2833 498 2889 ideo
521 2834 602 2888 vel
629 2834 912 2890 Athanasii
953 2849 1061 2889 non
1093 2842 1240 2899 sunt,
1281 2833 1374 2888 sed
1417 2849 1512 2902 per
1539 2847 1780 2888 errorem
1812 2831 1863 2887 ei
1893 2833 2150 2902 ascripta,
2185 2832 2266 2886 vel
2304 2832 2358 2885 in
2389 2831 2796 2886 commentariis
2839 2829 3029 2886 fusiori
3063 2831 3202 2900 stylo
3233 2826 3469 2896 scriptis,
3509 2826 3606 2894 qui

377 2934 680 2996 temporum
716 2926 852 2983 forte
874 2928 1096 2998 injuria,
1129 2937 1187 2982 ut
1224 2928 1377 2997 plura
1421 2928 1524 2982 alia
1557 2927 1924 2998 deperierunt,
1958 2928 2248 2998 quaerenda
2279 2938 2427 2983 sunt.
2471 2927 2602 2993 Quae
2640 2927 2857 2998 quidem
2887 2936 3030 2980 recte
3063 2940 3179 2979 mea
3207 2922 3472 2978 sententia
3498 2922 3604 2975 dici

375 3030 608 3093 possunt
633 3006 703 3077 de.
722 3023 979 3078 omnibus
999 3023 1122 3079 aliis
1151 3039 1271 3092 quae
1294 3025 1394 3078 sub
1430 3023 1648 3078 nomine
1677 3024 1962 3078 Athanasii
1995 3024 2246 3092 leguntur
2274 3023 2327 3076 in
2355 3023 2564 3078 catenis
2585 3021 2806 3077 Patrum
2842 3021 3002 3077 editis
3031 3037 3060 3074 a
3096 3018 3443 3073 Balthazarre
3470 3015 3606 3070 Coro

375 3115 526 3170 derio
553 3115 800 3184 aliisque.
832 3114 1095 3170 Praeterea
1126 3132 1221 3185 pro
1253 3117 1645 3172 commentario
1675 3125 1860 3172 nostro
1885 3133 1982 3172 seu
2023 3117 2470 3187 interpretatione
2506 3115 2707 3172 tuenda
2748 3123 2895 3170 certe
2943 3113 3076 3168 illud
3113 3111 3328 3168 silentio
3379 3118 3605 3180 praeter-

376 3210 699 3265 mittendum
730 3225 839 3265 non
877 3219 994 3276 est,
1029 3213 1173 3281 quod
1206 3212 1294 3278 iis,
1329 3228 1448 3282 quae
1477 3228 1508 3266 a
1541 3212 1598 3267 S.
1629 3213 1902 3268 Germano
1933 3222 2190 3282 tanquam
2229 3228 2295 3267 ex
2340 3212 2624 3268 Athanasii
2679 3212 2897 3282 scriptis
2943 3210 3260 3279 allegantur,
3311 3203 3604 3260 admodum

375 3314 738 3360 consentanea
767 3314 1040 3376 suntquae
1073 3307 1323 3378 leguntur
1355 3309 1409 3362 in
1444 3317 1631 3364 nostra
1677 3308 2010 3379 metaphrasi
2047 3309 2111 3362 ad
2152 3309 2420 3378 psalmum
2463 3324 2556 3364 cm
2579 3351 2593 3375 ,
2641 3309 2732 3363 ubi
2778 3307 2845 3362 ad
2877 3307 3038 3361 verba
3063 3306 3155 3360 illa
3185 3304 3225 3336 ¹⁷
3263 3322 3276 3357 :
3327 3301 3428 3367 Qui
3472 3298 3604 3368 facit

377 3396 587 3467 angelos
627 3414 747 3453 suos
773 3400 1010 3468 spiritus,
1046 3410 1094 3453 et
1126 3402 1395 3454 ministros
1418 3418 1538 3456 suos
1568 3402 1707 3472 ignis
1742 3403 2035 3471 ﬂammam,
2064 3403 2178 3458 hzec
2202 3403 2490 3472 subjicitur
2520 3401 2891 3472 interpretatio
2921 3419 2935 3454 ε
2964 3421 2982 3452 ι
3011 3397 3352 3454 Manifestum
3381 3393 3599 3464 quidem

377 3500 478 3555 est,
505 3491 647 3560 quod
681 3493 850 3547 sancti
879 3493 997 3562 ejus
1020 3494 1233 3564 (nempe
1267 3495 1463 3565 angeli)
1507 3495 1731 3565 spiritus
1766 3506 1912 3558 sunt,
1950 3504 2005 3551 et
2037 3495 2265 3551 virtutes
2301 3497 2672 3552 ministrantes
2705 3495 2753 3550 ei
2785 3502 2912 3550 sunt
2937 3493 3097 3566 ignis.
3152 3509 3170 3542 ι
3225 3487 3380 3555 Levis
3431 3485 3599 3537 etiam

378 3585 639 3640 momenti
665 3588 829 3650 'sunt,
861 3597 914 3642 et
950 3588 1154 3643 nullius
1197 3587 1309 3644 fere
1340 3590 1614 3659 ponderis,
1643 3606 1764 3660 qum
1794 3591 1848 3644 in
1889 3590 2114 3656 Manilo,
2146 3591 2290 3661 quod
2321 3591 2667 3662 praemittitur
2696 3588 3083 3644 commentario
3116 3581 3394 3640 Athanasii
3422 3577 3598 3634 nomi-

377 3693 444 3732 ne
473 3677 752 3748 inscripto,
790 3680 858 3734 ab
889 3681 1077 3736 iisdem
1117 3681 1372 3738 Patribus
1396 3682 1760 3739 Benedictinis
1792 3695 2051 3753 tanquam
2074 3701 2138 3739 ex
2169 3684 2510 3740 Theodoreto
2545 3685 2863 3739 all'eruntur.
2895 3682 3136 3736 Primum
3176 3677 3304 3749 quia
3335 3691 3442 3729 non
3474 3679 3607 3728 sunt

376 3769 724 3841 Theodoreti,
751 3783 810 3828 ut
840 3774 941 3844 ipsi
972 3776 1224 3839 innuunt,
1256 3777 1350 3830 sed
1381 3777 1614 3846 alicujus
1651 3777 2004 3832 amanuensis
2036 3778 2203 3848 ignoti
2240 3778 2498 3841 nominis,
2529 3792 2583 3832 et
2624 3778 2843 3831 incerta:
2869 3775 3066 3839 atatis,
3112 3787 3176 3826 ac
3205 3767 3428 3840 proinde
3482 3761 3608 3818 nul-

375 3866 482 3921 lius
516 3869 854 3924 auctoritatis
885 3889 897 3923 :
927 3870 1138 3934 deinde,
1173 3872 1300 3940 quia
1340 3872 1430 3926 illa
1480 3873 1664 3926 omnia
1693 3914 1709 3938 ,
1761 3889 1881 3942 quae
1929 3874 1998 3929 de
2025 3875 2149 3929 aliis
2181 3877 2319 3929 dicta
2354 3884 2501 3938 sunt,
2542 3874 2608 3929 de
2657 3874 2821 3944 hujus
2851 3872 3132 3943 scriptoris
3181 3868 3479 3939 fragmento
3505 3875 3603 3915 seu

374 3959 688 4014 testimonio
718 3961 824 4015 dici
853 3972 1082 4030 possunt
1111 3980 1124 4016 :
1167 3963 1386 4017 demum
1419 3976 1478 4018 ut
1509 3965 1807 4034 generatim
1850 3981 1914 4020 ae
1959 3966 2196 4020 breviter
2237 3967 2619 4036 respondeam,
2655 3977 2710 4020 et
2735 3966 2923 4036 paucis
2949 3963 3227 4020 ostendam
3262 3974 3423 4032 quam
3452 3958 3605 4012 inﬁr-

375 4064 527 4106 mum
559 4053 628 4107 sit
656 4061 1033 4123 argumentum
1062 4055 1208 4122 quod
1250 4056 1375 4110 inde
1407 4071 1436 4110 a
1466 4057 1786 4112 clarissimis
1831 4057 2082 4113 Patribus
2129 4057 2496 4115 Benedictinis
2541 4059 2780 4124 ducitur,
2827 4068 2885 4114 ut
2912 4054 3362 4114 commentarium
3394 4052 3460 4107 de
3491 4065 3602 4121 quo

376 4144 558 4212 agitur
590 4143 647 4199 S.
674 4145 976 4200 Athanasio
1009 4147 1338 4214 ascribatur,
1365 4164 1431 4204 ex
1464 4165 1530 4204 eo
1559 4150 1704 4220 quod
1738 4167 1878 4206 unus
1905 4151 1987 4207 vel
2011 4153 2148 4206 alter
2181 4153 2333 4209 locus
2359 4163 2600 4209 veterum
2627 4155 2952 4224 scriptorum
2981 4151 3073 4222 qui
3094 4147 3374 4204 Athanasii
3399 4143 3600 4212 scripta

375 4236 686 4303 laudarunt,
711 4236 766 4290 in
799 4252 865 4292 eo
896 4237 1241 4305 inveniatur;
1280 4241 1526 4310 exemplo
1555 4251 1677 4296 utar
1721 4243 2234 4298 commentariorum
2267 4245 2319 4298 in
2349 4245 2618 4310 Psalmos,
2666 4247 2759 4316 qui
2804 4243 3114 4314 Hieronymi
3170 4255 3365 4296 nomen
3409 4235 3602 4291 inscri-

374 4335 527 4397 ptum
552 4327 772 4392 habent,
808 4328 862 4382 in
889 4328 1087 4398 quibus
1121 4331 1220 4385 etsi
1249 4347 1308 4386 ea
1343 4348 1464 4402 qua:
1492 4332 1549 4389 S.
1579 4334 1918 4405 Augustinus
1944 4345 1998 4392 et
2033 4336 2090 4392 S.
2123 4339 2420 4409 Gregorius
2453 4339 2535 4394 VII
2575 4349 2630 4394 et
2660 4340 2775 4410 ipse
2814 4337 3178 4407 Hieronymus
3204 4349 3269 4388 ex
3307 4330 3423 4388 suis
3452 4344 3600 4384 com-

376 4418 653 4474 mentariis
681 4419 736 4472 in
758 4415 1079 4474 Psalterium
1118 4421 1330 4493 allegat,
1374 4422 1762 4492 inveniantur;
1799 4433 1979 4480 tamen
2027 4443 2174 4482 nunc
2205 4444 2399 4484 omnes
2441 4427 2554 4482 fere
2593 4427 2794 4484 eruditi
2828 4421 3072 4480 unanimi
3099 4435 3370 4477 consensu
3403 4433 3600 4472 conve-

373 4509 552 4572 aiunt,
579 4525 686 4564 non
728 4524 850 4564 esse
880 4509 1002 4566 illos
1029 4509 1090 4565 Β.
1125 4509 1454 4582 Hieronymo
1490 4513 1868 4582 ascribendos,
1911 4516 2006 4572 sed
2039 4517 2194 4573 alteri
2226 4519 2500 4589 scriptori,
2546 4519 2641 4588 qui
2682 4518 2960 4588 aliquanto
2997 4523 3118 4586 post
3153 4511 3324 4570 sancti
3361 4511 3599 4566 doctoris

373 4608 587 4656 aetatem
620 4602 857 4670 scripsit.

449 4747 687 4802 XXXIII.
729 4749 798 4802 At
826 4765 954 4804 vero
981 4750 1123 4805 alius
1147 4752 1418 4821 quispiam
1448 4752 1684 4810 fortasse
1712 4755 1816 4811 erit
1850 4757 1944 4827 qui
1973 4757 2039 4812 ad
2070 4757 2441 4828 denegandam
2469 4774 2667 4828 magno
2699 4756 2996 4812 Athanasio
3024 4764 3263 4812 nostram
3296 4753 3598 4823 metaphra~

375 4847 500 4913 sim,
526 4847 649 4901 inde
683 4845 785 4900 sibi
816 4861 923 4901 non
953 4847 1125 4902 levem
1166 4848 1537 4918 conjecturam
1575 4861 1628 4906 et
1659 4863 2038 4919 argumentum
2072 4866 2358 4927 suppetere
2402 4857 2627 4925 putabit,
2674 4857 2818 4926 quod
2862 4863 3051 4909 auctor
3078 4851 3319 4922 ejusdem
3363 4850 3597 4905 transla-

374 4937 542 4993 tionis
566 4937 779 4992 beatam
812 4935 1082 5006 Virginem
1115 4938 1394 5007 Θεοτόκον,
1425 4941 1527 4995 hoc
1552 4951 1654 5008 est,
1705 4943 2008 5014 Deiparam,
2055 4954 2352 5016 nuncupat,
2387 4963 2509 5002 cum
2539 4945 2776 5002 Joannes
2803 4945 3070 5002 Meursius
3103 4945 3155 4998 in
3200 4958 3299 4998 suo
3329 4939 3597 4996 Glossario

376 5028 623 5095 auirmet,
662 5047 680 5079 σ
721 5028 944 5083 inditum
983 5045 1104 5086 esse
1143 5031 1247 5086 hoc
1269 5048 1466 5088 nomen
1492 5034 1648 5090 Matri
1683 5036 1897 5092 Domini
1937 5054 2000 5092 ac
2034 5036 2330 5094 Salvatoris
2363 5041 2533 5095 nostri
2565 5039 2692 5095 Jesu
2731 5040 2933 5096 Christi
2970 5056 3002 5094 a
3035 5037 3238 5110 synodo
3269 5052 3301 5090 v
3329 5034 3595 5090 Constan-

377 5123 732 5194 tiuopolitana
761 5133 1002 5194 tempore
1021 5123 1335 5182 Iustiniani.
1369 5147 1388 5180 ι
1419 5126 1712 5186 Enimvero
1735 5131 1781 5187 si
1813 5132 1940 5203 quis
1971 5133 2044 5187 ita
2071 5133 2172 5188 sibi
2218 5134 2589 5204 persuaderet,
2613 5136 2774 5206 longe
2805 5151 2836 5189 a
2858 5135 3084 5190 veritate
3105 5135 3394 5190 aberraret.
3428 5129 3600 5200 Quip-

376 5225 443 5278 Ρη
474 5215 640 5269 multo
669 5226 794 5272 ante
831 5217 1117 5274 Athanasii
1150 5232 1362 5278 aetatem
1405 5239 1468 5280 ea
1508 5241 1640 5282 voce
1683 5243 1814 5284 usos
1842 5245 1964 5286 esse
1995 5231 2200 5287 veteres
2230 5230 2438 5299 Patres,
2475 5232 2836 5288 indubitatum
2870 5241 2970 5288 est.
3003 5232 3182 5299 Quare
3209 5229 3461 5287 Socrates
3482 5226 3596 5300 (76)

444 5439 489 5474 ’δ
519 5441 662 5498 Psal.
696 5459 876 5510 Lxxtx,
905 5444 961 5499 2.
1037 5446 1080 5479 ¹⁸
1117 5447 1292 5505 Galat.
1326 5466 1401 5516 tv,
1453 5449 1540 5506 26.
1645 5453 1688 5484 ’⁸
1751 5452 1929 5509 Matth.

1165 5448 1292 5505 alat.
1326 5466 1401 5516 iv,
1453 5449 1540 5506 26.
1645 5453 1688 5484 ’⁸
1751 5452 1941 5509 Matth.
1993 5467 2114 5521 xxv,
2186 5452 2274 5509 12.
2351 5449 2650 5512 "Verani.

451 5625 562 5694 (76)
593 5626 735 5686 Hist.
770 5632 892 5686 ecrl.
925 5632 1018 5688 lib.
1055 5649 1151 5700 vn,
1183 5650 1231 5690 c.
1263 5636 1349 5692 32.
