3760 6270
116 312 220 368 637
782 311 867 368 DE
906 307 1184 366 TlTULIS
1222 305 1666 363 PSALMOHUM.
1706 337 1776 347 —
1811 305 2206 363 ANTONELLI
2253 304 2638 362 PHAEFATIO.
3275 293 3376 354 658

115 431 366 488 inscitiae
400 429 592 500 arguit
625 427 965 494 Nestorium,
1011 429 1102 499 qui
1154 427 1294 482 hanc
1328 440 1512 481 vocem
1559 424 1818 478 Geméxov
1850 432 2106 496 tanquam
2135 439 2328 480 novam
2360 421 2660 494 rejiciebat,
2703 419 2961 493 quoniam
2991 416 3179 474 eadem
3220 427 3378 469 usum

119 524 296 578 fuisse
332 521 577 577 afﬁrmat
604 519 891 594 Origenem
917 530 971 576 et
1015 519 1309 575 Eusebium
1359 517 1774 574 Cwsariensem.
1821 515 2072 574 Profecto
2125 518 2315 573 eadem
2369 531 2469 571 vox
2496 513 2692 586 legitur
2740 515 2796 568 in
2842 511 3082 583 Epistola
3136 505 3380 577 Dionysii

117 613 515 680 Alexandrini,
551 628 714 682 quam
748 612 996 666 adversus
1021 608 1253 663 Paulum
1310 607 1711 664 Samosatenmn
1734 608 1970 678 scripsit,
2004 617 2058 662 et
2111 607 2166 662 in
2197 607 2427 678 epibtola
2483 621 2646 677 quam
2703 605 2954 659 adversus
2993 603 3110 657 Arii
3141 599 3383 654 hwresim

119 704 445 760 Alexander
476 701 825 757 Alexandriae
855 700 1168 771 episcopus,
1198 707 1262 755 et
1279 697 1561 753 Athanasii
1591 699 1644 752 in
1689 697 2055 753 Alexandrina
2087 699 2215 754 sede
2256 698 2624 768 praedecessor
2658 695 2724 751 ad
2757 696 3071 766 episcopum
3113 691 3386 747 Constan-

121 795 583 866 tinopolitan'um,
625 791 1006 863 cognominem
1048 805 1228 857 suum,
1266 791 1508 861 aliosque
1541 791 1822 860 episcopos
1851 793 2116 847 adversus
2150 789 2340 843 Arium
2390 787 2618 859 ejusque
2650 801 2864 842 errores
2895 785 3074 854 misitf;
3123 797 3245 854 quae
3279 780 3387 834 uti-

123 905 255 960 que,
284 897 565 959 quantum
595 902 696 958 ego
734 901 954 951 censeo,
983 885 1184 955 scripta
1221 893 1306 940 est
1347 886 1415 940 ab
1463 887 1582 955 ipso
1611 883 1931 952 Athanasio,
1967 901 2076 954 quo
2107 883 2413 951 defensore,
2446 893 2519 949 et,
2554 892 2614 937 ut
2653 882 2728 936 ita
2766 881 2964 948 dicam,
2998 877 3255 935 catholici
3287 875 3386 930 do-

125 986 328 1056 grnatis
352 985 630 1040 advocato
651 993 704 1040 et
729 991 959 1066 patrono
989 982 1043 1036 in
1069 980 1284 1037 Nicaana
1335 983 1540 1054 synodo
1584 983 1698 1052 ipse
1726 980 2032 1036 Alexander
2065 997 2200 1036 usus
2246 988 2361 1048 est;
2413 996 2536 1035 cum
2590 978 2734 1034 enim
2768 974 3137 1034 archidiaconi
3186 985 3387 1027 munus

127 1081 185 1134 in
219 1077 475 1132 Ecclesia
506 1075 874 1130 Alexandrina
919 1074 1208 1139 obtineret,
1256 1074 1550 1129 verisimile
1582 1081 1668 1129 est
1709 1072 1872 1128 etiam
1920 1073 2330 1128 scribendarum
2380 1073 2730 1142 epistolarum
2775 1085 2962 1127 curam
3001 1068 3078 1135 ei,
3105 1067 3220 1138 qui,
3253 1073 3390 1120 teste

131 1174 348 1230 Ruﬂino
385 1172 531 1240 (77),
578 1170 870 1227 Alexandri
899 1170 1138 1240 episcopi
1171 1170 1415 1224 consiliis
1451 1170 1658 1234 aderat,
1685 1169 2067 1224 demandatum
2100 1169 2289 1223 fuisse.
2326 1167 2582 1223 Profecto
2617 1167 2904 1239 epistolam
2930 1163 3076 1218 illam
3111 1168 3388 1216 auctorem

133 1270 336 1324 habere
360 1265 754 1329 Athanasium,
784 1277 904 1316 eam
949 1270 1155 1316 attente
1191 1260 1581 1325 consideranti,
1613 1269 1669 1314 et
1701 1275 1826 1314 cum
1864 1259 1986 1315 aliis
2037 1259 2323 1314 Athanasii
2356 1259 2615 1328 operibus
2659 1255 2960 1312 conferenti
2988 1251 3144 1306 facile
3167 1262 3390 1320 persua-

133 1361 376 1416 debitur.
414 1358 531 1413 Sed
563 1358 783 1412 demum
811 1355 916 1408 hac
943 1352 1012 1408 de
1040 1369 1100 1408 re
1145 1352 1296 1408 nulla
1330 1352 1384 1407 in
1433 1352 1742 1423 cujuspiam
1777 1352 1962 1407 animo
1996 1352 2263 1408 dubitatio
2308 1351 2544 1407 insidere
2588 1359 2785 1421 potest,
2815 1349 2860 1404 si
2885 1347 3028 1403 edita
3059 1343 3117 1400 S.
3151 1340 3391 1413 episcopi

135 1469 299 1524 opera
339 1451 694 1522 inspexerit;
730 1449 978 1520 pluribus
1005 1447 1151 1502 enim
1186 1447 1242 1501 in
1270 1447 1409 1503 locis
1448 1447 1674 1502 Mariam
1709 1446 1992 1518 Virginem
2027 1446 2288 1500 Θεοτόκον
2313 1453 2592 1514 nuncupat
2633 1442 2982 1499 beatissimus
3018 1435 3389 1502 Athanasius;

135 1549 208 1601 ita
242 1547 314 1648 in
342 1545 607 1600 oratione
663 1543 821 1598 tertia
852 1550 906 1597 et
928 1549 1126 1612 quarta
1176 1547 1368 1596 contra
1431 1540 1688 1609 Arianos,
1729 1539 1786 1595 in
1830 1539 1975 1596 libro
2007 1537 2083 1594 De
2131 1537 2528 1605 Incarnatione,
2585 1544 2641 1593 et
2689 1538 2742 1592 in
2773 1535 2913 1590 libro
2963 1543 3142 1588 contra
3186 1526 3391 1598 Apolli-

205 1725 462 1781 XXXIV.
493 1723 554 1780 Si
579 1725 703 1796 quis
731 1738 860 1780 vero
893 1723 1024 1778 mihi
1056 1723 1330 1795 negotium
1363 1722 1630 1778 facessere
1654 1721 1819 1790 velit,
1848 1721 2185 1793 persuadens
2215 1721 2320 1777 sibi
2352 1719 2838 1782 commentarium,
2869 1731 2960 1772 seu
2996 1708 3396 1781 interpretatio-

140 1838 285 1888 nem,
317 1821 510 1892 quade
536 1820 735 1892 agitur,
761 1819 1002 1891 sequiori
1023 1828 1179 1874 actate
1207 1819 1462 1890 scriptam
1486 1818 1658 1873 fuisse
1681 1833 1749 1872 ex
1775 1817 1844 1872 iis
1863 1832 1986 1888 qua:
2009 1817 2264 1872 adnotata
2291 1824 2586 1873 occurrunt
2607 1815 2664 1870 in
2696 1818 3074 1883 argumentum
3104 1802 3297 1876 psalmi
3321 1815 3395 1865 γι,

137 1925 191 1969 et
221 1891 358 1969 alibi
394 1914 456 1966 in
487 1913 637 1968 hunc
665 1913 922 1968 modum:
959 1930 979 1965 ι
1006 1909 1222 1967 Titulus
1249 1911 1570 1981 praepositus
1594 1909 1836 1966 continet
1883 1908 1991 1964 :In
2025 1909 2182 1980 ﬁnem
2223 1911 2276 1962 in
2310 1909 2517 1980 hymnis
2566 1923 2659 1976 pro
2709 1913 2892 1959 octava
2927 1899 3172 1954 Psatmus
3210 1891 3407 1948 David.-

140 2009 255 2066 Hoc
283 2021 480 2065 autem
512 2010 812 2080 signiﬁcat:
843 2008 902 2064 lu
947 2010 1273 2066 saeculorum
1308 2006 1780 2063 consummatione
1811 2006 1986 2062 sancti
2037 2005 2340 2076 rogabunt,
2376 2012 2436 2058 ut
2471 2003 2766 2058 liberentur
2805 2015 2835 2053 a
2883 1994 3122 2066 judicio,
3162 1999 3215 2046 et
3252 1985 3400 2056 digni

139 2109 271 2162 ﬁant
291 2116 523 2162 aeterna:
547 2106 808 2163 mercedis
837 2106 1226 2161 retributione:
1261 2117 1411 2160 sexto
1443 2105 1586 2159 enim
1613 2104 1812 2160 saeculo
1833 2112 2243 2159 consummatur
2271 2099 2542 2155 mundus:
2569 2097 2796 2168 septimo
2821 2102 3000 2149 autem
3027 2090 3214 2145 orbem
3247 2095 3402 2139 terra:

135 2201 355 2270 judicat
387 2198 693 2254 Dominus:
727 2208 917 2254 octavo
941 2213 1069 2253 vero
1095 2197 1150 2250 hi
1180 2198 1380 2252 abeunt
1407 2196 1461 2250 in
1487 2197 1651 2252 vitam
1675 2205 1954 2258 aeternam,
1979 2203 2033 2248 et
2061 2193 2114 2246 hi
2147 2193 2200 2246 in
2231 2191 2557 2261 supplicium
2591 2200 2873 2244 aeternum.
2906 2185 3198 2252 Propterea
3225 2179 3403 2233 dictus

141 2306 226 2352 est
259 2298 577 2367 psalmus:
614 2293 682 2348 In
723 2295 877 2363 ﬁnem
907 2297 963 2347 in
990 2294 1198 2363 hymnis
1231 2309 1324 2360 pro
1352 2301 1553 2358 octava,
1589 2307 1654 2347 eo
1699 2291 1843 2361 quod
1892 2287 2191 2345 liberentur
2233 2285 2408 2342 sancti
2453 2285 2508 2339 in
2535 2291 2758 2347 octava;
2785 2300 2802 2332 ›
2829 2281 2881 2334 id
2910 2294 2940 2333 a
2968 2292 3054 2332 me
3085 2282 3404 2342 responsum

142 2389 314 2454 ferat,
353 2397 576 2444 tantum
607 2390 797 2443 abesse
815 2428 830 2453 ,
857 2397 914 2441 ut
949 2387 1076 2442 hinc
1097 2385 1301 2456 aliquid
1329 2393 1518 2440 contra
1545 2400 1607 2439 ea
1629 2358 1750 2454 qua:
1775 2383 1841 2438 de
1865 2389 2088 2436 auctore
2113 2375 2487 2434 commentarii
2519 2372 2788 2435 disserui,
2823 2368 3002 2437 colligi
3024 2362 3195 2435 possit
3217 2400 3231 2425 ,
3269 2358 3404 2429 quin

141 2487 334 2556 potius
361 2485 614 2555 ejusdem
641 2483 938 2555 antiquitas
967 2489 1266 2537 astruatur.
1293 2479 1479 2551 Neque
1504 2453 1658 2535 enim,
1675 2488 1885 2534 veteres
1913 2475 2102 2531 Patres
2128 2474 2233 2529 alia
2269 2472 2480 2527 ratione
2509 2469 2672 2524 locuti
2705 2474 2833 2522 sunt
2858 2464 2924 2518 de
2955 2461 3191 2516 Sabbato
3210 2496 3225 2522 ,
3261 2462 3313 2507 ct
3339 2453 3406 2506 de

141 2578 353 2635 Octava
379 2620 393 2645 ,
429 2589 484 2635 et
510 2579 578 2634 de
603 2578 824 2647 psalmis
858 2577 951 2646 qui
1000 2577 1107 2630 Pro
1134 2587 1318 2630 octava
1353 2548 1744 2630 inscribuntur.
1781 2573 1858 2628 lta
1893 2572 2112 2642 quidem
2146 2568 2202 2624 S.
2238 2566 2517 2622 Barnabas
2565 2563 2618 2616 in
2674 2576 2770 2616 sua
2818 2555 3058 2628 Epistola
3103 2548 3404 2610 catholica,

143 2673 174 2746 ᾗ
217 2675 286 2727 15
308 2715 324 2738 ,
354 2672 452 2727 ubi
485 2671 725 2741 loquitur
751 2671 818 2725 de
851 2640 1087 2724 Sabbato
1113 2668 1338 2740 ejusque
1373 2667 1836 2732 sanctificatione;
1861 2640 1996 2718 etin
2032 2662 2178 2717 notis
2211 2661 2277 2715 ad
2309 2659 2473 2712 verba
2519 2653 2760 2726 ejusdem
2807 2648 3061 2719 Epistola:
3109 2640 3407 2698 Cotelerius

143 2767 310 2821 affert
335 2781 405 2820 ex
441 2765 630 2820 codice
660 2764 1032 2833 manuscripto
1060 2762 1422 2833 fragmentum
1456 2760 1704 2817 Graecum
1739 2759 1796 2813 S.
1827 2757 2038 2821 lrenazi,
2067 2755 2222 2825 cujus
2257 2751 2444 2812 verba,
2472 2763 2595 2803 cum
2624 2743 2912 2799 admodum
2947 2736 3146 2794 similia
3189 2732 3299 2788 sint
3341 2727 3408 2784 iis

146 2879 275 2938 quae
308 2863 370 2916 in
402 2869 592 2915 nostro
615 2861 1009 2920 commentario
1041 2859 1325 2928 leguntur,
1359 2872 1467 2913 non
1491 2857 1736 2938 alienum
1765 2855 1868 2911 erit
1894 2870 1924 2909 a
1958 2869 2017 2908 re
2053 2863 2236 2907 nostra
2268 2849 2458 2902 Latine
2492 2845 2698 2900 reddita
2733 2842 2837 2896 hoc
2866 2839 2986 2893 loco
3020 2833 3232 2890 afferre.
3259 2832 3316 2883 In
3344 2846 3409 2884 eo

146 2954 406 3028 quidem,
444 2954 619 3008 allatis
648 2951 944 3022 Scriptura:
964 2925 1144 3007 verbis
1175 2966 1240 3006 ex
1265 2952 1438 3020 capite
1470 2928 1709 3005 secundo
1738 2947 1984 3011 Genesis,
2016 2946 2129 2999 haec
2154 2942 2495 2998 subduntur:
2531 2957 2549 3020 τ
2575 2928 2688 2991 Hoc
2717 2942 2896 2989 autem
2927 2938 3011 2986 est
3033 2941 3087 2984 et
3115 2925 3410 2981 antefacto-

147 3066 280 3105 rum
312 3047 557 3101 narratio
597 3057 651 3102 et
672 3046 978 3103 futurorum
1003 3045 1306 3117 prOphetia.
1340 3044 1436 3101 Est
1464 3044 1610 3099 enim
1632 3042 1746 3098 dies
1778 3041 1990 3096 Domini
2016 3037 2171 3108 quasi
2202 3035 2347 3090 mille
2373 3010 2608 3089 anni.'ln
2637 3045 2729 3086 sex
2755 3028 2918 3098 igitur
2937 3024 3129 3078 diebus
3150 3035 3409 3076 consum-

149 3149 309 3194 mata
345 3147 476 3192 sunt
503 3153 625 3208 quae
656 3136 798 3192 facta
831 3147 976 3194 sunt.
1007 3135 1354 3193 Manifestum
1380 3151 1510 3207 ergo
1540 3143 1624 3191 est
1668 3135 1924 3206 quoniam
1958 3129 2358 3187 consummatio
2393 3127 2636 3196 ipsorum
2669 3132 2854 3178 sextus
2886 3118 3206 3174 millesimus
3237 3126 3411 3166 annus

152 3245 262 3291 est.
296 3231 370 3287 Et
395 3233 624 3302 septima
654 3232 740 3287 die
770 3231 954 3288 orbem
974 3231 1219 3301 judicat:
1255 3238 1309 3286 et
1331 3241 1519 3287 octava
1540 3271 1556 3296 ,
1585 3244 1705 3299 quae
1737 3235 1821 3283 est
1849 3226 2093 3281 futurum
2120 3220 2378 3278 saeculum
2405 3258 2419 3283 ,
2456 3218 2592 3272 alios
2623 3215 2838 3286 quidem
2888 3211 3051 3266 tradit
3094 3208 3149 3262 in
3195 3218 3410 3275 paruam

154 3334 428 3378 aeternam
453 3362 467 3386 ,
502 3323 640 3377 alios
666 3322 723 3376 in
744 3322 931 3377 vitam.
963 3297 1189 3390 Propter
1218 3321 1323 3375 hoc
1361 3319 1492 3374 dicti
1549 3297 1675 3373 sunt
1728 3316 1919 3386 psalmi
1949 3315 2060 3369 Pro
2112 3322 2318 3367 octava.
2365 3307 2562 3362 Eadem
2605 3307 2856 3376 leguntur
2894 3304 2946 3358 in
2983 3300 3204 3369 antiqua
3247 3297 3414 3350 inter-

160 3421 476 3489 pretatione
507 3419 699 3473 Latina
728 3419 852 3472 libri
893 3417 1067 3487 quinti
1102 3418 1350 3471 adversus
1382 3416 1601 3471 hazreses
1637 3413 1882 3484 ejusdem
1921 3411 2106 3465 lraanci
2138 3407 2289 3479 ('78):
2323 3405 2377 3458 in
2429 3403 2673 3457 eamdem
2723 3398 3046 3456 sententiam
3081 3391 3240 3446 verba
3288 3387 3416 3442 facit

161 3486 436 3586 brigenes
467 3516 520 3569 in
549 3516 686 3568 libro
725 3486 1140 3568 contraPCelsum
1170 3511 1320 3583 (79);
1353 3510 1672 3581 Hippolytus
1695 3508 1836 3576 apud
1863 3506 2112 3561 Photium
2144 3502 2291 3571 (80);
2329 3509 2520 3553 auctor
2553 3497 2917 3562 Quwstionum
2947 3499 2995 3544 et
3025 3486 3414 3554 responsionum

167 3612 317 3665 inter
347 3623 511 3678 opera
544 3606 742 3662 Justini
774 3604 1020 3675 Martyris
1047 3578 1196 3675 (8i),
1223 3578 1275 3657 et
1303 3578 1618 3656 Lactantius
1647 3600 1784 3652 libro
1815 3597 2044 3666 septimo
2075 3591 2478 3648 Institutiouum
2510 3589 2620 3658 (89.)
2649 3606 2662 3654 ;
2693 3588 2886 3656 quibus
2918 3578 3147 3636 addendi
3185 3581 3312 3631 sunt
3347 3588 3415 3627 ex

169 3708 388 3764 Latinis
421 3707 478 3761 S.
505 3705 864 3778 Hieronymus
888 3669 941 3757 in
978 3669 1204 3772 epistola
1232 3700 1299 3754 ad
1345 3697 1712 3770 Cyprianum;
1750 3695 1808 3750 S.
1844 3694 2183 3763 Augustinus
2219 3692 2292 3748 De
2325 3693 2534 3746 civitate
2577 3685 2674 3738 Dei
2709 3681 2854 3753 (85),
2900 3687 2952 3732 et
2999 3676 3052 3729 in
3095 3669 3416 3742 expositione

171 3799 373 3864 psalmi
401 3798 570 3862 sexti;
600 3797 964 3854 Cassiodorus
995 3795 1048 3848 in
1080 3792 1220 3848 libro
1253 3791 1535 3845 Variarum
1565 3788 1715 3858 (84):
1745 3801 1811 3841 ex
1841 3784 2041 3840 Graecis
2063 3793 2242 3838 autem
2276 3782 2333 3838 S.
2366 3779 2656 3853 Gregorius
2682 3773 3054 3830 Nazianzenus
3086 3767 3139 3821 in
3173 3763 3417 3820 oratione

173 3897 228 3950 in
258 3905 506 3948 sanctum
527 3892 890 3957 Pentecosten,
918 3905 1039 3961 qua:
1079 3902 1163 3943 est
1193 3885 1612 3957 quadragesima
1637 3892 1831 3954 quarta
1867 3881 2008 3935 inter
2039 3879 2248 3947 editas;
2281 3879 2545 3934 Eusebius
2567 3868 2916 3930 Caesariensis
2948 3866 3001 3919 in
3026 3854 3417 3917 commentario

175 4000 234 4053 in
266 3987 532 4055 psalmum
554 4001 605 4039 v1
629 4004 644 4052 ;
678 3987 868 4039 auctbr
897 3979 1238 4048 expositionis
1267 3978 1322 4031 in
1346 3952 1588 4030 Psalmos
1616 3952 1924 4029 a—Patribus
1951 3969 2314 4025 Benedictinis
2343 3967 2401 4023 S.
2429 3963 2730 4021 Athanasio
2751 3957 2996 4026 ascripta:
3022 3952 3077 4006 in
3101 3952 3419 4018 argumento

177 4039 377 4150 psalmi
400 4076 568 4144 sexti;
691 4073 930 4130 Joannes
957 4039 1323 4126 Damascenus
1367 4067 1420 4120 in
1443 4066 1691 4137 ~humilia
1727 4064 1800 4118 De
1837 4062 2302 4132 transﬁguratione
2331 4058 2578 4123 Domini,
2613 4065 2665 4110 et
2706 4052 2782 4106 De
2813 4051 2915 4121 ﬁde
2942 4045 3231 4102 orthodoxa
3266 4039 3418 4111 (85);

179 4172 385 4240 aliique
416 4168 710 4239 scriptores
743 4176 859 4222 tum
889 4164 1062 4221 Graeci
1087 4203 1102 4228 ,
1133 4171 1246 4217 tum
1278 4159 1477 4216 Latini.
1513 4155 1720 4212 Horum
1753 4165 1933 4211 autem
1960 4154 2144 4209 verbis
2174 4153 2392 4208 omissis
2413 4193 2430 4218 ,
2465 4166 2532 4205 ne
2574 4146 2786 4217 longior
2833 4143 2939 4198 sim
2970 4153 3133 4210 quam
3177 4145 3419 4209 oportet,

182 4230 360 4321 solu'm
385 4263 492 4318 hoc
519 4230 639 4317 loco
668 4258 887 4314 aderam
924 4271 1046 4327 quae
1069 4253 1256 4310 eadem
1285 4253 1351 4308 de
1375 4266 1434 4306 re
1460 4250 1648 4305 scribit
1680 4247 1739 4301 S.
1775 4245 2013 4302 Jacobus
2037 4243 2330 4300 Nisibenus
2354 4243 2663 4312 episcopus,
2690 4238 2782 4308 qui
2813 4243 2968 4291 aetate
3001 4233 3175 4300 major
3203 4230 3422 4300 quidem

183 4355 492 4412 Athanasio
525 4328 660 4418 fuit:
684 4351 778 4407 sed
806 4365 931 4406 cum
959 4364 1049 4413 eo,
1075 4345 1204 4402 dum
1237 4345 1417 4401 adhuc
1437 4341 1816 4396 Alexandrina:
1846 4337 2102 4393 Ecclesia:
2129 4337 2392 4392 diaconus
2419 4341 2581 4396 esset,
2606 4330 2658 4384 in
2685 4327 2901 4381 Nicaana
2932 4323 3136 4394 synodo
3157 4318 3420 4374 interfuit.

184 4409 321 4517 Ejus
349 4459 541 4515 opera,
573 4409 738 4512 digna
760 4440 978 4511 quidem
1010 4409 1130 4508 qua:
1158 4437 1212 4490 in
1236 4436 1412 4489 lucem
1437 4433 1723 4502 prodeant,
1749 4444 1860 4484 non
1886 4428 2064 4483 adhuc
2087 4427 2226 4498 typis
2250 4426 2512 4494 impressa
2542 4429 2688 4484 sunt,
2719 4427 2771 4472 et
2794 4432 2824 4470 a
2843 4413 3087 4485 pluribus
3104 4409 3422 4466 clarissimis

185 4503 552 4612 scripto-ribus
580 4503 840 4612 tanquam
871 4503 1078 4602 perdita
1105 4529 1494 4600 deplorentur;
1524 4525 1618 4580 sed
1650 4522 1791 4593 apud
1824 4535 1942 4586 me,
1969 4527 2025 4574 et
2068 4520 2196 4574 alibi
2243 4517 2478 4572 fortasse
2518 4510 2882 4580 manuscripta
2917 4508 3184 4563 exsistunt
3213 4503 3422 4590 'lingua

184 4597 451 4692 Arniena.
481 4631 719 4704 Operurn
752 4603 934 4685 autem
960 4627 1018 4682 S.
1047 4597 1239 4681 Jacobi
1271 4638 1337 4678 ex
1369 4620 1612 4690 antiquis
1638 4617 2000 4688 scriptoribus
2019 4657 2035 4683 ,
2065 4614 2200 4670 ut'id
2223 4613 2398 4669 obiter
2422 4612 2740 4664 admoneam
2765 4646 2779 4671 ,
2812 4602 3056 4658 meminit
3079 4597 3422 4660 Gennadius,

187 4731 285 4801 qui
313 4730 438 4784 ideo
465 4734 618 4798 putat
659 4726 714 4780 in
743 4723 996 4794 Catalogo
1017 4719 1492 4776 ecclesiasticarum
1524 4716 1840 4782 scriptorum
1868 4714 1936 4768 de
1983 4712 2088 4767 illis
2131 4710 2193 4764 Β.
2244 4708 2634 4778 Hieronymum
2685 4692 3010 4756 mentionem
3050 4712 3160 4752 non
3195 4693 3390 4749 fecisse
3411 4734 3426 4760 ,

188 4823 323 4894 quia
351 4821 595 4875 nondum
629 4834 658 4874 e
683 4816 820 4889 Syro
850 4829 1107 4872 sermone
1137 4813 1193 4867 in
1224 4811 1388 4867 aliam
1418 4809 1658 4879 linguam
1683 4821 1838 4863 versa
1869 4804 2106 4861 fuerant.
2146 4801 2318 4858 Verba
2360 4809 2540 4855 autem
2573 4794 2840 4852 Genuadii
2869 4792 2994 4847 talia
3025 4797 3190 4847 sunt:
3231 4806 3250 4838 ι
3273 4784 3428 4839 Hunc

187 4919 373 4973 virum
404 4916 468 4970 Β.
523 4915 884 4988 Hieronymus
929 4913 984 4967 in
1033 4913 1172 4967 libro
1210 4906 1526 4983 Χρονικῶν,
1572 4905 1717 4960 velut
1749 4918 2069 4974 magnarum
2107 4901 2368 4956 virtutum
2411 4896 2686 4956 hominem
2738 4890 3056 4950 nominans;
3088 4886 3142 4939 in
3175 4878 3427 4948 Catalogo

189 5011 515 5080 scriptorum
547 5023 646 5062 cur
672 5023 780 5063 non
815 5005 1089 5076 posuerit,
1121 5001 1281 5056 facile
1311 4997 1693 5056 excusabitur:
1728 4995 1774 5052 si
1807 4993 2216 5051 consideremus
2255 4992 2402 5062 ipsos
2445 4999 2588 5053 tres,
2649 4985 2731 5042 vel
2765 4990 2998 5054 quatuor
3045 4974 3244 5047 Syros,
3287 4986 3426 5042 quos

267 5148 386 5213 (77)
421 5146 564 5200 Hist.
589 5145 719 5199 εστι.
751 5144 846 5199 lib.
877 5160 915 5206 ι,
954 5159 1004 5197 c.
1033 5141 1088 5195 5.

267 5218 386 5286 (τε)
419 5217 543 5270 Lib.
575 5232 627 5280 v,
666 5232 787 5285 cap.
819 5214 914 5277 9.8,
937 5213 1028 5267 29.

269 5288 388 5358 (79)
425 5286 546 5358 ω)-
574 5302 632 5358 ιιε

268 5351 384 5426 (80)
414 5355 674 5426 Biblioth.
701 5351 824 5407 cod.
857 5364 1054 5406 ccxctt.

270 5425 385 5498 (81)
418 5425 708 5498 Respjl.

294 5495 387 5564 89.)
423 5497 556 5566 Cap.
583 5495 670 5550 14.

300 5557 393 5636 85)
424 5557 543 5622 Lib.
571 5583 662 5626 xx.
688 5579 739 5619 c.
768 5563 871 5636 l5;
902 5571 954 5617 et
982 5576 1116 5625 xxii,
1150 5574 1198 5615 c.
1228 5557 1316 5614 30.

276 5632 392 5708 (84)
417 5637 536 5708 Lib.
572 5654 611 5701 ι,
637 5651 726 5706 ep.
761 5632 844 5687 lO.

287 5703 402 5782 (85)
436 5707 554 5763 Lib.
589 5703 810 5775 tv,'cap.
845 5703 933 5758 23.
