3760 6270
379 275 483 327 039
1149 273 1208 330 s.
1247 271 1612 328 ATHANASII
1650 273 1798 328 ore.
1844 339 1849 342 _

2201 305 2266 316 —
2296 275 2698 336 EXEGETICA.
3519 277 3651 332 640

377 387 590 457 posuit,
629 386 1020 453 interpretatos
1051 388 1102 441 in
1135 386 1383 443 Graecum
1418 404 1476 443 sc
1506 388 1734 458 legisse.
1767 399 2060 454 testatum;
2094 391 2234 444 unde
2263 401 2475 446 constat
2519 408 2641 448 eum
2688 394 2966 463 ignorasse
3004 395 3096 451 illo
3141 406 3379 466 tempore
3413 394 3644 464 Syram

376 475 614 548 linguam
649 475 733 531 vel
760 474 994 535 litteras.
1027 477 1093 533 Et
1125 479 1245 535 ideo
1275 479 1453 545 hunc,
1483 480 1577 549 qui
1612 481 1837 535 necdum
1871 481 1924 535 in
1954 481 2116 536 aliam
2160 497 2350 538 versus
2387 494 2472 539 est
2499 484 2772 556 linguam,
2816 487 3056 543 nescisse
3101 488 3439 558 scriptorem.
3481 504 3503 538 ι
3547 485 3644 540 Ita

374 569 712 629 Gennadius.
741 571 821 630 At
853 591 982 631 vero
1014 590 1122 646 quo
1154 584 1395 645 tempore
1421 573 1782 648 Hieronymus
1819 576 2017 632 librum
2042 575 2120 631 De
2147 578 2510 633 ecclesiasticis
2540 581 2878 651 scriptoribus
2905 583 3237 652 composuit,
3266 581 3473 650 optime
3500 579 3639 650 jam

375 665 604 722 callebat
633 665 882 737 lingtiam
917 667 1218 739 Syriacam.
1248 666 1525 736 Siquidem
1562 682 1683 722 eum
1725 667 1919 721 librum
1955 667 2220 732 absolvit,
2246 679 2305 724 ut
2331 670 2446 740 ipse
2474 679 2730 735 testatur,
2767 687 2910 726 anno
2935 672 3146 726 decimo
3170 683 3365 742 quarto
3393 672 3633 740 imperii

377 757 672 813 Theodosii
702 760 822 832 (86)
847 803 862 828 ,
897 762 999 816 hoc
1029 769 1112 815 est
1144 774 1288 814 anno
1317 757 1531 813 Domini
1563 757 1668 812 592
1699 758 1752 811 in
1803 756 2252 815 Bethlehemitico
2295 775 2549 829 secessu,
2600 778 2724 817 cum
2751 763 2862 832 jam
2908 771 3053 818 esset
3096 774 3382 833 provectus
3412 771 3632 829 aetate,

376 869 581 910 annum
611 869 781 928 agens
812 855 1208 926 sexagesimum
1242 853 1477 908 circiter.
1511 852 1694 921 ltaque
1727 860 1838 906 tum
1872 852 1953 907 vel
1982 853 2222 924 linguam
2259 853 2519 925 Syrorum
2545 854 2826 920 didicerat,
2849 855 2934 910 vel
2960 871 3259 926 nunquam,
3289 856 3434 926 quod
3461 863 3632 912 certe

375 949 575 1006 falsum
603 960 711 1017 est,
738 951 948 1006 didicit.
978 949 1058 1004 Ad
1087 949 1200 1004 hac
1226 949 1452 1013 accedit,
1484 947 1623 1016 quod
1650 947 1830 1016 plures
1858 964 2032 1004 annos
2063 959 2354 1019 antequam
2384 965 2520 1021 opus
2557 950 2628 1004 De
2659 950 3025 1007 ecclesiasticis
3058 952 3398 1022 scriptoribus
3421 952 3631 1009 absol-

373 1054 542 1108 veret.
579 1061 707 1102 cum
733 1046 1014 1101 Hebraicte
1047 1045 1243 1114 linguae
1269 1043 1512 1099 notitiam
1545 1043 1772 1112 adeptus
1793 1053 1956 1111 esset,
1989 1044 2365 1100 Chaldaeorum
2396 1061 2614 1115 quoque
2638 1046 2938 1102 ediscenda:
2963 1061 3181 1116 operam
3211 1045 3398 1102 sedulo
3430 1045 3622 1105 dedit.

373 1135 585 1209 Lingua
611 1149 790 1196 autem
820 1139 1112 1196 Chaldaica
1135 1147 1188 1194 et
1224 1136 1464 1209 Syriaca,
1491 1136 1658 1190 veluti
1690 1136 1927 1205 ejusdem
1960 1137 2156 1208 linguai
2179 1137 2408 1194 diversa:
2441 1138 2676 1206 dialecti,
2706 1139 2839 1194 adeo
2875 1139 3014 1194 inter
3041 1153 3100 1194 se
3132 1138 3316 1194 amnes
3351 1151 3511 1203 sunt,
3556 1144 3624 1189 ut

374 1232 423 1289 si
453 1233 831 1289 characterum
860 1231 1228 1287 diversitatem
1252 1271 1267 1295 ,
1299 1244 1392 1284 seu
1430 1229 1731 1283 litterarum
1770 1230 1999 1282 formam
2030 1236 2084 1284 et
2127 1229 2394 1300 figuram,
2434 1230 2716 1300 quibusin
2761 1231 3045 1286 scribendo
3088 1230 3322 1287 Chaldaei
3365 1240 3418 1284 et
3482 1229 3618 1302 Syri

377 1331 605 1378 utuntur
629 1363 644 1386 ,
682 1331 736 1378 et
766 1322 1056 1378 nonnullas
1089 1335 1281 1376 vocum
1307 1318 1718 1373 terminationes
1737 1359 1750 1382 ,
1775 1328 1829 1371 et
1856 1335 2028 1388 pauca
2063 1321 2307 1390 quaedam
2337 1322 2442 1375 alia
2472 1323 2620 1392 parvi
2647 1323 2907 1377 momenti
2933 1323 3204 1394 excipias,
3235 1323 3433 1378 eaedem
3466 1338 3622 1392 pene

377 1414 508 1480 sint,
533 1417 671 1470 adeo
698 1424 756 1469 ut
776 1415 869 1484 qui
893 1414 1128 1480 alteram
1153 1427 1218 1466 ex
1247 1412 1333 1466 his
1358 1411 1528 1473 novit,
1561 1409 1718 1466 facile
1745 1419 2031 1481 utramque
2054 1411 2334 1482 intelligat.
2366 1411 2590 1483 Insuper
2617 1414 2792 1483 posito
2812 1415 2972 1469 etiam
2997 1416 3137 1485 quod
3160 1417 3395 1488 linguam
3420 1415 3622 1486 Syria-

374 1525 495 1566 cam
521 1509 884 1580 Hieronymus
909 1507 1213 1577 ignoraret,
1247 1515 1424 1560 tamen
1453 1504 1504 1558 id
1537 1505 1759 1559 minime
1787 1505 2171 1575 impedimento
2194 1523 2313 1562 esse
2346 1517 2554 1577 poterat
2575 1550 2588 1572 ,
2622 1511 2916 1578 quominus
2949 1512 3013 1566 de
3037 1512 3290 1582 operibus
3323 1511 3380 1568 S.
3413 1512 3616 1570 Jacobi

373 1599 617 1656 Nisibeni
645 1598 844 1668 aliquid
879 1597 1071 1652 litteris
1100 1595 1367 1661 traderet,
1402 1595 1856 1665 quemadmodum
1881 1596 1947 1650 de
1976 1594 2033 1650 S.
2060 1596 2314 1667 Ephrem,
2343 1599 2568 1668 ejusque
2600 1600 2752 1655 libris
2783 1601 3002 1672 Syriace
3038 1603 3252 1672 scriptis
3297 1603 3351 1656 in
3383 1603 3618 1658 laudato

374 1695 628 1775 Catnlogo
666 1695 956 1748 illustrium
986 1695 1218 1748 virorum
1253 1693 1579 1748 mentionem
1639 1692 1766 1748 fecit
1806 1694 1860 1747 in
1910 1693 2054 1749 hunc
2083 1696 2326 1749 modum.
2365 1713 2383 1745 ε
2425 1694 2604 1760 Multa,
2652 1696 2869 1765 inquit,
2915 1695 3050 1768 Syro
3092 1713 3341 1752 sermone
3365 1713 3600 1767 compo-

375 1790 500 1846 suit.
526 1809 546 1842 ι
581 1786 766 1857 Neque
794 1788 938 1843 enim
969 1804 1093 1842 cum
1122 1788 1261 1843 inter
1293 1787 1461 1860 Syros
1487 1789 1732 1858 degeret,
1761 1804 1920 1858 opera
1955 1788 2012 1844 S.
2037 1788 2222 1845 Jacobi
2251 1790 2510 1851 Nisibeni,
2539 1792 2582 1844 si
2617 1792 2798 1861 lingua
2829 1791 3086 1864 Syrorum
3118 1794 3318 1863 scripta
3344 1792 3606 1857 fuissent,

369 1896 436 1936 ae
464 1880 691 1950 proinde
722 1879 791 1932 ob
820 1879 1061 1932 auctoris
1086 1878 1450 1933 celebritatem
1487 1877 1743 1932 omnibus
1770 1877 1927 1948 vulgo
1955 1889 2080 1934 nota
2102 1889 2313 1945 essent,
2337 1880 2586 1951 ignorare
2610 1896 2729 1936 eum
2760 1882 3001 1951 potuisse
3025 1925 3039 1948 ,
3071 1884 3364 1939 verisimile
3395 1893 3500 1939 est.
3531 1883 3608 1938 At

373 1989 503 2028 vero
536 1989 642 2028 non
668 1974 843 2028 solum
875 1972 1186 2043 liierouymi
1209 1981 1364 2027 aetate
1385 2015 1400 2039 ,
1425 1973 1518 2028 sed
1545 1975 1706 2028 etiam
1733 1984 1919 2045 postea
1953 1973 2214 2043 temporis
2247 1975 2386 2043 apud
2435 1973 2601 2046 Syros
2632 1984 2686 2029 et
2719 1974 3062 2046 Syriacarum
3096 1991 3274 2030 rerum
3305 1977 3606 2047 scriptores

372 2067 517 2122 nulla
544 2067 748 2121 mentio
772 2075 856 2122 est
878 2067 944 2120 de
973 2064 1030 2120 S.
1062 2065 1250 2120 Jacobi
1271 2065 1512 2122 Nisibeni
1539 2068 1813 2138 operibus,
1845 2068 2042 2137 quippe
2065 2084 2185 2137 quae
2215 2068 2280 2122 ab
2315 2069 2430 2138 ipso
2453 2084 2563 2122 non
2596 2067 2838 2140 Syriaca,
2873 2071 2965 2124 sed
2997 2071 3227 2125 Armena
3251 2071 3456 2139 lingua,
3490 2086 3604 2141 qua

371 2164 622 2219 utebatur
658 2163 715 2217 S.
749 2161 1047 2232 Gregorius
1069 2162 1436 2226 llluminator,
1461 2180 1491 2216 a
1521 2178 1631 2233 quo
1659 2172 1878 2232 rogatus
1903 2179 1965 2218 ea
1992 2163 2318 2232 composuit,
2349 2163 2551 2233 scripta
2585 2163 2824 2218 fuerunt.
2849 2163 3034 2234 Itaque
3060 2166 3141 2219 vel
3170 2165 3419 2220 mendum
3463 2166 3608 2220 irre.

371 2255 476 2324 psit
504 2255 559 2308 in
585 2264 788 2310 textum
827 2254 1094 2310 Gennadii
1117 2295 1132 2321 ,
1160 2263 1214 2308 et
1241 2269 1338 2324 pro
1363 2253 1499 2322 Syro
1528 2255 2087 2326 sermone-legendum
2122 2264 2205 2309 est
2236 2255 2462 2308 Armeno
2481 2295 2495 2319 ,
2520 2257 2603 2309 vel
2647 2256 2828 2326 potius
2853 2297 2869 2322 ,
2901 2267 2960 2311 ut
3007 2273 3161 2324 reor,
3191 2265 3244 2311 et
3268 2255 3609 2326 probabilius

368 2350 527 2404 etiam
561 2347 772 2404 videtur
793 2387 806 2411 ,
840 2346 1104 2402 memoria
1130 2345 1316 2416 lapsus
1344 2355 1426 2400 est
1449 2345 1759 2401 Gennadius
1791 2347 2036 2401 scribens
2073 2346 2295 2416 Syriaca
2327 2347 2508 2416 lingua
2529 2388 2544 2412 ,
2575 2362 2680 2400 non
2723 2357 2899 2402 autem
2931 2349 3166 2403 Armena
3201 2362 3362 2418 opera
3408 2346 3466 2402 S.
3511 2346 3609 2403 Ja-

367 2441 488 2498 cobi
510 2442 708 2509 scripta
735 2440 902 2495 fuisse
922 2481 937 2507 ,
974 2449 1070 2494 aut
1097 2440 1470 2511 conjecturam
1506 2439 1708 2496 faciens
1728 2456 1792 2495 ex
1819 2441 1991 2510 patria
2024 2439 2210 2495 Jacobi
2229 2483 2244 2506 ,
2277 2457 2399 2512 quat
2427 2441 2687 2512 Syrorum
2721 2444 2851 2497 urbs
2873 2453 2988 2497 erat
3011 2483 3025 2507 ,
3053 2459 3158 2514 qua
3192 2444 3373 2513 lingua
3399 2444 3606 2513 scripta

368 2528 600 2586 fuissent
629 2546 792 2600 opera
814 2571 829 2598 ,
859 2545 1093 2600 quorum
1118 2569 1133 2594 ,
1162 2540 1222 2585 ut
1248 2531 1546 2586 verisimile
1576 2542 1691 2597 est,
1723 2531 1778 2585 in
1802 2530 2127 2586 Massiliensi
2159 2533 2494 2587 monasterio
2531 2533 2611 2588 vel
2643 2534 2814 2588 solam
2865 2534 3171 2609 versionem
3205 2533 3452 2589 Latinam
3474 2575 3489 2599 ,
3518 2536 3606 2589 vel

370 2626 551 2696 aliqua
576 2635 828 2696 excerpta
849 2666 863 2689 ,
895 2626 977 2680 vel
1005 2609 1308 2697 catalogum
1338 2641 1434 2682 seu
1468 2626 1762 2681 indiculum
1791 2627 2054 2680 duntaxat
2087 2627 2340 2682 habebat.
2373 2626 2554 2683 Locus
2588 2638 2767 2683 autem
2801 2628 2856 2683 S.
2888 2627 3077 2685 Jacobi
3101 2628 3341 2686 Nisibeni
3368 2673 3382 2696 ,
3407 2630 3500 2700 qui
3531 2631 3602 2685 ad

371 2732 518 2784 rem,
541 2718 717 2786 quade
745 2719 956 2787 agitur,
988 2716 1255 2786 pertinet,
1288 2716 1342 2770 in
1388 2731 1643 2771 sermone
1677 2716 1914 2771 secundo
1945 2715 2019 2770 De
2050 2715 2354 2784 dilectione,
2402 2716 2494 2771 ubi
2531 2717 2690 2771 verba
2731 2717 2858 2772 facit
2885 2719 2950 2772 de
2990 2730 3258 2788 postrema
3302 2717 3600 2774 Jerusalem

367 2815 648 2869 eversione
662 2824 714 2868 et
740 2815 1070 2883 captivitate,
1104 2813 1228 2869 talis
1250 2823 1332 2868 est
1362 2832 1376 2868 :
1413 2833 1430 2865 ς
1458 2811 1576 2867 Νοη
1604 2813 1889 2868 videantur
1919 2813 2010 2868 tibi
2043 2811 2295 2878 diiIicilia,
2327 2813 2669 2878 eharissime,
2707 2831 2827 2884 qua:
2858 2817 3086 2884 scripsi,
3118 2817 3261 2886 quod
3288 2817 3342 2870 in
3373 2817 3600 2871 dimidio

367 2911 473 2964 diei
510 2926 622 2966 suae
660 2911 866 2965 dimisit
891 2911 1034 2965 Deus
1079 2909 1414 2974 Jerusalem,
1445 2910 1572 2978 quia
1609 2910 1683 2964 ita
1722 2910 1908 2964 scribit
1938 2909 2100 2964 David
2143 2910 2198 2963 in
2232 2910 2442 2979 pSalmo
2479 2912 2807 2980 octogesimo
2847 2926 2989 2966 nouo
3039 2931 3052 2966 :
3116 2913 3262 2966 Mille
3307 2915 3434 2967 anni
3479 2923 3602 2969 urile

367 3001 543 3057 oculos
563 3002 772 3056 Domini
788 3012 1038 3072 tanquam
1055 3004 1164 3057 dies
1187 3001 1448 3068 hésterna,
1472 3019 1588 3073 qua:
1603 3004 1855 3072 prazteriit
1872 3003 1943 3070 ¹⁸;
1978 3019 2140 3073 quam
2176 3002 2496 3058 sententiam
2520 3005 2850 3074 explicantes
2867 3006 3118 3062 doctores
3136 3007 3304 3061 nostri
3325 3008 3601 3076 sapientes

365 3096 576 3161 dicunt,
607 3095 752 3165 quod
785 3095 841 3148 in
872 3095 1225 3148 similitudine
1251 3103 1455 3164 septem
1482 3094 1691 3147 dierum
1723 3094 1934 3163 positus
1957 3102 2040 3147 est
2069 3093 2158 3148 hic
2190 3095 2422 3149 mundus
2449 3107 2481 3147 a
2508 3093 2636 3158 Deo,
2673 3102 2727 3148 et
2752 3093 2804 3147 in
2835 3098 3301 3152 consummatione
3325 3113 3417 3152 sex
3451 3098 3596 3152 mille

369 3207 638 3248 annorum
671 3191 911 3246 solvetur
937 3191 1174 3248 mundus
1205 3191 1311 3256 hic,
1345 3198 1398 3244 et
1423 3189 1528 3244 erit
1558 3187 1852 3244 Sabbatum
1883 3188 1978 3243 Dei
2013 3190 2066 3242 in
2095 3188 2504 3244 similitudinem
2533 3189 2740 3244 dierum
2774 3189 2992 3244 Sabbati
3015 3231 3029 3256 ,
3062 3191 3204 3260 quod
3233 3199 3318 3246 est
3351 3200 3471 3259 post
3502 3207 3596 3246 sex

368 3286 503 3339 dies.
532 3303 549 3335 ι
584 3282 697 3336 1ωο
721 3298 848 3338 vero
873 3283 1184 3352 bujusmodi
1214 3283 1498 3352 persuasio
1532 3281 1599 3336 de
1625 3281 1911 3336 duratione
1941 3282 2127 3335 mundi
2169 3291 2224 3335 et
2258 3279 2622 3348 Sabbatismo,
2658 3281 2893 3336 laudatis
2939 3298 3101 3352 supra
3145 3298 3175 3335 a
3219 3298 3306 3337 me
3347 3281 3597 3340 Patrihus

367 3383 641 3450 antiquior
668 3392 750 3438 est
770 3425 786 3450 ,
814 3396 1043 3450 eamque
1067 3396 1134 3435 ex
1164 3379 1330 3435 veteri
1361 3378 1708 3433 Hebraeorum
1739 3377 2029 3432 traditione
2072 3378 2337 3446 originem
2369 3377 2670 3445 sumpsisse
2719 3377 3058 3432 crediderim.
3114 3375 3388 3447 Siquidem
3423 3391 3484 3430 ex
3524 3377 3592 3432 iis

366 3489 487 3542 quae
518 3489 637 3542 cap.
667 3491 771 3528 xxv
805 3473 1033 3528 Levitici
1066 3472 1452 3542 praecipiuntur
1479 3471 1545 3525 de
1568 3469 1958 3525 sabbatizando
1982 3468 2240 3534 Sabbato,
2277 3469 2539 3538 colligunt
2567 3478 2774 3523 veteres
2804 3469 3012 3522 rabbini
3041 3468 3298 3522 mundum
3332 3467 3593 3522 duntaxat
3623 3517 3627 3520 .

367 3583 461 3635 per
494 3583 587 3621 sex
615 3568 781 3622 millia
812 3583 1080 3622 annorum
1110 3567 1454 3631 duraturum,
1477 3573 1530 3618 et
1551 3563 1699 3634 quod
1732 3563 1993 3632 septimus
2024 3563 2358 3616 milleuurius
2391 3560 2606 3616 futurus
2628 3561 2698 3616 sit
2735 3560 3030 3615 Sabbatum
3062 3559 3296 3614 Domini.
3326 3558 3467 3613 Mille
3495 3573 3593 3613 au“

367 3670 473 3716 tem
499 3677 673 3718 annos
697 3672 986 3736 numerant
1018 3677 1116 3732 pro
1149 3676 1259 3716 uno
1289 3660 1396 3725 die,
1425 3659 1552 3729 quia
1583 3660 1636 3712 in
1666 3659 1874 3727 psalmo
1895 3657 2101 3712 dictum
2133 3667 2216 3712 est
2260 3676 2272 3712 :
2309 3657 2458 3711 Mille
2485 3657 2611 3710 anni
2655 3665 2772 3709 ante
2809 3655 3160 3726 oculoslluos,
3202 3665 3446 3725 tanquam
3481 3656 3590 3708 dies

368 3753 632 3822 hesterna,
687 3774 802 3826 qua:
859 3758 1140 3827 prwteriit.
1171 3755 1238 3810 Et
1265 3756 1482 3826 quidem
1514 3755 1568 3808 in
1601 3753 1904 3808 Sanhedrin
1930 3753 2002 3808 ita
2037 3753 2298 3822 scriptum
2323 3754 2586 3809 habetur:
2632 3771 2649 3804 ‹
2681 3751 2787 3807 Sex
2815 3753 3051 3808 millibus
3081 3767 3346 3806 annorum
3379 3750 3591 3806 durabit

371 3850 641 3916 mundus,
669 3860 722 3905 et
753 3867 861 3906 uno
891 3851 1195 3905 millenario
1217 3850 1490 3905 desolatus
1531 3851 1654 3903 erit.
1686 3848 1904 3902 Duobus
1937 3848 2173 3903 millibus
2215 3850 2432 3904 durabit
2465 3849 2764 3904 devastatio
2814 3849 2933 3919 ejus
2969 3848 3039 3918 (id
3070 3857 3153 3903 est
3187 3847 3386 3906 inculta
3425 3847 3591 3900 homi-

371 3963 501 4002 num
525 3947 679 4015 vita),
709 3955 763 4002 et
793 3948 1005 4000 duobus
1027 3946 1268 4000 millibus
1301 3945 1406 4006 lex,
1443 3951 1602 4012 atque
1630 3943 1842 3996 duobus
1874 3941 2112 3996 millibus
2139 3942 2256 3997 dies
2291 3941 2517 3998 Messian.
2545 3961 2562 3994 ι
2597 3939 2747 3996 Unde
2763 3942 2870 3996 duo
2895 3939 3221 4004 inferuntur,
3257 3950 3316 3995 ut
3341 3941 3391 3994 id
3421 3941 3588 3996 obiter

370 4055 618 4094 moneam
640 4081 655 4102 ,
686 4050 874 4094 contra
897 4041 1042 4110 ipsos
1073 4039 1359 4094 Hebraeos:
1391 4053 1582 4107 nempe
1609 4038 1720 4106 jam
1749 4036 1954 4106 pridem
1988 4036 2242 4092 Messiam
2270 4038 2484 4093 venisse
2508 4077 2522 4102 ,
2557 4048 2611 4092 et
2631 4037 2800 4107 legem
2832 4037 3119 4093 Mosaicam
3143 4038 3454 4092 duraturam
3482 4050 3586 4091 non

370 4134 569 4196 fuisse,
600 4133 702 4188 nisi
730 4149 902 4202 usque
933 4134 998 4186 ad
1029 4134 1317 4188 adventum
1350 4132 1520 4202 ipsius
1549 4129 1779 4187 Messias.
1818 4125 1926 4183 Sed
1952 4129 2156 4184 relictis
2189 4129 2482 4186 rabbinicis
2528 4131 2911 4186 traditionibus
2953 4131 3183 4185 reditum
3224 4128 3484 4184 faciamus
3518 4127 3585 4183 ad

365 4224 743 4282 Athanasium.

437 4315 650 4372 XXXV.
684 4315 886 4370 Praeter
916 4316 1178 4371 hactenus
1212 4331 1242 4371 a
1273 4330 1358 4370 me
1381 4315 1540 4369 allata
1561 4353 1576 4377 ,
1611 4313 2022 4385 archiepiscopo
2045 4313 2413 4368 Alexandrino
2443 4312 2833 4384 Expositionem
2857 4312 3196 4368 Psalmorum
3216 4355 3231 4377 ,
3257 4328 3420 4383 quam
3447 4329 3585 4370 nunc

367 4408 600 4477 primum
633 4408 686 4462 in
714 4406 992 4476 publicum
1021 4407 1268 4469 edimus,
1300 4406 1404 4460 alia
1431 4421 1647 4476 quoque
1675 4419 1783 4459 non
1816 4406 1968 4473 parvi
1998 4406 2258 4460 momenti
2290 4405 2586 4461 vindicant.
2612 4411 2688 4462 Ac
2713 4408 2949 4476 primum
2970 4414 3289 4461 vetustatem
3314 4405 3583 4475 scriptoris

367 4503 780 4567 commentarii,
805 4501 1032 4572 ejusque
1059 4500 1234 4555 natale
1261 4499 1435 4554 solum
1459 4539 1472 4562 ,
1506 4499 1591 4553 vel
1621 4497 1960 4552 domicilium
1993 4497 2333 4552 Alexandria:
2365 4498 2562 4561 fuisse,
2589 4509 2682 4553 aut
2721 4509 2869 4554 certe
2906 4516 3012 4554 non
3039 4499 3226 4569 procul
3263 4499 3330 4553 ab
3361 4516 3422 4555 ea
3459 4501 3581 4556 urbe

367 4594 674 4658 manifesto,
707 4604 769 4649 ut
798 4594 930 4648 mihi
962 4593 1196 4655 videtur,
1229 4591 1491 4654 indicant,
1524 4606 1645 4660 qua:
1670 4591 1722 4644 in
1753 4589 2090 4661 expositione
2116 4591 2182 4644 ad
2208 4592 2474 4659 psalmum
2497 4609 2635 4649 cxxv
2667 4591 2947 4663 leguntur:
2990 4594 3061 4649 ibi
3089 4594 3234 4648 enim
3265 4596 3495 4667 loquitur
3515 4599 3578 4654 de

367 4687 771 4750 Rhinocurura,
803 4703 898 4742 seu
926 4685 1294 4743 Rhinocolura
1324 4685 1438 4755 (87)
1474 4694 1730 4752 tanquam
1765 4685 1831 4738 de
1865 4685 1998 4739 urbe
2025 4700 2147 4754 quae
2180 4686 2399 4755 propius
2425 4686 2611 4740 aberat
2632 4703 2662 4742 e
2686 4688 2806 4742 loco
2834 4689 2974 4743 unde
2998 4689 3112 4758 ipse
3145 4689 3432 4744 scribebat.
3460 4689 3579 4745 Erat

368 4789 548 4836 autem
579 4779 945 4834 Rhinocolura
982 4779 1112 4833 urbs
1144 4779 1198 4830 in
1229 4779 1428 4832 finibus
1459 4776 1675 4849 Egypti
1706 4777 1880 4847 posita
1906 4816 1920 4843 ,
1957 4778 2062 4830 hoc
2086 4778 2304 4832 nomine
2337 4789 2676 4849 nuncupata,
2712 4793 2771 4836 ut
2801 4782 2975 4850 inquit
3009 4782 3232 4837 Strabo:
3269 4801 3287 4833 ι
3308 4784 3376 4838 ab
3405 4783 3467 4838 iis
3487 4783 3575 4852 qui

367 4885 527 4926 nares
555 4866 788 4924 truncati
817 4879 884 4920 eo
914 4865 1063 4922 fuere
1095 4867 1376 4921 translati:
1411 4882 1534 4922 nam
1569 4865 1884 4935 :Etbiopum
1917 4867 2134 4936 quidam
2163 4866 2456 4939 Egyptum
2487 4870 2748 4928 invadens
2776 4888 2882 4928 non
2913 4889 3058 4940 nece,
3093 4876 3186 4930 sed
3219 4875 3337 4929 nasi
3365 4877 3575 4932 mutila-

440 5057 482 5089 ⁸⁸
505 5055 648 5112 Psal.
667 5070 889 5123 Lxxxtx,
921 5055 972 5108 4.

457 5212 546 5283 86)
579 5213 812 5269 Marcell.
844 5214 897 5269 in
925 5214 1182 5270 Chronico

435 5214 546 5354 £86)
579 5214 812 5269 Marcell.
844 5214 897 5269 in
925 5214 1182 5270 Chronico

460 5286 549 5354 87)
583 5284 977 5357 Ῥινοκόλουρα,
1001 5284 1585 5357 Rhinocoluradicitur
1610 5299 1638 5338 a
1669 5283 1932 5342 Strabone
1969 5289 2021 5344 in
2050 5287 2340 5357 Geograph.
2391 5286 2633 5357 lib.7xvt,
2697 5297 2748 5340 et
2786 5287 3020 5357 alihitet
3052 5304 3079 5342 a
3113 5287 3290 5342 Plinio
3318 5287 3410 5340 lib.
3444 5303 3492 5353 v,
3509 5301 3566 5357 ρ.

369 5353 457 5428 ιβς
492 5353 536 5407 α
581 5353 901 5428 Ptolomaeo
931 5357 984 5409 in
1015 5355 1305 5428 Geograplt.
1353 5354 1781 5428 'Pwoxodpoupa.
1816 5353 2192 5412 Rhinocorura
2235 5353 2412 5410 autem
2458 5356 2526 5410 ab
2555 5357 2798 5428 Eusebio
2837 5366 2890 5410 et
2939 5356 3346 5428 Hieronymoin
3382 5358 3471 5412 lib.
3498 5355 3569 5412 De

367 5425 474 5496 situ
497 5434 544 5475 et
569 5426 778 5496 nomine
812 5425 1042 5496 locorum
1079 5425 1348 5486 Ilebrat'c.,
1409 5436 1462 5478 et
1518 5426 1820 5496 aheudem
1885 5428 2102 5482 Hieron.
2167 5430 2220 5482 in
2261 5443 2377 5495 cap.
2431 5443 2496 5480 xx
2544 5426 2758 5490 Ezeclt.,
2799 5442 2909 5480 tum
2935 5425 3156 5496 quoque
3186 5444 3214 5480 a
3253 5426 3565 5492 Sozomeno,

369 5493 464 5565 lib.
492 5509 542 5545 vt
594 5492 734 5546 Hist.
762 5495 886 5548 eccl.
927 5511 1044 5565 cap.
1072 5496 1159 5558 2|,
1187 5496 1488 5565 quipetiam
1537 5495 1698 5548 refert
1746 5499 1924 5565 plures
1964 5499 2034 5552 ibi
2090 5492 2334 5558 ascetas,
2380 5513 2472 5551 seu
2521 5499 2833 5550 monasticae
2889 5492 3243 5565 professionis
3283 5497 3428 5550 viros
3470 5497 3563 5550 llo-

366 5562 544 5635 ruisse
574 5572 655 5635 Aet
720 5565 922 5635 clerpm
984 5562 1235 5619 Ecclesiae
1289 5562 1778 5635 thinoeerurensis
1806 5583 2147 5623 communem
2177 5570 2395 5622 domum
2426 5577 2480 5621 et
2508 5581 2772 5635 mensam,
2800 5574 2852 5619 et
2884 5562 3089 5635 reliqua
3122 5567 3303 5621 munia
3333 5582 3564 5620 commu-

365 5634 462 5691 nia
501 5633 774 5708 habuisse.
799 5633 1075 5708 _Torrenti_
1115 5636 1442 5708 auteni,‘qui
1491 5634 1916 5708 Rhinoeuluram
1957 5639 2210 5704 alluebat,
2274 5651 2468 5692 nomen
2497 5635 2667 5691 fuisse
2692 5634 2900 5691 videtur
2949 5633 3167 5692 Torrens
3192 5638 3350 5692 Besor
3375 5635 3426 5708 (Ι
3450 5635 3559 5702 Reg.

367 5720 493 5771 nx.
524 5705 631 5777 10),
662 5705 774 5762 sive
798 5703 1017 5759 Torreus
1041 5704 1252 5760 deserti.
1283 5705 1461 5776 (Amos
1484 5721 1558 5773 Vl,
1586 5706 1698 5777 Η.)
