3760 6270
184 312 283 366 641
873 310 957 363 DE
997 305 1271 364 TITULIS
1315 303 1754 360 PSAIMORUM.
1795 338 1865 344 —
1902 304 2290 362 ANTONELLI
2333 307 2722 365 PREFATIO.
3321 311 3426 367 612

185 428 337 482 tione
364 425 638 480 maleficia
672 438 929 478 coercens
955 437 1050 476 eos
1083 421 1155 475 ibi
1188 421 1503 481 collocavit,
1540 430 1596 473 ut
1639 430 1854 488 propter
1889 419 2000 475 oris
2043 419 2436 477 deformitatem
2473 423 2650 480 redire
2703 423 2921 478 domum
2953 439 3061 480 non
3097 427 3376 482 auderent.
3409 451 3427 482 ι

187 523 504 578 Saracenos
530 530 712 574 autem
738 518 899 587 (quos
919 517 1126 570 Arabas
1151 515 1388 570 scenitas
1422 513 1613 577 fuisse,
1641 513 1724 568 vel
1752 529 1818 568 ex
1851 515 1951 569 hoc
1966 518 2337 571 commentarii
2366 519 2484 574 loco
2511 519 2725 589 probari
2753 520 2950 589 potest)
2979 519 3031 574 in
3055 521 3426 579 tabernaculis

185 630 278 669 seu
309 611 592 677 tentoriis,
613 611 696 666 vel
721 610 823 665 sub
853 607 1081 678 pellibus
1102 607 1280 661 adhuc
1306 606 1628 670 habitantes,
1651 614 1704 660 et
1731 605 1971 660 nondum
1998 608 2223 664 urbibus
2259 610 2473 678 politos,
2499 610 2590 665 sed
2611 609 2881 664 latronum
2907 611 3078 666 instar
3107 611 3160 666 in
3181 614 3430 682 proxima

179 705 400 777 Egypti
429 706 553 760 loca
587 714 639 760 et
668 703 828 758 urbes
857 711 1044 757 suetos
1065 714 1382 765 excurrere,
1418 699 1734 770 praedasque
1763 698 1887 754 inde
1916 709 2194 769 avertere,
2231 716 2340 757 non
2372 701 2662 758 dissimiles
2706 718 2894 758 eorum
2926 703 2992 759 de
3036 703 3236 774 quibus
3273 713 3428 774 poeta

183 800 416 855 cecinit:
1049 799 1053 804 ’

420 934 435 946 .
519 932 536 946 .
616 933 630 946 .
709 934 724 948 .
803 932 817 946 .
895 932 910 946 .
987 929 1003 943 .
1077 905 1375 960 semperque
1407 899 1630 942 νοερηιιιδ

391 985 714 1041 Convectare
730 987 882 1056 juvat
901 983 1105 1052 prwdas
1135 995 1180 1036 et
1209 984 1374 1035 vivere
1402 993 1551 1050 rapto
1583 981 1692 1053 (88)
1719 1001 1731 1036 :

181 1076 336 1133 Tales
359 1094 464 1134 eos
493 1079 650 1134 nobis
678 1079 896 1132 exhibet
918 1086 1106 1130 auctor
1139 1075 1550 1140 commentarii,
1583 1076 1772 1144 quales
1819 1073 1975 1131 aetate
2002 1091 2096 1131 sua
2131 1076 2298 1133 fuisse
2324 1088 2672 1149 repraesentat
2709 1079 3032 1135 Ammianus
3076 1077 3424 1134 Marcellinus

178 1169 309 1260 (89),
335 1169 437 1238 qui
463 1187 477 1221 :
511 1187 530 1219 ι
557 1167 812 1222 Saraceni
837 1179 1012 1221 tamen
1038 1181 1134 1220 nec
1154 1165 1336 1230 amici,
1373 1166 1466 1229 ait,
1509 1166 1665 1220 nobis
1691 1181 1950 1234 unquam,
1978 1183 2074 1222 nec
2098 1169 2278 1224 hostes
2299 1171 2542 1240 optandi,
2589 1173 2731 1226 ultro
2755 1172 2996 1242 citroque
3029 1173 3420 1236 disi-ursantes,

177 1257 450 1330 quidquid
482 1261 729 1314 invenire
762 1268 1030 1329 poterant,
1069 1267 1344 1312 momento
1374 1257 1632 1326 temporis
1665 1258 1813 1326 parvi
1849 1258 2151 1326 vastabant,
2182 1260 2485 1315 milviorum
2515 1264 2789 1332 rapacium
2821 1263 3046 1329 similes,
3085 1265 3175 1332 qui
3208 1263 3252 1318 si
3284 1277 3422 1333 prae-

172 1358 294 1412 dam
317 1357 678 1426 d.-spexerint
706 1357 926 1418 celsius,
955 1355 1133 1408 volatu
1166 1357 1384 1423 rapiunt
1410 1352 1595 1418 celeri,
1625 1360 1717 1406 aut
1752 1353 1856 1407 nisi
1886 1353 2312 1424 impetraverint,
2341 1371 2448 1410 non
2481 1358 2858 1412 immorantur.
2887 1378 2904 1409 ι
2934 1357 3211 1427 QuiSpiam
3237 1367 3417 1413 autem

173 1449 582 1504 Saracenorum
609 1463 807 1502 nomen
843 1447 1069 1501 audiens
1091 1485 1105 1509 ,
1145 1445 1312 1499 nolim
1341 1458 1464 1498 eum
1500 1443 1553 1496 in
1583 1444 1946 1512 suspicionem
1984 1445 2214 1509 adduci,
2249 1453 2308 1500 ut
2334 1447 2642 1512 existimet,
2680 1449 3126 1502 commentarium
3160 1449 3418 1520 scriptum

171 1547 340 1601 fuisse
367 1545 668 1614 posteriori
695 1553 954 1612 tempore,
982 1556 1091 1612 quo
1123 1539 1520 1594 Saracenorum
1557 1555 1752 1592 nomen
1777 1555 1899 1592 cum
1924 1555 2111 1593 eorum
2146 1540 2372 1610 imperio
2395 1542 2497 1596 late
2520 1552 2867 1613 propagatum
2898 1554 3002 1608 est,
3033 1545 3176 1614 quod
3211 1546 3418 1616 utique.

167 1644 436 1707 regnante
461 1633 712 1688 Heraclio
751 1633 1106 1703 imperatore,
1137 1639 1191 1684 et
1213 1637 1335 1698 post
1356 1627 1474 1697 ejus
1499 1627 1706 1681 obitum
1743 1629 1989 1684 volvente
2027 1631 2225 1684 saeculo
2256 1632 2487 1698 septimo
2526 1634 2770 1704 contigit.
2811 1635 3087 1704 Siquidem
3122 1635 3420 1693 Saraceno-

167 1747 286 1792 rum
323 1728 540 1782 mentio
572 1727 808 1781 occurrit
828 1734 881 1779 et
906 1723 1044 1793 apud
1071 1721 1412 1774 Ammianum
1443 1719 1846 1785 Marcellinum,
1886 1736 2048 1790 quem
2084 1737 2246 1791 supra
2281 1723 2489 1777 laudavi
2517 1763 2530 1785 ,
2562 1733 2616 1778 et
2643 1727 2784 1795 apud
2821 1726 3024 1780 Aﬂlium
3056 1726 3408 1798 Spartianum

167 1826 217 1875 in
244 1821 549 1876 Pescennio
576 1819 744 1890 Nigro
764 1859 778 1882 ,
820 1828 873 1873 et
905 1815 1047 1887 apud
1072 1815 1317 1869 Flavium
1356 1813 1648 1884 Vopiscum
1682 1812 1736 1866 in
1765 1814 2050 1868 Aureliano
2074 1855 2088 1881 ,
2117 1823 2171 1868 et
2200 1816 2338 1884 apud
2371 1815 2695 1887 Proc0pium
2721 1819 2796 1873 De
2841 1819 2974 1873 bello
3003 1819 3220 1874 Persico
3259 1820 3370 1892 (90)
3400 1838 3413 1875 :

166 1917 579 1973 Saracenorum
619 1917 979 1970 meminerunt
1014 1913 1175 1968 etiam
1197 1910 1449 1966 Julianus
1478 1911 1531 1964 in
1559 1909 1787 1980 epistola
1811 1911 1877 1965 ad
1904 1909 1960 1964 S.
1995 1909 2276 1979 Basilium,
2301 1910 2359 1967 S.
2389 1911 2727 1983 Augustinus
2757 1916 3058 1984 quaestione
3084 1915 3337 1970 vicesima
3363 1918 3418 1970 in

165 2009 462 2074 Numeros,
503 2009 754 2064 Socrates
778 2006 886 2079 (91)
914 2013 966 2060 et
990 2005 1326 2060 Sozomenus
1354 2001 1467 2074 (92)
1501 2001 1555 2056 in
1588 2001 1832 2056 Historia
1859 2001 2218 2056 ecclesiastica
2237 2045 2252 2068 ,
2283 2002 2484 2072 aliique
2516 2006 2838 2075 scriptores,
2865 2007 3000 2061 adeo
3031 2017 3088 2062 ut
3121 2007 3266 2061 nulla
3295 2008 3418 2063 inde

161 2102 292 2156 oriri
329 2102 516 2170 possit
540 2099 829 2153 dubitatio.

225 2188 485 2244 XXXVI.
527 2187 622 2243 llis
648 2199 828 2243 autem
855 2187 921 2242 ad
946 2186 1400 2241 commentarium
1434 2193 1678 2239 nostrum
1708 2200 1904 2256 magno
1937 2185 2239 2241 Athanasio
2263 2187 2616 2242 asserendum
2648 2187 2916 2244 addantur
2945 2190 3037 2244 illa
3065 2205 3185 2261 quae
3215 2192 3413 2262 scripta

156 2286 418 2358 leguntur
445 2284 503 2338 in
529 2283 865 2353 expositione
890 2282 1082 2353 psalmi
1107 2295 1346 2348 cxxxiii,
1374 2281 1463 2335 ubi
1494 2291 1687 2335 auctor
1731 2291 1886 2335 notos
1916 2296 2046 2336 suos
2079 2297 2142 2336 ac
2172 2281 2458 2352 populares
2503 2284 2786 2353 alloquens
2837 2303 2850 2338 :
2904 2304 2922 2336 ι
2947 2283 3062 2339 Νοη
3113 2287 3373 2357 ignoratis
3395 2328 3412 2354 ,

156 2381 364 2452 inquit,
404 2378 614 2443 dilecti,
642 2379 786 2448 quod
813 2393 934 2432 cum
985 2392 1092 2432 nox
1119 2377 1186 2432 ad
1213 2392 1488 2432 summum
1518 2376 1718 2442 deﬁcit,
1748 2376 1862 2431 dies
1887 2385 1968 2431 est
1990 2377 2296 2447 quindecim
2327 2378 2603 2433 horarum.
2627 2397 2645 2430 ι
2676 2379 2862 2435 Nonne
2888 2379 3002 2435 haec
3023 2383 3178 2451 quasi
3208 2385 3416 2439 intento

155 2471 330 2542 digito
363 2481 554 2540 aperte
606 2469 985 2524 demonstrant
1027 2469 1345 2538 scriptorem
1367 2465 1724 2535 expositionis
1750 2481 1870 2520 esse
1899 2466 1981 2520 vel
2009 2467 2183 2520 civem
2218 2467 2300 2520 vel
2334 2467 2566 2522 incolam
2597 2468 3065 2524 Alexandrinum?
3105 2469 3239 2526 Nam
3289 2472 3414 2528 Ale-

156 2566 411 2620 xandria:
435 2563 654 2634 Egypti
685 2563 915 2616 latitudo
947 2570 1030 2616 est
1054 2560 1320 2631 graduum
1358 2559 1455 2625 51,
1484 2558 1818 2612 minutorum
1853 2558 2152 2628 primorum
2192 2558 2245 2611 Η
2304 2558 2414 2630 (95)
2441 2600 2456 2623 ,
2497 2559 2863 2617 secundorum
2889 2563 2993 2630 20;
3033 2566 3086 2619 in
3130 2581 3193 2620 ea
3234 2574 3413 2620 autem

155 2655 454 2712 latitudine
477 2658 592 2712 dies
619 2655 968 2727 longissimus
994 2695 1008 2719 ,
1035 2654 1364 2723 computatis
1393 2653 1544 2707 horis
1570 2667 1599 2706 a
1635 2652 1766 2708 solis
1789 2661 1911 2706 ortu
1953 2652 2018 2705 ad
2043 2652 2283 2721 ejusdem
2315 2669 2569 2708 occasum
2592 2694 2607 2718 ,
2635 2665 2718 2710 est
2741 2657 2998 2712 horarum
3032 2660 3097 2714 M
3124 2702 3138 2723 ,
3170 2661 3411 2714 minuto-

154 2767 278 2805 rum
310 2750 375 2812 4,
421 2747 627 2818 quibus
657 2746 705 2800 si
732 2746 864 2799 hora
901 2759 1006 2798 una
1039 2744 1270 2798 addatur
1298 2752 1515 2814 propter
1549 2740 1862 2811 crepuscula
1884 2783 1900 2809 ,
1926 2740 2214 2796 habebitur
2246 2743 2363 2798 dies
2396 2744 2748 2814 longissimus
2776 2748 3031 2803 horarum
3071 2751 3164 2814 15,
3197 2752 3410 2822 qualem

153 2845 319 2901 nobis
347 2841 607 2912 exprimit
640 2854 703 2894 ac
741 2838 988 2908 designat
1010 2848 1203 2893 auctor
1227 2835 1604 2907 expositionis.

229 2934 503 2990 XXXVII.
530 2933 794 2988 Przeterea
817 2931 986 2984 multa
1013 2929 1116 2984 alia
1139 2938 1454 2992 occurrunt,
1482 2927 1680 2997 quibus
1703 2935 1961 2995 tanquam
1995 2927 2138 2982 notis
2157 2936 2211 2982 et
2241 2927 2484 2997 vestigiis
2502 2928 2835 2988 Athanasius
2865 2935 3046 3003 operis
3072 2946 3263 2992 auctor
3291 2953 3413 2993 esse

151 3026 608 3099 deprehenditur.
642 3023 708 3078 Et
737 3023 952 3093 quidem
991 3021 1082 3076 ubi
1108 3021 1324 3078 occasio
1352 3036 1472 3076 sese
1502 3019 1659 3074 offert
1693 3028 1750 3074 ut
1777 3018 1981 3074 Christi
2023 3019 2360 3075 divinitatem
2401 3022 2748 3091 comprobet,
2784 3028 3139 3097 ostendatque
3174 3027 3411 3086 Verbum

152 3125 228 3178 ab
248 3133 459 3177 aeterno
481 3119 670 3184 fuisse,
695 3127 748 3173 et
771 3117 916 3171 Patri
943 3116 1424 3182 consubstantiale,
1448 3125 1695 3170 astruere
1718 3130 1824 3168 non
1847 3115 2230 3183 pretermittit,
2253 3124 2308 3169 et
2333 3115 2554 3170 disertis
2581 3117 2759 3173 verbis
2781 3131 3098 3176 constanter
3123 3137 3408 3190 asserere;

153 3219 307 3273 unde
340 3218 483 3272 haud
507 3218 737 3272 obscure
767 3217 1009 3271 innuitnr
1036 3231 1102 3270 eo
1133 3225 1376 3286 tempore
1400 3216 1513 3270 haec
1541 3215 1742 3284 scripta
1771 3213 1959 3278 fuisse,
1984 3231 2093 3286 quo
2120 3215 2430 3288 hujusmodi
2461 3219 2844 3274 controversia:
2871 3217 3236 3288 agitabantur.
3268 3216 3410 3286 Quin

150 3313 326 3365 etiam
353 3310 602 3365 assiduas
633 3311 840 3364 auctori
874 3309 1044 3364 fuisse
1071 3325 1194 3364 cum
1227 3309 1494 3364 haereticis
1527 3323 1735 3378 pugnas
1759 3349 1774 3373 ,
1805 3319 1858 3362 et
1889 3309 2205 3377 quotidiana
2235 3311 2564 3379 certamina,
2599 3313 2784 3382 qualia
2807 3327 2929 3366 cum
2972 3311 3192 3367 Arianis
3222 3311 3411 3366 habuit

151 3405 528 3469 Athanasius,
559 3414 742 3474 aperte
765 3419 866 3459 nos
890 3403 1086 3459 docent
1114 3419 1235 3473 qua:
1267 3403 1520 3473 leguntur
1543 3403 1595 3455 in
1623 3401 1963 3472 expositione
1991 3402 2183 3471 psalmi
2211 3419 2375 3459 cxvm
2398 3444 2411 3466 ,
2441 3414 2495 3458 et
2527 3405 2654 3460 alibi
2693 3406 2912 3475 schius.
2939 3404 3080 3470 Quid
3117 3420 3244 3460 vero
3278 3405 3367 3458 illa
3391 3444 3408 3471 ,

151 3513 281 3568 quae
308 3505 525 3552 exstant
549 3498 603 3552 in
631 3495 1019 3550 commentario
1042 3495 1235 3565 psalmi
1270 3510 1382 3559 xxi,
1408 3493 1498 3547 ubi
1528 3494 1593 3548 ad
1617 3509 1680 3548 ea
1729 3495 1891 3548 verba
1916 3495 1978 3547 ηε
2019 3494 2094 3548 Tu
2127 3505 2323 3558 autem,
2356 3494 2600 3558 Domine,
2666 3513 2726 3550 ne
2777 3495 3100 3565 elongaveris
3144 3493 3408 3547 auxilium

155 3602 313 3644 tuum
351 3608 385 3643 a
416 3607 496 3643 me
525 3605 544 3643 :
574 3590 644 3643 ad
696 3587 1047 3658 defensionem
1091 3603 1258 3662 meant
1289 3585 1546 3654 conspice,
1604 3583 1708 3637 alia
1757 3584 2114 3653 explicatione
2155 3587 2471 3639 earumdem
2508 3584 2799 3638 verborum
2835 3585 3068 3654 primum
3097 3582 3404 3653 proposita,

153 3683 358 3740 deinde
387 3683 500 3737 ha'c
528 3683 749 3751 insuper
774 3679 1116 3753 adiungitur:
1153 3697 1170 3730 ι
1195 3677 1430 3733 Possunt
1453 3677 1616 3730 etiam
1645 3676 1758 3730 haec
1783 3675 1890 3730 dici
1919 3691 1984 3730 ex
2015 3690 2241 3745 persona
2267 3676 2440 3746 ipsius
2480 3675 2694 3729 Domini
2718 3715 2731 3739 ,
2769 3675 2860 3745 qui
2911 3664 3215 3743 exemplum
3249 3674 3408 3730 nobis

155 3780 391 3850 praebuit
435 3778 616 3832 utendi
645 3777 727 3831 his
751 3776 930 3830 verbis
960 3783 1197 3844 tempore
1232 3771 1512 3843 martyrii?
1535 3791 1552 3823 ι
1586 3769 1726 3837 Quid
1758 3785 1887 3826 vero
1923 3771 2011 3824 illa
2039 3771 2166 3836 alia,
2199 3787 2321 3841 qua:
2347 3771 2413 3825 ad
2437 3770 2768 3825 versiculum
2796 3768 2994 3839 psalmi
3026 3767 3364 3838 sequentis’o
3389 3787 3404 3822 :

161 3873 329 3938 Nam,
363 3875 462 3928 etsi
509 3872 846 3926 ambulavero
881 3873 935 3924 in
966 3871 1134 3924 medio
1165 3867 1364 3923 umbrae
1391 3867 1598 3931 mortis,
1649 3865 1944 3920 nontimebo
2004 3865 2170 3930 mala,
2205 3867 2453 3936 quoniam
2505 3874 2560 3917 tu
2597 3880 2799 3918 mecum
2831 3879 2905 3924 es,
2937 3861 3303 3932 subjiciuntur
3349 3861 3404 3916 in

155 3972 311 4028 hunc
336 3969 558 4025 modum
582 3986 595 4022 :
634 3985 651 4020 ι
674 3967 810 4022 Cum
831 3981 931 4038 ego
961 3973 1228 4020 tormenta
1254 3979 1352 4036 pro
1380 3971 1432 4017 te
1460 3963 1796 4024 sustinuero,
1825 3962 2010 4017 n’ullus
2034 3977 2121 4016 me
2144 3962 2424 4029 cruciatus
2453 3960 2699 4024 terrebit,
2735 3958 2995 4029 quoniam
3018 3966 3072 4012 tu
3101 3958 3247 4012 vires
3271 3957 3401 4012 mihi

152 4067 404 4140 praebes,
429 4075 490 4120 ut
521 4065 643 4120 illos
682 4061 986 4134 perferam?
1015 4059 1206 4116 Nonne
1243 4057 1532 4114 manifesto
1571 4057 1815 4113 indicant
1869 4067 2146 4113 auctorem
2194 4051 2274 4112 vel
2340 4057 2526 4113 eodem
2579 4065 2854 4127 tempore,
2900 4069 3010 4125 quo
3049 4063 3403 4126 tyrannorum

150 4165 465 4238 persecutio
494 4163 674 4217 adhuc
697 4161 752 4214 in
781 4159 1121 4215 Christianos
1146 4156 1422 4222 saeviebat,
1454 4155 1540 4210 vel
1563 4170 1668 4209 non
1700 4153 1859 4224 longe
1891 4153 1960 4208 ab
1983 4167 2049 4208 eo
2079 4151 2290 4208 fuisse?

222 4257 520 4315 XXXVIII.
553 4259 623 4310 At
653 4257 795 4311 enim
825 4253 1054 4325 agedum
1077 4293 1093 4318 ,
1124 4266 1246 4322 quae
1270 4251 1324 4304 in
1354 4260 1543 4306 nostro
1575 4249 1971 4305 commentario
2000 4249 2202 4318 scripta
2231 4255 2360 4302 sunt
2389 4261 2512 4301 cum
2539 4245 2606 4300 iis
2630 4260 2751 4315 qua:
2783 4243 2836 4298 in
2867 4242 2987 4297 aliis
3036 4240 3220 4308 libris,
3265 4253 3403 4309 quos

150 4373 317 4414 nemo
338 4355 555 4412 dubitat
587 4354 766 4424 magni
796 4347 1079 4404 Athanasii
1107 4361 1250 4413 esse,
1299 4344 1671 4411 conferamus,
1704 4354 1762 4400 ut
1785 4359 1852 4399 ex
1877 4343 2191 4413 hujusmodi
2215 4340 2647 4411 comparatione,
2671 4339 2717 4394 si
2744 4336 3034 4405 utrobique
3056 4334 3398 4390 Psalmorum

150 4455 319 4510 verba
355 4452 548 4508 eodem
578 4450 740 4504 modo
761 4488 776 4514 ,
805 4454 858 4502 et
883 4444 935 4499 in
961 4443 1212 4499 eumdem
1239 4456 1462 4497 sensum
1495 4440 1767 4495 intellecta
1792 4449 1956 4510 atque
1988 4438 2256 4508 explicata
2295 4435 2702 4505 comperiantur
2721 4473 2737 4500 ,
2769 4433 2968 4488 certius
2998 4446 3062 4486 ac
3107 4427 3399 4485 dilucidius

152 4555 446 4616 appareat,
476 4541 762 4606 eumdem,
795 4553 904 4593 non
933 4545 1115 4592 autem
1155 4534 1431 4588 diversum
1463 4540 1516 4586 et
1541 4531 1922 4586 commentarii
1953 4529 2167 4596 nostri,
2199 4537 2252 4584 et
2298 4526 2527 4581 aliorum
2570 4539 2828 4594 operum,
2861 4538 2981 4594 qua:
3005 4520 3061 4577 S.
3100 4520 3399 4578 Athanasio

153 4615 233 4695 ab
249 4641 506 4694 omnibus
537 4634 791 4692 concordi
818 4630 1075 4702 suffragio
1107 4627 1485 4691 ascribuntur,
1518 4633 1798 4681 auctorem
1828 4639 1969 4680 esse.
2015 4621 2149 4679 Rem
2175 4619 2507 4693 propositam
2537 4617 2790 4682 brevius,
2817 4617 2996 4688 quoad
3033 4615 3148 4672 ﬁeri
3182 4625 3394 4686 potest,

151 4733 464 4803 expediam.

229 4919 272 4951 “
296 4914 453 4973 Vers.
489 4915 580 4969 20.
655 4914 702 4947 ³ο
737 4911 888 4969 Vers.
917 4911 972 4966 ι.

228 5076 342 5148 (88)
368 5074 570 5148 _Vi_rgil.
598 5075 692 5129 lib.
734 5090 787 5148 rx
821 5071 1062 5135 zEneid.,
1096 5083 1218 5124 vers
1243 5066 1347 5122 612
1380 5075 1435 5121 et
1456 5064 1575 5120 6I5.

226 5144 342 5218 (89)
367 5144 632 5218 Lifbfxrv,
668 5161 717 5218 c.
750 5144 803 5198 5.

225 5215 340 5286 (⁷90)
376 5215 496 5270 Lib.
525 5231 564 5279 ι,
589 5231 638 5270 c.
667 5215 755 5286 19ἶ

224 5283 335 5358 (91)
368 5287 485 5358 μιν.
520 5301 593 5351 tv,
623 5302 670 5341 c.
698 5283 786 5358 56.

536 5373 608 5422 γ’,
643 5372 690 5411 c'
902 5421 914 5426 ,
1062 5417 1094 5426 ..
1244 5417 1256 5426 .
1486 5415 1497 5426 .
1590 5423 1599 5426 _
1787 5405 1985 5426 manu-
2013 5419 2108 5426 μ-..
2133 5400 2319 5426 ιο-..,ι..-
2350 5395 2410 5426 Α,
2447 5391 2763 5426 "Amuli-mia
2788 5389 2875 5426 the
2916 5387 2989 5426 ιιι-ὅ

229 5380 342 5426 μη.)
379 5380 498 5412 mu.
537 5380 608 5422 Vl,
643 5380 690 5411 υ.
725 5380 812 5409 oo.
1917 5406 1926 5414 ,
2721 5391 2731 5402 .
2977 5387 2989 5399 .

228 5429 340 5498 ι95)
379 5425 639 5498 Exlibro,
670 5425 765 5498 cui
800 5421 1023 5498 titulus:
1053 5417 1437 5498 Connoissn‘ncoe
1463 5415 1552 5470 des
1583 5423 1744 5482 temp:
1782 5405 1986 5479 publtée
2011 5419 2108 5474 par
2129 5400 2319 5456 t'ordre
2348 5395 2410 5451 de
2444 5392 2763 5449 l'Académw
2787 5389 2875 5444 de:
2913 5400 3135 5442 scwnces
3197 5393 3245 5439 et
3270 5380 3386 5440 Μι-

158 5487 304 5553 εαῖέσ
323 5487 434 5552 ’σαν
457 5497 532 5551 Μ.
562 5487 786 5550 Alei-aldi
814 5493 877 5547 de
913 5491 967 5546 la
995 5491 1155 5546 meme
1177 5487 1475 5544 Académie.
