3760 6270
383 279 489 336 645
1217 275 1271 331 S.
1309 269 1682 330 ATHANASII
1720 271 1870 327 OPP.
1910 269 1952 326 P

2072 268 2094 324 5
2129 266 2218 323 Ill.
2259 297 2327 310 —
2363 263 2770 323 EXEGETICA.
3509 263 3685 322 644

459 395 631 452 Verba
672 396 866 468 psalmi
914 410 1047 450 xxm
1093 393 1259 465 (vers.
1301 392 1407 459 20,
1441 392 1596 463 juxta
1639 390 1950 460 antiquam,
1979 393 2026 448 Α
2053 387 2180 442 item
2215 394 2345 442 sunt
2379 384 2629 442 caelestes
2660 385 2907 440 virtutes.
2940 383 3076 440 Nam
3113 384 3318 456 inquit:
3353 384 3681 443 Dominus

383 503 544 560 quam
573 495 794 542 secutus
822 500 972 551 sum,
1011 480 1389 553 divisionem):
1433 499 1451 532 ι
1474 479 1717 534 Attollite
1741 487 1947 548 portas,
2051 481 2310 535 virtutum
2333 479 2638 548 nobiscum.
2670 498 2689 530 ι
2709 478 2854 534 Psal.
2876 493 3001 545 XLV,
3023 493 3166 534 vers.
3195 479 3359 534 15.-
3377 478 3434 534 ln
3467 494 3683 537 com-

383 581 676 651 principes,
707 584 949 633 vestras:
974 596 992 627 ›
1025 576 1079 631 in
1114 575 1253 630 libro
1273 573 1348 626 De
1383 571 1758 626 Incarnatione
1798 565 1951 621 Verbi
2053 571 2320 628 mentario
2364 576 2429 627 ad
2463 572 2712 628 eumdem
2744 571 2934 642 psalmi
2968 571 3295 627 versiculum
3328 591 3342 626 :
3382 590 3400 624 ι
3428 572 3676 626 Domi-

383 673 483 729 Dei
508 675 570 743 (ι.
611 672 666 738 l,
710 688 764 742 p.
803 671 918 738 55),
950 668 1008 722 S.
1035 667 1367 723 Athanasius
1396 666 1779 733 interpretatur
1808 660 1952 716 dicta
2052 681 2184 730 nus,
2233 666 2341 733 ait,
2395 665 2574 722 omnis
2623 664 3027 736 supercmlestis
3084 664 3296 719 militiae
3332 664 3670 720 nobiscum

383 767 554 823 fuisse
581 766 647 821 de
666 765 840 820 reditu
857 762 1058 818 Christi
1084 762 1136 815 in
1159 760 1356 816 coelum
1375 758 1461 813 his
1478 755 1686 812 verbis:
1713 772 1732 805 ι
1751 753 1954 820 Quem-
2051 765 2153 813 est.
2180 776 2200 809 ›
3086 834 3102 852 κ

383 859 672 916 admodum
705 874 803 928 pro
851 857 1105 912 omnibus
1139 870 1338 924 corpus
1383 850 1543 907 morti
1585 847 1834 913 tradidit,
1873 845 1952 901 sic
2123 852 2182 906 In
2211 849 2452 922 Epistola
2472 850 2534 904 de
2559 849 2813 904 sententia
2841 845 3118 919 Dionysii,
3149 864 3203 918 p.
3230 847 3331 903 l97
3356 890 3372 914 ,
3397 848 3614 905 scribit
3640 867 3660 902 ε

383 953 546 1007 etiam
587 966 682 1022 per
715 950 852 1006 idem
891 947 1023 1002 illud
1059 948 1159 1003 iter
1194 949 1248 1002 in
1277 945 1473 1002 coelum
1506 942 1741 1013 aperuit.
1768 959 1787 991 ι
1820 938 1949 992 —ln
2058 963 2076 997 ε
2098 943 2210 1001 Nos
2231 944 2374 1000 enim
2404 953 2665 1016 quantum
2697 945 2762 999 ad
2795 959 2993 1014 corpus
3021 940 3262 1013 ejusdem
3281 942 3494 1010 generis
3527 957 3667 996 su-

381 1055 572 1101 nostro
597 1055 776 1100 autem
807 1044 1199 1100 commentario
1243 1042 1309 1096 ad
1339 1039 1587 1096 eumdem
1620 1034 1949 1090 versiculum
2053 1051 2175 1092 mus
2200 1051 2264 1090 ac
2291 1035 2572 1102 Dominus,
2604 1046 2882 1107 propterea
2911 1034 3028 1104 ipse
3054 1031 3219 1086 dixit:
3250 1029 3491 1086 Narrabo
3519 1046 3662 1085 no-

381 1133 453 1187 20
479 1143 532 1188 et
562 1143 852 1204 sequentes
891 1135 1028 1204 psal.
1074 1149 1207 1186 χχιιι
1244 1131 1357 1185 haec
1409 1129 1736 1183 adnotantur
1771 1142 1784 1178 :
1831 1142 1847 1174 ι
1875 1121 1952 1177 De
2054 1144 2174 1184 men
2207 1137 2359 1183 tuum
2379 1127 2635 1183 fratribus
2661 1126 2850 1182 meisa
2875 1124 3076 1181 Psalm.
3111 1140 3226 1190 xxi,
3255 1139 3398 1178 vers.
3428 1123 3519 1178 45.
3559 1150 3668 1163 —

385 1226 556 1297 ipsius
584 1228 758 1282 reditu
783 1227 910 1298 (hoc
939 1235 1022 1283 est
1046 1226 1267 1297 Christi)
1317 1224 1585 1294 loquitur,
1633 1234 1793 1291 quem
1826 1216 1951 1272 fecit
2050 1222 2110 1274 In
2156 1222 2549 1276 commentario
2587 1220 2773 1274 eadem
2811 1218 3002 1289 psalmi
3045 1216 3208 1270 verba
3249 1216 3322 1269 ita
3365 1216 3614 1285 exponit
3639 1233 3659 1268 :

382 1318 436 1372 in
469 1320 655 1374 caelos.
696 1339 714 1370 ι
2057 1330 2076 1364 ‹
2111 1312 2341 1383 Populo,
2380 1313 2579 1384 inquit,
2627 1313 2862 1367 narrabo
2906 1325 3101 1364 nomen
3141 1320 3327 1364 tuum:
3359 1309 3663 1378 quemad-

451 1410 507 1464 ln
542 1412 732 1466 eodem
789 1411 927 1465 libro
980 1410 1055 1464 De
1103 1408 1478 1464 Incarnatione
1529 1408 1605 1476 (p.
1649 1403 1740 1475 26)
1785 1403 1946 1458 verba
2051 1405 2268 1459 modum
2292 1405 2429 1460 dixit
2451 1405 2504 1459 in
2530 1403 3215 1476 Evangelio:Manit‘estavi
3239 1416 3433 1456 nomen
3467 1411 3656 1455 tuum

383 1504 577 1575 psalmi
607 1521 716 1571 ενι,
749 1521 892 1560 vers.
922 1504 990 1558 59
1015 1545 1032 1569 ,
1067 1523 1086 1555 ι
1111 1503 1256 1558 Misit
1279 1501 1515 1556 Verbum
1550 1515 1705 1556 suum
1727 1539 1744 1564 ,
1771 1507 1827 1552 et
1859 1513 1950 1553 sa-
2052 1497 2444 1552 hominibus“.
2471 1517 2490 1550 ι

384 1595 534 1649 navit
557 1610 671 1661 eos,
694 1615 713 1648 ι
741 1605 793 1651 et
814 1597 949 1666 psal.
975 1612 1140 1660 cxvu,
1164 1611 1305 1650 vers.
1330 1595 1418 1655 52,
1453 1614 1470 1645 ι
1497 1593 1638 1648 Deus
1666 1592 1946 1654 Dominus,
2121 1592 2178 1645 ln
2215 1590 2468 1663 Oratione
2488 1591 2662 1662 prima
2689 1602 2868 1645 contra
2892 1589 3141 1657 Arianae,
3166 1600 3206 1646 t.
3237 1589 3303 1656 ll,
3337 1605 3459 1661 pag.
3493 1586 3652 1652 528,

384 1695 439 1740 et
469 1686 844 1751 illuxitnobis,
874 1707 892 1739 ι
927 1688 1161 1759 explicat
1191 1688 1258 1742 de
1299 1687 1530 1741 adventu
1565 1684 1726 1740 Verbi
1759 1684 1853 1739 Dei
1893 1683 1947 1738 in
1982 1738 2023 1759 ἢ
2052 1683 2118 1736 ad
2151 1682 2485 1752 probandam
2529 1683 2884 1738 aeternitatem
2931 1681 3053 1736 Filii
3089 1697 3213 1737 cum
3256 1681 3416 1736 Patre
3449 1679 3655 1734 utitur

385 1779 647 1833 mundum
674 1780 727 1834 in
759 1781 904 1836 hunc
931 1781 1183 1835 modum:
1219 1779 1546 1851 (Negligunt
1566 1778 1749 1834 videre
1773 1776 1953 1832 Domi-
1982 1776 2025 1792 ⁵¹
2054 1779 2232 1834 verbis
2265 1778 2461 1848 psalmi
2500 1795 2648 1832 xxxv
2688 1778 2940 1835 versiculi
2983 1779 3087 1845 20,
3144 1797 3163 1829 ι
3189 1777 3245 1831 Ιιι
3289 1776 3494 1831 lumine
3531 1784 3654 1830 tuo

385 1888 515 1925 num
536 1911 550 1935 ,
581 1888 742 1944 quem
789 1873 1085 1944 Scriptura:
1122 1875 1488 1944 praedixerunt
1525 1872 1644 1928 orbi
1683 1880 1951 1926 terrarum
2058 1871 2599 1937 videbimus/lumen;
2625 1890 2643 1924 ι
2671 1881 2726 1927 et
2744 1871 2936 1942 psalmi
2969 1886 3169 1925 Lxxxtx
3193 1870 3388 1926 versic.
3414 1868 3500 1931 17,
3533 1887 3554 1918 ι
3579 1876 3653 1922 et.

384 1964 654 2031 illuxisse,
681 1974 734 2020 et
757 1982 980 2035 corpore
1005 1966 1253 2020 indutum
1285 1965 1666 2035 apparuisse.)
1694 1963 1771 2018 lta
1789 1964 1950 2017 etiam

386 2055 441 2110 in
471 2056 723 2113 Oratione
751 2061 977 2114 secunda
1019 2069 1203 2114 contra
1243 2059 1470 2113 Artanos
1497 2101 1512 2123 ,
1560 2074 1682 2128 pag.
1729 2057 1854 2113 595.
1885 2087 1956 2098 —

385 2149 444 2204 ln
470 2161 657 2207 nostro
695 2164 874 2208 autem
905 2154 1299 2210 commentario
1335 2153 1402 2208 ad
1446 2168 1664 2207 versum
1704 2151 1952 2206 eumdem

389 2239 458 2294 59
487 2244 624 2310 psal.
659 2259 742 2298 cvi
775 2244 891 2300 haec
932 2245 1188 2316 leguntur
1221 2263 1234 2299 :
1286 2265 1303 2296 ‹
1333 2243 1480 2299 Misit
1519 2243 1687 2297 Deum
1721 2243 1954 2298 Verbum

387 2329 577 2397 Pater,
611 2346 666 2390 et
693 2338 956 2393 transﬁxo
980 2339 1098 2408 ejus
1117 2339 1286 2394 latere
1313 2353 1414 2392 nos
1441 2352 1631 2392 omnes
1661 2336 1836 2392 sanati
1864 2352 1958 2391 su-

385 2441 540 2488 mus,
563 2445 580 2477 ι
613 2434 667 2482 et
692 2428 758 2482 ad
790 2443 933 2484 vers.
962 2429 1029 2484 52
1055 2430 1248 2499 psalmi
1266 2445 1433 2488 cxvii,
1461 2447 1479 2479 ε
1503 2427 1954 2498 Quandoquidem

386 2533 509 2573 cum
545 2518 687 2573 Deus
709 2531 854 2576 esset
881 2520 1041 2577 Jesus
1067 2521 1331 2576 Dominus
1359 2521 1610 2592 apparuit
1639 2521 1692 2574 in
1723 2530 1886 2575 terra.
1932 2539 1951 2572 ι

455 2613 534 2666 Ad
563 2614 725 2668 verba
753 2614 840 2668 illa
871 2615 1064 2684 psalmi
1097 2631 1221 2669 Lxxl
1248 2657 1262 2682 ,
1294 2630 1435 2670 vers.
1475 2615 1528 2678 1,
1569 2634 1586 2664 ι
1613 2613 1774 2679 Deus,
1806 2614 1955 2684 judi-

385 2703 528 2760 cium
553 2714 700 2760 tuum
719 2708 830 2777 regi
848 2707 916 2762 da
953 2727 964 2761 :
993 2727 1116 2760 ›-‹
1143 2707 1476 2778 Supplicant,
1499 2708 1592 2771 ait,
1618 2708 1954 2776 utjudicium

386 2799 577 2852 mortis
598 2808 784 2853 contra
815 2814 913 2854 nos
944 2800 1213 2869 prolatum
1253 2799 1390 2854 Filio
1429 2800 1607 2854 detur.
1631 2819 1650 2853 ι
1703 2799 1761 2854 In
1797 2809 1954 2856 tract.

387 2893 445 2949 in
477 2892 642 2950 illud:
684 2914 701 2946 ι
727 2895 924 2950 Omnia
951 2896 1083 2949 mihi
1115 2895 1310 2950 tradita
1341 2903 1498 2961 sunt,
1525 2914 1543 2946 ›
1579 2911 1637 2966 p.
1678 2895 1768 2952 85.
1801 2926 1873 2937 —
1897 2898 1956 2952 ln

386 2991 780 3045 commentario
822 2991 888 3045 ad
926 2990 1089 3045 verba
1120 2989 1364 3060 ejusdem
1401 2989 1598 3060 psalmi
1640 2990 1754 3047 haec
1785 2992 1956 3062 subji-

388 3080 637 3134 eiuntur:
674 3099 692 3132 ι
716 3079 852 3134 Filio
879 3089 996 3134 tuo.
1021 3097 1040 3130 ›

461 3168 515 3223 1η
563 3170 803 3239 Epistola
853 3171 915 3224 de
960 3170 1179 3224 decretis
1237 3169 1474 3227 Nicwnte
1508 3171 1722 3242 synodi,
1766 3180 1954 3227 contra

389 3260 620 3316 Arianos
656 3263 815 3317 verba
854 3262 1064 3318 faciens
1105 3281 1117 3316 :
1146 3283 1163 3314 ‹
1189 3262 1409 3330 Verum,
1447 3265 1642 3335 inquit,
1679 3264 1814 3320 falsa
1844 3267 1958 3323 haec

391 3360 538 3416 sunt,
569 3368 688 3421 quae
711 3353 1102 3424 propugnatis:
1137 3354 1406 3424 siquidem
1440 3355 1554 3425 ipse
1592 3356 1718 3411 fecit
1749 3372 1870 3423 nos,
1904 3366 1958 3413 et

391 3458 497 3494 non
526 3443 625 3512 ipsi
654 3459 773 3499 nos.
805 3446 927 3514 Ipse
955 3452 1060 3509 est,
1090 3445 1180 3515 qui
1208 3461 1303 3516 per
1323 3462 1482 3501 suum
1511 3446 1749 3503 Verbum
1773 3451 1956 3506 omnia

389 3544 443 3590 et
471 3551 630 3605 parva
655 3577 670 3600 ,
701 3546 755 3592 et
789 3553 981 3608 magna
1001 3591 1004 3595 ,
1028 3537 1174 3593 fecit.
1204 3557 1222 3590 ι
1257 3570 1326 3589 -.-
1355 3537 1413 3593 ln
1459 3549 1648 3596 nostro
1679 3557 1959 3597 commen-

390 3631 528 3685 tario
552 3630 615 3684 ad
653 3629 840 3684 eadem
869 3631 1028 3684 verba
1063 3631 1252 3701 psalmi
1288 3648 1410 3688 xeix
1448 3633 1761 3703 hujusmodi
1792 3650 1958 3704 appo-

389 3722 538 3776 nitur
563 3722 837 3776 adnotatiu
870 3741 882 3776 :
925 3742 942 3773 ‹
967 3722 1084 3792 Ipse
1126 3739 1225 3780 nos
1263 3724 1422 3793 fecit,
1453 3735 1507 3781 et
1551 3743 1658 3781 non
1699 3745 1763 3784 ex
1799 3730 1957 3786 nobis

389 3829 599 3877 smnus,
633 3822 691 3866 ut
717 3814 881 3884 aliqui
908 3815 1116 3870 dicunt.
1140 3835 1157 3867 ι

462 3901 635 3958 Verba
657 3905 849 3973 psalmi
883 3921 942 3965 ιι,
977 3923 1119 3961 vers.
1155 3909 1242 3974 l5,
1273 3927 1291 3960 ί
1315 3908 1429 3980 Ego
1467 3911 1624 3967 hodie
1655 3915 1813 3984 genui
1839 3924 1910 3978 te,
1931 3934 1950 3967 ι

388 4002 444 4050 et
476 3993 563 4047 illa
583 3995 688 4048 alia
714 3997 902 4064 psalmi
933 4013 1022 4052 crx
1043 4040 1058 4063 ,
1081 4014 1224 4054 vers.
1254 4000 1308 4064 7,
1358 4020 1375 4050 ι
1405 4000 1482 4054 Ex
1516 4012 1670 4057 utero
1705 4014 1829 4059 ante
1851 4005 1960 4060 Lu-

391 4083 618 4140 ciferum
672 4086 831 4157 genui
876 4097 1002 4151 te,»
1043 4089 1109 4143 de
1160 4099 1360 4144 :eterua
1403 4090 1562 4146 Verbi
1614 4097 1959 4164 generatione

391 4186 579 4231 contra
617 4176 850 4232 Arianos
881 4181 1116 4246 explicat
1149 4181 1202 4235 in
1242 4182 1344 4252 Ep.
1395 4184 1458 4238 de
1489 4186 1684 4242 decret.
1724 4185 1960 4245 Nicazna:

391 4267 599 4337 synodi,
627 4283 749 4338 pag.
785 4268 921 4333 172ς
955 4269 1082 4325 item
1110 4288 1231 4344 pag.
1264 4274 1395 4339 178,
1425 4285 1478 4330 et
1506 4277 1558 4330 in
1603 4275 1704 4348 Ep.
1740 4281 1804 4334 de
1838 4298 1957 4335 sen-

392 4361 553 4415 tentia
578 4360 840 4432 Dionysii,
875 4379 995 4432 pae.
1021 4365 1145 4430 192,
1171 4367 1296 4421 etin
1324 4367 1473 4423 Orat.
1507 4386 1545 4425 ιι
1592 4381 1779 4427 contra
1799 4375 1958 4429 Aria-

2053 1963 2125 2018 sit
2169 1963 2424 2033 splendor
2464 1964 2675 2018 Domini
2717 1979 2880 2033 super
2921 1979 3053 2028 nos;
3082 1984 3100 2016 ν
3140 1973 3192 2018 et
3228 1963 3420 2032 psalmi
3463 1977 3651 2017 cxuv

2054 2055 2310 2110 versiculi
2331 2055 2423 2118 20,
2447 2074 2464 2106 ι
2491 2054 2736 2127 Regnum
2754 2065 2905 2110 tuum
2930 2071 3154 2126 regnum
3174 2057 3417 2111 omnium
3450 2072 3649 2112 saecu-

2055 2147 2255 2202 lorum.
2280 2165 2298 2198 ›
2332 2177 2403 2186 -
2433 2147 2494 2201 In
2517 2147 2910 2202 commentario
2939 2149 3004 2202 ad
3021 2148 3270 2203 eumdem
3296 2149 3644 2204 versiculum

2055 2239 2250 2308 psalmi
2279 2255 2422 2303 xxxv
2453 2239 2778 2308 subjicitur:
2822 2257 2840 2288 ι
2868 2237 2925 2293 ln
2961 2239 3080 2309 ipso
3111 2240 3250 2294 Filio
3293 2250 3388 2295 tuo
3418 2241 3646 2296 videbi—

2055 2348 2179 2387 mus
2197 2332 2372 2388 lucem
2395 2351 2444 2387 ε»
2475 2333 2612 2388 adv.
2644 2332 2707 2386 17
2729 2331 2861 2402 psal.
2887 2347 3110 2399 Lxxxix,
3143 2332 3356 2388 «Gratia
3382 2333 3636 2404 ipsiusp

2057 2427 2124 2482 ad
2156 2441 2207 2478 v.
2241 2424 2312 2478 20
2354 2425 2494 2496 psal.
2541 2440 2733 2492 cxuv,
2781 2422 3067 2495 «Regnum
3111 2425 3498 2495 sempiternum
3524 2466 3542 2491 ,
3579 2433 3644 2479 et

2055 2518 2353 2573 dominatio
2386 2528 2476 2573 tua
2507 2533 2668 2588 super
2709 2517 2993 2574 credentes
3023 2517 3192 2573 verbo
3229 2515 3547 2589 Evangelii,
3578 2525 3642 2572 et

2056 2626 2218 2680 super
2246 2625 2353 2665 non
2383 2611 2684 2665 credentes.
2706 2629 2724 2660 ι

2124 2703 2181 2758 lu
2212 2705 2396 2759 eadem
2430 2704 2675 2758 oratione
2699 2704 2876 2773 prima
2905 2704 2970 2758 ad
2998 2703 3331 2774 probandam
3367 2701 3639 2758 immuta-

2058 2797 2319 2852 bilitatem
2350 2795 2511 2850 Verbi
2547 2795 2703 2850 affert
2752 2796 3086 2851 Athanasius
3134 2811 3256 2865 qua:
3292 2795 3554 2850 dicuntur
3601 2810 3635 2850 a

2057 2898 2246 2943 sancto
2276 2888 2475 2943 Davide
2509 2887 2563 2941 in
2605 2887 2812 2958 psalmo
2847 2903 2933 2954 cr,
2959 2903 3098 2943 vers.
3142 2888 3242 2955 48,
3291 2906 3308 2939 ι
3333 2887 3493 2944 lnitio
3533 2898 3593 2943 tu
3615 2930 3634 2955 ,

2058 2982 2318 3048 Domine,
2343 3001 2360 3034 ι
2397 2990 2527 3047 etc.,
2553 2990 2607 3036 et
2639 2997 2783 3038 vers.
2817 2982 2884 3036 55
2904 3023 2919 3049 ,
2965 3001 2984 3033 ι
3008 2981 3088 3036 Tu
3121 2991 3302 3037 autem
3331 2983 3472 3038 idem
3511 2981 3638 3053 ipse

2011 3109 2024 3130 .
2057 3091 2146 3140 es,
2173 3083 2230 3130 et
2256 3074 2383 3130 anni
2433 3075 2510 3129 tui
2547 3090 2656 3130 non
2694 3075 2961 3130 deﬁcient.
2985 3094 3004 3127 ι
3039 3107 3108 3118 -
3138 3075 3195 3129 In
3232 3077 3638 3132 commentatio

2060 3167 2125 3222 ad
2158 3168 2320 3222 verba
2353 3167 2442 3222 illa
2470 3182 2614 3221 vers.
2648 3168 2718 3222 55
2746 3168 2860 3222 haec
2892 3169 3253 3222 adnotantur:
3293 3187 3311 3219 ι
3333 3165 3410 3220 Tu
3443 3176 3634 3222 autem

2058 3271 2113 3317 et
2163 3259 2337 3316 lactus
2393 3259 2559 3314 homo
2612 3260 2757 3316 idem
2805 3275 2865 3317 es
2924 3261 3102 3331 qualis
3167 3275 3325 3326 eras,
3379 3268 3434 3314 et
3484 3260 3638 3315 sicut

2057 3355 2270 3410 dierum
2312 3353 2637 3425 principium
2688 3369 2797 3410 non
2842 3355 3041 3420 habes,
3084 3355 3156 3409 ita
3200 3369 3374 3424 neque
3407 3353 3530 3408 vita:
3567 3353 3638 3407 ti-

2057 3460 2201 3501 nem.
2227 3466 2246 3500 ι

2127 3539 2186 3592 lu
2239 3537 2425 3594 eadem
2481 3538 2684 3608 pariter
2716 3539 2960 3594 oratione
2999 3538 3177 3594 allatis
3218 3539 3398 3595 verbis
3430 3539 3633 3610 psalmi

2057 3645 2319 3695 Lxxxvm,
2343 3645 2484 3685 vers.
2510 3630 2598 3693 52,
2623 3631 2712 3692 55,
2753 3650 2770 3681 ‹
2793 3639 2844 3684 et
2875 3631 2927 3683 iu
2953 3630 3164 3700 justitia
3191 3639 3280 3686 tua
3309 3630 3633 3686 exaltabun-

2056 3733 2164 3788 tur,
2192 3724 2447 3794 quoniam
2473 3723 2642 3793 gloria
2664 3723 2878 3777 virtutis
2901 3738 3089 3778 eorum
3115 3733 3170 3777 tu
3194 3739 3274 3791 es,
3301 3743 3319 3774 ι
3350 3723 3476 3778 talia
3497 3723 3636 3778 sub-

2050 3815 2171 3884 jieit
2201 3833 2215 3869 :
2243 3834 2260 3867 ι
2291 3813 2346 3868 Si
2400 3830 2564 3884 porro
2595 3815 2764 3870 Filius
2793 3817 3006 3886 justitia
3049 3825 3167 3885 est,
3226 3831 3333 3870 non
3372 3830 3502 3888 ergo
3538 3816 3631 3871 ille

2058 3907 2389 3961 exaltatione
2421 3922 2559 3976 opus
2582 3907 2780 3972 habet;
2809 3909 2902 3963 sed
2951 3923 3050 3962 nos
3082 3923 3304 3972 sumus,
3338 3909 3429 3978 qui
3460 3907 3514 3960 in
3537 3907 3632 3978 ju-

2059 3996 2205 4051 stitia
2234 3996 2556 4058 exaltamur,
2587 4013 2706 4067 qua:
2722 4014 2914 4068 nempe
2937 3999 3052 4068 ipse
3067 4008 3168 4053 est.
3199 4018 3217 4051 ι
3246 3997 3375 4069 Pag.
3404 3996 3528 4051 552.
3558 4029 3631 4040 -

2058 4083 2114 4139 lu
2147 4088 2540 4141 commentario
2574 4088 2877 4143 versiculus
2919 4088 3008 4143 ille
3043 4089 3111 4142 5i
3147 4088 3390 4158 ejusdem
3430 4087 3630 4158 psalmi

2060 4180 2132 4234 ita
2157 4179 2480 4250 exponitur:
2521 4197 2537 4229 t
2562 4179 2627 4233 Et
2651 4180 2703 4232 in
2732 4178 2870 4235 Filio
2903 4189 2996 4234 tuo
3024 4180 3494 4252 gloriﬁcabuntur;
3518 4198 3538 4231 ι
3573 4187 3632 4234 et

2060 4272 2395 4342 subsequens
2412 4273 2712 4328 versiculus
2730 4273 2821 4341 55,
2849 4293 2866 4326 ι
2893 4272 3160 4340 Quoniam
3179 4273 3234 4327 in
3258 4282 3307 4328 te
3326 4271 3631 4343 gloriantur

2059 4373 2112 4417 et
2142 4366 2585 4420 corrobmantur.
2620 4384 2638 4417 ι

392 4469 483 4505 nos
506 4494 520 4518 ,
560 4462 597 4507 t.
627 4452 706 4521 ll,
736 4471 859 4527 pag.
888 4458 991 4513 415
1015 4499 1030 4523 ,
1058 4467 1112 4514 ει
1148 4459 1199 4514 in
1247 4459 1398 4514 orat.
1436 4477 1487 4515 ιν
1529 4474 1711 4520 contra
1739 4467 1954 4532 Arium,
1990 4451 2034 4507 D
2132 4454 2189 4508 In
2211 4455 2396 4510 eadem
2423 4456 2674 4510 similiter
2696 4454 2946 4510 Oratione
2975 4457 3144 4523 prima
3174 4465 3356 4509 contra
3374 4457 3623 4522 Arianae,

391 4559 514 4613 pag.
575 4545 697 4598 504.
732 4547 885 4602 —ln
943 4552 1335 4605 commentario
1378 4553 1444 4606 ad
1497 4571 1640 4610 vers.
1696 4559 1762 4613 15
1793 4569 1844 4613 et
1890 4561 1956 4614 14

391 4635 633 4703 ejusdem
663 4627 854 4705 psalmi
893 4656 929 4693 ιι
955 4642 1066 4696 hmo
1106 4643 1405 4701 habentur:
1448 4666 1466 4698 ι
1495 4646 1560 4703 Et
1587 4650 1739 4703 cmlis
1769 4653 1956 4708 audire

393 4724 520 4780 fecit
554 4741 736 4782 vocem
785 4745 938 4784 suam
989 4732 1231 4788 clamans
1261 4737 1325 4790 ad
1354 4753 1440 4792 me
1476 4757 1488 4792 :
1521 4758 1539 4789 ι
1575 4739 1654 4795 Tu
1687 4757 1745 4797 es
1786 4743 1956 4800 Filius

397 4837 415 4867 ι
438 4832 590 4872 meus
605 4817 862 4883 dilectus;
889 4838 906 4870 ι
927 4829 982 4874 et
1002 4822 1066 4873 ad
1084 4835 1396 4892 sequentem
1412 4843 1556 4885 vers.
1577 4831 1663 4893 15,
1684 4833 1797 4887 h:ec
1817 4835 1952 4892 alia:

394 4909 550 4976 (Qua
585 4910 672 4964 die
695 4911 1291 4982 teqmanifestavi.Nam
1327 4929 1452 4974 ante
1487 4925 1681 4978 saecula
1718 4927 1954 4984 abscon-

390 5004 535 5058 ditus
558 5019 683 5058 eras
713 5005 767 5058 in
799 5021 885 5060 me
912 5005 1070 5062 Patre
1109 5018 1235 5073 tuo,
1267 5015 1721 5080 quemadmodum
1744 5019 1811 5073 de
1837 5019 1957 5088 ipso

391 5095 650 5165 scriptum
690 5107 807 5153 est:
849 5097 1129 5156 Exsistens
1166 5101 1219 5154 in
1253 5103 1374 5157 sinu
1407 5104 1602 5161 Patris.
1626 5127 1644 5160 ι
1693 5109 1774 5163 Ad
1813 5127 1952 5168 vers.

390 5203 517 5241 vero
540 5189 570 5240 7
595 5190 729 5258 psal.
763 5206 851 5245 elx
875 5191 1000 5246 talia
1029 5192 1310 5263 leguntur:
1352 5215 1370 5246 ί
1392 5195 1446 5249 In
1471 5214 1556 5252 me
1581 5214 1704 5255 eras
1721 5216 1953 5272 semper,

391 5297 456 5334 ex
489 5298 598 5347 quo
623 5285 761 5352 ccepi
791 5286 977 5339 creare
1012 5287 1192 5340 omnia
1233 5303 1326 5355 per
1361 5299 1440 5351 te,
1487 5290 1828 5347 manifestavi
1875 5305 1953 5360 te,

392 5376 534 5443 quod
565 5377 848 5440 habebam,
881 5387 934 5434 et
962 5380 1134 5436 habeo
1157 5379 1355 5436 Filium
1382 5383 1436 5436 in
1463 5399 1549 5439 me
1578 5385 1715 5454 ipso.
1743 5407 1760 5438 ι

462 5465 518 5518 Ιιι
541 5466 726 5521 eadem
760 5470 1021 5540 epistola,
1059 5481 1098 5527 t.
1135 5471 1184 5538 l,
1219 5489 1342 5546 pag.
1378 5475 1512 5539 l77,
1543 5477 1733 5532 scribit
1761 5496 1955 5536 nomen

390 5555 605 5610 virtutis
633 5556 860 5613 diversis
892 5561 1054 5618 rebus
1089 5563 1288 5633 tribui,
1329 5566 1525 5623 deinde
1562 5567 1742 5625 addit:
1783 5590 1802 5624 ι
1825 5571 1958 5628 Alia:

459 5689 502 5722 "
547 5685 704 5745 Joan.
739 5708 872 5762 xvn,
898 5695 950 5750 6.

2056 4563 2177 4619 pag.
2209 4547 2357 4603 555:
2411 4567 2430 4600 ι
2469 4549 2621 4615 llaec,
2664 4549 2860 4617 inquit,
2907 4550 3072 4603 verba
3119 4549 3286 4607 sacri.
3325 4550 3566 4604 cantoris
3607 4568 3621 4580 ·

2063 4656 2081 4688 ι
2116 4639 2281 4694 Sedes
2316 4647 2428 4698 tua.
2481 4640 2641 4705 Deus,
2692 4640 2744 4694 in
2781 4640 3038 4695 saeculum
3073 4641 3255 4695 szl'culi
3310 4641 3524 4711 (versic.
3557 4642 3624 4696 15

2061 4748 2079 4780 ‹
2114 4732 2248 4801 psal.
2276 4732 2444 4802 xmv).
2483 4731 2641 4802 Virga
2670 4731 2985 4787 directiouis
3011 4733 3160 4803 virga
3186 4733 3334 4803 regni
3351 4733 3449 4788 tui.
3481 4731 3623 4788 Dile-

2061 4841 2080 4874 ι
2113 4823 2236 4876 xisti
2273 4823 2560 4893 justitiam,
2611 4833 2666 4878 et
2705 4823 2869 4878 odisti
2922 4823 3285 4894 iniquitatem.
3330 4824 3621 4896 Propterea

2060 4933 2078 4965 ι
2117 4917 2268 4969 unxit
2300 4923 2352 4970 te
2373 4915 2534 4979 Deus,
2571 4915 2713 4970 Deus
2730 4925 2854 4971 tuus
2874 4917 2992 4972 oleo
3019 4918 3214 4974 laetitiae
3229 4935 3339 4990 pm
3357 4919 3622 4975 consorti-

2063 5025 2080 5057 i
2113 5008 2211 5062 bus
2245 5009 2373 5061 tuis.
2397 5027 2413 5058 ι
2450 5006 2652 5062 Deinde
2686 5009 2758 5062 ita
2789 5011 3136 5081 prosequitur
3170 5031 3184 5067 :
3220 5032 3238 5064 ι
3260 5013 3550 5076 Attendite,
3584 5027 3617 5067 ο

2055 5098 2278 5160 Ariani,
2308 5099 2608 5169 saltemque
2637 5117 2702 5155 ex
2731 5101 2835 5156 hoc
2855 5101 2974 5158 loco
3003 5105 3282 5174 agnoscite
3314 5107 3612 5162 veritatem.

2054 5186 2347 5243 Cousortes
2388 5187 2603 5242 Domini
2651 5205 2751 5245 nos
2792 5205 2981 5247 omnes
3031 5191 3317 5249 Psalmista
3366 5194 3612 5264 appellat.

2055 5279 2209 5346 Quod
2236 5281 2281 5334 si
2304 5296 2369 5335 ex
2395 5281 2566 5334 nihilo
2591 5290 2646 5336 et
2671 5299 2774 5336 una
2799 5299 2829 5339 e
2856 5285 3017 5341 rebus
3047 5285 3205 5341 factis
3233 5297 3377 5342 esset
3417 5287 3614 5354 Filius,

2057 5376 2171 5445 ipse
2201 5389 2418 5446 quoque
2453 5377 2591 5432 inter
2613 5387 2896 5435 consortes
2930 5391 3332 5450 numeraretur.
3361 5381 3494 5435 Cum
3517 5397 3613 5435 au~

2057 5479 2161 5525 tem
2186 5471 2337 5526 illum
2368 5471 2536 5526 Deum
2559 5483 2818 5528 :rternum
2836 5473 2920 5528 his
2950 5474 3128 5529 verbis
3151 5475 3407 5530 cecinerit
3459 5494 3473 5530 :
3514 5457 3618 5532 Re.-

2055 5579 2219 5634 gnum
2261 5574 2414 5620 tuum
2464 5564 2671 5634 Deus,»
2710 5577 2815 5623 etc.
2849 5597 2921 5608 —
2946 5567 3003 5622 ln
3051 5571 3443 5625 commentario
3476 5571 3614 5641 ejus.-
