3760 6270
155 313 267 368 ᾶιῦ

820 311 905 366 DE
938 309 1209 367 TlTULlS
1247 311 1688 369 PSALMORUM.
1734 343 1802 352 —-
1840 311 2226 370 ANI‘ONELLI
2269 313 2658 372 PREFATIO.

3315 315 3420 372 646

155 427 282 482 dem
319 427 528 498 psalmi
557 442 686 482 xuv
719 426 1030 496 hujusmodi
1057 427 1234 482 brevis
1267 429 1535 498 expositio
1561 435 1748 482 contra
1781 431 1819 486 Α
1854 425 2020 484 fuisse
2051 429 2118 485 iis
2148 445 2270 500 qua:
2296 431 2350 485 in
2391 431 2546 486 Orat.
2580 445 2634 484 iv
2663 440 2848 484 contra
2874 428 3101 485 Arianos
3130 429 3386 487 dicuntur
3406 475 3421 496 ,

152 519 498 573 earumdem
521 517 853 573 Arianorum
880 521 1202 574 sententiam
1246 521 1566 576 ascribitur:
1610 543 1628 574 ‹
1651 521 1756 576 Re-

157 626 336 679 gnum
387 621 554 664 tuum
611 611 998 680 sempiternum
1035 611 1124 675 (ad
1173 627 1312 666 vers.
1367 612 1476 680 16).
1513 611 1757 667 Potestas

155 714 369 758 aeterna
401 721 642 775 regnum
678 714 830 758 tuum
873 705 959 772 (ad
992 706 1185 761 vcrsic.
1216 705 1326 776 l7).
1356 705 1598 761 Dilexisti
1629 721 1758 761 sane

154 807 280 851 ctos
319 807 488 862 tuos,
510 805 567 851 et
595 796 756 851 odisti
792 796 1097 852 inventores
1121 797 1453 867 iniquitatis,
1481 797 1754 852 diabolum

159 909 365 964 nempe
389 902 452 948 et
478 893 705 964 angelos
735 892 856 962 ejus
882 892 970 960 (ad
996 909 1137 948 vers.
1168 893 1232 947 l8
1251 937 1266 960 ,
1299 894 1410 964 l9).
1464 894 1755 965 Propterea

159 990 519 1045 renuntiavit
553 998 603 1042 te
633 987 793 1043 Pater
832 1004 926 1058 per
953 985 1213 1056 Spiritum
1254 997 1500 1042 sanctum
1527 1031 1541 1054 ,
1575 1003 1754 1060 regem

154 1083 274 1151 jam
312 1082 725 1136 exsistentem:
767 1077 1204 1148 quandoquidem
1246 1094 1460 1147 semper
1498 1079 1754 1134 exstitisti

160 1190 258 1228 rex
296 1187 474 1240 supra
507 1185 604 1225 eos
629 1168 720 1239 qui
758 1168 1045 1238 participes
1078 1166 1294 1222 fuerunt
1324 1169 1509 1238 gratiie
1539 1177 1663 1223 tute.
1687 1189 1704 1219 ι

235 1265 298 1320 In
331 1264 604 1320 Oratione
625 1269 817 1333 quarta
842 1259 1071 1314 Arianos
1110 1268 1312 1313 temere
1355 1267 1658 1314 asserentes
1701 1260 1754 1313 iu

165 1357 354 1413 Veteri
372 1355 737 1411 Testamento
758 1353 958 1406 nullam
983 1351 1124 1417 Filii,
1148 1351 1240 1406 sed
1267 1351 1436 1405 solius
1459 1349 1620 1405 Verbi
1639 1351 1757 1406 fieri

161 1451 514 1504 mentionem
547 1445 742 1500 refellit
767 1444 850 1500 his
877 1444 1081 1500 verbis:
1113 1462 1132 1494 ι
1156 1441 1261 1498 Sed
1290 1443 1450 1497 etiam
1487 1458 1672 1498 revera
1701 1443 1755 1497 in

161 1540 352 1594 Veteri
387 1537 748 1592 Testamento
775 1534 940 1588 multa
973 1534 1039 1588 de
1072 1533 1208 1588 Filio
1237 1542 1566 1600 occurrunt,
1606 1543 1664 1589 ut
1702 1535 1756 1588 in

162 1634 386 1702 psalmo
417 1629 701 1684 secundo:
740 1644 862 1678 ι-ι
882 1625 1051 1680 Filius
1085 1640 1237 1681 meus
1266 1641 1325 1680 es
1359 1635 1450 1680 tu:
1480 1640 1580 1695 ego
1597 1609 1758 1682 hodie

169 1744 186 1775 ι
213 1723 385 1794 genui
423 1731 499 1777 te.
524 1740 544 1773 ι
568 1720 633 1794 Et
663 1721 716 1774 in
743 1734 886 1773 none
919 1719 1214 1788 inscripto:
1241 1737 1258 1769 ι
1282 1715 1338 1772 In
1367 1717 1528 1773 ﬁnem
1553 1734 1649 1788 pro
1669 1733 1757 1772 oc-

168 1835 190 1868 (
219 1793 392 1871 cultis
431 1813 589 1874 Filii,
620 1793 868 1866 Psalmus
904 1809 1091 1864 David.
1120 1828 1137 1861 ι
1157 1808 1222 1862 Ει
1250 1809 1304 1862 in
1337 1809 1754 1881 quadragesimo

161 1919 403 1980 quarto:
435 1926 454 1958 ι
478 1906 536 1961 ln
563 1906 722 1960 ﬁnem
753 1919 850 1974 pro
893 1903 960 1958 iis
981 1903 1074 1972 qui
1098 1902 1598 1964 commutabantur,
1627 1900 1752 1955 filiis

169 2020 187 2051 ι
213 1997 384 2064 Core,
412 2000 482 2053 ad
504 1997 858 2060 intellectum,
887 1995 1157 2050 canticum
1186 2009 1282 2062 pro
1307 1993 1524 2056 dilecto,
1553 2011 1569 2042 ι
1592 2001 1749 2046 etc...

161 2091 302 2160 Quis
320 2100 514 2146 autem
538 2089 770 2142 dilectus
790 2096 870 2140 est
899 2093 1088 2155 przeter
1117 2083 1307 2138 Filium
1334 2081 1702 2154 Unigeuitum,
1726 2099 1746 2132 ι

162 2194 272 2240 etc.
306 2213 381 2224 —
413 2181 473 2235 ln
520 2178 945 2240 commentario,
1001 2192 1121 2247 qua:
1171 2176 1437 2231 habentur
1484 2175 1552 2228 ad
1585 2173 1750 2227 verba

162 2277 307 2348 psal.
346 2293 387 2330 ιι
419 2289 588 2344 supra
619 2272 793 2326 attuli.
831 2269 1029 2326 Psalmi
1076 2278 1255 2323 autem
1291 2267 1420 2322 noni
1467 2265 1752 2335 inscriptio

163 2370 242 2425 ita
271 2368 619 2438 explicatur:
656 2382 674 2415 ‹
700 2363 756 2417 ln
782 2361 1078 2416 novissimo
1102 2360 1190 2420 ,die
1214 2375 1311 2430 pro
1335 2356 1749 2428 incomprehen-

165 2461 432 2516 sibilibus
482 2456 756 2528 mysteriis
804 2452 923 2507 Filii
984 2452 1097 2507 Dei.
1126 2471 1145 2503 ›
1198 2449 1573 2520 lnterpretatio
1607 2446 1748 2504 tituli

162 2551 374 2622 psalmi
404 2565 532 2603 xmv
569 2549 719 2603 deest
747 2547 800 2600 in
826 2544 1030 2609 codice,
1058 2545 1150 2599 sed
1181 2559 1300 2598 eam
1322 2551 1746 2599 consentaneam

1858 535 2050 590 nempe
2079 521 2483 591 inscriptionem
2509 523 2581 577 ibi
2616 537 2837 593 quoque
2862 522 2929 577 de
2958 521 3136 578 Verbo
3166 522 3259 578 Dei
3286 523 3425 579 Filio

1855 614 2155 683 expositam
2210 615 2410 682 fuisse,
2453 624 2636 686 aperte
2679 615 2880 670 indicat
2920 615 3211 686 explicatio
3255 617 3426 673 totius

1856 706 2073 777 psalmi,
2101 709 2256 778 cujus
2276 711 2451 780 prima
2474 710 2635 764 verba
2663 718 2823 764 sunt:
2859 727 2877 759 ί
2902 707 3062 764 Pater
3088 710 3220 766 dicit
3246 714 3423 766 mani-

1858 797 2086 854 festasse
2113 798 2309 854 Filium
2339 815 2498 856 suum
2525 799 2692 856 Deum
2724 798 2983 856 Verbum.
3017 820 3034 852 ι

1927 937 1982 991 In
2024 937 2262 1007 Epistola
2285 939 2457 1006 prima
2478 938 2548 992 ad
2572 939 2930 1008 Serapionem,
2969 947 3010 992 ι.
3047 941 3114 1006 ll,
3142 956 3263 1011 pag.
3296 940 3421 1002 5'59,

1864 1029 2142 1100 «Spiritus
2195 1012 2409 1085 Domini
2463 1032 2778 1086 universum
2831 1033 3014 1086 orbem
3066 1033 3309 1101 replevit.
3345 1031 3422 1087 Ita

1856 1123 1998 1176 enim
2017 1121 2182 1178 David
2207 1124 2433 1178 cecinit:
2466 1144 2484 1176 ι
2508 1125 2626 1192 Quo
2643 1125 2732 1177 ibo
2755 1140 2785 1178 a
2816 1125 3020 1194 Spiritu
3052 1126 3183 1179 tuo?
3207 1145 3224 1177 ι
3247 1125 3423 1196 (Psal-

1858 1229 1948 1267 mo
1973 1230 2232 1278 cxxxvm,
2268 1231 2408 1272 vers.
2439 1215 2624 1286 il.)~
2656 1216 2713 1270 In
2751 1218 3144 1271 commentario
3168 1218 3234 1272 ad
3263 1233 3422 1272 eum-

1857 1305 1978 1360 dem
2029 1307 2352 1361 versiculum
2391 1308 2584 1377 psalmi
2629 1324 2906 1371 cxxxvm,
2937 1327 2954 1359 ι
2986 1307 3083 1362 Ubi
3118 1310 3262 1363 enim
3297 1309 3424 1364 abs-

1858 1398 2088 1452 condere
2129 1414 2215 1453 me
2247 1414 2466 1468 possum
2512 1416 2540 1454 a
2573 1409 2764 1456 sancto
2797 1412 2889 1455 tuo
2919 1401 3123 1471 Spiritu
3145 1442 3160 1465 ,
3200 1403 3294 1472 qui
3324 1419 3423 1457 no-

1859 1488 1960 1543 scit
1986 1488 2238 1542 omnia?»

1929 1630 1984 1684 In
2019 1629 2259 1699 Epistola
2286 1631 2348 1683 de
2379 1630 2590 1699 synodis
2612 1671 2627 1696 ,
2661 1645 2783 1700 pag.
2822 1629 2927 1684 609
2948 1671 2964 1695 ,
3011 1647 3028 1680 ι
3053 1628 3118 1683 Ει
3157 1629 3225 1685 de
3263 1629 3423 1685 Patre

1859 1721 2074 1792 quidem
2123 1722 2383 1790 scriptum
2438 1728 2550 1775 est:
2599 1719 2902 1774 «Dominus
2938 1720 3080 1776 Deus
3113 1730 3236 1775 tuus
3281 1738 3423 1776 unus

1865 1833 1883 1866 ι
1905 1813 2164 1868 Dominus
2176 1822 2307 1868 est.»
2327 1813 2506 1884 (Deut.
2522 1813 2688 1884 vt,4.)
2713 1833 2729 1864 σ
2755 1813 2828 1868 De
2845 1813 2981 1868 Filio
3003 1823 3216 1868 autem:
3236 1831 3255 1864 ι
3281 1812 3423 1869 Deus

1866 1925 1884 1957 σ
1910 1905 2173 1961 Dominus
2211 1915 2264 1961 et
2290 1905 2465 1960 illuxit
2495 1906 2651 1960 nobis
2672 1905 2843 1977 (Psal.
2867 1921 3035 1973 cxvn,
3068 1922 3209 1960 vers.
3229 1905 3341 1974 52),
3369 1915 3425 1962 et

1864 2016 1882 2049 ‹
1910 1998 2180 2052 videbitur
2223 1997 2364 2051 Deus
2395 1998 2618 2052 deorum
2669 1999 2722 2052 in
2777 1997 2904 2054 Sion
2945 1999 3120 2066 (Psal.
3183 2017 3421 2066 Lxxxm,

1858 2106 2000 2144 vers.
2055 2089 2164 2158 14).
2203 2109 2222 2142 ι
2247 2119 2306 2129 -
2343 2088 2399 2142 ln
2450 2091 2842 2145 commentario
2869 2093 3116 2146 similiter
3141 2094 3424 2164 utriusque

1857 2182 2050 2252 psalmi
2087 2181 2246 2234 verba
2281 2180 2347 2234 de
2377 2179 2512 2235 Filio
2541 2183 2612 2236 ita
2638 2191 2984 2252 exponuntur
3016 2182 3186 2251 (Paul.
3222 2183 3419 2254 cxvu):

1864 2291 1882 2324 ‹
1907 2272 2351 2342 Quandoquidem
2380 2287 2503 2326 cum
2531 2271 2675 2328 Deus
2697 2282 2839 2328 esset
2865 2271 3023 2328 Jesus
3049 2273 3308 2330 Dominus
3328 2290 3424 2344 ap-

1853 2364 2032 2434 paruit
2053 2362 2105 2416 in
2131 2372 2294 2416 terra.
2319 2380 2337 2412 ι
2374 2361 2437 2416 Et
2465 2363 2658 2432 psalm.
2687 2379 2898 2419 Lxxxm
2921 2383 2934 2418 :
2961 2384 2978 2416 ‹
3008 2363 3289 2418 Videbitur
3326 2363 3419 2419 Dei

1854 2449 2027 2506 Filius
2052 2449 2194 2506 Deus
2219 2451 2442 2508 deorum
2472 2492 2487 2518 ,
2513 2452 2617 2523 qui'
2645 2453 2778 2510 tales
2813 2453 2983 2524 gratia
3030 2462 3197 2520 sunt,
3236 2455 3289 2509 in
3321 2455 3420 2510 ad-

1854 2557 1952 2596 ven
1962 2549 2015 2594 ιιι
2043 2555 2164 2596 SUO.
2191 2559 2209 2592 1

238 2733 505 2788 Restaret
537 2730 733 2793 modo,
766 2737 826 2783 ut
856 2725 1308 2782 commentarium
1328 2765 1343 2791 ,
1379 2739 1475 2781 seu
1510 2723 1899 2795 metaphrasim
1930 2731 2169 2778 nostram
2198 2736 2322 2776 cum
2363 2719 2603 2784 Epistula
2627 2721 2695 2774 ad
2729 2721 3095 2776 Marcellinum
3137 2738 3420 2794 compara-

165 2849 312 2888 rem.
340 2829 480 2898 Quae
503 2827 649 2882 enim
680 2827 735 2880 in
765 2841 828 2881 ca
850 2827 1042 2881 beatus
1069 2822 1400 2878 Athanasius
1436 2821 1666 2876 afﬁrmat
1698 2837 1729 2876 a
1763 2829 1956 2876 sancto
1982 2818 2252 2888 Propheta
2276 2819 2418 2873 dicta
2448 2817 2617 2874 fuisse
2649 2819 2703 2873 in
2741 2821 2972 2877 Psalmis
3016 2821 3081 2875 de
3125 2819 3422 2877 Salvatoris

164 2925 413 2978 adventu
438 2961 452 2982 ,
486 2929 541 2974 et
573 2920 640 2974 de
667 2918 788 2988 ejus
809 2927 1011 2974 mterua
1037 2920 1385 2990 generatione
1411 2933 1442 2972 a
1470 2916 1662 2985 Patre,
1695 2931 1930 2988 eumque
1959 2915 2138 2970 Patris
2167 2914 2402 2969 Verbum
2436 2931 2556 2971 esse
2575 2957 2590 2980 ,
2617 2925 2671 2972 et
2701 2917 3033 2988 Sapientiam
3066 2917 3118 2990 (§
3161 2920 3253 2990 5);
3301 2936 3422 2991 qua:

162 3021 233 3074 de
253 3017 462 3073 Messia
495 3015 723 3086 ejusque
749 3023 953 3071 aeterno
977 3031 1146 3087 regno
1173 3015 1222 3088 (§
1247 3016 1335 3085 6),
1372 3016 1438 3071 de
1467 3013 1780 3070 Iudaeorum
1809 3013 2024 3070 insidiis
2044 3057 2059 3081 ,
2087 3013 2376 3084 pravisque
2401 3013 2643 3068 consiliis
2685 3015 2944 3070 adversus
2975 3016 3224 3070 eumdem
3260 3015 3422 3072 Chri-

162 3121 319 3167 stum
352 3107 679 3174 Dominum,
711 3107 886 3178 deque
907 3106 1026 3177 ejus
1061 3108 1413 3164 acerbissima
1447 3107 1705 3176 passione
1732 3105 1785 3175 (§
1816 3105 1907 3177 7):
1941 3105 2066 3160 item
2099 3105 2165 3159 de
2204 3103 2437 3175 gloriosa
2466 3105 2708 3175 ejusdem
2745 3105 2798 3159 in
2835 3105 3030 3161 ctelum
3070 3106 3422 3172 ascensione,

161 3217 287 3261 tum
323 3205 490 3260 etiam
515 3203 760 3259 sessione
783 3201 850 3256 ad
878 3202 1154 3256 dexteram
1191 3201 1386 3270 Patris,
1418 3203 1484 3258 de
1519 3202 1693 3273 poenis
1715 3204 1779 3256 ac
1803 3199 2082 3270 punitione
2112 3197 2314 3252 diaboli
2346 3195 2399 3268 (ς
2431 3197 2514 3267 8):
2546 3197 2764 3252 demum
2789 3199 2856 3252 de
2887 3197 3072 3252 futuro
3093 3199 3321 3268 judicio,
3356 3199 3424 3256 de

161 3298 467 3352 vocatione
494 3293 740 3349 omnium
767 3291 1006 3361 gentium
1026 3333 1040 3358 ,
1069 3303 1125 3348 et
1150 3293 1202 3346 in
1223 3292 1329 3348 ﬁne
1361 3293 1522 3348 etiam
1546 3293 1785 3363 ipsorum
1805 3291 2150 3345 Judzeorum:
2192 3289 2306 3344 haec
2333 3305 2553 3360 quoque
2583 3291 2634 3344 in
2667 3300 2856 3345 nostro
2878 3296 3273 3348 commentario
3299 3311 3422 3350 cum

162 3389 222 3444 in
257 3387 519 3444 eumdem
549 3399 769 3442 sensum
798 3382 1044 3454 exposita
1073 3381 1342 3450 legantur,
1376 3381 1500 3436 inde
1524 3381 1699 3452 magis
1729 3381 2010 3451 magisque
2033 3380 2442 3449 comprobatur,
2468 3381 2719 3435 eumdem
2743 3381 3102 3436 Athanasium
3140 3399 3424 3440 commen-

164 3485 298 3540 tarii
321 3482 495 3539 nostri
515 3520 532 3542 .
567 3495 664 3535 seu
693 3477 1054 3548 metaphrasis
1077 3484 1354 3530 auctorem
1384 3473 1575 3542 fuisse,
1605 3491 1760 3546 teque
1791 3492 1856 3531 ac
1882 3474 2136 3544 Epistola:
2163 3475 2232 3527 ad
2255 3474 2658 3540 Marcellinum,
2691 3493 2852 3546 quam
2886 3478 2944 3532 S.
2983 3480 3268 3534 Athanasii
3303 3496 3425 3536 esse

163 3588 337 3629 nemo
361 3571 609 3636 dubitat,
640 3582 868 3638 eamque
897 3577 1148 3622 sanctum
1182 3566 1462 3621 Ductorem
1494 3566 1644 3635 operi
1673 3581 1774 3620 suo
1801 3565 1874 3619 De
1903 3566 2072 3619 titulis
2108 3564 2450 3619 Psalmorum
2492 3570 2728 3639 prmponi
2778 3571 3052 3638 voluisse,
3091 3574 3424 3642 posteritatis

165 3664 456 3720 memoriae
479 3661 738 3718 traditum
770 3669 874 3716 est.
908 3659 1035 3724 Sed,
1061 3659 1320 3728 quoniam
1348 3674 1434 3714 res
1464 3659 1680 3728 longius
1725 3657 2039 3728 procederet
2079 3674 2242 3727 quam
2277 3667 2524 3728 oportet,
2555 3671 2609 3714 et
2643 3662 2925 3730 epistolam
2962 3667 3293 3722 sanctissimi
3331 3684 3419 3724 ar-

165 3757 508 3827 chiepiscopi
535 3757 800 3827 integram
819 3753 1061 3818 exhibui,
1089 3754 1143 3807 id
1167 3754 1414 3809 studioso
1437 3753 1624 3808 lectori
1652 3753 1956 3808 faciendum
1985 3753 2254 3823 relinquo.

238 3846 488 3902 XXXlli.
513 3846 748 3910 Etenim,
776 3844 1065 3915 ne‘majori
1089 3845 1247 3900 taedio
1268 3845 1530 3914 legentem
1563 3845 1812 3908 alliciam,
1845 3843 1909 3898 ad
1940 3844 2098 3898 linem
2133 3844 2346 3899 dicendi
2371 3861 2630 3916 propero;
2662 3847 2754 3902 sed
2779 3849 3096 3920 priusquam
3128 3851 3179 3908 id
3202 3852 3421 3923 faciam,

161 3954 216 3998 et
256 3943 568 3999 institutum
597 3957 904 3998 sermonem
930 3941 1206 3995 absolvam
1226 3983 1241 4008 ,
1275 3940 1407 3996 illud
1437 3957 1466 3995 a
1493 3955 1581 3996 me
1613 3939 1973 3996 omittendum
2007 3956 2113 3995 uon
2144 3948 2257 4009 est,
2285 3957 2410 3996 cum
2443 3941 2690 3998 Latinam
2725 3944 2890 4015 hujus
2931 3949 3295 4018 metaphrasis
3326 3968 3423 4008 seu

162 4041 555 4096 commentarii
586 4040 889 4095 versionem
932 4047 1170 4108 quatuor
1206 4047 1303 4093 aut
1351 4038 1594 4108 quinque
1635 4040 1704 4092 ab
1749 4037 1878 4092 hinc
1920 4037 2079 4092 annis
2115 4053 2238 4093 cum
2275 4038 2649 4095 eruditissimo
2682 4039 2743 4094 P.
2783 4041 3082 4099 Blanchino
3120 4061 3422 4118 congrega-

164 4133 338 4187 tionis
367 4130 602 4186 Oratorii
627 4131 944 4204 presbytero
964 4171 979 4198 ,
1003 4133 1097 4203 qui
1121 4133 1223 4187 alia
1250 4133 1418 4188 etiam
1447 4145 1761 4188 sanctorum
1789 4132 2012 4187 Patrum
2043 4133 2306 4202 opuscula
2332 4134 2385 4187 in
2417 4135 2594 4190 lucem
2629 4135 2788 4192 edere
2818 4137 3080 4207 parabat,
3112 4142 3422 4196 communi-

161 4244 379 4284 cassem
403 4271 420 4296 ,
447 4229 561 4299 ipse
595 4229 648 4284 in
675 4231 951 4299 publicum
985 4230 1264 4285 emittendi
1299 4246 1487 4285 curam
1519 4230 1574 4285 in
1623 4245 1682 4286 se
1722 4230 2002 4298 suscepit,
2045 4229 2406 4300 promisitque
2437 4231 2490 4284 in
2521 4246 2716 4300 opere,
2749 4234 2835 4287 cui
2880 4233 3119 4303 titulus:
3168 4235 3424 4298 Vindicio!

159 4323 546 4377 canonicarum
595 4322 1010 4390 Scripturarum.
1041 4321 1234 4377 Postea
1263 4331 1444 4376 autem
1468 4337 1592 4376 cum
1643 4321 1696 4376 ei
1753 4320 2055 4376 scribendae
2080 4321 2464 4376 ecclesiastica:
2499 4321 2743 4377 historia:
2769 4339 2967 4380 munus
2993 4340 3024 4378 a
3056 4341 3169 4380 sua:
3192 4342 3426 4397 congre-

159 4419 401 4488 gationis
430 4418 711 4474 sodalibus
738 4418 978 4476 delatum
1010 4416 1204 4474 luisset
1225 4457 1242 4482 ,
1273 4417 1618 4472 clarissimus
1649 4414 1731 4469 vir
1757 4418 1940 4486 (quem
1975 4430 2076 4485 ego
2126 4414 2374 4486 pluribus
2405 4414 2506 4468 hoc
2551 4415 2670 4468 loco
2701 4414 2822 4482 jure
2864 4417 3058 4472 merito
3104 4418 3382 4476 laudarem
3403 4463 3418 4487 ,

155 4525 367 4580 easque
389 4509 649 4565 referrem
680 4507 901 4574 laudes,
931 4523 1069 4579 quas
1092 4507 1364 4562 immerito
1405 4507 1459 4560 in
1502 4521 1589 4560 me
1621 4506 1884 4569 contulit,
1917 4506 1970 4559 ni
2017 4520 2236 4560 vererer
2273 4505 2392 4573 ejus
2426 4505 2746 4560 modestiam
2787 4506 3091 4575 offendere,
3127 4523 3182 4567 et
3227 4515 3422 4569 merito

158 4605 411 4670 censeri,
444 4604 580 4658 alios
611 4603 918 4671 importune
944 4600 1214 4656 laudando
1267 4600 1537 4656 indebitas
1574 4599 1708 4653 mihi
1739 4599 1928 4654 Iaudes
1972 4597 2106 4651 velle
2150 4596 2434 4665 aucupari)
2474 4595 2629 4650 fidem
2667 4597 2883 4666 publico
2917 4599 3095 4655 datam
3140 4604 3421 4662 exsolvere

158 4699 428 4772 nequivit.
457 4699 641 4768 Itaque
671 4711 740 4752 ne
764 4697 1170 4767 exspectatione
1194 4711 1292 4750 sua
1329 4693 1717 4748 fraudarentur
1741 4710 1923 4748 rerum
1951 4689 2446 4747 ecclesiasticarum
2485 4699 2758 4746 amatores
2779 4733 2795 4754 ,
2822 4701 2874 4746 et
2909 4693 3114 4749 diutius
3142 4696 3416 4755 desidera~

158 4803 281 4849 rent
305 4789 631 4863 praeclarum
657 4802 795 4857 opus
817 4785 1150 4842 sanctissimi
1180 4784 1377 4846 Patris,
1415 4785 1481 4839 de
1514 4784 1673 4854 cujus
1707 4784 1964 4854 operibus
1996 4791 2141 4837 recte
2164 4781 2341 4837 aiebat
2377 4783 2547 4838 abbas
2577 4783 2666 4838 ille
2692 4783 2923 4842 Cosmas
2955 4787 3111 4859 (93‘).
3134 4801 3187 4846 et
3213 4796 3417 4849 sancti—

159 4894 269 4940 tate
299 4897 518 4937 morum
543 4888 598 4934 et
620 4878 920 4933 monastica
944 4875 1281 4949 professione
1312 4876 1577 4931 illustris:
1613 4895 1630 4926 ι
1658 4877 1715 4930 Si
1745 4877 2020 4932 inveneris
2055 4875 2260 4945 aliquid
2293 4891 2359 4931 ex
2389 4876 2668 4946 opusculis
2713 4876 2773 4933 S.
2826 4879 3141 4950 Athanasii,
3176 4901 3275 4942 nec
3320 4888 3420 4941 ha-

158 4976 346 5033 bueris
372 4972 619 5028 chartam
645 4971 711 5023 ad
737 4969 1121 5033 scribendum,
1145 4968 1198 5021 in
1235 4968 1574 5023 vestimentis
1603 4970 1713 5023 tuis
1747 4970 1924 5024 scribe
1956 4969 2118 5034 illud;
2150 4988 2167 5019 ›
2199 4969 2344 5040 quod
2378 4969 2467 5024 ille
2495 4970 2858 5039 promiserat,
2892 4972 2944 5027 id
2973 4989 3076 5042 ego
3122 4987 3377 5046 prazstare
3398 5021 3414 5044 ,

157 5067 338 5138 quoad
370 5079 468 5134 per
500 5061 882 5131 occupationes
918 5060 1151 5123 libebat,
1181 5060 1456 5114 constitui.
1502 5060 1794 5116 Cunctanti
1822 5072 2001 5116 autem
2039 5061 2291 5117 stimulos
2320 5061 2530 5117 addidit
2559 5062 2854 5132 singularis
2885 5063 3193 5133 benignitas
3232 5072 3413 5124 excel-

158 5159 447 5216 lentissimi
479 5156 771 5210 Prtenestis
793 5154 1052 5226 principis
1074 5152 1202 5207 Julii
1228 5155 1493 5218 Cresaris,
1523 5156 1617 5224 qui
1642 5171 1708 5209 ex
1733 5156 2073 5210 nobilissima
2093 5155 2447 5211 Columneusi
2476 5156 2641 5211 domo
2669 5158 2721 5210 iu
2753 5155 3106 5211 Barbcrinam
3143 5158 3410 5217 familiam

159 5251 367 5306 ascitus
387 5245 842 5317 spectatissimam
869 5243 1124 5298 feminam
1155 5244 1454 5313 principem
1484 5243 1794 5298 Corneliam
1825 5244 2134 5300 Barberina:
2157 5245 2342 5317 stirpis
2376 5247 2598 5300 unicum
2643 5256 2920 5316 superstes
2953 5264 3176 5319 germen
3211 5251 3264 5305 in
3301 5269 3417 5308 ma-

158 5342 478 5402 trimonium
511 5337 686 5405 duxit,
709 5346 762 5393 et
793 5337 1076 5392 universas
1103 5334 1528 5391 Barberinorum
1558 5353 1690 5406 opes
1717 5353 1783 5392 ac
1804 5335 2094 5392 facultates
2118 5337 2474 5408 possidendas
2503 5339 3000 5409 custodiendasque
3031 5341 3258 5412 accepit.
3293 5343 3413 5414 lpse

157 5439 300 5494 enim
324 5479 340 5501 ,
376 5435 470 5505 qui
500 5432 852 5488 vetustissimi
883 5431 1098 5502 generis
1127 5430 1463 5486 nobilitatem
1495 5433 1756 5487 virtutum
1804 5433 2113 5501 praestantia
2151 5433 2474 5497 aemulatur,
2521 5447 2756 5504 vereque
2791 5452 3083 5506 germanus
3132 5438 3297 5495 frater
3331 5449 3414 5495 est

161 5546 264 5586 non
288 5528 466 5584 solum
492 5525 762 5580 natalibus
788 5565 802 5588 ,
839 5523 933 5579 sed
963 5522 1126 5577 etiam
1162 5523 1410 5578 moribus
1439 5523 1859 5580 eminentissimi
1890 5524 2187 5581 cardinalis
2213 5523 2466 5595 Prosperi
2487 5564 2503 5593 ,
2531 5524 2688 5595 cujus
2718 5528 3136 5598 magnanimitas
3158 5570 3174 5600 ,
3219 5531 3412 5588 huma-

227 5707 362 5774 (93‘)
397 5706 496 5776 Ap.
527 5702 683 5761 Joan.
714 5702 1017 5770 Moschum,
1049 5703 1142 5759 lib.
1173 5721 1223 5769 x,
1246 5719 1366 5774 cap.
1392 5705 1479 5758 40.
