3760 6270
373 279 478 335 627
1159 280 1218 334 8.
1259 278 1625 334 ATIIANASII
1664 278 1815 333 OPP;
1856 279 1858 331 ἶ

2199 307 2268 316 -
2305 275 2709 333 EXEGETICA.
3525 269 3655 324 648

377 405 547 464 nitas,
571 402 816 472 probitas
834 411 888 458 et
909 404 1164 473 praeclara
1194 405 1395 474 ingenii
1423 403 1630 457 indoles
1653 402 1720 456 ad
1742 399 2060 471 dignitatem
2083 406 2139 453 et
2175 399 2428 453 virtutem
2464 407 2588 452 nata
2609 438 2625 462 ,
2672 395 2814 451 haud
2845 395 2977 452 satis
3016 391 3225 449 laudari
3261 405 3359 461 pro
3398 387 3649 444 meritis

374 506 581 567 potest;
615 497 764 568 ipse,
793 499 1046 569 inquam,
1077 500 1524 568 prtestantissimo
1557 497 1711 552 fratri
1747 495 1892 550 haud
1936 494 2217 550 dissimilis
2246 494 2488 549 codicem
2521 493 2765 549 Graecum
2787 531 2803 556 ,
2843 506 2952 562 quo
2985 488 3324 546 commodius
3348 485 3404 540 in
3432 485 3644 539 lucem

370 589 530 644 edere
553 605 790 660 possem,
821 591 1042 646 domum
1073 591 1422 646 deferendum
1454 591 1690 646 tradidit.
1731 588 1947 644 Utinam
1983 588 2066 642 vel
2091 589 2259 644 codex
2288 589 2586 644 doctiorem
2617 604 2701 643 me
2721 589 3069 656 interpretem
3095 593 3289 640 nactus
3313 590 3500 646 esset,
3537 583 3644 642 vel

370 695 471 748 ego
497 681 734 736 codicem
766 683 1174 737 correctiorem!
1205 683 1331 737 Erat
1359 683 1525 748 enim,
1553 691 1612 736 ut
1634 681 1887 752 superius
1915 681 2048 746 dixi,
2082 681 2400 745 mendosus,
2434 695 2682 742 mancus.
2715 680 3010 735 oscitanter
3042 677 3301 747 scriptus,
3331 675 3639 745 permistis

371 793 511 846 saepe
540 778 868 847 psalmorum
895 789 947 832 et
980 779 1437 848 interpretationis
1462 779 1641 832 verbis
1661 820 1676 844 ,
1711 777 2043 846 minimeque
2075 777 2484 846 interpretatio,
2531 786 2588 830 ut
2621 795 2656 850 a_
2698 791 2780 830 me
2823 775 3024 830 factum
3059 782 3176 836 est,
3209 774 3264 826 in
3304 771 3635 827 versiculos

365 869 520 938 juxta
551 879 786 924 veterem
812 869 1149 925 Psalmorum
1185 873 1508 928 divisionem
1535 872 1810 926 distincta.
1845 867 2027 935 Quare
2048 869 2093 924 si
2124 885 2246 938 qua:
2275 869 2464 924 lectori
2487 878 2778 925 occurrant
2809 883 2930 939 quae.
2959 866 3097 923 forte
3119 866 3372 931 obscura,
3401 864 3630 934 inepta,

369 961 567 1028 aliena,
592 972 644 1016 et
665 963 885 1018 minime
917 965 1058 1020 inter
1085 981 1144 1020 se
1170 977 1536 1022 consentanea
1569 965 1882 1028 videantur,
1915 961 1967 1015 id
1999 961 2083 1016 vel
2105 963 2310 1017 codicis
2331 963 2614 1019 vitiositati
2647 963 2729 1016 vel
2753 961 3073 1033 typograpbi
3106 959 3329 1015 incuria:
3349 999 3364 1023 ,
3397 959 3485 1014 vel
3515 970 3637 1027 po-

369 1052 477 1108 tius
517 1053 745 1116 inscitiae
771 1070 903 1110 mete
936 1055 988 1108 in
1021 1054 1224 1110 Graecis
1248 1055 1543 1119 vertendis,
1576 1052 1892 1125 supplendis
1915 1052 2378 1123 corrigendisque,
2405 1062 2464 1109 ut
2499 1053 2721 1117 tribuat,
2747 1051 2932 1107 velim.

556 1299 862 1361 Monitum
925 1298 1007 1358 ad
1073 1298 1394 1359 Lectorem
1421 1309 1784 1378 excerptum
1821 1320 1901 1362 ex
1955 1300 2278 1362 Antonelli
2328 1301 2699 1382 prie/ctione
2731 1299 3089 1380 Appendici
3118 1301 3404 1381 praeﬁxa.

437 1439 794 1511 Posteaquam
817 1442 1275 1508 Commentarius,
1305 1459 1398 1498 seu
1426 1443 1803 1514 lnterpretatio
1820 1444 2158 1500 Psalmorum
2191 1443 2370 1514 magni
2398 1443 2684 1499 Athanasii
2717 1442 2937 1498 nomine
2968 1441 3224 1512 insignita
3248 1441 3300 1494 in
3324 1441 3615 1513 publicum

365 1534 668 1603 prodierat,
707 1534 842 1590 forte
871 1534 1085 1589 fortuna
1129 1537 1385 1606 contigit.
1430 1546 1490 1590 ut
1519 1538 1814 1606 scriptores
1850 1535 2199 1592 Bibliothecae
2226 1535 2531 1602 Vaticanae,
2568 1551 2693 1590 cum
2725 1538 2940 1592 codices
2972 1536 3027 1591 in
3056 1536 3254 1606 quibus
3286 1536 3612 1606 psalterium

362 1626 566 1696 aliique
591 1626 798 1681 Veteris
819 1625 1061 1698 Novique
1089 1627 1421 1684 Testamenti
1451 1631 1573 1684 libri
1605 1630 1952 1685 continentur
1973 1671 1987 1693 ,
2011 1631 2411 1694 evolverent,in
2445 1646 2569 1684 eum
2602 1630 2900 1685 inciderent
2921 1644 3030 1702 quo
3058 1641 3110 1685 et
3135 1629 3335 1685 Psalmi
3365 1640 3417 1686 et
3441 1629 3615 1685 Com-

363 1724 663 1777 mentarius
690 1733 873 1777 noster
905 1724 1096 1778 inerat.
1124 1723 1240 1791 Qua
1269 1725 1334 1779 de
1360 1741 1416 1779 re
1450 1725 1628 1779 statim
1656 1725 2070 1780 admonitus‘ad
2100 1707 2417 1781 Vaticana'm
2448 1726 2831 1782 bibliothecam
2873 1742 2960 1782 me
2985 1725 3224 1793 contuli,
3256 1736 3309 1782 et
3335 1735 3611 1796 potestate

361 1814 494 1867 mihi
513 1830 542 1868 a
567 1830 782 1868 summo
803 1814 1054 1883 ponti’tice
1083 1815 1372 1870 Benedicto
1395 1814 1511 1868 XIV
1541 1817 1770 1887 benigne
1797 1815 1960 1883 facta,
1991 1817 2228 1872 codicem
2265 1833 2475 1872 mecum
2503 1818 2725 1872 domum
2751 1818 2927 1884 retuli,
2958 1818 3131 1889 quue
3154 1834 3275 1872 cum
3305 1815 3608 1872 Commen-

359 1908 500 1960 tario
529 1923 557 1962 a
589 1924 674 1962 me
702 1909 756 1962 in
788 1909 963 1963 lucem
992 1911 1156 1976 edito,
1182 1928 1290 1981 quo
1319 1911 1478 1966 citius
1507 1926 1604 1981 per
1636 1913 2018 1982 occupationes
2045 1913 2218 1977 licuit,
2243 1914 2465 1978 collato,
2491 1913 2667 1966 varias
2693 1912 2956 1967 lectiones
2984 1927 3047 1966 ea
3075 1910 3266 1980 majori
3297 1909 3602 1980 diligentia,

359 2018 464 2070 qua
490 1987 673 2071 potui,
697 2002 984 2073 exscripsi,
1004 2018 1226 2074 easque,
1254 2015 1402 2062 ratus
1435 2021 1554 2060 sum
1599 2022 1685 2062 me
1746 2023 1858 2061 rem
1889 2017 2099 2076 gratam
2132 2009 2318 2063 lectori
2356 2008 2647 2072 facturum,
2678 2008 2722 2062 si
2752 2007 2818 2060 ad
2844 2007 3044 2061 calcem
3075 2004 3461 2059 Commentarii
3498 2017 3600 2057 seu

359 2099 946 2166 luterpretationisjam
975 2100 1116 2170 typis
1141 2099 1415 2169 impressa:
1443 2101 1790 2172 adjungerem
1830 2102 1967 2172 (94).
1997 2103 2272 2174 Siquidem
2304 2104 2457 2174 plura
2485 2119 2606 2173 quae
2646 2103 2698 2156 in
2737 2113 2926 2156 nostro
2961 2101 3144 2156 codice
3171 2100 3428 2165 deerant,
3466 2114 3603 2168 sup-

357 2189 604 2258 plentur:
637 2192 802 2244 multa
827 2206 890 2245 ex
915 2192 1225 2260 conjectura
1252 2208 1280 2245 a
1307 2207 1392 2246 me
1416 2195 1700 2248 emendata
1725 2196 2147 2250 conﬁrmantur:
2176 2197 2406 2266 plurima
2431 2211 2614 2266 prave,
2647 2196 2923 2258 mendose,
2950 2209 3014 2248 ac
3043 2203 3374 2263 prmpostero
3402 2194 3600 2250 ordine

357 2280 554 2350 scripta
588 2281 956 2351 corriguntur.
984 2281 1210 2336 Demum
1239 2283 1560 2338 divisionem
1585 2268 1928 2339 Psalmorum
1959 2286 2012 2339 in
2048 2288 2285 2344 minores
2311 2287 2609 2343 versiculos
2634 2303 2729 2356 per
2757 2288 2874 2342 cola
2903 2296 2956 2342 et
2986 2298 3278 2353 commata,
3304 2298 3361 2342 ut
3388 2297 3602 2344 veteres

355 2385 571 2440 vocant,
597 2393 758 2448 quam
784 2389 1052 2433 servatam
1081 2377 1246 2433 fuisse
1279 2394 1308 2431 a
1345 2388 1533 2433 nostro
1560 2378 1810 2436 Psalterii
1841 2381 2154 2450 interprete,
2183 2397 2248 2436 ex
2277 2385 2502 2453 antiquo
2526 2398 2676 2437 more
2700 2399 2765 2438 ac
2791 2382 3186 2438 consuetudine
3213 2384 3601 2441 verosimiliter

355 2468 694 2536 conjeceram
722 2509 736 2532 ,
769 2485 950 2522 veram
975 2485 1096 2524 esse
1127 2480 1179 2525 et
1211 2471 1436 2526 minime
1468 2474 1896 2527 commentitiam
1937 2473 2228 2530 manifesto
2260 2477 2565 2530 ostenditur
2589 2515 2604 2538 ,
2649 2484 2704 2530 et
2743 2475 2912 2528 multa
2948 2475 3024 2528 ita
3054 2489 3112 2530 se
3141 2474 3374 2539 habere,
3408 2483 3467 2530 ut
3497 2491 3601 2548 per

354 2563 722 2632 conjecturam
748 2563 960 2618 fuerant
984 2583 1013 2618 a
1039 2582 1123 2620 me
1154 2566 1462 2630 emendata,
1497 2568 1813 2638 probantur.

420 2658 605 2714 Codex
641 2670 818 2715 autem
847 2671 1022 2716 exstat
1045 2662 1097 2714 in
1131 2661 1463 2718 Bibliotheca
1493 2663 1748 2719 Vaticana
1776 2665 1918 2718 inter
1942 2664 2156 2720 codices
2182 2662 2458 2719 Palatinos
2495 2680 2724 2718 numero
2743 2663 2834 2730 H,
2861 2679 2924 2717 ea
2953 2661 3128 2718 forma
3153 2679 3317 2734 quam
3347 2665 3507 2736 vulgo
3535 2665 3597 2720 in

351 2763 546 2824 quarto
570 2765 784 2810 vocant.
807 2755 898 2811 Est
925 2757 1143 2826 quidem
1176 2758 1579 2825 membraneus,
1605 2774 1714 2814 non
1739 2770 1920 2814 autem
1949 2760 2290 2825 chartaceus,
2321 2768 2380 2813 ut
2406 2759 2492 2813 ille
2515 2775 2623 2829 quo
2650 2759 2702 2812 in
2731 2774 2848 2812 mea
2870 2743 3437 2814 editione'adornanda
3461 2773 3598 2813 usus

351 2861 496 2902 sum.
536 2845 782 2918 Scriptus
813 2857 896 2903 est
928 2849 1124 2903 saeculo
1155 2865 1299 2904 nono
1329 2859 1560 2904 exeunte
1584 2891 1600 2915 ,
1632 2859 1692 2904 ut
1715 2866 1778 2906 ex
1809 2852 2124 2907 charactere
2144 2892 2157 2913 .
2191 2862 2306 2907 tum
2337 2853 2540 2908 certius
2570 2868 2635 2906 ex
2661 2852 2840 2907 verbis
2869 2860 3116 2917 constat,
3149 2868 3270 2922 qum
3296 2853 3348 2907 in
3371 2853 3601 2909 adnota-

353 2939 496 2995 tione
525 2939 593 2994 ad
620 2942 824 2996 calcem
855 2940 1059 2996 codicis
1087 2943 1318 3013 ascripta
1353 2943 1637 3012 leguntur:
1672 2943 1786 2998 haec
1814 2953 1990 2998 autem
2021 2944 2075 2997 in
2100 2943 2352 2999 Latinum
2387 2960 2542 3001 versa
2576 2945 2701 2999 talia
2729 2952 2888 3000 sunt:

1188 3036 1253 3092 Ut
1283 3037 1454 3092 dulcis
1480 3039 1841 3108 navigantibus
1874 3041 2192 3113 tranquillus
2223 3052 2403 3111 portus

1197 3132 1286 3188 Ita
1307 3144 1354 3188 et
1383 3134 1728 3189 scribentibus
1761 3135 1978 3192 ultimus
2013 3155 2205 3192 versus.

1197 3286 1434 3359 Scriptus
1462 3299 1537 3342 est
1568 3289 1698 3343 liber
1723 3291 1821 3345 iste
1847 3292 2146 3361 interpretis
2173 3293 2427 3348 Psalterii

1198 3400 1355 3436 manu
1386 3381 1569 3437 Leonis
1600 3383 1874 3440 Tabularii
1898 3386 2221 3442 Monobasiaz

1191 3479 1370 3534 Mense
1399 3481 1634 3550 Augusto
1664 3480 1755 3546 28,
1793 3483 1878 3536 die
1906 3484 1960 3548 2,
1991 3481 2114 3538 Ind.
2154 3526 2167 3538 .
2213 3525 2228 3539 .
2269 3527 2282 3539 .
2326 3521 2344 3542 .

1193 3587 1332 3626 anno
1365 3571 1432 3626 60
1442 3571 1505 3626 45
1534 3572 1690 3643 (Μ’).

1200 3661 1388 3716 Lector
1415 3663 1693 3732 deprecare
1715 3664 1863 3730 mihi,
1897 3673 1955 3718 ut
1981 3683 2071 3735 per
2103 3667 2374 3724 Christum

1193 3753 1382 3808 liberer
1405 3755 1468 3806 ab
1500 3755 1617 3824 ique
1645 3755 1908 3823 gehennae.

419 3842 633 3900 Codicis
656 3844 937 3915 inscriptio
957 3885 972 3910 ,
1001 3859 1066 3900 ex
1096 3860 1202 3915 qua
1232 3860 1428 3900 nomen
1459 3845 1699 3899 auctoris
1739 3843 2204 3915 lnterpretationis
2234 3850 2572 3911 Psalmorum
2602 3859 2802 3915 certius
2848 3860 3007 3915 nobis
3033 3873 3372 3931 compertum
3401 3862 3582 3933 ﬂeret,

349 3938 544 4009 majori
573 3955 636 3995 ex
659 3950 812 4008 parte
839 3940 1012 3994 deleta
1037 3949 1136 3995 est.
1177 3939 1410 3994 Litteras
1440 3956 1592 4004 vero,
1622 3955 1743 4010 quae
1773 3942 1950 3996 adhuc
1973 3957 2286 4014 supersunt,
2321 3957 2374 4002 et
2401 3965 2540 4019 quae,
2571 3969 2679 4023 prae
2701 3964 2968 4010 vetustate
2989 3956 3207 4026 quidem
3240 3957 3351 4026 jam
3380 3958 3588 4029 fugien-

348 4042 465 4096 tes,
493 4032 672 4100 aliqua
703 4039 880 4084 tamen
906 4031 1213 4098 diligentia,
1241 4039 1295 4085 et
1329 4046 1461 4085 cura
1487 4031 1762 4094 adhibita,
1799 4033 1899 4116 legi
1942 4043 2232 4103 poterant,
2271 4042 2483 4098 caeteris
2521 4045 2746 4100 omnino
2775 4048 2998 4116 deletis,
3041 4051 3143 4106 hoc
3174 4053 3293 4109 loco
3324 4056 3584 4112 ascribam

351 4120 706 4176 EPMHNEIA
739 4123 1034 4176 ΨΔΛΜΩΝ
1071 4161 1084 4172 .
1128 4159 1143 4174 .
1189 4163 1202 4176 .
1243 4163 1256 4176 .
1303 4164 1315 4175 .
1361 4160 1373 4172 .
1419 4160 1433 4173 .
1477 4161 1489 4173 .
1534 4120 1694 4175 (3.1οΥ
1731 4117 1836 4172 ΤΟἾ

1010 4115 2495 4187 t........CIOYTOi‘...........

347 4228 441 4269 eas
464 4223 642 4268 autem
677 4215 757 4270 sic
788 4215 1056 4286 legerem:

557 4373 913 4429 EPMHNEIA
951 4374 1248 4429 ΨΑΑΜΩΝ
1281 4358 1674 4433 aemulor
1713 4378 1848 4436 Tor
1886 4382 2208 4438 MEI‘AAOI‘

1138 4533 1694 4592 INTERPRETATIO
1732 4537 2162 4598 PSALMORUM
2205 4543 2418 4600 MAGNI
2451 4545 2824 4605 ATHANASH

421 4709 548 4767 Post
569 4713 979 4786 inscriptionem
1005 4721 1253 4790 sequitur
1275 4721 1488 4791 primus
1515 4723 1759 4794 psalmus
1780 4740 1904 4780 cum
1926 4725 2388 4797 interpretatione,
2414 4747 2535 4802 quae
2555 4733 2742 4788 deerat
2765 4733 2819 4788 in
2845 4744 3034 4792 nostro
3059 4738 3265 4794 codice.
3300 4719 3404 4796 sed
3427 4743 3583 4801 verba

351 4809 545 4878 psalmi
574 4819 627 4863 et
654 4809 1108 4881 interpretationis
1134 4815 1219 4869 vei
1245 4826 1538 4884 vetustate,
1576 4821 1660 4874 vel
1685 4820 2042 4890 humiditate,
2072 4826 2154 4880 vel
2193 4825 2300 4881 alio
2323 4843 2452 4883 casu
2497 4844 2610 4884 non
2661 4830 2886 4886 minima
2929 4847 2996 4885 ex
3027 4841 3182 4902 parte
3220 4834 3502 4890 obliterata
3528 4845 3582 4892 et

349 4912 599 5046 forrupla
629 4918 736 4957 non
757 4904 962 4974 absque
991 4908 1224 4963 maxima
1245 4908 1554 4967 dimcultate
1577 4914 1678 4986 legi
1703 4924 2024 4986 potuerunt;
2049 4934 2111 4976 ea
2137 4929 2314 4975 autem
2337 4939 2664 4995 quacunque
2684 4925 2833 4994 potui
2857 4923 3134 4996 diligentia
3160 4942 3188 4982 a
3214 4944 3299 4983 me
3319 4929 3579 5001 descripta

371 5001 517 5046 ector
543 4995 785 5046 reperiet.
2435 4998 2442 5008 ‘

371 5001 517 5048 ector
543 4995 785 5063 reperiet.
2435 4998 2442 5008 ‘

424 5175 1196 5272 99‘9qu:venOAdntonellus
1221 5184 1327 5272 ἔξιῄ
1353 5185 1556 5265 calcem
1600 5183 1903 5241 Commen-
2089 5189 2226 5272 (94⁸)
2253 5193 2362 5272 A_n._
2390 5193 2892 5272 6‘0§_a_crea_ti_o_ne
2936 5201 3121 5256 mundi
3167 5201 3307 5272 apud
3349 5203 3578 5269 Graecos,

351 5250 472 5300 tarii
497 5250 762 5318 adjunxit,
793 5265 890 5308 nos
913 5251 1026 5307 suis
1056 5252 1188 5307 locis
1221 5252 1549 5312 inseruimus
2023 5250 2107 5314 est
2137 5277 2166 5316 a
2201 5250 2478 5321 nativitate
2497 5265 2696 5321 Christi
2727 5250 2849 5324 8797.
