3760 6270
189 277 305 334 653
1168 276 1255 330 DE
1294 273 1568 331 TITULIS
1599 274 2050 333 PSALMORUM.
2092 307 2160 316 -—
2190 276 2386 333 PSAL.
2429 275 2493 331 ll.
3342 277 3462 335 .654

501 459 509 472 .
621 388 1062 459 Ἀνεπίγραερθς.
1108 391 1282 446 ΨΑΛ.
1323 391 1404 444 B'.

2349 389 2471 443 Siue
2488 391 2664 444 titulo.
2692 389 2894 448 PSAL.
2929 389 3012 445 11.

272 484 323 539 1.
366 483 489 536 Ἵνα
521 481 578 534 τί
610 481 892 552 ἐφρύαξαν
930 480 1080 552 ἔθνη,
1755 512 1758 515 .

1964 482 2013 535 1.
2036 482 2215 549 Quare
2242 482 2580 538 fremuerunt
2605 491 2817 552 gentes,

268 576 322 630 ‘2.
360 575 478 626 Καὶ
507 574 632 626 λαοὶ
665 573 998 643 ἐμελέτησαν
1033 572 1197 634 κενά;

1958 574 2012 628 2.
2043 573 2108 627 Et
2148 575 2332 644 populi
2362 575 2605 630 meditati
2631 585 2758 630 sunt
2793 576 3019 630 inania?

267 667 320 721 5.
361 664 730 736 Παρέστησαν
757 667 805 718 οἱ
839 664 1080 734 βασιλεῖς
1109 665 1207 734 τῆς
1240 663 1364 732 γῆς,

1961 667 2014 720 5.
2049 667 2352 721 Astiteruut
2374 682 2529 737 reges
2562 675 2741 731 terra},

265 757 319 811 4.
360 757 476 809 Καὶ
510 757 562 808 οἱ
594 756 853 827 ἄρχοντες
883 755 1227 826 συνήχθησαν
1256 757 1348 808 ἐπὶ
1376 755 1436 808 τὸ
1465 755 1615 819 αὐτὸ,
1645 755 1772 808 κατὲ

1965 757 2018 811 4.
2045 757 2111 811 Ει
2137 759 2412 830 principes
2466 768 2839 814 convenerunt
2873 761 2928 815 in
2982 777 3173 828 unum,
3200 760 3462 818 adversus

193 847 287 901 τοῦ
327 848 544 919 Κυρίου
587 849 682 900 καὶ
715 847 857 900 κατὰ
886 847 979 900 τοῦ
1010 847 1247 920 Χριστοῦ
1284 847 1468 901 αὐτοῦ.

1952 850 2203 916 )minum,
2240 859 2293 905 ct
2325 850 2588 905 adversus
2619 852 2896 907 Christum
2929 854 3070 924 ejus.

269 942 323 993 5.
367 940 774 1011 Διαρῤήξωμεν
807 941 932 1003 τοὺς
973 940 1205 1010 δεσμοὺς
1231 939 1431 1004 αὐτῶν,

1957 942 2009 996 5.
2038 943 2425 1013 Dirumpamus
2449 947 2660 999 vincula
2693 961 2903 1012 eorum,

265 1032 318 1086 6.
360 1033 479 1085 Καὶ
517 1031 914 1103 ἀπορρίψωμεν
952 1034 1044 1101 ἀφ’
1075 1032 1234 1103 ήμῶν
1267 1033 1359 1085 τὸν
1388 1030 1553 1101 ζυγὸν
1582 1033 1772 1086 αὐτῶν.

1960 1033 2012 1086 6.
2043 1033 2108 1086 Et
2138 1035 2490 1104 projiciamus
2514 1052 2543 1090 a
2563 1037 2722 1092 nobis
2753 1037 2943 1108 jugum
2977 1038 3238 1108 ipsorum.

265 1123 317 1176 7.
371 1125 435 1178 Ὁ
458 1125 732 1178 κατοικῶν
758 1126 814 1176 ἐν
837 1125 1083 1194 οὐρανοῖς
1107 1123 1464 1192 ἐκγελάσεται
1494 1123 1711 1191 αύτούς,

1959 1124 2008 1179 7.
2046 1125 2149 1191 Qui
2182 1126 2391 1182 habitat
2412 1128 2468 1182 in
2497 1130 2650 1184 ctelis
2680 1130 2930 1184 irridebit
2954 1146 3071 1193 eos,

261 1213 318 1271 8.
359 1215 475 1268 Καὶ
506 1217 537 1269 ὁ
568 1215 772 1287 Κύριος
805 1216 1169 1286 ὲκμυκτηριεῖ
1199 1216 1417 1278 αὐτοὺς.

1958 1215 2010 1270 8.
2037 1216 2099 1272 Et
2127 1217 2391 1275 Dominus
2418 1221 2778 1277 subsannabit
2808 1239 2924 1279 eos.

263 1307 315 1361 9.
359 1310 501 1362 Τότε
534 1309 758 1380 λαλήσει
793 1308 930 1380 πρὸς
963 1309 1160 1373 αὐτοὺς
1191 1309 1249 1362 ὲν
1283 1309 1418 1379 ὀργῇ
1453 1308 1640 1372 αὐτοῦ,

1962 1306 2014 1362 9.
2047 1306 2197 1363 Tunc
2227 1310 2482 1380 loquetur
2505 1314 2570 1367 ad
2599 1329 2694 1368 eos
2731 1315 2784 1369 in
2821 1315 2902 1370 ira
2943 1329 3042 1370 sua

273 1402 354 1456 l0.
403 1404 520 1457 Καὶ
545 1405 604 1456 ὲν
629 1402 707 1473 τῷ
735 1402 890 1473 θυμῷ
919 1402 1084 1455 αὐτοῦ
1117 1402 1342 1473 ταράξει
1372 1401 1589 1465 αύτούς.

1965 1399 2050 1454 10.
2089 1402 2154 1455 Ει
2192 1403 2244 1457 in
2283 1402 2469 1460 furore
2494 1421 2594 1460 suo
2614 1407 3099 1464 conturbabiteos.

269 1493 356 1546 11.
415 1492 560 1546 Ἐγὼ
593 1494 648 1547 δὲ
676 1492 1014 1564 κατεστάθην
1049 1491 1298 1562 βασιλεὺς
1331 1493 1422 1545 ὑπ’
1458 1489 1642 1546 αὐτοῦ.

1963 1489 2049 1545 11.
2087 1491 2198 1564 Ego
2227 1502 2410 1550 autem
2437 1496 2764 1552 constitutus
2787 1513 2906 1552 sum
2943 1514 3035 1554 rex
3060 1499 3130 1555 ab
3153 1515 3238 1556 eo.

1333 1646 1704 1703 ATHANASII
1744 1646 2332 1706 lNTERPRETATlO.

270 1810 334 1864 Ἦ
369 1808 468 1865 τοό
501 1806 718 1878 ψαλμοῦ
745 1805 1081 1878 προκειμένη
1107 1805 1386 1876 ἐπιγραφὴ
1410 1805 1442 1875 ή
1463 1804 1552 1858 διὰ
1587 1805 1685 1875 τῆς
1712 1805 2084 1876 κινναϐάρεως
2111 1807 2388 1877 περιέχει·
2436 1807 2877 1879 Ἇνεπίγραφος,
2907 1812 3042 1884 ὅπερ
3068 1810 3249 1886 δηλοῖ·
3283 1817 3456 1886 ἁγνω⁴

189 1910 310 1962 σίαν
344 1907 520 1960 ἐθνῶν
547 1921 604 1957 τε
638 1904 732 1956 καὶ
771 1902 1034 1956 Ἰουδαίων
1061 1901 1422 1972 ὑπεμιραίνειν
1451 1902 1542 1954 τὸν
1579 1900 2016 1975 ὑποτεταγμένον
2035 1900 2265 1972 ψαλμόν.
2293 1904 2408 1956 Πᾶν
2433 1902 2542 1975 γὰρ
2570 1905 2630 1958 τὸ
2657 1906 3028 1980 ἀνεπίγραφον
3054 1910 3245 1983 ἄδηλον
3279 1913 3456 1987 ὐπάρ-

184 2021 270 2073 χει
302 2006 422 2066 τοῖς
454 1999 691 2061 πολλοῖς.
735 1997 1032 2065 Ἀγνωσίαν
1059 1993 1150 2050 οὖν
1180 1995 1347 2049 ἐθνῶν
1396 1994 1662 2049 Ἰουδαίων
1709 1995 1783 2065 (1)
1820 1998 2116 2068 κατηγορεῖ
2159 1999 2186 2049 ὁ
2216 1998 2656 2069 ὑποτεταγμένος
2680 2000 2923 2073 ψαλμόςο
2963 2006 3239 2075 ἀγνωσίαν
3273 2008 3351 2074 δὲ,
3392 2011 3459 2081 ἢν

185 2092 493 2162 ἐσχηκότες
523 2089 827 2144 δείκνυνται
857 2087 986 2160 περὶ
1021 2087 1112 2139 τὸν
1142 2086 1348 2139 ἑαυτῶν
1377 2087 1672 2156 Δεσπότην,
1711 2086 1892 2151 καθὼς
1928 2086 2003 2158 (2)
2039 2087 2344 2158 γέγραπται
2367 2106 2380 2120 ο
2424 2091 2520 2143 Ἐν
2559 2090 2640 2156 τῷ
2683 2095 2888 2162 κόσμῳ
2913 2090 3010 2164 ἦν,
3040 2097 3139 2151 καὶ
3171 2101 3206 2152 ό
3233 2100 3460 2169 κόσμος

185 2185 258 2238 δι’
281 2185 480 2238 αὑτοῦ
513 2184 772 2253 ἐγένετο,
807 2182 903 2234 καὶ
941 2183 972 2234 ό
1009 2182 1235 2248 κόσμος
1267 2180 1456 2234 αὐτὸν
1483 2182 1594 2233 οὐκ
1627 2178 1811 2249 ἔγνω·
1852 2183 1901 2234 εί
1936 2181 2046 2252 γὰρ
2082 2181 2326 2250 ἔγνωσαν
2357 2182 2542 2247 αὑτὸν,
2604 2186 2704 2238 ούκ
2741 2186 2806 2238 ἂν
2835 2188 2995 2241 αὐτὸν
3037 2189 3254 2262 σταυρῷ
3293 2209 3459 2262 προσ-

186 2280 426 2351 ἔπηξαν,
471 2279 582 2352 Τὴν
612 2273 703 2331 οὖν
741 2275 1011 2345 ἀγνωσίαν
1057 2276 1130 2345 (5)
1173 2274 1350 2328 αὐτῶν
1377 2274 1566 2346 ἐπειδὴ
1593 2277 1621 2328 ὁ
1653 2274 1868 2346 ψαλμὺς
1908 2276 2231 2349 δημηγορεῖ,
2253 2277 2340 2331 διὰ
2373 2277 2530 2331 τοῦτο
2567 2278 2626 2331 τὸ
2675 2281 3046 2351 ἀνεπίγραφον
3073 2283 3148 2354 (4)
3186 2285 3456 2340 ἐπίκειται

185 2375 362 2446 αὐτῷ.
411 2375 501 2438 Ὠς
533 2373 692 2426 πλέον
723 2370 1023 2443 πλησθήσει
1061 2369 1348 2443 [πληχθῇ]
1401 2372 1704 2444 ἐπιστήσας
1742 2371 1818 2443 (5)
1854 2374 2045 2427 ἑαυτὸν
2071 2373 2148 2445 τῷ
2175 2374 2395 2447 ψαλμῷ,
2429 2377 2488 2429 Τί
2511 2376 2642 2445 γὰρ,
2680 2375 2883 2447 ἤρξατο
2905 2378 3102 2448 λέγειν.

272 2515 504 2569 Titulus
528 2514 644 2569 sive
665 2512 972 2582 inscriptio,
1003 2527 1125 2582 quae
1153 2510 1281 2567 huic
1310 2511 1524 2582 psalmo
1550 2511 1922 2581 praemittitur,
1955 2512 2239 2567 cinnabari
2268 2512 2539 2580 confecta,
2576 2515 2820 2571 continet
2850 2534 2862 2570 :
2896 2516 3168 2587 psalmum
3198 2532 3320 2574 esse
3342 2520 3456 2572 sine

191 2613 384 2676 titulo,
461 2611 610 2680 quod
665 2609 969 2680 signiﬁcat:
1020 2607 1318 2678 psalmum,
1361 2607 1455 2676 qui
1511 2606 1824 2677 subjicitur,
1883 2605 2232 2662 manifestare
2293 2608 2534 2678 gentium
2597 2617 2652 2662 et
2705 2607 3018 2663 Iudaeorum
3067 2609 3452 2679 ignorantiam.

186 2709 374 2767 Omne
425 2709 597 2768 enim.
632 2707 778 2776 quod
831 2706 1049 2760 titulum
1093 2705 1206 2760 sive
1245 2703 1664 2773 inscriptionem
1695 2718 1804 2757 non
1835 2703 2016 2770 habet,
2052 2704 2238 2758 multis
2268 2703 2512 2774 ignotum
2540 2711 2643 2758 est.
2697 2702 2987 2774 Subjectus
3014 2704 3180 2774 igitur
3206 2705 3452 2776 psalmus

190 2805 441 2876 gentium
477 2811 532 2856 et
555 2800 867 2856 Judaeorum
897 2799 1263 2870 ignorantiam
1291 2806 1514 2853 acettsat
1544 2815 1558 2852 :
1592 2797 1961 2867 ignorantiam
1991 2797 2233 2868 quidem,
2262 2813 2427 2867 quam
2466 2797 2532 2852 tle
2574 2796 2806 2852 Domino
2851 2811 2954 2852 suo
2984 2797 3242 2853 habuisse
3273 2806 3456 2851 osten-

189 2902 418 2966 derunt,
445 2897 906 2969 quemadmodum
943 2896 1208 2966 scriptum
1241 2904 1358 2950 est:
1392 2891 1458 2948 In
1495 2892 1690 2947 mundo
1719 2903 1859 2959 erat,
1885 2903 1934 2948 et
1963 2894 2188 2947 mundus
2210 2911 2302 2963 per
2331 2895 2503 2962 ipsum
2526 2893 2699 2963 factus
2723 2902 2822 2956 est,
2862 2901 2911 2946 et
2944 2892 3170 2946 mundus
3205 2906 3322 2945 eum
3351 2906 3456 2944 non

186 2991 519 3061 cognouit’;
552 2991 596 3045 si
615 2990 760 3044 enim
787 3005 911 3044 eum
941 2988 1347 3059 cognovissent,
1380 3001 1504 3041 eum
1530 3001 1641 3040 nou
1674 2987 2080 3043 cruciﬁxissent
2109 2986 2149 3039 ⁸.
2176 2986 2445 3054 Quoniam
2471 2986 2638 3057 igitur
2663 2986 2910 3057 psalmus
2943 2985 3162 3040 illorum
3210 2984 3456 3054 increpat

194 3089 598 3160 ignorantiam,
628 3087 750 3143 ideo
776 3087 957 3142 nullus
998 3087 1051 3140 in
1081 3100 1147 3141 eo
1199 3084 1522 3141 inscribitur
1547 3082 1764 3142 titulus.
1806 3081 1878 3140 Ut
1921 3083 2096 3154 magis
2142 3083 2323 3150 feriat,
2375 3082 2619 3153 seipsum
2653 3082 2868 3153 psalmo
2897 3079 3217 3146 intendens,
3253 3079 3452 3146 Quare,

186 3187 365 3255 caepit
391 3185 602 3238 dicere.

264 3298 320 3352 1.
365 3297 482 3348 ἰνα
515 3293 567 3346 τί
601 3289 1024 3362 κατεπήρθησαν
1049 3286 1143 3340 τοῦ
1173 3287 1330 3350 Θεου,

1954 3292 2006 3345 1.
2053 3289 2192 3359 Quid
2215 3295 2360 3346 enim
2386 3291 2802 3348 insurrexerunt
2831 3302 3022 3348 contra
3049 3291 3245 3357 Deum,

259 3386 320 3442 2.
359 3387 474 3439 Καὶ
506 3382 894 3436 ἐϐουλεύσαντο
923 3381 1063 3448 ἅπερ
1085 3377 1186 3431 ούκ
1205 3375 1467 3445 ἠδύναντο
1496 3373 1772 3429 ἐκτελέσαι

1953 3387 2006 3439 2.
2050 3385 2116 3439 Ει
2139 3385 2401 3442 adversus
2433 3402 2558 3442 eum
2583 3387 3043 3453 deliberaverunt,
3071 3399 3196 3455 qua:
3223 3397 3330 3440 non
3355 3396 3456 3455 po-

187 3479 315 3532 κατ’
351 3477 518 3531 αὑτοῦ
542 3493 557 3542 ;
1882 3484 2102 3530 tucrunt
2129 3475 2426 3545 perﬁcere?

261 3573 320 3627 5.
373 3569 619 3641 Ἡρώδης
645 3569 672 3620 ὁ
707 3564 980 3637 βασιλεύς.

1952 3569 2003 3622 5.
2039 3567 2280 3622 Herodes
2308 3582 2424 3620 rex.

264 3663 321 3720 4.
361 3664 583 3717 Πόντιον
622 3660 856 3714 Πιλᾶτον
884 3657 1053 3726 λέγει,
1093 3656 1186 3709 καὶ
1228 3654 1448 3715 Ἅνναν,
1477 3649 1570 3704 καὶ
1600 3649 1772 3703 Καϊά-

1952 3663 2004 3716 ι.
2045 3659 2273 3716 Pontius
2302 3658 2530 3723 Pilatus,
2557 3654 2745 3709 Aunas
2779 3663 2832 3708 ct
2862 3653 3116 3722 Caiphas.

209 3774 326 3810 σαν.

209 3776 226 3788 .
274 3775 326 3810 ν.

191 3775 320 3902 cr35.
364 3846 469 3899 Τὸν
502 3843 796 3914 σύνδεσμον
830 3839 932 3911 τῆς
972 3839 1213 3909 ἀγάπης,
1242 3829 1310 3908 ἧς
1342 3830 1486 3905 εἶχον
1525 3835 1574 3904 oi
1617 3832 1772 3900 ἄγγε-

1953 3836 2006 3890 5.
2032 3832 2325 3888 Vinculum
2357 3829 2684 3890 dilectionis,
2715 3841 2826 3897 quo
2861 3825 3040 3894 angeli
3067 3841 3193 3881 cum
3219 3825 3299 3882 eis
3319 3839 3452 3882 con-

188 3942 275 3994 λοι
307 3939 446 4010 πρὸς
486 3934 704 3998 αὐτούς.

1952 3928 2266 3997 agebantur.

266 4031 320 4086 6.
359 4027 629 4092 Λαϐόντες
664 4025 773 4097 γὰρ
802 4024 893 4077 τὸν
920 4022 1082 4092 νόμον
1120 4020 1200 4082 εἰς
1225 4016 1484 4086 διαταγὰς
1527 4015 1772 4084 ἀγγέλων

1952 4021 2005 4074 6.
2043 4019 2385 4090 Aecipientcs
2415 4017 2560 4072 enim
2585 4016 2758 4086 legem
2811 4014 2866 4068 in
2903 4013 3260 4083 dispositione
3285 4027 3452 4081 angue

193 4123 297 4174 οὐκ
318 4118 616 4191 ἐφύλαξαν,
653 4116 769 4170 ἀλλ’
799 4112 1169 4168 ἐδουλώθησαν
1199 4111 1265 4182 τῇ
1301 4107 1566 4180 ἁμαρτίᾳ.

1952 4129 2079 4180 ὐιη,
2127 4128 2235 4167 non
2271 4110 2682 4166 custodiverunt
2737 4122 2857 4163 eam
2885 4107 2930 4173 ⁸,
2978 4105 3075 4163 sed
3131 4105 3274 4161 servi
3319 4103 3451 4157 facti

1139 4194 1148 4201 ’
1880 4216 2008 4265 sunt
2039 4216 2280 4278 peccato.

272 4295 325 4362 7,
360 4293 413 4348 8.
466 4295 842 4359 Ἑξουδενώσει
875 4294 985 4365 γὰρ
1018 4294 1215 4355 αὐτοὺς
1249 4294 1305 4345 ὲν
1344 4294 1410 4360 τῇ
1453 4289 1640 4360 ἡμέρᾳ
1677 4289 1772 4358 τῆς

1952 4300 2005 4364 7,
2048 4303 2101 4353 8.
2138 4297 2273 4352 Nam
2299 4297 2353 4352 in
2384 4295 2473 4351 die
2498 4293 2693 4366 judicii
2715 4297 3029 4348 contemnet
3051 4302 3169 4352 eos,

198 4386 458 4456 κρίσεως,

269 4477 320 4531 9.
375 4477 463 4528 Ἐν
511 4476 578 4546 τῇ
625 4473 806 4546 κρίσει
855 4473 1080 4544 λαλήσει
1129 4470 1266 4544 πρὸς
1311 4471 1506 4533 αὐτοὺς
1545 4473 1601 4523 ἐν
1639 4471 1772 4540 ὀργῇ

1952 4481 2000 4537 9.
2031 4480 2090 4535 In
2123 4478 2330 4550 judicio
2360 4477 2615 4546 loquetur
2642 4473 2710 4527 ad
2736 4485 2832 4526 eos
2863 4469 2918 4524 in
2951 4469 3033 4523 ira
3063 4481 3202 4534 sua,

198 4566 386 4633 αὐτοῦ,

268 4661 356 4714 10.
400 4660 511 4712 Καὶ
567 4657 861 4731 ἀπορρίψει
920 4656 1115 4719 αὐτοὺς
1165 4656 1274 4710 ἀπο
1325 4653 1420 4708 τοῦ
1476 4652 1769 4725 προσώπου

1953 4659 2038 4713 10.
2062 4656 2129 4711 Et
2151 4654 2398 4726 projiciet
2422 4665 2517 4706 eos
2554 4665 2584 4704 a
2612 4647 2751 4704 facie
2779 4661 2898 4704 sua.

196 4768 386 4806 αυτου.

268 4843 354 4896 11.
407 4839 548 4907 Ἐγὼ
575 4839 633 4892 δὲ
664 4839 976 4910 ἀνεδείχθην
1012 4815 1272 4910 βασιλεὺς.
1297 4839 1401 4893 ὑπὸ
1433 4836 1526 4891 τοῦ
1560 4835 1772 4907 Πατρδς

199 4936 255 4986 ὲν
285 4933 361 5003 τῷ
387 4932 566 5002 λέγειν
595 4931 777 4996 αὑτὸν,
806 4931 987 4995 καθὼς
1020 4931 1382 4985 ὑποτέτακται
1411 4926 1770 4997 ὲνταῦθα(6)⁶

195 5027 280 5080 Σὺ
302 5001 361 5079 εἶ
385 5027 418 5078 ό
453 5025 586 5090 Υἱός
607 5040 728 5092 μου
761 5026 795 5077 ό
823 5024 1148 5093 ἀγαπητός.

1952 5027 2025 5066 ειη
2052 5007 2276 5062 dilectus
2308 5001 2351 5058 ⁸.

1952 4819 2038 4872 11.
2074 4814 2186 4885 Ego
2229 4826 2376 4868 enim
2411 4816 2722 4865 declaratus
2743 4824 2865 4865 sum
2904 4824 3001 4864 rex
3045 4823 3074 4862 a
3108 4805 3270 4862 Patre
3321 4819 3451 4860 cum

1881 4931 1968 4981 ea,
2002 4927 2124 4984 quae
2189 4908 2278 4963 hic
2330 4903 2727 4976 subjiciuntur,
2774 4903 2970 4959 dixit:
3027 4899 3104 4955 Tu
3157 4915 3212 4956 es
3271 4895 3452 4953 Filius

268 5202 289 5232 ³
313 5199 474 5256 Joan.
500 5215 542 5266 ι,
577 5199 661 5254 10.
730 5200 752 5231 ⁸
782 5198 804 5252 1
833 5199 960 5254 Cor.
999 5214 1060 5263 tt,
1094 5201 1148 5255 8.
1227 5199 1248 5230 ⁸
1273 5197 1392 5251 Art.
1422 5212 1518 5262 ιίι,
1547 5196 1635 5251 55.
1713 5194 1735 5224 ⁶
1766 5192 1772 5246 1

1952 5233 1956 5246 .
1981 5207 2063 5255 tu,
2091 5189 2192 5258 l7;
2223 5187 2357 5253 xvri,
2381 5187 2454 5252 5;
2482 5184 2528 5238 ll
2549 5183 2694 5239 Petr.
2724 5198 2764 5248 ι,
2797 5181 2884 5235 17.

1149 5372 1450 5434 Addenda
1479 5371 1562 5450 {et
1609 5367 1977 5448 corrigenda
2011 5384 2088 5428 ex
2117 5364 2258 5428 cod.
2293 5361 2497 5425 Vatia.

270 5561 347 5630 (1)
387 5559 684 5630 ’Ᾱγνωσίας
713 5555 807 5614 οὖν
838 5561 947 5615 τῶν
980 5557 1149 5614 ἐθνῶν
1185 5554 1294 5612 τῶν
1340 5554 1629 5611 Ἰουδαίων.
1944 5553 2017 5630 (ξ)
2051 5553 2124 5630 [δ
2149 5549 2542 5630 ἀνεπίγραφος..

298 5562 347 5622 1)
387 5559 684 5630 ’Ᾱγνωσίας
713 5555 807 5614 οὖν
838 5561 947 5615 τῶν
980 5557 1149 5614 ἐθνῶν
1185 5554 1294 5612 τῶν
1340 5554 1629 5611 Ἰουδαίων.
1966 5554 2017 5624 ι)
2051 5554 2124 5606 Τδ
2149 5554 2542 5621 ἀνεπίγραφος.

289 5631 347 5694 ‘2)
379 5631 516 5686 Καθ’
546 5630 599 5683 ἆ.
1715 5687 1718 5692 _
1944 5554 2022 5694 (5)
2056 5623 2307 5686 Πεισθεὶς
2338 5621 2492 5694 θήσει
2518 5615 2838 5694 ἐπιστήσας.

289 5631 326 5687 ‘2
379 5622 516 5686 καθ’
546 5630 599 5683 ἆ.
669 5622 678 5623 ί
1715 5687 1718 5692 _
1947 5622 2022 5694 (5’)
2056 5623 2307 5686 Πεισθεὶς
2338 5622 2492 5690 θήσει
2518 5622 2644 5671 ὲπισ

271 5622 347 5772 ξδζ
381 5703 656 5770 ’Δγνοιανο
1949 5696 2024 5766 (6)
2053 5694 2122 5749 Οἵ
2145 5709 2270 5746 ποτε
2299 5691 2365 5744 τὰ
2393 5688 2644 5761 ἐνταῦθα.
