3760 6270
319 294 425 360 655
1182 292 1241 347 S.
1280 283 1649 349 ATHANASII
1684 290 1835 347 OPP.
1880 287 2057 345 PARS
2097 280 2183 342 ΙΙΙ.
2234 317 2297 327 —
2335 276 2748 339 EXEGETICA.
3458 269 3596 329 656

390 412 477 468 12.
510 410 685 481 Super
723 408 855 464 Sion
881 414 1121 462 montem
1148 417 1398 461 sanctum
1427 398 1567 467 eius,

2071 398 2157 454 12.
2214 398 2334 450 Ἐπὶ
2363 394 2500 447 Σιὼν
2527 393 2653 464 δρος
2676 391 2737 444 τὸ
2768 390 2924 458 ἅγιον
2951 381 3139 449 αὐτοῦ,

390 508 481 562 15.
512 478 823 559 Pratdicans
851 507 1181 572 praeceptum
1209 513 1328 568 ejus

2062 492 2149 546 13.
2190 487 2528 557 Διαγγέλλων
2555 484 2615 537 τὸ
2644 482 2972 555 πρόσταγμα
3001 478 3229 550 Κυρίου.

386 600 475 656 11.
505 597 768 652 Dominus
790 561 923 650 dixit
948 593 1015 648 ad
1032 561 1135 647 .me
1156 610 1170 646 :
1193 561 1364 646 Filius
1387 604 1543 645 meus
1570 604 1629 643 es
1661 598 1740 651 tu,

2063 581 2147 634 14.
2189 578 2393 650 Κύριος
2422 572 2540 628 εἷπε
2569 574 2705 645 πρός
2740 589 2807 643 με
2826 587 2839 602 ⁸
2882 569 3009 632 Υἱός
3036 584 3135 639 μου
3164 561 3215 619 εἷ
3250 564 3345 618 σύο

386 682 475 749 15.
508 690 621 762 Ego
646 689 808 744 hodie
831 686 993 758 genui
1029 692 1103 740 te.

2068 672 2150 726 15.
2203 667 2344 738 Ἐγὼ
2374 672 2613 738 σήμερον
2645 660 2955 733 γεγέννηκά
2988 676 3067 712 σε.

498 746 719 838 Pdstula
748 798 778 835 a
818 746 926 845 me,
953 785 1008 834 et
1037 775 1178 832 dabo
1212 771 1308 828 tibi
1359 779 1546 841 gentes
1601 766 1873 822 hmredita‘

2063 763 2146 818 16.
2187 762 2417 831 Αῖτησαι
2456 756 2585 828 παρ’
2620 753 2777 826 ἐμοῦ,
2830 752 2924 807 καὶ
2941 750 3111 805 ’δώσω
3160 767 3243 803 σοι
3289 749 3418 820 ἔθνη
3460 746 3587 821 τὴν

314 888 424 934 tem
454 888 627 942 tuam,

2050 851 2350 926 ,ηρονομίαν
2378 867 2494 916 σου,

388 971 474 1027 17.
507 969 572 1024 Et
610 964 1010 1039 possessionem
1048 970 1197 1013 tuam
1233 955 1498 1011 terminos
1524 961 1703 1007 terrae.

2059 947 2146 1000 17.
2187 947 2296 999 Καὶ
2333 943 2431 1015 τὴν
2468 938 2795 1010 κατάσχεσίν
2826 954 2919 991 σου
2947 936 3014 991 τά
3047 936 3261 1008 πέρατα
3292 935 3393 1005 τῆς
3429 932 3571 1004 γῆς-

386 1065 478 1119 18.
510 1061 683 1133 Reges
711 1074 807 1114 eos
836 1056 892 1110 in
921 1055 1071 1123 virga
1093 1050 1289 1114 ferrea,

2058 1038 2146 1092 18.
2186 1036 2481 1107 Ποιμανεῖς
2514 1033 2710 1094 αὐτοὺς
2753 1031 2812 1083 ἐν
2847 1027 3028 1100 ῥάϐδῳ
3060 1026 3276 1098 σιδηρᾷ,

501 1116 849 1223 Etrtanquam
885 1162 982 1201 vas
1006 1116 1155 1215 figuli
1190 1137 1505 1208 confringes
1532 1151 1649 1191 eos.

2057 1130 2145 1184 19.
2199 1128 2285 1191 ’ος
2319 1125 2489 1195 σκεύη
2522 1122 2809 1197 κεραμέως
2833 1118 3143 1191 συντρίψεις
3170 1116 3386 1180 αὐτούς.

384 1248 476 1305 20.
507 1246 573 1302 Et
601 1213 769 1309 nunc,
807 1254 988 1309 reges,
1016 1213 1322 1300 intelligite,

2053 1221 2145 1276 20.
2184 1219 2296 1272 Καὶ
2321 1217 2438 1281 νῦν,
2474 1214 2732 1286 βασιλεῖς,
2776 1213 2996 1277 σύνετε,

378 1300 475 1398 21';
502 1300 831 1399 Erudimini,
862 1300 955 1403 qui
975 1300 1247 1401 'judicatis
1290 1333 1515 1378 terram.

2052 1311 2142 1365 21.
2184 1307 2541 1379 Παιδεύθητε,
2570 1307 2768 1369 πάντες
2797 1306 2847 1359 οἱ
2881 1303 3159 1377 κρίνοντες
3187 1301 3285 1373 τὴν
3311 1300 3435 1374 γῆν.

380 1436 473 1490 22.
503 1432 711 1488 Servite
741 1425 973 1482 Domino
1010 1420 1065 1474 in
1104 1418 1335 1473 timore:

2052 1403 2144 1458 22.
2185 1400 2515 1455 Δουλεύσατε
2539 1397 2620 1469 τῷ
2646 1396 2835 1471 Κυρίῳ
2860 1398 2917 1449 ὲν
2953 1395 3104 1467 φόϐῳ
3122 1412 3137 1426 ’

382 1529 470 1583 275.
501 1524 568 1579 Et
595 1522 866 1578 exsultate
892 1515 943 1570 ei
977 1527 1103 1568 cum
1131 1520 1393 1564 tremore.

2053 1494 2143 1550 25.
2186 1495 2293 1546 Καὶ
2318 1490 2648 1561 ἀγαλλιᾶσθε
2676 1487 2825 1560 αὐτῷ
2849 1490 2908 1543 ὲν
2930 1488 3139 1560 τρόμῳ.

380 1582 472 1675 24.
498 1613 900 1688 Apprehendite
926 1604 1297 1676 disciplinam,

2053 1588 2143 1643 24.
2184 1584 2459 1658 Δράξασθε
2493 1582 2759 1648 παιδείας,

376 1713 467 1768 25.
496 1672 821 1780 Nequando
845 1672 1114 1758 irascatur
1147 1695 1434 1754 Dominus,

2052 1680 2143 1736 25.
2183 1680 2410 1750 Μήποτε
2439 1675 2666 1748 ὀργισθῇ
2699 1672 2925 1746 Κύριος,

2051 1770 2142 1824 26.
2183 1770 2293 1823 Καὶ
2321 1765 2610 1823 ἀπολεῖσθε
2640 1766 2699 1832 ἐξ
2732 1763 2851 1818 ὁδοῦ
2877 1762 3111 1825 δικαίας.

2051 1862 2142 1916 27.
2183 1861 2352 1915 Ὅταν
2384 1857 2625 1930 ὲκκαυθῇ
2660 1858 2718 1911 ὲν
2742 1857 2897 1927 τάχει
2925 1857 2953 1909 ὁ
2985 1854 3154 1927 θυμὸς
3190 1845 3375 1917 αὑτοῦ,

2051 1954 2141 2011 28.
2180 1953 2460 2024 Μακάριοι
2486 1951 2688 2016 πάντες
2723 1949 2774 2004 oi
2814 1947 3133 2011 πεποιθότες
3158 1943 3246 1999 ἐπ’
3272 1938 3444 2014 αὐτῷ.

378 1804 471 1861 26.
509 1803 576 1858 Et
599 1774 835 1872 nereatis
861 1797 928 1851 de
952 1794 1037 1849 via
1064 1793 1232 1854 iusta.
1913 1774 1956 1829 Β

376 1902 467 1956 27.
500 1899 639 1955 Cum
665 1891 932 1951 exarserit
960 1889 1014 1944 in
1041 1887 1191 1943 brevi
1220 1886 1301 1939 ira
1330 1879 1473 1949 ejus,

375 1994 468 2049 28.
495 1989 646 2048 Beati
667 2001 859 2044 omnes
888 1984 982 2056 qui
1013 1979 1295 2038 conﬁdunt
1318 1974 1374 2027 in
1394 1984 1483 2027 eo.
1525 2030 1528 2034 λ

1424 2169 1800 2235 ATHANASII
1837 2157 2424 2243 INTERPRETATIQ.

2053 2333 2136 2387 12.
2175 2330 2249 2384 Τὸ
2291 2327 2443 2383 Σιὼν
2479 2324 2839 2400 ἑρμηνεύεται
2872 2321 3073 2388 τόπος,
3123 2319 3254 2373 ὅπου
3289 2313 3556 2390 ήσκηνή.

1978 2425 2240 2488 Βασιλεὺς
2286 2419 2378 2477 οὖν
2412 2417 2694 2491 ἀνεδείχθη
2727 2415 2831 2471 ὑπὸ
2866 2413 2961 2468 τοῦ
2991 2411 3204 2484 Πατρδς
3253 2410 3344 2463 ἐπὶ
3387 2406 3553 2473 Σιὼν,

1978 2518 2253 2572 τουτέστιν
2281 2516 2339 2568 ὲν
2371 2515 2482 2577 τοῖς
2504 2512 2770 2584 οὐρανοῖς,
2807 2508 2936 2562 ἔνθα
2966 2503 3195 2577 ἀληθινὴ
3222 2500 3416 2573 σκηνὴ,
3470 2497 3558 2567 ἢν

1977 2606 2206 2675 ἔπηξεν
2238 2608 2272 2660 ό
2311 2606 2547 2672 Κύριος,
2583 2602 2682 2656 καὶ
2714 2602 2824 2653 οὐκ
2857 2596 3184 2665 ἄνθρωπος.

2047 2700 2135 2765 15,
2178 2697 2265 2752 14.
2314 2698 2409 2749 Ἐκ
2449 2695 2557 2749 τῶν
2593 2691 2838 2765 οὐρανῶν
2870 2688 3141 2757 ἀκουστὴν
3181 2685 3400 2757 ἐποίησε
3450 2682 3556 2754 τὴν

1978 2790 2160 2862 φωνήν
2190 2789 2355 2843 αὐτοῦ
2386 2786 2461 2859 (1)
2495 2785 2631 2858 βοῶν
2658 2785 2794 2857 πρὸς
2827 2798 2912 2855 με’
2953 2781 3037 2835 Σὺ
3065 2776 3120 2834 εἷ
3145 2782 3177 2833 ὀ
3214 2778 3348 2843 Υἱός
3369 2793 3491 2846 μου
3520 2776 3559 2829 ό

1976 2882 2305 2952 ἀγαπητός.

375 3009 461 3063 15.
494 3004 610 3073 Qua
634 3002 722 3059 die
745 3010 797 3055 te
844 2989 1260 3053 mauil‘estavi'.
1326 2984 1461 3039 Nam
1502 2990 1628 3038 ante
1677 2978 1873 3035 sacula

2050 2976 2137 3029 15.
2185 2975 2289 3027 Ἦν
2320 2971 2398 3046 (2)
2433 2969 2757 3041 ἐφανέρωσά
2793 2985 2872 3022 σε.
2909 2967 3025 3038 Πρὸ
3054 2964 3165 3036 γὰρ
3200 2962 3310 3017 τῶν
3338 2959 3557 3016 αἰώνων

381 3052 461 3063 --.
500 3052 610 3073 η--
638 3052 719 3059 --η
747 3052 792 3055 __
848 3052 857 3053 ,

306 3097 820 3154 absconditus'eras
847 3090 904 3144 in
938 3102 1026 3142 me
1046 3083 1210 3139 Patre
1251 3089 1371 3146 tuo,
1412 3070 1873 3147 quemadmodum

2050 3064 2467 3138 Ὀκεκρυμμένος
2483 3059 2552 3135 ἧς
2578 3064 2634 3116 ὲν
2656 3062 2779 3133 ἐμοὶ
2800 3061 2878 3133 τῷ
2907 3059 3082 3132 Πατρί
3113 3075 3227 3121 σου,
3251 3053 3431 3116 καθὼς
3459 3052 3558 3121 γέ-

304 3191 371 3247 de
397 3191 490 3245 illo
518 3188 786 3257 scriptum
803 3191 922 3239 est:
953 3178 1230 3234 Exsistens
1258 3174 1313 3228 in
1336 3171 1458 3227 sinu
1487 3166 1732 3223 Patris’.

2052 3177 2217 3215 απται
2253 3159 2381 3230 περὶ
2406 3155 2605 3212 αὐτοῦ’
2647 3157 2709 3208 '0
2750 3153 2836 3207 ὢν
2885 3154 2954 3207 ὲν
2986 3151 3111 3216 τοῖς
3155 3151 3404 3213 κόλποις
3440 3144 3554 3199 τοῦ

369 2359 462 2426 12.
492 2369 621 2425 Sion
652 2366 1041 2434 interpretatur
1096 2358 1264 2419 locus.
1306 2353 1399 2408 ubi
1439 2343 1871 2404 tabernaculum.

306 2464 419 2522 ilex
452 2460 617 2532 igitur
637 2456 947 2513 declaratus
974 2458 1057 2504 est
1086 2463 1119 2502 a
1173 2446 1334 2500 Patre
1368 2443 1422 2497 in
1472 2438 1623 2500 Sion,
1654 2436 1759 2489 hoc
1794 2441 1877 2486 est

304 2556 360 2609 in
390 2524 565 2617 oculis,
590 2541 683 2605 ubi
706 2559 896 2603 verum
940 2536 1375 2599 tabernaculum,
1407 2530 1543 2602 quod
1591 2524 1875 2609 adiﬁcovit

304 2637 589 2709 Dominus,
623 2656 726 2696 non
750 2647 926 2693 autem
953 2635 1106 2687 homo
1140 2631 1183 2684 ⁷.

374 2726 588 2804 15,11.
624 2733 669 2790 Ε
718 2732 875 2789 crelis
919 2724 1109 2781 audire
1153 2714 1281 2777 fecit
1332 2731 1518 2771 vocem
1558 2728 1734 2777 suam,
1763 2709 1875 2764 cla-

305 2838 460 2890 mans
486 2831 553 2886 ad
588 2843 705 2883 me:
741 2821 819 2879 Tu
848 2839 903 2878 es
935 2818 1110 2875 Filius
1143 2829 1285 2870 meus
1312 2811 1553 2866 dilectus.

1136 3308 1137 3311 η
1977 3253 2226 3321 Πατρός.

372 3359 463 3428 16,
491 3359 580 3415 17.
615 3357 743 3414 ldeo
771 3355 911 3411 dixit
935 3356 989 3409 in
1020 3350 1351 3422 Evangelia:
1384 3347 1566 3412 Pater,
1602 3360 1730 3416 quo;
1793 3358 1873 3396 ac-

2050 3347 2136 3408 16.
2181 3346 2266 3399 17.
2308 3344 2406 3400 Διά
2446 3342 2605 3397 τοῦτο
2636 3341 2820 3411 ἔλεγεν
2858 3341 2915 3393 ὲν
2956 3335 3303 3406 Εὑαγγελίῳ·
3336 3331 3552 3400 Πάτερ,

299 3424 585 3511 disti'mihi
633 3450 773 3514 volo,
800 3459 858 3503 ut
879 3450 967 3503 ubi
993 3462 1108 3502 sum
1133 3461 1248 3516 ego,
1270 3453 1320 3499 et
1344 3442 1428 3498 illi
1457 3442 1563 3496 sint
1598 3439 1664 3494 ¹⁰.

2053 3460 2085 3506 ς
2124 3436 2387 3503 δέδωκάς
2408 3454 2532 3507 μοι,
2563 3434 2715 3490 θέλω
2762 3434 2913 3487 ὅπου
2940 3432 3014 3503 (3)
3040 3430 3156 3499 εἰμὶ
3190 3426 3321 3497 ἐγὼ,
3361 3424 3558 3480 κάκεῖ-

1904 3528 1947 3587 C
1979 3547 2073 3583 νοι
2100 3523 2270 3582 ὦσιν.

372 3634 463 3699 18,
496 3633 582 3691 19.
620 3630 679 3689 In
712 3638 983 3702 potestate
1016 3628 1198 3685 valida
1235 3640 1449 3692 omnes,
1487 3623 1582 3695 qui
1638 3621 1733 3677 tibi
1766 3633 1873 3674 non

2051 3618 2139 3683 18,
2181 3618 2265 3672 19.
2315 3616 2403 3669 Ἐν
2437 3611 2655 3684 ἐξουσίᾳ
2691 3611 2886 3683 ἰσχυρᾷ
2920 3608 3125 3671 πάντας
3159 3606 3284 3668 τοὺς
3318 3601 3395 3674 μή
3428 3615 3555 3653 πει-

302 3728 585 3796 ohedinnt,
614 3700 960 3782 comminues
982 3733 1037 3778 et
1068 3720 1345 3778 domabis.

2050 3710 2238 3782 μένους
2268 3724 2349 3760 σοι
2383 3705 2665 3767 λεπτυνεῖς
2697 3704 2792 3758 καὶ
2816 3700 3099 3772 δαμάσεις.

371 3817 463 3873 20.
492 3789 819 3888 cognoscite
842 3816 987 3870 hunc
1016 3829 1141 3870 esse
1170 3812 1360 3867 Deum.

2050 3804 2133 3857 20.
2184 3799 2508 3888 ςΕπίγνωτ-ε,
2543 3797 2624 3850 ὅτι
2655 3790 2809 3858 οὗτός
2837 3794 2984 3847 ἐστιν
3017 3793 3045 3845 ὁ
3081 3789 3232 3852 Θεός.

370 3908 461 3962 21.
488 3908 546 3963 Si
574 3922 904 3976 cognoscere
926 3920 1035 3960 non
1060 3904 1324 3976 potestis,
1357 3900 1652 3958 erudimiui
1671 3915 1702 3955 e
1734 3898 1873 3953 divi-

2050 3894 2134 3947 21.
2184 3874 2312 3944 Ἒάν
2358 3890 2433 3961 μὴ
2479 3887 2708 3943 δύνασθε
2755 3883 3077 3954 ἐπιγνῶναι,
3127 3876 3451 3948 παιδεύθητε
3487 3874 3557 3927 ὲκ

303 3999 390 4055 nis
429 3999 748 4069 Scripturis,
777 3998 927 4068 quod
952 3967 1080 4067 ipse
1092 4005 1179 4052 est
1204 3996 1350 4050 Deus
1381 4003 1590 4050 noster.

2050 4004 2082 4039 ην
2111 3985 2271 4039 θείων
2304 3982 2559 4056 Γραφῶν,
2585 3983 2665 4035 ὅτι
2699 3979 2859 4042 αὑτός
2891 3979 3038 4031 ἐστιν
3066 3977 3094 4029 ὁ
3130 3971 3264 4035 Θεὸς
3295 3967 3478 4042 ήμῶν.

374 4090 464 4146 22.
496 4089 727 4157 Servite,
760 4090 957 4161 inquit,
987 4090 1038 4144 ei
1067 4090 1123 4143 in
1141 4090 1357 4155 timore,
1382 4096 1437 4142 et
1476 4095 1731 4151 tremore,

2050 4074 2136 4129 22.
2176 4073 2538 4136 Δουλεύσατε,
2582 4070 2765 4139 λέγει,
2818 4067 2968 4139 αὐτῷ
3036 4068 3094 4119 ὲν
3144 4059 3293 4133 φόϐῳ
3345 4057 3442 4111 καὶ
3491 4060 3555 4112 ὲν

2013 4164 2188 4236 Ρόμῳθ

370 4260 459 4316 23.
495 4260 559 4317 Ει
588 4260 644 4316 in
683 4273 852 4332 regno
883 4274 1004 4331 ejus
1040 4258 1331 4315 exsultate.

2050 4256 2137 4311 23.
2180 4255 2290 4309 Καὶ
2318 4252 2643 4322 ἀγαλλιᾶσθε
2675 4251 2733 4304 ὲν
2763 4252 2831 4322 τῇ
2871 4248 3120 4321 βασιλείᾳ
3149 4243 3332 4301 αὐτοῦ.

367 4353 459 4409 24.
484 4352 898 4409 Conﬂrmamini
937 4353 991 4408 in
1025 4352 1274 4407 doctrina
1309 4349 1547 4415 Domini,

2050 4348 2134 4403 24.
2186 4346 2480 4411 Ῥιζώσατε
2506 4348 2562 4398 ὲν
2595 4348 2659 4417 τῇ
2692 4341 2789 4397 τοῦ
2816 4341 3023 4414 Κυρίου
3055 4333 3390 4403 διδασκαλίᾳ,

369 4446 461 4503 25.
494 4445 796 4518 Nequando
828 4447 987 4503 vobis
1021 4461 1142 4502 eam
1169 4444 1572 4517 negligentibus
1598 4457 1664 4498 ac
1695 4440 1866 4510 despi-

2050 4440 2134 4495 25.
2172 4440 2402 4511 Μήποτε
2422 4479 2436 4503 ,
2469 4438 2544 4502 ὡς
2578 4436 2921 4509 ἀμελούντων
2964 4432 3117 4504 ὑμῶν
3149 4429 3243 4483 καὶ
3275 4437 3550 4493 καταφρο-

300 4538 593 4603 cientibus,
630 4539 921 4604 irascatur,

2050 4531 2206 4585 5ντων
2224 4571 2239 4596 ,
2275 4531 2528 4605 ὀργισθῇ,

370 4629 460 4683 26.
486 4628 553 4684 Et
580 4644 678 4684 vos
700 4631 936 4686 statione
962 4640 1301 4695 sanctorum,
1335 4645 1457 4700 quae
1485 4644 1516 4684 a
1540 4627 1747 4686 dextris
1767 4636 1871 4690 est,

2050 4621 2134 4678 26.
2174 4624 2283 4677 Καὶ
2317 4622 2571 4687 ἀναξίους
2610 4622 2753 4693 ὑμᾶς
2787 4619 3054 4692 ἡγήσεται
3102 4614 3200 4685 τῆς
3242 4612 3306 4664 ἐκ
3356 4607 3547 4673 δεξιῶν

301 4720 556 4792 indignos
620 4720 916 4775 existimet.

2050 4716 2219 4778 ἀσεως
2249 4716 2356 4769 τῶν
2394 4716 2583 4783 ἁγίων.

308 4824 311 4827 ‘
374 4812 463 4868 27.
488 4813 622 4869 Cum
653 4814 795 4884 ignis
826 4812 1048 4898 ultionis
1099 4822 1224 4867 ante
1276 4827 1401 4867 eum
1435 4812 1726 4882 praecedet,

2050 4808 2135 4864 27.
2174 4808 2343 4862 ’Ὅταν
2371 4808 2433 4861 τὸ
2468 4807 2580 4878 πῦρ
2622 4804 2725 4877 τῆς
2761 4802 3092 4873 ἐκδικήσεως
3120 4792 3550 4871 προπορεύσεται

1903 4880 1950 4939 Ῑ)
1977 4898 2285 4971 ἔμπροσθεν
2308 4898 2496 4963 αὐτοῦ,

375 4991 461 5051 28.
492 4993 641 5051 Beati
668 5006 882 5058 omnes,
911 4992 1006 5061 qui
1057 5006 1114 5045 ιη
1142 5004 1209 5046 eo
1240 5004 1391 5059 spem
1435 4990 1655 5046 habent.

2050 4990 2138 5046 28.
2152 4990 2431 5062 Μακάριοι
2456 4990 2652 5055 πάντες
2661 4989 2711 5042 oi
2729 4987 2828 5061 τὴν
2847 4984 3039 5042 ἐλπίδα
3053 4983 3265 5058 ἔχοντες
3284 4975 3550 5046 είςαύτόν.

372 5149 563 5206 ’Hebr.
584 5164 701 5214 vui,
726 5150 783 5205 2.
859 5150 882 5181 '
912 5147 1073 5205 Joan.
1108 5163 1244 5214 xm,
1269 5148 1324 5202 6.
1404 5147 1426 5181 '
1447 5145 1606 5203 Joan.
1640 5164 1680 5213 ι,
1712 5145 1801 5204 18.

2050 5162 2103 5202 n.
2138 5162 2272 5214 xvn,
2309 5145 2404 5201 21.

1249 5327 1554 5394 Addenda
1581 5339 1643 5394 et
1678 5330 2053 5412 corrigenda
2085 5348 2164 5393 ex
2197 5329 2351 5393 'cod.
2385 5326 2587 5391 Vatic.

404 5521 453 5592 t)
482 5524 698 5593 Αὐτοῦ,
726 5536 876 5583 deest
902 5527 956 5582 in
992 5524 1127 5583 Cod.

404 5592 454 5665 Ι)
486 5593 619 5650 Νῦν.

2056 5527 2131 5599 (ε)
2163 5525 2332 5595 Θέλω,
2364 5527 2453 5583 ἵνα
2478 5526 2637 5581 διον.
