3760 6270
335 311 446 373 e59
726 278 729 281 ’
1190 315 1247 372 s.
1291 317 1667 391 ATHANASII
1704 318 1858 376 opp.
1897 318 2079 373 rans
2118 318 2203 374 ιιι.
2243 347 2313 359 -
2352 308 2766 370 EXEGETICA.
3497 287 3653 347 660

392 430 461 505 ⁴9.
497 427 610 500 Ego
642 426 876 483 dormivi
910 434 966 481 et
991 440 1280 499 soporatus
1310 446 1430 487 sum
1468 450 1484 499 ;

1934 440 1982 494 Α
2078 432 2130 485 9.
2182 426 2323 497 Ἐγὼ
2353 426 2412 481 δὲ
2438 420 2759 495 ἐκοιμήθην,
2786 416 2881 470 κα)⁵
2910 413 3157 505 ὕπνωσαξ

407 520 499 576 10.
530 497 597 574 Et
627 519 932 584 exsurrexi,
973 497 1101 591 quia
1132 519 1397 579 Dominus
1427 497 1666 594 suscepit
1696 540 1800 580 me.

2083 520 2170 575 10.
2224 518 2580 590 Ἐξηγέρθην,
2623 514 2705 567 ὅτι
2744 508 2946 581 Κύριος
2978 497 3330 594 ἀντιλήψεταί
3368 512 3491 594 μου
3516 511 3535 526 ·

408 612 499 667 11.
527 609 647 666 Νοιι
694 610 898 666 timebo
941 586 1113 677 millia
1143 616 1328 684 populi
1372 586 1765 671 circumdantis
1799 632 1893 672 me.

2162 654 2166 666 .
2208 614 2283 667 Οὐ
2326 586 2707 683 (ροϐᾐηθῆσομαι
2751 602 2858 659 ἀπὸ
2890 597 3164 672 μυριάδων
3191 590 3322 648 λαοῦ
3349 589 3475 645 τῶν
3507 586 3647 646 κύ-

2012 708 2122 779 κλῳ
2152 705 2638 776 συνεπιτιθεμένων
2672 717 2781 772 μοι.

412 789 500 845 12.
532 788 797 861 Exsurge,
814 789 1068 857 Domine;
1099 791 1309 845 salvum
1341 808 1426 845 me
1447 790 1550 855 fac,
1570 791 1709 847 Deus
1733 808 1897 848 meus.

2085 799 2171 851 12.
2227 796 2478 861 Ἀνάστα,
2508 793 2717 865 Κύριε·
2742 786 2912 843 σῶσόν
2944 799 3030 856 με,
3061 783 3090 835 ὁ
3122 781 3254 844 Θεός
3282 796 3411 850 μου.

414 882 499 938 15.
533 880 804 949 Quoniam
853 890 910 936 tu
959 883 1283 951 percussisti
1329 897 1522 939 omnes
1561 884 1899 940 adversantes

2157 929 2169 942 .
2214 889 2336 942 Ὀτι
2374 889 2437 941 σὺ
2472 864 2748 949 ἐπάταξας
2791 880 2997 941 πάντας
3034 873 3160 938 τοὺς
3203 864 3640 942 ὲχθραίνοντὰς·

345 974 479 1029 mihi
512 975 631 1030 sine
657 990 820 1030 causa
849 991 865 1036 ;

2017 1000 2107 1055 μοι
2139 981 2382 1052 ματαίως
2402 996 2415 1010 ·

421 1068 507 1124 14.
539 1067 737 1124 Dentes
770 1075 1119 1138 peccatorum
1145 1067 1474 1123 contrivisti.
1612 1086 1632 1095 λ’

2094 1073 2182 1127 14.
2235 1069 2481 1133 Ὀδόντας
2514 1063 2851 1139 ἁμαρτωλῶν
2897 1055 3242 1131 συνέτριψας.

416 1159 505 1215 15.
539 1158 753 1214 Domini
781 1168 867 1214 est
892 1159 1044 1214 salus
1072 1172 1090 1224 ;
1872 1212 1879 1220 .

1872 1212 1879 1220 .
2084 1165 2172 1220 15.
2215 1162 2321 1216 Τοῦ
2363 1161 2631 1232 Κυρίουὴ
2672 1154 2945 1226 σωτηρία’

416 1250 502 1307 16.
531 1249 599 1305 Ει
622 1266 787 1321 super
818 1252 1078 1321 populum
1112 1260 1263 1307 tuum
1294 1250 1601 1307 benedictio
1638 1260 1751 1306 tua.
1897 1292 1901 1307 .

1897 1288 1913 1307 ι
2084 1257 2172 1310 ib’.
2214 1255 2324 1308 Καὶ
2354 1254 2447 1306 ἐπὶ
2472 1251 2564 1305 τὸν
2595 1249 2723 1303 λαόν
2753 1264 2845 1300 σου
2875 1246 2909 1316 ή
2934 1240 3156 1310 εὐλογία
3187 1256 3279 1292 σου

519 1337 584 1391 In
615 1338 794 1407 ﬁnem,
823 1340 879 1393 in
906 1341 1251 1397 carminibus.
1281 1348 1515 1408 psalmus
1546 1342 1737 1396 David.

962 1407 1164 1465 PSAL.
1194 1410 1223 1465 1
1239 1409 1299 1465 γ.

2113 1350 2217 1414 Εἰς
2233 1348 2298 1401 τὸ
2327 1346 2524 1413 τέλος,
2549 1344 2618 1398 ἐν
2647 1333 3153 1465 ᾖιὶριςλψαλμὸς
3169 1330 3249 1396 τῷ
3273 1327 3485 1386 Δαυτδ.

1151 1451 1164 1464 .
1194 1414 1299 1466 ιγ.
2653 1414 2826 1467 ΨΑΛ.
2865 1414 2942 1463 Δ’.

506 1497 643 1553 Cum
687 1501 999 1557 invocarem
1038 1502 1319 1559 exaudivit
1367 1520 1456 1561 me
1507 1504 1651 1561 Deus
1691 1505 1916 1576 iustitia:

2189 1509 2277 1563 Ἐν
2305 1507 2383 1580 τῷ
2409 1503 2785 1561 ἐπικαλεῖσθαί
2818 1520 2916 1575 με,
2946 1496 3233 1570 είσήκουσέ
3252 1512 3366 1580 Δμου
3401 1494 3431 1546 ὁ
3461 1488 3626 1552 Θεὸς

350 1602 520 1656 meae;
1693 1574 1704 1576 ⁷

2016 1600 2112 1670 τῆς
2137 1574 2483 1667 δικαιοσῦνης
2512 1612 2633 1666 μου.
2826 1574 2829 1575 ν
3252 1574 3268 1587 ”

420 1679 475 1734 2.
509 1678 565 1733 ln
598 1680 950 1737 tribulatione
977 1683 1219 1740 dilatasti
1248 1683 1404 1738 mihi.

2084 1692 2140 1745 2.
2192 1691 2281 1743 Ἐν
2312 1688 2489 1759 θλίψει
2521 1682 2822 1746 ὲπλάτυνάς
2848 1698 2957 1754 μοι.

418 1771 471 1829 5.
504 1769 764 1826 Miserere
793 1772 919 1838 mei,
958 1781 1013 1827 et
1039 1772 1234 1827 exaudi
1264 1772 1572 1828 orationem
1607 1787 1829 1827 meam.-

2135 1780 2491 1853 Οίκτείρησόν
2506 1796 2571 1850 με
2583 1820 2595 1840 ,
2606 1777 2702 1831 καὶ
2715 1774 2932 1829 εἰσάκου
2940 1790 3029 1826 σον
3037 1772 3135 1843 τῆς
3148 1764 3459 1867 προσευχῆς
3472 1778 3620 1834 μου.

420 1861 476 1915 Al.
510 1859 633 1915 Filii
663 1861 971 1929 hominum,
1003 1877 1289 1933 usquequo
1316 1862 1466 1934 gravi
1490 1863 1704 1918 corde?

1945 1858 1985 1867 "
2088 1871 2142 1925 4.
2183 1871 2302 1923 Υιοι
2326 1867 2649 1940 ἀνθρώπων,
2687 1866 2793 1928 ἕως
2833 1865 2961 1918 πότε
2996 1858 3380 1934 βαρυκάρδιοι;

423 1951 475 2008 5.
515 1951 586 2009 Ut
622 1954 753 2024 quid
796 1955 1022 2026 diligitis
1069 1955 1386 2020 vanitatem,
1411 1966 1461 2008 et
1486 1956 1729 2026 quaaritis
1766 1972 1908 2012 men-

2139 2004 2144 2016 .
2186 1964 2304 2016 Ἵνα
2332 1962 2384 2016 τί
2412 1961 2662 2031 ἀγαπᾶτε
2697 1957 3054 2030 ματαιότητα,
3091 1954 3186 2009 καὶ
3226 1952 3436 2022 ζητεῖτε
3461 1942 3624 2017 ψεῦς

351 2044 569 2101 dacium
603 2047 626 2100 ?
2023 2051 2139 2115 50;;

421 2136 476 2191 tl.
511 2135 576 2192 Et
615 2137 811 2194 scitote
838 2138 1103 2210 quoniam
1138 2143 1452 2195 mmhcavrt
1488 2141 1756 2195 Dominus
1791 2156 1906 2196 san.

2134 2183 2147 2198 .
2184 2145 2293 2198 Καὶ
2316 2143 2515 2213 γνῶτε,
2547 2143 2632 2196 ὅτι
2660 2139 3049 2212 ὲθαυμάστωσε
3086 2139 3292 2210 Κύριος
3322 2135 3415 2188 τὸν
3451 2132 3619 2187 ὅσιον

353 2237 505 2285 ctum
535 2246 720 2289 suum.

2027 2235 2211 2291 αὑτοῦ.

1487 2345 1857 2403 ATHANASII
1896 2347 2473 2406 INTERPRETATIO.

426 2442 478 2497 9.
509 2439 901 2511 Unusquisque
925 2440 1312 2510 prophetarum
1340 2440 1473 2496 dicit
1501 2461 1515 2497 :
1552 2440 1746 2498 Nullus
1767 2442 1843 2497 fui
1864 2443 1911 2496 in

2127 2456 2149 2498 '.
2195 2445 2462 2509 Ἕκαστος
2492 2445 2638 2513 λέγει
2669 2442 2778 2497 τῶν
2806 2440 3122 2515 προφητῶν,
3152 2440 3233 2494 ὅτι
3272 2438 3361 2491 Ἐν
3396 2434 3497 2506 μὲν
3525 2432 3612 2503 (ί)

355 2548 475 2590 mea
539 2531 922 2603 prmdicatione
987 2538 1206 2601 propter
1276 2531 1560 2586 hominum
1628 2531 1840 2587 incredu

2131 2534 2339 2607 ιύγματί
2369 2553 2470 2602 μου
2501 2534 2780 2607 ἀνωφελὴς
2802 2534 3068 2604 ἐγενόμην
3087 2529 3175 2585 διὰ
3196 2529 3295 2600 τὴν
3317 2524 3616 2581 ἀπείθειαν

357 2630 543 2684 tatem,

2027 2625 2134 2681 τῶν
2162 2623 2485 2694 ἀνθρώπων,

424 2711 493 2765 10
543 2707 848 2767 Novissime
868 2717 1048 2765 autem
1073 2724 1229 2765 meus
1242 2725 1424 2766 sermo
1438 2709 1764 2775 exsurrexit,
1790 2725 1909 2779 quo-

2137 2714 2191 2769 0.
2232 2715 2498 2786 ’Ύστερον
2543 2716 2600 2769 δὲ
2646 2714 2908 2786 ἐξανέστη
2950 2715 2980 2767 ὁ
3014 2712 3172 2780 λόγος
3203 2726 3326 2778 μου,
3364 2708 3444 2760 ὃτι
3486 2704 3612 2758 Κῦ-

354 2800 501 2863 niam
519 2801 785 2859 Dominus
817 2816 915 2872 per
948 2800 1191 2871 seipsum
1225 2800 1489 2855 mundum
1534 2800 1839 2855 allocutuse

1687 2809 1803 2855 Litus
1819 2808 1924 2857 est.
2031 2822 2142 2877 ριος
2170 2806 2235 2860 δι’
2260 2807 2452 2860 ἑαυτοῦ
2480 2806 2707 2878 ὲλάλησε
2740 2806 2817 2877 τῷ
2849 2806 3038 2877 κόσμῳ
3074 2803 3172 2874 (2).

427 2895 514 2948 11.
545 2892 925 2957 Tentationes,
968 2893 1046 2947 ait
1072 2908 1159 2948 me
1193 2892 1591 2963 aggredientes.

2121 2899 2185 2955 ,1.
2224 2898 2346 2952 Τῶν
2388 2900 2711 2971 πειρασμῶν
2748 2900 2896 2969 λέγει
2922 2900 3032 2952 τῶν
3074 2891 3451 2965 ἐπερχομένων
3485 2904 3606 2958 μοι.

426 2982 513 3037 12.
547 2983 813 3054 Exsurge,
833 2982 1084 3047 Domine,
1110 2984 1178 3039 de
1201 2998 1312 3053 quo
1344 2982 1595 3039 dicturus
1629 2991 1749 3038 erat
1777 2980 1911 3038 Tho-

2131 2989 2187 3046 2.
2238 2990 2492 3059 Ἀνάστα,
2540 2990 2749 3063 Κύριε,
2781 2993 2907 3063 περὶ
2947 2985 3009 3044 οὗ
3047 2989 3229 3061 μέλλει
3263 2984 3439 3052 λέγειν
3482 2978 3608 3032 Θω-

358 3091 476 3137 mas
506 3094 521 3132 :
553 3076 808 3130 Dominus
840 3092 985 3129 meus
1007 3085 1057 3130 et
1081 3074 1222 3130 Deus
1250 3091 1395 3129 meus
1428 3076 1492 3128 “.

2030 3082 2171 3152 μᾶς*
2219 3081 2284 3136 ὀ
2310 3084 2523 3152 Κύριός
2552 3102 2671 3153 μου
2702 3085 2799 3138 καὶ
2832 3088 2865 3138 ὁ
2895 3085 3041 3149 Θεός
3069 3100 3206 3152 μου.

427 3171 515 3225 13.
542 3168 814 3237 Quoniam
855 3182 909 3224 tu
956 3169 1253 3225 cruciﬁxus
1281 3184 1379 3239 pro
1414 3168 1574 3223 nobis
1608 3168 1912 3238 percussist‘

2122 3175 2193 3231 13.
2234 3175 2358 3230 Ὅτι
2403 3176 2468 3230 σὺ
2500 3176 2829 3248 σταυρωθεὶς
2864 3176 3004 3247 ὑπὲρ
3029 3174 3182 3246 ἡμῶν
3226 3173 3302 3243 (3)
3327 3165 3607 3234 ὲπάταξας

356 3273 546 3317 cmnes
575 3269 814 3315 rectores
849 3260 1060 3326 mundi,
1094 3259 1200 3314 hoc
1228 3267 1312 3314 est
1332 3258 1560 3328 peccati.

1961 3255 2005 3315 C
2037 3266 2246 3331 πάντας
2265 3270 2391 3333 τοὺς
2414 3268 2861 3340 κοσμοκράτορας
2894 3267 2995 3338 τῆς
3018 3264 3311 3338 ἁμαρτίας.

429 3353 515 3408 14.
544 3352 746 3408 Eorum
774 3354 984 3409 scilicet
1008 3353 1306 3416 doctrinas,
1337 3352 1541 3422 quibus
1587 3351 1914 3409 devorabam

2120 3359 2187 3416 14.
2228 3361 2341 3425 Τὰς
2366 3361 2585 3432 διδαχὰς
2616 3361 2798 3415 αὐτῶν
2826 3359 3104 3413 τουτέστιν
3144 3357 3240 3428 (4),
3261 3358 3319 3408 ὲν
3347 3347 3433 3417 αἷς
3467 3365 3605 3403 κατ-

359 3444 525 3502 corda
556 3445 840 3501 hominum
866 3446 961 3516 qui
989 3445 1096 3500 illis
1118 3444 1521 3500 auscultahant.

2036 3450 2224 3523 ήσθιον
2248 3451 2348 3515 τὰς
2372 3452 2598 3522 καρδίας
2624 3452 2733 3506 τῶν
2762 3451 3147 3505 ὑπακουόντων
3176 3448 3382 3509 αὐτοῖς.

429 3538 516 3595 15.
542 3537 647 3594 Tui
676 3539 918 3611 quidem,
953 3536 1051 3610 qui
1081 3547 1277 3593 natura
1299 3538 1418 3608 ipsa
1448 3536 1718 3592 Dominus
1743 3551 1823 3601 es,

2109 3543 2196 3596 15.
2239 3543 2343 3596 Σοῦ
2376 3544 2486 3615 γὰρ
2519 3544 2596 3615 (5)
2624 3543 2719 3597 τοῦ
2746 3542 2889 3597 κατὰ
2922 3542 3082 3612 φύσιν
3115 3539 3344 3610 Κυρίου,

368 3636 381 3641 “
430 3630 517 3688 16.
548 3631 615 3687 Ει
634 3648 798 3703 super
822 3643 1041 3689 sanctos
1070 3640 1194 3686 tuos
1214 3631 1387 3703 gratia
1413 3641 1506 3687 tua
1532 3649 1547 3697 ;
1573 3630 1753 3685 omnis
1782 3644 1849 3684 en

2119 3633 2197 3686 l6.
2238 3635 2350 3688 Καὶ
2394 3635 2487 3688 ἐπὶ
2515 3636 2644 3698 τοὺς
2685 3635 2872 3703 ἁγίους
2912 3651 3003 3686 σου
3037 3635 3071 3704 ἠ
3118 3633 3277 3702 χάρις
3309 3642 3427 3681 συυ·
3457 3622 3604 3675 πᾶσα

358 3725 512 3785 salus
542 3726 613 3779 ab
642 3724 867 3780 homine
894 3740 1037 3779 vana
1067 3724 1133 3778 ι’.

2039 3721 2148 3793 γὰρ
2182 3723 2425 3795 σωτηρία
2456 3723 2745 3793 ἀνθρώπου
2777 3723 2999 3794 ματαία.

441 3818 506 3870 'H
531 3816 625 3871 τοῦ
645 3814 862 3886 ψαλμοῦ
895 3811 1228 3884 προκειμένη
1256 3811 1537 3882 ἐπιγραφὴ
1565 3810 1600 3881 ἡ
1630 3808 1722 3865 διὰ
1747 3809 1846 3880 τῆς
1876 3809 2248 3880 κινναϐάρεως
2281 3811 2552 3881 περιέχει’
2578 3814 2681 3878 Εὶς
2709 3812 2775 3866 τὸ
2805 3810 2979 3877 τέλος
3015 3810 3083 3863 ἐν
3108 3809 3337 3877 ὕμνοις,
3372 3800 3608 3873 ww?

360 3906 440 3974 τῷ
467 3906 668 3961 Δαυτδ.
697 3905 870 3960 Τοῦτο
897 3903 992 3962 οὖν
1019 3908 1190 3970 ἐστιν,
1222 3905 1316 3969 El;
1346 3906 1513 3977 ὕμνον
1540 3904 1756 3976 εἴρηται
1781 3904 1923 3976 ὑπὲρ
1946 3904 2053 3958 τῶν
2084 3906 2255 3974 ἁγίων
2284 3906 2380 3959 τοῦ
2406 3906 2541 3961 Θεοῦ
2571 3908 2669 3979 (6),
2701 3908 2843 3979 ὑπὲρ
2872 3906 2979 3961 τῶν
3005 3906 3286 3961 ἀθανάτων
3307 3897 3607 3973 μυστηρίων

361 4005 429 4061 δι’
454 3996 529 4060 ὧν
568 4003 830 4068 σώζονται
859 4003 910 4057 oi
942 4002 1094 4073 Δἅγιοι
1127 4003 1220 4057 τοῦ
1251 4002 1409 4067 Θεοῦ,
1437 4002 1504 4055 δι’
1544 3993 1620 4055 ὧν
1654 4001 1730 4073 (7)
1764 4001 1982 4068 λέγουσι
2015 4002 2107 4055 καὶ
2141 4002 2234 4055 τὸν
2268 4001 2436 4072 ῦμνον
2465 4003 2541 4074 τῷ
2579 4003 2811 4057 σώσαντι
2839 4003 3035 4064 αὐτοὺς
3069 4000 3147 4070 τῷ
3175 3996 3289 4067 Υἱῷ
3332 3993 3424 4048 τοῦ
3454 3987 3604 4046 Θεοῦ.

361 4100 523 4164 paulo
547 4099 657 4173 γὰρ
683 4096 1046 4172 ἑρμηνεύεται
1077 4097 1284 4163 ἱκανὸς
1310 4095 1482 4165 χειρὶ,
1514 4094 1652 4167 ὅπερ
1680 4093 1796 4148 ἐστὶ
1823 4092 2027 4166 Κύριος
2057 4095 2131 4164 (8)
2160 4096 2188 4147 ὁ
2219 4093 2349 4160 Θεὸς
2389 4095 2565 4166 ἡμῶν.

433 4214 667 4278 Titulus,
688 4211 785 4283 qui
817 4209 1026 4281 psalmo
1048 4206 1417 4280 praemittitur,
1436 4204 1722 4261 cinnabari
1753 4203 2013 4274 scriptus,
2032 4201 2275 4257 continet
2299 4222 2312 4256 :
2337 4201 2402 4258 In
2429 4204 2586 4275 ﬁnem
2610 4208 2662 4257 in
2689 4204 2916 4274 hymnis,
2940 4198 3173 4271 psalmus
3198 4189 3384 4247 David.
3403 4186 3604 4243 Scilicet

364 4316 419 4370 in
446 4315 733 4387 hymnum,
762 4311 865 4367 hoc
888 4317 972 4365 est
1009 4307 1065 4363 in
1092 4306 1333 4372 laudem,
1367 4303 1613 4375 psalmus
1662 4302 1841 4357 dictus
1885 4310 1969 4355 est
2008 4315 2108 4369 pro
2149 4301 2359 4357 sanctis
2398 4300 2491 4356 Dei
2529 4301 2596 4357 de
2641 4299 3042 4356 immortalibus
3092 4287 3383 4364 mysteriis,
3416 4284 3604 4356 quibus

366 4407 541 4462 sancti
564 4407 659 4463 Dei
683 4405 988 4467 salvantur,
1015 4411 1070 4457 ct
1107 4400 1180 4455 ob
1202 4413 1322 4469 quae
1347 4397 1609 4470 hymnum
1640 4402 1848 4448 canunt
1873 4391 1970 4448 Dei
1992 4390 2158 4461 Filio,
2181 4394 2276 4463 qui
2306 4394 2538 4448 salvavit
2560 4409 2676 4449 eos.
2709 4393 2877 4448 David
2912 4393 3057 4447 enim
3096 4390 3467 4457 interpretatur
3494 4396 3604 4433 ma-

368 4518 437 4563 nu
463 4511 670 4571 potens,
700 4499 879 4571 qualis
907 4508 993 4554 est
1024 4495 1291 4552 Dominus
1316 4492 1462 4547 Deus
1484 4498 1695 4547 uoster.

442 4564 494 4652 1..
524 4564 764 4650 Veniens
792 4594 862 4649 ad
883 4610 972 4648 me
997 4607 1156 4663 opem
1186 4590 1321 4646 mihi
1348 4588 1544 4653 tulisti,

2121 4585 2171 4638 1.
2209 4586 2658 4657 Παραγενόμενος
2680 4579 2816 4651 πρὸς
2843 4594 2930 4649 με,
2957 4570 3258 4644 ὲὸοήθησάς
3300 4585 3407 4641 μοι,
3441 4564 3599 4634 λέγει,

440 4687 494 4743 2.
526 4687 986 4741 Animadvertcns
1010 4701 1186 4739 meam
1215 4684 1612 4745 inﬁrmitatem,

2119 4679 2174 4733 9...
2215 4676 2616 4749 Προσεσχηκὼς
2644 4674 2705 4726 τὸ
2732 4669 2955 4731 ἀσθενές
2992 4683 3093 4737 μου
3115 4705 3130 4729 ,

441 4781 497 4838 5.
531 4778 651 4835 Non
678 4778 921 4849 rejecisti
948 4777 1387 4847 deprecationem
1415 4786 1613 4828 meam.

2119 4772 2177 4825 '5.
2219 4769 2311 4840 Μὴ
2345 4766 2657 4840 amasio“;
2696 4764 2796 4833 τὴν
2827 4760 3033 4815 ἱκεσίαν
3065 4774 3184 4829 μου.

443 4872 496 4927 ι.
530 4869 709 4927 Corde
733 4869 784 4923 la
794 4867 958 4939 pidei.

2123 4859 2178 4913 4.
2220 4859 2582 4930 Διθοκάρδιοι.

442 4962 662 5030 5.'Qu2
692 4964 750 5017 in
777 4959 983 5015 mundo
1006 4962 1153 5012 sunt.

2126 4951 2179 5006 5.
2221 4948 2303 5003 Τὰ
2329 4950 2387 5002 ὲν
2414 4948 2492 5019 τῷ
2526 4948 2733 5017 κόσμῳ.

445 5057 498 5110 6.
532 5021 817 5125 ὗιιειιίεἰιο
864 5049 1126 5123 quoniam
1184 5045 1449 5101 Dominus
1497 5060 1714 5101 servum
1786 5059 1930 5100 suun

2126 5041 2178 5094 6.
2223 5041 2471 5110 Νοήσατε
2517 5038 2592 5110 (9)
2650 5038 2734 5091 ὅτι
2788 5037 2818 5090 ὁ
2872 5032 3078 5106 Κύριος
3124 5025 3342 5094 ὲδόξασε
3385 5023 3467 5080 τὸν
3501 5021 3604 5076 δου-

379 5144 723 5222 gloriﬁcavit.

2060 5132 2285 5186 λεύοντα
2314 5130 2479 5201 αὐτῷ.

450 5242 493 5271 ¹¹
514 5236 673 5294 Joan.
699 5253 791 5303 xx,
812 5235 903 5292 εδ.
982 5234 1025 5265 ¹¹
1062 5230 1209 5288 Psal.
1232 5246 1343 5295 ιιι,
1373 5231 1458 5285 15.

1325 5344 1628 5409 Addenda
1677 5351 1738 5407 et
1784 5342 2161 5422 corrigenda
2196 5357 2275 5400 ex
2309 5337 2448 5399 cod.
2483 5337 2686 5399 Vatic.

453 5460 530 5527 (ί)
576 5459 665 5512 Ἐν
696 5457 775 5527 τῷ
817 5457 938 5527 μέν,
1120 5525 1125 5527 Δ
1188 5526 1195 5527 7
1257 5526 1263 5527 ί
1296 5526 1303 5527 7
1416 5525 1421 5527 Δ
1510 5522 1522 5527 _
2241 5439 2349 5527 ξος)
2378 5438 2511 5494 Υιοῦ
2541 5437 2633 5494 τοῦ
2663 5439 2816 5493 Θεοῦ.

581 5509 879 5601 Ἑλρἧἑᾲ
900 5509 1080 5582 αὐτῶν
1107 5525 1316 5598 (αὐτὰ)
1355 5525 1433 5595 τῷ
1459 5522 1671 5597 κόσμῳ.
2249 5509 2402 5601 ᾼΙξόζΔ
2449 5578 2621 5601 "UA,

452 5581 527 5679 (3.5
562 5581 777 5679 ζιξμὸῠέ
823 5581 860 5679 -’
1005 5665 1018 5679 .
1111 5581 1125 5598 “
1296 5581 1312 5598 ’
1405 5581 1416 5595 ’
1565 5581 1634 5597 ”
2132 5582 2208 5679 ίξὲ
2252 5581 2677 5679 $931,315“;-

452 5651 528 5739 ἰὶῇ
562 5651 890 5723 magica...
929 5665 1154 5739 τούτων.
2133 5651 2209 5721 (9)
2252 5651 2546 5726 Ποιήσατε.

454 5736 531 5811 t5)
574 5742 800 5814 Κυρίου,
835 5741 868 5810 ἡ
899 5736 1160 5808 σωτηρία.
