3760 6270
131 230 246 290 es:
1099 237 1188 293 ne
1228 239 1504 296 TlTULlS
1555 241 2005 301 PSALMORUM.
2049 276 2118 290 -
2156 244 2350 300 PSAL.
2388 244 2428 297 v
3315 237 3422 312 6αέ

209 346 270 401 7.
321 348 548 418 Κύριος
572 347 951 402 είσακούσεταί
979 365 1102 418 μου,
1133 351 1191 402 ὲν
1217 351 1295 421 τῷ
1333 353 1658 424 κεκραγέναι
1687 374 1694 424 ι

1937 357 1977 412 7.
2015 357 2280 413 Dominus
2339 340 2596 412 exaudiet
2650 370 2761 422 me,
2819 370 2944 410 cum
3000 338 3422 413 clamavero'ad

142 442 290 514 πρὸς
324 443 528 495 αὐτόν.

515 483 528 495 .
1853 463 1997 501 CUI".

213 536 274 590 8.
331 533 682 605 Ὀργίζεσθε,
713 533 808 586 καὶ
837 532 911 604 μὴ
935 533 1302 604 ἁμαρτάνετε·

1922 537 1974 592 8.
2008 536 2333 603 lrascimini,
2361 544 2413 589 et
2441 537 2609 591 nolite
2638 551 2865 606 peccare
2894 557 2907 605 ;

218 628 274 682 9.
328 628 412 679 ’Δ
432 627 624 693 λέγετε
649 628 708 680 ὲν
737 629 858 690 ταῖς
887 626 1133 698 καρδίαις
1159 626 1331 696 ὑμῶν,
1361 627 1452 680 ἐπὶ
1485 631 1604 692 ταῖς
1629 637 1703 682 κο1

1937 630 1975 683 1.
2013 626 2146 694 Qua:
2197 626 2377 682 dicitis
2415 626 2470 680 in
2515 626 2771 682 cordibus
2797 631 3028 699 .vestris,
3059 631 3111 685 in
3150 631 3422 688 cubilibus

143 736 274 781 ταις
298 717 469 788 ὑμῶν
497 717 864 790 κατανύγητε.

1851 721 2046 776 vestris
2079 719 2525 789 compungimini.

224 815 312 867 10.
364 812 585 866 Θύσατε
612 811 804 868 θυσίαν
844 811 1206 884 δικαιοσύνης,
1239 815 1331 866 καὶ
1363 814 1616 868 ἐλπίσατε
1651 817 1709 869 ἐτι

1934 814 2010 868 10.
2052 812 2369 868 Sacrificate
2398 806 2997 886 sacriﬁciumjustitiae,
3035 817 3328 888 etjsperate
3365 821 3419 874 in

146 906 397 978 Κύριον.

1852 908 2100 962 Domino.

223 997 315 1050 11.
360 995 563 1050 Πολλοὶ
591 993 842 1065 λέγουσι⁹
874 994 969 1059 Τίς
1005 994 1166 1060 δείξει
1199 997 1328 1067 ἡμῖν
1355 1000 1424 1049 τὰ
1461 997 1670 1066 ἀγαθά;

1924 998 2004 1051 ll.
2035 995 2186 1050 Multi
2213 995 2399 1051 dicunt
2425 1012 2439 1049 :
2471 993 2606 1062 Quis
2641 994 2889 1050 ostendet
2913 995 3068 1051 nobis
3097 996 3232 1049 bona
3261 994 3285 1049 ?

228 1091 317 1145 12.
384 1088 730 1160 Ἐσημειώθη
770 1090 854 1160 ἐφ’
894 1090 1043 1161 ἡμᾶς
1080 1090 1138 1143 τὸ
1170 1090 1284 1160 φῶς
1314 1090 1406 1143 τοῦ
1447 1089 1713 1162 προσώποι

1932 1086 2011 1143 12.
2045 1086 2329 1157 Signatum
2385 1095 2471 1142 est
2515 1100 2682 1157 super
2727 1101 2827 1142 nos
2871 1088 3053 1142 lumen
3101 1088 3281 1142 vultus
3318 1087 3417 1157 tui,

155 1198 270 1244 σου,
304 1181 493 1251 Κύριε
510 1197 524 1211 ·

1851 1177 2076 1234 Domine
2117 1194 2131 1243 ;

224 1274 316 1328 15.
368 1274 619 1337 Ἐδωκας
643 1273 976 1344 εὐφροσύνην
1004 1275 1082 1336 είς
1105 1275 1202 1345 τὴν
1225 1272 1447 1342 καρδίαν
1474 1289 1598 1346 μου.

1474 1289 1598 1346 μου.
1925 1272 2005 1325 15.
2043 1270 2243 1326 Dedisti
2276 1270 2515 1326 laetitiam
2541 1272 2595 1326 in
2621 1271 2785 1328 corde
2816 1286 2936 1327 meo

220 1365 316 1419 'H.
381 1364 514 1417 Ἀπὸ
547 1364 760 1436 καρποῦ
823 1364 968 1417 σίτου
989 1406 1004 1431 ,
1047 1365 1188 1418 οἴνου
1228 1363 1402 1436 [σίτου
1428 1365 1525 1422 καὶ
1556 1365 1699 1420 οἴνου

1934 1364 2003 1418 14.
2046 1363 2090 1418 Α
2131 1363 2310 1418 fructu
2337 1362 2618 1428 frumenti,
2656 1366 2766 1421 vini
2795 1363 3076 1438 [frumenti
3102 1377 3155 1420 ct
3187 1363 3322 1436 vini]
3366 1353 3419 1420 et

153 1458 246 1510 καὶ
279 1455 472 1509 ἐλαίου
503 1457 682 1511 αὐτῶν
705 1456 1140 1528 ὲπληθύνθησαν.

1133 1498 1140 1514 ,
1846 1456 1948 1510 olei
1979 1456 2061 1510 sui
2094 1456 2436 1526 multiplicati
2472 1467 2618 1514 sunt.

222 1547 315 1601 15.
378 1547 468 1600 Ἐν
511 1549 702 1620 εἰρήνῃ
752 1549 845 1602 ἐπὶ
889 1549 950 1602 τὸ
998 1550 1130 1603 αὐτὸ
1179 1551 1584 1624 κοιμηθήσομαι
1648 1568 1707 1603 κο

1930 1546 2006 1600 15.
2044 1544 2100 1599 In
2129 1562 2262 1617 pace
2292 1548 2345 1601 in
2381 1548 2619 1620 idipsum
2652 1548 2920 1605 dormiam
2963 1557 3018 1604 et
3051 1549 3415 1619 requiescam.

153 1639 420 1694 ὑπνώσω.

224 1731 314 1785 16.
367 1732 492 1784 Ὅτι
521 1733 609 1797 σὺ,
635 1732 838 1803 Κύριε,
885 1733 1198 1804 καταμόνας
1239 1733 1324 1786 ἐπ’
1364 1733 1541 1787 ἐλπίδι
1607 1751 1708 1788 κατ

1935 1728 2005 1783 16.
2035 1729 2306 1795 Quoniam
2366 1741 2456 1796 tu,
2511 1732 2764 1799 Domine,
2824 1735 3173 1806 singulariter
3217 1736 3270 1788 in
3325 1748 3420 1806 spe

150 1823 366 1890 ᾡκισὰς
395 1841 487 1894 με.

1844 1818 2175 1876 constituis!
2211 1836 2315 1879 me.

155 1938 257 2003 Εὶς
295 1937 363 1990 τὸ
393 1935 592 2004 τέλος,
615 1935 767 2004 ὑπὲρ
808 1935 920 2004 τῆς
959 1937 1477 2008 κληρονομούσης,
1502 1940 1640 2007 val)

1925 1933 1990 1990 1η
2018 1938 2198 2006 ﬁnem,
2228 1955 2322 2009 pro
2351 1955 2413 1992 ea
2447 1954 2564 2008 qua:
2593 1942 2957 1995 nwredttatem
2983 1946 3337 2010 consequatur,

635 2029 715 2095 τῷ
746 2027 944 2082 Δαϐίδ.
993 2031 1160 2084 ΨΑΛ.
1201 2030 1282 2084 E’.

2230 2029 2462 2099 psalmus
2491 2029 2684 2088 David.
2713 2030 2914 2086 PSAL.
2962 2029 3022 2088 V.
3157 2035 3163 2040 ’

224 2119 277 2173 1.
326 2119 405 2171 Τὰ
437 2119 658 2192 ῥηματὰ
701 2137 802 2190 μου
841 2120 1115 2184 ἐνώτισαι,
1147 2120 1318 2192 Κύριε
1342 2135 1354 2150 ⁸

1921 2118 1974 2172 1.
2011 2117 2184 2174 Verba
2214 2136 2336 2174 mea
2361 2122 2590 2178 auribus
2626 2123 2868 2194 percipe,
2894 2122 3160 2191 Domine;

221 2211 280 2264 2.
325 2211 495 2274 Σύνες
532 2213 632 2284 τῆς
673 2213 919 2282 κραυγῆς
962 2230 1061 2283 μου
1094 2212 1182 2285 [τῇ
1221 2216 1435 2284 κραυγῇ
1469 2212 1628 2285 pou]-

1334 2216 1435 2284 υγῇ
1469 2212 1628 2285 μου]υ
1913 2210 1968 2264 2.
2005 2210 2245 2283 lntellige
2267 2213 2560 2268 clamorem
2594 2229 2772 2268 meum
2802 2229 2819 2280 ;

222 2302 281 2359 3.
326 2303 574 2374 Πρόσχες
607 2306 673 2375 τῇ
720 2307 868 2375 φωνῇ
900 2303 1001 2374 τῆς
1033 2303 1269 2376 δεήσεώς
1297 2322 1421 2376 μου,

1364 2323 1421 2372 iu,
1917 2303 1970 2359 '5.
2011 2303 2233 2360 Intende
2251 2306 2371 2360 voci
2401 2305 2665 2361 orationis
2697 2321 2849 2372 meae,

225 2392 281 2447 4.
332 2395 389 2446 Ὀ
425 2393 680 2463 βασιλεύς
715 2412 816 2465 μου
846 2396 940 2449 καὶ
979 2398 1006 2449 ὁ
1032 2395 1164 2460 Θεός
1199 2414 1323 2467 μου.

1297 2419 1323 2448 ι.
1919 2397 1969 2452 4.
2004 2396 2116 2452 Rex
2139 2413 2316 2463 meus,
2347 2406 2401 2453 ct
2434 2396 2577 2454 Deus
2608 2414 2782 2455 meus.

223 2488 281 2543 5.
326 2489 448 2543 Ὅτι
482 2491 621 2561 πρὸς
657 2491 715 2544 σὲ
755 2490 1146 2563 προσεύξομαι,
1186 2489 1391 2562 Κύριε’

1900 2489 1968 2544 f5.
2000 2487 2268 2555 Quoniam
2301 2489 2368 2544 ad
2412 2497 2463 2545 te
2487 2491 2679 2557 orabo,
2713 2490 2960 2561 Domine,

223 2579 280 2634 6.
321 2581 397 2635 Τὸ
436 2580 583 2652 πρωῒ
611 2581 907 2655 εἰσακούσῃ
942 2583 1043 2652 τῆς
1079 2582 1263 2652 φωνῆς
1299 2599 1421 2653 μου.

1405 2620 1421 2637 .
1846 2639 1848 2641 ι
1917 2579 1970 2634 6.
2005 2580 2160 2636 Mane
2181 2582 2441 2638 exaudies
2475 2598 2664 2639 vocem
2689 2600 2889 2640 meam.

1293 2734 1669 2792 ATIIANASII
1710 2733 2295 2792 INTERPRETATIO.

224 2888 279 2943 7.
325 2889 556 2953 Οὐδενὸς
606 2889 682 2959 (1)
726 2887 835 2959 γὰρ
873 2892 1089 2962 παρορᾷ
1127 2889 1236 2944 τῶν
1271 2887 1709 2955 ἀναστεναξόντωί

1937 2893 1967 2947 1.
2011 2889 2294 2946 Neminem
2331 2891 2475 2947 enim
2523 2893 2754 2964 despicit
2801 2909 2990 2949 eorum
3035 2896 3128 2966 qui
3172 2895 3240 2952 ad
3295 2909 3422 2952 eum

159 2982 293 3049 πρὸς
317 2983 503 3036 αὐτόν.

1843 2983 2225 3054 ingeniiscunt.

225 3075 282 3140 8,
320 3075 380 3129 9.
432 3075 496 3128 '0
524 3074 698 3142 ἧλιορ
723 3074 803 3142 ui)
829 3073 1112 3129 ἐπιδυέτω
1135 3076 1234 3128 ἐπὶ
1253 3075 1332 3140 τῷ
1353 3074 1710 3146 παροργισμι]

1630 3073 1737 3146 ηιιῷ
1913 3075 1970 3140 8,
2005 3076 2058 3130 9.
2100 3077 2192 3130 Sol
2219 3093 2323 3130 non
2354 3077 2560 3132 occidat
2586 3094 2743 3148 super
2766 3095 2850 3132 ira
2873 3087 3050 3133 uestra
3071 3078 3115 3116 ³³

159 3165 346 3235 ὑμῶν.

232 3259 320 3316 10.
365 3258 612 3326 Εὔξασθε
651 3259 746 3314 καὶ
775 3258 979 3329 ψάλατε
1007 3261 1064 3312 ὲν
1095 3260 1292 3331 καρδίᾳ
1324 3261 1560 3335 καθαρᾷ.

1398 3261 1560 3335 θαρᾷ.
1921 3254 2008 3312 10.
2035 3254 2198 3312 Orate
2225 3267 2279 3313 et
2301 3258 2512 3327 psallite
2531 3258 2695 3314 corde
2723 3273 2882 3328 puro.

230 3353 314 3407 11.
344 3353 451 3405 Τὸν
473 3351 676 3423 Κύριὸν
694 3369 785 3405 σου
807 3353 908 3422 (2),
925 3353 1099 3407 καὶτὸ
1115 3352 1339 3424 Πνεῦμα
1362 3371 1454 3406 σου
1474 3355 1535 3407 τὸ
1560 3354 1714 3422 ἅγιον

1915 3349 2006 3404 11.
2032 3349 2232 3405 Filium
2259 3359 2411 3406 tuum
2443 3360 2496 3406 et
2525 3351 2786 3421 Spiritum
2821 3360 2973 3406 tuum
3003 3359 3279 3407 sanctum.

229 3445 318 3499 ιε.
377 3445 656 3514 Ἑγνώσθη
687 3447 744 3496 ὲν
776 3446 909 3516 ἡμῖν
939 3447 968 3497 ὁ
1000 3445 1127 3509 Υἱός
1161 3461 1280 3511 σου,
1321 3445 1517 3516 Κύριε.

1934 3439 2008 3493 12.
2037 3439 2417 3498 Manifestatus
2437 3451 2521 3497 est
2548 3442 2601 3496 in
2619 3441 2776 3497 nobis
2803 3439 2972 3496 Filius
2997 3449 3150 3504 tuus,
3171 3437 3419 3494 Domine.

232 3537 324 3592 15.
366 3537 441 3590 Τὸ
471 3537 697 3608 Πνεῦμά
728 3554 822 3590 σου
852 3537 1000 3605 λέγει
1028 3537 1089 3590 τὸ
1118 3537 1296 3605 ἅγιον.

1921 3531 2010 3586 15.
2042 3530 2304 3602 Spiritum
2330 3543 2482 3588 tuum
2507 3543 2781 3596 sanctum,
2806 3532 2904 3587 ait.
3097 3589 3105 3602 ,

228 3629 316 3682 14.
368 3630 464 3684 Ἐκ
512 3629 608 3682 τοῦ
663 3629 986 3702 ἐπουρανίου
1033 3631 1237 3701 ἄρτου,
1291 3633 1388 3684 καὶ
1434 3631 1600 3695 οἴνου,
1649 3649 1713 3685 κα

1942 3625 2015 3680 14.
2047 3624 2124 3679 Ex
2155 3626 2530 3696 supercmlesti
2573 3639 2732 3694 pane,
2760 3631 2815 3679 et
2842 3625 2992 3686 vino,
3028 3629 3084 3676 et
3115 3619 3291 3690 gratia
3320 3616 3427 3674 Pa-

159 3719 252 3791 τῆς
280 3719 506 3791 χάριτος
530 3719 626 3774 τοῦ
661 3721 875 3790 Πατρδς
904 3721 980 3793 (5)
1009 3721 1102 3776 τοῦ
1133 3724 1312 3792 ἁγίου.

683 3721 875 3790 ἰατρὸς
904 3721 980 3793 (5)
1009 3721 1102 3776 τοῦ
1133 3724 1312 3792 ἁγίου.
1850 3719 1950 3776 tris
1971 3717 2168 3774 sancti.

229 3813 316 3868 i5.
372 3808 807 3885 Ἀναπαύσομαι,
839 3814 1008 3884 λέγει.

1917 3814 2006 3869 15.
2046 3811 2426 3882 Requiescam,
2457 3811 2588 3868 dicit

228 3904 314 3959 16.
347 3907 420 3959 Σὺ
455 3907 615 3977 μόνος
644 3907 958 3978 κατῴκισάς
989 3925 1056 3978 με
1085 3909 1141 3961 ὲν
1166 3909 1230 3979 τῇ
1261 3906 1507 3979 βασιλείᾳ
1536 3923 1649 3961 σου.

1917 3905 2006 3960 16.
2037 3905 2117 3958 'l‘u
2142 3904 2294 3960 solus
2322 3904 2568 3960 habitare
2598 3917 2682 3958 me
2709 3901 2885 3958 fecisti
2910 3901 2964 3956 in
2999 3914 3167 3970 regno
3202 3905 3317 3954 tuo.

239 4062 305 4114 Ἡ
341 4061 437 4115 τοῦ
468 4061 684 4134 ψαλμοῦ
719 4061 1053 4134 προκειμένη
1083 4062 1363 4134 ἐπιγραφὴ
1389 4064 1422 4134 ἡ
1459 4062 1546 4116 διὰ
1574 4061 1677 4132 τῆς
1703 4060 2073 4133 κινναϐάρεως
2101 4059 2378 4133 περιέχει·
2412 4061 2516 4125 Εἰς
2544 4057 2608 4112 τὸ
2647 4055 2841 4124 τέλος,
2875 4055 3027 4125 ὑπὲρ
3067 4053 3178 4123 τῆς
3206 4056 3424 4121 κληρο-

160 4154 485 4223 νομούσης,
518 4155 763 4224 ψωμός
785 4154 865 4219 τῷ
895 4153 1094 4208 Δαυΐδ.
1127 4155 1327 4209 Τοῦτον
1354 4151 1444 4209 οὖν
1473 4155 1547 4227 (4)
1573 4155 1712 4227 ὑπὲρ
1743 4155 1842 4225 τῆς
1882 4154 2206 4225 Ἐκκλησίας
2231 4153 2380 4222 λέγει
2407 4153 2499 4206 τὸν
2527 4151 2740 4223 ψαλμὸν
2763 4149 2862 4220 τῆς
2899 4147 3197 4220 μελλούσης
3223 4145 3423 4215 κληρο-

162 4250 339 4317 νομεῖν
368 4245 468 4316 τὴν
509 4246 784 4316 βασιλείαν
817 4245 926 4299 τῶν
957 4246 1224 4316 οὐρανῶν.
1270 4247 1432 4316 Λέγει
1463 4246 1518 4300 δὲ
1548 4248 1654 4300 τὸν
1671 4245 1917 4316 ψαλμὸν
1947 4244 2028 4312 τῷ
2049 4245 2249 4311 Δαυῒδ,
2277 4244 2420 4312 λέγω
2450 4243 2514 4315 δὴ
2553 4243 2631 4313 τῷ
2664 4243 2777 4314 Υἱῷ
2815 4241 2908 4296 τοῦ
2938 4238 3094 4294 Θεοῦ.
3131 4235 3290 4290 Δαυτδ
3316 4234 3426 4307 γὰρ

163 4337 521 4408 ἑρμηνεύεται
549 4333 729 4404 οὗτος
762 4338 1092 4409 ἀγαπητὸς,
1127 4339 1265 4410 ὅπερ
1294 4339 1490 4410 ἐλέχθη
1521 4339 1624 4392 ὑπὸ
1659 4337 1754 4392 τοῦ
1791 4339 2004 4411 Πατρὸς
2034 4339 2125 4392 τὸν
2154 4337 2229 4409 (ὅ)
2263 4336 2526 4408 μονογενῆ
2561 4335 2710 4387 Υἱὸν.

225 4451 461 4518 Titulus,
490 4452 582 4522 qui
612 4452 826 4523 psalmo
853 4454 1528 4522 praemittitur,cinnabari
1557 4453 1819 4524 scriptus,
1849 4453 2099 4508 continet
2125 4471 2139 4507 :
2174 4450 2242 4505 In
2272 4450 2453 4519 ﬁnem,
2485 4464 2580 4518 pro
2605 4464 2669 4501 ea
2704 4461 2820 4515 qua:
2849 4445 3208 4500 hereditatem
3246 4455 3425 4495 conse-

162 4545 360 4613 quitur,
393 4546 629 4615 psalmus
654 4545 848 4600 David.
878 4544 1036 4598 Hnnc
1076 4543 1240 4614 igitur
1273 4544 1544 4613 psalmum
1592 4543 1725 4598 dicit
1762 4559 1861 4613 pro
1890 4542 2157 4606 Ecclesia,
2199 4555 2322 4610 quae
2360 4537 2542 4592 futura
2588 4547 2673 4591 est
2717 4537 2891 4592 haeres
2935 4535 3086 4607 regni
3133 4533 3419 4591 caelorum.

163 4635 364 4693 Dicitur
389 4647 570 4694 autem
597 4657 609 4692 :
638 4638 888 4694 Psalmua
915 4638 1111 4705 David,
1140 4635 1354 4692 scilicet
1380 4635 1477 4692 Dei
1501 4635 1666 4692 Filio.
1703 4634 1872 4691 David
1898 4635 2044 4691 enim
2083 4636 2506 4701 interpretatur:
2534 4628 2639 4683 Hic
2661 4627 2907 4694 dilectus,
2926 4628 3070 4698 quod
3097 4627 3300 4685 dictum
3339 4634 3423 4683 est

168 4744 197 4786 a
220 4728 380 4787 Patre
406 4731 473 4786 ad
500 4730 702 4786 Filium
733 4748 896 4789 suum
929 4731 1271 4802 unigenitum
1304 4728 1371 4786 ¹¹⁵.

236 4889 284 4945 1.
305 4888 720 4946 Είσελεύσονται
744 4887 814 4941 τὰ
835 4890 1057 4960 ῥήματά
1076 4907 1176 4961 μου
1198 4891 1279 4953 εἰς
1302 4886 1402 4952 τὰς
1427 4886 1594 4949 ἀκοάς
1623 4903 1716 4938 σου

1724 4925 1737 4940 .
1773 4890 1814 4945 D
1919 4885 1970 4939 1.
2009 4883 2387 4956 lngrediantur
2417 4902 2580 4943 verna
2608 4902 2727 4943 mea
2760 4890 2814 4943 in
2847 4901 3008 4943 aures
3047 4896 3207 4940 tuas:

233 4981 351 5035 2-4.
404 4981 690 5055 ’ᾼνάκρινε
727 4981 795 5035 τὰ
827 4982 1255 5054 προσφερόμενα
1306 4997 1387 5033 σοι
1415 4983 1544 5050 παρ’
1570 4976 1705 5049 ἐμοῦ

1698 4979 1735 5027 1ο
1919 4977 2038 5031 2-1.
2071 4976 2348 5048 Expende,
2384 4995 2507 5050 qua:
2540 4981 2692 5036 tibia
2720 4996 2808 5036 me
2837 4981 3137 5036 afferuntur
3169 4996 3183 5043 ;

229 5071 277 5128 5.
320 5072 448 5126 Ὀτι
471 5090 560 5132 σοι,
584 5073 760 5144 μέλλω
786 5073 1088 5146 προσιέναι.

1917 5070 1970 5124 5.
1999 5068 2269 5136 Quoniam
2299 5073 2365 5126 ad
2393 5083 2447 5128 te
2469 5089 2796 5130 accessurus
2825 5088 2967 5128 sum.

229 5162 280 5218 6.
335 5163 422 5219 Ἑν
444 5164 522 5236 τῷ
558 5165 833 5226 ἀνατεῖλαι
859 5165 921 5219 τὸ
942 5165 1058 5234 φῶς
1082 5181 1174 5217 σου
1192 5166 1248 5218 ἐν
1267 5167 1331 5235 τῇ
1357 5162 1556 5234 καρδίᾳ
1597 5179 1698 5233 μου

1597 5179 1698 5233 μου
1921 5159 1972 5214 6.
2008 5161 2147 5216 Cum
2169 5162 2380 5216 orietur
2412 5163 2504 5218 lux
2532 5173 2624 5218 tua
2659 5163 2714 5216 in
2744 5161 2907 5217 corde
2929 5173 3053 5214 meo

237 5279 279 5312 ⁸³
297 5279 497 5351 Ephes.
536 5298 608 5349 ιν,
639 5284 734 5343 εδ.
797 5284 842 5321 ⁸⁸
877 5282 1064 5340 Matth.
1098 5302 1182 5349 ιιι,
1213 5283 1308 5349 17;
1339 5299 1473 5347 xvn,
1506 5282 1570 5348 5;
1604 5279 1645 5333 ll
1681 5278 1720 5332 P

539 5298 608 5349 Iv,
639 5284 734 5343 εδ.
797 5284 842 5321 ¹¹⁵
877 5282 1064 5340 Matth.
1098 5302 1182 5349 ιιι,
1213 5283 1308 5349 17;
1339 5299 1473 5347 xvn,
1506 5282 1570 5348 5;
1604 5279 1645 5333 ll
1681 5278 1826 5336 Petr.
1865 5295 1904 5345 ι,
1942 5280 2024 5336 l7.

1113 5399 1420 5463 Addenda
1452 5405 1513 5460 et
1547 5394 1923 5475 corrigenda
1978 5412 2057 5456 ex
2091 5396 2230 5458 cod.
2266 5397 2469 5457 Vatic.

234 5518 306 5656 (1)
343 5517 570 5573 Οὐδένα.
1917 5517 1994 5590 (4)
2037 5521 2207 5574 Τοῦτο
2234 5516 2328 5574 οὖν
2353 5520 2486 5573 ἐστι.

253 5588 306 5656 2)
348 5589 476 5641 Υἱόν
510 5605 625 5644 σου.
1921 5590 1997 5656 (εἰ)
2039 5591 2351 5656 Πνεύματος
2385 5593 2462 5654 είς

253 5588 306 5662 ἓ)
348 5589 485 5662 Σὶόν
510 5605 625 5644 σου.
1921 5588 1997 5662 (εἰ)
2039 5591 2351 5661 Πνεύματος
2385 5593 2462 5654 είς
2492 5588 2602 5643 τόν.

237 5659 309 5722 (ὅ)
349 5658 490 5713 Πνεύ
501 5675 686 5724 ματος.
1097 5691 1099 5693 ι
