3760 6270
363 294 472 354 665

437 413 486 467 7.
520 410 676 466 Mane
699 413 890 468 astabo
923 413 1038 480 tibi,
1061 423 1114 469 et
1140 416 1341 473 videbis
1373 435 1483 484 me,

440 505 494 559 8.
529 502 796 570 Quoniam
830 520 940 560 non
972 504 1114 562 Deus
1148 509 1336 564 volens
1360 510 1698 580 iniquitatem
1728 522 1784 568 tu
1813 528 1892 569 es.

435 599 489 656 9.
514 596 700 667 Neque
733 597 997 665 habitabit
1017 599 1173 672 juxta
1204 611 1255 656 te
1286 603 1576 672 malignus,

438 685 523 740 10.
550 684 736 758 Neque
766 688 1159 758 permanebunt
1180 691 1370 760 injusti
1408 702 1532 746 ante
1559 695 1748 753 oculos
1783 703 1928 757 tuos.

443 867 532 921 11.
567 865 737 923 Odisti
765 881 956 924 omnes
990 870 1082 940 qui
1111 880 1402 940 operantur
1432 871 1794 943 iniquitatem,

433 1054 522 1120 12.
545 1051 746 1111 Perdes
781 1066 977 1113 omnes.
998 1052 1092 1123 qui
1123 1054 1420 1122 loquuntur
1455 1071 1821 1113 menaacnum.

433 1145 521 1200 15.
558 1143 747 1198 Virum
785 1144 1111 1215 sanguinum
1155 1155 1209 1200 et
1237 1147 1489 1202 dolosum
1525 1148 1932 1204 abominabitur

361 1236 642 1292 Dominus.

430 1326 516 1382 14.
552 1312 663 1398 Ego
691 1337 873 1382 autem
912 1327 968 1382 in
1012 1328 1356 1384 multitudine
1386 1329 1775 1386 misericordia:
1823 1339 1932 1388 tua:

361 1419 598 1474 introibo
629 1419 680 1472 in
715 1418 934 1473 domum
973 1430 1153 1486 tuam,

431 1510 521 1565 15.
548 1509 800 1565 Adorabo
830 1509 897 1564 ad
916 1511 1172 1580 templum
1193 1519 1444 1572 sanctum
1467 1521 1620 1568 tuum
1651 1513 1705 1568 in
1734 1513 1930 1569 timore

361 1613 477 1661 tuo.
627 1612 629 1614 ’

433 1695 520 1749 16.
557 1694 806 1759 Domine,
839 1695 1013 1750 deduc
1047 1711 1133 1750 me
1176 1694 1229 1762 in
1271 1696 1482 1766 justitia
1507 1702 1599 1752 tua
1632 1714 1647 1752 :

1215 300 1274 368 S.
1312 303 1688 365 ΑΤΗΑΝΑδιι
1726 305 1877 367 οΡΡ.
1916 307 2094 363 PARS
2130 307 2219 362 Ill.
2248 339 2319 350 —
2354 305 2763 360 EXEGETICA.

1955 429 2008 486 Α
2105 424 2156 476 7.
2190 424 2262 476 Τὸ
2292 423 2436 495 πρωῒ
2469 421 2892 494 παραστήσομαί
2926 438 3028 485 σοι,
3059 421 3152 474 καὶ
3181 417 3372 488 ἐπόψει
3406 434 3482 488 με,

3500 301 3644 353 66-.

2109 514 2159 570 8.
2191 515 2310 567 Ὅτι
2342 515 2462 585 οὐχὶ
2491 515 2621 578 Θεὸς
2650 515 2815 567 θέλων
2847 513 3075 582 ἀνομίαν
3101 512 3165 564 σὺ
3197 527 3263 565 ει.

2107 606 2162 662 9.
2193 607 2267 660 οὐ
2299 609 2618 678 παροικήσει
2648 624 2728 659 σοι
2764 604 3219 676 πονηρευόμενος,

2113 701 2199 754 10.
2236 699 2368 752 Οὐδὲ
2427 699 2738 770 διαμενοῦσι
2787 697 3092 769 παράνομοι
3149 693 3434 747 κατέναντι
3492 687 3633 741 τῶι.)

2036 790 2325 860 ὀφθαλμῶν
2363 807 2479 858 σου.

2110 881 2194 935 11.
2244 880 2542 950 Ἐμίσησας
2562 881 2768 943 πάντας
2788 881 2912 943 τοὺς
2947 875 3340 949 ἐργαζομένους
3361 875 3454 945 τὴν
3481 875 3624 928 ἀνο-

2036 973 2188 1043 μίαν.

2111 1064 2196 1116 12.
2242 1063 2487 1126 Ἀπολεῖς
2512 1063 2720 1125 πάντας
2738 1063 2860 1124 τοὺς
2889 1057 3183 1127 λαλοῦντας
3213 1058 3274 1110 τὸ
3298 1057 3509 1127 ψεῦδος.

2106 1153 2193 1208 15.
2227 1153 2431 1224 ’Ἄνδρα
2480 1151 2727 1222 αἱμάτων
2756 1151 2850 1202 καὶ
2887 1148 3056 1202 δόλιον
3108 1146 3448 1218 βδελύσσεται
3486 1144 3617 1199 Κύ-

2072 1263 2167 1310 ιος.

2034 1262 2066 1317 ρ
2090 1263 2192 1390 ἒςλ.
2248 1335 2386 1405 Ἐγὼ
2413 1336 2469 1389 δὲ
2498 1337 2555 1388 ἐν
2577 1334 2655 1405 τῷ
2677 1333 2870 1406 πλήθει
2893 1332 2986 1388 τοῦ
3028 1333 3211 1396 ἐλέους
3245 1349 3336 1386 σου
3369 1330 3616 1385 εἰσελεύ-

2033 1445 2197 1500 σομαι
2229 1430 2308 1492 είς
2330 1429 2422 1482 τὸν
2446 1426 2592 1482 οἶκόν
2617 1445 2731 1491 σου,
2837 1498 2840 1500 γ

2103 1520 2191 1574 15.
2222 1521 2590 1592 Προσκυνήσω
2613 1520 2747 1592 πρὸς
2767 1519 2893 1573 ναὸν
2911 1517 3064 1586 ἅγιόν
3089 1534 3178 1570 σου
3213 1518 3272 1569 ἐν
3306 1516 3451 1587 φόϐῳ
3479 1531 3609 1569 σου.

2031 1699 2056 1754 ,ἰ
2100 1694 2184 1750 16.
2216 1695 2411 1768 Κύριε,
2442 1699 2705 1769 ὁδήγησάν
2736 1715 2802 1768 με
2836 1699 2894 1751 ἐν
2919 1700 2984 1769 τῇ
3018 1697 3328 1768 δικαιοσύνῃ
3363 1714 3455 1751 σου

433 1789 518 1843 17.
549 1787 775 1857 Propter
804 1788 1056 1843 inimicos
1103 1805 1256 1844 meos
1303 1790 1476 1860 dirige
1521 1790 1576 1844 in
1632 1769 1982 1860 conSpectuI

2100 1788 2188 1841 17.
2228 1789 2430 1842 Ἕνεκα
2471 1789 2575 1843 τῶν
2601 1789 2808 1861 ἐχθρῶν
2866 1807 2967 1860 μου
3012 1787 3338 1843 κατεύθυνον
3371 1786 3617 1842 ἐνώπιόν

363 1891 455 1937 tuo
485 1881 627 1935 viam
659 1895 858 1935 meam.

430 1973 517 2029 18.
543 1973 810 2039 Quoniam
836 1990 942 2038 non
975 1983 1059 2029 est
1092 1975 1149 2028 in
1175 1989 1270 2030 ore
1299 1990 1484 2030 eorum
1514 1974 1754 2041 veritas;

431 2064 520 2120 19.
541 2065 648 2118 Cor
673 2079 863 2119 eorum
894 2079 1094 2117 vanum
1117 2073 1223 2118 est.

430 2156 518 2211 20.
547 2145 866 2226 Sepulcrum
893 2165 1084 2225 patens
1113 2164 1198 2211 est
1225 2164 1412 2225 guttur
1437 2171 1634 2223 eorum,
1655 2171 1668 2186 '

427 2251 518 2305 21.
555 2249 780 2319 Linguis
810 2250 924 2304 suis
949 2249 1139 2304 dolose
1162 2249 1419 2317 agebant.

426 2339 514 2395 22.
545 2339 736 2395 Judica
768 2339 911 2406 illos,
936 2337 1098 2394 Deus.

427 2433 516 2487 25.
547 2431 806 2488 Decidant
828 2448 858 2486 a
890 2432 1307 2502 cogitationibus
1335 2431 1450 2486 suis
1477 2450 1492 2495 ;

425 2523 517 2578 24.
556 2523 869 2579 Secundum
895 2524 1299 2580 multitudinem
1346 2524 1687 2594 impietatum
1735 2538 1924 2593 eorum

357 2615 564 2684 expelle
587 2629 681 2669 eos
707 2631 722 2678 ;
1444 2608 1446 2610 ’

425 2704 515 2760 25.
551 2703 820 2771 Quoniam
848 2703 1198 2759 irritaverunt
1226 2711 1296 2770 te,
1321 2704 1570 2759 Domine.

2033 1894 2124 1930 σου
2148 1877 2243 1950 τὴν
2274 1879 2389 1932 ὁδόν
2419 1897 2541 1950 μου.

2102 1969 2189 2024 18.
2223 1971 2343 2024 Ὅτι
2375 1972 2474 2024 οὐκ
2497 1971 2644 2025 ἔστιν
2667 1973 2724 2025 ἐν
2759 1969 2838 2042 τῷ
2865 1970 3092 2043 στόματι
3113 1971 3292 2026 αὐτῶν
3316 1969 3543 2042 ἀλήθεια
3560 1984 3583 2002 ⁶

2102 2062 2187 2117 19.
2231 2062 2294 2114 Ἦ
2319 2063 2515 2134 καρδία
2542 2063 2721 2116 αὐτῶν
2754 2064 2980 2133 ματαία.

2101 2153 2194 2208 20.
2228 2155 2409 2224 Τάφος
2442 2155 2783 2225 ἀνεῳγμένος
2811 2158 2839 2209 6
2864 2155 3071 2227 λάρυγξ
3097 2157 3274 2211 αὐτῶν
3292 2176 3305 2188 ο

2104 2243 2196 2296 21.
2233 2244 2364 2306 Ταῖς
2387 2243 2659 2311 γλώσσαις
2685 2244 2865 2299 αὐτῶν
2896 2246 3218 2301 ἐδολιοῦσαν.

2103 2332 2193 2389 22,
2230 2335 2430 2404 Κρῖνον
2463 2335 2680 2401 αὐτοὺς,
2715 2337 2742 2388 6
2773 2335 2924 2400 Θεός.

2105 2424 2194 2479 25.
2245 2426 2703 2480 Ἀποπεσάτωσαν
2727 2427 2833 2480 ἀπὸ
2861 2427 2968 2479 τῶν
2999 2429 3316 2483 διαϐουλιῶν
3340 2431 3522 2485 αὐτῶν
3540 2451 3555 2464 ·

2099 2515 2188 2569 21.
2225 2515 2381 2570 Κατὰ
2413 2517 2474 2569 τὸ
2501 2518 2704 2588 πλῆθος
2737 2519 2845 2572 τῶν
2878 2520 3138 2574 ἀσεϐειῶν
3178 2522 3357 2578 αὐτῶν
3402 2523 3613 2588 ἕξωσσν

2035 2609 2231 2674 αὐτούς
2247 2624 2262 2639 ⁸

2103 2701 2190 2757 25.
2228 2702 2351 2756 Ὅτι
2380 2702 2790 2776 παρεπίκρανάν
2818 2723 2897 2773 σε,
2923 2706 3114 2778 Κύριε.

1469 2793 1845 2848 ΑΤΗΑΝΑΒΙΙ
1888 2793 2482 2849 INTERPRETATIO.

423 2887 478 2943 7..
508 2888 644 2944 Cum
670 2903 859 2944 omnes
886 2888 1138 2944 tenebras
1182 2887 1462 2957 dispulero
1520 2903 1550 2940 a
1607 2903 1714 2951 me,
1764 2887 1923 2957 cujus

355 2978 524 3052 gratia
566 2995 650 3033 me
705 2979 800 3033 tibi
841 2979 1054 3042 sistam,
1089 2987 1141 3032 et
1172 2987 1300 3032 tunc
1328 2994 1413 3032 me
1443 2977 1720 3048 inspicies.

2093 2885 2146 2940 7.
2185 2887 2314 2940 Ὅτε
2378 2891 2559 2942 πᾶσαν
2611 2890 2828 2943 σκοτίαν
2869 2892 3127 2948 άπελάσω
3169 2894 3264 2948 ἀπ’
3311 2893 3475 2965 ἐμοῦ,
3506 2891 3611 2949 τοῦ

2029 2979 2450 3049 παραστήσομαί
2481 2997 2562 3032 σοι
2590 2978 2688 3049 (1),
2715 2981 2808 3034 καὶ
2837 2982 2956 3035 τότε
2979 2984 3168 3053 ἐπόψει
3203 3003 3290 3054 με.
3627 2977 3666 3044 ξ

423 3070 476 3126 8.
504 3070 621 3126 Νοη
647 3072 792 3134 enim
825 3081 880 3125 tu
897 3033 1112 3126 esDcus
1137 3070 1371 3124 libenter
1400 3033 1593 3125 videns
1620 3070 1925 3128 tenebrico-
1952 3101 1982 3159 ε

2099 3033 2151 3124 ἐ.
2182 3033 2397 3142 Οὑιγάρ
2425 3066 2476 3123 εἶ
2506 3074 2534 3125 6
2565 3033 2801 3140 (2)"856;
3200 3033 3476 3140 (σκοτεινὰς
3515 3033 3641 3131 ἐν(

353 3181 444 3222 sas
465 3165 823 3236 cogitationes
849 3165 900 3218 in
931 3164 1093 3219 corde
1116 3161 1374 3217 hominis.

422 3259 476 3314 9.
510 3257 628 3312 Non
677 3257 781 3312 erit
827 3258 923 3311 tibi
979 3257 1229 3323 amicus,
1272 3255 1368 3325 qui
1421 3254 1520 3309 tibi
1563 3254 1828 3310 benevolo
1875 3263 1931 3310 et

354 3349 559 3410 mundo
588 3347 751 3404 corde
784 3365 896 3403 non
925 3348 1114 3403 servit.

429 3439 516 3494 10.
553 3437 671 3494 Non
699 3439 844 3496 enim
899 3439 1049 3510 digni
1093 3438 1511 3495 aestimabuntur
1541 3437 1730 3509 injusti
1784 3449 1931 3494 stare

354 3549 538 3608 coram
571 3546 622 3589 te
647 3535 703 3606 in
737 3535 1062 3590 mternitate.

425 3627 512 3682 11.
553 3625 654 3692 Qui
686 3626 816 3681 facit
837 3637 1139 3696 peccatum,
1169 3636 1222 3682 et
1257 3627 1580 3694 iniustitiam
1611 3624 1762 3681 facit.

429 3719 516 3773 12.
551 3718 815 3790 Projicies
849 3721 996 3774 enim
1027 3735 1123 3775 cos
1155 3721 1210 3774 in
1242 3721 1444 3790 ignem,
1490 3717 1585 3775 ubi
1627 3728 1711 3775 est
1739 3718 1930 3775 diabo-

357 3810 444 3864 lus
465 3819 616 3879 pater
640 3811 932 3866 mendacii.

429 3901 518 3956 15.
541 3900 612 3954 De
629 3900 802 3955 Caino
825 3901 1090 3971 loquitur,
1108 3902 1244 3956 et'de
1266 3902 1492 3972 reliquis
1503 3901 1620 3975 ejus
1637 3901 1928 3958 similibus.

428 3993 516 4048 14.
555 3991 611 4047 1η
643 4009 937 4066 supernam
969 3991 1293 4046 Jerusalem.

425 4085 514 4140 15.
551 4087 608 4140 In
633 4085 1004 4154 supercmlesti
1037 4085 1275 4138 civitate.

425 4177 512 4235 16.
542 4177 725 4232 Deduc
755 4193 841 4231 me
883 4177 936 4230 in
969 4177 1106 4249 Filio
1135 4185 1249 4241 tuo,
1275 4175 1399 4248 quia
1427 4177 1519 4230 lux
1551 4184 1652 4231 est.

423 4268 512 4322 17.
547 4266 651 4322 Fac
688 4283 772 4322 me
803 4267 1053 4322 incedere
1075 4267 1131 4321 in
1157 4267 1276 4322 luce
1304 4277 1393 4321 tua
1422 4278 1642 4338 prOpter
1681 4266 1934 4321 inimicos

354 4374 526 4424 meos,
558 4360 653 4429 qui
671 4359 908 4415 tenebrae
933 4369 1080 4415 sunt.

425 4452 513 4506 18.
547 4452 603 4507 1η
637 4454 887 4508 doctrina
909 4468 1136 4520 eorum;

427 4543 511 4596 19.
543 4542 811 4611 Cogitatio
844 4559 1057 4598 eorum.

424 4635 512 4689 20.
546 4633 748 4692 Omnes
771 4637 914 4692 enim
942 4637 1223 4705 devorant,
1263 4637 1356 4708 qui
1383 4636 1628 4707 peccatis
1679 4634 1930 4692 moriun-

356 4735 462 4781 tur.

424 4819 513 4872 21.
546 4818 832 4874 Adulando
866 4819 1159 4886 decipiunt.

418 4909 509 4975 2:2,
540 4909 629 4964 25.
662 4907 780 4965 Non
810 4911 1097 4979 prrevaleat
1127 4913 1421 4967 consilium
1450 4929 1640 4968 eorum
1660 4958 1674 4981 ,

422 5004 512 5059 24.
550 5002 1023 5070 Quemadmodum
1089 5003 1302 5072 seipsos
1350 5005 1740 5075 elongaverunt
1790 5019 1822 5057 a
1880 5011 1932 5056 te

353 5105 599 5164 tempore
628 5095 749 5151 vita:
771 5110 885 5150 suae
911 5136 925 5159 ,
970 5095 1042 5149 ita
1078 5109 1174 5149 eos
1209 5095 1413 5167 projice
1439 5097 1536 5150 abs
1581 5104 1630 5150 te
1659 5096 1710 5152 iu
1741 5109 1929 5149 resur-

354 5189 627 5253 rectione;

425 5280 512 5334 25.
541 5281 812 5347 Quoniam
846 5284 1093 5342 viventes
1128 5282 1480 5337 irritaverunt
1501 5290 1572 5335 te.

2030 3162 2294 3234 θυμήσεις
2329 3165 2385 3216 ὲν
2416 3164 2613 3235 καρδίᾳ
2638 3164 2847 3236 ἀνδρός.

2096 3256 2149 3310 9.
2181 3256 2293 3308 Οὐκ
2344 3255 2498 3310 ἔσται
2533 3273 2616 3310 σοι
2664 3258 2865 3322 οἰκεῖος
2908 3258 2936 3310 6
2965 3258 3041 3330 μὴ
3079 3260 3336 3332 καθαρῶς
3369 3277 3449 3315 σοι
3479 3261 3612 3316 δου-

2028 3346 2200 3403 λεύων
2237 3348 2352 3418 μετ’
2381 3350 2607 3413 ἐννοίας.

2100 3438 2188 3493 10.
2225 3440 2302 3501 Οὐ,
2356 3440 2464 3512 γὰρ
2529 3441 2922 3514 ἀξιωθήσονται
2972 3441 3342 3515 ἀτελευτήτως
3393 3443 3612 3498 ἱστάναι

2029 3529 2258 3584 ἐνώπιόν
2289 3548 2382 3585 σου
2419 3535 2744 3605 παράνομοι.

2062 3680 2068 3690 ,
2099 3625 2185 3678 11.
2236 3626 2293 3677 '0
2327 3625 2495 3679 ποιῶν
2519 3626 2616 3698 τὴν
2648 3629 2922 3700 ἁμαρτίαν
2943 3629 3038 3682 καὶ
3061 3628 3158 3699 τὴν
3189 3629 3417 3698 ἀνομίαν
3433 3631 3603 3681 ποιεῖ.

2097 3715 2185 3768 12.
2222 3713 2414 3780 Βαλεῖς
2441 3717 2549 3788 γὰρ
2577 3718 2776 3782 αὐτοὺς
2803 3721 2881 3783 είς
2912 3720 2973 3772 τὸ
3001 3718 3132 3792 πῦρ,
3157 3719 3285 3774 ἔνθα
3311 3721 3338 3773 6
3362 3717 3614 3783 διάϐολος

2028 3809 2058 3860 6
2088 3808 2269 3880 πατὴρ
2291 3808 2384 3861 τοῦ
2411 3808 2660 3877 ψεύδους.

2101 3901 2186 3955 15,
2232 3901 2365 3972 Περὶ
2383 3901 2490 3953 τῶν
2506 3903 2648 3956 κατὰ
2669 3904 2760 3957 τὸν
2788 3906 2927 3959 Κάῖν
2948 3905 3095 3975 λέγει
3123 3907 3220 3965 καὶ
3244 3906 3353 3962 τῶν
3381 3907 3610 3964 λοιπῶν.

2104 3989 2189 4044 14.
2219 3990 2312 4053 Et;
2347 3991 2444 4060 τὴν
2477 3992 2588 4046 ἄνω
2627 3994 3006 4067 Ἰερουσαλήμ.

2104 4082 2192 4135 15.
2230 4083 2324 4145 El;
2358 4081 2457 4154 τὴν
2487 4085 2807 4155 ἐπουράνιον
2834 4087 3008 4141 πόλιν.

2104 4171 2190 4225 16.
2237 4172 2532 4244 Ὀδήγησόν
2565 4193 2630 4245 με
2659 4179 2715 4230 ἐν
2745 4177 2821 4247 τῷ
2848 4177 2961 4248 Υἱῷ
2989 4195 3102 4242 σου,
3133 4178 3216 4232 ὅτι
3251 4177 3366 4246 φῶς
3398 4179 3533 4231 ἐστι.
3594 4216 3597 4217 ν

2107 4263 2193 4317 17.
2236 4265 2335 4318 Διὰ
2361 4267 2488 4330 τοὺς
2519 4268 2746 4340 ἐχθρούς
2779 4287 2878 4340 μου
2911 4271 3036 4333 τοὺς
3051 4270 3209 4334 ὄντας
3237 4270 3427 4334 σκότος
3451 4272 3508 4324 ἐν
3529 4269 3613 4342 τῷ

2036 4358 2174 4426 φωτί
2202 4375 2292 4410 σου
2335 4360 2665 4432 πορεύεσθαί
2705 4380 2770 4433 με
2805 4363 3048 4433 ποίησον.

1959 4457 2004 4512 ι)
2104 4449 2192 4504 18.
2232 4451 2319 4502 Ἐν
2349 4455 2415 4521 τῇ
2441 4452 2754 4525 διδασκαλίᾳ
2788 4455 2964 4509 αὐτῶν
2991 4473 3001 4486 ·

2106 4542 2191 4598 19.
2242 4543 2303 4595 ἸΙ
2339 4543 2634 4617 ἐνθύμησις
2668 4549 2742 4617 (5)
2778 4549 2975 4602 αὐτῶν.

2104 4635 2193 4692 ἒο.
2229 4637 2443 4701 Πάντας
2477 4639 2584 4710 γὰρ
2606 4642 2732 4704 τοὺς
2747 4643 2972 4712 νεκροὺς
2988 4641 3147 4707 ὄντας
3169 4647 3282 4708 τοῖς
3310 4643 3613 4715 παραπτώ-

2040 4745 2172 4800 pm.
2207 4729 2612 4783 καταπίνουσιν.

2105 4820 2193 4873 21.
2235 4821 2636 4885 Κολακεύοντες
2670 4823 2971 4880 ἀπατῶσιν.

2107 4909 2196 4973 22,
2232 4908 2322 4962 25.
2358 4911 2448 4980 Μὴ
2493 4911 2819 4982 ίσχυσάτωὴ
2851 4912 3016 4986 βουλὴ
3056 4915 3263 4969 αὐτῶνθ

2100 5001 2189 5054 21.
2216 5000 2414 5064 Καθὼς
2466 5002 2692 5068 ἑαυτοὺς
2749 5007 3062 5079 ἐμάκρυναν
3099 5009 3206 5061 ἀπὸ
3255 5007 3348 5062 σοῦ
3407 5008 3466 5061 ἐν
3531 5006 3612 5077 τῷ

2036 5092 2213 5163 καιρῷ
2233 5092 2333 5162 τῆς
2359 5092 2502 5164 ζωῆς
2525 5097 2724 5161 αὐτῶν,
2751 5097 2922 5164 οὕτως
2948 5101 3144 5164 αὐτοὺς
3168 5100 3471 5173 ἀπόρριψον
3504 5101 3612 5154 ἀπὸ

2038 5185 2130 5238 σοῦ
2153 5188 2209 5238 ὲν
2235 5189 2301 5256 τῇ
2329 5187 2620 5241 ἀναστάσει
2645 5207 2658 5220 ·

2107 5277 2193 5330 25.
2228 5279 2349 5331 Ὅτι
2387 5282 2810 5354 παρεπίκρανάν,
2838 5301 2896 5338 σε
2927 5286 2984 5339 ἐν
3016 5289 3082 5358 τῇ
3106 5287 3218 5359 ζωῇ
3250 5285 3449 5341 αὐτῶν.

1303 5479 1608 5543 Addenda
1655 5486 1718 5570 et
1762 5476 2139 5557 corrigenda
2169 5494 2245 5537 ex
2274 5477 2414 5539 cod.
2449 5479 2649 5541 Vatic.

428 5634 503 5712 (1)
531 5636 666 5712 ῌαρ’
691 5637 930 5712 ἐμαυτοῦ
965 5641 1388 5712 παραστήσομαί
1427 5656 1530 5695 σοι.

430 5706 503 5780 (2)
538 5707 648 5764 Art.
682 5711 707 5762 ὁ
731 5708 898 5780 deest.

2109 5642 2185 5716 (5)
2217 5643 2282 5694 Αἰ
2311 5643 2650 5723 ἐνθυμήσεις.
