3760 6270
135 302 230 360 O35
1112 296 1203 352 DE
1242 295 1522 357 nrous
1554 295 2007 353 PSALMORUM.
2040 324 2110 335 -
2142 292 2336 349 PSAL.
2378 291 2468 347 vr.
3291 285 3395 347 e66

193 417 286 476 ἥ.
320 417 451 473 Καὶ
474 413 916 488 εὐφρανθείησαν
934 414 1442 489 [εὐφρανθήτωσαν]
1466 417 1666 480 πάντες

1661 419 1729 473 toi
1756 421 1805 475 Α
1897 415 1989 470 26.
2018 413 2085 468 Et
2108 414 2355 468 laetentur
2375 424 2568 466 omnes
2598 410 2692 479 qui
2716 417 2939 478 sperant
2968 406 3022 461 in
3059 416 3146 475 te;

254 513 285 543 γ

138 513 461 577 ἐλπίζοντες
491 510 587 563 ἐπὶ
620 508 704 565 σέ.

193 608 284 662 2'1.
319 607 428 668 Εἰς
462 603 639 657 αἰῶνα
670 600 1111 672 άγαλλιάσονται,
1157 604 1253 659 καὶ
1281 602 1623 674 κατασκηνώι

1907 592 1990 647 27.
2022 589 2079 645 lu
2108 599 2371 646 aeternum
2405 585 2776 651 exsultabant,
2815 593 2873 640 et
2905 583 3176 640 habitabis
3204 583 3259 637 in
3291 582 3392 639 eis.

139 705 189 755 ὲν
217 700 445 760 αὐτοῖς.

231 792 290 847 8.
326 792 448 844 Καὶ
486 785 857 855 καυχήσονται
891 788 949 842 ὲν
980 788 1064 842 σοὶ
1098 788 1299 853 πάντες
1332 789 1383 843 οἰ
1410 790 1716 860 ἀγαπῶντες

1910 770 1991 826 Ξ8.
2024 769 2090 823 Ει
2116 767 2495 839 gloriabuntur
2517 764 2574 818 in
2595 771 2646 819 te
2669 777 2863 818 omnes
2904 762 2998 833 qui
3035 760 3266 831 diligunt
3294 773 3395 813 no-

136 891 190 943 τδ
211 889 405 958 ὄνομά
438 904 537 941 σου
556 902 572 915 ⁶

1827 880 1951 921 men
1982 873 2166 929 tuum;

198 980 294 1036 29.
318 949 467 1035 ’Ὅτι
498 984 562 1037 σὺ
585 981 904 1053 εὐλογήσεις
929 977 1158 1031 δίκαιον.

1898 958 1988 1014 29.
2027 957 2294 1023 Quoniam
2320 965 2377 1009 tn
2411 950 2698 1007 benedices
2734 949 2905 1019 justo.

198 1073 290 1129 so.
328 1074 532 1147 Κύριε,
561 1074 637 1138 ὡς
662 1042 814 1143 aeu...
848 1069 1097 1131 εὐδοκίας
1148 1067 1530 1138 ιστεφάνωσας
1556 1068 1683 1138 ἡμᾶς

1907 1050 1988 1104 50.
2016 1049 2266 1114 Domine,
2300 1057 2359 1102 ut
2384 1055 2540 1103 scuto
2566 1044 2723 1099 bona:
2760 1042 3056 1098 voluntatis
3105 1051 3209 1098 tuae
3232 1058 3392 1100 coro—

1828 1143 1973 1199 nasti
1999 1158 2118 1198 nos.

246 1268 366 1334 Εἷς
393 1265 467 1320 τὸ
499 1264 696 1330 τέλος,
724 1263 794 1315 ἐν
825 1262 1035 1331 ὕμνοις
1061 1261 1211 1330 ὑπὲρ
1240 1262 1350 1329 τῆς
1383 1260 1616 1331 ὀγδόης,

1940 1254 2000 1309 In
2028 1255 2216 1328 ﬁnem,
2250 1254 2305 1306 in
2336 1254 2659 1307 carminious
2689 1268 2781 1318 pro
2811 1259 3023 1318 octava,
3053 1247 3289 1319 psalmus

348 1335 353 1341 ’
483 1355 727 1433 ψαλμὸς
751 1353 831 1421 τῷ
860 1353 1056 1408 Δαειδ.
1088 1357 1260 1408 ΨΑΛ.
1293 1356 1381 1421 εῖν.

2322 1343 2511 1403 David.
2559 1344 2761 1401 PSAL.
2804 1342 2899 1399 VI.

200 1472 255 1526 1.
283 1471 490 1542 Κύριε,
524 1470 600 1542 μὴ
631 1469 708 1541 τῷ
743 1469 904 1540 θυμῷ
934 1485 1029 1520 σου
1061 1468 1284 1541 ἐλέγξῃς
1318 1484 1385 1537 με
1406 1482 1421 1496 ο

1898 1460 1949 1515 1.
1976 1459 2225 1524 Domine,
2266 1474 2334 1513 ne
2364 1458 2418 1512 in
2448 1457 2634 1513 furore
2670 1467 2764 1513 tuo
2799 1472 2997 1525 arguas
3024 1470 3142 1519 me;

198 1564 255 1618 2.
287 1562 452 1645 Μηδε
483 1564 550 1634 τῇ
576 1562 712 1634 ὀργῇ
736 1579 831 1616 σου
860 1561 1159 1632 παιδεύσῃς
1196 1578 1285 1631 με.
1482 1570 1498 1590 ⁸

1482 1570 1498 1590 ι
1893 1553 1947 1608 2.
1984 1552 2172 1624 Neque
2203 1555 2260 1608 in
2284 1553 2363 1608 ira
2408 1562 2498 1607 tua
2533 1551 2799 1621 corripias
2828 1565 2935 1605 me.

198 1653 255 1708 3.
298 1640 561 1724 Ἐλέησόν
589 1669 678 1725 με,
704 1652 898 1726 Κύριε,
926 1654 1008 1706 ὅτι
1044 1652 1275 1722 ἀσθενής
1297 1654 1445 1723 εἰμι’

1905 1666 1946 1702 ο.
1977 1646 2237 1702 Miserere
2258 1647 2387 1710 mei,
2418 1646 2667 1709 Domine,
2690 1643 2946 1713 quoniam
2966 1640 3216 1696 inﬁrmus
3237 1651 3390 1705 sum;

199 1744 260 1801 ι.
292 1746 479 1802 Ἴασαί
505 1765 594 1819 με,
626 1747 820 1821 Κύριε,
853 1750 935 1804 ὅτι
959 1747 1235 1819 ἐταράχθη
1260 1748 1329 1801 τὰ
1351 1747 1485 1801 ὀστᾶ
1510 1762 1611 1817 μου
1629 1760 1645 1776 θ

1910 1741 1952 1796 ἰ.
1991 1740 2135 1795 Sana
2166 1756 2272 1803 me,
2307 1739 2567 1805 Domine,
2612 1738 2874 1809 quoniam
2915 1733 3239 1790 conturbata
3260 1737 3395 1789 sunt

1822 1848 1950 1888 ossa
1984 1848 2102 1886 mea
2123 1850 2138 1898 ;

207 1924 262 1981 5.
294 1926 409 1980 Καὶ
446 1925 646 1998 ήψυχή
681 1943 781 1998 μου
807 1925 1085 1996 ἐταράχθη
1120 1923 1345 1995 σφόδρα.

1892 1925 1946 1980 5.
1983 1923 2047 1977 Et
2072 1924 2253 1978 anima
2284 1939 2404 1978 mea
2433 1923 2647 1977 turbata
2671 1930 2755 1977 est
2789 1920 2963 1976 valde.

202 2014 260 2071 6.
294 2018 410 2070 Καὶ
436 2019 518 2087 σὺ,
555 2024 748 2093 Κύριε,
781 2017 886 2080 ἕως
915 2016 1080 2080 πότε;

1890 2020 1944 2070 6.
1975 2014 2080 2071 Sed
2110 2025 2189 2083 tu,
2222 2015 2470 2078 Domine,
2502 2015 2820 2085 usquequo?

201 2105 257 2161 7.
305 2107 688 2180 Ἑπίστρειρον,
717 2108 911 2180 Κύριε,
941 2106 1103 2179 ῥῦσαι
1124 2107 1222 2177 τὴν
1258 2107 1436 2178 ψυχήν
1468 2123 1571 2177 μου

1904 2108 1944 2163 1.
1977 2106 2329 2169 Convertere,
2364 2105 2611 2170 Domine,
2648 2113 2701 2159 et
2723 2106 2873 2173 eripe
2895 2103 3132 2157 animam
3167 2114 3343 2155 meam
3374 2117 3389 2155 :

202 2198 261 2254 8.
289 2199 475 2253 Σῶσόν
507 2201 789 2271 μἐ.ἒνεκεν
814 2201 906 2254 τοῦ
937 2200 1122 2263 ἐλέους
1144 2217 1257 2253 σου.

1890 2199 1942 2253 8.
1975 2198 2195 2253 Salvum
2230 2213 2316 2252 me
2344 2196 2429 2252 fac
2460 2204 2678 2268 propter
2704 2193 3132 2251 misericordiam
3157 2200 3326 2246 tuam.

203 2289 258 2345 9.
288 2291 416 2344 Ὀτι
456 2293 556 2345 οὐκ
581 2294 728 2345 ἔστιν
752 2295 809 2346 ὲν
829 2291 907 2363 τῷ
929 2292 1145 2363 θανάτῳ
1164 2293 1191 2343 ὁ
1219 2289 1572 2362 μνημονεύων
1596 2304 1687 2341 σου

1903 2289 1943 2347 9.
1972 2288 2243 2357 Quoniam
2274 2304 2379 2343 non
2404 2297 2488 2343 est
2519 2288 2573 2343 in
2601 2295 2796 2351 morte,
2826 2286 2920 2355 qui
2952 2299 3161 2339 memor
3196 2283 3269 2339 sit
3288 2281 3388 2351 tui,

205 2380 294 2435 10.
342 2380 435 2435 Ἐν
464 2382 521 2434 δὲ
547 2380 625 2453 τῷ
647 2380 749 2457 ᾄδῃ
782 2382 866 2447 τίς
890 2381 1345 2454 ἐξομολογήσεταί
1376 2395 1492 2445 σοι;

1890 2379 1979 2435 10.
2011 2381 2067 2434 In
2099 2378 2315 2435 inferno
2348 2388 2550 2446 autem,
2585 2378 2709 2449 quis
2737 2377 3084 2434 conﬁtebitur
3117 2375 3253 2430 tibi?

1261 2493 1627 2549 ATHANASII
1660 2492 2237 2555 INTERPRETATIO.

201 2610 295 2673 26.
335 2612 734 2684 ’Δτελευτήτως
759 2610 1224 2684 εὐφρανθήσονται
1247 2610 1342 2663 καὶ
1361 2608 1686 2678 ἀγαλλιάσον

1911 2612 1987 2668 l6.
2014 2613 2281 2685 Perpetuo
2308 2616 2658 2681 laetabuntur,
2689 2622 2746 2670 et
2766 2614 3138 2681 exsultabant,
3155 2613 3251 2685 qui
3276 2626 3396 2669 cro-

131 2719 219 2766 ται
242 2704 293 2756 οἱ
317 2703 674 2768 πιστεύοντες
702 2706 783 2767 εἰς
818 2702 900 2768 σὲ,

654 2721 674 2768 ;
702 2706 783 2767 εἰς
818 2702 900 2768 σὲ,
1820 2706 1958 2762 dunt
1980 2706 2036 2761 in
2066 2716 2139 2774 te,

197 2794 288 2848 27.
320 2794 671 2865 Θεωροῦντες
697 2794 759 2847 τὸ
797 2793 1089 2865 πρόσωπόν
1123 2809 1216 2847 σου
1245 2792 1335 2847 διὰ
1364 2792 1584 2856 παντός.

1743 2833 1787 2891 C
1891 2799 1983 2891 27.
2018 2798 2277 2891 Videntes
2312 2798 2508 2855 faciem
2543 2807 2691 2891 tuam
2719 2799 2775 2852 in
2804 2807 3089 2854 mternnm.

200 2884 290 2940 28.
328 2887 394 2940 Ὀ
418 2885 803 2957 καυχώμενος
824 2887 895 2940 ἑν
916 2886 1113 2955 Κυρίῳ
1140 2886 1485 2956 καυχάσθω,

1751 2884 1787 2891 “
1894 2890 1985 2945 28.
2020 2890 2124 2956 Qui
2154 2891 2435 2962 gloriatur,
2461 2892 2518 2945 in
2548 2890 2772 2946 Domino
2797 2891 3051 2962 glorietur
3076 2891 3165 2956 ιδ’,

197 2979 290 3035 29.
316 2980 512 3049 Λὲγων
539 2980 677 3053 πρὸς
704 2980 901 3045 αὐτούς
920 2997 934 3012 ·
969 2979 1183 3046 Δεῦτε,
1221 2982 1275 3034 οι
1323 2978 1682 3051 εὐλογημένο

1892 2983 1982 3039 29.
2010 2982 2206 3040 Dicens
2235 2984 2344 3040 illis
2372 3003 2385 3039 :
2419 2981 2624 3045 Venite.
2664 2983 2919 3039 benedicti
2950 2982 3135 3037 Patris
3162 2982 3262 3037 mei
3298 2982 3362 3039 ¹⁸.

132 3072 235 3127 τοῦ
264 3073 501 3141 Πατρός
516 3088 659 3141 μου.

196 3166 287 3220 50.
324 3165 429 3218 Διὰ
461 3163 557 3217 τοῦ
598 3163 832 3235 σταυροῦ
870 3179 966 3218 σου
992 3164 1095 3237 τῆς
1144 3163 1397 3235 οὐρανίου
1434 3164 1678 3235 βασιλεία

1907 3163 1976 3218 ῑθ.
1998 3163 2103 3221 Per
2136 3181 2355 3223 crucem
2381 3176 2531 3224 tuam
2582 3167 2777 3240 dignos
2834 3184 2935 3224 nos
2976 3166 3155 3223 iecisti
3184 3166 3392 3224 caelesti

134 3256 372 3325 ἠξίωσας
401 3256 480 3328 (1)
511 3256 680 3327 ἡμᾶς.

519 3256 680 3327 ἡμᾶς.
1817 3269 2004 3325 regno.

205 3352 269 3405 Ἡ
291 3351 393 3405 τοῦ
432 3351 651 3421 ψαλμοῦ
677 3350 1012 3423 προκειμένη
1040 3350 1321 3421 ἐπιγραφὴ
1354 3348 1445 3403 διὰ
1462 3350 1562 3421 τῆς
1581 3348 1955 3421 κινναϐάρεως
1988 3351 2263 3422 περιέχειν
2288 3353 2392 3417 Εἰς
2428 3351 2497 3405 τὸ
2523 3351 2718 3419 τέλος,
2749 3351 2819 3405 ἐν
2853 3353 3064 3420 ὕμνοις
3101 3348 3254 3418 ὑπὲρ
3284 3346 3396 3417 τῆς

134 3446 366 3515 ὀγδόης,
402 3446 646 3515 ψαλμὸς
668 3446 750 3512 τῷ
777 3447 977 3503 Δαϐίδ,
1001 3445 1172 3500 Τοῦτο
1196 3442 1289 3500 οὖν
1311 3445 1459 3515 λέγει
1482 3461 1496 3475 ·
1539 3446 1661 3499 Ἐπί
1693 3444 1969 3518 συντελείᾳ
1998 3446 2108 3501 τῶν
2134 3446 2343 3502 αἰώνων
2374 3447 2635 3521 ρυσθῆναι
2657 3448 2755 3518 τῆς
2784 3447 3019 3518 κρίσεως
3040 3447 3089 3499 οἰ
3112 3446 3259 3514 ἅγιοι
3288 3461 3395 3497 πα-

135 3538 429 3609 ρακαλοῦσι
454 3540 548 3592 καί
572 3537 868 3609 ἀξιωθῆναι
896 3538 993 3608 τῆς
1015 3539 1233 3592 αἰωνίου
1275 3537 1717 3609 μισθαποδοσίας.
1754 3537 1846 3607 Τῷ
1871 3538 1979 3608 γὰρ
2003 3538 2148 3609 ἕκτῳ
2167 3538 2323 3592 αἰῶνι
2358 3538 2685 3593 συντελεῖται
2713 3539 2742 3590 ὁ
2774 3540 2976 3609 κόσμος
2999 3556 3012 3569 -
3037 3537 3115 3609 τῷ
3162 3536 3219 3590 δὲ
3246 3535 3396 3591 £686—

138 3651 213 3703 μῳ
242 3632 320 3705 (2)
345 3632 526 3704 κρίνει
554 3632 650 3705 τὴν
680 3634 1010 3706 οἰκουμένην
1033 3637 1061 3687 ὁ
1082 3632 1286 3705 Κύριος
1304 3651 1318 3665 ·
1342 3632 1421 3703 τῷ
1445 3633 1501 3686 δὲ
1533 3632 1705 3703 ὀγδόῳ
1735 3627 1879 3687 οὗτοι
1899 3634 2229 3705 ἀπέρχονται
2251 3637 2331 3698 εἰς
2350 3635 2493 3706 ζωὴν
2516 3634 2753 3699 αἰώνιον,
2783 3635 2878 3688 καὶ
2895 3627 3039 3687 οὗτοι
3062 3635 3141 3698 εἰς
3174 3632 3395 3687 κόλασιν

134 3727 363 3787 αἰώνιον.
393 3730 494 3783 Διὰ
524 3727 684 3783 τοῦτο
712 3728 927 3801 εἴρηται
948 3733 977 3785 δ
1004 3729 1218 3801 ψαλμδς
1249 3729 1389 3801 ὑπὲρ
1414 3725 1509 3782 τοῦ
1536 3726 1797 3799 ῥυσθῆναι
1827 3729 1954 3793 τοὺς
1977 3728 2166 3798 ἁγίους
2190 3732 2249 3784 ὲν
2278 3732 2344 3800 τῇ
2377 3729 2560 3801 ὀγδόῃ.

192 3818 416 3876 Psalmo
444 3821 770 3891 praepositus
800 3820 1318 3887 titulus,cinnabari
1352 3820 1610 3890 scriptus,
1641 3819 1885 3876 continet
1913 3837 1927 3874 :
1953 3818 2021 3875 In
2049 3821 2227 3890 ﬁnem,
2259 3822 2313 3875 in
2340 3820 2546 3892 hymnis
2575 3837 2669 3890 pro
2700 3831 2905 3886 octava,
2940 3819 3174 3889 psalmus
3194 3817 3394 3873 David.

135 3910 241 3972 Hoc
273 3927 463 3972 autem
492 3916 766 3987 signiﬁcat
797 3935 811 3971 :
850 3918 910 3972 In
956 3917 1282 3973 saeculorum
1339 3916 1813 3972 consummatione
1838 3916 2014 3972 sancti
2066 3917 2362 3989 rogabunt,
2399 3926 2460 3973 ut
2487 3918 2788 3974 liberentur
2818 3932 2851 3972 a
2897 3915 3125 3987 judicio,
3161 3924 3217 3972 et
3246 3914 3396 3984 digni

134 4009 259 4069 ﬁant
289 4024 512 4069 aternze
539 4013 824 4083 ,mercedis
848 4013 1232 4069 retributione.
1271 4012 1437 4068 Sexto
1476 4012 1619 4067 enim

1908 4023 2322 4070 consummatur
2374 4015 2654 4081 mundus;
2705 4012 2936 4086 septimo
2977 4021 3159 4068 autem
3207 4012 3393 4067 orbem

136 4112 286 4172 terrae
315 4105 528 4175 judicat
553 4104 820 4163 Dominus
846 4124 863 4173 ;
898 4113 1093 4161 octavo
1119 4120 1251 4159 vero
1281 4104 1335 4158 hi
1374 4104 1581 4159 abeunt
1611 4105 1666 4158 in
1694 4104 1861 4159 vitam
1885 4112 2144 4161 aaternam
2169 4123 2185 4174 ;
2219 4114 2277 4161 et
2306 4106 2361 4161 bi
2407 4106 2464 4161 in
2493 4106 2819 4177 supplicium
2871 4115 3132 4161 aeternum
3161 4103 3225 4159 ⁸⁸.
3262 4100 3395 4158 Pro-

136 4207 316 4267 pterea
346 4200 532 4257 dictus
560 4210 645 4256 est
678 4202 925 4270 psalmus
967 4215 1066 4271 pro
1100 4216 1167 4256 eo
1191 4201 1338 4270 quod
1366 4202 1667 4256 liberentur
1698 4201 1874 4257 sancti
1899 4201 1954 4256 in
1990 4213 2199 4257 octava.

194 4294 247 4359 1,
272 4295 330 4349 2.
356 4293 554 4367 Κύριε,
589 4294 663 4364 μὴ
696 4295 852 4357 ἐκτὸς
882 4292 978 4347 τοῦ
1016 4293 1200 4357 ἐλέους
1239 4310 1333 4346 σου
1378 4292 1604 4365 ἐλέγξῃς
1630 4312 1679 4365 μι

1909 4295 1949 4361 Ι,
1983 4294 2038 4350 2.
2076 4294 2326 4358 Domine,
2358 4309 2426 4349 ne
2454 4304 2609 4350 extra
2636 4294 3070 4349 misericordiam
3109 4299 3257 4347 tuam
3303 4304 3394 4346 αι’-

135 4388 223 4439 καὶ
261 4386 561 4459 παιδεύσῃς
595 4404 685 4456 με.

1822 4404 1959 4459 suas
1987 4403 2094 4450 me,
2128 4399 2183 4442 et
2216 4387 2483 4455 corripias
2511 4403 2616 4440 me.

195 4480 250 4534 3.
281 4479 491 4550 Σαθρὸς
513 4482 579 4551 τῇ
613 4479 845 4551 διανοιᾳ⁶

1894 4482 1948 4536 5.
1975 4480 2154 4537 Mente
2176 4491 2499 4549 corruptus;

198 4570 252 4624 4.
288 4573 400 4625 Καὶ
432 4572 534 4626 οὐκ
564 4572 682 4643 εἰμὶ
705 4569 1104 4643 δστηριγμένος
1131 4569 1206 4643 (5)
1243 4570 1373 4641 περί
1417 4567 1516 4632 τὰς
1569 4569 1683 4622 ὲντο

1660 4585 1719 4622 ο-
1893 4574 1948 4629 4.
1977 4573 2042 4629 Ει
2067 4590 2177 4629 non
2203 4588 2328 4628 sum
2358 4573 2607 4627 ﬁrmatus
2638 4571 2693 4626 in
2711 4569 2984 4626 mandatis
3016 4572 3144 4627 tuis.

138 4661 230 4727 λάς
252 4680 370 4719 σου.

204 4756 256 4811 5.
294 4756 381 4808 Ἐν
415 4755 780 4826 ἁμαρτήμασι
808 4754 1159 4826 πεφυρμένος
1191 4753 1326 4822 εἰμί,
1355 4750 1523 4820 λέγει.

1899 4752 1950 4807 5.
1978 4752 2039 4807 In
2068 4751 2309 4822 peccatis
2335 4752 2658 4808 commistus
2686 4767 2832 4820 sum,
2862 4752 3061 4822 inquit.

204 4846 255 4901 6.
285 4847 339 4902 7.
385 4846 561 4915 Ἐλθὲ,
590 4844 787 4916 Κύριε,
821 4844 1101 4917 ρὖαιτὴν
1124 4844 1302 4917 ψυχήν
1336 4862 1458 4916 μου,

1896 4844 1949 4911 6,
1990 4846 2041 4899 7.
2078 4843 2237 4911 Veni,
2268 4843 2514 4910 Domine,
2538 4844 2708 4901 libera
2734 4845 2971 4901 animam
2991 4858 3190 4911 meam,

204 4936 257 4993 8.
290 4937 393 4992 Διά
422 4938 487 4992 τὸ
526 4933 667 4992 εἶναι
695 4932 779 5010 (4)
806 4936 1097 5010 ἐλεήμονα.

1897 4936 1947 4990 8.
1986 4935 2126 5002 Quia
2150 4934 2471 4992 misericors
2496 4950 2577 4991 es.
3362 4976 3376 4991 .

204 5028 257 5084 9.
291 5030 350 5085 Ὀ
378 5030 519 5095 ὅλως
553 5031 913 5104 μνημονεύων
950 5048 1046 5086 σου
1081 5029 1321 5085 ἐκκλίνει
1363 5029 1441 5101 (5)
1483 5028 1591 5082 ἀπὸ
1622 5028 1688 5100 τῆ

1914 5029 1951 5084 λ.
1982 5028 2086 5095 Qui
2116 5043 2341 5100 prorsus
2389 5044 2603 5085 memor
2643 5035 2730 5085 est
2770 5028 2851 5085 tui
2880 5067 2898 5093 ,
2924 5025 3164 5084 declinat
3185 5037 3237 5093 _a
3271 5036 3399 5094 pec-

139 5122 411 5188 ἇμαρτίας
431 5142 448 5156 ·

1823 5127 1947 5174 cato
1965 5138 1979 5185 ;

180 5141 188 5155 ’
288 5140 411 5188 τιας
431 5142 448 5156 ·

338 5217 398 5271 '0
423 5215 534 5290 γὰρ
564 5217 689 5281 νοῦς
722 5218 751 5271 ὁ
768 5218 1161 5290 κυριευόμενος
1186 5215 1292 5270 ὑπὸ
1323 5215 1424 5288 τῆς
1452 5212 1662 5286 ἁμαρτία

1914 5140 1980 5185 0;

1912 5211 1990 5266 10.
2030 5212 2182 5269 Mens
2219 5229 2389 5280 enim,
2438 5228 2559 5286 qua
2602 5209 2917 5273 dominatur
2940 5224 2975 5267 a
3003 5213 3254 5283 peccato,
3288 5217 3397 5269 nou

137 5304 234 5363 οὐκ
261 5306 563 5381 ἑξομολογή
571 5309 724 5364 σεται
754 5327 858 5365 σοι.

833 5328 858 5364 ι.
1837 5304 2182 5361 conﬁtebitur
2203 5306 2318 5361 tibi.

210 5399 472 5461 ιιοιοοτ.
500 5403 657 5471 1,.Ἦ.
735 5404 780 5437 ι·
810 5402 1147 5471 Matth.xxv,
1180 5402 1270 5459 st.
1328 5402 1374 5435 η
1400 5402 1531 5458 ibid.
1563 5398 1652 5455 46.

1096 5495 1401 5562 Addenda
1428 5501 1492 5560 et
1538 5494 1917 5575 corrigenda
1949 5512 2030 5559 ex
2080 5493 2219 5556 cod.
2250 5493 2452 5557 Vatic.

206 5593 289 5736 (1;
325 5592 608 5661 ’Δξιωσον.

209 5663 267 5739 ρ
316 5665 428 5739 lia“.
458 5664 539 5734 τῷ
570 5664 801 5739 ὲὸδόμῳ.

1901 5595 1956 5667 (4
1998 5590 2153 5649 Εἶναι
2177 5610 2255 5649 σε.

770 5685 801 5720 ι.
1901 5595 1979 5739 (5;
2020 5664 2255 5721 Ἐκλίπει

208 5663 289 5808 8)
316 5665 428 5719 Καὶ
458 5664 539 5734 τῷ
570 5664 801 5738 ἑϐδόμῳ.
2020 5664 2281 5721 Ἐκλίπει.

262 5746 284 5808 )
327 5737 842 5808 Ἐπεστηριγμὲειος.
1208 5750 1209 5753 “

262 5746 284 5808 9
327 5737 842 5808 Ἐπεστηριγμὲεὶος.
