3760 6380
367 287 472 346 687
1207 292 1266 348 S.
1309 291 1690 350 ATHANASII
1731 293 1882 350 OPP.
1922 290 2102 350 PARS
2139 291 2231 347 Ill.
2265 321 2336 335 --
2372 289 2785 346 EXEGETICA.
3486 290 3614 348 ιϐϐϐ

439 411 525 466 11.
558 411 820 470 Laboravi
844 412 897 466 in
924 412 1122 482 gemitu
1155 428 1298 480 meo,

2147 413 2196 467 1.
2241 410 2544 464 Ἐκοπίασα
2575 411 2632 463 ὲν
2657 409 2733 481 τῷ
2770 412 3059 482 στεναγμῷ
3085 427 3207 483 μου,

435 500 523 555 12.
555 501 771 556 Lavabo
803 517 897 571 per
919 502 1163 572 singulas
1199 514 1386 560 noctes
1424 504 1621 559 lectum
1649 522 1863 574 meum;

2132 503 2196 556 ,2.
2224 502 2414 554 Λούσω
2441 501 2561 554 καθ’
2592 501 2828 570 ἑκάστην
2866 501 3036 555 νύκτα
3066 503 3164 573 τὴν
3193 499 3380 573 κλίνην
3406 519 3508 572 μου

439 592 526 648 15.
560 592 838 662 Laerymis
869 593 1003 647 meis
1038 601 1268 647 stratum
1302 612 1480 650 meum
1515 597 1720 667 rigabo.

2145 596 2197 648 5.
2244 596 2332 647 Ἑν
2357 595 2585 666 δάκρυσί
2618 611 2719 665 μου
2743 593 2840 665 τὴν
2881 598 3166 666 στρωμνήν
3191 613 3292 666 μου
3323 593 3519 665 βρὲξω.

438 682 524 738 14.
560 682 832 738 Turbatus
859 695 942 738 est
975 700 1004 737 a
1032 684 1217 740 furore
1242 688 1435 743 oculus
1457 705 1612 743 meus
1639 708 1653 742 :

2132 686 2197 739 Α.
2243 686 2548 757 Ἐταράχθη
2576 686 2682 739 ἀπὸ
2704 685 2870 757 θυμοῦ
2899 689 2926 740 6
2953 687 3225 757 ὀφθαλμός
3256 707 3356 758 μου
3375 707 3390 720 ’

439 777 526 831 15.
559 775 856 830 lnveteravi
891 776 1028 832 inter
1050 793 1242 835 omnes
1264 780 1515 835 inimicos
1551 796 1720 836 meos.

2132 779 2199 832 l5.
2245 778 2620 851 Ἐπαλαιὼθην
2647 780 2704 832 ὲν
2733 781 2865 832 πᾶσι
2893 781 3004 842 τοῖς
3035 779 3246 850 ἐχθροῖς
3279 799 3401 852 μου.
3457 827 3463 834 .

439 869 525 922 16.
558 868 826 923 Discedite
862 883 893 924 a
925 885 1031 938 me,
1059 886 1252 925 omnes
1279 873 1372 942 qui
1403 874 1707 942 operamini
1738 872 1936 944 iniqui-

2132 871 2200 925 l6.
2254 872 2551 943 ’Λπόστητε
2601 873 2694 927 ἀπ’
2729 871 2885 943 ἐμοῦ,
2925 873 3125 937 πάντες
3165 876 3214 927 οἱ
3257 875 3615 948 ἐργαζόμενοι

367 970 530 1016 tatem
559 978 572 1012 :

2132 986 2141 1015 ρ
2170 966 2398 1036 ἀνομίαν
2418 982 2432 996 ’

440 1056 528 1109 17.
575 1055 845 1122 Quoniam
897 1059 1178 1114 exaudivit
1219 1059 1484 1114 Dominus
1530 1075 1717 1114 vocem
1779 1059 1935 1118 ﬂetus

2132 1057 2202 1112 l7.
2237 1057 2360 1110 Ὅτι
2414 1057 2696 1127 εἰσήκουσε
2740 1056 2944 1128 Κύριος
2980 1060 3080 1129 τῆς
3109 1059 3290 1130 φωνῆς
3317 1059 3414 1114 τοῦ
3452 1059 3616 1114 κλαυ-

365 1145 497 1198 mei.

2132 1147 2182 1200 3'3
2210 1165 2330 1218 μου.

436 1235 522 1290 18.
560 1236 848 1292 Exaudivit
877 1236 1142 1294 Dominus
1172 1238 1606 1308 deprecationem
1639 1255 1812 1294 meam
1849 1256 1862 1293 :

2132 1238 2204 1292 l8.
2248 1240 2484 1292 Ἤκουσε
2507 1239 2711 1310 Κύριος
2743 1240 2840 1310 τῆς
2861 1241 3098 1310 δεήσεὼς
3123 1260 3225 1314 μου
3243 1258 3256 1271 °

441 1327 528 1384 19.
561 1328 824 1385 Dominus
848 1330 1153 1385 orationem
1187 1345 1362 1384 meam
1401 1332 1659 1400 suscepit.

2132 1331 2204 1386 l9.
2237 1331 2440 1401 Κύριος
2465 1330 2562 1403 τὴν
2594 1335 2896 1404 προσευχήν
2929 1351 3029 1404 μου
3073 1335 3450 1407 προσεδέξατο.

438 1420 526 1474 20.
556 1419 894 1476 Erubescant
911 1431 964 1476 et
978 1423 1371 1478 conturbentur
1388 1424 1733 1478 vehementer
1753 1438 1940 1480 omnes

2132 1423 2203 1475 10.
2235 1423 2661 1494 Αἰσχυνθείησαν
2719 1425 2812 1477 καὶ
2861 1426 3260 1498 ταραχθείησαν
3308 1428 3512 1490 πάντες
3573 1430 3619 1480 οἱ

370 1513 577 1569 inimici
606 1515 711 1569 mei
745 1532 760 1569 :

2132 1513 2228 1585 ἱροί
2267 1531 2390 1584 μου.

443 1600 531 1654 21.
566 1601 966 1658 Convertantur
994 1611 1048 1658 et
1075 1603 1404 1658 erubescant
1433 1605 1588 1660 valde
1622 1607 1900 1662 velociter.

2132 1604 2204 1657 ll.
2239 1605 2743 1678 Ἀποστραφείησαν
2761 1609 2855 1662 καὶ
2874 1609 3396 1680 καταισχυνθείησαν
3420 1609 3623 1681 σφόδρα

768 1685 787 1704 ⁸
2045 1693 2134 1748 διὰ
2159 1698 2376 1766 τάχους.

431 1774 656 1832 Psalmus
687 1779 874 1846 David,
910 1798 1060 1852 quem
1091 1786 1324 1839 cantavit
1357 1784 1581 1838 Domino
1613 1800 1707 1853 pro
1740 1784 1906 1842 verbis

2132 1790 2352 1858 Γαλμὸς
2373 1787 2453 1853 τῷ
2481 1790 2678 1854 Δαϐὶδ,
2704 1793 2776 1844 ὃν
2804 1788 2919 1862 ᾖσε
2946 1791 3025 1857 τῷ
3053 1791 3250 1862 Κυρίῳ
3283 1794 3440 1864 ὑπὲρ
3461 1793 3583 1852 τῶν

694 1871 857 1926 Clmsi
879 1875 981 1942 ﬁlii
1012 1874 1230 1930 lemini.
1263 1876 1465 1931 PSAL.
1504 1875 1632 1932 VII.

2253 1882 2452 1948 λόγων
2478 1883 2666 1935 Χουσὶ
2699 1885 2832 1938 υἱοῦ
2855 1884 3076 1953 Ἰεμενι.
3116 1888 3289 1942 ΨΑΛ.
3332 1886 3412 1943 Z'.

456 1960 502 2013 1.
529 1958 757 2017 Domine
779 1962 922 2020 Deus
945 1982 1122 2034 meus,
1149 1967 1203 2022 in
1234 1977 1285 2023 te
1324 1968 1539 2038 speravi
1572 1985 1588 2023 :

2132 1973 2172 2025 I.
2205 1971 2376 2042 Κύριε
2403 1973 2432 2024 6
2453 1973 2586 2039 Θεός
2619 1992 2742 2046 μου,
2772 1977 2866 2029 ἐπὶ
2895 1978 2978 2031 σοὶ
3002 1977 3206 2049 ἡλπισα
3229 1994 3240 2009 ’

1497 2119 1872 2179 ATHANASII
1908 2103 2494 2182 INTERPRETATIO.

451 2273 535 2326 11.
567 2274 834 2332 Gravatus
868 2287 1091 2348 peccato
1115 2279 1494 2350 ingemiscam.

2132 2283 2211 2339 11.
2238 2284 2579 2358 Βαρούμενος
2612 2285 2718 2341 ὐπό
2752 2288 2848 2359 τῆς
2873 2288 3148 2360 ἁμαρτίας
3185 2290 3429 2358 στενάξω

453 2363 538 2418 12.
575 2365 893 2424 Emundabo
915 2369 982 2424 ab
1017 2370 1166 2424 omni
1193 2379 1418 2441 peccato
1443 2387 1645 2442 corpus
1671 2387 1850 2428 meum
1878 2391 1895 2430 ι

2132 2376 2216 2430 12.
2241 2378 2539 2449 Καθαρίσω
2580 2380 2688 2433 ἀπὸ
2741 2381 2918 2448 πάσης
2947 2381 3219 2452 ἁμαρτίας
3257 2381 3332 2453 (2)
3381 2384 3444 2436 τὸ
3474 2381 3636 2455 σῶμά

2133 2487 2198 2521 υ.

459 2542 539 2595 15.
578 2542 641 2597 Ει
670 2544 723 2597 in
753 2545 1006 2616 lacrymis
1045 2549 1288 2618 requiem
1331 2565 1542 2616 meam;
1585 2550 1692 2606 hoc
1732 2560 1817 2606 est
1849 2549 1952 2606 Do-

2133 2487 2161 2521 υ
2183 2487 2198 2499 .

2132 2558 2212 2612 l3.
2252 2560 2361 2613 Καὶ
2396 2562 2455 2614 ὲν
2479 2561 2708 2633 δάκρυσι
2736 2561 2812 2632 (5)
2835 2562 2932 2634 τὴν
2963 2563 3266 2617 ἀνάπαυσίν
3298 2581 3404 2634 μου
3425 2583 3440 2597 ·
3481 2584 3638 2620 τουτ-

385 2630 590 2686 minum
610 2635 865 2706 lacrymis
883 2638 1093 2707 rigabo,
1125 2649 1184 2694 ut
1205 2641 1460 2695 meretrix
1487 2642 1543 2696 in
1574 2641 1868 2712 Evangelio
1888 2644 1953 2699 ".

2132 2667 2170 2703 τι
2200 2650 2288 2704 τὸν
2311 2651 2514 2724 Κύριον
2551 2630 2842 2724 βρέξω,ὼς
2944 2655 3116 2727 πόρνη
3144 2656 3204 2709 ἐν
3235 2630 3579 2729 Εῦαγγελίῳ.

460 2722 540 2776 14.
573 2723 712 2780 Pura
744 2736 827 2782 est
849 2743 880 2783 a
904 2731 1247 2799 suggestione
1291 2731 1493 2788 diaboli
1530 2748 1684 2789 mens
1708 2749 1848 2788 mea.

2132 2741 2210 2796 14.
2244 2743 2316 2796 Οὐ
2341 2722 2716 2818 καθαριεῦειη
2762 2722 2969 2801 διάνοια
3001 2722 3234 2819 μουτάπὸ
3269 2722 3492 2820 τῆςντοῦ
3521 2722 3636 2804 δια-

2055 2831 2213 2888 δόλου
2248 2835 2534 2908 ὑποϐολῆς.

461 2896 548 2951 15.
575 2897 823 2956 Perditus
847 2903 1071 2958 omnino
1089 2921 1231 2970 sum,
1258 2915 1312 2960 et
1341 2907 1396 2960 in
1423 2907 1653 2962 nihilum
1677 2910 1950 2969 redactus.

454 2990 539 3044 16.
578 2989 859 3049 Daemones
885 3005 1044 3050 antea
1079 3013 1166 3053 me
1199 2997 1460 3056 ducentes
1506 3000 1573 3057 ad
1597 3017 1815 3058 omnem
1854 3005 1956 3059 im-

388 3084 614 3154 probam
649 3087 1025 3155 cupiditatem.

458 3175 543 3231 17.
585 3177 858 3232 Gemitum
896 3181 1078 3237 cordis
1109 3183 1236 3238 mei.

463 3265 548 3320 18.
589 3266 739 3325 lianc
773 3285 881 3324 non
911 3283 1192 3330 aversatus
1213 3283 1316 3330 est.

464 3358 550 3413 19.
589 3359 720 3414 Eam
746 3363 889 3417 enim
919 3365 1196 3436 adimplet.

461 3449 550 3506 20.
578 3451 1029 3522 Confundantur,
1075 3459 1222 3528 quod
1261 3475 1368 3514 non
1401 3461 1636 3532 amplius
1678 3480 1763 3521 me
1786 3465 1841 3520 in
1868 3482 1960 3521 ca-

391 3542 690 3611 ptivitatem
740 3547 981 3617 redigere
1010 3562 1273 3620 possunt,
1319 3556 1446 3624 quia
1477 3559 1810 3615 custodiora
1850 3561 1960 3616 Do-

390 3635 560 3701 mino,
590 3647 644 3692 et
677 3639 817 3695 hanc
843 3642 913 3696 ob
945 3657 1170 3698 causam
1204 3646 1535 3715 irascantur,

462 3729 548 3785 21.
582 3731 648 3787 Et
669 3750 836 3805 quam
855 3736 1102 3792 Celeriter
1136 3738 1353 3797 confusi
1385 3743 1664 3799 recedant.

2130 2925 2217 2979 15.
2257 2927 2590 3002 Ἥφανίσθην
2615 2932 2770 2997 ὅλως,
2800 2933 2879 2998 εἰς
2910 2932 3062 2988 οὐδὲν
3096 2933 3386 3006 ἐγενόμην.

2130 3017 2214 3072 16.
2245 3021 2307 3072 Οἱ
2345 3020 2595 3092 δαίμονες
2625 3025 2676 3076 οἱ
2728 3025 2788 3077 τὸ
2843 3025 3106 3097 πρότερον
3161 3026 3535 3100 ὁδηγήσαντὲς
3574 3045 3642 3101 με

2059 3109 2195 3179 πρὸς
2219 3111 2400 3164 πᾶσαν
2425 3113 2668 3184 πονηρὰν
2697 3115 3018 3186 ἐπιθυμίαν.

2133 3201 2220 3255 17.
2253 3201 2359 3256 Τοῦ
2383 3203 2617 3275 ὀδυρμοῦ
2647 3206 2748 3276 τῆς
2773 3209 3003 3280 καρδίας
3037 3226 3156 3282 μου.

2129 3293 2216 3348 18.
2248 3295 2362 3348 Οὐκ
2386 3297 2712 3370 ἀπεστράφη
2740 3299 2962 3371 ταύτην.

2129 3384 2215 3439 19.
2243 3385 2356 3458 Πλη
2369 3391 2450 3459 ροί
2473 3388 2583 3460 γὰρ
2613 3390 2800 3462 αὑτήν.

2129 3474 2218 3531 20.
2258 3477 2653 3550 Ἐντραπῶσιν,
2678 3483 2758 3536 ὅτι
2787 3483 2887 3536 οὐκ
2915 3483 2995 3536 ἔτι
3023 3500 3088 3554 με
3120 3483 3526 3554 αἰχμαλωτίσαι
3557 3482 3651 3536 δύ-

2062 3583 2272 3630 νανται,
2302 3569 2390 3623 διὰ
2413 3572 2474 3624 τὸ
2504 3572 2865 3642 φυλάττεσθαί
2907 3592 2974 3646 με
3003 3574 3107 3628 ὑπὸ
3149 3575 3385 3648 Κυρίου,
3433 3576 3528 3629 καὶ
3556 3577 3652 3646 6p-

1987 3642 2028 3698 (ἶ
2062 3659 2324 3729 γισθῶσιν
2349 3663 2534 3720 ἕνεκεν
2559 3666 2749 3720 τούτου
2769 3707 2784 3731 ,

2138 3751 2226 3804 21.
2264 3754 2376 3806 Καὶ
2419 3755 2818 3828 ἀναστρέφωσι
2872 3758 3357 3828 καταισχυνθέντες
3400 3759 3541 3813 πάνυ
3592 3761 3652 3811 ἐν

2065 3843 2239 3912 τάχει.

469 3923 534 3977 Ἦ
565 3927 898 4000 προκειμένη
933 3929 1210 4003 ἐπιγραφὴ
1244 3934 1276 4004 ἡ
1309 3932 1395 3986 διὰ
1422 3935 1520 4005 τῆς
1549 3937 1918 4011 κινναϐάρεως
1955 3950 2200 4020 περιέχει
2223 3969 2237 3982 ’
2273 3955 2522 4024 Ψαλμὸς
2542 3957 2623 4023 τῷ
2649 3959 2845 4022 Δαόἓδ,
2889 3959 2961 4014 ὃν
2995 3956 3112 4032 ᾖσε
3148 3960 3228 4027 τῷ
3269 3961 3470 4032 Κυρίῳ
3494 3962 3654 4029 ὑπὲρ

388 4027 507 4129 {dir
535 4028 733 4096 λόγων
759 4029 944 4082 Χουσὶ
995 4029 1130 4084 υἱοῦ
1171 4033 1393 4119 Ἰεμενί.
1425 4031 1594 4088 Τοῦτο
1617 4032 1709 4090 οὖν
1741 4039 1907 4108 λέγει,
1941 4045 2023 4099 ὅτι
2169 4049 2259 4103 τὸν
2289 4050 2502 4123 ψαλμὸν
2521 4056 2549 4107 6
2577 4056 2739 4110 Δαϐὶδ
2769 4056 2847 4128 τῷ
2874 4027 3105 4127 ramos
3129 4056 3265 4110 Θεοῦ
3289 4027 3654 4129 προφητεύουν

389 4115 530 4188 ὑπὲρ
558 4119 650 4172 τοῦ
682 4120 810 4173 λαοῦ
834 4121 926 4174 τοῦ
970 4123 1250 4193 μέλλοντος
1277 4113 1388 4178 ’ἀπὸ
1417 4127 1700 4198 ἁμαρτιῶν
1733 4113 2183 4206 λυτροῦσθαί-καὶ
2207 4113 2576 4214 ἐπιστρέφειν,
2627 4148 2720 4200 καὶ
2753 4113 3031 4214 ἀξιοῦσθαι
3061 4149 3163 4219 τῆς
3206 4150 3270 4202 ὲκ
3299 4113 3490 4214 δεξιιῦν
3516 4149 3653 4202 στά-

391 4223 529 4274 σεως
559 4211 652 4264 τοῦ
683 4213 951 4284 Χριστοῦ·
981 4217 1150 4268 Χουσὶ
1179 4218 1285 4289 γὰρ
1319 4218 1681 4290 ἑρμηνεύεται
1706 4227 1941 4296 Αἰθίοψ,
1979 4233 2256 4288 τουτέστιν
2301 4211 2571 4306 ὑπερ-τοῦ
2598 4239 2728 4293 λαοῦ
2778 4211 2872 4293 τοῦ
2931 4241 3084 4304 ὄντος
3119 4211 3504 4311 ’μέλανοςνάπὺ
3538 4241 3652 4294 τῶν

392 4305 673 4377 ἁμαρτιῶν
700 4306 800 4381 ᾖσε
828 4311 918 4364 τὸν
944 4311 1157 4384 ψαλμὸν
1180 4313 1258 4384 τῷ
1289 4314 1497 4387 Κυρίῳ.
1543 4319 1738 4388 ’Ῑεμενὶ
1774 4321 1830 4374 δὲ
1867 4326 2230 4397 ἑρμηνεύεται
2257 4305 2426 4396 δεξιά
2442 4353 2560 4402 μου
2587 4351 2598 4365 -
2629 4336 2814 4407 ἐπειδὴ
2839 4338 2866 4388 6
2890 4337 3016 4400 λαὸς
3044 4339 3072 4389 6
3101 4305 3325 4406 Αἰθίοψ,
3359 4336 3504 4406 λέγω
3523 4337 3591 4408 δὴ
3625 4340 3654 4389 6

395 4403 582 4475 μέλας,
613 4405 832 4476 ρυσθεὶς
855 4409 919 4461 ὲκ
938 4408 1047 4462 τῶν
1078 4410 1402 4484 ἀριστερῶν,
1431 4412 1616 4483 μέλλει
1642 4415 1894 4478 ἵστασθαι
1924 4423 1989 4475 ὲκ
2013 4421 2200 4488 δεξιῶν
2223 4425 2318 4479 τοῦ
2349 4428 2510 4483 Θεοῦ.
2749 4409 2764 4417 κ

464 4496 696 4566 Titulus,
729 4503 822 4570 qui
854 4505 1064 4572 psalmo
1091 4510 1446 4575 praeponitur,
1485 4510 1770 4568 cinnabari
1807 4516 2068 4586 scriptus,
2107 4521 2354 4576 continet
2385 4541 2398 4576 :
2434 4523 2685 4579 Psalmus
2717 4525 2909 4590 David,
2959 4541 3109 4596 quem
3155 4527 3389 4580 cantavit
3422 4525 3653 4580 Domino

393 4607 488 4662 pro
520 4597 682 4652 verbis
714 4597 876 4652 (ἳήυεὶ
915 4599 1018 4668 ﬁlii
1041 4599 1262 4656 Jemini.
1297 4601 1411 4659 Hoc
1441 4615 1624 4661 autem
1651 4608 1944 4678 signiﬁcat,
1971 4616 2112 4684 quod
2148 4618 2421 4686 psalmum
2471 4618 2641 4674 David
2673 4620 2872 4674 cecinit
2913 4619 3051 4674 Filio
3086 4620 3182 4676 Dei
3218 4621 3551 4692 prophetans
3585 4621 3658 4676 de

395 4692 618 4759 populo,
649 4694 743 4763 qui
776 4693 994 4751 futurus
1023 4707 1162 4761 erat,
1198 4707 1257 4752 ut
1288 4715 1318 4753 a
1349 4703 1589 4769 peccatis
1619 4703 1965 4773 liberaretur,
1995 4719 2050 4766 et
2073 4722 2505 4779 converteretur,
2536 4726 2590 4770 et
2617 4715 2814 4784 dignus
2844 4715 2996 4770 ﬁeret
3025 4725 3169 4770 stare
3194 4731 3224 4768 a
3259 4715 3462 4769 dextris
3489 4713 3653 4767 Chri-

395 4780 489 4836 sti.
517 4780 684 4838 Chusi
714 4784 857 4839 enim
894 4787 1282 4857 interpretatur
1313 4791 1599 4864 zEt/ziops,
1646 4796 1753 4852 hoc
1778 4807 1862 4853 est
1889 4817 1901 4853 :
1937 4799 2043 4855 Pro
2076 4806 2296 4874 populo,
2337 4808 2433 4877 qui
2463 4815 2582 4862 erat
2607 4780 2760 4878 niger
2786 4823 2817 4862 a
2853 4808 3111 4878 peccatis,
3155 4808 3359 4862 cecinit
3380 4807 3655 4877 psalmum

397 4872 649 4930 Domino.
669 4877 864 4934 Jemini
889 4891 1070 4938 autem
1106 4886 1498 4956 interpretatur
1525 4891 1741 4946 dextera
1774 4911 1926 4959 mea;
1960 4872 2221 4966 quoniam
2253 4872 2489 4974 pop-ulus
2519 4872 2794 4975 Ethiops,
2829 4904 3002 4976 niger,
3031 4904 3279 4974 inquam,
3310 4904 3380 4959 ob
3406 4911 3653 4973 peccata,

397 4974 660 5044 liberatus
692 4993 722 5032 e
753 4979 992 5037 sinistris
1025 4983 1190 5038 stabit
1215 4998 1248 5038 a
1291 4985 1504 5041 dextris
1534 4985 1648 5042 Dei.

469 5091 523 5146 1.
550 5090 628 5148 Te
647 5099 907 5154 constitui
953 5100 1260 5170 adjutorem
1306 5117 1488 5158 meum
1521 5105 1671 5159 omni
1703 5113 1948 5178 tempore

2146 5116 2196 5169 1.
2234 5118 2301 5170 Σὲ
2329 5118 2532 5190 ἐθέμην
2563 5119 2757 5191 βοηθόν
2786 5137 2886 5191 μου
2911 5119 3166 5185 πάντοτε,
3205 5119 3382 5174 σῶσον
3413 5134 3502 5188 με.

398 5185 549 5240 salva
571 5202 680 5243 me.

472 5302 508 5335 υ
548 5301 678 5361 Luc.
725 5322 820 5373 vn,
848 5309 937 5363 58.

1343 5469 1650 5533 Addenda
1683 5478 1742 5533 et
1774 5473 2147 5552 corrigenda
2196 5491 2274 5534 ex
2327 5476 2467 5536 cod.
2501 5474 2701 5536 Vatic.

472 5627 550 5766 ξί)
581 5629 849 5692 Στενάἷωο
1086 5703 1112 5714 _
2153 5638 2229 5714 (5)
2255 5641 2366 5696 Καὶ
2392 5641 2448 5697 ἐν
2479 5640 2706 5714 δάκρυσί
2739 5656 2879 5715 μου..

496 5697 552 5766 2)
586 5699 903 5766 Καθαρίσῃς
926 5701 1032 5756 ἀπὸ
1051 5719 1149 5766 της
1174 5703 1464 5766 ἁμαρτίας.

496 5697 552 5769 2)
586 5699 903 5773 Καθαρίσῃς
926 5701 1032 5756 ἀπὸ
1051 5703 1149 5775 τῆς
1174 5703 1464 5776 ἁμαρτίας.
