3760 6270
106 292 209 352 σεε
1094 299 1182 354 DE
1221 300 1498 359 TlTULlS
1533 302 1986 361 PSALMORUM.
2025 336 2097 348 —
2130 306 2325 363 PSAL.
2358 304 2473 362 Vll.
3272 303 3379 360 67!)

172 410 230 464 9..
258 408 457 461 madv
491 424 561 479 με
589 409 654 462 ὲκ
688 412 767 481 (α)
791 410 1007 465 πάντων
1029 411 1137 466 τῶν
1166 412 1470 470 διωκόντων
1504 433 1592 489 με,
1618 434 1657 470 κε

1895 419 1939 473 2.
1973 406 2192 474 Salvum
2224 435 2311 475 me
2360 418 2444 475 [ac
2503 433 2569 474 ex
2620 419 2878 474 omnibus
2926 420 3380 489 persequentibus

111 503 272 575 pini
302 518 404 573 με.

1809 527 1914 578 me,
1950 522 2004 567 et
2030 512 2201 566 libera
2232 528 2335 567 tne.

180 596 236 649 5.
272 596 518 665 Μήποτε
547 594 770 668 ἁρπάσῃ
806 593 883 659 ὡς
907 594 1044 649 λέων
1063 597 1163 669 τὴν
1190 598 1367 670 ψυχήν
1400 617 1523 671 μου,

1877 604 1931 658 5.
1964 602 2264 674 Nequando
2295 604 2469 673 rapiat
2492 610 2552 658 ut
2581 601 2665 657 leo
2698 603 2937 657 animam
2971 618 3168 669 meam,

180 689 236 744 ι.
265 688 370 761 Μὴ
398 689 556 754 ὄντος
589 687 976 762 λυτρουμένου,
1003 691 1137 761 μηδὲ
1170 691 1451 756 σώζοντος.

1891 694 1930 747 ι.
1959 692 2097 748 Dum
2131 710 2243 748 non
2272 693 2503 764 estpqui
2537 694 2790 758 redimat,
2836 708 3014 764 neque
3043 694 3138 764 qui
3169 694 3376 751 salvum

1808 784 1993 840 faciat.

180 866 238 923 5.
273 866 459 939 Κύριε
495 868 526 921 ό
561 866 695 931 Θεός
732 883 853 939 μου,
886 869 934 921 εἰ
956 869 1187 941 ἐποίησα
1216 868 1393 937 τοῦτο,

1880 877 1934 932 5.
1967 877 2195 931 Domine
2229 876 2372 932 Deus
2403 892 2580 944 meus,
2610 878 2656 933 si
2683 878 2784 934 feci
2822 879 2990 945 istud,

184 954 239 1011 6.
274 957 347 1010 Εἰ
376 956 531 1011 ἔστιν
559 956 746 1011 ἀδικία
767 959 824 1011 ὲν
848 958 1003 1029 χερσί
1029 976 1153 1029 μου,

1882 966 1936 1023 6.
1971 967 2028 1022 Si
2061 977 2147 1024 est
2174 968 2437 1039 iniquitas
2465 969 2520 1023 in
2550 970 2801 1025 manibus
2826 971 2980 1037 meis,

183 1048 240 1103 Ἰ.
268 1049 337 1102 Εἰ
364 1049 732 1102 ἀνταπέδωκα
754 1052 865 1113 τοῖς
890 1050 1302 1105 ἁνταποδιδοῦσί
1339 1070 1427 1123 μοι
1452 1053 1625 1106 κακά’

1612 1069 1625 1083 ⁸
1882 1059 1932 1112 7.
1965 1057 2021 1114 Si
2056 1060 2266 1115 reddidi
2289 1061 2721 1118 retribuentibus
2748 1063 2879 1116 mihi
2904 1064 3082 1117 mala:

188 1139 243 1195 8.
287 1139 665 1211 ’Δποπέσοιμι
699 1140 809 1211 ἄρα
857 1141 964 1194 ἀπὸ
999 1142 1106 1195 τῶν
1129 1142 1338 1217 ἐχθρῶν
1364 1160 1464 1214 μου
1504 1144 1673 1206 κενός.

1877 1150 1929 1205 8.
1971 1149 2225 1205 Occidam
2250 1150 2445 1206 merito
2485 1152 2553 1206 ab
2583 1152 2817 1207 inimicis
2839 1153 2975 1208 meis
3006 1154 3204 1208 inanis.

187 1234 241 1288 9.
272 1230 635 1299 Καταδιώξαι
673 1232 783 1304 ἄρα
816 1235 845 1287 ὁ
891 1234 1084 1307 ἐχθρὸς
1111 1236 1209 1307 τὴν
1243 1236 1421 1307 ψυχήν
1452 1253 1576 1306 μου,
1616 1253 1672 1289 κο

1899 1242 1933 1297 ι.
1962 1240 2331 1312 Persequatur
2351 1244 2542 1315 utique
2567 1244 2823 1300 inimicus
2845 1245 3082 1299 animam
3109 1260 3306 1312 meam,
3327 1252 3384 1302 et

118 1324 455 1389 καταλάϐοι,

1810 1334 2255 1402 comprehendat,

194 1418 281 1473 10.
315 1418 435 1471 Kal
472 1419 858 1491 καταπατῆσαι
884 1420 964 1483 εἰς
995 1421 1098 1493 γῆν
1129 1419 1227 1493 τὴν
1258 1418 1401 1493 ζωήν
1428 1439 1550 1493 μου,

1883 1424 1970 1480 10.
2002 1424 2070 1480 Ει
2099 1428 2385 1484 conculcet
2414 1430 2470 1483 in
2503 1439 2645 1484 terra
2673 1428 2840 1482 vitam
2868 1444 3080 1495 meam;

193 1512 284 1564 11.
323 1511 441 1564 Kal
468 1509 569 1582 τὴν
598 1511 757 1578 δόξαν
791 1530 891 1582 μου
923 1514 1002 1578 εἰς
1026 1512 1155 1583 χοῦν
1176 1516 1618 1586 κατασκηνώσαι.

1882 1517 1971 1572 11.
2000 1517 2067 1573 Ει
2092 1519 2320 1589 gloriam
2352 1535 2529 1575 meam
2563 1520 2618 1574 in
2669 1518 2949 1589 pulverem
2988 1518 3240 1573 deducat.

192 1601 284 1657 12.
338 1602 655 1674 Ἀνάστηθι,
691 1601 885 1675 Κύριε,
917 1604 974 1658 ἐν
1000 1605 1136 1676 ὀργῇ
1164 1622 1256 1658 σου
1278 1646 1293 1670 ,

1884 1611 1971 1664 12.
2007 1608 2273 1681 Exsurge,
2307 1610 2556 1678 Domine,
2587 1611 2641 1665 iu
2672 1611 2755 1665 ira
2789 1619 2903 1675 tua,

190 1694 280 1749 15.
333 1693 616 1766 ’Υψὼθητι
653 1696 711 1748 ὲν
739 1697 851 1759 τοῖς
875 1694 1075 1768 πέρασι
1107 1696 1216 1750 τῶν
1248 1694 1457 1769 ἐχθρῶν
1491 1713 1603 1751 σου.

1885 1701 1972 1756 15.
2009 1699 2077 1754 Et
2105 1701 2344 1756 exaltare
2372 1702 2427 1756 in
2461 1703 2660 1758 liuibus
2684 1701 3033 1757 inimicorum
3057 1711 3298 1756 tuorum.

186 1786 280 1841 14.
314 1788 432 1841 Kal
461 1786 803 1858 ἐξεγὲρθητι,
823 1786 996 1858 Κύριε
1016 1789 1045 1841 ὁ
1075 1788 1207 1852 Θεός
1247 1806 1371 1859 μου,
1396 1790 1452 1844 ἐν
1480 1788 1671 1860 προστό

1898 1793 1972 1847 14.
2010 1791 2075 1847 Ει
2102 1808 2356 1860 exsurge,
2387 1792 2613 1848 Domine
2642 1792 2784 1848 Deus
2814 1808 2989 1859 meus,
3018 1791 3070 1847 in
3099 1802 3383 1863 pracepto,

166 1893 319 1948 διατι.
348 1870 394 1945 ᾧ
422 1877 702 1941 ὲνετείλω,
1322 1868 1325 1871 ’

1322 1868 1325 1871 Α
1744 1868 1775 1869 ί
1819 1884 1967 1954 quod
2001 1885 2296 1951 mandasti,

194 1974 288 2028 15.
322 1972 439 2027 Kal
463 1970 758 2041 συναγωγὴ
796 1969 940 2024 λαῶν
972 1970 1244 2027 κυκλώσει
1278 1990 1357 2028 σε.

1888 1974 1975 2029 15.
2015 1974 2079 2029 Et
2111 1990 2384 2046 synagoga
2411 1974 2737 2046 populorum
2770 1976 3129 2033 circumdabit
3172 1984 3247 2032 te.

196 2065 290 2120 16.
323 2065 439 2120 Kal
466 2064 608 2136 ὑπὲρ
639 2062 843 2133 ταύτης
872 2065 952 2127 εἰς
975 2062 1106 2133 ὕψος
1136 2063 1482 2137 ὲπέστρεῷον.

1891 2065 1978 2119 16.
2004 2066 2070 2119 Εῑ
2094 2074 2315 2135 propter
2340 2066 2485 2120 hanc
2508 2066 2562 2120 in
2593 2065 2763 2119 altum
2795 2066 3098 2137 regredere.

196 2157 291 2214 17.
327 2156 544 2229 Κύριος
565 2159 745 2228 κρινεί
773 2155 956 2220 λαούς.

1893 2155 1977 2215 17.
2001 2155 2269 2213 Dominus
2290 2156 2560 2227 judicabit
2590 2157 2841 2228 populos.

740 2311 1076 2379 Διᾶψαλμα.

2445 2309 2773 2380 Diapsalma.

202 2441 293 2499 18.
328 2443 537 2517 Κρῖνόν
558 2461 673 2518 μοι,
703 2443 899 2517 Κύριε,
926 2441 1070 2498 κατὰ
1101 2440 1200 2496 τὴν
1219 2439 1568 2512 δικαιοσύνην
1589 2457 1684 2496 σου

1905 2443 1977 2501 [8.
1991 2439 2185 2500 Judica
2203 2459 2310 2511 me,
2334 2438 2587 2509 Doiniue,
2605 2443 2906 2500 secundum
2919 2441 3193 2515 justitiam
3213 2450 3390 2510 tuam,

200 2646 282 2719 (α)
314 2644 383 2703 γ.
411 2647 448 2703 2
494 2647 691 2718 incipit
718 2647 788 2703 ab
817 2648 902 2702 ἐκ.

1242 2823 1625 2882 ATHANASII
1662 2822 2250 2882 INTERPRETATIO.

202 3011 259 3069 2.
290 3011 416 3065 Τῶν
441 3009 734 3081 δαιμόνων,
754 3008 924 3077 λέγει.

1888 3004 1947 3061 2.
1972 3003 2053 3060 Ex
2081 3004 2454 3072 dmmonibus,
2487 3004 2581 3061 ait.

200 3106 258 3161 5.
300 3105 364 3159 '0
387 3103 693 3175 αἱμοπότης
729 3101 992 3165 διάϐολος.

1888 3096 1940 3151 5.
1976 3095 2346 3169 Sauguipotor
2369 3097 2646 3154 diabolus.

201 3194 257 3252 ι.
286 3194 398 3249 Τοῦ
428 3192 826 3265 ἀνθισταμένου
859 3191 1010 3264 αὐτῷ
1043 3191 1182 3263 ὑπὲρ
1202 3191 1357 3262 ἐμοῦ.

1222 3191 1357 3262 ιμοῦ.
1745 3234 1789 3292 c
1890 3188 1946 3246 4.
1982 3188 2088 3256 Qui
2118 3190 2197 3245 illi
2227 3191 2447 3246 resistat
2472 3206 2574 3262 pro
2601 3207 2707 3247 me.

201 3286 258 3343 5.
301 3288 365 3340 '0
391 3285 603 3357 μέλλων
634 3284 847 3355 λέγειν’

1750 3282 1788 3292 '
1891 3282 1942 3338 5.
1983 3282 2087 3349 Qui
2122 3283 2376 3339 dicturus
2414 3293 2547 3339 est:

197 3377 251 3434 6.
292 3378 552 3450 Ἀρπαγή
577 3393 665 3440 τις
684 3394 699 3406 ·
1526 3420 1535 3427 .

1526 3420 1535 3427 .
1891 3374 1944 3429 6.
1975 3374 2189 3445 Rapina
2219 3375 2403 3446 aliqua
2426 3394 2441 3444 ;

197 3472 249 3526 7.
285 3471 386 3534 Εἰς
412 3470 578 3523 αὑτὸν
604 3467 891 3536 ὲξεδίκησά
913 3482 1045 3520 ποτε
1084 3466 1181 3537 (1)·

1889 3469 1944 3523 7.
1973 3468 2031 3523 Si
2063 3485 2305 3540 unquam
2343 3471 2491 3526 ultus
2522 3486 2644 3526 sum
2676 3471 2732 3525 in
2759 3472 2972 3542 ipsum;
3092 3472 3104 3476 ”

193 3563 249 3619 8.
297 3561 559 3617 Ἐκπέσω
583 3561 683 3633 τῆς
714 3560 987 3624 υἱοθεσίας
1016 3575 1110 3615 σου
1143 3556 1439 3631 ἠττησθεὶς
1484 3556 1562 3633 (2)
1604 3550 1678 3611 ἶτοῖ

1910 3557 1947 3612 Ξ.
1975 3555 2236 3613 Excidam
2274 3567 2368 3614 tua
2397 3559 2688 3629 adoptione
2718 3569 3008 3630 superatus
3053 3574 3085 3614 a
3129 3558 3395 3616 damoni-

128 3652 383 3725 δαίμοσιν
398 3671 416 3686 σ

1817 3647 1922 3705 bus

196 3749 253 3805 9.
298 3748 555 3803 Ἐκπὲσω
584 3748 666 3810 εἰς
695 3745 796 3811 τὰς
831 3748 1023 3818 χεῖρας
1041 3744 1137 3799 τοῦ
1170 3744 1442 3811 διαϐόλου,
1474 3744 1509 3817 ἢ
1544 3742 1681 3798 τοιοῦ

1912 3742 1944 3796 ι.
1975 3739 2218 3795 lucidam
2242 3740 2297 3795 in
2332 3755 2531 3796 manus
2558 3741 2799 3807 diaboli,
2856 3741 2906 3797 si
2956 3742 3257 3813 quidquam
3296 3756 3397 3798 eo-

129 3856 217 3894 τον
241 3840 323 3913 (5)
358 3840 596 3911 ἐποίησα
624 3838 734 3892 τῶν
758 3838 1185 3912 προλεχθέντων.

1615 3859 1625 3871 ·
1821 3848 1942 3887 rum
1973 3846 2093 3902 qua:
2119 3832 2263 3887 dicta
2305 3840 2435 3887 sunt
2467 3832 2738 3887 commisi.

202 3933 292 3990 10.
325 3932 748 3986 Καὶὺποπόδιον
774 3931 941 3985 αὐτοῦ
971 3931 1165 4000 ἔσομαι
1183 3930 1253 3985 τὰ
1272 3931 1367 4003 ἔτη
1392 3946 1494 4002 μου
1522 3930 1687 3986 πάντα

1913 3923 1977 3978 ςο.
2008 3923 2073 3979 Et
2108 3925 2406 3980 scabellum
2429 3925 2628 3995 pedum
2668 3925 2791 3995 ejus
2820 3937 2917 3979 ero
2936 3925 3195 3981 omnibus
3239 3923 3398 3980 annis

1822 4030 1962 4069 mets
1982 4032 1997 4082 ;

200 4110 290 4166 11.
324 4109 439 4163 Kal
469 4108 568 4180 τὴν
601 4108 832 4180 καρδίαν
858 4125 960 4179 μου
988 4108 1070 4172 εἰς
1099 4106 1197 4171 τὰς
1226 4106 1522 4179 ἐπιθυμίας
1552 4108 1685 4161 αὐτο

1910 4106 1980 4161 ll.
2011 4107 2075 4161 Et
2103 4121 2200 4163 cor
2231 4122 2411 4162 meum
2434 4107 2490 4161 in
2521 4105 2917 4178 cupiditatibus
2947 4106 3063 4161 suis
3089 4105 3395 4163 concludet.

136 4202 457 4261 ἀποκλείσει
486 4200 591 4273 (4).

204 4294 297 4349 12.
325 4294 424 4357 Εἰς
458 4293 599 4364 ἐμὴν
635 4291 911 4364 βοήθειαν.
941 4292 1165 4345 ἐκείνων
1190 4290 1248 4344 δὲ
1271 4289 1567 4348 ἀπώλειαν.

1915 4287 1980 4341 l2.
2003 4288 2063 4341 ln
2090 4302 2272 4341 meum
2296 4288 2589 4353 auxilium,
2619 4287 2673 4340 in
2693 4286 2912 4340 illorum
2939 4293 3124 4339 autem
3146 4282 3400 4339 exitium.

210 4386 301 4441 15.
326 4383 626 4455 Δοξάσθητι
647 4386 727 4448 εἰς
747 4384 816 4438 τὰ
846 4384 973 4456 τέλη
1002 4383 1110 4438 τῶν
1139 4383 1351 4456 ἐχθρῶν
1375 4400 1471 4438 σου

1913 4380 1978 4435 ,5.
2014 4378 2334 4434 Glorilicare
2356 4380 2412 4433 iu
2430 4379 2750 4433 novissimis
2768 4377 3119 4431 inimicorum
3140 4382 3361 4429 tuorum
3382 4388 3398 4438 ;

210 4474 301 4533 ﬂ.
331 4476 473 4546 Περὶ
525 4467 587 4528 οὗ
639 4471 762 4528 εἷπε
812 4477 926 4539 τοῖς
953 4474 1272 4540 ἀποστόλοις
1294 4491 1308 4506 ·
1363 4474 1527 4530 Μετὰ
1566 4476 1695 4545 τρεῖ

1928 4471 1981 4525 4.
2013 4471 2087 4527 De
2122 4488 2235 4542 quo
2267 4472 2407 4528 dixit
2454 4469 2717 4541 apostolis
2753 4487 2767 4523 :
2798 4468 2927 4523 Post
2953 4475 3055 4522 (res
3079 4467 3190 4522 dies
3226 4482 3402 4520 resur-

144 4565 367 4635 ήμέρας
390 4565 710 4637 ἐγείρομαι.
1756 4580 1802 4639 υ
1828 4581 1948 4635 gam
1983 4565 2048 4620 ¹⁸.

209 4657 295 4713 15.
328 4658 395 4711 Οἱ
442 4657 730 4711 ἀπόστολοι
772 4656 909 4729 μετὰ
944 4656 1045 4729 τὴν
1086 4655 1383 4711 ἀνάστασιν
1409 4657 1458 4710 οι
1487 4672 1693 4725 συναγα

1918 4659 1991 4713 15.
2015 4657 2258 4729 Apostoli
2291 4666 2414 4728 post
2449 4654 2904 4712 resurrectionem
2936 4662 3113 4710 totum
3135 4652 3403 4710 mundum

144 4749 328 4817 γόντες
351 4748 446 4804 τὸν
474 4748 680 4821 κόσμον
709 4748 829 4804 ὅλον
867 4751 949 4815 εἰς
972 4749 1074 4822 τὴν
1104 4750 1312 4803 πίστιν.

1038 4765 1074 4821 ιν
1104 4750 1312 4803 πίστιν.
1831 4749 1885 4803 in
1921 4749 2080 4803 iidem
2110 4754 2523 4818 congregantes.

217 4838 303 4895 16.
328 4840 466 4912 Περὶ
489 4839 591 4911 τῆς
622 4839 943 4912 ἀναλήψεως
970 4840 1066 4895 τοῦ
1095 4840 1303 4913 Κυρίου
1329 4838 1405 4912 (5)
1437 4839 1585 4909 λέγει

1568 4857 1585 4892 ι
1901 4839 1990 4895 16.
2032 4838 2106 4894 De
2127 4838 2508 4909 assumptione
2530 4835 2747 4894 Domini
2786 4835 3049 4910 loquitur.

218 4931 282 4986 17
290 4971 306 4986 .
343 4931 653 4997 Παιδεύσει,
690 4932 861 5002 λέγει.

1903 4932 1990 4985 17.
2024 4931 2325 5002 Corripiet,
2364 4931 2562 5002 inquit.

221 5022 306 5079 18.
333 5022 569 5096 Ποιησόν
597 5041 708 5096 μοι,
734 5023 929 5096 Κύριε,
959 5023 1100 5079 κατὰ
1122 5023 1223 5097 τὴν
1242 5024 1591 5096 δικαιοσύνην
1608 5039 1700 5077 σου

2026 5020 2135 5080 Fac
2156 5023 2315 5092 mihi,
2342 5022 2597 5091 Domine,
2622 5016 3208 5090 secundumjustitiam
3232 5019 3406 5070 tuam.
3463 5006 3486 5025 ”

224 5202 264 5234 “
298 5201 492 5259 Matth.
530 5209 703 5269 x‘xvu,
740 5202 829 5260 65.
876 5216 879 5221 '

1100 5383 1406 5449 Addenda
1435 5392 1496 5448 et
1528 5382 1920 5467 corrigenda
1954 5400 2033 5445 ex
2082 5381 2221 5444 cod.
2253 5379 2456 5443 Vatic.

255 5570 305 5708 i;
332 5570 399 5625 El
429 5570 624 5624 ἑαυτὸν
652 5572 941 5646 ὲξεδίκησά
970 5590 1122 5628 ποτε.
1913 5569 1990 5714 (ιζ
2011 5568 2198 5651 Αὐτῶν
2223 5563 2623 5647 ἀνατεοκλείσει.

255 5640 282 5714 g
338 5640 650 5714 :Hﬂqegig.
1914 5641 1968 5711 (5
2012 5642 2118 5695 Του
2141 5640 2397 5711 Χριστου.

229 5570 305 5780 gi;
332 5570 399 5625 El
429 5570 624 5624 ἑαυτὸν
652 5572 941 5646 ὲξεδίκησά
970 5590 1122 5628 ποτε.
1913 5570 1990 5714 (ig
2011 5570 2198 5651 Αὐτῶν
2223 5570 2397 5647 ἀνατεο

250 5640 282 5694 2
344 5640 650 5712 Ἦττηθείς.
1914 5641 1968 5711 (5
2012 5642 2118 5695 Του
2141 5640 2397 5711 Χριστου.

251 5711 302 5783 5)
336 5712 405 5765 Εἰ
429 5729 480 5766 τι
510 5707 603 5766 οὖν
628 5729 700 5768 τι.
