3760 6380
349 309 446 370 671
1207 300 1264 353 S.
1307 296 1686 352 ATHANASII
1726 296 1878 352 OPP.
1931 293 2111 350 PARS
2151 291 2238 346 Ill.
2278 320 2346 330 -—
2385 285 2797 343 EXEGETICA.

3496 277 3604 334 672

421 422 508 476 19.
535 419 600 474 Et
632 417 929 475 secundum
954 390 1320 469 innocentiam
1355 428 1531 466 meam
1559 428 1719 483 super
1749 427 1856 467 me.

2107 411 2182 464 l9.
2213 408 2323 461 Kal
2350 406 2490 459 κατά
2517 404 2614 474 τὴν
2637 400 2871 456 ἀκακίαν
2913 418 3013 471 μου
3053 401 3139 453 ἐπ’
3179 397 3322 469 ἐμοί.

420 513 511 568 20.
548 513 914 566 Consumetur
947 506 1187 576 nequitia
1219 514 1589 575 peccatorum,

422 605 510 660 21.
536 603 602 657 Ει
629 603 827 671 diriges
849 599 1079 668 justum,

421 696 511 751 22.
549 693 808 748 Scrutans
839 689 1001 746 corda
1028 699 1082 743 et
1113 704 1270 743 renes
1293 687 1459 744 Deus.

423 787 512 841 25.
547 785 759 838 Justum
791 781 1119 851 adjutorium
1152 795 1332 833 meum
1357 797 1387 833 a
1413 779 1664 844 Domino,

425 875 513 928 24.
555 875 656 940 Qui
687 875 866 927 salvos
894 871 1021 926 facit
1047 879 1222 925 rectos
1255 871 1438 924 corde.

427 966 516 1023 25.
547 965 709 1028 Deus,
742 965 906 1035 judex
947 964 1162 1034 justus,
1191 960 1351 1016 fortis
1386 969 1440 1015 et
1470 961 1709 1031 patiens;

428 1144 518 1199 26.
564 1143 814 1212 Nunquid
851 1142 1106 1196 irascitur
1137 1155 1232 1210 per
1265 1140 1510 1208 singulos
1533 1140 1689 1193 dies?

425 1236 514 1290 27.
551 1233 667 1290 Nisi
703 1235 952 1289 conversi
985 1233 1222 1300 fueritis,
1266 1232 1506 1302 gladium
1545 1247 1704 1286 suum
1753 1231 1931 1285 vibra-

357 1327 432 1381 bit
455 1343 469 1391 ;

428 1415 516 1469 28.
553 1414 752 1467 Arcum
789 1426 949 1466 suum
980 1409 1225 1474 tetendit,
1252 1418 1306 1466 et
1338 1410 1548 1478 paravit
1573 1410 1744 1463 illum.

429 1509 520 1564 29.
554 1509 620 1561 Et
651 1508 705 1560 in
735 1523 800 1561 eo
828 1507 1037 1575 paravit
1071 1520 1196 1559 vasa
1234 1503 1426 1556 mortis
1463 1521 1474 1557 :

430 1602 520 1656 50.
558 1599 795 1668 Sagittas
827 1615 956 1654 suas
988 1597 1307 1651 ardentibus
1327 1596 1524 1651 eﬂ'ecit.

431 1693 521 1747 51.
550 1691 688 1746 Ecce
714 1691 967 1760 parturiit
999 1689 1343 1758 injustitiam,
1377 1690 1628 1757 concepit
1669 1687 1932 1752 donorem,

363 1796 418 1842 et
454 1785 660 1856 peperit
688 1785 1054 1853 iniquitatem.

433 1878 522 1932 52.
555 1875 758 1929 Lacum
788 1874 1016 1943 aperuit,
1045 1881 1097 1926 et
1118 1871 1303 1926 effodit
1340 1887 1488 1935 eum,

433 1969 522 2022 55.
557 1967 621 2020 Ει
651 1967 853 2021 incidet
885 1967 937 2019 in
968 1965 1179 2018 foveam
1212 1981 1374 2034 quam
1406 1963 1556 2018 fecit.

434 2060 521 2114 34.
548 2059 905 2113 Converletur
937 2056 1090 2110 dolor
1139 2057 1257 2126 ejus
1288 2056 1340 2108 in
1369 2065 1532 2123 caput
1558 2070 1702 2124 ejus,

434 2150 524 2204 55.
562 2149 626 2204 Ει
648 2151 703 2204 in
735 2150 992 2204 verticem
1024 2149 1217 2218 ipsius,
1258 2147 1522 2218 iniquitas
1567 2147 1686 2218 ejus
1713 2147 1940 2202 descen-

367 2241 478 2296 (let.

438 2331 522 2387 36.
555 2330 864 2386 Confitebor
897 2328 1130 2386 Domino
1160 2329 1462 2386 secundum
1487 2329 1760 2399 justitiam
1791 2329 1937 2399 ejus,

438 2503 523 2558 57.
555 2503 619 2558 Et
647 2501 872 2574 psallam
903 2503 1111 2558 nomini
1145 2501 1362 2557 Domini
1401 2501 1673 2556 altissimi.

2087 501 2178 554 20.
2214 495 2629 565 Συντελεσθήτω
2653 494 2716 563 δὴ
2744 492 2978 563 πονηρία
3008 488 3349 558 ἁμαοτωλῶν
3367 527 3385 554 ,

2092 591 2183 644 21.
2220 590 2330 643 Kal
2359 586 2710 647 κατευθυνεῖς
2738 583 2966 645 δίκαιον,

2090 681 2181 733 22.
2231 675 2468 741 Ἐτάζων
2497 675 2719 746 καρδίας
2745 674 2840 725 καὶ
2865 672 3095 743 νεφροὺς
3113 672 3142 723 ὁ
3168 669 3301 732 Θεός
3338 669 3441 739 (α).

2093 772 2185 826 25.
2211 770 2402 823 Δικαία
2431 770 2464 838 ἡ
2498 766 2715 838 βοήθειά
2743 781 2843 836 μου
2878 763 3026 834 παρά
3045 763 3137 816 τοῦ
3159 760 3314 826 Θεοῦ,

2098 865 2188 917 21.
2218 863 2324 916 Τοῦ
2357 860 2616 924 σώζοντος
2646 859 2770 920 τοὺς
2807 842 2983 919 εὐθεῗς
3011 857 3075 926 τῇ
3102 853 3318 925 καρδίᾳ,

2100 955 2190 1007 25.
2226 955 2286 1006 '0
2317 952 2468 1018 Θεὸς,
2496 949 2686 1021 κριτὴς
2708 947 2931 1009 δίκαιος,
2953 945 3046 999 καὶ
3077 943 3294 1015 ἰσχυρὸς
3315 981 3330 1006 ,
3361 940 3458 995 καὶ
3497 957 3609 1010 μα-

2030 1047 2300 1118 κρόθυμος
2320 1061 2335 1076 ο

2103 1137 2192 1190 26.
2230 1136 2340 1188 Kal
2378 1134 2454 1206 μὴ
2490 1132 2658 1204 ὀργὴν
2690 1129 2909 1198 ἐπάγων
2938 1128 3060 1182 καθ’
3090 1125 3326 1196 ἑκάστην
3355 1123 3610 1195 ἡμέρανς

2103 1228 2195 1281 27.
2237 1227 2364 1278 Ἐὰν
2412 1225 2486 1296 μὴ
2535 1221 2930 1292 ἐπιστραφῆτε,
2979 1219 3075 1290 τὴν
3111 1215 3384 1288 ῥομφαίαν
3441 1211 3611 1267 αὑτοῦ

2035 1318 2339 1373 στιλϐώσιει⁹

2106 1410 2196 1463 28.
2229 1409 2302 1462 Τὸ
2330 1407 2482 1472 τόξον
2515 1404 2678 1458 αὐτοῦ
2704 1403 2954 1465 ἐνέτεινε,
2995 1403 3089 1454 καὶ
3123 1398 3419 1470 ἡτοίμασεν
3453 1395 3609 1450 αὐτό.

2105 1500 2193 1556 29.
2221 1500 2330 1552 Kal
2358 1501 2414 1550 ἐν
2442 1495 2587 1566 αὐτῷ
2621 1494 2883 1566 ἡτοίμασε
2906 1492 3072 1563 σκεύη
3104 1491 3334 1546 θανάτου
3362 1505 3376 1518 ο

2105 1591 2191 1645 50.
2218 1589 2298 1641 Τὰ
2329 1588 2454 1658 βέλη
2487 1585 2650 1639 αὑτοῦ
2681 1589 2792 1649 τοῖς
2823 1584 3130 1654 καιομένοις
3161 1581 3537 1654 ἐξειργάσατο.

2106 1681 2194 1735 51.
2238 1680 2367 1732 Ἰδοὺ
2401 1679 2660 1748 ὼδίνησεν
2700 1676 2933 1741 ἀδικίαν,
2993 1674 3249 1729 συνέλαϐε
3283 1673 3468 1738 πόνον,
3517 1673 3617 1726 κιὶ

1966 1752 2008 1806 Β
2036 1771 2220 1826 ἔτεκεν
2246 1769 2497 1840 ἀνομίαν.

2110 1863 2198 1916 52.
2235 1862 2450 1914 Λάκκον
2475 1859 2672 1930 ὤρυξε,
2700 1859 2794 1913 καὶ
2823 1859 3128 1928 ἀνέσκαψεν
3161 1858 3346 1925 αὑτὸν,

2108 1954 2196 2007 55.
2233 1953 2340 2005 Καὶ
2375 1953 2696 2022 ἐμπεσεῖται
2719 1955 2797 2016 είς
2833 1951 3043 2023 βόθρον,
3075 1952 3132 2004 ὃν
3155 1950 3474 2022 εἰργάσατο.

2108 2043 2195 2096 5-1.
2245 2041 2592 2112 Ἐπιστρέψει
2622 2044 2650 2094 ὁ
2674 2041 2831 2105 πόνος
2859 2041 3021 2096 αὑτοῦ
3053 2044 3131 2104 εἰς
3156 2039 3400 2111 κεφαλὴν
3426 2036 3620 2104 αὐτοῦ,

2111 2133 2199 2187 55.
2238 2133 2349 2186 Kal
2388 2133 2480 2186 ἐπὶ
2511 2135 2754 2205 κορυφὴν
2785 2133 2947 2189 αὑτοῦ
2985 2136 3018 2205 ἡ
3045 2133 3226 2187 ἀδικία
3253 2132 3420 2186 αὐτοῦ
3453 2148 3623 2185 κατα-

2045 2225 2289 2295 ϐήσεται.
3605 2267 3610 2271 ,

2115 2317 2202 2372 56.
2247 2317 2742 2389 Ἐξομολογήσομαι
2771 2317 2848 2389 τῷ
2889 2319 3080 2389 Κυρίῳ
3118 2318 3258 2372 κατὰ
3290 2317 3392 2388 τὴν
3417 2317 3626 2370 δικαιο-

2049 2410 2211 2480 σύνην
2251 2411 2438 2475 αὑτοῦ,

2115 2503 2349 2572 57.-Καὶ
2381 2501 2533 2572 ψαλῶ
2565 2502 2644 2574 τῷ
2665 2503 2888 2574 ὀνόματι
2903 2501 3114 2573 ¹Κυρίου
3142 2501 3236 2554 τοῦ
3263 2501 3514 2572 ὑψίστου.

441 2704 605 2779 (αλὉ
658 2702 796 2779 Θεὸς
825 2705 1078 2779 δικαίως,
1106 2705 1159 2779 in
1195 2705 1438 2779 margine
1484 2703 1563 2779 ᾡς
1590 2703 1745 2779 Θεός.
1783 2703 1844 2759 V.
1874 2704 1937 2759 25

2115 2705 2334 2777 βοήθειά
2355 2724 2479 2778 μου,
2511 2716 2653 2775 etc.;
2693 2710 2758 2779 τῇ
2783 2707 2997 2778 καρδίᾳ.
3032 2706 3093 2760 V.
3127 2705 3218 2760 24.
3263 2707 3322 2758 '0
3352 2704 3488 2769 Θεὸς
3511 2721 3627 2777 κριο

368 2773 468 2845 τὴς
490 2773 715 2836 δίκαιος.
759 2772 820 2829 ν.
852 2775 944 2830 25.
981 2775 1091 2828 Καὶ
1133 2774 1382 2844 ἰσχυρὸς,
1412 2776 1507 2827 καὶ
1541 2775 1916 2845 μακρόθυμος.

1497 2999 1866 3056 ATHANASH
1908 2998 2493 3059 INTERPRETATIO.

443 3210 526 3266 19.
562 3209 875 3265 Secundum
932 3209 1279 3267 dilectionem
1332 3226 1534 3280 meam,
1565 3228 1731 3285 quam
1761 3212 1937 3270 habeo

2120 3215 2205 3268 19.
2241 3210 2397 3265 Κατά
2427 3211 2528 3282 τὴν
2557 3210 2780 3282 ἀγάπην
2815 3228 2917 3281 μου
2942 3206 3115 3274 οὕτως
3149 3225 3239 3280 μοι
3277 3207 3528 3280 ποίησον,
3561 3211 3628 3280 ἢν

371 3315 496 3370 erga
530 3312 598 3364 te,
636 3310 692 3354 et
734 3316 863 3370 erga
899 3316 1112 3372 omnes,
1149 3303 1224 3356 ita
1260 3302 1394 3356 mihi
1430 3302 1536 3358 fac.

446 3392 534 3445 20.
566 3393 790 3458 Peribit,
818 3393 912 3448 ait.

449 3481 537 3536 21.
575 3483 918 3539 llluminabis
945 3501 960 3550 ;

369 3625 376 3632 ,
445 3570 534 3625 22.
563 3571 780 3628 Intuens
799 3573 1180 3642 cogitationes,
1212 3584 1265 3630 et
1299 3577 1731 3648 uniuscujusque
1783 3578 1938 3647 cupi-

312 3670 314 3672 ’
376 3663 590 3719 ditates.

445 3758 530 3812 25.
567 3756 769 3813 Verum
801 3757 1062 3812 auxilium
1087 3774 1117 3812 a
1151 3757 1262 3812 Deo
1293 3769 1394 3824 est,
1425 3759 1618 3828 inquit.

448 3849 536 3902 21.
569 3849 740 3904 Judex
763 3850 1148 3919 utiquejustus
1173 3851 1226 3905 in
1258 3850 1445 3906 futuro
1476 3853 1674 3908 saeculo
1701 3871 1716 3921 ;
1750 3854 1946 3926 cuique

376 3939 520 3993 enim
561 3939 823 3993 retribuet
853 3939 1152 3994 secundum
1182 3956 1343 4010 opera
1379 3943 1498 4011 ejus
1541 3943 1603 3999 ¹⁹.

448 4029 536 4082 25.
566 4029 744 4085 Fortis
771 4039 824 4084 et
874 4030 1201 4100 longanimis
1241 4053 1254 4088 :
1288 4034 1444 4089 fortis
1477 4035 1697 4103 quidem
1757 4043 1944 4089 contra

377 4115 719 4172 adversarias
739 4125 1066 4186 potestates:
1087 4119 1418 4190 longanimis
1435 4133 1616 4178 autem
1633 4141 1758 4194 erga
1777 4141 1946 4196 genus

378 4205 702 4261 humanum.

445 4298 534 4352 26.
567 4301 1035 4366 Quemadmodum
1072 4307 1128 4362 in
1177 4322 1362 4362 eremo
1391 4307 1576 4364 intulit
1614 4308 1751 4362 iram
1791 4323 1945 4364 suam

377 4389 430 4444 in
461 4390 700 4456 Judrcos,
730 4411 836 4451 non
865 4399 1100 4466 amplius
1125 4401 1276 4455 facit.

443 4481 532 4535 27.
568 4482 742 4538 Minas
769 4501 898 4540 suas
929 4490 1256 4558 praeparabit
1287 4497 1481 4544 contra
1521 4505 1641 4544 nos.

446 4573 535 4628 28.
569 4573 1015 4635 Ρτωᾶὶεοιίοηοηι
1043 4583 1162 4651 ejus
1199 4582 1472 4652 signiﬁcat
1506 4597 1518 4632 :

451 4663 538 4720 29.
571 4667 773 4724 Contra
805 4672 1105 4738 diabolum,
1143 4683 1197 4728 et
1225 4683 1519 4743 potestates
1548 4675 1666 4744 ejus
1693 4693 1706 4741 ;

447 4754 535 4809 50.
573 4757 864 4827 Apostolus
893 4773 1081 4819 contra
1112 4766 1410 4820 daemones.

447 4849 649 4903 51-55.
682 4851 755 4906 De
788 4854 1006 4911 diabolo
1047 4858 1310 4926 loquitur.

445 4939 532 5002 '56,
566 4941 654 4996 57.
692 4942 758 4997 Ει
786 4945 1041 5016 hymnum
1073 4949 1279 5004 nomini
1307 4948 1518 5005 Domini
1542 4949 1943 5020 supercmlestis

380 5041 644 5088 emittam.

451 5215 492 5247 ¹⁹
522 5214 678 5270 Rom.
717 5234 777 5280 ιι,
807 5217 860 5273 6.

1970 4531 2022 4590 D

2045 3306 2152 3374 ἔχω
2178 3303 2314 3376 πρὸς
2348 3304 2407 3356 σέ
2433 3303 2527 3356 καὶ
2558 3302 2695 3374 πρὸς
2727 3303 2954 3366 πάντας.

2115 3392 2205 3446 20.
2254 3392 2577 3454 Ἀπολεῖται,
2604 3391 2774 3459 λέγει.

2111 3485 2171 3538 21
2185 3523 2199 3537 .
2229 3485 2542 3554 Φωταγωγή
2551 3501 2664 3547 σεις
2690 3500 2704 3513 ·

2116 3577 2206 3632 22.
2249 3576 2492 3647 Ἐφορῶν
2541 3577 2637 3640 τὰς
2679 3575 3002 3646 ἐνθυμήσεις
3039 3574 3132 3627 καὶ
3177 3574 3276 3636 τὰς
3329 3573 3629 3643 ἐπιθυμίας

2046 3669 2297 3722 ἑκάστου.

2119 3761 2207 3814 25.
2252 3760 2315 3812 Ἡ
2344 3758 2548 3829 ἀληθὴς
2586 3759 2804 3829 βοήθεια
2837 3759 2900 3811 ἐκ
2925 3758 3059 3812 Θεοῦ
3087 3759 3224 3822 ἐστι,
3255 3758 3407 3826 λέγει
3440 3759 3538 3829 (1).

2120 3851 2204 3904 24.
2235 3851 2440 3920 Κριτὴς
2493 3850 2591 3920 μὲν
2640 3849 2844 3914 δίκαιος
2899 3851 2956 3903 ἐν
2989 3850 3066 3919 τῷ
3124 3850 3372 3920 μέλλοντι
3433 3851 3626 3905 αίῶνιο

2047 3939 2260 4007 ἑκάστῳ
2286 3937 2392 4008 γάρ
2422 3938 2714 3991 ἀποδίδωσι
2747 3939 2887 3992 κατὰ
2911 3937 2978 3990 τά
3007 3939 3142 4009 ἔργα
3169 3939 3245 4006 (2)
3271 3937 3459 3992 αὐτοῦ.

2117 4030 2206 4083 25.
2251 4027 2486 4098 ’ἰσχυρὸς
2508 4029 2564 4082 δὲ
2590 4029 2683 4082 καὶ
2709 4030 3059 4101 μακρόθυμος
3079 4047 3092 4060 ο
3123 4030 3184 4082 τὸ
3210 4030 3307 4099 μὲν
3349 4029 3492 4083 κατὰ
3517 4031 3628 4083 τῶν

2047 4123 2302 4176 ἐναντίων
2333 4122 2638 4193 δυνάμεων,
2665 4123 2724 4175 τὸ
2751 4123 2807 4176 δέ
2835 4123 2972 4194 πρὸς
2999 4124 3060 4174 τὸ
3088 4123 3243 4190 γένος
3275 4122 3386 4176 τῶν
3418 4122 3630 4193 ἀνθρώ-

2049 4232 2183 4267 ταυν.

2113 4306 2202 4360 26.
2246 4307 2330 4370 Ὡς
2361 4309 2418 4360 ἐν
2448 4309 2510 4377 τῇ
2541 4307 2736 4377 ἐρήμῳ
2763 4306 3008 4374 ἐπήγαγε
3055 4306 3165 4367 τοῖς
3208 4304 3497 4369 Ἰουδαίοις,
3526 4307 3629 4358 οὐκ

2048 4398 2126 4452 ἔτι
2149 4401 2340 4467 ἐπάγει
2371 4401 2445 4469 (5)
2480 4399 2577 4470 τὴν
2610 4399 2778 4470 ὀργὴν
2808 4397 2993 4460 αὑτοῦ,
3038 4397 3204 4464 λέγει.

2117 4489 2206 4542 27.
2242 4489 2350 4559 Τὴν
2381 4489 2612 4560 ἀπειλὴν
2647 4489 2724 4558 (4)
2757 4487 2920 4540 αὐτοῦ
2942 4487 3254 4559 εὐτρεπίσει
3294 4487 3416 4540 καθ’
3443 4487 3623 4558 ἡμῶν.

2119 4578 2207 4632 28.
2241 4578 2312 4629 Τὸ
2346 4579 2606 4648 κήρυγμα
2631 4578 2794 4630 αὑτοῦ
2821 4577 3000 4645 λέγει’

2122 4669 2210 4724 29.
2237 4669 2392 4721 Κατὰ
2425 4667 2519 4720 τοῦ
2545 4667 2790 4720 διαϐόλου
2825 4669 2918 4720 καὶ
2945 4668 3051 4721 τῶν
3079 4668 3365 4738 δυνάμεων
3389 4667 3555 4721 αὑτοῦ
3578 4685 3589 4698 ’

2121 4762 2209 4814 50.
2245 4762 2383 4824 Τοὺς
2405 4761 2734 4823 ἀποστόλους
2759 4759 2900 4813 κατὰ
2917 4760 3025 4812 τῶν
3053 4761 3344 4830 δαιμόνων.

2119 4853 2322 4908 51-55.
2361 4853 2496 4924 Περὶ
2530 4853 2606 4922 (ὃ)
2634 4851 2724 4905 τοῦ
2749 4852 3002 4906 διαϐόλου
3038 4852 3207 4920 λέγει.

2121 4947 2190 5001 56
2215 4947 2311 5015 (6),
2346 4946 2436 5000 57.
2464 4948 2571 4999 Καὶ
2621 4946 2786 5018 ὕμνον
2812 4945 3117 5016 ἀναπέμψω
3146 4944 3225 5015 τῷ
3261 4945 3484 4999 όνόαατι
3518 4946 3631 5000 Ku-

2055 5038 2168 5093 οίου
2196 5038 2288 5091 τοῦ
2319 5039 2655 5110 ἐπουρανίου.

1329 5341 1634 5403 Addenda
1678 5347 1739 5404 et
1770 5341 2143 5421 corrigenda
2190 5359 2262 5403 ex
2295 5341 2434 5403 cod.
2468 5343 2669 5404 Vatic.

453 5501 528 5570 11)
570 5502 854 5575 ’Ᾱληθὴςὴ
883 5505 1102 5576 βοήθειά
1136 5523 1257 5578 μου,
1285 5505 1452 5575 λέγει.

453 5565 528 5626 (2)
553 5573 628 5626 Τὸ
658 5573 837 5626 ἔργον.

453 5565 528 5708 (ε)
553 5573 628 5628 Τὸ
658 5565 854 5643 ama»:
883 5565 891 5575 '

475 5645 530 5714 5)
575 5644 891 5709 Ἐπαγάγει.

456 5713 531 5784 (4)
559 5713 669 5783 Τὴν
706 5714 895 5784 ὀργήν.

2127 5504 2203 5574 (5)
2239 5505 2370 5557 Ὀλσ
2409 5504 2578 5558 ταῦτα
2617 5504 2762 5568 περί,
2787 5511 2888 5574 ctc.

2101 5645 2112 5660 .
2130 5569 2216 5653 (6)
2245 5574 2509 5628 Δουλώσω
2531 5575 2762 5644 ἐμαυτὸν
2788 5572 2865 5641 τῷ
2899 5571 3084 5624 Κυοίω
3117 5573 3258 5628 κατά
3280 5572 3378 5636 τὰς
3412 5569 3638 5639 évm‘ta;

2056 5661 2238 5698 αυτου.
2935 5666 2937 5669 ’
