3760 6380
376 248 482 309 675
1251 250 1310 308 S.
1350 247 1719 305 ATHANASII
1756 250 1904 307 OPP.
1945 250 2126 307 PARS
2164 249 2255 305 Ill.
2287 282 2357 294 —
2389 250 2809 312 EXEGETICA.
3526 259 3631 317 676

452 368 540 424 ιι.
563 370 706 425 Oves
732 374 787 423 et
816 365 984 421 boves
1009 364 1319 429 universas,

1985 370 2031 426 Α
2137 362 2222 416 14.
2260 364 2513 435 Προϐατα
2545 366 2640 420 καὶ
2669 366 2797 436 βόας
2824 366 3062 434 ἁπάσας,

450 459 541 515 15.
574 458 804 528 lnsuper
825 466 879 512 et
902 470 1100 525 pecora
1132 455 1347 524 campi,

2137 452 2222 505 15.
2255 453 2376 506 Ἔτι
2401 454 2457 507 δὲ
2492 456 2587 509 καὶ
2613 456 2681 508 τὰ
2715 458 2888 527 κτήνη
2916 456 3011 510 τοῦ
3033 456 3241 525 πεδίου,

484 549 541 605 6.
580 549 839 605 Volucres
868 547 1014 610 cmli,
1046 555 1101 602 et
1136 546 1316 616 pisces
1342 560 1532 612 mans,

2148 545 2225 601 l6.
2255 548 2335 601 Τά
2363 548 2584 604 πετεινά
2620 550 2713 603 τοῦ
2745 551 2999 623 οὐρανοῦ,
3035 554 3278 618 καὶτοὺς
3308 553 3499 627 ἰχθύας
3535 555 3633 627 τῆς

2056 639 2349 713 θαλάσσης,
3661 632 3667 637 δ

450 732 538 792 17.
566 730 670 798 Qui
698 727 1079 799 perambulant
1110 727 1337 781 semitas
1370 725 1558 781 maris.
1836 736 1843 745 °

2129 732 2212 787 17.
2243 734 2325 786 Τὰ
2347 733 2775 806 διαπορευόμενα
2806 733 3025 806 τρίϐους
3051 735 3353 792 θαλασσῶν.

450 823 537 877 18.
572 819 799 875 Domine
854 817 1121 873 Dominus
1163 826 1371 882 noster,
1434 831 1600 886 quam
1632 816 1935 871 admirabili

2145 824 2213 879 l8.
2245 824 2417 896 Κύριε
2442 827 2470 879 6
2503 826 2705 899 Κύριος
2731 827 2910 899 ἡμῶν,
2936 827 3012 891 ὡς
3037 826 3351 898 θαυμαστὸν
3370 830 3433 882 τὸ
3457 829 3630 903 ὄνομά

376 928 462 972 est
490 928 693 970 nomen
724 918 877 966 tuum
920 911 973 965 in
1011 909 1268 965 universa
1300 909 1483 964 terra!

2058 935 2150 972 σου
2181 921 2237 972 ὲν
2260 919 2410 993 πάσῃ
2441 921 2506 991 τῇ
2538 922 2632 990 γῇ.
3475 935 3487 947 ⁸

517 1006 583 1062 In
620 1007 776 1060 ﬁnem
814 1021 908 1059 vro
932 1004 1152 1058 occultis
1188 1002 1315 1073 ﬁlii,
1341 1001 1578 1072 psalmus
1615 1000 1810 1055 Dauid.

2149 1031 2161 1075 γ
2186 1011 2251 1065 τὸ
2281 1010 2456 1078 τέλος
2484 1012 2638 1082 ὑπὲρ
2673 1013 2791 1066 τῶν
2819 1015 3089 1084 κρυφίων
3118 1012 3229 1069 τοῦ
3267 1014 3429 1079 υἱοῦ,
3478 1016 3634 1081 ψαλ-

989 1085 1194 1143 PSAL.
1231 1084 1340 1139 IX.
2454 1115 2474 1165 1

2454 1096 2571 1165 μὸς
2597 1097 2677 1162 τῷ
2704 1097 2900 1151 Δαϐἰδ.
2933 1100 3106 1152 ΨΑΛ.
3140 1099 3219 1152 εγ.

447 1180 501 1235 1.
532 1179 846 1235 Conﬁtebor
874 1179 994 1244 tibi,
1028 1176 1279 1242 Domine,
1312 1177 1367 1231 in
1402 1183 1517 1232 toto
1547 1176 1711 1231 corde
1738 1189 1891 1240 meo;

2146 1187 2181 1241 ι.
2217 1187 2710 1259 Ἐξομολογήσομαι
2733 1205 2837 1252 σοι,
2860 1188 3053 1261 Κύριε,
3079 1190 3137 1244 ἐν
3158 1187 3256 1261 ὅλῃ
3283 1188 3484 1262 καρδίᾳ
3509 1205 3631 1262 μουο

446 1270 502 1327 2.
531 1270 777 1325 Narrabo
810 1269 995 1325 omnia
1019 1267 1293 1322 mirabilia
1322 1275 1439 1322 tua.

2124 1279 2180 1334 2.
2215 1281 2553 1352 Διηγήσομαι
2591 1282 2767 1336 πάντα
2791 1282 2859 1336 τὰ
2887 1282 3168 1354 θαυμάσια
3199 1299 3314 1337 σου.

449 1364 503 1419 3.
535 1362 784 1418 Lastabor
809 1370 864 1418 et
894 1361 1183 1417 exsultabo
1204 1360 1259 1413 in
1305 1368 1389 1424 te;

2125 1371 2177 1424 5.
2213 1372 2674 1444 Εὐφρανθήσομαι
2701 1374 2797 1428 καὶ
2824 1373 3225 1445 ἀγαλλιάσομαι
3254 1375 3312 1427 ὲν
3350 1372 3434 1428 σοί
3456 1389 3470 1404 ⁸

448 1453 505 1509 4.
528 1453 764 1509 Psallam
793 1454 1002 1507 nomini
1034 1460 1151 1518 tuo,
1176 1450 1458 1506 Altissime

2124 1461 2178 1515 4.
2214 1463 2384 1516 Ψαλῶ
2416 1463 2493 1534 τῷ
2524 1464 2750 1536 ὀνόματί
2772 1482 2888 1529 σου,
2912 1466 3165 1536 ”Υψιστε,

449 1546 505 1600 5.
538 1547 595 1600 In
627 1545 994 1602 convertendo
1029 1544 1309 1599 inimicum
1342 1556 1522 1596 meum
1542 1547 1882 1607 retrorsum;

2149 1555 2174 1607 ἱ.
2193 1555 2281 1608 Ἑν
2292 1555 2371 1626 τῷ
2385 1534 2801 1629 ἀποστραφῆναι
2817 1557 2907 1611 τὸν
2924 1534 3114 1630 ἐχθρόν
3134 1575 3235 1629 μου
3257 1559 3340 1623 εἰς
3351 1558 3422 1613 τὰ
3434 1560 3634 1618 ὸπισω.

452 1637 507 1693 6.
537 1634 987 1699 lnlirmabuutur,
1020 1642 1075 1688 et
1107 1632 1367 1703 peribunt
1385 1645 1414 1685 a
1444 1629 1585 1684 faeie
1611 1638 1723 1684 ῑυθ-
2126 1643 2177 1698 6.
2197 1645 2595 1719 Ἀσθενήσουσι,
2619 1649 2713 1702 καὶ
2728 1629 3053 1704 ἀπολοῦνται
3072 1651 3178 1704 ἀπὸ
3195 1651 3493 1723 προσώπου
3517 1671 3635 1709 σου.

447 1729 503 1783 7.
530 1728 798 1795 Quoniam
851 1725 1029 1782 iecisti
1073 1724 1341 1796 judicium
1388 1739 1594 1787 meum,
1645 1730 1701 1777 et
1730 1737 1932 1777 causan

2153 1735 2179 1792 ’.
2209 1737 2331 1791 ’Ὁτι
2380 1739 2644 1811 ἐποίησας
2696 1740 2796 1813 τὴν
2846 1741 3028 1811 κρίσιν
3072 1759 3173 1814 μου
3210 1745 3305 1798 καὶ
3344 1744 3446 1817 τὴν
3479 1745 3638 1817 δίκην

378 1834 592 1886 meam;

2063 1844 2163 1899 μου
2181 1843 2194 1856 ⁸

447 1909 502 1966 8.
536 1910 735 1966 Sedisti
768 1926 931 1982 super
958 1910 1241 1975 thronum,
1282 1909 1375 1980 qui
1405 1907 1621 1979 judicas
1657 1907 1932 1976 justitiam

2129 1920 2180 1974 8.
2224 1920 2512 1985 Ἐκάθισας
2545 1922 2638 1976 ἐπὶ
2672 1921 2883 1990 θρόνου,
2916 1926 2944 1979 6
2972 1925 3175 1997 κρίνων
3195 1925 3569 1997 δικαιοσύνην.

448 2003 503 2059 9.
533 2003 829 2075 lncrepasti
855 2012 1063 2076 gentes,
1097 2011 1153 2058 et
1179 2002 1339 2074 periit
1369 2001 1606 2071 impius;

2229 2013 2599 2084 Ἐπετίμησας
2619 2013 2820 2078 ἔθνεσι,
2852 2018 2945 2070 καὶ
2977 2016 3223 2071 ἀπώλετο
3258 2018 3287 2070 6
3322 2017 3564 2089 ἀσεϐής·
3674 2016 3676 2019 Ι

450 2095 540 2150 10.
564 2095 775 2152 Nomen
799 2095 1189 2170 ejusdelevisti
1214 2095 1267 2148 in
1285 2103 1572 2156 aeternum,
1607 2099 1663 2146 et
1693 2091 1748 2146 in
1779 2105 1935 2147 saecu-

2150 2102 2216 2156 0.
2248 2102 2321 2155 Τὸ
2352 2103 2521 2175 ὄνομα
2544 2104 2708 2158 αὑτοῦ
2743 2096 3029 2177 ἐξήλειψας
3053 2109 3131 2171 εἰς
3161 2107 3253 2161 τὸν
3282 2107 3480 2174 αἰῶνα,
3538 2109 3635 2162 καὶ

376 2186 489 2242 lum
520 2188 726 2242 saeculi.

2088 2196 2135 2257 l;
2157 2194 2247 2248 τὶν
2282 2195 2456 2249 αἰῶνα
2504 2195 2599 2250 τοῦ
2630 2196 2845 2261 αἰῶνος.

448 2279 534 2333 11.
562 2278 772 2336 Inimici
800 2279 1113 2335 defecerunt
1140 2279 1360 2335 frameae
1405 2277 1460 2333 in
1493 2278 1658 2334 linem
1725 2285 1781 2333 et
1814 2278 1933 2333 civi-

2167 2286 2215 2340 1.
2244 2287 2350 2341 Τοῦ
2384 2288 2575 2361 ἐχθροῦ
2600 2289 2843 2356 ἐξέλιπον
2869 2291 2923 2344 αί
2949 2293 3209 2363 ρομφαῖαι
3226 2294 3306 2357 εἰς
3338 2294 3518 2363 τέλος,
3542 2297 3636 2351 καὶ

376 2376 515 2427 tates
547 2371 890 2428 destruxisti.

2054 2378 2240 2443 πόλεις
2277 2381 2548 2445 καθεῖλες.

1495 2465 1870 2522 ATHANASII
1911 2468 2505 2531 INTERPRETATIO.

447 2560 537 2626 14,
562 2560 654 2615 15.
683 2559 1065 2618 Diversitatem
1101 2560 1377 2633 signiﬁcat
1415 2561 1704 2615 hominum
1739 2561 1794 2615 in
1823 2576 1932 2616 eun

2161 2565 2214 2630 4,
2243 2567 2329 2622 15.
2355 2568 2464 2640 Τὴν
2488 2568 2747 2643 διαφορὰν
2774 2569 2918 2639 λέγει
2940 2571 3046 2626 τῶν
3070 2571 3374 2645 ἀνθρώπων
3398 2576 3516 2628 τῶν
3544 2592 3641 2629 περ

374 2647 738 2705 credentium.

2059 2656 2352 2711 στευόντων
2377 2657 2458 2721 εἰς
2487 2660 2669 2713 αὐτόν.

448 2740 538 2806 16,
572 2741 660 2795 17.
690 2740 831 2795 Aves
853 2737 976 2794 caeli
1003 2737 1360 2794 nominateos
1381 2739 1475 2808 qui
1498 2749 1733 2795 mentem
1761 2755 1816 2794 In
1840 2755 1933 2796 οωι

2154 2747 2217 2812 6,
2249 2749 2336 2803 17.
2363 2750 2446 2804 Τά
2472 2751 2694 2806 πετεινά
2716 2752 2809 2807 τοῦ
2829 2755 3057 2826 οὐρανοῦ
3081 2758 3228 2826 λέγει
3259 2760 3387 2824 τοὺς
3410 2760 3639 2832 ἔχοντας

376 2831 607 2890 lestibus
631 2830 862 2899 habent;
892 2831 1073 2901 pisces
1097 2838 1277 2885 autem
1305 2832 1495 2896 maris,
1520 2832 1613 2902 qui
1646 2832 1700 2886 in
1735 2847 1861 2888 mun

2178 2841 2413 2897 διάνοιαν
2441 2846 2521 2906 εἰς
2539 2843 2610 2897 τά
2633 2845 2930 2917 ἐπουράνια
2949 2865 2963 2878 ο
3004 2848 3192 2919 ἰχθύας
3219 2850 3278 2904 δὲ
3299 2852 3402 2924 τῆς
3434 2830 3642 2908 θαλάσς

382 2932 801 2981 conversantur.

2060 2947 2161 3002 σης
2192 2933 2316 2994 τοὺς
2340 2935 2398 2986 ὲν
2425 2932 2503 3004 τῷ
2536 2933 2724 3005 κόσμῳ
2755 2936 3275 3011 ἀναστρεφομένους.

446 3014 535 3069 18.
566 3015 817 3076 Domine,
847 3012 943 3083 qui
972 3012 1249 3068 redemisti
1284 3027 1382 3068 nos
1407 3015 1652 3084 pretioso
1684 3017 1931 3087 sanguint

2159 3024 2211 3078 8.
2244 3024 2439 3097 Κύριε.
2462 3029 2490 3079 6
2503 3025 2839 3100 ἑξαγοράσας
2860 3032 3007 3101 ἡμᾶς
3023 3032 3101 3105 τῷ
3116 3035 3280 3106 τιμίῳ
3301 3052 3397 3089 σου
3412 3037 3638 3108 αἵματι,

375 3114 492 3171 tuo,
512 3121 676 3176 quam
701 3103 1022 3160 bonorabile
1047 3113 1100 3159 et
1120 3105 1414 3176 gloriosum
1444 3116 1529 3162 est
1564 3123 1761 3163 nomen
1792 3118 1860 3162 tm

2156 3114 2367 3187 ἔντιμον
2416 3118 2509 3173 καί
2535 3118 2743 3187 ἔνδοξον
2772 3121 2835 3176 τὸ
2881 3123 3053 3196 ὄνομά
3074 3103 3082 3105 ⁷
3103 3103 3197 3180 σου
3251 3103 3314 3181 έν
3354 3103 3492 3183 πᾶσί
3522 3134 3641 3196 τοῖς

375 3209 431 3264 in
464 3197 720 3253 omnibus
754 3197 1008 3268 gentibus
1036 3199 1048 3251 l
1104 3187 1119 3204 ⁸

909 3197 1008 3251 bus
1036 3199 1048 3251 l
1104 3187 1119 3204 ⁸
2052 3203 2364 3276 ἀνθρώποις
2381 3209 2394 3262 ε

458 3289 523 3343 Ἦ
549 3289 887 3362 προκειμένη
919 3287 1197 3361 ἐπιγραφὴ
1223 3291 1272 3384 ήῌ
1295 3289 1380 3343 διὰ
1402 3290 1504 3361 τῆς
1532 3291 1900 3366 κινναϐάρεως
1933 3297 2173 3368 περιέχει
2193 3316 2209 3331 ο
2233 3301 2336 3366 Εἰς
2359 3301 2426 3354 τὸ
2455 3303 2650 3372 τέλος,
2683 3307 2836 3376 ὑπὲρ
2856 3309 2975 3362 τῶν
3003 3312 3270 3379 κρυφίων
3307 3313 3419 3368 τοῦ
3471 3315 3643 3384 υἱοῦ,

374 3384 618 3455 ψαλμὸς
656 3385 737 3451 τῷ
771 3384 967 3439 Δαϐίδ.
997 3384 1167 3438 Τοῦτο
1213 3381 1307 3439 οὖν
1353 3385 1529 3456 λέγει·
1584 3389 1701 3442 Ἐπ’
1750 3390 1979 3461 ἐσχάτου
2024 3392 2134 3447 τῶν
2158 3395 2379 3466 ἡμερῶν
2423 3398 2565 3470 ὑπὲρ
2598 3402 2708 3455 τῶν
2754 3402 3153 3474 ἀκαταλήπτων
3184 3407 3506 3480 μυστηρίων
3543 3381 3643 3463 τοθ

376 3480 508 3536 Υἰοῦ
544 3482 620 3554 (1)
642 3481 789 3551 λέγει
826 3482 917 3536 τὸν
950 3482 1163 3554 ψαλμὸν
1198 3482 1278 3556 τῷ
1306 3483 1381 3557 (2)
1410 3484 1592 3543 Δαὸίδ.

447 3571 689 3642 Titulus,
702 3574 797 3645 qui
816 3573 1025 3643 psalmo
1041 3575 1399 3645 praeponitur,
1419 3576 1703 3632 cinnabari
1719 3578 1977 3649 scriptus,
1994 3580 2270 3636 continet:
2292 3580 2360 3637 In
2373 3583 2553 3651 ﬁnem,
2570 3601 2663 3656 pro
2679 3588 2899 3643 occulti:
2909 3588 3034 3659 ﬁlii,
3051 3590 3287 3659 psalmus
3304 3591 3496 3649 David.
3520 3591 3647 3651 Hoc

373 3666 541 3740 igitur
573 3668 842 3739 signiﬁcat
874 3666 971 3722 :ln
1003 3669 1305 3725 novissimo
1322 3670 1409 3727 die
1430 3687 1530 3742 pro
1552 3672 2199 3744 incomprehensibilibus
2230 3680 2507 3750 mysteriis
2538 3680 2660 3735 Filii
2687 3682 3091 3749 Dei,psalmum
3118 3685 3252 3743 dicit
3283 3703 3408 3744 esse
3435 3687 3643 3758 David,

441 3761 494 3817 1.
517 3759 849 3827 Enuutiabo,
884 3758 1131 3825 Domine,
1164 3761 1220 3815 in
1249 3771 1365 3817 toto
1387 3765 1554 3820 corde
1579 3781 1731 3832 meo;

1972 3776 2013 3832 C
2118 3770 2170 3824 1.
2212 3770 2462 3839 Ἐξείπω,
2501 3773 2696 3846 Κύριε,
2724 3779 2782 3831 ἐν
2810 3777 2908 3852 ὅλῃ
2932 3779 3125 3851 καρδίᾳ
3157 3796 3258 3850 μου
3278 3797 3292 3810 ’

442 3853 497 3910 Ξ.
528 3855 595 3910 Et
617 3854 854 3909 narrabo
876 3855 1058 3910 omnia
1085 3855 1354 3911 mirabilia
1377 3867 1492 3924 tua,
1516 3862 1833 3916 recordatus
1854 3876 1927 3916 eo

2158 3899 2164 3912 .
2196 3860 2307 3914 Καὶ
2330 3862 2661 3935 διηγήσομαι
2693 3866 2872 3921 πάντα
2903 3869 2972 3922 τά
2997 3869 3280 3941 θαυμάσια
3315 3888 3411 3925 σου
3434 3912 3450 3938 ,
3487 3889 3643 3946 μνη-

372 3960 496 4001 rum
529 3961 652 4017 qua:
673 3962 703 4000 a
734 3955 784 4001 te
807 3962 906 4018 pro
937 3949 1094 4004 nobis
1122 3948 1264 4005 facta
1297 3960 1446 4006 sunt.

2050 3950 2195 4015 σθεὶς
2230 3952 2339 4005 τῶν
2362 3955 2468 4008 ὑπὸ
2499 3956 2591 4010 σοῦ
2622 3961 3004 4032 γεγενημένων
3027 3964 3168 4035 ὑπὲρ
3197 3964 3378 4035 ἡμῶν.

436 4037 493 4095 3.
528 4035 795 4105 Laetabor,
819 4047 874 4092 et
901 4039 1185 4096 exsultabo
1204 4041 1257 4095 in
1285 4042 1665 4099 recordatione
1692 4043 1801 4109 tui;

2156 4045 2652 4120 .Εὐφρανθήσομαι,
2666 4052 3344 4130 καὶάγαλλιάσομαιέπὶτῇ
3362 4060 3427 4130 σῇ
3444 4059 3641 4132 μνείᾳο

441 4129 496 4184 4.
526 4131 592 4184 Et
625 4132 910 4201 magniﬁce
937 4140 989 4187 te
1017 4133 1274 4188 laudabo.

2113 4137 2169 4191 4.
2203 4140 2313 4192 Καὶ
2335 4142 2647 4215 ’ἀνυμνήσω
2673 4163 2731 4198 σε
2758 4146 3211 4220 μεγαλοπρεπῶς.

441 4220 495 4276 5.
528 4220 813 4277 Diabolum
837 4223 1128 4293 signiﬁcat.

2111 4228 2163 4283 5.
2200 4230 2302 4283 Τὸν
2326 4232 2571 4289 διάὗολον
2598 4235 2765 4306 λέγει.

440 4312 495 4369 6.
530 4314 614 4369 Ab
642 4314 881 4370 adventu
915 4324 1031 4372 tuo.

2111 4320 2164 4376 6.
2220 4322 2351 4377 Ἀπὸ
2375 4326 2475 4397 τῆς
2499 4330 2804 4401 παρουσίας
2824 4348 2939 4388 σου.

439 4401 493 4458 7.
526 4401 880 4475 Consumptis
909 4405 1150 4464 inimicis
1182 4409 1342 4474 meis,
1373 4423 1463 4464 me
1488 4408 1800 4465 vindicasti.

2157 4452 2165 4465 .
2210 4412 2501 4486 Ἐποίησας
2524 4419 2622 4490 τὴν
2648 4420 2929 4495 ἐκδίκησιν
2960 4441 3062 4495 μου
3085 4428 3478 4494 καταναλώσας
3494 4449 3642 4499 τους

1039 4546 1046 4553 .
2041 4504 2271 4562 ὲγθρούς
2298 4525 2422 4562 μου.

439 4574 493 4630 8.
523 4572 869 4632 Constituisti
898 4577 1173 4649 apostolos
1216 4587 1339 4635 tuos
1379 4579 1672 4649 magistros
1699 4586 1924 4648 nostros,

2150 4522 2271 4576 ρους
2339 4525 2422 4562 ου.

2150 4635 2162 4648 .
2200 4525 2560 4670 Καξέστησας
2614 4603 2744 4667 τοὺς
2794 4604 3123 4673 ἀποστόλους
3182 4627 3277 4665 σου
3329 4616 3635 4683 παιδευτὰς

367 4662 938 4775 ᾶυὲεῐῖεὶηοεὶορετετί
959 4669 1257 4771 iustitiam.
1625 4768 1637 4775 Δ
1741 4768 1753 4775 Δ
1879 4763 1910 4774 η
2039 4685 2217 4756 ἡμῶν,
2242 4662 2551 4746 ὁδιδάσκων
2569 4662 2913 4768 δικαιοσύνην
2944 4662 3236 4771 ἐργάξεταί
3253 4662 3370 4775 ‘5):

416 4755 490 4811 ’9.
523 4756 599 4828 (a)
635 4756 982 4816 Admonuisti
1030 4769 1220 4831 gentes
1264 4774 1333 4815 ne
1356 4768 1677 4830 peccarent;
1706 4768 1760 4815 et
1780 4763 1901 4831 peril

2148 4818 2160 4833 .
2203 4778 2591 4853 Ἐνουθέτησας
2620 4785 2690 4838 τά
2718 4755 2879 4857 ἔθνη..
2897 4755 2991 4842 rex";
3021 4755 3111 4862 psi)-
3131 4755 3498 4863 ἁμαρτάνειψ
3530 4799 3633 4854 καὶ

366 4847 638 4904 diabolus.

2037 4863 2285 4920 ἀπώλετο
2317 4870 2345 4921 6
2371 4847 2634 4938 διάδολος.

436 4941 525 4998 10.
554 4941 840 4999 Diabolum
869 4946 967 5013 ait,
992 4961 1056 5000 ex
1095 4945 1235 5000 libro
1266 4945 1582 5000 viventium.

2110 4955 2198 5014 10.
2237 4960 2341 5015 Τδν
2380 4961 2623 5019 διάϐολον
2655 4967 2803 5037 λέγει
2839 4970 2903 5022 ὲκ
2936 4970 3118 5041 βίϐλου
3146 4971 3389 5037 ζώντων.

432 5031 521 5087 11.
548 5031 790 5093 Virtutes
814 5036 956 5108 ejus,
983 5044 1038 5091 ct
1064 5036 1430 5107 principatus,
1457 5046 1514 5092 et
1538 5046 1834 5109 potestates
1859 5040 1917 5096 si

2151 5049 2196 5101 Ι.
2235 5051 2347 5116 Τὰς
2376 5052 2635 5125 δυνάμεις
2664 5031 2851 5118 αὐτοῦ.
2877 5031 2970 5115 καὶ
2999 5063 3100 5127 τὰς
3134 5031 3333 5136 ἀρχὰς,
3372 5069 3468 5122 καὶ
3518 5071 3632 5138 τὰς

363 5123 607 5194 gniﬁcat.

1963 5131 2007 5184 Π
2032 5137 2281 5207 ἐξουσίας
2301 5143 2467 5217 λέγει.

1310 5220 1613 5285 Addenda
1643 5226 1706 5281 et
1735 5222 2111 5302 corrigenda
2162 5251 2241 5293 ex
2275 5237 2416 5297 cod.
2462 5239 2654 5300 Vatic.

458 5311 511 5404 1)
540 5314 650 5404 Eoi}
681 5315 868 5404 'lf‘loiiz‘
881 5315 1032 5404 deest
1065 5315 1118 5369 in
1149 5316 1272 5372 cod.

1117 5359 1118 5367 η
1149 5316 1272 5372 cod.
2107 5329 2183 5402 ('5)
2227 5332 2602 5404 Ἐργάξεσθαι.

455 5382 510 5453 2)
553 5384 633 5447 ου,
664 5385 795 5439 dicit
826 5385 1019 5440 David.

433 5473 511 5545 (a)
544 5472 861 5557 Yersiculus
888 5477 991 5531 iste
1019 5477 1074 5530 in
1103 5481 1289 5560 conice
1313 5487 1397 5560 est
1426 5479 1654 5560 ultimus
1678 5492 1870 5535 versus
1899 5496 2018 5562 pag.
2053 5484 2087 5538 8
2105 5523 2121 5549 ,
2150 5498 2179 5536 a
2211 5495 2380 5569 tergo.
2417 5490 2549 5556 Quae
2597 5504 2903 5563 sequuntur
2935 5500 3146 5569 pagina
3168 5519 3364 5562 novem
3386 5510 3625 5583 scripta

433 5553 486 5583 Μ
514 5546 623 5583 glm
649 5547 966 5583 nimi-animm
986 5562 1209 5583 nrnl-cnc
1232 5549 1478 5583 dmum-I-
1546 5556 1594 5583 nl
1625 5548 1795 5583 mnlm
1828 5565 1997 5583 mna-c-
2022 5565 2310 5583 -mm...m...
2379 5569 2424 5583 η.
2468 5563 2674 5583 ---μεμε
2724 5575 2738 5583 .
2793 5568 2825 5583 ι.
3225 5577 3237 5583 -
3345 5581 3353 5583 -

361 5553 491 5626 sunt
514 5546 623 5600 alio
648 5547 967 5627 charactere
986 5562 1211 5628 prorsus
1232 5548 1504 5613 dissimili,
1546 5556 1599 5600 et
1625 5548 1795 5629 multo
1828 5546 2000 5622 magis
2022 5546 2335 5621 recentiori,
2375 5546 3624 5653 et‘cominéiiﬁiiiér§£.?."3iiii553"in‘l'é}3}:f

361 5620 621 5653 Inllnnnm
643 5624 693 5653 nl
724 5615 830 5653 alin
860 5615 1001 5653 cluln
1038 5626 1293 5653 ctu-Initum
1352 5617 1475 5653 “mn
1501 5626 1679 5653 gulam
1708 5632 1910 5653 ιηαοιοιη
1946 5623 2161 5653 “hinc..-
2191 5627 2253 5653 ..Α
2288 5631 2642 5653 ..η-..ιμυιη-Δ
2689 5650 2732 5653 ,Α
2765 5637 2798 5653 ι-
2840 5638 2850 5650 ι
2945 5638 2958 5653 ι
3001 5640 3021 5653 ρ
3371 5652 3380 5653 ,

360 5614 846 5720 ἓξὲἒπζθίέὶεὲςὲἒῗᾶ
860 5614 1126 5720 55116.3?
1123 5618 1317 5720 ΞΕξέιῖἷέ
1337 5617 1680 5720 Ξξῇθὲξὲ
1696 5614 3623 5720 ,ἱῗὲεἱῗέἰῖινὶἳίὲῗὲῑῇεἲΞίιὲνὶίὲπίάιίιῦ’ἕάῧάίῖἆὲἓὲρῖάὶίῗῗέιὶῖῗὲίῗξῐ

360 5676 495 5752 dixi,
519 5700 552 5739 a
574 5684 846 5743 versiculo
883 5676 1095 5742 d'ecimo
1122 5676 1317 5757 psalmi
1337 5687 1503 5760 hujus
1531 5686 1664 5743 noni
1696 5702 1870 5759 usque
1892 5692 1960 5748 ad
1987 5676 3207 5778 insibilat;32655.3ib"n"iii°p§;i£§ﬁ'§ii
3231 5685 3248 5713 ’
3288 5676 3382 5720 tu"
3410 5676 3518 5722 εδι,
