3760 6388
167 295 257 350 677
1071 290 1160 345 DE
1199 291 1478 348 TITULIS
1518 292 1969 350 PSALMORUM.
2013 323 2081 333 —
2119 293 2312 348 PSAL.
2355 290 2448 348 IX.
3281 293 3390 354 67‘:

226 407 305 464 12.
349 405 625 458 Ἀπώλετο
648 405 709 456 τὸ
741 403 1081 474 μνημόσυνον
1113 405 1290 459 αὐτῶν
1326 407 1440 476 μετ’
1481 408 1643 477 1ἡδίου-

222 499 301 554 15.
331 498 440 551 Καὶ
463 499 490 549 ὁ
515 496 721 567 Κύριος
747 496 826 558 είς
847 494 936 548 τὸν
970 494 1138 548 αἰῶνα
1172 496 1340 565 μένει.

223 591 300 645 ll.
345 587 674 657 Ἠτοίμασεν
703 589 760 640 ὲν
785 587 962 657 κρίσει
995 588 1088 639 τὸν
1121 587 1309 658 θρόνον
1337 588 1502 643 αὑτοῦ
1521 606 1535 620 ο

226 680 304 735 15.
324 678 432 732 Καὶ
457 679 626 741 αὐτὸς
644 680 817 748 κρινεῖ
833 678 928 747 τὴν
944 679 1267 749 οἰκουμένην
1289 680 1346 733 ἐν
1361 679 1674 753 δικαιοσύνῃ

227 771 300 827 16.
337 772 532 841 Κρινεῖ
559 770 721 830 λαοὺς
746 771 803 821 ὲν
836 769 1111 838 εύθύτητι,

229 864 306 916 17.
343 862 452 915 Καὶ
481 862 704 926 ἐγένετο
734 861 936 932 Κύριος
967 863 1257 932 καταφυγὴ
1285 863 1362 932 τῷ
1393 863 1606 936 πένητι,

227 954 299 1008 18.
328 953 534 1024 Βοηθὸς
557 955 617 1006 ἐν
642 953 964 1024 εὐκαιρίαις,
1011 955 1068 1006 ὲν
1095 953 1324 1022 θλίψεσι.

227 1046 301 1100 19.
341 1045 448 1098 Καὶ
503 1044 882 1098 ἐλπισάτωσαν
924 1043 1015 1096 ἐπὶ
1068 1045 1150 1096 σοὶ
1178 1045 1226 1096 οἱ
1260 1043 1616 1113 γινώσκοντες
1654 1047 1715 1100 τὸ

169 1137 311 1207 δνομά
335 1153 426 1188 σου
443 1152 457 1166 ο

220 1228 538 1298 20.”Οτιεούκ
549 1227 904 1296 ἐγκατέλιπες
913 1228 1038 1291 τοὺς
1049 1229 1147 1292 ex;
1151 1227 1408 1298 ητοῦντάς
1425 1247 1504 1294 σε,
1522 1232 1711 1302 Κύριε.

223 1322 299 1376 21.
331 1322 553 1376 Ψάλατε
583 1321 664 1391 τῷ
694 1321 881 1392 Κυρίῳ
918 1320 994 1390 τῷ
1023 1321 1363 1373 κατοικοῦντι
1393 1323 1449 1373 ἐν
1482 1322 1638 1376 Σιών·

224 1414 303 1468 22.
341 1414 732 1483 Ἀναγγείλατε
761 1416 818 1466 ὲν
851 1415 963 1475 τοῖς
1001 1412 1176 1466 ἔθνεσι
1215 1413 1281 1466 τὰ
1313 1415 1716 1488 ἐπιτηδεύματα

169 1505 326 1558 αὐτοῦ’

224 1597 302 1651 25.
332 1597 455 1650 ’Ὁτι
479 1601 509 1652 ὁ
536 1598 784 1671 ἐκζητῶν
807 1599 874 1654 τὰ
907 1602 1113 1672 αἵματα
1145 1602 1324 1655 αὐτῶν
1360 1602 1606 1675 ἐμνήσθη
1628 1619 1639 1634 ·

221 1772 296 1827 24.
327 1775 442 1828 Ούκ
471 1775 772 1830 ἐπελάθετο
799 1777 898 1848 τῆς
922 1780 1168 1850 κραυγῆς
1203 1781 1313 1833 τῶν
1344 1782 1615 1852 πενήτων.

223 1867 301 1922 25.
343 1868 601 1940 Ἐλέησόν
636 1886 724 1939 με,
760 1869 959 1936 Κύριε·
1004 1871 1078 1925 ἴδε
1115 1871 1212 1942 τὴν
1249 1873 1572 1927 ταπείνωσίν
1613 1891 1712 1945 μου

166 1959 218 2012 ἐκ
241 1959 337 2012 τῶν
361 1959 579 2030 ἐχθρῶν
607 1977 709 2031 μου

221 2051 296 2104 26.
337 2051 394 2104 '0
420 2050 578 2121 ὑψῶν
613 2069 680 2121 με
712 2053 776 2104 ὲκ
807 2051 913 2104 τῶν
943 2053 1124 2106 πυλῶν
1154 2054 1246 2106 τοῦ
1276 2054 1534 2120 θανάτου,

218 2142 295 2195 27.
330 2143 519 2206 Ὅπως
549 2143 618 2196 ἂν
647 2143 943 2212 έξαγγείλω
971 2148 1149 2210 πάσας
1173 2147 1272 2212 τὰς
1296 2149 1530 2212 αἰνέσεις
1559 2166 1652 2202 σου

222 2234 300 2288 28.
345 2235 432 2288 Ἑν
457 2238 584 2299 ταῖς
614 2237 809 2300 πύλαις
833 2238 930 2308 τῆς
961 2238 1228 2311 θυγατρὸς
1260 2241 1421 2294 Σιών.

223 2326 300 2382 29.
351 2328 826 2399 Ἀγαλλιασόμεθα
849 2331 938 2382 ἐπὶ
963 2330 1038 2401 τῷ
1067 2333 1318 2402 σωτηρίῳ
1353 2350 1465 2386 σου.

221 2419 295 2472 50.
342 2421 728 2494 Ἐνεπάγησαν
758 2423 884 2493 ἔθνη
913 2425 971 2476 ὲν
999 2420 1339 2498 διαφθορᾷ,
1365 2425 1643 2496 ἐποίησαν.

223 2511 301 2566 51.
339 2514 426 2566 Ἐν
482 2515 680 2584 παγίδι
719 2515 910 2590 ταύτῃ,
1031 2517 1300 2589 ἔκρυψαν,
1362 2518 1668 2592 συνελήφθη
1693 2533 1724 2574 o

168 2607 281 2668 ποῦς
309 2607 511 2663 αὐτῶν.

1743 413 1794 470 Α
1892 404 1977 458 12.
2009 403 2174 458 Periit
2207 405 2469 461 memoria
2490 419 2680 460 eorum
2712 421 2839 462 cum
2879 407 3102 476 sonitu;

1889 497 1976 550 15.
2006 498 2070 549 Ει
2104 487 2364 554 Dominus
2391 497 2445 551 in
2481 505 2744 553 aeternum
2781 508 3084 568 permanet.

1890 589 1973 642 14.
2010 588 2230 643 Paravit
2252 591 2305 644 in
2332 591 2541 660 judicio
2563 592 2820 646 thronum
2852 607 3052 658 suum;

1886 681 1972 735 15.
2009 680 2074 735 Et
2101 682 2215 751 ipse
2231 683 2500 751 judicabit
2529 684 2714 739 orbem
2752 695 2910 740 terra:
2944 687 2999 740 in
3026 687 3282 757 arquitatc
3311 705 3326 754 ;

1889 771 1970 825 .6.
2005 771 2278 828 Judicabit
2311 777 2540 844 populos
2575 776 2627 830 in
2653 777 2888 845 justitia,

1882 865 1969 918 17.
1999 863 2064 918 Et
2097 865 2272 921 factus
2299 877 2382 922 est
2419 866 2679 923 Dominus
2704 869 2973 940 refugium
3007 867 3258 940 pauperi,

1887 955 1972 1008 18.
1989 956 2285 1026 Adjutorin
2309 961 2891 1032 opportunitatibusfjn
2914 963 3384 1017 tribulationibus.

1886 1047 1973 1103 19.
2014 1047 2080 1102 Et
2109 1060 2324 1118 sperent
2359 1052 2413 1104 in
2439 1060 2508 1114 te,
2532 1053 2623 1121 qui
2664 1063 2930 1108 noverunt
2953 1069 3152 1110 nomen
3183 1064 3336 1109 tuum
3363 1070 3384 1122 ;

1882 1224 2247 1292 20.Quoniam
2265 1243 2370 1283 non
2387 1229 2720 1300 dereliquisti
2735 1239 3036 1300 querentes
3050 1241 3122 1294 te.
3137 1231 3366 1290 Domine

1883 1317 1975 1372 21.
2015 1317 2235 1374 Psallite
2267 1320 2499 1375 Domino
2523 1324 2615 1392 qui
2655 1325 2862 1378 habitat
2891 1325 2944 1378 in
2979 1324 3145 1390 Sion;

1883 1409 1974 1465 22.
2017 1411 2348 1466 Annuntiate
2388 1413 2531 1468 inter
2569 1425 2755 1486 gentes
2787 1417 2970 1470 studia
2996 1417 3150 1486 ejus;

1883 1624 1973 1678 25.
2015 1623 2283 1690 Quoniam
2309 1625 2592 1696 requirens
2614 1626 2934 1695 sanguinem
2958 1641 3169 1692 eorum,
3202 1642 3386 1682 recor-

1817 1715 1978 1768 datus
2011 1723 2131 1779 est;

1748 1765 1790 1822 Β
1887 1801 1978 1855 24.
2034 1803 2149 1858 Non
2184 1815 2267 1860 est
2303 1808 2502 1863 oblitus
2531 1807 2825 1863 clamorem
2856 1823 3178 1877 pauperum.

1889 1891 1976 1947 25.
2019 1893 2275 1952 Miserere
2329 1901 2457 1964 mei,
2512 1899 2738 1955 Domine
2789 1918 2803 1953 :
2859 1900 2980 1955 vide
3035 1899 3392 1966 humilitatem

1820 1997 1995 2038 meam
2027 1985 2094 2040 de
2124 1988 2358 2045 inimicis
2399 1992 2565 2056 meis;

1887 2076 1976 2128 26.
2021 2077 2124 2153 Qui
2151 2081 2356 2135 exaltas
2385 2099 2470 2136 me
2503 2083 2569 2138 de
2602 2085 2772 2152 portis
2798 2084 3008 2149 mortis,

1887 2165 1978 2220 27.
2021 2167 2089 2223 Ut
2119 2173 2435 2226 annuntiem
2465 2189 2655 2229 omnes
2683 2175 3023 2230 laudationes
3052 2180 3190 2242 tuas

1889 2255 1980 2310 28.
2024 2257 2080 2312 ln
2123 2261 2294 2328 portis
2322 2261 2445 2318 ﬁlia:
2473 2263 2624 2318 Sion.

1889 2348 1979 2403 29.
2022 2349 2432 2409 Exsultabimus
2471 2355 2524 2409 in
2560 2355 2785 2410 salutari
2827 2365 2942 2409 tuo.

1889 2440 1976 2495 50.
2020 2440 2202 2497 latim:
2226 2453 2355 2498 sunt
2380 2455 2567 2516 gentes
2588 2445 2642 2499 in
2669 2446 2910 2508 interitu,
2938 2461 3098 2515 quem
3125 2443 3392 2502 fecerunt.

1888 2529 1978 2586 51.
2022 2530 2077 2585 ln
2104 2533 2299 2603 laqueo
2331 2535 2458 2602 isto,
2488 2550 2648 2604 quem
2684 2536 3112 2603 absconderunt,
3146 2551 3395 2605 compre-

1821 2623 2028 2678 hensus
2062 2635 2144 2679 est
2175 2641 2269 2695 pes
2299 2640 2510 2682 eorum.

1275 2727 1649 2788 ATHANASII
1689 2734 2276 2800 INTERPRETATIO.

224 2820 298 2873 12.
326 2821 515 2884 Οὕτως
547 2821 846 2884 ἀταῦλοντο,
874 2820 1014 2875 ὣστε
1047 2823 1315 2894 ἀκουστὴν
1341 2824 1463 2892 γενέ
1474 2824 1595 2878 σθαι
1620 2825 1721 2898 τὴν

163 2911 406 2966 ἀπώλειαν
434 2913 648 2978 αὐτῶν,
686 2914 779 2966 καὶ
810 2913 942 2984 μηδὲ
966 2915 1184 2986 μνήμην
1217 2915 1394 2969 αὐτῶν
1435 2917 1718 2989 φέρεσθαι·

224 3005 298 3058 15.
343 3008 400 3059 '0
433 3007 498 3060 δὲ
540 3006 747 3076 Κύριος
773 3006 936 3069 ἀΐδιος
969 3007 1080 3077 ζωή
1115 3007 1280 3064 ἐστιν.

222 3097 298 3154 14.
328 3100 620 3171 Προώρισε
642 3098 734 3151 τὸν
759 3098 944 3170 θρόνον
974 3099 1161 3157 αὐτοῦ.

224 3190 300 3244 15.
328 3191 509 3255 Αὐτὸς
530 3191 642 3264 γὰρ
668 3193 845 3262 κρινεῖ
866 3192 1081 3262 ἑκάστῳ
1111 3191 1253 3246 κατὰ
1278 3191 1348 3246 τὰ
1373 3190 1510 3263 ἔργα
1535 3191 1720 3264 αὑτοῦ,

227 3366 302 3420 16.
346 3367 584 3440 Ὀρθῶς,
624 3369 1144 3441 ἀπροσωπολήπτως

223 3457 300 3519 17,
325 3459 409 3513 18.
439 3459 653 3530 Βοηθὸς
684 3461 740 3510 ὲν
771 3461 1097 3531 εὐκαιρίαις,
1124 3461 1182 3513 ὲν
1211 3459 1452 3530 θλίψεσιν
1476 3478 1490 3492 ·
1521 3465 1723 3517 εὐκαι-

162 3548 314 3613 ρίαις,
363 3550 551 3618 λέγει,
607 3550 813 3602 ὡσανεὶ
863 3552 921 3603 ἐν
965 3551 1041 3622 τῷ
1081 3547 1220 3605 εἶναι
1273 3553 1364 3606 τὸν
1411 3553 1620 3626 πένητα
1657 3558 1724 3631 τῇ

167 3636 286 3712 ψυχῇ
316 3642 650 3713 ἀϐοήθητον,
685 3643 872 3710 ἐγένου
908 3643 1056 3714 αύτῴ
1086 3643 1299 3715 βοηθός.

223 3838 298 3893 19.
337 3843 398 3894 Οἱ
428 3841 549 3912 γὰρ
583 3841 659 3913 μὴ
686 3840 902 3909 γνόντες
931 3841 1090 3895 αὑτὸν
1120 3841 1471 3914 ἐσταύρωσαν
1506 3845 1688 3900 αὐτόν.

222 3930 302 3985 20.
341 3934 485 3996 Τοὺς
520 3931 917 3996 ὲπιποθοῦντάς
949 3950 1028 3996 σε,
1057 3933 1249 4004 Κύριε.

222 4021 301 4076 21.
354 4025 740 4095 Ἀνυμνήσατε
761 4023 852 4076 τὸν
871 4026 1166 4096 οἰκήσαντα
1183 4027 1386 4099 Κύριον
1405 4029 1462 4082 ἐν
1480 4032 1543 4101 τῇ
1566 4030 1723 4095 Σιὼν,

168 4111 272 4166 ενθα
300 4114 456 4187 ὤφθη
467 4159 482 4172 .

221 4207 302 4263 22.
352 4209 825 4279 Ἐπιτηδεύματα
859 4210 1042 4263 αὑτοῦ
1063 4226 1077 4240 ’
1105 4209 1172 4263 τὰ
1194 4211 1534 4282 δικαιώματα
1557 4213 1718 4281 λέγει.

220 4299 304 4356 25.
339 4297 497 4371 Αἷμα
526 4301 679 4369 λέγει
711 4299 810 4362 τὰς
831 4299 1004 4370 ψυχὰς
1033 4300 1229 4354 αὐτῶν.

1894 2835 1984 2889 12.
2013 2835 2091 2891 Ita
2129 2846 2372 2908 pereant,
2414 2847 2474 2894 ut
2501 2853 2692 2894 eorum
2730 2839 2888 2892 ruina
2921 2836 3193 2901 audiatur,
3217 2851 3394 2907 neque

1825 2925 1936 2979 ulla
1965 2941 2155 2980 eorum
2183 2927 2441 2981 memoria
2474 2927 2707 2997 supersit
2747 2945 2761 2980 :

1900 3017 1988 3070 15.
2026 3017 2292 3073 Dominus
2322 3025 2503 3072 autem
2537 3027 2737 3072 aeterna
2767 3015 2876 3071 vita
2904 3024 3004 3072 est.

1899 3110 1985 3164 14.
2017 3110 2312 3167 Ρτωιὶηὶνὶι
2341 3112 2599 3166 thronum
2633 3125 2814 3165 suum.

1894 3202 1982 3258 15.
2011 3203 2130 3273 ipse
2157 3204 2302 3259 enim
2331 3203 2399 3260 de
2429 3217 2761 3274 unoquoque
2777 3199 3048 3270 judicabit
3087 3199 3393 3256 secundum

1826 3307 1993 3364 opera
2021 3295 2166 3364 ejus,

1898 3385 1985 3439 16.
2019 3383 2186 3441 Recte
2210 3392 2263 3440 et
2298 3385 2416 3440 sine
2438 3399 2796 3455 personarum
2825 3382 3164 3453 acceptione.

1898 3474 2103 3538 17,18.
2141 3475 2373 3545 Adjutor
2418 3475 2473 3528 in
2521 3474 3041 3544 Opportunitatibus,
3072 3473 3124 3526 in
3170 3472 3399 3528 tribula-

1826 3567 2070 3622 tionibus
2097 3586 2111 3622 :
2143 3567 2198 3622 in
2219 3567 2702 3638 opportunitatibus
2727 3566 2877 3629 dicit,
2917 3564 3085 3619 veluti
3114 3579 3238 3618 cum
3274 3579 3398 3618 am-

1826 3675 1914 3714 ma
1940 3676 2142 3730 pauper
2175 3669 2340 3725 esset,
2371 3669 2426 3716 et
2453 3661 2573 3716 sine
2618 3659 2902 3728 adjutore,
2943 3655 3122 3712 factus
3159 3671 3235 3724 es
3283 3655 3392 3725 ipsi

1826 3751 2063 3821 adiutor.

1895 3843 1984 3897 19.
2027 3841 2238 3897 Etenim
2268 3857 2378 3896 non
2407 3848 2800 3911 cognoscentes
2822 3837 3395 3904 eum,cruci1ixerunt.

1895 3935 1987 3990 20.
2034 3935 2413 3990 Desiderantes
2447 3942 2520 4000 te,
2561 3932 2813 3996 Domine,

1894 4029 1986 4082 21.
2027 4027 2267 4084 Laudate
2299 4025 2614 4093 Dominum,
2661 4024 2756 4094 qui
2790 4023 3000 4077 habitat
3031 4021 3086 4076 in
3121 4018 3276 4084 Sion,
3303 4017 3397 4073 ubi

1825 4120 1978 4174 visus
2015 4127 2118 4173 est.

1895 4210 1986 4264 22.
2028 4209 2220 4263 Studia
2248 4207 2383 4276 ejus,
2412 4205 2658 4275 justitias
2686 4204 2978 4273 signiﬁcat.

1896 4302 1984 4356 25.
2027 4300 2354 4370 Sanguinem
2386 4307 2544 4354 vocat
2577 4297 2786 4350 animas
2813 4310 3020 4349 eorum.

220 4389 300 4445 24.
343 4392 464 4460 Τὴν
503 4389 783 4460 κραυγὴν
809 4388 926 4442 τῶν
955 4389 1246 4456 πενήτων,
1273 4391 1379 4444 τῶν
1426 4393 1595 4459 ἁγίων
1639 4393 1696 4446 λέ

1896 4393 1986 4448 24.
2029 4391 2324 4445 Clamorem
2373 4404 2682 4460 pauperum,
2733 4387 3025 4441 clamorem
3079 4388 3395 4437 sanctorum

165 4497 254 4547 γει.

221 4575 303 4632 25.
341 4577 464 4630 Τῶν
491 4574 760 4629 διαϐόλων
791 4573 958 4642 λέγει.

220 4665 299 4722 26.
338 4671 552 4734 Πύλας
564 4664 827 4721 θανάτου
843 4666 990 4735 λέγει
1005 4667 1102 4730 τὰς
1121 4665 1338 4736 διδαχὰς
1352 4667 1442 4720 τοῦ
1459 4667 1723 4722 διαόόλου.

219 4754 298 4808 27.
340 4757 534 4821 Ὅπως
558 4755 628 4808 ἂν
657 4754 879 4826 κηρύξω
906 4756 1085 4818 πάσας
1109 4755 1208 4818 τὰς
1235 4757 1508 4826 εὐφημίας
1543 4775 1656 4812 σου.

220 4845 299 4901 28.
339 4845 495 4902 Σιὼν
540 4848 642 4918 μὲν
683 4846 1042 4916 ἑρμηνεύεται
1084 4847 1550 4915 σχοπε·υτήριον’
1601 4849 1729 4915 περὶ

165 4935 211 4989 δὲ
237 4943 329 5010 τῆς
361 4941 476 4994 ἄνω
513 4937 876 5010 Ἰερουσαλὴμ
903 4937 1071 5006 λέγει.

221 5031 300 5086 29.
352 5028 830 5101 Ἀγαλλιασόμεθα
863 5031 920 5081 ὲν
951 5029 1026 5100 τῷ
1053 5029 1215 5084 πάθει
1250 5047 1363 5095 σου,
1393 5031 1560 5100 λέγει.

224 5124 308 5188 50,
337 5126 432 5180 ’51.
475 5124 652 5192 Ἐθνη
693 5121 840 5188 λέγει
869 5121 965 5185 τὰς
995 5122 1252 5194 δυνάμεις
1284 5123 1376 5176 τοῦ
1403 5122 1598 5194 ἐχθροῦ
1632 5124 1718 5190 ἐμ.

164 5215 431 5282 παγεῐσας,
463 5217 560 5269 καὶ
593 5210 993 5282 συλληφθείσας
1033 5213 1125 5266 ἐπὶ
1163 5214 1440 5284 συντελείᾳ
1463 5213 1569 5267 τῶν
1599 5213 1728 5267 αἰώ-

165 5321 253 5358 νων
282 5309 337 5361 ὲν
380 5311 501 5370 ταῖς
535 5305 817 5375 ἀνομίαις,
849 5299 936 5367 αἷς
965 5306 1117 5358 αὐτοὶ
1163 5305 1422 5376 ἐφεῦρον·
1457 5306 1543 5359 διὰ
1573 5305 1728 5358 τοῦτο

165 5395 326 5468 λέγει·
374 5403 429 5454 '0
483 5399 644 5463 ποῦς
687 5395 886 5449 αὐτῶν
937 5383 1308 5466 συνελήφθη,
1358 5398 1600 5451 τουτέστι
1661 5397 1727 5450 τὰ

166 5489 346 5562 ἔσχατα
367 5495 546 5548 αὐτῶν
566 5509 580 5521 ·
610 5487 766 5550 τέλος
791 5485 897 5558 γὰρ
924 5490 1122 5554 παντὸς
1148 5489 1240 5542 τοῦ
1266 5487 1517 5558 σώματος
1541 5490 1568 5548 ό
1590 5487 1727 5551 ποῦς

166 5582 293 5636 ἐστι’
321 5587 402 5640 διὸ
431 5588 528 5642 καὶ
559 5581 852 5652 Θεωρεῖται
875 5581 966 5633 καὶ
989 5581 1370 5654 ἀλληγορεῖται
1399 5581 1480 5644 εἰς
1506 5579 1575 5634 τὰ
1598 5579 1724 5651 τέλη

165 5675 254 5728 τῶν
287 5679 512 5735 αἰώνων.

1828 4493 2004 4539 vocat.

1894 4573 1984 4628 25.
2025 4571 2101 4628 De
2127 4570 2355 4627 diabolis
2387 4568 2464 4624 ait

1895 4667 1985 4719 26.
2027 4663 2222 4718 Portus
2244 4662 2438 4715 mortis
2461 4667 2639 4720 vocat.
2673 4657 2952 4712 doctrinas
2980 4654 3201 4710 diaboli.

1900 4759 1989 4812 27.
2034 4757 2104 4813 Ut
2138 4755 2424 4827 praedicem
2457 4769 2647 4807 omnes
2677 4751 2867 4805 laudes
2901 4759 3041 4804 tuas.

1892 4850 1985 4904 28.
2027 4849 2158 4903 Sion
2181 4845 2397 4916 quidem
2426 4845 2808 4913 interpretatur
2831 4841 3042 4910 specula
3067 4856 3085 4894 :
3117 4839 3182 4894 de
3205 4853 3397 4909 super-

1825 4959 1894 4997 na
1927 4941 2227 4997 Jerusalem
2264 4939 2526 5008 loquitur.

1893 5037 1982 5091 29.
2023 5033 2430 5088 Exsultabimus
2460 5032 2511 5084 in
2539 5029 2794 5099 passione
2831 5036 2942 5089 tua.
2975 5025 3175 5094 inquit.

1893 5129 1983 5191 50,
2019 5128 2108 5181 51.
2144 5124 2332 5179 Gentes
2385 5131 2543 5178 vocat
2569 5121 2892 5191 ’potestates
2943 5114 3153 5170 inimici
3188 5111 3245 5167 in
3289 5111 3397 5166 ﬁne

1825 5221 2149 5276 saeculorum
2198 5218 2416 5282 intixas,
2449 5223 2505 5269 et
2537 5211 2967 5280 comprehensas
3005 5207 3059 5260 in
3091 5202 3396 5273 iniquitati-

1824 5313 1948 5376 bus,
1979 5327 2116 5381 quas
2145 5309 2247 5378 ipsi
2275 5310 2630 5368 invenerunt;
2657 5309 2937 5372 propterea
2976 5297 3110 5352 dicit
3139 5315 3152 5349 :
3189 5293 3285 5348 Pes
3309 5309 3396 5347 eo-

1827 5420 1944 5457 rum
1964 5402 2362 5472 comprehensus
2392 5406 2490 5462 est,
2515 5397 2618 5449 hoc
2644 5400 2728 5447 est
2752 5404 2942 5444 eorum
2971 5386 3300 5450 novissima;
3331 5381 3400 5438 ﬁ-

1825 5497 1912 5551 nis
1940 5497 2087 5551 enim
2120 5495 2286 5551 totius
2321 5487 2566 5560 corporis
2601 5500 2698 5555 pes
2721 5493 2842 5549 est;
2873 5490 3158 5552 prepterea
3195 5476 3399 5549 allego-

1825 5589 1938 5643 rice
1966 5586 2366 5647 consideratur,
2395 5589 2448 5636 et
2479 5577 2682 5635 dicitur
2713 5575 2779 5632 de
2805 5572 3130 5631 saeculorum
3161 5569 3289 5626 ﬁne.
