3760 6388
321 313 425 372 σῗθ
1194 305 1252 359 S.
1290 301 1670 360 ATHANASII
1709 300 1864 358 OPP.
1905 298 2090 353 PARS
2128 297 2219 352 lll.
2255 326 2320 337 —
2357 294 2768 351 EXEGETICA.
3471 297 3585 352 680

392 428 482 484 52.
521 425 890 496 Cognoscetur
917 420 1180 476 Dominus
1206 420 1410 491 judicia
1440 419 1667 474 faciens.

1921 423 1968 480 Α
2013 493 2019 502 1
2068 413 2156 467 52.
2190 412 2516 466 Γινώσκεται
2550 411 2754 484 Κύριος
2788 411 3029 482 κρίματα
3052 411 3241 467 ποιῶν.

393 521 484 576 55.
525 519 583 574 In
613 518 871 588 operibus
903 530 1165 570 manuum
1197 529 1420 570 suarum
1470 511 1878 582 comprehensu:

2101 506 2168 559 i5.
2223 506 2310 558 ’Ev
2358 509 2471 569 τοῖς
2495 505 2676 576 ἔργοις
2703 504 2812 557 τῶν
2842 505 3038 575 χειρῶν
3065 505 3232 560 αὑτοῦ
3267 505 3586 578 συνελήφθη

323 621 406 669 est
435 620 709 682 peccator.

2003 600 2030 652 ὁ
2055 598 2393 670 ἁμαρτωλός.

395 703 484 756 δι.
525 701 923 755 Convertantur
951 704 1269 768 peccatores
1299 696 1353 750 in
1376 694 1688 761 infernum;

2096 691 2158 744 ιι.
2198 692 2728 762 Ἀποστραφήτωσαν
2759 691 2809 743 οἱ
2835 689 3150 760 ἁμαρτωλοὶ
3190 691 3269 754 είς
3298 689 3391 744 τὸν
3418 688 3581 760 ᾅδην·

307 807 316 816 ’
393 793 483 849 55.
525 792 728 848 Omnes
757 800 950 862 gentes
979 804 1102 859 qua
1133 789 1531 844 obliviscuntur
1564 788 1751 843 Deum.

2071 783 2159 837 55.
2192 783 2372 835 Πάντα
2394 781 2464 834 τὰ
2488 782 2613 853 ἔθνη
2639 781 2710 834 τὰ
2739 781 3203 852 ἐπιλανθανόμενοι
3231 781 3327 835 τοῦ
3366 781 3524 835 Θεοῦ.

393 885 484 940 56.
525 883 794 950 Quoniam
830 897 936 936 non
963 882 1016 935 in
1048 881 1209 935 ﬁnem
1242 880 1444 935 oblivio
1472 880 1576 934 erit
1604 878 1860 948 pauperis

2073 875 2162 928 56.
2205 876 2325 928 ’Ὀτι
2353 875 2452 927 οὐκ
2484 876 2564 938 είς
2598 874 2748 938 τέλος
2775 873 3160 947 ὲπιλαθήσεται
3193 877 3221 928 ὁ
3254 876 3470 944 πτωχός
3491 891 3506 905 ο

396 977 486 1031 57.
526 975 793 1030 Patientia
825 988 1126 1044 pauperum
1155 988 1264 1026 non
1291 971 1487 1042 peribit
1512 971 1567 1024 in
1597 971 1784 1024 ﬁnem.

2111 969 2162 1023 7.
2215 969 2281 1021 Ἠ
2308 967 2552 1040 ὑπομονὴ
2585 967 2694 1020 τῶν
2747 968 2992 1039 πενήτων
3043 969 3145 1021 οὐκ
3187 969 3472 1022 ἀπολεῖται
3503 969 3591 1031 εἰς

2001 1059 2169 1123 τέλος.

397 1157 485 1212 58.
526 1155 793 1225 Exsurge,
824 1152 1073 1217 Domine,
1100 1167 1209 1206 non
1243 1150 1579 1206 confortetur
1612 1149 1778 1203 homo
1807 1166 1821 1202 :

2098 1153 2160 1206 38.
2199 1151 2504 1223 Ἀνάστηθι,
2524 1153 2716 1223 Κύριε,
2744 1152 2816 1224 μὴ
2844 1153 3222 1226 κραταιούσθω
3250 1154 3545 1226 ἄνθρωπος
3567 1171 3583 1185 ·

396 1249 486 1303 59.
528 1246 849 1303 Judicentur
882 1255 1070 1314 gentes
1103 1243 1156 1296 in
1189 1251 1482 1310 conspectu
1517 1251 1632 1294 tuo.

2068 1245 2156 1300 59.
2199 1245 2559 1316 Κριθήτωσαν
2589 1245 2715 1314 ἔθνη
2746 1245 2976 1299 ἐνώπιόν
3005 1263 3119 1300 σου.

396 1338 485 1392 40.
529 1337 832 1398 Constitue,
862 1334 1106 1398 Domine,
1133 1334 1498 1402 legislatorem
1531 1347 1695 1402 super
1721 1345 1814 1386 eos
1849 1351 1862 1384 :

2070 1339 2158 1392 40.
2190 1339 2564 1408 Κατάστησον,
2602 1337 2792 1408 Κύριε,
2823 1337 3117 1409 νομοθέτην
3142 1339 3227 1390 ἐπ’
3258 1338 3483 1402 αὐτούς·

395 1427 483 1480 41.
527 1425 598 1480 Ut
623 1425 798 1481 sciant
830 1433 1016 1495 gentes
1047 1423 1304 1494 quoniam
1338 1422 1588 1478 homines
1618 1432 1764 1477 sunt.

2069 1431 2156 1484 41.
2195 1429 2488 1483 Γνώτωσαν
2517 1429 2644 1500 ἔθνη
2676 1430 2757 1481 ὅτι
2797 1429 3073 1501 ἄνθρωποί
3102 1433 3263 1484 εἰσιν.

395 1521 486 1576 42.
527 1519 747 1588 thuid,
781 1517 1027 1581 Domine,
1064 1516 1342 1571 recessisti
1375 1515 1573 1586 longe?

2072 1523 2161 1578 42.
2203 1524 2318 1574 Ἵνα
2354 1521 2429 1584 τί,
2460 1521 2655 1592 Κύριε,
2689 1521 3010 1592 ἀφέστηκας
3039 1521 3350 1592 μακρόθεν;

397 1611 485 1666 45.
528 1610 774 1666 Desuieis
799 1609 853 1663 in
879 1608 1398 1679 opportunitatibus,
1429 1608 1484 1662 in
1534 1607 1882 1662 tribulationi

1868 1609 1902 1661 ἱ·
2072 1615 2160 1670 45.
2205 1615 2506 1686 ’Υπερορᾷς
2534 1615 2592 1667 ὲν
2625 1613 2945 1685 εὐκαιρίαις,
2980 1616 3036 1666 ὲν
3075 1613 3353 1682 θλίψεσιν;

328 1703 468 1758 bus?

402 1796 488 1849 44.
533 1795 670 1850 Dum
700 1794 945 1866 superbit
972 1795 1192 1864 impius,
1228 1794 1538 1850 incenditur
1566 1761 1791 1863 pauper.

2106 1788 2163 1841 4.
2207 1789 2295 1840 Ἐν
2325 1787 2401 1857 τῷ
2454 1785 2954 1858 ὑπερηφανεύεσθαι
2997 1787 3089 1840 τὸν
3118 1786 3312 1858 ἀσεϐῆ,
3346 1788 3591 1860 ἐμπυρί-

2006 1881 2157 1947 ζεται
2181 1882 2208 1933 ὁ
2239 1881 2475 1950 πτωχός.

400 1977 487 2031 45.
528 1976 1080 2046 Comprehenduntur
1126 1976 1179 2029 in
1230 1975 1474 2031 consiliis
1517 1975 1715 2042 quibus
1761 1988 1885 2040 cogi.

2104 1973 2167 2031 r5.
2227 1971 2699 2042 Συλλαμϐἁνονται
2747 1971 2804 2022 ἐν
2856 1970 3216 2037 διαϐουλίοις,
3270 1967 3354 2035 οἷς
3401 1971 3589 2025 διαλο-

329 2076 466 2122 tant.

2006 2062 2269 2131 γίζονται.

399 2157 489 2212 46.
532 2157 800 2223 Quoniam
829 2158 1083 2212 laudatur
1113 2167 1366 2228 peccator
1388 2157 1441 2210 in
1475 2155 1762 2211 desideriis
1787 2153 1884 2208 ani

2106 2156 2165 2208 ιθ.
2199 2157 2319 2208 Ὀτι
2360 2155 2659 2209 ἐπαινεῖται
2705 2158 2733 2208 ὁ
2772 2156 3096 2229 ἁμαρτωλὸς
3146 2159 3204 2210 ὲν
3231 2159 3352 2221 ταῖς
3393 2157 3591 2213 ἐπιθυ-

333 2264 434 2305 mae
470 2264 605 2315 suae,

2011 2249 2160 2320 μίαις
2189 2249 2290 2318 τῆς
2314 2248 2492 2319 ψυχῆς
2521 2248 2684 2301 αὐτοῦ
2708 2267 2720 2281 ·

400 2340 490 2394 47.
533 2338 601 2392 Ει
637 2338 858 2409 iniquus
884 2339 1251 2394 benedicitur.

2080 2343 2170 2396 47.
2212 2343 2320 2395 Καὶ
2349 2344 2377 2395 ὁ
2414 2341 2616 2394 ἀδικῶν
2640 2344 3017 2414 ἐνευλογεῖται.

399 2431 488 2485 48.
531 2429 890 2484 Exacerbavit
916 2429 1204 2484 Dominum
1238 2439 1529 2498 peccator;

2079 2436 2168 2489 48.
2205 2434 2499 2505 Παρώξυνε
2533 2436 2621 2488 τὸν
2666 2436 2867 2509 Κύριον
2899 2442 2927 2492 ὁ
2972 2440 3293 2510 ἁμαρτωλός
3320 2455 3332 2469 ·

399 2520 486 2576 40.
529 2519 843 2575 Secundum
868 2518 1275 2573 multitudinem
1302 2519 1396 2573 ira:
1423 2535 1534 2574 suae
1554 2533 1660 2573 non
1679 2523 1884 2588 quatret

2112 2529 2164 2582 9.
2199 2528 2355 2582 Κατὰ
2397 2529 2457 2580 τὸ
2489 2528 2692 2598 πλῆθος
2734 2530 2834 2602 τῆς
2881 2533 3050 2604 ὀργῆς
3087 2533 3250 2588 αὑτοῦ
3290 2534 3392 2587 οὐκ
3425 2530 3595 2606 ἐκζη-

2006 2623 2190 2694 τήσει.

401 2714 491 2770 50.
529 2714 648 2769 Νοη
681 2722 766 2769 est
795 2713 936 2767 Deus
963 2713 1016 2765 in
1051 2723 1348 2780 conspectu
1377 2711 1533 2782 ejus:

2077 2715 2166 2769 50.
2199 2717 2311 2769 Οὐκ
2341 2717 2485 2772 ἔστιν
2514 2722 2542 2773 ὁ
2572 2720 2700 2785 Θεὸς
2728 2721 2955 2774 ἐνώπιον
2979 2719 3176 2786 αὑτοῦ·

404 2806 492 2863 51.
531 2806 832 2877 Inquinatae
864 2812 991 2860 sunt
1023 2804 1122 2859 via:
1156 2805 1302 2861 illius
1336 2805 1390 2858 in
1431 2803 1578 2858 omni
1610 2812 1870 2875 tempore.

2085 2807 2172 2862 51.
2205 2810 2566 2883 Βεϐηλοῠνται
2606 2816 2661 2867 αἱ
2683 2814 2791 2867 ὁδοὶ
2811 2814 2976 2870 αὐτοῦ
3002 2817 3058 2867 ὲν
3087 2813 3252 2868 παντί
3275 2812 3477 2884 καιρῷ.

1471 2960 1843 3017 ATHANASII
1882 2961 2463 3020 INTERPRETATIO.

400 3119 490 3178 Ὠ.
525 3118 909 3188 Cognoverunt
953 3133 1164 3184 omnes,
1203 3115 1352 3189 quod
1409 3126 1588 3186 potest
1617 3119 1885 3174 vindictan

2113 3126 2173 3181 ἃ.
2225 3125 2572 3193 Ἐπέγνωσαν
2628 3125 2846 3190 πάντες,
2897 3127 2978 3180 ὅτι
3031 3125 3250 3182 δύναται
3307 3128 3598 3198 ἐκδίκησιν

334 3212 535 3269 facere.

2015 3221 2212 3272 ποιεῖν.

403 3306 493 3360 55.
529 3303 724 3360 Cordis
751 3304 836 3358 sui
872 3304 1070 3374 inquit.

2084 3307 2171 3360 55.
2216 3306 2328 3375 Τῆς
2361 3307 2588 3376 καρδίας
2614 3307 2778 3360 αὑτοῦ
2815 3307 2980 3376 λέγει.

403 3397 494 3460 54,
522 3397 612 3453 55.
647 3397 852 3452 Omnes
881 3397 1025 3451 enim
1055 3404 1373 3466 peccatores,
1402 3397 1495 3465 qui
1522 3411 1666 3451 nunc
1688 3405 1834 3461 sunt,
1857 3396 1888 3450 ii

2112 3398 2172 3460 μί,
2207 3398 2293 3451 55.
2337 3400 2398 3451 Oi
2430 3399 2538 3470 γὰρ
2575 3400 2724 3462 ὄντες
2755 3402 2834 3462 εἰς
2878 3400 2976 3471 τὴν
3018 3399 3124 3472 γῆν
3171 3401 3597 3468 ἀπελεύσονται,

333 3501 537 3546 terram
572 3500 950 3557 revertentur;
1006 3492 1267 3560 quoniam
1320 3489 1472 3545 obliti
1518 3495 1644 3542 sunt
1696 3487 1788 3543 Dei

2126 3489 2447 3544 ἐπελάθοντο
2494 3492 2585 3544 τοῦ
2633 3492 2766 3544 Θεοῦ
2807 3491 2898 3544 τοῦ
2933 3492 3216 3558 κτίσαντος
3241 3497 3470 3560 αὐτοὺς,
3501 3494 3601 3548 καὶ

333 3584 538 3638 creavit
569 3598 686 3645 eos,
719 3589 774 3638 et
806 3582 1139 3637 descendent
1169 3584 1222 3636 in
1258 3580 1586 3651 profundum
1620 3579 1816 3634 inferni

1499 3597 1586 3635 um
1620 3579 1839 3634 inferni.
2012 3581 2412 3652 καταϐήσονται
2446 3585 2526 3645 εἰς
2553 3583 2803 3653 ’πυθμένα
2831 3583 2975 3654 ᾅδου.

399 3675 491 3738 56,
525 3675 612 3732 57.
651 3673 953 3744 Pauperem
987 3684 1042 3729 et
1070 3675 1310 3744 inopem,
1352 3683 1507 3728 vocat
1533 3673 1765 3742 justum.

2081 3675 2171 3740 56,
2202 3675 2288 3728 57.
2333 3676 2550 3746 Πτωχὸν
2585 3678 2678 3729 καὶ
2708 3675 2913 3748 πένητα
2944 3679 3034 3730 τὸν
3058 3679 3266 3732 δίκαιον
3294 3679 3468 3747 λέγει.

401 3763 490 3819 58.
526 3763 684 3830 Veni,
713 3763 962 3827 Domine,
989 3779 1056 3818 ne
1079 3763 1244 3819 veluti
1266 3763 1391 3832 jure
1416 3777 1517 3817 suo
1549 3762 1782 3832 quisque
1815 3775 1884 3816 no

2116 3770 2169 3821 ‘8.
2225 3767 2397 3832 Ἐλθὲ,
2435 3769 2626 3840 Κύριε,
2665 3769 2738 3840 μὴ
2788 3769 2865 3833 ὡς
2916 3771 3437 3843 αὑτοδεσποτησάτω
3467 3771 3601 3825 ἐκα-

331 3861 506 3908 strum
535 3853 704 3909 libere
730 3855 1063 3908 dominetur.

863 3856 1063 3908 inetur.
2014 3878 2137 3924 στος
2170 3860 2344 3931 ἡμῶν.

404 3942 1004 4018 59._Demonstrentur,
1044 3945 1188 4014 quod
1220 3952 1468 4013 peccant.
1533 3979 1542 3988 ο

2081 3954 2170 4008 59.
2211 3953 2608 4023 Δειχθήτωσαν,
2640 3955 2721 4006 ὅτι
2747 3954 3221 4027 διαμαρτάνουσιν.

403 4032 495 4086 40.
535 4031 925 4102 Legislatorem
955 4033 1244 4087 Dominum
1289 4041 1469 4088 vocat.

2080 4045 2170 4100 40.
2212 4043 2528 4116 Νομοθέτην
2553 4046 2643 4099 τὸν
2676 4047 2877 4117 Κύριον
2907 4049 3095 4118 λέγει.·

404 4127 493 4180 41.
533 4124 884 4196 Cognoseant
916 4142 1068 4180 suam
1097 4127 1499 4182 inﬁrmitatem.

2079 4137 2168 4191 41.
2223 4137 2518 4204 Ἐπιγνῶσι
2552 4137 2648 4208 τὴν
2681 4139 2886 4191 ἑαυτῶν
2917 4139 3216 4195 ἀσθένειαν.

402 4216 492 4272 42.
531 4217 717 4272 Sivisti
747 4232 849 4272 nos
883 4217 1164 4270 voluntate
1191 4226 1376 4272 nostra
1413 4218 1680 4273 incedere.

2110 4227 2170 4281 .2.
2212 4227 2414 4290 Εἴασας
2443 4230 2588 4298 ἡμᾶς
2615 4230 2693 4299 τῷ
2727 4229 3024 4300 βουλήματι
3055 4231 3210 4300 ἡμῶν
3239 4233 3595 4302 πορεύεσθαι.

401 4307 490 4363 45.
531 4308 589 4362 1η
607 4308 1106 4378 opportunitatibus
1135 4307 1287 4375 dicit,
1305 4309 1556 4364 videlicet
1581 4325 1703 4365 cum
1733 4325 1886 4367 essen

2118 4321 2170 4373 5.
2207 4318 2548 4390 εὐκαιρίαις,
2575 4321 2740 4389 λέγει,
2764 4322 2962 4376 ὡσανεὶ
2983 4325 3041 4375 ὲν
3067 4323 3146 4392 τῷ
3173 4319 3314 4376 εἷναί
3343 4343 3411 4396 με
3433 4327 3598 4397 ἀϐοή-

333 4400 480 4453 omni
509 4401 715 4454 auxilio
749 4400 1064 4454 destitutus.

707 4418 715 4451 μ
749 4400 1064 4454 destitutus.
1937 4466 1983 4480 Ἀ
2013 4409 2192 4480 θητον.

406 4494 490 4548 1-4.
524 4494 662 4548 Cum
707 4493 941 4562 insurgit
994 4492 1244 4547 diabolus
1270 4492 1531 4548 adversus
1559 4493 1760 4563 justos,
1794 4495 1891 4549 bel-

2112 4503 2172 4555 4.
2227 4503 2314 4555 Ἐν
2344 4502 2422 4573 τῷ
2448 4504 2873 4573 κατεπαίρεσθαι
2907 4505 2997 4559 τὸν
3026 4505 3269 4560 διάϐολον
3315 4507 3461 4561 κατὰ
3491 4507 3597 4561 τῶν

333 4583 445 4638 lum
473 4599 664 4640 eorum
693 4585 969 4638 mentibus
998 4581 1164 4636 infert
1189 4601 1202 4636 :

2013 4594 2256 4657 δικαίων,
2298 4595 2527 4666 πολεμεῖ
2555 4597 2738 4657 αὐτοῖς
2765 4597 2903 4650 κατὰ
2931 4599 3186 4652 διάνοιαν.

405 4674 494 4729 45.
536 4675 600 4729 Ει
623 4677 842 4729 demum
871 4677 1104 4744 quisque
1135 4675 1415 4729 hominum
1444 4676 1530 4731 bis
1565 4677 1890 4747 cogitationi

2114 4687 2175 4737 .5.
2217 4688 2324 4738 Καὶ
2351 4688 2537 4739 λοιπὸν
2576 4689 2808 4752 ἕκαστος
2841 4689 2950 4742 τῶν
2983 4691 3284 4761 ἀνθρώπων
3312 4695 3599 4763 κρατεῖται

333 4762 703 4827 ιιιιειιεῐιειυτ,
741 4779 861 4832 quae
889 4779 918 4817 a
947 4763 1216 4833 Propheta
1252 4765 1636 4833 subjiciuntur.

2014 4779 2293 4850 λογισμοῖς
2322 4784 2436 4843 τοῖς
2463 4782 2840 4852 ὑποκειμένοις
2878 4783 2983 4835 ὑπὸ
3015 4785 3106 4837 τοῦ
3138 4785 3451 4856 Ῑῐροςρήτου.

348 4885 355 4892 ~
403 4855 495 4918 46,
528 4855 616 4909 47.
674 4853 1059 4925 Unusquisque
1100 4871 1316 4919 eorum,
1366 4859 1460 4926 qui
1520 4858 1728 4927 aliquid
1779 4874 1830 4912 m

2115 4869 2174 4935 ιϐ,
2219 4871 2306 4922 47.
2350 4872 2618 4934 Ἕκαστος
2674 4871 2781 4924 τῶν
2829 4875 3122 4928 ποιούντων
3173 4877 3344 4928 κακόν
3395 4893 3447 4929 τι
3508 4878 3600 4929 καὶ

332 4957 664 5020 perpetrant,
690 4958 743 5003 et
773 4949 976 5004 divitiis
1003 4949 1301 5016 abundant,
1335 4951 1428 5020 qui
1488 4952 1698 5022 seipsos
1749 4968 1817 5005 ml

2115 4961 2410 5026 ιυτούντων,
2444 4964 2538 5015 καὶ
2585 4965 2703 5025 ταῖς
2745 4963 3062 5035 ἐπιθυμίαις
3091 4965 3184 5017 τοῦ
3214 4967 3422 5035 κόσμου
3457 4969 3600 5019 ἐκδι-

333 5041 491 5097 danis
525 5040 914 5108 cupiditatibus
965 5041 1209 5105 tradunt,
1261 5042 1555 5096 laudantur
1599 5051 1656 5096 et
1701 5043 1818 5112 glor

2114 5073 2210 5107 των
2255 5055 2498 5120 ἑαυτοὺς,
2530 5057 2832 5109 ἐπαινεῖται
2885 5058 2978 5110 καὶ
3023 5057 3307 5122 δοξάζεται
3356 5058 3460 5111 ὑπὸ
3491 5058 3599 5110 τῶν

334 5145 524 5190 cantur
556 5136 624 5190 ab
657 5136 810 5205 ipsis.

726 5136 810 5191 iis.
2014 5147 2211 5200 αὐτῶν.

403 5226 492 5291 48,
516 5229 603 5283 49.
633 5229 988 5282 Vehementer
1021 5227 1238 5298 quidem
1267 5228 1530 5283 adversus
1559 5236 1888 5297 peccatoren

2112 5236 2170 5300 .8,
2201 5236 2288 5290 49.
2343 5215 2649 5306 Ὀργίζεται
2679 5237 2778 5305 μὲν
2819 5238 3070 5308 μεγάλως
3111 5239 3203 5293 ἐπὶ
3239 5239 3318 5310 τῷ
3345 5240 3597 5311 ἁμαρτά-

333 5317 618 5386 irascitur,
656 5337 873 5375 rursum
913 5329 1093 5391 autem
1126 5320 1455 5390 longanimis
1484 5328 1569 5373 est
1593 5335 1716 5373 cum
1745 5334 1812 5372 eo

1650 5335 1716 5371 Im
1745 5334 1833 5373 Θου
2009 5346 2151 5383 νοντι
2169 5369 2182 5391 ,
2211 5329 2553 5398 μακροθυμεῖ
2579 5329 2634 5381 δὲ
2667 5328 2828 5381 πάλιν
2855 5332 2941 5380 ἐπ’
2969 5330 3135 5401 αὐτῷ.

403 5407 493 5469 50,
529 5409 616 5462 51.
653 5408 746 5464 Ille
776 5421 953 5465 autem
981 5425 1088 5462 non
1115 5410 1422 5481 intelligens
1453 5407 1546 5463 Dei
1581 5409 1888 5478 longanimi-

2110 5421 2171 5483 ιο,
2202 5421 2290 5473 51.
2345 5420 2582 5482 Ἐκεῖνος
2613 5418 2688 5481 δὲ,
2729 5419 2805 5490 μὴ
2843 5420 3035 5474 συνιὼν
3065 5423 3163 5492 τὴν
3188 5422 3284 5475 τοῦ
3311 5421 3444 5476 Θεοῦ
3493 5438 3595 5492 μα-

332 5507 518 5560 tatem.
557 5515 664 5554 non
711 5502 814 5556 sibi
853 5503 1106 5572 proponit
1133 5501 1302 5556 Deum
1334 5502 1572 5570 judicem
1623 5516 1781 5555 suum

2113 5510 2328 5581 θυμίαν,
2358 5511 2418 5562 οὐ
2447 5510 2627 5582 τίθησι
2672 5510 2765 5563 τὸν
2810 5512 2941 5566 Θεὸν
2994 5514 3184 5584 κριτὴν
3236 5515 3437 5570 αὐτοῦ·
3476 5512 3595 5569 ἀλλ’

331 5599 556 5660 turum;
584 5595 677 5650 sed
710 5595 927 5664 quidem
962 5595 1017 5650 in
1049 5603 1330 5664 peccatum
1369 5609 1760 5666 usquequaque
1783 5611 1816 5664 δ)

1711 5610 1760 5649 te
1783 5611 1904 5664 spe-
2008 5602 2098 5653 ἐπὶ
2131 5603 2229 5672 μὲν
2252 5605 2316 5672 τῇ
2344 5603 2589 5674 ἁμαρτίᾳ
2614 5604 2670 5656 ὲν
2703 5607 2869 5660 πᾶσιν
2893 5605 3002 5678 ὁρῶ
3031 5605 3196 5678 [ὁρᾷ].

335 5690 463 5737 ctat.
