3760 6390
143 345 215 401 681
1078 346 1167 403 DE
1207 347 1484 407 TITULIS
1521 350 1971 412 PSALMORUM.
2011 386 2079 398 -—
2115 355 2316 414 PSAL.
2353 358 2448 414 IX.
3255 369 3361 428 διε

194 455 733 531 52.’Δνταναιρεῖται
758 459 826 515 τὰ
859 460 1104 533 κρίματά
1134 479 1227 515 σου
1275 464 1381 517 ἀπὸ
1409 465 1627 537 προσώπ

142 550 295 608 αὐτοῦ’
817 559 828 571 '

1629 485 1700 521 του
1732 476 1777 532 Α
1874 472 1962 526 52.
2005 470 2337 528 Auferuntur
2369 472 2574 543 judicia
2608 481 2699 530 tua
2727 489 2758 530 a
2792 474 2932 534 facie
2954 477 3114 549 ejus:

193 559 295 604 105'
817 559 828 571 '

193 648 268 703 53.
295 637 536 697 [ﬁvmw
567 642 677 696 τῶν
715 643 924 714 ἐχθρῶν
952 645 1116 698 αὐτοῦ
1146 649 1584 720 κατακυριεύσει.

1875 645 1962 699 55.
2004 644 2258 701 Omnium
2284 648 2628 705 inimicorum
2651 667 2875 711 suorum
2901 656 3292 717 dominabitur.

193 739 270 796 55.
306 732 446 791 Εἶπε
497 736 611 809 γὰρ
642 738 699 789 ἐν
722 737 920 809 καρδίᾳ
969 738 1131 791 αὑτοῦ
1155 756 1170 770 ο
1203 740 1276 792 O6
1333 742 1408 813 μὴ
1458 742 1678 795 σαλευθᾶ

1878 736 1961 790 54.
2004 736 2149 794 Dixit
2179 738 2322 793 enim
2353 740 2409 793 in
2439 742 2600 796 corde
2621 757 2721 798 suo
2748 761 2762 797 :
2792 743 2910 800 Non
2943 739 3363 824 moveborage-

120 833 224 891 ἀπὸ
243 832 437 899 γενεᾶς
470 830 558 893 είς
595 827 791 897 γενεάν
820 828 949 881 ἄνευ
984 829 1177 884 κακοῦ.

1805 830 2085 885 neratione
2112 830 2164 885 in
2196 833 2595 902 generationem
2632 837 2749 892 sine
2777 840 2939 898 malo.

194 925 269 980 55.
291 913 366 976 Οὗ
395 921 546 993 ἀρεῖς
565 920 629 973 τὸ
650 920 824 991 στόμα
846 920 1007 974 αὐτοῦ
1032 921 1213 992 γέμει,
1235 924 1328 976 καὶ
1354 923 1576 996 πικρίας
1605 926 1679 979 κα⁴

1876 921 1959 975 55.
2001 920 2171 992 Cujus
2199 924 2571 983 maledictione
2597 943 2658 982 os
2689 928 2905 999 plenum
2937 942 3041 1001 est,
3074 944 3129 991 et
3157 935 3361 991 amari.

142 1015 288 1077 δόλου,

1804 1013 2008 1079 tudine,
2038 1022 2092 1068 rt
2120 1015 2265 1082 dolo,

192 1102 273 1159 56.
316 1102 457 1156 Ὑπὸ
491 1101 596 1173 τὴν
629 1101 880 1170 γλῶσσαν
903 1103 1065 1156 αὐτοῦ
1095 1105 1262 1170 κόπος
1291 1107 1385 1160 καὶ
1418 1108 1597 1171 πόνος.

1477 1108 1597 1171 ςνος.
1871 1104 1959 1159 56.
2003 1105 2115 1159 Sub
2141 1106 2322 1178 lingua
2353 1109 2494 1179 ejus,
2526 1110 2765 1168 laboret
2788 1113 2962 1171 dolor.

191 1202 273 1256 57.
318 1199 663 1272 Ἐγκόιθηται
694 1201 752 1253 ἐν
784 1200 975 1272 ἐνέδρᾳ
1002 1201 1138 1271 μετά
1171 1200 1476 1268 πλουσίων,

1464 1243 1476 1268 ,
1871 1196 1958 1250 57.
2003 1196 2163 1252 Sedet
2193 1198 2248 1253 in
2277 1199 2491 1255 insidiis
2519 1217 2643 1257 cum
2672 1204 2949 1273 divitibus,

190 1294 274 1349 58.
323 1292 412 1346 Ἐν
443 1288 813 1363 ἀποκρύφοις,
849 1290 943 1345 τοῦ
977 1293 1291 1347 ἀποκτεῖναι
1326 1294 1522 1349 ἀθῶον.

1871 1286 1959 1341 58.
2002 1290 2062 1341 In
2098 1290 2345 1357 occultis,
2377 1299 2434 1346 ut
2456 1292 2751 1349 interﬁciat
2780 1297 3143 1355 innocentem.

191 1387 274 1442 59.
292 1388 354 1441 Οἱ
367 1386 647 1455 ὀφθαλμοὶ
667 1385 830 1438 αὐτοῦ
853 1388 932 1448 είς
946 1385 1036 1439 τόν
1056 1385 1261 1457 πένητα
1275 1386 1676 1441 ἀποϐλέπουσιν

1578 1402 1688 1441 ,σινι
1870 1376 1958 1430 59.
2000 1373 2153 1431 Oculi
2178 1379 2297 1448 ejus
2324 1379 2377 1433 in
2409 1395 2699 1451 pauperem
2731 1386 3063 1455 respiciunt:

190 1479 275 1535 60.
323 1478 633 1553 Ἐνεδρεύει
663 1480 720 1531 ἐν
758 1476 1082 1551 ἀποκρύφῳ,
1106 1478 1181 1543 ὡς
1202 1478 1337 1533 λέων
1362 1480 1420 1533 ἐν
1456 1481 1524 1551 τῇ
1556 1478 1675 1549 μάν-

1875 1467 1958 1525 60.
2000 1466 2286 1524 Insidiatur
2312 1470 2366 1525 in
2399 1473 2733 1542 abscondito,
2763 1478 2919 1547 quasi
2944 1479 3027 1536 leo
3056 1481 3109 1535 in
3137 1480 3360 1553 spelun-

138 1570 215 1643 δρα
230 1569 422 1625 αὑτοῦ.
1799 1576 1861 1616 ca
1890 1575 2009 1616 sua.

194 1665 277 1718 61.
311 1660 621 1731 Ἐνεδρεύει
644 1659 740 1714 τοῦ
772 1660 1017 1732 ἁρπάσαι
1050 1660 1289 1731 πτωχὸν,

1872 1653 1961 1708 6t.
2002 1651 2298 1710 lnsidiatur
2337 1669 2397 1713 ut
2426 1658 2602 1729 rapiat
2634 1674 2948 1729 pauperem,

189 1753 269 1808 62.
319 1754 603 1825 Ἀρπάσαι
636 1753 850 1823 πτωχὸν
872 1755 930 1807 ἐν
959 1752 1033 1825 τῷ
1054 1753 1278 1807 ἐλκῦσαι
1297 1752 1478 1806 αὐτόν.

1868 1744 1958 1800 62.
1999 1744 2208 1817 Rapere
2240 1763 2531 1818 pauperem
2559 1749 2687 1804 dum
2716 1751 2944 1806 attrahit
2966 1767 3113 1808 eum.

190 1846 266 1899 65.
307 1847 395 1899 Ἐν
419 1849 491 1918 τῇ
530 1845 726 1915 παγίδι
752 1844 918 1898 αὑτοῦ
939 1845 1267 1900 ταπεινώσει
1295 1844 1462 1900 αὐτόν
1484 1862 1499 1877 ’

1456 1862 1499 1892 νο
1722 1838 1768 1894 Β
1865 1834 1953 1890 65.
1996 1834 2052 1890 1η
2083 1838 2278 1908 laqueo
2310 1855 2412 1895 suo
2442 1841 2752 1897 humiliabit
2775 1857 2897 1897 eum
2928 1862 2941 1898 :

189 1936 263 1990 6%.
292 1936 473 2008 Κύψει
506 1938 607 1991 καὶ
630 1942 898 2002 πεσεῖται,
916 1940 972 1991 ἐν
990 1937 1065 2009 τῷ
1087 1938 1246 1992 αὐτὸν
1267 1933 1671 2008 κατακυριεῦσα

1877 1921 1955 1978 64.
1996 1924 2279 1983 Inclinabit
2309 1944 2368 1984 se
2390 1937 2445 1984 et
2473 1931 2649 1999 cadet,
2684 1946 2811 1987 cum
2858 1933 3171 1991 dominatus
3200 1933 3362 1992 fuerit

135 2028 220 2083 τῶν
238 2030 508 2102 πενήτων.
1795 2027 2116 2083 Ρίιυρθτυῐηο

192 2120 267 2175 65.
286 2117 421 2176 Εἶπε
442 2121 561 2194 γὰρ
579 2122 639 2176 ἐν
657 2123 856 2195 καρδίᾳ
869 2120 1039 2177 αὐτοῦ
1058 2139 1072 2154 ο
1098 2121 1512 2195 Ἐπιλέλησταιὸ
1537 2120 1677 2184 Θεός.

1866 2106 1951 2160 65.
1994 2106 2142 2164 Dixit
2168 2109 2312 2164 enim
2348 2112 2402 2165 in
2436 2112 2597 2168 corde
2623 2128 2724 2170 suo
2757 2133 2770 2170 :
2808 2114 3019 2172 Oblitus
3038 2127 3121 2173 est
3142 2117 3284 2174 Deus
3311 2165 3324 2174 .

191 2208 267 2265 66.
311 2210 665 2283 Ἀπέστρεψε
699 2210 762 2265 τὸ
810 2212 1098 2282 πρόσωπον
1127 2210 1291 2264 αὐτοῦ
1341 2210 1432 2264 τοῦ
1466 2210 1540 2281 μὴ
1575 2208 1676 2281 βλέ·

1868 2197 1958 2254 66.
2000 2198 2209 2255 Avertit
2231 2199 2424 2257 faciem
2457 2220 2706 2261 suamne
2740 2206 2917 2262 videat
2951 2208 3007 2262 in
3035 2210 3217 2264 linem.

137 2313 236 2350 πειν
254 2301 327 2364 είς
345 2302 529 2366 τέλος.

191 2389 269 2444 67.
295 2390 627 2463 Ἀνάστηθι,
657 2391 829 2463 Κύριε
849 2394 878 2445 6
899 2392 1030 2458 Θεός
1063 2410 1188 2464 μου,
1213 2392 1484 2465 ὑψωθήτω
1510 2394 1544 2465 ή
1572 2409 1622 2465 χε

1877 2374 1954 2431 67.
1995 2375 2258 2449 Exsurge,
2295 2377 2526 2434 Domine
2569 2379 2711 2437 Deus
2742 2397 2916 2448 meus,
2951 2384 3221 2439 exaltetur
3246 2398 3362 2438 ma-

137 2491 235 2543 σου,
272 2480 345 2552 μὴ
389 2482 640 2554 ἐπιλάϐῃ
666 2482 774 2536 τῶν
809 2486 1055 2553 πενήτων
1089 2502 1205 2539 σου.

1798 2483 1903 2523 nus
1937 2475 2051 2532 tua,
2080 2483 2147 2523 ne
2175 2470 2515 2525 obliviscaris
2547 2485 2845 2542 pauperum
2879 2482 3118 2529 tuorum.

188 2569 264 2625 68.
307 2573 538 2628 Ἕνεκεν
584 2574 736 2638 τίνος
767 2574 1083 2645 παρώξυνεν
1111 2579 1139 2630 6
1172 2574 1373 2647 ἀσεϐὴς
1400 2574 1490 2629 τὸν
1521 2572 1656 2629 Θεόν

1868 2558 1973 2614 68.
1998 2558 2225 2632 Propter
2251 2562 2382 2632 quid
2412 2566 2755 2633 exasperavit
2786 2566 2989 2636 impius
3014 2566 3221 2621 Deum?

193 2658 273 2716 69.
301 2659 437 2716 Εἶπε
464 2662 582 2735 γάρ
614 2663 674 2717 ὲν
702 2663 901 2735 καρδίᾳ
932 2664 1116 2719 αὐτοῦ·
1144 2666 1256 2719 Οὐκ
1281 2664 1591 2736 ἐκζητήσει.

1870 2649 1959 2706 69.
1991 2650 2137 2707 Dixit
2168 2653 2310 2707 enim
2344 2654 2399 2709 in
2434 2656 2595 2711 corde
2620 2671 2747 2711 suo:
2778 2656 2893 2712 Non
2926 2658 3183 2729 requiret.

189 2748 271 2806 70.
294 2752 548 2821 Βλέπεις,
585 2755 672 2808 ὅτι
707 2755 772 2807 σὺ
809 2755 970 2810 πόνον
998 2758 1091 2811 καὶ
1107 2756 1278 2828 θυμὸν
1308 2758 1592 2821 κατανοεῖς
1610 2769 1625 2786 ⁶

1875 2738 1959 2795 70.
1988 2737 2169 2807 Vides,
2208 2744 2463 2813 quoniam
2504 2751 2561 2800 tu
2590 2744 2828 2801 laborem
2863 2755 2918 2802 et
2956 2748 3197 2804 dolorem
3231 2758 3360 2803 cou-

1801 2830 2030 2898 sideras,

189 2924 272 2981 71.
301 2926 407 2981 Τοῦ
433 2927 790 3000 παραδοῦναι
818 2929 980 2984 αὐτὸν
1009 2931 1089 2992 είς
1117 2929 1301 3002 χεῖράς
1335 2945 1453 2985 σου.

1420 2946 1453 2985 ι,
1872 2926 1962 2980 71.
1996 2925 2069 2982 Ut
2095 2924 2277 2980 tradas
2306 2942 2431 2982 eum
2458 2926 2512 2981 in
2541 2942 2737 2985 manus
2762 2936 2905 2985 tuas.

169 3014 272 3070 :72.
300 3020 392 3074 Σοὶ
419 3020 919 3089 ἐγκαταλέλειπται
950 3023 980 3076 6
1009 3022 1243 3095 πτωχός.

1876 3015 1966 3073 72.
2001 3014 2122 3073 Tibi
2147 3016 2437 3074 derelictus
2464 3025 2548 3075 est
2578 3034 2783 3091 pauper
2812 3038 2826 3075 :

1242 3195 1624 3255 ATIIANASII
1662 3194 2245 3253 INTERPRETA’I‘IO.

185 3370 266 3427 5'2.
304 3373 662 3448 Κεχώρισται
685 3372 755 3427 τὰ
769 3373 1112 3446 δικαιώματά
1130 3391 1221 3428 σου
1241 3374 1346 3428 ὑπὸ
1362 3372 1455 3427 τοῦ
1477 3370 1670 3446 ἐχθροῦ

1871 3370 1959 3426 52.
1997 3370 2353 3428 Secesserunt
2376 3370 2799 3441 justiﬂcationes
2824 3381 2933 3428 tum
2963 3372 3034 3429 ab
3061 3372 3303 3431 inimico.
3340 3410 3347 3417 κ

184 3463 265 3522 55.
304 3468 536 3521 Πάντων
559 3466 675 3519 τῶν
709 3465 1011 3538 ἀνθρώπων
1044 3466 1484 3539 κατακυριεύσει.

1870 3465 1960 3520 55.
1995 3463 2248 3521 Omnium
2279 3465 2562 3520 hominum
2595 3465 2980 3521 dominabitur.

182 3556 266 3612 54.
304 3556 440 3613 Εἷπε
491 3561 608 3633 γὰρ
659 3562 719 3613 ἐν
766 3562 832 3630 τῇ
886 3560 1082 3632 καρδίᾳ
1128 3560 1292 3615 αὐτοῦ
1338 3563 1366 3615 6
1415 3559 1658 3625 διάϐολος

1875 3557 1958 3612 54.
1994 3555 2141 3612 Dixit
2169 3557 2315 3613 enim
2341 3556 2396 3611 in
2429 3560 2590 3626 corde
2625 3574 2726 3613 suo
2750 3560 2998 3617 diabolus
3029 3578 3044 3615 :
3072 3559 3190 3615 Non
3215 3559 3360 3617 desi-

126 3649 222 3705 Οξικ
240 3653 306 3707 ἂν
325 3656 553 3711 ἀποστῶ
578 3657 690 3710 ἀπὺ
713 3656 808 3709 τοῦ
833 3652 1005 3709 κακοῦ
1030 3653 1136 3707 ἀπὸ
1162 3653 1355 3721 γενεᾶς
1385 3652 1465 3714 είς
1482 3668 1605 3721 γενε

1661 3668 1696 3703 θ.
1799 3656 1937 3704 stam
1968 3664 1998 3701 a
2021 3648 2165 3703 malo
2192 3664 2221 3702 a
2249 3648 2598 3719 generatione
2631 3651 2686 3704 in
2716 3653 3146 3722 generationem.

172 3743 251 3801 55.
271 3749 548 3820 Ἐκκοπῆς
564 3748 677 3819 γὰρ
691 3748 786 3801 καὶ
800 3748 1081 3817 ἐπάρσεως
1092 3745 1248 3816 γέμει
1260 3744 1320 3797 τὸ
1334 3743 1503 3814 στόμα
1515 3742 1657 3798 αὑτοὶ

1872 3738 1945 3794 S5.
1961 3736 2095 3793 Nam
2110 3738 2517 3809 perfractum,ct
2527 3739 2799 3807 jactantia:
2815 3741 3033 3812 plenum
3046 3751 3204 3807 estos
3218 3740 3357 3811 ejus.

181 3833 265 3890 56.
314 3840 403 3892 Ἐν
426 3842 495 3909 τῇ
525 3835 854 3906 διδασκαλίᾳ
883 3834 1045 3888 αὐτοῦ
1073 3834 1301 3897 θάνατος
1329 3834 1422 3887 καὶ
1445 3833 1625 3905 ὀδύνη.

1543 3851 1625 3905 νη.
1870 3830 1957 3885 56.
1993 3830 2051 3885 In
2083 3832 2326 3887 doctrina
2368 3832 2539 3903 ipsius
2575 3848 2744 3898 mors,
2776 3843 2830 3888 et
2852 3832 3028 3889 dolor.

181 3926 263 3983 57.
319 3929 631 4001 Ἐνεδρεύει
652 3929 735 3990 είς
751 3925 850 3989 τὰς
874 3926 1098 3997 καρδίας
1122 3924 1231 3979 τῶν
1252 3923 1462 3978 ἀσεϐῶν
1487 3923 1581 3978 καὶ
1601 3939 1666 3976 πο

1878 3924 1957 3981 57.
1992 3924 2283 3980 lnsidiatur
2311 3924 2365 3979 in
2390 3924 2649 3980 cordibus
2670 3925 2964 3990 malorum,
2988 3932 3149 3995 atque
3174 3923 3363 3996 impio-

123 4020 283 4089 νηρῶν
298 4020 633 4093 ἀνθρώπων,
647 4017 930 4088 διεγείρων
949 4017 1144 4079 αὐτοὺς
1160 4014 1302 4069 κατὰ
1322 4015 1428 4069 τῶν
1448 4013 1608 4068 δικαίι

1607 4032 1692 4069 ων.
1796 4031 1920 4071 rum
1951 4016 2255 4082 hominum,
2285 4018 2531 4073 excitans
2558 4033 2653 4072 eos
2685 4025 2872 4072 contra
2893 4016 3092 4087 justos.

179 4110 262 4173 58,
291 4113 382 4167 59.
433 4112 728 4181 Ἐπιτηρεί
758 4109 818 4161 τὸ
853 4107 954 4180 [δέ]
987 4108 1104 4171 πῶς
1136 4107 1299 4161 αὐτὸν
1332 4106 1607 4161 ἀπολέσει.

1867 4109 1955 4175 58,
1988 4108 2075 4165 59.
2116 4108 2383 4164 Observat
2408 4120 2588 4166 autem
2620 4109 2895 4179 quomodo
2921 4123 3045 4163 cum
3076 4106 3287 4177 perdat.

178 4200 364 4256 66-62.
406 4204 487 4255 Δι’
512 4201 870 4271 ἐνθυμήσεων
913 4200 1006 4253 καὶ
1042 4197 1316 4269 λογισμῶν
1352 4198 1566 4269 ἀνόμων
1598 4197 1663 4269 ἀρ

1874 4201 2055 4256 60-69..
2089 4201 2532 4271 Cupiditatibus,
2584 4210 2638 4255 et
2694 4198 2897 4270 iniquis
2941 4198 3359 4270 cogitationibus

124 4291 276 4345 πάσειι
307 4293 466 4364 ζητεί
496 4293 591 4345 τὸν
616 4291 853 4343 δίκαιον.

1797 4296 1991 4365 quaerit
2022 4310 2210 4364 rapere
2235 4293 2464 4364 justum.

180 4381 266 4446 6'5,
302 4384 392 4438 66.
438 4385 552 4437 Καὶ
588 4384 651 4435 ἐν
684 4379 763 4449 τῷ
794 4380 955 4434 αὐτὸν
989 4379 1320 4434 ταπεινῶσαι
1357 4378 1665 4449 πολεμοῦντι

1875 4386 1954 4450 65,
1989 4386 2077 4440 64.
2135 4386 2201 4440 Ει
2223 4386 2352 4439 dum
2385 4401 2444 4440 se
2473 4383 2749 4452 deprimit,
2782 4390 2843 4436 ut
2868 4396 3067 4436 aeuum
3097 4381 3360 4438 adversus

118 4472 226 4536 τοὺς
248 4474 514 4539 δικαίους,
548 4473 718 4536 αὐτὸς
748 4475 992 4526 πεσεῖται
1022 4474 1127 4525 ὑπὸ
1145 4473 1273 4536 τοὺς
1302 4470 1468 4535 πόδας
1493 4471 1603 4524 αὐτα

1872 4487 1969 4532 stos
2002 4484 2172 4547 gerat,
2205 4476 2318 4544 ipse
2349 4475 2505 4529 cadet
2532 4475 2633 4528 sub
2658 4488 2844 4527 eorum
2870 4472 3062 4541 pedes;
3099 4473 3357 4543 quoniam

117 4560 167 4612 ἐν
192 4562 269 4634 τῷ
292 4566 386 4619 τὸν
411 4566 547 4619 Θεὸν
577 4561 967 4617 ἀντιλαϐέσθαι
995 4562 1101 4616 τῶν
1130 4561 1375 4615 δικαίων.

955 4580 967 4615 ι
995 4562 1101 4616 τῶν
1130 4561 1375 4615 δικαίων.
1797 4567 1939 4624 Deus
1970 4567 2134 4637 justis
2171 4565 2440 4620 subvenit.

295 4655 387 4709 66.
426 4652 565 4708 Εἷπε
591 4652 705 4723 γὰρ
736 4653 793 4705 ὲν
836 4651 1013 4723 ἐαυτῷ
1041 4655 1068 4705 6
1092 4650 1366 4713 διάϐολοςο
1410 4646 1659 4716 Ἐπιλέλη

1873 4624 2073 4722 65,66.
2110 4657 2253 4712 Dixit
2280 4657 2424 4711 enim
2472 4659 2522 4709 in
2560 4670 2619 4711 se
2663 4624 2782 4726 ipso
2820 4654 3115 4711 diabolus:
3146 4653 3358 4711 Oblitus

116 4756 226 4797 παι
248 4747 277 4798 6
311 4747 446 4811 Θεὸς
471 4746 565 4799 τοῦ
592 4721 789 4813 γένους
829 4744 938 4797 τῶν
964 4721 1286 4816 ἀνθρώπων,
1314 4741 1568 4812 πρόνοιαν
1596 4763 1601 4791 4

1872 4752 2051 4807 ιυευε
2094 4749 2319 4805 humani
2368 4748 2603 4820 generis,
2655 4748 2858 4803 nullam
2919 4749 2986 4803 de
3045 4763 3111 4803 eo
3173 4764 3357 4804 curam

114 4837 211 4886 τῶν
242 4837 306 4888 o6
344 4840 600 4890 ποιεῖται.

468 4840 600 4890 ἰται.
1798 4845 1953 4917 gerit.

173 4927 260 4983 67.
303 4928 614 5000 Βουλήθητι
644 4924 1015 4989 ἐπιδείξασθαι
1047 4926 1144 4997 τὴν
1177 4922 1432 4991 πρόνοιάν
1465 4937 1559 4974 σου
1591 4919 1658 4993 τὴ

1874 4938 1954 4993 67.
1989 4936 2289 4994 Ostendere
2323 4936 2454 4990 velis
2479 4937 2873 5006 providentiam
2909 4948 3081 5001 tuam,
3106 4950 3267 5006 quam
3293 4936 3359 4989 de

115 5013 182 5076 εἰς
202 5018 389 5086 ἡμᾶς·
424 5018 500 5089 μὴ
528 5017 644 5070 τῶν
675 5013 1115 5067 ταπεινωθέντων
1146 5013 1241 5067 καὶ
1275 5009 1519 5082 βοώντων
1553 5025 1600 5080 π1

1873 5030 1953 5084 bis
1982 5029 2148 5083 habes
2178 5048 2191 5083 :
2225 5043 2291 5083 ne
2319 5028 2561 5097 deponas
2595 5028 2914 5082 memoriam
2942 5042 3150 5090 eorum,
3181 5027 3272 5095 qui
3301 5042 3358 5080 se

114 5104 167 5156 σὲ
190 5108 289 5180 τὴν
317 5110 540 5181 μνήμην
573 5105 930 5175 καταλείψῃς.

1796 5116 2103 5183 humiliant,
2134 5125 2188 5170 et
2223 5117 2459 5170 clamant
2484 5116 2552 5171 ad
2585 5125 2653 5170 te.

173 5196 259 5253 68.
301 5200 459 5264 Τίνος
483 5200 653 5272 χάριν
685 5194 1035 5267 παρώργισεν
1064 5198 1092 5249 6
1114 5192 1317 5266 ἀσεϐὴς
1346 5191 1436 5246 τὸν
1464 5190 1631 5256 Θεόν;

1421 5190 1631 5256 ιθεάνὶ
1769 5206 1777 5212 ”
1862 5206 1953 5262 68.
1993 5206 2173 5273 Quare
2209 5208 2441 5262 irritavit
2468 5208 2666 5276 impius
2698 5206 2906 5261 Deum?

172 5287 258 5343 69.
289 5286 428 5344 Εἷπε
470 5292 584 5361 γὰρ
632 5290 664 5341 6
704 5286 948 5350 διάϐολος
993 5288 1049 5339 ἐν
1091 5284 1296 5356 ἐαυτῷ’
1348 5283 1423 5337 O6
1464 5281 1657 5352 ζητήσε

1868 5298 1949 5353 69.
1981 5299 2125 5353 Dixit
2148 5300 2291 5354 enim
2325 5297 2572 5353 diabolus
2591 5298 2647 5352 in
2678 5312 2736 5352 se
2764 5295 2880 5366 ipso
2914 5310 2927 5347 :
2954 5292 3060 5361 Qui
3081 5302 3353 5355 errarunt,

110 5376 225 5439 τοὺς
256 5378 719 5450 πεπλανημένους
743 5378 772 5428 ό
804 5375 956 5438 Θεός.

868 5376 956 5438 ιός.
1654 5460 1659 5461 ί
1792 5405 1900 5445 non
1934 5392 2170 5461 requiret
2194 5391 2353 5445 Deus.

176 5466 265 5533 70,
295 5468 391 5521 71.
427 5471 592 5541 Ὁρᾷς
639 5467 730 5533 σὺ,
762 5466 952 5537 Κύριε,
1000 5465 1107 5519 τὸν
1124 5463 1317 5534 θυμὸν
1336 5461 1561 5516 καὶτὸν
1581 5460 1661 5514 πό

1867 5481 1949 5547 70,
1981 5481 2260 5537 7I.Vidcs
2300 5492 2378 5546 tu,
2424 5479 2672 5545 Domine,
2722 5478 2951 5532 dolorem
3006 5488 3055 5534 et
3101 5478 3352 5544 laborem,

115 5572 233 5621 γον,
264 5561 511 5614 τουτέστι
540 5560 636 5614 τὸν
681 5555 946 5620 διάϐολον,
982 5556 1314 5628 παραδοῦναι
1333 5553 1494 5610 αὐτὸν
1522 5555 1580 5610 ἐν

1869 5587 1897 5627 c
1935 5581 2020 5627 est
2057 5572 2353 5638 diabolum,
2395 5581 2456 5625 ut
2504 5571 2682 5626 tradas
2726 5585 2851 5625 eum
2897 5570 2954 5626 in
2984 5572 3218 5627 adventu
3259 5578 3354 5625 tuo

116 5651 385 5721 παρουσίᾳ
409 5669 499 5706 σου
536 5651 650 5704 ὑπὸ
686 5649 789 5719 τὴν
825 5647 1076 5714 ἐξουσίαν
1103 5647 1209 5702 τῶν
1240 5646 1435 5717 ἁγίων.

1068 5665 1076 5696 ι
1103 5647 1209 5702 τῶν
1240 5646 1435 5717 ἁγίων.
1791 5664 1894 5720 sub
1926 5672 2188 5733 potestate
2220 5673 2553 5719 sanctorum.

173 5740 265 5797 72.
296 5742 397 5805 Εἰς
425 5743 519 5816 τὴν
554 5743 661 5814 σὴν
696 5737 947 5811 βοήθειαν
975 5739 1175 5812 ἀφορᾷ.

1864 5753 1952 5808 72.
1984 5754 2220 5826 Respicit
2247 5755 2303 5811 in
2331 5755 2591 5811 auxilium
2622 5763 2796 5812 tuum.

402 5860 675 5921 Parnm.
710 5855 831 5918 Gn.
876 5855 1135 5919 XXVII.
1692 5916 1693 5919 η
2950 5849 3035 5927 22
