3760 6400
388 346 493 405 685

461 460 550 515 73.
574 457 827 527 Orphauo
858 465 909 509 tu
946 454 1091 508 fuisti
1124 454 1355 523 adjutor.

458 551 549 607 74.
577 549 809 605 Contere
838 546 1114 601 brachium
1148 547 1447 615 peccatoris
1478 553 1530 599 et
1563 544 1783 613 maligni
1818 559 1830 594 :

462 723 550 780 75.
584 725 863 792 Qumretur
892 734 1170 794 peceatum
1205 725 1369 785 illius,
1399 734 1453 778 et
1487 740 1593 778 non
1629 723 1953 778 invenietur.

467 815 551 871 76.
587 815 851 887 Regnabit
892 816 1154 870 Dominus
1191 818 1243 868 in
1284 830 1571 878 eternum,
1611 823 1663 868 et
1698 816 1751 867 in
1789 829 1959 867 saecu-

396 908 503 962 lum
534 910 716 964 sazculi
751 926 763 961 :

465 1001 551 1057 77.
580 1001 852 1066 Periliitis,
888 1012 1096 1073 gentes.
1125 1004 1190 1057 de
1228 1011 1366 1057 terra
1404 1003 1570 1058 illius.

464 1093 551 1150 78.
584 1093 919 1149 Desiderium
951 1110 1245 1165 paupertati
1276 1095 1552 1149 exaudivit
1580 1093 1860 1147 Dominus.

464 1184 551 1242 79.
587 1186 966 1257 Praeparationi
997 1187 1177 1242 cordis
1204 1202 1392 1242 eorum
1424 1186 1650 1241 attendit
1675 1186 1822 1241 auris
1845 1194 1959 1239 tua.

466 1365 555 1421 80.
582 1366 771 1421 Judica
804 1366 1005 1436 pupillo
1036 1374 1088 1421 et
1113 1367 1323 1430 humili,

467 1457 556 1513 81.
590 1456 660 1512 Ut
697 1475 803 1512 non
855 1469 1092 1529 apponat
1134 1460 1274 1515 ultra
1318 1457 1665 1529 magniﬁcare
1710 1472 1769 1512 se
1800 1457 1962 1511 homo

398 1565 556 1621 super
579 1561 777 1604 terram
788 1590 800 1603 .

614 1662 677 1718 In
706 1665 861 1732 ﬁnem
890 1663 1138 1717 Psalmus
1166 1664 1353 1718 David.
1383 1660 1646 1717 PSALM.
1678 1660 1750 1715 Χ.

1228 343 1285 399 S.
1327 339 1697 397 ATllANASll
1734 338 1884 394 OPP.
1924 335 2110 392 PARS
2148 335 2238 390 Ill.
2276 366 2346 375 -
2387 332 2804 390 EXEGETICA.

1976 456 2019 511 Α
2123 450 2211 502 75.
2259 449 2507 519 Ὀρψανῷ
2536 450 2599 501 σὺ
2631 444 2776 517 ἦσθα
2811 442 3021 513 βοηθός.

3522 326 3637 382 684

2125 541 2213 593 74.
2244 538 2535 611 Σύντριψον
2578 539 2667 591 τὸν
2722 536 2981 609 βραχίονα
3027 534 3117 587 τοῦ
3164 532 3495 607 ἁμαρτωλοῦ
3539 536 3640 589 καὶ

2056 647 2188 699 πονη
2199 629 2289 699 ροῦ
2331 645 2346 660 '
3346 630 3357 643 ⁸

2126 721 2645 792 75.ίΖητηθήσεταιή
2666 719 2907 791 ἁμαρτία
2924 717 3110 780 αὐτοῦ,
3124 720 3217 772 καὶ
3232 720 3293 771 οὐ
3319 718 3395 789 μὴ
3411 718 3637 789 εὑρεθῇ.

2128 813 2216 867 76.
2253 812 2566 865 Βασιλεύσει
2596 812 2801 884 Κύριος
2842 813 2920 874 εἰς
2953 811 3043 864 τὸν
3076 811 3267 874 αἰῶνα,
3297 813 3393 865 καὶ
3426 814 3508 874 εἰς
3545 812 3643 865 τὸν

2058 907 2230 962 αἰῶνα
2254 905 2347 959 τοῦ
2379 906 2592 968 αἰῶνος.

2134 1000 2219 1053 77.
2265 997 2593 1058 Ἀπολεῑσθε,
2628 995 2777 1065 ἔθνη,
2812 995 2876 1047 ἐκ
2899 994 2998 1064 τῆς
3029 994 3132 1063 γῆς
3159 993 3350 1050 αὐτοῦ.

2133 1090 2220 1144 78.
2252 1090 2361 1160 Τὴν
2388 1088 2678 1157 ἐπιθυμίαν
2700 1085 2807 1138 τῶν
2831 1086 3073 1155 πενήτων
3098 1088 3385 1157 εἰσήκουσε
3407 1087 3640 1157 Κύριος.

2124 1182 2215 1236 79.
2244 1181 2323 1252 Τῇ
2350 1178 2632 1249 ἑτοιμασίᾳ
2672 1177 2771 1249 τῆς
2811 1176 3035 1249 καρδίας
3065 1177 3244 1231 αὐτῶν
3274 1178 3546 1250 προσέσχε
3582 1190 3645 1232 το

2060 1268 2152 1337 οὖς
2186 1290 2296 1326 σου.

2134 1365 2222 1419 80.
2255 1367 2450 1437 Κρῖναι
2480 1362 2697 1436 ὀρφανῷ
2728 1362 2823 1416 καὶ
2851 1360 3110 1431 ταπεινῷ,

2132 1459 2221 1511 81.
2261 1460 2375 1511 Ἵνα
2421 1457 2494 1528 μὴ
2536 1455 2743 1527 προσθῇ
2777 1454 2857 1507 ἔτι
2900 1454 2992 1507 τοῦ
3030 1454 3392 1525 μεγαλαυχεῖν
3426 1456 3641 1528 ἄνθρω-

2065 1569 2163 1615 πος
2193 1552 2284 1605 ἐπὶ
2305 1551 2403 1621 τῆς
2425 1550 2552 1619 γῆς.

2170 1665 2274 1728 Εἰς
2301 1660 2365 1714 τὸ
2393 1660 2563 1726 τέλος
2592 1660 2833 1728 ψαλμὸς
2861 1658 2940 1724 τῷ
2969 1659 3162 1713 Aucta.
3203 1662 3438 1715 ΨΑΑΜ.
3466 1662 3534 1715 ι’.

469 1776 593 1831 1.1η
611 1776 837 1833 Domino
851 1777 1084 1842 conﬁdo,
1104 1776 1378 1847 quomodo
1394 1776 1572 1831 dicitis
1587 1775 1781 1830 anima:
1796 1789 1959 1829 meai:

2143 1773 2189 1826 1.
2209 1773 2330 1825 Ἐπὶ
2347 1770 2424 1841 τῷ
2438 1770 2624 1841 Κυρίῳ
2641 1771 2895 1831 πέποιθα,
2921 1769 3035 1833 πῶς
3054 1772 3226 1840 ἐρεῖτε
3248 1774 3314 1841 τῇ
3331 1770 3482 1842 ψυχῇ
3504 1786 3611 1840 μου
3629 1784 3646 1800 ·

465 1868 520 1923 2.
552 1868 901 1940 Transmigra
937 1869 989 1922 in
1024 1878 1262 1923 montem
1294 1867 1434 1921 sicut
1462 1864 1686 1936 passer?

466 1963 521 2018 5.
548 1962 815 2029 Quoniam
845 1977 971 2017 ecce
999 1971 1308 2031 peccatores
1340 1960 1685 2014 intenderunt
1711 1973 1928 2024 arcum;

466 2056 522 2111 4.
548 2053 882 2109 Paraverunt
912 2054 1134 2123 sagittas
1164 2068 1290 2108 suas
1322 2052 1375 2106 in
1411 2053 1685 2123 pharetra,

468 2148 522 2205 5.
552 2146 624 2204 Ut
654 2150 910 2220 sagittent
944 2149 997 2202 in
1030 2148 1265 2201 obscuro
1294 2154 1473 2200 rectos
1501 2144 1663 2199 corde
1699 2159 1713 2195 :

465 2327 521 2385 6.
548 2328 813 2395 Quoniam
836 2343 956 2398 quae
982 2326 1275 2398 perfcmsti,
1303 2326 1406 2395 ipsi
1440 2326 1845 2381 destruxerunt.

469 2421 521 2476 7.
548 2419 738 2476 Justus
767 2429 946 2475 autem
982 2420 1111 2490 quid
1137 2419 1301 2475 fecit?

467 2511 520 2567 8.
548 2511 810 2567 Dominus
846 2512 898 2566 in
930 2511 1132 2582 templo
1167 2520 1358 2567 sancto
1383 2525 1483 2568 suo
1518 2530 1530 2563 :

2142 1865 2195 1918 2.
2219 1863 2631 1918 Μεταναστεύου
2662 1862 2753 1914 ἐπὶ
2784 1863 2852 1915 τὰ
2887 1863 2985 1933 ὅρη
3014 1862 3088 1925 ὼς
3117 1863 3434 1933 στρουθίον;

2138 1955 2192 2009 5.
2223 1956 2343 2009 Ὀτι
2370 1954 2477 2007 ἰδοὺ
2504 1956 2551 2006 οἰ
2578 1953 2887 2024 ἁμαρτωλοί
2914 1953 3182 2007 ἐνέτειναν
3204 1953 3360 2019 τόξον

2136 2049 2191 2103 4.
2233 2047 2566 2118 Ἠτοίμασαν
2599 2046 2726 2117 βέλη
2749 2048 2827 2110 εἰς
2856 2047 3153 2117 φαρέτραν,

2140 2141 2193 2196 5.
2224 2140 2329 2194 Τοῦ
2359 2139 2749 2205 κατατοξεῦσαι
2779 2142 2838 2193 ἐν
2882 2142 3186 2211 σκοτομήνῃ
3215 2140 3345 2203 τοὺς
3376 2137 3557 2202 εὐθεῖς
3580 2149 3645 2191 τ’

2070 2233 2284 2306 καρδίᾳ·

2140 2326 2193 2383 6.
2228 2328 2347 2380 Ὅτι
2379 2325 2415 2380 ἃ
2444 2327 2508 2379 σὺ
2543 2324 2875 2398 κατηρτίσω,
2906 2324 3059 2379 αὐτοὶ
3092 2324 3361 2379 καθεῖλον.

2142 2418 2195 2472 7.
2236 2419 2296 2471 '0
2326 2418 2381 2471 δὲ
2412 2418 2615 2480 δίκαιος
2637 2416 2689 2469 τί
2719 2416 2973 2488 ἐποίησε;

2145 2511 2198 2565 8.
2230 2511 2433 2583 Κύριος
2465 2512 2521 2564 ἐν
2549 2507 2661 2579 ναῷ
2691 2506 2829 2579 ἁγίῳ
2860 2502 3025 2561 αὑτοῦ
3045 2523 3060 2539 ⁶

1517 2643 1897 2700 ATHANASII
1939 2645 2527 2704 lNTERPRETATlO.

470 2768 559 2822 75.
588 2765 903 2836 Orphanum
948 2764 1079 2820 dicit
1111 2779 1234 2819 eum
1255 2803 1271 2828 ,
1311 2762 1405 2832 qui
1444 2776 1551 2815 non
1587 2761 1745 2817 habet
1775 2762 1968 2818 huma-

402 2873 534 2917 nam
569 2860 853 2914 auxilium.

474 2950 563 3006 74.
596 2949 1033 3005 Dominationem
1066 2948 1286 3002 diaboli.

472 3042 563 3104 75.
591 3041 678 3097 76.
706 3040 989 3107 Quaeretur
1032 3049 1311 3109 peceatum
1343 3038 1483 3107 ejus,
1515 3046 1567 3092 et
1597 3054 1703 3093 non
1738 3038 1975 3108 amplius

405 3133 520 3205 ipse
561 3133 816 3189 diabolus
863 3132 1198 3195 invenietur;
1242 3130 1499 3200 quoniam
1545 3131 1775 3185 traditus
1805 3131 1974 3185 estin

406 3222 581 3296 ignem
605 3232 865 3278 aeternum
897 3241 910 3276 :
935 3232 989 3276 et
1010 3223 1225 3276 demum
1253 3221 1514 3277 Dominus
1539 3223 1690 3277 solus
1710 3223 1974 3294 regnabit.

478 3400 565 3455 77.
604 3400 826 3463 Gentes,
860 3418 981 3472 qua:
1020 3404 1070 3457 ei
1101 3418 1207 3457 non
1248 3403 1778 3475 obtemperaverunt,
1813 3421 1843 3461 a
1875 3421 1976 3462 suo

409 3493 614 3548 ccelesti
643 3509 810 3563 regno
838 3494 1165 3549 alienantur.

481 3585 567 3641 78.
601 3585 939 3642 Desiderium
966 3603 1263 3658 pauperum
1290 3590 1511 3645 exaudit
1540 3590 1683 3648 Deus
1712 3601 1765 3647 et
1792 3590 1980 3646 Domi-

408 3694 534 3746 nus,
557 3681 815 3751 quoniam
848 3697 971 3751 qua:
1001 3682 1103 3752 ipsi
1142 3692 1292 3753 grata
1326 3692 1455 3738 sunt
1486 3685 1907 3755 concupiscunt.

474 3860 568 3916 79.
596 3862 899 3918 Clamorem
944 3878 1169 3922 eorum.
1218 3863 1312 3933 qui
1351 3863 1567 3919 contriti
1610 3874 1664 3918 et
1711 3862 1979 3919 humiliati

402 3960 541 4008 sunt
562 3955 745 4020 corde,
777 3957 1053 4010 exaudivit
1078 3957 1228 4011 auris
1258 3966 1370 4010 tua.

482 4043 570 4099 80.
608 4045 827 4101 Vindica
858 4061 971 4115 eos,
1003 4047 1095 4117 qui
1126 4047 1388 4101 auxilium
1425 4062 1534 4101 nou
1564 4044 1799 4113 habent;

482 4135 567 4190 8t.
600 4135 680 4191 Ne
706 4146 894 4192 contra
930 4138 1076 4207 ipsos
1108 4138 1388 4201 diabolus,
1421 4147 1475 4193 et
1503 4139 1597 4208 qui
1630 4139 1699 4192 ab
1731 4153 1796 4193 eo
1826 4147 1975 4202 sunt,

409 4228 730 4299 superbiant
760 4231 815 4285 in
842 4231 1021 4285 terris.

2147 2766 2234 2822 73.
2277 2766 2539 2838 Ὀρφανὸν
2570 2764 2719 2834 λέγει
2764 2762 2864 2833 τὴν
2905 2760 3252 2833 ἀνθρωπίνην
3284 2760 3539 2833 βοήθειαν
3579 2761 3654 2837 μὴ

2003 2838 2046 2899 C
2078 2857 2286 2929 ἔχοντα.

2146 2951 2234 3004 74.
2260 2950 2369 3021 Τὴν
2396 2950 2713 3005 δυναστείαν
2739 2950 2832 3003 τοῦ
2855 2946 3115 3005 διαϐόλου,

2146 3042 2236 3105 75,
2269 3041 2356 3095 76.
2390 3042 2763 3113 Ζητηθήσεται
2809 3043 2842 3112 ἡ
2894 3039 3136 3110 ἁμαρτία
3183 3038 3385 3104 αὐτοῦ,
3429 3038 3524 3092 καί¹
3558 3037 3657 3091 οὐκ

2078 3133 2157 3186 ἔτι
2188 3134 2350 3194 αὐτὸς
2381 3135 2410 3186 ό
2439 3133 2682 3197 διάϐολος
2709 3133 2769 3186 οὐ
2813 3134 2886 3203 μὴ
2928 3132 3143 3203 εὑρεθῇ*
3190 3131 3279 3185 διὰ
3320 3131 3383 3185 τὸ
3428 3132 3659 3205 παραδοο

2080 3225 2237 3296 θῆναι
2268 3225 2429 3278 αὐτὸν
2466 3226 2542 3296 τῷ
2573 3226 2775 3296 αἰωνίῳ
2805 3226 2959 3296 πυρὶ,
2993 3227 3085 3279 καὶ
3108 3224 3295 3278 λοιπὸν
3326 3226 3536 3297 Κύριος
3568 3225 3659 3296 μό-

2079 3336 2168 3382 νος
2196 3318 2521 3388 βασιλεύσει.

2152 3413 2238 3466 77.
2272 3412 2440 3483 Ἔθνη
2474 3412 2542 3465 τὰ
2593 3412 2665 3483 μὴ
2716 3411 3010 3482 πειθόμενα
3051 3408 3199 3480 αὐτῷ
3250 3408 3662 3482 ἀλλοτριοῦνται

2080 3502 2178 3573 τῆς
2207 3502 2526 3573 ἐπουρανίου
2555 3500 2717 3555 αὑτοῦ
2745 3500 3036 3571 βασιλείας.

2156 3594 2239 3648 78.
2269 3594 2377 3665 Τὴν
2421 3593 2709 3663 ἐπιθυμίαν
2741 3593 2849 3645 τῶν
2882 3593 3127 3662 πενήτων
3156 3590 3431 3645 είσακούει
3463 3591 3491 3643 ό
3529 3589 3661 3651 Θεὸς

2082 3685 2177 3739 καὶ
2199 3685 2421 3757 Κύριος,
2449 3684 2634 3756 ἐπειδὴ
2674 3685 2742 3738 τὰ
2785 3686 2987 3756 ἀστερὰ
3014 3682 3265 3756 [ἀρεστὰ]
3294 3683 3443 3754 αὐτῷ
3466 3683 3659 3737 ἐπιθυ-

2087 3774 2266 3846 μοῦσι.

2155 3867 2242 3920 79.
2272 3866 2392 3919 Τῶν
2422 3868 2890 3939 συντετριμμένων
2937 3867 3028 3920 καὶ
3053 3866 3539 3937 τεταπεινωμένων
3566 3865 3661 3937 τὴν

2084 3958 2309 4028 καρδίαν
2340 3959 2536 4029 ἤκουσε
2562 3961 2659 4027 τῆς
2684 3960 2811 4030 βοῆς
2835 3958 2895 4011 τὸ
2928 3955 3018 4021 οὖς
3051 3976 3165 4011 σου.

2155 4049 2243 4103 80.
2273 4051 2498 4121 Ποιῆσαι
2524 4051 2620 4120 τὴν
2652 4051 2926 4120 ἐκδίκησιν
2955 4047 3061 4101 τῶν
3090 4048 3410 4119 ἀϐοηθήτων
3430 4061 3443 4075 ⁸

2159 4141 2247 4195 81.
2272 4143 2389 4195 Ἵνα
2420 4142 2494 4213 μὴ
2534 4143 2652 4195 κατ’
2691 4144 2885 4205 αὐτοὺς
2928 4142 2957 4193 ὁ
3000 4140 3242 4203 διάϐολος
3274 4142 3369 4194 καὶ
3411 4142 3458 4193 οἰ,
3495 4137 3659 4192 αὑτοῦ

2014 4249 2057 4303 ι)
2089 4235 2456 4304 τετυφωμένοι
2480 4228 2613 4287 ὦσιν
2646 4235 2739 4287 ἐπὶ
2768 4235 2865 4305 τῆς
2896 4232 3021 4303 γῆς.

493 4346 558 4401 Ἥ
586 4348 921 4422 προκειμένη
967 4351 1246 4424 ἐπιγραφὴ
1286 4354 1319 4423 ἡ
1362 4351 1449 4405 διὰ
1492 4351 1592 4421 τῆς
1628 4351 1997 4423 κινναϐάρεως
2024 4352 2286 4424 περιέχειο
2317 4356 2421 4418 Εἰς
2468 4352 2532 4406 τὸ
2564 4351 2737 4418 τέλος
2767 4350 3009 4419 ψαλμὸς
3046 4346 3127 4413 τῷ
3162 4349 3362 4411 Δαϐἰδ,
3395 4350 3663 4403 τουτέστιν

413 4441 499 4495 ἐπ’
529 4444 769 4516 ἐσχάτων
793 4445 901 4500 τῶν
926 4449 1132 4519 χρόνων
1166 4447 1379 4522 εἴρηται
1416 4450 1445 4503 ό
1470 4448 1680 4521 ψαλμὸς
1710 4451 1790 4513 εἰς
1822 4450 1948 4514 τοὺς
1978 4449 2165 4519 ἁγίους
2211 4449 2305 4503 τοῦ
2343 4449 2498 4502 Θεοῦ.
2529 4448 2693 4502 Δαϐὶδ
2718 4447 2825 4519 γὰρ
2858 4445 3239 4517 ἑρμηνεύεται,
3273 4447 3496 4500 τούτων
3525 4447 3663 4500 ἐπό-

414 4534 591 4604 θησα,
623 4537 867 4592 τουτέστι
892 4539 1001 4594 τῶν
1024 4541 1213 4611 ἁγίων.

486 4647 719 4714 Titulus,
753 4653 844 4723 qui
879 4649 1097 4726 psalmd
1120 4658 1471 4727 praeponitur,
1507 4655 1786 4712 einnabari
1822 4654 2059 4723 scriptus
2087 4653 2326 4708 continet
2362 4670 2373 4705 :
2411 4651 2476 4705 In
2503 4652 2660 4722 linem
2681 4655 2918 4723 psalmus
2935 4655 3125 4722 David,
3146 4657 3250 4712 hoc
3283 4666 3368 4713 est
3399 4656 3453 4711 in
3488 4656 3665 4709 novis-

419 4739 574 4799 simis
594 4747 927 4815 temporibus
942 4751 1184 4820 psalmus
1206 4751 1404 4807 dicitur
1426 4752 1491 4806 de
1510 4752 1713 4807 sanctis
1736 4749 1850 4804 Dei.
1877 4748 2043 4804 David
2069 4752 2212 4804 enim
2233 4749 2638 4817 interpretatur,
2662 4751 2755 4803 hos
2774 4753 3089 4817 desideravi,
3124 4753 3228 4808 hoc
3248 4764 3328 4808 est
3361 4762 3599 4808 sanctos.

491 4837 545 4892 1.
581 4837 637 4893 lu
673 4839 782 4896 Deo
807 4846 1039 4913 speravi,
1073 4847 1202 4916 quid
1236 4848 1514 4903 suadetis?

490 4933 546 4989 2.
578 4932 787 4991 Extolle
811 4937 998 4991 oculos
1027 4938 1225 4992 mentis
1252 4948 1357 4993 tuae
1387 4939 1455 4994 ad
1483 4939 1744 5003 cmicstia,
1778 4948 1833 4993 et
1862 4938 1988 4993 nul-

420 5025 528 5081 lam
562 5026 958 5082 mundanarum
989 5042 1171 5081 rerum
1200 5044 1384 5083 curam
1418 5045 1564 5100 gere.

489 5118 568 5172 5-
592 5118 645 5173 5.
681 5117 946 5185 Quoniam
985 5119 1258 5174 daemones
1297 5120 1620 5190 cupiditates
1652 5130 1705 5174 et
1738 5127 1987 5174 ostenta-

419 5208 598 5265 tiones
639 5210 800 5281 hujus
830 5211 954 5266 vitaa
993 5211 1293 5267 immittunt
1324 5212 1463 5266 inter
1506 5212 1757 5266 tenebras
1797 5212 1986 5266 mundi

420 5300 478 5356 in
512 5304 679 5357 corda
704 5304 997 5372 iustorum.

492 5391 546 5446 6.
578 5391 998 5453 Justiticationes
1040 5394 1278 5461 Domini,
1310 5410 1446 5466 quas
1490 5394 1604 5463 ipse
1630 5395 1980 5463 praeparavit,

423 5482 527 5552 ipsi
554 5485 956 5542 subverterunt.

495 5577 549 5634 7.
578 5577 768 5634 Justus
794 5590 972 5637 autem
1002 5582 1133 5652 quid
1167 5583 1361 5637 horum
1391 5579 1557 5636 fecit?

494 5670 549 5724 8.
580 5669 843 5726 Dominus
878 5688 983 5726 non
1022 5673 1076 5726 in
1119 5674 1391 5744 speluncis
1421 5672 1799 5730 haereticorum
1832 5669 1989 5726 inha-

425 5761 581 5828 bitat.
614 5762 710 5818 sed
741 5762 797 5818 in
823 5764 1023 5836 templo
1050 5776 1240 5823 sancto
1267 5782 1393 5824 suo.
1884 5753 1898 5766 ’

2159 4844 2209 4897 1.
2248 4844 2370 4896 Ἐπὶ
2393 4842 2470 4911 τῷ
2499 4843 2686 4914 Κυρίῳ
2715 4845 2939 4914 ἤλπισα,
2967 4846 3017 4899 τί
3049 4846 3479 4916 συμϐουλεύετε;

2163 4935 2217 4988 2.
2247 4936 2312 4987 Ἐ
2324 4951 2489 5005 παρον
2512 4936 2637 4997 τοὺς
2666 4935 2977 5007 ὀφθαλμοὺς
2997 4941 3095 5009 τῆς
3120 4939 3359 5001 διανοίας
3388 4956 3481 4991 σου
3506 4940 3583 4999 εἰς
3601 4934 3664 4988 τὰ

2092 5026 2410 5097 ἐπουράνια,
2440 5028 2533 5076 καὶ
2565 5026 2834 5097 μηδεμίαν
2861 5028 2949 5099 ἔχε
2977 5030 3233 5100 φροντίδα
3258 5029 3536 5100 βιωτικήν.

2163 5117 2284 5171 5-5.
2341 5117 2463 5168 ’Ότι
2503 5116 2552 5168 οἱ
2620 5117 2873 5188 δαίμονες
2913 5111 3012 5183 τὰς
3073 5120 3367 5191 ἐπιθυμίας
3423 5121 3516 5173 καὶ
3574 5120 3665 5181 τέις

2094 5208 2413 5273 ἀλαζονείας
2442 5207 2537 5259 τοῦ
2574 5209 2688 5278 βίου
2739 5213 3189 5282 καταπέμπουσιν
3215 5214 3295 5275 είς
3322 5213 3419 5277 τὰς
3450 5212 3668 5285 καρδίας

2093 5303 2200 5356 τῶν
2230 5302 2456 5355 δικαίων
2489 5303 2545 5353 ἐν
2583 5300 2661 5372 τῷ
2693 5305 2875 5357 σκότει
2905 5304 2998 5358 τοῦ
3027 5305 3251 5375 κόσμου.

2168 5394 2220 5449 6.
2248 5394 2327 5447 Τὰ
2356 5390 2696 5463 δικαιώματα
2742 5396 2834 5450 τοῦ
2878 5398 3103 5469 Κυρίου,
3147 5396 3183 5450 ἂ
3228 5396 3389 5460 αὐτὸς
3417 5394 3671 5468 κατηρτί-

2102 5504 2249 5550 σατο,
2285 5487 2438 5539 αὑτοί
2463 5487 2914 5559 ἀπεστράφησαν.

2170 5581 2223 5633 7.
2269 5580 2326 5632 ’0
2352 5579 2407 5631 δὲ
2434 5578 2637 5642 δίκαιος
2673 5581 2726 5632 τί
2750 5581 2905 5633 τοῦτο
2936 5578 3185 5653 [τούτων]
3210 5581 3496 5652 ἐποίησεν;

2171 5672 2226 5728 8.
2256 5670 2459 5743 Κύριος
2495 5674 2595 5726 οὐκ
2634 5672 2692 5725 ἐν
2735 5672 3019 5743 σπηλαίοις
3064 5674 3356 5746 αίρετικῶν
3401 5669 3673 5737 κατοικεῖ,

2106 5763 2220 5817 ἀλλ’
2255 5765 2314 5818 ὲν
2338 5762 2448 5821 ναῶ
2481 5764 2619 5829 ἁγίῳ
2644 5763 2831 5818 αὑτοῦ.
