3760 6388
189 303 293 363 685
1111 311 1200 366 DE
1239 314 1515 372 TlTULlS
1553 317 2004 380 PSALMORUM.
2057 355 2131 367 —
2166 325 2362 382 PSAL.
2399 328 2493 385 Χεῐ.
3334 342 3439 398 636

254 398 308 454 9.
334 397 571 471 Κύριος,
594 401 652 455 ἐν
682 402 891 475 οὐρανῷ
912 405 940 457 ὁ
963 404 1149 477 Θρόνος
1177 410 1358 465 αὑτοῦ.

1793 427 1843 481 Α
1941 420 1992 474 9.
2024 420 2307 492 Dominus,
2340 427 2394 480 in
2419 427 2559 483 caelo
2589 430 2743 487 sedes
2769 431 2907 501 ejus.

257 490 344 545 10.
367 493 430 546 Οἰ
456 492 736 567 ὀφθαλμοὶ
763 496 923 550 αὑτοῦ
949 499 1028 562 εἰς
1045 501 1135 553 τὸν
1165 505 1371 575 πένητα
1393 507 1742 564 ὲπιὸλέπουσι

1649 528 1764 578 νυσι,
1874 586 1881 591 ι
1940 512 2023 564 10.
2063 512 2216 568 Oculi
2247 490 2366 587 ejus
2396 518 2448 574 in
2488 536 2779 591 pauperem
2796 490 3134 596 'respiciunt,

253 581 339 635 11.
372 583 453 636 Τὰ
488 584 739 660 βλέφαρα
764 587 926 640 αὑτοῦ
954 591 1194 657 ἐξετάζει
1225 598 1349 660 τοὺς
1371 601 1519 664 υἱοὺς
1537 601 1645 655 τῶν
1673 634 1675 649 ι

190 673 433 727 θοὼπων.

1874 586 1881 591 ’
1943 600 2027 654 11.
2064 581 2337 673 Palpebrae
2366 581 2841 682 ejus-interrogant
2870 581 3346 678 ﬁlioshominum.

222 691 433 745 ρωπων.

250 763 337 818 η.
368 764 586 836 Κύριος
614 766 854 833 ἐξετάζει
885 772 974 825 τὸν
1006 774 1211 831 δίκαιον
1234 781 1440 834 καὶτὸν
1468 784 1662 856 ἀσεϐῆ·
1933 777 2020 831 ηε
2057 777 2318 837 Dominus
2352 784 2869 859 ίηῑετΐοίξθίὶυεῑυῐη
2907 803 2960 847 ει
2994 795 3252 866 impium;

248 854 332 907 15.
380 855 439 907 '0
470 855 533 908 δὲ
579 858 810 926 ἀγαπῶν
852 860 947 933 τὴν
991 864 1201 920 ἀδικίαν
1240 874 1388 939 μισεί
1430 873 1527 944 τὴν
1567 876 1733 930 ἑαυτοέ

1944 868 2019 922 13.
2057 867 2160 935 Qui
2206 880 2386 927 autem
2422 854 2594 947 diligit
2642 854 3011 951 iniquitatem,
3044 854 3161 941 o-dit
3191 854 3429 946 animam

186 946 370 1018 ψυχήν.
1220 942 1238 957 “
1485 942 1493 944 ’

1220 942 1238 957 ’
1485 942 1493 944 ⁷
1796 958 1799 959 ⁷
1862 972 2036 1014 suam.

250 1039 332 1093 ﬂ.
375 1040 696 1113 Ἐπιϐρέξει
722 1045 813 1097 ἐπὶ
837 1045 1190 1117 ἁμαρτωλοὺς
1222 1052 1470 1119 παγίδας·

1933 1048 2018 1104 14.
2050 1049 2202 1108 Pluet
2233 1069 2395 1125 super
2420 1071 2729 1128 peccatores
2761 1064 3004 1136 laqueos,

247 1132 329 1190 15.
366 1133 488 1206 Πῦρ
507 1175 524 1199 ,
557 1136 654 1188 καὶ
681 1135 821 1189 θεῖον
841 1179 853 1198 ,
884 1140 977 1193 καὶ
1005 1141 1222 1212 πνεῦμα
1249 1146 1557 1215 καταιγίδος
1587 1151 1621 1220 ἡ
1657 1167 1732 1221 μετ

1940 1139 2017 1193 l5.
2054 1139 2201 1211 Ignis
2227 1155 2281 1200 et
2327 1148 2554 1217 sulphur
2584 1160 2638 1206 et
2665 1132 2889 1224 spiritus
2914 1132 3274 1229 procellarum
3299 1178 3425 1234 pars

186 1221 261 1294 ρὶς
286 1223 378 1276 τοῦ
416 1226 688 1297 ποτηρίου
719 1227 918 1284 αὐτῶν.

791 1227 918 1284 τῶν.
1857 1230 2042 1288 calicis
2067 1249 2274 1292 eorum.

244 1311 325 1366 16.
369 1313 496 1366 ’Ότι
516 1315 728 1379 δίκαιος
744 1318 965 1389 Κύριος,
984 1322 1076 1374 καὶ
1092 1322 1432 1391 δικαιοσύνας
1447 1329 1729 1402 ἠγάπησεν

1935 1324 2016 1378 16.
2049 1324 2317 1393 Quoniam
2343 1331 2525 1402 justus
2549 1334 2831 1404 Dominus,
2854 1350 2907 1396 et
2928 1341 3172 1412 justitias
3199 1348 3420 1404 dilexit:

241 1405 325 1460 17.
362 1402 691 1481 Εὑθύτητας
718 1405 825 1462 εἶδε
857 1411 918 1465 τὸ
947 1414 1236 1484 πρόσωπον
1265 1416 1448 1472 αὑτοῦ.

1421 1416 1448 1472 ἱ,
1927 1415 2015 1472 17.
2049 1417 2358 1490 Ᾱὲιιυὶιοιοε
2390 1425 2525 1480 vidit
2556 1428 2737 1485 vultus
2768 1402 2906 1502 ejus.

179 1518 271 1583 Εἰς
296 1516 361 1571 τὸ
387 1517 577 1586 τέλος
600 1520 755 1591 ὑπὲρ
1175 1531 1418 1600 ψαλμὸς
1445 1533 1525 1598 τῷ
1551 1537 1664 1591 Δαε

1896 1525 1957 1585 In
1982 1530 2138 1599 ﬁnem
2159 1550 2254 1603 pro
2281 1548 2466 1593 octava
2494 1542 2729 1610 psalmus
2762 1544 2950 1601 David.
2981 1548 3247 1609 PSALM.
3275 1554 3326 1608 Χ
3334 1555 3378 1610 Ι.

240 1676 287 1731 1.
318 1677 507 1756 Σῶσόν
541 1698 634 1751 με,
664 1682 858 1757 Κύριε,
894 1687 975 1740 ὅτι
1005 1687 1313 1745 ἐκλέλοιπεν
1349 1692 1514 1758 ὅσιος·

1936 1689 1976 1745 l.
2030 1690 2251 1748 Salvum
2306 1711 2391 1752 me
2439 1697 2553 1767 fac,
2606 1699 2864 1771 Domine,
2916 1709 3174 1778 quoniam
3226 1712 3421 1770 deiecit

1786 1778 1828 1834 Β
1855 1793 2078 1839 sanctus
2102 1801 2117 1838 :

232 1860 283 1915 2.
319 1863 446 1916 Ὅτι
472 1863 839 1937 ώλιγώθησαν
862 1868 919 1922 αἰ
943 1869 1190 1941 ἀλήθειαι
1212 1872 1320 1926 ἀπὸ
1345 1873 1454 1928 τῶν
1484 1876 1616 1929 υἱῶν
1641 1877 1717 1931 τῶ

1937 1873 1980 1928 2.
2011 1873 2277 1943 Quoniam
2324 1880 2605 1939 diminuta:
2648 1898 2777 1942 sunt
2816 1890 3070 1950 veritates
3098 1909 3130 1948 a
3165 1895 3291 1951 ﬁliis
3319 1898 3422 1953 ho—

172 1952 487 2027 ἀνθρώπων.

1854 1965 2082 2033 minum,

228 2046 282 2101 ὅ.
321 2048 555 2104 Μάταια
620 2050 884 2124 ἐλάλησεν
921 2054 1149 2121 ἕκαστος
1193 2057 1330 2129 πρὸς
1378 2058 1469 2113 τὸν
1523 2059 1713 2132 πλησίο

1933 2056 1976 2111 5.
2015 2058 2165 2114 Vana
2213 2062 2379 2119 locuti
2422 2076 2551 2123 sunt
2600 2075 2976 2147 unusquisque
3014 2078 3081 2133 ad
3110 2082 3418 2149 proximum

171 2138 339 2193 αὐτοῦ·

1850 2160 2013 2202 suum
2042 2166 2055 2202 Ξ

225 2231 278 2292 4.
309 2235 482 2309 Χείλη
514 2236 673 2292 δόλια
703 2240 762 2292 ἐν
795 2240 1012 2312 καρδίᾳ,
1044 2242 1137 2296 καὶ
1165 2242 1222 2296 ὲν
1256 2242 1452 2315 καρδίᾳ
1477 2242 1710 2316 ἐλάλησα

1931 2241 1979 2296 ι.
2005 2241 2173 2301 Labia
2201 2245 2389 2306 dolosa
2418 2251 2472 2306 in
2506 2255 2689 2322 corde,
2734 2266 2790 2313 et
2816 2259 2870 2314 in
2904 2261 3068 2317 corde
3098 2266 3264 2320 locuti
3289 2277 3416 2323 sunt

166 2323 318 2379 κακά.

1852 2335 2014 2389 mala.

225 2415 277 2471 5.
319 2416 734 2491 Ἐξολοθρεύσει
767 2421 969 2495 Κύριος
997 2424 1171 2478 πάντα
1203 2425 1270 2480 τὰ
1300 2427 1450 2499 χείλη
1477 2425 1547 2480 τὰ
1570 2426 1710 2481 δόλια

1920 2426 1974 2480 5.
2012 2426 2292 2500 Disperdet
2323 2430 2586 2493 Dominus
2614 2426 3040 2499 universa'Eibia
3074 2430 3284 2516 uol-osa,

224 2508 273 2565 6.
300 2514 410 2567 Καὶ
436 2514 707 2582 γλῶσσαν
734 2517 1044 2591 μεγαλορρή
1054 2537 1211 2590 μονα.

1918 2517 1973 2572 6.
2009 2518 2075 2575 Et
2099 2521 2338 2593 linguam
2362 2529 2768 2601 magniloquam
2798 2549 2812 2587 :

223 2602 275 2661 7.
287 2605 427 2671 Τοὺς
441 2609 728 2674 εἰπόντας·
748 2610 859 2681 Τὴν
874 2611 1123 2680 γλῶσσαν
1134 2615 1165 2685 ἡ
1175 2612 1290 2685 μῶν
1308 2612 1606 2684 μεγαλυνοῦ
1615 2630 1708 2685 μεν

1926 2611 2063 2678 ’.Qui
2079 2614 2333 2673 dixerunt
2352 2636 2365 2673 :
2383 2617 2646 2692 Linguam
2663 2635 2906 2682 nostram
2924 2630 3411 2703 magniﬁcabimus.

1291 2721 1665 2787 ATHANASII
1705 2722 2297 2784 INTERPRETATIO.

217 2812 267 2868 9.
303 2815 395 2872 Ἐν
418 2820 545 2881 τοῖς
576 2818 850 2888 ὑψίστοις.

1763 2823 1807 2882 C
1911 2818 1966 2874 9.
1997 2818 2053 2873 In
2079 2819 2378 2879 altissimis.

218 2908 299 2964 10.
340 2912 469 2965 Ἐπὶ
505 2914 638 2975 τοὺς
663 2911 902 2975 δικαίους
921 2911 1106 2967 αὑτοῦ.

1099 2953 1106 2967 _
1917 2908 2002 2965 10.
2040 2909 2213 2981 Super
2231 2914 2410 2984 justos
2437 2932 2584 2973 suos.

218 3000 300 3058 11.
340 3005 559 3075 Ἔφορᾷ
594 3002 800 3076 Κύριος
823 3005 893 3059 τὰ
924 3005 1059 3076 ἔργα
1090 3008 1197 3062 τῶν
1222 2996 1541 3080 ἀνθρώπων.

1912 3000 2001 3057 ii.
2032 3001 2275 3060 lntuetur
2305 3005 2569 3067 Dominus
2594 3027 2758 3083 opera
2789 3016 3092 3076 hominum.

218 3091 295 3148 12.
339 3095 399 3148 '0
421 3095 640 3165 Κύριος
669 3099 883 3166 γυμνοί,
915 3100 1007 3151 καὶ
1030 3102 1252 3170 φανεροῖ
1281 3100 1378 3163 τὰς
1409 3099 1700 3170 ὲνθυμήσει

1914 3092 1999 3147 12.
2029 3093 2295 3154 Dominus
2314 3099 2570 3169 denudat,
2601 3114 2655 3160 et
2678 3109 2992 3168 manifestat
3025 3115 3382 3187 cogitationes

158 3182 376 3247 καὶτοὺς
408 3184 721 3255 λογισμοὺς
748 3184 841 3238 τοῦ
868 3185 1073 3240 δικαίου
1109 3189 1202 3244 καὶ
1235 3187 1330 3242 τοῦ
1365 3188 1613 3253 ἀσεϐοῦς.

1947 3186 2115 3255 nique
2146 3204 2340 3247 sensus
2364 3191 2495 3262 justi
2526 3206 2578 3250 et
2611 3196 2783 3268 impii.
3094 3182 3118 3187 ν
3426 3192 3432 3202 ’

212 3273 395 3335 15-15.
436 3277 498 3329 '0
540 3276 604 3329 δὲ
649 3276 987 3348 κολλώμενος
1031 3281 1096 3351 τῇ
1131 3280 1375 3351 ἁμαρτίᾳ
1421 3284 1569 3352 μισεῖ
1600 3282 1695 3333 ὲαυ

1969 3279 2092 3335 HS.
2138 3280 2242 3349 Qui
2312 3285 2550 3343 adhaeret
2608 3304 2855 3360 peccato,
2907 3298 3021 3354 odit
3070 3316 3130 3357 se
3182 3303 3404 3373 ipsum,
3450 3358 3454 3363 .

154 3366 247 3420 τόν·
284 3371 654 3440 παραδίδοται
687 3370 796 3443 γὰρ
840 3371 918 3442 τῷ
959 3371 1160 3444 αἰωνίῳ
1205 3372 1371 3445 πυρί·
1401 3372 1477 3438 ὡς
1518 3375 1639 3427 Σόδο

1921 3370 2071 3425 ditur
2093 3374 2237 3428 enim
2270 3374 2380 3447 igni
2409 3389 2648 3450 aeterno;
2676 3388 3132 3454 quemadmodum
3168 3366 3403 3454 sodoma

155 3460 234 3513 καὶ
266 3463 528 3535 Γόμορρα
572 3462 894 3534 πρόκεινται
927 3463 1124 3534 δεῖγμα
1159 3462 1251 3517 τοῦ
1285 3463 1502 3518 αἰωνίου
1534 3481 1640 3535 πυρ

1924 3459 2249 3530 Gomorrha,
2292 3482 2456 3538 super
2477 3487 2616 3540 quas
2638 3475 2778 3545 ignis
2818 3488 2872 3535 et
2897 3482 3126 3552 sulphur
3147 3487 3406 3547 divinitus

154 3556 220 3616 εἰς
250 3553 313 3618 ἀς
350 3554 590 3627 ἔϐρεξεν
620 3557 649 3607 ὁ
674 3554 807 3617 Θεὸς
842 3553 951 3625 πῦρ
977 3556 1070 3608 καὶ
1104 3553 1260 3608 θεῖον.

1835 3554 1994 3625 pluit,
2022 3557 2076 3611 in
2103 3562 2409 3629 exemplum
2437 3567 2623 3619 aeterni
2654 3567 2796 3637 ignis
2829 3576 3119 3643 proposita?
3146 3588 3294 3635 sunt.

211 3644 288 3699 16.
323 3647 446 3701 Ὅτι
480 3646 700 3718 ἀληθὴς
722 3644 945 3717 Κύριος,
968 3647 1060 3701 καὶ
1081 3645 1178 3719 τὴν
1206 3643 1460 3717 ἀλήθειαν
1481 3646 1576 3699 καὶ
1600 3647 1693 3699 τοὺ

1918 3647 1992 3701 16.
2030 3646 2295 3715 Quoniam
2330 3669 2495 3710 verax
2526 3655 2809 3728 Dominus,
2865 3671 2922 3718 et
2947 3667 3226 3726 veritatem
3255 3683 3403 3729 amat

152 3739 421 3804 ποιοῦντας
454 3741 641 3811 αὐτὴν
671 3740 979 3809 ἠγάπησεν.

925 3757 979 3793 ην.
1834 3746 1889 3792 et
1921 3740 2013 3809 qui
2044 3755 2162 3795 eam
2191 3742 2410 3800 faciunt.

210 3829 290 3883 17.
334 3830 530 3894 Ὁδοὺς
562 3828 735 3900 ὀρθὰς
765 3828 936 3900 ἡδέως
966 3830 1178 3901 ἀγαπᾷ.

1756 3822 1807 3882 D
1904 3830 1991 3884 17.
2026 3831 2152 3887 Vias
2185 3843 2360 3890 rectas
2390 3852 2654 3908 propense
2675 3842 2866 3915 diligit.

113 3952 129 3983 κ
212 3924 273 3978 Ἦ
305 3925 664 3999 προκειμένη
701 3926 982 3997 ἐπιγραφὴ
1026 3926 1112 3979 διὰ
1136 3925 1237 3997 τῆς
1275 3925 1645 3997 κινναϐάρεως
1688 3925 1963 3998 περιέχει·
2010 3930 2115 3994 Εἰς
2157 3928 2223 3983 τὸ
2264 3930 2437 3999 τέλος
2468 3934 2621 4004 ὑπὲρ
2653 3938 2765 4009 τῆς
2804 3941 3022 4013 ὀγδόης
3042 3950 3283 4020 ψαλμὸς
3318 3950 3400 4019 τῷ

152 4020 322 4076 Δαϐίδ.
352 4022 535 4076 Τοῦτο
571 4017 670 4074 οὖν
700 4021 865 4083 ἐστιν,
908 4020 937 4073 ὃ
980 4020 1149 4090 λέγει,
1184 4023 1275 4075 ἐπὶ
1306 4021 1584 4092 συντελείᾳ
1624 4020 1733 4075 τῶν
1770 4020 1976 4077 αἰώνων
2013 4024 2273 4095 ρυσθῆναι
2310 4031 2409 4099 τῆς
2451 4031 2684 4102 κρίσεως
2724 4035 2773 4087 oi
2806 4035 2952 4105 ἆγιοι
2993 4017 3398 4112 παραδαλοῦοιν

150 4114 421 4188 ἀξιωθῆναι
448 4117 558 4188 τῆς
587 4116 809 4170 αἰωνίου
843 4118 1282 4188 μισθαποδοσίας’
1306 4120 1382 4191 τῷ
1410 4119 1519 4190 γάρ
1551 4118 1993 4212 έξακῄισχιλιοστῷ
2017 4120 2125 4174 ἔτει
2156 4124 2482 4180 συντελεῖται
2512 4128 2733 4201 κόσμος,
2764 4134 2856 4186 καὶ
2882 4134 2960 4206 τῷ
2984 4136 3196 4210 ἑϐδόμῳ
3224 4140 3397 4212 κρίνει

149 4206 228 4275 τὴν
257 4209 620 4280 οἰκουμένην·
649 4206 728 4278 τῷ
756 4208 812 4262 δὲ
833 4208 1002 4283 ὀγδόῳ
1020 4214 1153 4276 τοὺς
1178 4212 1276 4283 μὲν
1302 4210 1666 4282 παραδίδωσιν
1695 4212 1773 4274 εἰς
1803 4209 2025 4263 κόλασιν
2052 4212 2295 4277 αἰωνίαν.
2322 4217 2447 4277 τοὺς
2482 4216 2538 4270 δὲ
2562 4219 2643 4283 εἰς
2674 4220 2817 4293 ζωὴν
2841 4224 3077 4281 αἰώνιον.
3238 4206 3398 4283 τοῦτο

148 4302 333 4375 εἴρηται
365 4308 395 4359 ὁ
423 4304 657 4377 ψαλμὸς
686 4305 827 4376 ὑπὲρ
864 4305 960 4374 τῆς
988 4304 1179 4375 ὀγδόης
1210 4303 1361 4374 παρά
1384 4304 1479 4358 τὸν
1509 4302 1670 4356 Δαὸἰδ
1696 4302 1849 4371 ἅγιον
1874 4301 1989 4375 [τοῦ
2015 4303 2178 4357 Δαϐὶδ
2203 4306 2406 4379 ἀγίου].

203 4394 429 4467 Titulus,
461 4399 566 4468 qui
602 4396 815 4466 psalmo
848 4397 1199 4466 praeponitur,
1235 4396 1518 4451 cinnabari
1564 4396 1801 4464 scriptus
1835 4397 2077 4451 continet
2108 4413 2121 4449 :
2157 4395 2225 4451 In
2253 4399 2409 4467 ﬁnem
2438 4415 2534 4468 pro
2568 4410 2752 4455 octava
2777 4404 3014 4472 psalmus
3042 4405 3215 4461 David
3241 4424 3261 4463 :
3290 4410 3395 4466 hoc

146 4498 301 4546 autem
321 4504 427 4562 est,
464 4492 627 4565 quod
653 4491 944 4563 signiﬁcat,
976 4494 1028 4548 in
1057 4493 1526 4549 consummatione
1565 4492 1891 4548 saeculorum
1920 4495 2096 4549 sancti
2133 4496 2437 4559 obsecrant,
2467 4506 2526 4551 ut
2550 4498 2849 4554 liberentur
2875 4516 2906 4556 a
2934 4501 3143 4571 judicio
3170 4514 3224 4561 et
3244 4506 3394 4577 digni

143 4597 449 4644 censeantur
481 4599 713 4645 aeternae
755 4590 1023 4646 mercedis
1055 4589 1433 4645 retributione.
1478 4588 1613 4644 Nam
1662 4606 1758 4645 se:
1793 4590 2085 4646 miliesimo
2133 4605 2277 4646 anno
2326 4604 2737 4650 consummatur
2778 4600 3041 4666 mundus,
3080 4610 3133 4658 et
3159 4604 3392 4675 septimo

142 4670 263 4735 Deus
288 4680 547 4751 judicat;
596 4690 794 4736 ontavo
826 4691 1006 4737 autem
1054 4681 1110 4736 hi
1152 4681 1443 4736 traduntur
1486 4682 1541 4736 in
1573 4681 1895 4751 supplicium
1947 4690 2242 4747 aeternum,
2274 4681 2350 4735 illi
2383 4691 2564 4738 autem
2597 4685 2652 4740 in
2675 4685 2843 4742 vitam
2868 4697 3127 4748 aeternam
3152 4696 3218 4751 ³ο.
3252 4694 3391 4753 Pro-

140 4778 295 4837 pterea
326 4778 590 4846 psalmus
618 4793 716 4846 pro
755 4787 938 4832 octava
968 4780 1147 4835 dictus
1177 4788 1262 4835 est
1288 4779 1429 4850 apud
1453 4788 1703 4835 sanctum
1727 4777 1986 4833 Davidem
2028 4777 2083 4851 [τι
2110 4788 2297 4834 sancto
2326 4778 2570 4855 Davide].

194 4862 241 4919 1.
286 4868 472 4923 Σῶσόν
537 4887 646 4941 με,
695 4869 904 4943 Κύριε,
954 4873 1034 4927 ὅτι
1086 4874 1285 4940 πάντες
1331 4874 1478 4929 ἄθεοι
1534 4874 1679 4946 ὑπάρ

1903 4872 1941 4928 1.
1973 4872 2192 4929 Salvum
2222 4890 2307 4930 me
2334 4876 2438 4943 l'ac,
2473 4876 2722 4947 Domine,
2748 4880 3007 4952 quoniam
3027 4897 3217 4940 omnes
3242 4884 3388 4941 atbei

140 4972 318 5025 χουσιν.

1816 4977 1962 5019 511111.

190 5049 237 5103 2.
269 5055 380 5108 Οὐκ
409 5054 535 5109 ἔστι
562 5055 886 5110 διδασκαλία
907 5056 1041 5111 Θεοῦ
1066 5058 1215 5128 παρά
1242 5061 1355 5121 τοῖς
1375 5057 1675 5132 ἀνθρώποις

1579 5076 1705 5123 τοις.
1882 5058 1937 5111 2.
1967 5057 2084 5114 Non
2113 5068 2197 5116 est
2221 5061 2465 5117 doctrina
2496 5062 2591 5119 Dei
2625 5062 2767 5134 apud
2796 5064 3064 5119 homines.

190 5140 238 5195 5.
257 5144 533 5212 Ἕκαστος
549 5147 747 5211 δολίως
768 5147 991 5219 ὲλάλησε
1014 5150 1150 5221 πρὸς
1165 5151 1253 5203 τὸν
1274 5150 1499 5223 πλησίον
1515 5150 1675 5204 αὑτοῦ

1895 5150 1937 5205 5.
1970 5151 2361 5223 Unusquisque
2401 5154 2589 5209 dolose
2617 5154 2832 5209 locutus
2862 5163 2946 5209 est
2976 5155 3227 5224 proximo
3255 5169 3380 5209 suo.

189 5230 236 5285 4.
285 5237 541 5309 Ῥήματα
594 5238 892 5303 ἀκολασίας
936 5242 1336 5312 προσφέρουσι,
1392 5244 1484 5298 καὶ
1530 5245 1587 5298 ὲν
1633 5246 1674 5313 τῆ

1898 5242 1932 5297 i.
1961 5243 2137 5300 Verba
2184 5245 2959 5316 intemperantiaeproferunt,
3010 5255 3066 5301 et
3117 5246 3175 5301 in
3220 5248 3383 5304 corde

136 5325 304 5398 καρδίᾳ
328 5331 518 5383 αὐτῶν
546 5330 737 5400 ἔχουσι
760 5331 860 5401 τὴν
888 5332 1105 5386 κακίαν.

1021 5349 1105 5386 αν.
1806 5348 1909 5390 suo
1934 5336 2134 5391 habent
2159 5338 2444 5393 malitiam.
2496 5340 2501 5346 ’

192 5416 239 5474 5.
271 5421 406 5486 Τοὺς
430 5423 730 5494 δαίμονας.

1874 5426 1928 5479 5.
1967 5425 2266 5482 Daemones.

191 5508 238 5565 6.
265 5513 365 5567 Τὸν
392 5517 658 5569 Σατανᾶν
682 5514 852 5582 λέγει.

1782 5572 1785 5575 λ
1875 5516 1927 5568 6.
1961 5514 2218 5572 Satanam
2251 5519 2539 5589 signiﬁcat.
2754 5556 2786 5599 ρ

192 5601 239 5657 7.
264 5606 394 5681 Περὶ
422 5610 540 5663 τῶν
576 5608 841 5663 ἐναντίων
867 5608 1146 5681 δυνάμεων
1169 5610 1337 5680 λέγει.

1878 5608 1928 5664 7.
1959 5609 2030 5665 De
2059 5613 2345 5667 contrariis
2375 5614 2734 5683 potestatibus
2763 5614 3032 5686 loquitur.

193 5718 232 5748 ¹⁹
259 5718 342 5777 Ps.
376 5738 508 5789 xxv,
555 5724 605 5777 4.
