3760 6398
339 342 443 399 687
1148 332 1205 388 S.
1243 326 1616 386 ATHANASII
1654 326 1808 383 OPP.
1848 325 2031 384 PARS
2072 323 2163 381 111.
2203 356 2274 367 -—
2311 319 2726 379 EXEGETICA.
3477 314 3592 372 688

409 460 462 515 8.
491 457 659 514 Labla
681 463 867 513 nostra
889 469 920 509 a
949 453 1107 509 nobis
1134 458 1279 525 sunt.

2084 443 2139 499 8.
2174 442 2255 497 Τὰ
2284 441 2433 515 χείλη
2463 439 2623 511 ἡμῶν
2656 436 2785 510 παρ’
2817 439 2949 508 ἡμῖν
2971 437 3105 491 ἐστι·

412 552 466 607 9.
498 550 634 618 Quis
665 557 849 603 noster
878 545 1139 600 Dominus
1166 542 1284 597 est?

2086 536 2138 592 9.
2176 535 2273 599 Τίς
2304 535 2459 606 ἡμῶν
2489 532 2691 602 Κύριός
2719 533 2903 595 ἐστιν;

414 643 499 697 10.
539 636 1348 712 Proptcr'miseriam.inopum,

2087 628 2173 682 10.
2207 627 2431 681 Ἕνεκεν
2458 627 2555 697 τῆς
2578 622 2953 694 ταλαιπωρίας
2989 621 3095 674 τῶν
3122 618 3374 690 πτωχῶν,

415 735 501 788 11.
526 733 592 787 Et
612 734 866 802 gemitum
894 742 1218 799 pauperum,

2083 719 2170 772 11.
2200 718 2308 771 Καὶ
2331 715 2423 770 τοῦ
2452 712 2754 786 στεναγμοῦ
2782 714 2889 766 τῶν
2915 713 3181 783 πενήτων,

415 829 501 883 12.
531 827 684 883 Nunc
710 838 997 895 exsurgam
1040 822 1215 891 (dicit
1257 818 1561 885 Dominus)
1597 834 1611 869 :

2086 811 2172 864 12.
2206 810 2321 863 Νῦν
2343 809 2735 878 ἀναστήσομαι,
2770 804 2917 874 λέγει
2959 802 3163 874 Κύριος
3186 843 3201 871 ,

419 921 504 975 15.
536 919 743 974 Ponam
775 918 827 971 in
860 892 1114 973 salutari:
1151 912 1475 969 liducialiter
1504 922 1661 979 agam
1696 904 1749 961 in
1784 918 1876 957 eo.

2105 904 2171 957 ιδ.
2203 903 2449 973 Θήσομαι
2476 901 2535 964 ὲν
2554 898 2803 971 σωτηρίῳ
2822 914 2836 928 θ
2865 897 3313 969 παρρησιάσομαι
3336 894 3395 948 ὲν
3418 892 3590 965 αὐτῷ.

417 1011 505 1064 14.
539 1010 765 1079 Eloquia
797 1007 1046 1073 Domini,
1077 1005 1291 1075 eloquia
1323 1013 1501 1057 casta.

2087 996 2171 1049 14.
2206 994 2286 1049 Τὰ
2314 994 2472 1063 λόγια
2499 991 2731 1063 Κυρίου,
2764 990 2922 1060 λόγια
2953 989 3112 1057 ἁγνά.

416 1101 502 1156 15.
539 1106 834 1170 Argentum
859 1100 981 1170 igne
1002 1096 1396 1156 examinatum,
1424 1089 1709 1162 probatum
1732 1095 1901 1149 terra,

2089 1089 2175 1144 15.
2210 1087 2496 1159 Ἀργύριον
2524 1084 2940 1156 πεπυρωμένον,
2971 1084 3216 1155 δοκίμιον
3246 1085 3313 1153 τῇ
3341 1084 3414 1154 γῇ
3434 1122 3449 1147 ,

415 1193 502 1248 16.
531 1191 828 1264 Purgatum
861 1190 1194 1261 septuplum.

2087 1180 2169 1235 16.
2201 1179 2687 1251 Κεκαθαρισμένον
2723 1177 3127 1241 ἑπταπλασίως.

417 1285 506 1340 17.
538 1284 642 1351 Τυ,
677 1284 921 1347 Domine,
946 1282 1189 1339 servabis
1218 1294 1340 1344 nos,
1374 1288 1429 1333 et
1459 1274 1739 1332 custodies
1774 1286 1902 1333 nos,

2126 1273 2173 1325 7.
2206 1273 2298 1336 Σὺ,
2331 1271 2522 1343 Κύριε,
2558 1270 2819 1341 φυλάξαις
2866 1271 3013 1340 ἡμᾶς
3036 1308 3051 1332 ,
3099 1269 3191 1322 καὶ
3230 1267 3601 1339 διατηρήσαις

2016 1367 2163 1439 ἡμᾶς
2184 1407 2198 1431 ν

417 1469 506 1525 18.
539 1468 581 1522 Δ
614 1476 962 1540 generatione
985 1469 1106 1534 hac,
1138 1476 1193 1522 et
1221 1468 1275 1521 in
1308 1475 1596 1521 aeternum.

2088 1457 2174 1512 18.
2220 1456 2352 1509 Ἀπὸ
2382 1456 2481 1528 τῆς
2520 1457 2712 1525 γενεᾶς
2740 1454 2965 1525 ταύτης,
3002 1454 3095 1507 κα)⁸
3133 1453 3214 1515 εἰς
3243 1469 3336 1505 τον
3365 1469 3559 1505 αιωνα.

421 1562 508 1619 19.
542 1561 600 1617 In
631 1561 862 1618 circuitu
893 1561 1044 1630 impii
1079 1560 1397 1615 ambulant:

2092 1547 2176 1602 19.
2213 1546 2410 1619 Κύκλῳ
2435 1548 2485 1600 οἱ
2525 1546 2742 1609 ἀσεϐεῖς
2774 1543 3136 1618 περιπατοῦσι
3159 1559 3173 1573 ⁸

417 1651 510 1708 20.
573 1652 884 1707 Secundum
935 1650 1274 1705 altitudinem
1335 1658 1480 1704 tuam
1538 1644 1902 1715 multiplicast’

2123 1641 2179 1696 :0.
2216 1644 2373 1696 Κατὰ
2418 1643 2478 1695 τὸ
2516 1640 2646 1711 ὕψος
2714 1657 2806 1694 σου
2853 1637 3240 1709 ἐπολυὼρησας
3289 1636 3419 1701 τοὺς
3451 1635 3608 1700 υἱοὺς

355 1745 499 1802 ﬁlios
529 1745 834 1799 hominum.

1956 1735 1998 1791 Β
2026 1737 2133 1791 τῶν
2167 1734 2263 1789 ἁνθ
2271 1733 2488 1807 ρώπων.

532 1833 598 1888 In
624 1835 779 1904 ﬁnem
812 1833 1044 1902 psalmus
1072 1830 1259 1887 David.
1293 1827 1556 1885 PSALM.
1590 1825 1736 1882 XII.

2093 1827 2197 1890 Εἰς
2221 1824 2283 1877 τὸ
2321 1823 2493 1889 τέλος
2526 1823 2763 1892 ψαλμὸς
2795 1820 2874 1885 τῷ
2905 1820 3099 1873 Δαΰίὸ.
3152 1822 3387 1874 ΨΑΛΜ.
3421 1818 3538 1874 ΙΒ’.

426 1928 477 1984 1.
511 1923 829 1997 Usquequo,
859 1924 1105 1991 Domine,
1151 1922 1488 1978 Oblivisceris
1520 1935 1607 1975 me
1642 1920 1695 1974 in
1729 1918 1911 1973 ﬁnemf

2101 1913 2154 1966 1.
2183 1913 2331 1977 Ἕως
2358 1912 2509 1980 πότε,
2544 1912 2735 1983 Κύριε,
2772 1909 3005 1982 ἐπιλήσῃ
3042 1927 3143 1981 μου
3176 1909 3257 1973 εἰς
3303 1908 3495 1974 τέλοςς

1466 2142 1838 2201 ATHANASII
1883 2135 2475 2197 INTERPRETATIO.

426 2355 479 2421 8,
505 2355 557 2411 9.
586 2352 712 2410 Haec
738 2353 970 2408 dixerint
1002 2352 1293 2414 daamones,
1316 2358 1613 2415 eorumque
1646 2356 1908 2414 sequaces

2133 2377 2155 2406 η,
2181 2342 2233 2397 9.
2260 2342 2444 2396 Ταυτα
2471 2343 2520 2396 οἱ
2543 2342 2793 2414 δαίμονες
2818 2340 2884 2394 ἂν
2905 2341 3149 2394 εῐποισαν
3166 2338 3268 2410 (a),
3293 2339 3391 2392 καὶ
3410 2339 3465 2393 οι
3487 2338 3618 2395 τοὺ-

2030 2450 2142 2496 τοις
2168 2432 2442 2504 ἑπόμενοι.

430 2531 518 2585 10.
550 2529 777 2596 Propter
806 2528 1172 2582 inﬁrmitatem
1207 2524 1706 2597 pusillanimorum.

2103 2522 2191 2576 10.
2223 2524 2449 2577 ’Ἕνεκεν
2476 2524 2576 2595 τῆς
2606 2522 2889 2587 ἀσθενείας
2915 2521 3025 2577 τῶν
3054 2521 3415 2593 ὀλιγοψῦχων.

434 2623 521 2678 11.
551 2620 853 2685 Justorum,
886 2621 981 2675 ait.

1957 2632 2000 2690 ο
2103 2615 2188 2670 11.
2216 2614 2336 2670 Τῶν
2363 2615 2607 2683 δικαίων,
2638 2616 2806 2685 λέγει.

437 2716 526 2768 12.
565 2713 633 2769 Ut
662 2714 969 2770 adveniam.

2108 2708 2197 2764 12.
2246 2709 2368 2763 Ἐπὶ
2400 2709 2462 2763 τὸ
2488 2708 2912 2781 παραγενέσθαι.

436 2806 523 2860 15.
558 2805 613 2859 lu
643 2819 803 2861 cruce
825 2804 957 2858 dicit
986 2802 1308 2857 ﬁducialiter
1341 2815 1522 2871 agam,
1546 2807 1601 2855 et
1627 2796 1921 2867 triumpha-

2145 2799 2196 2852 5.
2232 2798 2322 2869 Τῷ
2353 2798 2591 2870 σταυρῷ,
2613 2800 2781 2866 λέγει,
2801 2799 3268 2871 παρρησιάσομαι,
3299 2800 3398 2851 καὶ
3429 2796 3622 2869 θριαμρ

361 2898 432 2952 bo
486 2897 552 2952 de
601 2895 995 2967 principatibus
1064 2905 1118 2949 et
1163 2893 1523 2965 potestatibus
1585 2890 1846 2946 tenebrarl

2135 2907 2220 2943 »σω
2251 2890 2348 2954 τὰς
2380 2891 2587 2963 ἀρχὰς,
2632 2892 2730 2956 τὰς
2782 2890 3026 2955 ἐξουσίας
3097 2889 3192 2943 τοῦ
3246 2888 3477 2955 σκότους
3530 2888 3620 2943 τοῦ

367 2990 531 3060 hujus
555 2988 762 3045 saeculi.

2043 2980 2240 3042 αἰῶνος
2264 2978 2471 3035 τούτου.

445 3081 636 3137 ill-16.
667 3080 764 3136 Est
786 3087 1091 3150 argentum,
1120 3077 1264 3147 quod
1315 3075 1517 3145 septies
1565 3074 1694 3143 igne
1731 3069 1930 3126 exami-

2140 3066 2355 3123 ,ιι-16.
2388 3070 2576 3122 Ἔστιν
2628 3069 2888 3141 ἀργύριον
2955 3069 3083 3138 ὅπερ
3140 3067 3483 3140 πυρούμενον
3531 3069 3625 3123 ξε-

367 3184 556 3232 natum
591 3173 818 3245 probius
862 3172 1080 3237 evadit;
1128 3172 1200 3224 ita
1256 3168 1417 3240 igitur
1457 3166 1672 3236 eloquia
1723 3164 1852 3219 Dom

2145 3179 2203 3215 ον
2253 3161 2689 3234 θαυμαστότερον
2720 3166 2926 3231 γίνεται
2955 3180 2968 3192 ο
3007 3161 3176 3227 οὕτως
3219 3158 3314 3216 οῦν
3363 3162 3435 3216 τὰ
3466 3163 3626 3232 λόγια

366 3277 571 3339 septem
605 3266 798 3322 diebus
818 3265 1066 3336 probata,
1097 3264 1202 3316 hoc
1234 3269 1317 3315 est
1338 3258 1569 3329 singulis
1590 3256 1784 3313 diebus
1806 3269 1851 3326 pl

2143 3255 2249 3324 ρίου
2283 3254 2341 3308 ὲν
2388 3258 2507 3318 ταῖς
2557 3255 2695 3308 ἑπτὰ
2744 3255 2976 3327 ἡμέραις
3019 3252 3469 3325 δοκιμαζόμενα,
3501 3272 3628 3308 του·-

369 3361 580 3416 batiora
609 3357 964 3414 inveniuntur
992 3357 1060 3410 ab
1082 3353 1496 3425 exquirentihus
1521 3365 1608 3406 ea.

2144 3366 2191 3401 τι
2223 3348 2344 3402 καθ’
2394 3350 2659 3422 ἑκάστην,
2717 3350 3058 3421 δοκιμώτερα
3104 3348 3455 3420 εὑρίσκονται
3510 3353 3629 3416 τοῖς

2043 3440 2365 3513 ἐκζητοῦσιν
2392 3442 2552 3495 αὐτά.

443 3542 529 3607 17,
567 3542 650 3597 18.
679 3539 783 3605 Τυ,
812 3538 1065 3604 Domine,
1097 3531 1466 3592 circumdabis
1488 3545 1608 3596 nos,
1640 3538 1694 3584 et
1735 3536 1928 3585 custo-

2120 3534 2208 3600 17,
2243 3534 2330 3588 18.
2369 3535 2462 3599 Σὺ,
2497 3533 2688 3606 Κύριε,
2724 3532 3031 3597 κυκλώσεις
3054 3536 3223 3606 ἡμᾶς,
3255 3536 3355 3590 καὶ
3385 3538 3602 3609 φρουρὴ

368 3635 485 3691 dies
513 3650 613 3690 nos
644 3647 811 3698 nunc,
843 3631 978 3685 et'in
1011 3627 1196 3683 futuro
1222 3622 1443 3681 saeculo.

2049 3643 2163 3690 σεις
2198 3629 2346 3699 ἡμᾶς
2378 3628 2434 3681 ὲν
2471 3627 2549 3699 τῷ
2573 3628 2666 3681 νῦν
2715 3630 2808 3681 καὶ
2838 3630 2895 3682 ὲν
2927 3628 3005 3699 τῷ
3033 3630 3277 3699 μέλλοντι
3306 3630 3490 3683 αἰῶνι.

444 3726 530 3783 19.
565 3726 845 3781 Daemones
876 3717 1369 3779 circumambulant
1396 3716 1453 3770 in
1478 3712 1703 3780 mundo,
1735 3711 1849 3768 sive
1877 3710 1929 3765 in

2154 3717 2208 3772 9.
2248 3718 2336 3770 Ἐν
2364 3717 2443 3788 τῷ
2475 3719 2664 3790 κόσμῳ
2697 3718 2728 3789 ἢ
2754 3719 2812 3771 ἐν
2842 3722 2959 3782 ταῖς
2988 3719 3240 3791 καρδίαις
3275 3720 3385 3773 τῶν
3414 3719 3628 3792 ἀνθρώ-

374 3820 630 3876 cordibus
659 3818 965 3873 hominum.

2050 3826 2166 3863 πων
2198 3811 2248 3862 οἱ
2280 3810 2534 3881 δαίμονες
2565 3812 2947 3877 περιπατοῦσι.

441 3911 532 3966 20.
573 3910 819 3975 Domine,
867 3909 920 3962 in
960 3908 1159 3962 virtute
1199 3915 1289 3961 tua
1339 3903 1553 3960 traxisti
1600 3899 1666 3955 ad
1705 3900 1926 3971 teipsuu

2152 3899 2211 3953 :0.
2245 3901 2437 3973 Κύριε,
2473 3904 2531 3955 ἐν
2560 3905 2624 3973 τῇ
2652 3902 2880 3973 δυνάμει
2910 3921 3004 3957 σου
3030 3904 3286 3969 εἴλκυσας
3308 3905 3448 3977 πρὸς
3475 3922 3637 3960 σεαυ-

372 4003 518 4060 ﬁlios
548 4002 853 4057 hominum.

1981 3986 2026 4041 D
2053 3991 2147 4045 τὸν
2175 3993 2301 4056 τοὺς
2331 3992 2483 4055 υἱοὺς
2513 3992 2621 4045 τῶν
2654 3992 2977 4066 ἀνθρώπων.

457 4173 524 4227 Ἦ
549 4173 883 4245 προκειμένη
911 4174 1186 4246 ἐπιγραφὴ
1229 4174 1263 4244 ἠ
1311 4172 1400 4227 διὰ
1442 4174 1541 4245 τῆς
1593 4173 1963 4245 κινναϐάρεως
1992 4173 2391 4245 περιέχει·Εις
2423 4176 2483 4227 τὸ
2519 4175 2695 4243 τέλος
2724 4179 2965 4247 ψαλμὸς
2999 4178 3081 4245 τῷ
3111 4180 3321 4233 Δαϐίδ·
3358 4180 3637 4234 τουτέστιν

375 4268 457 4331 εἰς
488 4265 550 4319 τὸ
574 4266 727 4329 τέλος
752 4266 859 4319 τῶν
885 4266 1096 4318 αἰώνων
1122 4268 1150 4320 ὁ
1177 4264 1389 4336 ψαλμδς
1418 4258 1573 4329 οὗτος
1609 4267 1820 4337 εἴρηται
1847 4265 1925 4336 τῷ
1953 4265 2118 4337 ἱκανῷ
2157 4269 2222 4338 τῇ
2257 4269 2400 4339 χειρὶ
2428 4266 2507 4339 τῷ
2541 4267 2654 4338 Υἱῷ
2686 4269 2778 4322 τοῦ
2816 4270 2950 4323 Θεοῦ
2997 4270 3064 4325 τὰ
3112 4271 3261 4343 [τῷ]
3296 4272 3385 4325 διὰ
3414 4273 3515 4342 τῆς
3546 4272 3638 4325 δυ-

376 4358 629 4423 ναστείας
647 4358 756 4411 τῶν
789 4357 1123 4429 παθημάτων
1154 4356 1319 4410 αὐτοῦ
1352 4359 1757 4429 καταργήσαντι
1786 4358 1877 4411 τὸν
1922 4356 2171 4423 θάνατον,
2203 4360 2296 4413 καὶ
2343 4360 2432 4413 τὸν
2463 4360 2525 4414 τὸ
2553 4363 2753 4433 κράτος
2789 4361 2977 4432 ἔχοντα
3026 4363 3216 4418 τούτου
3247 4364 3339 4418 τὸν
3368 4364 3635 4419 διάϐολον.

388 4448 662 4512 Ὡσαύτως
691 4447 747 4500 δὲ
773 4449 806 4518 ή
838 4446 974 4518 αὐτὴ
1000 4448 1302 4519 ἐπιγραφὴ,
1329 4447 1403 4512 ὡς
1427 4444 1604 4519 οἶμαι,
1638 4451 1855 4520 εῑρηται
1884 4449 1977 4502 καὶ
2000 4450 2079 4512 εἰς
2104 4449 2165 4502 τὸ
2202 4450 2357 4518 γένος
2384 4450 2493 4504 τῶν
2521 4450 2841 4523 ἀνθρώπων.
2880 4455 3033 4524 Ἔχει
3065 4456 3173 4527 γάρ
3196 4472 3210 4485 ·
3247 4459 3352 4523 Εὶς
3378 4456 3445 4510 τὸ
3465 4456 3640 4521 τέλος

378 4544 619 4616 ψαλμὸς
646 4542 725 4609 τῷ
752 4542 929 4597 Δαϐίδ
952 4560 965 4574 ⁸
1002 4543 1201 4597 ὡσανεὶ
1234 4545 1315 4608 είς
1359 4545 1421 4598 τὸ
1465 4545 1618 4611 τέλος
1664 4544 1760 4598 τοῦ
1808 4544 2172 4617 πληρώματος
2202 4545 2311 4600 τῶν
2363 4547 2573 4619 καιρῶν
2615 4550 2644 4601 ὁ
2677 4547 2889 4619 ψαλμὸς
2918 4545 3072 4613 οὗτος
3104 4550 3322 4621 εἴρηται
3356 4550 3435 4621 τῷ
3471 4550 3637 4621 μόνῳ,

379 4636 523 4707 λέγω
555 4638 617 4709 δὴ
650 4637 729 4709 τῷ
760 4638 904 4706 γένει
937 4638 1041 4691 τῶν
1075 4637 1400 4709 ἀνθρώπων,
1449 4641 1591 4711 φημὶ
1638 4639 1703 4711 δὴ
1737 4638 1815 4711 τῷ
1844 4640 2154 4713 ἀόοηθήτῳ.
2187 4642 2260 4695 Οῦ
2306 4643 2465 4713 μόνον
2493 4644 2602 4715 γὰρ
2634 4645 2796 4697 Δαὸὶδ
2828 4645 3189 4716 ἑρμηνεύεται
3224 4647 3434 4713 ἱκανὸς
3465 4655 3638 4717 χειρὶ,

380 4728 515 4783 ἀλλὰ
537 4731 631 4784 καὶ
658 4731 866 4799 μόνος,
894 4734 1030 4803 ὅπερ
1059 4734 1272 4805 ὑπῆρχε
1297 4732 1357 4785 τὸ
1388 4732 1543 4802 γένος
1570 4733 1687 4786 τῶν
1713 4732 2017 4805 ἀνθρώπων
2038 4735 2143 4805 πρὸ
2177 4735 2274 4807 τῆς
2297 4738 2601 4809 παρουσίας
2622 4738 2716 4791 τοῦ
2749 4737 2880 4791 Υἱοῦ
2913 4739 3006 4792 τοῦ
3045 4738 3200 4793 Θεοῦ.

453 4844 687 4909 Titulus,
722 4846 814 4914 qui
866 4846 1076 4914 psalmo
1111 4845 1476 4915 praemittitur.
1529 4843 1822 4900 cinnabari
1874 4847 2110 4918 scriptus
2155 4850 2438 4903 conti-net:
2482 4847 2548 4901 In
2592 4850 2772 4918 finem,
2806 4850 3042 4921 psalmus
3071 4850 3243 4905 David
3273 4869 3292 4907 :
3327 4852 3431 4907 hoc
3463 4863 3549 4910 est
3585 4853 3640 4907 in

382 4938 487 4993 line
519 4938 842 4994 szeculorum
871 4938 1113 5008 psalmus
1168 4940 1271 4993 iste
1326 4940 1506 4995 dictus
1567 4950 1651 4994 est
1699 4956 1864 4996 manu
1895 4945 2101 5013 potenti
2138 4943 2231 4998 Dei
2267 4942 2428 5007 Filio,
2462 4945 2554 5014 qui
2593 4946 2834 5014 potentia
2897 4962 3010 5001 sua!
3058 4948 3335 5016 passionis
3370 4948 3642 5004 destruxit

380 5045 612 5092 mortem
655 5044 708 5090 et
740 5034 1035 5103 diabolum,
1071 5037 1165 5106 qui
1200 5036 1365 5106 hujus
1397 5044 1727 5106 potestatem
1768 5038 2020 5095 habebat.
2080 5039 2345 5094 Similiter
2394 5042 2584 5095 eadem
2632 5042 2939 5111 inscriptio,
2990 5050 3051 5096 ut
3081 5042 3360 5107 existimo,
3392 5044 3538 5099 dicta
3561 5053 3644 5099 est

379 5135 543 5189 etiam
576 5135 630 5188 in
653 5150 825 5205 genus
854 5133 1174 5189 humanum.
1203 5132 1377 5188 liabet
1404 5133 1553 5187 enim
1581 5151 1595 5186 :
1630 5134 1685 5186 in
1705 5135 1865 5200 ﬁnem
1897 5135 2134 5203 psalmus
2168 5136 2359 5202 David,
2401 5136 2653 5192 videlicet
2681 5139 2734 5191 in
2777 5138 2887 5193 [ine
2933 5138 3289 5207 plenitudinis
3333 5150 3639 5209 temporum

380 5228 622 5297 psalmus
658 5227 761 5282 iste
793 5226 1073 5283 dictusest
1090 5227 1161 5291 ei,
1190 5228 1280 5298 qui
1308 5226 1457 5282 solus
1490 5237 1636 5290 erat,
1685 5218 1892 5283 scilicet
1923 5240 2164 5284 humano
2207 5229 2411 5299 generi,
2444 5230 2592 5300 quod
2631 5231 2832 5295 solum,
2872 5230 3117 5299 inquam,
3151 5239 3207 5283 et
3240 5231 3444 5283 auxilia
3478 5231 3648 5294 (testi,

382 5327 558 5373 tutum
578 5328 716 5375 erat.
761 5319 971 5375 Etenim
1001 5319 1172 5374 David
1205 5335 1314 5373 non
1375 5318 1539 5374 modo
1576 5318 1966 5389 interpretatur
2002 5338 2163 5376 manu
2196 5330 2405 5390 potens,
2428 5323 2521 5378 sed
2552 5323 2716 5378 etiam
2745 5323 2910 5388 solus,
2935 5322 3094 5392 quale
3122 5322 3227 5377 fuit
3255 5340 3427 5394 genus
3450 5323 3648 5380 huma-

382 5426 512 5468 num
537 5422 662 5469 ante
687 5416 979 5472 adventum
1010 5414 1135 5470 Filii
1168 5414 1287 5472 Dei.

457 5598 507 5652 1.
539 5596 618 5652 Ex
651 5614 881 5659 persona
911 5598 1265 5654 humanitatis
1310 5582 1579 5669 loquitur.

2135 5601 2186 5656 1.
2207 5657 2212 5665 ,
2231 5599 2324 5654 Ἐκ
2352 5599 2643 5655 προσώπου
2684 5599 2782 5669 τῆς
2811 5595 3233 5669 ἀνθρωπέτητος
3257 5595 3427 5666 λέγει.

456 5775 534 5845 (a)
566 5777 878 5833 Εῖποισαν.
920 5777 1080 5834 Forte
1121 5776 1365 5843 εἶποσαν,
1400 5785 1460 5832 ιιι
1493 5776 1726 5835 εἴδοσαν.
1750 5775 1914 5833 Enrr.
