3760 6382
161 303 246 358 695
1052 296 1140 350 DE
1179 294 1457 352 TITULIS
1496 294 1646 350 PSA]

1901 295 1941 351 ί.
1975 290 2262 353 ινρειρι.
2306 290 2419 354 XV.
3268 298 3386 355 (ἴθι

217 415 264 469 2.
295 413 361 466 Ἦ
388 412 473 475 τίς
501 411 928 484 κατασκηνώσει
960 416 1018 465 ὲν
1052 414 1167 481 opst
1197 413 1336 483 ἁγίῳ
1363 429 1488 479 σονς

1756 420 1796 475 Α
1887 413 1943 468 2.
1981 416 2088 469 Aut
2123 417 2247 485 quis
2278 416 2580 486 requiescet
2605 416 2658 469 in
2682 424 2868 471 monte
2893 425 3084 470 sancto
3112 413 3241 468 tuo?

218 505 267 561 3.
296 504 681 576 Πορευόμενος
704 506 952 576 ἄμωμος,
991 506 1086 559 καὶ
1126 504 1489 577 ἐργαζόμενος
1516 506 1703 562 δικαιο

1899 507 1946 563 5.
1979 507 2084 575 Qui
2114 509 2415 578 ingreditur
2441 509 2559 564 sine
2600 510 2835 573 macula,
2856 517 2909 563 et
2943 514 3201 578 operatur
3224 507 3384 576 justi-

164 599 309 670 σύνην

1820 600 1949 655 tiam
1972 618 1987 654 :
3168 588 3174 593 ’

220 688 267 743 4.
296 686 485 742 Λαλῶν
508 687 778 757 ἀλήθειαν
805 688 862 742 ὲν
900 688 1097 760 καρδία
1127 687 1291 742 αὑτοῦ
1318 706 1331 721 ·

1892 692 1945 745 4.
1982 689 2087 757 Qui
2128 692 2369 762 loquitur
2395 692 2672 746 veritatem
2694 692 2748 745 in
2771 691 2935 746 corde
2967 705 3101 746 suo:

221 780 268 837 5.
304 782 399 843 Ὃς
427 780 532 833 οὐκ
567 780 835 835 ὲδόλωσεν
863 783 920 835 ὲν
953 781 1170 854 γλώσσῃ
1200 782 1365 836 αὑτοῦ
1389 825 1406 850 ,

1894 782 1950 837 5.
1982 781 2089 848 Qui
2122 797 2229 836 non
2260 783 2370 853 egit
2393 781 2575 837 dolum
2604 782 2659 836 in
2683 782 2865 853 lingua
2896 797 3030 838 sua:

222 873 268 928 ὃ.
296 872 424 926 Οὐδὲ
444 871 681 943 εποίησε
707 872 785 944 τῷ
820 873 1043 944 πλησίον
1088 874 1251 927 αὐτοῦ
1284 876 1453 929 κακόν
1478 890 1490 905 ⁸

1437 893 1453 929 ι
1478 890 1490 905 ’
1894 874 1948 928 6.
1980 872 2092 930 Nec
2122 873 2250 929 fecit
2278 874 2529 944 proximo
2556 888 2655 929 suo
2685 873 2922 929 malum:

215 965 260 1020 7.
286 963 392 1019 Καὶ
432 963 749 1035 ὀνειδισμὸν
801 965 900 1018 οὐκ
946 964 1137 1019 ἔλασεν
1183 968 1275 1020 ἐπὶ
1320 967 1447 1032 τοὺς
1496 967 1700 1038 ἔγγιστι

1900 966 1952 1019 7.
1986 964 2053 1019 Et
2075 966 2429 1036 opprobrium
2458 978 2565 1019 non
2587 964 2796 1033 accepit
2828 965 3092 1018 adversus
3105 965 3384 1033 proximos

165 1058 321 1114 αὐτοῦ.

1825 1071 1980 1111 SUOS.

223 1150 269 1208 8.
314 1149 707 1217 Ἑξουδένωται
743 1148 971 1205 ἐνώπιον
996 1150 1160 1204 αὐτοῦ
1188 1152 1638 1224 πονηρευόμενος’

1901 1149 1949 1204 Β.
1983 1147 2064 1203 Ad
2108 1148 2341 1204 nihilum
2391 1148 2658 1205 deductus
2708 1157 2791 1204 est
2836 1148 2892 1203 in
2939 1157 3235 1203 consocctu
3268 1146 3386 1217 ejus

1825 1243 2124 1313 malignus:

198 1330 267 1391 ,9.
295 1328 429 1390 Τοὺς
454 1327 514 1379 δὲ
551 1326 933 1399 φοϐουμένους
959 1329 1049 1382 τὸν
1072 1329 1274 1402 Κύριον
1298 1330 1529 1396 δοξάζει.

1897 1334 1953 1389 9.
1984 1332 2262 1388 Timentes
2287 1341 2467 1387 autem
2509 1331 2801 1387 Dominum
2842 1330 3124 1402 glmiﬂcat.

221 1418 298 1473 lO.
343 1421 399 1473 '0
423 1417 658 1489 ὀμνύων
682 1420 761 1490 τῷ
784 1422 1010 1492 πλησίον
1036 1423 1222 1487 αὐτοῦ,
1247 1425 1339 1477 καὶ
1365 1426 1463 1477 οὐκ
1495 1423 1702 1479 ἀθετῶν

1901 1424 1991 1478 -1Ο.
2031 1422 2135 1489 Qui
2161 1422 2309 1492 jurat
2336 1422 2587 1493 proximo
2611 1439 2732 1491 suo,
2756 1434 2811 1478 et
2849 1439 2954 1479 non
2978 1422 3209 1493 decipit:

224 1509 299 1563 il.
333 1510 405 1562 Τὸ
437 1509 720 1580 ἀργύριον
745 1512 907 1565 αὐτοῦ
949 1513 1047 1566 οὐκ
1080 1513 1276 1567 ἔδωκεν
1302 1516 1395 1569 ἐπὶ
1422 1516 1585 1587 τόκῳ·

1901 1514 1989 1568 Η.
2024 1514 2130 1580 Qui
2168 1514 2454 1584 pecuniam
2488 1530 2643 1571 suam
2674 1530 2785 1569 non
2811 1514 2957 1569 dedit
2983 1514 3050 1569 ad
3080 1528 3336 1569 usuram:

224 1601 298 1655 l2.
329 1600 438 1654 Καὶ
464 1600 626 1674 δῶρα
655 1604 743 1655 ἐπ’
777 1603 974 1668 ἀθώοις
999 1607 1098 1660 οὐκ
1127 1607 1336 1661 ἔλαϐεν.

1900 1606 1988 1660 l2.
2025 1604 2093 1659 Et
2117 1620 2344 1659 munera
2379 1621 2540 1675 super
2571 1605 2889 1660 innocentes
2923 1620 3030 1660 non
3058 1604 3287 1674 accepit.

221 1696 294 1751 15.
337 1696 396 1749 '0
420 1695 600 1748 ποιῶν
628 1696 807 1750 ταῦτα
832 1698 892 1749 οὐ
914 1698 1302 1771 σαλευθήσεται
1330 1702 1409 1764 είς
1420 1701 1511 1755 τὸν
1533 1701 1702 1756 αίῶνα

1901 1697 1989 1752 15.
2019 1696 2123 1762 Qui
2165 1695 2296 1751 facit
2330 1698 2467 1765 haec,
2499 1713 2607 1751 non
2646 1698 2948 1753 movebitur
2980 1698 3034 1751 in
3078 1706 3362 1752 aeternum.

290 1789 743 1877 ’Στηλογραερια
794 1807 874 1874 τῷ
916 1810 1111 1864 Δαϐίδ.
1167 1814 1397 1869 tum.
1431 1817 1544 1870 ιε’.
1760 1789 1775 1811 ¹

1938 1812 2106 1866 Tituli
2136 1812 2409 1881 inscriptio
2437 1851 2453 1877 ,
2486 1812 2585 1880 ipsi
2623 1810 2818 1866 David.
2863 1810 3129 1867 PSALM.
3164 1811 3290 1867 XV.
3396 1839 3401 1845 -

224 1916 267 1970 ι.
297 1915 537 1981 Φύλαξόν
573 1934 671 1988 με,
700 1918 906 1989 Κύριε·
939 1920 1020 1974 ὅτι
1056 1922 1149 1975 ἐπὶ
1179 1924 1261 1976 σοὶ
1288 1925 1511 1996 ἤλπισα.

1909 1924 1954 1978 l.
1991 1922 2267 1978 Conserva
2284 1938 2393 1985 me,
2425 1922 2689 1990 Domine;
2716 1922 2975 1992 quoniam
3007 1922 3218 1993 speravi
3247 1921 3302 1976 in
3323 1929 3394 1978 te.

222 2007 271 2060 2.
299 2003 442 2060 Εἶπα
465 2007 551 2077 τῷ
590 2009 823 2080 Κυρίῳ·
860 2010 1062 2081 Κύριός
1098 2031 1197 2085 μου
1227 2011 1277 2069 εἴ
1313 2019 1378 2071 σὺ
1399 2057 1413 2082 ,

1900 2014 1955 2069 2.
1993 2013 2115 2067 Dixi
2158 2012 2420 2068 Domino:
2462 2013 2605 2070 Deus
2630 2030 2784 2069 meus
2825 2029 2885 2069 es
2918 2022 3010 2078 tu,

223 2098 270 2152 3.
303 2099 422 2152 Ὅτι
452 2098 571 2153 τῶν
602 2099 830 2168 ἀγαθῶν
862 2119 963 2173 μου
990 2104 1050 2157 οὑ
1077 2108 1264 2178 χρείαν
1292 2108 1455 2178 ἔχεις.

1900 2108 1954 2163 5.
1990 2106 2260 2173 Quoniam
2290 2106 2558 2162 bonorum
2593 2123 2838 2163 meorum
2880 2121 2989 2162 non
3016 2122 3160 2178 eges.

222 2189 272 2244 4.
301 2191 424 2254 Τοῖς
448 2189 640 2258 ἁγίοις
665 2193 779 2254 τοῖς
810 2194 867 2246 ὲν
893 2196 957 2265 τῇ
988 2198 1055 2267 γῇ
1089 2197 1277 2250 αὐτοῦ·
1310 2198 1707 2271 ὲθαυμάστωσεε

1918 2199 1961 2255 ι.
2000 2197 2217 2254 Sanctis
2240 2238 2255 2265 ,
2303 2199 2399 2268 qui
2434 2208 2564 2254 sunt
2602 2199 2657 2253 in
2711 2208 2855 2255 terra
2888 2198 3039 2268 ejus.
3092 2197 3403 2255 miriﬁcavit

167 2284 416 2357 Νἰύριος,

1834 2292 2098 2348 Dominus
2120 2331 2134 2354 ,

228 2376 279 2433 5.
310 2378 499 2433 Πάντα
517 2377 593 2432 τὰ
630 2378 914 2450 θελήματα
933 2378 1096 2434 αὐτοῦ
1117 2382 1173 2434 ὲν
1196 2381 1398 2446 αὐτοῖς.

1907 2384 1961 2441 5.
1993 2382 2194 2441 Omnes
2216 2386 2526 2442 voluntates
2550 2401 2680 2442 suas
2713 2385 2767 2441 in
2803 2386 2904 2441 eis.

1285 2627 1662 2685 ATHANASII
1698 2628 2278 2689 INTERPRETATIO.

227 2850 278 2906 2.
322 2853 410 2907 Ἐν
437 2857 508 2925 τῇ
540 2854 662 2908 ἄνω
700 2851 1069 2923 Ἰερουσαλήμ.

1912 2855 1968 2910 2.
1998 2857 2058 2911 In
2089 2833 2325 2929 superna
2353 2856 2677 2914 Jerusalem.

227 2942 276 2999 3.
305 2944 698 3017 Πορευόμενος
725 2946 785 2997 ὲν
807 2943 1009 3012 πίστειν
1034 2946 1127 2999 καὶ
1152 2945 1518 3019 ἐργαζόμενος
1537 2945 1712 3002 δικαιο

1722 2977 1739 2987 -
1914 2948 1968 3003 3.
1998 2946 2310 3005 Procedens
2332 2950 2387 3004 in
2407 2950 2534 3020 ﬁde,
2566 2959 2621 3007 et
2650 2962 2883 3021 operans
2906 2949 3207 3021 justitiam:

171 3034 336 3088 σύνην.
1462 3068 1468 3074 -
1692 3033 1709 3045 ⁸

288 3053 336 3088 ν.
1462 3068 1468 3074 -

225 3053 283 3184 ἲ
321 3128 746 3203 Ἀνυποκρίτως
775 3126 969 3192 οὕτως.

1769 3181 1809 3203 η
1919 3129 1972 3184 4.
2008 3128 2088 3185 Ita
2110 3128 2231 3186 sine
2262 3130 2627 3187 simulatione.

573 3181 801 3281 ⁸πάντας
827 3181 1147 3290 ἀνθρώπους
1186 3218 1406 3292 ἀγάπην
1437 3219 1598 3291 ἔχων.

1768 3181 1811 3239 C
2664 3222 2872 3277 habens
2895 3219 3235 3287 cbaritatem,

223 3306 273 3363 6.
308 3310 422 3364 Οὐκ
452 3310 643 3381 ἐχάρη
680 3307 869 3371 κακῶς
902 3307 1218 3379 πασχόντων
1259 3309 1370 3364 τῶν
1408 3310 1618 3382 ἐχθρῶν
1648 3310 1708 3364 αὖ

1916 3311 1970 3367 6.
2003 3306 2125 3371 Non
2150 3315 2371 3387 gavisus
2404 3322 2488 3371 est
2509 3314 2671 3371 malis
2705 3330 2931 3371 suorum
2966 3313 3335 3378 inimicorum,

176 3419 244 3454 του
253 3443 264 3455 .

226 3494 269 3548 7.
302 3495 442 3549 Οὔτε
472 3495 770 3548 ὠνείδισεν
798 3495 994 3560 αὐτοὺς
1021 3497 1104 3566 ἐφ’
1137 3490 1218 3561 οἷς
1246 3497 1511 3570 ἥμαρτον.

1921 3491 1978 3546 7.
2008 3488 2197 3562 Neque
2218 3491 2572 3561 opprobravit
2595 3492 2676 3548 eis
2709 3506 2832 3563 qua:
2861 3497 3241 3562 peccaverunt.

222 3585 270 3639 8.
312 3587 756 3658 Ἀνθιστάμενος
786 3586 865 3658 τῷ
889 3588 1028 3659 Θεῷ,
1059 3588 1228 3658 λέγει.

1079 3588 1228 3658 ιέγει.
1918 3580 1972 3635 8.
2010 3580 2121 3637 Deo
2149 3582 2436 3647 resistens,
2467 3582 2564 3639 ait.

226 3677 273 3732 9.
302 3680 465 3734 Δύτῶ
502 3679 593 3750 τῷ
624 3680 911 3748 φοϐεῖσθαι
940 3682 1135 3747 αὐτοὺς
1166 3682 1350 3736 αὐτόν.

1918 3671 1973 3726 9.
2006 3670 2090 3729 Ob
2122 3671 2176 3726 id
2206 3672 2408 3741 ipsum,
2438 3672 2584 3743 quod
2607 3688 2731 3727 eum
2756 3672 2966 3727 timent.

226 3769 307 3825 10.
341 3773 436 3843 Μὴ
466 3771 836 3843 ψευδόμενος.

1921 3763 2007 3819 10.
2037 3761 2161 3818 Non
2188 3765 2478 3818 mentiens.

225 3860 302 3916 ll.
330 3863 532 3932 Πνίγει
589 3862 703 3933 γὰρ
748 3861 842 3915 τὸν
890 3864 1101 3934 πτωχὸν
1129 3865 1157 3917 ὁ
1188 3864 1378 3926 τόκος·
1420 3863 1710 3936 πνιγομένο

1933 3856 2012 3910 li.
2050 3854 2294 3909 Suﬂ‘ocat
2334 3855 2480 3909 enim
2532 3869 2824 3926 pauperem
2882 3852 3100 3921 ftenus;
3159 3851 3418 3908 suﬂocato

167 3950 213 4003 δὲ
231 3951 318 4005 τοῦ
349 3953 617 4024 πτωχοῦ,
652 3953 756 4024 ὁρᾷ
789 3953 986 4017 πάντες
1016 3954 1048 4024 ἡ
1076 3954 1319 4025 ἁμαρτία
1348 3953 1437 4008 τὸν
1458 3955 1548 4007 ἐπὶ
1574 3953 1652 4008 τόπ

1934 3953 2039 4000 tem
2076 3960 2316 4017 paupere
2365 3960 2558 4001 omnes
2603 3946 2786 4000 vident
2819 3955 3102 4016 peccatum
3146 3943 3418 4000 faeneran-

171 4038 480 4097 δανείσαντα
514 4043 734 4116 [δρῶσι
768 4043 968 4107 πάντες
991 4044 1090 4116 τὴν
1121 4044 1393 4116 ἁμαρτίαν
1417 4044 1513 4098 τοῦ
1542 4045 1633 4098 ἐπὶ

1951 4057 1964 4093 :
2000 4039 2109 4094 alio
2135 4038 2300 4093 modo
2331 4037 2621 4093 manifesta
2663 4038 2828 4093 etiam
2885 4038 3110 4093 avaritia
3156 4046 3262 4100 est,
3297 4050 3421 4092 cum

166 4145 260 4184 κων
288 4133 694 4205 δανείσαντος]
717 4150 732 4164 ·
782 4133 954 4198 ἄλλως
990 4152 1048 4188 τε
1095 4136 1190 4189 καὶ
1224 4136 1507 4203 πλεονεξία
1546 4155 1651 4206 σαφ

1706 4155 1746 4206 ς,
1851 4130 2000 4201 quis,
2033 4146 2155 4200 qua:
2180 4130 2351 4197 dedit,
2385 4129 2501 4185 sola
2527 4129 2774 4199 accipere
2801 4142 2909 4183 non
2938 4126 3191 4183 sustinet.

166 4219 277 4276 ὅταν
294 4225 358 4278 ἄν
383 4242 495 4289 τις,
532 4224 575 4278 ἃ
598 4223 823 4285 δέδωκε,
857 4225 993 4295 μόνα
1024 4224 1208 4279 λαϐεῖν
1240 4226 1339 4280 οὐκ
1370 4226 1642 4297 ἀνέχεται.

228 4315 310 4372 12.
342 4318 490 4390 Περὶ⁵
538 4316 644 4369 τοῦ
681 4316 960 4380 παντελῶς
997 4318 1161 4389 μηδὲν
1197 4317 1495 4389 λαμϐάνειν
1529 4318 1621 4371 τὸν
1659 4316 1713 4372 δα

1937 4314 2009 4369 l2.
2046 4314 2201 4381 Quod
2231 4314 2608 4369 nihilomnino
2646 4312 2891 4382 accipere
2927 4317 3164 4381 oportet,
3192 4305 3283 4376 qui
3306 4318 3422 4358 mu-

169 4405 398 4470 νείζοντα
451 4408 814 4479 χαρίσματος
845 4407 1030 4461 ἕνεκεν
1070 4409 1102 4480 ἦ
1133 4409 1293 4462 τόκου
1352 4410 1504 4481 παρὰ
1539 4408 1630 4462 τοῦ

1937 4424 1947 4460 ι
1997 4407 2110 4474 dat,
2160 4406 2242 4462 vel
2288 4406 2494 4477 gratim,
2526 4406 2609 4461 vel
2649 4403 2878 4460 {canoris
2919 4398 3184 4457 causaab
3209 4412 3298 4464 eo,
3329 4393 3422 4466 qui

169 4498 489 4570 νειξομένου.

1781 4551 1828 4570 ἢ
1855 4504 2155 4550 mutuatur.

235 4753 298 4804 Ἡ
326 4751 690 4825 προκειμένη
718 4749 1000 4820 ἐπιγραφὴ
1028 4749 1294 4820 περιέχει·
1334 4745 1755 4815 Στηλογραερίᾳ
1791 4743 1870 4810 τῷ
1916 4742 2094 4797 Διιόἰδ
2118 4761 2131 4775 ·
2175 4743 2332 4796 τοῦτο
2358 4738 2450 4795 οὖν
2483 4739 2654 4809 λέγει,
2683 4738 2782 4803 τὰς
2809 4736 2917 4792 τῶν
2955 4736 3125 4806 ἁγίων
3160 4731 3427 4793 πολιτείας

169 4846 354 4918 στήλας
375 4846 710 4920 διαγράφει.
748 4844 980 4914 Εἴρηται
1012 4839 1104 4897 οὖν
1134 4845 1161 4896 ὁ
1191 4843 1406 4914 ψαλμὸς
1432 4841 1581 4913 παρὰ
1604 4840 1697 4893 τοῦ
1731 4839 1896 4894 Δαόὶδ
1925 4840 2005 4901 είς
2022 4837 2122 4901 τὰς
2143 4836 2250 4891 τῶν
2274 4837 2445 4906 ἁγίων
2472 4835 2691 4906 ἀρετάς.

230 4916 471 5006 Titulus,
510 4916 612 5007 qui
651 4936 869 5006 psalmo
903 4935 1253 5004 praeponitur,
1284 4933 1564 4988 continet:
1606 4931 1774 4985 Tituli
1808 4929 2084 4997 inscriptio
2115 4928 2217 4998 ipsi
2265 4926 2472 4990 David;
2526 4926 2632 4981 hoc
2667 4933 2847 4979 autem
2877 4922 3166 4994 signiﬁcat,
3200 4916 3429 4972 Sancto-

171 5040 278 5083 rum
311 5031 441 5084 vitaa
476 5028 833 5087 institutum,
872 5032 925 5077 ct
954 5024 1425 5079 conversationem
1458 5023 1617 5093 quasi
1655 5023 1711 5076 in
1742 5022 1902 5092 cippo
1928 5020 2210 5076 describit.
2262 5018 2449 5073 Dictus
2477 5028 2562 5072 est
2607 5018 2775 5090 igitur
2805 5016 3051 5087 psalmus
3071 5030 3101 5067 a
3132 5008 3334 5065 Davide
3363 5007 3429 5062 de

171 5120 455 5177 virtutibus
486 5128 834 5177 sanctorum.

237 5319 285 5371 1.
317 5320 448 5372 Ὅτι
482 5334 550 5370 σε
587 5314 798 5384 ἐθέμην
826 5311 1036 5382 βοηθὸν,
1071 5309 1302 5380 φύλαξόν
1332 5328 1418 5381 με.

1939 5312 1987 5365 l.
2022 5310 2295 5377 Quoniam
2325 5317 2378 5364 te
2406 5308 2565 5378 posui
2588 5306 2916 5375 adjutorem,
2945 5304 3156 5360 custodi
3184 5319 3290 5360 me.

232 5407 283 5464 2.
325 5408 588 5477 Ἐπὲγνω
622 5407 644 5477 |_
676 5403 952 5471 Ἐπέγνων
976 5400 988 5472 ]
1018 5402 1115 5472 τὴν
1133 5401 1325 5455 ἑαυτοῦ
1355 5399 1687 5454 δεσποτείαν.

1460 5399 1687 5454 ποτείαν.
1937 5402 1991 5457 2.
2028 5403 2238 5473 Agnovi
2274 5400 2447 5469 ipsius
2479 5397 2945 5463 dominationem;

230 5500 285 5555 5.
311 5501 436 5554 Τῶν
463 5498 781 5570 χρημάτων
810 5512 909 5566 μου
941 5496 1000 5546 οὐ
1040 5494 1227 5565 χρείαν
1268 5493 1429 5565 ἔχεις.

1301 5512 1429 5565 χεις.
1936 5492 1993 5545 5.
2023 5490 2237 5544 Divitiis
2264 5489 2400 5543 meis
2422 5505 2530 5542 non
2556 5487 2786 5555 indiges.

236 5589 288 5643 4.
313 5590 458 5653 Τοὺς
484 5588 687 5657 ἀγίοος
717 5582 991 5648 ἐδόξασεν.

1936 5583 1991 5637 4.
2034 5582 2266 5636 Sanctos
2299 5577 2622 5649 gloriﬁcavit
2644 5595 2657 5642 ;

237 5680 288 5735 5.
330 5683 420 5734 Ἐν
453 5682 577 5743 τοῖς
604 5676 789 5745 ἁγίοις
818 5674 980 5728 αὐτοῦ
1008 5675 1073 5729 τὰ
1107 5674 1317 5746 αἱρετά.

1941 5674 1994 5728 5.
2037 5672 2097 5728 In
2135 5672 2338 5727 sanctis
2366 5669 2505 5740 ejus,
2555 5684 2675 5738 qua:
2723 5668 2976 5737 Optabilia
3010 5675 3151 5723 sunt.
