3760 6270
325 238 422 297 695
1143 238 1199 297 S.
1244 236 1609 295 ATHANASII
1648 237 1801 294 OPP.
1843 236 2022 293 PARS
2058 236 2147 296 111.
2188 268 2256 277 --
2294 231 2703 289 EXEGETICA.
3444 230 3561 288 696

392 358 447 415 6.
480 357 845 429 Μυιιίριίεοιαξ
872 368 1000 414 sunt
1040 359 1381 414 intirmitates
1412 373 1622 414 eorum.

1910 366 1953 419 Α
2055 355 2105 409 6.
2153 352 2587 424 Ἑπληθύνθησαν
2615 352 2670 403 αἱ
2707 348 2981 402 ἀσθένειαι
3002 347 3198 402 αὐτῶν.

394 449 445 503 7.
485 448 681 504 Postea
720 451 1179 506 acceleraverunt.

2076 462 2118 500 ι.
2154 445 2309 500 Μετὰ
2329 445 2499 499 ταῦτα
2526 444 2806 514 ἑτάχυναν.

392 541 446 596 8.
480 540 596 596 Νοη
631 543 975 613 congregaho
1013 544 1393 600 conventicula
1434 558 1623 599 eorum
1650 546 1717 597 de
1752 557 1877 596 san-

2076 540 2116 595 3.
2158 539 2233 591 Ού
2263 539 2337 611 μὴ
2362 536 2650 605 συναγάγω
2674 535 2771 598 τὰς
2801 532 3120 603 συναγωγὰς
3144 532 3321 591 αὐτῶν
3366 532 3426 602 ἐξ
3466 534 3561 586 αξ-

321 626 576 698 guiuibus
599 668 616 695 ,

1990 632 2173 704 μάτων
2194 672 2207 693 ,

392 720 447 775 9.
480 719 587 775 Nec
604 736 812 776 memor
832 736 927 778 ero
946 723 1228 777 nominum
1256 738 1445 779 eorum
1466 738 1564 780 uer
1589 722 1724 779 labia
1739 736 1877 777 mea.

2072 724 2114 778 9.
2150 722 2271 776 Οὐδ’
2319 722 2381 774 οὐ
2423 722 2495 793 μὴ
2534 718 2754 791 μνησθῶ
2785 718 2893 772 τῶν
2934 717 3211 789 ὀνομάτων
3254 718 3427 774 αὐτῶν
3458 720 3557 774 διὰ

2021 816 2202 869 ειλέων
2230 832 2349 870 μου.

396 889 483 946 10.
517 891 781 947 Dominus
802 908 927 962 pars
946 892 1275 948 haereditatis
1296 909 1448 960 meae,
1470 904 1523 950 et
1546 896 1730 951 calicis
1750 896 1873 955 mei.

2073 832 2202 868 λεων
2269 832 2349 870 ου.

2073 907 2148 961 10.
2190 832 2394 978 Κξύριος
2428 907 2460 977 ἡ
2492 906 2645 978 μερὶς
2680 906 2780 974 τῆς
2809 904 3167 975 κληρονομιας
3206 923 3306 977 μου
3333 905 3429 958 καὶ
3453 901 3558 959 τοῦ

1984 998 2243 1070 ποτηρίου
2283 1014 2404 1069 μου.

393 1059 482 1114 11.
516 1058 597 1115 Tu
629 1065 817 1132 es,qui
847 1064 1104 1121 restitues
1130 1066 1493 1123 haereditatem
1524 1085 1698 1124 meam
1723 1072 1857 1126 mihi

2182 1087 2253 1139 Σὺ
2283 1058 2356 1138 ἐἴ
2400 1086 2429 1138 ὁ
2468 1084 2844 1139 ἀποκαθιστῶν
2897 1085 2997 1155 τὴν
3041 1086 3400 1158 κληρονομίαν
3444 1102 3556 1157 μου

1981 1175 2124 1246 ἐμοί.

388 1236 475 1290 12.
508 1236 687 1294 Funes
709 1240 1025 1297 ceciderunt
1048 1244 1179 1299 mibi
1215 1245 1270 1300 in
1307 1247 1609 1313 praeclaris:

2014 1236 2027 1246 I
2070 1265 2153 1319 l2.
2186 1267 2399 1336 Σχοινία
2428 1266 2700 1320 ἐπέπεσάν
2735 1285 2823 1337 μοι
2851 1270 2909 1321 ὲν
2937 1270 3049 1333 τοῖς
3074 1268 3408 1338 κρατίστοις

390 1326 479 1383 13.
511 1328 722 1385 Etenim
751 1331 1039 1391 liaereditas
1061 1350 1179 1391 mea
1211 1338 1471 1406 praeclara
1496 1349 1580 1395 est
1619 1340 1773 1395 mihi.

2071 1359 2144 1412 1⁸5.
2183 1326 2294 1412 Καὶ
2339 1359 2449 1431 γὰρ
2480 1360 2514 1430 ἡ
2550 1326 2880 1432 κληρονομία
2923 1326 3319 1434 μουνκρατίστη
3356 1326 3447 1432 μοι
3494 1362 3556 1414 ὲ-

1984 1450 2115 1504 στίν.

389 1502 477 1616 34.
509 1502 831 1565 Benedicam
887 1508 1199 1580 Dominum,
1248 1514 1339 1584 qui
1386 1516 1575 1572 tribuit
1618 1517 1751 1572 mihi
1797 1518 1869 1572 in-

1998 1502 2001 1503 i
2057 1502 2145 1597 11.
2186 1541 2482 1613 Εύλογήσω
2508 1544 2601 1598 τὸν
2632 1543 2836 1616 Κύριον
2865 1546 2953 1600 τὸν
2980 1548 3328 1603 συνετίσαντά
3355 1567 3443 1616 με,

319 1594 592 1652 tellectum
622 1640 636 1664 ,

389 1684 478 1744 i5.
514 1688 742 1761 Insuper
765 1701 820 1747 et
852 1708 1025 1749 usoue
1049 1711 1115 1751 ao
1139 1707 1347 1752 noctem
1378 1699 1766 1769 increpuerunt
1798 1716 1874 1757 me

2074 1697 2147 1752 I5.
2188 1699 2309 1752 Ἔτι
2336 1699 2393 1753 δὲ
2426 1701 2521 1753 καλ⁵
2544 1701 2647 1764 ἕως
2680 1702 2870 1765 νυκτὸς
2910 1703 3232 1759 ἐπαίδευσαν
3273 1723 3340 1776 με
3384 1706 3435 1760 οἱ
3463 1722 3559 1761 νε-

317 1789 475 1832 renes
503 1780 629 1834 mei.

1985 1789 2110 1845 φοοί
2133 1807 2252 1845 μου.

317 1806 475 1832 Icuca
504 1806 629 1834 IIICI.

262 1898 267 1913 ι
376 1872 482 1949 1iis.
517 1872 876 1931 Providebam
947 1877 1234 1933 Dominum
1290 1881 1344 1935 in
1402 1891 1695 1952 conspectu

2069 1806 2110 1843 σι
2173 1808 2253 1845 ου.

2069 1807 2569 1956 ΙϐξιΠροεωρώμην
2616 1885 2707 1939 τὸν
2762 1887 2965 1957 Κύριον
3020 1887 3247 1941 ἐνώπιόν
3300 1905 3400 1960 μου
3462 1888 3554 1944 διὰ

319 1974 555 2032 semper.

1986 1973 2184 2037 παντὸς
2209 2015 2222 2038 ,

394 2053 482 2110 17.
514 2055 780 2122 Quoniam
822 2075 852 2115 a
878 2064 1084 2118 dextris
1105 2072 1182 2118 est
1210 2064 1340 2119 mihi
1371 2079 1439 2121 ne
1472 2081 1840 2123 commovear.

2052 2064 2137 2118 17.
2170 2066 2291 2119 Ὅτι
2322 2067 2388 2119 ὲκ
2419 2066 2608 2134 δεξιῶν
2644 2066 2742 2137 μού
2788 2068 2956 2135 ἐστιν,
2988 2069 3074 2122 ἵνα
3112 2070 3185 2142 μὴ
3211 2070 3473 2126 σαλευθῶ.

389 2146 479 2202 18.
512 2147 742 2221 Propter
764 2152 871 2208 hoc
891 2154 1134 2209 laetatum
1171 2165 1254 2211 est
1285 2171 1381 2212 cor
1405 2174 1582 2213 meum
1605 2198 1621 2225 ,

2060 2156 2147 2212 18.
2189 2157 2285 2211 Διὰ
2314 2157 2473 2211 τοῦτο
2505 2158 2779 2231 εὐφράνθη
2808 2161 2842 2232 ἡ
2869 2161 3064 2232 καρδία
3098 2174 3230 2233 μου,

389 2237 478 2296 19.
508 2239 574 2296 Et
596 2243 889 2300 exsultavit
918 2246 1102 2317 lingua
1131 2263 1251 2303 mea
1274 2290 1289 2314 ,

2056 2249 2142 2306 19.
2174 2251 2284 2303 Καὶ
2318 2250 2685 2320 ἠγαλλιάσατο
2714 2251 2747 2321 ἡ
2781 2251 3001 2320 γλῶσσά
3028 2271 3126 2323 μου
3145 2295 3160 2319 ,

382 2331 473 2388 20.
504 2331 734 2405 Insuper
752 2346 806 2392 et
835 2353 965 2395 caro
999 2354 1120 2394 mea
1158 2340 1467 2411 requiescet
1496 2341 1550 2396 in
1579 2357 1674 2413 spe

2067 2340 2142 2395 20.
2184 2343 2304 2395 Ἔτι
2327 2342 2382 2396 δὲ
2411 2342 2505 2396 καὶ
2534 2344 2566 2413 ἠ
2600 2342 2737 2415 σάρξ
2768 2360 2869 2412 μου
2897 2344 3301 2417 κατασκηνώσει
3328 2347 3413 2400 ἐπ’
3462 2344 3552 2400 £1-

1918 2452 1921 2455 ν
1988 2433 2091 2487 πίδσ

383 2510 474 2567 21.
508 2512 777 2581 Quoniam
806 2533 913 2575 non
947 2520 1290 2591 derelinques
1334 2520 1573 2577 animam
1606 2535 1782 2575 meam
1819 2520 1856 2575 it

371 2599 526 2653 ferno

2064 2526 2143 2581 2L
2177 2526 2302 2580 Ὅτι
2352 2528 2451 2581 οὐκ
2495 2529 2907 2599 ἐγκαταλείψεις
2954 2528 3052 2601 τὴν
3092 2529 3268 2601 ψυχήν
3317 2546 3417 2602 μου
3467 2529 3549 2595 είς

313 2616 526 2657 Interno

379 2618 526 2657 Ierno

379 2692 471 2748 2'2.
501 2693 611 2752 Nec
642 2698 800 2755 dabis
851 2709 1100 2757 sanctum
1136 2710 1286 2757 tuum
1330 2702 1515 2757 Videre
1568 2701 1864 2787 corruptiu-

2018 2619 2129 2682 δου,

1981 2618 2017 2689 ᾇ
2054 2711 2143 2764 22.
2180 2711 2314 2765 Οὐδὲ
2336 2710 2526 2776 δώσεις
2558 2713 2649 2768 τὸν
2677 2714 2823 2768 ὅσιόν
2851 2730 2945 2767 σου
2978 2713 3105 2768 [δεῖν
3128 2712 3441 2785 διαφθοράν.

313 2800 456 2842 nem.

377 2880 468 2937 25.
498 2880 667 2941 Notas
696 2887 829 2943 mihi
863 2887 1036 2943 fecisti
1070 2889 1189 2943 vias
1214 2886 1357 2957 vitae,

2056 2891 2147 2945 25.
2185 2891 2518 2962 Ἐγνώρτσάς
2541 2910 2629 2963 μοι
2658 2892 2811 2957 ὁδοὺς
2842 2892 3007 2966 ζωῆς.

1429 3087 1806 3145 ATHANASII
1839 3087 2427 3144 INTERPRETATIO.

377 3270 431 3327 6.
471 3270 717 3341 Ipsorum
754 3273 1084 3329 tentationcs
1114 3274 1487 3346 multiplicata:
1512 3284 1643 3330 sunt

1896 3278 1939 3335 C.
2044 3271 2100 3326 6.
2135 3270 2199 3324 Οί
2226 3270 2524 3342 πειρασμοὶ
2554 3270 2734 3325 αὐτῶν
2764 3268 3191 3342 ὲπληθύνθησαν.

379 3362 432 3420 7.
463 3362 657 3421 Postea
688 3368 1075 3426 transiverunt.

2048 3362 2102 3418 7.
2136 3359 2289 3415 Μετὰ
2311 3358 2485 3414 ταῦτα
2512 3360 2803 3433 παρῆλθον.

379 3454 434 3512 8.
472 3455 547 3511 De
572 3456 931 3528 daemonibus,
950 3461 1045 3516 ait.

2047 3453 2101 3507 8.
2140 3451 2259 3505 Τῶν
2283 3451 2577 3519 δαιμόνων,
2606 3451 2772 3522 λέγει.

378 3546 432 3602 9.
464 3547 917 3608 Adversariarum
954 3563 1305 3625 potestatum,
1332 3554 1527 3625 inquit.

2046 3547 2098 3601 9.
2128 3548 2249 3600 Τῶν
2283 3551 2540 3605 ἐναντίων
2564 3547 2866 3619 δυνάμεων,
2904 3550 3071 3618 λέγει.

378 3637 466 3694 10.
496 3639 758 3699 Dominus
784 3659 915 3715 pars
957 3652 1010 3701 et
1043 3655 1261 3702 aeterna:
1291 3662 1425 3701 mea:
1476 3645 1863 3709 retributionis,

2063 3642 2135 3697 10.
2173 3639 2375 3713 Κύριος
2409 3641 2566 3713 μερὶς
2611 3642 2705 3694 καὶ
2741 3641 2842 3711 τῆς
2878 3642 3103 3707 αἰωνίας
3149 3660 3249 3715 μου
3282 3642 3548 3715 μισθαπο-

307 3735 361 3782 et
378 3729 637 3800 requietis
661 3747 813 3788 mem.

1973 3734 2155 3798 δοσίας
2188 3735 2282 3787 καὶ
2316 3734 2416 3805 τῆς
2451 3733 2809 3797 ἀναπαύσεώς
2840 3752 2959 3805 μου.

378 3820 463 3875 li.
496 3820 723 3878 Eterna
754 3834 845 3880 tua
873 3824 1175 3898 refrigeria.

2043 3825 2131 3876 11.
2162 3822 2273 3886 Τὰς
2295 3824 2548 3887 αἰωνίους
2575 3841 2669 3876 σου
2698 3825 3053 3889 ἀναπαύσεις.

376 3911 464 3966 12.
496 3912 869 3985 Cogitationes
915 3918 1071 3973 bonae
1103 3920 1235 3973 mihi
1267 3928 1531 3975 venerunt
1559 3935 1591 3974 a
1613 3918 1861 3983 Domino,

2055 3913 2132 3966 l2.
2165 3913 2429 3983 Λογισμο“ι
2457 3911 2651 3981 ἀγαθοὶ
2685 3909 2848 3984 ἦλθόν
2878 3931 2968 3985 μοι
2995 3914 3121 3985 περὶ
3170 3913 3191 3982 1
3216 3912 3400 3987 παρὰ]
3444 3912 3540 3968 τοῦ

306 4002 502 4072 inquit.
1477 4030 1487 4078 ε

1477 4030 1487 4078 ε
1971 4005 2200 4075 Κυρίου,
2229 4002 2396 4071 λέγει.

377 4093 464 4148 15.
496 4093 798 4154 Promissio
826 4100 975 4169 regni
1003 4101 1270 4157 caelorum
1303 4111 1505 4157 interna
1539 4109 1643 4157 est.

2055 4094 2130 4148 15.
2178 4095 2244 4148 Ἠ
2293 4094 2596 4163 ἐπαγγελία
2645 4096 2746 4167 τῆς
2799 4095 3075 4167 βασιλείας
3127 4095 3236 4150 τῶν
3298 4094 3540 4170 οὐρανῶν

1972 4186 2323 4258 ἀτελεύτητός
2352 4189 2519 4240 ἐστιν.

372 4274 461 4332 11.
493 4275 830 4350 Coguoscam
863 4281 1040 4352 ipsum
1068 4301 1082 4337 :

2044 4278 2131 4332 M.
2174 4278 2579 4351 Ἐπιγνὼσομαι
2611 4279 2773 4333 αὐτόν
2794 4296 2807 4309 ·

370 4368 460 4423 15.
492 4366 675 4427 Donec
725 4375 906 4444 quievi
952 4390 984 4432 a
1034 4377 1327 4434 mundanis
1377 4378 1577 4445 rebus;
1631 4387 1686 4433 et
1737 4387 1855 4433 tum

2054 4370 2131 4424 l5.
2167 4371 2320 4435 ’Ἕως
2352 4371 2395 4426 δ’
2420 4371 2755 4442 ἃνήσύχασα
2780 4374 2843 4425 ὲκ
2875 4373 2982 4426 τῶν
3011 4372 3105 4426 τοῦ
3152 4374 3357 4445 κόσμου
3400 4391 3539 4447 πρα-

300 4474 463 4515 omne
490 4462 821 4521 desiderium
846 4483 1026 4523 meum
1062 4471 1115 4523 in
1147 4470 1264 4540 ipso
1290 4469 1409 4526 fuit.

2055 4464 2199 4517 ἁτων
2226 4481 2239 4495 ·
2275 4466 2370 4518 καὶ
2401 4465 2523 4518 τότε
2588 4467 2621 4536 ή
2664 4465 2932 4534 ἐπιθυμία
2982 4483 3083 4537 μου
3126 4468 3277 4520 πᾶσα
3320 4466 3539 4536 γέγονεν

1970 4555 2027 4608 ἐν
2052 4554 2219 4608 αὑτῶ.

372 4643 459 4699 16.
495 4643 613 4702 Pra:
670 4648 844 4703 oculis
891 4664 1103 4721 semper
1133 4652 1299 4707 habui
1344 4651 1635 4711 Dominum
1684 4655 1857 4723 opitu-

2055 4646 2134 4700 l6.
2171 4610 2284 4717 11ρὸ
2313 4644 2606 4716 ὀφθαλμῶν
2648 4664 2749 4716 μου
2786 4642 2929 4717 εἶχον
2958 4647 3186 4702 πάντοτε
3219 4648 3309 4701 τὸν
3336 4647 3540 4720 Κύριον

298 4735 501 4790 lantem
542 4737 699 4793 mihi.

1974 4723 2506 4808 άνξιλαμϐανόμενόν
2542 4755 2665 4807 μου,

368 4828 458 4883 17.
497 4827 562 4884 Ει
593 4828 952 4886 deducentem
997 4848 1083 4888 me
1130 4833 1185 4888 in
1225 4834 1340 4891 vias
1369 4835 1646 4901 dexteras,
1693 4854 1760 4895 ne
1801 4838 1853 4893 al

2052 4827 2137 4881 17.
2167 4827 2276 4879 Καὶ
2307 4826 2602 4896 ὁδηγοῦντα
2624 4825 2704 4884 είς
2723 4827 2821 4890 τὰς
2838 4827 2991 4891 ὁδοὺς
3012 4827 3111 4891 τὰς
3130 4827 3327 4894 δεξιὰς,
3356 4829 3442 4882 ἱνα
3466 4828 3537 4900 μὴ

296 4919 375 4973 eis
399 4919 689 4975 decliuem.

1973 4918 2205 4973 ἒκκλίνω
2226 4919 2318 4970 ἀπ’
2339 4916 2535 4970 αὐτῶν.

367 5013 455 5066 18.
490 5010 787 5084 Propterea
818 5014 1091 5086 spirituali
1134 5016 1335 5087 gaudio
1366 5018 1605 5089 repletus
1632 5034 1751 5074 sum
1778 5036 1794 5073 :

2056 5011 2142 5065 l8.
2170 5009 2266 5063 Διὰ
2298 5009 2458 5062 τοῦτο
2485 5010 2657 5078 χαρᾶς
2680 5009 3055 5082 πνευματικῆς
3082 5011 3227 5083 ἥμην
3260 5010 3541 5082 πεπληρω-

1977 5103 2156 5174 μένος.

362 5188 452 5244 19.
490 5188 733 5245 Laudavi
765 5192 942 5262 ipsum
975 5208 1069 5249 ore
1100 5208 1258 5250 meo:

2048 5197 2138 5251 ‘19.
2191 5195 2447 5261 Ἐδὸξασα
2478 5196 2640 5249 αὐτὸν
2662 5198 2717 5249 ὲν
2745 5214 2823 5267 τῳ
2856 5196 3085 5268 στόματί
3118 5214 3239 5268 μου.

360 5280 453 5335 20.
484 5281 827 5353 Exspectabo
857 5290 1315 5345 resurrectionem
1358 5298 1719 5347 mortuorum.

1564 5306 1719 5347 trum.
2039 5289 2133 5344 20.
2168 5288 2461 5360 Προσδοκῶ
2492 5290 2783 5344 ἀνάστασιν
2808 5289 3049 5360 νεκρῶνᾷ

362 5374 453 5429 21.
485 5374 602 5430 Non
627 5378 905 5449 relinques
938 5380 1086 5435 illam
1140 5383 1195 5436 in
1237 5383 1595 5455 receptaculis
1621 5383 1847 5451 mortis,

2044 5381 2135 5433 2i.
2162 5381 2274 5434 Ούκ
2308 5378 2372 5433 ἂν
2408 5379 2575 5451 ἐάσῃς
2606 5380 2771 5450 αὐτὴν
2806 5382 2882 5442 εἰς
2918 5378 2989 5431 τὰ
3020 5383 3219 5451 ταμεῖα
3243 5380 3338 5435 τοῦ
3371 5380 3528 5437 θανά.-

291 5466 387 5522 sed
418 5466 659 5522 liberans
681 5485 798 5523 eam
836 5472 1053 5528 educes.

1969 5491 2090 5538 του,
2127 5472 2261 5526 ἀλλὰ
2289 5473 2706 5545 λυτρωσάμενος
2728 5474 3020 5541 ἁναγάγεις
3044 5475 3231 5548 αὐτήν.

361 5557 453 5614 22.
492 5557 569 5613 De
598 5559 825 5615 Domino
852 5563 1111 5633 loquitur.

2039 5565 2128 5620 22.
2163 5567 2295 5638 Περὶ
2322 5565 2417 5618 τοῦ
2456 5565 2660 5636 Κυρίου
2694 5564 2856 5633 λέγει.

371 5649 460 5704 Ξ.
497 5650 771 5722 Praecepta
796 5662 886 5709 tua
916 5673 999 5711 me
1026 5658 1278 5715 docuisti.

2038 5658 2129 5713 εδ.
2160 5636 2270 5721 τάξ
2301 5660 2518 5722 ἐντολάς
2552 5677 2641 5713 σου
2675 5659 2913 5727 έδίδαξάς
2949 5636 3048 5731 με.
