3760 6386
145 317 225 374 697
1046 316 1136 374 DE
1172 317 1446 375 'l'lTULlS
1484 320 1931 381 PSALMORUM.
1969 355 2033 364 —
2080 322 2272 379 PSAL.
2312 322 2451 380 XVI.
3256 320 3364 380 693

194 433 272 488 25.
302 431 633 505 Πληρὼσεις
662 452 732 507 με
758 434 1096 509 ευφροσύνης
1120 439 1258 509 μετὰ
1281 439 1374 494 τοῦ
1400 440 1679 513 προσώπω.

1681 460 1690 493 ι
1717 452 1766 506 Α
1873 442 1962 497 24.
1997 439 2334 514 Adimplebis
2370 458 2457 498 me
2483 441 2670 497 laetitia
2691 457 2814 498 cum
2856 440 3005 496 vultu
3034 449 3166 494 tuo:

142 540 220 582 tm
239 538 255 558 ⁸

193 615 271 671 25.
301 616 687 689 Τερπνότητες
722 622 780 673 ἑν
813 623 876 693 τῇ
911 620 1061 696 δεξιᾷ
1084 641 1177 677 σου
1210 626 1289 690 είς
1313 624 1483 688 τέλος.

1875 621 1966 677 25.
2000 619 2399 677 Delectationes
2426 620 2479 675 in
2511 621 2733 676 dextera
2770 629 2860 676 tua
2895 635 3068 690 usque
3096 618 3149 673 in
3175 618 3358 674 ﬁnem.

346 776 679 845 Προσευχὴ
714 776 793 843 τῷ
826 778 1017 833 Δαϐίδ.
1056 782 1285 835 ΨΑΛΜ.
1313 784 1405 850 1C."
1405 787 1437 836 '.

2111 778 2297 834 Oratio
2330 777 2522 831 David.
2577 774 2840 829 PSALM.
2889 773 3048 829 XVI.

195 904 239 958 1.
262 907 616 970 Είσάκουσον,
651 910 846 982 Κύριε,
878 911 1221 976 δικαιοσύνης
1252 931 1352 975 μου
1373 930 1387 944 ·

1869 914 1921 970 1.
1958 913 2188 978 Exaudi,
2218 911 2467 977 Domine,
2492 913 2755 983 justitiam
2790 927 2965 966 meam
3000 929 3012 965 :

193 996 236 1051 2.
264 998 500 1068 Πρόσχες
532 1004 601 1073 τῇ
629 1001 816 1073 δεήσει
851 1021 950 1074 μου
971 1020 989 1035 ·

1865 1006 1920 1060 2.
1964 1004 2185 1059 Intende
2214 1004 2643 1074 deprecationem
2681 1018 2853 1056 meam
2887 1019 2901 1054 :

191 1090 235 1143 5.
272 1090 551 1145 Ἐνώτισαι
578 1094 686 1167 τὴν
722 1098 1026 1167 προσευχήν
1053 1115 1153 1168 μου
1183 1100 1282 1153 οὐκ
1302 1101 1357 1152 ἑν
1385 1099 1585 1170 χείλεσι
1605 1100 1676 1153 δο-

1873 1099 1922 1152 5.
1954 1098 2194 1152 Auribus
2220 1097 2435 1167 percipe
2460 1098 2758 1152 orationem
2784 1110 2958 1148 meam
2988 1108 3095 1147 non
3123 1093 3177 1147 in
3202 1090 3358 1147 labiis

140 1176 262 1244 λίοις.

1795 1190 2019 1244 dolosis.

192 1271 235 1325 4.
273 1274 360 1326 Ἐκ
391 1273 698 1345 προσώπου
734 1294 827 1330 σου
859 1278 920 1331 τὸ
947 1279 1122 1351 κρῖμά
1151 1298 1252 1351 μου
1283 1281 1482 1347 ἐξέλθοι
1501 1299 1515 1311 ·

1867 1285 1922 1336 4.
1952 1281 2026 1335 De
2059 1282 2206 1336 vultu
2241 1290 2336 1336 tuo
2362 1280 2625 1351 judicium
2652 1296 2827 1334 meum
2860 1279 3083 1350 prodeat
3109 1296 3123 1333 :

190 1361 233 1416 5.
269 1363 326 1416 Οἱ
355 1363 637 1435 ὀφθαλμοί
669 1383 773 1431 μου
804 1367 1057 1422 ίδέτωσαν
1095 1370 1393 1440 εὐθύτητας
1437 1369 1675 1443 [ὀρθότη-

1323 1388 1393 1433 ἀς
1437 1369 1687 1443 [ὀρθότη-
1874 1375 1925 1429 5.
1952 1372 2106 1430 Oculi
2137 1375 2241 1429 mei
2269 1374 2483 1430 videant
2508 1375 2808 1443 tequitates.

138 1468 213 1515 τις
242 1454 349 1509 cod.
386 1454 609 1527 Barb.].

190 1543 233 1601 6.
249 1546 606 1618 Ἐδοκίμασας
632 1549 735 1621 τὴν
759 1550 983 1622 καρδίαν
1006 1569 1129 1622 μου,
1157 1551 1441 1621 ἐπεσκέψω
1463 1551 1675 1615 νυκτός⁴

1645 1567 1685 1614 ξ’
1870 1554 1923 1608 6.
1955 1552 2207 1609 Probasti
2233 1567 2328 1607 cor
2350 1567 2553 1619 meum,
2588 1561 2641 1607 et
2664 1550 2893 1607 visit‘asti
2931 1558 3090 1604 nocte
3118 1567 3130 1603 :

187 1633 232 1688 ’1.
277 1636 603 1710 Ἐπύρωσάς
639 1658 734 1711 με,
766 1642 861 1695 καὶ
885 1643 981 1713 οὐχ
1006 1642 1201 1715 εὑρέθη
1235 1645 1291 1696 ἑν
1324 1645 1445 1715 ἐμοὶ
1472 1642 1654 1697 ἀδικία

1879 1647 1925 1699 7.
1955 1644 2081 1716 lgne
2115 1660 2202 1699 me
2236 1644 2561 1700 examinasti
2583 1683 2598 1710 ,
2633 1653 2686 1699 et
2712 1658 2819 1697 non
2850 1651 2932 1698 est
2952 1642 3165 1696 inventa
3195 1639 3248 1693 in
3280 1656 3364 1695 me

1799 1737 2057 1806 iniquitas
2082 1752 2096 1800 ;

135 1812 232 1957 ἂνξ.
258 1815 444 1920 ῗοπως
473 1816 545 1871 ἂν
581 1818 663 1890 μὴ
685 1818 892 1892 λαλήσῃ
921 1820 982 1874 τὸ
1006 1821 1179 1892 στόμα
1214 1838 1315 1891 μου
1334 1820 1403 1875 τὰ
1428 1822 1562 1892 ἔργα
1581 1840 1620 1876 τι

216 1922 415 1957 οωπων.

1867 1801 1921 1882 έ.
1967 1826 2036 1881 Ut
2060 1842 2168 1882 non
2199 1828 2456 1897 loquatur
2493 1842 2556 1882 os
2582 1840 2762 1881 meum
2795 1839 2957 1896 Opera
2991 1822 3292 1878 hominum.

214 1922 415 1976 ρωπων.

188 1998 231 2051 9.
263 1999 356 2051 Διὰ
386 2000 517 2064 τοὺς
542 2001 747 2072 λόγους
778 2003 887 2058 τῶν
911 2004 1135 2076 χειλέων
1176 2021 1268 2060 σου
1302 2004 1413 2075 ἑγὼ
1451 2005 1673 2077 ἐφύλαξα

1883 2011 1925 2064 9.
1962 2008 2191 2079 Propter
2216 2010 2378 2065 verba
2405 2010 2691 2079 ‘labtorum
2725 2018 2939 2064 tuorum
2972 2024 3073 2079 ego
3103 2000 3368 2063 custodivi

134 2087 254 2152 ὀδοὺς
283 2092 411 2163 σκλη
422 2092 546 2165 ράς.

1798 2100 1915 2155 vias
1941 2100 2126 2156 duras.

184 2182 606 2257 10.Κατάρτισαι
620 2187 694 2241 τὰ
708 2187 863 2259 διαὸή
873 2190 1015 2260 ματά
1029 2207 1129 2260 μου
1145 2189 1202 2243 ἑν
1214 2192 1337 2255 ταῖς
1351 2189 1557 2262 τρίόοις
1574 2207 1666 2243 σου

1600 2207 1688 2257 ου,
1870 2192 1956 2246 10.
1987 2191 2189 2246 Perﬁce
2219 2206 2438 2258 gressus
2461 2207 2611 2248 meos
2635 2193 2688 2245 in
2721 2192 2929 2247 semitis
2958 2192 3085 2257 tuis,

189 2274 262 2328 11.
290 2276 404 2331 ἰνα
435 2278 515 2350 μὴ
539 2279 853 2333 σαλευοῶσι
885 2280 954 2334 τὰ
979 2281 1289 2354 διαδήματα
1319 2299 1442 2353 μου.

1869 2285 1957 2337 11.
1988 2281 2059 2337 Ut
2088 2298 2194 2337 non
2228 2297 2549 2339 moveantur
2583 2284 2805 2355 vestigia
2845 2300 2981 2339 mea.

1212 2505 1588 2563 ATHANASII
1630 2505 2214 2566 INTERPRETATIO.

185 2694 261 2751 2|.
287 2697 572 2773 Πληρωϐὦ
608 2701 975 2773 εὐφροσύνης,
1012 2704 1139 2759 ὅταν
1175 2706 1271 2760 ἴδω
1308 2706 1371 2760 τὸ
1398 2705 1670 2778 πρόσωπόε

1879 2709 1969 2764 24.
2005 2709 2275 2779 lmplehor
2301 2710 2507 2772 lmtitia.
2528 2726 2651 2765 cum
2678 2709 2863 2764 videro
2905 2708 3096 2763 faciem
3127 2716 3295 2764 tuam.

132 2803 204 2841 ωυ

180 2881 257 2938 25.
289 2886 447 2957 Χαρὰ
479 2888 632 2959 μετὰ
660 2887 773 2941 τῶν
798 2890 965 2957 ἁγίων
998 2890 1307 2956 διαπαντός.

1714 2886 1758 2945 C
1868 2889 1960 2944 25.
1999 2888 2270 2943 Gaudium
2302 2896 2563 2943 aeternum
2594 2902 2715 2941 cum
2743 2887 2964 2942 sanctis.

192 3059 248 3112 Ἦ
276 3064 620 3137 προκειμένη
650 3062 932 3134 ἐπιγραφὴ
958 3062 1220 3134 περιέχει·
1250 3061 1568 3132 Προσευχὴ
1601 3060 1679 3126 τῷ
1699 3059 1878 3114 Δαϐίδ
1897 3078 1910 3091 ·
1945 3059 2215 3124 τουτέστι,
2244 3057 2322 3129 τῷ
2347 3059 2460 3129 Υίῷ
2483 3059 2577 3112 τοῦ
2602 3057 2757 3113 Θεοῦ.
2785 3060 3099 3130 Εἰρήκαμεν
3133 3056 3231 3128 μὲν
3260 3054 3367 3125 γὰρ

128 3146 175 3204 ἐν
196 3156 295 3218 τοῖς
326 3156 653 3229 ἔμπροσθεν
676 3197 691 3219 ,
725 3156 913 3227 ὅτιπερ
944 3155 1304 3228 ἑρμηνεύεται
1338 3156 1502 3208 Δαϐὶδ
1528 3154 1724 3217 οὕτως,
1759 3152 2102 3221 ἀγαπητὸς,
2159 3152 2235 3215 ὡς
2264 3154 2328 3205 ἐκ
2358 3151 2545 3205 τούτου
2575 3150 2944 3222 λαμϐάνεσθαι
2985 3150 3044 3202 τὸ
3090 3148 3181 3201 τοῦ
3211 3147 3372 3226 Δασιδ

128 3242 266 3317 hepta
295 3252 372 3313 είς
394 3252 489 3304 τὸν
518 3246 620 3305 τοῦ
653 3249 792 3303 Θεοῦ
829 3252 1088 3321 μονογενῆ
1123 3251 1251 3303 Υἱόν
1271 3267 1286 3281 '
1319 3253 1453 3323 ὅπερ
1489 3250 1604 3303 ἔστι
1641 3250 1735 3303 καὶ
1759 3249 1869 3302 νῶν
1908 3246 2049 3320 [νῦν]
2082 3246 2373 3301 ὑπολαϐεῖν
2398 3265 2412 3278 ο
2444 3248 2583 3317 ὅτιὴ
2630 3246 2900 3319 προσευχὴ
2932 3246 2965 3315 ἡ
3003 3244 3264 3316 εἰρημένη
3311 3243 3371 3297 ἑν

129 3342 187 3413 τῷ
210 3344 399 3417 ψαλμῷ
431 3347 516 3418 τῷ
542 3346 668 3418 Υίῷ
698 3345 793 3400 τοῦ
821 3346 954 3399 Θεοῦ
984 3348 1219 3418 εἴρηται.
1258 3348 1413 3400 Ἔστι
1442 3346 1486 3399 δ’
1512 3347 1603 3399 ὅτε
1632 3345 1727 3398 καὶ
1760 3344 1962 3414 ἑτέρως
1987 3347 2160 3397 εἰπεῖν
2190 3345 2268 3406 είς
2291 3341 2388 3414 τὴν
2425 3342 2789 3413 προκειμένην
2821 3340 3128 3411 ἐπιγραφὴν
3148 3379 3162 3403 ,
3186 3339 3370 3410 ἐπειδὴ

128 3438 199 3487 καὶ
220 3439 410 3510 ἑτέρως
437 3442 507 3495 τὸ
532 3442 631 3495 τοῦ
658 3440 824 3494 Δαϐὶδ
860 3440 1029 3511 ὄνομα
1064 3442 1425 3513 ἑρμηνεύεται
1472 3440 1907 3510 πεποθημένος,
1938 3440 2074 3507 ὅπερ
2105 3440 2400 3507 ἀναγκαῖον
2421 3438 2605 3491 λαϐεῖν
2632 3439 2710 3500 είς
2745 3438 2834 3490 τὸν
2863 3436 2972 3488 τῶν
2996 3436 3165 3503 ἁγίων
3191 3435 3371 3505 χορὸν,

126 3526 196 3582 τὸν
227 3532 324 3586 ὑπὸ
351 3532 449 3586 τοῦ
476 3531 625 3586 Θεοῦ
668 3531 1068 3602 πεποθημένον,
1103 3532 1179 3597 ὡς
1210 3533 1267 3586 δὲ
1296 3534 1492 3596 αὐτοὺς
1530 3533 1711 3601 λέγειν
1745 3533 1882 3604 πρὸς
1908 3532 2002 3585 τὸν
2035 3532 2162 3585 Υίὸν
2194 3531 2289 3585 τοῦ
2320 3530 2455 3584 Θεοῦ
2481 3530 2574 3582 τὸν
2603 3528 3034 3598 ὑποτεταγμένον
3063 3527 3297 3598 ψαλμὸν.

177 3733 374 3791 Titulus
403 3734 753 3806 praepositus
785 3735 1024 3790 continet
1055 3754 1066 3789 :
1100 3737 1273 3789 oratio
1310 3735 1519 3802 David;
1547 3737 1650 3793 hoc
1679 3746 1763 3793 est
1789 3737 1886 3793 Dei
1927 3736 2085 3793 Filio.
2112 3734 2246 3791 Nam
2275 3734 2526 3806 superius
2560 3733 2816 3798 diximus,
2843 3732 2986 3801 quod
3016 3729 3179 3785 David
3205 3730 3373 3784 inter-

129 3839 340 3897 pretatur
372 3833 495 3888 hoc
531 3831 723 3898 modo,
762 3833 1010 3887 dilectus.
1048 3831 1187 3887 lltnc
1220 3843 1400 3889 autem
1430 3847 1532 3898 est,
1560 3845 1619 3890 ut
1654 3836 1957 3905 accipiatur
1985 3834 2051 3889 dc
2083 3832 2366 3901 unigenito
2400 3831 2489 3885 Dei
2523 3829 2681 3894 Filio,
2713 3828 3170 3899 quemadmodum
3205 3827 3368 3882 etiam

126 3936 244 3980 nunc
271 3926 668 3997 accipiendum
703 3932 789 3979 est
820 3943 834 3977 :
868 3939 1093 3993 nempe,
1143 3926 1289 3995 quod
1320 3926 1521 3993 oratio,
1579 3944 1701 3998 qua:
1732 3929 1945 3998 psalmo
1978 3926 2291 3981 continetur
2312 3965 2327 3988 ,
2372 3922 2515 3977 dicta
2544 3929 2627 3975 cst
2658 3919 2750 3975 Dei
2782 3919 2937 3973 Filio.
2985 3918 3155 3971 Aliter
3205 3917 3368 3971 etiam

126 4020 349 4089 explicari
379 4031 573 4094 potest
611 4022 808 4078 eadem
838 4020 1144 4092 inscriptio,
1177 4025 1440 4093 quoniam
1467 4036 1521 4079 et
1560 4025 1719 4080 aliter
1752 4040 1951 4079 nomen
1979 4023 2147 4077 David
2187 4022 2595 4090 interpretatur,
2622 4031 2813 4085 nempe
2843 4013 3192 4074 desideratus,
3226 4008 3370 4079 quod

126 4129 315 4175 necesse
341 4132 429 4177 est
460 4121 726 4182 accipere
764 4119 830 4174 de
864 4131 1181 4177 sanctorum
1222 4123 1416 4191 choro,
1451 4124 1545 4194 qui
1571 4140 1599 4178 a
1630 4123 1742 4180 Deo
1771 4124 2116 4179 desideratus
2148 4131 2231 4177 est
2251 4159 2265 4185 ,
2300 4124 2375 4176 ita
2414 4126 2472 4173 ut
2510 4117 2611 4188 ipsi
2639 4116 2706 4170 ad
2733 4114 2825 4168 Dei
2853 4110 3049 4166 Filium
3076 4107 3370 4179 psalmum,

130 4214 200 4280 illi
240 4218 559 4289 subjicitur,
618 4216 826 4271 dicant.

177 4425 224 4479 1.
249 4428 360 4501 Τῆς
382 4430 617 4492 δικαίας
646 4446 749 4499 μου
780 4429 1065 4501 αἰτήσεως.

1875 4421 1928 4476 1.
1956 4420 2168 4476 Justam
2201 4435 2376 4475 meam
2404 4416 2843 4489 postulationem.

176 4515 224 4572 2.
252 4518 464 4592 Εὕτυχε
508 4520 675 4590 αὐτῇ.

1872 4516 1928 4569 2.
1955 4514 2231 4583 Propitius
2254 4518 2303 4567 ei
2329 4513 2432 4577 sis;

178 4606 227 4664 3.
269 4612 563 4665 Ἐνώτισαι
595 4611 697 4682 τὴν
722 4613 1027 4683 προσευχήν
1063 4627 1164 4682 μου
1188 4609 1284 4681 τὴν
1310 4606 1587 4678 ἀληθινήν.

1884 4608 1929 4662 5.
1952 4604 2160 4659 Exaudi
2182 4602 2482 4658 orationem
2506 4616 2680 4655 meam
2701 4614 2810 4653 non
2836 4598 3037 4663 ﬁctam,
3055 4595 3148 4651 sed
3166 4609 3369 4651 veram.

174 4697 223 4754 ι.
256 4701 342 4755 Ἑν
370 4707 441 4774 τῇ
474 4702 714 4773 ἀληθεία
739 4717 831 4754 σου
856 4701 918 4753 τὸ
943 4701 1155 4771 θέλημά
1183 4717 1282 4771 μου
1306 4699 1466 4751 ἔστω.

1464 4739 1466 4747 .
1872 4697 1926 4750 4.
1957 4694 2013 4748 ln
2048 4694 2275 4748 veritate
2300 4702 2388 4747 tua
2418 4692 2669 4746 voluntas
2703 4706 2819 4744 mea
2861 4690 2949 4744 sit.

177 4789 223 4845 5.
250 4795 312 4847 Οἱ
344 4796 452 4867 τῆς
487 4794 724 4866 καρδίας
770 4811 869 4865 μου
898 4794 1162 4865 ὀφθαλμοὶ
1195 4792 1394 4862 γνῶσιν
1426 4789 1662 4862 ἑχέτωσα

1885 4787 1929 4842 5.
1962 4784 2115 4842 Oculi
2143 4785 2326 4839 cordis
2347 4785 2450 4838 mei
2483 4791 2817 4854 cognoscant
2838 4782 3170 4837 voluntatem
3202 4788 3370 4843 tuam.

119 4886 227 4955 πρὶ
254 4888 314 4941 τὺ
342 4890 439 4943 σὸν
469 4889 601 4958 οέλη
612 4904 713 4958 μα.

175 4973 222 5029 6.
250 4974 402 5041 Εἶδες
427 4978 532 5049 τὴν
559 4975 794 5049 καρδίαν
825 4993 927 5046 μου
953 4971 1118 5030 οὖσαν
1156 4978 1214 5029 ὲν
1249 4975 1573 5048 ἁμαρτίαις,
1605 4991 1660 5027 κο

1892 4968 1938 5024 Β.
1973 4967 2167 5022 Vidisti
2218 4984 2313 5024 cor
2344 4984 2523 5024 meum
2552 5007 2567 5032 ,
2605 4966 2750 5036 quod
2784 4973 2902 5020 erat
2934 4965 2989 5018 in
3017 4962 3288 5033 peccatis,
3322 4968 3377 5015 ct

120 5065 400 5139 ἐϐοήθησας
435 5088 555 5141 μοι.

1802 5078 1959 5133 opem
1992 5062 2125 5116 mihi
2156 5062 2352 5124 tulisti,

175 5158 224 5216 7.
257 5161 635 5235 Ἐκαθάρισάς
668 5176 737 5231 με
757 5198 771 5224 ,
806 5158 900 5211 καὶ
929 5159 1026 5229 οὐχ
1053 5159 1246 5232 εὑρέ.οη
1266 5160 1322 5214 ἐν
1351 5160 1473 5230 ἐμοὶ
1494 5155 1660 5211 ἀδικία

1890 5156 1924 5207 ἵ.
1958 5154 2282 5209 Emundasti
2322 5169 2408 5209 me
2431 5195 2446 5221 ,
2475 5163 2530 5209 et
2561 5170 2668 5208 non
2703 5161 2786 5207 cst
2813 5151 3026 5205 inventa
3060 5148 3114 5201 in
3145 5161 3230 5201 me
3269 5144 3375 5199 ini—

1798 5247 1999 5317 quitas.

174 5327 225 5387 8.
250 5333 444 5399 Ὅπως
482 5335 550 5388 ἂν
584 5332 661 5404 μὴ
704 5332 915 5403 ποιήσω
949 5331 1019 5385 τὰ
1054 5331 1191 5401 ἔργα
1220 5333 1329 5386 τῶν
1362 5330 1659 5404 ἀνθρώπων

1362 5330 1661 5404 ἀνθρώπων
1682 5372 1696 5386 .
1883 5337 1937 5391 8.
1972 5337 2049 5390 Ne
2081 5336 2274 5392 faciam
2310 5352 2472 5407 opera
2504 5335 2784 5390 hominum
2816 5351 2829 5387 :

172 5420 219 5479 9.
247 5425 347 5479 Διὰ
377 5428 478 5490 τὰς
510 5423 849 5492 ἐπαγγελίας
879 5424 975 5494 τῆς
998 5425 1273 5495 βασιλείας
1310 5444 1403 5480 σου
1431 5425 1540 5495 ἑγὼ
1568 5426 1657 5494 tam:

1888 5429 1929 5484 Β.
1967 5430 2196 5499 Propter
2225 5429 2620 5500 promissiones
2654 5426 2800 5496 regni
2852 5424 2927 5478 tui
2976 5438 3076 5493 ego
3106 5421 3373 5479 custodivi

117 5508 237 5579 λαξα
259 5517 327 5569 τὰ
358 5516 778 5589 προστάγματά
804 5533 917 5568 σου.

733 5516 778 5568 τά
804 5533 917 5568 σου.
1803 5531 2073 5592 praecepta
2107 5529 2218 5575 tua.

180 5605 258 5661 10.
278 5610 631 5683 Κατάρτισαι
648 5607 748 5680 τὴν
775 5609 1000 5679 καρδίαν
1023 5628 1123 5681 μου
1141 5612 1220 5674 εἰς
1247 5612 1316 5665 τὰ
1333 5608 1665 5680 δικαιώματα

1649 5627 1692 5665 ι.
1874 5611 1962 5666 10.
2000 5610 2207 5666 Perﬁce
2228 5626 2323 5665 cor
2347 5624 2524 5664 meum
2554 5608 2606 5661 in
2631 5607 3134 5677 justiﬁeationibus.

181 5696 261 5753 ll.
278 5701 362 5754 Τὰ
375 5703 511 5773 ὀρθὰ
528 5704 627 5773 νοή
636 5701 786 5771 ματὰ
804 5718 903 5772 μου
922 5703 1098 5775 ἴναζμὴ
1116 5702 1419 5757 ἀποστῶσιν
1432 5702 1525 5756 ἀπ’
1539 5702 1666 5767 ἐμοῦ

1875 5703 1959 5757 11.
1993 5701 2142 5760 Becti
2165 5702 2455 5773 animimei
2481 5717 2678 5759 sensus
2705 5716 2772 5757 ne
2799 5715 2831 5756 a
2852 5714 2939 5757 me
2957 5698 3254 5756 discedant.
