3760 6400
318 337 426 399 699

394 461 479 514 12.
515 458 629 530 Ego
672 458 932 523 clamavi,
973 457 1232 526 quoniam
1265 456 1536 512 exaudisti
1569 473 1674 520 me,
1711 457 1852 512 Deus
1885 478 1897 512 ε
1931 466 1973 520 Α

395 553 484 606 15.
515 550 717 606 inclina
753 567 936 606 aurem
981 561 1129 604 tuam
1159 549 1332 618 mihi,
1385 559 1438 606 et
1487 551 1679 605 exaudi
1729 551 1887 604 verba

325 661 466 698 mea.

315 744 322 758 '
398 739 484 792 1.1.
518 736 741 791 Mirifira
773 735 1178 790 misericordias
1211 744 1366 800 tuas,

398 831 481 884 15.
519 829 620 896 Qui
647 830 829 885 salvos
857 827 990 883 facis
1023 837 1302 898 sperantes
1335 829 1386 880 in
1415 836 1503 883 te:

398 923 484 976 16.
519 925 562 974 Α
587 921 968 976 resistentibus
994 921 1231 975 dextera:
1257 930 1363 974 tuae
1383 960 1398 983 ,

399 1014 486 1071 17.
519 1013 742 1068 Custodi
779 1030 863 1066 me
899 1022 958 1067 ut
987 1013 1244 1082 pupillam
1279 1014 1442 1068 oculi.

400 1103 486 1156 18.
522 1102 635 1157 Sub
666 1103 854 1156 umbra
881 1103 1088 1156 alarum
1121 1111 1336 1156 tuarum
1363 1111 1610 1172 proteges
1638 1119 1753 1165 me,

402 1196 487 1252 19.
517 1198 562 1250 Α
589 1197 726 1252 facie
751 1199 1062 1267 impiorum,
1097 1197 1191 1268 qui
1217 1214 1302 1253 me
1327 1196 1658 1252 afﬂixerunt.

393 1373 486 1427 20.
523 1372 732 1428 Inimici
761 1374 866 1428 mei
898 1375 1133 1428 animam
1188 1389 1362 1429 meam
1396 1372 1890 1435 circumdederunt,

399 1466 488 1520 21.
521 1466 746 1536 Adipem
780 1483 940 1522 suum
975 1468 1362 1523 concluserunt
1393 1486 1406 1522 :

399 1559 490 1613 22.
520 1557 594 1612 Os
623 1573 812 1612 eorum
840 1560 1077 1614 locutum
1109 1568 1192 1614 est
1215 1557 1546 1628 superbiam.

398 1653 490 1708 25.
524 1652 878 1722 Projicientes
905 1669 991 1706 me
1013 1667 1155 1706 nunc
1178 1650 1653 1706 circumdederunt
1687 1663 1790 1701 me.

403 1745 496 1801 21.
525 1746 726 1800 Oculos
756 1760 887 1800 suos
920 1752 1224 1799 statuerunt
1245 1742 1520 1798 declinare
1567 1741 1622 1794 in
1677 1749 1895 1792 terram.

403 1837 494 1892 25.
517 1835 888 1907 Susceperunt
917 1854 1020 1899 me,
1049 1837 1190 1893 sicut
1209 1837 1294 1890 leo
1311 1843 1533 1905 paratus
1548 1832 1612 1887 ad
1644 1833 1900 1902 praedam,
1933 1815 1975 1869 Β

404 1925 495 1982 26.
525 1926 591 1981 Ει
617 1928 758 1982 sicut
788 1928 1002 1982 catulus
1029 1929 1203 1983 leonis
1236 1926 1490 1980 habitans
1526 1925 1581 1978 in
1611 1923 1828 1977 abditis.

413 2017 503 2072 27.
540 2017 784 2088 Exsurge
807 2059 821 2084 ,
846 2017 1072 2073 Domine
1091 2060 1106 2084 ,
1133 2015 1367 2088 praeveni
1395 2029 1510 2078 eos,
1539 2021 1594 2068 et
1617 2012 1903 2081 supplanta

335 2123 432 2164 COS
458 2126 471 2162 Ξ

404 2197 492 2251 28.
526 2195 686 2268 Eripe
713 2199 953 2254 animam
981 2213 1152 2252 meam
1179 2197 1248 2250 ab
1280 2196 1479 2266 impio,

405 2289 494 2344 29.
529 2290 753 2345 Framea
791 2301 879 2346 tua
909 2291 978 2345 ab
1001 2290 1236 2344 inimicis
1265 2304 1460 2343 manus
1486 2297 1591 2342 tum
1617 2306 1630 2341 :

406 2381 495 2437 50.
533 2382 760 2437 Domine
789 2399 820 2437 a
847 2383 1033 2452 paucis
1065 2383 1130 2437 de
1159 2390 1301 2437 terra
1321 2423 1338 2449 ,

407 2471 498 2526 51.
533 2471 723 2528 Divide
749 2489 844 2530 eos
883 2475 936 2528 in
975 2475 1086 2529 vita
1124 2490 1336 2529 eorum.

409 2562 498 2619 52.
532 2563 598 2618 Et
628 2565 696 2622 de
738 2567 1076 2622 absconditis
1111 2568 1219 2623 tuis
1250 2566 1578 2638 adimpletus
1605 2573 1690 2622 est
1717 2573 1908 2620 venter

335 2669 525 2711 eorum
536 2700 548 2712 .

408 2751 496 2806 55.
537 2749 774 2806 Saturati
801 2760 930 2807 sunt
960 2751 1104 2817 ﬁliis,

412 2841 502 2896 54.
532 2840 596 2896 Et
624 2841 951 2898 dimiserunt
978 2842 1236 2912 reliquias
1265 2857 1393 2897 suas
1415 2841 1655 2912 parvulis
1681 2839 1818 2896 suis.

411 2933 498 2988 '55.
523 2932 634 3006 Ego
656 2944 836 2990 autem
862 2936 912 2988 in
933 2933 1147 3005 justitia
1169 2933 1438 3002 apparebo
1459 2933 1772 3003 conspectui
1795 2941 1910 2999 tuo,

412 3105 501 3162 56.
539 3107 794 3163 Satiabor
823 3123 948 3165 cum
976 3105 1289 3178 apparuerit
1319 3107 1450 3161 mihi
1482 3105 1652 3178 gloria
1689 3116 1798 3162 tua.
1860 3143 1865 3148 ι

1931 3149 1978 3205 C

1144 337 1204 392 s.
1245 335 1620 392 ATHANASII
1662 334 1812 414 opp.
1855 335 2035 392 PARS
2071 335 2158 390 ιιι.
2196 367 2266 377 -
2303 315 2714 389 ΕχἘςΕτιοΑζ
3471 323 3568 380 700

2090 459 2172 512 12.
2225 457 2365 526 Ἐλιὼ
2398 453 2690 529 ἐκέκραξα,
2729 455 2810 506 ὅτι
2845 449 3150 523 ἐπήκουσάς
3184 463 3308 517 μου,
3345 443 3374 496 ὁ
3399 441 3566 506 Θεός·

2067 553 2151 606 15.
2193 551 2386 604 Κλῖνον
2421 550 2482 603 τὸ
2523 545 2616 612 οὖς
2667 563 2758 600 σου
2806 547 2966 616 ἐμοὶ,
3002 543 3096 596 καὶ
3121 539 3438 593 εἰσάκουσον
3464 535 3568 590 τῶν

1998 645 2256 716 ῥημάτων
2291 661 2411 714 μου.

2070 734 2156 787 14.
2191 733 2592 803 Θαυμάστωσον
2619 729 2685 783 τὰ
2724 729 2846 798 ἐλέη
2878 744 2970 780 σου
2990 766 3006 790 ,

2073 823 2159 876 15.
2203 824 2261 875 ὐ
2297 821 2483 886 σώζων
2507 823 2631 883 τοὺς
2661 819 2972 883 ἐλπίζοντας
3004 816 3096 870 ἐπὶ
3126 812 3206 866 σέ.

2076 918 2167 972 16.
2214 917 2306 968 Ἐκ
2329 915 2437 968 τῶν
2465 913 2871 982 ἀνθεστηκότων
2905 913 2970 981 τῇ
2995 909 3144 978 δεξιᾷ
3164 924 3259 960 σου

2069 1007 2156 1061 17.
2188 1005 2423 1069 Φύλαξόν
2449 1022 2514 1075 με
2544 1004 2618 1066 ῶς
2652 1003 2817 1072 κόρην
2846 997 3146 1070 ὀφθαλμοῦ.

2076 1097 2163 1150 18.
2205 1097 2292 1148 Ἐν
2320 1095 2496 1167 σκέπῃ
2522 1093 2630 1146 τῶν
2663 1091 2944 1164 πτερύγων
2979 1106 3072 1143 σου
3101 1086 3398 1149 σκεπάσεις
3426 1102 3518 1156 με,

2074 1185 2157 1239 19.
2207 1185 2338 1238 Ἀπὸ
2367 1181 2656 1254 προσώπου
2703 1180 2913 1235 ἀσεϐῶν
2966 1179 3076 1232 τῶν
3123 1175 3578 1248 ταλαιπωρησάν·

1997 1295 2104 1330 των
2137 1293 2225 1348 με.

2067 1372 2158 1426 20.
2195 1372 2258 1425 Οἱ
2290 1369 2474 1440 ἐχθροί
2510 1385 2608 1440 μου
2634 1366 2732 1437 τὴν
2757 1364 2931 1435 ψυχήν
2967 1381 3066 1434 μου
3095 1362 3408 1436 περιέσχον,

2071 1463 2160 1516 21.
2194 1462 2266 1516 Τὸ
2289 1462 2454 1533 στέαρ
2484 1459 2662 1514 αὐτῶν
2695 1457 3072 1511 συνέκλεισαν·

2072 1555 2162 1609 22.
2187 1554 2260 1607 Τὸ
2290 1553 2462 1623 στόμα
2502 1551 2681 1604 αὐτῶν
2705 1550 2964 1619 ἐλάλησεν
2991 1543 3389 1619 ὑπερηφανίαν.

2071 1645 2161 1700 25.
2212 1642 2588 1705 Ἐκϐάλλοντές
2623 1658 2688 1712 με
2717 1639 2812 1694 νῦν
2845 1635 3290 1710 περιεκύκλωσάν
3320 1651 3411 1704 με.

2076 1734 2166 1789 24.
2191 1735 2328 1798 Τοὺς
2349 1733 2658 1803 ὀφθαλμοὺς
2675 1730 2850 1784 αὐτῶν
2869 1729 3048 1782 ἔθεντο
3070 1727 3311 1781 ἐκκλῖναι
3330 1728 3390 1778 ἐν
3404 1726 3469 1794 τῇ
3487 1725 3580 1794 γῇ.

2071 1825 2162 1880 25.
2205 1823 2501 1878 ’Υπέλαϐόν
2535 1840 2635 1893 με,
2668 1822 2800 1874 ὡσεὶ
2830 1820 2964 1873 λέων
3009 1819 3222 1888 ἕτοιμος
3254 1817 3337 1878 εἰς
3387 1814 3586 1885 θήραν,

2073 1915 2163 1969 26.
2200 1915 2310 1968 Καὶ
2335 1913 2465 1966 ὡσεὶ
2498 1912 2734 1982 σκύμνος
2759 1910 2922 1964 οἰκῶν
2955 1910 3012 1962 ἐν
3036 1906 3394 1979 ἀποκρύφοις.

2071 2005 2158 2058 27.
2204 2001 2488 2072 Ἀνάστηθι
2513 2041 2530 2066 ,
2590 2001 2760 2072 Κύριε
2786 2039 2802 2065 ,
2869 1999 3177 2072 πρόφθασον
3215 1996 3417 2060 αὐτοὺς
3439 2036 3457 2061 ,
3492 1991 3589 2048 καὶ

2011 2091 2367 2145 ὑποσκέλισον
2400 2088 2594 2152 αὐτούς
2609 2106 2622 2118 ·

2077 2183 2167 2238 28.
2211 2183 2398 2236 Ῥῠσαι
2426 2181 2522 2252 τὴν
2551 2180 2728 2252 ψυχήν
2755 2198 2854 2252 μου
2879 2179 2986 2232 ἀπὸ
3019 2177 3266 2241 ἀσεϐοῦς,

2075 2275 2167 2328 29.
2208 2275 2478 2346 Ῥομφαίᾳ
2508 2293 2601 2328 σου
2632 2273 2737 2327 ἀπὸ
2764 2272 2972 2344 ἐχθρῶν
2997 2272 3094 2341 τῆς
3123 2270 3304 2342 χειρός
3341 2285 3436 2322 σου
3459 2285 3472 2298 ·

2079 2369 2168 2422 50.
2198 2367 2390 2440 Κύριε,
2422 2366 2530 2420 ἀπὸ
2553 2367 2746 2434 ὀλίγων
2787 2363 2894 2417 ἀπὸ
2921 2362 3056 2432 γῆς,

2081 2461 2170 2516 51.
2199 2460 2524 2532 Διαμέρισον
2550 2458 2746 2520 αὐτοὺς
2769 2458 2827 2511 ἐν
2861 2459 2926 2528 τῇ
2963 2455 3072 2526 ζωῇ
3102 2453 3303 2507 αὐτῶν.

2084 2555 2174 2609 52.
2207 2553 2318 2608 Καὶ
2358 2551 2466 2604 τῶν
2495 2549 2892 2622 κεκρυμμένων
2925 2566 3020 2602 σου
3047 2546 3291 2618 ἐπλήσθη
3321 2547 3356 2618 η
3380 2544 3597 2615 γαστὴρ

2012 2643 2193 2699 αὐτῶν
2212 2660 2224 2673 ·

2083 2736 2175 2790 55.
2218 2732 2656 2805 Ἐχορτάσθησαν
2686 2728 2835 2792 υἰῶν,

2079 2827 2170 2883 54.
2203 2827 2314 2879 Καὶ
2346 2827 2564 2896 ἀφῆκαν
2599 2821 2666 2874 τὰ
2689 2819 2989 2874 κατάλοιπα
3016 2819 3128 2879 τοῖς
3160 2815 3374 2886 νηπίοις
3395 2809 3598 2866 αὐτῶν.

2085 2919 2174 2974 55.
2221 2916 2362 2986 Ἐγὼ
2395 2917 2454 2970 δὲ
2491 2917 2548 2968 ἐν
2581 2911 2896 2984 δικαιοσύνῃ
2925 2909 3234 2982 ὀφθήσομαι
3281 2907 3362 2978 τῷ
3423 2920 3600 2977 προσ-

2023 3014 2066 3068 ti)
2074 3033 2158 3086 πῳ
2189 3029 2302 3076 σου,

2088 3105 2176 3161 56.
2193 3102 2650 3176 Χορτασθήσομαι
2670 3100 2727 3152 ἐν
2742 3097 2818 3169 τῷ
2833 3095 3060 3167 ὀφθῆναί
3079 3111 3167 3166 μοι
3184 3094 3284 3166 τὴν
3303 3091 3463 3160 δόξαν
3482 3107 3600 3148 σου.

1483 3242 1850 3300 ATHANASII
1885 3235 2456 3298 INTERPBETATKO.

421 3367 510 3422 12.
538 3365 832 3438 Propterea
858 3367 922 3422 ad
960 3377 1011 3422 te
1050 3367 1280 3423 clamavi
1331 3377 1590 3440 expertus
1629 3367 1742 3437 jam
1774 3366 1920 3438 quod

355 3458 582 3513 exaudis
615 3473 734 3523 eos,
767 3458 860 3528 qui
885 3467 934 3514 te
956 3459 1339 3530 deprecantur.

418 3551 502 3605 15.
530 3551 802 3622 Benignus
830 3551 961 3606 mihi
991 3563 1127 3616 esto,
1156 3563 1211 3608 et
1255 3553 1416 3624 imple
1450 3567 1572 3622 quae
1603 3567 1633 3606 a
1663 3559 1713 3606 te
1737 3565 1917 3620 posco.

421 3645 510 3706 14.
541 3645 628 3700 15.
663 3644 945 3716 Magnifica
973 3645 1403 3699 misericordiam
1438 3653 1587 3699 tuam
1621 3643 1676 3697 in
1707 3657 1812 3698 me.

421 3734 508 3789 16.
541 3735 627 3789 l7.
671 3734 744 3790 De
769 3735 1108 3790 daemonibus
1133 3735 1374 3806 loquitur
1403 3753 1416 3788 :

425 3828 512 3882 18.
550 3829 606 3882 ln
632 3827 1116 3898 justiﬁeationibus
1151 3828 1260 3883 tuis
1297 3827 1493 3897 adjuva
1525 3841 1638 3892 me;

427 3919 516 3974 19.
553 3919 890 3985 Dazmonum,
931 3921 1025 3990 qui
1062 3935 1285 3990 peccare
1310 3935 1396 3974 me
1430 3918 1693 3973 fecerunt.

421 4011 514 4064 20.
564 4010 861 4066 Daemones.

420 4104 480 4158 21
496 4147 510 4161 .
533 4104 848 4173 Voluptates
869 4118 997 4158 suas
1012 4111 1319 4158 statuerunt
1337 4101 1610 4158 declinare
1625 4103 1678 4156 in
1705 4111 1925 4158 terram.

426 4197 516 4251 22.
548 4197 882 4252 Putaverunt
910 4213 968 4251 se
997 4197 1128 4250 deos
1165 4211 1306 4250 esse.

423 4291 506 4345 25.
543 4291 932 4344 Abstrahentcs
963 4305 1050 4344 me
1082 4305 1113 4343 a
1145 4298 1196 4342 te
1223 4287 1699 4343 circumdederunt
1729 4304 1835 4343 me.
1873 4293 1879 4299 '

430 4383 520 4438 24.
543 4382 843 4438 Consilium
867 4397 1054 4436 eorum
1081 4379 1410 4445 estellicere,
1437 4389 1544 4435 uta
1568 4391 1618 4436 te
1638 4381 1928 4435 declinem.

427 4476 519 4542 25,
553 4474 646 4530 26.
682 4474 838 4529 Sicut
889 4475 1008 4538 leo,
1058 4482 1112 4526 et
1146 4472 1362 4528 catulus
1395 4472 1645 4528 habitant
1677 4473 1730 4526 in
1767 4473 1932 4528 corde

359 4585 502 4623 meo.
849 4579 853 4584 ’

359 4769 530 4810 meos.

429 4845 619 4902 28-51.
658 4843 906 4909 Domine,
939 4845 1190 4900 celeriter
1213 4843 1440 4914 dispelle
1466 4859 1564 4898 eos
1589 4842 1658 4897 ab
1686 4839 1928 4894 homini-

362 4937 464 4992 bus
494 4955 508 4993 :

431 5029 521 5086 52.
563 5027 841 5098 Projectos
877 5029 975 5082 abs
1010 5037 1061 5082 te
1085 5027 1504 5082 devoraverunt.

431 5123 524 5188 55,
551 5121 642 5178 54.
669 5121 916 5178 Saturati
944 5129 1069 5176 sunt
1096 5161 1112 5186 ,
1145 5121 1238 5176 sed
1274 5120 1496 5190 iniquis.

430 5217 520 5271 55.
559 5216 701 5270 Cum
726 5215 933 5270 venerit
955 5213 1206 5284 judicare
1235 5220 1458 5266 terram.

433 5308 522 5363 56.
550 5307 720 5364 Cibus
753 5322 909 5362 meus
935 5347 950 5370 ,
986 5321 1104 5358 cum
1141 5302 1447 5372 apparuerit
1483 5300 1611 5352 mihi
1639 5299 1809 5369 gloria
1841 5306 1932 5351 tua

362 5402 416 5454 in
461 5399 644 5456 futuro
673 5399 894 5464 saeculo,
927 5408 1011 5452 est
1041 5397 1095 5450 in
1123 5395 1308 5466 glori-.2
1333 5402 1441 5448 tuae
1467 5392 1697 5447 visione.

2099 3359 2184 3414 12.
2215 3355 2312 3410 Διὰ
2334 3353 2494 3408 τοῦτο
2511 3351 2712 3420 ἐϐόησα
2730 3347 2862 3422 πρὸς
2883 3347 2963 3408 σὲ,
2987 3343 3088 3416 ήδη
3111 3340 3304 3414 πεῖράν
3323 3357 3420 3394 σου
3444 3338 3604 3409 ἔχων,

2023 3452 2103 3505 ὅτι
2130 3446 2436 3510 εἰσακούεις
2459 3443 2567 3498 τῶν
2592 3440 2860 3512 δεομένων
2896 3454 3008 3490 σου.

2097 3540 2182 3595 15.
2205 3537 2454 3608 Εὐμενής
2477 3551 2562 3605 μοι
2587 3529 2766 3601 γενοῦ,
2789 3527 2884 3580 καὶ
2901 3527 3186 3598 πλήρωσον
3208 3523 3354 3592 ἆπερ
3370 3518 3508 3576 αἰτῶ
3527 3535 3604 3572 σε.

2100 3631 2184 3686 14.
2220 3628 2308 3684 15.
2335 3626 2650 3696 Μεγάλονον
2679 3623 2738 3676 τὸ
2767 3621 2915 3682 ἔλεός
2950 3635 3042 3671 σου
3078 3618 3156 3680 εἰς
3181 3614 3304 3685 ἐμέ.

2097 3720 2186 3787 16,
2221 3721 2308 3773 17.
2338 3719 2473 3788 Περὶ
2500 3716 2608 3768 τῶν
2641 3712 2912 3784 δαιμόνων
2943 3709 3112 3776 λέγει.

2100 3815 2187 3869 18.
2232 3813 2320 3866 Ἐν
2345 3813 2456 3873 τοῖς
2480 3803 2810 3877 δικαιώμασί
2844 3819 2937 3855 σου
2969 3796 3233 3871 βοήθησόν
3264 3813 3376 3866 μοι.

2100 3905 2186 3960 19.
2215 3901 2335 3956 Τῶν
2360 3899 2626 3971 δαιμόνων
2655 3895 2761 3950 τῶν
2787 3891 3126 3964 ποιησάντων
3165 3881 3486 3958 ἁμαρτῆσαί
3523 3897 3612 3952 με.

2096 3999 2185 4054 20.
2219 3999 2281 4051 Οἱ
2303 3996 2389 4050 δαί
2397 4012 2572 4068 μονες.

2101 4091 2192 4145 21.
2229 4087 2340 4152 Τὰς
2371 4087 2558 4158 ἡδονὰς
2587 4082 2764 4138 αὐτῶν
2792 4081 2972 4134 ἔθεντο
2994 4076 3240 4132 ἐκκλῖναι
3275 4075 3335 4126 ἐν
3359 4073 3429 4144 τῇ
3451 4071 3546 4142 γῇ.

2100 4182 2190 4236 22.
2233 4180 2536 4250 Ἡγήσαντο
2565 4176 2790 4237 ἑαυτοὺς
2818 4168 2957 4225 εἶναι
2986 4169 3158 4250 θεούς.

2099 4275 2190 4328 25.
2227 4267 2666 4330 Ἀποσπόισαντές
2695 4282 2761 4336 με
2783 4263 2891 4318 ἀπὸ
2916 4259 3029 4324 σοῦ,
3049 4254 3500 4330 περιεκύκ).ωσάν
3528 4267 3614 4322 με.

2101 4365 2191 4419 24.
2210 4365 2273 4417 Ἥ
2293 4362 2452 4434 βουλὴ
2467 4360 2645 4413 αὐτῶν
2663 4359 2778 4410 ἐστι
2795 4353 3016 4424 ποιῆσαί
3033 4369 3098 4423 με
3116 4349 3364 4403 ἐκκλῖναι
3376 4345 3486 4400 ἀπὸ
3502 4341 3614 4396 σοῦ.

2103 4459 2195 4521 25,
2227 4455 2318 4510 26.
2364 4453 2451 4516 Ὠς
2484 4451 2620 4504 λέων
2643 4488 2659 4513 ,
2697 4449 2790 4502 καὶ
2818 4447 2894 4509 ὡς
2915 4439 3153 4514 σκύμνος
3192 4437 3434 4493 οἰκοῦσιν
3467 4437 3524 4488 ἐν
3551 4436 3616 4504 τῇ

2035 4551 2235 4623 καρδίᾳ.
2267 4565 2388 4618 μου.

429 4662 520 4715 27.
567 4659 726 4725 Veni,
785 4661 1052 4725 Domine,
1097 4669 1152 4713 ct
1205 4657 1450 4730 eompedi
1493 4672 1590 4712 eos
1629 4656 1732 4712 sub
1768 4655 1901 4726 pede

2103 4644 2196 4698 2'7.
2244 4639 2393 4694 Ἐλθὲ

2090 4737 2204 4790 όδας
2235 4749 2356 4790 μου.

2039 4749 2204 4798 πόδας
2235 4749 2356 4805 μου.

2401 4679 2414 4703 ,
2447 4635 2640 4707 Κύριε,
2669 4632 2764 4686 καὶ
2793 4627 3118 4700 συμπόδισον
3143 4624 3342 4686 αὐτοὺς
3373 4619 3479 4672 ὑπὸ
3495 4615 3618 4680 τοὺς

2109 4850 2292 4906 28-51.
2350 4845 2553 4916 Κύριε,
2593 4843 2649 4896 ἐν
2679 4840 2834 4910 τάχει
2877 4833 3228 4892 διασκέδασον
3275 4829 3478 4890 αὐτοὺς
3518 4823 3620 4878 ἀπὸ

2037 4943 2144 4998 τῶν
2182 4941 2278 4996 ἀνθ
2289 4940 2503 5012 ρώπων.

2115 5036 2205 5090 52.
2231 5035 2368 5096 Τοὺς
2401 5024 2802 5102 ἀπερῤιμένους
2831 5020 2938 5076 ἀπὸ
2974 5017 3068 5072 σοῦ
3102 5015 3398 5069 κατέπιαν.

2111 5129 2201 5191 55,
2233 5126 2320 5180 5.1.
2365 5119 2892 5192 Ἐχορτάσθ-ησαν,
2945 5110 3080 5166 ἀλλὰ
3117 5107 3226 5161 τῶν
3258 5101 3624 5174 ἁνομούντων.

2111 5219 2202 5274 55.
2239 5219 2402 5270 Ὅταν
2429 5213 2557 5284 ἔλθη
2591 5212 2773 5282 κρῖναι
2800 5207 2897 5278 τὴν
2924 5201 3270 5272 οἰκουμένην.

2113 5309 2201 5365 56.
2235 5308 2299 5359 Ἦ
2321 5305 2493 5376 τροφή
2534 5283 2636 5373 μου
2662 5340 2676 5362 ,
2707 5300 2777 5352 ἑν
2795 5297 2874 5362 τῷ
2895 5293 3151 5366 ὀφθῆναί
3167 5307 3268 5359 μοι
3300 5288 3418 5355 τὴν
3442 5283 3628 5347 δόξαν

2044 5420 2160 5456 σου
2186 5402 2242 5452 ἐν
2271 5397 2348 5468 τῷ
2385 5395 2630 5466 μέλλοντι
2659 5391 2848 5453 αἰῶνι,
2885 5386 3030 5442 ἐστὶν
3064 5386 3144 5446 εἰς
3175 5381 3235 5436 τὸ
3272 5382 3410 5455 ὁρᾷν
3438 5397 3504 5454 με
3534 5377 3628 5452 τὴν

2043 5495 2198 5560 δόξαν
2230 5508 2344 5544 σου.

1320 5635 1623 5698 Addenda
1661 5643 1723 5697 et
1756 5632 2132 5714 corrigenda
2181 5647 2260 5692 ex
2291 5627 2428 5688 cod.
2463 5622 2666 5686 Vatic.

451 5786 565 5859 (15)
603 5787 658 5840 "A
685 5783 1010 5872 ἐλάλησεν.
1042 5782 1160 5836 llaec
1193 5783 1417 5837 delenda
1441 5781 1708 5837 videnlur.
