3760 6384
142 343 223 401 7M
1086 346 1172 403 DE
1212 346 1485 406 TlTULlS
1526 349 1649 402 PsA
1666 344 2067 402 LMOBUM.-—-
2092 340 2283 397 PSAL.
2321 335 2483 394 xvu.
3254 321 3361 377 78‘3-

141 463 225 525 Eir;
252 458 312 512 τὸ
342 457 520 525 τέλος
578 459 661 525 τῷ
711 460 873 514 παιδὶ
916 463 1134 530 Κυρίου
1163 463 1241 529 τῷ
1272 465 1468 527 Δαῶδ,
1499 462 1536 515 ἃ
1568 462 1626 515 ἐν]

1873 485 1874 512 :
1907 466 1917 477 '
1937 461 2092 530 finem
2144 471 2301 525 puero
2323 495 2337 517 ,
2398 450 2611 505 Domini
2647 444 2844 509 David,
2879 456 2995 513 qua:
3025 438 3229 491 locum:
3283 444 3358 490 est

199 555 343 615 ,Ιησε
373 549 457 615 τῷ
491 553 691 620 Κυρίῳ
724 553 863 618 τοὺς
888 555 1105 624 λόγους
1148 554 1255 621 τῆς
1296 555 1449 623 ᾠδῆς
1480 555 1684 619 ταύτης

1876 553 2091 608 Domino
2121 548 2271 601 verba
2296 544 2487 598 cantici
2517 542 2671 610 hujus
2699 542 2754 592 in
2773 538 2875 600 die,
2901 551 3003 605 qua
3028 530 3216 600 eripuit
3245 544 3361 581 eum

202 644 262 697 ἐν
284 641 473 711 ἡμέρᾳ
499 639 542 713 ᾗ
574 617 868 711 ἐρρύσατο
897 617 1140 699 αὺτὸν-ό
1166 617 1381 713 υριος
1506 617 1687 714 χειρδς

1877 642 2123 694 Dominus
2159 638 2222 689 de
2254 652 2411 689 manu
2442 634 2673 685 omnium
2695 627 3025 682 inimicorum
3057 622 3190 690 ejus,
3229 626 3276 670 et
3300 617 3362 669 de

201 733 430 803 πάντων
450 734 578 787 τῶν
589 735 819 803 ἐχθρῶν
834 736 1036 801 αὐτοῦ,
1056 738 1150 790 καὶ
1174 739 1242 791 ἐκ
1263 736 1458 806 χειρὸς
1481 713 1686 789 Σαοὺλ

1496 713 1699 798 suam,
1867 746 2026 784 manu
2060 719 2731 791 Suul,etdixit:PSAL.
2786 713 2981 770 xm.

203 826 289 878 καὶ
316 821 492 879 εἴπεν
511 843 526 856 ο
569 830 745 881 ΨΑΛ.
772 830 896 881 IZ'.

205 918 250 971 1.
292 918 597 987 Ἀγαπὴσω
623 936 704 983 σε,
732 920 983 991 Κύριε,ή
1021 920 1172 989 ἰσχύς
1203 938 1325 990 μου.
1542 958 1547 964 -

1546 958 1547 962 η
1878 906 1928 959 l.
1963 904 2191 975 Diligam
2222 911 2294 967 te,
2322 901 2566 965 Domine,
2603 898 2862 954 fortitudo
2894 911 3031 950 mea.

203 1004 250 1060 2.
276 982 479 1078 Κύριος
494 982 602 1060 ’στε
612 1009 801 1079 ρέωμά
826 982 930 1080 ¹μου
953 982 1402 1081 ,’καί“καταφυγὴ
1446 1025 1545 1079 μου
1566 1048 1580 1071 ,
1608 1008 1688 1061 καλ

1877 998 1923 1051 Ξ.
1960 996 2217 1050 Dominus
2273 995 2669 1048 ﬁrmamentum
2727 1003 2904 1044 meum
2935 1028 2950 1054 ,
2998 995 3051 1041 et
3092 982 3362 1053 refugium

150 1094 325 1168 ῥύατης
354 1116 458 1168 μου
480 1138 496 1163 ν

1804 1101 2009 1139 meum.
2040 1093 2094 1137 et
2116 1084 2369 1137 liberator
2401 1095 2551 1134 meus
2568 1119 2581 1143 ,

210 1187 257 1240 5.
284 1166 511 1251 ήὉήΘεός
538 1206 665 1259 μου,
700 1190 891 1263 βοηθός
926 1210 1047 1263 μου,
1082 1193 1175 1246 καὶ
1206 1191 1374 1244 ὲλπιῶ
1397 1191 1482 1243 ἐπ’
1511 1189 1695 1243 αὐτόν·

1876 1176 1928 1229 ’5.
1967 1175 2107 1228 Deus
2137 1190 2311 1235 meus,
2343 1171 2555 1241 adjutor
2586 1184 2759 1231 meus,
2787 1176 2839 1222 et
2861 1166 3084 1234 sperabo
3113 1166 3164 1218 in
3193 1177 3315 1217 eum
3347 1177 3361 1215 :

203 1276 249 1329 4.
283 1256 734 1352 ’Υπερασξτιστήνς
766 1256 866 1352 μου
886 1323 900 1346 ,
927 1256 1033 1336 ’καὶ
1065 1283 1231 1354 κέρας
1256 1283 1526 1354 σωτηρίας
1577 1298 1688 1351 μου

1879 1267 1933 1321 4.
1968 1264 2249 1317 Proteetor
2276 1278 2449 1323 meus,
2477 1266 2530 1314 et
2553 1275 2723 1312 cornu
2757 1256 2948 1313 salutis
2981 1270 3131 1319 mea),
3159 1260 3213 1306 et
3241 1265 3364 1305 sus—

146 1367 222 1422 xal.
243 1368 420 1439 ἁντιλή
429 1389 593 1442 πτωρ
627 1390 752 1443 μου.

708 1392 752 1427 υ,
1807 1365 1995 1423 eeptor
2021 1370 2193 1408 meus.

200 1459 248 1512 5.
280 1460 453 1513 Αἱνῶν
500 1462 902 1534 ἐπικαλέσομαι
933 1464 1023 1517 τὸν
1080 1464 1282 1536 Κύριον
1305 1503 1320 1529 ,
1368 1463 1461 1517 καὶ
1491 1464 1554 1515 ἐκ
1598 1460 1685 1512 τῶπ

1882 1449 1925 1502 5.
1968 1446 2221 1500 Laudans
2266 1443 2528 1498 invocabo
2568 1441 2882 1505 Dominum,
2943 1446 2994 1492 et
3037 1438 3101 1491 ab
3132 1434 3367 1489 inimicis

146 1549 328 1621 ἐχθρῶν
364 1569 468 1622 μου
504 1553 848 1626 σωθήσομαι.

814 1574 848 1609 ι.
1808 1539 1943 1593 meis
1972 1539 2154 1593 salvus
2182 1552 2295 1590 ero.

200 1617 246 1695 6—.
281 1617 583 1713 Περιέσχον
613 1617 680 1715 με
717 1617 902 1711 ὧδῖνες
926 1648 1183 1712 Θανάτου,

1766 1670 1772 1678 .
1879 1630 1933 1683 6.
1965 1627 2454 1682 Circumdederunt
2487 1640 2572 1677 me.
2600 1623 2813 1677 dolores
2847 1619 3038 1674 mortis
3056 1617 3090 1682 ,'

202 1730 249 1786 7.
277 1734 382 1786 Καὶ
423 1713 726 1807 χείμαρροι
758 1740 983 1809 ἀνομίας
1015 1740 1337 1811 έξετάραξάν
1367 1757 1452 1811 με.

1879 1721 1933 1776 7.
1971 1720 2037 1774 Et
2065 1726 2334 1779 torrentes
2366 1716 2672 1786 iniquitatis
2698 1713 3160 1768 conturbaverunt
3189 1723 3295 1763 me.

198 1822 247 1878 8.
285 1826 484 1890 Ὠδῖνες
516 1828 649 1898 ᾇδου
680 1831 1124 1899 περιεκύκλωσάν
1156 1849 1243 1902 με’

1729 1819 1773 1873 Β
1878 1814 1931 1868 8.
1976 1812 2202 1866 Dolores
2227 1809 2421 1865 inferni
2450 1806 2923 1863 circumdederunt
2949 1819 3075 1857 me:

201 1917 247 1970 9.
284 1920 648 1988 Προέιρθατάν
690 1940 756 1991 με
793 1924 1012 1991 παγίδες
1041 1923 1292 1977 θανάτου.

1877 1903 1931 1958 9.
1961 1901 2481 1968 Precoccupaveruut
2509 1913 2594 1951 me
2625 1896 2802 1964 laquei
2838 1895 3050 1948 mortis.
3114 1941 3116 1944 .

201 2005 277 2059 i0.
295 1984 401 2060 Καὶ
413 1984 473 2061 ἐν
485 2008 564 2078 τῷ
579 1984 860 2063 θλίϐεσθαί
875 1984 938 2080 με
952 2011 1364 2082 ἐπεκαλεσάμην
1379 2011 1469 2064 τὸν
1485 2009 1685 2080 Κύριον

1883 1995 1966 2049 10.
1999 1993 2056 2048 In
2089 1992 2439 2048 tribulatione
2475 2005 2591 2043 mea
2622 1987 2866 2041 invocavi
2904 1984 3194 2039 Dominum
3226 2000 3241 2037 :

203 2096 280 2152 H.
310 2100 417 2153 Καὶ
448 2101 591 2171 πρὸς
621 2101 715 2152 τὸν
742 2088 872 2154 Θεόν
909 2118 1010 2171 μου
1045 2080 1331 2173 ἐκέκραξα.

1881 2090 1969 2143 il.
2001 2087 2068 2141 Et
2095 2087 2160 2141 ad
2196 2084 2365 2139 Deum
2397 2098 2575 2137 meum
2605 2080 2852 2135 clamavi.

202 2184 278 2240 ﬂ.
318 2190 603 2242 Ἤκουσεν
626 2192 694 2242 ἐκ
723 2190 848 2242 ναοῦ
877 2191 1030 2258 ἁγίου
1064 2171 1228 2243 αὐτοῦ
1260 2192 1443 2261 φωνῆς
1474 2203 1575 2259 μου
1595 2203 1609 2216 ”

1886 2178 1968 2233 1‘2.
2012 2176 2076 2233 Et
2124 2175 2400 2231 exaudivit
2440 2174 2508 2227 de
2561 2171 2758 2240 templo
2798 2177 2988 2224 sancto
3039 2183 3140 2224 suo
3186 2182 3371 2223 vocem

1811 2284 1985 2325 meam
2013 2287 2025 2321 Ξ

221 2412 232 2425 .
1251 2366 1632 2421 ATHANASII
1670 2362 2259 2420 IN'I‘ERPRETATIO.

211 2458 269 2512 Ἦ
301 2463 649 2534 προκειμένη
679 2464 956 2536 ἐπιγραφὴ
978 2464 1257 2537 περιέχει*
1296 2466 1401 2529 Εἰς
1427 2463 1492 2517 τὸ
1523 2463 1689 2528 τέλος
1713 2461 1793 2527 τῲ
1823 2460 1987 2515 παιδὶ
2012 2460 2231 2528 Κυρίου
2260 2456 2338 2523 τῷ
2359 2454 2535 2510 Δαϐίδ
2552 2470 2567 2486 ⁶
2596 2454 2892 2514 τουτέστιν,
2921 2450 2956 2504 ἃ
2981 2449 3239 2520 ἐλάλησεν
3265 2446 3374 2519 (15)

145 2549 222 2603 ἐπὶ
252 2553 390 2607 τέλει
420 2556 537 2608 τῶν
577 2555 795 2608 αἰώνων
821 2556 894 2626 τῷ
926 2556 1224 2610 δουλεύοντι
1255 2557 1333 2627 τῷ
1356 2556 1542 2629 Κυρίῳ
1565 2554 1674 2625 λαῷ
1706 2554 2069 2625 πεποθημένῳ
2087 2570 2101 2582 ο
2135 2551 2293 2606 τοῦτο
2316 2550 2423 2621 γὰρ
2447 2546 2679 2601 ἐνταῦθα
2710 2544 3066 2616 ἑρμηνεύεται
3086 2541 3167 2605 τὸ,
3192 2539 3374 2605 Δαδίδ.

146 2640 256 2698 Εἶτα
284 2648 362 2713 τὸ,
408 2653 479 2704 Ἀ
512 2651 793 2717 ἑλάλησε
818 2640 895 2717 τῷ
919 2653 1111 2721 Κυρίῳ
1134 2651 1274 2717 τοὺς
1301 2653 1520 2720 λόγους
1546 2650 1648 2718 τῆ(
1686 2649 1847 2718 ᾠδῆς
1889 2650 2106 2715 ταύτης
2131 2648 2203 2700 ἐν
2228 2644 2417 2715 ἡμέρᾳ
2444 2638 2483 2715 ᾖ
2514 2643 2804 2711 ἐρρύσατο
2839 2637 3025 2692 αὐτὸν
3064 2638 3278 2703 Κύριος
3307 2634 3377 2687 ἐκ

143 2742 316 2810 χειρὸς
338 2744 592 2799 πάντων
610 2745 737 2800 τῶν
756 2747 982 2816 ἐχθρῶν
1002 2748 1209 2809 αὐτοῦ,
1238 2749 1381 2819 φημὶ
1405 2748 1467 2817 δὴ
1493 2749 1600 2800 τῶν
1626 2745 1953 2817 ἀκαθάρτων
1988 2743 2319 2814 πνευμάτων
2351 2740 2616 2813 ἐρρύσατο
2640 2737 2819 2792 αὐτόν.
2852 2732 2983 2789 Εἶτα
3002 2753 3014 2766 ·
3039 2734 3147 2789 Καὶ
3170 2729 3379 2802 ἐχθρὸς

146 2829 219 2902 {Ex
245 2834 440 2907 χειρὸς]
478 2837 726 2889 Σαούλο
772 2837 906 2907 ὅπερ
936 2836 1292 2907 ἑρμηνεύεται
1336 2837 1430 2890 καὶ
1460 2836 1656 2906 χειρὸς
1688 2835 1794 2889 τοῦ
1836 2835 2113 2889 διαϐόλου
2134 2874 2149 2899 ,
2197 2833 2290 2887 τοῦ
2324 2834 2640 2904 αἰτουμένου
2673 2830 2849 2884 πάντα
2895 2828 3175 2899 ἄνθρωπον
3205 2827 3284 2890 εἰς
3318 2825 3380 2878 τὸ

144 2927 380 2995 πειρᾶται
402 2944 415 2956 ·
453 2927 624 2979 τοῦτο
655 2926 766 2998 γὰρ
794 2928 1154 2999 ἑρμηνεύεται
1197 2929 1259 2981 τὸ
1312 2929 1487 2982 Σαοὺλ
1512 2968 1525 2990 ,
1562 2929 1807 2996 αὶτητός
1846 2926 2143 2999 [αἰτητής].
2206 2924 2405 2989 Καθὼς
2436 2926 2601 2979 πάλαι
2630 2923 2957 2995 ἐπειράσατο
2984 2921 3075 2974 καὶ
3109 2919 3198 2973 τὸν
3238 2916 3378 2983 Ἰὼϐ,

146 3017 359 3089 ᾐτήσατο
387 3023 664 3095 πειρᾶσαι
696 3022 789 3074 καὶ
818 3023 943 3085 τοὺς
972 3024 1322 3087 ἀποστόλους,
1348 3024 1423 3087 ὡς
1446 3024 1474 3075 ὁ
1503 3022 1710 3094 Κύριος
1741 3023 1872 3076 αὐτὸ
1899 3023 2055 3077 τοῦτο
2082 3022 2160 3094 τῷ
2184 3022 2376 3094 Πέτρῳ
2401 3021 2548 3089 λέγει
2569 3039 2581 3053 ο
2627 3019 2836 3088 Πέτρε,
2876 3016 3056 3084 Πέτρε
3076 3054 3091 3079 ,
3127 3013 3384 3075 ποσάκις

147 3111 389 3181 ᾐτήσατο
422 3114 590 3185 ὑμᾶς
625 3118 659 3169 ό
684 3116 954 3182 Σατανᾶς
980 3117 1247 3171 ο-ινιᾶοναι
1277 3119 1356 3184 ὡς
1382 3119 1489 3171 τὸν
1516 3117 1724 3172 σῖτον]

206 3225 409 3284 Titulus
436 3231 776 3299 praepositus
798 3234 1037 3286 continet
1063 3252 1074 3287 :
1100 3232 1164 3286 In
1198 3234 1353 3301 ﬁnem
1379 3250 1538 3302 puero
1560 3234 1771 3289 Domini
1796 3233 1963 3288 David
1993 3248 2011 3288 :
2035 3232 2150 3289 Hoc
2171 3241 2274 3298 est,
2304 3233 2357 3287 in
2385 3232 2493 3286 fine
2527 3230 2848 3285 szeculorum
2880 3222 3132 3281 servienti
3159 3218 3386 3274 Domino

149 3324 327 3391 populo
355 3325 711 3380 desiderato.
769 3325 844 3379 Ita
877 3327 1022 3380 enim
1061 3330 1147 3381 hic
1174 3328 1559 3396 interpretatur
1586 3328 1775 3384 David.
1824 3330 2025 3385 Deinde
2055 3349 2068 3385 :
2101 3346 2218 3400 quae
2249 3329 2453 3383 locutus
2484 3335 2561 3380 est
2588 3323 2808 3378 Domino
2829 3317 2981 3372 verba
3007 3304 3197 3369 cantici
3229 3312 3385 3380 hujus
3451 3328 3454 3337 λ

151 3412 193 3460 iu
221 3411 319 3477 die,
358 3430 468 3483 qua
523 3415 729 3483 eripuit
762 3431 880 3467 eum
914 3415 1166 3469 Dominus
1202 3418 1265 3468 de
1300 3432 1461 3470 manu
1492 3419 1720 3471 omnium
1758 3419 2090 3473 inimicorum
2118 3423 2230 3488 ejus
2259 3458 2274 3482 ,
2304 3414 2710 3470 immundorum
2740 3455 2754 3481 ,
2790 3414 3009 3480 inquam
3036 3451 3053 3475 ,
3095 3404 3385 3475 spirituum

152 3501 375 3559 liberavit
412 3522 573 3561 etun.
612 3504 811 3560 Postea
840 3528 851 3561 :
877 3517 922 3559 et
952 3508 1016 3559 de
1054 3524 1214 3560 manu
1242 3507 1375 3561 Saul
1398 3523 1416 3561 :
1439 3510 1585 3579 quod
1619 3510 2002 3580 interpretatur
2021 3550 2035 3576 ,
2076 3520 2126 3564 et
2154 3511 2216 3564 de
2243 3526 2403 3562 manu
2431 3505 2653 3569 diaboli,
2690 3504 2782 3573 qui
2811 3502 2943 3571 petit
2969 3512 3184 3553 omnem
3215 3495 3391 3549 homi-

152 3612 253 3652 nem
280 3602 345 3655 ad
388 3619 523 3655 eum
561 3602 904 3656 tentandum.
970 3600 1098 3656 Saul
1128 3606 1271 3657 enim
1302 3603 1686 3673 interpretatur
1715 3608 1908 3675 petitus
1951 3605 2209 3678 [petitor].
2270 3602 2736 3671 Quemadmodum
2772 3599 2899 3652 olim
2933 3593 3156 3650 tentavit
3182 3600 3235 3645 et
3263 3590 3387 3653 Job,

151 3693 382 3760 expetivit
411 3700 637 3748 tentare
682 3693 845 3747 etiam
882 3695 1157 3764 apostolos
1182 3738 1196 3759 ,
1228 3695 1371 3749 sicut
1400 3694 1665 3753 Dominus
1694 3700 1799 3755 hoc
1845 3701 2023 3769 ipsum
2060 3697 2223 3753 Petro
2249 3697 2383 3751 dixit
2425 3715 2440 3751 ε
2483 3695 2668 3760 Petra,
2694 3691 2881 3755 Petre,
2929 3686 3129 3757 quoties
3157 3682 3389 3738 Satanas

151 3790 369 3853 expetivit
402 3807 520 3851 vos.
558 3800 618 3843 ut
652 3789 907 3843 cribraret
941 3791 1076 3843 sicut
1110 3790 1345 3843 triticum
1369 3790 1448 3843 ἰι

209 3875 251 3931 ί.
279 3879 450 3932 Πόθον
494 3877 811 3947 ἐνδείξομαι
840 3879 895 3929 ἐν
929 3879 1012 3931 σοὶ
1034 3916 1050 3941 ,
1074 3877 1244 3949 Κύριε
1268 3917 1283 3943 ,
1316 3879 1344 3930 ὁ
1369 3877 1621 3948 δυναμῶν
1657 3894 1694 3947 μ

1905 3877 1957 3931 1.
1981 3875 2246 3931 Aﬂectum
2277 3888 2460 3928 meum
2487 3870 2771 3928 ostendam
2804 3872 2856 3925 in
2890 3879 2961 3935 te,
2999 3869 3228 3925 Domine
3253 3910 3267 3933 ,
3299 3871 3390 3939 qni

154 3968 217 4031 εἰς
248 3973 423 4024 πᾶσαν
452 3969 761 4041 ἀρέσκειάν
787 3986 907 4039 μου.

1829 3971 1975 4026 vires
2000 3968 2134 4023 mihi
2171 3966 2365 4023 tribuis
2393 3966 2457 4020 ad
2486 3980 2702 4018 omnem
2729 3979 2904 4017 meam
2931 3963 3284 4017 voluntatem.

207 4059 256 4113 2.
284 4060 516 4135 Κύριος,
552 4059 896 4130 διαχωρίζων
926 4061 1020 4113 ἀπ’
1057 4059 1191 4131 ἐμοῦ
1226 4062 1405 4115 πᾶσαν
1442 4059 1692 4131 ἐπιϐουλὴ

1911 4064 1953 4117 2.
1987 4062 2250 4115 Dominus
2275 4074 2533 4129 separans
2556 4072 2583 4110 a
2610 4072 2696 4110 me
2722 4071 2910 4110 omnes
2956 4055 3183 4110 insidias
3216 4055 3396 4109 inimi-

153 4149 243 4204 τῶν
269 4154 483 4225 ἐχθρῶν
516 4171 625 4224 μου
647 4193 665 4217 ,
705 4153 765 4205 ὃν
794 4153 995 4223 τρόπον
1022 4152 1330 4224 διαχωρίζει
1352 4152 1411 4205 τὸ
1445 4151 1638 4223 στερέυ.

1913 4170 2021 4208 rum
2052 4167 2323 4217 meorum,
2348 4149 2806 4220 quemadmodum
2834 4149 3232 4203 firmamentum
3262 4148 3398 4201 divi-

155 4242 399 4315 ἀναμέσον
431 4246 640 4307 ὓδατος
667 4245 765 4297 καὶ
790 4243 958 4297 ὕδατι.

948 4285 958 4297 ο
1830 4249 1913 4302 dit
1942 4262 2114 4316 aquas
2146 4246 2215 4299 ab
2252 4244 2431 4313 aquis.

211 4338 257 4391 5.
298 4338 355 4391 ’0
376 4338 521 4399 Θεός
556 4353 663 4406 μου
691 4333 939 4403 ἀφαιρῶν
965 4333 1059 4387 ἀπ’
1102 4332 1235 4403 ἐμοῦ
1265 4333 1373 4387 πᾶν
1404 4332 1568 4405 βάρος
1587 4371 1601 4396 ,
1632 4350 1696 4386 κο

1909 4339 1957 4392 5.
1994 4337 2139 4392 Deus
2192 4350 2349 4389 meus
2379 4331 2633 4388 auferens
2675 4344 2706 4383 a
2742 4345 2829 4389 me
2873 4345 3034 4384 omne
3068 4329 3314 4398 pondus,
3346 4338 3394 4383 et

155 4427 321 4484 ἑλπιῶ
343 4432 439 4486 ἐπ’
466 4430 686 4487 αὐτόν.

1833 4427 2052 4496 sperabo
2090 4426 2145 4477 in
2179 4438 2316 4478 eum.

210 4522 258 4575 6.
281 4523 619 4593 Σκεπαστής
642 4538 768 4591 μου,
797 4520 891 4573 καὶ
915 4519 1163 4591 βασιλεὺς
1186 4521 1283 4591 τῆς
1305 4519 1578 4591 σωτηρίας
1607 4535 1695 4589 μοι

1912 4519 1961 4572 ι.
1989 4516 2253 4572 Defensor
2275 4531 2429 4571 meus
2453 4556 2467 4580 ,
2502 4524 2561 4570 et
2584 4532 2677 4570 rex
2716 4513 2910 4570 salutis
2940 4526 3093 4577 meae,
3123 4521 3175 4565 et
3201 4510 3397 4565 vindex

155 4614 234 4666 καὶ
262 4615 551 4670 ἁντιποιού
561 4613 726 4684 μενος
756 4630 876 4683 μου.
1835 4622 2009 4661 meus.

214 4705 260 4759 5.
288 4708 428 4779 Περὶ
461 4705 580 4760 τῶν
615 4704 943 4775 ἀκαθάρτων
976 4705 1298 4774 πνευμάτων
1327 4702 1493 4770 λέγει.

1909 4699 1963 4753 5.
1998 4698 2071 4751 De
2103 4696 2401 4750 immundis
2436 4696 2719 4766 spiritibus
2750 4696 3009 4764 loquitur.

140 4848 143 4851 λ
215 4796 264 4850 6.
289 4798 464 4871 Πέριξ
506 4799 613 4870 τῆς
645 4798 825 4867 ψυχῆς
861 4812 963 4866 μου
1021 4797 1353 4867 συνέστησαν
1393 4797 1447 4848 αἱ
1500 4797 1622 4848 ἐναν

1917 4785 1965 4838 Β.
1995 4784 2151 4838 Circa
2182 4784 2420 4837 animam
2457 4799 2631 4837 meam
2674 4785 3037 4839 constiterunt
3080 4782 3402 4839 adversaria:

156 4885 416 4960 δυνάμεις.

1838 4884 2151 4944 potestates.

218 4980 267 5035 7.
304 4983 393 5045 Ὡς
424 4979 685 5054 ῥεύματα
715 4975 945 5040 ὑδάτων,
972 4975 1142 5039 οὕτως
1167 4975 1462 5047 ἐνέρρηξάν
1485 4993 1594 5047 μοι.

1913 4965 1963 5020 7.
1983 4964 2266 5033 Tanquam
2286 4980 2550 5034 aquarum
2564 4964 2783 5032 ﬂuctus,
2801 4965 2873 5019 ita
2895 4965 2946 5017 in
2966 4979 3051 5018 me
3068 4963 3397 5031 irruperunt.

215 5073 265 5128 8.
298 5075 410 5127 Kal.
442 5066 785 5141 ἐνθυμήσεις
843 5068 1140 5133 οκοτειναὶ,
1167 5068 1261 5122 καὶ
1293 5069 1548 5138 ζοφώδεις
1581 5086 1700 5140 περι

1920 5059 1966 5113 Β.
2003 5057 2071 5113 Ει
2114 5058 2418 5112 tenebrosa:
2438 5098 2453 5124 ,
2498 5066 2552 5111 et
2579 5057 2889 5126 caliginosae
2919 5055 3275 5122 cogitationes
3306 5069 3405 5108 eo:

157 5161 462 5215 εκύκλωσαν
490 5162 591 5232 τὴν
621 5156 856 5229 καρδίαν
889 5175 1013 5227 μου.

1763 5228 1793 5232 Α
1842 5167 2024 5207 meum
2058 5150 2549 5205 circumdederunt.

214 5252 265 5307 9.
304 5228 802 5327 Ἐκραταιώθησαν
833 5249 971 5320 ὑπὲρ
999 5249 1098 5321 ³μέ
1130 5250 1186 5302 αἱ
1222 5249 1328 5302 τῶν
1358 5250 1611 5305 ἐναντίων
1637 5251 1697 5304 δυ

1919 5243 1958 5297 ).
1991 5240 2343 5295 Invalueruut
2369 5253 2534 5308 super
2572 5254 2658 5292 me
2697 5236 3129 5291 adversariarum
3172 5244 3404 5306 potesta-

157 5342 355 5412 νάμεων
389 5345 644 5412 παγίδες.
971 5407 976 5412 _

971 5407 976 5412 _
1830 5345 1945 5391 tum
1980 5334 2176 5403 laquei.

218 5407 301 5490 ιο.
332 5438 430 5498 Εἰς
466 5407 728 5507 βοήθειάν
759 5450 881 5503 μου.
969 5407 976 5426 ’

1916 5427 2002 5483 10.
2040 5426 2098 5479 1η
2135 5425 2396 5480 auxilium
2434 5438 2633 5477 meum.

222 5526 304 5579 11.
352 5529 445 5581 Ἐν
472 5528 622 5597 πόνῳ
655 5526 759 5596 τῆς
791 5524 1019 5595 καρδίας
1050 5542 1149 5595 μου
1176 5526 1395 5597 ἐϐόησα.

1916 5523 2005 5576 il.
2040 5521 2102 5574 In
2134 5520 2320 5573 labore
2346 5517 2528 5572 cordis
2553 5515 2660 5571 mei
2696 5512 2948 5570 clamavi.

220 5616 302 5671 12.
337 5619 444 5672 -Ἐκ
475 5618 571 5672 τοῦ
604 5615 842 5687 ούρανοῦ
863 5614 1026 5685 λέγει.

965 5633 1026 5670 ει.
1913 5612 1999 5667 12.
2036 5611 2112 5667 De
2140 5610 2278 5666 caelo
2304 5607 2450 5663 dicit.

219 5706 256 5738 ¹¹
295 5707 431 5764 Luc.
468 5726 606 5772 χχιι,
643 5709 737 5762 5|.
