3760 6270
293 198 403 258 ’105
1146 208 1204 263 5.
1247 209 1622 267 ATHANASII
1658 210 1778 269 OPP

2096 210 2159 265 ll.
2193 239 2263 253 --
2298 207 2707 266 EXEGETICA.
3448 207 3577 263 ’Καὶ

369 320 457 376 15.
488 319 555 375 Et
581 322 791 379 clamor
822 341 977 382 meus
1025 327 1079 382 in
1110 342 1405 401 conspectu
1435 332 1556 403 ejus
1579 375 1596 401 ,
1625 334 1854 391 introibit

2081 333 2129 387 5.
2157 332 2269 385 Kal
2294 332 2328 402 ἡ
2359 331 2589 402 κραυγή·
2605 346 2705 401 μου
2738 328 2971 385 ἐνώπιον
2995 330 3157 386 αὐτοῦ
3186 292 3566 385 εἰσελεύσεται

296 411 353 468 In
380 427 545 469 aures
571 416 709 484 ejus.

1970 423 2051 486 εἰς
2080 420 2148 475 τὰ
2176 419 2290 473 ὦτα
2326 419 2511 474 αὑτοῦ.

373 501 458 555 14.
498 502 562 558 Et
590 517 860 561 commota
896 517 998 574 est,
1030 518 1083 563 et
1107 515 1436 568 contremuit
1468 525 1643 581 terra;

2044 512 2133 566 H.
2171 512 2283 565 Kal
2312 510 2609 580 ἐσαλεύθη,
2639 510 2731 564 καὶ
2761 509 3019 582 ἔντρομος
3046 510 3276 582 ἐγενήθη
3309 512 3342 583 ἡ
3375 512 3447 583 γῆ
3470 530 3483 544 ·

373 594 461 649 15.
496 594 561 650 Ει
587 596 935 654 fundamenta
969 603 1233 657 montium
1265 607 1584 662 conturbata
1615 617 1762 663 sunt.

2048 606 2138 660 15.
2172 603 2283 656 Kal
2306 604 2375 658 τὰ
2404 603 2626 675 θεμέλια
2653 602 2760 656 τῶν
2784 603 2953 673 ὀρέων
2980 602 3387 674 ἐταράχθησαν,

372 684 457 740 16.
497 686 561 740 Ει
584 698 857 743 commota
889 701 1051 757 sunt;
1087 695 1348 762 quoniam
1384 696 1559 752 iratus
1581 708 1663 753 est
1692 700 1790 754 eis.

2048 696 2134 751 16.
2172 696 2280 748 Καὶ
2305 695 2671 764 ἐσαλεύθησαν
2690 712 2703 725 ο
2732 696 2813 748 ὄτι
2834 693 3077 766 ὠργίσθη
3112 695 3313 758 αὐτοῖς.

373 774 459 829 17.
489 776 747 832 Ascendit
773 777 957 835 fumus
989 782 1042 836 in
1069 784 1149 838 ira
1186 785 1342 853 ejus;

2047 787 2135 841 17.
2180 784 2374 855 Ἀνέϐη
2405 785 2610 848 καπνὸς
2636 785 2692 837 ἐν
2718 783 2853 855 ὀργῇ
2893 780 3086 837 αὐτοῦ·

369 864 456 918 18.
499 864 564 919 Et
590 867 732 936 ignis
761 884 791 922 a
819 868 956 925 faeie
985 872 1103 941 ejus
1132 877 1466 942 exardescet,

2085 877 2137 930 8.
2159 876 2267 931 Kal
2286 875 2396 947 πῦρ
2424 875 2531 928 ἀπὸ
2557 873 2846 946 προσώπου
2866 872 3031 927 αὐτοῦ
3049 872 3533 943 καταφλεγείισεται
3547 888 3570 901 ·

374 956 462 1011 19.
497 957 772 1033 Carboncs
812 965 1060 1019 succensi
1090 975 1218 1021 sunt
1246 969 1315 1021 ab
1345 984 1429 1024 eo.

2051 970 2140 1024 19.
2177 967 2479 1040 Ἀνθρακες
2506 967 2824 1039 ἁνήφθησαν
2849 967 2945 1020 ἀπ’
2967 966 3152 1020 αὑτοῦ.

368 1049 458 1102 20.
491 1048 554 1103 Et
579 1051 859 1108 inclinavit
887 1056 1075 1119 caelos,
1115 1066 1169 1111 et
1190 1059 1471 1116 descendit
1505 1079 1519 1116 :

2046 1060 2137 1114 20.
2172 1058 2284 1112 Kal
2309 1058 2516 1112 ἔκλινεν
2548 1060 2829 1130 οὐρανοὺς,
2872 1061 2966 1110 καὶ
2994 1056 3231 1129 κατέ6η’

371 1138 459 1193 21.
492 1140 554 1194 Et
579 1142 756 1214 caligo
786 1146 890 1200 sub
923 1148 1149 1215 pedibus
1178 1149 1316 1217 ejus.

2043 1151 2133 1204 21.
2171 1150 2278 1203 Kal
2304 1151 2499 1219 γνόφος
2530 1151 2632 1203 ὑπὸ
2658 1152 2783 1214 τοὺς
2807 1150 2969 1213 πόδας
2997 1148 3182 1202 αὑτοῦ.

367 1230 456 1284 22.
498 1230 563 1285 Ει
585 1236 834 1289 ascendit
862 1252 1025 1307 super
1050 1239 1354 1305 cherubim,
1384 1250 1439 1297 et
1459 1242 1660 1297 volavit
1683 1261 1699 1310 ;

2045 1240 2137 1296 22.
2168 1242 2277 1293 Kal
2303 1240 2475 1311 ἐπέϐη
2510 1241 2603 1293 ἐπὶ
2631 1241 2916 1311 χερουῶμ,
2953 1240 3046 1293 καὶ
3075 1237 3345 1312 ἐπετάσθη
3364 1255 3382 1271 ο

371 1321 463 1377 25.
496 1323 710 1380 Volavit
738 1343 904 1397 super
941 1345 1148 1399 pennas
1172 1341 1478 1388 ventorum.

2044 1334 2134 1387 25.
2172 1333 2474 1404 Ἐπετάσθη
2505 1333 2600 1386 ἐπὶ
2628 1332 2912 1405 πτερύγων
2939 1332 3175 1402 ἀνέμων.

374 1414 464 1470 21.
499 1414 565 1471 Ει
597 1420 781 1488 posuit
803 1422 1090 1487 tenebras,
1118 1424 1403 1481 latibulum
1432 1443 1592 1482 suum
1622 1445 1636 1481 :

2043 1424 2133 1477 24.
2160 1424 2272 1477 Kal
2301 1423 2452 1477 ἔθετο
2478 1424 2666 1486 σκότος
2689 1424 3011 1494 ἀποκρυφὴν
3037 1421 3201 1476 αὐτοῦ
3218 1437 3233 1452 ⁸

374 1507 464 1562 25.
506 1508 562 1564 1η
592 1512 823 1568 circuitu
853 1515 972 1584 ejus
999 1518 1407 1573 tabernaculum
1439 1520 1559 1589 ejus
1580 1560 1595 1584 ,

1580 1560 1595 1584 ,
2044 1515 2134 1569 2’3.
2173 1514 2373 1586 Κύκλῳ
2400 1514 2565 1569 αὐτοῦ
2591 1518 2623 1585 ἡ
2652 1514 2823 1587 σκηνὴ
2847 1514 3009 1567 αὑτοῦ
3030 1554 3045 1579 ,

372 1596 464 1651 26.
498 1597 807 1659 Tenebrosa
842 1621 981 1675 aqua
1023 1607 1076 1661 in
1111 1609 1350 1664 nubibus
1382 1610 1544 1665 aeris.

2044 1606 2133 1661 26.
2164 1606 2442 1662 Σκοτεινὸν
2476 1606 2621 1678 ὕδωρ
2647 1609 2703 1661 ἐν
2727 1607 2979 1676 νεφέλαις
3007 1606 3200 1677 ἀέρων.

372 1687 462 1743 27.
492 1690 609 1747 Prae
635 1693 846 1767 fulgore
873 1698 928 1752 in
957 1710 1251 1770 conspectu
1292 1702 1412 1772 ejus
1438 1702 1611 1757 nubes
1643 1701 1857 1756 transie-

2088 1701 2137 1755 7.
2192 1700 2325 1753 Ἀπὸ
2376 1703 2473 1771 τῆς
2500 1700 2888 1772 τηλαυγήσεως
2920 1699 3149 1754 ἐνώπιον
3179 1699 3361 1754 αύτοῦν
3380 1700 3439 1754 al
3471 1715 3573 1753 νε·-

300 1788 460 1844 runt,

1979 1786 2138 1856 φέλαι
2164 1785 2376 1855 διῆλθον
2396 1824 2410 1849 ,

367 1870 456 1927 28.
490 1872 731 1941 Grando,
772 1887 827 1933 et
861 1881 1126 1938 carbones
1151 1883 1311 1952 ignis.

2049 1878 2139 1932 28.
2179 1878 2423 1943 Χὰλαζα,
2454 1877 2549 1931 καὶ
2578 1877 2846 1949 ἄνθρακες
2877 1878 3065 1950 πυρός.

371 1962 461 2019 29.
496 1965 564 2021 Et
595 1968 822 2024 intonuit
864 1973 930 2027 de
957 1975 1098 2029 caelo
1132 1973 1432 2031 Dominus:

2050 1969 2141 2026 29.
2172 1969 2282 2024 Kal
2307 1969 2627 2041 ἐϐρόντησεν
2655 1968 2713 2034 ἐξ
2744 1970 2972 2040 ούρανοῦ
3006 1971 3032 2022 ό
3068 1968 3302 2041 Κύριοςο

373 2056 463 2113 50.
492 2057 557 2114 Et
584 2060 901 2119 Altissimus
928 2066 1074 2120 dedit
1099 2081 1288 2121 vocem
1318 2083 1473 2123 suam
1506 2085 1520 2122 :

2053 2062 2140 2117 50.
2176 2062 2286 2114 Kal
2314 2063 2342 2114 ὁ
2372 2060 2631 2129 Ὕψιστος
2660 2060 2825 2114 ἔδωκε
2864 2060 3047 2132 φωνὴν
3080 2059 3241 2113 αὐτοῦ
3262 2076 3276 2089 ·

373 2151 462 2206 51.
495 2151 643 2208 Misit
678 2156 904 2223 sagittas
926 2172 1092 2224 suas;
1127 2169 1182 2213 et
1214 2159 1498 2229 dissipavit
1527 2175 1661 2215 eos:

2051 2156 2140 2210 51.
2189 2154 2564 2221 Ἐξαπέστειλε
2594 2143 2752 2228 βέληξ
2788 2156 2881 2209 καὶ
2907 2156 3226 2227 ἐσκόρπισεν
3252 2153 3451 2217 αύτούς
3470 2169 3485 2185 ·

372 2241 461 2296 52.
495 2241 560 2297 Ει
599 2243 815 2315 fulgura
851 2248 1263 2319 multiplicavit;
1300 2258 1355 2304 et
1385 2249 1731 2305 conturbavit
1753 2262 1857 2304 eos.

2087 2247 2139 2300 2.
2173 2247 2285 2299 Kal
2337 2246 2622 2317 ἀστραπὰς
2675 2245 2943 2318 ἐπλήθυνε
2969 2286 2985 2311 ,
3051 2246 3144 2300 καὶ
3203 2244 3572 2318 συνετάραξεν

1980 2335 2192 2399 αὐτούς.

371 2424 462 2481 55.
502 2425 570 2481 Ει
602 2440 975 2499 apparuerunt
1006 2430 1183 2488 fontes
1205 2448 1511 2504 aquarum;

1945 2455 1949 2459 υ
2052 2431 2143 2485 55.
2174 2430 2285 2485 Kal
2314 2429 2574 2502 ὤφθησαν
2600 2430 2659 2483 al
2687 2430 2859 2502 πηγαὶ
2888 2430 2999 2484 τῶν
3036 2429 3243 2485 ὑδάτων
3261 2446 3273 2459 ·

1428 2567 1807 2625 ATHANASII
1844 2567 2428 2625 INTEBPBETATIO.

379 2739 460 2799 l5.
489 2741 779 2802 Perveniat
806 2748 873 2803 ad
904 2764 1027 2805 eum
1060 2752 1386 2821 supplicatio
1417 2768 1538 2809 mea
1563 2793 1580 2822 ,
1609 2763 1662 2809 et
1699 2766 1864 2808 exau-

2088 2751 2138 2807 5.
2163 2749 2430 2804 Φθασάτω
2458 2750 2592 2822 πρὸς
2617 2749 2775 2804 αὐτὸν
2799 2752 2830 2822 ἡ
2857 2750 3035 2803 ἱκεσία
3058 2767 3180 2820 μου,
3204 2749 3299 2804 καὶ
3318 2750 3573 2805 εἰσακου-

299 2834 438 2891 diar.

1981 2843 2149 2915 σθήσο
2156 2861 2269 2915 μαι.

376 2926 459 2983 14.
487 2926 789 2987 Terrestria
815 2951 829 2999 ;

1905 2990 1947 3006 Α
2058 2935 2145 2990 14.
2181 2934 2262 2988 Τὰ
2294 2934 2643 3006 καταχθόνια.

373 3021 462 3078 15.
487 3020 795 3080 Potestates
835 3027 1068 3082 inimici.

1902 2990 1949 3053 ο
2049 3026 2138 3080 15.
2171 3025 2237 3078 Al
2260 2990 2517 3096 δυνάμεις
2537 3025 2629 3078 τοῦ
2658 3024 2876 3097 ἐχθροῦ.

372 3112 462 3167 16.
491 3113 952 3173 Contremuerunt
983 3119 1409 3176 comminatione
1438 3122 1579 3192 ejus.

2084 3115 2136 3170 6.
2164 3117 2441 3187 Ἔντρομα
2482 3115 2801 3186 γεγένηνται
2835 3115 2923 3169 διὰ
2965 3117 3063 3189 τὴν
3097 3116 3321 3188 ἀπειλὴν
3368 3115 3561 3171 αὐτοῦ.

372 3205 462 3261 17.
498 3205 866 3277 Defecerunt,
924 3210 1203 3280 perierunt
1234 3213 1542 3282 daemones,
1617 3222 1857 3285 tanquan

2047 3212 2134 3267 17.
2178 3213 2472 3277 Ἑξέλιπον,
2499 3210 2775 3265 ἀπώλοντο
2800 3214 2847 3265 οἱ
2880 3211 3131 3283 δαίμονες
3153 3211 3226 3274 ὡς
3256 3211 3483 3275 καπνός.

302 3294 508 3352 fumus.

378 3387 463 3442 18.
520 3388 775 3448 Videntes
825 3394 971 3449 enim
1014 3396 1304 3453 Dominum
1354 3398 1410 3453 in
1459 3399 1697 3453 adventu
1734 3397 1863 3468 ejus,

2087 3395 2137 3449 8.
2190 3395 2455 3467 Ὀρῶντες
2489 3393 2597 3466 γὰρ
2630 3395 2721 3447 τὸν
2750 3394 2955 3463 Κύριον
2979 3396 3036 3447 ἐν
3061 3397 3126 3465 τῇ
3161 3393 3434 3465 παρουσίᾳ
3468 3392 3572 3447 αὐε-

302 3493 628 3538 exarseruut
652 3500 682 3540 a
715 3485 853 3542 facie
880 3488 1073 3558 ipsius.

1976 3484 2094 3549 τοῦ,
2125 3486 2373 3539 ἐκαίοντο
2391 3484 2498 3537 ἀπὸ
2530 3484 2625 3537 τοῦ
2658 3483 2950 3556 προσώπου
2986 3482 3168 3538 αὐτοῦ.

373 3572 460 3629 19.
495 3575 789 3635 Sermones
821 3579 1062 3637 Domini.
1540 3576 1553 3589 ’

1540 3576 1553 3589 ⁴
2050 3577 2136 3633 19.
2175 3577 2239 3630 υἱ
2267 3576 2414 3646 λόγοι
2439 3576 2533 3630 τοῦ
2565 3577 2792 3647 Κυρίου.

371 3665 462 3723 20.
494 3667 559 3725 Et
594 3672 814 3728 advenit
844 3674 899 3729 in
927 3686 1126 3732 terram
1145 3719 1160 3743 ,
1194 3687 1248 3733 et
1274 3678 1551 3748 implevit,
1576 3676 1721 3748 quod
1750 3691 1856 3747 pro

2089 3670 2284 3725 0..Kal
2317 3669 2645 3741 παρεγένετο
2673 3669 2766 3723 ἐπὶ
2788 3670 2886 3740 τῆς
2912 3670 3017 3741 γῆς
3038 3711 3053 3735 ,
3087 3669 3182 3724 καὶ
3206 3668 3574 3739 πεπλήρωκεν

302 3758 547 3815 miserat.

1977 3762 2006 3815 ὃ
2040 3760 2426 3832 ἐπηγγείλατο.

373 3852 464 3906 21.
493 3853 680 3927 Caligo
714 3859 967 3915 diabolus
992 3869 1096 3916 est.

2049 3854 2140 3909 21.
2179 3855 2418 3922 Γνόερος
2446 3854 2474 3905 ὁ
2504 3852 2748 3914 διάϐολός
2780 3856 2944 3906 ἐστιν.

374 3942 466 4009 22,
497 3946 587 4001 25.
618 3949 911 4004 Cheruhitn
950 3953 1342 4022 interpretatur
1369 3955 1595 4024 cognitio
1615 3993 1630 4018 ,
1658 3963 1710 4009 et
1732 3954 1859 4008 intel

2087 3947 2141 4013 2,
2174 3946 2264 4001 25.
2306 3944 2589 4016 Χερουϐὶμ
2619 3945 2979 4016 ἑρμηνεύεται
3020 3946 3241 4014 γνῶσις
3285 3945 3381 3999 καὶ
3419 3943 3572 3997 σύν-

303 4031 525 4104 ligentia
549 4054 567 4091 :
592 4053 757 4108 super
778 4042 958 4110 justos
991 4045 1157 4111 igitur
1195 4047 1327 4101 dicit
1353 4088 1369 4110 .
1402 4049 1545 4116 quod
1598 4051 1788 4103 ascend

2087 4055 2131 4104 ς·
2152 4040 2232 4102 εἰς
2257 4039 2385 4101 τοὺς
2406 4037 2648 4098 δικαίους
2676 4032 2768 4090 οὖν
2797 4036 2965 4104 λέγει,
2995 4037 3076 4090 ὅτι
3098 4035 3281 4103 ἐπέϐη
3301 4053 3315 4063 ·
3342 4035 3437 4088 καὶ
3459 4034 3572 4105 γὰρ

300 4130 504 4182 etenim
538 4130 786 4187 similiter
815 4138 1185 4204 apostolorum
1230 4140 1444 4194 animas
1496 4148 1669 4194 ventos
1721 4141 1785 4197 di:

2083 4131 2241 4200 ytovc
2261 4129 2359 4192 τὰς
2381 4128 2561 4199 ψυχας
2580 4127 2688 4181 τῶν
2711 4127 3021 4181 ἀποστόλων
3043 4127 3265 4198 εἴρηκεν
3284 4127 3568 4189 ὡσαύτως.

373 4221 465 4276 24.
497 4221 866 4280 Tenebrarum
901 4227 1044 4284 ﬁlios
1073 4244 1104 4284 a
1139 4246 1198 4287 se
1228 4231 1568 4293 abalienavit.

2053 4224 2143 4279 24.
2176 4224 2315 4287 Τοὺς
2341 4223 2435 4276 τοῦ
2466 4224 2689 4286 σκότους
2716 4220 3157 4293 ἀπηλλοτρίωσεν
3185 4218 3399 4274 ἑαυτοῦ.

371 4313 465 4368 23.
497 4314 709 4371 Fideles
732 4317 852 4387 ejus

1910 4350 1953 4404 D
2054 4315 2143 4370 25.
2179 4316 2242 4369 Οἱ
2272 4314 2452 4368 πιστοὶ
2476 4313 2660 4371 αὐτοῦ.

371 4402 462 4458 26.
503 4402 697 4462 Sermo
725 4411 1107 4479 parabolarum
1139 4414 1192 4469 in
1222 4418 1521 4488 prophetis.

2082 4408 2143 4463 ιθ.
2187 4408 2246 4461 Ὀ
2291 4407 2447 4476 λόγος
2490 4407 2598 4460 τῶν
2639 4406 2961 4479 παραϐολῶν
2993 4408 3050 4460 ἐν
3095 4407 3209 4471 τοῖς
3240 4406 3567 4478 προφήταις.

375 4496 468 4551 27.
497 4499 639 4555 Ante
661 4504 950 4558 adventum
981 4506 1153 4575 ipsius
1182 4508 1397 4565 Domini
1428 4528 1608 4569 sermo
1650 4516 1860 4585 propinet

2084 4502 2142 4555 ;'7.
2176 4501 2290 4572 Πρὸ
2321 4498 2422 4570 τῆς
2454 4499 2755 4571 παρουσίας
2786 4499 2950 4553 αὐτοῦ
2987 4498 3081 4552 τοῦ
3120 4498 3324 4569 Κυρίου
3346 4498 3376 4553 ὁ
3415 4496 3569 4565 λόγος

303 4593 483 4642 tarum
522 4593 899 4662 promulgatus
929 4605 1030 4650 est.

1982 4592 2090 4645 τῶν
2125 4591 2419 4663 προφητῶν
2448 4592 2853 4662 προεκήρηττεν
2882 4587 3340 4662 [προεκηρύχθη].

375 4680 466 4735 28.
496 4680 788 4740 Sermones
810 4688 1197 4755 prophetarum
1229 4692 1521 4764 signiﬁcat,
1546 4697 1638 4767 qui
1662 4699 1860 4767 quiden

2087 4684 2140 4738 8.
2203 4683 2343 4745 Τοὺς
2389 4682 2580 4750 λόγους
2614 4682 2762 4750 λέγει
2796 4682 2902 4734 τῶν
2937 4681 3264 4753 προφητῶν,
3300 4678 3570 4753 σκληροὺς

307 4770 430 4826 duri
461 4784 638 4840 erant,
667 4787 955 4835 exurentes
991 4791 1173 4837 autem
1206 4796 1531 4853 peceatores.

1990 4776 2087 4847 μὲν
2120 4774 2299 4837 ὄντας,
2331 4774 2583 4834 καίοντας
2608 4774 2665 4826 δὲ
2693 4776 2816 4838 τοὺς
2842 4774 3267 4844 ἁμαρτάνοντας.

376 4863 467 4919 29.
500 4863 743 4922 intonuit
773 4866 1009 4939 Spiritus
1035 4883 1261 4931 sanctus
1283 4877 1573 4931 adventum
1602 4893 1785 4939 suum.

2077 4867 2145 4921 19.
2181 4866 2493 4937 Ἐὅρόντισε
2522 4864 2583 4918 τὸ
2611 4865 2764 4935 ἆγιον
2814 4865 3038 4937 Πνεῦμα
3066 4865 3163 4938 τὴν
3186 4864 3382 4919 ἐαυτοῦ
3417 4881 3562 4937 παρ-

1986 4959 2193 5013 ουσίαν.

378 5041 466 5096 50.
501 5044 810 5115 Apostolos.

2059 5050 2149 5105 50.
2186 5050 2325 5113 Τοὺς
2358 5049 2705 5114 ἀποστόλους.

380 5135 475 5192 51.
502 5137 793 5205 Apostolos
823 5153 1011 5199 contra
1043 5145 1342 5201 daemones.

2059 5143 2148 5198 51.
2175 5143 2313 5205 Τοὺς
2341 5142 2671 5206 ἀποστόλους
2703 5141 2843 5195 κατὰ
2869 5140 2978 5194 τῶν
3006 5140 3293 5211 δαιμόνων.

379 5228 467 5281 52.
516 5227 935 5298 Μιιιιίριίεαι·ἱι,
1003 5236 1199 5307 inquit,
1249 5237 1575 5307 loquentibus
1634 5237 1864 5307 apostoli

2086 5235 2149 5289 i2.
2175 5233 2535 5300 Ἔπλήθυνε,
2563 5233 2730 5302 λέγει,
2754 5232 2821 5285 τὸ
2844 5233 3052 5286 λαϐεῖν
3082 5231 3180 5304 [τῷ
3201 5230 3405 5303 λαλεῖν]
3433 5230 3571 5296 τοὺς

308 5317 471 5373 uariis
502 5318 729 5387 liuauis,
762 5336 918 5392 prout
949 5325 1185 5396 Spiritus
1208 5329 1370 5382 dabat
1401 5328 1573 5398 eloqui
1601 5328 1709 5381 illis
1725 5330 1790 5381 ’².

2085 5325 2371 5391 υστόλους
2396 5324 2623 5392 ἑτέραις
2649 5324 2984 5395 γλώσσαις,
3016 5323 3207 5390 καθὼς
3232 5323 3297 5378 τὸ
3329 5323 3570 5393 Πνεῦμα

1988 5422 2189 5476 ἐδίδου
2216 5423 2420 5489 αὐτοῖς
2447 5423 2943 5495 ἀποφθέγγεσθαι.

380 5496 469 5562 55,
496 5497 583 5552 54.
628 5499 693 5555 Et
717 5511 1119 5559 concurrerunt
1142 5520 1335 5561 omnes
1354 5549 1369 5575 ,
1393 5512 1449 5563 et
1477 5504 1730 5562 admirati
1759 5521 1863 5561 sun

2085 5513 2149 5580 i3,
2194 5514 2282 5569 54.
2337 5516 2447 5570 Kal
2496 5514 2835 5589 σύνεδραμον
2863 5515 3063 5580 πάντες
3086 5554 3101 5581 ,
3134 5515 3227 5570 καὶ
3263 5514 3570 5586 ἐθαύμαζον

387 5640 431 5670 ⁸⁸
456 5637 576 5695 Act.
616 5657 675 5703 ιι.
716 5640 763 5695 1.
