3760 6270
148 291 252 347 705

214 406 313 463 54.
348 406 465 461 Καὶ
488 405 835 478 ἀνεκαλὰρθη
864 407 934 461 τά
963 406 1187 481 θεμέλια
1210 409 1307 479 τῆς
1332 408 1689 481 οἰκουμένης,
1772 418 1817 472 Α

214 499 312 553 55.
358 498 497 551 Ἀπὸ
518 496 887 569 ἐπιτιμήσεώς
913 513 1031 561 σου,
1054 499 1248 572 Κυριε,

218 589 314 644 56.
365 589 502 643 Ἀπὸ
526 589 877 659 ἐμπνεύσεως
897 589 1206 658 πνεύματος
1226 591 1395 663 ὀργῆς
1417 608 1531 646 σου.

216 682 311 735 57.
366 678 773 745 Ἐξαπέστειλεν
810 679 869 746 ἐξ
901 679 1090 751 ὕψους,
1124 682 1216 735 καὶ
1241 682 1398 736 ἔλαϐέ
1428 699 1495 753 με
1515 698 1528 713 ο

216 771 310 825 58.
346 770 727 840 Πῳσελάϐετό
764 787 831 841 με
859 770 917 837 ἐξ
942 772 1149 825 ὑδάτων
1175 771 1402 826 πολλῶν.

215 861 309 916 39.
357 861 663 932 Ἐῥρύσατό
692 879 756 932 με
782 860 839 928 ἐξ
880 861 1087 934 ἐχθρῶν
1114 880 1219 933 μου
1248 862 1508 927 δυνατῶν,

218 954 309 1008 40.
345 956 463 1007 Kal
490 957 557 1007 ἐκ
580 954 688 1007 τῶν
714 953 1015 1025 μισούντων
1052 969 1143 1025 με·

215 1043 307 1098 41.
339 1044 469 1097 Ὅτι
501 1043 911 1116 ἐστερεώθησαν
942 1045 1081 1116 ὑπὲρ
1109 1045 1226 1116 ἐμέ.

214 1135 307 1190 42.
347 1137 715 1206 Προέφθασάν
741 1154 808 1209 με
836 1139 893 1190 ἐν
917 1137 1101 1209 ἡμέρᾳ
1126 1138 1419 1202 κακώσεως
1447 1156 1548 1210 μου
1566 1155 1581 1169 ο

213 1227 306 1282 45.
344 1229 462 1281 Kal
494 1227 713 1297 ἐγένετο
740 1227 943 1299 Κύριος
971 1229 1373 1302 ἀντιστήριγμά
1398 1248 1522 1303 μου.

212 1322 306 1374 44.
342 1320 459 1374 Kal
484 1321 720 1393 ἐξήγαγέ
746 1338 813 1392 με
838 1323 919 1385 είς
944 1322 1256 1393 πλατυσμόν
1276 1339 1288 1351 ·

210 1413 302 1466 45.
348 1413 606 1467 Ῥῦσεταί
637 1431 724 1483 με,
758 1415 840 1467 ὅτι
869 1413 1100 1486 ἠθέλησέ
1134 1432 1221 1486 με.

206 1505 299 1559 46.
333 1507 453 1559 Kal
490 1505 858 1559 ἀνταποδώσει
889 1524 977 1578 μοι
1009 1506 1213 1579 Κύριος
1239 1508 1379 1562 κατά
1401 1506 1498 1580 τὴν
1529 1508 1734 1563 δικαιο-

147 1596 309 1668 σύνην
340 1615 473 1669 μου,

210 1689 301 1743 47.
342 1690 460 1743 Kal
498 1689 640 1743 κατά
686 1690 786 1761 τὴν
825 1689 1190 1762 καθαριότητα
1238 1691 1345 1745 τῶν
1388 1694 1585 1764 χειρῶν
1634 1710 1733 1765 μου

146 1780 523 1835 ἀνταποδώσει
552 1799 664 1852 μοι.
690 1804 706 1822 ο

206 1872 298 1925 48.
334 1872 466 1925 Ὅτι
498 1870 742 1941 ἐφύλαξα
765 1871 862 1936 τὰς
891 1870 1049 1935 ὁδοὺς
1080 1872 1284 1943 Κυρίου
1305 1914 1320 1941 ,

202 1962 291 2019 49.
323 1965 442 2018 Kal
467 1964 569 2017 οὐκ
597 1963 843 2034 ὴσέϐησα
870 1963 978 2017 ἀπὸ
1005 1964 1100 2018 τοῦ
1134 1965 1269 2019 Θεοῦ
1307 1983 1409 2037 μου

209 2053 300 2108 50.
342 2054 474 2107 Ὅτι
501 2054 680 2108 πάντα
702 2051 769 2106 τά
803 2053 1044 2126 κρίματα
1070 2055 1234 2108 αὑτοῦ
1263 2055 1491 2111 ἐνώπιόν
1532 2074 1633 2128 μου
1656 2073 1671 2087 ·

206 2145 299 2199 5|.
340 2147 458 2199 Kal
485 2144 555 2199 τά
580 2143 925 2216 δικαιώματα
956 2145 1122 2200 αὑτοῦ
1160 2147 1260 2201 οὐκ
1290 2149 1606 2219 ἀπέστησαν
1634 2149 1729 2203 ἀπ’

142 2239 296 2308 ἐμοῦ.

206 2332 298 2387 52.
332 2333 451 2385 Kal
490 2332 684 2402 ἔσομαι
713 2332 941 2402 ἄμωμος
972 2331 1091 2401 μετ’
1122 2331 1307 2385 αὐτοῦ’

206 2426 298 2481 53.
332 2426 454 2480 Kal
482 2426 787 2496 φυλάξομαι
808 2426 916 2479 ἀπὸ
943 2424 1043 2495 τῆς
1066 2425 1293 2495 ἀνομίας
1328 2442 1451 2497 μου.

207 2520 300 2574 54.
344 2521 461 2573 Kal
488 2519 859 2575 ἀνταποδώσει
891 2536 982 2590 μοι
1009 2517 1211 2591 Κύριος
1241 2518 1385 2573 κατὰ
1402 2518 1501 2589 τὴν
1526 2519 1727 2574 δικαιο·

145 2613 307 2686 σύνην
344 2624 533 2685 imi:

1067 290 1156 348 DE
1196 292 1470 349 Tl'l'ULlS
1508 290 1961 348 PSALMORUM.
1998 322 2069 331 —
2102 289 2296 347 PSAL.
2328 289 2492 346 XVII.

3310 293 3414 351 706

1917 407 2004 463 54.
2040 406 2109 463 Et
2140 406 2374 463 revelata
2403 416 2533 462 sunt
2560 404 2912 461 fundamenta
2939 406 3090 462 orbis
3112 415 3411 463 terrarum:

1917 502 2006 555 55.
2039 501 2120 555 Ab
2151 501 2520 570 increpatione
2547 509 2673 565 tua,
2706 498 2961 564 Domine,

1915 592 2005 648 '56.
2039 592 2120 646 Ab
2148 592 2507 661 inspiratione
2537 591 2762 661 spiritus
2786 591 2879 645 iraa
2904 604 3028 646 tuae.

1916 684 2005 739 57.
2036 681 2185 738 Misit
2214 684 2282 738 de
2311 697 2548 745 summo,
2575 691 2627 736 et
2653 683 2860 753 accepit
2889 697 3013 749 me;

1913 776 2002 833 58.
2025 775 2335 846 Assumpsit
2366 790 2453 830 me
2480 774 2547 830 de
2572 774 2729 844 aquis
2752 775 2957 828 multis.

1915 870 2004 924 39.
2037 868 2248 938 Eripuit
2274 883 2361 922 me
2389 867 2457 921 de
2485 867 2722 922 inimicis
2752 868 2887 921 meis
2917 865 3252 934 fortissimis,

1910 962 1998 1016 40.
2029 960 2093 1013 Et
2125 961 2192 1015 ab
2225 961 2312 1024 iis,
2352 961 2442 1030 qui
2483 960 2719 1014 oderunt
2746 975 2874 1015 me:

1908 1052 1996 1105 4i.
2030 1050 2301 1117 Quoniam
2332 1050 2621 1105 confortati
2651 1059 2778 1104 sunt
2814 1065 2978 1119 super
3010 1066 3115 1105 me.

1907 1140 1997 1195 42.
2032 1139 2417 1194 Praevenerunt
2443 1154 2531 1194 me
2558 1140 2611 1192 in
2640 1139 2728 1194 die
2756 1139 3067 1193 afﬂictionis
3095 1154 3228 1194 mea:
3252 1155 3266 1170 '

1904 1232 1995 1286 45.
2029 1229 2095 1285 Et
2125 1231 2304 1286 factus
2333 1238 2419 1284 est
2454 1229 2717 1284 Dominus
2750 1239 3022 1299 protector
3057 1216 3231 1284 meus.
3292 1232 3313 1242 ’

1908 1325 1995 1379 44.
2028 1323 2095 1378 Et
2123 1324 2309 1379 eduxit
2338 1339 2424 1378 me
2456 1324 2511 1378 in
2539 1324 2881 1377 latitudinem
2914 1341 2927 1376 :

1910 1418 1999 1473 45.
2038 1415 2258 1473 Salvum
2289 1433 2376 1471 me
2402 1416 2583 1483 faciet,
2614 1419 2872 1487 quoniam
2903 1415 3071 1469 voluit
3101 1430 3206 1468 me.

1906 1511 1995 1566 46.
2028 1510 2095 1565 Et
2141 1508 2404 1565 retribuet
2435 1510 2569 1564 mihi
2607 1502 2872 1563 Dominus
2903 1507 3201 1563 secundum
3240 1504 3407 1575 justi-

1838 1605 1966 1659 tiam
1996 1619 2174 1659 meam
2209 1620 2222 1656 :
2450 1610 2451 1613 ‘

1909 1696 1997 1751 47.
2031 1696 2097 1751 Et
2150 1697 2451 1752 secundum
2498 1695 2788 1767 puritatem
2843 1708 3103 1747 manuum
3157 1706 3402 1745 mearum

1766 1771 1807 1830 Β
1838 1787 2092 1841 retribuet
2122 1787 2279 1846 mihi.

1906 1880 1996 1934 48.
2032 1879 2173 1945 Quia
2203 1877 2475 1935 custodiri
2507 1876 2623 1931 vias
2649 1876 2865 1929 Domini
2897 1896 2910 1931 :

1904 1972 1992 2026 49.
2022 1970 2132 2026 Nec
2152 1970 2317 2040 impie
2356 1969 2500 2040 gessi
2532 1982 2562 2021 a
2597 1968 2707 2023 Deo
2741 1983 2899 2022 meo:
3004 2000 3007 2005 ι

1905 2063 1993 2118 50.
2011 2060 2279 2129 Quoniam
2298 2061 2482 2115 omnia
2496 2060 2702 2130 judicia
2714 2059 2838 2128 ejus
2860 2058 2917 2111 in
2936 2066 3228 2126 conspectu
3247 2069 3367 2109 meo
3388 2096 3404 2110 .

1902 2155 1992 2210 5i.
2022 2152 2087 2208 Et
2107 2153 2351 2224 justitias
2379 2151 2501 2222 ejus
2533 2167 2642 2204 non
2675 2149 2848 2219 repuli
2872 2165 2902 2202 a
2935 2162 3040 2203 me.

1903 2333 1993 2388 52.
2021 2333 2085 2388 Et
2113 2348 2206 2388 cro
2241 2330 2623 2385 immaculatus
2652 2344 2774 2383 cum
2799 2343 2863 2382 eo
2890 2370 2903 2382 .

1903 2427 1993 2482 55.
2025 2425 2091 2480 Et
2119 2425 2421 2480 observabo
2462 2439 2547 2478 me
2575 2423 2641 2477 ab
2677 2423 2959 2491 iniquitate
2989 2436 3128 2476 mea.

1900 2516 1987 2572 54.
2022 2515 2088 2569 Et
2114 2514 2374 2569 retribuet
2404 2512 2538 2567 mihi
2588 2511 2854 2567 Dominus
2896 2510 3196 2566 secundum
3239 2508 3403 2579 justi-

1829 2608 1960 2664 tiam
1999 2622 2201 2672 meam,

1272 2768 1648 2829 ATHANASII
1688 2766 2278 2824 INTERPRETATIO.

139 2939 183 2991 οί
210 2934 602 2999 κατοικοῦντες
617 2933 967 3007 Ἰερουσαλὴμ
993 2932 1342 3005 θεωροῦντες,
1372 2932 1469 2987 καὶ
1500 2931 1724 3002 βλέπον-

1830 2927 2138 2982 habitantes
2180 2924 2485 2981 Jerusalem
2539 2924 2995 2990 considerantes,
3057 2930 3112 2976 et
3157 2921 3402 2975 videntes

140 3046 226 3092 τες
247 3031 381 3092 τοὺς
406 3028 739 3091 ἀποστόλους
759 3027 1050 3091 λαλοῦντας
1071 3025 1141 3080 τὰ
1163 3026 1423 3098 μεγαλεῖα
1441 3026 1535 3081 τοῦ
1559 3026 1694 3083 Θεοῦ
1712 3049 1727 3064 ο

1898 3019 2108 3073 ιηεῑοιοε
2145 3019 2431 3089 loquentes
2480 3017 2749 3086 magnalia
2797 3015 2951 3070 Dei"
2987 3033 3000 3070 :
3034 3014 3201 3083 {antes
3232 3013 3400 3081 enim,

140 3122 335 3189 πηγὰς
366 3121 480 3192 γάρ
522 3120 616 3173 καὶ
659 3118 898 3188 θεμέλια
922 3120 1118 3184 αὐτοὺς
1141 3120 1309 3190 λέγει.

206 3215 296 3267 55.
332 3213 471 3267 Ἀπὸ
507 3214 607 3285 τῆς
634 3211 978 3275 διδασκαλίας
1009 3228 1122 3275 σου,

202 3305 292 3360 56.
317 3306 433 3359 Kal
448 3305 557 3359 ἀπὸ
571 3305 672 3376 τῆς
687 3303 963 3376 ἐνεργείας
982 3303 1075 3357 τοῦ
1094 3302 1233 3358 Πνεύ
1242 3323 1410 3375 ματος
1431 3306 1522 3361 τοῦ
1544 3309 1724 3378 ἁγίου.

203 3396 294 3457 57,
335 3396 428 3450 58.
475 3395 911 3466 Ἐϐαπτίσθησαν
943 3393 1051 3464 γὰρ
1080 3395 1137 3447 ἐν
1162 3397 1227 3464 τῇ
1254 3396 1438 3467 ἡμέρᾳ
1467 3399 1566 3468 τῆς
1591 3399 1728 3453 Πεν-

139 3489 409 3560 τηκοστῆς
440 3487 589 3559 παρά
613 3487 721 3540 τῶν
753 3486 1066 3541 ἀποστόλων
1095 3485 1266 3556 ψυχαὶ
1295 3488 1370 3551 ὡς
1394 3491 1722 3560 τρισχίλιαι·

140 3580 221 3635 διὰ
245 3582 411 3635 τοῦτο
435 3580 582 3650 λέγει
616 3580 681 3632 ἐκ
714 3579 1004 3651 προσώπου
1032 3577 1138 3633 τῶν
1168 3583 1630 3637 πεπιστευκότων.

206 3674 299 3741 39,
334 3673 428 3728 40.
462 3673 719 3726 Τουτέστι
746 3673 857 3727 τῶν
880 3674 1169 3744 δαιμόνων.

205 3763 294 3818 41.
334 3762 711 3834 Ἐρῤῦσθησαν
750 3761 859 3834 γάρ
900 3761 1289 3832 βαπτισθέντες
1333 3763 1399 3816 ἐκ
1449 3761 1559 3817 τῶν
1593 3780 1725 3817 κατ-

142 3854 559 3920 εξουσιαζὸντων
596 3852 775 3907 αὐτῶν
805 3852 1093 3923 δαιμόνων.

205 3944 298 3999 42.
336 3945 466 3997 Ὅτε
494 3943 752 4013 ἠσθένουν
778 3946 845 4015 τῇ
876 3930 1042 4014 ψυχῇ,
1076 3941 1422 3996 συνέκλεισαν
1458 3959 1546 4013 με.

207 4036 496 4102 45,44.Διὰ
512 4035 606 4088 τοῦ
624 4034 995 4106 βαπτίσματος
1009 4033 1202 4104 ἐστησέ
1221 4051 1286 4105 με
1301 4035 1381 4098 εἰς
1398 4034 1721 4087 ἀνάπαυσιν.

203 4130 295 4185 45.
312 4130 434 4199 Ἀφ’
450 4124 514 4182 οῦ
531 4126 955 4199 περιεποιήσατο
973 4144 1061 4197 με,
1081 4126 1383 4197 ῥύσεταίιμε
1397 4125 1490 4179 τοῦ
1510 4125 1720 4180 λοιποῦ.

203 4220 296 4274 46.
330 4221 442 4272 Kal
467 4218 653 4272 λοιπὸν
685 4220 743 4271 ἐν
771 4216 851 4287 τῷ
881 4215 1058 4288 καιρῷ
1090 4217 1189 4287 τῆς
1222 4216 1457 4288 κρίσεως
1486 4219 1723 4272 ἀνταπο-

139 4315 294 4372 δὼσει
331 4334 441 4387 μοι.

202 4410 293 4464 47.
324 4408 485 4464 Κατά
516 4406 618 4479 τὴν
648 4405 1016 4477 καθαριότητα
1045 4405 1153 4459 τῶν
1180 4404 1355 4476 ἔργων
1386 4422 1509 4477 μου.

202 4504 291 4557 48.
333 4503 447 4564 Τὰς
476 4502 697 4564 ἐντολὰς
723 4498 885 4554 αὐτοῦ
911 4499 1051 4570 ἔχων
1084 4500 1141 4551 ἐν
1172 4501 1237 4570 τῇ
1266 4499 1467 4570 καρδία
1496 4514 1621 4569 μου.

207 4595 295 4649 49.
319 4594 512 4657 Ἐκτδς
539 4591 703 4647 αὐτοῦ
735 4591 906 4662 ἑτέρῳ
928 4592 1029 4644 οὐκ
1054 4589 1375 4661 ἐλάτρευσα.

207 4686 294 4743 50.
328 4687 449 4739 Ὅτι
487 4684 641 4737 οὐδὲν
670 4682 780 4736 τῶν
803 4681 1030 4736 ἐντολῶν
1061 4681 1227 4735 αὐτοῦ
1260 4679 1570 4750 ἀπόϐλητόν
1603 4680 1722 4732 ἐστι

144 4782 266 4848 παρ’
289 4778 435 4849 ἐμοὶ,
464 4775 604 4831 ἀλλά
632 4774 738 4846 πρὸ
762 4773 1053 4845 ὀφθαλμῶν
1085 4790 1186 4843 μου
1217 4773 1326 4843 ἔχω
1358 4772 1517 4826 αὐτά.

207 4957 293 5011 51.
322 4957 434 5010 Kal
460 4954 529 5008 τά
563 4952 907 5024 δικαιώματα
937 4951 1095 5007 αὐτοῦ
1122 4948 1483 5014 ἀδιαλείπτως
1514 4948 1710 5021 μελέτη

145 5049 240 5117 μού
275 5052 411 5102 ἐστι.

207 5140 292 5194 52.
330 5138 442 5192 Kal
466 5136 554 5191 ἀεὶ
580 5134 808 5198 ἀσπιλος
831 5132 981 5203 αὐτῷ
1014 5130 1332 5204 τηρηθείην.

201 5232 291 5288 55.
328 5231 568 5303 Τηρήσω
593 5227 827 5300 ἐμαυτὸν
853 5226 948 5281 τοῦ
983 5224 1058 5297 μὴ
1083 5226 1396 5296 περιπεσεῖν
1428 5228 1551 5289 ταῖς
1581 5241 1714 5296 προσ

138 5330 314 5403 τέραις
342 5345 442 5400 μου
468 5324 802 5397 ἐπιθυμίαις.

202 5421 392 5478 54-56.
432 5419 542 5473 Kal
571 5418 629 5470 ἐν
670 5418 737 5487 τῇ
770 5412 955 5485 δικαίᾳ
990 5410 1151 5466 αὐτοῦ
1189 5410 1580 5483 μισθαποδοσία
1617 5426 1706 5482 μοι

1749 4406 1796 4461 D

1829 3120 1881 3166 et
1919 3111 2261 3181 fundamenta
2290 3126 2384 3166 eos
2417 3120 2594 3164 vocat.

1897 3203 1986 3257 55.
2014 3202 2060 3256 A
2087 3202 2335 3257 doctrina
2369 3215 2479 3267 tua,

1898 3293 1987 3348 56.
2023 3291 2091 3346 Et
2120 3294 2189 3347 ab
2222 3294 2539 3362 operatione
2570 3292 2804 3363 Spiritus
2828 3290 3024 3347 sancti.

1899 3388 1990 3454 37,
2019 3387 2109 3442 58.
2140 3386 2209 3442 Et
2241 3388 2526 3458 baptizata:
2566 3399 2695 3443 sunt
2726 3391 2778 3442 in
2821 3389 2910 3443 die
2962 3389 3306 3442 Pentecostes
3331 3384 3401 3438 ab

1829 3481 2093 3550 apostolis
2116 3482 2315 3535 anima:
2337 3482 2494 3551 quasi
2520 3483 2622 3536 tria
2646 3482 2814 3536 millia
2838 3482 2860 3512 ⁵
2892 3499 2906 3536 :
2937 3487 3222 3550 propterea
3261 3479 3400 3545 haec,

1828 3572 1957 3626 dicit
1983 3586 2046 3625 ex
2080 3586 2311 3641 persona
2348 3587 2557 3634 eorum,
2588 3572 2682 3640 qui
2714 3570 3085 3625 crediderunt.

1894 3664 1985 3726 59,
2015 3664 2104 3718 40.
2136 3663 2249 3720 lloc
2278 3673 2363 3719 est
2387 3664 2719 3718 daemonum.

1896 3757 1984 3815 4|.
2022 3756 2288 3827 Baptizati
2337 3756 2481 3810 rnim
2515 3754 2730 3810 liberati
2786 3762 2916 3811 sunt
2947 3754 3005 3825 aj‘
3030 3751 3396 3817 daemonibus,

1825 3846 1918 3916 qui
1948 3848 2028 3901 eis
2066 3846 2514 3901 dominabantur.

1891 3938 1980 3993 42.
2001 3939 2231 4005 Quando
2247 3940 2429 3994 anima
2455 3937 2703 3996 inﬁrmus
2719 3953 2868 3992 eram
2886 3937 3340 4001 concluseruntm
3354 3953 3394 3989 ε.

1892 4030 1983 4096 45,
2013 4029 2101 4085 44.
2146 4029 2250 4085 Per
2298 4030 2633 4101 baptismum
2659 4044 2746 4084 me
2778 4030 2831 4083 in
2863 4028 3053 4098 requie
3088 4026 3395 4087 constituit.

1894 4120 1981 4177 45.
2014 4120 2092 4175 Ex
2118 4136 2229 4191 quo
2261 4137 2346 4177 me
2377 4120 2691 4189 acquisivit,
2718 4120 2976 4188 deinceps
3005 4134 3093 4172 me
3127 4117 3395 4170 liberabit.

1891 4213 1980 4269 46.
2013 4212 2080 4268 Et
2111 4214 2328 4269 demum
2358 4214 2543 4273 iudicii
2578 4224 2821 4282 tempore
2853 4212 3115 4265 retribuet
3136 4210 3289 4263 mihi.

1892 4390 1984 4447 47.
2037 4390 2344 4446 Secundum
2393 4392 2682 4459 puritatem
2712 4403 2959 4441 mearum
2993 4386 3394 4454 operatienuni.

1893 4484 1985 4539 48.
2020 4483 2294 4553 Praecepta
2325 4484 2444 4553 ejus
2473 4483 2680 4537 habens
2711 4482 2763 4535 in
2796 4480 2961 4535 corde
2990 4493 3134 4532 nico.

1893 4576 1982 4630 49.
2025 4574 2191 4629 Extra
2225 4589 2349 4627 eum
2383 4572 2515 4626 nulli
2554 4571 2642 4626 alii
2681 4571 2900 4625 servivi.

1893 4669 1982 4723 50.
2043 4666 2310 4734 Quoniam
2354 4664 2563 4717 nullum
2597 4678 2821 4718 suorum
2858 4674 3253 4732 praeceptorum
3303 4662 3398 4716 de-

1824 4759 2092 4829 spicatum
2131 4766 2215 4811 est
2246 4756 2389 4825 apud
2418 4770 2537 4817 me.
2594 4755 2689 4810 sed
2718 4770 2828 4823 pra:
2882 4755 3058 4811 oculis
3102 4756 3238 4810 meis
3278 4755 3394 4826 ipsa

1826 4852 2019 4906 habeo.

1893 4942 1981 4997 51.
2001 4939 2507 5011 Etjustiiicationes
2543 4939 2666 5010 ejus
2694 4940 2917 4996 assidua
2941 4938 3223 5004 meditatio
3275 4955 3392 4994 mea

1823 5039 1970 5088 sunt.

1893 5121 1982 5177 52.
2015 5119 2081 5176 Et
2117 5121 2237 5175 sine
2268 5120 2391 5175 labe
2424 5119 2524 5189 ipsi
2560 5133 2774 5189 semper
2801 5129 3051 5172 servatus
3083 5131 3228 5171 sum.

1892 5211 1980 5266 55.
2017 5209 2336 5267 Custodiam
2369 5225 2456 5264 me
2483 5209 2684 5279 ipsum,
2719 5221 2789 5261 ne
2813 5206 3059 5261 decidam
3102 5205 3154 5258 in
3185 5205 3395 5274 priores

1822 5318 1972 5357 meas
2003 5302 2343 5372 cupiditates.
2374 5293 2377 5297 ’

1892 5394 2079 5449 54-ε6.
2116 5392 2181 5447 Et
2213 5393 2270 5447 in
2296 5392 2446 5462 justa
2471 5391 2594 5461 ejus
2625 5389 2987 5446 retributione
3019 5388 3209 5445 reddet
3237 5389 3392 5455 milii,

137 5511 315 5583 ἀποδῷ
360 5504 438 5565 ὧν
484 5482 831 5580 εἰργασάμην
877 5482 1106 5559 ἐνώπιον
1149 5502 1335 5570 αὑτοῦ,
1368 5505 1397 5556 ό
1431 5501 1716 5566 ἀποδιδοὺς

1898 5501 1942 5541 ae
1969 5493 2224 5555 operatus
2247 5500 2369 5539 sum
2396 5499 2581 5539 coram
2613 5485 2753 5555 ipso,
2789 5483 2884 5555 qui
2915 5484 3210 5554 unicuique
3237 5482 3367 5538 rctri

141 5606 347 5676 ἑκάστῳ
380 5602 524 5657 κατά
549 5600 619 5655 τὰ
641 5599 777 5670 ἔργα
809 5598 996 5651 αὐτοῦ.

206 5718 250 5751 ⁸³
278 5719 400 5773 Act.
436 5733 496 5785 lt,
530 5716 581 5770 7.
656 5714 703 5748 "
728 5713 857 5770 ibid.
894 5711 981 5766 4i.

1819 5578 1937 5635 buit
1967 5577 2267 5635 secundum
2293 5591 2462 5648 opera
2495 5576 2635 5648 ejus.
