3776 6272
384 236 486 296 7.97
1228 235 1286 292 S.
1327 233 1699 290 ATllANASll
1733 234 1882 290 OPP.
1925 231 2105 288 PARS
2141 231 2228 287 lll.
2264 262 2334 270 —
2372 227 2784 286 EXEGETICA.
3524 228 3647 284 708

447 357 537 414 55.
581 357 645 414 Et
688 358 989 414 secundum
1053 357 1341 429 puritatem
1388 374 1651 413 manuum
1702 372 1938 412 mearum

2151 354 2210 408 ὅ.
2252 355 2361 407 Καὶ
2404 352 2547 406 κατὰ
2578 351 2677 424 τὴν
2704 349 3076 422 καθαριότητα
3121 348 3229 404 τῶν
3274 347 3473 421 χειρῶν
3526 365 3642 422 μου

377 449 643 504 retribuet
672 450 827 515 mihi,

2055 445 2423 501 ἀνταποδώσει
2460 463 2569 515 μοι,

448 539 537 593 55.
584 538 639 594 In
666 549 958 609 conspectu
988 540 1270 595 oculorum
1298 541 1437 612 ejus.

2125 537 2211 592 56.
2265 536 2526 590 Ἐνώπιον
2550 536 2655 590 τῶν
2681 533 2975 605 ὀφθαλμῶν
3003 533 3188 589 αὐτοῦ.

450 632 538 686 57.
579 632 715 686 Cum
748 643 937 689 sancto
977 644 1199 689 sanctus
1228 636 1341 690 eris
1369 654 1383 690 :

2126 631 2216 685 57.
2256 630 2412 684 Μετὰ
2440 630 2587 682 ὁσίου
2618 630 2761 691 ὅσιος
2785 626 2902 698 ἔσῃ,

450 723 535 778 58.
581 725 643 778 Et
673 741 798 779 eum
825 728 941 780 viro
970 727 1257 782 innocente
1291 729 1555 793 innocens
1583 727 1695 783 eris
1726 745 1740 781 :

2126 721 2213 775 58.
2254 721 2363 773 Καὶ
2395 720 2531 790 μετὰ
2559 720 2749 790 ἀνδρὸς
2781 717 2957 771 ἀθώου
2983 717 3158 780 ἀθῶος
3181 717 3307 790 ἔσῃ’

449 817 538 872 59.
582 816 644 871 Et
676 834 799 872 eum
829 819 1003 875 electo
1031 821 1236 876 electus
1270 821 1381 877 eris
1407 841 1418 875 :

2126 813 2213 867 59.
2255 813 2366 866 Καὶ
2398 813 2533 883 μετὰ
2562 810 2816 865 ὲκλεκτοῦ
2842 810 3095 874 ἐκλεκτὸς
3131 809 3256 882 ἔσῃ·

448 905 537 964 60.
577 907 645 962 Ει
676 925 800 963 eum
830 926 1083 980 perverso
1111 914 1456 982 perveneris.

2124 902 2214 958 60.
2255 904 2363 956 Καὶ
2388 903 2526 975 μετὰ
2557 903 2814 974 στρεϐλοῦ
2839 902 3199 975 διαστρέψεις.

449 1000 538 1057 61.
581 999 851 1066 Quoniam
872 1013 925 1056 tu
944 1004 1200 1072 pupulum
1223 1006 1482 1059 humilem
1504 1005 1715 1060 salvum
1753 1002 1940 1059 facies:

1673 1021 1715 1058 m
1753 1002 1948 1059 facies:
2126 995 2214 1050 6|.
2257 996 2378 1050 Ὅτι
2413 998 2476 1051 σὺ
2506 995 2636 1049 λαὸν
2670 996 2924 1050 ταπεινὸν
2950 995 3164 1060 σώσεις,

449 1092 537 1146 62.
581 1091 646 1146 Et
676 1095 868 1149 oculos
903 1096 1266 1165 superborum
1298 1098 1634 1152 humiliabis.

2125 1086 2214 1141 62.
2257 1088 2364 1142 Καὶ
2391 1088 2696 1158 ὀφθαλμοὺς
2728 1089 3087 1160 ὑπερηφάνων
3116 1085 3493 1152 ταπεινώσεις.

449 1183 539 1237 65.
580 1185 849 1250 Quoniam
903 1196 958 1241 tu
1017 1187 1355 1242 illuminabis
1412 1188 1694 1243 lucernam
1753 1202 1940 1253 meam,

1833 1202 1951 1253 tam,
2127 1178 2216 1231 65.
2261 1179 2381 1233 Ὅτι
2413 1180 2476 1233 σὺ
2506 1184 2725 1249 φωτιεῖς
2752 1180 2942 1251 λύχνον
2980 1197 3103 1245 μου,
3136 1178 3324 1252 Κύριε.

377 1276 625 1333 Domine.

453 1371 541 1424 64.
585 1371 728 1426 Deus
755 1388 935 1434 meus.
966 1372 1299 1428 illuminabis
1328 1372 1580 1428 tenebras
1602 1388 1773 1427 meas.

2129 1359 2217 1415 64.
2271 1360 2327 1413 '0
2357 1359 2487 1424 Θεός
2522 1378 2642 1431 μου,
2676 1363 2893 1430 φωτιείς
2921 1359 2982 1413 τὸ
3008 1359 3195 1422 σκᾶτος
3224 1376 3343 1430 μου.

447 1462 537 1518 65.
578 1462 848 1529 Quoniam
878 1464 933 1518 in
964 1471 1017 1519 te
1048 1464 1251 1533 eripiar
1276 1480 1307 1519 a
1342 1465 1645 1520 tentatione
1673 1481 1687 1518 :

2126 1448 2216 1503 65.
2257 1450 2379 1502 Ὅτι
2412 1452 2470 1503 ὲν
2503 1451 2585 1504 σοι
2619 1450 2959 1522 ρυσθήσομαι
2993 1448 3101 1503 ἀπὸ
3130 1446 3511 1519 πειρατηρίου,

451 1556 538 1611 66.
582 1557 647 1612 Et
680 1559 732 1611 in
766 1556 877 1612 Deo
909 1573 1029 1612 meo
1062 1559 1431 1628 transgrediar
1462 1573 1703 1613 murum.

2127 1543 2216 1597 66.
2255 1544 2364 1597 Kal
2394 1545 2450 1597 ἐν
2481 1542 2556 1613 τῷ
2587 1542 2704 1612 Θεῷ
2734 1560 2833 1613 μου
2863 1543 3238 1614 ὑπερϐήσομαι
3266 1543 3459 1611 τεῖχος.

449 1651 538 1705 67.
582 1648 725 1705 Deus
760 1665 913 1705 meus
947 1649 1228 1719 impolluta
1260 1650 1345 1703 via
1371 1649 1528 1719 ejus:

2128 1634 2219 1689 67.
2269 1636 2326 1688 Ὀ
2360 1633 2491 1698 Θεός
2527 1652 2649 1704 μου,
2681 1634 2909 1706 ἄμωμος
2937 1636 2969 1705 ἡ
3005 1634 3120 1696 ὁδὸς
3143 1630 3304 1686 αὑτοῦ
3326 1649 3341 1663 ·

450 1742 540 1798 68.
583 1741 812 1811 Eloqnia
840 1740 1057 1796 Domini
1093 1741 1216 1810 igne
1252 1742 1582 1805 examinata.

1985 1734 2029 1788 Β
2128 1724 2216 1780 68.
2259 1726 2339 1778 Τὰ
2365 1726 2519 1794 λόγια
2543 1728 2746 1799 Κυρίου
2775 1728 3166 1799 πεπυρωμένα.

451 1835 539 1891 69.
581 1834 864 1890 Protector
895 1843 981 1889 est
1009 1835 1254 1890 omnium
1285 1833 1620 1904 sperantinm
1661 1832 1715 1887 in
1746 1846 1843 1889 se:

2143 1818 2216 1872 i9.
2268 1819 2708 1892 ’Υπερασπιστής
2747 1823 2862 1875 ἐστι
2899 1822 3114 1875 πάντων
3156 1821 3262 1873 τῶν
3302 1815 3634 1882 ἐλπιζόντων

2055 1910 2143 1961 ἐπ’
2167 1910 2330 1963 αὐτόν
2347 1926 2362 1941 ο

451 2018 539 2073 70.
579 2017 848 2085 Quoniam
877 2019 1001 2089 quis
1038 2017 1180 2073 Deus
1208 2024 1401 2087 praeter
1432 2016 1726 2071 Dominum
1752 2016 1776 2069 ’ἰ

1710 2031 1726 2070 ι
1752 2016 1776 2069 ’ρ
2125 2006 2213 2061 70.
2255 2008 2375 2062 Ὅτι
2400 2009 2484 2072 τίς
2516 2008 2649 2071 Θεὸς
2681 2007 2819 2080 πλὴν
2845 2009 2938 2062 τοῦ
2965 2010 3201 2080 Κυρίου;

453 2107 542 2162 7i.
581 2108 692 2162 Aut
723 2108 848 2177 quis
886 2108 1029 2162 Deus
1062 2115 1252 2176 praeter
1286 2105 1455 2159 Deum
1484 2103 1778 2158 nostrum?

1772 2105 1778 2130 ’
2128 2097 2215 2152 7i.
2260 2098 2437 2163 “Hal;
2468 2098 2600 2161 Θεὸς
2626 2098 2762 2171 πλὴν
2794 2101 2888 2153 τοῦ
2918 2100 3051 2153 Θεοῦ
3076 2099 3263 2171 ήμῶνς

449 2202 540 2257 72.
579 2199 748 2265 Deus,
778 2201 872 2271 qui
902 2200 1185 2271 praecinxit
1209 2213 1295 2253 me
1322 2198 1541 2261 virtute,

2130 2190 2216 2247 72.
2269 2191 2325 2246 Ὀ
2352 2191 2483 2256 Θεὸς
2509 2195 2537 2246 ὁ
2563 2192 2940 2264 περιζωννύων
2974 2211 3041 2263 με
3070 2192 3317 2265 δύναμιν,

452 2294 542 2349 73.
582 2295 647 2350 Ει
675 2295 856 2366 posuit
886 2293 1289 2348 immaculatam
1321 2291 1465 2347 viam
1489 2303 1665 2344 meam
1692 2304 1707 2354 ;

2132 2282 2220 2339 73.
2258 2285 2367 2339 Καὶ
2393 2284 2544 2339 ἔθετο
2569 2285 2796 2357 ἄμωμον
2820 2286 2919 2357 τὴν
2944 2286 3060 2339 ὀδόν
3086 2303 3187 2356 μου
3206 2303 3221 2319 ·

453 2386 539 2442 74.
582 2386 686 2453 Qui
716 2385 940 2457 perfecit
968 2385 1129 2455 pedes
1160 2400 1311 2439 meos
1339 2394 1597 2452 tanquam
1628 2393 1910 2436 cervorum
1929 2419 1944 2445 ,

2136 2377 2217 2431 74.
2259 2377 2735 2450 Καταρτιζόμενος
2763 2379 2891 2442 τοὺς
2922 2378 3087 2442 πόδας
3115 2394 3217 2448 μου
3243 2377 3375 2431 ὡσεὶ
3403 2375 3627 2446 ἐλάφου,

451 2478 541 2534 75.
581 2478 649 2533 Et
686 2495 850 2549 super
877 2478 1089 2535 excelsa
1125 2485 1372 2531 statuens
1398 2489 1527 2529 me:

2131 2468 2219 2522 75.
2260 2469 2370 2521 Kal.
2398 2470 2491 2523 ἐπὶ
2514 2469 2583 2522 τὰ
2608 2469 2787 2539 ὑψηλὰ
2815 2468 2977 2521 ἱστῶν
3004 2486 3071 2539 με
3090 2483 3103 2497 ·

453 2570 540 2626 76.
580 2570 684 2637 Qui
713 2572 869 2626 docet
899 2586 1093 2625 manus
1122 2584 1273 2623 meas
1300 2567 1366 2622 ad
1399 2567 1667 2637 prazlium.

2128 2560 2219 2616 76.
2258 2563 2531 2617 Διδάσκων
2555 2564 2740 2634 χεῖράς
2775 2580 2873 2634 μου
2903 2563 2983 2626 είς
3010 2562 3261 2633 πόλεμον.

451 2662 542 2719 77.
583 2661 648 2717 Ει
684 2661 914 2733 posuisti
948 2675 1135 2716 arcum
1163 2674 1361 2715 aereum
1392 2658 1617 2714 brachia
1645 2670 1764 2711 mea
1796 2672 1810 2709 :

2130 2653 2219 2707 77.
2262 2654 2369 2707 Καὶ
2395 2653 2516 2708 ἔθου
2543 2654 2693 2719 τόξον
2717 2653 2950 2725 χαλκοῦν
2980 2655 3103 2717 τοὺς
3135 2650 3423 2725 βραχίονας
3452 2665 3555 2721 μου
3576 2664 3590 2679 ·

1500 2788 1876 2848 ATHANASII
1923 2786 2510 2843 INTERPRETATIO.

449 2912 638 2969 57-60.
676 2910 794 2967 Hoc
822 2910 975 2975 dicit,
1001 2909 1316 2979 quicunque
1364 2908 1638 2979 prmsidet,
1687 2906 1851 2977 hujus
1900 2916 1940 2961 el

2143 2900 2325 2956 57-60.
2366 2899 2536 2954 Τοῦτο
2575 2899 2741 2968 λέγει,
2770 2901 2919 2964 ὅστις
2960 2899 3290 2971 προεδρεύει,
3318 2900 3508 2954 τούτου
3533 2900 3634 2955 καὶ

381 3023 564 3064 mores
598 3005 862 3068 imitatur,
889 3012 943 3056 et
967 3000 1137 3071 partis
1169 3014 1397 3053 consors
1424 2999 1552 3057 erit.

2143 3010 2187 3057 ›ς
2218 2993 2450 3065 τρόπους
2480 2994 2744 3063 μιμεῖται,
2775 2992 2869 3046 κα)⁸
2913 2996 3011 3064 τῆς
3041 2993 3256 3065 μερίδος
3283 2992 3505 3064 μέτοχος
3535 3009 3634 3063 γε·

441 3097 445 3103 ’
2060 3087 2301 3157 νήσεται.

454 3187 544 3242 6i.
588 3184 657 3239 Se
683 3183 750 3238 ad
785 3191 838 3237 te
862 3186 1259 3237 convertentes.
1306 3179 1311 3185 '

1984 3211 2027 3269 ϐ
2131 3178 2217 3232 61.
2261 3178 2399 3241 Τοὺς
2428 3176 2867 3247 ἐπιστρέφοντας.

451 3277 542 3332 62.
582 3276 920 3341 Femonum,
951 3288 1250 3344 eorumque
1281 3280 1636 3328 sectatorum.

2144 3268 2215 3324 i2.
2258 3268 2378 3322 Τῶν
2411 3269 2699 3339 δαιμόνων,
2728 3269 2822 3322 καὶ
2859 3267 2967 3321 τῶν
3015 3265 3505 3333 ἐξακολουθούντων
3532 3267 3635 3321 αὔ-

2053 3368 2187 3429 τοῖς.

452 3455 541 3511 65.
577 3453 777 3511 Oculos
810 3453 1007 3509 mentis
1036 3467 1192 3509 meae.

2126 3460 2213 3515 65.
2255 3460 2394 3524 Τοὺς
2424 3459 2733 3530 ὀφθαλμοὺς
2757 3460 2855 3530 τῆς
2882 3459 3120 3523 διανοίας
3145 3460 3309 3514 αὐτοῦ
3342 3459 3517 3531 [μου].

450 3547 539 3604 64.
579 3547 806 3602 Omnem
854 3546 1234 3617 cogitationem
1284 3559 1315 3598 a
1358 3541 1575 3598 diabolo
1604 3539 1743 3593 clam
1784 3538 1840 3590 in
1868 3548 1941 3589 me

2143 3549 2211 3603 34.
2255 3551 2441 3603 Πᾶσαν
2493 3548 2786 3618 ἐνθύμησιν
2816 3550 2873 3601 ὲν
2913 3548 3036 3619 ἐμοὶ
3070 3549 3474 3619 ὑποσπαρεῖσαν
3523 3545 3634 3599 ὑπὸ

383 3639 790 3696 disseminatam
820 3639 985 3694 veluti
1012 3647 1119 3692 ate
1154 3636 1555 3707 procedentem,
1594 3632 1733 3684 hanc
1768 3635 1874 3681 not:

2141 3644 2146 3691 ἡ
2174 3640 2419 3694 διαϐόλου
2451 3640 2525 3702 ὡς
2554 3639 2712 3709 δῆθεν
2744 3636 2893 3709 παρὰ
2920 3637 3015 3693 σοῦ
3038 3634 3221 3702 οὖσαν,
3254 3635 3457 3707 ταύτην
3483 3635 3632 3705 γνὼ-

383 3732 516 3787 mihi
544 3732 629 3787 fac
663 3732 894 3786 alienam
923 3746 955 3785 a
985 3740 1036 3785 te
1063 3744 1209 3795 esse,
1238 3736 1295 3783 ut
1322 3742 1444 3782 eam
1472 3722 1752 3793 repellam.

2147 3731 2204 3783 όν
2236 3748 2325 3801 μοι
2351 3728 2637 3801 ἀλλοτρίαν
2673 3746 2766 3782 σου
2794 3729 3162 3800 ὑπάρχουσαν,
3188 3728 3274 3782 ἵνα
3295 3726 3498 3798 ταύτην
3522 3727 3636 3780 ἁπ-

2053 3821 2301 3895 ὡσωμαι.

452 3913 540 3967 65.
581 3913 627 3966 Α
659 3912 1028 3981 voluptatibus
1058 3911 1202 3965 vitae.

2123 3918 2215 3972 65.
2255 3916 2376 3971 Τῶν
2408 3916 2608 3987 ἡδονῶν
2635 3916 2727 3969 τοῦ
2757 3915 2892 3986 βίου.

454 4004 543 4059 66.
588 4002 891 4056 Diabolum.
2124 4009 2212 4063 66.
2253 4009 2355 4061 Τὸν
2383 4006 2646 4062 διάὅολον.

452 4095 542 4151 67.
586 4094 808 4164 Singula
832 4092 950 4162 ejus
969 4090 1221 4146 mandata
1241 4088 1443 4144 nullam
1471 4085 1943 4156 reprehensionem

2125 4099 2215 4153 67.
2254 4098 2476 4170 Μέμφιν
2509 4096 2763 4168 οὐδεμίαν
2788 4097 2899 4166 ἔχει
2932 4097 3134 4169 ἑκάστη
3162 4096 3346 4166 ἐντολὴ
3380 4096 3545 4149 αὑτοῦ
3568 4114 3584 4127 ο

382 4189 603 4243 habent.

454 4279 543 4336 68.
584 4278 800 4340 Munda,
828 4286 881 4332 et
908 4273 1370 4346 splendidissima.

2127 4278 2216 4333 68.
2256 4277 2510 4350 Καθαρὰ,
2541 4279 2995 4351 ὑπερέκλαμπρα.

454 4368 543 4424 69.
582 4366 802 4423 Scilicet
834 4374 1228 4436 propugnator,
1264 4360 1541 4431 defensor,
1570 4371 1777 4418 custos.

2125 4369 2213 4424 60.
2241 4368 2384 4422 Ἀντὶ
2417 4369 2510 4423 τοῦ
2543 4370 2876 4442 ὑπέρμαχος,
2919 4368 3247 4442 σκεπαστὴς,
3274 4369 3464 4442 φύλαξ.

460 4460 548 4525 70,
579 4460 669 4512 71.
708 4457 870 4512 Solus
903 4456 1047 4511 Deus
1072 4469 1268 4519 verus;
1302 4454 1418 4524 ipse
1445 4463 1529 4509 est
1558 4452 1702 4509 Deus
1732 4452 1787 4506 in
1819 4452 1951 4508 caelo

2140 4459 2215 4522 ῖο,
2249 4460 2337 4513 71.
2382 4458 2553 4524 Μόνος
2591 4461 2724 4525 Θεὸς
2752 4460 3001 4530 ἀληθινός
3025 4477 3041 4494 ο
3076 4461 3236 4525 αὑτός
3265 4463 3380 4514 ἐστι
3406 4460 3539 4525 Θεὸς
3572 4463 3631 4515 ἐν

382 4560 438 4607 et
465 4550 518 4605 in
549 4558 712 4605 terra.

1984 4558 2027 4613 D
2055 4551 2268 4622 οὐρανῷ
2304 4551 2395 4603 καὶ
2428 4552 2519 4604 ἐπὶ
2550 4554 2669 4622 γῆς.

456 4642 544 4696 72.
581 4640 786 4709 Spiritu
820 4647 1030 4702 sancto,
1062 4637 1212 4692 dicit.

2130 4642 2216 4694 72.
2259 4643 2331 4694 Τὸ
2365 4642 2518 4710 ἅγιον
2546 4641 2765 4712 Πνεῦμα
2791 4641 2956 4710 λέγει.

455 4733 543 4789 75.
575 4734 930 4786 Aberrantem
962 4746 992 4784 a
1022 4744 1212 4799 scopo,
1244 4728 1562 4799 prazcipiens
1589 4728 1796 4799 angelis
1813 4726 1946 4790 suis,

2136 4731 2218 4784 75.
2246 4732 2582 4785 Ἀπόσκοπον
2624 4732 2997 4803 ἐντειλάμενος
3037 4735 3148 4796 τοῖς
3192 4732 3442 4801 ἀγγέλοις
3466 4734 3627 4788 αὐτοῦ

382 4834 441 4881 ut
470 4840 554 4880 me
581 4824 1000 4879 custodirent".

2055 4819 2432 4888 διαφυλάττειν
2464 4838 2551 4892 με.

456 4918 542 4972 74.
575 4915 783 4981 Εσοςίι,
816 4924 875 4969 ut
919 4929 1019 4983 ego
1052 4924 1330 4983 serpentes
1367 4923 1421 4968 et
1458 4913 1793 4981 scorpiones,
1833 4920 1947 4965 tan-

2141 4910 2218 4963 M.
2262 4912 2630 4975 Καταπατεῖν,
2653 4912 2747 4965 καλ⁵
2780 4912 3023 4982 φονεύειν
3043 4914 3173 4977 τοὺς
3198 4914 3365 4984 ὅφεας
3387 4919 3479 4969 καὶ
3504 4918 3632 4979 τοὺς

380 5028 542 5084 quam
576 5009 742 5076 cervi,
775 5008 1152 5064 conculcarem
1182 5015 1343 5076 atque
1369 5006 1691 5061 occiderem.

2060 5000 2354 5070 σκορπίους
2384 5000 2606 5072 ἐποίησέ
2641 5019 2728 5071 με,
2763 5004 2839 5067 ὡς
2864 5004 2988 5067 τοὺς
3011 5003 3261 5073 ἐλάφους.

451 5103 538 5159 75.
576 5103 751 5173 Super
780 5108 1049 5170 prtecepta
1091 5114 1211 5153 sua.

2133 5090 2219 5144 75.
2249 5091 2371 5144 Ἐπὶ
2398 5091 2497 5155 τὰς
2528 5092 2744 5157 ἐντολὰς
2772 5093 2957 5148 αὑτοῦ.

451 5196 538 5251 76.
576 5196 806 5250 Mentem
836 5207 1035 5257 meam,
1084 5191 1259 5260 inquit
1295 5190 1496 5245 armari
1540 5199 1731 5244 contra
1760 5190 1942 5244 diabo-

2143 5183 2216 5235 76.
2257 5182 2369 5252 Τὴν
2417 5183 2651 5239 διάνοιάν
2698 5203 2799 5256 μου
2847 5186 2993 5255 λέγει
3015 5185 3337 5240 ὁπλίσασθαι
3372 5187 3513 5241 κατὰ
3541 5189 3634 5242 τοῦ

378 5287 513 5342 lum.

2057 5271 2320 5326 διαϐόλου.

453 5377 541 5433 77.
575 5375 823 5431 Validum
853 5372 1078 5429 effecisti
1130 5387 1227 5427 cor
1271 5388 1450 5427 meum
1503 5387 1571 5426 ne
1605 5387 1690 5425 me
1718 5372 1817 5425 tela
1849 5372 1944 5425 ini-

2144 5367 2216 5418 l7.
2242 5367 2351 5438 Τὴν
2375 5368 2598 5439 καρδίαν
2623 5387 2722 5439 μου
2746 5371 3007 5441 ἐποίησας
3035 5371 3281 5443 ἰσχυρὰν,
3301 5372 3385 5427 ἵνα
3408 5371 3477 5425 τὰ
3506 5369 3635 5443 βέλη

382 5469 506 5523 mici
537 5470 921 5522 interficerent.

2058 5454 2151 5508 τοῦ
2182 5456 2375 5528 ἐχθροῦ
2413 5457 2489 5529 μὴ
2518 5458 2806 5514 θανατοῦσι
2849 5478 2935 5532 με.

454 5621 500 5653 ’³
532 5621 673 5677 Psal.
717 5640 803 5685 xc,
839 5623 925 5678 Η.
