  <div class='ocr_page' id='page_1' title='image "/cluster/home/n/w/nwhite01/storage/ocr_20150623/27/hvd.32044014174452/384.png"; bbox 0 0 3776 6272; ppageno 0'>
   <div class='ocr_carea' id='block_1_1' title="bbox 162 280 3410 346">
    <p class='ocr_par' dir='ltr' id='par_1_1' title="bbox 162 280 3410 346">
     <span class='ocr_line' id='line_1_1' title="bbox 162 280 3410 346; baseline 0.004 -15"><span class='ocrx_word' id='word_1_1' title='bbox 162 282 263 334; x_wconf 69' lang='lat'><strong>509</strong></span> <span class='ocrx_word' id='word_1_2' title='bbox 1055 281 1143 336; x_wconf 85' lang='lat' dir='ltr'><strong>DE</strong></span> <span class='ocrx_word' id='word_1_3' title='bbox 1181 281 1458 340; x_wconf 80' lang='lat' dir='ltr'><strong>TITULIS</strong></span> <span class='ocrx_word' id='word_1_4' title='bbox 1496 280 2240 338; x_wconf 73' lang='lat' dir='ltr'><strong>PSALMORUM.—PSAL.</strong></span> <span class='ocrx_word' id='word_1_5' title='bbox 2283 281 2448 336; x_wconf 75' lang='lat' dir='ltr'><strong>XVII.</strong></span> <span class='ocrx_word' id='word_1_6' title='bbox 3299 283 3410 346; x_wconf 74' lang='grc' dir='ltr'><strong>ῗῖιο</strong></span> 
     </span>
    </p>
   </div>
   <div class='ocr_carea' id='block_1_2' title="bbox 226 396 1717 474">
    <p class='ocr_par' dir='ltr' id='par_1_2' title="bbox 226 396 1598 474">
     <span class='ocr_line' id='line_1_2' title="bbox 226 396 1598 474; baseline 0.004 -25"><span class='ocrx_word' id='word_1_7' title='bbox 226 396 329 452; x_wconf 80' lang='grc'><strong>78.</strong></span> <span class='ocrx_word' id='word_1_8' title='bbox 374 399 481 452; x_wconf 80' lang='lat' dir='ltr'><strong>Kal</strong></span> <span class='ocrx_word' id='word_1_9' title='bbox 511 397 717 462; x_wconf 77' lang='grc' dir='ltr'>ἔδωκάς</span> <span class='ocrx_word' id='word_1_10' title='bbox 753 416 842 469; x_wconf 84' lang='grc' dir='ltr'>μοι</span> <span class='ocrx_word' id='word_1_11' title='bbox 872 400 1286 473; x_wconf 80' lang='grc' dir='ltr'>ύπερασπισμὸν</span> <span class='ocrx_word' id='word_1_12' title='bbox 1309 404 1598 474; x_wconf 73' lang='grc' dir='ltr'><strong>σωτηρίας.</strong></span> 
     </span>
    </p>
   </div>
   <div class='ocr_carea' id='block_1_3' title="bbox 1669 396 3160 474">
    <p class='ocr_par' dir='ltr' id='par_1_3' title="bbox 1767 399 3160 469">
     <span class='ocr_line' id='line_1_3' title="bbox 1767 399 3160 469; baseline 0.004 -18"><span class='ocrx_word' id='word_1_13' title='bbox 1767 406 1813 462; x_wconf 77' lang='grc' dir='ltr'><strong>Α</strong></span> <span class='ocrx_word' id='word_1_14' title='bbox 1913 400 1996 453; x_wconf 84' lang='grc'><strong>78.</strong></span> <span class='ocrx_word' id='word_1_15' title='bbox 2042 399 2105 454; x_wconf 85' lang='lat' dir='ltr'><strong>Et</strong></span> <span class='ocrx_word' id='word_1_16' title='bbox 2138 401 2330 455; x_wconf 77' lang='lat' dir='ltr'><strong>dedisti</strong></span> <span class='ocrx_word' id='word_1_17' title='bbox 2364 400 2497 454; x_wconf 87' lang='lat' dir='ltr'><strong>mihi</strong></span> <span class='ocrx_word' id='word_1_18' title='bbox 2527 400 2915 469; x_wconf 79' lang='lat' dir='ltr'><strong>protectionem</strong></span> <span class='ocrx_word' id='word_1_19' title='bbox 2949 401 3160 457; x_wconf 74' lang='lat' dir='ltr'><strong>s-ilutis.</strong></span> 
     </span>
    </p>
   </div>
   <div class='ocr_carea' id='block_1_4' title="bbox 233 491 1724 566">
    <p class='ocr_par' dir='ltr' id='par_1_4' title="bbox 233 491 1366 566">
     <span class='ocr_line' id='line_1_4' title="bbox 233 491 1366 566; baseline 0.004 -23"><span class='ocrx_word' id='word_1_20' title='bbox 233 491 329 544; x_wconf 77' lang='lat'><strong>79.</strong></span> <span class='ocrx_word' id='word_1_21' title='bbox 375 493 482 544; x_wconf 88' lang='lat' dir='ltr'><strong>Kal</strong></span> <span class='ocrx_word' id='word_1_22' title='bbox 512 495 545 563; x_wconf 75' lang='grc' dir='ltr'><strong>ἡ</strong></span> <span class='ocrx_word' id='word_1_23' title='bbox 573 492 725 558; x_wconf 78' lang='grc' dir='ltr'>δεξιά</span> <span class='ocrx_word' id='word_1_24' title='bbox 764 511 854 547; x_wconf 90' lang='grc' dir='ltr'><strong>σου</strong></span> <span class='ocrx_word' id='word_1_25' title='bbox 891 494 1210 548; x_wconf 73' lang='grc' dir='ltr'>ἀντελάϐετό</span> <span class='ocrx_word' id='word_1_26' title='bbox 1246 514 1366 566; x_wconf 77' lang='grc' dir='ltr'>μουο</span> 
     </span>
    </p>
   </div>
   <div class='ocr_carea' id='block_1_5' title="bbox 1408 491 2899 566">
    <p class='ocr_par' dir='ltr' id='par_1_5' title="bbox 1918 491 2899 563">
     <span class='ocr_line' id='line_1_5' title="bbox 1918 491 2899 563; baseline 0.004 -20"><span class='ocrx_word' id='word_1_27' title='bbox 1918 491 2003 544; x_wconf 92' lang='grc'><strong>79.</strong></span> <span class='ocrx_word' id='word_1_28' title='bbox 2044 491 2105 544; x_wconf 84' lang='grc' dir='ltr'>Ει</span> <span class='ocrx_word' id='word_1_29' title='bbox 2141 493 2361 546; x_wconf 82' lang='lat' dir='ltr'><strong>dextera</strong></span> <span class='ocrx_word' id='word_1_30' title='bbox 2392 502 2479 546; x_wconf 87' lang='lat' dir='ltr'><strong>tua</strong></span> <span class='ocrx_word' id='word_1_31' title='bbox 2506 495 2745 563; x_wconf 90' lang='lat' dir='ltr'><strong>suscepit</strong></span> <span class='ocrx_word' id='word_1_32' title='bbox 2772 509 2856 548; x_wconf 85' lang='lat' dir='ltr'><strong>tne</strong></span> <span class='ocrx_word' id='word_1_33' title='bbox 2887 512 2899 548; x_wconf 90' lang='lat'><strong>:</strong></span> 
     </span>
    </p>
   </div>
   <div class='ocr_carea' id='block_1_6' title="bbox 226 580 1717 655">
    <p class='ocr_par' dir='ltr' id='par_1_6' title="bbox 226 580 1667 655">
     <span class='ocr_line' id='line_1_6' title="bbox 226 580 1667 655; baseline 0.004 -21"><span class='ocrx_word' id='word_1_34' title='bbox 226 580 324 635; x_wconf 86' lang='lat'><strong>80.</strong></span> <span class='ocrx_word' id='word_1_35' title='bbox 370 583 479 635; x_wconf 97' lang='lat' dir='ltr'><strong>Kal</strong></span> <span class='ocrx_word' id='word_1_36' title='bbox 511 584 544 653; x_wconf 78' lang='grc' dir='ltr'><strong>ἡ</strong></span> <span class='ocrx_word' id='word_1_37' title='bbox 577 583 791 637; x_wconf 74' lang='grc' dir='ltr'>παιδεία</span> <span class='ocrx_word' id='word_1_38' title='bbox 821 601 915 637; x_wconf 89' lang='grc' dir='ltr'><strong>σου</strong></span> <span class='ocrx_word' id='word_1_39' title='bbox 944 584 1236 655; x_wconf 82' lang='grc' dir='ltr'>ἀνώρθωσὲ</span> <span class='ocrx_word' id='word_1_40' title='bbox 1271 603 1337 655; x_wconf 85' lang='grc' dir='ltr'>με</span> <span class='ocrx_word' id='word_1_41' title='bbox 1376 589 1455 650; x_wconf 86' lang='grc' dir='ltr'><strong>εἰς</strong></span> <span class='ocrx_word' id='word_1_42' title='bbox 1482 586 1631 649; x_wconf 82' lang='grc' dir='ltr'><strong>τέλος</strong></span> <span class='ocrx_word' id='word_1_43' title='bbox 1655 603 1667 617; x_wconf 91' lang='grc'><strong>·</strong></span> 
     </span>
    </p>
   </div>
   <div class='ocr_carea' id='block_1_7' title="bbox 1777 580 3268 655">
    <p class='ocr_par' dir='ltr' id='par_1_7' title="bbox 1913 583 3268 651">
     <span class='ocr_line' id='line_1_7' title="bbox 1913 583 3268 651; baseline 0.003 -14"><span class='ocrx_word' id='word_1_44' title='bbox 1913 583 2000 637; x_wconf 89' lang='lat'><strong>80.</strong></span> <span class='ocrx_word' id='word_1_45' title='bbox 2043 583 2107 637; x_wconf 82' lang='lat' dir='ltr'><strong>Et</strong></span> <span class='ocrx_word' id='word_1_46' title='bbox 2139 584 2424 651; x_wconf 84' lang='lat' dir='ltr'><strong>disciplina</strong></span> <span class='ocrx_word' id='word_1_47' title='bbox 2458 595 2548 638; x_wconf 89' lang='lat' dir='ltr'><strong>tua</strong></span> <span class='ocrx_word' id='word_1_48' title='bbox 2583 586 2818 640; x_wconf 83' lang='lat' dir='ltr'><strong>correxit</strong></span> <span class='ocrx_word' id='word_1_49' title='bbox 2851 601 2939 641; x_wconf 88' lang='lat' dir='ltr'><strong>me</strong></span> <span class='ocrx_word' id='word_1_50' title='bbox 2970 587 3023 640; x_wconf 93' lang='lat' dir='ltr'><strong>in</strong></span> <span class='ocrx_word' id='word_1_51' title='bbox 3061 586 3220 641; x_wconf 90' lang='lat' dir='ltr'><strong>ﬁnem</strong></span> <span class='ocrx_word' id='word_1_52' title='bbox 3254 604 3268 640; x_wconf 89' lang='lat'><strong>:</strong></span> 
     </span>
    </p>
   </div>
   <div class='ocr_carea' id='block_1_8' title="bbox 228 672 1719 746">
    <p class='ocr_par' dir='ltr' id='par_1_8' title="bbox 228 672 1426 746">
     <span class='ocr_line' id='line_1_8' title="bbox 228 672 1426 746; baseline 0.003 -19"><span class='ocrx_word' id='word_1_53' title='bbox 228 672 326 728; x_wconf 76' lang='grc'>81.</span> <span class='ocrx_word' id='word_1_54' title='bbox 369 674 481 728; x_wconf 85' lang='lat' dir='ltr'><strong>Kal</strong></span> <span class='ocrx_word' id='word_1_55' title='bbox 512 677 544 746; x_wconf 76' lang='grc' dir='ltr'><strong>ἡ</strong></span> <span class='ocrx_word' id='word_1_56' title='bbox 577 675 791 728; x_wconf 84' lang='grc' dir='ltr'>παιδεία</span> <span class='ocrx_word' id='word_1_57' title='bbox 821 691 912 728; x_wconf 91' lang='grc' dir='ltr'><strong>σου</strong></span> <span class='ocrx_word' id='word_1_58' title='bbox 944 675 1078 745; x_wconf 82' lang='grc' dir='ltr'>αὐτή</span> <span class='ocrx_word' id='word_1_59' title='bbox 1117 692 1182 745; x_wconf 84' lang='grc' dir='ltr'>με</span> <span class='ocrx_word' id='word_1_60' title='bbox 1210 675 1426 742; x_wconf 76' lang='grc' dir='ltr'>διδάξει.</span> 
     </span>
    </p>
   </div>
   <div class='ocr_carea' id='block_1_9' title="bbox 1618 672 3109 746">
    <p class='ocr_par' dir='ltr' id='par_1_9' title="bbox 1912 675 3109 745">
     <span class='ocr_line' id='line_1_9' title="bbox 1912 675 3109 745; baseline 0.003 -15"><span class='ocrx_word' id='word_1_61' title='bbox 1912 677 2001 730; x_wconf 89' lang='lat'><strong>8|.</strong></span> <span class='ocrx_word' id='word_1_62' title='bbox 2043 675 2109 729; x_wconf 86' lang='lat' dir='ltr'><strong>Et</strong></span> <span class='ocrx_word' id='word_1_63' title='bbox 2139 676 2421 743; x_wconf 84' lang='lat' dir='ltr'><strong>disciplina</strong></span> <span class='ocrx_word' id='word_1_64' title='bbox 2457 685 2568 740; x_wconf 86' lang='lat' dir='ltr'><strong>tua,</strong></span> <span class='ocrx_word' id='word_1_65' title='bbox 2605 677 2719 745; x_wconf 88' lang='lat' dir='ltr'><strong>ipsa</strong></span> <span class='ocrx_word' id='word_1_66' title='bbox 2757 693 2841 732; x_wconf 87' lang='lat' dir='ltr'><strong>me</strong></span> <span class='ocrx_word' id='word_1_67' title='bbox 2874 679 3109 733; x_wconf 87' lang='lat' dir='ltr'><strong>docebit.</strong></span> 
     </span>
    </p>
   </div>
   <div class='ocr_carea' id='block_1_10' title="bbox 226 763 1717 842">
    <p class='ocr_par' dir='ltr' id='par_1_10' title="bbox 226 765 1715 842">
     <span class='ocr_line' id='line_1_10' title="bbox 226 765 1715 842; baseline 0.003 -23"><span class='ocrx_word' id='word_1_68' title='bbox 226 765 322 819; x_wconf 74' lang='lat'><strong>82.</strong></span> <span class='ocrx_word' id='word_1_69' title='bbox 380 767 715 831; x_wconf 81' lang='grc' dir='ltr'>Ἐπλάτυνας</span> <span class='ocrx_word' id='word_1_70' title='bbox 746 767 815 821; x_wconf 81' lang='grc' dir='ltr'><strong>τά</strong></span> <span class='ocrx_word' id='word_1_71' title='bbox 844 767 1155 837; x_wconf 77' lang='grc' dir='ltr'>διαϐήματά</span> <span class='ocrx_word' id='word_1_72' title='bbox 1190 785 1291 839; x_wconf 86' lang='grc' dir='ltr'>μου</span> <span class='ocrx_word' id='word_1_73' title='bbox 1328 768 1580 824; x_wconf 83' lang='grc' dir='ltr'><strong>ὑποκάτω</strong></span> <span class='ocrx_word' id='word_1_74' title='bbox 1614 788 1715 842; x_wconf 84' lang='grc' dir='ltr'>μου</span> 
     </span>
    </p>
   </div>
   <div class='ocr_carea' id='block_1_11' title="bbox 1602 763 3093 842">
    <p class='ocr_par' dir='ltr' id='par_1_11' title="bbox 1614 763 3093 842">
     <span class='ocr_line' id='line_1_11' title="bbox 1614 763 3093 842; baseline -0.002 -18"><span class='ocrx_word' id='word_1_75' title='bbox 1614 788 1739 842; x_wconf 85' lang='grc' dir='ltr'>μου,</span> <span class='ocrx_word' id='word_1_76' title='bbox 1912 764 2002 820; x_wconf 72' lang='grc'>82.</span> <span class='ocrx_word' id='word_1_77' title='bbox 2044 763 2291 820; x_wconf 87' lang='lat' dir='ltr'><strong>Dilatasti</strong></span> <span class='ocrx_word' id='word_1_78' title='bbox 2325 781 2545 835; x_wconf 81' lang='lat' dir='ltr'><strong>gressus</strong></span> <span class='ocrx_word' id='word_1_79' title='bbox 2571 782 2722 821; x_wconf 86' lang='lat' dir='ltr'><strong>meos</strong></span> <span class='ocrx_word' id='word_1_80' title='bbox 2747 769 2941 823; x_wconf 92' lang='lat' dir='ltr'><strong>subtus</strong></span> <span class='ocrx_word' id='word_1_81' title='bbox 2970 784 3057 823; x_wconf 86' lang='lat' dir='ltr'><strong>me</strong></span> <span class='ocrx_word' id='word_1_82' title='bbox 3081 785 3093 821; x_wconf 91' lang='lat'><strong>:</strong></span> 
     </span>
    </p>
   </div>
   <div class='ocr_carea' id='block_1_12' title="bbox 227 850 1718 931">
    <p class='ocr_par' dir='ltr' id='par_1_12' title="bbox 227 850 1303 931">
     <span class='ocr_line' id='line_1_12' title="bbox 227 850 1303 931; baseline 0.003 -20"><span class='ocrx_word' id='word_1_83' title='bbox 227 857 323 911; x_wconf 80' lang='lat'><strong>83.</strong></span> <span class='ocrx_word' id='word_1_84' title='bbox 367 860 478 911; x_wconf 81' lang='lat' dir='ltr'><strong>Kal</strong></span> <span class='ocrx_word' id='word_1_85' title='bbox 512 860 614 913; x_wconf 81' lang='grc' dir='ltr'>οὐκ</span> <span class='ocrx_word' id='word_1_86' title='bbox 638 859 904 931; x_wconf 67' lang='grc' dir='ltr'>ἠσθένησε</span> <span class='ocrx_word' id='word_1_87' title='bbox 933 850 1004 912; x_wconf 66' lang='grc' dir='ltr'><strong>τά</strong></span> <span class='ocrx_word' id='word_1_88' title='bbox 1031 859 1147 930; x_wconf 79' lang='grc' dir='ltr'>ἴχνη</span> <span class='ocrx_word' id='word_1_89' title='bbox 1180 877 1303 929; x_wconf 85' lang='grc' dir='ltr'>μου.</span> 
     </span>
    </p>
   </div>
   <div class='ocr_carea' id='block_1_13' title="bbox 1635 850 3126 931">
    <p class='ocr_par' dir='ltr' id='par_1_13' title="bbox 1908 857 3126 930">
     <span class='ocr_line' id='line_1_13' title="bbox 1908 857 3126 930; baseline 0.002 -19"><span class='ocrx_word' id='word_1_90' title='bbox 1908 858 1996 911; x_wconf 88' lang='grc'><strong>85.</strong></span> <span class='ocrx_word' id='word_1_91' title='bbox 2040 857 2104 911; x_wconf 82' lang='grc' dir='ltr'>Ει</span> <span class='ocrx_word' id='word_1_92' title='bbox 2134 875 2239 912; x_wconf 89' lang='lat' dir='ltr'><strong>non</strong></span> <span class='ocrx_word' id='word_1_93' title='bbox 2271 868 2399 914; x_wconf 89' lang='lat' dir='ltr'><strong>sunt</strong></span> <span class='ocrx_word' id='word_1_94' title='bbox 2426 858 2697 914; x_wconf 86' lang='lat' dir='ltr'><strong>inﬁrmata</strong></span> <span class='ocrx_word' id='word_1_95' title='bbox 2726 861 2951 930; x_wconf 84' lang='lat' dir='ltr'><strong>vestigia</strong></span> <span class='ocrx_word' id='word_1_96' title='bbox 2986 877 3126 916; x_wconf 85' lang='lat' dir='ltr'><strong>mea.</strong></span> 
     </span>
    </p>
   </div>
   <div class='ocr_carea' id='block_1_14' title="bbox 227 949 1718 1024">
    <p class='ocr_par' dir='ltr' id='par_1_14' title="bbox 227 951 1718 1024">
     <span class='ocr_line' id='line_1_14' title="bbox 227 951 1718 1024; baseline 0.001 -18"><span class='ocrx_word' id='word_1_97' title='bbox 227 951 322 1006; x_wconf 63' lang='lat'><strong>85.</strong></span> <span class='ocrx_word' id='word_1_98' title='bbox 365 951 700 1016; x_wconf 80' lang='grc' dir='ltr'>Καταδιώξω</span> <span class='ocrx_word' id='word_1_99' title='bbox 727 954 850 1016; x_wconf 79' lang='grc' dir='ltr'>τοὺς</span> <span class='ocrx_word' id='word_1_100' title='bbox 887 952 1112 1023; x_wconf 79' lang='grc' dir='ltr'>ἐχθρούς</span> <span class='ocrx_word' id='word_1_101' title='bbox 1153 969 1275 1022; x_wconf 86' lang='grc' dir='ltr'>μου,</span> <span class='ocrx_word' id='word_1_102' title='bbox 1307 954 1400 1006; x_wconf 74' lang='grc' dir='ltr'>καὶ</span> <span class='ocrx_word' id='word_1_103' title='bbox 1438 952 1718 1024; x_wconf 67' lang='grc' dir='ltr'>καταλήψο</span> 
     </span>
    </p>
   </div>
   <div class='ocr_carea' id='block_1_15' title="bbox 1913 949 3404 1024">
    <p class='ocr_par' dir='ltr' id='par_1_15' title="bbox 1913 949 3404 1024">
     <span class='ocr_line' id='line_1_15' title="bbox 1913 949 3404 1024; baseline 0.003 -21"><span class='ocrx_word' id='word_1_104' title='bbox 1913 949 1997 1004; x_wconf 66' lang='grc'>84.</span> <span class='ocrx_word' id='word_1_105' title='bbox 2040 950 2344 1021; x_wconf 86' lang='lat' dir='ltr'><strong>Persequar</strong></span> <span class='ocrx_word' id='word_1_106' title='bbox 2370 952 2623 1008; x_wconf 87' lang='lat' dir='ltr'><strong>inimicos</strong></span> <span class='ocrx_word' id='word_1_107' title='bbox 2652 967 2832 1018; x_wconf 82' lang='lat' dir='ltr'><strong>meos;</strong></span> <span class='ocrx_word' id='word_1_108' title='bbox 2869 964 2923 1007; x_wconf 87' lang='lat' dir='ltr'><strong>et</strong></span> <span class='ocrx_word' id='word_1_109' title='bbox 2947 954 3404 1024; x_wconf 82' lang='lat' dir='ltr'><strong>comprehendam</strong></span> 
     </span>
    </p>
   </div>
   <div class='ocr_carea' id='block_1_16' title="bbox 164 1040 1655 1116">
    <p class='ocr_par' dir='ltr' id='par_1_16' title="bbox 164 1044 529 1116">
     <span class='ocr_line' id='line_1_16' title="bbox 164 1044 529 1116; baseline 0.003 -20"><span class='ocrx_word' id='word_1_110' title='bbox 164 1060 260 1116; x_wconf 81' lang='grc' dir='ltr'><strong>μαι</strong></span> <span class='ocrx_word' id='word_1_111' title='bbox 286 1044 492 1107; x_wconf 87' lang='grc' dir='ltr'>αύτούς</span> <span class='ocrx_word' id='word_1_112' title='bbox 514 1061 529 1074; x_wconf 87' lang='grc'><strong>·</strong></span> 
     </span>
    </p>
   </div>
   <div class='ocr_carea' id='block_1_17' title="bbox 509 1040 2000 1116">
    <p class='ocr_par' dir='ltr' id='par_1_17' title="bbox 514 1040 2000 1097">
     <span class='ocr_line' id='line_1_17' title="bbox 514 1040 2000 1097; baseline 0.005 -8"><span class='ocrx_word' id='word_1_113' title='bbox 514 1061 529 1074; x_wconf 78' lang='grc' dir='ltr'><strong>ο</strong></span> <span class='ocrx_word' id='word_1_114' title='bbox 1840 1040 1960 1095; x_wconf 89' lang='lat' dir='ltr'><strong>illos</strong></span> <span class='ocrx_word' id='word_1_115' title='bbox 1984 1057 2000 1097; x_wconf 91' lang='lat'><strong>:</strong></span> 
     </span>
    </p>
   </div>
   <div class='ocr_carea' id='block_1_18' title="bbox 227 1131 1718 1209">
    <p class='ocr_par' dir='ltr' id='par_1_18' title="bbox 227 1135 1715 1209">
     <span class='ocr_line' id='line_1_18' title="bbox 227 1135 1715 1209; baseline 0.001 -19"><span class='ocrx_word' id='word_1_116' title='bbox 227 1135 323 1190; x_wconf 87' lang='grc'><strong>85.</strong></span> <span class='ocrx_word' id='word_1_117' title='bbox 365 1137 477 1189; x_wconf 84' lang='lat' dir='ltr'><strong>Kal</strong></span> <span class='ocrx_word' id='word_1_118' title='bbox 509 1136 610 1190; x_wconf 76' lang='grc' dir='ltr'>οὐκ</span> <span class='ocrx_word' id='word_1_119' title='bbox 633 1137 1141 1209; x_wconf 77' lang='grc' dir='ltr'>άποστραφήσομαι,</span> <span class='ocrx_word' id='word_1_120' title='bbox 1169 1139 1273 1201; x_wconf 81' lang='grc' dir='ltr'>ἓως</span> <span class='ocrx_word' id='word_1_121' title='bbox 1300 1138 1366 1192; x_wconf 84' lang='grc' dir='ltr'>ἂν</span> <span class='ocrx_word' id='word_1_122' title='bbox 1393 1138 1715 1193; x_wconf 79' lang='grc' dir='ltr'><strong>ἐκλείπωσιν</strong></span> 
     </span>
    </p>
   </div>
   <div class='ocr_carea' id='block_1_19' title="bbox 1577 1131 3068 1209">
    <p class='ocr_par' dir='ltr' id='par_1_19' title="bbox 1577 1131 3068 1193">
     <span class='ocr_line' id='line_1_19' title="bbox 1577 1131 3068 1193; baseline 0.003 -8"><span class='ocrx_word' id='word_1_123' title='bbox 1577 1155 1735 1193; x_wconf 72' lang='grc' dir='ltr'>τωσιν,</span> <span class='ocrx_word' id='word_1_124' title='bbox 1910 1132 1998 1188; x_wconf 81' lang='lat'><strong>85.</strong></span> <span class='ocrx_word' id='word_1_125' title='bbox 2041 1131 2104 1186; x_wconf 85' lang='lat' dir='ltr'><strong>Et</strong></span> <span class='ocrx_word' id='word_1_126' title='bbox 2134 1149 2240 1187; x_wconf 89' lang='lat' dir='ltr'><strong>non</strong></span> <span class='ocrx_word' id='word_1_127' title='bbox 2275 1143 2565 1189; x_wconf 82' lang='lat' dir='ltr'><strong>convertar</strong></span> <span class='ocrx_word' id='word_1_128' title='bbox 2595 1135 2768 1190; x_wconf 91' lang='lat' dir='ltr'><strong>donec</strong></span> <span class='ocrx_word' id='word_1_129' title='bbox 2795 1137 3068 1190; x_wconf 86' lang='lat' dir='ltr'><strong>deﬁciant.</strong></span> 
     </span>
    </p>
   </div>
   <div class='ocr_carea' id='block_1_20' title="bbox 225 1223 1716 1303">
    <p class='ocr_par' dir='ltr' id='par_1_20' title="bbox 225 1227 1698 1303">
     <span class='ocr_line' id='line_1_20' title="bbox 225 1227 1698 1303; baseline 0.001 -21"><span class='ocrx_word' id='word_1_130' title='bbox 225 1228 321 1282; x_wconf 83' lang='lat'><strong>86.</strong></span> <span class='ocrx_word' id='word_1_131' title='bbox 377 1227 649 1298; x_wconf 70' lang='grc' dir='ltr'>Ἑκθλίψω</span> <span class='ocrx_word' id='word_1_132' title='bbox 679 1230 893 1293; x_wconf 73' lang='grc' dir='ltr'>αὐτοὺς,</span> <span class='ocrx_word' id='word_1_133' title='bbox 913 1232 1005 1282; x_wconf 70' lang='grc' dir='ltr'>καὶ</span> <span class='ocrx_word' id='word_1_134' title='bbox 1034 1231 1094 1283; x_wconf 83' lang='grc' dir='ltr'><strong>ού</strong></span> <span class='ocrx_word' id='word_1_135' title='bbox 1118 1230 1192 1301; x_wconf 87' lang='grc' dir='ltr'><strong>μὴ</strong></span> <span class='ocrx_word' id='word_1_136' title='bbox 1220 1230 1478 1283; x_wconf 82' lang='grc' dir='ltr'><strong>δύνωνται</strong></span> <span class='ocrx_word' id='word_1_137' title='bbox 1510 1231 1698 1303; x_wconf 77' lang='grc' dir='ltr'>στῆναι</span> 
     </span>
    </p>
   </div>
   <div class='ocr_carea' id='block_1_21' title="bbox 1716 1223 3207 1303">
    <p class='ocr_par' dir='ltr' id='par_1_21' title="bbox 1719 1223 3207 1298">
     <span class='ocr_line' id='line_1_21' title="bbox 1719 1223 3207 1298; baseline 0.003 -21"><span class='ocrx_word' id='word_1_138' title='bbox 1719 1248 1733 1260; x_wconf 83' lang='grc'><strong>·</strong></span> <span class='ocrx_word' id='word_1_139' title='bbox 1913 1223 2003 1278; x_wconf 88' lang='grc'><strong>86.</strong></span> <span class='ocrx_word' id='word_1_140' title='bbox 2043 1224 2392 1296; x_wconf 79' lang='lat' dir='ltr'><strong>Confringam</strong></span> <span class='ocrx_word' id='word_1_141' title='bbox 2421 1226 2576 1293; x_wconf 86' lang='lat' dir='ltr'><strong>illos;</strong></span> <span class='ocrx_word' id='word_1_142' title='bbox 2609 1244 2708 1283; x_wconf 91' lang='lat' dir='ltr'><strong>nec</strong></span> <span class='ocrx_word' id='word_1_143' title='bbox 2741 1239 2996 1298; x_wconf 88' lang='lat' dir='ltr'><strong>poterunt</strong></span> <span class='ocrx_word' id='word_1_144' title='bbox 3027 1238 3207 1283; x_wconf 87' lang='lat' dir='ltr'><strong>stare:</strong></span> 
     </span>
    </p>
   </div>
   <div class='ocr_carea' id='block_1_22' title="bbox 228 1313 1719 1391">
    <p class='ocr_par' dir='ltr' id='par_1_22' title="bbox 228 1320 1317 1391">
     <span class='ocr_line' id='line_1_22' title="bbox 228 1320 1317 1391; baseline 0.002 -19"><span class='ocrx_word' id='word_1_145' title='bbox 228 1320 324 1372; x_wconf 86' lang='lat'><strong>87.</strong></span> <span class='ocrx_word' id='word_1_146' title='bbox 368 1320 672 1373; x_wconf 83' lang='grc' dir='ltr'>Πεσοῦνται</span> <span class='ocrx_word' id='word_1_147' title='bbox 705 1320 808 1374; x_wconf 84' lang='grc' dir='ltr'><strong>ὑπὸ</strong></span> <span class='ocrx_word' id='word_1_148' title='bbox 836 1322 962 1384; x_wconf 79' lang='grc' dir='ltr'>τοὺς</span> <span class='ocrx_word' id='word_1_149' title='bbox 997 1320 1161 1386; x_wconf 81' lang='grc' dir='ltr'>πόδας</span> <span class='ocrx_word' id='word_1_150' title='bbox 1193 1338 1317 1391; x_wconf 87' lang='grc' dir='ltr'>μου.</span> 
     </span>
    </p>
   </div>
   <div class='ocr_carea' id='block_1_23' title="bbox 1365 1313 2856 1391">
    <p class='ocr_par' dir='ltr' id='par_1_23' title="bbox 1908 1313 2856 1388">
     <span class='ocr_line' id='line_1_23' title="bbox 1908 1313 2856 1388; baseline 0.007 -20"><span class='ocrx_word' id='word_1_151' title='bbox 1908 1313 1998 1369; x_wconf 90' lang='lat'><strong>87.</strong></span> <span class='ocrx_word' id='word_1_152' title='bbox 2035 1315 2242 1371; x_wconf 85' lang='lat' dir='ltr'><strong>Cadent</strong></span> <span class='ocrx_word' id='word_1_153' title='bbox 2273 1318 2464 1372; x_wconf 85' lang='lat' dir='ltr'><strong>subtus</strong></span> <span class='ocrx_word' id='word_1_154' title='bbox 2500 1319 2663 1388; x_wconf 88' lang='lat' dir='ltr'><strong>pedes</strong></span> <span class='ocrx_word' id='word_1_155' title='bbox 2689 1336 2856 1375; x_wconf 89' lang='lat' dir='ltr'><strong>meos.</strong></span> 
     </span>
    </p>
   </div>
   <div class='ocr_carea' id='block_1_24' title="bbox 230 1406 1721 1484">
    <p class='ocr_par' dir='ltr' id='par_1_24' title="bbox 230 1410 1595 1484">
     <span class='ocr_line' id='line_1_24' title="bbox 230 1410 1595 1484; baseline 0.003 -20"><span class='ocrx_word' id='word_1_156' title='bbox 230 1411 324 1467; x_wconf 87' lang='lat'><strong>88.</strong></span> <span class='ocrx_word' id='word_1_157' title='bbox 366 1413 481 1465; x_wconf 84' lang='lat' dir='ltr'><strong>Kal</strong></span> <span class='ocrx_word' id='word_1_158' title='bbox 518 1410 855 1483; x_wconf 80' lang='grc' dir='ltr'>περιέζωσάς</span> <span class='ocrx_word' id='word_1_159' title='bbox 882 1429 948 1483; x_wconf 85' lang='grc' dir='ltr'>με</span> <span class='ocrx_word' id='word_1_160' title='bbox 972 1412 1200 1483; x_wconf 87' lang='grc' dir='ltr'>δύναμιν</span> <span class='ocrx_word' id='word_1_161' title='bbox 1226 1415 1305 1475; x_wconf 82' lang='grc' dir='ltr'>εἰς</span> <span class='ocrx_word' id='word_1_162' title='bbox 1330 1412 1562 1484; x_wconf 84' lang='grc' dir='ltr'>πόλεμον</span> <span class='ocrx_word' id='word_1_163' title='bbox 1581 1428 1595 1443; x_wconf 77' lang='grc'><strong><em>⁸</em></strong></span> 
     </span>
    </p>
   </div>
   <div class='ocr_carea' id='block_1_25' title="bbox 1704 1406 3195 1484">
    <p class='ocr_par' dir='ltr' id='par_1_25' title="bbox 1907 1406 3195 1477">
     <span class='ocr_line' id='line_1_25' title="bbox 1907 1406 3195 1477; baseline 0.006 -16"><span class='ocrx_word' id='word_1_164' title='bbox 1907 1406 1995 1461; x_wconf 89' lang='grc'><strong>88.</strong></span> <span class='ocrx_word' id='word_1_165' title='bbox 2040 1406 2104 1461; x_wconf 88' lang='lat' dir='ltr'><strong>Et</strong></span> <span class='ocrx_word' id='word_1_166' title='bbox 2128 1409 2457 1477; x_wconf 70' lang='lat' dir='ltr'><strong>praecinxisti</strong></span> <span class='ocrx_word' id='word_1_167' title='bbox 2488 1427 2572 1465; x_wconf 88' lang='lat' dir='ltr'><strong>me</strong></span> <span class='ocrx_word' id='word_1_168' title='bbox 2605 1413 2805 1466; x_wconf 78' lang='lat' dir='ltr'><strong>virtute.</strong></span> <span class='ocrx_word' id='word_1_169' title='bbox 2842 1414 2906 1467; x_wconf 86' lang='lat' dir='ltr'><strong>ad</strong></span> <span class='ocrx_word' id='word_1_170' title='bbox 2945 1413 3144 1468; x_wconf 87' lang='lat' dir='ltr'><strong>bellum</strong></span> <span class='ocrx_word' id='word_1_171' title='bbox 3182 1432 3195 1469; x_wconf 92' lang='lat'><strong>:</strong></span> 
     </span>
    </p>
   </div>
   <div class='ocr_carea' id='block_1_26' title="bbox 225 1492 1716 1578">
    <p class='ocr_par' dir='ltr' id='par_1_26' title="bbox 225 1492 1716 1578">
     <span class='ocr_line' id='line_1_26' title="bbox 225 1492 1716 1578; baseline 0.003 -22"><span class='ocrx_word' id='word_1_172' title='bbox 225 1504 319 1558; x_wconf 90' lang='lat'><strong>89.</strong></span> <span class='ocrx_word' id='word_1_173' title='bbox 363 1504 733 1568; x_wconf 88' lang='grc' dir='ltr'>Συνεπόδισας</span> <span class='ocrx_word' id='word_1_174' title='bbox 766 1505 971 1567; x_wconf 81' lang='grc' dir='ltr'>πάντας</span> <span class='ocrx_word' id='word_1_175' title='bbox 1003 1506 1127 1569; x_wconf 77' lang='grc' dir='ltr'>τοὺς</span> <span class='ocrx_word' id='word_1_176' title='bbox 1159 1492 1622 1578; x_wconf 75' lang='grc' dir='ltr'><strong>ἐπανισταμένους</strong></span> <span class='ocrx_word' id='word_1_177' title='bbox 1651 1508 1716 1560; x_wconf 86' lang='grc' dir='ltr'><strong>ἐπ</strong></span> 
     </span>
    </p>
   </div>
   <div class='ocr_carea' id='block_1_27' title="bbox 1910 1492 3401 1578">
    <p class='ocr_par' dir='ltr' id='par_1_27' title="bbox 1910 1500 3401 1576">
     <span class='ocr_line' id='line_1_27' title="bbox 1910 1500 3401 1576; baseline 0.006 -21"><span class='ocrx_word' id='word_1_178' title='bbox 1910 1500 1998 1555; x_wconf 89' lang='grc'><strong>89.</strong></span> <span class='ocrx_word' id='word_1_179' title='bbox 2039 1500 2104 1556; x_wconf 88' lang='grc' dir='ltr'><strong>Ει</strong></span> <span class='ocrx_word' id='word_1_180' title='bbox 2151 1503 2508 1572; x_wconf 86' lang='lat' dir='ltr'><strong>supplantasti</strong></span> <span class='ocrx_word' id='word_1_181' title='bbox 2556 1520 2745 1561; x_wconf 89' lang='lat' dir='ltr'><strong>omnes</strong></span> <span class='ocrx_word' id='word_1_182' title='bbox 2800 1507 3139 1576; x_wconf 74' lang='lat' dir='ltr'><strong>insurgentes</strong></span> <span class='ocrx_word' id='word_1_183' title='bbox 3193 1509 3245 1562; x_wconf 93' lang='lat' dir='ltr'><strong>in</strong></span> <span class='ocrx_word' id='word_1_184' title='bbox 3295 1523 3401 1574; x_wconf 77' lang='lat' dir='ltr'><strong>me,</strong></span> 
     </span>
    </p>
   </div>
   <div class='ocr_carea' id='block_1_28' title="bbox 158 1592 1649 1666">
    <p class='ocr_par' dir='ltr' id='par_1_28' title="bbox 158 1592 711 1666">
     <span class='ocr_line' id='line_1_28' title="bbox 158 1592 711 1666; baseline 0.009 -22"><span class='ocrx_word' id='word_1_185' title='bbox 158 1592 255 1663; x_wconf 69' lang='grc' dir='ltr'><strong>ἐμὲ</strong></span> <span class='ocrx_word' id='word_1_186' title='bbox 287 1593 553 1647; x_wconf 73' lang='grc' dir='ltr'>ὑποκάτω</span> <span class='ocrx_word' id='word_1_187' title='bbox 588 1612 711 1666; x_wconf 85' lang='grc' dir='ltr'>μου.</span> 
     </span>
    </p>
   </div>
   <div class='ocr_carea' id='block_1_29' title="bbox 677 1592 2168 1666">
    <p class='ocr_par' dir='ltr' id='par_1_29' title="bbox 677 1593 2168 1650">
     <span class='ocr_line' id='line_1_29' title="bbox 677 1593 2168 1650; baseline 0 -3"><span class='ocrx_word' id='word_1_188' title='bbox 677 1613 711 1650; x_wconf 75' lang='grc' dir='ltr'><strong>ι.</strong></span> <span class='ocrx_word' id='word_1_189' title='bbox 1820 1615 1825 1619; x_wconf 67' lang='grc'><em>’</em></span> <span class='ocrx_word' id='word_1_190' title='bbox 1840 1593 2046 1650; x_wconf 77' lang='lat' dir='ltr'><strong>subtus</strong></span> <span class='ocrx_word' id='word_1_191' title='bbox 2062 1608 2168 1648; x_wconf 88' lang='lat' dir='ltr'><strong>me.</strong></span> 
     </span>
    </p>
   </div>
   <div class='ocr_carea' id='block_1_30' title="bbox 219 1684 1710 1760">
    <p class='ocr_par' dir='ltr' id='par_1_30' title="bbox 219 1685 1596 1760">
     <span class='ocr_line' id='line_1_30' title="bbox 219 1685 1596 1760; baseline 0.001 -19"><span class='ocrx_word' id='word_1_192' title='bbox 219 1686 311 1741; x_wconf 89' lang='lat'><strong>90.</strong></span> <span class='ocrx_word' id='word_1_193' title='bbox 356 1687 472 1739; x_wconf 86' lang='lat' dir='ltr'><strong>Kal</strong></span> <span class='ocrx_word' id='word_1_194' title='bbox 498 1687 623 1751; x_wconf 80' lang='grc' dir='ltr'>τοὺς</span> <span class='ocrx_word' id='word_1_195' title='bbox 651 1685 875 1759; x_wconf 83' lang='grc' dir='ltr'>ἐχθρούς</span> <span class='ocrx_word' id='word_1_196' title='bbox 903 1706 1004 1760; x_wconf 88' lang='grc' dir='ltr'><strong>μου</strong></span> <span class='ocrx_word' id='word_1_197' title='bbox 1038 1688 1241 1751; x_wconf 80' lang='grc' dir='ltr'>ἔδωκάς</span> <span class='ocrx_word' id='word_1_198' title='bbox 1275 1705 1365 1759; x_wconf 89' lang='grc' dir='ltr'>μοι</span> <span class='ocrx_word' id='word_1_199' title='bbox 1395 1688 1561 1744; x_wconf 86' lang='grc' dir='ltr'>νῶτον</span> <span class='ocrx_word' id='word_1_200' title='bbox 1581 1705 1596 1720; x_wconf 75' lang='grc'>⁸</span> 
     </span>
    </p>
   </div>
   <div class='ocr_carea' id='block_1_31' title="bbox 1771 1684 3262 1760">
    <p class='ocr_par' dir='ltr' id='par_1_31' title="bbox 1911 1684 3262 1747">
     <span class='ocr_line' id='line_1_31' title="bbox 1911 1684 3262 1747; baseline 0.006 -8"><span class='ocrx_word' id='word_1_201' title='bbox 1911 1684 1998 1739; x_wconf 91' lang='grc'><strong>90.</strong></span> <span class='ocrx_word' id='word_1_202' title='bbox 2041 1684 2105 1739; x_wconf 85' lang='grc' dir='ltr'>Ει</span> <span class='ocrx_word' id='word_1_203' title='bbox 2140 1685 2393 1743; x_wconf 88' lang='lat' dir='ltr'><strong>inimicos</strong></span> <span class='ocrx_word' id='word_1_204' title='bbox 2423 1703 2572 1743; x_wconf 91' lang='lat' dir='ltr'><strong>meos</strong></span> <span class='ocrx_word' id='word_1_205' title='bbox 2600 1689 2797 1745; x_wconf 87' lang='lat' dir='ltr'><strong>dedisti</strong></span> <span class='ocrx_word' id='word_1_206' title='bbox 2833 1691 2964 1745; x_wconf 89' lang='lat' dir='ltr'><strong>mihi</strong></span> <span class='ocrx_word' id='word_1_207' title='bbox 3000 1692 3262 1747; x_wconf 85' lang='lat' dir='ltr'><strong>dorsum:</strong></span> 
     </span>
    </p>
   </div>
   <div class='ocr_carea' id='block_1_32' title="bbox 221 1765 1712 1851">
    <p class='ocr_par' dir='ltr' id='par_1_32' title="bbox 221 1775 1495 1851">
     <span class='ocr_line' id='line_1_32' title="bbox 221 1775 1495 1851; baseline 0.005 -22"><span class='ocrx_word' id='word_1_208' title='bbox 221 1775 313 1829; x_wconf 82' lang='grc'>91.</span> <span class='ocrx_word' id='word_1_209' title='bbox 357 1778 471 1830; x_wconf 79' lang='lat' dir='ltr'><strong>Kal</strong></span> <span class='ocrx_word' id='word_1_210' title='bbox 499 1780 625 1842; x_wconf 75' lang='grc' dir='ltr'>τοὺς</span> <span class='ocrx_word' id='word_1_211' title='bbox 654 1778 944 1849; x_wconf 81' lang='grc' dir='ltr'>μισοῦντάς</span> <span class='ocrx_word' id='word_1_212' title='bbox 982 1798 1048 1851; x_wconf 85' lang='grc' dir='ltr'>με</span> <span class='ocrx_word' id='word_1_213' title='bbox 1076 1779 1495 1851; x_wconf 80' lang='grc' dir='ltr'>ἐξωλόθρευσας.</span> 
     </span>
    </p>
   </div>
   <div class='ocr_carea' id='block_1_33' title="bbox 1365 1765 2856 1851">
    <p class='ocr_par' dir='ltr' id='par_1_33' title="bbox 1365 1765 2856 1851">
     <span class='ocr_line' id='line_1_33' title="bbox 1365 1765 2856 1851; baseline 0.005 -22"><span class='ocrx_word' id='word_1_214' title='bbox 1365 1797 1495 1845; x_wconf 70' lang='grc' dir='ltr'>ισας,</span> <span class='ocrx_word' id='word_1_215' title='bbox 1766 1765 1812 1823; x_wconf 82' lang='grc' dir='ltr'><strong>Β</strong></span> <span class='ocrx_word' id='word_1_216' title='bbox 1908 1777 1998 1832; x_wconf 83' lang='lat' dir='ltr'><strong>9i.</strong></span> <span class='ocrx_word' id='word_1_217' title='bbox 2039 1776 2104 1832; x_wconf 87' lang='lat' dir='ltr'><strong>Et</strong></span> <span class='ocrx_word' id='word_1_218' title='bbox 2136 1778 2378 1834; x_wconf 86' lang='lat' dir='ltr'><strong>odientes</strong></span> <span class='ocrx_word' id='word_1_219' title='bbox 2412 1795 2498 1835; x_wconf 87' lang='lat' dir='ltr'><strong>me</strong></span> <span class='ocrx_word' id='word_1_220' title='bbox 2526 1781 2856 1851; x_wconf 86' lang='lat' dir='ltr'><strong>disperdisti.</strong></span> 
     </span>
    </p>
   </div>
   <div class='ocr_carea' id='block_1_34' title="bbox 221 1866 1712 1945">
    <p class='ocr_par' dir='ltr' id='par_1_34' title="bbox 221 1866 1377 1944">
     <span class='ocr_line' id='line_1_34' title="bbox 221 1866 1377 1944; baseline 0 -21"><span class='ocrx_word' id='word_1_221' title='bbox 221 1866 315 1923; x_wconf 71' lang='lat'><strong>92.</strong></span> <span class='ocrx_word' id='word_1_222' title='bbox 372 1869 730 1942; x_wconf 78' lang='grc' dir='ltr'>Ἐκέκραξαν,</span> <span class='ocrx_word' id='word_1_223' title='bbox 762 1873 855 1925; x_wconf 82' lang='grc' dir='ltr'>καὶ</span> <span class='ocrx_word' id='word_1_224' title='bbox 882 1874 983 1925; x_wconf 85' lang='grc' dir='ltr'><strong>ούκ</strong></span> <span class='ocrx_word' id='word_1_225' title='bbox 1006 1868 1074 1944; x_wconf 83' lang='grc' dir='ltr'>ἧν</span> <span class='ocrx_word' id='word_1_226' title='bbox 1101 1874 1129 1924; x_wconf 87' lang='grc' dir='ltr'>ὁ</span> <span class='ocrx_word' id='word_1_227' title='bbox 1158 1871 1345 1936; x_wconf 79' lang='grc' dir='ltr'>σώζων</span> <span class='ocrx_word' id='word_1_228' title='bbox 1364 1888 1377 1902; x_wconf 89' lang='grc'><strong>·</strong></span> 
     </span>
    </p>
   </div>
   <div class='ocr_carea' id='block_1_35' title="bbox 1829 1866 3320 1945">
    <p class='ocr_par' dir='ltr' id='par_1_35' title="bbox 1911 1870 3320 1945">
     <span class='ocr_line' id='line_1_35' title="bbox 1911 1870 3320 1945; baseline 0.006 -21"><span class='ocrx_word' id='word_1_229' title='bbox 1911 1870 2002 1927; x_wconf 74' lang='grc'><strong>92.</strong></span> <span class='ocrx_word' id='word_1_230' title='bbox 2041 1870 2446 1937; x_wconf 83' lang='lat' dir='ltr'><strong>Clamaverunt,</strong></span> <span class='ocrx_word' id='word_1_231' title='bbox 2477 1890 2578 1929; x_wconf 88' lang='lat' dir='ltr'><strong>nec</strong></span> <span class='ocrx_word' id='word_1_232' title='bbox 2605 1884 2720 1930; x_wconf 92' lang='lat' dir='ltr'><strong>erat</strong></span> <span class='ocrx_word' id='word_1_233' title='bbox 2751 1876 2843 1943; x_wconf 86' lang='lat' dir='ltr'><strong>qui</strong></span> <span class='ocrx_word' id='word_1_234' title='bbox 2879 1877 3057 1933; x_wconf 77' lang='lat' dir='ltr'><strong>salvos</strong></span> <span class='ocrx_word' id='word_1_235' title='bbox 3088 1877 3320 1945; x_wconf 80' lang='lat' dir='ltr'><strong>faceret;</strong></span> 
     </span>
    </p>
   </div>
   <div class='ocr_carea' id='block_1_36' title="bbox 218 1960 1709 2036">
    <p class='ocr_par' dir='ltr' id='par_1_36' title="bbox 218 1960 1591 2036">
     <span class='ocr_line' id='line_1_36' title="bbox 218 1960 1591 2036; baseline 0 -20"><span class='ocrx_word' id='word_1_236' title='bbox 218 1960 311 2016; x_wconf 78' lang='grc'><strong>95.</strong></span> <span class='ocrx_word' id='word_1_237' title='bbox 357 1962 508 2032; x_wconf 83' lang='grc' dir='ltr'>Πρὸς</span> <span class='ocrx_word' id='word_1_238' title='bbox 534 1962 756 2034; x_wconf 79' lang='grc' dir='ltr'><strong>Κύριον,</strong></span> <span class='ocrx_word' id='word_1_239' title='bbox 793 1964 887 2017; x_wconf 79' lang='grc' dir='ltr'>καὶ</span> <span class='ocrx_word' id='word_1_240' title='bbox 919 1964 1018 2017; x_wconf 85' lang='grc' dir='ltr'><strong>ούκ</strong></span> <span class='ocrx_word' id='word_1_241' title='bbox 1047 1965 1364 2036; x_wconf 79' lang='grc' dir='ltr'>εἰσήκουσεν</span> <span class='ocrx_word' id='word_1_242' title='bbox 1394 1963 1591 2017; x_wconf 79' lang='grc' dir='ltr'>αὐτῶν.</span> 
     </span>
    </p>
   </div>
   <div class='ocr_carea' id='block_1_37' title="bbox 1561 1960 3052 2036">
    <p class='ocr_par' dir='ltr' id='par_1_37' title="bbox 1561 1963 3052 2034">
     <span class='ocr_line' id='line_1_37' title="bbox 1561 1963 3052 2034; baseline 0.007 -20"><span class='ocrx_word' id='word_1_243' title='bbox 1561 1981 1591 2016; x_wconf 72' lang='grc' dir='ltr'><strong>ο.</strong></span> <span class='ocrx_word' id='word_1_244' title='bbox 1909 1963 1998 2018; x_wconf 88' lang='grc'><strong>95.</strong></span> <span class='ocrx_word' id='word_1_245' title='bbox 2036 1963 2117 2017; x_wconf 85' lang='lat' dir='ltr'><strong>Ad</strong></span> <span class='ocrx_word' id='word_1_246' title='bbox 2156 1963 2483 2034; x_wconf 91' lang='lat' dir='ltr'><strong>Dominum;</strong></span> <span class='ocrx_word' id='word_1_247' title='bbox 2516 1983 2612 2021; x_wconf 90' lang='lat' dir='ltr'><strong>nec</strong></span> <span class='ocrx_word' id='word_1_248' title='bbox 2640 1968 2915 2023; x_wconf 80' lang='lat' dir='ltr'><strong>exaudivit</strong></span> <span class='ocrx_word' id='word_1_249' title='bbox 2943 1985 3052 2026; x_wconf 80' lang='lat' dir='ltr'><strong>eos.</strong></span> 
     </span>
    </p>
   </div>
   <div class='ocr_carea' id='block_1_38' title="bbox 217 2050 1708 2130">
    <p class='ocr_par' dir='ltr' id='par_1_38' title="bbox 217 2050 1708 2126">
     <span class='ocr_line' id='line_1_38' title="bbox 217 2050 1708 2126; baseline 0 -20"><span class='ocrx_word' id='word_1_250' title='bbox 217 2050 310 2106; x_wconf 70' lang='grc'>94.</span> <span class='ocrx_word' id='word_1_251' title='bbox 358 2053 471 2104; x_wconf 89' lang='lat' dir='ltr'><strong>Kal</strong></span> <span class='ocrx_word' id='word_1_252' title='bbox 518 2054 761 2107; x_wconf 81' lang='grc' dir='ltr'>λεπτυνῶ</span> <span class='ocrx_word' id='word_1_253' title='bbox 793 2055 987 2119; x_wconf 78' lang='grc' dir='ltr'>αὐτοὺς</span> <span class='ocrx_word' id='word_1_254' title='bbox 1029 2055 1158 2111; x_wconf 76' lang='grc' dir='ltr'>ὡσεὶ</span> <span class='ocrx_word' id='word_1_255' title='bbox 1192 2054 1352 2126; x_wconf 82' lang='grc' dir='ltr'>χνοῦν</span> <span class='ocrx_word' id='word_1_256' title='bbox 1393 2054 1533 2109; x_wconf 83' lang='grc' dir='ltr'>κατὰ</span> <span class='ocrx_word' id='word_1_257' title='bbox 1569 2054 1708 2125; x_wconf 88' lang='grc' dir='ltr'>πρόσ</span> 
     </span>
    </p>
   </div>
   <div class='ocr_carea' id='block_1_39' title="bbox 1912 2050 3403 2130">
    <p class='ocr_par' dir='ltr' id='par_1_39' title="bbox 1912 2054 3403 2130">
     <span class='ocr_line' id='line_1_39' title="bbox 1912 2054 3403 2130; baseline 0.008 -22"><span class='ocrx_word' id='word_1_258' title='bbox 1912 2054 1999 2108; x_wconf 79' lang='grc'>94.</span> <span class='ocrx_word' id='word_1_259' title='bbox 2040 2055 2107 2111; x_wconf 87' lang='lat' dir='ltr'><strong>Et</strong></span> <span class='ocrx_word' id='word_1_260' title='bbox 2136 2057 2503 2113; x_wconf 87' lang='lat' dir='ltr'><strong>comminuam</strong></span> <span class='ocrx_word' id='word_1_261' title='bbox 2534 2074 2631 2114; x_wconf 86' lang='lat' dir='ltr'><strong>eos</strong></span> <span class='ocrx_word' id='word_1_262' title='bbox 2662 2069 2722 2114; x_wconf 91' lang='lat' dir='ltr'><strong>ut</strong></span> <span class='ocrx_word' id='word_1_263' title='bbox 2746 2063 3021 2130; x_wconf 85' lang='lat' dir='ltr'><strong>pulverem</strong></span> <span class='ocrx_word' id='word_1_264' title='bbox 3060 2075 3183 2119; x_wconf 84' lang='lat' dir='ltr'><strong>ante</strong></span> <span class='ocrx_word' id='word_1_265' title='bbox 3210 2063 3403 2120; x_wconf 78' lang='lat' dir='ltr'><strong>faciem</strong></span> 
     </span>
    </p>
   </div>
   <div class='ocr_carea' id='block_1_40' title="bbox 150 2148 1641 2217">
    <p class='ocr_par' dir='ltr' id='par_1_40' title="bbox 150 2148 567 2217">
     <span class='ocr_line' id='line_1_40' title="bbox 150 2148 567 2217; baseline 0 -18"><span class='ocrx_word' id='word_1_266' title='bbox 150 2161 297 2199; x_wconf 70' lang='grc' dir='ltr'>ωπον</span> <span class='ocrx_word' id='word_1_267' title='bbox 322 2148 531 2217; x_wconf 84' lang='grc' dir='ltr'><strong>ἀνέμου</strong></span> <span class='ocrx_word' id='word_1_268' title='bbox 551 2165 567 2180; x_wconf 79' lang='grc' dir='ltr'><strong><em>ο</em></strong></span> 
     </span>
    </p>
   </div>
   <div class='ocr_carea' id='block_1_41' title="bbox 532 2148 2023 2217">
    <p class='ocr_par' dir='ltr' id='par_1_41' title="bbox 551 2148 2023 2202">
     <span class='ocr_line' id='line_1_41' title="bbox 551 2148 2023 2202; baseline 0.003 -5"><span class='ocrx_word' id='word_1_269' title='bbox 551 2165 567 2180; x_wconf 80' lang='grc' dir='ltr'><strong><em>ο</em></strong></span> <span class='ocrx_word' id='word_1_270' title='bbox 1840 2148 1981 2201; x_wconf 82' lang='lat' dir='ltr'><strong>venti</strong></span> <span class='ocrx_word' id='word_1_271' title='bbox 2011 2167 2023 2202; x_wconf 90' lang='lat'>:</span> 
     </span>
    </p>
   </div>
   <div class='ocr_carea' id='block_1_42' title="bbox 217 2238 1708 2313">
    <p class='ocr_par' dir='ltr' id='par_1_42' title="bbox 217 2238 1382 2313">
     <span class='ocr_line' id='line_1_42' title="bbox 217 2238 1382 2313; baseline 0.005 -20"><span class='ocrx_word' id='word_1_272' title='bbox 217 2238 309 2294; x_wconf 83' lang='lat'><strong>95.</strong></span> <span class='ocrx_word' id='word_1_273' title='bbox 370 2240 458 2305; x_wconf 81' lang='grc' dir='ltr'>Ὠς</span> <span class='ocrx_word' id='word_1_274' title='bbox 484 2240 652 2313; x_wconf 84' lang='grc' dir='ltr'>πηλὸν</span> <span class='ocrx_word' id='word_1_275' title='bbox 677 2241 943 2296; x_wconf 83' lang='grc' dir='ltr'><strong>πλατειῶν</strong></span> <span class='ocrx_word' id='word_1_276' title='bbox 971 2241 1144 2295; x_wconf 87' lang='grc' dir='ltr'>λεανῶ</span> <span class='ocrx_word' id='word_1_277' title='bbox 1167 2242 1382 2306; x_wconf 83' lang='grc' dir='ltr'>αὐτούς.</span> 
     </span>
    </p>
   </div>
   <div class='ocr_carea' id='block_1_43' title="bbox 1529 2238 3020 2313">
    <p class='ocr_par' dir='ltr' id='par_1_43' title="bbox 1912 2239 3020 2313">
     <span class='ocr_line' id='line_1_43' title="bbox 1912 2239 3020 2313; baseline 0.005 -18"><span class='ocrx_word' id='word_1_278' title='bbox 1912 2240 2001 2295; x_wconf 80' lang='grc'><strong>95.</strong></span> <span class='ocrx_word' id='word_1_279' title='bbox 2044 2239 2117 2296; x_wconf 87' lang='lat' dir='ltr'><strong>Ut</strong></span> <span class='ocrx_word' id='word_1_280' title='bbox 2147 2241 2321 2296; x_wconf 89' lang='lat' dir='ltr'><strong>lutum</strong></span> <span class='ocrx_word' id='word_1_281' title='bbox 2350 2242 2651 2313; x_wconf 88' lang='lat' dir='ltr'><strong>platearum</strong></span> <span class='ocrx_word' id='word_1_282' title='bbox 2681 2244 2871 2300; x_wconf 87' lang='lat' dir='ltr'><strong>delebo</strong></span> <span class='ocrx_word' id='word_1_283' title='bbox 2904 2261 3020 2301; x_wconf 86' lang='lat' dir='ltr'><strong>cos.</strong></span> 
     </span>
    </p>
   </div>
   <div class='ocr_carea' id='block_1_44' title="bbox 216 2332 1707 2409">
    <p class='ocr_par' dir='ltr' id='par_1_44' title="bbox 216 2332 1346 2405">
     <span class='ocr_line' id='line_1_44' title="bbox 216 2332 1346 2405; baseline 0 -18"><span class='ocrx_word' id='word_1_284' title='bbox 216 2332 309 2388; x_wconf 89' lang='lat'><strong>96.</strong></span> <span class='ocrx_word' id='word_1_285' title='bbox 369 2332 559 2387; x_wconf 81' lang='grc' dir='ltr'>Ῥῦσαί</span> <span class='ocrx_word' id='word_1_286' title='bbox 593 2352 660 2405; x_wconf 88' lang='grc' dir='ltr'>με</span> <span class='ocrx_word' id='word_1_287' title='bbox 690 2334 796 2388; x_wconf 84' lang='grc' dir='ltr'>άπὸ</span> <span class='ocrx_word' id='word_1_288' title='bbox 824 2334 1144 2404; x_wconf 83' lang='grc' dir='ltr'>ἀντιλογιῶν</span> <span class='ocrx_word' id='word_1_289' title='bbox 1175 2333 1307 2387; x_wconf 81' lang='grc' dir='ltr'>λαοῦ</span> <span class='ocrx_word' id='word_1_290' title='bbox 1332 2352 1346 2366; x_wconf 87' lang='grc'><strong>·</strong></span> 
     </span>
    </p>
   </div>
   <div class='ocr_carea' id='block_1_45' title="bbox 1724 2332 3215 2409">
    <p class='ocr_par' dir='ltr' id='par_1_45' title="bbox 1912 2332 3215 2409">
     <span class='ocr_line' id='line_1_45' title="bbox 1912 2332 3215 2409; baseline 0.003 -21"><span class='ocrx_word' id='word_1_291' title='bbox 1912 2333 2001 2388; x_wconf 87' lang='grc'>96.</span> <span class='ocrx_word' id='word_1_292' title='bbox 2041 2332 2202 2405; x_wconf 84' lang='lat' dir='ltr'><strong>Eripe</strong></span> <span class='ocrx_word' id='word_1_293' title='bbox 2232 2351 2316 2390; x_wconf 89' lang='lat' dir='ltr'><strong>me</strong></span> <span class='ocrx_word' id='word_1_294' title='bbox 2343 2336 2410 2390; x_wconf 90' lang='lat' dir='ltr'><strong>de</strong></span> <span class='ocrx_word' id='word_1_295' title='bbox 2441 2336 2962 2395; x_wconf 83' lang='lat' dir='ltr'><strong>contradictionibus</strong></span> <span class='ocrx_word' id='word_1_296' title='bbox 2995 2340 3215 2409; x_wconf 83' lang='lat' dir='ltr'><strong>populi:</strong></span> 
     </span>
    </p>
   </div>
   <div class='ocr_carea' id='block_1_46' title="bbox 214 2425 1705 2501">
    <p class='ocr_par' dir='ltr' id='par_1_46' title="bbox 214 2425 1425 2498">
     <span class='ocr_line' id='line_1_46' title="bbox 214 2425 1425 2498; baseline -0.002 -17"><span class='ocrx_word' id='word_1_297' title='bbox 214 2425 308 2481; x_wconf 83' lang='lat'><strong>97.</strong></span> <span class='ocrx_word' id='word_1_298' title='bbox 352 2427 734 2496; x_wconf 85' lang='grc' dir='ltr'>Καταστήσεις</span> <span class='ocrx_word' id='word_1_299' title='bbox 767 2444 834 2498; x_wconf 82' lang='grc' dir='ltr'>με</span> <span class='ocrx_word' id='word_1_300' title='bbox 867 2429 946 2491; x_wconf 84' lang='grc' dir='ltr'><strong>εἰς</strong></span> <span class='ocrx_word' id='word_1_301' title='bbox 975 2426 1215 2497; x_wconf 78' lang='grc' dir='ltr'>κεφαλὴν</span> <span class='ocrx_word' id='word_1_302' title='bbox 1240 2426 1425 2480; x_wconf 84' lang='grc' dir='ltr'>ἐθνῶν.</span> 
     </span>
    </p>
   </div>
   <div class='ocr_carea' id='block_1_47' title="bbox 1547 2425 3038 2501">
    <p class='ocr_par' dir='ltr' id='par_1_47' title="bbox 1908 2425 3038 2501">
     <span class='ocr_line' id='line_1_47' title="bbox 1908 2425 3038 2501; baseline 0.004 -20"><span class='ocrx_word' id='word_1_303' title='bbox 1908 2425 1997 2481; x_wconf 87' lang='grc'><strong>97.</strong></span> <span class='ocrx_word' id='word_1_304' title='bbox 2037 2425 2349 2483; x_wconf 88' lang='lat' dir='ltr'><strong>Constitues</strong></span> <span class='ocrx_word' id='word_1_305' title='bbox 2380 2443 2466 2483; x_wconf 87' lang='lat' dir='ltr'><strong>me</strong></span> <span class='ocrx_word' id='word_1_306' title='bbox 2494 2429 2549 2483; x_wconf 91' lang='lat' dir='ltr'><strong>in</strong></span> <span class='ocrx_word' id='word_1_307' title='bbox 2582 2441 2743 2500; x_wconf 89' lang='lat' dir='ltr'><strong>caput</strong></span> <span class='ocrx_word' id='word_1_308' title='bbox 2772 2433 3038 2501; x_wconf 86' lang='lat' dir='ltr'><strong>gentium.</strong></span> 
     </span>
    </p>
   </div>
   <div class='ocr_carea' id='block_1_48' title="bbox 216 2516 1707 2593">
    <p class='ocr_par' dir='ltr' id='par_1_48' title="bbox 216 2516 1414 2587">
     <span class='ocr_line' id='line_1_48' title="bbox 216 2516 1414 2587; baseline -0.001 -15"><span class='ocrx_word' id='word_1_309' title='bbox 216 2518 309 2573; x_wconf 89' lang='lat'><strong>98.</strong></span> <span class='ocrx_word' id='word_1_310' title='bbox 353 2516 519 2581; x_wconf 80' lang='grc' dir='ltr'>Λαὸς,</span> <span class='ocrx_word' id='word_1_311' title='bbox 547 2517 605 2570; x_wconf 83' lang='grc' dir='ltr'>ὃν</span> <span class='ocrx_word' id='word_1_312' title='bbox 633 2519 732 2571; x_wconf 82' lang='grc' dir='ltr'>οὐκ</span> <span class='ocrx_word' id='word_1_313' title='bbox 762 2518 953 2586; x_wconf 74' lang='grc' dir='ltr'>ἔγνων,</span> <span class='ocrx_word' id='word_1_314' title='bbox 992 2517 1272 2571; x_wconf 83' lang='grc' dir='ltr'>ἐδούλευσὲ</span> <span class='ocrx_word' id='word_1_315' title='bbox 1307 2533 1414 2587; x_wconf 84' lang='grc' dir='ltr'>μοι.</span> 
     </span>
    </p>
   </div>
   <div class='ocr_carea' id='block_1_49' title="bbox 1936 2516 3427 2593">
    <p class='ocr_par' dir='ltr' id='par_1_49' title="bbox 1936 2518 3427 2593">
     <span class='ocr_line' id='line_1_49' title="bbox 1936 2518 3427 2593; baseline 0.003 -22"><span class='ocrx_word' id='word_1_316' title='bbox 1936 2518 1995 2572; x_wconf 73' lang='grc' dir='ltr'><strong>Ι8.</strong></span> <span class='ocrx_word' id='word_1_317' title='bbox 2041 2518 2281 2589; x_wconf 89' lang='lat' dir='ltr'><strong>Populus</strong></span> <span class='ocrx_word' id='word_1_318' title='bbox 2316 2536 2478 2590; x_wconf 85' lang='lat' dir='ltr'><strong>quem</strong></span> <span class='ocrx_word' id='word_1_319' title='bbox 2512 2536 2619 2576; x_wconf 88' lang='lat' dir='ltr'><strong>non</strong></span> <span class='ocrx_word' id='word_1_320' title='bbox 2656 2523 2903 2593; x_wconf 82' lang='lat' dir='ltr'><strong>cognovi,</strong></span> <span class='ocrx_word' id='word_1_321' title='bbox 2932 2525 3153 2579; x_wconf 81' lang='lat' dir='ltr'><strong>servivit</strong></span> <span class='ocrx_word' id='word_1_322' title='bbox 3185 2526 3334 2579; x_wconf 83' lang='lat' dir='ltr'><strong>mihi.</strong></span> <span class='ocrx_word' id='word_1_323' title='bbox 3414 2538 3427 2558; x_wconf 81' lang='grc' dir='ltr'><strong><em>ο</em></strong></span> 
     </span>
    </p>
   </div>
   <div class='ocr_carea' id='block_1_50' title="bbox 1274 2671 2254 2732">
    <p class='ocr_par' dir='ltr' id='par_1_50' title="bbox 1274 2671 2254 2732">
     <span class='ocr_line' id='line_1_50' title="bbox 1274 2671 2254 2732; baseline 0.006 -6"><span class='ocrx_word' id='word_1_324' title='bbox 1274 2671 1643 2728; x_wconf 76' lang='lat' dir='ltr'><strong>ATIIANASII</strong></span> <span class='ocrx_word' id='word_1_325' title='bbox 1680 2671 2254 2732; x_wconf 82' lang='lat' dir='ltr'><strong>INTERPRETATIO.</strong></span> 
     </span>
    </p>
   </div>
   <div class='ocr_carea' id='block_1_51' title="bbox 217 2830 1708 2916">
    <p class='ocr_par' dir='ltr' id='par_1_51' title="bbox 217 2830 1708 2907">
     <span class='ocr_line' id='line_1_51' title="bbox 217 2830 1708 2907; baseline 0.002 -23"><span class='ocrx_word' id='word_1_326' title='bbox 217 2830 309 2886; x_wconf 86' lang='lat'><strong>78.</strong></span> <span class='ocrx_word' id='word_1_327' title='bbox 328 2830 581 2895; x_wconf 84' lang='grc' dir='ltr'>Ἕδωκάς</span> <span class='ocrx_word' id='word_1_328' title='bbox 620 2848 709 2902; x_wconf 86' lang='grc' dir='ltr'><strong>μοι</strong></span> <span class='ocrx_word' id='word_1_329' title='bbox 751 2831 860 2903; x_wconf 80' lang='grc' dir='ltr'><strong>γὰρ</strong></span> <span class='ocrx_word' id='word_1_330' title='bbox 902 2832 1317 2905; x_wconf 83' lang='grc' dir='ltr'>ὑπερασπισμὸν</span> <span class='ocrx_word' id='word_1_331' title='bbox 1362 2835 1452 2888; x_wconf 82' lang='grc' dir='ltr'>τὸν</span> <span class='ocrx_word' id='word_1_332' title='bbox 1499 2833 1708 2907; x_wconf 80' lang='grc' dir='ltr'>σταυρὰ</span> 
     </span>
    </p>
   </div>
   <div class='ocr_carea' id='block_1_52' title="bbox 1908 2830 3399 2916">
    <p class='ocr_par' dir='ltr' id='par_1_52' title="bbox 1908 2834 3399 2916">
     <span class='ocr_line' id='line_1_52' title="bbox 1908 2834 3399 2916; baseline 0.01 -27"><span class='ocrx_word' id='word_1_333' title='bbox 1908 2835 1991 2891; x_wconf 82' lang='lat'><strong>78.</strong></span> <span class='ocrx_word' id='word_1_334' title='bbox 2025 2834 2162 2890; x_wconf 81' lang='lat' dir='ltr'><strong>Nam</strong></span> <span class='ocrx_word' id='word_1_335' title='bbox 2192 2837 2387 2895; x_wconf 87' lang='lat' dir='ltr'><strong>dedisti</strong></span> <span class='ocrx_word' id='word_1_336' title='bbox 2418 2839 2550 2895; x_wconf 92' lang='lat' dir='ltr'><strong>mihi</strong></span> <span class='ocrx_word' id='word_1_337' title='bbox 2584 2857 2800 2899; x_wconf 89' lang='lat' dir='ltr'><strong>crucem</strong></span> <span class='ocrx_word' id='word_1_338' title='bbox 2852 2851 3003 2901; x_wconf 88' lang='lat' dir='ltr'><strong>tuam</strong></span> <span class='ocrx_word' id='word_1_339' title='bbox 3033 2845 3086 2901; x_wconf 87' lang='lat' dir='ltr'><strong>iu</strong></span> <span class='ocrx_word' id='word_1_340' title='bbox 3115 2849 3399 2916; x_wconf 83' lang='lat' dir='ltr'><strong>protectio-</strong></span> 
     </span>
    </p>
   </div>
   <div class='ocr_carea' id='block_1_53' title="bbox 153 2939 1644 2984">
    <p class='ocr_par' dir='ltr' id='par_1_53' title="bbox 153 2939 262 2978">
     <span class='ocr_line' id='line_1_53' title="bbox 153 2939 262 2978; baseline 0.009 -2"><span class='ocrx_word' id='word_1_341' title='bbox 153 2939 262 2978; x_wconf 83' lang='grc' dir='ltr'>σου.</span> 
     </span>
    </p>
   </div>
   <div class='ocr_carea' id='block_1_54' title="bbox 488 2939 1979 2984">
    <p class='ocr_par' dir='ltr' id='par_1_54' title="bbox 1835 2944 1979 2984">
     <span class='ocr_line' id='line_1_54' title="bbox 1835 2944 1979 2984; baseline 0.014 -2"><span class='ocrx_word' id='word_1_342' title='bbox 1835 2944 1979 2984; x_wconf 88' lang='lat' dir='ltr'><strong>nem.</strong></span> 
     </span>
    </p>
   </div>
   <div class='ocr_carea' id='block_1_55' title="bbox 218 3015 1709 3099">
    <p class='ocr_par' dir='ltr' id='par_1_55' title="bbox 218 3015 1199 3087">
     <span class='ocr_line' id='line_1_55' title="bbox 218 3015 1199 3087; baseline 0.002 -20"><span class='ocrx_word' id='word_1_343' title='bbox 218 3016 309 3073; x_wconf 81' lang='grc'><strong>79.</strong></span> <span class='ocrx_word' id='word_1_344' title='bbox 338 3017 397 3070; x_wconf 86' lang='grc' dir='ltr'>Ὀ</span> <span class='ocrx_word' id='word_1_345' title='bbox 433 3016 561 3080; x_wconf 79' lang='grc' dir='ltr'>Υἱός</span> <span class='ocrx_word' id='word_1_346' title='bbox 589 3033 681 3069; x_wconf 90' lang='grc' dir='ltr'><strong>σου</strong></span> <span class='ocrx_word' id='word_1_347' title='bbox 716 3015 1037 3070; x_wconf 76' lang='grc' dir='ltr'>ἀντελάϐετό</span> <span class='ocrx_word' id='word_1_348' title='bbox 1074 3034 1199 3087; x_wconf 89' lang='grc' dir='ltr'>μου.</span> 
     </span>
    </p>
   </div>
   <div class='ocr_carea' id='block_1_56' title="bbox 1277 3015 2768 3099">
    <p class='ocr_par' dir='ltr' id='par_1_56' title="bbox 1907 3025 2768 3099">
     <span class='ocr_line' id='line_1_56' title="bbox 1907 3025 2768 3099; baseline 0.006 -21"><span class='ocrx_word' id='word_1_349' title='bbox 1907 3025 1992 3080; x_wconf 85' lang='grc'><strong>79.</strong></span> <span class='ocrx_word' id='word_1_350' title='bbox 2030 3025 2201 3082; x_wconf 86' lang='lat' dir='ltr'><strong>Filius</strong></span> <span class='ocrx_word' id='word_1_351' title='bbox 2234 3035 2360 3083; x_wconf 91' lang='lat' dir='ltr'><strong>tuus</strong></span> <span class='ocrx_word' id='word_1_352' title='bbox 2397 3031 2635 3099; x_wconf 89' lang='lat' dir='ltr'><strong>suscepit</strong></span> <span class='ocrx_word' id='word_1_353' title='bbox 2663 3045 2768 3084; x_wconf 88' lang='lat' dir='ltr'><strong>me.</strong></span> 
     </span>
    </p>
   </div>
   <div class='ocr_carea' id='block_1_57' title="bbox 213 3105 1704 3213">
    <p class='ocr_par' dir='ltr' id='par_1_57' title="bbox 213 3105 1699 3179">
     <span class='ocr_line' id='line_1_57' title="bbox 213 3105 1699 3179; baseline -0.005 -14"><span class='ocrx_word' id='word_1_354' title='bbox 213 3110 307 3176; x_wconf 89' lang='lat'><strong>80,</strong></span> <span class='ocrx_word' id='word_1_355' title='bbox 341 3110 432 3164; x_wconf 83' lang='grc'>81.</span> <span class='ocrx_word' id='word_1_356' title='bbox 475 3110 549 3162; x_wconf 84' lang='grc' dir='ltr'>Τὸ</span> <span class='ocrx_word' id='word_1_357' title='bbox 576 3107 887 3179; x_wconf 78' lang='grc' dir='ltr'>πτωχεύσαί</span> <span class='ocrx_word' id='word_1_358' title='bbox 926 3124 1005 3169; x_wconf 88' lang='grc' dir='ltr'><strong>σε,</strong></span> <span class='ocrx_word' id='word_1_359' title='bbox 1033 3107 1201 3175; x_wconf 76' lang='grc' dir='ltr'>λέγει,</span> <span class='ocrx_word' id='word_1_360' title='bbox 1232 3108 1325 3160; x_wconf 76' lang='grc' dir='ltr'>καὶ</span> <span class='ocrx_word' id='word_1_361' title='bbox 1358 3106 1608 3175; x_wconf 78' lang='grc' dir='ltr'>γενέσθαι</span> <span class='ocrx_word' id='word_1_362' title='bbox 1635 3105 1699 3159; x_wconf 85' lang='grc' dir='ltr'>ἄν</span> 
     </span>
    </p>
   </div>
   <div class='ocr_carea' id='block_1_58' title="bbox 1909 3105 3400 3213">
    <p class='ocr_par' dir='ltr' id='par_1_58' title="bbox 1909 3113 3400 3188">
     <span class='ocr_line' id='line_1_58' title="bbox 1909 3113 3400 3188; baseline 0.007 -20"><span class='ocrx_word' id='word_1_363' title='bbox 1909 3113 1994 3183; x_wconf 89' lang='grc'>80,</span> <span class='ocrx_word' id='word_1_364' title='bbox 2022 3116 2108 3170; x_wconf 85' lang='grc'><strong>81.</strong></span> <span class='ocrx_word' id='word_1_365' title='bbox 2165 3115 2462 3188; x_wconf 88' lang='lat' dir='ltr'><strong>Pauperem</strong></span> <span class='ocrx_word' id='word_1_366' title='bbox 2491 3119 2679 3188; x_wconf 69' lang='lat' dir='ltr'><strong>[inquit</strong></span> <span class='ocrx_word' id='word_1_367' title='bbox 2721 3128 2774 3175; x_wconf 81' lang='lat' dir='ltr'><strong>et</strong></span> <span class='ocrx_word' id='word_1_368' title='bbox 2818 3120 3092 3178; x_wconf 89' lang='lat' dir='ltr'><strong>hominem</strong></span> <span class='ocrx_word' id='word_1_369' title='bbox 3122 3132 3173 3178; x_wconf 91' lang='lat' dir='ltr'><strong>te</strong></span> <span class='ocrx_word' id='word_1_370' title='bbox 3201 3122 3400 3179; x_wconf 79' lang='lat' dir='ltr'><strong>factum</strong></span> 
     </span>
    </p>
   </div>
   <div class='ocr_carea' id='block_1_59' title="bbox 151 3196 1642 3275">
    <p class='ocr_par' dir='ltr' id='par_1_59' title="bbox 151 3196 1292 3270">
     <span class='ocr_line' id='line_1_59' title="bbox 151 3196 1292 3270; baseline -0.002 -18"><span class='ocrx_word' id='word_1_371' title='bbox 151 3196 369 3269; x_wconf 83' lang='grc' dir='ltr'>θρωπον</span> <span class='ocrx_word' id='word_1_372' title='bbox 402 3199 696 3270; x_wconf 81' lang='grc' dir='ltr'>άνώρθωσὲ</span> <span class='ocrx_word' id='word_1_373' title='bbox 730 3216 817 3269; x_wconf 85' lang='grc' dir='ltr'>με,</span> <span class='ocrx_word' id='word_1_374' title='bbox 859 3199 950 3251; x_wconf 79' lang='grc' dir='ltr'><strong>καὶ</strong></span> <span class='ocrx_word' id='word_1_375' title='bbox 980 3197 1177 3263; x_wconf 81' lang='grc' dir='ltr'>διδάξει</span> <span class='ocrx_word' id='word_1_376' title='bbox 1207 3215 1292 3269; x_wconf 82' lang='grc' dir='ltr'><strong>με.</strong></span> 
     </span>
    </p>
   </div>
   <div class='ocr_carea' id='block_1_60' title="bbox 1347 3196 2838 3275">
    <p class='ocr_par' dir='ltr' id='par_1_60' title="bbox 1759 3196 2838 3275">
     <span class='ocr_line' id='line_1_60' title="bbox 1759 3196 2838 3275; baseline 0.004 -14"><span class='ocrx_word' id='word_1_377' title='bbox 1759 3196 1798 3213; x_wconf 67' lang='grc'><strong>’³</strong></span> <span class='ocrx_word' id='word_1_378' title='bbox 1831 3220 1972 3268; x_wconf 87' lang='lat' dir='ltr'><strong>esse.</strong></span> <span class='ocrx_word' id='word_1_379' title='bbox 2003 3208 2240 3264; x_wconf 78' lang='lat' dir='ltr'><strong>correxit</strong></span> <span class='ocrx_word' id='word_1_380' title='bbox 2270 3225 2374 3275; x_wconf 87' lang='lat' dir='ltr'><strong>me,</strong></span> <span class='ocrx_word' id='word_1_381' title='bbox 2414 3221 2466 3263; x_wconf 91' lang='lat' dir='ltr'><strong>et</strong></span> <span class='ocrx_word' id='word_1_382' title='bbox 2494 3211 2708 3266; x_wconf 83' lang='lat' dir='ltr'><strong>docebit</strong></span> <span class='ocrx_word' id='word_1_383' title='bbox 2733 3227 2838 3267; x_wconf 87' lang='lat' dir='ltr'><strong>me.</strong></span> 
     </span>
    </p>
   </div>
   <div class='ocr_carea' id='block_1_61' title="bbox 216 3289 1707 3374">
    <p class='ocr_par' dir='ltr' id='par_1_61' title="bbox 216 3289 1706 3363">
     <span class='ocr_line' id='line_1_61' title="bbox 216 3289 1706 3363; baseline -0.002 -15"><span class='ocrx_word' id='word_1_384' title='bbox 216 3294 307 3348; x_wconf 77' lang='lat'><strong>8‘2.</strong></span> <span class='ocrx_word' id='word_1_385' title='bbox 340 3293 675 3355; x_wconf 83' lang='grc' dir='ltr'>Ἐπλὰτυνας</span> <span class='ocrx_word' id='word_1_386' title='bbox 717 3291 814 3363; x_wconf 82' lang='grc' dir='ltr'>τὴν</span> <span class='ocrx_word' id='word_1_387' title='bbox 845 3291 1076 3362; x_wconf 74' lang='grc' dir='ltr'>καρδίαν</span> <span class='ocrx_word' id='word_1_388' title='bbox 1109 3308 1231 3361; x_wconf 83' lang='grc' dir='ltr'>μου,</span> <span class='ocrx_word' id='word_1_389' title='bbox 1262 3289 1354 3343; x_wconf 81' lang='grc' dir='ltr'><strong>τοῦ</strong></span> <span class='ocrx_word' id='word_1_390' title='bbox 1400 3290 1706 3363; x_wconf 85' lang='grc' dir='ltr'>πορεύεσθα</span> 
     </span>
    </p>
   </div>
   <div class='ocr_carea' id='block_1_62' title="bbox 1912 3289 3403 3374">
    <p class='ocr_par' dir='ltr' id='par_1_62' title="bbox 1912 3298 3403 3374">
     <span class='ocr_line' id='line_1_62' title="bbox 1912 3298 3403 3374; baseline 0.008 -22"><span class='ocrx_word' id='word_1_391' title='bbox 1912 3298 1990 3355; x_wconf 67' lang='grc' dir='ltr'><strong>ΒΞ.</strong></span> <span class='ocrx_word' id='word_1_392' title='bbox 2026 3299 2269 3356; x_wconf 90' lang='lat' dir='ltr'><strong>Dilatasti</strong></span> <span class='ocrx_word' id='word_1_393' title='bbox 2319 3317 2415 3356; x_wconf 92' lang='lat' dir='ltr'><strong>cor</strong></span> <span class='ocrx_word' id='word_1_394' title='bbox 2463 3319 2664 3370; x_wconf 89' lang='lat' dir='ltr'><strong>meum,</strong></span> <span class='ocrx_word' id='word_1_395' title='bbox 2704 3313 2764 3359; x_wconf 89' lang='lat' dir='ltr'><strong>ut</strong></span> <span class='ocrx_word' id='word_1_396' title='bbox 2796 3307 3140 3374; x_wconf 86' lang='lat' dir='ltr'><strong>procederem</strong></span> <span class='ocrx_word' id='word_1_397' title='bbox 3193 3308 3246 3363; x_wconf 95' lang='lat' dir='ltr'><strong>in</strong></span> <span class='ocrx_word' id='word_1_398' title='bbox 3301 3307 3403 3364; x_wconf 77' lang='lat' dir='ltr'><strong>viis</strong></span> 
     </span>
    </p>
   </div>
   <div class='ocr_carea' id='block_1_63' title="bbox 156 3385 1647 3454">
    <p class='ocr_par' dir='ltr' id='par_1_63' title="bbox 156 3385 779 3454">
     <span class='ocr_line' id='line_1_63' title="bbox 156 3385 779 3454; baseline 0 -16"><span class='ocrx_word' id='word_1_399' title='bbox 156 3402 217 3454; x_wconf 78' lang='grc' dir='ltr'>με</span> <span class='ocrx_word' id='word_1_400' title='bbox 246 3388 309 3439; x_wconf 77' lang='grc' dir='ltr'><strong>ἐν</strong></span> <span class='ocrx_word' id='word_1_401' title='bbox 347 3389 468 3447; x_wconf 87' lang='grc' dir='ltr'>ταῖς</span> <span class='ocrx_word' id='word_1_402' title='bbox 495 3385 635 3447; x_wconf 85' lang='grc' dir='ltr'>ὁδοῖς</span> <span class='ocrx_word' id='word_1_403' title='bbox 663 3401 779 3438; x_wconf 91' lang='grc' dir='ltr'>σου.</span> 
     </span>
    </p>
   </div>
   <div class='ocr_carea' id='block_1_64' title="bbox 469 3385 1960 3454">
    <p class='ocr_par' dir='ltr' id='par_1_64' title="bbox 495 3385 1960 3447">
     <span class='ocr_line' id='line_1_64' title="bbox 495 3385 1960 3447; baseline 0.005 -11"><span class='ocrx_word' id='word_1_404' title='bbox 495 3385 635 3447; x_wconf 81' lang='grc' dir='ltr'>ὁδοῖς</span> <span class='ocrx_word' id='word_1_405' title='bbox 663 3401 779 3438; x_wconf 90' lang='grc' dir='ltr'>σου.</span> <span class='ocrx_word' id='word_1_406' title='bbox 1833 3389 1960 3443; x_wconf 90' lang='lat' dir='ltr'><strong>tuis.</strong></span> 
     </span>
    </p>
   </div>
   <div class='ocr_carea' id='block_1_65' title="bbox 215 3477 1706 3553">
    <p class='ocr_par' dir='ltr' id='par_1_65' title="bbox 215 3477 929 3549">
     <span class='ocr_line' id='line_1_65' title="bbox 215 3477 929 3549; baseline -0.001 -18"><span class='ocrx_word' id='word_1_407' title='bbox 215 3477 306 3531; x_wconf 74' lang='lat'><strong>83.</strong></span> <span class='ocrx_word' id='word_1_408' title='bbox 349 3478 416 3529; x_wconf 79' lang='grc' dir='ltr'><strong>Αἱ</strong></span> <span class='ocrx_word' id='word_1_409' title='bbox 446 3477 775 3549; x_wconf 73' lang='grc' dir='ltr'>ἐνθυμήσεις</span> <span class='ocrx_word' id='word_1_410' title='bbox 807 3495 929 3548; x_wconf 83' lang='grc' dir='ltr'>μου.</span> 
     </span>
    </p>
   </div>
   <div class='ocr_carea' id='block_1_66' title="bbox 1084 3477 2575 3553">
    <p class='ocr_par' dir='ltr' id='par_1_66' title="bbox 1901 3481 2575 3553">
     <span class='ocr_line' id='line_1_66' title="bbox 1901 3481 2575 3553; baseline 0.009 -18"><span class='ocrx_word' id='word_1_411' title='bbox 1901 3481 1989 3536; x_wconf 89' lang='grc'><strong>85.</strong></span> <span class='ocrx_word' id='word_1_412' title='bbox 2026 3481 2393 3553; x_wconf 83' lang='lat' dir='ltr'><strong>Cogitationes</strong></span> <span class='ocrx_word' id='word_1_413' title='bbox 2421 3501 2575 3541; x_wconf 57' lang='lat' dir='ltr'><strong>meat.</strong></span> 
     </span>
    </p>
   </div>
   <div class='ocr_carea' id='block_1_67' title="bbox 216 3569 1707 3645">
    <p class='ocr_par' dir='ltr' id='par_1_67' title="bbox 216 3569 1707 3643">
     <span class='ocr_line' id='line_1_67' title="bbox 216 3569 1707 3643; baseline -0.003 -15"><span class='ocrx_word' id='word_1_414' title='bbox 216 3572 310 3628; x_wconf 63' lang='grc'><strong>84.</strong></span> <span class='ocrx_word' id='word_1_415' title='bbox 354 3571 742 3642; x_wconf 80' lang='grc' dir='ltr'>Περιγένωμαι</span> <span class='ocrx_word' id='word_1_416' title='bbox 777 3572 884 3624; x_wconf 90' lang='grc' dir='ltr'><strong>τῶν</strong></span> <span class='ocrx_word' id='word_1_417' title='bbox 916 3570 1188 3640; x_wconf 79' lang='grc' dir='ltr'>λογισμῶν</span> <span class='ocrx_word' id='word_1_418' title='bbox 1220 3569 1313 3623; x_wconf 81' lang='grc' dir='ltr'><strong>τοῦ</strong></span> <span class='ocrx_word' id='word_1_419' title='bbox 1337 3570 1532 3643; x_wconf 80' lang='grc' dir='ltr'><strong>ἐχθροῦ</strong></span> <span class='ocrx_word' id='word_1_420' title='bbox 1565 3573 1623 3623; x_wconf 86' lang='grc' dir='ltr'>ὲν</span> <span class='ocrx_word' id='word_1_421' title='bbox 1651 3572 1707 3641; x_wconf 68' lang='grc' dir='ltr'>τᾷ</span> 
     </span>
    </p>
   </div>
   <div class='ocr_carea' id='block_1_68' title="bbox 1909 3569 3400 3645">
    <p class='ocr_par' dir='ltr' id='par_1_68' title="bbox 1909 3575 3400 3645">
     <span class='ocr_line' id='line_1_68' title="bbox 1909 3575 3400 3645; baseline 0.004 -15"><span class='ocrx_word' id='word_1_422' title='bbox 1909 3575 1989 3630; x_wconf 69' lang='grc'><strong>34.</strong></span> <span class='ocrx_word' id='word_1_423' title='bbox 2025 3575 2393 3631; x_wconf 79' lang='lat' dir='ltr'><strong>Consiliorum</strong></span> <span class='ocrx_word' id='word_1_424' title='bbox 2443 3579 2671 3645; x_wconf 88' lang='lat' dir='ltr'><strong>inimici,</strong></span> <span class='ocrx_word' id='word_1_425' title='bbox 2702 3593 2889 3633; x_wconf 88' lang='lat' dir='ltr'><strong>eorum</strong></span> <span class='ocrx_word' id='word_1_426' title='bbox 2941 3578 3203 3634; x_wconf 89' lang='lat' dir='ltr'><strong>malitiam</strong></span> <span class='ocrx_word' id='word_1_427' title='bbox 3252 3590 3400 3637; x_wconf 87' lang='lat' dir='ltr'><strong>ante-</strong></span> 
     </span>
    </p>
   </div>
   <div class='ocr_carea' id='block_1_69' title="bbox 155 3664 1646 3737">
    <p class='ocr_par' dir='ltr' id='par_1_69' title="bbox 155 3664 1045 3737">
     <span class='ocr_line' id='line_1_69' title="bbox 155 3664 1045 3737; baseline 0 -19"><span class='ocrx_word' id='word_1_428' title='bbox 155 3664 355 3732; x_wconf 74' lang='grc' dir='ltr'>φθάσαι</span> <span class='ocrx_word' id='word_1_429' title='bbox 393 3684 461 3737; x_wconf 83' lang='grc' dir='ltr'>με</span> <span class='ocrx_word' id='word_1_430' title='bbox 492 3666 592 3737; x_wconf 79' lang='grc' dir='ltr'>τὴν</span> <span class='ocrx_word' id='word_1_431' title='bbox 621 3665 818 3719; x_wconf 79' lang='grc' dir='ltr'>κακίαν</span> <span class='ocrx_word' id='word_1_432' title='bbox 846 3664 1045 3719; x_wconf 82' lang='grc' dir='ltr'>αὐτῶν.</span> 
     </span>
    </p>
   </div>
   <div class='ocr_carea' id='block_1_70' title="bbox 940 3664 2431 3737">
    <p class='ocr_par' dir='ltr' id='par_1_70' title="bbox 940 3664 2431 3723">
     <span class='ocr_line' id='line_1_70' title="bbox 940 3664 2431 3723; baseline 0.004 -6"><span class='ocrx_word' id='word_1_433' title='bbox 940 3664 1045 3718; x_wconf 77' lang='grc' dir='ltr'>τῶν.</span> <span class='ocrx_word' id='word_1_434' title='bbox 1829 3668 2087 3721; x_wconf 71' lang='lat' dir='ltr'><strong>vertendo</strong></span> <span class='ocrx_word' id='word_1_435' title='bbox 2114 3668 2288 3722; x_wconf 88' lang='lat' dir='ltr'><strong>victor</strong></span> <span class='ocrx_word' id='word_1_436' title='bbox 2317 3684 2431 3723; x_wconf 89' lang='lat' dir='ltr'><strong>ero.</strong></span> 
     </span>
    </p>
   </div>
   <div class='ocr_carea' id='block_1_71' title="bbox 212 3756 1703 3833">
    <p class='ocr_par' dir='ltr' id='par_1_71' title="bbox 212 3758 1417 3829">
     <span class='ocr_line' id='line_1_71' title="bbox 212 3758 1417 3829; baseline -0.002 -16"><span class='ocrx_word' id='word_1_437' title='bbox 212 3758 308 3813; x_wconf 81' lang='grc'><strong>85.</strong></span> <span class='ocrx_word' id='word_1_438' title='bbox 350 3758 463 3811; x_wconf 83' lang='lat' dir='ltr'><strong>Kal</strong></span> <span class='ocrx_word' id='word_1_439' title='bbox 487 3760 548 3811; x_wconf 83' lang='grc' dir='ltr'>οὐ</span> <span class='ocrx_word' id='word_1_440' title='bbox 577 3758 853 3829; x_wconf 81' lang='grc' dir='ltr'>παύσομαι</span> <span class='ocrx_word' id='word_1_441' title='bbox 880 3758 985 3822; x_wconf 75' lang='grc' dir='ltr'>ἕως</span> <span class='ocrx_word' id='word_1_442' title='bbox 1012 3758 1080 3812; x_wconf 86' lang='grc' dir='ltr'>ἂν</span> <span class='ocrx_word' id='word_1_443' title='bbox 1112 3758 1417 3811; x_wconf 85' lang='grc' dir='ltr'>άνιστῶσιν.</span> 
     </span>
    </p>
   </div>
   <div class='ocr_carea' id='block_1_72' title="bbox 1451 3756 2942 3833">
    <p class='ocr_par' dir='ltr' id='par_1_72' title="bbox 1899 3756 2942 3833">
     <span class='ocr_line' id='line_1_72' title="bbox 1899 3756 2942 3833; baseline 0.006 -22"><span class='ocrx_word' id='word_1_444' title='bbox 1899 3757 1988 3812; x_wconf 83' lang='grc'><strong>85.</strong></span> <span class='ocrx_word' id='word_1_445' title='bbox 2021 3756 2130 3813; x_wconf 81' lang='lat' dir='ltr'><strong>Nec</strong></span> <span class='ocrx_word' id='word_1_446' title='bbox 2159 3760 2405 3823; x_wconf 86' lang='lat' dir='ltr'><strong>cessabo,</strong></span> <span class='ocrx_word' id='word_1_447' title='bbox 2442 3760 2615 3816; x_wconf 91' lang='lat' dir='ltr'><strong>donec</strong></span> <span class='ocrx_word' id='word_1_448' title='bbox 2637 3762 2942 3833; x_wconf 78' lang='lat' dir='ltr'><strong>insurgunt.</strong></span> 
     </span>
    </p>
   </div>
   <div class='ocr_carea' id='block_1_73' title="bbox 213 3847 1704 3923">
    <p class='ocr_par' dir='ltr' id='par_1_73' title="bbox 213 3850 1482 3923">
     <span class='ocr_line' id='line_1_73' title="bbox 213 3850 1482 3923; baseline 0.001 -19"><span class='ocrx_word' id='word_1_449' title='bbox 213 3850 307 3904; x_wconf 84' lang='lat'><strong>86.</strong></span> <span class='ocrx_word' id='word_1_450' title='bbox 346 3850 535 3917; x_wconf 79' lang='grc' dir='ltr'><strong>Διώξω</strong></span> <span class='ocrx_word' id='word_1_451' title='bbox 565 3851 781 3915; x_wconf 77' lang='grc' dir='ltr'>αὐτοὺς,</span> <span class='ocrx_word' id='word_1_452' title='bbox 808 3852 903 3904; x_wconf 78' lang='grc' dir='ltr'>καὶ</span> <span class='ocrx_word' id='word_1_453' title='bbox 927 3852 1028 3904; x_wconf 80' lang='grc' dir='ltr'>οὐκ</span> <span class='ocrx_word' id='word_1_454' title='bbox 1054 3851 1482 3923; x_wconf 79' lang='grc' dir='ltr'>ἀντιστήσονται.</span> 
     </span>
    </p>
   </div>
   <div class='ocr_carea' id='block_1_74' title="bbox 1450 3847 2941 3923">
    <p class='ocr_par' dir='ltr' id='par_1_74' title="bbox 1450 3847 2941 3919">
     <span class='ocr_line' id='line_1_74' title="bbox 1450 3847 2941 3919; baseline 0.007 -20"><span class='ocrx_word' id='word_1_455' title='bbox 1450 3868 1482 3905; x_wconf 87' lang='grc' dir='ltr'><strong>ι.</strong></span> <span class='ocrx_word' id='word_1_456' title='bbox 1897 3847 1987 3902; x_wconf 85' lang='lat'><strong>86.</strong></span> <span class='ocrx_word' id='word_1_457' title='bbox 2017 3847 2317 3919; x_wconf 85' lang='lat' dir='ltr'><strong>Persequar</strong></span> <span class='ocrx_word' id='word_1_458' title='bbox 2347 3866 2461 3914; x_wconf 90' lang='lat' dir='ltr'><strong>cos,</strong></span> <span class='ocrx_word' id='word_1_459' title='bbox 2493 3866 2593 3906; x_wconf 79' lang='lat' dir='ltr'><strong>nec</strong></span> <span class='ocrx_word' id='word_1_460' title='bbox 2623 3854 2941 3909; x_wconf 86' lang='lat' dir='ltr'><strong>consistent.</strong></span> 
     </span>
    </p>
   </div>
   <div class='ocr_carea' id='block_1_75' title="bbox 215 3939 1706 4013">
    <p class='ocr_par' dir='ltr' id='par_1_75' title="bbox 215 3942 1122 4013">
     <span class='ocr_line' id='line_1_75' title="bbox 215 3942 1122 4013; baseline 0.002 -18"><span class='ocrx_word' id='word_1_461' title='bbox 215 3942 308 3995; x_wconf 83' lang='lat'><strong>87.</strong></span> <span class='ocrx_word' id='word_1_462' title='bbox 334 3942 620 4008; x_wconf 78' lang='grc' dir='ltr'>’Υποτάξω</span> <span class='ocrx_word' id='word_1_463' title='bbox 652 3944 845 4007; x_wconf 79' lang='grc' dir='ltr'>αὐτοὺς</span> <span class='ocrx_word' id='word_1_464' title='bbox 881 3943 972 3998; x_wconf 82' lang='grc' dir='ltr'><strong>ὑπ’</strong></span> <span class='ocrx_word' id='word_1_465' title='bbox 1003 3942 1122 4013; x_wconf 78' lang='grc' dir='ltr'>ἐμέ.</span> 
     </span>
    </p>
   </div>
   <div class='ocr_carea' id='block_1_76' title="bbox 1222 3939 2713 4013">
    <p class='ocr_par' dir='ltr' id='par_1_76' title="bbox 1899 3939 2713 4010">
     <span class='ocr_line' id='line_1_76' title="bbox 1899 3939 2713 4010; baseline 0.005 -16"><span class='ocrx_word' id='word_1_466' title='bbox 1899 3939 1987 3994; x_wconf 89' lang='lat'><strong>87.</strong></span> <span class='ocrx_word' id='word_1_467' title='bbox 2024 3939 2138 3995; x_wconf 88' lang='lat' dir='ltr'><strong>Sub</strong></span> <span class='ocrx_word' id='word_1_468' title='bbox 2165 3956 2248 3996; x_wconf 89' lang='lat' dir='ltr'><strong>me</strong></span> <span class='ocrx_word' id='word_1_469' title='bbox 2278 3958 2372 3997; x_wconf 86' lang='lat' dir='ltr'><strong>eos</strong></span> <span class='ocrx_word' id='word_1_470' title='bbox 2404 3942 2713 4010; x_wconf 86' lang='lat' dir='ltr'><strong>subjiciam.</strong></span> 
     </span>
    </p>
   </div>
   <div class='ocr_carea' id='block_1_77' title="bbox 214 4030 1705 4109">
    <p class='ocr_par' dir='ltr' id='par_1_77' title="bbox 214 4033 1695 4107">
     <span class='ocr_line' id='line_1_77' title="bbox 214 4033 1695 4107; baseline -0.001 -19"><span class='ocrx_word' id='word_1_471' title='bbox 214 4033 312 4088; x_wconf 88' lang='lat'><strong>88.</strong></span> <span class='ocrx_word' id='word_1_472' title='bbox 352 4034 698 4105; x_wconf 75' lang='grc' dir='ltr'>Περιέζωσάς</span> <span class='ocrx_word' id='word_1_473' title='bbox 744 4051 810 4105; x_wconf 84' lang='grc' dir='ltr'>με</span> <span class='ocrx_word' id='word_1_474' title='bbox 855 4034 953 4105; x_wconf 84' lang='grc' dir='ltr'>τὴν</span> <span class='ocrx_word' id='word_1_475' title='bbox 980 4034 1138 4107; x_wconf 84' lang='grc' dir='ltr'>χάριν</span> <span class='ocrx_word' id='word_1_476' title='bbox 1165 4035 1258 4088; x_wconf 80' lang='grc' dir='ltr'><strong>τοῦ</strong></span> <span class='ocrx_word' id='word_1_477' title='bbox 1285 4034 1439 4103; x_wconf 81' lang='grc' dir='ltr'>ἁγίου</span> <span class='ocrx_word' id='word_1_478' title='bbox 1474 4035 1695 4104; x_wconf 85' lang='grc' dir='ltr'>Ιινεύμα</span> 
     </span>
    </p>
   </div>
   <div class='ocr_carea' id='block_1_78' title="bbox 1907 4030 3398 4109">
    <p class='ocr_par' dir='ltr' id='par_1_78' title="bbox 1907 4030 3398 4109">
     <span class='ocr_line' id='line_1_78' title="bbox 1907 4030 3398 4109; baseline 0.005 -23"><span class='ocrx_word' id='word_1_479' title='bbox 1907 4030 1989 4086; x_wconf 80' lang='lat'><strong>88.</strong></span> <span class='ocrx_word' id='word_1_480' title='bbox 2020 4031 2362 4089; x_wconf 66' lang='lat' dir='ltr'><strong>Praecinxisti</strong></span> <span class='ocrx_word' id='word_1_481' title='bbox 2399 4050 2485 4089; x_wconf 91' lang='lat' dir='ltr'><strong>me</strong></span> <span class='ocrx_word' id='word_1_482' title='bbox 2517 4037 2692 4105; x_wconf 87' lang='lat' dir='ltr'><strong>gratia</strong></span> <span class='ocrx_word' id='word_1_483' title='bbox 2731 4038 2905 4093; x_wconf 85' lang='lat' dir='ltr'><strong>sancti</strong></span> <span class='ocrx_word' id='word_1_484' title='bbox 2934 4037 3171 4109; x_wconf 90' lang='lat' dir='ltr'><strong>Spiritus</strong></span> <span class='ocrx_word' id='word_1_485' title='bbox 3202 4038 3301 4103; x_wconf 91' lang='lat' dir='ltr'><strong>tui,</strong></span> <span class='ocrx_word' id='word_1_486' title='bbox 3340 4046 3398 4093; x_wconf 92' lang='lat' dir='ltr'><strong>ut</strong></span> 
     </span>
    </p>
   </div>
   <div class='ocr_carea' id='block_1_79' title="bbox 151 4124 1642 4197">
    <p class='ocr_par' dir='ltr' id='par_1_79' title="bbox 151 4124 1642 4197">
     <span class='ocr_line' id='line_1_79' title="bbox 151 4124 1642 4197; baseline 0.001 -17"><span class='ocrx_word' id='word_1_487' title='bbox 151 4126 234 4191; x_wconf 68' lang='grc' dir='ltr'><strong>τός</strong></span> <span class='ocrx_word' id='word_1_488' title='bbox 289 4144 384 4180; x_wconf 87' lang='grc' dir='ltr'><strong>σου</strong></span> <span class='ocrx_word' id='word_1_489' title='bbox 429 4129 486 4179; x_wconf 83' lang='grc' dir='ltr'><strong>ἐν</strong></span> <span class='ocrx_word' id='word_1_490' title='bbox 529 4127 665 4197; x_wconf 81' lang='grc' dir='ltr'>αὐτῇ</span> <span class='ocrx_word' id='word_1_491' title='bbox 718 4124 1056 4190; x_wconf 77' lang='grc' dir='ltr'>ὁπλίζεσθαι,</span> <span class='ocrx_word' id='word_1_492' title='bbox 1095 4128 1188 4180; x_wconf 74' lang='grc' dir='ltr'>καὶ</span> <span class='ocrx_word' id='word_1_493' title='bbox 1220 4128 1574 4182; x_wconf 84' lang='grc' dir='ltr'>ἀνθίστασθαι</span> <span class='ocrx_word' id='word_1_494' title='bbox 1605 4144 1642 4181; x_wconf 83' lang='grc' dir='ltr'><strong>τι</strong></span> 
     </span>
    </p>
   </div>
   <div class='ocr_carea' id='block_1_80' title="bbox 1587 4124 3078 4197">
    <p class='ocr_par' dir='ltr' id='par_1_80' title="bbox 1605 4124 3078 4192">
     <span class='ocr_line' id='line_1_80' title="bbox 1605 4124 3078 4192; baseline 0.003 -11"><span class='ocrx_word' id='word_1_495' title='bbox 1605 4131 1727 4191; x_wconf 86' lang='grc' dir='ltr'>ταῖς</span> <span class='ocrx_word' id='word_1_496' title='bbox 1827 4124 1944 4192; x_wconf 91' lang='lat' dir='ltr'><strong>ipsa</strong></span> <span class='ocrx_word' id='word_1_497' title='bbox 1979 4135 2225 4181; x_wconf 89' lang='lat' dir='ltr'><strong>armatus</strong></span> <span class='ocrx_word' id='word_1_498' title='bbox 2260 4126 2463 4183; x_wconf 87' lang='lat' dir='ltr'><strong>diaboli</strong></span> <span class='ocrx_word' id='word_1_499' title='bbox 2496 4128 2713 4185; x_wconf 89' lang='lat' dir='ltr'><strong>insidiis</strong></span> <span class='ocrx_word' id='word_1_500' title='bbox 2743 4130 3078 4187; x_wconf 89' lang='lat' dir='ltr'><strong>resistercm.</strong></span> 
     </span>
    </p>
   </div>
   <div class='ocr_carea' id='block_1_81' title="bbox 156 4217 883 4288">
    <p class='ocr_par' dir='ltr' id='par_1_81' title="bbox 156 4217 883 4288">
     <span class='ocr_line' id='line_1_81' title="bbox 156 4217 883 4288; baseline -0.004 -16"><span class='ocrx_word' id='word_1_501' title='bbox 156 4218 458 4288; x_wconf 75' lang='grc' dir='ltr'>μεθοδείαις</span> <span class='ocrx_word' id='word_1_502' title='bbox 488 4217 583 4271; x_wconf 81' lang='grc' dir='ltr'><strong>τοῦ</strong></span> <span class='ocrx_word' id='word_1_503' title='bbox 614 4217 883 4271; x_wconf 73' lang='grc' dir='ltr'>διαϐόλου.</span> 
     </span>
    </p>
   </div>
   <div class='ocr_carea' id='block_1_82' title="bbox 215 4307 1706 4380">
    <p class='ocr_par' dir='ltr' id='par_1_82' title="bbox 215 4307 1706 4379">
     <span class='ocr_line' id='line_1_82' title="bbox 215 4307 1706 4379; baseline 0 -14"><span class='ocrx_word' id='word_1_504' title='bbox 215 4307 593 4373; x_wconf 69' lang='grc' dir='ltr'>89.Ἐδωκάς’</span> <span class='ocrx_word' id='word_1_505' title='bbox 631 4326 720 4379; x_wconf 82' lang='grc' dir='ltr'><strong>μοι</strong></span> <span class='ocrx_word' id='word_1_506' title='bbox 768 4310 1014 4373; x_wconf 80' lang='grc' dir='ltr'>ἐξουσίαν</span> <span class='ocrx_word' id='word_1_507' title='bbox 1058 4313 1249 4365; x_wconf 84' lang='grc' dir='ltr'>πατεῖν</span> <span class='ocrx_word' id='word_1_508' title='bbox 1308 4312 1491 4365; x_wconf 87' lang='grc' dir='ltr'>ἐπάνω</span> <span class='ocrx_word' id='word_1_509' title='bbox 1551 4312 1706 4379; x_wconf 63' lang='grc' dir='ltr'>δφεωπ</span> 
     </span>
    </p>
   </div>
   <div class='ocr_carea' id='block_1_83' title="bbox 1905 4307 3396 4380">
    <p class='ocr_par' dir='ltr' id='par_1_83' title="bbox 1905 4307 3396 4380">
     <span class='ocr_line' id='line_1_83' title="bbox 1905 4307 3396 4380; baseline 0.002 -18"><span class='ocrx_word' id='word_1_510' title='bbox 1905 4307 1981 4362; x_wconf 79' lang='lat' dir='ltr'><strong>B9.</strong></span> <span class='ocrx_word' id='word_1_511' title='bbox 2034 4307 2360 4363; x_wconf 83' lang='lat' dir='ltr'><strong>Potestatem</strong></span> <span class='ocrx_word' id='word_1_512' title='bbox 2414 4309 2547 4363; x_wconf 89' lang='lat' dir='ltr'><strong>mihi</strong></span> <span class='ocrx_word' id='word_1_513' title='bbox 2597 4309 2792 4364; x_wconf 88' lang='lat' dir='ltr'><strong>dedisti</strong></span> <span class='ocrx_word' id='word_1_514' title='bbox 2819 4309 3200 4365; x_wconf 85' lang='lat' dir='ltr'><strong>deambulandi</strong></span> <span class='ocrx_word' id='word_1_515' title='bbox 3235 4326 3396 4380; x_wconf 89' lang='lat' dir='ltr'><strong>super</strong></span> 
     </span>
    </p>
   </div>
   <div class='ocr_carea' id='block_1_84' title="bbox 151 4398 1642 4475">
    <p class='ocr_par' dir='ltr' id='par_1_84' title="bbox 151 4402 1642 4475">
     <span class='ocr_line' id='line_1_84' title="bbox 151 4402 1642 4475; baseline -0.001 -19"><span class='ocrx_word' id='word_1_516' title='bbox 151 4406 238 4457; x_wconf 81' lang='grc' dir='ltr'>καὶ</span> <span class='ocrx_word' id='word_1_517' title='bbox 276 4404 574 4474; x_wconf 82' lang='grc' dir='ltr'>σκορπίων,</span> <span class='ocrx_word' id='word_1_518' title='bbox 601 4402 695 4455; x_wconf 82' lang='grc' dir='ltr'>καὶ</span> <span class='ocrx_word' id='word_1_519' title='bbox 722 4402 815 4455; x_wconf 77' lang='grc' dir='ltr'>ἐπὶ</span> <span class='ocrx_word' id='word_1_520' title='bbox 844 4404 1025 4456; x_wconf 79' lang='grc' dir='ltr'>πᾶσαν</span> <span class='ocrx_word' id='word_1_521' title='bbox 1054 4402 1282 4472; x_wconf 83' lang='grc' dir='ltr'>δύναμιν</span> <span class='ocrx_word' id='word_1_522' title='bbox 1308 4404 1401 4456; x_wconf 82' lang='grc' dir='ltr'><strong>τοῦ</strong></span> <span class='ocrx_word' id='word_1_523' title='bbox 1434 4403 1642 4475; x_wconf 82' lang='grc' dir='ltr'>ἐχθροῦ.</span> 
     </span>
    </p>
   </div>
   <div class='ocr_carea' id='block_1_85' title="bbox 1903 4398 3394 4475">
    <p class='ocr_par' dir='ltr' id='par_1_85' title="bbox 1903 4398 3394 4470">
     <span class='ocr_line' id='line_1_85' title="bbox 1903 4398 3394 4470; baseline 0.004 -20"><span class='ocrx_word' id='word_1_524' title='bbox 1903 4404 2106 4464; x_wconf 57' lang='grc' dir='ltr'>νρειιιεε</span> <span class='ocrx_word' id='word_1_525' title='bbox 2151 4406 2207 4450; x_wconf 91' lang='lat' dir='ltr'><strong>et</strong></span> <span class='ocrx_word' id='word_1_526' title='bbox 2240 4398 2557 4463; x_wconf 86' lang='lat' dir='ltr'><strong>scorpiones</strong></span> <span class='ocrx_word' id='word_1_527' title='bbox 2609 4408 2664 4453; x_wconf 90' lang='lat' dir='ltr'><strong>et</strong></span> <span class='ocrx_word' id='word_1_528' title='bbox 2713 4414 2876 4469; x_wconf 88' lang='lat' dir='ltr'><strong>super</strong></span> <span class='ocrx_word' id='word_1_529' title='bbox 2899 4414 3118 4454; x_wconf 89' lang='lat' dir='ltr'><strong>omnem</strong></span> <span class='ocrx_word' id='word_1_530' title='bbox 3152 4411 3394 4470; x_wconf 80' lang='lat' dir='ltr'><strong>potesta-</strong></span> 
     </span>
    </p>
   </div>
   <div class='ocr_carea' id='block_1_86' title="bbox 1753 4487 2185 4560">
    <p class='ocr_par' dir='ltr' id='par_1_86' title="bbox 1753 4487 2185 4560">
     <span class='ocr_line' id='line_1_86' title="bbox 1753 4487 2185 4560; baseline 0 -19"><span class='ocrx_word' id='word_1_531' title='bbox 1753 4506 1796 4560; x_wconf 76' lang='grc' dir='ltr'><strong>ι)</strong></span> <span class='ocrx_word' id='word_1_532' title='bbox 1826 4496 1931 4541; x_wconf 88' lang='lat' dir='ltr'><strong>tem</strong></span> <span class='ocrx_word' id='word_1_533' title='bbox 1961 4487 2185 4541; x_wconf 83' lang='lat' dir='ltr'><strong>inimici.</strong></span> 
     </span>
    </p>
   </div>
   <div class='ocr_carea' id='block_1_87' title="bbox 213 4574 1704 4653">
    <p class='ocr_par' dir='ltr' id='par_1_87' title="bbox 213 4580 1304 4653">
     <span class='ocr_line' id='line_1_87' title="bbox 213 4580 1304 4653; baseline -0.003 -17"><span class='ocrx_word' id='word_1_534' title='bbox 213 4580 311 4636; x_wconf 87' lang='lat'><strong>90.</strong></span> <span class='ocrx_word' id='word_1_535' title='bbox 328 4582 574 4645; x_wconf 82' lang='grc' dir='ltr'>Ἔδωκάς</span> <span class='ocrx_word' id='word_1_536' title='bbox 600 4600 689 4653; x_wconf 87' lang='grc' dir='ltr'>μοι</span> <span class='ocrx_word' id='word_1_537' title='bbox 716 4582 911 4647; x_wconf 75' lang='grc' dir='ltr'>αὐτοὺς</span> <span class='ocrx_word' id='word_1_538' title='bbox 945 4580 1304 4653; x_wconf 81' lang='grc' dir='ltr'>ὑποχειρίους.</span> 
     </span>
    </p>
   </div>
   <div class='ocr_carea' id='block_1_88' title="bbox 1127 4574 2618 4653">
    <p class='ocr_par' dir='ltr' id='par_1_88' title="bbox 1127 4574 2618 4653">
     <span class='ocr_line' id='line_1_88' title="bbox 1127 4574 2618 4653; baseline -0.001 -19"><span class='ocrx_word' id='word_1_539' title='bbox 1127 4580 1304 4653; x_wconf 73' lang='grc' dir='ltr'>ιρίους.</span> <span class='ocrx_word' id='word_1_540' title='bbox 1898 4576 1985 4630; x_wconf 91' lang='lat'><strong>90.</strong></span> <span class='ocrx_word' id='word_1_541' title='bbox 2022 4574 2131 4631; x_wconf 87' lang='lat' dir='ltr'><strong>Eos</strong></span> <span class='ocrx_word' id='word_1_542' title='bbox 2161 4576 2291 4631; x_wconf 84' lang='lat' dir='ltr'><strong>mihi</strong></span> <span class='ocrx_word' id='word_1_543' title='bbox 2318 4577 2618 4647; x_wconf 82' lang='lat' dir='ltr'><strong>subjecisti.</strong></span> 
     </span>
    </p>
   </div>
   <div class='ocr_carea' id='block_1_89' title="bbox 213 4667 1704 4744">
    <p class='ocr_par' dir='ltr' id='par_1_89' title="bbox 213 4673 811 4744">
     <span class='ocr_line' id='line_1_89' title="bbox 213 4673 811 4744; baseline -0.008 -14"><span class='ocrx_word' id='word_1_544' title='bbox 213 4674 310 4730; x_wconf 81' lang='lat'><strong>9|.</strong></span> <span class='ocrx_word' id='word_1_545' title='bbox 351 4674 488 4737; x_wconf 78' lang='grc' dir='ltr'>Τοὺς</span> <span class='ocrx_word' id='word_1_546' title='bbox 518 4673 811 4744; x_wconf 71' lang='grc' dir='ltr'>δαίμονας.</span> 
     </span>
    </p>
   </div>
   <div class='ocr_carea' id='block_1_90' title="bbox 832 4667 2323 4744">
    <p class='ocr_par' dir='ltr' id='par_1_90' title="bbox 1896 4667 2323 4723">
     <span class='ocr_line' id='line_1_90' title="bbox 1896 4667 2323 4723; baseline 0.002 -1"><span class='ocrx_word' id='word_1_547' title='bbox 1896 4669 1985 4722; x_wconf 78' lang='grc'><strong>91.</strong></span> <span class='ocrx_word' id='word_1_548' title='bbox 2022 4667 2323 4723; x_wconf 62' lang='lat' dir='ltr'><strong>Daemones.</strong></span> 
     </span>
    </p>
   </div>
   <div class='ocr_carea' id='block_1_91' title="bbox 214 4759 1705 4838">
    <p class='ocr_par' dir='ltr' id='par_1_91' title="bbox 214 4765 1705 4838">
     <span class='ocr_line' id='line_1_91' title="bbox 214 4765 1705 4838; baseline -0.002 -16"><span class='ocrx_word' id='word_1_549' title='bbox 214 4765 309 4830; x_wconf 74' lang='lat'><strong>9‘2,</strong></span> <span class='ocrx_word' id='word_1_550' title='bbox 336 4767 427 4821; x_wconf 84' lang='lat'><strong>95.</strong></span> <span class='ocrx_word' id='word_1_551' title='bbox 470 4766 624 4819; x_wconf 85' lang='grc' dir='ltr'>Κατὰ</span> <span class='ocrx_word' id='word_1_552' title='bbox 667 4766 728 4818; x_wconf 75' lang='grc' dir='ltr'>τὸ</span> <span class='ocrx_word' id='word_1_553' title='bbox 771 4766 1152 4838; x_wconf 78' lang='grc' dir='ltr'>γεγραμμένον</span> <span class='ocrx_word' id='word_1_554' title='bbox 1181 4767 1238 4818; x_wconf 86' lang='grc' dir='ltr'><strong>ἐν</strong></span> <span class='ocrx_word' id='word_1_555' title='bbox 1272 4765 1621 4836; x_wconf 75' lang='grc' dir='ltr'>Εὑαγγελίῳ”</span> <span class='ocrx_word' id='word_1_556' title='bbox 1666 4769 1705 4819; x_wconf 86' lang='grc' dir='ltr'><em>Τ</em></span> 
     </span>
    </p>
   </div>
   <div class='ocr_carea' id='block_1_92' title="bbox 1900 4759 3391 4838">
    <p class='ocr_par' dir='ltr' id='par_1_92' title="bbox 1900 4759 3391 4835">
     <span class='ocr_line' id='line_1_92' title="bbox 1900 4759 3391 4835; baseline 0.005 -21"><span class='ocrx_word' id='word_1_557' title='bbox 1900 4759 1985 4826; x_wconf 72' lang='grc'>92,</span> <span class='ocrx_word' id='word_1_558' title='bbox 2020 4761 2109 4815; x_wconf 83' lang='grc'><strong>95.</strong></span> <span class='ocrx_word' id='word_1_559' title='bbox 2150 4759 2619 4826; x_wconf 84' lang='lat' dir='ltr'><strong>Quemadmodum</strong></span> <span class='ocrx_word' id='word_1_560' title='bbox 2670 4764 2724 4817; x_wconf 89' lang='lat' dir='ltr'><strong>in</strong></span> <span class='ocrx_word' id='word_1_561' title='bbox 2784 4763 3076 4835; x_wconf 79' lang='lat' dir='ltr'><strong>Evangelia</strong></span> <span class='ocrx_word' id='word_1_562' title='bbox 3133 4766 3391 4835; x_wconf 88' lang='lat' dir='ltr'><strong>scriptum</strong></span> 
     </span>
    </p>
   </div>
   <div class='ocr_carea' id='block_1_93' title="bbox 149 4850 1640 4927">
    <p class='ocr_par' dir='ltr' id='par_1_93' title="bbox 149 4857 1640 4927">
     <span class='ocr_line' id='line_1_93' title="bbox 149 4857 1640 4927; baseline 0.002 -18"><span class='ocrx_word' id='word_1_563' title='bbox 149 4858 294 4926; x_wconf 72' lang='grc' dir='ltr'><strong>ἡμῖν</strong></span> <span class='ocrx_word' id='word_1_564' title='bbox 318 4858 415 4911; x_wconf 76' lang='grc' dir='ltr'>καὶ</span> <span class='ocrx_word' id='word_1_565' title='bbox 437 4857 557 4920; x_wconf 78' lang='grc' dir='ltr'>σοὶ,</span> <span class='ocrx_word' id='word_1_566' title='bbox 602 4857 817 4926; x_wconf 85' lang='grc' dir='ltr'>Ἰησοῦ,</span> <span class='ocrx_word' id='word_1_567' title='bbox 859 4858 950 4911; x_wconf 78' lang='grc' dir='ltr'><strong>Υἱὲ</strong></span> <span class='ocrx_word' id='word_1_568' title='bbox 978 4859 1082 4914; x_wconf 85' lang='grc' dir='ltr'><strong>τοῦ</strong></span> <span class='ocrx_word' id='word_1_569' title='bbox 1113 4858 1258 4913; x_wconf 82' lang='grc' dir='ltr'>Θεοῦ</span> <span class='ocrx_word' id='word_1_570' title='bbox 1286 4857 1392 4910; x_wconf 83' lang='grc' dir='ltr'><strong>τοῦ</strong></span> <span class='ocrx_word' id='word_1_571' title='bbox 1423 4859 1640 4927; x_wconf 74' lang='grc' dir='ltr'>ὑψίστσ</span> 
     </span>
    </p>
   </div>
   <div class='ocr_carea' id='block_1_94' title="bbox 1902 4850 3393 4927">
    <p class='ocr_par' dir='ltr' id='par_1_94' title="bbox 1902 4850 3393 4916">
     <span class='ocr_line' id='line_1_94' title="bbox 1902 4850 3393 4916; baseline 0.005 -12"><span class='ocrx_word' id='word_1_572' title='bbox 1902 4866 1909 4904; x_wconf 76' lang='lat'><strong>‘.</strong></span> <span class='ocrx_word' id='word_1_573' title='bbox 1944 4872 1956 4905; x_wconf 89' lang='lat'>:</span> <span class='ocrx_word' id='word_1_574' title='bbox 1990 4850 2127 4916; x_wconf 82' lang='lat' dir='ltr'><strong>Quid</strong></span> <span class='ocrx_word' id='word_1_575' title='bbox 2154 4851 2323 4915; x_wconf 80' lang='lat' dir='ltr'><strong>nobis,</strong></span> <span class='ocrx_word' id='word_1_576' title='bbox 2347 4861 2395 4906; x_wconf 84' lang='lat' dir='ltr'><strong>et</strong></span> <span class='ocrx_word' id='word_1_577' title='bbox 2426 4852 2540 4916; x_wconf 81' lang='lat' dir='ltr'><strong>tibi,</strong></span> <span class='ocrx_word' id='word_1_578' title='bbox 2566 4852 2695 4907; x_wconf 77' lang='lat' dir='ltr'><strong>Jesu</strong></span> <span class='ocrx_word' id='word_1_579' title='bbox 2738 4852 2847 4908; x_wconf 80' lang='lat' dir='ltr'><strong>Fili</strong></span> <span class='ocrx_word' id='word_1_580' title='bbox 2878 4854 2975 4910; x_wconf 72' lang='lat' dir='ltr'><strong>Dei</strong></span> <span class='ocrx_word' id='word_1_581' title='bbox 2996 4856 3284 4910; x_wconf 75' lang='lat' dir='ltr'><strong>altissimi?</strong></span> <span class='ocrx_word' id='word_1_582' title='bbox 3310 4874 3393 4911; x_wconf 79' lang='lat' dir='ltr'><strong>ve-</strong></span> 
     </span>
    </p>
   </div>
   <div class='ocr_carea' id='block_1_95' title="bbox 149 4943 1640 5019">
    <p class='ocr_par' dir='ltr' id='par_1_95' title="bbox 149 4944 1271 5019">
     <span class='ocr_line' id='line_1_95' title="bbox 149 4944 1271 5019; baseline -0.002 -16"><span class='ocrx_word' id='word_1_583' title='bbox 149 4944 328 5017; x_wconf 72' lang='grc' dir='ltr'>ἦλθες</span> <span class='ocrx_word' id='word_1_584' title='bbox 352 4949 467 5019; x_wconf 83' lang='grc' dir='ltr'>πρὸ</span> <span class='ocrx_word' id='word_1_585' title='bbox 497 4950 703 5018; x_wconf 85' lang='grc' dir='ltr'>καιροῦ</span> <span class='ocrx_word' id='word_1_586' title='bbox 734 4949 1065 5004; x_wconf 72' lang='grc' dir='ltr'>ἀπολέσθαι</span> <span class='ocrx_word' id='word_1_587' title='bbox 1095 4950 1271 5018; x_wconf 77' lang='grc' dir='ltr'>ἡμᾶς.</span> 
     </span>
    </p>
   </div>
   <div class='ocr_carea' id='block_1_96' title="bbox 1287 4943 2778 5019">
    <p class='ocr_par' dir='ltr' id='par_1_96' title="bbox 1827 4943 2778 5014">
     <span class='ocr_line' id='line_1_96' title="bbox 1827 4943 2778 5014; baseline 0.007 -21"><span class='ocrx_word' id='word_1_588' title='bbox 1827 4943 1955 4996; x_wconf 80' lang='lat' dir='ltr'><strong>m&#39;sti</strong></span> <span class='ocrx_word' id='word_1_589' title='bbox 1980 4954 2101 4996; x_wconf 74' lang='lat' dir='ltr'><strong>ante</strong></span> <span class='ocrx_word' id='word_1_590' title='bbox 2130 4952 2329 5013; x_wconf 65' lang='lat' dir='ltr'><strong>(erupit:</strong></span> <span class='ocrx_word' id='word_1_591' title='bbox 2359 4944 2572 5014; x_wconf 83' lang='lat' dir='ltr'><strong>perdere</strong></span> <span class='ocrx_word' id='word_1_592' title='bbox 2601 4962 2693 4999; x_wconf 74' lang='lat' dir='ltr'><strong>nos</strong></span> <span class='ocrx_word' id='word_1_593' title='bbox 2712 4947 2778 5000; x_wconf 79' lang='lat'><strong>&quot;.</strong></span> 
     </span>
    </p>
   </div>
   <div class='ocr_carea' id='block_1_97' title="bbox 216 5033 1707 5112">
    <p class='ocr_par' dir='ltr' id='par_1_97' title="bbox 216 5042 1682 5112">
     <span class='ocr_line' id='line_1_97' title="bbox 216 5042 1682 5112; baseline -0.001 -16"><span class='ocrx_word' id='word_1_594' title='bbox 216 5042 311 5097; x_wconf 69' lang='grc'>94.</span> <span class='ocrx_word' id='word_1_595' title='bbox 333 5042 527 5095; x_wconf 82' lang='grc' dir='ltr'>Ἠνίκα</span> <span class='ocrx_word' id='word_1_596' title='bbox 559 5043 859 5112; x_wconf 78' lang='grc' dir='ltr'>ἐμφυσήσω</span> <span class='ocrx_word' id='word_1_597' title='bbox 884 5043 1063 5105; x_wconf 73' lang='grc' dir='ltr'>αὐτοῖς</span> <span class='ocrx_word' id='word_1_598' title='bbox 1096 5042 1315 5110; x_wconf 69' lang='grc' dir='ltr'>ἀφανεῖς</span> <span class='ocrx_word' id='word_1_599' title='bbox 1345 5042 1682 5112; x_wconf 79' lang='grc' dir='ltr'>γενήσονται.</span> 
     </span>
    </p>
   </div>
   <div class='ocr_carea' id='block_1_98' title="bbox 1723 5033 3214 5112">
    <p class='ocr_par' dir='ltr' id='par_1_98' title="bbox 1893 5033 3214 5108">
     <span class='ocr_line' id='line_1_98' title="bbox 1893 5033 3214 5108; baseline 0.004 -21"><span class='ocrx_word' id='word_1_600' title='bbox 1893 5033 1983 5088; x_wconf 66' lang='grc'>94.</span> <span class='ocrx_word' id='word_1_601' title='bbox 2018 5034 2154 5088; x_wconf 86' lang='lat' dir='ltr'><strong>Cum</strong></span> <span class='ocrx_word' id='word_1_602' title='bbox 2185 5045 2373 5090; x_wconf 85' lang='lat' dir='ltr'><strong>contra</strong></span> <span class='ocrx_word' id='word_1_603' title='bbox 2410 5052 2505 5091; x_wconf 87' lang='lat' dir='ltr'><strong>eos</strong></span> <span class='ocrx_word' id='word_1_604' title='bbox 2546 5037 2830 5092; x_wconf 65' lang='lat' dir='ltr'><strong>insuﬁlalio</strong></span> <span class='ocrx_word' id='word_1_605' title='bbox 2859 5038 3214 5108; x_wconf 87' lang='lat' dir='ltr'><strong>disperibunt.</strong></span> 
     </span>
    </p>
   </div>
   <div class='ocr_carea' id='block_1_99' title="bbox 211 5123 1702 5205">
    <p class='ocr_par' dir='ltr' id='par_1_99' title="bbox 211 5134 1481 5205">
     <span class='ocr_line' id='line_1_99' title="bbox 211 5134 1481 5205; baseline -0.002 -16"><span class='ocrx_word' id='word_1_606' title='bbox 211 5136 303 5189; x_wconf 81' lang='lat'><strong>95.</strong></span> <span class='ocrx_word' id='word_1_607' title='bbox 329 5134 627 5205; x_wconf 75' lang='grc' dir='ltr'>Ἐξαλείψω</span> <span class='ocrx_word' id='word_1_608' title='bbox 655 5135 849 5197; x_wconf 78' lang='grc' dir='ltr'>αὐτοὺς</span> <span class='ocrx_word' id='word_1_609' title='bbox 882 5135 945 5186; x_wconf 85' lang='grc' dir='ltr'><strong>ἐκ</strong></span> <span class='ocrx_word' id='word_1_610' title='bbox 976 5135 1072 5204; x_wconf 85' lang='grc' dir='ltr'>τῆς</span> <span class='ocrx_word' id='word_1_611' title='bbox 1100 5134 1324 5201; x_wconf 83' lang='grc' dir='ltr'>καρδίας</span> <span class='ocrx_word' id='word_1_612' title='bbox 1359 5151 1481 5205; x_wconf 86' lang='grc' dir='ltr'>μου.</span> 
     </span>
    </p>
   </div>
   <div class='ocr_carea' id='block_1_100' title="bbox 1336 5123 2827 5205">
    <p class='ocr_par' dir='ltr' id='par_1_100' title="bbox 1359 5123 2827 5205">
     <span class='ocr_line' id='line_1_100' title="bbox 1359 5123 2827 5205; baseline -0.004 -18"><span class='ocrx_word' id='word_1_613' title='bbox 1359 5151 1481 5205; x_wconf 86' lang='grc' dir='ltr'>μου.</span> <span class='ocrx_word' id='word_1_614' title='bbox 1892 5123 1983 5177; x_wconf 87' lang='grc'><strong>95.</strong></span> <span class='ocrx_word' id='word_1_615' title='bbox 2020 5123 2094 5178; x_wconf 85' lang='lat' dir='ltr'><strong>Ex</strong></span> <span class='ocrx_word' id='word_1_616' title='bbox 2127 5126 2289 5180; x_wconf 90' lang='lat' dir='ltr'><strong>corde</strong></span> <span class='ocrx_word' id='word_1_617' title='bbox 2312 5141 2433 5180; x_wconf 92' lang='lat' dir='ltr'><strong>meo</strong></span> <span class='ocrx_word' id='word_1_618' title='bbox 2459 5127 2686 5181; x_wconf 82' lang='lat' dir='ltr'><strong>abolebo</strong></span> <span class='ocrx_word' id='word_1_619' title='bbox 2707 5134 2827 5181; x_wconf 81' lang='lat' dir='ltr'><strong>‘eos.</strong></span> 
     </span>
    </p>
   </div>
   <div class='ocr_carea' id='block_1_101' title="bbox 211 5213 1702 5297">
    <p class='ocr_par' dir='ltr' id='par_1_101' title="bbox 211 5224 1702 5297">
     <span class='ocr_line' id='line_1_101' title="bbox 211 5224 1702 5297; baseline -0.004 -16"><span class='ocrx_word' id='word_1_620' title='bbox 211 5226 305 5281; x_wconf 86' lang='lat'><strong>96.</strong></span> <span class='ocrx_word' id='word_1_621' title='bbox 330 5226 520 5280; x_wconf 77' lang='grc' dir='ltr'>Ῥῦσαί</span> <span class='ocrx_word' id='word_1_622' title='bbox 557 5243 623 5296; x_wconf 86' lang='grc' dir='ltr'>με</span> <span class='ocrx_word' id='word_1_623' title='bbox 668 5227 733 5281; x_wconf 87' lang='grc' dir='ltr'><strong>ἐκ</strong></span> <span class='ocrx_word' id='word_1_624' title='bbox 762 5225 871 5278; x_wconf 86' lang='grc' dir='ltr'><strong>τῶν</strong></span> <span class='ocrx_word' id='word_1_625' title='bbox 901 5225 1466 5297; x_wconf 81' lang='grc' dir='ltr'>ἀντιστρατευομένων</span> <span class='ocrx_word' id='word_1_626' title='bbox 1512 5224 1569 5276; x_wconf 84' lang='grc' dir='ltr'><strong>ἐν</strong></span> <span class='ocrx_word' id='word_1_627' title='bbox 1610 5225 1702 5276; x_wconf 72' lang='grc' dir='ltr'>τοῖς</span> 
     </span>
    </p>
   </div>
   <div class='ocr_carea' id='block_1_102' title="bbox 1899 5213 3390 5297">
    <p class='ocr_par' dir='ltr' id='par_1_102' title="bbox 1899 5213 3390 5289">
     <span class='ocr_line' id='line_1_102' title="bbox 1899 5213 3390 5289; baseline 0.007 -22"><span class='ocrx_word' id='word_1_628' title='bbox 1899 5213 1976 5269; x_wconf 81' lang='grc'><strong>96.</strong></span> <span class='ocrx_word' id='word_1_629' title='bbox 2016 5214 2179 5286; x_wconf 87' lang='lat' dir='ltr'><strong>Eripe</strong></span> <span class='ocrx_word' id='word_1_630' title='bbox 2226 5234 2314 5272; x_wconf 89' lang='lat' dir='ltr'><strong>me</strong></span> <span class='ocrx_word' id='word_1_631' title='bbox 2358 5234 2425 5272; x_wconf 79' lang='lat' dir='ltr'><strong>ex</strong></span> <span class='ocrx_word' id='word_1_632' title='bbox 2469 5219 2856 5289; x_wconf 88' lang='lat' dir='ltr'><strong>voluptatibus,</strong></span> <span class='ocrx_word' id='word_1_633' title='bbox 2885 5235 3005 5289; x_wconf 76' lang='lat' dir='ltr'><strong>qua:</strong></span> <span class='ocrx_word' id='word_1_634' title='bbox 3040 5220 3092 5273; x_wconf 91' lang='lat' dir='ltr'><strong>in</strong></span> <span class='ocrx_word' id='word_1_635' title='bbox 3127 5221 3390 5279; x_wconf 88' lang='lat' dir='ltr'><strong>membris</strong></span> 
     </span>
    </p>
   </div>
   <div class='ocr_carea' id='block_1_103' title="bbox 155 5305 1646 5390">
    <p class='ocr_par' dir='ltr' id='par_1_103' title="bbox 155 5318 750 5389">
     <span class='ocr_line' id='line_1_103' title="bbox 155 5318 750 5389; baseline 0.002 -18"><span class='ocrx_word' id='word_1_636' title='bbox 155 5319 368 5387; x_wconf 77' lang='grc' dir='ltr'>μέλεσίν</span> <span class='ocrx_word' id='word_1_637' title='bbox 396 5334 497 5389; x_wconf 87' lang='grc' dir='ltr'>μου</span> <span class='ocrx_word' id='word_1_638' title='bbox 530 5318 750 5389; x_wconf 80' lang='grc' dir='ltr'>ἡδονῶν.</span> 
     </span>
    </p>
   </div>
   <div class='ocr_carea' id='block_1_104' title="bbox 1371 5305 2862 5390">
    <p class='ocr_par' dir='ltr' id='par_1_104' title="bbox 1823 5305 2862 5390">
     <span class='ocr_line' id='line_1_104' title="bbox 1823 5305 2862 5390; baseline 0.009 -32"><span class='ocrx_word' id='word_1_639' title='bbox 1823 5305 1957 5360; x_wconf 88' lang='lat' dir='ltr'><strong>meis</strong></span> <span class='ocrx_word' id='word_1_640' title='bbox 1989 5308 2221 5363; x_wconf 87' lang='lat' dir='ltr'><strong>militant</strong></span> <span class='ocrx_word' id='word_1_641' title='bbox 2249 5319 2438 5365; x_wconf 89' lang='lat' dir='ltr'><strong>contra</strong></span> <span class='ocrx_word' id='word_1_642' title='bbox 2472 5327 2578 5366; x_wconf 91' lang='lat' dir='ltr'><strong>me.</strong></span> <span class='ocrx_word' id='word_1_643' title='bbox 2856 5382 2862 5390; x_wconf 25' lang='grc' dir='ltr'>ι</span> 
     </span>
    </p>
   </div>
   <div class='ocr_carea' id='block_1_105' title="bbox 209 5395 1700 5481">
    <p class='ocr_par' dir='ltr' id='par_1_105' title="bbox 209 5406 1554 5481">
     <span class='ocr_line' id='line_1_105' title="bbox 209 5406 1554 5481; baseline -0.004 -16"><span class='ocrx_word' id='word_1_644' title='bbox 209 5411 300 5465; x_wconf 84' lang='grc'><strong>97.</strong></span> <span class='ocrx_word' id='word_1_645' title='bbox 344 5408 775 5481; x_wconf 82' lang='grc' dir='ltr'>Κατακυριεύειν</span> <span class='ocrx_word' id='word_1_646' title='bbox 805 5427 869 5480; x_wconf 85' lang='grc' dir='ltr'>με</span> <span class='ocrx_word' id='word_1_647' title='bbox 898 5408 1005 5462; x_wconf 88' lang='grc' dir='ltr'><strong>τῶν</strong></span> <span class='ocrx_word' id='word_1_648' title='bbox 1029 5407 1257 5462; x_wconf 86' lang='grc' dir='ltr'>ἐθνικῶν</span> <span class='ocrx_word' id='word_1_649' title='bbox 1283 5406 1554 5478; x_wconf 76' lang='grc' dir='ltr'>πράξεων.</span> 
     </span>
    </p>
   </div>
   <div class='ocr_carea' id='block_1_106' title="bbox 1719 5395 3210 5481">
    <p class='ocr_par' dir='ltr' id='par_1_106' title="bbox 1893 5395 3210 5472">
     <span class='ocr_line' id='line_1_106' title="bbox 1893 5395 3210 5472; baseline 0.005 -20"><span class='ocrx_word' id='word_1_650' title='bbox 1893 5395 1982 5453; x_wconf 88' lang='grc'><strong>97.</strong></span> <span class='ocrx_word' id='word_1_651' title='bbox 2013 5398 2093 5454; x_wconf 83' lang='lat' dir='ltr'><strong>Ad</strong></span> <span class='ocrx_word' id='word_1_652' title='bbox 2121 5400 2510 5455; x_wconf 88' lang='lat' dir='ltr'><strong>dominandum</strong></span> <span class='ocrx_word' id='word_1_653' title='bbox 2540 5401 2848 5456; x_wconf 88' lang='lat' dir='ltr'><strong>actionibus</strong></span> <span class='ocrx_word' id='word_1_654' title='bbox 2874 5403 3210 5472; x_wconf 81' lang='lat' dir='ltr'><strong>gentilitatis.</strong></span> 
     </span>
    </p>
   </div>
   <div class='ocr_carea' id='block_1_107' title="bbox 211 5492 1702 5573">
    <p class='ocr_par' dir='ltr' id='par_1_107' title="bbox 211 5496 1702 5573">
     <span class='ocr_line' id='line_1_107' title="bbox 211 5496 1702 5573; baseline -0.005 -17"><span class='ocrx_word' id='word_1_655' title='bbox 211 5501 301 5564; x_wconf 86' lang='lat'><strong>98,</strong></span> <span class='ocrx_word' id='word_1_656' title='bbox 328 5501 418 5557; x_wconf 90' lang='lat'><strong>99.</strong></span> <span class='ocrx_word' id='word_1_657' title='bbox 459 5500 594 5573; x_wconf 71' lang='grc' dir='ltr'>Περὶ</span> <span class='ocrx_word' id='word_1_658' title='bbox 621 5499 716 5554; x_wconf 80' lang='grc' dir='ltr'><strong>τοῦ</strong></span> <span class='ocrx_word' id='word_1_659' title='bbox 739 5500 1089 5572; x_wconf 83' lang='grc' dir='ltr'>κηρύγματος</span> <span class='ocrx_word' id='word_1_660' title='bbox 1115 5498 1221 5552; x_wconf 88' lang='grc' dir='ltr'><strong>τῶν</strong></span> <span class='ocrx_word' id='word_1_661' title='bbox 1243 5496 1409 5551; x_wconf 79' lang='grc' dir='ltr'>ἐθνῶν</span> <span class='ocrx_word' id='word_1_662' title='bbox 1431 5496 1596 5566; x_wconf 83' lang='grc' dir='ltr'>λέγει,</span> <span class='ocrx_word' id='word_1_663' title='bbox 1622 5503 1702 5550; x_wconf 68' lang='grc' dir='ltr'><strong>και</strong></span> 
     </span>
    </p>
   </div>
   <div class='ocr_carea' id='block_1_108' title="bbox 1897 5492 3388 5573">
    <p class='ocr_par' dir='ltr' id='par_1_108' title="bbox 1897 5492 3388 5568">
     <span class='ocr_line' id='line_1_108' title="bbox 1897 5492 3388 5568; baseline 0.006 -21"><span class='ocrx_word' id='word_1_664' title='bbox 1897 5492 1981 5559; x_wconf 87' lang='grc'>98,</span> <span class='ocrx_word' id='word_1_665' title='bbox 2006 5494 2096 5549; x_wconf 89' lang='grc'><strong>99.</strong></span> <span class='ocrx_word' id='word_1_666' title='bbox 2127 5495 2201 5550; x_wconf 92' lang='lat' dir='ltr'><strong>De</strong></span> <span class='ocrx_word' id='word_1_667' title='bbox 2229 5496 2632 5565; x_wconf 76' lang='lat' dir='ltr'><strong>przedicatione,</strong></span> <span class='ocrx_word' id='word_1_668' title='bbox 2667 5512 2788 5567; x_wconf 65' lang='lat' dir='ltr'><strong>quae</strong></span> <span class='ocrx_word' id='word_1_669' title='bbox 2813 5499 3063 5568; x_wconf 83' lang='lat' dir='ltr'><strong>gentibus</strong></span> <span class='ocrx_word' id='word_1_670' title='bbox 3116 5498 3259 5557; x_wconf 81' lang='lat' dir='ltr'><strong>facta</strong></span> <span class='ocrx_word' id='word_1_671' title='bbox 3306 5512 3388 5556; x_wconf 87' lang='lat' dir='ltr'><strong>est</strong></span> 
     </span>
    </p>
   </div>
   <div class='ocr_carea' id='block_1_109' title="bbox 150 5579 1641 5661">
    <p class='ocr_par' dir='ltr' id='par_1_109' title="bbox 150 5589 745 5661">
     <span class='ocr_line' id='line_1_109' title="bbox 150 5589 745 5661; baseline -0.003 -16"><span class='ocrx_word' id='word_1_672' title='bbox 150 5589 242 5661; x_wconf 79' lang='grc' dir='ltr'>τῆς</span> <span class='ocrx_word' id='word_1_673' title='bbox 270 5591 518 5658; x_wconf 81' lang='grc' dir='ltr'>ὑπακοῆς</span> <span class='ocrx_word' id='word_1_674' title='bbox 546 5589 745 5644; x_wconf 78' lang='grc' dir='ltr'>αὐτῶν.</span> 
     </span>
    </p>
   </div>
   <div class='ocr_carea' id='block_1_110' title="bbox 1347 5579 2838 5661">
    <p class='ocr_par' dir='ltr' id='par_1_110' title="bbox 1826 5579 2838 5653">
     <span class='ocr_line' id='line_1_110' title="bbox 1826 5579 2838 5653; baseline 0.008 -18"><span class='ocrx_word' id='word_1_675' title='bbox 1826 5579 2089 5653; x_wconf 87' lang='lat' dir='ltr'><strong>loquitur,</strong></span> <span class='ocrx_word' id='word_1_676' title='bbox 2125 5593 2179 5641; x_wconf 90' lang='lat' dir='ltr'><strong>et</strong></span> <span class='ocrx_word' id='word_1_677' title='bbox 2205 5586 2271 5641; x_wconf 91' lang='lat' dir='ltr'><strong>de</strong></span> <span class='ocrx_word' id='word_1_678' title='bbox 2295 5600 2479 5642; x_wconf 86' lang='lat' dir='ltr'><strong>earum</strong></span> <span class='ocrx_word' id='word_1_679' title='bbox 2508 5586 2838 5643; x_wconf 88' lang='lat' dir='ltr'><strong>obedientia.</strong></span> 
     </span>
    </p>
   </div>
   <div class='ocr_carea' id='block_1_111' title="bbox 199 5702 752 5770">
    <p class='ocr_par' dir='ltr' id='par_1_111' title="bbox 199 5702 752 5770">
     <span class='ocr_line' id='line_1_111' title="bbox 199 5702 752 5770; baseline 0 -13"><span class='ocrx_word' id='word_1_680' title='bbox 199 5703 261 5738; x_wconf 76' lang='lat'><strong>‘”</strong></span> <span class='ocrx_word' id='word_1_681' title='bbox 296 5703 488 5760; x_wconf 83' lang='lat' dir='ltr'><strong>Matth.</strong></span> <span class='ocrx_word' id='word_1_682' title='bbox 513 5719 630 5770; x_wconf 73' lang='lat' dir='ltr'><strong>rut,</strong></span> <span class='ocrx_word' id='word_1_683' title='bbox 662 5702 752 5758; x_wconf 76' lang='lat'><strong>29.</strong></span> 
     </span>
    </p>
   </div>
  </div>
