3776 6272
147 254 239 310 753
1011 247 1100 306 nr:
1140 247 1416 306 'muus
1447 234 1898 304 PSALMonUM.
1939 280 2005 288 —
2041 238 2236 302 PSAL.
2281 235 2464 300 XVIII.
3281 238 3389 302 τιι

204 364 258 422 6.
301 363 398 428 Εἰς
429 320 612 417 πᾶσαν
642 363 740 433 τὴν
767 361 870 433 γῆν
898 363 1119 433 ἐξῆλθεν
1147 366 1175 417 ὁ
1195 363 1427 432 φθόγγος
1465 362 1640 415 αὐτῶν
1661 377 1674 390 °

1745 370 1786 424 Α
1885 362 1938 417 6.
1999 363 2052 416 In
2080 375 2295 417 omnem
2326 371 2525 416 terram
2557 357 2726 413 exivit
2762 373 2934 418 sonus
2971 375 3203 418 eorum:

207 457 258 511 7.
301 455 411 509 Καὶ
441 456 522 518 είς
551 453 622 507 τὰ
671 454 882 526 πέρατα
928 455 1026 525 τῆς
1058 455 1378 527 οἰκουμένης
1408 453 1475 508 τά
1499 455 1698 526 ῥήματι

1658 472 1717 507 τα
1885 454 1934 506 7.
1999 455 2063 508 Ει
2095 455 2148 508 in
2181 454 2315 509 ﬁnes
2348 453 2498 510 orbis
2533 464 2691 510 terra!
2737 455 2903 510 verba
2935 469 3149 511 eorum.

148 549 338 603 αὐτῶν.

207 640 259 694 8.
314 639 403 692 Ἐν
431 639 512 710 τῷ
538 638 674 711 ἡλίῳ
698 638 850 692 ἔθετο
881 640 942 692 τὸ
972 640 1234 710 σκήνωμα
1265 640 1427 692 αυτοῦ
1448 652 1462 667 '

1892 626 1945 682 8.
1987 627 2041 681 ln
2071 627 2186 683 sole
2220 628 2404 697 posuit
2445 629 2856 683 tabernaculum
2891 645 3051 684 suum
3087 650 3100 684 :
3164 672 3171 680 .

211 736 262 788 9.
304 734 417 786 Καὶ
461 732 625 796 αὐτὸς
673 732 748 796 ὡς
789 733 1020 803 νυμφίος
1055 732 1481 802 ἐκπορευόμενος
1515 733 1578 784 ἐκ
1612 747 1702 783 πα-

1898 719 1942 773 9.
1995 718 2060 773 Et
2097 721 2212 789 ipse
2255 731 2514 789 tanquam
2561 733 2798 789 sponsus
2840 721 3140 790 procedens
3171 717 3239 776 de
3268 721 3389 776 tha-

152 824 266 877 στοῦ
292 823 481 886 αὐτου,

1821 812 1966 865 Iamo
2007 827 2110 867 suo
2128 853 2142 874 ,

216 914 298 970 10.
352 913 766 982 mammam
793 913 870 977 ὡς
897 913 1059 983 γίγας
1083 913 1308 984 δραμεῖν
1335 913 1451 966 ὁδὸν
1481 910 1643 966 αὐτοῦ
1664 929 1679 943 ο

1894 905 1976 958 10.
2057 903 2361 961 Exsultavit
2415 916 2474 961 ut
2533 906 2686 977 gigas
2742 906 2810 961 ad
2863 907 3187 965 currendam
3241 907 3385 963 viam

1820 1011 1974 1048 suam
2010 1013 2022 1049 ἒ

214 1079 295 1132 11.
346 1077 468 1130 Ἀπ’
501 1077 671 1146 ἄκρου
703 1075 797 1128 τοῦ
823 1075 1052 1146 οὐρανοῦ
1079 1078 1110 1146 ἠ
1153 1073 1331 1140 ἔξοδος
1365 1074 1553 1137 αὑτοῦ,

1410 1074 1553 1137 ὑτοῦ,
1889 1088 1972 1141 11.
2007 1087 2049 1140 Α
2080 1104 2294 1143 summo
2325 1092 2462 1144 caelo
2496 1089 2735 1160 egressio
2766 1088 2901 1158 ejus.

215 1169 295 1223 i2.
333 1166 514 1222 Καὶτὸ
530 1167 851 1236 κατάντημα
868 1167 1032 1219 αὐτοῦ
1049 1166 1152 1230 ἓως
1166 1167 1336 1237 ἄκρου
1357 1165 1450 1218 τοῦ
1467 1164 1706 1236 οὺρανοῦε

1891 1180 1955 1232 12
1987 1179 2051 1233 Ει
2075 1196 2336 1235 occursus
2363 1181 2480 1250 ejus
2515 1196 2689 1252 usque
2719 1182 2784 1235 ad
2817 1198 3092 1238 summum
3134 1183 3256 1240 casii
3299 1199 3312 1237 ε

214 1262 293 1314 15.
334 1261 448 1314 Καὶ
490 1259 592 1313 οὐκ
631 1259 776 1311 ἐστιν
818 1259 876 1322 ὃς
909 1258 1350 1330 ἁποκρυϐήσεται
1375 1258 1470 1327 τῆς
1511 1257 1705 1328 θέρμης

1689 1275 1717 1320 ς
1893 1267 1978 1322 15.
2009 1267 2114 1324 Nec
2139 1279 2222 1324 est
2245 1271 2338 1340 qui
2362 1287 2419 1325 se
2441 1271 2744 1327 abscondat
2770 1288 2799 1327 a
2823 1275 3005 1328 calore
3033 1273 3175 1343 ejus.

154 1370 303 1406 αυτου
311 1395 322 1405 .

214 1443 297 1498 14.
348 1444 409 1497 ’0
425 1442 588 1513 νόμος
605 1441 810 1512 Κυρίου
833 1440 1082 1511 ἄμωμος,
1109 1440 1450 1512 ἐπιστρέφων
1469 1440 1644 1511 ψυχάς
1664 1456 1675 1470 ⁸

1892 1446 1969 1500 lt.
2004 1444 2111 1499 Lex
2141 1445 2354 1499 Domini
2386 1446 2762 1516 immaculata,
2786 1455 3111 1504 convertens
3133 1447 3344 1504 animas
3370 1463 3383 1504 :

212 1537 295 1592 15.
348 1537 414 1590 Ἠ
459 1535 732 1608 μαρτυρία
776 1535 980 1606 Κυρίου
1039 1535 1237 1607 πιστὴ,
1289 1533 1582 1603 σοφίζουσα
1623 1535 1703 1604 νή·

1894 1539 1980 1593 15.
2056 1537 2454 1593 Testimonium
2509 1539 2728 1594 Domini
2800 1541 2994 1608 ﬁdele,
3063 1542 3385 1612 sapientiam

151 1647 241 1685 ’δια
248 1669 262 1684 .

1817 1636 2082 1699 przestans
2113 1629 2375 1698 parvulis.

213 1721 295 1776 16.
336 1717 420 1773 Τά
467 1718 809 1790 δικαιώματα
856 1716 1062 1789 Κυρίου
1113 1716 1315 1780 εὐθέα,
1359 1717 1704 1788 εὐφραίνοντο

1894 1719 1974 1774 16.
2031 1718 2264 1773 Iustitiae
2309 1717 2525 1773 Domini
2565 1727 2748 1782 rectae,
2792 1719 3130 1775 laetiﬁcantes
3174 1717 3385 1774 corda:

151 1813 362 1884 καρδίαν
397 1829 410 1842 ο

211 1903 296 1957 17.
347 1901 413 1955 Ἠ
435 1899 620 1968 ἐντολὴ
643 1900 845 1971 Κυρίου
871 1899 1164 1970 τηλαυγὴς,
1183 1898 1490 1967 φωτίζουσα
1515 1897 1702 1968 ὀφθαλ-

1896 1899 1980 1952 17.
2013 1899 2342 1970 Praeceptum
2376 1900 2591 1956 Domini
2617 1903 2881 1966 lucidum,
2906 1901 3225 1960 illuminans
3253 1919 3387 1959 ocu‘

153 1994 291 2066 μοιίςο

1819 1989 1923 2046 los.

211 2087 293 2141 18.
320 2086 380 2140 ’0
418 2083 581 2156 φόϐος
614 2081 818 2153 Κυρίου
852 2083 1014 2152 ἁγνὸς
1035 2123 1051 2147 ,
1099 2081 1366 2153 διαμένων
1420 2082 1498 2144 είς
1544 2079 1702 2134 αἰῶνα

1893 2081 1979 2137 18.
2021 2081 2208 2137 Timor
2239 2082 2450 2138 Domini
2478 2093 2718 2149 sanctus,
2753 2100 3081 2156 permanens
3119 2087 3176 2141 in
3207 2100 3384 2142 saecu-

153 2177 359 2239 :ILvoc'

1819 2172 1930 2229 lum
1969 2175 2153 2229 sazculi
2185 2188 2197 2226 :

213 2267 293 2322 19.
334 2267 416 2322 Τά
443 2265 686 2338 κρίματα
710 2265 912 2339 Κυρίου
939 2263 1189 2335 ἀληθινὰ,
1214 2262 1602 2333 δεδικαιωμένα
1625 2265 1704 2316 ὲπῖ

1897 2264 1981 2319 19.
2035 2263 2250 2319 Judicia
2299 2263 2514 2320 Domini
2559 2281 2711 2330 vera,
2747 2264 3047 2336 justiﬁcata
3083 2266 3138 2320 in
3185 2277 3388 2322 semet-

151 2357 204 2414 τὸ
229 2358 363 2414 αὑτό
379 2375 392 2388 ⁸

1817 2355 1937 2428 ipsa
1973 2372 1987 2409 :

209 2449 294 2514 20.
323 2450 667 2522 Ἐπιθυμητά
697 2449 836 2521 ὑπὲρ
868 2449 1091 2521 χρυσίον
1125 2448 1218 2502 καὶ
1246 2446 1392 2499 λίθον
1419 2445 1596 2516 τίμιον
1619 2464 1700 2499 ποι

1896 2447 1983 2502 20.
2017 2446 2406 2504 Desiderabilia
2445 2463 2609 2518 super
2643 2461 2864 2513 aurum,
2907 2457 2962 2504 et
3001 2447 3236 2519 lapidem
3265 2464 3387 2520 pre-

153 2539 271 2594 λύν·

1821 2539 2021 2595 tiosum
2051 2539 2282 2593 multum
2315 2553 2329 2593 :

211 2633 294 2689 21.
340 2635 452 2688 Καὶ
482 2632 793 2705 γλυκύτερα
830 2633 970 2706 ὑπὲρ
999 2632 1119 2704 μέλι
1154 2631 1249 2685 καὶ
1281 2632 1489 2704 κηρίον.

1888 2631 1978 2685 2|.
2011 2630 2079 2685 Et
2106 2631 2346 2686 dulciora
2386 2646 2547 2702 super
2583 2633 2691 2688 mel
2722 2644 2776 2690 et
2799 2633 3005 2690 favum.

210 2729 293 2784 ΞΩ.
337 2731 450 2782 Καὶ
476 2729 582 2800 γὰρ
605 2731 634 2782 ὁ
661 2728 842 2792 δοῦλός
877 2745 969 2782 σου
999 2728 1258 2799 φυλάσσει
1298 2727 1466 2780 αὑτά⁶

1891 2725 1982 2778 22.
2035 2723 2250 2779 Etenim
2283 2737 2476 2781 servus
2509 2734 2636 2782 tuus
2669 2728 2906 2782 custodit
2941 2743 3005 2784 ea
3033 2747 3048 2786 ι

1265 2906 1644 2962 ATHANAS"
1685 2904 2268 2964 INTEBPRETATIO.

207 3090 258 3145 6.
298 3090 394 3152 Είς
441 3087 550 3140 πᾶν
589 3087 739 3150 ἔθνος
774 3086 868 3140 καὶ
907 3086 1064 3155 γένος
1095 3085 1305 3157 διεδόθη
1335 3087 1368 3157 ἡ
1401 3085 1698 3139 διδασκαλία

1900 3088 1943 3141 6.
2003 3085 2060 3141 In
2095 3101 2286 3142 omnes
2312 3096 2519 3158 gentes,
2549 3104 2612 3144 ac
2641 3089 2889 3147 nationes
2923 3095 3114 3149 eorum
3148 3093 3391 3150 doctrina

146 3183 338 3238 αὐτῶν.

1821 3179 2177 3235 disseminata
2211 3189 2312 3234 est.

206 3275 256 3330 7.
298 3273 413 3328 Καὶ
463 3271 723 3342 περιῆλθε
767 3272 836 3327 τὰ
888 3271 1108 3343 ῥήματα
1171 3269 1368 3335 αὐτῶν,
1401 3269 1527 3324 ἔνθα
1556 3271 1697 3324 ’ἐστὶι

1902 3272 1942 3326 7.
2004 3271 2068 3326 Ει
2099 3272 2262 3326 verba
2308 3288 2496 3328 eorum
2535 3285 2899 3343 pervenerunt
2952 3277 3393 3351 ubicunquater-

142 3368 422 3440 ἄνθρωπος
460 3365 551 3419 ἐπὶ
580 3363 681 3436 τῆς
716 3365 836 3436 γῆς.

1818 3382 2000 3420 rarum
2037 3367 2284 3421 homines
2327 3376 2472 3423 sunt.

205 3457 256 3513 8.
286 3457 377 3511 Ἦν
405 3455 487 3527 τῷ
509 3455 624 3527 Υἱῷ
652 3454 804 3508 ἔθετο
829 3456 955 3519 τοὺς
981 3455 1223 3518 πιστούς.

1199 3474 1223 3510 r.
1886 3460 1939 3516 8.
1976 3457 2192 3514 Fideles
2228 3460 2282 3514 in
2315 3459 2452 3514 Filio
2483 3461 2690 3530 posuit.

140 3590 142 3592 τ
203 3554 255 3608 9.
282 3553 342 3608 '0
372 3552 537 3617 αὐτὸς
567 3550 772 3624 Κύριος
799 3553 863 3606 ἐκ
890 3547 984 3603 τοῦ
1014 3545 1242 3618 οὐρανοῦ
1271 3544 1580 3618 ἐρχόμενος.

1448 3563 1580 3610 ενος.
1885 3550 1939 3604 9.
1985 3549 2103 3620 lpse
2133 3550 2400 3607 Dominus
2450 3567 2480 3606 c
2521 3552 2662 3608 coelo
2696 3552 2939 3608 veniens.

209 3643 296 3698 10.
335 3645 450 3716 Τὴν
483 3643 783 3717 παρουσίαν
808 3641 968 3696 αὑτοῦ
999 3639 1273 3712 σημαίνει.

1901 3640 1986 3694 10.
2027 3641 2332 3696 Adventum
2369 3657 2530 3696 suum
2579 3643 2868 3714 signiﬁcat.

209 3738 444 3792 11.Ὄτε
476 3736 686 3790 ἔκλινεν
709 3736 989 3807 οὐρανοὺς,
1021 3733 1114 3786 καὶ
1148 3732 1374 3802 κατέὸη.

1896 3734 1978 3788 11.
2013 3735 2244 3802 Quando
2280 3734 2562 3790 inclinavit
2600 3736 2790 3800 cwlos,
2823 3745 2879 3792 et
2901 3735 3199 3796 descendit.

210 3828 296 3884 12.
337 3829 452 3900 Τὴν
485 3828 667 3882 ἄνοδον
697 3827 863 3882 αὑτοῦ
895 3826 1062 3895 λέγει.

1896 3830 1981 3884 12.
2034 3830 2424 3886 Ascensionem
2459 3846 2616 3886 suam
2656 3830 2946 3902 signiﬁcat.

210 3920 294 3976 13.
335 3920 450 3992 Τὴν
485 3919 669 3974 πίστιν
705 3919 900 3994 αὐτοῦδ

860 3920 900 3994 ἱ,
1895 3921 1981 3978 15.
2016 3922 2060 3975 Α
2093 3921 2198 3977 ﬁde
2230 3937 2351 3978 sua.

212 4010 295 4065 M.
321 4010 382 4065 '0
425 4008 555 4073 Υἱὸς
586 4009 679 4063 τοῦ
722 4008 858 4063 Θεοῦ
903 4007 1307 4079 ἀναμάρτητος,
1337 4005 1413 4070 ὡς
1442 4005 1574 4069 Θεὸς
1602 4005 1703 4058 ἔπι·

1905 4012 1976 4066 [4.
2033 4012 2204 4068 Filius
2240 4012 2331 4068 Dei
2359 4012 2750 4084 impeccabiiis,
2797 4021 2857 4067 ut
2886 4012 3027 4068 Deus
3069 4019 3396 4068 convertens

151 4103 389 4174 στρέφων
419 4104 485 4156 ἐκ
517 4103 742 4165 σκότους
773 4100 872 4164 τὰς
900 4100 1076 4171 ψυχὰς
1102 4099 1208 4153 τῶν
1237 4098 1538 4170 ἀνθρώπων
1562 4100 1640 4161 είς

1903 4104 2119 4161 enebris
2158 4104 2372 4160 animas
2409 4105 2692 4159 hominum
2735 4104 2787 4158 in
2820 4104 3201 4162 admirabilem
3241 4120 3393 4161 suam

149 4195 256 4264 φῶς
287 4194 455 4250 αὑτοῦ
489 4193 550 4248 τὸ
577 4193 908 4264 θαυμαστόν.

526 4193 550 4247 δ
577 4193 908 4264 θαυμαστόν.
1820 4197 2017 4251 lucem.

211 4290 298 4345 15.
318 4289 448 4343 Ὅτε
471 4285 854 4358 ἐμαρτύρησεν
881 4286 940 4338 ἐν
969 4281 1048 4352 τῷ
1076 4282 1193 4354 ὄρει
1212 4283 1240 4335 6
1262 4280 1454 4351 Πατὴρ
1477 4279 1605 4350 περὶ
1629 4278 1702 4334 toi

1904 4287 1978 4343 I5.
2043 4286 2272 4353 Quando
2297 4283 2457 4341 Pater
2488 4287 2542 4340 in
2585 4297 2767 4342 monte
2805 4287 3184 4341 testimonium
3215 4287 3395 4357 perhi-

149 4378 270 4433 Υἱοῦ
306 4378 499 4443 αὐτοῦ,
534 4379 618 4432 ὅτι
652 4375 815 4440 αὐτὸς
847 4377 994 4429 ὲστιν
1017 4375 1045 4426 6
1074 4371 1364 4444 μονογενὴς
1386 4369 1550 4425 αὐτοῦ
1568 4370 1640 4422 Υίί

1906 4380 1937 4433 it
1979 4379 2046 4434 de
2073 4378 2212 4434 Filio
2243 4395 2366 4443 suo,
2399 4378 2545 4450 quod
2591 4379 2707 4448 ipse
2745 4386 2830 4433 est
2881 4375 3052 4433 Filius
3095 4393 3234 4434 suus
3271 4378 3397 4433 uni-

146 4471 234 4525 καὶ
258 4469 602 4524 ἐπιστώσατο
629 4469 756 4532 τοὺς
791 4464 1037 4539 μαθητὰς
1071 4461 1257 4517 αὐτοῦ.

1762 4441 1792 4496 D
1824 4472 2058 4541 genitus,
2083 4480 2139 4526 et
2171 4441 2468 4542 discipulos
2501 4441 2628 4539 ejus
2662 4472 2716 4526 in
2748 4470 2854 4527 ﬁde
2886 4470 3253 4528 conﬁrmavit.

215 4562 299 4618 16.
343 4563 426 4617 Τὰ
460 4559 822 4629 δικαιώματα
852 4557 1070 4627 Κυρίου
1091 4553 1241 4608 οὐδὲν
1267 4553 1478 4623 ἔχουσιν
1509 4553 1706 4614 ἑαυτοῖς

1908 4555 1984 4609 16.
2046 4554 2288 4610 Iustitiae
2337 4555 2552 4609 Domini
2599 4555 2734 4608 nihil
2796 4570 3118 4626 perversum
3175 4555 3399 4623 habent,

147 4654 353 4709 σκολιὸν
376 4653 501 4707 οὐδὲ
528 4670 588 4706 στ
599 4649 986 4724 ραγγαλιῶδες,
1017 4645 1151 4700 ἀλλὰ
1181 4645 1357 4698 πάντα
1385 4641 1540 4715 ὀρθά.

1385 4641 1540 4715 ὀρθά.
1829 4648 1964 4703 nihil
1992 4647 2306 4710 distortum,
2339 4647 2432 4701 sed
2466 4647 2651 4701 omnia
2684 4657 2851 4702 recta.

215 4752 300 4806 17.
326 4750 391 4804 Ἡ
438 4747 626 4818 ἐντολὴ
659 4745 864 4818 Κυρίου
913 4741 1148 4814 καθαρὰ,
1183 4738 1406 4810 ἰωμένη,
1448 4737 1541 4791 καὶ
1587 4735 1706 4806 λαμ·

1906 4739 1990 4796 17.
2041 4738 2244 4794 Purum
2276 4747 2361 4795 est
2392 4739 2709 4795 mandatum
2737 4738 2954 4796 Domini
2989 4754 3211 4802 sanans,
3241 4747 3294 4794 et
3335 4739 3397 4792 il-

146 4844 425 4915 πρύνουσα
453 4841 582 4903 τοὺς
603 4837 916 4909 ὀφθαλμοὺς
942 4834 1049 4889 τῶν
1075 4831 1333 4903 καρδιῶν.

1026 4852 1049 4886 ν
1075 4831 1333 4903 καρδιῶν.
1829 4832 2070 4888 lustrans
2094 4832 2284 4886 oculos
2316 4831 2517 4887 cordis.

212 4933 300 4990 18.
319 4931 494 4987 Ἔνθα
525 4931 554 4984 6
582 4928 744 5000 φόϐος
775 4926 1002 4999 Κυρίου,
1031 4924 1192 4992 ἁγνὸς
1227 4923 1430 4983 ἐκεῖνος
1456 4921 1484 4973 ὁ
1515 4917 1703 4990 ἄνθρω-

1906 4925 1988 4981 18.
2047 4923 2150 4981 Ubi
2199 4933 2284 4980 est
2336 4925 2501 4979 timor
2533 4923 2770 4992 Domini,
2805 4939 2977 4995 purus
3019 4931 3203 4980 manet
3231 4922 3397 4982 homo

145 5041 239 5088 πος
270 5021 520 5093 διαμένει
545 5020 641 5074 καὶ
664 5020 724 5071 ὲν
747 5016 825 5087 τῷ
844 5016 938 5069 νῦν
969 5015 1062 5070 καὶ
1089 5015 1147 5068 ὲν
1167 5011 1246 5084 τῷ
1272 5010 1518 5083 μέλλοντι
1540 5008 1636 5064 alii

1540 5008 1716 5064 αίῶνιο
1827 5017 1936 5082 ille,
1963 5026 2018 5072 et
2043 5016 2096 5071 in
2123 5015 2378 5088 praesenti
2408 5026 2461 5072 et
2491 5016 2546 5072 in
2580 5015 2769 5074 futuro
2791 5017 3008 5074 saeculo.

212 5115 298 5171 19.
341 5114 425 5167 Τὰ
454 5110 799 5180 Θεσπίσματα
831 5107 924 5161 τοῦ
959 5104 1164 5178 Κυρίου
1194 5102 1397 5174 ἀψευδῆ
1435 5110 1703 5172 μεμαρτυ-

1907 5107 1986 5162 l9.
2039 5102 2272 5160 Oracula
2298 5103 2514 5160 Domini
2547 5107 2667 5162 sine
2696 5105 2982 5161 mendacio
3007 5112 3061 5158 et
3087 5100 3398 5163 testiﬁcata.

148 5208 376 5280 ρημένα,
405 5206 488 5259 ὅτι
536 5203 671 5263 αὐτὸ
711 5201 868 5256 τοῦτό
911 5201 1059 5253 ἐστιν
1088 5197 1118 5250 ὃ
1149 5195 1390 5264 λέγουσι,
1445 5194 1536 5248 καὶ
1572 5193 1639 5247 οὺ

1906 5197 1969 5253 od
1998 5199 2100 5252 hoc
2139 5196 2316 5267 ipsum
2341 5205 2447 5260 est,
2476 5195 2623 5267 quod
2649 5197 2957 5263 enuntiant,
2986 5201 3043 5249 et
3064 5193 3199 5250 nihil
3229 5193 3397 5260 aliud,

145 5300 360 5372 ἓτερον
394 5298 506 5354 εἴτε
535 5297 661 5368 περὶ
693 5296 793 5366 τῆς
825 5291 1265 5366 μισθαποδοσίας,
1299 5289 1408 5342 εἴτε
1447 5289 1574 5359 περὶ
1605 5306 1636 5341 κ

1905 5305 1938 5345 ‘e
1986 5290 2054 5345 de
2080 5288 2347 5343 mercedis
2373 5288 2755 5353 retributione,
2808 5294 2922 5343 sive
2959 5287 3027 5342 de
3069 5286 3280 5358 judicio
3334 5287 3396 5339 lo-

147 5407 278 5458 σεως
304 5389 643 5464 διηγοῦνται.

595 5409 643 5443 .ι.
1827 5393 2086 5453 quantur.

210 5484 300 5540 20.
344 5485 473 5546 Τοῖς
496 5480 814 5551 ἐκζητοῦσιν
840 5476 1030 5533 ταῦτα.

1901 5469 1990 5524 20.
2041 5466 2464 5538 Exquirentibus
2492 5467 2625 5522 haec.

211 5575 301 5630 21.
340 5574 469 5637 Τοῖς
495 5571 766 5626 συνιοῦσιν
797 5569 956 5624 αὑτά.

1903 5561 1996 5616 2|.
2056 5558 2490 5630 lntelligentibus
2525 5559 2665 5630 ipsa.

213 5667 301 5722 22.
328 5668 388 5723 '0
416 5664 601 5727 δοῦλός
635 5681 727 5716 σου
757 5662 1018 5735 ὑπάρχων
1047 5659 1306 5729 φυλάσσει
1340 5655 1498 5712 αὑτά.
1657 5705 1666 5716 ,

1657 5705 1666 5716 ,
1905 5652 1996 5708 22.
2051 5652 2155 5718 Qui
2191 5665 2384 5706 servus
2415 5658 2542 5707 tuus
2570 5660 2672 5719 est,
2703 5651 2939 5710 custodit
2972 5665 3055 5705 ea.

384 5785 665 5843 ΡΑτιιοι..
719 5779 838 5841 Gn.
900 5778 1162 5839 XXVII.

3003 5765 3081 5825 23
