3776 6272
353 231 421 283 ’ΣΠ
434 232 466 284 5
1181 223 1246 279 S.
1284 221 1656 280 ATHANASII
1695 221 1842 280 OPP.

2108 222 2192 278 Ill.
2231 252 2301 264 ——
2335 219 2754 277 EXEGETICA.
3486 220 3599 278 7l6

431 351 520 408 25.
573 350 631 406 In
663 347 1033 407 custodiendis
1063 347 1170 404 illis
1193 348 1486 403 retributio
1515 346 1706 402 multa.

1978 375 1993 408 ι
2087 345 2176 400 25.
2205 345 2290 398 Ἐν
2314 344 2391 416 τῷ
2414 344 2704 414 φυλάσσειν
2732 341 2871 398 αὐτὰ
2897 341 3249 404 ἁνταπὸδοσις
3279 339 3469 414 πολλή.

424 443 518 499 24.
560 441 766 497 Delicta
810 441 932 511 quis
965 438 1257 508 intelligit?

2093 436 2182 491 24.
2223 437 2646 507 Παραπτώματα
2674 435 2757 499 τίς
2789 436 3041 506 συνήσει;

422 536 519 590 25.
557 535 639 590 Ab
661 533 892 590 occultis
920 531 1058 588 meis
1082 530 1286 586 munda
1317 546 1405 586 me
1431 548 1446 585 :

2093 526 2184 581 25.
2211 526 2306 578 Ἐκ
2334 526 2442 578 τῶν
2475 524 2718 596 κρυφίων
2747 540 2847 594 μου
2881 522 3174 594 καθάρισόν
3209 539 3276 594 με
3295 539 3309 555 ο

427 627 515 680 26.
554 625 620 679 Ει
646 625 715 680 ab
744 623 936 679 alienis
969 637 1130 694 parce
1171 637 1332 678 servo
1362 630 1478 676 tuo.

2093 618 2183 672 26.
2223 619 2333 672 Kal
2361 619 2467 671 ἀπὸ
2495 617 2786 689 ἀλλοτρίων
2815 617 2996 684 φεῖσαι
3022 615 3114 668 τοῦ
3151 615 3334 670 δούλου
3373 632 3483 674 σου.

429 716 518 769 27.
556 702 614 768 Si
651 713 759 768 mei
788 727 897 767 non
933 710 1135 768 fuerint
1161 711 1448 780 dominati,
1483 719 1613 765 tunc
1659 708 1920 764 immacu-

2115 710 2187 766 Π.
2213 709 2335 763 Ἐὰν
2364 711 2436 781 μή
2463 727 2563 780 μου
2590 707 3074 780 κατακυριεύσωσι,
3091 708 3213 761 τότε
3233 708 3460 780 ἄμωμος
3482 709 3606 764 ἐσο-

362 807 504 859 iatus
531 820 626 860 ero
657 821 672 858 :

657 821 672 858 :
2031 820 2126 874 μαι

428 897 518 951 28.
555 895 622 949 Ει
656 895 995 951 emundabor
1033 910 1064 950 a
1099 894 1300 950 delicto
1333 894 1594 949 maximo.

2095 893 2185 948 28.
2225 895 2334 948 Kal
2361 892 2832 964 καθαρισθὴσομαι
2860 891 2966 945 ἀπὸ
2997 891 3271 963 ἁμαρτίας
3299 891 3561 962 μεγάλης.

430 987 521 1042 29.
564 986 630 1044 Et
657 997 820 1043 erunt
859 994 920 1042 ut
951 986 1323 1058 complaceant
1365 986 1582 1057 eloquia
1628 986 1742 1041 oris
1775 983 1921 1040 mei:

2114 987 2188 1041 B9.
2230 985 2339 1039 Kal
2371 986 2580 1039 ἔσονται
2607 986 2687 1048 εἰς
2715 984 2959 1038 εὐδοκίαν
2988 983 3055 1037 τὰ
3078 983 3234 1052 λόγια
3265 982 3359 1036 τοῦ
3397 983 3605 1054 στόμα-

2030 1079 2120 1142 τός
2150 1095 2248 1148 μου

438 1169 527 1226 50.
595 1167 660 1225 Et
691 1167 973 1224 meditatio
1020 1167 1205 1224 cordis
1250 1169 1359 1224 mei
1413 1169 1466 1224 in
1510 1179 1805 1240 conspectu
1838 1179 1929 1227 tuo

2115 1169 2188 1222 50.
2228 1167 2337 1222 Kal
2380 1169 2412 1238 ἡ
2463 1166 2662 1249 μελέτη.
2703 1168 2801 1238 τῆς
2842 1166 3067 1238 καρδίας
3111 1184 3211 1238 μου
3241 1165 3470 1222 ἐνώπιόν
3507 1180 3606 1218 σου

365 1277 596 1332 semper.

2031 1261 2336 1324 διαπαντός.

437 1357 524 1410 5i.
581 1354 810 1410 Domine
839 1352 1058 1425 adjutor
1083 1369 1260 1418 meus,
1298 1363 1354 1409 et
1385 1353 1695 1424 redemptor
1751 1370 1928 1411 meus.

1824 1370 1929 1411 eus.
2099 1356 2186 1411 51.
2230 1357 2400 1428 Κύριε
2435 1354 2593 1427 βοηθέ
2627 1373 2750 1426 μου,
2784 1356 2877 1410 καὶ⁸
2908 1355 3158 1427 λυτρωτά
3194 1372 3315 1425 μου.

525 1490 592 1545 1η
619 1492 796 1560 ﬁnem,
847 1489 1081 1558 psalmus
1121 1488 1312 1545 David.
1351 1487 1562 1544 PSAL.
1612 1487 1770 1543 XIX.

2133 1493 2237 1556 Εἰς
2269 1490 2332 1544 τὸ
2367 1491 2556 1557 τέλος,
2585 1489 2825 1561 ψαλμὸς
2846 1484 2926 1556 τῷ
2955 1489 3150 1544 Δαϐίδ.
3181 1490 3353 1543 ΨΑΛ.
3379 1488 3489 1544 ΙΘ⁹.

441 1627 490 1677 1.
528 1621 796 1677 Exaudiat
837 1630 886 1676 te
920 1621 1184 1677 Dominus
1227 1621 1283 1676 in
1313 1621 1400 1676 die
1438 1621 1856 1678 tribulationis:

2103 1623 2154 1677 1.
2183 1623 2504 1677 Ἐπακούσαι
2534 1641 2626 1676 σου
2653 1623 2856 1696 Κύριος
2880 1625 2935 1678 ὲν
2959 1625 3142 1695 ἡμέρᾳ
3171 1622 3401 1694 θλίψεως
3419 1637 3433 1651 ⁸

436 1713 490 1768 2.
524 1712 778 1784 Protegat
810 1719 863 1767 te
893 1727 1092 1766 nomen
1150 1710 1245 1766 Dei
1274 1710 1462 1767 Jacob.

2101 1715 2155 1769 2.
2181 1717 2582 1788 Ὑπερασπίσαι
2621 1734 2712 1770 σου
2745 1717 2806 1770 τδ
2828 1717 2997 1788 ὄνομα
3024 1716 3117 1770 τοῦ
3147 1716 3282 1771 Θεοῦ
3318 1713 3530 1769 Ἰακὼϐ.

438 1807 492 1860 5.
525 1804 701 1860 Mittat
735 1804 830 1859 tibi
864 1804 1128 1859 auxilium
1158 1805 1226 1860 de
1255 1815 1446 1861 sancto
1473 1823 1486 1858 :

2103 1809 2156 1864 5.
2185 1807 2588 1874 Ἐξαποστείλαι
2617 1827 2698 1863 σοι
2730 1808 2976 1882 βοήθειαν
3007 1809 3065 1875 ἐξ
3096 1809 3280 1879 ἁγίου·

436 1897 492 1952 4.
527 1895 594 1951 Ει
626 1896 693 1952 de
719 1897 851 1952 Sion
883 1906 1101 1952 tueatur
1141 1907 1214 1953 te.

2104 1901 2157 1955 Α.
2200 1902 2309 1955 Kal
2341 1903 2404 1956 ὲκ
2439 1901 2575 1955 Σιὼν
2603 1903 2938 1957 ἁντιλάὸοιτό
2969 1915 3081 1956 σου·

439 1991 495 2046 5.
525 1989 733 2044 Memor
756 1989 825 2044 sit
853 1989 1032 2044 omnis
1061 1988 1315 2044 sacriﬁcii
1343 1988 1419 2044 tui
1449 2006 1463 2043 :

2107 1994 2160 2049 5.
2203 1993 2483 2066 Μνησθείη
2522 1995 2701 2066 πάσης
2733 1994 2922 2058 θυσίας
2956 2011 3080 2048 σου⁶

435 2079 488 2135 6.
529 2078 594 2134 Ει
625 2078 1004 2133 holocaustum
1036 2086 1189 2133 tuum
1219 2077 1418 2148 pingue
1447 2076 1562 2131 ﬁat.

2108 2084 2160 2139 6.
2203 2085 2312 2139 Kal
2337 2084 2397 2137 τὸ
2419 2083 2890 2156 ὁλοκαύτωμάσου
2918 2084 3178 2138 πιανάτω.

445 2172 497 2228 7.
534 2171 762 2226 Tribuat
795 2172 890 2226 tibi
929 2171 1226 2226 secundum
1267 2184 1364 2224 cor
1391 2179 1540 2224 tuum
1578 2189 1590 2223 :

2109 2177 2162 2230 7.
2201 2175 2320 2248 Δῴη
2357 2194 2436 2230 σοι
2468 2176 2672 2248 Κύριος
2702 2176 2843 2230 κατὰ
2866 2178 2963 2248 τὴν
2991 2175 3215 2248 καρδίαν
3243 2191 3333 2228 σου

433 2265 490 2319 8.
525 2263 590 2319 Et
615 2278 777 2319 omne
805 2262 1092 2320 consilium
1119 2272 1272 2317 tuum
1309 2261 1614 2316 confirmet.

2107 2270 2160 2325 8.
2202 2270 2312 2322 Kal
2340 2271 2517 2322 πᾶσαν
2547 2268 2645 2340 τὴν
2675 2269 2870 2341 βουλήν
2901 2287 2995 2323 σου
3025 2267 3323 2339 πληρώσαι.

443 2355 496 2410 9.
533 2353 862 2410 Laetabimur
903 2355 956 2407 in
988 2351 1212 2409 salutari
1246 2360 1341 2404 tuo
1369 2368 1384 2404 :

2105 2361 2161 2417 9.
2188 2359 2656 2431 Ἀγαλλιασὸμεθα
2686 2361 2777 2414 ἐπὶ
2804 2360 2881 2432 τῷ
2914 2360 3163 2432 σωτηρίῳ
3197 2376 3288 2412 σου
3309 2373 3321 2388 ³

433 2445 529 2501 .10.
563 2445 637 2502 Et!
657 2447 711 2502 in
739 2445 959 2502 nomine
985 2446 1081 2502 Dei
1105 2445 1278 2530 nostri
1308 2441 1792 2516 magniﬁcabimur.

2120 2451 2194 2506 [0.
2227 2453 2334 2505 Kal
2370 2453 2428 2505 ὲν
2467 2449 2692 2522 ὀνόματι
2733 2435 2940 2522 Κυρίου
2967 2451 3100 2505 Θεοῦ
3137 2449 3296 2523 ἡμῶν
3343 2445 3611 2520 μεγαλυν-

2038 2543 2334 2615 θησόμεθα.

1485 2708 1866 2766 ATHANASII
1908 2707 2495 2766 INTERPRETATIO.

441 2895 536 2952 25.
602 2894 664 2949 in
727 2888 1008 2948 servandis
1063 2888 1172 2943 illis
1223 2886 1455 2956 quisque
1521 2893 1770 2941 nostrum
1833 2897 1931 2955 pro

2118 2881 2198 2938 Ξῖ).
2224 2882 2311 2934 Ἑν
2336 2881 2414 2953 τῷ
2446 2883 2666 2953 κρατεῖν
2695 2881 2834 2936 αὐτὰ
2861 2880 3088 2936 ἕκαστον
3117 2879 3294 2952 ἡμῶν,
3321 2878 3609 2934 ἀνταπόδο-

358 2987 622 3046 έωειτοεάθ
653 2986 816 3042 habet
843 2983 1009 3039 vitam
1044 2989 1322 3037 aeternam.

2039 2990 2124 3027 σιν
2158 2973 2269 3044 ἔχει
2304 2972 2446 3045 ζωὴν
2476 2973 2851 3045 ἀτελεύτητον.

445 3082 538 3137 24.
586 3077 784 3134 Cordis
823 3073 1199 3147 cogitationes.

1961 3096 2004 3154 ο
2106 3063 2197 3117 24.
2238 3065 2375 3127 Τοὺς
2399 3065 2456 3116 ὲν
2485 3066 2552 3135 τῇ
2581 3065 2778 3138 καρδίᾳ
2801 3063 3112 3136 λογισμούς.

441 3171 533 3226 25.
569 3169 645 3225 De
671 3167 864 3223 iisdem
901 3163 1320 3234 cogitationibus
1352 3161 1620 3232 loquitur.

1572 3178 1620 3217 ιι,
2105 3154 2195 3209 25.
2238 3155 2358 3208 Τῶν
2392 3156 2570 3209 αὐτῶν
2595 3156 2866 3228 λογισμῶν
2896 3157 3062 3226 λέγει.

437 3261 530 3319 26.
581 3259 665 3314 Ab
697 3257 1008 3313 incursibus
1036 3255 1244 3310 inimici
1269 3254 1438 3310 libera
1470 3268 1576 3308 me.

2107 3247 2196 3302 26.
2240 3246 2360 3300 Τῶν
2392 3248 2648 3304 εἰσϐολῶν
2673 3249 2766 3303 τοῦ
2796 3249 2988 3322 ἐχθροῦ
3021 3249 3181 3323 ῥῦσαί
3212 3267 3300 3322 με.

443 3353 534 3408 27.
592 3349 995 3422 Cogitationes,
1029 3347 1126 3404 ait.

2103 3341 2193 3394 27.
2237 3343 2300 3395 Οἱ
2323 3342 2592 3415 λογισμοὶ,
2623 3342 2788 3412 λέγει.

444 3443 533 3497 28.
564 3440 630 3496 Et
657 3456 688 3496 a
718 3439 916 3495 diaboli
943 3437 1312 3494 dominatione
1340 3433 1690 3491 sublevabor.

2125 3431 2196 3486 l8.
2237 3433 2346 3486 Kal
2374 3433 2808 3506 κουφισθήσομαι
2839 3433 2937 3506 τῆς
2960 3433 3274 3498 δυναστείας
3299 3433 3391 3487 τοῦ
3425 3433 3616 3488 διαϐό-

2039 3521 2155 3576 λου.

442 3621 532 3676 29.
580 3618 765 3674 Oratio
798 3631 941 3681 mea,
977 3615 1173 3685 inquit.

2108 3611 2198 3666 29.
2227 3611 2291 3665 Ἦ
2319 3611 2447 3684 εὐχή
2485 3630 2608 3684 μου,
2639 3613 2807 3682 λέγει.

442 3714 531 3768 30.
580 3710 648 3766 Et
695 3708 1026 3765 desiderium
1059 3705 1240 3762 cordis
1287 3703 1395 3760 mei
1451 3702 1506 3756 in
1553 3701 1670 3772 lege
1708 3710 1800 3756 tua
1849 3701 1933 3756 die

2123 3703 2198 3758 50.
2239 3704 2351 3758 Kal
2380 3707 2414 3776 ἡ
2439 3705 2702 3776 ἐπιθυμία
2733 3706 2832 3777 τῆς
2869 3705 3089 3778 καρδίας
3130 3721 3231 3776 μου
3266 3703 3324 3758 ὲν
3348 3701 3426 3775 τῷ
3458 3702 3614 3774 νόμῳ

371 3818 436 3858 ac
462 3811 640 3857 nocte.

2041 3812 2133 3850 σου
2166 3795 2375 3867 ἡμέρας
2404 3797 2498 3849 καὶ
2531 3797 2739 3860 νυκτός.

438 3893 528 3948 51.
561 3893 810 3956 Domine,
851 3891 945 3961 qui
979 3886 1224 3944 defendis
1267 3896 1320 3941 et
1364 3884 1565 3940 liberas
1613 3899 1699 3939 me
1734 3898 1766 3937 a
1819 3883 1929 3939 dia-

2120 3889 2197 3942 51.
2239 3887 2432 3959 Κύριε,
2449 3889 2477 3942 ὁ
2496 3889 2881 3960 ἀνθιστάμενος
2909 3889 3002 3943 καὶ
3026 3887 3383 3961 λυτρούμενὸς
3409 3905 3480 3960 με
3501 3889 3611 3942 ἀπὸ

372 3985 518 4053 bolo,
545 3993 599 4040 et
630 3982 893 4038 ministris
917 3981 1057 4052 ejus.

2044 3979 2138 4033 τοῦ
2160 3979 2424 4048 διαϐόλου,
2455 3981 2545 4035 xal
2571 3981 2678 4035 τῶν
2704 3983 2990 4056 ὑπουργῶν
3021 3981 3205 4036 αὐτοῦ.

456 4120 521 4174 Ἡ
552 4117 881 4191 προκειμένη
909 4117 1184 4189 ἐπιγραφὴ
1211 4116 1451 4187 περιέχει
1475 4134 1490 4147 ·
1521 4119 1626 4183 Εἰς
1661 4116 1726 4170 τὸ
1752 4117 1941 4184 τέλος,
1965 4119 2205 4189 eaepse
2225 4117 2304 4186 τῷ
2330 4120 2525 4174 Δαϐἰὸ.
2560 4119 2729 4175 Τοῦτο
2759 4120 2926 4189 λέγει,
2954 4121 2982 4174 ὃ
3015 4121 3142 4194 περὶ
3170 4120 3270 4191 τῆς
3297 4121 3610 4186 συντελείας

362 4211 464 4267 τοῦ
495 4209 690 4274 αἰῶνος
723 4207 956 4281 εἴρηται.

442 4301 656 4357 Titulus
695 4299 1017 4370 praepositus
1046 4299 1286 4354 continet
1317 4317 1330 4353 :
1371 4296 1435 4351 In
1475 4298 1654 4367 ﬁnem,
1683 4300 1920 4368 psalmus
1959 4299 2154 4354 David.
2186 4298 2300 4356 Hoc
2329 4311 2514 4357 autem
2544 4301 2833 4374 signiﬁcat,
2865 4299 3010 4371 quod
3037 4299 3105 4355 de
3134 4299 3608 4354 consummatione

371 4391 555 4448 saeculi
581 4391 825 4462 psalmus
849 4390 1027 4445 dictus
1063 4398 1167 4444 est.

442 4509 495 4572 i,
525 4507 580 4560 2.
633 4505 752 4576 Ipse
777 4507 921 4562 enim
955 4507 1129 4561 dixit:
1163 4505 1359 4561 Invoca
1389 4523 1468 4561 me
1502 4509 1558 4561 in
1584 4508 1669 4562 die
1707 4507 1933 4561 tribula-

2114 4509 2159 4573 Ι,
2183 4509 2238 4562 2.
2279 4508 2452 4573 Αὐτὸς
2476 4509 2582 4580 γὰρ
2606 4504 2758 4562 εἶπεν
2777 4525 2792 4539 ο
2828 4505 3217 4562 Ἐπικὰλεσαί
3234 4524 3306 4578 με
3325 4507 3395 4560 ἐν
3419 4507 3605 4577 ἡμέρᾳ

371 4601 532 4657 tionis
566 4609 692 4663 tum,
722 4609 771 4652 et
808 4615 988 4652 eruam
1019 4611 1087 4661 te,
1119 4608 1166 4652 et
1208 4598 1528 4669 gloriﬁcabis
1554 4617 1632 4654 me
1653 4601 1720 4654 "’.

2115 4601 2297 4670 ίψεώς
2333 4617 2470 4666 σου,
2496 4601 2593 4654 καὶ
2621 4601 2938 4670 ἑξελοῦμαί
2962 4617 3054 4668 σε,
3085 4601 3180 4656 καὶ
3209 4597 3489 4667 δοξάσεις
3507 4615 3601 4670 με.

441 4693 494 4745 ὅ.
525 4688 725 4745 Filium
751 4689 893 4758 ejus.

2108 4693 2160 4746 5.
2203 4692 2304 4745 Τὸν
2332 4692 2458 4745 Υίὸν
2495 4691 2680 4747 αὐτοῦ.

434 4785 489 4838 ni.
521 4781 563 4834 E
607 4782 746 4836 caelo
806 4780 1094 4851 signiﬁcat.
1153 4781 1283 4838 Sion
1337 4783 1482 4836 enim
1542 4782 1925 4853 interpretatur

2114 4783 2157 4836 4.
2190 4783 2282 4836 Ἐκ
2313 4781 2407 4835 τοῦ
2450 4781 2676 4853 οὐρανοῦ
2725 4780 2891 4852 λέγει.
2938 4781 3089 4836 Σιὼν
3115 4782 3222 4852 γὰρ
3250 4783 3605 4855 ἑρμηνεύεται

370 4883 544 4941 locus,
575 4873 667 4928 ubi
706 4882 789 4928 est
823 4874 1256 4930 tabernaculum.

2033 4873 2215 4937 τόπος,
2252 4875 2399 4937 ὅπως
2430 4873 2609 4946 [ὅπου]
2639 4876 2672 4944 ή
2710 4876 2903 4945 σκηνή.

438 4967 490 5021 5.
528 4962 738 5031 sancti,
769 4966 965 5036 inquit.

2107 4965 2159 5017 5.
2187 4965 2391 5033 Ἀγίας,
2416 4966 2583 5034 λέγει.

435 5059 489 5109 6.
527 5058 837 5113 Sanctilicet
871 5060 1133 5124 animam,
1176 5068 1229 5113 et
1261 5074 1458 5129 corpus
1488 5067 1663 5117 tuum.

2113 5054 2160 5110 6.
2189 5056 2429 5123 Ἀγιὰσει
2465 5056 2735 5129 [ἁγιάσαι]
2761 5073 2853 5111 σου
2878 5056 2976 5128 τὴν
3003 5057 3200 5130 ψυχὴν,
3229 5056 3318 5111 καὶ
3337 5055 3396 5111 τὸ
3426 5056 3604 5129 σῶμα.

437 5150 492 5204 7.
527 5150 702 5206 Bonas
735 5161 860 5206 tuas
903 5152 1216 5222 petitiones.

2111 5149 2162 5204 7.
2204 5149 2285 5200 Τὰ
2318 5151 2592 5220 αἰτήματα
2619 5169 2710 5204 σου
2741 5151 2808 5205 τὰ
2842 5151 3039 5220 ἀγαθά.

435 5241 490 5294 8.
531 5239 875 5310 Propositum
918 5251 1072 5297 tuum
1117 5243 1169 5296 in
1202 5243 1400 5311 ipsum.

2109 5241 2161 5294 8.
2205 5239 2314 5310 Τὴν
2347 5241 2602 5311 πρόθεσίν
2635 5260 2725 5294 σου
2758 5243 2853 5314 τὴν
2879 5244 2958 5304 είς
2985 5243 3165 5296 αὐτόν.

437 5334 490 5387 9.
522 5331 579 5386 lu
606 5334 724 5402 ejus
760 5350 858 5404 pro
882 5334 1040 5390 nobis
1077 5335 1331 5390 adventu.

2109 5332 2160 5384 9.
2193 5331 2281 5385 Ἐν
2310 5335 2375 5403 τῇ
2412 5333 2682 5405 παρουσίᾳ
2709 5337 2774 5406 τῇ
2812 5335 2952 5405 ὑπὲρ
2976 5334 3152 5404 ἡμῶν.

435 5425 524 5480 10.
566 5424 946 5480 Gloriabimur.

2109 5423 2194 5476 10.
2226 5425 2620 5496 Καυχησόμεθα
2633 5465 2645 5480 .

439 5601 481 5633 ’ν
529 5599 671 5656 Ριίί.
707 5619 848 5670 seu,
884 5603 964 5657 15.
