3776 6272
189 227 226 282 1
239 227 318 283 17
1128 237 1219 296 DE
1255 233 1528 304 TITULIS
1568 249 1680 308 PSA

1941 260 2009 314 Μ.
2059 294 2129 303 —
2168 257 2364 317 PSAL.
2404 257 2522 315 XX.
3323 287 3428 349 718

262 348 364 402 11.
391 349 680 422 Πληρὼσαι
711 352 914 426 Κύριος
944 356 1118 413 πάντα
1147 361 1215 414 τὰ
1246 364 1520 436 αἰτήματά
1554 385 1666 422 σου.

264 438 339 467 ιο
395 440 509 467 ΜΞ-.
558 440 725 467 ιη...
814 446 886 467 ε-.
940 447 996 467 r,
1163 453 1206 467 «ιν
1231 453 1242 467 ο
1443 457 1454 467 .
1542 461 1584 467 __
1716 463 1724 467 -

1803 381 1852 439 Α
1949 378 2036 433 11.
2067 379 2288 453 Impleat
2315 385 2578 447 Dominus
2613 404 2799 451 omnes
2836 397 3120 467 petitiones
3151 407 3289 461 tuas.

264 438 361 493 12.
395 440 509 494 Νῦν
554 440 760 513 ἔγνων,
809 446 892 500 ὃτι
937 447 1108 503 ἔσωσε
1163 453 1365 525 Κύριος
1407 457 1498 511 τὸν
1541 461 1755 532 Χριστὸη

2147 438 2164 453 ⁵
2213 438 2286 440 γη-
2317 438 2345 440 -
2367 438 2576 447 ν------.-
2615 438 2799 451 ν---ηνυ
2838 438 3120 467 γυιιῡιυηιδ
3152 438 3290 461 suda.

1941 469 2027 523 12.
2059 469 2212 530 Nunc
2243 481 2492 550 cognovi,
2514 484 2770 553 quoniam
2795 489 3002 544 salvum
3030 490 3154 548 fecit
3172 494 3431 557 Dominus

189 531 390 584 αὐτοῦ·
1597 531 1603 532 ⁷

1868 558 2146 618 Christum
2169 581 2326 622 suum
2360 588 2371 622 :

264 621 357 675 i3.
401 624 796 681 Ἐπακούσεται
840 629 1004 684 αὐτοῦ
1038 632 1096 697 ἐξ
1139 635 1368 706 ούρανοῦ
1401 640 1553 709 ἁγίου
1584 645 1755 700 αὐτοῦ

266 711 285 730 .
311 712 330 730 .
399 714 457 730 ..ς
520 715 545 730 ..
751 719 763 730 .
887 722 901 730 -
1134 725 1145 730 -
1246 729 1255 730 κ

1668 646 1767 700 τοῦθ
1938 653 2025 710 15,
2061 621 2322 716 Exaudiet
2347 662 2496 718 illum
2530 665 2596 721 de
2628 667 2766 723 coelo
2799 682 2988 728 sancto
3023 690 3159 730 suo:

262 711 357 767 14.
399 714 488 768 Ἑν
515 715 852 783 δυναστείαις
877 722 910 792 ἠ
942 725 1184 795 σωτηρία
1207 729 1304 798 τῆς
1328 730 1504 796 δεξιᾶς
1535 735 1719 790 αὐτοῦ,

262 802 333 832 ηε
390 799 548 832 ης--.
581 810 867 832 1-.Q._-.__.
926 814 1008 832 -
1072 809 1098 832 τ
1219 820 1232 832 .
1299 821 1320 832 ..

1608 735 1719 790 τοῦ.
1939 743 2025 799 11.
2054 747 2112 801 In
2144 752 2497 816 potestatibus
2525 756 2674 812 salus
2701 758 2934 815 dexteras
2962 764 3099 832 ejus.

261 802 355 858 15.
390 799 552 861 Οὗτοι
577 810 637 862 ὲν
665 810 892 882 ἅρμασι,
924 814 1017 866 καὶ
1044 809 1186 869 οὗτοι
1215 820 1271 872 ἐν
1299 821 1502 887 ἵπποις·

262 895 334 920 1Q
396 897 587 920 ."__-’A
619 900 663 920 Q1
706 903 718 920 Ω
800 904 812 920 3
861 903 875 920 1
1041 908 1081 920 I'
1168 909 1179 920 ι
1292 913 1322 920 ι.
1391 912 1416 920 α.
1475 916 1486 920 -
1553 917 1577 920 -
1649 918 1658 920 _

1494 841 1502 854 ·
1938 833 2026 890 15.
2055 835 2118 890 Hi
2157 837 2210 892 in
2239 842 2510 908 curribus,
2539 854 2591 899 et
2618 845 2671 900 hi
2705 848 2757 902 in
2790 851 2944 920 equis
2972 871 2985 906 :

262 895 354 950 16.
396 897 589 969 Ἡμεῖς
614 900 671 955 δὲ
702 903 760 956 ὲν
789 903 1010 973 ὀνόματι
1040 908 1240 982 Κυρίου
1285 912 1418 966 Θεοῦ
1463 916 1616 986 ἡμῶν
1645 918 1753 973 ἑπι-

2545 895 2589 899 -,
2793 895 2944 920 ηπ...
2973 895 2985 906 .

1937 928 2026 981 16.
2056 928 2164 987 Nos
2201 943 2378 989 autem
2414 936 2467 990 in
2503 940 2720 996 nomine
2760 941 2973 999 Domini
3012 944 3105 1001 Dei
3139 951 3306 1004 nostri
3343 950 3424 1004 in-

187 986 558 1059 καλεσὸμεθα.

1866 1021 2197 1079 vocabimus.

259 1080 348 1134 17.
379 1083 546 1136 Αὐτοὶ
573 1085 1050 1159 συνεποδίσθησαν,
1080 1091 1170 1144 καί
1195 1091 1408 1148 ἔπεσον·

1937 1112 2020 1165 17.
2055 1113 2158 1183 Ipsi
2189 1118 2404 1188 obligati
2439 1131 2585 1190 sunt,
2622 1134 2676 1178 et
2707 1125 3016 1181 ceciderunt
3043 1146 3057 1183 :

256 1171 346 1226 18.
383 1173 578 1243 Ἡμεῖς
616 1175 671 1228 δὲ
699 1176 1021 1247 ἀνέστημεν,
1055 1182 1147 1233 καὶ
1171 1182 1586 1257 ἀνωρθώθημεν.

1935 1203 2021 1257 18.
2054 1204 2163 1261 Nos
2191 1219 2366 1264 autem
2398 1216 2755 1277 surreximus.
2786 1228 2839 1272 et
2862 1220 3024 1275 creati
3049 1235 3254 1283 sumus.

256 1265 346 1317 19.
380 1264 575 1336 Κύριε,
608 1267 780 1320 σῶσον
807 1269 900 1323 τὸν
932 1268 1173 1340 βασιλέα·

1454 1368 1466 1377 ⁸
1575 1371 1588 1377 Δ
1934 1292 2020 1347 19.
2052 1293 2296 1363 Domine,
2325 1264 2895 1377 εειῖίιέπὶίῖέξῖἑξςεῖξιῖ

252 1353 343 1409 20.
380 1357 496 1410 Καὶ
527 1359 834 1414 ἐπάκουσον
868 1362 1045 1431 ἡμῶν,
1087 1363 1146 1417 ὲν
1251 1367 1316 1419 ἂν
1361 1368 1541 1443 ἡμέρᾳ
1573 1371 1743 1425 ἐπικαι

2284 1353 2296 1363 ,
2361 1353 2379 1354 η
2420 1353 2530 1356 τμ-
2561 1353 2643 1360 -η
2676 1353 2852 1377 ηοω-
2882 1353 2895 1361 -

1934 1384 2022 1437 20.
2051 1386 2116 1442 Et
2137 1390 2330 1445 exaudi
2354 1407 2453 1448 nos
2474 1395 2528 1447 in
2552 1395 2656 1461 die,
2685 1414 2792 1468 qua
2818 1400 3250 1460 invocaverimus
3276 1415 3347 1462 te.

183 1441 474 1514 λεσώμεθά
502 1464 582 1500 σε.

300 1560 410 1623 Εὶς
438 1559 506 1612 τὸ
538 1560 732 1628 τέλος,
759 1564 1000 1634 ψαλμὸς
1029 1564 1108 1632 τῷ
1139 1567 1332 1621 Δαϐίδ.
1370 1572 1542 1625 ΨΑΛ.
1573 1577 1654 1626 K'.

2072 1585 2134 1641 In
2167 1589 2343 1657 ﬁnem,
2373 1593 2606 1661 psalmus
2640 1595 2830 1652 David.
2865 1598 3060 1654 PSAL.
3091 1601 3213 1655 XX.

253 1648 304 1700 1.
337 1648 536 1721 Κύριε,
571 1653 629 1705 ὲν
660 1657 724 1725 τῇ
773 1655 996 1727 δυνάμει
1023 1675 1115 1711 σου
1153 1659 1577 1732 εὐφρανθήσεται
1607 1665 1635 1716 ὁ
1670 1664 1728 1734 βα

237 1738 386 1798 λεύς·

1670 1664 1762 1734 βα·
1783 1737 1829 1798 Β
1933 1674 1981 1729 1.
2013 1674 2256 1742 Domine,
2284 1680 2337 1735 in
2370 1648 2566 1738 virtute
2595 1694 2684 1739 tua
2713 1686 2979 1741 laetabitur
3005 1704 3096 1743 rex
3133 1707 3144 1742 ε

183 1755 386 1803 ausu;-

249 1831 306 1885 2.
337 1833 448 1885 Καὶ
469 1834 563 1886 ἐπὶ
589 1835 664 1905 τῷ
698 1838 946 1908 σωτηρίῳ
993 1857 1085 1892 σου
1112 1840 1492 1908 ἀγαλλιάσεται
1521 1846 1740 1916 σφόδρα.

1925 1853 1980 1906 2.
2011 1853 2075 1909 Et
2105 1870 2268 1926 super
2293 1859 2530 1915 salutare
2557 1870 2706 1916 tuum
2741 1865 3032 1921 exsultabit
3053 1869 3413 1924 vehementer.

245 1923 299 1976 3.
327 1923 441 1994 Τὴν
471 1925 765 1996 ἐπιθυμίαν
786 1931 883 1999 τῆς
911 1929 1133 2001 καρδίας
1159 1932 1320 1985 αὐτοῦ
1351 1933 1556 1998 ἔδωκας
1581 1937 1736 2006 αύτῷ

1623 1937 1746 2006 ὺτῷο
1925 1943 1978 1997 5.
2012 1943 2345 2001 Desiderium
2380 1951 2562 2006 cordis
2594 1953 2714 2022 ejus
2749 1955 2983 2010 tribuisti
3020 1957 3067 2010 ei
3101 1973 3114 2008 :

245 2015 300 2068 4.
337 2016 450 2068 Καὶ
489 2017 588 2088 τὴν
621 2017 836 2087 Θέλησιν
861 2021 969 2074 τῶν
1007 2022 1225 2092 χειλέων
1262 2023 1427 2077 αὐτοῦ
1457 2026 1554 2079 ούκ
1597 2027 1736 2080 ἐστέ-

1926 2035 1977 2090 4.
2014 2035 2080 2090 Et
2109 2037 2383 2096 voluntate
2406 2015 2670 2098 labiorum
2697 2045 2813 2114 ejus
2845 2062 2951 2102 non
2976 2049 3236 2104 fraudasti
3264 2066 3410 2106 eum.

181 2122 354 2178 ρησας
384 2107 567 2162 αὐτόν.

244 2197 299 2252 5.
344 2199 468 2253 Ὀτι
515 2200 864 2273 προέφθασας
911 2202 1074 2258 αὐτὸν
1112 2205 1170 2258 ἐν
1210 2205 1479 2274 εὐλογίαις
1525 2213 1735 2280 χρηστά·

1921 2207 1972 2261 5.
2007 2208 2274 2275 Quoniam
2323 2218 2628 2284 praevenisti
2675 2233 2797 2282 eum
2847 2221 2903 2276 in
2949 2223 3408 2281 benedictionibus

173 2305 337 2360 τητος
355 2307 372 2321 ·
579 2354 584 2359 ,

1850 2298 2153 2358 dulcedinis
2183 2322 2195 2357 :

242 2381 296 2435 6.
329 2381 574 2453 Ἐθηκας
619 2384 708 2439 ἐπὶ
743 2385 842 2458 τὴν
884 2387 1121 2458 κεφαλὴν
1171 2386 1334 2441 αὑτοῦ
1383 2387 1640 2458 στέφανον
1685 2393 1733 2445 ὲ)

1919 2390 1971 2444 6.
2021 2390 2256 2470 Posuisti
2307 2397 2360 2452 in
2426 2400 2597 2469 capite
2643 2401 2760 2471 ejus
2806 2391 3062 2460 coronam
3118 2405 3183 2462 de
3232 2407 3405 2478 lapide

171 2471 320 2525 λίθου
349 2473 555 2543 τιμίου.

1886 2483 2103 2538 retioso.

238 2564 293 2616 7.
328 2565 483 2636 Ζωὴν
505 2567 745 2638 ῂτήσατό
779 2584 856 2632 σε,
893 2571 987 2621 καὶ
1017 2568 1220 2632 ἔδωκας
1242 2569 1388 2641 αύτῷ

1922 2575 1970 2630 7.
2001 2575 2177 2632 Vitam
2209 2581 2361 2648 petiit
2389 2597 2420 2636 a
2447 2589 2519 2646 te,
2546 2592 2599 2638 et
2629 2585 2862 2642 tribuisti
2889 2588 2938 2643 ei

237 2655 293 2710 8.
327 2657 663 2729 Μακρὸτητα
705 2659 924 2731 ἡμερῶν
971 2660 1052 2722 είς
1097 2659 1288 2725 αἰῶνα,
1323 2662 1417 2716 καὶ
1457 2663 1534 2725 είς
1573 2661 1728 2716 αἰῶνα

1918 2665 1971 2719 8.
2003 2665 2418 2738 Longitudinem
2460 2673 2668 2728 dierum
2716 2677 2769 2730 in
2804 2679 3082 2746 saeculum,
3109 2687 3164 2735 et
3211 2680 3265 2734 in
3304 2695 3401 2734 stc-

170 2747 388 2810 αἰῶνοςο

1848 2756 2028 2811 culum
2057 2760 2236 2813 saeculi
2273 2777 2285 2812 :

235 2841 291 2894 9.
325 2840 554 2913 Μεγάλη
582 2843 616 2912 ἡ
641 2841 767 2909 δόξα
791 2841 954 2898 αὐτοῦ
986 2846 1044 2898 ὲν
1069 2844 1145 2916 τῷ
1174 2847 1422 2919 σωτηρίῳ
1447 2862 1562 2899 σουο

1918 2843 1972 2899 9.
1999 2842 2186 2915 Magna
2212 2858 2295 2904 est
2329 2851 2497 2922 gloria
2525 2855 2644 2924 ejus
2673 2857 2726 2911 in
2765 2858 2988 2914 salutari
3019 2869 3109 2915 tuo
3135 2876 3148 2916 :

1298 3001 1668 3058 ATHANASII
1701 3000 2287 3065 INTERPRETATIO.

232 3153 322 3206 11.
356 3154 440 3208 Τὰ
466 3155 668 3226 ἀρεστὰ
692 3157 858 3228 αὐτῷ,
889 3159 982 3212 καὶ
1015 3159 1095 3212 σοὶ
1124 3160 1485 3232 συμφέροντα.

1915 3170 2002 3224 11.
2045 3170 2178 3236 Quae
2215 3169 2317 3240 ipsi
2346 3179 2474 3225 sunt
2500 3171 2715 3241 placita,
2743 3182 2798 3229 et
2825 3171 2918 3227 tibi
2957 3173 3126 3229 utilia.

231 3249 326 3302 12.
355 3249 459 3300 Τὸν
487 3248 614 3302 λαὸν
640 3251 801 3304 αὐτοῦ
827 3251 990 3320 λέγει.

1911 3262 1996 3315 12.
2033 3261 2297 3332 Populum
2327 3263 2446 3332 ejus
2475 3265 2761 3334 signiﬁcat.

229 3338 323 3394 15.
352 3339 573 3410 Γνωστὴ
607 3340 757 3395 ἔσται
785 3343 818 3412 ἡ
846 3341 995 3412 φωνὴ
1023 3341 1214 3396 ἑαυτοῦ
1245 3345 1395 3416 παρὰ
1418 3345 1495 3414 τῷ
1522 3347 1657 3418 Θεῷ.

1550 3347 1657 3418 ιεῷ.
1909 3356 1994 3410 15.
2035 3353 2214 3424 ipsius
2247 3369 2350 3410 vox
2380 3365 2506 3410 nota
2537 3358 2642 3411 erit
2675 3359 2816 3427 apud
2854 3358 3041 3414 Deum.

227 3431 322 3486 14.
350 3431 474 3484 Τῶν
502 3432 692 3500 ἁγίων,
718 3433 887 3501 λέγει.

1757 3484 1798 3517 ρ
1909 3446 1995 3500 14.
2029 3446 2374 3512 Sanctorum,
2419 3448 2613 3517 inquit.

346 3523 434 3577 16.
479 3484 885 3596 Ἡμεῖςῐδὲίὲνῂ
917 3525 995 3597 τῷ
1021 3525 1244 3596 ὀνόματι
1286 3527 1458 3596 Ἰησοῦ
1490 3529 1717 3584 ἐπικαλε·

1912 3484 1995 3500 η.
2029 3484 2374 3512 suum“...
2420 3484 2614 3517 μανι...

1909 3537 1996 3599 15.
2036 3536 2119 3591 16.
2176 3535 2286 3592 Nos
2332 3545 2513 3592 autem
2570 3540 2624 3592 in
2679 3542 2899 3596 nomine
2947 3542 3074 3598 Jesu
3116 3543 3391 3599 invocabiy

160 3613 384 3684 σύμεθα.

1835 3643 1976 3683 mus.

226 3704 319 3758 17.
347 3705 412 3758 Οἱ
441 3706 714 3776 δαίμονες.

1905 3719 1991 3772 17.
2048 3717 2347 3775 Daemones.

224 3795 315 3850 18.
361 3797 534 3867 Ἰησοῦ
569 3797 660 3850 τοῦ
691 3797 822 3851 Θεοῦ
857 3796 1012 3868 ἡμῶν
1041 3797 1402 3870 διεγείραντος
1435 3799 1600 3869 ἡμᾶς,
1633 3799 1715 3853 ml

1900 3808 1986 3863 18.
2027 3808 2157 3864 Jesu
2203 3808 2313 3864 Deo
2347 3819 2537 3867 nostro
2565 3812 2862 3869 suscitante
2895 3829 3015 3882 nos,
3054 3825 3110 3871 et
3139 3826 3380 3870 sanante.

157 3885 282 3940 ιασα
289 3889 473 3956 μένου.
1046 3907 1052 3914 ·

220 3976 312 4030 19.
345 3977 450 4029 Τὸν
475 3977 604 4030 λαὸν
631 3978 800 4047 λέγει.

1899 3978 1985 4032 19.
2017 3976 2283 4048 Populum
2327 3979 2619 4050 signiﬁcat.

212 4066 308 4121 20.
359 4068 446 4121 Ἐν
472 4067 833 4138 οἱῳδηποτοῦν
860 4069 1037 4140 καιρῷ
1061 4069 1338 4141 δεηθῶμέν
1367 4089 1480 4125 σου.

1897 4070 1986 4125 20.
2034 4069 2372 4140 Quocunquc
2402 4081 2642 4143 tempore
2672 4082 2721 4129 te
2747 4077 3121 4144 deprecemur.

225 4178 296 4232 Ἦ
325 4181 655 4253 προκειμένη
690 4182 964 4252 ἐπιγραφὴ
991 4183 1251 4255 περιέχειο
1285 4188 1390 4252 Εἰς
1415 4186 1482 4239 τό
1511 4185 1699 4252 τέλος,
1729 4185 1967 4254 magal;
1995 4184 2073 4250 τῷ
2098 4185 2291 4239 Δαϐίδ.
2313 4185 2620 4251 Τουτέστιν,
2653 4190 2733 4252 είς
2766 4191 2828 4243 τὸ
2857 4192 3005 4254 τέλος
3036 4192 3144 4244 τῶν
3175 4191 3383 4245 αἰώνων

145 4272 172 4322 ὁ
207 4271 423 4342 ψσλμός
451 4276 662 4345 εἴρηται
685 4276 762 4346 τῷ
792 4276 902 4346 Υίῷ
930 4277 1020 4330 τοῦ
1043 4277 1197 4337 Θεοῦ.
1230 4281 1322 4331 καὶ
1352 4279 1426 4350 τῷ
1455 4280 1568 4350 λαῷ
1591 4280 1668 4351 τῷ
1696 4281 1835 4348 ἁγίῳ
1857 4281 2038 4334 αὐτοῦ.
2073 4280 2250 4334 Δαϐίὸ
2283 4282 2390 4350 γὰρ
2424 4280 2547 4353 [είς]
2573 4283 2858 4352 ἀμφότερα
2882 4284 3258 4354 ἑρμηνεύεται,
3287 4288 3382 4338 καὶ

144 4365 223 4425 εἰς
249 4363 342 4415 τὸν
366 4363 460 4416 τοῦ
490 4365 623 4418 Θεοῦ
654 4367 780 4419 Υἱὸν
813 4369 918 4423 τόν
944 4372 1268 4440 ἀγαπητὸν,
1303 4375 1397 4426 καὶ
1432 4376 1512 4438 είς
1542 4375 1631 4427 τὸν
1662 4374 1787 4429 λαὸν
1810 4379 1900 4428 τὸν
1927 4375 2078 4443 ἅγιον
2101 4375 2207 4428 τὸν
2233 4375 2648 4444 πεποθημένον
2670 4377 2773 4431 ὑπὸ
2802 4379 3028 4448 Κυρίου.

213 4457 432 4515 Titulus
460 4465 783 4533 przepositus
805 4469 1046 4523 continet
1079 4488 1092 4524 :
1126 4467 1193 4522 In
1223 4471 1400 4539 ﬁnem,
1430 4473 1668 4540 psalmus
1699 4471 1892 4526 David.
1923 4471 2036 4527 Hoc
2062 4481 2164 4537 est,
2197 4473 2342 4542 quod
2372 4474 2425 4526 in
2455 4473 2561 4528 ﬁne
2586 4471 2906 4528 saeculorum
2931 4471 3172 4540 psalmus
3199 4472 3377 4528 dictns

140 4559 223 4603 est
249 4547 342 4603 Dei
375 4549 533 4613 Filio.
570 4562 624 4608 et
653 4557 850 4624 pOpulo
879 4569 1069 4615 sancto
1099 4561 1237 4630 ejus.
1268 4561 1440 4616 David
1483 4565 1627 4616 enim
1668 4563 1734 4618 de
1781 4574 2011 4634 utroque
2052 4563 2458 4632 interpretatur,
2491 4564 2636 4618 etde
2678 4562 2817 4618 Filio
2861 4562 2954 4617 Dei
2981 4563 3192 4631 dilecto,
3221 4574 3276 4618 et
3308 4565 3375 4620 de

140 4641 342 4710 populo
374 4653 564 4698 sancto
591 4645 888 4702 desiderato
917 4665 948 4704 a
978 4649 1226 4706 Domino.

208 4738 263 4792 1.
304 4738 364 4792 Ὅ
393 4738 521 4803 λαὸς
548 4742 577 4794 ὁ
607 4744 810 4810 πιστός.

1738 4755 1782 4809 1)
1885 4752 1933 4806 1.
1967 4749 2202 4821 Populus
2245 4750 2433 4806 ﬁdelis.

204 4830 260 4885 2.
288 4831 378 4902 Τῷ
406 4833 625 4906 σταυρῷ
649 4852 764 4891 σου.

1879 4841 1935 4898 2.
1988 4841 2162 4914 Super
2192 4859 2411 4898 crucem
2445 4853 2613 4898 tuam.

197 4920 252 4974 5.
284 4921 367 4975 Τὰ
397 4924 675 4995 αἰτήματα
707 4926 871 4980 αὐτοῦ
900 4931 970 4982 τὰ
991 4929 1188 4999 ἀγαθά.

1152 4929 1188 4985 i.
1878 4932 1931 4987 '5.
1974 4932 2265 4989 Petitiones
2296 4934 2415 5004 ejus
2452 4934 2643 4990 bonas.

198 5011 253 5066 4.
281 5013 595 5086 Δεδώρησαι
620 5016 907 5089 γὰρ·αὑτῷ
946 5018 1238 5092 προθύμως
1277 5021 1502 5092 μελετᾷν
1530 5024 1587 5074 ἐν
1627 5021 1689 5092 τᾷ

1874 5024 1927 5078 4.
1964 5022 2098 5078 Nam
2125 5025 2175 5079 ei
2204 5025 2418 5080 donasti
2458 5036 2710 5097 prompte
2741 5026 2991 5084 meditari
3020 5026 3075 5080 in
3109 5027 3226 5096 lege
3249 5035 3365 5092 tua.

130 5101 276 5172 νὸμῳ
303 5119 420 5168 σου,
453 5104 544 5156 καὶ
571 5107 917 5176 ἀναγγέλλειν
948 5111 1045 5183 τὴν
1079 5111 1280 5164 αἴνεσίν
1316 5116 1430 5166 σου.

1147 5111 1280 5164 νεσίν
1316 5116 1430 5166 σου.
1802 5124 1855 5170 et
1880 5115 2202 5178 annuntiare
2224 5115 2436 5170 laudem
2471 5126 2638 5170 tuam.

199 5193 251 5247 5.
281 5194 403 5248 Ὅτι
445 5195 776 5266 ηὑτρέπισας
816 5201 962 5271 αύτῷ
989 5202 1234 5270 εὐλογίας
1269 5206 1323 5255 ὲν
1361 5207 1426 5274 τῇ
1454 5203 1690 5276 βασιλείᾳ

1873 5205 1925 5259 5.
1989 5202 2257 5270 Quoniam
2311 5211 2628 5275 prmparastl
2683 5205 2786 5276 ipsi
2846 5207 3254 5263 benedictioncs
3311 5208 3360 5262 in

131 5300 222 5337 σου
229 5323 245 5336 .

1805 5311 1969 5366 regno
1997 5306 2111 5350 tuo.

198 5375 250 5428 6.
283 5376 388 5430 Τὸν
413 5377 616 5450 Κύριον
650 5380 814 5450 λέγει’
848 5385 1045 5447 παντὸς
1068 5384 1175 5456 γὰρ
1215 5385 1404 5438 πιστοῦ
1435 5385 1639 5458 κεφαλὴ
1668 5387 1689 5440 d

1873 5385 1924 5439 6.
1975 5385 2263 5440 Dominum
2315 5385 2582 5456 signiﬁcat
2630 5395 2993 5443 :cunctorum
3035 5389 3178 5444 enim
3226 5386 3357 5446 ﬁdo-

128 5464 251 5531 Υίός
276 5469 447 5523 ἐστιν.

1801 5477 1933 5532 lium
1965 5487 2125 5546 caput
2151 5486 2233 5532 est
2264 5475 2457 5532 Filius.

192 5559 247 5622 7,
275 5559 331 5616 8.
360 5563 471 5634 Τὴν
499 5565 713 5623 αἰώνιον
742 5565 885 5638 ζωὴν
917 5567 1082 5636 λέγει.

1877 5568 1928 5634 7,
1959 5567 2014 5624 8.
2058 5568 2236 5622 Vitam
2267 5576 2524 5623 aeternam
2549 5568 2697 5625 dicit.

194 5647 246 5704 9.
277 5652 436 5719 Μέγα
461 5654 521 5707 τὸ
551 5654 812 5725 καύχημα
840 5657 1000 5711 αὑτοῦ
1030 5661 1086 5712 ὲν
1110 5659 1183 5727 τῷ
1219 5659 1434 5727 σταυρῷ
1470 5677 1586 5715 σου.

1858 5659 1908 5713 9.
1962 5656 2149 5728 Magna
2181 5667 2262 5712 est
2289 5659 2539 5728 gloriatio
2578 5661 2696 5730 ejus
2725 5661 2777 5716 in
2816 5676 2979 5718 cruce
3008 5669 3118 5718 tua.
