3776 6272
362 231 464 289 719

1191 227 1246 284 S.
1281 227 1656 284 ATHA‘NASH
1693 227 1840 283 OPP.
1880 228 2060 285 PARS
2096 227 2183 283 Ill.
2229 252 2282 267 -η
2334 227 2746 283 EXEGETICA.

3499 226 3608 282 720

428 344 514 402 10.
538 343 798 411 Gloriam,
823 354 875 400 et
908 361 1164 416 magnum
1193 345 1443 403 decorem
1474 349 1718 419 impones
1749 359 1910 422 super
1938 357 1956 410 Α

2082 347 2168 403 10.
2224 347 2391 413 Δόξαν
2451 350 2544 401 καὶ
2619 345 3088 419 μεγαλοπρέπειαν
3154 343 3435 418 ἐπιθήσεις
3514 349 3606 401 ἐπ’

428 527 514 582 11.
543 525 808 594 Quoniam
845 527 998 582 dabis
1029 543 1153 583 eum
1190 529 1246 583 in
1273 527 1703 586 benedictionem
1737 531 1790 585 in
1819 547 1922 587 saa~

358 616 539 671 culum
573 616 755 672 saeculi
795 631 808 667 :

429 709 515 763 12.
553 707 876 764 Laetilicabis
908 724 1032 764 eum
1060 709 1111 763 in
1147 710 1344 776 gaudio
1365 725 1490 766 cum
1519 713 1669 766 vultu
1701 719 1814 767 tuo.

429 801 512 855 15,
550 800 816 867 Quoniam
848 817 940 856 rex
968 813 1146 870 sperat
1174 802 1227 856 in
1262 802 1491 858 Domino
1517 820 1530 857 :

429 891 516 945 16.
543 893 607 946 Et
652 893 706 946 in
755 891 1128 948 misericordia
1159 893 1421 949 Altissimi
1458 908 1567 948 non
1617 908 1923 948 cummove-

357 987 520 1041 bitnr.
559 1025 562 1028 .

431 1077 517 1132 15.
547 1077 855 1134 Inveniatur
881 1093 1076 1133 manus
1108 1087 1198 1133 tua
1225 1079 1481 1134 omnibus
1509 1077 1744 1134 inimicis
1774 1080 1881 1134 tuis
1905 1093 1916 1131 :

428 1169 514 1224 16.
549 1167 777 1225 Dextera
805 1178 896 1224 tua
922 1170 1160 1224 inveniat
1185 1186 1374 1226 omnes
1403 1172 1495 1242 qui
1528 1180 1578 1226 te
1597 1172 1849 1226 oderunt.

430 1262 517 1317 17.
551 1261 727 1317 Pones
777 1276 905 1327 eos,
956 1270 1015 1316 ut
1053 1263 1326 1317 clibanum
1383 1263 1524 1334 ignis
1576 1263 1630 1316 in
1684 1271 1922 1332 tempore

358 1352 539 1406 vultus
573 1352 672 1406 tui.

429 1445 516 1500 18.
549 1445 811 1499 Dominus
844 1443 897 1498 in
932 1443 1011 1498 ira
1058 1459 1154 1500 sua
1201 1445 1550 1500 conturbabit
1592 1460 1705 1509 eos,
1735 1454 1787 1498 et
1825 1444 1921 1499 de-

357 1535 565 1590 vorabit
591 1549 684 1589 eos
712 1533 870 1603 ignis.

427 1629 512 1684 19.
545 1626 802 1683 Fructum
831 1642 1018 1683 eorum
1053 1629 1119 1683 de
1149 1635 1292 1682 terra
1319 1627 1508 1698 perdes
1535 1646 1549 1693 ;

426 1719 514 1774 20.
544 1718 609 1775 Et
633 1735 813 1776 semen
843 1735 1032 1774 eorum
1066 1735 1094 1772 a
1128 1720 1251 1776 ﬁliis
1291 1721 1590 1775 hominum.

426 1809 513 1862 21.
546 1807 813 1876 Quoniam
843 1809 1248 1865 declinaverunt
1269 1811 1324 1865 in
1353 1819 1404 1864 te
1433 1810 1573 1864 mala
1607 1827 1620 1863 :

427 1900 518 1956 22.
547 1901 933 1972 Cogitaverunt
979 1901 1245 1966 consilia,
1291 1917 1412 1972 qua:
1463 1916 1569 1958 non
1629 1909 1920 1972 potuerunt

359 1993 597 2049 stabilire
620 2010 634 2046 :

427 2087 516 2140 25.
543 2084 810 2152 Quoniam
846 2101 1012 2155 pones
1040 2101 1135 2142 eos
1156 2085 1412 2141 dorsum:

425 2177 514 2232 24.
545 2176 600 2232 ln
629 2177 870 2247 reliquiis
901 2177 1009 2233 tuis
1032 2178 1363 2248 praeparabis
1387 2177 1596 2234 vultum
1620 2191 1830 2232 eor-um.

423 2354 514 2408 25.
541 2350 814 2419 Exaltare,
844 2352 1090 2418 Domine,
1115 2353 1168 2408 in
1192 2354 1389 2411 virtute
1411 2363 1523 2411 tua.

425 2446 512 2502 26.
537 2447 888 2503 Cantahimus
914 2457 967 2502 et
993 2447 1287 2517 psallemus
1314 2450 1542 2505 virtutes
1567 2458 1708 2504 tuas.

2025 438 2207 494 αὐτόν.

2095 531 2183 585 11.
2217 531 2337 585 Ὅτι
2370 530 2562 594 δώσεις
2585 528 2731 600 αύτῷ
2752 529 3001 599 εὐλογίαν
3029 532 3108 594 είς
3129 531 3301 584 αἰῶνα
3331 531 3546 595 αίῶνοςο

2075 760 2078 762 ν
2095 712 2179 767 12.
2197 714 2497 786 Εὑφρανεῖς
2514 716 2673 770 αὐτὸν
2687 717 2743 769 ἐν
2755 715 2898 787 χαρᾷ
2915 714 3052 786 μετὰ
3062 713 3157 767 τοῦ
3173 711 3469 786 προσώπου
3488 714 3567 767 σου

2093 807 2180 860 15.
2215 808 2336 860 Ὅτι
2361 810 2390 861 ὀ
2414 808 2666 878 βασιλεὺς
2692 809 2900 871 ἐλπίζει
2932 808 3025 860 ὲπί
3048 807 3276 879 Κύριον·

2093 898 2181 952 11.
2212 899 2322 952 Καὶ
2353 901 2410 952 ἐν
2436 899 2512 971 τῷ
2542 900 2680 953 ἐλέει
2708 900 2801 954 τοῦ
2847 900 3100 970 Ὑψίστου
3133 900 3193 952 οὐ
3228 898 3303 971 μὴ
3345 898 3604 968 σαλευθῇ.

2092 1073 2178 1126 15.
2204 1073 2464 1146 Εὑρεθείη
2496 1077 2528 1145 ή
2560 1075 2679 1145 χείρ
2706 1092 2798 1128 σου
2823 1077 2954 1129 πᾶσι
2980 1078 3093 1138 τοῖς
3119 1074 3332 1144 ἐχθροῖς
3358 1091 3454 1126 σου
3476 1090 3491 1104 ·

2093 1163 2178 1218 16.
2216 1164 2282 1217 Ἠ
2309 1163 2459 1230 δεξιά
2487 1183 2578 1219 σου
2607 1165 2755 1238 εὖροι
2784 1166 2992 1230 πάντας
3019 1167 3145 1229 τοὺς
3186 1165 3478 1236 μισοῦντας
3516 1180 3603 1219 σε.

2093 1255 2180 1309 17.
2216 1256 2338 1310 Ὅτι
2370 1257 2558 1328 θήσεις
2590 1258 2784 1321 αὐτοὺς
2810 1258 2886 1322 ὡς
2917 1257 3165 1311 κλίϐανον
3192 1257 3360 1327 mpii;
3383 1258 3463 1320 είς
3489 1270 3604 1310 atat-

2023 1348 2116 1418 ρὺν
2147 1348 2238 1401 τοῦ
2266 1353 2558 1421 προσώπου
2595 1368 2710 1404 σου.
2758 1389 2763 1395 .

2094 1443 2181 1498 18.
2207 1444 2408 1516 Κύριος
2434 1447 2491 1499 ἐν
2523 1446 2658 1516 ὀργῇ
2689 1443 2852 1499 αὐτοῦ
2899 1443 3218 1516 συνταράξει
3251 1441 3471 1508 αὖτοὺς,
3506 1441 3604 1496 καί

2023 1534 2396 1603 καταφάγεται
2423 1536 2619 1600 αὐτοὺς
2643 1536 2772 1607 πῦρ.

2090 1628 2177 1684 19.
2207 1628 2309 1683 Τὸν
2336 1630 2546 1700 καρπὸν
2575 1628 2750 1682 αὐτῶν
2783 1627 2890 1682 ἀπὸ
2911 1631 3007 1699 τῆς
3033 1627 3135 1698 γῆς
3164 1625 3403 1690 ἀπολεῖς,

1955 1707 1997 1762 Β
2096 1721 2185 1776 20.
2215 1721 2325 1774 Καὶ
2352 1723 2412 1775 τὸ
2440 1722 2658 1792 σπέρμα
2688 1721 2866 1775 αὐτῶν
2885 1721 2991 1775 ἀπὸ
3018 1720 3147 1775 υἱῶν
3168 1717 3491 1792 ἀνθρώπων.

2097 1811 2186 1864 21.
2219 1811 2340 1864 Ὅτι
2364 1810 2578 1866 ἔκλιναν
2604 1814 2682 1877 είς
2710 1813 2769 1866 σὲ
2799 1812 2964 1867 κακά·

2095 1901 2182 1954 22.
2230 1902 2603 1971 Διελογίσαντο
2651 1903 2864 1974 βουλὰς,
2907 1898 2995 1968 αἷς
3035 1903 3114 1975 [in
3142 1919 3308 1974 marg.
3344 1905 3462 1958 cod.
3505 1903 3602 1973 ἃς]

2024 1989 2083 2042 ού
2122 1991 2195 2062 μὴ
2221 1989 2479 2044 δύνωνται
2507 1992 2692 2063 στῆναι
2719 1992 2978 2067 [στῆσαι].

2091 2081 2181 2136 25.
2215 2083 2335 2137 Ὅτι
2358 2083 2543 2156 θήσεις
2565 2085 2760 2150 αὐτοὺς
2792 2087 2960 2141 νῶτον

2091 2173 2180 2228 24.
2221 2175 2308 2228 Ἐν
2351 2177 2462 2240 τοῖς
2495 2176 2825 2249 περιλοίποις
2855 2196 2948 2233 σου
2989 2180 3296 2251 ὲτοιμάσεις
3328 2177 3388 2233 τὸ
3428 2175 3603 2250 πρόσ-

2024 2280 2170 2316 ωπον
2201 2263 2402 2320 αὐτῶν.

2093 2355 2181 2410 25.
2227 2357 2517 2430 ’Υψὼθητι,
2545 2359 2735 2432 Κύριε,
2768 2363 2826 2415 ὲν
2852 2365 2917 2434 τῇ
2952 2363 3176 2436 δυνάμει
3205 2380 3318 2418 σου.

2094 2448 2184 2505 26.
2217 2450 2452 2522 ’ᾼσομεν
2480 2451 2574 2504 καὶ
2599 2450 2871 2524 ψαλοῦμεν
2893 2453 2993 2518 τὰς
3018 2453 3334 2518 δυναστείας
3369 2469 3486 2509 σω.

1471 2626 1845 2683 ATHANASII
1885 2626 2475 2688 INTERPRETATlO.

428 2784 516 2840 10.
552 2783 611 2840 ln
651 2799 820 2855 regno
857 2798 973 2842 tuo.

430 2875 514 2928 11.
567 2873 763 2931 Dicens
804 2876 872 2932 ad
914 2891 1081 2933 eum:

355 2969 456 3022 mei
483 2968 548 3021 ”.

425 3062 506 3116 12.
546 3059 743 3117 Videns
773 3060 969 3116 faciem
1018 3068 1168 3115 tuam
1201 3059 1255 3114 in
1301 3075 1468 3131 regno
1507 3068 1600 3116 tuo
1627 3059 1915 3114 laetabitur.

1161 2875 1284 2930 Veni
1305 2915 1320 2943 ,
1373 2873 1671 2929 benedictus
1741 2874 1921 2928 Patris

426 3240 515 3297 15.
555 3237 795 3308 Populus
837 3237 1031 3294 fidelis.

425 3330 513 3384 11.
543 3329 679 3384 Cum
711 3328 852 3384 Deus
898 3329 1014 3398 ipse
1037 3328 1266 3394 venerit,
1317 3325 1750 3382 conﬁrmabitur.

427 3422 511 3476 15.
555 3419 727 3476 Filius
750 3430 876 3476 tuus
908 3418 1212 3490 confringet
1237 3418 1488 3474 inimicos
1533 3427 1673 3472 tuos.

424 3512 509 3569 16.
560 3514 679 3583 Ipse
705 3513 1014 3582 unigenitus
1041 3509 1213 3566 Filius
1249 3519 1398 3576 tuus,
1440 3510 1535 3580 qui
1564 3508 1702 3565 sedit
1725 3523 1756 3562 a
1786 3507 1918 3562 dex-

356 3610 452 3664 tris
485 3608 610 3675 tuis,
641 3622 735 3678 per
756 3621 918 3677 quem
959 3603 1135 3660 fecisti
1171 3604 1374 3669 omnia,
1405 3603 1572 3658 veluti
1603 3617 1699 3672 per
1730 3601 1917 3656 dexte-

354 3717 470 3756 ram
494 3699 779 3756 concludet
807 3713 903 3755 eos
949 3712 1139 3754 omnes
1181 3697 1236 3752 in
1266 3696 1595 3768 supplicium
1628 3705 1914 3750 aeternum.

421 3884 507 3938 17.
563 3881 700 3950 Quia
754 3881 809 3935 in
865 3879 1186 3936 sazculorum
1245 3877 1715 3931 consummatione
1763 3875 1918 3930 dabis

349 3994 449 4037 sos
481 3977 535 4032 in
562 3978 742 4048 ignem
771 3981 1060 4029 aeternum.

420 4070 508 4125 18.
567 4069 719 4123 Alios
747 4065 969 4138 quidem
1014 4063 1069 4118 in
1113 4062 1320 4128 ﬂetum,
1361 4071 1417 4118 et
1449 4061 1733 4118 stridorem
1783 4060 1917 4116 den-

351 4172 488 4218 tium
523 4159 735 4215 tradet:
767 4157 905 4213 alios
922 4155 1367 4227 auteminignem
1398 4155 1911 4226 inexstinguibilem.

424 4256 514 4311 19.
567 4257 626 4309 ln
656 4260 917 4308 aeternum
941 4251 1244 4305 doctrinam
1273 4262 1462 4302 eorum
1497 4247 1797 4317 disperdes.

420 4347 512 4404 20.
573 4344 997 4401 Adinventiones
1022 4355 1212 4396 eorum
1253 4339 1493 4410 iniquas.

416 4439 506 4494 21.
568 4437 670 4492 Alii
729 4436 946 4506 quidem
983 4433 1326 4503 insurgentes
1379 4432 1432 4486 in
1483 4439 1536 4486 te
1585 4431 1640 4486 in
1679 4431 1912 4485 adventu

355 4543 480 4595 tuo;
510 4530 599 4584 alii
638 4537 816 4584 autem
846 4524 1162 4586 resistentes
1191 4524 1405 4578 veritati
1437 4532 1560 4578 tuae.

419 4622 508 4676 22.
564 4619 813 4689 Pugnare
837 4625 1030 4672 contra
1063 4622 1117 4670 te
1141 4615 1453 4668 voluerunt.

421 4712 511 4776 25,
550 4710 641 4763 24.
701 4707 970 4773 Quoniam
998 4719 1168 4776 pones
1219 4719 1314 4758 eos
1346 4703 1400 4755 in
1431 4700 1756 4770 supplicium
1785 4715 1907 4754 cum

353 4804 420 4860 iis
435 4845 449 4866 ,
483 4800 578 4871 qui
625 4799 922 4869 perierunt.

424 4893 515 4946 25.
562 4889 876 4945 Gloriflcarc
919 4883 1144 4940 Domine
1188 4883 1242 4938 in
1291 4882 1527 4951 potentia
1576 4880 1910 4935 fortitudinis

353 4994 459 5037 tua:
494 4991 736 5049 tempore
773 4973 986 5046 judicii.

418 5073 510 5128 26.
563 5071 622 5124 In
661 5067 963 5141 prazpositis
993 5066 1218 5136 psalmis
1251 5063 1534 5119 laudantes
1561 5063 1907 5118 narrabimus

351 5166 548 5240 iudicia
583 5161 844 5218 tremendi
873 5159 951 5214 tui
977 5157 1278 5214 tribunalis.

423 5340 469 5371 "
503 5337 687 5391 Matth.
731 5351 859 5399 xxv,
893 5335 984 5390 51.

1297 5487 1594 5548 Addenda
1636 5493 1692 5544 et
1726 5481 2098 5560 corrigenda
2138 5495 2213 5540 ex
2249 5473 2385 5538 cod.
2423 5475 2619 5536 Vatic.

419 5658 496 5729 .2)
531 5657 746 5725 Ἀνομσ.

2105 2784 2190 2839 10.
2236 2786 2321 2838 Ἐν
2346 2788 2412 2857 τῇ
2443 2785 2688 2857 βασιλείᾳ
2715 2803 2830 2840 σου.

2100 2875 2186 2930 11.
2220 2875 2407 2944 Λὲγων
2453 2875 2590 2949 πρὸς
2621 2877 2813 2931 αὐτόν·
2871 2877 3071 2946 Δεῦρο,
3122 2880 3156 2931 ὁ
3189 2878 3593 2949 εὐλογημένος

1809 2989 1833 3018 ο
1950 2951 1992 3008 C
2024 2966 2131 3020 τοῦ
2154 2968 2384 3036 Πατρός
2401 2985 2541 3036 μου.

2092 3061 2180 3114 12.
2213 3061 2444 3132 Θεωρῶν
2484 3061 2543 3114 τὸ
2591 3060 2880 3132 πρόσωπόν
2919 3077 3011 3113 σου
3039 3062 3096 3114 ὲν
3126 3063 3190 3133 τῇ
3223 3060 3467 3138 βασιλεία
3493 3080 3588 3117 σου

2020 3152 2475 3225 εὐφρανθήσεται.

2091 3247 2179 3299 15.
2229 3245 2286 3298 Ὀ
2313 3246 2500 3309 πιστὸς
2524 3246 2670 3309 λαός.

2093 3337 2179 3390 14.
2218 3337 2306 3390 Ἐν
2346 3337 2422 3408 τῷ
2462 3337 2552 3391 τὸν
2594 3335 2724 3389 Θεὸν
2764 3335 2936 3389 ἐλθεῖν
2977 3335 3168 3399 αὐτὸν,
3204 3338 3590 3410 ἐστηριγμένους

2019 3429 2192 3484 ἔσται.

2090 3519 2178 3574 15.
2216 3519 2273 3574 '0
2303 3518 2429 3582 Υἱός
2457 3535 2550 3572 σου
2575 3518 2852 3590 συντρίψει
2878 3518 3002 3580 τοὺς
3023 3515 3249 3587 ἐχθρούς
3275 3529 3384 3569 σου.

2091 3609 2178 3663 16.
2221 3610 2280 3662 '0
2315 3608 2474 3671 αὐτὸς
2517 3609 2805 3678 μονογενὴς
2839 3606 2964 3669 Υἱός
2994 3623 3086 3660 σου
3123 3609 3152 3660 ὁ
3184 3609 3249 3660 ὲκ
3275 3606 3462 3673 δεξιῶν
3491 3624 3590 3663 σου

2021 3699 2323 3771 καθήμενος
2343 3741 2358 3765 ,
2387 3699 2452 3752 δι’
2479 3695 2538 3753 οὗ
2567 3699 2826 3769 ἐποίησας
2857 3699 2924 3752 τὰ
2957 3699 3134 3753 πάντα
3152 3739 3166 3761 ,
3201 3700 3276 3762 ὠς
3301 3697 3386 3753 sca
3409 3699 3592 3765 δεξιᾶς

2020 3791 2324 3859 συγκλείσει
2353 3791 2557 3854 πάντας
2587 3792 2783 3855 αὐτοὺς
2809 3792 2889 3854 είς
2919 3791 3140 3846 αἰωνίαν
3169 3791 3405 3846 κόλασιν.

2092 3882 2178 3936 17.
2211 3882 2331 3934 Ὅτι
2362 3883 2419 3934 ὲν
2449 3885 2515 3953 τῇ
2559 3882 2835 3954 συντελείᾳ
2860 3881 2953 3935 τοῦ
2985 3883 3177 3947 αἰῶνος
3205 3882 3394 3948 δώσεις
3423 3884 3589 3948 αὐτὸς

2021 3972 2262 4048 [αὐτούς]
2297 3975 2376 4038 είς
2401 3975 2462 4028 τὸ
2488 3973 2598 4045 πῦρ
2622 3975 2682 4028 τὸ
2707 3974 2940 4028 αἰώνιον.

2090 4065 2174 4119 18.
2203 4065 2342 4128 Τοὺς
2385 4065 2481 4136 μὲν
2510 4062 2618 4138 γὰρ
2646 4069 2725 4130 είς
2754 4066 2846 4118 τὸν
2887 4065 3160 4137 κλαυθμὸν
3205 4066 3299 4120 καὶ
3344 4064 3588 4138 βρυγμὺν

2019 4158 2127 4212 τῶν
2150 4157 2372 4210 ὀδόντων
2401 4156 2645 4230 παραδῷ,
2678 4159 2804 4221 τοὺς
2829 4157 2883 4210 δὲ
2918 4157 3163 4229 ἀσϐέστῳ
3186 4157 3337 4230 πυρί.

2099 4247 2180 4302 19.
2207 4246 2317 4317 Τὴν
2341 4246 2682 4300 διδασκαλίαν
2705 4244 2880 4299 αὐτῶν
2910 4246 3152 4314 ἀφανιεῖς
3175 4246 3251 4308 είς
3274 4243 3364 4298 τὸν
3389 4244 3580 4300 αίῶνα.

2087 4337 2175 4392 20.
2208 4338 2288 4392 Τὰ
2312 4335 2717 4408 ἐπιτηδεύματα
2743 4334 2921 4390 αὐτῶν
2953 4334 3020 4388 τὰ
3043 4334 3209 4405 ὄνομα
3239 4333 3336 4406 (l).

2083 4430 2173 4484 21.
2197 4430 2259 4483 Οἱ
2299 4430 2395 4500 μὲν
2429 4425 2808 4482 ἐπανίστανται
2839 4423 3268 4497 [ἐπανιστάντες]
3313 4423 3389 4494 (2)
3417 4441 3498 4478 σοι
3524 4425 3588 4478 ἐν

2015 4523 2082 4592 τῇ
2103 4519 2372 4591 παρουσίᾳ
2390 4535 2502 4572 σου·
2524 4520 2571 4571 οί
2593 4518 2648 4571 δὲ
2666 4517 3042 4586 ἀνθιστάμενοι
3059 4519 3116 4571 ἐν
3130 4517 3196 4587 τῇ
3215 4514 3440 4588 ἀληθείς*⁵
3462 4532 3580 4570 σου.

2083 4609 2174 4664 22.
2220 4608 2468 4678 Ἀντᾶραι
2492 4607 2759 4678 ἠθέλησαν
2787 4605 2926 4659 κατὰ
2951 4605 3065 4660 σοῦ.

2008 4703 2034 4749 .‘
2084 4700 2175 4764 25,
2199 4699 2288 4754 24.
2323 4701 2442 4754 Ὀτι
2477 4697 2662 4769 θήσεις
2693 4698 2887 4761 αὐτοὺς
2915 4697 2994 4760 εἰς
3018 4696 3283 4769 τιμωρίαν
3307 4695 3444 4768 μετὰ
3470 4696 3580 4751 τῶν

2015 4789 2216 4843 ἀπολλυ
2225 4789 2417 4861 μένων.

2079 4878 2170 4933 25.
2197 4877 2512 4948 Δοξάσθητι,
2537 4878 2728 4948 Κύριε,
2754 4879 2811 4930 ὲν
2835 4876 2912 4947 τῷ
2938 4876 3127 4949 κράτει
3153 4877 3249 4948 τῆς
3279 4875 3456 4948 ίσχύος
3483 4892 3579 4929 σου

2015 4973 2072 5022 ὲν
2095 4969 2172 5040 τῷ
2204 4968 2376 5040 καιρῷ
2407 4969 2506 5039 τῆς
2528 4969 2778 5039 κρίσεως.

2083 5059 2172 5114 26.
2221 5059 2606 5130 Ἀνυμνοῦντες
2664 5062 2719 5112 ὲν
2766 5063 2876 5124 τοῖς
2923 5059 3298 5131 προκειμένοις
3344 5059 3575 5131 ψαλμοῖς

2014 5149 2380 5222 διηγησόμεθα
2413 5150 2482 5203 τὰ
2513 5152 2766 5224 κριτήρια
2799 5150 2890 5203 τοῦ
2920 5151 3147 5223 φοϐεροῦ
3189 5168 3282 5205 σου
3312 5151 3572 5223 βήματος.

2087 5640 2160 5710 (2)
2207 5637 2629 5700 Ἐπαναστάντις
