3776 6272
149 333 252 385 731
1071 334 1160 391 DE
1207 337 1485 393 TITELIS
1523 338 1971 401 PSALMOREM.
2012 377 2081 389 --
2118 348 2311 405 PSAL.
2351 348 2492 406 XXI.
3289 355 3396 412 722

150 458 257 520 Εἰς
284 453 351 508 τὸ
393 453 587 519 τέλος,
614 454 767 522 υπέρ
797 453 904 522 τῆς
937 455 1311 526 ἀντιλήψεως
1343 457 1449 527 τῆς
1473 459 1641 515 eme»-

1903 483 1907 517 ι
1933 466 2087 535 ﬁnem
2105 508 2120 532 ,
2146 485 2240 538 pro
2267 468 2592 539 susceptione
2619 477 2902 536 matutina,
2929 469 3160 539 psalmus
3203 469 3394 529 David.

483 548 728 624 uagae
748 544 828 612 τῷ
851 547 1044 601 nacta.
1081 552 1250 604 ΨΑΑ.
1277 550 1407 607 ΚΑ’.

1330 550 1407 607 Α’.
2423 556 2626 615 PSAL.
2664 558 2821 617 XXI.

224 637 284 691 1.
316 637 379 691 ’0
401 635 557 701 Θεὸς,
583 641 612 692 ό
636 637 767 701 Θεός
801 655 925 710 μου,
958 641 1190 711 πρόσχες
1217 657 1326 712 μοι·
1355 643 1442 696 ἵνα
1466 643 1518 696 τί
1542 645 1715 713 ἐγκατ·

1910 648 1960 702 1.
1994 647 2158 717 Deus,
2189 649 2330 708 Deus
2361 668 2536 716 meus,
2561 653 2768 722 respice
2795 653 2972 720 inme,
3000 670 3168 724 quare
3197 670 3282 709 me
3299 655 3393 710 de-

153 729 341 793 έλιπὲς
372 747 440 802 με
459 748 476 798 ;

1837 731 2102 810 reliquisti
2125 745 2147 797 ἶ)

222 821 281 875 2.
311 822 553 894 Μακράν
591 823 702 876 ἀπὸ
744 823 842 894 τῆς
891 824 1162 896 σωτηρίας
1211 843 1311 898 μου
1344 828 1392 879 οἱ
1434 826 1580 896 λόγοι
1623 828 1713 882 τῶπ

1906 833 1957 888 2.
1995 833 2177 907 Longe
2203 851 2234 890 a
2256 849 2428 893 salute
2451 853 2567 892 mea
2593 838 2755 894 verba
2779 837 3096 894 delictorum
3126 852 3389 892 meorum.

154 917 629 987 παραπτωμάτων
661 933 782 986 μου.

223 1009 279 1062 3.
320 1009 382 1060 ὐ
412 1007 544 1070 Θεός
575 1025 707 1078 μου,
750 1007 1085 1080 κεκράξομαι
1118 1008 1347 1081 ἡμέρας,
1373 1011 1465 1064 καὶ
1493 1010 1592 1064 οὐκ
1624 1013 1714 1065 εἰσ-

1904 1010 1956 1064 3.
1984 1009 2126 1066 Deus
2147 1027 2320 1079 meus,
2345 1012 2587 1069 clamabo
2600 1028 2696 1084 per
2714 1011 2878 1081 diem,
2905 1021 2959 1068 et
2979 1027 3086 1067 non
3114 1010 3387 1077 exaudies,

151 1113 386 1171 ακουσῃ,
2601 1131 2604 1134 .

222 1191 277 1244 4.
309 1191 425 1243 Καὶ
455 1190 668 1254 νυκτὸς,
697 1191 790 1243 καὶ
815 1191 916 1243 οὐκ
944 1191 1023 1253 εἰς
1054 1189 1237 1244 ἄνοιαν
1268 1191 1409 1262 ὲμοί.

1904 1196 1958 1251 4.
1989 1195 2055 1250 Ει
2084 1206 2258 1262 nocte,
2299 1207 2352 1253 et
2380 1213 2485 1254 non
2514 1197 2582 1253 ad
2605 1198 2970 1269 insipientiam
2996 1198 3146 1254 mihi.

219 1281 274 1336 5.
306 1283 384 1335 Σὺ
416 1281 475 1334 δὲ
511 1283 569 1333 ἐν
593 1280 729 1352 ἁγίῳ
751 1284 1042 1347 κατοικεῖς,
1066 1283 1096 1334 ό
1117 1281 1335 1346 ἔπαινος
1358 1282 1452 1336 τοῦ
1491 1282 1706 1354 Ἰσραήλ

1710 1325 1726 1338 .
1905 1289 1958 1344 5.
1988 1288 2067 1344 Tu
2101 1299 2278 1344 autem
2311 1291 2364 1345 in
2394 1299 2584 1347 sancto
2611 1291 2845 1356 habitas,
2874 1293 2993 1349 laus
3014 1292 3197 1350 Israel.

221 1375 276 1428 6.
323 1375 453 1427 Ἐπὶ
479 1375 563 1427 σοὶ
589 1374 824 1444 ἢλπισαν
849 1375 897 1426 oi
931 1373 1163 1445 πατέρες
1196 1373 1374 1445 ἡμῶν,

1904 1378 1955 1432 6.
2007 1377 2065 1431 ln
2098 1389 2148 1434 te
2180 1391 2534 1449 speraverunt
2566 1391 2744 1450 patres
2780 1383 2971 1451 nostri,

223 1464 276 1521 7.
311 1465 610 1530 Ἥλπισαν,
652 1463 744 1518 καὶ
769 1465 981 1537 ippon.»
1012 1463 1208 1527 αὐτούς

1907 1467 1957 1520 7.
2011 1467 2398 1538 Speraverunt,
2429 1481 2477 1526 el
2511 1471 2751 1526 liberasti
2780 1487 2909 1528 eos:

220 1559 275 1614 8.
306 1559 457 1629 Πρὸς
489 1557 549 1611 σε
574 1556 895 1628 ὲκέκραξαν,
920 1556 1012 1610 καὶ
1040 1554 1337 1626 ἐσώθησαν,

1902 1559 1956 1614 8.
2013 1559 2095 1614 Ad
2123 1568 2174 1615 te
2204 1560 2596 1629 clamaverunt,
2631 1572 2684 1618 et
2714 1564 2849 1618 salvi
2879 1563 3006 1620 facti
3034 1573 3184 1630 sunt,

220 1653 272 1707 9.
318 1651 446 1705 Ἐπὶ
477 1651 559 1703 σοὶ
585 1651 837 1720 ἤλπισαν,
873 1650 967 1702 καὶ
998 1649 1057 1701 οὐ
1095 1647 1563 1722 κατῃσχύνθησαν.

1904 1652 1956 1706 9.
2008 1649 2066 1705 In
2097 1661 2150 1706 te
2189 1664 2566 1722 speraverunt,
2607 1663 2661 1709 et
2691 1671 2798 1709 non
2828 1665 2956 1711 sunt
2992 1655 3222 1713 confusi.

219 1744 307 1799 10.
358 1741 500 1811 Ἐγὼ
524 1743 582 1796 δέ
612 1740 988 1813 είμιοσκώληξ,
1013 1741 1106 1794 καὶ
1132 1741 1231 1793 οὐκ
1259 1740 1559 1811 ἄνθρωπος,

1906 1742 1992 1798 10.
2035 1741 2149 1813 Ego
2175 1754 2354 1796 autem
2386 1760 2507 1799 sum
2545 1747 2767 1811 vermis,
2812 1757 2866 1802 et
2911 1762 3018 1802 non
3049 1748 3247 1813 humo;

220 1837 311 1890 11.
349 1834 594 1897 Ὀνειδος
622 1832 943 1904 ἀνθρώπων,
975 1832 1069 1886 καὶ
1093 1831 1426 1903 ὲξουθένημα
1451 1831 1530 1904 [in
1557 1849 1706 1904 marg

1903 1832 1987 1889 11.
2035 1830 2398 1902 Opprobrium
2428 1835 2735 1904 hominum,
2765 1847 2816 1893 et
2845 1837 3074 1909 abjectio
3108 1837 3298 1908 plebis.

148 1929 263 1983 cod.
291 1927 555 1994 ὲξονδένω
562 1925 658 1998 μα]
693 1923 845 1980 λαοῦ.

216 2020 307 2074 12.
337 2018 548 2082 Πάντες
580 2020 630 2071 oi
663 2017 990 2086 θεωροῦντες
1017 2034 1082 2088 με
1106 2016 1537 2088 ὲξεμυκτήρισάν
1572 2034 1659 2087 με’

1902 2013 1989 2068 12.
2042 2013 2246 2069 Omnes
2277 2015 2520 2069 videntes
2549 2030 2660 2080 me,
2708 2015 3019 2070 deriserunt
3047 2030 3133 2070 me
3165 2033 3179 2070 :

215 2111 306 2165 15.
350 2110 738 2180 Ἐλάλησανὲν
769 2108 1020 2179 χείλεσιν,
1047 2109 1300 2180 ἐκίνησαν
1325 2109 1584 2180 κεφαλήν.

1903 2107 1987 2160 15.
2034 2105 2224 2162 Loculi
2272 2115 2400 2162 sunt
2434 2106 2614 2171 labiis,
2644 2118 2700 2162 et
2731 2116 3017 2162 moverunt
3043 2114 3223 2177 caput.

216 2201 306 2255 M.
338 2200 608 2253 Ἥλπισεν
638 2199 732 2252 ἐπὶ
758 2199 981 2271 Κύριον,
1015 2198 1267 2270 ῥυσάσθω
1299 2199 1479 2252 αὐτόν’

1900 2199 1988 2252 14.
2042 2200 2292 2268 Speravit
2319 2200 2372 2253 in
2407 2198 2662 2267 Domino,
2693 2200 2886 2270 eripiat
2911 2215 3071 2254 eum:

218 2288 305 2342 15.
339 2288 576 2341 Σωσάτω
600 2287 780 2351 αὐτὸν,
803 2288 884 2339 ὅτι
905 2286 1045 2340 θέλει
1077 2288 1256 2342 αὐτόν.

1902 2290 1990 2344 15.
2047 2288 2267 2344 Salvum
2298 2289 2462 2345 faciat
2490 2305 2635 2357 eum,
2666 2291 2924 2359 quoniam
2957 2289 3073 2344 vult
3097 2303 3243 2344 eum.

216 2381 303 2434 16.
339 2381 463 2434 Ὅτι
498 2382 564 2435 σὺ
592 2377 641 2434 εἴ
661 2383 691 2434 ό
717 2381 996 2445 ὲκσπὰσας
1032 2399 1099 2454 με
1125 2384 1188 2435 ἐκ
1216 2383 1472 2454 γαστρός·

1901 2383 1987 2438 16.
2038 2382 2305 2449 Quoniam
2331 2394 2386 2436 tu
2419 2397 2499 2449 es,
2529 2382 2621 2453 qui
2654 2382 2937 2438 extraxisti
2961 2398 3045 2436 me
3074 2381 3139 2436 de
3165 2389 3380 2436 ventre:

1276 2501 1656 2560 ATHANASII
1696 2502 2277 2560 INTERPRETATIO.

219 2596 288 2652 Ἠ
325 2597 662 2668 προκειμένη
708 2599 982 2670 επιγραφὴ
1018 2598 1256 2670 περιέχει
1285 2599 1392 2671 (1)⁶
1420 2603 1525 2666 Εἰς
1558 2601 1621 2655 τὸ
1654 2601 1849 2668 τέλος,
1877 2600 2029 2670 ὑπὲρ
2056 2598 2163 2668 τῆς
2205 2598 2578 2668 ἀντιλήψεως
2601 2595 2709 2665 τῆς
2741 2591 3008 2661 ἑωθινῆς,
3043 2591 3281 2662 ψαλμὸς
3307 2587 3384 2656 τῷ

143 2689 531 2745 Δαϐιδ.Τοῦτο
561 2685 652 2744 οὖν
683 2689 852 2758 λέγει,
884 2690 964 2743 ὅτι
983 2689 1192 2762 ψαλμὸς
1206 2691 1419 2764 εἴρηται
1447 2693 1550 2747 ὑπὸ
1592 2693 1683 2748 τοῦ
1713 2694 1874 2748 Δαὸὶδ
1901 2696 2028 2766 περὶ
2060 2693 2162 2764 τῆς
2202 2691 2535 2764 ἀντιλήψεως
2556 2691 2654 2762 τῆς
2674 2689 2967 2761 γενομένης
3002 2687 3130 2757 ἡμῖν
3163 2683 3265 2739 ὑπὸ
3288 2683 3382 2738 τοῦ

142 2783 274 2836 Θεοῦ
290 2783 450 2856 ἡμῶν
467 2782 663 2855 Ἰησοῦ,
683 2783 845 2854 ἡνίκα
859 2781 1128 2838 ἀνέτειλεν
1149 2787 1282 2856 ἡμῖν
1310 2785 1426 2856 φῶς
1449 2787 1538 2840 διὰ
1554 2788 1646 2842 τοῦ
1670 2789 1863 2843 ἑαυτοῦ
1885 2789 2090 2853 πάθους
2114 2791 2228 2852 τοῖς
2257 2787 2588 2858 καθημένοις
2602 2787 2659 2838 ὲν
2678 2785 2861 2839 σκότει
2880 2786 2974 2838 καὶ
2987 2784 3111 2854 σκιᾷ
3128 2783 3381 2837 θανάτου.

206 2897 430 2954 Titulus
459 2898 782 2970 praepositus
819 2897 1060 2952 continet
1087 2912 1100 2949 :
1134 2895 1203 2951 In
1227 2898 1405 2967 ﬁnem,
1436 2915 1531 2970 pro
1562 2902 1885 2971 susceptione
1913 2902 2197 2965 matutina,
2241 2903 2478 2967 psalmus
2506 2895 2697 2950 David.
2731 2891 2843 2948 Hoc
2875 2900 3052 2946 autem
3085 2889 3380 2960 signiﬁcat,

143 2990 288 3060 quod
324 2991 570 3060 psalmus
602 2990 779 3047 dictus
806 3000 888 3048 est
913 3008 943 3047 a
970 2990 1172 3048 Davide
1203 2993 1269 3048 de
1303 2995 1665 3065 susceptione,
1702 3011 1824 3066 quae
1862 2994 2003 3050 facta
2030 3003 2114 3050 est
2155 2994 2312 3048 nobis
2341 3010 2371 3048 a
2401 2992 2512 3047 Deo
2541 3000 2730 3046 nostro
2754 2987 2906 3056 Jesu,
2944 3003 3066 3043 cum
3102 2986 3256 3044 nobis
3287 3001 3378 3042 sev

142 3080 400 3140 dentibus
432 3083 485 3137 in
520 3085 758 3140 tenebris
784 3094 839 3139 et
867 3087 1059 3142 umbra
1089 3089 1301 3154 mortis,
1331 3104 1428 3160 per
1456 3089 1624 3160 ipsius
1652 3091 1958 3160 passionem
1995 3090 2086 3144 lux
2117 3098 2234 3144 orta
2266 3099 2347 3143 est
2369 3089 2434 3142 '°.

213 3177 265 3232 1.
315 3177 410 3229 Ἐκ
439 3177 730 3248 προσώπου
764 3179 856 3233 τοῦ
890 3180 1016 3234 λαοῦ
1050 3181 1216 3251 λέγει.

1745 3191 1788 3247 C
1889 3185 1942 3238 1.
1995 3183 2073 3238 Ex
2112 3198 2343 3255 persona
2371 3181 2553 3252 populi
2588 3179 2844 3250 loquitur.

209 3269 267 3322 2.
306 3269 407 3322 Διά
439 3270 509 3323 τὰ
535 3271 958 3344 παραπτώματά
991 3290 1093 3345 μου
1120 3275 1432 3348 ὲμακρύνθη
1468 3276 1501 3348 ή
1539 3294 1700 3348 σωτη·

1884 3275 1939 3330 2.
1998 3273 2226 3345 Pmpter
2252 3273 2452 3329 delicta
2479 3287 2598 3328 mea
2627 3271 2788 3342 longe
2815 3269 2957 3326 facta
2989 3277 3073 3325 est
3103 3283 3133 3323 a
3166 3281 3253 3323 me
3279 3279 3371 3323 sa-

146 3360 237 3431 ρία
267 3378 397 3430 μου.

1817 3367 1903 3422 lus
1945 3381 2085 3422 mea.

211 3451 268 3505 5.
314 3453 406 3505 Ἐν
430 3455 498 3524 τῇ
525 3454 671 3525 ἀρχῇ
694 3453 800 3508 τῶν
833 3455 1143 3529 προφητῶν.

1890 3460 1943 3512 5.
1997 3456 2052 3512 in
2085 3457 2352 3528 principio
2379 3455 2790 3526 prophetarum.

210 3548 270 3596 4.
315 3543 441 3596 Ἐπὶ
489 3545 768 3615 συντελείᾳ
795 3545 904 3601 τῶν
947 3545 1156 3602 αἰώνων
1179 3546 1466 3619 βοήσομαι,
1495 3550 1589 3602 καὶ
1618 3550 1701 3601 οὐ)

1886 3551 1940 3603 4.
1995 3551 2054 3603 In
2098 3549 2573 3603 consummatione
2613 3547 2933 3601 saculorum
2964 3542 3228 3608 clamabo,
3279 3555 3373 3597 ne-

143 3637 222 3697 εἰς
250 3635 430 3705 μάτην
463 3654 550 3707 μοι
580 3639 888 3709 γενήσεται.

1817 3655 1921 3710 que
1954 3639 2004 3692 id
2049 3638 2182 3692 mihi
2230 3637 2596 3692 l'rustraneum
2636 3636 2759 3690 erit.

209 3726 265 3780 5.
308 3728 398 3779 Ἐν
421 3727 500 3798 τῷ
516 3730 690 3801 Πατρὶ
706 3733 996 3798 κατοικεῖς,
1019 3733 1046 3785 ό
1069 3731 1284 3796 ἔπαινος
1302 3730 1377 3805 (2)
1397 3732 1504 3786 τῶν
1527 3734 1694 3802 ἀγίων

1532 3734 1714 3802 ἁγίων.
1889 3733 1939 3787 5.
1978 3732 2032 3786 In
2063 3731 2222 3788 Patre
2252 3731 2484 3796 habitas,
2526 3731 2644 3786 laus
2693 3739 3023 3786 sanctorum.

213 3815 334 3914 6:9.
362 3814 520 3882 Νῶε,
570 3816 727 3884 Λὼτ,
764 3819 980 3886 Ἰακὼϐ,
1015 3823 1285 3894 Μωῦσῆς,
1323 3822 1526 3895 Ἰησοῦς
1565 3826 1594 3876 ὁ
1625 3822 1704 3877 τοῐ

1888 3845 2006 3900 6-9.
2038 3841 2170 3908 Noe,
2190 3841 2310 3903 Lot.
2342 3840 2528 3908 Jacoh,
2552 3841 2782 3914 Moyses,
2811 3840 2971 3897 Jesus
2995 3838 3164 3909 Nave,
3192 3850 3246 3896 et
3269 3839 3365 3894 Ju-

142 3904 325 3974 Ναυῆ,
359 3906 456 3960 καὶ
488 3909 536 3961 oi
567 3909 784 3980 Κριταί.
1814 3938 1982 3994 dices.

214 3994 305 4061 10,
343 3996 431 4051 11.
457 3998 536 4066 (5)
579 3999 673 4052 Ἐκ
695 4001 788 4053 τοῦ
818 4001 1109 4072 προσώπου
1130 4003 1223 4057 τοῦ
1251 4005 1456 4076 Κυρίου
1489 4005 1634 4076 λέγει
1657 4006 1705 4060 τὶ

1888 4029 1974 4094 10,
2012 4029 2098 4084 11.
2128 4028 2203 4084 Ex
2234 4046 2463 4101 persona
2496 4029 2709 4085 Domini
2751 4029 2902 4094 dicit,
2943 4027 3214 4100 quomodo
3243 4041 3373 4081 con-

142 4087 236 4142 ὲπὶ
275 4089 380 4160 γῆς
431 4089 662 4162 ὀφθῆναι
709 4092 785 4164 (4)
821 4095 1308 4166 ἀναστρεφόμενον,
1354 4098 1447 4150 καὶ
1494 4098 1586 4151 ἐπὶ
1622 4097 1633 4148 i

1882 4128 2063 4176 rsatus
2115 4121 2171 4175 in
2243 4122 2405 4177 terris
2458 4122 2727 4192 apparuit,
2788 4131 2841 4176 et
2893 4120 2949 4174 in
2994 4119 3173 4174 crucis
3226 4117 3371 4186 ligno

141 4181 234 4236 λου
291 4185 370 4254 (5)
423 4184 518 4238 τοῦ
583 4186 816 4256 σταυροῦ
874 4187 1037 4242 αὐτὸν
1094 4188 1342 4243 τεθνάναι
1400 4191 1632 4260 ὲμπαγέη

1880 4222 2064 4266 ortuus
2097 4221 2178 4266 est
2207 4212 2372 4268 clavis
2417 4214 2562 4283 ligno
2603 4211 2814 4275 allixus,
2841 4221 2895 4266 et
2924 4227 3048 4267 esca
3080 4209 3254 4264 factus
3289 4216 3371 4262 est

142 4275 219 4346 τῷ
246 4276 324 4348 (6)
359 4277 500 4349 ξύλῳ
530 4279 634 4332 ὑπὸ
653 4279 761 4333 τῶν
789 4279 954 4351 ἥλων,
989 4281 1082 4334 καὶ
1105 4282 1390 4352 γενόμενον
1425 4283 1498 4352 (7)
1527 4283 1633 4337 δέλε

142 4369 220 4422 τῶ
247 4369 500 4423 διαϐάλοι.

1878 4305 2054 4359 abolo.
2087 4303 2393 4375 [Tanquam
2431 4275 2628 4360 vermis
2659 4304 2725 4359 ad
2766 4303 3084 4375 capiendum
3119 4299 3369 4372 piscem]

141 4385 220 4439 τῳ
247 4385 500 4440 οιαυολῳ.

558 4463 745 4526 Ὀντος
789 4461 896 4534 γὰρ
933 4463 1094 4518 αὐτοῦ
1129 4463 1220 4516 ὲπὶ
1259 4464 1352 4517 τοῦ
1382 4465 1632 4538 σταυροῦ,
1663 4466 1704 4518 οι

1888 4457 1975 4521 12,
2016 4457 2102 4511 15.
2157 4457 2292 4512 Cum
2323 4459 2468 4511 enim
2511 4459 2566 4512 in
2600 4473 2762 4512 cruce
2797 4466 2960 4521 esset,
2987 4464 3369 4525 praetereuntes

144 4531 654 4627 παραπορευόμενοι
693 4531 1073 4625 ἐϐλασέρήμουν
1127 4555 1284 4608 αὐτὸν
1315 4531 1562 4624 λέγοντες
1585 4571 1598 4584 ο

1874 4549 2260 4619 asphemabant
2306 4565 2429 4603 eum
2484 4550 2770 4626 dicentes:
2828 4549 2890 4603 Si
2933 4547 3110 4602 Filius
3156 4546 3252 4601 Dei
3292 4564 3365 4613 es,

151 4645 283 4711 mc
329 4641 386 4698 εἷ
425 4645 535 4699 τοῦ
583 4645 750 4708 Θεοῦ,
799 4645 1080 4713 κατάϐηθι
1119 4645 1238 4699 ἀπὸ
1281 4645 1388 4699 τοῦ
1424 4660 1642 4715 σταυρο

1884 4641 2067 4695 scande
2106 4642 2168 4695 de
2215 4658 2365 4697 cruce
2418 4643 2570 4710 δυο,
2611 4651 2891 4698 moventes
2929 4642 3103 4712 capita
3126 4657 3223 4698 sua
3257 4641 3370 4694 hazc

142 4738 414 4801 κινοῦντες
435 4738 535 4802 τὰς
565 4738 804 4808 κεφαλὰς
825 4738 1006 4808 ἔλεγον
1030 4739 1220 4793 ταῦτα.

590 4738 804 4808 εεφαλὰς
825 4738 1006 4808 ἔλεγον
1030 4739 1220 4793 ταῦτα.
1813 4734 2081 4790 dicebant.

213 4828 302 4892 M,
344 4827 433 4882 15.
466 4828 689 4896 Ἔλεγον
726 4829 775 4880 οἱ
809 4828 1114 4899 ἀρχιερεῖς·
1160 4828 1447 4884 Πέποιθεν
1476 4829 1573 4882 ἐπὶ
1601 4829 1704 4883 τὸν

1883 4827 1965 4893 14,
2001 4827 2086 4881 15.
2143 4826 2400 4880 Dicebant
2433 4825 2704 4896 principes
2739 4828 3078 4882 sacerdotum
3131 4843 3143 4879 :
3189 4823 3374 4892 Con/5-

143 4921 320 4974 Θεόνο
347 4919 634 4989 ῥυσάσθω
664 4922 850 4975 αὐτόν

1819 4922 1897 4976 dit
1935 4923 1986 4974 in
2024 4919 2176 4974 Deo:
2208 4921 2386 4974 liberet
2416 4936 2533 4974 eum
2560 4919 2625 4975 “.

211 5012 298 5067 16.
341 5012 400 5065 Ὀ
446 5013 859 5085 ἐσταυρωμένος
900 5013 1048 5084 λέγει
1089 5015 1169 5087 τῷ
1217 5017 1422 5089 Πατρί·
1469 5018 1566 5071 Ἐκ
1612 5036 1702 5086 τιε-

1894 5012 1981 5066 16.
2029 5011 2331 5065 Crucitixus
2374 5013 2502 5066 dicit
2532 5011 2674 5066 Patri
2703 5030 2716 5066 :
2756 5009 2840 5063 Ea:
2871 5019 3015 5062 utero
3043 5014 3162 5060 ante
3191 5005 3245 5056 lu

143 5103 462 5172 ατρὸς-πρὸ
492 5105 830 5176 Ἑωσφόρου
849 5105 1180 5176 ἐγέννησάς
1192 5127 1269 5179 με
1297 5093 1430 5181 (10).

892 5105 1180 5176 Γέννησάς
1192 5127 1269 5179 με
1297 5093 1430 5181 (10).
1817 5123 1934 5160 rum
1957 5107 2184 5178 genuisti
2215 5122 2294 5159 me
2318 5105 2383 5160 δ’.

212 5218 257 5249 ²⁹
291 5215 398 5274 Isa.
432 5234 507 5285 Ix,
534 5218 590 5271 2.
666 5219 782 5250 '°-‘°
811 5218 996 5274 Matth.
1025 5237 1194 5302 xxvii,
1223 5222 1311 5277 40.
1385 5221 1427 5254 ⁸¹
1463 5222 1593 5279 ibid.
1619 5222 1703 5276 43.

720 5220 782 5250 ’⁸⁸
811 5218 996 5274 Matth.
1025 5237 1194 5302 xxvii,
1223 5222 1311 5277 40.
1385 5221 1427 5254 ⁸¹
1463 5222 1593 5279 ibid.
1619 5222 1707 5276 43.
1783 5223 1827 5253 ⁵³
1854 5219 1995 5274 Psal-
2023 5235 2131 5283 Clx,
2161 5219 2211 5272 5-

1090 5335 1392 5397 Addenda
1453 5345 1511 5398 et
1562 5335 1930 5413 corrigenda
1970 5351 2045 5394 ex
2090 5336 2230 5393 cod.
2268 5333 2465 5393 Yatic.

210 5453 231 5726 Ξ

267 5527 287 5737 Ξ

118 5463 120 5470 ν
210 5453 285 5576 ξι)
324 5455 635 5542 ςΕπιγραφὴ
659 5457 691 5537 η
712 5455 798 5508 διὰ
824 5455 924 5542 τῆς
953 5453 1318 5526 κινναϐάρεως
1351 5456 1612 5527 περιέχει.
1879 5455 1954 5576 (ἐξ)
1986 5451 2098 5542 Οὖν⁸
2124 5453 2218 5524 τῷ.
2859 5521 2870 5532 ⁸

231 5522 286 5576 2)
344 5527 387 5576 Ο
415 5525 600 5576 ἐπάνω
625 5542 733 5576 των
765 5526 951 5576 ἀγιων.
1888 5526 1902 5576 ί
1947 5527 1963 5576 l
2000 5528 2109 5576 Και
2135 5525 2444 5576 γενόμενον.
2474 5529 2600 5576 etc..
2636 5520 2832 5576 desunt
2860 5538 2870 5574 ι

231 5518 286 5595 :2)
317 5518 387 5595 rio
415 5518 600 5595 eam
624 5518 733 5578 τῶν
765 5518 951 5593 ἁγίων.
1181 5518 1192 5526 ·
1425 5518 1436 5527 -
1509 5518 1540 5526 --

1887 5518 1963 5595 (7)
2000 5528 2109 5579 Καὶ
2135 5518 2444 5595 γενόμενον,
2474 5529 2600 5595 etc.,
2636 5520 2832 5595 desunt
2859 5521 2911 5575 in
2943 5518 3063 5575 cod.

231 5591 286 5664 5)
314 5594 380 5648 Ν.
418 5593 508 5658 10,
541 5595 625 5655 11,
652 5597 704 5649 in
732 5591 852 5652 cod.
878 5613 932 5651 n.
967 5597 1033 5654 10
1062 5608 1269 5655 tantum

1884 5591 1957 5664 ('8)
1993 5595 2052 5649 Ν.
2087 5591 2173 5659 12,
2203 5591 2286 5656 15,
2312 5593 2375 5664 in
2397 5592 2524 5664 cod.
2545 5607 2598 5664 n.
2631 5591 2809 5646 11-15.

233 5662 287 5735 4)
317 5664 491 5735 Αὐτὸν
519 5664 766 5735 ὀφθῆναι.
1885 5662 1957 5734 (9)
1984 5665 2189 5727 Αὑτὼν,
2225 5667 2271 5717 εί
2303 5662 2444 5735 θέλει
2471 5662 2648 5718 αὐτόν.

213 5733 289 5801 (5)
316 5734 426 5791 Τοῦ
461 5733 655 5802 ξύλον(
1887 5733 1999 5808 (10)
2024 5733 2357 5806 Γεγέννηκάς
2392 5751 2477 5804 με.
