3776 6272
407 283 513 347 725
1239 294 1297 350 S.
1337 295 1706 354 ATHANASII
1743 299 1892 363 OPP.

2149 308 2238 365 111.
2275 341 2346 355 —-
2385 313 2788 373 EXEGETICA.
3511 327 3629 385 724

477 421 564 483 17.
617 421 752 494 Spes
780 440 897 480 mea
923 432 992 483 ab
1023 429 1282 486 uberibus
1320 436 1511 495 matris
1536 453 1670 492 mea:
1697 458 1710 493 :

2130 425 2216 481 17.
2263 427 2323 480 Ἡ
2351 430 2500 496 ἐλπίς
2535 451 2633 502 μου
2661 435 2766 487 ἀπὸ
2796 437 3014 506 μαστῶν
3038 439 3133 509 τῆς
3159 442 3362 512 μητρός
3393 459 3537 513 petr-

479 512 562 566 18.
619 511 672 567 1η
705 524 755 569 te
782 515 1054 586 proiectus
1093 533 1213 573 sum
1244 535 1308 574 ex
1342 531 1537 579 utero:

2135 516 2220 569 18.
2256 517 2380 572 Ἐπὶ
2411 522 2468 573 σέ
2495 525 2793 594 ἐπερῤίφην
2820 527 2883 579 ἐκ
2915 529 3149 598 μήτρας·

474 603 560 656 19.
615 601 689 658 De
717 615 900 662 ventre
929 611 1118 662 matris
1146 625 1297 675 meae,
1326 611 1466 670 Deus
1492 631 1644 672 meus
1669 633 1726 672 es
1757 628 1849 673 tu:

2134 608 2218 661 19.
2257 610 2386 664 Ἀπὸ
2413 615 2645 684 γαστρὸς
2671 617 2872 688 μητρός
2907 636 3006 688 μου
3032 619 3160 683 Θεός
3190 639 3290 692 μου
3314 617 3366 675 εί
3393 621 3481 676 σύ·

469 692 559 744 20.
604 692 681 748 Ne
727 695 1046 754 discesseris
1098 714 1129 756 ιι
1183 716 1288 762 me,
1344 705 1600 772 quoniam
1673 708 1958 764 tribulatio

1956 738 1958 750 ,
2132 698 2220 754 20.
2250 701 2339 773 Μὴ
2367 704 2606 776 ἀποστῇς
2638 708 2730 759 ἀπ’
2756 708 2910 778 ἐμοῦ,
2943 711 3024 763 ὅτι
3058 711 3230 778 θλίψις
3257 715 3447 784 ἐγγὺς,

403 783 646 852 proxima
671 793 775 850 est,

472 873 558 927 2|.
603 874 868 941 Quoniam
891 895 996 934 non
1028 891 1130 947 est,
1159 884 1251 952 qui
1285 884 1504 956 adjuvet
1534 903 1639 942 me.

1607 904 1639 942 ε,
2131 883 2220 936 21.
2257 884 2379 940 Ὅτι
2405 887 2501 939 οὐκ
2528 888 2670 941 ἐστιν
2693 891 2720 942 ὁ
2748 889 2955 961 βοηθῶν
2990 911 3098 963 μοι.

468 967 557 1026 22.
608 966 1097 1028 Circumdederunt
1130 990 1216 1030 me
1247 977 1400 1032 vituli
1435 979 1612 1044 multi,

2131 974 2218 1029 22.
2252 975 2699 1046 Περιεκῦκλωσάν
2731 998 2797 1050 με
2828 983 3013 1053 μόσχοι
3047 986 3249 1053 πολλοὶ,

467 1057 557 1112 25.
619 1057 783 1114 Tauri
813 1061 1041 1133 pingues
1072 1065 1401 1123 obsederunt
1425 1084 1511 1124 me
1539 1088 1553 1124 :

2132 1065 2219 1117 23.
2257 1065 2456 1137 Ταῦροι
2487 1069 2664 1133 πίονες
2687 1072 2968 1143 περιέσχον
3005 1092 3091 1144 με·

473 1149 564 1205 24.
611 1153 950 1222 Aperuerunt
978 1173 1141 1228 super
1187 1175 1272 1214 me
1300 1176 1362 1216 os
1393 1178 1575 1225 suum.

2127 1155 2217 1210 24.
2255 1158 2505 1222 Ἤνοιξαν
2529 1161 2614 1213 ἐπ’
2642 1161 2739 1232 ἐμὲ
2768 1163 2828 1216 τὸ
2857 1165 3024 1236 στόμα
3058 1168 3253 1233 αὐτῶν,

467 1241 559 1297 25.
611 1241 763 1300 Sicut
792 1247 875 1302 leo
909 1250 1142 1318 rapiens,
1169 1260 1222 1306 et
1263 1254 1505 1325 rugiens.

2127 1246 2216 1300 25.
2254 1248 2341 1311 Ὠς
2367 1250 2500 1302 λέων
2531 1251 2808 1321 ἁρπάζων,
2841 1256 2933 1308 καὶ
2966 1257 3292 1329 ὡρυόμενος.

467 1330 557 1387 26.
610 1331 763 1388 Sicut
798 1349 938 1405 aqua
960 1336 1164 1394 eﬂ‘usus
1192 1354 1334 1404 sum,

2127 1337 2216 1391 26.
2256 1339 2397 1393 Ὠσεὶ
2420 1341 2560 1413 ὕδωρ
2585 1341 2860 1416 ἐξεχύθην,

465 1421 557 1477 27.
613 1423 678 1478 Et
705 1425 953 1495 dispersa
981 1437 1112 1487 sunt
1143 1430 1327 1484 omnia
1349 1445 1474 1486 ossa
1505 1446 1649 1488 mea.

2127 1429 2216 1483 27.
2245 1432 2354 1484 Καὶ
2385 1432 2765 1506 διεσκορπίσθη
2801 1437 2975 1492 πάντα
3006 1439 3072 1493 τὰ
3101 1443 3232 1495 ὀστᾶ
3266 1461 3385 1513 μου.

467 1513 557 1569 28.
605 1514 828 1574 Factum
855 1527 940 1574 est
976 1534 1070 1576 cor
1097 1535 1277 1577 meum
1314 1531 1572 1594 tanquam
1628 1539 1752 1580 cera
1783 1523 1956 1595 lique—

2136 1520 2214 1575 28.
2261 1522 2520 1594 Ἐγενήθη
2552 1527 2584 1595 ἡ
2625 1527 2820 1598 καρδία
2851 1546 2948 1600 μου
2975 1529 3105 1584 ὡσεὶ
3133 1533 3297 1604 κηρὸς
3321 1535 3627 1606 τηκόμενος

397 1617 554 1659 scens
584 1604 636 1657 in
671 1607 846 1662 medio
868 1610 1072 1664 ventris
1103 1611 1230 1666 mei.

2058 1612 2115 1664 ἐν
2147 1611 2297 1682 μέσῳ
2324 1614 2424 1683 τῆς
2450 1615 2654 1676 κοιλίας
2685 1633 2805 1688 μου·

464 1697 554 1752 29.
611 1699 767 1754 Aruit
794 1708 1050 1771 tanquam
1083 1710 1219 1758 testa
1251 1705 1422 1760 virtus
1446 1720 1562 1760 mea
1591 1723 1607 1759 :

1987 1767 2025 1780 __
2129 1701 2217 1755 29.
2257 1703 2551 1776 Ἐξηράνθη
2577 1705 2649 1768 ὡς
2675 1707 2935 1777 ὄστρακον
2967 1708 2999 1778 ἡ
3032 1708 3181 1778 ἰσχῦς
3216 1727 3335 1780 μου,

459 1786 549 1841 50.
595 1785 660 1842 Ει
679 1787 859 1860 lingua
889 1767 1007 1844 mea
1030 1791 1256 1847 adhaesit
1280 1791 1528 1848 faucibus
1564 1794 1697 1849 meis
1723 1813 1736 1848 :

2133 1791 2213 1846 50.
2241 1767 2404 1865 Καὶῆ
2435 1767 2654 1862 γλῶσσά
2684 1767 2783 1866 μοῦ
2808 1767 3124 1869 κεκόλληται
3145 1767 3470 1872 τῷιλὰριυγγί
3493 1818 3624 1874 μέν’

464 1875 552 1930 51.
607 1876 674 1932 Ει
695 1879 749 1933 in
775 1881 1048 1950 pulverem
1081 1884 1269 1939 mortis
1302 1884 1570 1940 deduxisti
1605 1901 1708 1940 me.

2125 1885 2212 1937 3|.
2242 1885 2350 1937 Καὶ
2379 1886 2458 1948 είς
2487 1886 2614 1956 χοῦν
2643 1888 2869 1942 Θανάτου
2897 1892 3202 1961 κατήγαγές
3229 1910 3314 1962 με.

467 1969 556 2024 52.
607 1968 878 2037 Quoniam
916 1974 1322 2030 circumderunt
1350 1991 1436 2031 me
1482 1991 1646 2032 canes
1677 1977 1828 2032 multi
1860 1997 1874 2032 :

1720 1977 1828 2032 tulti
1860 1997 1874 2032 :
2123 1974 2211 2029 52.
2243 1975 2361 2028 Ὅτι
2395 1977 2706 2033 ἐκύκλωσαν
2736 1997 2800 2050 με
2829 1984 2986 2044 κύνες
3013 1982 3211 2035 πολλοί·

458 2061 546 2119 33.
598 2063 906 2128 Concilium
942 2067 1355 2137 malignantium
1383 2067 1598 2123 obsedit
1629 2083 1732 2124 me.

2124 2062 2211 2117 55.
2241 2064 2533 2136 Συναγωγή
2563 2069 3003 2140 πονηρευομένων
3036 2070 3317 2143 περιέσχον
3352 2087 3439 2140 με.

1504 2244 1874 2310 ATHANASII
1913 2243 2504 2302 INTERPRETATIO.

462 2418 545 2473 17.
609 2416 733 2488 Spes
764 2437 881 2476 mea
929 2421 992 2476 ab
1019 2423 1264 2495 uberibus
1305 2427 1491 2479 matris
1540 2441 1713 2483 mete:
1764 2426 1950 2482 Marizn

2132 2428 2204 2482 17.
2241 2428 2318 2500 (1)
2355 2429 2484 2483 Ἐπὶ
2512 2429 2586 2483 σὲ
2605 2430 2930 2499 ἐπερῤιφην
2955 2429 3022 2483 ἐκ
3048 2432 3268 2500 μητρός
3289 2449 3302 2463 ο
3329 2433 3516 2505 Μαρίᾳ
3537 2433 3623 2505 (2)

390 2505 580 2566 matris
606 2505 841 2575 Domini,
876 2519 970 2564 aut
1011 2512 1280 2582 signiﬁcat
1320 2512 1578 2568 facientes
1622 2514 1881 2568 voluntate

2133 2520 2139 2568 i
2167 2520 2368 2591 Κυρίου
2408 2521 2555 2589 λέγει
2580 2523 2704 2584 τοὺς
2741 2521 3025 2587 ποιοῦντας
3048 2525 3108 2577 τὸ
3132 2523 3338 2594 θέλημα
3377 2527 3472 2579 τοῦ
3504 2526 3624 2582 Παρ-

389 2596 566 2652 Patris
593 2602 734 2669 ejus,
771 2601 866 2670 qui
901 2601 953 2655 in
985 2604 1138 2657 caelis
1186 2613 1290 2671 est,
1343 2604 1445 2659 hoc
1499 2613 1579 2660 est
1625 2605 1880 2674 discipult

2128 2614 2173 2672 ὣς
2205 2610 2388 2674 αὑτοῦ,
2424 2610 2518 2663 τοῦ
2545 2613 2600 2664 ἐν
2621 2612 2883 2683 οὐρανοῖς,
2913 2613 3156 2666 τουτέστι
3187 2615 3312 2678 τοὺς
3347 2615 3619 2687 μαθητάς.

390 2688 491 2743 bne
515 2691 718 2746 modo:
759 2692 894 2763 Spes
921 2702 1012 2749 tua
1044 2695 1098 2748 in
1129 2709 1214 2751 me
1253 2711 1318 2750 ex
1360 2696 1608 2752 doctrina
1649 2697 1881 2767 discipul

2161 2701 2311 2765 ἐλπίς
2351 2719 2442 2755 σου
2481 2703 2554 2772 (5)
2595 2705 2627 2772 ἡ
2663 2705 2741 2765 εἰς
2777 2704 2875 2773 ἐμὲ
2916 2705 2978 2756 ἐκ
3017 2707 3113 2776 τῆς
3137 2704 3355 2783 διδαχῆς
3375 2707 3482 2760 τῶν
3515 2725 3623 2778 μα-

389 2795 509 2834 runt
551 2798 794 2838 meorum
825 2793 928 2840 est.

2132 2791 2230 2844 τῶν
2279 2793 2379 2864 μού
2425 2795 2588 2846 ἐστιν.
2621 2792 2721 2865 [Ἡ
2766 2794 2917 2858 ἐλπίς
2955 2812 3054 2865 μου
3103 2797 3209 2848 ἀπὸ
3251 2797 3471 2874 μαστῶν
3517 2800 3623 2874 τῆς

391 2872 593 2943 μητρός
627 2891 759 2945 μου·
793 2875 1009 2948 Μαρίας
1051 2876 1144 2931 τοῦ
1189 2879 1391 2950 Κυρίου
1413 2880 1486 2952 ,ἢ
1519 2880 1663 2950 λέγει
1707 2881 1832 2945 τοὺς
1866 2880 2146 2945 ποιοῦντας
2177 2884 2237 2936 τὸ
2274 2885 2481 2956 θέλημα
2530 2886 2622 2940 τοῦ
2673 2887 2882 2960 Πατρὸς
2927 2887 3110 2952 αὑτοῦ,
3139 2888 3231 2942 τοῦ
3254 2872 3321 2945 ἐν
3340 2873 3622 2963 οὐρανοῖςξ

385 2962 627 3025 τουτέστι
661 2966 785 3030 τοὺς
831 2967 1093 3040 μαθητὰς,
1133 2970 1331 3035 οὕτως’
1380 2973 1442 3025 Ἡ
1483 2971 1636 3035 ἐλπίς
1673 2990 1765 3026 σου
1799 2975 1831 3045 ἡ
1861 2973 1940 3036 εἰς
1979 2973 2080 3044 ἐμὲ
2113 2976 2176 3029 ἐκ
2204 2980 2302 3048 τῆς
2323 2977 2539 3049 διδαχῆς
2569 2979 2676 3031 τῶν
2703 2979 2956 3050 μαθητῶν
2981 2980 3080 3050 μού
3119 2981 3312 3054 ἐστιν.]

467 3055 551 3108 18.
597 3055 732 3112 Illud
765 3069 983 3116 autem:
1037 3060 1103 3116 In
1139 3071 1187 3117 te
1227 3065 1490 3133 projectus
1524 3082 1641 3119 sum
1668 3081 1732 3119 ea:
1775 3078 1943 3132 utero,

2126 3067 2198 3122 l8.
2245 3069 2318 3121 Τὸ
2351 3069 2441 3133 δὲ,
2484 3070 2613 3123 Ἐπὶ
2661 3070 2737 3124 σὲ
2778 3072 3106 3141 ἐπείρίφην
3147 3074 3225 3144 (4)
3265 3074 3333 3128 ἐκ
3362 3076 3617 3146 μήτρας,

387 3147 606 3215 quando
645 3147 884 3215 Gabriel,
912 3168 1034 3234 cum
1063 3164 1206 3210 esset
1249 3157 1365 3227 ipse
1413 3157 1466 3211 in
1497 3167 1653 3213 utero
1689 3155 1872 3227 Virgin

2128 3175 2170 3210 tv
2197 3160 2225 3211 ὁ
2253 3159 2507 3231 Γαϐριὴλ,
2542 3161 2692 3225 ὄντος
2722 3160 2883 3215 αὐτοῦ
2914 3164 2970 3214 ἐν
3011 3165 3192 3235 μήτρᾳ
3221 3166 3316 3236 τῆς
3341 3167 3619 3238 Παρθένου

387 3238 454 3291 de
483 3253 548 3291 eo
573 3237 734 3305 dixit,
764 3243 909 3310 quod
942 3223 1112 3301 Filius
1158 3245 1248 3300 Dei
1268 3223 1384 3303 est.
1787 3223 1808 3227 ν

1932 3223 1935 3224 ν
2045 3249 2195 3316 ἔλεγε
2221 3251 2347 3322 περὶ
2367 3223 2564 3316 ἀὺτοῦ,
2598 3223 2827 3318 sane;
2861 3253 2954 3311 τοῦ
2987 3223 3320 3310 ὁωὲόέπὼ.

469 3327 555 3383 19.
587 3327 651 3382 Et
700 3331 754 3384 in
783 3341 966 3388 ventre
997 3351 1120 3390 cum
1177 3353 1347 3394 essem
1399 3339 1539 3410 eius,
1594 3356 1756 3411 quam
1811 3339 1943 3394 mihi

2129 3339 2202 3393 19.
2257 3341 2366 3393 Καὶ
2410 3342 2468 3393 ἐν
2515 3344 2580 3413 τῇ
2634 3343 2830 3414 γαστρί
2886 3361 2952 3415 με
2996 3344 3141 3408 ὄντα,
3185 3342 3252 3418 ἦς
3307 3345 3620 3420 ἠϐουλήθην

389 3429 615 3476 matrem
633 3437 755 3479 esse
781 3425 1022 3493 voluisti,
1053 3433 1307 3500 spectasti
1339 3450 1426 3488 me
1469 3444 1524 3490 tu
1552 3435 1719 3501 solus,
1745 3433 1880 3490 Pate

2124 3429 2402 3504 Ξουλήθης]
2458 3433 2660 3504 μητρός
2709 3450 2840 3504 μου,
2885 3435 3139 3490 τεθέασαι
3189 3455 3256 3508 με
3308 3439 3372 3491 σὺ
3415 3437 3615 3509 μόνος,

387 3511 512 3581 quis
552 3527 694 3568 sum.

2047 3523 2248 3596 Πάτερ*
2279 3524 2340 3577 τὸ
2367 3524 2449 3588 τίς
2479 3526 2614 3596 εἰμι.

450 3604 537 3657 20.
597 3600 678 3657 Ne
713 3602 1012 3656 discesseris
1051 3618 1083 3656 α
1117 3618 1233 3664 me:
1271 3617 1372 3676 ego
1406 3607 1547 3662 enim
1576 3609 1631 3665 in
1669 3620 1739 3677 te,
1764 3614 1941 3681 Pater,

2125 3614 2203 3668 20.
2235 3617 2356 3669 Οὐκ
2383 3615 2656 3684 ἀποστῇς
2685 3617 2758 3686 (5)
2791 3617 2890 3671 ἀπ’
2940 3617 3084 3687 ἐμοῦ
3108 3635 3122 3648 ·
3153 3617 3261 3688 ἐγὼ
3287 3619 3394 3692 γὰρ
3423 3622 3480 3673 ἐν
3508 3623 3616 3686 σοὶ,

388 3705 442 3749 et
473 3707 530 3754 tu
571 3695 624 3756 in
659 3710 765 3750 me.
803 3694 1072 3754 Passurus
1112 3710 1256 3763 sum,
1312 3699 1459 3768 quod
1509 3704 1651 3772 apud
1698 3705 1879 3764 homin

2126 3723 2250 3778 ιτερ,
2283 3707 2378 3760 καὶ
2410 3709 2472 3760 σὺ
2504 3709 2560 3760 ἐν
2593 3709 2713 3779 ἐμοί
2725 3750 2736 3762 .
2770 3709 3005 3780 Πάσχειν
3039 3711 3233 3781 μέλλω,
3265 3712 3292 3765 ὃ
3321 3713 3472 3786 παρὰ
3500 3718 3617 3780 τοῖς

385 3795 464 3840 cst
506 3785 806 3850 tribulatio,
853 3801 960 3840 non
1007 3787 1149 3856 apud
1177 3803 1284 3844 me.

2046 3797 2350 3868 ἀνθρώποις
2379 3800 2494 3854 ἐστι
2521 3798 2715 3869 θλίψις,
2745 3801 2804 3854 οὑ
2832 3801 2941 3873 γὰρ
2973 3801 3150 3875 [παρ’]
3181 3804 3256 3875 (6)
3285 3785 3421 3877 ἐμοί.

459 3878 548 3932 21.
602 3877 718 3948 Ipse
749 3879 892 3932 enim
923 3879 1026 3934 sibi
1056 3879 1158 3948 ipsi
1202 3882 1518 3951 auxiliatur,
1554 3895 1740 3956 utpote
1773 3892 1947 3944 omni-

2121 3889 2206 3942 21.
2240 3890 2412 3952 Αὐτὸς
2450 3889 2556 3963 γὰρ
2602 3892 2778 3964 ἑαυτῷ
2809 3893 3014 3964 βοηθῶν
3047 3895 3144 3966 (7),
3174 3896 3249 3960 ὡς
3288 3898 3612 3953 παντοδύνα-

386 3978 603 4038 potens,
637 3980 690 4023 et
728 3986 908 4024 rerum
955 3972 1200 4027 omnium
1250 3974 1525 4032 dominus.

1179 3988 1200 4025 ιι
1250 3974 1525 4032 dominus.
2049 3997 2146 4050 μος
2185 3981 2278 4033 καὶ
2301 3978 2670 4055 ἐξουσιαστής.

455 4060 642 4115 22-25.
693 4060 764 4115 Dc
788 4060 988 4116 Iudaeis
1021 4063 1285 4132 loquitur,
1323 4069 1542 4136 quando
1573 4071 1946 4130 circumdede-

2118 4069 2299 4124 22-25.
2330 4072 2464 4141 Περὶ
2503 4073 2611 4127 τῶν
2651 4075 2918 4129 Ἰουδαίων
2965 4077 3146 4147 λέγει,
3178 4081 3264 4132 ὅτε
3298 4081 3609 4136 ἐκύκλωσαι

388 4163 517 4214 runt
548 4169 693 4219 cum,
709 4163 760 4207 et
783 4153 1122 4208 clamabant:
1148 4155 1311 4222 Tolle,
1333 4159 1475 4223 tolle,
1493 4163 1738 4231 cruciﬁge
1753 4180 1867 4220 eum

2120 4159 2232 4225 τὸν,
2251 4163 2345 4214 καὶ
2370 4161 2621 4233 ἔκραζονο
2639 4160 2836 4233 Ἆρον,
2856 4161 3022 4235 ἆρον,
3038 4171 3390 4238 σταύρωσον
3403 4175 3609 4228 αὐτόν.

452 4244 543 4306 ‘26.
583 4245 670 4300 27.
720 4245 855 4300 Ossa
886 4261 983 4299 sua
1013 4244 1324 4301 Iudaeorum
1359 4251 1617 4322 populum
1649 4254 1799 4318 dicit.

2118 4251 2203 4317 26,
2234 4251 2324 4306 27.
2360 4255 2518 4308 Ὀστᾶ
2543 4256 2732 4312 ἑαυτοῦ
2753 4258 2841 4311 τὸν
2862 4257 2987 4312 λαὸν
3012 4259 3118 4314 τῶν
3153 4261 3413 4316 Ἰουδαίων
3441 4262 3609 4333 λέγει.

453 4335 542 4389 28.
596 4335 701 4390 Cor
733 4353 892 4391 suum
929 4353 1117 4393 rursus
1161 4341 1419 4409 populum
1446 4342 1754 4400 .Iudmornm
1789 4346 1941 4413 dicit,

2118 4339 2203 4392 28.
2233 4341 2472 4412 Καρδίαν
2501 4344 2689 4396 ἐαυτοῦ
2715 4346 2805 4399 τὸν
2845 4347 2971 4401 λαὸν
3012 4350 3170 4403 πάλιν
3201 4349 3307 4405 τῶν
3345 4352 3609 4408 Ἰουδαίων

383 4429 510 4496 quia
537 4427 656 4498 ejus
688 4429 904 4498 eloquia
928 4430 983 4484 in
1019 4431 1277 4487 cordibus
1306 4447 1494 4490 eorum
1523 4447 1696 4495 erant.

2116 4448 2212 4498 γει,
2236 4432 2324 4486 διὰ
2348 4434 2414 4486 τὰ
2429 4434 2583 4503 λόγια
2609 4435 2773 4490 αὐτοῦ
2792 4440 2848 4491 ἐν
2864 4443 2982 4504 ταῖς
3000 4442 3240 4514 καρδίαις
3257 4441 3433 4497 αὐτῶν
3449 4440 3607 4499 εἶναι.

452 4520 540 4574 29.
583 4519 798 4576 Judazos
839 4521 1126 4594 signiﬁcat.

2113 4524 2201 4579 29.
2233 4526 2368 4588 Τοὺς
2405 4527 2686 4592 Ἰουδαίους
2717 4530 2789 4600 (8)
2819 4531 2983 4600 λέγει.

452 4611 540 4672 50.
594 4612 796 4671 Deiecit
840 4615 984 4669 enim
1022 4632 1085 4673 ex
1119 4630 1213 4670 ore
1262 4616 1506 4686 ipsorum
1557 4617 1679 4674 fons
1719 4621 1860 4685 vitae,
1890 4628 1943 4675 et

2120 4616 2204 4671 50.
2246 4617 2484 4684 Ἐξέλιπε
2516 4621 2623 4693 γὰρ
2667 4624 2731 4680 ἐκ
2771 4624 2862 4677 τοῦ
2898 4625 3162 4696 στόματος
3193 4625 3369 4680 αὐτῶν
3400 4629 3434 4699 ἡ
3461 4631 3611 4702 πηγὴ

385 4713 665 4773 propterea
695 4704 919 4760 adhaesit
949 4705 1003 4760 in
1045 4706 1191 4760 sitim
1239 4708 1471 4777 papulus
1503 4706 1835 4771 Iudaeorum.

2121 4725 2145 4771 ς
2177 4709 2323 4779 ςωῆς
2343 4751 2356 4773 ,
2391 4712 2485 4764 καὶ
2520 4711 2605 4765 διὰ
2639 4712 2798 4766 τοῦτο
2827 4715 3088 4788 ἐκολλήθη
3123 4718 3200 4781 είς
3241 4717 3396 4788 δίψαν
3426 4722 3455 4773 ὀ
3485 4700 3612 4786 λαὸς

2046 4800 2155 4855 τῶν
2196 4802 2482 4857 Ἰουδαίων.

452 4880 540 4934 51.
592 4879 671 4936 Ad
701 4880 914 4936 Judaeos
945 4896 1031 4936 me
1062 4881 1281 4939 misisti.

2116 4893 2205 4946 51.
2239 4893 2380 4964 Πρὸς
2411 4896 2535 4958 τοὺς
2580 4897 2865 4962 Ἰουδαίους
2889 4916 2954 4969 με
2987 4899 3324 4965 ἀπέστειλας.

447 4971 536 5034 '52,
576 4973 663 5030 55.
717 4971 888 5035 Judaei
914 4972 1061 5028 enim
1097 4974 1568 5034 circumdederunt
1591 4993 1698 5038 me.

2118 4983 2206 5048 '52,
2236 4985 2323 5040 55.
2355 4987 2416 5038 Ol
2448 4985 2555 5058 γὰρ
2595 4987 2830 5043 Ἰουδαῖοι
2858 4989 3170 5046 ἐκύκλωσαν
3200 5007 3289 5063 με.

451 5128 495 5160 ⁸³
517 5126 672 5185 Joan.
700 5144 813 5193 xxx,
851 5131 934 5190 15.

1318 5288 1622 5359 Addenda
1658 5298 1718 5359 et
1764 5292 2136 5374 corrigenda
2172 5309 2249 5354 ex
2274 5291 2416 5354 cod.
2458 5293 2659 5369 Vatic,

551 5468 614 5555 IS:
647 5471 730 5555 17.
761 5472 815 5529 in
851 5475 970 5532 cod.
997 5492 1051 5533 n.
1085 5476 1170 5543 17,
1199 5477 1286 5542 l8.

1208 5477 1286 5542 I8.
2112 5483 2187 5555 (ξ)
2358 5483 2424 5536 ἂν
2437 5484 2480 5555 κά
2489 5483 2699 5555 πέστης.

449 5539 525 5625 ρ)
561 5541 807 5625 Ἆητέρα.
1157 5539 1164 5543 ⁷
1279 5539 1286 5542 “
2110 5539 2184 5625 (6i
2212 5553 2406 5625 ι’ἀριν
2431 5554 2557 5625 ἐμῇ.

449 5606 525 5692 (ξ)
558 5606 730 5692 αὖθις
783 5683 843 5692 __
882 5685 931 5692 μ
1013 5688 1066 5692 _
1110 5687 1121 5692 Α
1195 5689 1207 5692 _
1255 5690 1262 5692 _
1386 5688 1396 5692 Α
2112 5606 2420 5692 17)Βοὴθῶο

447 5678 522 5748 (ι)
558 5680 750 5742 Ἑστίν.
783 5683 856 5738 Τὸ
877 5685 966 5740 δέ·
1013 5687 1132 5742 Ἐπὶ
1162 5689 1219 5742 σέ
1249 5688 1525 5762 ἐπιρίφην,
1557 5699 1657 5750 etc.
2114 5678 2190 5761 (8)
2221 5678 2357 5756 Τοῦς
2389 5693 2583 5762 αὐτοὺς
2625 5691 2776 5752 me.
