3776 6272
155 312 269 370 725

222 432 329 488 54.
363 432 598 504 Ὠρυξαν
631 429 817 502 χεῖρας
852 446 951 500 μου
987 430 1078 483 καὶ⁸
1107 430 1271 495 πόδας
1305 447 1426 502 μου·

230 521 330 578 55.
380 521 783 593 Ἐξηρίθμησαν
817 522 992 575 πάντα
1023 521 1091 575 τὰ
1115 524 1245 576 ὀστᾶ
1271 541 1390 593 μου.

235 614 332 668 56.
358 615 524 666 Αὐτοὶ
553 613 609 666 δὲ
638 614 990 683 κατενόησαν,
1016 615 1109 667 καὶ
1132 615 1338 668 ἐτι-εἶδόν
1361 633 1448 686 με.

237 790 334 845 57.
366 791 755 862 Διεμερίσαντο
774 790 843 845 τὰ
880 790 1066 862 ἱμάτιά
1097 809 1198 863 μου
1233 793 1472 858 έαυτοῖς’

237 881 332 937 58.
371 883 483 934 Καὶ
515 882 607 935 ἐπὶ
631 882 723 936 τὸν
757 883 1048 954 ἱματισμόν
1080 901 1180 955 μου
1206 884 1394 939 έὸαλον
1427 885 1642 958 κλῆρον.

242 972 336 1028 59.
366 973 442 1027 Σὺ
474 974 554 1038 δὲ,
583 973 777 1046 Κύριε,
808 975 884 1047 μὴ
928 975 1208 1049 μακρύνῃς
1240 977 1337 1050 τὴν
1372 978 1621 1049 βοήθειάν
1656 995 1749 1032 σου

172 1063 272 1117 ἀπ’
299 1063 458 1132 ἐμοῦ.

245 1154 337 1209 40.
364 1156 464 1218 Είς
491 1154 592 1226 τὴν
623 1156 906 1230 ἁντίληψίν
945 1176 1042 1229 μου
1079 1159 1331 1231 πρόσχες.

245 1247 339 1303 41.
386 1247 575 1301 Ῥῦσαι
600 1249 706 1301 ἀπὸ
727 1249 995 1320 ῥομφαίας
1021 1250 1117 1322 τὴν
1141 1251 1314 1322 ψυχήν
1352 1269 1474 1322 μου,

247 1337 339 1392 42.
369 1339 482 1390 Καὶ
503 1340 568 1391 ὲκ
599 1341 777 1411 χειρὸς
810 1341 968 1404 κυνὸς
997 1342 1093 1411 τὴν
1124 1342 1381 1413 μονογενῆ
1416 1359 1537 1413 μου.

249 1430 338 1483 45.
375 1429 558 1482 Σῶσόν
587 1447 653 1500 με
685 1431 749 1484 ὲκ
779 1431 1040 1503 στόματος
1069 1432 1298 1497 λέοντος,

247 1518 341 1573 44.
382 1520 494 1573 Καὶ
528 1520 634 1574 ἀπὸ
668 1523 911 1594 κεράτων
939 1522 1322 1594 μονοκερώτων
1354 1524 1453 1594 τὴν
1491 1540 1756 1576 ταπεινω-

180 1615 267 1660 σιν
298 1627 425 1678 μου.

253 1699 345 1754 45.
373 1703 714 1776 Διηγήσομαι
743 1706 803 1759 τὸ
831 1705 1001 1777 ὄνομά
1032 1724 1123 1759 σου
1152 1709 1263 1769 τοῖς
1293 1707 1536 1778 ἀδελφοῖς
1564 1721 1685 1777 μου·

256 1792 347 1846 46.
393 1794 480 1847 Ἐν
513 1796 662 1869 μέσῳ
689 1797 983 1869 ἐκκλησίας
1007 1799 1234 1870 ὑμνήσω
1266 1817 1346 1854 σε.

255 1883 347 1939 47.
385 1887 451 1938 Oi.
485 1887 801 1956 φοϐούμενοι
825 1889 915 1943 τὸν
942 1889 1164 1963 Κύριον,
1189 1891 1437 1944 αἰνέσατε
1470 1890 1648 1945 αὑτόν.

1017 334 1020 338 '
1077 313 1166 369 DE
1206 313 1482 371 TITULIS
1521 313 1973 374 PSALSIORUM.
2016 347 2084 358 -—-
2118 317 2310 372 PSAL.
2346 319 2488 376 XXI.

3295 319 3398 373 736

1767 439 1816 494 Α
1910 434 1998 488 54.
2048 433 2321 492 Foderunt
2351 451 2544 491 manus
2569 450 2736 500 meas,
2773 443 2828 488 et
2853 432 3018 503 pedes
3043 448 3192 489 meos
3223 453 3237 488 :

1911 524 2001 579 55.
2052 523 2540 582 Dinumeraverunl
2572 525 2752 580 omnia
2783 539 2908 578 ossa
2945 538 3085 577 mea.

1907 615 1996 669 56.
2053 614 2160 687 Ipsi
2208 632 2336 672 vero
2377 617 2880 681 consideraverunt,
2937 623 2992 668 et
3053 612 3405 672 inspexerunt

1843 719 1950 759 me.

1911 793 2000 848 57.
2054 790 2365 847 Diviserunt
2403 792 2507 848 sibi
2533 794 2857 849 vestimenta
2889 808 3007 846 mea
3036 811 3050 846 :

1907 885 1998 939 58.
2049 882 2114 939 Ει
2142 899 2304 953 super
2330 893 2534 940 vestem
2559 900 2735 940 meam
2759 885 3024 940 miserunt
3049 892 3293 938 sortem.

1919 976 2007 1030 59.
2061 973 2140 1029 Tu
2170 982 2373 1043 autem,
2407 975 2652 1042 Domine,
2684 991 2753 1031 ne
2776 971 3116 1047 elongaveris
3141 969 3405 1028 auxilium

1847 1080 1998 1125 tuum
2026 1084 2054 1123 a
2084 1083 2170 1123 me
2207 1088 2220 1122 ἒ

1914 1163 2003 1217 40.
2046 1161 2137 1227 ,Ad
2174 1159 2544 1215 defensionem
2581 1174 2755 1212 meam
2793 1157 3066 1228 conspice.

1923 1254 2010 1307 4l.
2054 1251 2198 1307 Erue
2219 1267 2247 1306 a
2280 1250 2504 1315 framea,
2533 1250 2696 1316 Deus,
2720 1249 2958 1304 animam
2992 1262 3193 1312 meam,

1924 1343 2012 1397 42.
2065 1341 2132 1396 Et
2153 1343 2219 1397 de
2246 1358 2411 1397 manu
2429 1341 2580 1396 canis
2604 1340 2822 1394 unicam
2841 1354 3040 1394 meam.

1922 1433 2011 1486 45.
2066 1431 2224 1486 Salva
2249 1447 2335 1485 me
2364 1447 2429 1485 ex
2461 1445 2555 1485 ore
2577 1429 2777 1494 leonis,

1926 1525 2015 1580 44.
2065 1524 2133 1579 Et
2199 1540 2228 1578 a
2297 1523 2556 1578 cornibus
2633 1521 2977 1576 unicornium
3053 1517 3426 1574 humilitatem.

1856 1632 2053 1672 meam.

1928 1709 2016 1764 45.
2072 1705 2316 1761 Narrabo
2349 1720 2545 1760 nomen
2569 1713 2719 1759 tuum
2745 1702 3004 1757 fratribus
3033 1699 3208 1756 meis:

1783 1790 1826 1846 Β
1923 1801 2012 1855 46.
2063 1802 2121 1854 ln
2164 1799 2344 1854 medio
2374 1798 2617 1854 ecclesia:
2649 1795 2887 1852 laudabo
2914 1804 2982 1850 te.

1928 1891 2017 1944 47.
2069 1889 2172 1955 Qui
2203 1890 2407 1945 timetis
2442 1887 2756 1954 Dominum,
2801 1884 3013 1940 laudate
3043 1898 3202 1938 eum-

1307 2108 1681 2165 ATHANASII
1721 2107 2304 2165 INTERPRETATIO.

254 2302 351 2359 54.
378 2303 520 2367 Τοὺς
551 2302 712 2374 ἥλους
748 2303 875 2370 τοὺς
899 2303 1006 2360 ὑπὸ
1036 2304 1113 2377 (1)
1149 2305 1258 2359 τῶν
1314 2304 1490 2359 ποδῶν
1530 2305 1624 2358 κα)⁹
1655 2305 1764 2359 τῶν

184 2395 392 2467 χειρῶν
417 2394 584 2450 αὑτοῦ
618 2396 785 2465 λέγει.

258 2487 357 2542 55.
386 2485 480 2557 Τῷ
504 2487 646 2540 κατὰ
671 2488 888 2543 πάντων
917 2487 1026 2542 τῶν
1076 2486 1252 2559 μελῶν
1297 2491 1662 2559 προσαγαγεῖν
1688 2489 1764 2562 (2)

185 2577 394 2642 αὐτοὺς
433 2578 705 2651 τιμωρίας
736 2579 886 2652 αὑτῷ
907 2595 922 2611 ο
957 2579 1380 2651 ὲφραγγέλωσαν
1428 2580 1535 2652 γὰρ
1580 2581 1762 2645 αὑτὸν,

184 2670 288 2724 καὶ
343 2670 650 2742 ὲρῤάπισαν
673 2711 689 2737 ,
732 2671 827 2725 καὶ
875 2671 1203 2742 ἐκολάφισαν
1227 2713 1243 2740 ,
1301 2671 1395 2726 καὶ
1443 2668 1542 2726 εἷθ’
1593 2671 1765 2736 οὑτως

185 2761 573 2833 ἐσταύρωσαν.

259 2855 356 2912 56.
390 2857 520 2910 Ὅτε
551 2855 645 2910 ἐπὶ
685 2855 778 2910 τοῦ
827 2854 1060 2928 σταυροῦ
1086 2854 1320 2928 ὁρῶντες
1353 2855 1514 2910 αὑτὸν
1544 2854 1727 2925 ἔλεγον
1747 2873 1760 2886 ·

189 2945 359 3000 Οὐάί
385 2945 464 3015 (5)
508 2946 738 3013 ἄλλους
777 2945 1046 3011 ἔσωσεν,
1104 2945 1322 3000 ἑαυτὸν
1373 2948 1445 3001 οὐ
1515 2944 1763 3000 δύναται

185 3035 416 3090 σῶσαι.

261 3122 358 3190 57,
389 3121 479 3177 58.
510 3124 574 3178 οι
605 3124 1012 3198 σταυρώσαντες
1041 3125 1203 3180 αὑτὸν
1229 3125 1574 3197 στρατιῶται.

264 3213 364 3280 59,
393 3214 484 3270 40.
518 3216 738 3286 Πρῶτον
764 3217 861 3288 μὲν
881 3219 908 3270 ὁ
937 3217 1220 3289 προφήτης
1248 3217 1393 3287 λέγει
1422 3217 1558 3290 πρὸς
1571 3217 1729 3271 αὑτὸν
1751 3257 1764 3281 ,

1930 2301 2020 2357 54.
2070 2300 2260 2356 Claves
2291 2302 2344 2355 in
2380 2300 2627 2372 pedibus,
2674 2307 2730 2357 et
2774 2298 3028 2356 manibus
3070 2296 3188 2368 ejus
3217 2295 3429 2368 signifi—

1861 2399 1967 2445 cat.

1939 2480 2028 2535 55.
2070 2479 2174 2536 Per
2224 2480 2408 2536 omnia
2467 2481 2640 2552 ipsius
2704 2482 2946 2539 membra
2993 2480 3328 2538 admovendo
3373 2479 3424 2534 ei

1861 2570 2156 2626 cruciatus.
2221 2571 2405 2642 Ipsum
2453 2573 2599 2628 enim
2663 2571 3098 2644 ﬂagellaverunt,
3155 2582 3208 2628 et
3254 2571 3438 2640 alapis.

1865 2672 2272 2732 percusserunt,
2313 2674 2370 2720 et
2391 2665 2824 2734 colaphizarunt,
2887 2675 3052 2736 atque
3103 2666 3176 2720 ita
3231 2663 3426 2718 deinde

1865 2753 2256 2809 crucifixerunt

1935 2845 2026 2902 56.
2066 2843 2295 2913 Quando
2349 2863 2404 2902 In
2453 2862 2619 2904 cruce
2665 2865 2788 2906 eum
2829 2849 3071 2906 videntes
3123 2849 3375 2905 dixerunt
3410 2868 3437 2902 :-

1875 2933 1989 2988 Vah
2012 2935 2033 2988 !
2060 2935 2193 2990 alios
2227 2937 2399 2994 salvos
2441 2940 2588 3008 fecit,
2619 2940 2848 3010 seipsum
2884 2957 2981 2996 non
3014 2949 3180 3010 potest
3225 2938 3430 2994 salvum

1865 3025 2036 3096 facere
2069 3026 2138 3082 “.

1939 3119 2030 3184 57,
2062 3118 2152 3173 58.
2188 3116 2406 3184 Milites,
2441 3118 2534 3189 qui
2559 3134 2682 3173 eum
2707 3119 3121 3174 crucifixerunt.

1942 3210 2032 3277 59,
2063 3209 2154 3264 40.
2183 3207 2428 3264 Primum
2457 3210 2674 3280 quidem
2703 3211 2963 3281 propheta
3000 3208 3066 3264 ad
3092 3223 3214 3264 eum
3254 3207 3386 3263 dicit
3415 3225 3429 3262 :

187 3306 279 3360 ὃτι
338 3306 457 3371 Σὺ,
526 3309 733 3375 Κύριε,
774 3306 945 3361 ταῦτα
987 3308 1060 3380 (4)
1111 3309 1400 3380 ὑπομένων
1441 3308 1532 3378 ὑφ’
1575 3308 1764 3380 [ὑπὲρ]
1793 3307 1822 3364 (ἶ

1906 3308 1971 3374 ἀ,
2005 3309 2245 3375 Domine,
2276 3309 2392 3365 hinc
2413 3310 2623 3380 patiens
2643 3326 2742 3380 pro
2764 3311 2943 3374 nobis,
2974 3310 3193 3364 imitans
3219 3322 3340 3374 nos,
3371 3322 3434 3360 ne

189 3395 381 3468 ἡμῶν.
420 3398 748 3468 μιμούμενος
787 3402 963 3471 ἡμᾶς.
995 3399 1123 3472 [μὴ]
1145 3402 1458 3470 μακρύντις
1484 3400 1598 3470 τὴν
1618 3401 1771 3469 βοή-

192 3490 370 3545 θειάν
397 3505 513 3544 σου
543 3490 644 3545 ἀπ’
676 3492 843 3561 ἐμοῦ,
871 3491 965 3545 τοῦ
1004 3493 1132 3546 λαοῦ
1165 3491 1275 3547 τῶν
1314 3493 1599 3560 Ἰουδαίων,
1631 3493 1768 3547 ἀλλ’

190 3583 288 3646 είς
319 3581 655 3649 ἀντίληψιν
699 3583 869 3651 ἡμῶν
904 3582 1310 3652 εὐδοκίμησον
1355 3584 1451 3655 (5).
1509 3586 1663 3638 Ἔστι
1711 3586 1769 3638 δὲ

192 3673 297 3726 καὶ
337 3675 405 3726 ὲκ
441 3673 731 3745 προσώπου
755 3675 918 3728 αὑτοῦ
947 3675 1040 3728 τοῦ
1074 3675 1276 3748 Κυρίου
1299 3675 1550 3745 λέγεσθαι
1573 3677 1764 3741 ταῦτα,

195 3764 553 3819 ὑποτύπωσιν
595 3768 726 3837 ἡμῖν
764 3766 940 3828 διδοὺς
976 3766 1036 3820 τὸ
1066 3766 1324 3831 τοιούτοις
1356 3766 1534 3836 λόγοις
1568 3767 1768 3839 κεχρῆ-

196 3856 328 3911 σθαι
359 3858 418 3909 έν
450 3857 626 3929 καιρῷ
659 3857 978 3931 μαρτυρίου.

270 3948 364 4012 41,
393 3949 484 4003 45.
508 3950 679 4013 Αὑτὺς
705 3950 1063 4021 προσεύχεται
1089 3948 1203 4015 νῦν,
1229 3949 1360 4015 Θεὸς
1384 3950 1479 4017 ὢν,
1509 3950 1769 4023 ῥυσθῆναι

191 4041 311 4097 ἀπὸ
352 4041 447 4094 τοῦ
497 4041 762 4108 διαϐόλου,
807 4043 894 4097 ἵνα
927 4044 1014 4108 σὺ,
1053 4042 1337 4114 ἄνθρωπος
1380 4040 1476 4108 ὣν,
1517 4043 1592 4116 μὴ
1636 4044 1772 4114 ἀμε-

193 4133 373 4207 λήσῃς
405 4134 506 4204 (6)·

272 4228 366 4282 44.
397 4228 472 4282 Τὸ
512 4225 681 4299 κέρας
726 4226 820 4279 τοῦ
860 4228 1229 4299 μονοκέρωτος
1267 4227 1467 4298 ὑψηλόν
1509 4227 1646 4290 ἐστι,
1679 4227 1773 4281 καὶ

196 4319 578 4392 ἀναιρετικόν·
620 4319 748 4390 περὶ
789 4314 883 4372 οὖν
925 4318 1024 4390 τῆς
1076 4320 1302 4391 καρδίας
1354 4319 1462 4373 τῶν
1507 4318 1774 4373 Ἰουδαίων

193 4415 300 4484 τῆς
331 4411 510 4475 δολίας
541 4411 636 4464 καὶ
670 4410 878 4481 ὑψηλῆς
904 4409 1072 4480 λέγει.

275 4505 367 4559 45.
411 4504 486 4573 (7)
526 4503 610 4569 Τῷ
646 4502 797 4568 λαῷ,
822 4502 1004 4572 λέγει,
1054 4502 1414 4572 διηγήσομαι
1464 4503 1532 4556 τὸ
1587 4502 1774 4574 ὄνομὰ

1867 3399 2189 3469 elongaveris
2233 3401 2497 3454 auxilium
2540 3415 2687 3454 tuum
2738 3418 2769 3456 a
2825 3418 2924 3468 me,
2962 3402 3066 3455 hoc
3105 3411 3189 3456 est
3233 3398 3434 3469 populo

1867 3488 2114 3554 Judaico,
2144 3485 2234 3544 sed
2279 3493 2599 3561 complaceat
2641 3493 2736 3546 tibi
2782 3495 2836 3546 in
2887 3493 3153 3546 auxilium
3196 3500 3434 3544 nostrum

1868 3583 2060 3635 venire.
2094 3581 2336 3636 Possunt
2367 3583 2533 3637 etiam
2581 3583 2695 3638 haec
2735 3583 2843 3638 dici
2885 3599 2952 3636 ex
2982 3595 3216 3651 persona
3263 3579 3435 3649 ipsius

1869 3671 2111 3740 Domini,
2149 3673 2242 3743 qui
2271 3673 2580 3742 exemplum
2607 3674 2764 3729 nobis
2795 3673 3025 3744 praebuit
3051 3672 3138 3727 his
3170 3670 3436 3726 sermoni-

1871 3763 1973 3819 bus
2002 3765 2189 3820 utendi
2225 3776 2466 3835 tempore
2489 3766 2759 3836 martyrii.

1937 3941 2124 3996 41-45.
2183 3941 2302 4013 lpse
2332 3960 2480 3999 nunc
2523 3952 2826 4008 orat,~cum
2859 3942 3004 3998 Deus
3061 3941 3154 4006 sit,
3199 3946 3260 3993 ut
3297 3937 3438 3992 libe-

1871 4042 2023 4089 retur
2054 4049 2086 4089 a
2110 4035 2328 4091 diabolo
2361 4055 2375 4091 :
2419 4052 2488 4092 ne
2521 4046 2577 4091 tu
2613 4051 2738 4092 cum
2766 4037 2843 4091 sis
2868 4036 3056 4100 homo,
3105 4031 3440 4102 negligenter

1871 4140 2023 4196 agas.

1939 4216 2029 4272 44.
2083 4217 2266 4273 Cornu
2297 4219 2578 4274 unicornis
2619 4219 2888 4274 elevatum
2937 4227 3041 4284 est,
3092 4227 3145 4271 et
3194 4212 3441 4270 mortife-

1874 4326 1994 4366 rum
2029 4329 2042 4365 :
2078 4309 2144 4366 de
2173 4311 2335 4385 corde
2358 4312 2522 4383 igitur
2553 4311 2859 4366 Iudaeorum
2888 4311 3079 4365 doloso
3117 4319 3170 4363 et
3207 4306 3442 4377 superbo

1872 4402 2044 4548 101:}
2049 4417 2310 4560 υἱέοραίο,
2338 4487 2537 4557 inquit,
2567 4487 2796 4539 narrabo
2821 4502 3008 4540 nomen
3039 4494 3221 4552 tuum;
3250 4499 3442 4556 quem-

196 4607 320 4646 σου
343 4608 358 4622 ⁸
408 4591 484 4654 ὡς
520 4591 738 4663 εἴρηκεν
775 4593 832 4644 ὲν
881 4591 1231 4664 Εὑαγγελίῳο
1275 4591 1660 4660 Ἐφανέρωσα
1703 4593 1771 4647 τὸ
1804 4644 1822 4664 ,

1910 4581 2170 4638 dmodum
2199 4578 2338 4632 dixit
2372 4578 2427 4631 in
2473 4575 2767 4646 Evangelia
2802 4594 2816 4630 ε
2860 4575 3200 4647 Manifestavi
3255 4591 3450 4631 nomen.

197 4681 392 4753 ὄνομά
419 4698 537 4737 σου
567 4682 692 4748 τοῖς
722 4682 1071 4752 ἀνθρώποις.

271 4776 365 4830 46.
394 4777 470 4846 (8)
502 4776 640 4848 Περὶ
669 4774 778 4829 τῶν
807 4773 978 4844 ἁγίων
1005 4775 1171 4842 λέγει.

272 4866 365 4920 47.
398 4867 473 4938 (9)
507 4867 647 4929 Τοὺς
671 4865 894 4928 πιστοὺς
926 4863 1092 4932 λέγει.

276 5046 537 5103 “Matth.
573 5061 744 5111 xxvu,
770 5044 862 5101 42.
939 5043 983 5076 ⁸⁸
1015 5040 1172 5098 Joan.
1208 5056 1342 5106 xm,
1373 5039 1424 5095 6.

1881 4686 2030 4728 tuum
2057 4670 2351 4725 hominibus
2381 4669 2444 4720 ⁵⁸.

1946 4765 2037 4820 46.
2093 4762 2170 4817 De
2202 4763 2407 4817 sanctis
2450 4761 2712 4832 loquitur.

1950 4855 2040 4911 47.
2087 4853 2298 4909 Fideles
2323 4853 2614 4926 signiﬁcat.

1167 5246 1474 5310 Addenda
1504 5250 1564 5309 et
1592 5243 1964 5324 corrigenda
1997 5259 2073 5305 ex
2113 5258 2252 5304 cou.
2283 5243 2486 5304 Vatic.

305 5443 354 5498 Ι)
399 5443 541 5496 Ἐπι.

305 5445 327 5498 Ι
399 5445 541 5496 Ἐπι.

273 5445 358 5583 (2)
389 5511 566 5565 Αὑτοῦ
599 5511 894 5582 προσάγειν
917 5510 1037 5564 αὑτ.

299 5583 359 5652 5)
393 5583 546 5652 Οὐχί.

300 5649 352 5712 4)
397 5652 456 5708 ’0
472 5649 672 5704 ταῦτα.

279 5719 362 5794 (5)
395 5719 719 5778 Εὑδόκησον.

1951 5430 2026 5498 (6)
2063 5429 2121 5500 ξΑ
2131 5430 2328 5500 μελεῖς.

1949 5501 2026 5569 (7)
2060 5498 2271 5554 Ιηεοά.
2300 5516 2354 5553 n.
2387 5498 2475 5569 45,
2509 5499 2599 5554 46.

1973 5568 2027 5629 8)
2063 5569 2119 5623 ln
2150 5569 2269 5625 cod.
2302 5585 2355 5622 n.
2382 5568 2470 5622 47.

1973 5571 2027 5629 8)
2064 5571 2119 5623 In
2150 5571 2269 5625 cod.
2302 5585 2355 5622 n.
2382 5571 2461 5622 47.

1950 5571 2026 5711 (9)
2051 5639 2108 5694 ln
2139 5639 2259 5696 eoi.
2290 5654 2344 5693 n.
2377 5636 2461 5694 48.
