  <div class='ocr_page' id='page_1' title='image "/cluster/home/n/w/nwhite01/storage/ocr_20150623/27/hvd.32044014174452/394.png"; bbox 0 0 3776 6272; ppageno 0'>
   <div class='ocr_carea' id='block_1_1' title="bbox 123 299 3362 362">
    <p class='ocr_par' dir='ltr' id='par_1_1' title="bbox 123 299 3362 362">
     <span class='ocr_line' id='line_1_1' title="bbox 123 299 3362 362; baseline -0.001 -4"><span class='ocrx_word' id='word_1_1' title='bbox 123 299 216 358; x_wconf 66' lang='grc' dir='ltr'>τεο</span> <span class='ocrx_word' id='word_1_2' title='bbox 1033 300 1121 356; x_wconf 83' lang='lat' dir='ltr'><strong>DE</strong></span> <span class='ocrx_word' id='word_1_3' title='bbox 1163 301 1440 358; x_wconf 77' lang='lat' dir='ltr'><strong>TITUIJS</strong></span> <span class='ocrx_word' id='word_1_4' title='bbox 1481 302 1933 360; x_wconf 76' lang='lat' dir='ltr'><strong>PSALMOBUM.</strong></span> <span class='ocrx_word' id='word_1_5' title='bbox 1979 336 2040 346; x_wconf 93' lang='lat'><strong><em>—</em></strong></span> <span class='ocrx_word' id='word_1_6' title='bbox 2084 304 2280 362; x_wconf 82' lang='lat' dir='ltr'><strong>PSAL.</strong></span> <span class='ocrx_word' id='word_1_7' title='bbox 2319 303 2487 361; x_wconf 80' lang='lat' dir='ltr'><strong>XXII.</strong></span> <span class='ocrx_word' id='word_1_8' title='bbox 3259 303 3362 355; x_wconf 69' lang='grc' dir='ltr'>τεο</span> 
     </span>
    </p>
   </div>
   <div class='ocr_carea' id='block_1_2' title="bbox 185 415 1676 494">
    <p class='ocr_par' dir='ltr' id='par_1_2' title="bbox 185 417 1676 492">
     <span class='ocr_line' id='line_1_2' title="bbox 185 417 1676 492; baseline 0.001 -18"><span class='ocrx_word' id='word_1_9' title='bbox 185 417 272 474; x_wconf 81' lang='lat' dir='ltr'><strong>6i.</strong></span> <span class='ocrx_word' id='word_1_10' title='bbox 306 417 572 473; x_wconf 80' lang='grc' dir='ltr'><strong>Ἑνώπιον</strong></span> <span class='ocrx_word' id='word_1_11' title='bbox 596 419 761 475; x_wconf 76' lang='grc' dir='ltr'>αὐτοῦ</span> <span class='ocrx_word' id='word_1_12' title='bbox 790 419 1191 492; x_wconf 85' lang='grc' dir='ltr'>προπεσοῦνται</span> <span class='ocrx_word' id='word_1_13' title='bbox 1217 421 1417 484; x_wconf 76' lang='grc' dir='ltr'>πάντες</span> <span class='ocrx_word' id='word_1_14' title='bbox 1445 423 1495 474; x_wconf 89' lang='lat' dir='ltr'><strong>ot</strong></span> <span class='ocrx_word' id='word_1_15' title='bbox 1523 438 1676 476; x_wconf 82' lang='grc' dir='ltr'>κατα-</span> 
     </span>
    </p>
   </div>
   <div class='ocr_carea' id='block_1_3' title="bbox 1872 415 3363 494">
    <p class='ocr_par' dir='ltr' id='par_1_3' title="bbox 1872 415 3363 492">
     <span class='ocr_line' id='line_1_3' title="bbox 1872 415 3363 492; baseline -0.003 -16"><span class='ocrx_word' id='word_1_16' title='bbox 1872 422 1948 476; x_wconf 81' lang='grc'>64.</span> <span class='ocrx_word' id='word_1_17' title='bbox 1987 423 2040 475; x_wconf 92' lang='lat' dir='ltr'><strong>In</strong></span> <span class='ocrx_word' id='word_1_18' title='bbox 2071 431 2370 492; x_wconf 88' lang='lat' dir='ltr'><strong>conspectu</strong></span> <span class='ocrx_word' id='word_1_19' title='bbox 2398 421 2520 492; x_wconf 84' lang='lat' dir='ltr'><strong>ejus</strong></span> <span class='ocrx_word' id='word_1_20' title='bbox 2547 418 2738 476; x_wconf 81' lang='lat' dir='ltr'><strong>cadent</strong></span> <span class='ocrx_word' id='word_1_21' title='bbox 2759 419 2986 480; x_wconf 90' lang='lat' dir='ltr'><strong>&#39;omnes,</strong></span> <span class='ocrx_word' id='word_1_22' title='bbox 3014 415 3110 472; x_wconf 81' lang='lat' dir='ltr'><strong>oui</strong></span> <span class='ocrx_word' id='word_1_23' title='bbox 3133 419 3363 471; x_wconf 88' lang='lat' dir='ltr'><strong>descen-</strong></span> 
     </span>
    </p>
   </div>
   <div class='ocr_carea' id='block_1_4' title="bbox 125 510 1616 580">
    <p class='ocr_par' dir='ltr' id='par_1_4' title="bbox 125 510 658 580">
     <span class='ocr_line' id='line_1_4' title="bbox 125 510 658 580; baseline -0.002 -16"><span class='ocrx_word' id='word_1_24' title='bbox 125 510 394 576; x_wconf 81' lang='grc' dir='ltr'>ϐαίνοντες</span> <span class='ocrx_word' id='word_1_25' title='bbox 424 514 504 571; x_wconf 81' lang='grc' dir='ltr'>εἰς</span> <span class='ocrx_word' id='word_1_26' title='bbox 534 512 658 580; x_wconf 73' lang='grc' dir='ltr'>γῆν.</span> 
     </span>
    </p>
   </div>
   <div class='ocr_carea' id='block_1_5' title="bbox 776 510 2267 580">
    <p class='ocr_par' dir='ltr' id='par_1_5' title="bbox 1797 511 2267 568">
     <span class='ocr_line' id='line_1_5' title="bbox 1797 511 2267 568; baseline -0.002 -1"><span class='ocrx_word' id='word_1_27' title='bbox 1797 511 1934 568; x_wconf 88' lang='lat' dir='ltr'><strong>dunt</strong></span> <span class='ocrx_word' id='word_1_28' title='bbox 1959 513 2012 565; x_wconf 91' lang='lat' dir='ltr'><strong>in</strong></span> <span class='ocrx_word' id='word_1_29' title='bbox 2044 523 2267 566; x_wconf 88' lang='lat' dir='ltr'><strong>terram.</strong></span> 
     </span>
    </p>
   </div>
   <div class='ocr_carea' id='block_1_6' title="bbox 187 599 1678 676">
    <p class='ocr_par' dir='ltr' id='par_1_6' title="bbox 187 603 1095 676">
     <span class='ocr_line' id='line_1_6' title="bbox 187 603 1095 676; baseline 0.008 -20"><span class='ocrx_word' id='word_1_30' title='bbox 187 603 274 657; x_wconf 80' lang='lat'><strong>65.</strong></span> <span class='ocrx_word' id='word_1_31' title='bbox 306 604 422 656; x_wconf 72' lang='lat' dir='ltr'><strong>Kal.</strong></span> <span class='ocrx_word' id='word_1_32' title='bbox 448 605 482 674; x_wconf 75' lang='grc' dir='ltr'>ἡ</span> <span class='ocrx_word' id='word_1_33' title='bbox 509 603 656 675; x_wconf 81' lang='grc' dir='ltr'>ψυχή</span> <span class='ocrx_word' id='word_1_34' title='bbox 694 623 794 676; x_wconf 86' lang='grc' dir='ltr'>μου</span> <span class='ocrx_word' id='word_1_35' title='bbox 821 604 968 675; x_wconf 71' lang='grc' dir='ltr'>αὐτῷ</span> <span class='ocrx_word' id='word_1_36' title='bbox 994 604 1059 676; x_wconf 78' lang='grc' dir='ltr'><strong>ζῇ</strong></span> <span class='ocrx_word' id='word_1_37' title='bbox 1080 643 1095 668; x_wconf 86' lang='grc'><em>,</em></span> 
     </span>
    </p>
   </div>
   <div class='ocr_carea' id='block_1_7' title="bbox 1206 599 2697 676">
    <p class='ocr_par' dir='ltr' id='par_1_7' title="bbox 1864 599 2697 666">
     <span class='ocr_line' id='line_1_7' title="bbox 1864 599 2697 666; baseline -0.001 -12"><span class='ocrx_word' id='word_1_38' title='bbox 1864 603 1952 655; x_wconf 85' lang='grc'>65.</span> <span class='ocrx_word' id='word_1_39' title='bbox 1989 600 2054 654; x_wconf 88' lang='grc' dir='ltr'>Ει</span> <span class='ocrx_word' id='word_1_40' title='bbox 2077 603 2259 655; x_wconf 86' lang='lat' dir='ltr'><strong>anima</strong></span> <span class='ocrx_word' id='word_1_41' title='bbox 2296 617 2414 656; x_wconf 91' lang='lat' dir='ltr'><strong>mea</strong></span> <span class='ocrx_word' id='word_1_42' title='bbox 2447 600 2523 655; x_wconf 87' lang='lat' dir='ltr'><strong>illi</strong></span> <span class='ocrx_word' id='word_1_43' title='bbox 2547 599 2697 666; x_wconf 91' lang='lat' dir='ltr'><strong>vivit,</strong></span> 
     </span>
    </p>
   </div>
   <div class='ocr_carea' id='block_1_8' title="bbox 185 689 1676 766">
    <p class='ocr_par' dir='ltr' id='par_1_8' title="bbox 185 691 1401 766">
     <span class='ocr_line' id='line_1_8' title="bbox 185 691 1401 766; baseline 0 -18"><span class='ocrx_word' id='word_1_44' title='bbox 185 691 270 748; x_wconf 82' lang='lat'><strong>66.</strong></span> <span class='ocrx_word' id='word_1_45' title='bbox 306 696 418 748; x_wconf 76' lang='grc' dir='ltr'>Καὶ</span> <span class='ocrx_word' id='word_1_46' title='bbox 443 694 503 747; x_wconf 83' lang='grc' dir='ltr'>τὸ</span> <span class='ocrx_word' id='word_1_47' title='bbox 540 696 758 766; x_wconf 78' lang='grc' dir='ltr'>σπέρμα</span> <span class='ocrx_word' id='word_1_48' title='bbox 795 714 894 766; x_wconf 88' lang='grc' dir='ltr'>μου</span> <span class='ocrx_word' id='word_1_49' title='bbox 928 696 1202 750; x_wconf 78' lang='grc' dir='ltr'><strong>δουλεύσει</strong></span> <span class='ocrx_word' id='word_1_50' title='bbox 1233 696 1401 766; x_wconf 70' lang='grc' dir='ltr'>αὐτῷ.</span> 
     </span>
    </p>
   </div>
   <div class='ocr_carea' id='block_1_9' title="bbox 1376 689 2867 766">
    <p class='ocr_par' dir='ltr' id='par_1_9' title="bbox 1376 689 2867 761">
     <span class='ocr_line' id='line_1_9' title="bbox 1376 689 2867 761; baseline -0.003 -12"><span class='ocrx_word' id='word_1_51' title='bbox 1376 719 1401 749; x_wconf 77' lang='grc' dir='ltr'>ι.</span> <span class='ocrx_word' id='word_1_52' title='bbox 1868 693 1956 748; x_wconf 90' lang='grc'><strong>66.</strong></span> <span class='ocrx_word' id='word_1_53' title='bbox 1989 693 2056 748; x_wconf 85' lang='grc' dir='ltr'><strong>Ει</strong></span> <span class='ocrx_word' id='word_1_54' title='bbox 2081 709 2267 749; x_wconf 87' lang='lat' dir='ltr'><strong>semen</strong></span> <span class='ocrx_word' id='word_1_55' title='bbox 2297 709 2478 748; x_wconf 90' lang='lat' dir='ltr'><strong>meum</strong></span> <span class='ocrx_word' id='word_1_56' title='bbox 2505 693 2706 748; x_wconf 78' lang='lat' dir='ltr'><strong>serviet</strong></span> <span class='ocrx_word' id='word_1_57' title='bbox 2733 689 2867 761; x_wconf 84' lang='lat' dir='ltr'><strong>ipsi.|</strong></span> 
     </span>
    </p>
   </div>
   <div class='ocr_carea' id='block_1_10' title="bbox 184 782 1675 860">
    <p class='ocr_par' dir='ltr' id='par_1_10' title="bbox 184 785 1660 860">
     <span class='ocr_line' id='line_1_10' title="bbox 184 785 1660 860; baseline 0.003 -21"><span class='ocrx_word' id='word_1_58' title='bbox 184 785 272 840; x_wconf 69' lang='lat'><strong>07.</strong></span> <span class='ocrx_word' id='word_1_59' title='bbox 321 786 781 858; x_wconf 84' lang='grc' dir='ltr'>Ἀναγγελὴσεται</span> <span class='ocrx_word' id='word_1_60' title='bbox 814 787 890 858; x_wconf 83' lang='grc' dir='ltr'>τῷ</span> <span class='ocrx_word' id='word_1_61' title='bbox 921 788 1104 859; x_wconf 72' lang='grc' dir='ltr'>Κυρίῳ</span> <span class='ocrx_word' id='word_1_62' title='bbox 1137 788 1300 857; x_wconf 83' lang='grc' dir='ltr'>γενεὰ</span> <span class='ocrx_word' id='word_1_63' title='bbox 1328 791 1360 859; x_wconf 85' lang='grc' dir='ltr'><strong>ή</strong></span> <span class='ocrx_word' id='word_1_64' title='bbox 1395 788 1660 860; x_wconf 78' lang='grc' dir='ltr'><strong>ἐρχομένη</strong></span> 
     </span>
    </p>
   </div>
   <div class='ocr_carea' id='block_1_11' title="bbox 1781 782 3272 860">
    <p class='ocr_par' dir='ltr' id='par_1_11' title="bbox 1867 782 3272 856">
     <span class='ocr_line' id='line_1_11' title="bbox 1867 782 3272 856; baseline -0.004 -16"><span class='ocrx_word' id='word_1_65' title='bbox 1867 785 1958 842; x_wconf 83' lang='lat'><strong>67.</strong></span> <span class='ocrx_word' id='word_1_66' title='bbox 1990 786 2419 840; x_wconf 83' lang='lat' dir='ltr'><strong>Annuntiabitur</strong></span> <span class='ocrx_word' id='word_1_67' title='bbox 2445 785 2678 840; x_wconf 87' lang='lat' dir='ltr'><strong>Domino</strong></span> <span class='ocrx_word' id='word_1_68' title='bbox 2705 782 2981 856; x_wconf 83' lang='lat' dir='ltr'><strong>generatio</strong></span> <span class='ocrx_word' id='word_1_69' title='bbox 3007 789 3272 836; x_wconf 88' lang='lat' dir='ltr'><strong>ventura:</strong></span> 
     </span>
    </p>
   </div>
   <div class='ocr_carea' id='block_1_12' title="bbox 185 873 1676 950">
    <p class='ocr_par' dir='ltr' id='par_1_12' title="bbox 185 878 1484 950">
     <span class='ocr_line' id='line_1_12' title="bbox 185 878 1484 950; baseline 0 -18"><span class='ocrx_word' id='word_1_70' title='bbox 185 878 271 932; x_wconf 85' lang='lat'><strong>68.</strong></span> <span class='ocrx_word' id='word_1_71' title='bbox 302 879 414 932; x_wconf 78' lang='grc' dir='ltr'>Καὶ</span> <span class='ocrx_word' id='word_1_72' title='bbox 444 878 803 947; x_wconf 78' lang='grc' dir='ltr'>άναγγελοῦσι</span> <span class='ocrx_word' id='word_1_73' title='bbox 829 878 927 950; x_wconf 86' lang='grc' dir='ltr'><strong>τὴν</strong></span> <span class='ocrx_word' id='word_1_74' title='bbox 947 879 1292 950; x_wconf 72' lang='grc' dir='ltr'>δικαιοσύνην</span> <span class='ocrx_word' id='word_1_75' title='bbox 1319 879 1484 932; x_wconf 80' lang='grc' dir='ltr'>αὑτοῦ</span> 
     </span>
    </p>
   </div>
   <div class='ocr_carea' id='block_1_13' title="bbox 1439 873 2930 950">
    <p class='ocr_par' dir='ltr' id='par_1_13' title="bbox 1439 873 2930 944">
     <span class='ocr_line' id='line_1_13' title="bbox 1439 873 2930 944; baseline -0.003 -12"><span class='ocrx_word' id='word_1_76' title='bbox 1439 879 1484 932; x_wconf 83' lang='grc' dir='ltr'><strong>›ὖ</strong></span> <span class='ocrx_word' id='word_1_77' title='bbox 1867 874 1957 929; x_wconf 89' lang='grc'><strong>68.</strong></span> <span class='ocrx_word' id='word_1_78' title='bbox 1986 874 2053 929; x_wconf 85' lang='grc' dir='ltr'>Ει</span> <span class='ocrx_word' id='word_1_79' title='bbox 2081 875 2491 930; x_wconf 86' lang='lat' dir='ltr'><strong>annuntiabunt</strong></span> <span class='ocrx_word' id='word_1_80' title='bbox 2515 874 2785 944; x_wconf 85' lang='lat' dir='ltr'><strong>justitiam</strong></span> <span class='ocrx_word' id='word_1_81' title='bbox 2810 873 2930 942; x_wconf 85' lang='lat' dir='ltr'><strong>ejus</strong></span> 
     </span>
    </p>
   </div>
   <div class='ocr_carea' id='block_1_14' title="bbox 185 959 1676 1043">
    <p class='ocr_par' dir='ltr' id='par_1_14' title="bbox 185 968 1676 1043">
     <span class='ocr_line' id='line_1_14' title="bbox 185 968 1676 1043; baseline -0.004 -17"><span class='ocrx_word' id='word_1_82' title='bbox 185 968 272 1026; x_wconf 83' lang='lat'><strong>69.</strong></span> <span class='ocrx_word' id='word_1_83' title='bbox 302 968 440 1040; x_wconf 83' lang='grc' dir='ltr'><strong>Λαῷ</strong></span> <span class='ocrx_word' id='word_1_84' title='bbox 461 969 540 1040; x_wconf 81' lang='grc' dir='ltr'>τῷ</span> <span class='ocrx_word' id='word_1_85' title='bbox 564 968 948 1040; x_wconf 79' lang='grc' dir='ltr'><strong>τεχθησομένῳ</strong></span> <span class='ocrx_word' id='word_1_86' title='bbox 974 1009 988 1032; x_wconf 84' lang='grc'><em>,</em></span> <span class='ocrx_word' id='word_1_87' title='bbox 1017 969 1075 1024; x_wconf 85' lang='grc' dir='ltr'><strong>ὃν</strong></span> <span class='ocrx_word' id='word_1_88' title='bbox 1117 969 1371 1039; x_wconf 82' lang='grc' dir='ltr'>ἐποίησεν</span> <span class='ocrx_word' id='word_1_89' title='bbox 1411 972 1440 1024; x_wconf 87' lang='grc' dir='ltr'><strong>ὁ</strong></span> <span class='ocrx_word' id='word_1_90' title='bbox 1469 969 1676 1043; x_wconf 79' lang='grc' dir='ltr'><strong>Κύριος</strong></span> 
     </span>
    </p>
   </div>
   <div class='ocr_carea' id='block_1_15' title="bbox 1870 959 3361 1043">
    <p class='ocr_par' dir='ltr' id='par_1_15' title="bbox 1870 959 3361 1037">
     <span class='ocr_line' id='line_1_15' title="bbox 1870 959 3361 1037; baseline -0.003 -17"><span class='ocrx_word' id='word_1_91' title='bbox 1870 966 1954 1023; x_wconf 89' lang='grc'><strong>69.</strong></span> <span class='ocrx_word' id='word_1_92' title='bbox 1989 965 2226 1037; x_wconf 85' lang='lat' dir='ltr'><strong>Populo,</strong></span> <span class='ocrx_word' id='word_1_93' title='bbox 2260 967 2352 1037; x_wconf 89' lang='lat' dir='ltr'><strong>qui</strong></span> <span class='ocrx_word' id='word_1_94' title='bbox 2396 975 2682 1028; x_wconf 88' lang='lat' dir='ltr'><strong>nascetur,</strong></span> <span class='ocrx_word' id='word_1_95' title='bbox 2717 979 2878 1035; x_wconf 87' lang='lat' dir='ltr'><strong>quem</strong></span> <span class='ocrx_word' id='word_1_96' title='bbox 2924 961 3051 1018; x_wconf 78' lang='lat' dir='ltr'><strong>fecit.</strong></span> <span class='ocrx_word' id='word_1_97' title='bbox 3079 959 3361 1019; x_wconf 71' lang='lat' dir='ltr'><strong>Dominus.</strong></span> 
     </span>
    </p>
   </div>
   <div class='ocr_carea' id='block_1_16' title="bbox 440 1053 1931 1136">
    <p class='ocr_par' dir='ltr' id='par_1_16' title="bbox 440 1059 1375 1136">
     <span class='ocr_line' id='line_1_16' title="bbox 440 1059 1375 1136; baseline 0.001 -20"><span class='ocrx_word' id='word_1_98' title='bbox 440 1061 688 1130; x_wconf 74' lang='grc' dir='ltr'>Ψαλμὸς</span> <span class='ocrx_word' id='word_1_99' title='bbox 709 1059 789 1126; x_wconf 80' lang='grc' dir='ltr'><strong>τῷ</strong></span> <span class='ocrx_word' id='word_1_100' title='bbox 804 1059 1010 1136; x_wconf 46' lang='lat' dir='ltr'><strong>pasta.</strong></span> <span class='ocrx_word' id='word_1_101' title='bbox 1040 1064 1211 1116; x_wconf 82' lang='grc' dir='ltr'><strong>ΨΑΛ.</strong></span> <span class='ocrx_word' id='word_1_102' title='bbox 1243 1065 1375 1117; x_wconf 85' lang='lat' dir='ltr'><strong>KB&#39;.</strong></span> 
     </span>
    </p>
   </div>
   <div class='ocr_carea' id='block_1_17' title="bbox 1552 1053 3043 1136">
    <p class='ocr_par' dir='ltr' id='par_1_17' title="bbox 2115 1053 3043 1114">
     <span class='ocr_line' id='line_1_17' title="bbox 2115 1053 3043 1114; baseline -0.002 0"><span class='ocrx_word' id='word_1_103' title='bbox 2115 1059 2362 1114; x_wconf 72' lang='lat' dir='ltr'><strong>Psalmut</strong></span> <span class='ocrx_word' id='word_1_104' title='bbox 2391 1059 2580 1114; x_wconf 79' lang='lat' dir='ltr'><strong>David.</strong></span> <span class='ocrx_word' id='word_1_105' title='bbox 2617 1057 2824 1114; x_wconf 86' lang='lat' dir='ltr'><strong>PSAL.</strong></span> <span class='ocrx_word' id='word_1_106' title='bbox 2848 1053 3043 1112; x_wconf 77' lang='lat' dir='ltr'><strong><em>XXII.</em></strong></span> 
     </span>
    </p>
   </div>
   <div class='ocr_carea' id='block_1_18' title="bbox 186 1147 1677 1227">
    <p class='ocr_par' dir='ltr' id='par_1_18' title="bbox 186 1149 1659 1227">
     <span class='ocr_line' id='line_1_18' title="bbox 186 1149 1659 1227; baseline 0.003 -21"><span class='ocrx_word' id='word_1_107' title='bbox 186 1150 236 1206; x_wconf 76' lang='lat' dir='ltr'><strong>I.</strong></span> <span class='ocrx_word' id='word_1_108' title='bbox 272 1149 485 1223; x_wconf 81' lang='grc' dir='ltr'><strong>Κύριος</strong></span> <span class='ocrx_word' id='word_1_109' title='bbox 515 1151 790 1222; x_wconf 77' lang='grc' dir='ltr'><strong>ποιμαίνει</strong></span> <span class='ocrx_word' id='word_1_110' title='bbox 829 1171 896 1224; x_wconf 88' lang='grc' dir='ltr'>με</span> <span class='ocrx_word' id='word_1_111' title='bbox 917 1193 932 1216; x_wconf 90' lang='lat'><strong>,</strong></span> <span class='ocrx_word' id='word_1_112' title='bbox 968 1154 1062 1208; x_wconf 71' lang='grc' dir='ltr'><strong>καὶ</strong></span> <span class='ocrx_word' id='word_1_113' title='bbox 1087 1153 1237 1208; x_wconf 78' lang='grc' dir='ltr'>οὐδέν</span> <span class='ocrx_word' id='word_1_114' title='bbox 1265 1172 1332 1224; x_wconf 89' lang='grc' dir='ltr'>με</span> <span class='ocrx_word' id='word_1_115' title='bbox 1371 1155 1659 1227; x_wconf 73' lang='grc' dir='ltr'>ὑπερήσει</span> 
     </span>
    </p>
   </div>
   <div class='ocr_carea' id='block_1_19' title="bbox 1718 1147 3209 1227">
    <p class='ocr_par' dir='ltr' id='par_1_19' title="bbox 1864 1147 3209 1222">
     <span class='ocr_line' id='line_1_19' title="bbox 1864 1147 3209 1222; baseline -0.004 -17"><span class='ocrx_word' id='word_1_116' title='bbox 1864 1151 1917 1205; x_wconf 77' lang='lat' dir='ltr'><strong>l.</strong></span> <span class='ocrx_word' id='word_1_117' title='bbox 1949 1149 2218 1208; x_wconf 81' lang='lat' dir='ltr'><strong>Dominus</strong></span> <span class='ocrx_word' id='word_1_118' title='bbox 2244 1151 2422 1222; x_wconf 87' lang='lat' dir='ltr'><strong>pascit</strong></span> <span class='ocrx_word' id='word_1_119' title='bbox 2450 1166 2558 1216; x_wconf 89' lang='lat' dir='ltr'><strong>me,</strong></span> <span class='ocrx_word' id='word_1_120' title='bbox 2589 1160 2644 1206; x_wconf 93' lang='lat' dir='ltr'><strong>et</strong></span> <span class='ocrx_word' id='word_1_121' title='bbox 2675 1150 2808 1204; x_wconf 88' lang='lat' dir='ltr'><strong>nihil</strong></span> <span class='ocrx_word' id='word_1_122' title='bbox 2831 1149 2964 1203; x_wconf 84' lang='lat' dir='ltr'><strong>mihi</strong></span> <span class='ocrx_word' id='word_1_123' title='bbox 2994 1147 3169 1204; x_wconf 83' lang='lat' dir='ltr'><strong>deerit</strong></span> <span class='ocrx_word' id='word_1_124' title='bbox 3195 1185 3209 1200; x_wconf 95' lang='lat'><strong>.</strong></span> 
     </span>
    </p>
   </div>
   <div class='ocr_carea' id='block_1_20' title="bbox 183 1241 1674 1314">
    <p class='ocr_par' dir='ltr' id='par_1_20' title="bbox 183 1243 1468 1314">
     <span class='ocr_line' id='line_1_20' title="bbox 183 1243 1468 1314; baseline 0.002 -18"><span class='ocrx_word' id='word_1_125' title='bbox 183 1243 235 1296; x_wconf 72' lang='grc'>2.</span> <span class='ocrx_word' id='word_1_126' title='bbox 267 1243 367 1306; x_wconf 67' lang='lat' dir='ltr'><strong>Et;</strong></span> <span class='ocrx_word' id='word_1_127' title='bbox 396 1243 564 1297; x_wconf 82' lang='grc' dir='ltr'>τόπον</span> <span class='ocrx_word' id='word_1_128' title='bbox 589 1243 752 1313; x_wconf 76' lang='grc' dir='ltr'><strong>χλόης</strong></span> <span class='ocrx_word' id='word_1_129' title='bbox 781 1245 898 1297; x_wconf 76' lang='grc' dir='ltr'>ἐκεῖ</span> <span class='ocrx_word' id='word_1_130' title='bbox 927 1260 994 1314; x_wconf 88' lang='grc' dir='ltr'>με</span> <span class='ocrx_word' id='word_1_131' title='bbox 1026 1246 1468 1314; x_wconf 84' lang='grc' dir='ltr'><strong>κατεσκήνωσεν·</strong></span> 
     </span>
    </p>
   </div>
   <div class='ocr_carea' id='block_1_21' title="bbox 1504 1241 2995 1314">
    <p class='ocr_par' dir='ltr' id='par_1_21' title="bbox 1860 1241 2995 1314">
     <span class='ocr_line' id='line_1_21' title="bbox 1860 1241 2995 1314; baseline -0.004 -16"><span class='ocrx_word' id='word_1_132' title='bbox 1860 1243 1916 1299; x_wconf 79' lang='grc'>2.</span> <span class='ocrx_word' id='word_1_133' title='bbox 1950 1243 2007 1298; x_wconf 91' lang='lat' dir='ltr'><strong>ln</strong></span> <span class='ocrx_word' id='word_1_134' title='bbox 2042 1245 2162 1301; x_wconf 85' lang='lat' dir='ltr'><strong>loco</strong></span> <span class='ocrx_word' id='word_1_135' title='bbox 2197 1259 2414 1314; x_wconf 70' lang='lat' dir='ltr'><strong>pascua:</strong></span> <span class='ocrx_word' id='word_1_136' title='bbox 2448 1244 2522 1299; x_wconf 92' lang='lat' dir='ltr'><strong>ibi</strong></span> <span class='ocrx_word' id='word_1_137' title='bbox 2553 1259 2640 1298; x_wconf 90' lang='lat' dir='ltr'><strong>me</strong></span> <span class='ocrx_word' id='word_1_138' title='bbox 2665 1241 2953 1299; x_wconf 85' lang='lat' dir='ltr'><strong>collocavit</strong></span> <span class='ocrx_word' id='word_1_139' title='bbox 2983 1259 2995 1295; x_wconf 88' lang='lat'><strong>:</strong></span> 
     </span>
    </p>
   </div>
   <div class='ocr_carea' id='block_1_22' title="bbox 183 1333 1674 1410">
    <p class='ocr_par' dir='ltr' id='par_1_22' title="bbox 183 1333 1432 1410">
     <span class='ocr_line' id='line_1_22' title="bbox 183 1333 1432 1410; baseline 0.003 -21"><span class='ocrx_word' id='word_1_140' title='bbox 183 1334 234 1389; x_wconf 76' lang='grc'>3.</span> <span class='ocrx_word' id='word_1_141' title='bbox 274 1334 406 1387; x_wconf 76' lang='grc' dir='ltr'>Ἐπὶ</span> <span class='ocrx_word' id='word_1_142' title='bbox 437 1333 632 1398; x_wconf 83' lang='grc' dir='ltr'>ὕδατος</span> <span class='ocrx_word' id='word_1_143' title='bbox 663 1335 1020 1398; x_wconf 79' lang='grc' dir='ltr'>ἀναπαύσεως</span> <span class='ocrx_word' id='word_1_144' title='bbox 1045 1335 1304 1409; x_wconf 75' lang='grc' dir='ltr'><strong>ἐξέθρεψέ</strong></span> <span class='ocrx_word' id='word_1_145' title='bbox 1343 1355 1432 1410; x_wconf 82' lang='grc' dir='ltr'>με.</span> 
     </span>
    </p>
   </div>
   <div class='ocr_carea' id='block_1_23' title="bbox 1633 1333 3124 1410">
    <p class='ocr_par' dir='ltr' id='par_1_23' title="bbox 1866 1333 3124 1406">
     <span class='ocr_line' id='line_1_23' title="bbox 1866 1333 3124 1406; baseline -0.002 -18"><span class='ocrx_word' id='word_1_146' title='bbox 1866 1335 1920 1388; x_wconf 79' lang='grc'><strong>5.</strong></span> <span class='ocrx_word' id='word_1_147' title='bbox 1957 1334 2134 1405; x_wconf 89' lang='lat' dir='ltr'><strong>Super</strong></span> <span class='ocrx_word' id='word_1_148' title='bbox 2163 1351 2360 1406; x_wconf 85' lang='lat' dir='ltr'><strong>aquam</strong></span> <span class='ocrx_word' id='word_1_149' title='bbox 2391 1335 2704 1390; x_wconf 81' lang='lat' dir='ltr'><strong>refectionis</strong></span> <span class='ocrx_word' id='word_1_150' title='bbox 2731 1333 2985 1389; x_wconf 80' lang='lat' dir='ltr'><strong>educavit</strong></span> <span class='ocrx_word' id='word_1_151' title='bbox 3018 1347 3124 1386; x_wconf 87' lang='lat' dir='ltr'><strong>me.</strong></span> 
     </span>
    </p>
   </div>
   <div class='ocr_carea' id='block_1_24' title="bbox 181 1423 1672 1498">
    <p class='ocr_par' dir='ltr' id='par_1_24' title="bbox 181 1423 1118 1498">
     <span class='ocr_line' id='line_1_24' title="bbox 181 1423 1118 1498; baseline 0.002 -19"><span class='ocrx_word' id='word_1_152' title='bbox 181 1423 234 1479; x_wconf 64' lang='grc' dir='ltr'><strong>δ.</strong></span> <span class='ocrx_word' id='word_1_153' title='bbox 267 1425 384 1494; x_wconf 79' lang='grc' dir='ltr'><strong>Τὴν</strong></span> <span class='ocrx_word' id='word_1_154' title='bbox 409 1425 589 1497; x_wconf 74' lang='grc' dir='ltr'>ψυχήν</span> <span class='ocrx_word' id='word_1_155' title='bbox 622 1443 724 1496; x_wconf 90' lang='grc' dir='ltr'>μου</span> <span class='ocrx_word' id='word_1_156' title='bbox 751 1426 1084 1498; x_wconf 75' lang='grc' dir='ltr'><strong>ἐπέστρεψεν</strong></span> <span class='ocrx_word' id='word_1_157' title='bbox 1104 1444 1118 1457; x_wconf 82' lang='lat'><strong><em>°</em></strong></span> 
     </span>
    </p>
   </div>
   <div class='ocr_carea' id='block_1_25' title="bbox 1245 1423 2736 1498">
    <p class='ocr_par' dir='ltr' id='par_1_25' title="bbox 1865 1426 2736 1482">
     <span class='ocr_line' id='line_1_25' title="bbox 1865 1426 2736 1482; baseline 0.001 -3"><span class='ocrx_word' id='word_1_158' title='bbox 1865 1426 1918 1479; x_wconf 70' lang='grc'>4.</span> <span class='ocrx_word' id='word_1_159' title='bbox 1954 1427 2203 1482; x_wconf 82' lang='lat' dir='ltr'><strong>Animam</strong></span> <span class='ocrx_word' id='word_1_160' title='bbox 2233 1441 2408 1482; x_wconf 80' lang='lat' dir='ltr'><strong>meam</strong></span> <span class='ocrx_word' id='word_1_161' title='bbox 2430 1427 2697 1482; x_wconf 75' lang='lat' dir='ltr'><strong>convertit</strong></span> <span class='ocrx_word' id='word_1_162' title='bbox 2724 1444 2736 1479; x_wconf 94' lang='lat'>:</span> 
     </span>
    </p>
   </div>
   <div class='ocr_carea' id='block_1_26' title="bbox 182 1514 1673 1591">
    <p class='ocr_par' dir='ltr' id='par_1_26' title="bbox 182 1517 1416 1591">
     <span class='ocr_line' id='line_1_26' title="bbox 182 1517 1416 1591; baseline 0.03 -44"><span class='ocrx_word' id='word_1_163' title='bbox 182 1517 232 1571; x_wconf 49' lang='lat'><strong>5.</strong></span> <span class='ocrx_word' id='word_1_164' title='bbox 281 1517 554 1589; x_wconf 69' lang='grc' dir='ltr'><strong>ἀδήγησέ</strong></span> <span class='ocrx_word' id='word_1_165' title='bbox 583 1534 650 1587; x_wconf 84' lang='grc' dir='ltr'><strong>με</strong></span> <span class='ocrx_word' id='word_1_166' title='bbox 679 1517 771 1570; x_wconf 75' lang='grc' dir='ltr'><strong>ἐπὶ</strong></span> <span class='ocrx_word' id='word_1_167' title='bbox 801 1517 1020 1588; x_wconf 87' lang='grc' dir='ltr'>τρίϐους</span> <span class='ocrx_word' id='word_1_168' title='bbox 1047 1517 1416 1591; x_wconf 73' lang='grc' dir='ltr'><strong>δικαιοσύνης.</strong></span> 
     </span>
    </p>
   </div>
   <div class='ocr_carea' id='block_1_27' title="bbox 1525 1514 3016 1591">
    <p class='ocr_par' dir='ltr' id='par_1_27' title="bbox 1860 1514 3016 1587">
     <span class='ocr_line' id='line_1_27' title="bbox 1860 1514 3016 1587; baseline -0.004 -14"><span class='ocrx_word' id='word_1_169' title='bbox 1860 1519 1914 1573; x_wconf 84' lang='grc'><strong>5.</strong></span> <span class='ocrx_word' id='word_1_170' title='bbox 1948 1517 2185 1572; x_wconf 81' lang='lat' dir='ltr'><strong>Deduxit</strong></span> <span class='ocrx_word' id='word_1_171' title='bbox 2213 1533 2298 1572; x_wconf 85' lang='lat' dir='ltr'><strong>me</strong></span> <span class='ocrx_word' id='word_1_172' title='bbox 2323 1533 2488 1587; x_wconf 87' lang='lat' dir='ltr'><strong>super</strong></span> <span class='ocrx_word' id='word_1_173' title='bbox 2516 1518 2742 1572; x_wconf 84' lang='lat' dir='ltr'><strong>semitas</strong></span> <span class='ocrx_word' id='word_1_174' title='bbox 2769 1514 3016 1586; x_wconf 68' lang='lat' dir='ltr'><strong>justitiaa,</strong></span> 
     </span>
    </p>
   </div>
   <div class='ocr_carea' id='block_1_28' title="bbox 183 1604 1674 1678">
    <p class='ocr_par' dir='ltr' id='par_1_28' title="bbox 183 1604 1131 1677">
     <span class='ocr_line' id='line_1_28' title="bbox 183 1604 1131 1677; baseline 0.003 -18"><span class='ocrx_word' id='word_1_175' title='bbox 183 1604 234 1660; x_wconf 80' lang='grc'><strong>6.</strong></span> <span class='ocrx_word' id='word_1_176' title='bbox 271 1605 503 1659; x_wconf 79' lang='grc' dir='ltr'>Ἕνεκεν</span> <span class='ocrx_word' id='word_1_177' title='bbox 531 1605 625 1660; x_wconf 88' lang='grc' dir='ltr'><strong>τοῦ</strong></span> <span class='ocrx_word' id='word_1_178' title='bbox 653 1607 914 1677; x_wconf 81' lang='grc' dir='ltr'>ὀνόματος</span> <span class='ocrx_word' id='word_1_179' title='bbox 945 1609 1131 1663; x_wconf 85' lang='grc' dir='ltr'>αὑτοῦ.</span> 
     </span>
    </p>
   </div>
   <div class='ocr_carea' id='block_1_29' title="bbox 1101 1604 2592 1678">
    <p class='ocr_par' dir='ltr' id='par_1_29' title="bbox 1101 1609 2592 1678">
     <span class='ocr_line' id='line_1_29' title="bbox 1101 1609 2592 1678; baseline 0.001 -17"><span class='ocrx_word' id='word_1_180' title='bbox 1101 1609 1131 1663; x_wconf 77' lang='grc' dir='ltr'>ἱ.</span> <span class='ocrx_word' id='word_1_181' title='bbox 1862 1609 1915 1665; x_wconf 90' lang='lat'><strong>6.</strong></span> <span class='ocrx_word' id='word_1_182' title='bbox 1945 1609 2169 1678; x_wconf 83' lang='lat' dir='ltr'><strong>Propter</strong></span> <span class='ocrx_word' id='word_1_183' title='bbox 2194 1624 2389 1662; x_wconf 87' lang='lat' dir='ltr'><strong>nomen</strong></span> <span class='ocrx_word' id='word_1_184' title='bbox 2416 1623 2592 1664; x_wconf 89' lang='lat' dir='ltr'><strong>suum.</strong></span> 
     </span>
    </p>
   </div>
   <div class='ocr_carea' id='block_1_30' title="bbox 182 1695 1673 1770">
    <p class='ocr_par' dir='ltr' id='par_1_30' title="bbox 182 1695 1669 1770">
     <span class='ocr_line' id='line_1_30' title="bbox 182 1695 1669 1770; baseline 0.003 -20"><span class='ocrx_word' id='word_1_185' title='bbox 182 1695 236 1750; x_wconf 83' lang='lat'><strong>7.</strong></span> <span class='ocrx_word' id='word_1_186' title='bbox 277 1697 406 1751; x_wconf 80' lang='grc' dir='ltr'><strong>Ἐάν</strong></span> <span class='ocrx_word' id='word_1_187' title='bbox 435 1698 545 1769; x_wconf 75' lang='grc' dir='ltr'><strong>γὰρ</strong></span> <span class='ocrx_word' id='word_1_188' title='bbox 580 1700 674 1752; x_wconf 76' lang='grc' dir='ltr'><strong>καὶ</strong></span> <span class='ocrx_word' id='word_1_189' title='bbox 699 1699 949 1769; x_wconf 85' lang='grc' dir='ltr'>πορευοῶ</span> <span class='ocrx_word' id='word_1_190' title='bbox 974 1701 1032 1752; x_wconf 85' lang='grc' dir='ltr'><strong>ὲν</strong></span> <span class='ocrx_word' id='word_1_191' title='bbox 1065 1699 1214 1770; x_wconf 80' lang='grc' dir='ltr'>μέσῳ</span> <span class='ocrx_word' id='word_1_192' title='bbox 1247 1703 1406 1765; x_wconf 81' lang='grc' dir='ltr'>σκιᾶς</span> <span class='ocrx_word' id='word_1_193' title='bbox 1438 1701 1669 1756; x_wconf 83' lang='grc' dir='ltr'>θανάτου</span> 
     </span>
    </p>
   </div>
   <div class='ocr_carea' id='block_1_31' title="bbox 1872 1695 3363 1770">
    <p class='ocr_par' dir='ltr' id='par_1_31' title="bbox 1872 1695 3363 1761">
     <span class='ocr_line' id='line_1_31' title="bbox 1872 1695 3363 1761; baseline 0.001 -11"><span class='ocrx_word' id='word_1_194' title='bbox 1872 1696 1919 1753; x_wconf 91' lang='lat'><strong>7.</strong></span> <span class='ocrx_word' id='word_1_195' title='bbox 1958 1696 2094 1752; x_wconf 87' lang='lat' dir='ltr'><strong>Nam</strong></span> <span class='ocrx_word' id='word_1_196' title='bbox 2124 1698 2225 1755; x_wconf 86' lang='lat' dir='ltr'><strong>etsi</strong></span> <span class='ocrx_word' id='word_1_197' title='bbox 2257 1698 2606 1754; x_wconf 85' lang='lat' dir='ltr'><strong>ambulavero</strong></span> <span class='ocrx_word' id='word_1_198' title='bbox 2634 1698 2687 1751; x_wconf 91' lang='lat' dir='ltr'><strong>in</strong></span> <span class='ocrx_word' id='word_1_199' title='bbox 2716 1696 2896 1752; x_wconf 86' lang='lat' dir='ltr'><strong>medio</strong></span> <span class='ocrx_word' id='word_1_200' title='bbox 2923 1695 3127 1750; x_wconf 81' lang='lat' dir='ltr'><strong>umbra:</strong></span> <span class='ocrx_word' id='word_1_201' title='bbox 3152 1696 3363 1761; x_wconf 85' lang='lat' dir='ltr'><strong>mortis.</strong></span> 
     </span>
    </p>
   </div>
   <div class='ocr_carea' id='block_1_32' title="bbox 184 1785 1675 1862">
    <p class='ocr_par' dir='ltr' id='par_1_32' title="bbox 184 1785 1553 1862">
     <span class='ocr_line' id='line_1_32' title="bbox 184 1785 1553 1862; baseline 0.002 -21"><span class='ocrx_word' id='word_1_202' title='bbox 184 1785 236 1841; x_wconf 87' lang='grc'>8.</span> <span class='ocrx_word' id='word_1_203' title='bbox 275 1787 350 1838; x_wconf 73' lang='lat'><strong>0&#39;3</strong></span> <span class='ocrx_word' id='word_1_204' title='bbox 383 1787 762 1858; x_wconf 80' lang='grc' dir='ltr'>φοϐηθήσομαι</span> <span class='ocrx_word' id='word_1_205' title='bbox 786 1788 950 1851; x_wconf 85' lang='grc' dir='ltr'>κακὰ,</span> <span class='ocrx_word' id='word_1_206' title='bbox 978 1789 1058 1842; x_wconf 81' lang='grc' dir='ltr'><strong>ὅτι</strong></span> <span class='ocrx_word' id='word_1_207' title='bbox 1091 1790 1155 1844; x_wconf 85' lang='grc' dir='ltr'><strong>σὺ</strong></span> <span class='ocrx_word' id='word_1_208' title='bbox 1181 1793 1300 1859; x_wconf 79' lang='grc' dir='ltr'>μετ’</span> <span class='ocrx_word' id='word_1_209' title='bbox 1325 1790 1460 1862; x_wconf 82' lang='grc' dir='ltr'>ἐμοῦ</span> <span class='ocrx_word' id='word_1_210' title='bbox 1486 1787 1553 1844; x_wconf 85' lang='grc' dir='ltr'>εἷ.</span> 
     </span>
    </p>
   </div>
   <div class='ocr_carea' id='block_1_33' title="bbox 1754 1785 3245 1862">
    <p class='ocr_par' dir='ltr' id='par_1_33' title="bbox 1754 1787 3245 1858">
     <span class='ocr_line' id='line_1_33' title="bbox 1754 1787 3245 1858; baseline -0.002 -14"><span class='ocrx_word' id='word_1_211' title='bbox 1754 1803 1770 1854; x_wconf 74' lang='grc' dir='ltr'>ι</span> <span class='ocrx_word' id='word_1_212' title='bbox 1870 1788 1924 1844; x_wconf 89' lang='lat'><strong>8.</strong></span> <span class='ocrx_word' id='word_1_213' title='bbox 1961 1787 2077 1843; x_wconf 86' lang='lat' dir='ltr'><strong>Non</strong></span> <span class='ocrx_word' id='word_1_214' title='bbox 2111 1789 2315 1844; x_wconf 91' lang='lat' dir='ltr'><strong>timebo</strong></span> <span class='ocrx_word' id='word_1_215' title='bbox 2340 1790 2517 1856; x_wconf 85' lang='lat' dir='ltr'><strong>mala;</strong></span> <span class='ocrx_word' id='word_1_216' title='bbox 2547 1787 2808 1858; x_wconf 86' lang='lat' dir='ltr'><strong>quoniam</strong></span> <span class='ocrx_word' id='word_1_217' title='bbox 2835 1796 2892 1842; x_wconf 92' lang='lat' dir='ltr'><strong>tu</strong></span> <span class='ocrx_word' id='word_1_218' title='bbox 2923 1802 3136 1841; x_wconf 90' lang='lat' dir='ltr'><strong>mecum</strong></span> <span class='ocrx_word' id='word_1_219' title='bbox 3164 1801 3245 1842; x_wconf 84' lang='lat' dir='ltr'><strong>es.</strong></span> 
     </span>
    </p>
   </div>
   <div class='ocr_carea' id='block_1_34' title="bbox 185 1874 1676 1951">
    <p class='ocr_par' dir='ltr' id='par_1_34' title="bbox 185 1874 1676 1951">
     <span class='ocr_line' id='line_1_34' title="bbox 185 1874 1676 1951; baseline 0.001 -20"><span class='ocrx_word' id='word_1_220' title='bbox 185 1875 238 1931; x_wconf 86' lang='lat'><strong>9.</strong></span> <span class='ocrx_word' id='word_1_221' title='bbox 280 1877 348 1928; x_wconf 77' lang='grc' dir='ltr'><strong>Ἠ</strong></span> <span class='ocrx_word' id='word_1_222' title='bbox 385 1876 581 1946; x_wconf 79' lang='grc' dir='ltr'>ῥάϐδος</span> <span class='ocrx_word' id='word_1_223' title='bbox 617 1895 710 1931; x_wconf 88' lang='grc' dir='ltr'>σου</span> <span class='ocrx_word' id='word_1_224' title='bbox 752 1879 848 1932; x_wconf 76' lang='grc' dir='ltr'><strong>καὶ</strong></span> <span class='ocrx_word' id='word_1_225' title='bbox 880 1880 912 1949; x_wconf 80' lang='grc' dir='ltr'><strong>ἡ</strong></span> <span class='ocrx_word' id='word_1_226' title='bbox 957 1877 1228 1950; x_wconf 77' lang='grc' dir='ltr'>βακτηρία</span> <span class='ocrx_word' id='word_1_227' title='bbox 1263 1897 1388 1945; x_wconf 84' lang='grc' dir='ltr'>σου,</span> <span class='ocrx_word' id='word_1_228' title='bbox 1431 1874 1593 1934; x_wconf 70' lang='grc' dir='ltr'>αὗταί</span> <span class='ocrx_word' id='word_1_229' title='bbox 1627 1899 1676 1951; x_wconf 72' lang='grc' dir='ltr'>με</span> 
     </span>
    </p>
   </div>
   <div class='ocr_carea' id='block_1_35' title="bbox 1877 1874 3368 1951">
    <p class='ocr_par' dir='ltr' id='par_1_35' title="bbox 1877 1877 3368 1950">
     <span class='ocr_line' id='line_1_35' title="bbox 1877 1877 3368 1950; baseline -0.003 -15"><span class='ocrx_word' id='word_1_230' title='bbox 1877 1880 1926 1935; x_wconf 83' lang='lat'><strong>9.</strong></span> <span class='ocrx_word' id='word_1_231' title='bbox 1957 1878 2122 1950; x_wconf 73' lang='lat' dir='ltr'><strong>Virga</strong></span> <span class='ocrx_word' id='word_1_232' title='bbox 2159 1889 2275 1944; x_wconf 87' lang='lat' dir='ltr'><strong>tua,</strong></span> <span class='ocrx_word' id='word_1_233' title='bbox 2310 1889 2364 1937; x_wconf 86' lang='lat' dir='ltr'><strong>et</strong></span> <span class='ocrx_word' id='word_1_234' title='bbox 2397 1880 2628 1937; x_wconf 81' lang='lat' dir='ltr'><strong>baculus</strong></span> <span class='ocrx_word' id='word_1_235' title='bbox 2661 1889 2807 1945; x_wconf 90' lang='lat' dir='ltr'><strong>tuus,</strong></span> <span class='ocrx_word' id='word_1_236' title='bbox 2835 1879 2950 1949; x_wconf 91' lang='lat' dir='ltr'><strong>ipsa</strong></span> <span class='ocrx_word' id='word_1_237' title='bbox 2978 1894 3062 1933; x_wconf 89' lang='lat' dir='ltr'><strong>me</strong></span> <span class='ocrx_word' id='word_1_238' title='bbox 3092 1877 3368 1934; x_wconf 80' lang='lat' dir='ltr'><strong>consolata</strong></span> 
     </span>
    </p>
   </div>
   <div class='ocr_carea' id='block_1_36' title="bbox 125 1968 1616 2038">
    <p class='ocr_par' dir='ltr' id='par_1_36' title="bbox 125 1968 498 2038">
     <span class='ocr_line' id='line_1_36' title="bbox 125 1968 498 2038; baseline 0 -18"><span class='ocrx_word' id='word_1_239' title='bbox 125 1968 498 2038; x_wconf 62' lang='grc' dir='ltr'><strong>Ιπαρεκάλεσαν</strong></span> 
     </span>
    </p>
   </div>
   <div class='ocr_carea' id='block_1_37' title="bbox 452 1968 1943 2038">
    <p class='ocr_par' dir='ltr' id='par_1_37' title="bbox 452 1979 1943 2026">
     <span class='ocr_line' id='line_1_37' title="bbox 452 1979 1943 2026; baseline 0.003 -6"><span class='ocrx_word' id='word_1_240' title='bbox 452 1987 498 2020; x_wconf 91' lang='grc' dir='ltr'>ιν</span> <span class='ocrx_word' id='word_1_241' title='bbox 1798 1979 1943 2026; x_wconf 90' lang='lat' dir='ltr'><strong>sunt.</strong></span> 
     </span>
    </p>
   </div>
   <div class='ocr_carea' id='block_1_38' title="bbox 188 2058 1679 2135">
    <p class='ocr_par' dir='ltr' id='par_1_38' title="bbox 188 2058 1679 2133">
     <span class='ocr_line' id='line_1_38' title="bbox 188 2058 1679 2133; baseline 0.006 -23"><span class='ocrx_word' id='word_1_242' title='bbox 188 2058 272 2111; x_wconf 73' lang='grc'><strong>10.</strong></span> <span class='ocrx_word' id='word_1_243' title='bbox 317 2059 652 2130; x_wconf 81' lang='grc' dir='ltr'>Ἡτοίμασας</span> <span class='ocrx_word' id='word_1_244' title='bbox 681 2060 908 2115; x_wconf 76' lang='grc' dir='ltr'>ἐνώπιόν</span> <span class='ocrx_word' id='word_1_245' title='bbox 941 2079 1044 2133; x_wconf 87' lang='grc' dir='ltr'>μου</span> <span class='ocrx_word' id='word_1_246' title='bbox 1073 2062 1351 2133; x_wconf 78' lang='grc' dir='ltr'>τράπεζαν</span> <span class='ocrx_word' id='word_1_247' title='bbox 1387 2063 1679 2129; x_wconf 57' lang='grc' dir='ltr'>ἐξεναντίας</span> 
     </span>
    </p>
   </div>
   <div class='ocr_carea' id='block_1_39' title="bbox 1879 2058 3370 2135">
    <p class='ocr_par' dir='ltr' id='par_1_39' title="bbox 1879 2062 3370 2135">
     <span class='ocr_line' id='line_1_39' title="bbox 1879 2062 3370 2135; baseline -0.003 -17"><span class='ocrx_word' id='word_1_248' title='bbox 1879 2065 1958 2118; x_wconf 90' lang='grc'><strong>10.</strong></span> <span class='ocrx_word' id='word_1_249' title='bbox 1997 2064 2210 2119; x_wconf 89' lang='lat' dir='ltr'><strong>Parasti</strong></span> <span class='ocrx_word' id='word_1_250' title='bbox 2251 2065 2305 2118; x_wconf 91' lang='lat' dir='ltr'><strong>in</strong></span> <span class='ocrx_word' id='word_1_251' title='bbox 2345 2074 2639 2135; x_wconf 88' lang='lat' dir='ltr'><strong>conspectu</strong></span> <span class='ocrx_word' id='word_1_252' title='bbox 2679 2079 2802 2120; x_wconf 86' lang='lat' dir='ltr'><strong>meo</strong></span> <span class='ocrx_word' id='word_1_253' title='bbox 2830 2077 3076 2119; x_wconf 87' lang='lat' dir='ltr'><strong>mensam</strong></span> <span class='ocrx_word' id='word_1_254' title='bbox 3109 2062 3370 2117; x_wconf 87' lang='lat' dir='ltr'><strong>adversus</strong></span> 
     </span>
    </p>
   </div>
   <div class='ocr_carea' id='block_1_40' title="bbox 123 2148 1614 2224">
    <p class='ocr_par' dir='ltr' id='par_1_40' title="bbox 123 2148 673 2221">
     <span class='ocr_line' id='line_1_40' title="bbox 123 2148 673 2221; baseline 0.004 -20"><span class='ocrx_word' id='word_1_255' title='bbox 123 2148 221 2202; x_wconf 74' lang='grc' dir='ltr'><strong>τῶν</strong></span> <span class='ocrx_word' id='word_1_256' title='bbox 247 2148 540 2204; x_wconf 76' lang='grc' dir='ltr'><strong>θλιϐόντων</strong></span> <span class='ocrx_word' id='word_1_257' title='bbox 568 2167 636 2221; x_wconf 85' lang='grc' dir='ltr'><strong>με</strong></span> <span class='ocrx_word' id='word_1_258' title='bbox 659 2169 673 2182; x_wconf 71' lang='grc' dir='ltr'><strong><em>ο</em></strong></span> 
     </span>
    </p>
   </div>
   <div class='ocr_carea' id='block_1_41' title="bbox 991 2148 2482 2224">
    <p class='ocr_par' dir='ltr' id='par_1_41' title="bbox 1798 2155 2482 2224">
     <span class='ocr_line' id='line_1_41' title="bbox 1798 2155 2482 2224; baseline -0.001 -15"><span class='ocrx_word' id='word_1_259' title='bbox 1798 2169 1917 2221; x_wconf 90' lang='lat' dir='ltr'><strong>eos,</strong></span> <span class='ocrx_word' id='word_1_260' title='bbox 1947 2156 2039 2224; x_wconf 89' lang='lat' dir='ltr'><strong>qui</strong></span> <span class='ocrx_word' id='word_1_261' title='bbox 2072 2155 2332 2209; x_wconf 88' lang='lat' dir='ltr'><strong>tribulant</strong></span> <span class='ocrx_word' id='word_1_262' title='bbox 2359 2170 2445 2209; x_wconf 87' lang='lat' dir='ltr'><strong>me</strong></span> <span class='ocrx_word' id='word_1_263' title='bbox 2469 2171 2482 2208; x_wconf 89' lang='lat'><strong>:</strong></span> 
     </span>
    </p>
   </div>
   <div class='ocr_carea' id='block_1_42' title="bbox 191 2241 1682 2318">
    <p class='ocr_par' dir='ltr' id='par_1_42' title="bbox 191 2241 1421 2318">
     <span class='ocr_line' id='line_1_42' title="bbox 191 2241 1421 2318; baseline 0.003 -24"><span class='ocrx_word' id='word_1_264' title='bbox 191 2241 274 2295; x_wconf 83' lang='grc' dir='ltr'>Η.</span> <span class='ocrx_word' id='word_1_265' title='bbox 323 2242 611 2306; x_wconf 86' lang='grc' dir='ltr'>Ἐλίπανας</span> <span class='ocrx_word' id='word_1_266' title='bbox 638 2245 695 2296; x_wconf 81' lang='grc' dir='ltr'><strong>ὲν</strong></span> <span class='ocrx_word' id='word_1_267' title='bbox 721 2243 886 2314; x_wconf 73' lang='grc' dir='ltr'>ἐλαίῳ</span> <span class='ocrx_word' id='word_1_268' title='bbox 916 2244 1012 2317; x_wconf 81' lang='grc' dir='ltr'>τὴν</span> <span class='ocrx_word' id='word_1_269' title='bbox 1041 2245 1285 2318; x_wconf 85' lang='grc' dir='ltr'>κεφαλήν</span> <span class='ocrx_word' id='word_1_270' title='bbox 1319 2263 1421 2317; x_wconf 86' lang='grc' dir='ltr'>μου</span> 
     </span>
    </p>
   </div>
   <div class='ocr_carea' id='block_1_43' title="bbox 1560 2241 3051 2318">
    <p class='ocr_par' dir='ltr' id='par_1_43' title="bbox 1872 2241 3051 2314">
     <span class='ocr_line' id='line_1_43' title="bbox 1872 2241 3051 2314; baseline 0 -18"><span class='ocrx_word' id='word_1_271' title='bbox 1872 2243 1959 2296; x_wconf 77' lang='lat' dir='ltr'><strong>il.</strong></span> <span class='ocrx_word' id='word_1_272' title='bbox 1999 2241 2360 2313; x_wconf 73' lang='lat' dir='ltr'><strong>lmpinguasti</strong></span> <span class='ocrx_word' id='word_1_273' title='bbox 2396 2244 2451 2298; x_wconf 92' lang='lat' dir='ltr'><strong>in</strong></span> <span class='ocrx_word' id='word_1_274' title='bbox 2485 2243 2607 2300; x_wconf 90' lang='lat' dir='ltr'><strong>oleo</strong></span> <span class='ocrx_word' id='word_1_275' title='bbox 2635 2252 2799 2314; x_wconf 87' lang='lat' dir='ltr'><strong>caput</strong></span> <span class='ocrx_word' id='word_1_276' title='bbox 2829 2258 3051 2299; x_wconf 83' lang='lat' dir='ltr'><strong>meum:</strong></span> 
     </span>
    </p>
   </div>
   <div class='ocr_carea' id='block_1_44' title="bbox 1241 2373 2243 2434">
    <p class='ocr_par' dir='ltr' id='par_1_44' title="bbox 1241 2373 2243 2434">
     <span class='ocr_line' id='line_1_44' title="bbox 1241 2373 2243 2434; baseline -0.003 -1"><span class='ocrx_word' id='word_1_277' title='bbox 1241 2377 1620 2434; x_wconf 80' lang='lat' dir='ltr'><strong>ATHANASII</strong></span> <span class='ocrx_word' id='word_1_278' title='bbox 1657 2373 2243 2432; x_wconf 81' lang='lat' dir='ltr'><strong>INTERPRETATIO.</strong></span> 
     </span>
    </p>
   </div>
   <div class='ocr_carea' id='block_1_45' title="bbox 185 2487 1676 2567">
    <p class='ocr_par' dir='ltr' id='par_1_45' title="bbox 185 2495 1268 2567">
     <span class='ocr_line' id='line_1_45' title="bbox 185 2495 1268 2567; baseline -0.001 -17"><span class='ocrx_word' id='word_1_279' title='bbox 185 2497 276 2550; x_wconf 73' lang='grc'>64.</span> <span class='ocrx_word' id='word_1_280' title='bbox 313 2496 522 2559; x_wconf 76' lang='grc' dir='ltr'>Πάντες</span> <span class='ocrx_word' id='word_1_281' title='bbox 547 2495 596 2549; x_wconf 88' lang='grc' dir='ltr'>οἱ</span> <span class='ocrx_word' id='word_1_282' title='bbox 630 2495 699 2548; x_wconf 76' lang='grc' dir='ltr'><strong>τά</strong></span> <span class='ocrx_word' id='word_1_283' title='bbox 725 2496 891 2566; x_wconf 78' lang='grc' dir='ltr'>γήινα</span> <span class='ocrx_word' id='word_1_284' title='bbox 928 2495 1268 2567; x_wconf 81' lang='grc' dir='ltr'>φρονοῦντες.</span> 
     </span>
    </p>
   </div>
   <div class='ocr_carea' id='block_1_46' title="bbox 1383 2487 2874 2567">
    <p class='ocr_par' dir='ltr' id='par_1_46' title="bbox 1868 2487 2874 2559">
     <span class='ocr_line' id='line_1_46' title="bbox 1868 2487 2874 2559; baseline -0.002 -15"><span class='ocrx_word' id='word_1_285' title='bbox 1868 2491 1957 2544; x_wconf 65' lang='grc'>61.</span> <span class='ocrx_word' id='word_1_286' title='bbox 1993 2488 2216 2556; x_wconf 88' lang='lat' dir='ltr'><strong>Omnes,</strong></span> <span class='ocrx_word' id='word_1_287' title='bbox 2248 2505 2343 2559; x_wconf 78' lang='lat' dir='ltr'><strong>qui</strong></span> <span class='ocrx_word' id='word_1_288' title='bbox 2372 2497 2586 2544; x_wconf 89' lang='lat' dir='ltr'><strong>terrena</strong></span> <span class='ocrx_word' id='word_1_289' title='bbox 2616 2487 2874 2557; x_wconf 82' lang='lat' dir='ltr'><strong>cogitant.</strong></span> 
     </span>
    </p>
   </div>
   <div class='ocr_carea' id='block_1_47' title="bbox 181 2577 1672 2656">
    <p class='ocr_par' dir='ltr' id='par_1_47' title="bbox 181 2581 1672 2656">
     <span class='ocr_line' id='line_1_47' title="bbox 181 2581 1672 2656; baseline 0.002 -20"><span class='ocrx_word' id='word_1_290' title='bbox 181 2581 271 2636; x_wconf 80' lang='lat'><strong>65.</strong></span> <span class='ocrx_word' id='word_1_291' title='bbox 303 2581 462 2652; x_wconf 75' lang='grc' dir='ltr'>Αὐτῷ</span> <span class='ocrx_word' id='word_1_292' title='bbox 497 2581 596 2652; x_wconf 80' lang='grc' dir='ltr'><strong>μὲν</strong></span> <span class='ocrx_word' id='word_1_293' title='bbox 624 2584 657 2654; x_wconf 86' lang='grc' dir='ltr'><strong>ή</strong></span> <span class='ocrx_word' id='word_1_294' title='bbox 687 2582 832 2654; x_wconf 75' lang='grc' dir='ltr'>ψυχή</span> <span class='ocrx_word' id='word_1_295' title='bbox 873 2601 973 2655; x_wconf 90' lang='grc' dir='ltr'>μου</span> <span class='ocrx_word' id='word_1_296' title='bbox 1005 2584 1080 2654; x_wconf 83' lang='grc'><strong>(1)</strong></span> <span class='ocrx_word' id='word_1_297' title='bbox 1104 2602 1117 2615; x_wconf 89' lang='grc'>·</span> <span class='ocrx_word' id='word_1_298' title='bbox 1165 2583 1244 2654; x_wconf 79' lang='grc' dir='ltr'><strong>τῷ</strong></span> <span class='ocrx_word' id='word_1_299' title='bbox 1282 2583 1339 2638; x_wconf 84' lang='grc' dir='ltr'>δὲ</span> <span class='ocrx_word' id='word_1_300' title='bbox 1388 2584 1577 2656; x_wconf 84' lang='grc' dir='ltr'>κόσμῳ</span> <span class='ocrx_word' id='word_1_301' title='bbox 1609 2601 1672 2639; x_wconf 83' lang='grc' dir='ltr'><strong>τε</strong></span> 
     </span>
    </p>
   </div>
   <div class='ocr_carea' id='block_1_48' title="bbox 1878 2577 3369 2656">
    <p class='ocr_par' dir='ltr' id='par_1_48' title="bbox 1878 2577 3369 2652">
     <span class='ocr_line' id='line_1_48' title="bbox 1878 2577 3369 2652; baseline -0.005 -14"><span class='ocrx_word' id='word_1_302' title='bbox 1878 2583 1962 2638; x_wconf 86' lang='grc'>65.</span> <span class='ocrx_word' id='word_1_303' title='bbox 1997 2582 2102 2652; x_wconf 83' lang='grc' dir='ltr'><strong>1ρεί</strong></span> <span class='ocrx_word' id='word_1_304' title='bbox 2131 2583 2348 2652; x_wconf 84' lang='lat' dir='ltr'><strong>quidem</strong></span> <span class='ocrx_word' id='word_1_305' title='bbox 2381 2581 2563 2636; x_wconf 89' lang='lat' dir='ltr'><strong>anima</strong></span> <span class='ocrx_word' id='word_1_306' title='bbox 2589 2595 2733 2646; x_wconf 84' lang='lat' dir='ltr'><strong>mea,</strong></span> <span class='ocrx_word' id='word_1_307' title='bbox 2774 2577 2980 2634; x_wconf 90' lang='lat' dir='ltr'><strong>mundo</strong></span> <span class='ocrx_word' id='word_1_308' title='bbox 3015 2587 3195 2633; x_wconf 87' lang='lat' dir='ltr'><strong>autem</strong></span> <span class='ocrx_word' id='word_1_309' title='bbox 3221 2591 3369 2632; x_wconf 89' lang='lat' dir='ltr'><strong>mor-</strong></span> 
     </span>
    </p>
   </div>
   <div class='ocr_carea' id='block_1_49' title="bbox 122 2673 1613 2732">
    <p class='ocr_par' dir='ltr' id='par_1_49' title="bbox 122 2673 460 2728">
     <span class='ocr_line' id='line_1_49' title="bbox 122 2673 460 2728; baseline 0 -2"><span class='ocrx_word' id='word_1_310' title='bbox 122 2673 426 2728; x_wconf 75' lang='grc' dir='ltr'>θανάτωται</span> <span class='ocrx_word' id='word_1_311' title='bbox 445 2691 460 2704; x_wconf 85' lang='grc'><strong>·</strong></span> 
     </span>
    </p>
   </div>
   <div class='ocr_carea' id='block_1_50' title="bbox 562 2673 2053 2732">
    <p class='ocr_par' dir='ltr' id='par_1_50' title="bbox 1795 2685 2053 2732">
     <span class='ocr_line' id='line_1_50' title="bbox 1795 2685 2053 2732; baseline 0.004 -1"><span class='ocrx_word' id='word_1_312' title='bbox 1795 2687 1888 2732; x_wconf 89' lang='lat' dir='ltr'><strong>tua</strong></span> <span class='ocrx_word' id='word_1_313' title='bbox 1923 2685 2008 2731; x_wconf 78' lang='grc' dir='ltr'>εει</span> <span class='ocrx_word' id='word_1_314' title='bbox 2039 2695 2053 2732; x_wconf 73' lang='grc' dir='ltr'>ἒ</span> 
     </span>
    </p>
   </div>
   <div class='ocr_carea' id='block_1_51' title="bbox 186 2763 1677 2838">
    <p class='ocr_par' dir='ltr' id='par_1_51' title="bbox 186 2765 1677 2838">
     <span class='ocr_line' id='line_1_51' title="bbox 186 2765 1677 2838; baseline -0.001 -18"><span class='ocrx_word' id='word_1_315' title='bbox 186 2767 275 2820; x_wconf 86' lang='grc'><strong>66.</strong></span> <span class='ocrx_word' id='word_1_316' title='bbox 309 2767 420 2819; x_wconf 76' lang='grc' dir='ltr'><strong>Καὶ</strong></span> <span class='ocrx_word' id='word_1_317' title='bbox 453 2765 604 2820; x_wconf 83' lang='grc' dir='ltr'>πᾶσά</span> <span class='ocrx_word' id='word_1_318' title='bbox 632 2783 733 2838; x_wconf 89' lang='grc' dir='ltr'>μου</span> <span class='ocrx_word' id='word_1_319' title='bbox 757 2765 1059 2838; x_wconf 79' lang='grc' dir='ltr'>’ὲνθύμησις</span> <span class='ocrx_word' id='word_1_320' title='bbox 1087 2767 1493 2838; x_wconf 80' lang='grc' dir='ltr'><strong>ὑποταγήσεται</strong></span> <span class='ocrx_word' id='word_1_321' title='bbox 1523 2765 1677 2836; x_wconf 84' lang='grc' dir='ltr'><strong>αὑτῷ</strong></span> 
     </span>
    </p>
   </div>
   <div class='ocr_carea' id='block_1_52' title="bbox 1661 2763 3152 2838">
    <p class='ocr_par' dir='ltr' id='par_1_52' title="bbox 1661 2763 3152 2838">
     <span class='ocr_line' id='line_1_52' title="bbox 1661 2763 3152 2838; baseline 0 -20"><span class='ocrx_word' id='word_1_322' title='bbox 1661 2766 1696 2824; x_wconf 81' lang='lat' dir='ltr'><strong>i.</strong></span> <span class='ocrx_word' id='word_1_323' title='bbox 1868 2767 1957 2822; x_wconf 88' lang='lat'><strong>66.</strong></span> <span class='ocrx_word' id='word_1_324' title='bbox 1997 2767 2063 2821; x_wconf 87' lang='lat' dir='ltr'><strong>Et</strong></span> <span class='ocrx_word' id='word_1_325' title='bbox 2095 2767 2272 2822; x_wconf 90' lang='lat' dir='ltr'><strong>omnis</strong></span> <span class='ocrx_word' id='word_1_326' title='bbox 2303 2783 2425 2822; x_wconf 90' lang='lat' dir='ltr'><strong>mea</strong></span> <span class='ocrx_word' id='word_1_327' title='bbox 2457 2767 2713 2838; x_wconf 77' lang='lat' dir='ltr'><strong>cogitatio</strong></span> <span class='ocrx_word' id='word_1_328' title='bbox 2745 2765 3002 2822; x_wconf 89' lang='lat' dir='ltr'><strong>subdetur</strong></span> <span class='ocrx_word' id='word_1_329' title='bbox 3027 2763 3152 2835; x_wconf 88' lang='lat' dir='ltr'><strong>ipsi.</strong></span> 
     </span>
    </p>
   </div>
   <div class='ocr_carea' id='block_1_53' title="bbox 181 2857 1672 2965">
    <p class='ocr_par' dir='ltr' id='par_1_53' title="bbox 181 2859 1018 2930">
     <span class='ocr_line' id='line_1_53' title="bbox 181 2859 1018 2930; baseline -0.001 -16"><span class='ocrx_word' id='word_1_330' title='bbox 181 2859 272 2914; x_wconf 82' lang='lat'><strong>67.</strong></span> <span class='ocrx_word' id='word_1_331' title='bbox 305 2859 480 2930; x_wconf 83' lang='grc' dir='ltr'>Δεκτὴ</span> <span class='ocrx_word' id='word_1_332' title='bbox 515 2859 666 2914; x_wconf 80' lang='grc' dir='ltr'>ἔσται</span> <span class='ocrx_word' id='word_1_333' title='bbox 699 2859 777 2930; x_wconf 84' lang='grc' dir='ltr'>τῷ</span> <span class='ocrx_word' id='word_1_334' title='bbox 810 2859 1018 2930; x_wconf 81' lang='grc' dir='ltr'>Κυρίῳ.</span> 
     </span>
    </p>
   </div>
   <div class='ocr_carea' id='block_1_54' title="bbox 1152 2857 2643 2965">
    <p class='ocr_par' dir='ltr' id='par_1_54' title="bbox 1725 2857 2643 2965">
     <span class='ocr_line' id='line_1_54' title="bbox 1725 2857 2643 2965; baseline -0.002 -52"><span class='ocrx_word' id='word_1_335' title='bbox 1725 2908 1766 2965; x_wconf 74' lang='lat' dir='ltr'><strong><em>C</em></strong></span> <span class='ocrx_word' id='word_1_336' title='bbox 1870 2859 1959 2913; x_wconf 83' lang='grc'><strong>67.</strong></span> <span class='ocrx_word' id='word_1_337' title='bbox 1993 2857 2229 2928; x_wconf 82' lang='lat' dir='ltr'><strong>Accepta</strong></span> <span class='ocrx_word' id='word_1_338' title='bbox 2259 2860 2361 2913; x_wconf 89' lang='lat' dir='ltr'><strong>erit</strong></span> <span class='ocrx_word' id='word_1_339' title='bbox 2395 2857 2643 2913; x_wconf 90' lang='lat' dir='ltr'><strong>Domino.</strong></span> 
     </span>
    </p>
   </div>
   <div class='ocr_carea' id='block_1_55' title="bbox 179 2947 1670 3022">
    <p class='ocr_par' dir='ltr' id='par_1_55' title="bbox 179 2947 1212 3022">
     <span class='ocr_line' id='line_1_55' title="bbox 179 2947 1212 3022; baseline -0.001 -18"><span class='ocrx_word' id='word_1_340' title='bbox 179 2947 268 3004; x_wconf 83' lang='lat'><strong>68.</strong></span> <span class='ocrx_word' id='word_1_341' title='bbox 305 2949 620 3022; x_wconf 77' lang='grc' dir='ltr'><strong>Κηρύξουσι</strong></span> <span class='ocrx_word' id='word_1_342' title='bbox 649 2949 748 3012; x_wconf 81' lang='grc' dir='ltr'>τὰς</span> <span class='ocrx_word' id='word_1_343' title='bbox 777 2948 995 3012; x_wconf 82' lang='grc' dir='ltr'>ἐντολὰς</span> <span class='ocrx_word' id='word_1_344' title='bbox 1026 2948 1212 3003; x_wconf 86' lang='grc' dir='ltr'>αὑτοῦ.</span> 
     </span>
    </p>
   </div>
   <div class='ocr_carea' id='block_1_56' title="bbox 1352 2947 2843 3022">
    <p class='ocr_par' dir='ltr' id='par_1_56' title="bbox 1725 2947 2843 3020">
     <span class='ocr_line' id='line_1_56' title="bbox 1725 2947 2843 3020; baseline -0.001 -17"><span class='ocrx_word' id='word_1_345' title='bbox 1725 2947 1766 2965; x_wconf 68' lang='grc' dir='ltr'><strong>ν</strong></span> <span class='ocrx_word' id='word_1_346' title='bbox 1871 2950 1957 3006; x_wconf 81' lang='lat'><strong>68.</strong></span> <span class='ocrx_word' id='word_1_347' title='bbox 1992 2949 2373 3005; x_wconf 62' lang='lat' dir='ltr'><strong>Praedicabqu</strong></span> <span class='ocrx_word' id='word_1_348' title='bbox 2405 2957 2668 3020; x_wconf 61' lang='lat' dir='ltr'><strong>praecepta</strong></span> <span class='ocrx_word' id='word_1_349' title='bbox 2702 2948 2843 3018; x_wconf 87' lang='lat' dir='ltr'><strong>ejus.</strong></span> 
     </span>
    </p>
   </div>
   <div class='ocr_carea' id='block_1_57' title="bbox 184 3038 1675 3112">
    <p class='ocr_par' dir='ltr' id='par_1_57' title="bbox 184 3038 1518 3111">
     <span class='ocr_line' id='line_1_57' title="bbox 184 3038 1518 3111; baseline 0.001 -17"><span class='ocrx_word' id='word_1_350' title='bbox 184 3038 274 3094; x_wconf 87' lang='lat'><strong>69.</strong></span> <span class='ocrx_word' id='word_1_351' title='bbox 313 3039 755 3109; x_wconf 75' lang='grc' dir='ltr'><strong>Τεχθησομένῳ,</strong></span> <span class='ocrx_word' id='word_1_352' title='bbox 787 3039 955 3107; x_wconf 80' lang='grc' dir='ltr'><strong>λέγει,</strong></span> <span class='ocrx_word' id='word_1_353' title='bbox 981 3040 1036 3090; x_wconf 81' lang='grc' dir='ltr'><strong>ἐν</strong></span> <span class='ocrx_word' id='word_1_354' title='bbox 1059 3038 1136 3109; x_wconf 82' lang='grc' dir='ltr'>τῷ</span> <span class='ocrx_word' id='word_1_355' title='bbox 1163 3038 1518 3111; x_wconf 83' lang='grc' dir='ltr'>βαπτίσματι.</span> 
     </span>
    </p>
   </div>
   <div class='ocr_carea' id='block_1_58' title="bbox 1548 3038 3039 3112">
    <p class='ocr_par' dir='ltr' id='par_1_58' title="bbox 1875 3038 3039 3112">
     <span class='ocr_line' id='line_1_58' title="bbox 1875 3038 3039 3112; baseline -0.006 -15"><span class='ocrx_word' id='word_1_356' title='bbox 1875 3041 1966 3097; x_wconf 85' lang='grc'><strong>69.</strong></span> <span class='ocrx_word' id='word_1_357' title='bbox 2004 3040 2108 3108; x_wconf 79' lang='lat' dir='ltr'><strong>Qui</strong></span> <span class='ocrx_word' id='word_1_358' title='bbox 2141 3053 2406 3106; x_wconf 77' lang='lat' dir='ltr'><strong>nascetur,</strong></span> <span class='ocrx_word' id='word_1_359' title='bbox 2436 3042 2632 3112; x_wconf 90' lang='lat' dir='ltr'><strong>inquit,</strong></span> <span class='ocrx_word' id='word_1_360' title='bbox 2664 3041 2719 3095; x_wconf 93' lang='lat' dir='ltr'><strong>in</strong></span> <span class='ocrx_word' id='word_1_361' title='bbox 2749 3038 3039 3110; x_wconf 90' lang='lat' dir='ltr'><strong>baptismo.</strong></span> 
     </span>
    </p>
   </div>
   <div class='ocr_carea' id='block_1_59' title="bbox 193 3145 3379 3227">
    <p class='ocr_par' dir='ltr' id='par_1_59' title="bbox 193 3145 3379 3227">
     <span class='ocr_line' id='line_1_59' title="bbox 193 3145 3379 3227; baseline -0.001 -16"><span class='ocrx_word' id='word_1_362' title='bbox 193 3151 259 3205; x_wconf 86' lang='grc' dir='ltr'><strong>Ἦ</strong></span> <span class='ocrx_word' id='word_1_363' title='bbox 285 3151 622 3223; x_wconf 79' lang='grc' dir='ltr'><strong>προκειμένη</strong></span> <span class='ocrx_word' id='word_1_364' title='bbox 658 3150 938 3222; x_wconf 79' lang='grc' dir='ltr'><strong>ἐπιγραφὴ</strong></span> <span class='ocrx_word' id='word_1_365' title='bbox 969 3151 1211 3223; x_wconf 79' lang='grc' dir='ltr'><strong>περιέχει</strong></span> <span class='ocrx_word' id='word_1_366' title='bbox 1244 3151 1352 3223; x_wconf 67' lang='grc'><strong>(2)·</strong></span> <span class='ocrx_word' id='word_1_367' title='bbox 1394 3152 1640 3224; x_wconf 74' lang='grc' dir='ltr'>Ψαλμὸς</span> <span class='ocrx_word' id='word_1_368' title='bbox 1675 3152 1758 3220; x_wconf 85' lang='grc' dir='ltr'><strong>τῷ</strong></span> <span class='ocrx_word' id='word_1_369' title='bbox 1779 3157 1982 3222; x_wconf 77' lang='grc' dir='ltr'>Δαὸιδ,</span> <span class='ocrx_word' id='word_1_370' title='bbox 2025 3159 2272 3213; x_wconf 75' lang='grc' dir='ltr'>τουτέστι</span> <span class='ocrx_word' id='word_1_371' title='bbox 2299 3156 2543 3227; x_wconf 51' lang='lat' dir='ltr'><strong>irach</strong></span> <span class='ocrx_word' id='word_1_372' title='bbox 2572 3155 2652 3223; x_wconf 83' lang='grc' dir='ltr'><strong>τῷ</strong></span> <span class='ocrx_word' id='word_1_373' title='bbox 2692 3153 2959 3226; x_wconf 58' lang='grc' dir='ltr'>γεγονότι</span> <span class='ocrx_word' id='word_1_374' title='bbox 2997 3149 3230 3219; x_wconf 73' lang='grc' dir='ltr'>ποιμένι</span> <span class='ocrx_word' id='word_1_375' title='bbox 3259 3145 3379 3207; x_wconf 69' lang='grc' dir='ltr'>τιῖν</span> 
     </span>
    </p>
   </div>
   <div class='ocr_carea' id='block_1_60' title="bbox 126 3243 3378 3328">
    <p class='ocr_par' dir='ltr' id='par_1_60' title="bbox 126 3243 3378 3328">
     <span class='ocr_line' id='line_1_60' title="bbox 126 3243 3378 3328; baseline -0.002 -24"><span class='ocrx_word' id='word_1_376' title='bbox 126 3246 446 3316; x_wconf 72' lang='grc' dir='ltr'>προϐάτων.</span> <span class='ocrx_word' id='word_1_377' title='bbox 473 3247 643 3318; x_wconf 79' lang='grc' dir='ltr'>Δῆλον</span> <span class='ocrx_word' id='word_1_378' title='bbox 671 3247 798 3319; x_wconf 82' lang='grc' dir='ltr'>γὰρ,</span> <span class='ocrx_word' id='word_1_379' title='bbox 827 3248 907 3300; x_wconf 79' lang='grc' dir='ltr'><strong>ὅτι</strong></span> <span class='ocrx_word' id='word_1_380' title='bbox 928 3248 956 3299; x_wconf 83' lang='grc' dir='ltr'><em>ὁ</em></span> <span class='ocrx_word' id='word_1_381' title='bbox 981 3247 1147 3301; x_wconf 76' lang='grc' dir='ltr'>Δαϐὶδ</span> <span class='ocrx_word' id='word_1_382' title='bbox 1174 3254 1377 3319; x_wconf 78' lang='grc' dir='ltr'>ποιμὴν</span> <span class='ocrx_word' id='word_1_383' title='bbox 1399 3244 1466 3320; x_wconf 78' lang='grc' dir='ltr'><strong>ἦν</strong></span> <span class='ocrx_word' id='word_1_384' title='bbox 1494 3249 1802 3320; x_wconf 86' lang='grc' dir='ltr'>προϐάτων.</span> <span class='ocrx_word' id='word_1_385' title='bbox 1831 3253 2067 3326; x_wconf 79' lang='grc' dir='ltr'>Ψαλμὸς</span> <span class='ocrx_word' id='word_1_386' title='bbox 2097 3252 2190 3310; x_wconf 81' lang='grc' dir='ltr'><strong>οὖν</strong></span> <span class='ocrx_word' id='word_1_387' title='bbox 2210 3255 2289 3328; x_wconf 78' lang='grc' dir='ltr'>τῷ</span> <span class='ocrx_word' id='word_1_388' title='bbox 2312 3254 2496 3320; x_wconf 69' lang='grc' dir='ltr'><strong>Δαϐὶδ,</strong></span> <span class='ocrx_word' id='word_1_389' title='bbox 2520 3253 2663 3323; x_wconf 82' lang='grc' dir='ltr'>λέγω</span> <span class='ocrx_word' id='word_1_390' title='bbox 2684 3253 2743 3307; x_wconf 82' lang='grc' dir='ltr'>δὲ</span> <span class='ocrx_word' id='word_1_391' title='bbox 2765 3250 2842 3323; x_wconf 80' lang='grc' dir='ltr'>τῷ</span> <span class='ocrx_word' id='word_1_392' title='bbox 2865 3248 2980 3320; x_wconf 87' lang='grc' dir='ltr'>Υἱῷ</span> <span class='ocrx_word' id='word_1_393' title='bbox 3001 3246 3096 3302; x_wconf 84' lang='grc' dir='ltr'><strong>τοῦ</strong></span> <span class='ocrx_word' id='word_1_394' title='bbox 3125 3243 3281 3310; x_wconf 82' lang='grc' dir='ltr'>Θεοῦ,</span> <span class='ocrx_word' id='word_1_395' title='bbox 3299 3243 3378 3314; x_wconf 85' lang='grc' dir='ltr'>τῷ</span> 
     </span>
    </p>
   </div>
   <div class='ocr_carea' id='block_1_61' title="bbox 127 3338 1476 3410">
    <p class='ocr_par' dir='ltr' id='par_1_61' title="bbox 127 3338 1476 3410">
     <span class='ocr_line' id='line_1_61' title="bbox 127 3338 1476 3410; baseline 0 -16"><span class='ocrx_word' id='word_1_396' title='bbox 127 3340 266 3410; x_wconf 76' lang='grc' dir='ltr'>καλῷ</span> <span class='ocrx_word' id='word_1_397' title='bbox 294 3339 522 3408; x_wconf 83' lang='grc' dir='ltr'><strong>Ποιμένι</strong></span> <span class='ocrx_word' id='word_1_398' title='bbox 542 3353 556 3368; x_wconf 90' lang='grc'><strong>·</strong></span> <span class='ocrx_word' id='word_1_399' title='bbox 591 3339 672 3392; x_wconf 83' lang='grc' dir='ltr'><strong>διὸ</strong></span> <span class='ocrx_word' id='word_1_400' title='bbox 695 3339 888 3408; x_wconf 80' lang='grc' dir='ltr'>ἐπάγει</span> <span class='ocrx_word' id='word_1_401' title='bbox 918 3338 1052 3409; x_wconf 77' lang='grc' dir='ltr'>πρὸς</span> <span class='ocrx_word' id='word_1_402' title='bbox 1081 3339 1241 3392; x_wconf 76' lang='grc' dir='ltr'>αὑτὸν</span> <span class='ocrx_word' id='word_1_403' title='bbox 1273 3340 1444 3410; x_wconf 78' lang='grc' dir='ltr'>λέγων</span> <span class='ocrx_word' id='word_1_404' title='bbox 1463 3356 1476 3369; x_wconf 88' lang='grc'><strong>·</strong></span> 
     </span>
    </p>
   </div>
   <div class='ocr_carea' id='block_1_62' title="bbox 190 3433 3376 3514">
    <p class='ocr_par' dir='ltr' id='par_1_62' title="bbox 190 3433 3376 3514">
     <span class='ocr_line' id='line_1_62' title="bbox 190 3433 3376 3514; baseline 0 -26"><span class='ocrx_word' id='word_1_405' title='bbox 190 3433 405 3490; x_wconf 89' lang='lat' dir='ltr'><strong>Titulus</strong></span> <span class='ocrx_word' id='word_1_406' title='bbox 441 3435 764 3504; x_wconf 60' lang='lat' dir='ltr'><strong>praepositus</strong></span> <span class='ocrx_word' id='word_1_407' title='bbox 793 3434 1036 3488; x_wconf 89' lang='lat' dir='ltr'><strong>continet</strong></span> <span class='ocrx_word' id='word_1_408' title='bbox 1063 3449 1076 3486; x_wconf 91' lang='lat'><strong>:</strong></span> <span class='ocrx_word' id='word_1_409' title='bbox 1106 3433 1356 3488; x_wconf 80' lang='lat' dir='ltr'><strong>Psalmus</strong></span> <span class='ocrx_word' id='word_1_410' title='bbox 1387 3436 1578 3500; x_wconf 83' lang='lat' dir='ltr'><strong>David.</strong></span> <span class='ocrx_word' id='word_1_411' title='bbox 1603 3439 1710 3495; x_wconf 85' lang='lat' dir='ltr'><strong>hoc</strong></span> <span class='ocrx_word' id='word_1_412' title='bbox 1739 3450 1844 3507; x_wconf 89' lang='lat' dir='ltr'><strong>est,</strong></span> <span class='ocrx_word' id='word_1_413' title='bbox 1874 3441 2115 3512; x_wconf 78' lang='lat' dir='ltr'><strong>psalmus</strong></span> <span class='ocrx_word' id='word_1_414' title='bbox 2147 3443 2218 3507; x_wconf 79' lang='lat' dir='ltr'><strong>ei,</strong></span> <span class='ocrx_word' id='word_1_415' title='bbox 2246 3443 2336 3514; x_wconf 81' lang='lat' dir='ltr'><strong>qui</strong></span> <span class='ocrx_word' id='word_1_416' title='bbox 2381 3442 2484 3512; x_wconf 78' lang='lat' dir='ltr'><strong>fuit</strong></span> <span class='ocrx_word' id='word_1_417' title='bbox 2522 3451 2706 3508; x_wconf 74' lang='lat' dir='ltr'><strong>pastor</strong></span> <span class='ocrx_word' id='word_1_418' title='bbox 2727 3441 2923 3496; x_wconf 77' lang='lat' dir='ltr'><strong>arium.</strong></span> <span class='ocrx_word' id='word_1_419' title='bbox 2955 3437 3234 3508; x_wconf 88' lang='lat' dir='ltr'><strong>Siquidem</strong></span> <span class='ocrx_word' id='word_1_420' title='bbox 3263 3449 3376 3488; x_wconf 55' lang='lat' dir='ltr'><strong>ma-</strong></span> 
     </span>
    </p>
   </div>
   <div class='ocr_carea' id='block_1_63' title="bbox 129 3526 3378 3611">
    <p class='ocr_par' dir='ltr' id='par_1_63' title="bbox 129 3526 3378 3611">
     <span class='ocr_line' id='line_1_63' title="bbox 129 3526 3378 3611; baseline 0 -31"><span class='ocrx_word' id='word_1_421' title='bbox 129 3527 378 3611; x_wconf 80' lang='lat' dir='ltr'><strong>nit‘estum</strong></span> <span class='ocrx_word' id='word_1_422' title='bbox 410 3535 518 3595; x_wconf 86' lang='lat' dir='ltr'><strong>est,</strong></span> <span class='ocrx_word' id='word_1_423' title='bbox 544 3526 689 3598; x_wconf 89' lang='lat' dir='ltr'><strong>quod</strong></span> <span class='ocrx_word' id='word_1_424' title='bbox 720 3527 888 3582; x_wconf 83' lang='lat' dir='ltr'><strong>David</strong></span> <span class='ocrx_word' id='word_1_425' title='bbox 916 3535 1033 3581; x_wconf 87' lang='lat' dir='ltr'><strong>erat</strong></span> <span class='ocrx_word' id='word_1_426' title='bbox 1063 3538 1251 3596; x_wconf 86' lang='lat' dir='ltr'><strong>pastor</strong></span> <span class='ocrx_word' id='word_1_427' title='bbox 1282 3529 1488 3584; x_wconf 90' lang='lat' dir='ltr'><strong>ovium.</strong></span> <span class='ocrx_word' id='word_1_428' title='bbox 1523 3529 1776 3589; x_wconf 87' lang='lat' dir='ltr'><strong>Psalmus</strong></span> <span class='ocrx_word' id='word_1_429' title='bbox 1820 3534 1986 3606; x_wconf 79' lang='lat' dir='ltr'><strong>igitur</strong></span> <span class='ocrx_word' id='word_1_430' title='bbox 2029 3535 2222 3603; x_wconf 87' lang='lat' dir='ltr'><strong>David,</strong></span> <span class='ocrx_word' id='word_1_431' title='bbox 2250 3534 2368 3602; x_wconf 88' lang='lat' dir='ltr'><strong>Dei,</strong></span> <span class='ocrx_word' id='word_1_432' title='bbox 2399 3535 2645 3606; x_wconf 87' lang='lat' dir='ltr'><strong>inquam,</strong></span> <span class='ocrx_word' id='word_1_433' title='bbox 2672 3533 2830 3597; x_wconf 87' lang='lat' dir='ltr'><strong>Filio,</strong></span> <span class='ocrx_word' id='word_1_434' title='bbox 2856 3531 2950 3599; x_wconf 85' lang='lat' dir='ltr'><strong>qui</strong></span> <span class='ocrx_word' id='word_1_435' title='bbox 2979 3528 3172 3586; x_wconf 84' lang='lat' dir='ltr'><strong>Pastor</strong></span> <span class='ocrx_word' id='word_1_436' title='bbox 3203 3527 3378 3584; x_wconf 87' lang='lat' dir='ltr'><strong>bonus</strong></span> 
     </span>
    </p>
   </div>
   <div class='ocr_carea' id='block_1_64' title="bbox 130 3619 1138 3676">
    <p class='ocr_par' dir='ltr' id='par_1_64' title="bbox 130 3619 1138 3676">
     <span class='ocr_line' id='line_1_64' title="bbox 130 3619 1138 3676; baseline -0.001 -3"><span class='ocrx_word' id='word_1_437' title='bbox 130 3621 222 3674; x_wconf 78' lang='lat' dir='ltr'><strong>fuit</strong></span> <span class='ocrx_word' id='word_1_438' title='bbox 248 3643 259 3676; x_wconf 93' lang='lat'>:</span> <span class='ocrx_word' id='word_1_439' title='bbox 292 3621 416 3676; x_wconf 91' lang='lat' dir='ltr'><strong>ideo</strong></span> <span class='ocrx_word' id='word_1_440' title='bbox 443 3621 630 3676; x_wconf 89' lang='lat' dir='ltr'><strong>subdit</strong></span> <span class='ocrx_word' id='word_1_441' title='bbox 659 3619 724 3674; x_wconf 88' lang='lat' dir='ltr'><strong>ad</strong></span> <span class='ocrx_word' id='word_1_442' title='bbox 753 3635 877 3674; x_wconf 92' lang='lat' dir='ltr'><strong>eum</strong></span> <span class='ocrx_word' id='word_1_443' title='bbox 909 3619 1094 3674; x_wconf 90' lang='lat' dir='ltr'><strong>dicens</strong></span> <span class='ocrx_word' id='word_1_444' title='bbox 1124 3634 1138 3672; x_wconf 89' lang='lat'><strong>:</strong></span> 
     </span>
    </p>
   </div>
   <div class='ocr_carea' id='block_1_65' title="bbox 195 3729 1686 3808">
    <p class='ocr_par' dir='ltr' id='par_1_65' title="bbox 195 3729 1686 3802">
     <span class='ocr_line' id='line_1_65' title="bbox 195 3729 1686 3802; baseline -0.003 -14"><span class='ocrx_word' id='word_1_445' title='bbox 195 3735 241 3788; x_wconf 83' lang='lat' dir='ltr'><strong>l.</strong></span> <span class='ocrx_word' id='word_1_446' title='bbox 276 3734 336 3786; x_wconf 86' lang='lat'><strong>&#39;0</strong></span> <span class='ocrx_word' id='word_1_447' title='bbox 370 3732 578 3802; x_wconf 81' lang='grc' dir='ltr'>ποιμὴν</span> <span class='ocrx_word' id='word_1_448' title='bbox 605 3732 633 3784; x_wconf 87' lang='grc' dir='ltr'><strong>ὁ</strong></span> <span class='ocrx_word' id='word_1_449' title='bbox 669 3730 864 3799; x_wconf 83' lang='grc' dir='ltr'>καλὸς,</span> <span class='ocrx_word' id='word_1_450' title='bbox 908 3729 1007 3802; x_wconf 80' lang='grc' dir='ltr'><strong>τὴν</strong></span> <span class='ocrx_word' id='word_1_451' title='bbox 1034 3730 1214 3802; x_wconf 69' lang='grc' dir='ltr'>ψυχὴν</span> <span class='ocrx_word' id='word_1_452' title='bbox 1254 3730 1418 3784; x_wconf 85' lang='grc' dir='ltr'>αὑτοῦ</span> <span class='ocrx_word' id='word_1_453' title='bbox 1447 3730 1686 3785; x_wconf 71' lang='grc' dir='ltr'><strong>τεθεικὼε</strong></span> 
     </span>
    </p>
   </div>
   <div class='ocr_carea' id='block_1_66' title="bbox 1887 3729 3378 3808">
    <p class='ocr_par' dir='ltr' id='par_1_66' title="bbox 1887 3732 3378 3808">
     <span class='ocr_line' id='line_1_66' title="bbox 1887 3732 3378 3808; baseline -0.002 -17"><span class='ocrx_word' id='word_1_454' title='bbox 1887 3737 1953 3795; x_wconf 83' lang='grc' dir='ltr'><strong>Ι.’</strong></span> <span class='ocrx_word' id='word_1_455' title='bbox 1988 3737 2170 3794; x_wconf 89' lang='lat' dir='ltr'><strong>Bonus</strong></span> <span class='ocrx_word' id='word_1_456' title='bbox 2201 3748 2411 3808; x_wconf 88' lang='lat' dir='ltr'><strong>pastor,</strong></span> <span class='ocrx_word' id='word_1_457' title='bbox 2456 3735 2548 3806; x_wconf 90' lang='lat' dir='ltr'><strong>qui</strong></span> <span class='ocrx_word' id='word_1_458' title='bbox 2593 3735 2774 3804; x_wconf 89' lang='lat' dir='ltr'><strong>posuit</strong></span> <span class='ocrx_word' id='word_1_459' title='bbox 2802 3732 3042 3789; x_wconf 89' lang='lat' dir='ltr'><strong>animam</strong></span> <span class='ocrx_word' id='word_1_460' title='bbox 3083 3747 3242 3789; x_wconf 74' lang='lat' dir='ltr'><strong>suam</strong></span> <span class='ocrx_word' id='word_1_461' title='bbox 3281 3749 3378 3804; x_wconf 87' lang='lat' dir='ltr'><strong>pro</strong></span> 
     </span>
    </p>
   </div>
   <div class='ocr_carea' id='block_1_67' title="bbox 132 3824 1623 3898">
    <p class='ocr_par' dir='ltr' id='par_1_67' title="bbox 132 3824 579 3898">
     <span class='ocr_line' id='line_1_67' title="bbox 132 3824 579 3898; baseline -0.004 -18"><span class='ocrx_word' id='word_1_462' title='bbox 132 3826 259 3898; x_wconf 77' lang='grc' dir='ltr'>ὑπὲρ</span> <span class='ocrx_word' id='word_1_463' title='bbox 283 3824 446 3897; x_wconf 84' lang='grc' dir='ltr'>ἡμῶν</span> <span class='ocrx_word' id='word_1_464' title='bbox 481 3824 579 3893; x_wconf 78' lang='grc'>(5).</span> 
     </span>
    </p>
   </div>
   <div class='ocr_carea' id='block_1_68' title="bbox 494 3824 1985 3898">
    <p class='ocr_par' dir='ltr' id='par_1_68' title="bbox 494 3824 1985 3893">
     <span class='ocr_line' id='line_1_68' title="bbox 494 3824 1985 3893; baseline -0.002 -2"><span class='ocrx_word' id='word_1_465' title='bbox 494 3824 579 3893; x_wconf 70' lang='grc' dir='ltr'>.5)ο</span> <span class='ocrx_word' id='word_1_466' title='bbox 1805 3833 1985 3889; x_wconf 88' lang='lat' dir='ltr'><strong>nobis.</strong></span> 
     </span>
    </p>
   </div>
   <div class='ocr_carea' id='block_1_69' title="bbox 191 3911 1682 3991">
    <p class='ocr_par' dir='ltr' id='par_1_69' title="bbox 191 3911 1682 3985">
     <span class='ocr_line' id='line_1_69' title="bbox 191 3911 1682 3985; baseline -0.003 -15"><span class='ocrx_word' id='word_1_467' title='bbox 191 3916 243 3970; x_wconf 73' lang='grc'>2.</span> <span class='ocrx_word' id='word_1_468' title='bbox 285 3917 378 3968; x_wconf 81' lang='grc' dir='ltr'>Ἑν</span> <span class='ocrx_word' id='word_1_469' title='bbox 406 3916 477 3985; x_wconf 72' lang='grc' dir='ltr'>τῇ</span> <span class='ocrx_word' id='word_1_470' title='bbox 515 3913 810 3984; x_wconf 74' lang='grc' dir='ltr'>Ἐκκλησία</span> <span class='ocrx_word' id='word_1_471' title='bbox 836 3911 931 3966; x_wconf 90' lang='grc' dir='ltr'><strong>τοῦ</strong></span> <span class='ocrx_word' id='word_1_472' title='bbox 961 3912 1120 3977; x_wconf 84' lang='grc' dir='ltr'>Θεοῦ,</span> <span class='ocrx_word' id='word_1_473' title='bbox 1145 3912 1272 3968; x_wconf 75' lang='grc' dir='ltr'>ἔνθα</span> <span class='ocrx_word' id='word_1_474' title='bbox 1294 3917 1342 3967; x_wconf 82' lang='grc' dir='ltr'>οἱ</span> <span class='ocrx_word' id='word_1_475' title='bbox 1370 3914 1513 3984; x_wconf 79' lang='grc' dir='ltr'>ἅγιοι</span> <span class='ocrx_word' id='word_1_476' title='bbox 1539 3915 1682 3970; x_wconf 80' lang='grc' dir='ltr'>αὑτοί</span> 
     </span>
    </p>
   </div>
   <div class='ocr_carea' id='block_1_70' title="bbox 1670 3911 3161 3991">
    <p class='ocr_par' dir='ltr' id='par_1_70' title="bbox 1670 3915 3161 3991">
     <span class='ocr_line' id='line_1_70' title="bbox 1670 3915 3161 3991; baseline -0.001 -15"><span class='ocrx_word' id='word_1_477' title='bbox 1670 3915 1704 3969; x_wconf 59' lang='grc' dir='ltr'>ιῢ</span> <span class='ocrx_word' id='word_1_478' title='bbox 1877 3923 1932 3979; x_wconf 75' lang='lat'><strong>2.</strong></span> <span class='ocrx_word' id='word_1_479' title='bbox 1967 3924 2025 3978; x_wconf 93' lang='lat' dir='ltr'><strong>In</strong></span> <span class='ocrx_word' id='word_1_480' title='bbox 2057 3921 2294 3978; x_wconf 82' lang='lat' dir='ltr'><strong>Ecclesia</strong></span> <span class='ocrx_word' id='word_1_481' title='bbox 2332 3921 2448 3989; x_wconf 86' lang='lat' dir='ltr'><strong>Dei,</strong></span> <span class='ocrx_word' id='word_1_482' title='bbox 2477 3920 2569 3978; x_wconf 92' lang='lat' dir='ltr'><strong>ubi</strong></span> <span class='ocrx_word' id='word_1_483' title='bbox 2598 3920 2772 3977; x_wconf 87' lang='lat' dir='ltr'><strong>sancti</strong></span> <span class='ocrx_word' id='word_1_484' title='bbox 2799 3919 2919 3991; x_wconf 88' lang='lat' dir='ltr'><strong>ejus</strong></span> <span class='ocrx_word' id='word_1_485' title='bbox 2949 3918 3161 3976; x_wconf 81' lang='lat' dir='ltr'><strong>ﬂorent.</strong></span> 
     </span>
    </p>
   </div>
   <div class='ocr_carea' id='block_1_71' title="bbox 131 4007 394 4062">
    <p class='ocr_par' dir='ltr' id='par_1_71' title="bbox 131 4007 394 4062">
     <span class='ocr_line' id='line_1_71' title="bbox 131 4007 394 4062; baseline -0.004 0"><span class='ocrx_word' id='word_1_486' title='bbox 131 4007 394 4062; x_wconf 77' lang='grc' dir='ltr'>ἀνθοῦσιν.</span> 
     </span>
    </p>
   </div>
   <div class='ocr_carea' id='block_1_72' title="bbox 193 4064 1684 4172">
    <p class='ocr_par' dir='ltr' id='par_1_72' title="bbox 193 4064 1349 4169">
     <span class='ocr_line' id='line_1_72' title="bbox 193 4064 1349 4169; baseline -0.003 -13"><span class='ocrx_word' id='word_1_487' title='bbox 193 4101 244 4156; x_wconf 72' lang='grc'>3.</span> <span class='ocrx_word' id='word_1_488' title='bbox 288 4101 382 4154; x_wconf 83' lang='grc' dir='ltr'><strong>Ἐν</strong></span> <span class='ocrx_word' id='word_1_489' title='bbox 507 4099 689 4169; x_wconf 79' lang='grc' dir='ltr'>χάριτι</span> <span class='ocrx_word' id='word_1_490' title='bbox 711 4097 804 4150; x_wconf 89' lang='grc' dir='ltr'>τοῦ</span> <span class='ocrx_word' id='word_1_491' title='bbox 832 4097 972 4150; x_wconf 82' lang='grc' dir='ltr'>Πνεύ</span> <span class='ocrx_word' id='word_1_492' title='bbox 982 4115 1148 4168; x_wconf 78' lang='grc' dir='ltr'>ματος</span> <span class='ocrx_word' id='word_1_493' title='bbox 1175 4099 1349 4167; x_wconf 83' lang='grc' dir='ltr'>ἁγίου.</span> 
     </span>
    </p>
   </div>
   <div class='ocr_carea' id='block_1_73' title="bbox 1237 4064 2728 4172">
    <p class='ocr_par' dir='ltr' id='par_1_73' title="bbox 1237 4099 2728 4172">
     <span class='ocr_line' id='line_1_73' title="bbox 1237 4099 2728 4172; baseline 0.001 -21"><span class='ocrx_word' id='word_1_494' title='bbox 1237 4099 1349 4152; x_wconf 84' lang='grc' dir='ltr'>’ίου.</span> <span class='ocrx_word' id='word_1_495' title='bbox 1882 4105 1935 4158; x_wconf 76' lang='grc'><strong>5.</strong></span> <span class='ocrx_word' id='word_1_496' title='bbox 1969 4101 2025 4156; x_wconf 84' lang='grc' dir='ltr'><strong>1η</strong></span> <span class='ocrx_word' id='word_1_497' title='bbox 2055 4104 2228 4172; x_wconf 80' lang='lat' dir='ltr'><strong>gratia</strong></span> <span class='ocrx_word' id='word_1_498' title='bbox 2264 4099 2504 4170; x_wconf 80' lang='lat' dir='ltr'><strong>Spiritus</strong></span> <span class='ocrx_word' id='word_1_499' title='bbox 2532 4099 2728 4156; x_wconf 86' lang='lat' dir='ltr'><strong>sancti.</strong></span> 
     </span>
    </p>
   </div>
   <div class='ocr_carea' id='block_1_74' title="bbox 196 4183 1687 4262">
    <p class='ocr_par' dir='ltr' id='par_1_74' title="bbox 196 4189 1687 4262">
     <span class='ocr_line' id='line_1_74' title="bbox 196 4189 1687 4262; baseline -0.003 -13"><span class='ocrx_word' id='word_1_500' title='bbox 196 4193 262 4260; x_wconf 70' lang='grc'><strong>4,</strong></span> <span class='ocrx_word' id='word_1_501' title='bbox 316 4194 374 4248; x_wconf 87' lang='grc'><strong>5.</strong></span> <span class='ocrx_word' id='word_1_502' title='bbox 427 4192 523 4244; x_wconf 88' lang='grc' dir='ltr'>Ἐκ</span> <span class='ocrx_word' id='word_1_503' title='bbox 571 4190 672 4261; x_wconf 78' lang='grc' dir='ltr'><strong>τῆς</strong></span> <span class='ocrx_word' id='word_1_504' title='bbox 724 4190 1096 4262; x_wconf 75' lang='grc' dir='ltr'>αἰχμαλωσίας</span> <span class='ocrx_word' id='word_1_505' title='bbox 1143 4189 1238 4243; x_wconf 88' lang='grc' dir='ltr'><strong>τοῦ</strong></span> <span class='ocrx_word' id='word_1_506' title='bbox 1288 4190 1536 4244; x_wconf 86' lang='grc' dir='ltr'>διαϐόλου</span> <span class='ocrx_word' id='word_1_507' title='bbox 1587 4191 1687 4245; x_wconf 84' lang='grc' dir='ltr'>ὲπι·</span> 
     </span>
    </p>
   </div>
   <div class='ocr_carea' id='block_1_75' title="bbox 1888 4183 3379 4262">
    <p class='ocr_par' dir='ltr' id='par_1_75' title="bbox 1888 4183 3379 4262">
     <span class='ocr_line' id='line_1_75' title="bbox 1888 4183 3379 4262; baseline -0.008 -12"><span class='ocrx_word' id='word_1_508' title='bbox 1888 4197 1939 4261; x_wconf 80' lang='grc' dir='ltr'><strong>ι,</strong></span> <span class='ocrx_word' id='word_1_509' title='bbox 2079 4194 2120 4247; x_wconf 82' lang='grc' dir='ltr'>Ε</span> <span class='ocrx_word' id='word_1_510' title='bbox 2161 4193 2360 4246; x_wconf 84' lang='lat' dir='ltr'><strong>diaboli</strong></span> <span class='ocrx_word' id='word_1_511' title='bbox 2402 4192 2713 4262; x_wconf 89' lang='lat' dir='ltr'><strong>captivitate</strong></span> <span class='ocrx_word' id='word_1_512' title='bbox 2744 4190 2980 4243; x_wconf 89' lang='lat' dir='ltr'><strong>animam</strong></span> <span class='ocrx_word' id='word_1_513' title='bbox 3018 4201 3192 4241; x_wconf 89' lang='lat' dir='ltr'><strong>meam</strong></span> <span class='ocrx_word' id='word_1_514' title='bbox 3226 4183 3292 4239; x_wconf 84' lang='lat' dir='ltr'><strong>ad</strong></span> <span class='ocrx_word' id='word_1_515' title='bbox 3326 4199 3379 4238; x_wconf 73' lang='lat' dir='ltr'><strong>sc</strong></span> 
     </span>
    </p>
   </div>
   <div class='ocr_carea' id='block_1_76' title="bbox 135 4282 1626 4357">
    <p class='ocr_par' dir='ltr' id='par_1_76' title="bbox 135 4282 1616 4357">
     <span class='ocr_line' id='line_1_76' title="bbox 135 4282 1616 4357; baseline -0.001 -20"><span class='ocrx_word' id='word_1_516' title='bbox 135 4286 364 4357; x_wconf 69' lang='grc' dir='ltr'>στρέψας</span> <span class='ocrx_word' id='word_1_517' title='bbox 382 4284 485 4356; x_wconf 77' lang='grc' dir='ltr'><strong>τὴν</strong></span> <span class='ocrx_word' id='word_1_518' title='bbox 512 4282 690 4354; x_wconf 75' lang='grc' dir='ltr'>ψυχήν</span> <span class='ocrx_word' id='word_1_519' title='bbox 721 4302 820 4355; x_wconf 86' lang='grc' dir='ltr'>μου</span> <span class='ocrx_word' id='word_1_520' title='bbox 843 4283 915 4354; x_wconf 71' lang='grc'><strong>(4)</strong></span> <span class='ocrx_word' id='word_1_521' title='bbox 946 4283 1082 4356; x_wconf 80' lang='grc' dir='ltr'>πρὸς</span> <span class='ocrx_word' id='word_1_522' title='bbox 1109 4283 1302 4336; x_wconf 78' lang='grc' dir='ltr'>ἑαυτὸν</span> <span class='ocrx_word' id='word_1_523' title='bbox 1335 4283 1616 4355; x_wconf 80' lang='grc' dir='ltr'>ὡδήγησεν</span> 
     </span>
    </p>
   </div>
   <div class='ocr_carea' id='block_1_77' title="bbox 1431 4282 2922 4357">
    <p class='ocr_par' dir='ltr' id='par_1_77' title="bbox 1431 4285 2922 4355">
     <span class='ocr_line' id='line_1_77' title="bbox 1431 4285 2922 4355; baseline -0.012 -4"><span class='ocrx_word' id='word_1_524' title='bbox 1431 4285 1710 4355; x_wconf 58' lang='grc' dir='ltr'><strong>ἥγησενω)</strong></span> <span class='ocrx_word' id='word_1_525' title='bbox 1815 4294 2142 4343; x_wconf 85' lang='lat' dir='ltr'><strong>convertens</strong></span> <span class='ocrx_word' id='word_1_526' title='bbox 2176 4285 2400 4340; x_wconf 77' lang='lat' dir='ltr'><strong>deduxit</strong></span> <span class='ocrx_word' id='word_1_527' title='bbox 2427 4288 2480 4338; x_wconf 91' lang='lat' dir='ltr'><strong>in</strong></span> <span class='ocrx_word' id='word_1_528' title='bbox 2507 4291 2771 4354; x_wconf 64' lang='lat' dir='ltr'><strong>praecepta</strong></span> <span class='ocrx_word' id='word_1_529' title='bbox 2801 4294 2922 4345; x_wconf 89' lang='lat' dir='ltr'><strong>sua,</strong></span> 
     </span>
    </p>
   </div>
   <div class='ocr_carea' id='block_1_78' title="bbox 136 4375 812 4440">
    <p class='ocr_par' dir='ltr' id='par_1_78' title="bbox 136 4375 812 4440">
     <span class='ocr_line' id='line_1_78' title="bbox 136 4375 812 4440; baseline -0.007 -8"><span class='ocrx_word' id='word_1_530' title='bbox 136 4377 219 4434; x_wconf 64' lang='grc' dir='ltr'><strong>ἰπὶ</strong></span> <span class='ocrx_word' id='word_1_531' title='bbox 242 4377 346 4440; x_wconf 75' lang='grc' dir='ltr'>τὰς</span> <span class='ocrx_word' id='word_1_532' title='bbox 375 4375 594 4438; x_wconf 72' lang='grc' dir='ltr'>ἐντολὰς</span> <span class='ocrx_word' id='word_1_533' title='bbox 626 4375 812 4438; x_wconf 82' lang='grc' dir='ltr'>αὑτοῦ,</span> 
     </span>
    </p>
   </div>
   <div class='ocr_carea' id='block_1_79' title="bbox 195 4447 1686 4546">
    <p class='ocr_par' dir='ltr' id='par_1_79' title="bbox 195 4466 1094 4540">
     <span class='ocr_line' id='line_1_79' title="bbox 195 4466 1094 4540; baseline -0.002 -17"><span class='ocrx_word' id='word_1_534' title='bbox 195 4473 243 4524; x_wconf 81' lang='grc'><strong>6.</strong></span> <span class='ocrx_word' id='word_1_535' title='bbox 281 4468 459 4540; x_wconf 85' lang='grc' dir='ltr'>’Υπὲρ</span> <span class='ocrx_word' id='word_1_536' title='bbox 491 4466 876 4538; x_wconf 81' lang='grc' dir='ltr'><strong>τοῦ-ὀνόματος</strong></span> <span class='ocrx_word' id='word_1_537' title='bbox 906 4469 1094 4522; x_wconf 86' lang='grc' dir='ltr'>αὑτοῦ.</span> 
     </span>
    </p>
   </div>
   <div class='ocr_carea' id='block_1_80' title="bbox 1417 4447 2908 4546">
    <p class='ocr_par' dir='ltr' id='par_1_80' title="bbox 1738 4447 2908 4546">
     <span class='ocr_line' id='line_1_80' title="bbox 1738 4447 2908 4546; baseline -0.009 -32"><span class='ocrx_word' id='word_1_538' title='bbox 1738 4447 1780 4501; x_wconf 79' lang='grc' dir='ltr'><strong>Ῐ)</strong></span> <span class='ocrx_word' id='word_1_539' title='bbox 1880 4461 1933 4515; x_wconf 90' lang='lat'><strong>6.</strong></span> <span class='ocrx_word' id='word_1_540' title='bbox 1965 4459 2074 4513; x_wconf 86' lang='lat' dir='ltr'><strong>Pro</strong></span> <span class='ocrx_word' id='word_1_541' title='bbox 2101 4456 2320 4511; x_wconf 89' lang='lat' dir='ltr'><strong>nomine</strong></span> <span class='ocrx_word' id='word_1_542' title='bbox 2349 4455 2489 4524; x_wconf 84' lang='lat' dir='ltr'><strong>ejus.</strong></span> <span class='ocrx_word' id='word_1_543' title='bbox 2897 4535 2908 4546; x_wconf 43' lang='lat'><strong>.</strong></span> 
     </span>
    </p>
   </div>
   <div class='ocr_carea' id='block_1_81' title="bbox 202 4544 1693 4631">
    <p class='ocr_par' dir='ltr' id='par_1_81' title="bbox 202 4557 1280 4631">
     <span class='ocr_line' id='line_1_81' title="bbox 202 4557 1280 4631; baseline -0.002 -17"><span class='ocrx_word' id='word_1_544' title='bbox 202 4560 249 4614; x_wconf 91' lang='lat'><strong>7.</strong></span> <span class='ocrx_word' id='word_1_545' title='bbox 281 4560 381 4623; x_wconf 84' lang='grc' dir='ltr'><strong>Εἰς</strong></span> <span class='ocrx_word' id='word_1_546' title='bbox 409 4557 472 4610; x_wconf 81' lang='grc' dir='ltr'>τὸ</span> <span class='ocrx_word' id='word_1_547' title='bbox 496 4557 875 4629; x_wconf 80' lang='grc' dir='ltr'>τιμωρηθῆναί</span> <span class='ocrx_word' id='word_1_548' title='bbox 903 4577 970 4630; x_wconf 88' lang='grc' dir='ltr'><strong>με</strong></span> <span class='ocrx_word' id='word_1_549' title='bbox 996 4559 1136 4631; x_wconf 82' lang='grc' dir='ltr'>ὑπὲρ</span> <span class='ocrx_word' id='word_1_550' title='bbox 1167 4559 1280 4612; x_wconf 87' lang='grc' dir='ltr'>σοῦ.</span> 
     </span>
    </p>
   </div>
   <div class='ocr_carea' id='block_1_82' title="bbox 1614 4544 3105 4631">
    <p class='ocr_par' dir='ltr' id='par_1_82' title="bbox 1887 4544 3105 4616">
     <span class='ocr_line' id='line_1_82' title="bbox 1887 4544 3105 4616; baseline -0.012 -14"><span class='ocrx_word' id='word_1_551' title='bbox 1887 4551 1936 4606; x_wconf 89' lang='lat'><strong>7.</strong></span> <span class='ocrx_word' id='word_1_552' title='bbox 1969 4550 2104 4604; x_wconf 87' lang='lat' dir='ltr'><strong>Cum</strong></span> <span class='ocrx_word' id='word_1_553' title='bbox 2137 4562 2234 4616; x_wconf 78' lang='lat' dir='ltr'><strong>ego</strong></span> <span class='ocrx_word' id='word_1_554' title='bbox 2258 4550 2529 4600; x_wconf 88' lang='lat' dir='ltr'><strong>tormenta</strong></span> <span class='ocrx_word' id='word_1_555' title='bbox 2562 4555 2660 4610; x_wconf 90' lang='lat' dir='ltr'><strong>pro</strong></span> <span class='ocrx_word' id='word_1_556' title='bbox 2691 4546 2742 4592; x_wconf 91' lang='lat' dir='ltr'><strong>te</strong></span> <span class='ocrx_word' id='word_1_557' title='bbox 2776 4544 3105 4591; x_wconf 88' lang='lat' dir='ltr'><strong>sustinuero.</strong></span> 
     </span>
    </p>
   </div>
   <div class='ocr_carea' id='block_1_83' title="bbox 194 4625 1685 4725">
    <p class='ocr_par' dir='ltr' id='par_1_83' title="bbox 194 4648 1685 4725">
     <span class='ocr_line' id='line_1_83' title="bbox 194 4648 1685 4725; baseline -0.003 -19"><span class='ocrx_word' id='word_1_558' title='bbox 194 4653 245 4706; x_wconf 88' lang='lat'><strong>8.</strong></span> <span class='ocrx_word' id='word_1_559' title='bbox 281 4653 359 4705; x_wconf 74' lang='grc' dir='ltr'><strong>Οὐ</strong></span> <span class='ocrx_word' id='word_1_560' title='bbox 392 4651 618 4722; x_wconf 81' lang='grc' dir='ltr'>πτοήσει</span> <span class='ocrx_word' id='word_1_561' title='bbox 651 4668 717 4720; x_wconf 88' lang='grc' dir='ltr'><strong>με</strong></span> <span class='ocrx_word' id='word_1_562' title='bbox 747 4653 895 4704; x_wconf 77' lang='grc' dir='ltr'>πᾶσα</span> <span class='ocrx_word' id='word_1_563' title='bbox 919 4653 1160 4725; x_wconf 86' lang='grc' dir='ltr'>τιμωρία</span> <span class='ocrx_word' id='word_1_564' title='bbox 1184 4694 1197 4717; x_wconf 88' lang='grc'><em>,</em></span> <span class='ocrx_word' id='word_1_565' title='bbox 1230 4653 1312 4705; x_wconf 80' lang='grc' dir='ltr'><strong>ὅτι</strong></span> <span class='ocrx_word' id='word_1_566' title='bbox 1349 4652 1411 4706; x_wconf 76' lang='grc' dir='ltr'><strong>σὺ</strong></span> <span class='ocrx_word' id='word_1_567' title='bbox 1443 4648 1685 4720; x_wconf 73' lang='grc' dir='ltr'>ἐνισχύειι</span> 
     </span>
    </p>
   </div>
   <div class='ocr_carea' id='block_1_84' title="bbox 1893 4625 3384 4725">
    <p class='ocr_par' dir='ltr' id='par_1_84' title="bbox 1893 4625 3384 4698">
     <span class='ocr_line' id='line_1_84' title="bbox 1893 4625 3384 4698; baseline -0.009 -2"><span class='ocrx_word' id='word_1_568' title='bbox 1893 4645 1940 4696; x_wconf 81' lang='grc' dir='ltr'>Β.</span> <span class='ocrx_word' id='word_1_569' title='bbox 1970 4641 2161 4694; x_wconf 83' lang='lat' dir='ltr'><strong>Nullus</strong></span> <span class='ocrx_word' id='word_1_570' title='bbox 2194 4652 2281 4692; x_wconf 90' lang='lat' dir='ltr'><strong>me</strong></span> <span class='ocrx_word' id='word_1_571' title='bbox 2303 4635 2584 4692; x_wconf 89' lang='lat' dir='ltr'><strong>cruciatus</strong></span> <span class='ocrx_word' id='word_1_572' title='bbox 2611 4629 2850 4694; x_wconf 88' lang='lat' dir='ltr'><strong>terrebit,</strong></span> <span class='ocrx_word' id='word_1_573' title='bbox 2878 4627 3135 4698; x_wconf 85' lang='lat' dir='ltr'><strong>quoniam</strong></span> <span class='ocrx_word' id='word_1_574' title='bbox 3159 4634 3218 4682; x_wconf 91' lang='lat' dir='ltr'><strong>tu</strong></span> <span class='ocrx_word' id='word_1_575' title='bbox 3244 4625 3384 4682; x_wconf 70' lang='lat' dir='ltr'><strong>vires</strong></span> 
     </span>
    </p>
   </div>
   <div class='ocr_carea' id='block_1_85' title="bbox 140 4721 1631 4812">
    <p class='ocr_par' dir='ltr' id='par_1_85' title="bbox 140 4739 776 4812">
     <span class='ocr_line' id='line_1_85' title="bbox 140 4739 776 4812; baseline 0 -17"><span class='ocrx_word' id='word_1_576' title='bbox 140 4759 200 4812; x_wconf 79' lang='grc' dir='ltr'><strong>με</strong></span> <span class='ocrx_word' id='word_1_577' title='bbox 229 4741 524 4812; x_wconf 78' lang='grc' dir='ltr'>ὑπομένειν</span> <span class='ocrx_word' id='word_1_578' title='bbox 555 4739 776 4804; x_wconf 81' lang='grc' dir='ltr'>ταύτας.</span> 
     </span>
    </p>
   </div>
   <div class='ocr_carea' id='block_1_86' title="bbox 1287 4721 2778 4812">
    <p class='ocr_par' dir='ltr' id='par_1_86' title="bbox 1820 4721 2778 4801">
     <span class='ocr_line' id='line_1_86' title="bbox 1820 4721 2778 4801; baseline -0.015 -13"><span class='ocrx_word' id='word_1_579' title='bbox 1820 4733 1953 4788; x_wconf 79' lang='lat' dir='ltr'><strong>mihi</strong></span> <span class='ocrx_word' id='word_1_580' title='bbox 1986 4731 2212 4801; x_wconf 68' lang='lat' dir='ltr'><strong>prmbcs,</strong></span> <span class='ocrx_word' id='word_1_581' title='bbox 2243 4736 2304 4782; x_wconf 92' lang='lat' dir='ltr'><strong>ut</strong></span> <span class='ocrx_word' id='word_1_582' title='bbox 2334 4727 2456 4780; x_wconf 90' lang='lat' dir='ltr'><strong>illos</strong></span> <span class='ocrx_word' id='word_1_583' title='bbox 2489 4721 2778 4794; x_wconf 79' lang='lat' dir='ltr'><strong>perferam.</strong></span> 
     </span>
    </p>
   </div>
   <div class='ocr_carea' id='block_1_87' title="bbox 201 4816 1692 4904">
    <p class='ocr_par' dir='ltr' id='par_1_87' title="bbox 201 4830 1692 4904">
     <span class='ocr_line' id='line_1_87' title="bbox 201 4830 1692 4904; baseline -0.003 -16"><span class='ocrx_word' id='word_1_584' title='bbox 201 4832 254 4888; x_wconf 89' lang='lat'><strong>9.</strong></span> <span class='ocrx_word' id='word_1_585' title='bbox 291 4836 352 4888; x_wconf 86' lang='grc' dir='ltr'>Ὀ</span> <span class='ocrx_word' id='word_1_586' title='bbox 393 4833 524 4896; x_wconf 77' lang='grc' dir='ltr'>Υἱός</span> <span class='ocrx_word' id='word_1_587' title='bbox 559 4849 652 4885; x_wconf 87' lang='grc' dir='ltr'>σου</span> <span class='ocrx_word' id='word_1_588' title='bbox 697 4833 793 4886; x_wconf 77' lang='grc' dir='ltr'><strong>καὶ</strong></span> <span class='ocrx_word' id='word_1_589' title='bbox 831 4832 892 4886; x_wconf 85' lang='grc' dir='ltr'><strong>τὸ</strong></span> <span class='ocrx_word' id='word_1_590' title='bbox 918 4833 1143 4904; x_wconf 83' lang='grc' dir='ltr'>Πνεῦμά</span> <span class='ocrx_word' id='word_1_591' title='bbox 1190 4850 1283 4886; x_wconf 88' lang='grc' dir='ltr'>σου</span> <span class='ocrx_word' id='word_1_592' title='bbox 1330 4831 1392 4885; x_wconf 83' lang='grc' dir='ltr'>τὸ</span> <span class='ocrx_word' id='word_1_593' title='bbox 1429 4830 1581 4901; x_wconf 83' lang='grc' dir='ltr'>ἆγιον</span> <span class='ocrx_word' id='word_1_594' title='bbox 1608 4832 1692 4885; x_wconf 84' lang='grc' dir='ltr'><strong>ὲπ-</strong></span> 
     </span>
    </p>
   </div>
   <div class='ocr_carea' id='block_1_88' title="bbox 1892 4816 3383 4904">
    <p class='ocr_par' dir='ltr' id='par_1_88' title="bbox 1892 4816 3383 4887">
     <span class='ocr_line' id='line_1_88' title="bbox 1892 4816 3383 4887; baseline -0.015 -8"><span class='ocrx_word' id='word_1_595' title='bbox 1892 4825 1944 4879; x_wconf 87' lang='grc'><strong>9.</strong></span> <span class='ocrx_word' id='word_1_596' title='bbox 1989 4821 2160 4875; x_wconf 83' lang='lat' dir='ltr'><strong>Filius</strong></span> <span class='ocrx_word' id='word_1_597' title='bbox 2195 4830 2354 4885; x_wconf 89' lang='lat' dir='ltr'><strong>tuus,</strong></span> <span class='ocrx_word' id='word_1_598' title='bbox 2391 4827 2444 4872; x_wconf 92' lang='lat' dir='ltr'><strong>ct</strong></span> <span class='ocrx_word' id='word_1_599' title='bbox 2475 4816 2713 4887; x_wconf 86' lang='lat' dir='ltr'><strong>Spiritus</strong></span> <span class='ocrx_word' id='word_1_600' title='bbox 2747 4820 2973 4868; x_wconf 84' lang='lat' dir='ltr'><strong>sanctus</strong></span> <span class='ocrx_word' id='word_1_601' title='bbox 3001 4817 3128 4868; x_wconf 90' lang='lat' dir='ltr'><strong>tuus</strong></span> <span class='ocrx_word' id='word_1_602' title='bbox 3159 4823 3383 4864; x_wconf 59' lang='lat' dir='ltr'><strong>conver~</strong></span> 
     </span>
    </p>
   </div>
   <div class='ocr_carea' id='block_1_89' title="bbox 140 4925 1631 5004">
    <p class='ocr_par' dir='ltr' id='par_1_89' title="bbox 140 4925 520 4998">
     <span class='ocr_line' id='line_1_89' title="bbox 140 4925 520 4998; baseline 0 -18"><span class='ocrx_word' id='word_1_603' title='bbox 140 4925 225 4980; x_wconf 79' lang='grc' dir='ltr'>ἐστ</span> <span class='ocrx_word' id='word_1_604' title='bbox 233 4925 398 4995; x_wconf 67' lang='grc' dir='ltr'>ρεψάν</span> <span class='ocrx_word' id='word_1_605' title='bbox 432 4943 520 4998; x_wconf 88' lang='grc' dir='ltr'>με.</span> 
     </span>
    </p>
   </div>
   <div class='ocr_carea' id='block_1_90' title="bbox 1681 4925 3172 5004">
    <p class='ocr_par' dir='ltr' id='par_1_90' title="bbox 1818 4925 2132 4970">
     <span class='ocr_line' id='line_1_90' title="bbox 1818 4925 2132 4970; baseline -0.016 0"><span class='ocrx_word' id='word_1_606' title='bbox 1818 4925 1998 4970; x_wconf 87' lang='lat' dir='ltr'><strong>terunt</strong></span> <span class='ocrx_word' id='word_1_607' title='bbox 2027 4929 2132 4967; x_wconf 88' lang='lat' dir='ltr'><strong>tne.</strong></span> 
     </span>
    </p>
   </div>
   <div class='ocr_carea' id='block_1_91' title="bbox 205 4995 1696 5090">
    <p class='ocr_par' dir='ltr' id='par_1_91' title="bbox 205 4995 1696 5090">
     <span class='ocr_line' id='line_1_91' title="bbox 205 4995 1696 5090; baseline -0.003 -18"><span class='ocrx_word' id='word_1_608' title='bbox 205 5016 288 5072; x_wconf 68' lang='grc'><strong>10.</strong></span> <span class='ocrx_word' id='word_1_609' title='bbox 321 4995 441 5088; x_wconf 79' lang='grc' dir='ltr'><strong>Τὴν</strong></span> <span class='ocrx_word' id='word_1_610' title='bbox 467 5015 792 5088; x_wconf 78' lang='grc' dir='ltr'>ἐπουράνιον</span> <span class='ocrx_word' id='word_1_611' title='bbox 832 5016 978 5085; x_wconf 82' lang='grc' dir='ltr'>λέγει</span> <span class='ocrx_word' id='word_1_612' title='bbox 1009 5017 1288 5090; x_wconf 81' lang='grc' dir='ltr'>τράπεζαν</span> <span class='ocrx_word' id='word_1_613' title='bbox 1322 5017 1385 5070; x_wconf 83' lang='grc' dir='ltr'>τὸ</span> <span class='ocrx_word' id='word_1_614' title='bbox 1417 5016 1696 5087; x_wconf 63' lang='grc' dir='ltr'>μυστήριοε</span> 
     </span>
    </p>
   </div>
   <div class='ocr_carea' id='block_1_92' title="bbox 1896 4995 3387 5090">
    <p class='ocr_par' dir='ltr' id='par_1_92' title="bbox 1896 4995 3387 5072">
     <span class='ocr_line' id='line_1_92' title="bbox 1896 4995 3387 5072; baseline -0.013 -10"><span class='ocrx_word' id='word_1_615' title='bbox 1896 5008 1978 5062; x_wconf 82' lang='lat' dir='ltr'><strong>l0.</strong></span> <span class='ocrx_word' id='word_1_616' title='bbox 2013 5006 2299 5062; x_wconf 76' lang='lat' dir='ltr'><strong>L&#39;wlestem</strong></span> <span class='ocrx_word' id='word_1_617' title='bbox 2339 5018 2583 5059; x_wconf 88' lang='lat' dir='ltr'><strong>mensam</strong></span> <span class='ocrx_word' id='word_1_618' title='bbox 2612 5009 2770 5058; x_wconf 81' lang='lat' dir='ltr'><strong>vocat</strong></span> <span class='ocrx_word' id='word_1_619' title='bbox 2809 4995 3126 5072; x_wconf 85' lang='lat' dir='ltr'><strong>mysterium</strong></span> <span class='ocrx_word' id='word_1_620' title='bbox 3161 4995 3387 5047; x_wconf 51' lang='lat' dir='ltr'><strong>immuta</strong></span> 
     </span>
    </p>
   </div>
   <div class='ocr_carea' id='block_1_93' title="bbox 140 5101 1631 5164">
    <p class='ocr_par' dir='ltr' id='par_1_93' title="bbox 140 5108 510 5164">
     <span class='ocr_line' id='line_1_93' title="bbox 140 5108 510 5164; baseline -0.003 -3"><span class='ocrx_word' id='word_1_621' title='bbox 140 5109 196 5162; x_wconf 74' lang='grc' dir='ltr'>τὸ</span> <span class='ocrx_word' id='word_1_622' title='bbox 223 5108 510 5164; x_wconf 80' lang='grc' dir='ltr'>ἀθάνατον.</span> 
     </span>
    </p>
   </div>
   <div class='ocr_carea' id='block_1_94' title="bbox 446 5101 1937 5164">
    <p class='ocr_par' dir='ltr' id='par_1_94' title="bbox 446 5101 1937 5161">
     <span class='ocr_line' id='line_1_94' title="bbox 446 5101 1937 5161; baseline -0.003 -1"><span class='ocrx_word' id='word_1_623' title='bbox 446 5125 510 5161; x_wconf 65' lang='grc' dir='ltr'>ιν.</span> <span class='ocrx_word' id='word_1_624' title='bbox 1814 5101 1937 5157; x_wconf 87' lang='lat' dir='ltr'><strong>tale.</strong></span> 
     </span>
    </p>
   </div>
   <div class='ocr_carea' id='block_1_95' title="bbox 213 5180 1704 5270">
    <p class='ocr_par' dir='ltr' id='par_1_95' title="bbox 213 5193 1704 5270">
     <span class='ocr_line' id='line_1_95' title="bbox 213 5193 1704 5270; baseline -0.006 -16"><span class='ocrx_word' id='word_1_625' title='bbox 213 5200 299 5254; x_wconf 77' lang='grc'><strong>11.</strong></span> <span class='ocrx_word' id='word_1_626' title='bbox 335 5200 409 5256; x_wconf 82' lang='grc' dir='ltr'>Τὸ</span> <span class='ocrx_word' id='word_1_627' title='bbox 443 5199 622 5253; x_wconf 78' lang='grc' dir='ltr'>ἔλαιον</span> <span class='ocrx_word' id='word_1_628' title='bbox 655 5196 807 5267; x_wconf 83' lang='grc' dir='ltr'>λέγει</span> <span class='ocrx_word' id='word_1_629' title='bbox 849 5199 946 5269; x_wconf 77' lang='grc' dir='ltr'>τῆς</span> <span class='ocrx_word' id='word_1_630' title='bbox 987 5198 1208 5270; x_wconf 84' lang='grc' dir='ltr'>χάριτος</span> <span class='ocrx_word' id='word_1_631' title='bbox 1235 5196 1328 5252; x_wconf 88' lang='grc' dir='ltr'><strong>τοῦ</strong></span> <span class='ocrx_word' id='word_1_632' title='bbox 1359 5195 1515 5265; x_wconf 82' lang='grc' dir='ltr'>ἁγίου</span> <span class='ocrx_word' id='word_1_633' title='bbox 1551 5193 1704 5252; x_wconf 71' lang='grc' dir='ltr'>Πνεύε</span> 
     </span>
    </p>
   </div>
   <div class='ocr_carea' id='block_1_96' title="bbox 1574 5180 3065 5270">
    <p class='ocr_par' dir='ltr' id='par_1_96' title="bbox 1574 5180 3065 5266">
     <span class='ocr_line' id='line_1_96' title="bbox 1574 5180 3065 5266; baseline -0.01 -19"><span class='ocrx_word' id='word_1_634' title='bbox 1574 5193 1718 5248; x_wconf 63' lang='lat' dir='ltr'><strong>hac.</strong></span> <span class='ocrx_word' id='word_1_635' title='bbox 1892 5191 1977 5245; x_wconf 84' lang='lat' dir='ltr'><strong>ll.</strong></span> <span class='ocrx_word' id='word_1_636' title='bbox 2007 5188 2196 5248; x_wconf 83' lang='lat' dir='ltr'><strong>Oleum</strong></span> <span class='ocrx_word' id='word_1_637' title='bbox 2231 5189 2363 5248; x_wconf 84' lang='lat' dir='ltr'><strong>dicit</strong></span> <span class='ocrx_word' id='word_1_638' title='bbox 2391 5188 2579 5266; x_wconf 68' lang='lat' dir='ltr'><strong>gratia:</strong></span> <span class='ocrx_word' id='word_1_639' title='bbox 2605 5184 2843 5258; x_wconf 88' lang='lat' dir='ltr'><strong>Spiritus</strong></span> <span class='ocrx_word' id='word_1_640' title='bbox 2872 5180 3065 5237; x_wconf 84' lang='lat' dir='ltr'><strong>sancti.</strong></span> 
     </span>
    </p>
   </div>
   <div class='ocr_carea' id='block_1_97' title="bbox 148 5303 326 5359">
    <p class='ocr_par' dir='ltr' id='par_1_97' title="bbox 148 5303 326 5359">
     <span class='ocr_line' id='line_1_97' title="bbox 148 5303 326 5359; baseline 0.011 -18"><span class='ocrx_word' id='word_1_641' title='bbox 148 5303 326 5359; x_wconf 74' lang='grc' dir='ltr'>ματος.</span> 
     </span>
    </p>
   </div>
   <div class='ocr_carea' id='block_1_98' title="bbox 1099 5386 2442 5475">
    <p class='ocr_par' dir='ltr' id='par_1_98' title="bbox 1099 5386 2442 5475">
     <span class='ocr_line' id='line_1_98' title="bbox 1099 5386 2442 5475; baseline -0.013 -13"><span class='ocrx_word' id='word_1_642' title='bbox 1099 5399 1407 5464; x_wconf 82' lang='lat' dir='ltr'><strong>Addenda</strong></span> <span class='ocrx_word' id='word_1_643' title='bbox 1450 5409 1513 5463; x_wconf 87' lang='lat' dir='ltr'><strong>et</strong></span> <span class='ocrx_word' id='word_1_644' title='bbox 1547 5393 1920 5475; x_wconf 77' lang='lat' dir='ltr'><strong>corrigenda</strong></span> <span class='ocrx_word' id='word_1_645' title='bbox 1967 5389 2212 5454; x_wconf 76' lang='lat' dir='ltr'><strong>excod.</strong></span> <span class='ocrx_word' id='word_1_646' title='bbox 2244 5386 2442 5450; x_wconf 82' lang='lat' dir='ltr'><strong>Vatic.</strong></span> 
     </span>
    </p>
   </div>
   <div class='ocr_carea' id='block_1_99' title="bbox 220 5527 2948 5650">
    <p class='ocr_par' dir='ltr' id='par_1_99' title="bbox 220 5527 2948 5650">
     <span class='ocr_line' id='line_1_99' title="bbox 220 5527 2948 5650; baseline 0 0"><span class='ocrx_word' id='word_1_647' title='bbox 220 5546 292 5650; x_wconf 63' lang='lat' dir='ltr'><strong>St!</strong></span> <span class='ocrx_word' id='word_1_648' title='bbox 335 5550 402 5650; x_wconf 68' lang='lat' dir='ltr'><strong>ﬁt:</strong></span> <span class='ocrx_word' id='word_1_649' title='bbox 425 5544 1040 5650; x_wconf 54' lang='grc' dir='ltr'>ὲικὲιςιιοέῖξέις....η,</span> <span class='ocrx_word' id='word_1_650' title='bbox 1897 5538 1976 5650; x_wconf 57' lang='grc' dir='ltr'><strong>ἐξὲξ</strong></span> <span class='ocrx_word' id='word_1_651' title='bbox 2000 5535 2068 5650; x_wconf 59' lang='grc' dir='ltr'><strong>ξ’</strong></span> <span class='ocrx_word' id='word_1_652' title='bbox 2092 5533 2146 5650; x_wconf 61' lang='grc' dir='ltr'><strong>ὲ·</strong></span> <span class='ocrx_word' id='word_1_653' title='bbox 2189 5527 2948 5650; x_wconf 56' lang='grc' dir='ltr'><strong>ῖὲἒτςῖῖξέίἷὲ.ΐ.ψὲἒέἔδξι⁰⁰’</strong></span> 
     </span>
    </p>
   </div>
   <div class='ocr_carea' id='block_1_100' title="bbox 220 5601 2846 5692">
    <p class='ocr_par' dir='ltr' id='par_1_100' title="bbox 220 5601 2846 5692">
     <span class='ocr_line' id='line_1_100' title="bbox 220 5601 2846 5692; baseline -0.009 -19"><span class='ocrx_word' id='word_1_654' title='bbox 337 5601 639 5692; x_wconf 15' lang='grc' dir='ltr'><strong>’ᾗᾲδίίτῆξ</strong></span> <span class='ocrx_word' id='word_1_655' title='bbox 669 5601 1040 5692; x_wconf 59' lang='grc' dir='ltr'><strong>κιννὲϐάρεως</strong></span> <span class='ocrx_word' id='word_1_656' title='bbox 1068 5614 1332 5687; x_wconf 81' lang='grc' dir='ltr'>περιέχει.</span> <span class='ocrx_word' id='word_1_657' title='bbox 2000 5607 2063 5662; x_wconf 81' lang='grc' dir='ltr'>Ν.</span> <span class='ocrx_word' id='word_1_658' title='bbox 2095 5606 2147 5662; x_wconf 81' lang='lat'><strong>5.</strong></span> <span class='ocrx_word' id='word_1_659' title='bbox 2189 5601 2448 5674; x_wconf 75' lang='grc' dir='ltr'><strong>Ὠδήγησέ</strong></span> <span class='ocrx_word' id='word_1_660' title='bbox 2487 5615 2622 5668; x_wconf 88' lang='grc' dir='ltr'>με...</span> <span class='ocrx_word' id='word_1_661' title='bbox 2657 5601 2846 5650; x_wconf 80' lang='grc' dir='ltr'>αὐτοῦ.</span> 
     </span>
    </p>
   </div>
   <div class='ocr_carea' id='block_1_101' title="bbox 222 5685 1061 5762">
    <p class='ocr_par' dir='ltr' id='par_1_101' title="bbox 222 5685 1061 5762">
     <span class='ocr_line' id='line_1_101' title="bbox 222 5685 1061 5762; baseline -0.008 -15"><span class='ocrx_word' id='word_1_662' title='bbox 333 5690 559 5762; x_wconf 77' lang='grc' dir='ltr'>Τίθησιν</span> <span class='ocrx_word' id='word_1_663' title='bbox 590 5685 730 5759; x_wconf 76' lang='grc' dir='ltr'>ὑπὲρ</span> <span class='ocrx_word' id='word_1_664' title='bbox 758 5685 1061 5762; x_wconf 80' lang='grc' dir='ltr'>προϐάτων.</span> 
     </span>
    </p>
   </div>
  </div>
