3750 6424
303 364 398 417 751
1157 359 1215 415 5.
1257 356 1628 412 ΑΤΗΑΝΑΞΠ
1666 355 1784 410 OPF

2070 356 2158 411 Ill.
2199 386 2268 396 -—
2305 353 2713 410 EXEGETICA.
3439 351 3544 404 7'5!

377 479 464 532 12.
502 475 568 531 Ει
589 476 730 531 calix
753 483 880 530 tuus
904 472 1204 538 inebrians,
1230 487 1395 541 quam
1429 471 1726 540 przeclarus
1752 479 1836 525 est

2060 467 2140 521 l2.
2171 470 2279 521 Kal
2303 468 2363 521 τὸ
2393 467 2654 538 ποτήριόν
2691 481 2786 518 σου
2820 461 3088 534 μεθύσκον
3121 479 3208 534 με,
3244 463 3376 517 ὡσεὶ
3405 469 3541 538 κρά-

1984 559 2152 612 ίιστον
2169 572 2182 586 ·

382 655 465 709 15.
505 654 568 709 Et
597 652 974 709 misericordia
1000 661 1090 706 tua
1121 651 1487 720 subsequetur
1512 664 1597 703 me
1621 649 1863 703 omnibus

2060 649 2134 703 l5.
2165 650 2273 702 Kal
2318 648 2378 700 τὸ
2425 648 2570 711 ἔλεός
2614 662 2708 700 σου
2753 645 3074 711 καταδιώξει
3122 663 3192 718 με
3232 647 3411 710 πάσας
3446 649 3541 714 τὰς

302 750 493 804 diebus
519 748 642 802 vitae
675 762 807 800 meai.
834 761 847 798 :
1693 805 1699 818 ι

1693 805 1699 818 η
1975 739 2188 812 ἡμέρας
2215 738 2310 808 τῆς
2344 737 2490 808 ζωῆς
2523 753 2655 808 μου·

379 839 464 893 11.
500 837 563 891 Et
593 847 651 890 ut
675 836 974 892 inhabilem
1010 837 1065 890 in
1096 834 1263 890 domo
1297 833 1514 889 Domini
1545 833 1860 904 inglongitu-

2066 831 2136 884 .4.
2168 831 2276 883 Kal
2303 830 2364 882 τὸ
2386 832 2658 884 κατοικεῖν
2679 846 2746 900 με
2773 830 2830 882 ἐν
2859 828 2992 900 οἴκῳ
3014 830 3219 903 Κυρίου
3242 832 3321 894 είς
3350 829 3547 903 μακρό-

302 931 484 985 dinem
513 929 749 986 dierum.

1974 939 2112 994 τητα
2139 923 2378 994 ἡμερῶν.

301 1043 491 1100 Prima
537 1042 786 1106 Sabbati,
843 1041 1080 1112 psalmus
1136 1040 1327 1096 Dauid.
1382 1039 1582 1095 PSAL.
1643 1037 1782 1093 XXI

2063 1033 2231 1104 ιλμὸς
2257 1032 2334 1098 τῷ
2359 1033 2536 1087 Δαϐὶδ
2561 1031 2673 1101 τῆς
2688 1031 2829 1102 μιᾶς
2855 1032 3176 1088 Σαϐὅὰτου.
3212 1034 3386 1088 ΨΑΛ.
3410 1035 3544 1088 K1".

375 1137 426 1190 1.
460 1134 677 1188 Domini
707 1141 790 1190 est
823 1143 984 1197 terra,
1016 1143 1069 1188 et
1100 1133 1377 1203 plenitudo
1404 1132 1545 1202 ejus.

2047 1128 2097 1181 1.
2133 1127 2238 1180 Τοῦ
2270 1128 2469 1198 Κυρίου
2499 1127 2532 1197 ἡ
2559 1126 2653 1196 γῆ,
2682 1125 2775 1178 καὶ
2801 1125 2862 1178 τὸ
2895 1126 3168 1198 πλήρωμα
3201 1126 3404 1196 αὐτῆς,

372 1227 428 1279 2.
460 1224 620 1281 Orbis
646 1233 944 1293 terrarum,
962 1234 1016 1280 et
1040 1225 1302 1289 universi,
1321 1225 1414 1294 qui
1439 1223 1687 1279 habitant
1709 1223 1764 1278 in
1788 1238 1853 1280 eo

2068 1218 2101 1271 l.
2131 1219 2194 1270 'H
2209 1218 2500 1290 οἰκουμένη
2519 1218 2613 1271 καὶ
2633 1217 2832 1282 πάντες
2847 1219 2897 1271 οἰ
2914 1217 3296 1280 κατοικοῦντες
3313 1219 3371 1271 ὲν
3386 1217 3549 1289 αὐτῇ,

375 1317 428 1369 5.
464 1315 601 1382 Quia
627 1317 754 1386 ipse
783 1331 948 1386 super
983 1316 1154 1370 maria
1186 1315 1436 1370 fundavit
1465 1330 1591 1370 eum
1621 1333 1635 1369 :

2045 1310 2099 1365 5.
2129 1309 2300 1372 Αὐτὸς
2322 1309 2432 1380 γὰρ
2464 1311 2555 1362 ἐπὶ
2582 1308 2864 1364 Θαλασσῶν
2891 1309 3246 1380 ὲθεμελίωσεν
3273 1309 3465 1381 αὐτὴν,

371 1407 427 1460 4.
462 1405 527 1461 Ει
558 1423 724 1477 super
755 1407 981 1462 ﬂumina
1008 1407 1335 1477 praaparavit
1362 1422 1511 1462 eum.

2044 1398 2098 1455 4.
2135 1401 2243 1454 Kal
2268 1402 2358 1454 ἐπὶ
2381 1401 2640 1472 ποταμῶν
2668 1403 2962 1473 ἡτοίμασεν
2991 1402 3181 1473 αὐτήν.

373 1498 426 1552 5.
463 1497 593 1564 Quis
621 1501 878 1554 ascendet
903 1501 958 1553 in
987 1512 1229 1554 montem
1264 1498 1527 1553 Domini?

2047 1491 2101 1547 5.
2129 1492 2224 1553 Τίς
2247 1492 2572 1562 ἀναϐήσεται
2606 1494 2686 1554 είς
2713 1492 2774 1545 τὸ
2796 1493 2920 1562 ὅρος
2941 1491 3032 1544 τοῦ
3068 1493 3307 1564 Κυρίου;

375 1587 409 1642 6
463 1591 570 1642 Aut
601 1590 726 1659 quis
755 1589 922 1643 stabit
951 1591 1005 1642 in
1040 1589 1161 1643 loco
1188 1598 1380 1643 sancto
1415 1587 1572 1657 ejus?

2047 1580 2101 1635 6.
2137 1581 2207 1632 Ἢ
2231 1580 2314 1642 τίς
2347 1581 2600 1650 στήσεται
2629 1583 2685 1634 ἐν
2709 1581 2858 1650 τόπῳ
2887 1581 3027 1650 ἁγίῳ
3053 1580 3250 1647 aia-:05;

377 1677 428 1735 7.
462 1679 730 1735 lnnocens
765 1682 1041 1745 manibus,
1069 1690 1122 1737 et
1145 1683 1351 1736 mundo
1374 1681 1536 1736 corde
1562 1697 1576 1733 :

2047 1677 2099 1729 7.
2143 1675 2341 1738 Ἀθῶος
2369 1677 2543 1747 χερσὶ,
2572 1676 2666 1728 καὶ
2695 1676 2932 1747 καθαρὸς
2965 1679 3031 1748 τῇ
3067 1677 3287 1747 καρδίᾳ,

371 1771 428 1828 8.
461 1771 566 1839 Qui
601 1788 706 1826 non
735 1773 944 1842 accepit
975 1773 1031 1826 in
1056 1787 1200 1827 vano
1227 1773 1465 1826 animam
1496 1787 1652 1827 suam
1682 1787 1696 1802 ⁸

2053 1768 2106 1823 8.
2138 1770 2233 1832 Ὃς
2263 1769 2363 1821 οὐκ
2388 1769 2576 1820 ἕλαόεν
2603 1769 2696 1820 ἐπὶ
2731 1768 2944 1840 ματαίῳ
2976 1771 3076 1840 τὴν
3104 1768 3285 1838 ψυχὴν
3311 1767 3502 1831 αὑτοῦ,

374 1863 428 1918 9.
463 1863 573 1918 Nec
597 1863 801 1932 juravit
832 1865 887 1916 in
915 1863 1041 1918 dolo
1064 1864 1316 1932 proximo
1345 1878 1448 1916 suo
1476 1881 1490 1917 :

2051 1861 2105 1916 9.
2141 1860 2249 1913 Kal
2273 1860 2371 1912 οὐκ
2399 1857 2608 1930 ὤμοσεν
2641 1860 2733 1913 ἐπὶ
2765 1859 2899 1930 δόλῳ
2928 1861 3004 1930 τῷ
3036 1861 3262 1932 πλησίον
3295 1858 3497 1912 αὐτοῦ’

373 1953 463 2008 10.
498 1953 597 2008 llic
625 1956 856 2023 accipiet
887 1954 1321 2008 benedictionem
1359 1970 1389 2006 a
1414 1952 1670 2018 Domino,

2053 1953 2138 2006 10.
2173 1954 2252 2023 (a)
2288 1945 2455 2016 Οὗτος
2480 1952 2706 2023 λήψεται
2735 1953 2979 2022 εὐλογίαν
3007 1954 3156 2024 παρὰ
3183 1954 3413 2024 Κυρίου,

375 2044 460 2098 11.
495 2044 560 2098 Ει
592 2045 1024 2100 misericordiam
1062 2061 1092 2098 a
1122 2045 1232 2100 Deo
1263 2045 1488 2100 salutari
1525 2059 1649 2099 suo.

2053 2045 2139 2100 11.
2167 2046 2276 2098 Kal
2306 2045 2673 2117 ἐλεημοσύνην
2703 2045 2853 2117 παρά
2875 2045 3010 2100 Θεοῦ
3043 2047 3287 2117 σωτῆρος
3315 2046 3505 2102 αὐτοῦ.

370 2133 458 2187 te.
495 2133 619 2188 Haec
646 2144 729 2189 est
751 2137 1026 2205 generatio
1045 2136 1402 2205 quaerentium
1430 2149 1556 2190 eum
1582 2150 1598 2188 :

2059 2137 2141 2191 12.
2176 2136 2323 2206 Αῦτη
2353 2139 2386 2207 ἡ
2418 2137 2580 2205 γενεὰ
2605 2137 2907 2208 ζητούντων
2931 2138 3023 2190 τὸν
3048 2138 3273 2209 Κύριον,

373 2226 458 2279 15.
497 2223 865 2291 Quaerentium
896 2226 1089 2281 faciem
1121 2225 1215 2280 Dei
1246 2223 1436 2281 Jacob.

2058 2227 2143 2281 15.
2179 2228 2490 2298 Ζητούντων
2521 2231 2582 2282 τὸ
2608 2230 2896 2300 πρόσωπον
2925 2227 3018 2282 τοῦ
3047 2227 3181 2282 Θεοῦ
3221 2226 3440 2283 Ἰακώϐ.

376 2316 460 2372 ft.
493 2315 734 2370 Attollite
763 2327 966 2386 portas,
995 2318 1294 2386 principes,
1321 2327 1532 2374 vestras
1559 2332 1576 2369 :

2060 2321 2146 2376 14.
2175 2324 2375 2394 ’Ἄρατε
2404 2323 2598 2386 πύλας,
2620 2325 2668 2376 οἱ
2696 2323 2972 2394 ἄρχοντες,
3003 2321 3158 2393 ὑμῶν
3177 2337 3193 2353 ·

374 2406 459 2460 15.
494 2407 559 2460 Ει
586 2407 898 2474 elevamini,
925 2417 1096 2478 portae
1123 2408 1408 2464 azternales
1436 2424 1451 2461 :

2058 2412 2147 2466 15.
2179 2413 2288 2466 Kal
2321 2413 2615 2486 ὲπάρθητε,
2651 2414 2814 2467 πύλαι
2843 2412 3082 2466 αίώνιοιο

370 2498 457 2553 16.
487 2499 552 2554 Et
579 2500 828 2555 introibit
853 2515 944 2554 rex
982 2501 1186 2570 gloriae.

2059 2501 2146 2556 16.
2179 2504 2290 2555 Καὶ
2319 2503 2681 2556 εἰσελεύσεται
2705 2504 2734 2554 ὁ
2763 2501 3014 2573 βασιλεὺς
3037 2503 3137 2574 τῆς
3165 2502 3347 2576 δόξης.

373 2589 460 2643 17.
491 2589 626 2656 Quis
654 2600 739 2646 est
769 2592 870 2645 iste
897 2607 992 2647 rex
1024 2593 1245 2662 gloriae?

2057 2592 2143 2646 17.
2178 2592 2274 2655 Τίς
2299 2593 2446 2646 ἐστιν
2478 2587 2630 2656 οὗτος
2658 2595 2686 2646 ὁ
2716 2591 2968 2662 βασιλεὺς
2991 2592 3090 2663 τῆς
3115 2592 3308 2664 δόξηςς

375 2680 460 2736 18.
497 2681 762 2738 Dominus
796 2683 975 2750 fortis,
1007 2695 1060 2739 et
1085 2693 1309 2754 potens,

2058 2683 2142 2740 18.
2175 2683 2374 2754 Κύριος
2399 2685 2658 2755 κραταιὸς
2686 2686 2778 2738 καὶ
2800 2685 3023 2749 δυνατὸς
3045 2726 3062 2754 ,

375 2772 464 2827 19.
504 2772 766 2830 Dominus
797 2785 991 2846 potens
1025 2777 1078 2830 in
1111 2777 1318 2846 prielio.

2053 2776 2140 2832 19.
2170 2776 2372 2849 Κύριος
2399 2776 2619 2842 δυνατὸς
2648 2779 2703 2830 ὲν
2733 2777 2970 2849 πολέμῳ.

369 2864 446 2940 (a)
488 2860 656 2940 Οξτος
703 2867 927 2938 λήψεται
972 2868 1220 2940 εὐλογίαν
1264 2868 1416 2940 παρὰ
1455 2867 1590 2940 Θεοῦ
1622 2867 1872 2940 Σωτῆρος
1940 2867 2135 2930 αὐτοῦ,
2195 2871 2290 2922 καὶ
2349 2869 2701 2940 ὲλεηΟήσεται
2731 2869 2834 2923 ὑπὸ
2860 2869 2954 2923 τοῦ
2995 2868 3127 2940 Θεοῦ
3164 2866 3258 2922 τοῦ
3296 2867 3556 2940 σώζοντος

299 2934 483 3011 αὐτόν.
518 2937 651 3011 [Ιίο-
679 2934 898 3007 accipiet
956 2934 1366 3011 benedictionem
1392 2956 1425 2992 α
1477 2938 1586 2992 Deo
1639 2934 1913 2992 Saluatore
1940 2956 2058 3006 suo,
2080 2951 2128 2992 et
2154 2934 2576 2993 misericordiam
2624 2948 3021 3011 consequetura
3053 2937 3186 3007 Deo,
3226 2940 3318 3010 qui
3352 2939 3555 2994 salvum

303 3004 430 3069 facit
455 3022 597 3063 eum.
631 3005 690 3060 In
718 3004 889 3079 marg.
924 3009 1048 3064 cod.
1079 3007 1366 3063 Barberin.

1420 3119 1796 3176 ATHANASII
1838 3118 2431 3175 lNTERPRETATlO.

377 3232 848 3294 12.1mmortalem
878 3249 1065 3310 potum
1088 3243 1257 3298 divini
1287 3244 1570 3316 sanguinis
1592 3244 1858 3314 significat

2060 3245 2146 3298 12.
2177 3243 2286 3315 Τὴν
2324 3242 2588 3298 ἀθάνατον
2620 3243 2778 3297 πόσιν
2808 3243 2902 3297 τοῦ
2935 3242 3080 3298 θείου
3125 3242 3359 3315 αἵματος
3387 3240 3537 3311 λέγει

379 3326 464 3380 15.
501 3327 875 3386 lndesinenter
902 3333 1034 3387 mihi
1070 3335 1191 3390 erit.

2055 3337 2140 3390 15.
2183 3335 2562 3399 Ἀδιαλείπτως
2593 3353 2679 3406 μοι
2710 3335 2782 3406 (Ι)
2811 3335 2981 3391 ἔσται.

373 3417 462 3471 14.
498 3415 556 3473 In
591 3435 825 3490 superna
861 3421 1184 3481 Jerusalem.

2057 3428 2140 3482 14.
2177 3429 2270 3491 Et;
2293 3427 2390 3500 τὴν
2413 3428 2523 3482 ἄνω
2563 3427 2935 3499 Ἰερουσαλήμ.

383 3526 449 3582 Ἦ
476 3535 806 3608 προκειμένη
834 3538 1112 3609 ἐπιγραφὴ
1139 3539 1381 3610 περιέχει
1410 3540 1488 3612 (2)
1510 3559 1522 3571 ·
1545 3541 1792 3611 Ψαλμὸς
1816 3541 1895 3607 τῷ
1920 3542 2095 3596 Δαϐὶδ
2113 3541 2222 3612 τῆς
2237 3541 2381 3612 μιᾶς
2400 3539 2722 3596 Σαϐϐάτου.
2747 3540 2918 3595 Τοῦτο
2938 3541 3214 3613 σημαίνει,
3238 3543 3322 3595 ὅτι
3344 3541 3559 3613 εἴρηται

299 3622 330 3675 ὁ
356 3620 569 3694 ψαλμὺς
597 3627 747 3697 παρὰ
767 3629 859 3682 τοῦ
886 3631 1050 3685 Δαϐ¹ιδ
1073 3633 1198 3704 περὶ
1227 3634 1324 3704 τῆς
1357 3636 1705 3699 ἀναστάσεως
1736 3636 1826 3689 τοῦ
1860 3637 2084 3708 Κυρίου.

373 3715 584 3773 Titulus
616 3723 940 3790 praepositus
971 3726 1216 3779 continet
1246 3742 1258 3776 :
1294 3726 1541 3780 Psalmus
1575 3727 1741 3782 David
1766 3729 1939 3798 prima
1961 3727 2338 3784 Sabbatorum.
2358 3724 2472 3780 lloc
2489 3734 2669 3780 autem
2695 3725 2987 3796 significat,
3013 3726 3158 3797 quod
3180 3726 3430 3796 psalmus
3476 3727 3560 3780 dio

299 3820 421 3866 ctus
455 3821 539 3868 est
567 3829 598 3868 a
629 3815 827 3871 Davide
857 3818 923 3872 de
953 3820 1354 3874 resurrectione
1377 3821 1614 3877 Domini.

371 3907 422 3960 1.
460 3906 518 3958 lu
549 3908 818 3977 principio
845 3912 989 3966 enim
1024 3913 1150 3967 fecit
1185 3924 1411 3969 terram.

2049 3918 2098 3970 1.
2139 3918 2226 3969 Ἐν
2254 3917 2393 3987 ἀρχῇ
2420 3915 2528 3987 γὰρ
2559 3913 2784 3983 ἐποίησε
2810 3910 2908 3982 τὴν
2937 3910 3042 3980 γῆν
3067 3907 3163 3980 (5).

369 3995 426 4048 9..
461 3995 657 4051 Omnia
685 4009 887 4066 autem,
919 4018 1042 4072 qua:
1069 4004 1121 4058 in
1150 4019 1214 4060 ea
1243 4016 1390 4074 sunt,
1422 4016 1476 4062 et
1506 4009 1600 4078 qui
1630 4009 1850 4064 habitan

2084 4047 2098 4060 .
2131 4008 2315 4060 Πάντα
2359 4006 2413 4058 δὲ
2443 4007 2512 4058 τὰ
2545 4007 2602 4057 ὲν
2636 4005 2774 4074 αὐτῇ
2807 4001 2968 4066 αὐτὸς
3003 4001 3224 4070 ἐποίησε
3244 4040 3259 4065 ,
3297 4002 3396 4054 καὶ
3437 4001 3561 4065 τοὺς

299 4084 356 4139 in
391 4101 475 4148 ea.
509 4088 623 4156 ipse
655 4089 795 4147 fecit.

1977 4098 2320 4159 ἐνοικοῦντας
2349 4098 2407 4149 ὲν
2436 4097 2593 4168 αὐτῇ.

371 4174 425 4229 5.
464 4177 628 4232 Terra
658 4181 802 4234 enim
832 4197 898 4237 ex
932 4199 1074 4255 aqua
1103 4186 1265 4258 jussu
1289 4193 1409 4260 ejus
1443 4192 1716 4248 consistit.

2085 4231 2098 4244 .
2131 4189 2205 4258 Γῆ
2231 4189 2338 4258 γὰρ
2364 4187 2422 4251 ἐξ
2461 4187 2651 4253 ῦδατός
2679 4189 2795 4240 ἐστι
2829 4183 3139 4238 συνεστῶσα
3166 4185 3232 4254 τῇ
3260 4182 3429 4236 αὑτοῦ
3463 4199 3561 4236 κε-

1977 4299 2174 4334 Λευσει.

368 4353 424 4412 ι.
466 4355 534 4412 Ut
567 4375 662 4430 per
684 4378 808 4417 eum
839 4364 1063 4422 ﬂumina
1090 4371 1405 4427 transirent.

2046 4372 2096 4424 εί.
2130 4372 2223 4434 El;
2253 4371 2314 4422 τὸ
2341 4369 2598 4422 διοδεύειν
2620 4369 2748 4434 τοὺς
2779 4384 3057 4438 ποταμούς
3083 4369 3139 4420 ἐν
3161 4368 3325 4441 αὐτῇ.

369 4446 422 4502 5.
457 4447 515 4502 ln
549 4452 825 4508 caelestem
854 4457 1152 4524 civitatem,
1184 4462 1380 4532 inquit.

2045 4465 2098 4518 5.
2131 4465 2224 4526 Είς
2250 4465 2349 4534 τὴν
2379 4463 2700 4534 ἐπουράνιον
2734 4463 2906 4528 πόλιν,
2942 4463 3108 4531 λέγει.

367 4539 421 4592 6.
455 4539 588 4605 Quis
612 4543 808 4614 dignus
834 4551 1050 4604 aeternis
1081 4554 1490 4609 mansionibus?

2043 4557 2094 4610 6.
2131 4558 2226 4620 Τίς
2256 4557 2405 4622 ἄξιος
2428 4556 2504 4627 (4)
2531 4556 2636 4609 τῶν
2665 4557 2900 4610 αἰωνίων
2931 4554 3143 4626 μονῶνς

373 4628 423 4684 7.
457 4631 684 4689 Omnem
729 4653 759 4692 a
804 4654 862 4694 se
903 4642 1165 4709 abjiciens
1198 4646 1572 4716 iniquitatem,
1607 4655 1659 4700 et
1688 4647 1854 4700 omni:

2085 4686 2098 4700 .
2137 4647 2194 4697 Ὀ
2221 4647 2399 4699 πᾶσαν
2428 4645 2640 4699 ἀδικίαν
2671 4646 3024 4718 ἀπορρίπτων
3067 4643 3161 4712 ἀφ’
3199 4643 3398 4698 ἑαυτοῦ
3417 4685 3433 4713 ,
3463 4643 3565 4702 καὶ

300 4721 366 4772 ad
392 4720 486 4776 Dei
511 4727 841 4783 voluntatem
870 4730 1096 4788 faciens.
1433 4743 1442 4750 '

1974 4735 2152 4788 πάντα
2181 4735 2348 4788 ποιῶν
2376 4737 2455 4798 εἰς
2483 4736 2544 4788 τὸ
2564 4734 2656 4788 τοῦ
2687 4735 2819 4788 Θεοῦ
2851 4735 3113 4807 βούλημα.

370 4813 424 4871 8.
457 4815 586 4882 Qua:
615 4819 668 4872 in
705 4822 907 4877 mundo
941 4834 1088 4891 sunt,
1119 4841 1226 4880 non
1259 4827 1462 4884 dilexit.

2040 4829 2094 4884 8.
2129 4831 2241 4882 Ούκ
2267 4831 2521 4902 ἠγάπησε
2554 4831 2621 4885 τὰ
2651 4835 2707 4884 ὲν
2731 4830 2810 4902 τῷ
2841 4830 3048 4900 κόσμῳ.

367 4907 419 4963 9.
450 4907 634 4980 Neque
662 4912 943 4982 pejeravit,
972 4933 1148 4988 neque
1185 4921 1444 4976 mentitus
1471 4928 1574 4975 est.

2041 4919 2093 4974 9.
2124 4920 2238 4974 Οὐκ
2259 4921 2623 4994 ἐπιώρκησεν,
2651 4923 2770 4975 οῦδὲ
2794 4921 3071 4992 ἐψεύσατο.

369 4999 456 5066 10,
492 5002 577 5055 11.
611 5001 786 5072 Νυηο,
813 5016 867 5062 et
895 5009 947 5062 in
980 5009 1164 5065 futuro
1197 5012 1418 5069 saeculo.

2081 5012 2124 5076 D,
2157 5013 2242 5066 11.
2289 5014 2376 5068 Ἐν
2406 5013 2484 5084 τῷ
2519 5013 2613 5067 νῦν
2648 5013 2723 5082 (5)
2755 5013 2848 5066 καὶ
2881 5015 2938 5065 έν
2966 5012 3044 5083 τῷ
3075 5013 3325 5083 μέλλοντι
3375 5016 3562 5074 αἰῶνι.

368 5091 454 5145 12.
489 5091 834 5164 Diligentium
865 5097 1174 5155 Dominum.

2043 5102 2127 5156 1'2.
2172 5101 2532 5171 Ἀγαπὼντων
2557 5102 2648 5155 τὸν
2677 5101 2899 5173 Κύριον.

367 5181 454 5235 15.
496 5183 926 5242 Desiderantium
962 5190 1139 5259 ipsum
1169 5190 1374 5245 videre.

1902 5184 1944 5240 Β
2045 5193 2132 5248 15.
2170 5193 2608 5264 Ἑπιθυμούντων
2642 5195 2803 5246 αὐτὸν
2836 5192 3154 5246 Θεάσασθαι.

367 5275 555 5334 14-19.
598 5276 673 5333 De
697 5277 966 5336 descensu
997 5281 1258 5351 loquitur,
1293 5296 1458 5352 quem
1489 5280 1618 5338 fecit
1644 5282 1699 5337 in
1730 5281 1848 5338 infe-

2083 5283 2234 5336 4-19.
2260 5283 2396 5353 Περὶ
2422 5283 2521 5353 τῆς
2551 5281 2904 5345 καταϐάσεως
2929 5281 3076 5351 λέγει
3094 5326 3108 5349 ,
3143 5278 3213 5356 ἦς
3255 5288 3564 5360 ἐποιήσατο

296 5363 470 5422 riores
501 5377 682 5438 partes
710 5377 889 5438 terrae,
912 5378 966 5426 et
995 5371 1248 5441 spoliavit
1273 5369 1566 5427 infernum.

2086 5374 2138 5444 6)
2152 5374 2434 5428 κατώτερα
2455 5374 2593 5447 μέρη
2610 5375 2708 5446 τῆς
2732 5373 2854 5445 γῆς,
2868 5374 2962 5428 καὶ
2976 5375 3207 5429 ὲσκύλευ
3215 5394 3276 5430 σε
3292 5378 3386 5432 τὸν
3399 5379 3563 5452 ᾅδην.

1238 5464 1544 5529 Addenda
1591 5471 1653 5529 et
1687 5463 2060 5546 corrigenda
2106 5485 2184 5530 ex
2219 5467 2357 5529 cod.
2395 5467 2594 5530 Vatic.

361 5560 439 5648 ill
474 5561 836 5648 ἱθέιέᾏειτξτόν
873 5580 1028 5648 μοιι.

2084 5569 2128 5639 5)
2161 5567 2489 5648 ιντο-κει
2518 5571 2575 5648 ἐν
2598 5567 2676 5648 et}
2697 5567 2812 5648 νῦν.
2837 5576 2942 5624 etc.
2969 5564 3046 5648 N._
3067 5568 3155 5648 ti.
3187 5571 3300 5624 Kal
3330 5570 3565 5648 ἐλεηθὴ-

387 5632 444 5710 ἓ)
570 5634 658 5687 διὰ
682 5632 1177 5710 τῆσκινναὸἀρεως
1208 5651 1356 5704 περι.
1981 5632 2131 5710 σεται
2158 5638 2262 5710 sub
2292 5637 2385 5710 τοῦ
2417 5639 2550 5694 Θεοῦ
2574 5632 2669 5693 τοῦ
2701 5637 2962 5703 σώζοντος
2987 5637 3170 5694 αὐτόν.

386 5703 440 5780 5)
474 5705 581 5780 [ἦν
611 5705 707 5780 καὶ
737 5702 936 5780 πάντα.
1044 5702 1055 5710 ⁷
1282 5702 1291 5704 “
2050 5709 2128 5780 (6)
2163 5709 2257 5775 Et;
2279 5709 2366 5766 τά.

367 5771 444 5844 (ὁ)
476 5775 591 5840 Πᾶς
615 5771 952 5844 ἀξιούμενος.
