3776 6272
334 212 442 271 735
1176 221 1234 276 S.
1275 221 1649 279 ATHANASII
1687 222 1838 282 OPP.
1875 225 2053 282 PARS
2091 223 2176 278 111.
2213 256 2286 266 —
2317 223 2724 280 EXEGETICA.
3460 224 3572 279 733

404 332 492 390 10.
523 329 592 386 Ει
621 341 674 389 te
705 334 936 388 sustinui
970 342 1079 390 tota
1107 335 1213 391 die.

1919 347 1964 402 Α
2064 337 2150 391 10.
2183 337 2291 390 Καί
2318 353 2376 390 σε
2407 337 2671 409 ὑπέμεινα
2699 337 2828 406 ὅλην
2849 337 2949 406 τὴν
2978 334 3209 408 ἡμέραν.

404 423 492 477 11.
524 423 893 478 Reminiscere
919 425 1335 481 miserationum
1371 437 1612 495 tuarum,
1649 429 1894 497 Domine,

1810 446 1894 497 ne,
2074 429 2159 481 11.
2190 427 2475 500 Μνήσθητι
2504 428 2609 484 τῶν
2633 426 2931 498 οίκτιρμῶν
2962 443 3077 491 σου,
3105 426 3297 498 Κύριε,

405 517 578 574 12.Ἐι
594 520 1088 574 misericordiarum
1105 530 1340 588 tuarum,
1357 539 1478 594 quae
1493 540 1523 578 a
1540 526 1736 580 saeculo
1751 535 1896 582 sunt.

2081 519 2163 574 12.
2197 519 2308 571 Καὶ
2333 518 2400 572 τὰ
2429 518 2551 588 ἐλέη
2580 534 2696 583 σου,
2726 517 2808 570 ὅτι
2836 517 2942 570 ἀπὸ
2969 514 3064 568 τοῦ
3093 514 3288 578 αἰῶνός
3316 516 3473 569 εἰσιν.

419 611 508 666 15.
536 610 737 666 Delicta
765 611 1070 681 juventutis
1105 630 1236 669 mea:
1257 656 1272 680 ,
1303 624 1356 670 et
1388 617 1723 686 ignorantias
1754 633 1901 673 ineas

2082 611 2158 664 I5.
2207 610 2506 682 Ἀμαρτίας
2537 608 2791 681 νεότητὰς
2831 624 2955 679 μου,
2983 608 3078 661 καὶ
3109 607 3329 675 ἀγνοίας
3355 622 3456 677 μου
3491 604 3573 678 μὴ

334 719 404 757 ne
430 703 740 757 memineris
766 717 782 756 :

2003 699 2246 772 μνησθῇς
2262 715 2274 727 °

406 792 809 849 H.Secundum
823 794 1246 853 misericordiam
1260 809 1408 854 tuam
1423 810 1693 859 memento
1703 805 1806 860 mei
1822 812 1897 871 tu,

1792 805 1898 871 itu,
2074 791 2160 845 M.
2197 790 2352 844 Κατὰ
2377 790 2438 842 τὸ
2463 789 2608 852 ἔλεός
2641 807 2734 842 σου
2768 787 3034 860 μνήσθητί
3069 804 3168 858 μου
3197 787 3283 848 σὺ,

407 885 496 941 15.
525 883 753 954 PrOpter
773 887 1067 942 bonitatem
1099 897 1271 956 tuam,
1303 890 1550 950 Domine.

2077 885 2166 938 15.
2198 884 2425 937 Ἕνεκεν
2457 884 2555 954 τῆς
2582 881 2949 954 χρηστότητός
2978 897 3093 947 σου,
3124 879 3315 950 Κύριε.

406 974 495 1032 16.
528 974 715 1031 Dulcis
745 986 800 1032 et
823 988 1002 1034 rectus
1035 978 1318 1046 Dominus,

2079 975 2161 1031 16.
2196 975 2443 1047 Χρηστὸς
2473 975 2564 1028 καὶ
2594 973 2752 1037 εὐθὺς
2782 975 2810 1025 ὁ
2844 971 3076 1044 Κύριος·

407 1067 495 1122 1ῖ.
515 1067 742 1138 Propter
765 1067 867 1124 hoc
893 1070 1064 1140 legem
1092 1071 1244 1127 dabit
1263 1074 1702 1145 delinquentibus
1723 1079 1775 1131 tn
1796 1079 1898 1134 via.

2082 1069 2168 1124 17.
2198 1068 2299 1122 Διά
2329 1067 2488 1121 τοῦτο
2528 1065 2876 1138 νομοθετήσει
2920 1065 3327 1138 ἁμαρτάνοντας
3354 1064 3410 1115 ἐν
3440 1060 3571 1132 ὀδῷ.

407 1157 496 1213 18.
525 1157 729 1230 Diriget
751 1170 1070 1218 mansuetos
1097 1162 1151 1217 in
1180 1163 1408 1234 judicio,

2077 1163 2163 1219 18.
2203 1161 2488 1232 Ὀδηγήσει
2520 1162 2715 1231 πραεῖς
2744 1161 2799 1212 ἐν
2829 1159 3028 1230 κρίσει,

407 1249 500 1304 19.
529 1248 752 1306 Docebit
783 1253 944 1307 mites
963 1253 1082 1309 vias
1109 1271 1262 1313 suas.

2076 1255 2164 1309 19.
2197 1251 2406 1316 Διδάξει
2439 1253 2632 1322 πραεῖς
2664 1250 2813 1313 ὁδοὺς
2842 1251 3025 1305 αὑτοῦ.

407 1340 499 1396 20.
531 1338 809 1397 Universze
837 1343 934 1399 vite
963 1343 1180 1400 Domini
1209 1346 1584 1405 misericordia
1606 1357 1661 1405 et
1685 1352 1898 1420 veritas,

1899 1395 1903 1415 ,
2073 1344 2160 1399 20.
2195 1346 2370 1398 Πᾶσαι
2401 1343 2457 1396 αἱ
2489 1342 2598 1394 ὁδοὶ
2626 1341 2829 1413 Κυρίου
2855 1341 2999 1407 ἔλεος
3025 1343 3118 1396 καὶ
3142 1344 3390 1414 ἀλήθεια,

407 1433 500 1488 21.
531 1432 957 1505 Requirentibus
980 1444 1364 1494 testamentum
1389 1440 1530 1511 ejus,
1569 1450 1624 1497 et
1657 1442 1898 1498 testimo-

2091 1437 2162 1490 Bl.
2199 1437 2322 1500 Τοῖς
2363 1431 2650 1505 ἐπιζητοῦσι
2693 1433 2792 1503 τὴν
2825 1431 3088 1505 διαθήκην
3126 1433 3326 1501 αὑτοῦ,
3376 1434 3472 1487 καὶ
3504 1433 3582 1488 τὰ.

342 1525 430 1579 nia
461 1527 600 1594 ejus.

2009 1528 2282 1602 μαρτύρια
2313 1527 2496 1582 αὑτοῦ.

409 1616 501 1672 22.
531 1617 758 1688 Propter
786 1632 985 1676 nomen
1015 1629 1190 1689 tnum,
1228 1624 1472 1688 Domine,

1935 1678 1975 1692 __
2075 1621 2166 1674 22.
2195 1620 2418 1673 Ἕνεκεν
2449 1621 2541 1674 τοῦ
2567 1621 2827 1692 ὀνόματος
2851 1637 2964 1684 σου,
2993 1618 3182 1690 Κύριε,

407 1708 497 1763 25.
523 1708 588 1762 Et
622 1710 918 1780 propitiare
945 1723 1166 1780 peccato
1194 1728 1348 1778 meo;
1375 1714 1604 1768 multum
1633 1722 1716 1771 est
1734 1717 1898 1771 enim.

2081 1713 2160 1767 2'5.
2192 1713 2302 1765 Καὶ
2329 1712 2572 1784 ίλάσθητι
2598 1678 2671 1786 τῇ.
2697 1678 3059 1784 ἀμανρτίᾳμου
3075 1678 3096 1741 ·“
3116 1678 3282 1780 πολλὴ
3303 1708 3412 1780 γάρ
3433 1710 3572 1762 ἐστι.

406 1799 496 1854 24.
535 1799 669 1865 Quis
697 1809 778 1855 est
804 1801 989 1868 homo,
1013 1803 1106 1872 qui
1135 1803 1286 1858 timet
1315 1802 1649 1859 Dominum?

2084 1804 2163 1858 24.
2192 1805 2288 1868 Τίς
2323 1807 2468 1857 ἐστιν
2500 1804 2781 1876 ἄνθρωπος
2807 1807 2836 1858 ὀ
2856 1804 3185 1874 φοϐούμενος
3211 1802 3301 1855 τὸν
3335 1799 3575 1874 Κύριονς

405 1890 497 1945 25.
529 1891 723 1963 Legem
752 1902 951 1948 statuet
980 1895 1030 1948 ei
1067 1895 1120 1949 in
1151 1896 1259 1959 via,
1291 1911 1455 1966 quam
1489 1896 1667 1967 elegit.

2079 1897 2169 1951 25.
2199 1896 2568 1968 Νομοθετήσει
2601 1897 2746 1968 αὑτῷ
2774 1899 2832 1951 ἐν
2857 1896 2980 1968 ὁδῷ,
3070 1895 3377 1967 ᾑρετίσατο.

411 1979 500 2034 26.
531 1981 724 2036 Anima
752 1983 871 2053 ejus
897 1985 948 2037 in
981 1984 1138 2042 bonis
1169 1983 1541 2040 demorabitur
1571 2005 1585 2040 :

2077 1989 2166 2043 26.
2205 1990 2269 2042 Ἥ
2300 1989 2444 2061 ψυχὴ
2475 1989 2638 2043 αὑτοῦ
2673 1993 2730 2043 ἐν
2763 1991 2986 2059 ἀγαθοῖς
3014 1987 3397 2058 αὑλισθήσεται
3417 2003 3431 2016 ·

411 2071 500 2126 27.
538 2070 602 2126 Et
629 2089 812 2129 semen
841 2075 960 2145 ejus
985 2076 1321 2131 luereditabit
1350 2085 1572 2131 terram.

2077 2081 2168 2134 27.
2205 2082 2316 2134 Καὶ
2339 2081 2400 2134 τὸ
2435 2081 2656 2153 σπέρμα
2689 2081 2852 2136 αὑτοῦ
2882 2080 3276 2151 κληρονομήσει
3305 2077 3431 2146 γῆν.

411 2163 502 2220 28.
535 2163 967 2222 Firmamentum
997 2175 1082 2223 est
1103 2166 1368 2224 Dominus
1399 2169 1716 2225 timentibus
1741 2184 1862 2225 eum
1891 2187 1902 2224 :

2082 2171 2172 2225 28.
2208 2172 2548 2244 Κραταίωμα
2582 2170 2786 2242 Κύριος
2815 2172 2922 2225 τῶν
2946 2170 3291 2242 φοϐουμένων
3315 2167 3479 2221 αὑτόν
3510 2184 3524 2197 ·

1459 2324 1839 2380 ATHANASII
1876 2324 2455 2383 INTERPRETATIO.

413 2479 503 2536 10.
536 2479 764 2548 Quando
788 2497 908 2538 sum
949 2481 1003 2536 in
1032 2481 1176 2547 luce,
1206 2491 1460 2552 exspecto
1503 2489 1576 2546 te,
1603 2490 1659 2537 et
1680 2481 1904 2552 promis-

2091 2483 2179 2538 10.
2219 2482 2410 2537 Ἠνίκα
2439 2483 2555 2554 εἰμὶ
2581 2485 2640 2536 ἐν
2671 2481 2748 2553 τῷ
2777 2482 2942 2552 φωτὶ,
2975 2478 3344 2551 ἀπεκδέχομαί
3369 2495 3450 2544 σε,
3484 2478 3577 2532 καὶ

343 2572 554 2630 ionem
585 2581 753 2627 tuam.

2014 2572 2111 2644 τὴν
2138 2572 2468 2641 ἐπαγγελίαν
2497 2589 2609 2626 σου.

415 2663 502 2729 11,
541 2663 627 2721 12.
661 2663 984 2730 Recordare,
1020 2663 1265 2726 Domine,
1295 2662 1554 2732 quoniam
1600 2662 1906 2718 misericors

2088 2663 2174 2727 11,
2210 2662 2296 2716 12.
2333 2661 2648 2734 Μνήσθητι,
2693 2660 2864 2730 Κύριε
2888 2700 2902 2724 ,
2935 2660 3016 2714 ὃτι
3059 2659 3355 2730 οἰκτίρμων
3384 2653 3455 2725 εἴ,
3485 2660 3576 2712 καὶ

343 2770 425 2818 ω,
456 2762 511 2809 et
553 2754 696 2825 quod
739 2770 769 2808 a
801 2755 1002 2810 saeculo
1031 2755 1364 2810 consuevisti
1411 2753 1658 2810 misereri
1699 2769 1829 2808 eoru

2086 2774 2094 2805 ι
2133 2754 2228 2806 ἀπ’
2262 2752 2457 2817 αίῶνος
2487 2753 2643 2806 εἴωθε
2690 2752 2766 2824 (1)
2799 2751 2965 2805 ἐλεεῖν
2990 2751 3114 2816 τοὺς
3141 2749 3577 2822 προσπίπτοντάς

344 2845 437 2916 qui
468 2845 563 2899 tibi
596 2862 653 2900 se
681 2853 1050 2916 prosternunt.
1937 2891 1977 2916 η
2014 2861 2114 2897 σοι.

414 2935 504 2991 15.
552 2935 881 2992 Obliviscere
929 2937 1174 2992 omnium
1222 2945 1569 3006 peccatorum
1629 2951 1905 3000 meorum,

2086 2933 2166 2988 l5.
2201 2932 2388 3005 Λήθην
2417 2933 2632 2986 πάντων
2659 2931 2882 3003 ποίησον
2907 2930 3014 2984 τῶν
3036 2930 3317 3002 ἁμαρτιῶν
3351 2947 3476 3002 μου,
3498 2923 3577 2986 ὧν

344 3041 466 3098 qua:
489 3027 726 3097 juvenis,
760 3037 814 3082 et
842 3029 1150 3096 ignorantia
1180 3027 1376 3083 ductus
1409 3027 1682 3084 commisi.

2011 3024 2311 3095 πεποίημαι
2344 3023 2461 3086 νέος
2485 3023 2579 3088 ὢν,
2613 3024 2705 3078 καὶ
2733 3023 2921 3095 ἀγνοίᾳ
2946 3022 3240 3095 φερόμενος

416 3117 504 3183 ﬂ,
533 3118 622 3174 13.
657 3117 882 3188 Propter
909 3118 1197 3175 bonitatem
1225 3128 1370 3171 tuam
1388 3159 1402 3183 ,
1427 3108 1671 3173 Domine.
1710 3117 1907 3185 Quem-

2085 3117 2172 3183 “,
2206 3118 2290 3172 15.
2333 3119 2583 3172 Ἕνεκεν
2615 3116 2727 3186 τῆς
2748 3118 3155 3186 χρηστότητός
3186 3130 3303 3170 σου
3325 3154 3340 3179 ,
3380 3115 3573 3183 Κύριε.

345 3209 636 3266 admodum
667 3225 866 3280 magna
899 3219 982 3265 est
1015 3220 1109 3266 tua
1142 3203 1536 3276 misericordia,
1587 3211 1661 3265 ita
1689 3213 1790 3265 mei
1827 3228 1836 3263 ι

2089 3226 2221 3280 σπερ
2252 3208 2391 3279 μέγα
2425 3226 2517 3262 σου
2541 3210 2602 3263 τὸ
2629 3209 2774 3273 ἔλεός
2801 3211 2966 3269 ἐστιν,
2993 3206 3164 3270 οὑτως
3195 3223 3295 3278 μου
3323 3205 3580 3277 μνησθεὶς

346 3299 599 3356 cordatus
623 3301 848 3369 dignum
874 3299 959 3356 fac
986 3317 1072 3356 me
1098 3301 1476 3356 misericordia
1509 3311 1620 3363 tua,
1649 3301 1837 3372 quonit

2087 3302 2238 3355 ίωσόν
2271 3319 2337 3372 με
2367 3301 2459 3354 τοῦ
2496 3302 2677 3365 ἐλέους
2713 3319 2803 3354 σου
2825 3342 2838 3364 ,
2873 3301 3058 3354 ἕνεκεν
3091 3300 3184 3353 τοῦ
3219 3295 3357 3352 εἶναί
3395 3315 3454 3351 σε
3487 3299 3578 3352 εὑ-

348 3403 403 3446 ιυ
433 3391 608 3449 facilis
640 3408 701 3448 es
739 3393 806 3448 ad
848 3394 1261 3463 excipiendum,
1301 3403 1356 3450 et
1385 3394 1644 3450 omnibus
1683 3394 1839 3464 teipsr

2086 3413 2258 3465 ιραχον
2289 3393 2705 3466 [εὑπαράδοχον]
2736 3394 2834 3466 (a),
2879 3395 2972 3447 καὶ
3006 3395 3172 3447 πᾶσιν
3205 3391 3392 3447 ἑαυτὸν
3437 3407 3577 3461 παρ-

382 3484 576 3541 raabes.
1293 3530 1295 3532 .

1293 3530 1295 3532 .
2014 3487 2179 3541 ένειν.

382 3500 576 3541 mnes.
1293 3530 1295 3532 .

347 3500 381 3555 ρ
413 3574 502 3630 16.
533 3575 800 3642 Quoniam
823 3577 1002 3632 bonus
1030 3583 1133 3642 est,
1161 3583 1216 3631 et
1247 3575 1584 3642 misericors,

2014 3500 2059 3539 εκ
2080 3504 2180 3541 ειν.

2045 3505 2173 3664 χ16.
2213 3577 2428 3649 Ἐπειδὴ
2459 3577 2661 3646 ἀγαθός
2688 3579 2804 3630 ἐστι
2839 3579 2932 3630 καὶ
2961 3577 3227 3648 ἐλεήμων,

417 3665 502 3721 17.
531 3664 821 3737 Propterea
851 3675 1164 3737 peccatores
1193 3669 1260 3722 ad
1290 3681 1349 3723 se
1378 3670 1669 3725 convertit.

2087 3671 2172 3724 17.
2207 3671 2306 3722 Διὰ
2328 3670 2483 3724 τοῦτο
2510 3671 2633 3733 τοὺς
2657 3669 3068 3742 ἁμαρτάνοντας
3097 3668 3410 3740 ἐπιστρέφει
3444 3666 3576 3736 πρὸς

2016 3762 2196 3816 αὑτόν.

421 3844 507 3912 18,
539 3846 627 3902 19.
667 3845 904 3901 Deducet
933 3846 985 3900 in
1011 3845 1287 3904 veritatem
1320 3859 1415 3900 eos
1435 3887 1452 3912 ,
1485 3846 1578 3916 qui
1615 3845 1664 3902 ei
1699 3862 1807 3902 non
1839 3863 1912 3904 re-

2091 3855 2178 3921 18,
2219 3855 2304 3909 19.
2344 3855 2628 3927 Ὀδηγήσει
2667 3856 2747 3919 είς
2771 3855 3027 3924 ἀλήθειαν
3060 3855 3184 3918 τοὺς
3216 3854 3289 3924 μὴ
3328 3851 3579 3906 ἀνθιστα-

347 3938 572 4003 sistunt,
601 3945 654 3992 et
679 3937 896 3993 docebit
923 3952 1036 4003 eos,
1060 3938 1155 4015 qui
1183 3938 1233 3992 ei
1263 3938 1595 4004 auscultant,
1639 3953 1838 4008 quomo

2090 3963 2210 4008 νους
2225 3946 2393 4017 αὐτῷ,
2411 3948 2503 4000 καὶ
2523 3947 2721 4014 διδάξει
2735 3949 2858 4010 τοὺς
2881 3945 3250 4008 ὑπακούοντας
3271 3941 3438 4014 αὐτῷ,
3464 3941 3578 4005 πῶς

349 4026 662 4102 perveniant
689 4028 742 4081 in
779 4042 1001 4097 regnum
1031 4028 1318 4082 caelorum.

2018 4038 2242 4092 ἔλθωσιν
2267 4040 2344 4102 είς
2370 4039 2468 4110 τὴν
2499 4039 2773 4110 βασιλείαν
2797 4041 2903 4094 τῶν
2929 4039 3191 4112 οὐρανῶν.

417 4120 509 4187 20,
538 4119 627 4174 21.
657 4118 851 4174 Omnia
891 4119 1143 4173 mandata
1172 4118 1384 4173 Domini
1427 4119 1798 4175 misericordia
1819 4163 1833 4188 ,
1864 4132 1908 4177 el

2091 4129 2169 4194 20,
2205 4130 2295 4184 21.
2326 4132 2504 4186 Πᾶσαι
2540 4133 2594 4186 αἱ
2631 4133 2842 4186 ἐντολαὶ
2871 4132 3074 4204 Κυρίου
3115 4127 3446 4200 ἐλεημοσύνη
3487 4124 3582 4179 καὶ.

349 4210 483 4268 ﬁdes
521 4220 649 4267 sunt
691 4210 1000 4266 volentibus
1044 4211 1268 4281 implere
1302 4209 1470 4266 Vetus
1512 4210 1840 4268 Testamentt

2090 4238 2198 4284 στις
2232 4223 2338 4274 είσὶ
2365 4225 2474 4286 τοῖς
2501 4222 2710 4277 θέλουσι
2752 4222 3035 4294 πληρῶσαι
3064 4221 3162 4291 τὴν
3194 4219 3434 4274 Παλαιὰν
3457 4220 3581 4271 Δια-

346 4302 646 4361 secundum
677 4319 775 4371 ea,
799 4319 922 4374 quae
955 4319 986 4358 a
1018 4302 1268 4368 Domino,
1295 4311 1349 4360 et
1382 4304 1450 4359 ab
1483 4305 1616 4376 ipsis
1653 4316 1837 4377 aposto

2093 4331 2192 4384 κην
2219 4315 2360 4368 κατὰ
2391 4315 2464 4384 (2)
2497 4315 2602 4368 ὑπὸ
2629 4314 2722 4368 τοῦ
2757 4315 2960 4386 Κυρίου
3000 4312 3325 4384 λαληθέντα,
3353 4309 3446 4368 καὶ
3476 4310 3580 4364 τῶν

348 4395 490 4452 dicta
519 4403 668 4452 sunt.

2018 4407 2326 4460 ἀποστόλων
2353 4408 2550 4461 αὑτῶν.

417 4488 508 4553 22,
537 4488 629 4543 25.
663 4489 850 4560 Agnus
880 4491 972 4545 Dei
1006 4491 1296 4557 exsistens,
1327 4501 1382 4548 et
1407 4493 1602 4549 tollens
1628 4502 1908 4564 peccatum

2090 4497 2176 4558 22.
2199 4498 2288 4553 25.
2321 4499 2397 4568 (5)
2433 4500 2491 4552 '0
2515 4500 2774 4571 ὑπάρχων
2807 4498 3001 4569 Ἀμνὸς
3048 4496 3143 4550 τοῦ
3179 4493 3333 4561 Θεοῦ,
3358 4495 3386 4547 ὁ
3411 4492 3581 4566 αἴρων

349 4594 568 4640 meum;
597 4581 826 4636 multum
859 4583 1002 4637 enim
1035 4592 1137 4638 est.

2015 4591 2113 4662 τὴν
2137 4591 2408 4663 ἁμαρτίαν
2441 4609 2541 4662 μου
2567 4608 2579 4622 ο
2611 4591 2779 4662 πολλὴ
2811 4591 2918 4662 γάρ
2947 4592 3110 4644 ἐστιν.

433 4671 512 4730 25.
539 4671 674 4739 Quis
700 4683 784 4729 est
813 4675 902 4730 ille
922 4715 935 4737 ,
963 4677 1058 4746 qui
1105 4676 1306 4748 cegitet
1340 4676 1507 4732 Deum
1553 4677 1912 4746 inspectorem

2088 4681 2174 4735 24.
2207 4682 2302 4744 Τίς
2348 4684 2493 4735 ἐστιν
2537 4684 2741 4745 ἐκεῖνος
2779 4684 2806 4734 ὁ
2849 4681 3042 4734 ἐννοῶν
3088 4678 3162 4748 (4)
3217 4677 3408 4749 ἔφορον
3441 4675 3579 4746 ἔχειν

349 4763 552 4823 habere
573 4765 596 4819 Ἰ

2014 4773 2106 4826 τὸν
2127 4775 2287 4839 Θεόν;

420 4857 512 4912 25.
547 4855 768 4912 Erudiet
795 4874 918 4912 eum
951 4859 1004 4913 in
1033 4848 1312 4932 p'razceptis
1345 4861 1478 4915 suis.

2087 4863 2176 4917 25.
2194 4865 2535 4934 Στοιχειώσει
2562 4866 2721 4919 αὑτὸν
2749 4867 2804 4917 ἐν
2828 4867 2946 4928 ταῖς
2967 4862 3202 4927 ἐντολαῖς
3217 4859 3404 4915 αὑτοῦ.

421 4949 513 5005 26.
549 4949 606 5005 In
638 4951 774 5006 locis
803 4953 1204 5021 supercmlestis
1237 4954 1495 5008 civitatis.

2087 4954 2121 5008 2
2143 4957 2175 5007 ἶ.
2216 4956 2304 5008 Ἐν
2327 4956 2512 5019 τόποις
2542 4956 2642 5026 τῆς
2669 4956 2984 5027 ἐπουρανίου
3011 4954 3233 5018 πόλεως.

421 5041 514 5098 27.
549 5043 848 5114 Super-nam
885 5052 1083 5097 terram
1111 5044 1398 5114 signiﬁcat.

1301 5053 1398 5099 cat.
2095 5045 2183 5099 27.
2215 5045 2323 5118 Τὴν
2355 5047 2466 5100 ἄνω
2491 5046 2636 5117 λέγει
2669 5049 2792 5118 γῆν.

423 5132 513 5190 28.
543 5135 847 5190 Auxiliator
869 5144 951 5190 est
977 5135 1239 5191 Dominus
1264 5135 1567 5191 timentium
1594 5153 1739 5190 eum.

2090 5138 2176 5192 28.
2197 5140 2396 5211 Βοηθός
2409 5144 2522 5196 ἐστι
2539 5142 2738 5212 Κύριος
2753 5142 2782 5193 ὁ
2799 5141 2904 5196 τῶν
2922 5139 2996 5212 (5)
3021 5137 3182 5208 τροόου
3189 5138 3365 5208 μένων
3395 5136 3578 5192 αὑτόν.

1299 5267 1601 5332 Addenda
1632 5275 1693 5331 et
1735 5271 2106 5349 corrigenda
2143 5293 2219 5336 ex
2256 5280 2396 5340 cod.
2432 5279 2633 5341 Vatic.

456 5391 508 5472 1
541 5390 749 5472 Elimea;
761 5433 772 5444 .
2023 5395 2115 5472 τοῦ
2128 5398 2291 5472 -Θεοῦ,
2324 5395 2465 5472 ἆρον,
2479 5401 2598 5472 τήν.

454 5462 649 5541 auset
678 5464 765 5519 τά.
853 5534 877 5541 _
942 5535 954 5541 _
1005 5533 1016 5541 _
1144 5533 1155 5541 _
1380 5535 1392 5541 _
1433 5533 1474 5541 __
1569 5531 1582 5541 _
1667 5531 1680 5541 Α
1752 5531 1762 5541 ,
2094 5469 2168 5534 (4)
2197 5471 2266 5541 ΔὈ
2293 5462 2656 5541 ἐννοούμενος.
2684 5470 2701 5541 A‘

426 5532 502 5603 ('5)
534 5533 755 5592 Ἕνεκεν
787 5534 880 5590 τοῦ
929 5533 1186 5605 ὀνόματός
1223 5549 1344 5597 σου,
1371 5535 1400 5587 ὁ
1433 5531 1625 5602 ’Δμνὸς
1659 5531 1918 5604 ὑπάρχων
2090 5531 2161 5616 (ὅ)
2194 5539 2418 5614 Βοήθεια
2447 5531 2592 5612 λέγει
2616 5531 2816 5617 Κύριος
2845 5539 2978 5603 τῶν,
3005 5547 3115 5594 etc.

435 5645 512 5716 (α)
551 5647 859 5719 Legendum
887 5651 1069 5719 potius
1118 5647 1440 5719 εὑπάροχον.
1473 5646 1630 5702 Εοιτ.
