3776 6272
140 255 232 312 737
1043 250 1132 305 DE
1169 243 1453 337 TITULISI
1479 249 1927 306 PSALMORUM.
1967 279 2036 291 ——
2075 246 2268 301 PSAL.
2310 245 2476 300 XXV.
3256 246 3362 305 738

1725 380 1770 434 Α
1866 369 1956 425 29.
1992 367 2056 422 Et
2087 375 2466 423 testamentum
2500 367 2671 436 ipsius
2702 363 3075 420 ma'nifestabit
3095 364 3224 421 illis.

1869 459 1956 514 50.
1983 458 2138 513 Oculi
2170 457 2274 512 mei
2306 472 2520 528 semper
2550 457 2619 510 ad
2652 453 2968 520 Dominum,

1869 552 1956 606 51.
1991 551 2254 618 Quoniam
2299 552 2412 622 ipse
2444 551 2636 605 evellet
2666 550 2732 604 de
2768 549 2962 619 laqueo
2989 548 3153 619 pedes
3190 563 3364 607 meos.

1868 643 1954 695 52.
1993 642 2215 712 Respice
2244 642 2296 695 in
2326 657 2430 706 me,
2462 651 2518 696 et
2549 642 2808 696 miserere
2836 642 2979 696 mei:

1867 733 1954 788 33.
1992 732 2129 798 Quia
2161 732 2358 787 unicus
2387 740 2441 786 et
2476 747 2677 802 pauper
2707 747 2827 785 sum
2860 748 2981 802 ego.

1869 825 1955 878 54.
1990 823 2389 879 Tribulationes
2411 825 2591 879 cordis
2615 814 2718 878 mei
2746 825 3117 894 multiplicatae
3143 835 3303 881 sunt:

1868 917 1956 970 55.
1992 915 2062 971 De
2088 917 2502 971 necessitatibus
2534 916 2669 971 meis
2705 932 2836 971 erue
2865 934 2968 972 nte.

1869 1006 1954 1059 56.
1991 1006 2125 1061 Vide
2171 1007 2530 1062 humilitatem
2579 1023 2752 1063 meam
2779 1017 2834 1064 et
2867 1010 3108 1066 laborem
3143 1028 3363 1069 meum:

1867 1099 1956 1153 57.
1987 1099 2052 1153 Ει
2084 1088 2292 1154 dimitte
2334 1101 2584 1156 universa
2610 1101 2808 1157 delicta
2839 1119 2979 1158 mea.

1869 1191 1957 1246 38.
1994 1189 2222 1261 Respice
2252 1191 2508 1248 inimicos
2533 1209 2706 1258 meos,
2733 1196 2992 1266 quoniam
3023 1198 3366 1269 multiplicati

1799 1292 1969 1336 Sunt:

1864 1375 1953 1429 59.
1990 1374 2056 1429 Ει
2088 1377 2213 1430 odio
2247 1376 2435 1449 iniquo
2468 1379 2703 1434 oderunt
2732 1395 2838 1434 me.

1869 1465 1957 1520 40.
1993 1465 2215 1523 Custodi
2249 1471 2484 1525 animam
2510 1488 2709 1536 meam,
2739 1483 2793 1528 et
2816 1489 2943 1528 erue
2965 1489 3085 1529 me:

1865 1558 1956 1612 41.
1993 1558 2110 1614 Νοη
2144 1562 2488 1628 erubescam,
2525 1566 2787 1635 quoniam
2814 1569 3026 1636 speravi
3061 1567 3116 1622 in
3147 1574 3222 1624 te.

1731 1727 1772 1781 Β
1865 1649 1955 1702 42.
1987 1647 2303 1707 lnnoeentes
2322 1663 2374 1708 et
2395 1656 2526 1709 recti
2553 1656 2899 1714 adhaeserunt
2917 1659 3072 1728 mihi,
3090 1660 3218 1730 quia
3239 1677 3364 1717 sus~

1803 1738 1939 1781 limti
1969 1749 2039 1781 In-

1803 1738 1942 1793 tintti
1969 1749 2040 1794 te.

1873 1828 1963 1884 45.
1999 1828 2215 1898 Libera,
2254 1823 2416 1899 Deus,
2444 1833 2608 1890 Israel
2652 1849 2715 1890 ex
2760 1837 3014 1892 omnibus
3062 1838 3367 1895 tribulatiov

1805 1921 1968 1975 nibus
1993 1921 2130 1976 suis.

2145 2051 2393 2108 Psalmus
2420 2054 2614 2110 Dauid.
2649 2057 2854 2115 I'SAL.
2883 2060 2989 2115 ΧΧ
3006 2061 3064 2118 l'.

200 371 292 427 29.
327 372 441 424 Καὶ
467 374 500 442 ἡ
523 369 754 440 διαθήκη
789 368 950 423 αὑτοῦ
984 369 1210 441 δηλώσει
1238 372 1442 434 αὐτοῖς.

199 460 290 516 50.
323 461 388 513 οι
417 459 683 530 ὀφθαλμοί
714 475 812 529 μου
843 458 1131 524 διαπαντὸς
1160 461 1294 531 πρὸς
1314 461 1405 514 τὸν
1436 461 1660 533 Κύριον,

200 549 295 604 51.
328 549 450 603 Ὅτι
472 550 633 614 αὐτὸς
655 551 919 604 ὲκσπάσει
937 553 1000 605 ὲκ
1016 552 1239 621 παγίδος
1252 554 1379 617 τοὺς
1396 555 1558 619 πόδας
1575 573 1694 626 μου.

203 642 296 696 59..
339 641 660 710 Ἐπίὸλεψον
683 642 768 692 ἐπ’
789 642 910 712 ἐμὲ,
936 644 1030 696 καὶ
1063 643 1286 715 ὲλέησὸν
1319 663 1385 715 με
1416 662 1430 675 ο

200 731 292 786 53.
325 732 448 784 Ὀτι
488 730 783 802 μονογενὴς
815 733 910 784 καὶ
934 733 1146 803 πτωχός
1175 736 1289 805 ειμι
1317 733 1446 803 ἐγώ.

203 824 294 877 54.
325 825 394 876 Αἰ
431 822 641 892 cupa;
665 825 764 894 τῆς
795 825 1021 896 καρδίας
1051 843 1152 895 μου
1180 827 1622 895 ὲπληθύνθησαν·

199 916 290 972 55.
333 918 430 970 Ἐκ
463 915 574 968 τῶν
607 913 861 984 ἀναγκῶν
898 923 997 986 μου
1023 917 1257 986 ἐξάγαγέ
1295 937 1384 989 με.

200 1010 289 1066 56.
329 1010 436 1062 Ἴδε
464 1010 562 1081 τὴν
593 1010 922 1064 ταπείνωσίν
951 1029 1052 1081 μου
1081 1012 1174 1065 καὶ
1195 1012 1287 1065 τὸν
1317 1012 1482 1066 κόπον
1514 1029 1615 1083 μου
1651 1029 1666 1045 ·

203 1103 291 1156 57.
324 1103 436 1155 Kal.
471 1102 610 1171 ἄφες
632 1103 809 1167 πάσας
835 1103 932 1167 τὰς
964 1104 1236 1175 ἁμαρτίας
1271 1121 1393 1174 μου.

201 1195 287 1249 58.
325 1195 432 1248 Ἴδε
458 1197 586 1259 τοὺς
613 1196 839 1267 ἐχθρούς
868 1215 991 1268 μου,
1017 1197 1099 1250 ὃτι
1144 1195 1557 1268 ἑπληθύνθησαν
1575 1213 1589 1226 ·

200 1370 287 1426 59.
317 1369 434 1424 Καὶ
473 1373 625 1441 μῖσος
651 1370 829 1424 ἄδικον
851 1370 1122 1442 ὲμίσησὰν
1151 1387 1241 1442 με.

200 1461 286 1516 ιο.
321 1462 567 1528 Φύλαξον
595 1462 693 1532 τὴν
719 1462 898 1534 ψυχήν
930 1481 1052 1534 μου,
1078 1463 1170 1516 καὶ
1209 1460 1370 1532 ῥῦσαί
1401 1477 1488 1532 με’

198 1555 288 1609 41.
319 1554 417 1627 Μὴ
445 1553 917 1626 καταισχυνθειην,
949 1555 1031 1608 ὃτι
1062 1554 1265 1625 ἤλπισα
1296 1555 1388 1606 ἐπὶ
1427 1553 1510 1606 σὲ.

201 1646 290 1703 42.
331 1647 570 1700 ’Δκακοι
608 1647 701 1700 καὶ
735 1646 910 1710 εὐθεῖς
957 1645 1253 1700 ἐκολλῶντό
1299 1661 1411 1716 μοι,
1472 1645 1552 1698 ὅτι
1595 1645 1698 1696 ὑπ*

139 1738 326 1810 ἐμεινά
349 1756 431 1803 σε,
451 1738 647 1810 Κύριε.

197 1831 288 1886 45.
319 1833 637 1903 Δύτρωσαι,
662 1832 692 1884 ὀ
721 1831 870 1896 Θεὸς,
896 1829 986 1883 τὸν
1027 1830 1244 1902 Ἰσραὴλ
1274 1831 1338 1883 ὲκ
1360 1828 1549 1882 πασῶν
1587 1827 1695 1880 τῶν

136 1922 368 1994 θλίψεων
401 1923 591 1978 αὑτοῦ.

447 2054 691 2126 Ψωμός
719 2053 798 2120 τῷ
826 2051 1022 2110 Δαϐἱδ.
1052 2054 1227 2108 ΨΑΛ.
1256 2055 1388 2108 KE'.

200 2170 251 2224 1.
282 2168 487 2240 Κρῖνόν
516 2185 629 2239 μοι,
658 2167 848 2239 Κύριε,
872 2168 954 2220 ὅτι
981 2165 1092 2235 ἐγὼ
1123 2168 1181 2218 ὲν
1209 2165 1414 2238 ἀκακία
1444 2183 1546 2237 μου
1573 2167 1698 2220 ὲπο-

137 2261 334 2333 ρεὺθην
359 2276 375 2291 ·

1876 2163 1926 2217 1.
1957 2162 2146 2218 Judica
2174 2181 2280 2232 me,
2306 2165 2571 2235 Domine;
2599 2173 2856 2241 quoniam
2889 2189 2990 2244 ego
3017 2174 3072 2229 in
3105 2174 3368 2233 innocen-

1805 2258 1876 2310 tia
1913 2275 2030 2314 mea
2056 2260 2336 2332 ingressus
2365 2277 2485 2317 sum
2513 2279 2527 2315 :

1269 2458 1641 2515 ATHANASII
1680 2458 2267 2519 INTEBPREI‘ATIO.

196 2645 290 2700 29.
321 2645 534 2713 Διδάξει
556 2644 770 2709 αὐτούς.

197 2742 289 2796 50.
328 2739 443 2809 Τῆς
471 2738 696 2812 καρδίας
728 2756 828 2810 μου
859 2738 1021 2809 λέγει.

198 2833 260 2886 51
277 2872 292 2887 .
341 2831 475 2884 Ἀπὸ
509 2829 913 2902 ἁμαρτιῶν

197 2923 291 2976 52.
327 2921 568 2993 Πρὸσχες
591 2920 650 2974 τὸ
674 2920 896 2985 ἀσθενές
919 2938 1040 2990 μου,
1072 2921 1167 2975 καὶ
1196 2916 1417 2993 ἐλέησόν
1448 2939 1537 2992 με.

199 3013 291 3067 55.
327 3011 510 3083 Μηδὲν
545 3011 622 3083 (2)
647 3012 808 3083 ἔχων.

195 3105 288 3159 54.
326 3107 392 3158 Ai
424 3105 687 3176 ἁμαρτίαι
720 3124 842 3176 μου.

216 3197 291 3252 ι5.
334 3197 468 3250 Ἀπὸ
495 3197 777 3269 ἁμαρτιῶν
818 3197 916 3270 (3).

1876 2652 1965 2709 29.
1998 2654 2219 2712 Docebit
2243 2672 2362 2714 eos.

1788 2730 1795 2738 ’
1881 2731 1969 2797 50.
2005 2745 2198 2802 Cordis
2230 2749 2358 2815 mei,
2391 2746 2586 2816 inquit.

1882 2824 1970 2889 51.
2008 2837 2054 2889 Α
2083 2841 2337 2908 peccatis.

1885 2921 1974 2978 52.
2003 2925 2232 2981 Attende
2262 2927 2626 2983 inﬁrmitatem
2657 2932 2854 2994 meam,
2878 2936 2933 2983 et
2961 2923 3215 2982 miserere
3240 2929 3368 2986 mei.

1881 3018 1970 3072 55.
2004 3014 2148 3071 Nihil
2187 3017 2414 3074 habens.

1881 3109 1971 3162 54.
2000 3106 2232 3164 Peccata
2267 3125 2408 3164 mea.

1879 3199 1969 3253 55.
2002 3198 2046 3250 Α
2075 3200 2332 3268 peccatis.

195 3287 268 3343 56
298 3328 314 3352 ,
347 3288 439 3342 57.
470 3287 681 3350 "En-.83,
711 3288 792 3341 ὅτι
821 3287 950 3359 χοῦς
987 3291 1120 3360 εἰμι,
1151 3289 1244 3344 καὶ
1271 3288 1504 3361 πρόσχες
1523 3291 1584 3344 τὸ
1615 3290 1694 3343 δυ-

132 3379 292 3432 νατδν
321 3378 432 3431 τῶν
467 3378 801 3450 ἐπιθεμένων
835 3396 922 3449 μοι
950 3379 1220 3450 πολεμίων
1239 3379 1338 3452 (4),
1376 3381 1469 3435 καὶ
1493 3381 1702 3450 σπλαγ-

132 3469 368 3539 χνισθεὶς
405 3470 543 3540 ἄφες
570 3470 752 3536 πάσας
775 3471 874 3533 τὰς
907 3472 1181 3544 ἁμαρτίας
1216 3490 1336 3544 μου.

201 3560 293 3615 58.
328 3560 468 3623 Τοὺς
492 3560 750 3631 δαίμονας
778 3561 946 3630 λέγει.

197 3653 290 3708 59.
328 3653 515 3723 Μηδὲν
539 3653 862 3724 ἀδικηθέντα
888 3652 965 3724 (5)
995 3654 1085 3707 ὑπ’
1110 3653 1266 3725 ἐμοῦ.

1878 3291 1969 3355 56,
2000 3291 2088 3344 57.
2114 3291 2320 3362 Inspice
2344 3291 2599 3362 quoniam
2635 3292 2810 3362 pulvis
2837 3305 2978 3360 sum,
3011 3301 3065 3349 et
3093 3291 3370 3350 considera

1809 3383 2100 3452 potentiam
2120 3382 2458 3437 inimicorum
2478 3383 2796 3436 irruentium
2815 3384 2868 3437 in
2894 3399 2997 3449 me,
3017 3392 3068 3440 et
3085 3385 3374 3441 miseratus

1809 3475 2019 3529 dimitte
2046 3473 2224 3529 omnia
2250 3483 2468 3545 peccata
2503 3488 2639 3528 mea.

1878 3564 1967 3619 58.
2003 3564 2280 3620 Daemones
2315 3565 2604 3635 signiﬁcat.

1878 3655 1968 3711 59.
2005 3654 2158 3709 Nulla
2186 3657 2330 3709 enim
2364 3655 2562 3724 injuria
2599 3670 2629 3708 a
2662 3669 2746 3708 me
2773 3654 2946 3710 allecti
2978 3665 3125 3710 sunt.

199 3744 291 3799 40.
329 3747 429 3798 Ἐκ
452 3744 561 3798 τῶν
589 3744 845 3798 ἐναντίων
867 3744 1169 3814 δυνάμεων.

206 3839 264 3891 41
283 3876 296 3888 .
327 3839 424 3907 Μὴ
451 3836 831 3909 ἀλλοτριώσεις
869 3853 935 3907 με
967 3837 1192 3902 ἑαυτοῦ,
1221 3838 1303 3891 ὅτι
1346 3837 1548 3908 ἦλπισα
1577 3879 1592 3903 ,
1625 3837 1707 3890 ὅτι

133 3929 404 4004 πῳσδέξῃ
432 3947 524 4002 με.

1880 3747 1967 3802 40.
1995 3747 2035 3800 Α
2071 3746 2756 3817 contrariis'potestatibus

1881 3840 1970 3895 M.
1995 3839 2078 3894 Me
2111 3855 2139 3892 a
2167 3849 2218 3894 te
2251 3840 2370 3909 ipso
2395 3855 2502 3893 non
2533 3839 2814 3903 alienabis,
2846 3839 3105 3910 quoniam
3137 3843 3376 3911 speravi,

1812 3931 1958 4003 quod
1989 3945 2075 3986 me
2104 3930 2364 4001 excipies.

200 4023 291 4079 ΛΞ.
327 4021 523 4092 Χαρᾶς
560 4019 911 4094 ὲπληρούμην
941 4021 1288 4092 μεμνημένος
1320 4019 1429 4073 τῶν
1469 4021 1678 4089 ὲπαγγε

1882 4023 1973 4076 42.
1997 4023 2206 4078 Gaudio
2237 4023 2489 4094 impletus
2527 4037 2671 4088 sum,
2698 4021 3123 4094 promissionum
3154 4031 3375 4080 tuarum

135 4115 263 4170 λιιῖιν
298 4133 422 4169 σου.

1854 4114 2152 4170 acordatus.

204 4207 292 4264 45.
307 4208 417 4262 Τὸν
439 4204 768 4274 νοῦν,λέγει,
787 4203 879 4257 τδν
904 4203 1113 4275 ὁρῶντα
1135 4202 1227 4258 τὸν
1243 4203 1374 4257 Θεὸν
1408 4203 1681 4258 λύτοωσαι

1883 4204 1970 4259 45.
1999 4203 2252 4268 Mentem,
2282 4201 2475 4272 inquit,
2503 4217 2626 4271 quae
2649 4202 2794 4257 videt
2821 4201 3011 4271 Deum,
3033 4204 3222 4262 libera.

217 4373 279 4426 Ἦ
313 4368 651 4442 προκειμένη
681 4367 957 4438 ἐπιγραφὴ
980 4365 1222 4436 περιέχει
1245 4379 1257 4390 ·
1297 4363 1370 4432 (6)
1402 4365 1647 4432 Ψαλμὸς
1678 4365 1758 4430 τῷ
1784 4364 1979 4429 Δαόιδ,
2020 4364 2284 4427 τουτέστι,
2327 4364 2569 4432 Ψαλμὸς
2601 4361 2680 4428 τῷ
2719 4362 2829 4427 Υιῷ
2850 4363 2956 4416 τοῦ
3005 4363 3174 4417 Θεοῦ.
3213 4362 3378 4418 Δαδὶδ

135 4469 245 4540 γὰρ
265 4464 631 4539 ἑρμηνεύεται
652 4462 857 4528 ἱκανὸς
889 4461 1057 4530 χειρὶ,
1092 4461 1226 4532 ὅπερ
1261 4460 1408 4513 ἐστὶν
1442 4463 1474 4514 ό
1502 4458 1632 4525 Υἱὸς
1654 4457 1761 4513 τοῦ
1793 4460 1962 4522 Θεοῦ,
1995 4459 2070 4526 (7)
2099 4458 2238 4512 καθὰ
2259 4459 2288 4511 ὁ
2312 4459 2596 4528 προφήτης
2631 4454 2882 4527 Ἐζεκιὴλ
2907 4455 3183 4512 δείκνυται
3203 4457 3378 4529 λέγων

208 4601 428 4657 Titulus
447 4599 769 4670 praepositus
795 4598 1074 4653 continet:
1099 4595 1348 4650 Psalmus
1375 4594 1562 4660 David,
1594 4595 1697 4650 hoc
1731 4605 1816 4652 est
1841 4615 1854 4651 :
1893 4596 2138 4650 Psalmus
2173 4593 2320 4675 Filio
2347 4594 2460 4649 Dei.
2489 4593 2656 4649 David
2690 4593 2836 4649 enim
2871 4593 3260 4666 interpretatur
3283 4614 3378 4666 po-

136 4712 251 4756 tens
283 4714 469 4760 manu,
497 4698 640 4766 quod
675 4704 758 4751 est
786 4693 960 4749 Filius
985 4694 1101 4758 Dei,
1129 4693 1592 4763 quemadmodum
1627 4695 1890 4765 propheta
1932 4692 2186 4747 Ezechiel
2221 4691 2487 4754 ostendit,
2519 4692 2707 4746 dicens
2733 4692 2787 4746 itt
2819 4691 3028 4746 visione
3051 4691 3332 4746 cherubim
3358 4711 3374 4748 :

207 4795 258 4848 1.
289 4794 553 4864 Θέλησον,
577 4793 749 4865 Κύριε
783 4791 879 4863 (8),
911 4789 1268 4844 καταδικάσαι
1295 4791 1438 4862 ἐμοὶ,
1476 4789 1570 4843 καὶ
1599 4791 1681 4842 τοῖ

1878 4789 1928 4841 1.
1959 4787 2136 4853 Velis,
2168 4786 2417 4852 Domine,
2442 4786 2690 4857 judicare
2734 4789 2876 4843 inter
2923 4803 3010 4842 me
3052 4797 3108 4842 et
3148 4786 3379 4860 Babylo-

131 4885 525 4947 Βαϐυλωνίοις,
555 4885 635 4938 ὅτι
664 4882 774 4952 ἐγὼ
802 4883 898 4954 μὲν
923 4881 1070 4952 πάσῃ
1097 4881 1302 4952 ἀκακία
1325 4880 1600 4952 κέχρημαι
1623 4879 1681 4938 sit

1854 4877 1954 4940 ios.
1987 4877 2244 4947 quoniam
2291 4892 2389 4948 ego
2423 4877 2642 4947 quidem
2673 4877 2726 4931 in
2757 4893 2852 4933 eos
2882 4878 3028 4932 omni
3065 4876 3376 4932 innocentia

139 4982 362 5043 αὐτοὺς,
397 4976 625 5052 [αὐτοὶ]
656 4977 712 5029 δὲ
736 4978 816 5038 εἰς
841 4975 938 5045 ἐμὲ
964 4974 1173 5044 πονηρά
1205 4972 1474 5045 [πονηρία
1496 4972 1541 5044 ].

1857 4987 1951 5027 sus
1974 4987 2094 5024 sum
2121 4987 2135 5035 ;
2175 4969 2275 5041 ipsi
2303 4981 2482 5026 autem
2509 4972 2562 5025 in
2587 4986 2674 5026 me
2698 4971 2846 5026 omni
2879 4969 3139 5040 nequitia.

1092 5150 1392 5213 Addenda
1419 5157 1480 5211 et
1537 5148 1905 5228 corrigenda
1940 5167 2019 5210 ex
2057 5150 2194 5212 cod.
2228 5149 2428 5210 Vatic.

214 5347 294 5417 (1)
334 5346 468 5400 Ἀπὸ
493 5347 678 5417 πάσης
707 5345 1000 5417 ἁμαρτίας.
2096 5341 2181 5417 δια
2213 5338 2702 5417 Ξῆςμινιναὸάρεως
2739 5354 2865 5406 περ.

215 5407 294 5487 (ei
324 5417 560 5487 Μηδένα.
1890 5407 1966 5487 (ξι)
2005 5411 2180 5487 licet")
2206 5407 2340 5487 βέοῡ
2364 5409 2508 5487 ῑςερς,
2544 5407 2648 5487 εις.

215 5475 295 5560 (ξι)
329 5475 439 5560 LE?
453 5486 574 5560 ,τῶν
607 5483 844 5560 ἀγομιξῦν
879 5502 1002 5560 μευ·

1885 5475 1962 5560 (8)
2005 5479 2253 5551 Ἐλέησόν
2286 5495 2353 5551 με
2385 5478 2555 5546 λέγει,
2587 5475 2812 5548 Κύριος.
2834 5475 3063 5548 Reliqua
3088 5477 3285 5535 desunt
3315 5481 3373 5535 in

219 5553 295 5627 μ)
329 5556 607 5627 Πολέμῳν,
639 5553 734 5608 καὶ
756 5555 831 5620 ὡς
861 5553 1060 5622 σπλαγ.
1816 5553 1936 5606 cod.

221 5625 298 5683 15)
343 5625 736 5686 ’Δδιιὶηθέπεᾳ
