3750 6410
389 284 494 347 739
1228 286 1286 340 S.
1324 283 1692 339 ATHANASII
1726 283 1878 342 OPP.
1917 286 2101 342 PARS
2141 286 2230 342 Ill.
2273 315 2346 329 —
2378 283 2796 342 EXEGETICA.
3501 287 3615 345 740

448 408 507 464 2.
539 407 598 464 Et
629 409 684 464 in
714 407 946 464 Domino
975 421 1221 477 sperans,
1254 422 1361 460 non
1396 407 1735 462 inilrmabor.

2117 412 2171 465 2.
2203 411 2310 464 Kal
2334 411 2425 464 ἐπί
2451 409 2529 481 τῷ
2557 409 2749 481 Κυρίῳ
2769 407 3026 474 ἐλπίζων,
3061 405 3123 460 οὺ
3153 405 3228 477 μή
3255 405 3559 479 ἀσθενήσω.

449 501 506 558 3.
535 501 707 556 Proba
738 517 844 564 me,
875 500 1125 566 Domine,
1151 509 1207 554 et
1239 507 1386 553 tenta
1416 513 1537 554 me:

2112 505 2164 557 5.
2201 504 2499 574 Δοκίμασόν
2528 519 2617 572 με,
2656 501 2848 571 Κύριε,
2878 501 2971 553 καὶ
3001 499 3262 570 πείρασόν
3289 515 3357 568 με
3377 516 3391 531 ·

449 595 504 652 ι.
535 593 644 650 Ure
666 609 822 648 renes
851 607 1022 657 meos,
1047 601 1102 647 et
1124 606 1222 646 cor
1251 606 1454 646 meum.

2132 594 2173 647 ι.
2210 593 2466 665 Πύρωσον
2512 594 2638 655 τοὺς
2681 590 2910 661 νεφρούς
2961 608 3062 661 μου
3103 589 3197 643 καὶ
3237 589 3334 659 τήν
3385 590 3613 662 καρδίαν

2097 703 2202 739 ου’

450 766 503 820 5.
532 765 800 833 Quoniam
844 763 1220 820 misericordia
1271 776 1368 820 tua
1411 776 1537 820 ante
1563 767 1754 822 oculos
1797 783 1931 821 meo:

2132 705 2158 738 υ
2187 704 2202 718 .

2132 778 2172 832 5.
2203 778 2324 831 Ὀτι
2357 778 2418 831 τὸ
2442 775 2589 840 ἔλεός
2620 792 2713 829 σου
2735 775 3023 829 κατέναντι
3053 774 3162 825 τῶν
3188 773 3483 844 ὀφθαλμῶν
3511 770 3613 842 μού

386 865 464 910 est
483 874 496 909 :

2051 873 2166 923 ἐστι
2194 910 2208 934 ,

449 943 502 1000 6.
530 943 596 998 Et
619 945 918 1016 complacui
946 947 1002 1000 in
1025 946 1249 1001 veritate
1281 955 1392 1000 tua.

2121 962 2174 1016 6.
2205 962 2315 1015 Καὶ
2340 960 2682 1032 εὐηρέστησα
2713 959 2771 1012 ἐν
2790 960 2855 1028 τῇ
2885 956 3111 1028 ἀληθείᾳ
3145 973 3261 1009 σου.

450 1033 503 1088 7.
538 1033 652 1089 Non
687 1037 800 1090 sedi
827 1051 950 1090 cum
983 1036 1214 1090 concilio
1239 1035 1496 1090 vanitatis
1523 1054 1538 1090 :

2123 1053 2174 1105 7.
2206 1051 2319 1104 Οὐκ
2341 1049 2571 1104 ἐκάθισα
2597 1048 2734 1120 μετά
2760 1047 3036 1118 συνεδρίου
3072 1047 3434 1118 ματαιότητος
3456 1063 3472 1078 ·

449 1127 502 1180 8.
537 1124 600 1179 Ει
635 1141 757 1180 cum
793 1127 978 1196 iniqua
1009 1127 1324 1197 gerentibus
1354 1143 1462 1180 non
1494 1128 1732 1182 introibo
1761 1148 1773 1180 :

2121 1143 2173 1196 8.
2205 1144 2314 1195 Kal
2343 1141 2480 1214 μετά
2515 1139 2972 1213 παρανομούντων
2999 1139 3059 1190 οὐ
3091 1137 3165 1208 μὴ
3191 1137 3440 1193 εἰσέλθω.

449 1217 503 1270 9.
529 1217 683 1272 0divi
709 1219 996 1272 ecclesiam
1029 1218 1472 1290 malignantium.

2123 1235 2178 1288 9.
2219 1236 2487 1306 Ἐμίσησα
2521 1233 2815 1303 ἐκκλησίαν
2836 1231 3282 1302 πονηρευομένων
3301 1246 3316 1260 ο

453 1306 542 1360 10.
580 1305 796 1362 Etcum
834 1309 1017 1378 impiis
1047 1319 1158 1363 non“
1189 1309 1410 1364 sedebo.

2122 1327 2209 1381 10.
2243 1305 2354 1380 Καὶ
2401 1326 2537 1398 μετά
2564 1325 2776 1378 ἀσεδῶν
2800 1325 2861 1377 οὐ
2899 1324 2973 1396 μὴ
3004 1324 3231 1377 καθίσω.

456 1396 540 1450 11.
569 1395 787 1452 Lavabo
817 1399 955 1453 inter
980 1400 1294 1454 innocentes
1318 1414 1518 1453 manus
1551 1415 1738 1453 meas:
1829 1468 1836 1473 _

1829 1468 1836 1473 .
2122 1418 2208 1471 11.
2244 1395 2484 1488 Νίψομαι
2517 1417 2575 1468 ἐν
2599 1415 2794 1478 ἀθώοις
2820 1415 2917 1478 τὰς
2948 1415 3130 1486 χεῖράς
3156 1431 3257 1484 μου
3283 1431 3296 1446 ·

457 1489 544 1542 12.
581 1489 648 1545 Et
667 1490 1014 1545 circumdabo
1050 1493 1217 1546 altare
1244 1501 1422 1554 tuum,
1452 1489 1703 1556 Domine,

2126 1509 2213 1563 12.
2244 1511 2350 1562 Kal.
2376 1506 2638 1562 κυκλὼσω
2662 1507 2723 1561 τὸ
2748 1507 3130 1578 θυσιαστήριόν
3158 1524 3272 1568 σου,
3297 1506 3471 1579 Κύριε
3497 1548 3511 1574 ,

456 1579 543 1633 13.
573 1577 642 1634 Ut
666 1579 750 1651 [ut
783 1579 901 1652 ego]
935 1583 1152 1635 audiam
1179 1596 1362 1636 vocem
1387 1581 1588 1645 laudis,

2137 1601 2210 1655 l5.
2243 1601 2349 1654 Τοῦ
2384 1600 2614 1654 ἀκοῦσαι
2645 1600 2826 1671 φωνῆς
2859 1577 3005 1668 [Τοῦ
3030 1598 3257 1652 ἀκοῦσαί
3297 1615 3364 1669 με
3392 1577 3618 1668 ήφωνὴν]

2053 1686 2308 1751 αίνέσεὼς
2338 1704 2453 1751 σου,

455 1776 540 1832 14.
573 1776 640 1832 Ει
669 1793 914 1834 enarrem
945 1781 1198 1835 universa
1237 1781 1509 1836 mirabilia
1542 1793 1652 1834 tua.

2009 1772 2024 1824 Ι
2125 1778 2211 1832 14.
2244 1777 2352 1830 Kal.
2383 1777 2746 1850 διηγήσασθαι
2773 1780 2949 1833 πάντα
2974 1779 3039 1832 τά
3068 1777 3348 1850 Θαυμάσιά
3373 1794 3490 1832 σου.

457 1867 546 1922 15.
582 1866 828 1931 Domine,
855 1869 1018 1924 dilexi
1045 1870 1294 1925 decorem
1324 1871 1518 1925 domus
1557 1880 1683 1936 tuae,

2129 1869 2217 1924 15.
2247 1868 2444 1940 Κύριε,
2473 1872 2735 1942 ἠγάπησα
2760 1871 3090 1941 εὐπρέπειαν
3116 1872 3261 1924 οῐκου
3291 1886 3411 1935 σου,

455 1957 543 2012 16.
579 1956 645 2011 Et
673 1958 850 2014 locum
885 1960 1236 2015 habitationis
1273 1961 1456 2029 gloriae
1491 1970 1618 2016 ture.

2128 1962 2216 2016 16.
2248 1963 2359 2014 Kal.
2380 1963 2543 2015 τόπον
2573 1962 2926 2034 σκηνώματος
2959 1963 3116 2034 δόξης
3139 1980 3253 2018 σου.

458 2047 546 2100 17.
583 2046 660 2103 Ne
681 2049 877 2118 perdas
901 2065 1025 2105 cum
1050 2050 1250 2120 impiis,
1285 2049 1448 2118 Deus,
1477 2051 1713 2106 animam
1741 2067 1914 2106 meam
1938 2075 1939 2080 π

2135 2053 2219 2108 17.
2250 2053 2341 2124 Μὴ
2370 2053 2741 2125 συναπολέσῃς
2767 2053 2904 2125 μετά
2927 2053 3138 2108 ἀσεϐῶν
3159 2054 3254 2125 τήν
3273 2054 3453 2126 ψυχήν
3482 2071 3581 2124 μου
3603 2093 3616 2117 ,

458 2140 544 2194 18.
582 2139 647 2194 Et
673 2157 795 2196 cum
828 2143 960 2198 viris
981 2143 1307 2214 sanguinum
1330 2143 1493 2198 vitam
1521 2159 1695 2198 meam
1723 2162 1737 2200 :

2134 2142 2220 2196 18.
2253 2144 2362 2196 Kal
2394 2144 2531 2214 μετά
2579 2144 2786 2216 ἀνδρῶν
2820 2144 3068 2215 αἱμάτων
3097 2145 3193 2216 τὴν
3223 2145 3368 2215 ζωήν
3419 2160 3518 2214 μου
3545 2162 3555 2173 ·

1501 2276 1875 2333 ATHANASII
1917 2273 2501 2332 lN'l'EBPRETATlO.

385 2387 443 2440 ἐν
465 2391 531 2460 τῇ
554 2388 788 2462 ὀπτασίᾳ
816 2391 921 2444 τῶν
942 2392 1206 2464 χερουσίμ
1224 2409 1237 2424 ο
1255 2392 1346 2460 Ὠς
1373 2392 1542 2462 φωνὴ
1567 2393 1643 2465 (1)
1673 2389 2074 2462 παρεμϐολῆς.
2100 2387 2309 2444 Οὐκοῦν
2324 2388 2402 2458 τῷ
2425 2389 2596 2441 εἰπεῖν
2621 2389 2802 2454 αὑτὸν,
2819 2389 2914 2453 Ὠς
2941 2385 3107 2457 φωνὴ
3134 2386 3343 2440 ἱκανοῦ
3366 2386 3466 2456 (a).
3489 2389 3622 2456 ἀκηο

386 2477 566 2533 κοὲναι
595 2480 692 2551 τὴν
728 2481 908 2554 φωνήν
937 2484 1127 2555 εἴρηκε
1155 2483 1248 2538 τοῦ
1271 2485 1406 2539 Θεοῦ
1434 2486 1629 2556 Λόγου.
1668 2485 1894 2550 Ἱκανὸς
1919 2483 2029 2554 γάρ
2057 2481 2206 2553 χειρὶ
2232 2482 2261 2534 ό
2287 2482 2421 2545 Θεὸς
2445 2481 2618 2550 Λόγος
2637 2481 2702 2535 ἂν
2725 2483 2832 2552 είη.
2863 2481 3176 2552 Είρήκαμεν
3195 2480 3324 2549 γὰρ,
3352 2481 3435 2532 ὅτι
3468 2483 3621 2534 Ψαλ-

383 2567 496 2638 μός
522 2569 603 2636 τῷ
641 2571 750 2637 Υιῷ
777 2574 882 2628 τοῦ
913 2575 1082 2642 Θεοῦ,
1112 2577 1299 2648 ἐπειδὴ
1332 2577 1495 2632 Δαϐιδ
1529 2577 1889 2650 ἑρμηνεύεται
1922 2575 2130 2640 ἱκανὸς
2159 2573 2310 2642 χειρὶ
2331 2613 2347 2638 ,
2383 2575 2520 2646 ὅπερ
2553 2575 2701 2627 ἐστὶν
2726 2577 2755 2627 ὁ
2785 2573 2917 2636 Θεὸς
2956 2572 3159 2641 Λόγος,
3209 2569 3352 2624 καθά
3394 2571 3500 2624 ὑπὸ
3527 2571 3619 2625 τοῦ

389 2661 667 2732 προφήτου
712 2661 970 2736 ’ῐεζεκιὴλ
997 2665 1420 2738 μεμαθήκαμεν.

393 2773 461 2829 Ut
486 2791 584 2829 vox
611 2779 854 2845 potentis.
884 2777 1130 2835 Profecto
1160 2781 1390 2836 dicendo
1416 2781 1612 2850 ipsum.
1646 2777 1712 2833 Ut
1738 2792 1834 2832 vox
1853 2779 2104 2847 potentis,
2134 2795 2319 2834 vocem
2353 2777 2648 2843 audivisse,
2685 2776 2823 2832 dixit
2879 2777 2971 2832 Dei
3010 2776 3190 2832 Verbi.
3233 2777 3431 2833 Potens
3478 2797 3618 2837 enim

389 2883 548 2920 manu
576 2867 718 2922 Deus
740 2867 978 2923 Verbum
1003 2871 1191 2940 utique
1203 2883 1304 2926 est.
1325 2871 1786 2939 Diximusitaque,
1813 2868 1954 2937 quod
1969 2866 2215 2922 Psalmua
2243 2867 2386 2956 ilio
2410 2867 2535 2932 Dei;
2563 2867 2821 2938 quoniam
2844 2865 3011 2922 David
3037 2868 3422 2937 interpretatur
3445 2882 3618 2938 potens

388 2976 570 3025 manu,
596 2960 742 3031 quod
769 2971 854 3016 est
877 2960 1021 3017 Deus
1039 2961 1296 3031 Verbum,
1314 2962 1769 3034 quemadmodum
1802 2976 1832 3015 a
1862 2960 2122 3030 prOpheta
2155 2960 2433 3016 Ezechiele
2459 2958 2769 3014 didicimus.

449 3075 504 3128 2.
528 3073 712 3130 Habeo
753 3077 898 3130 enim
932 3077 1330 3133 confortantem
1370 3093 1455 3133 me
1488 3077 1678 3142 Deum,
1713 3077 1768 3130 in
1797 3091 1930 3146 quem

2138 3075 2185 3130 Ξ.
2219 3076 2366 3145 Ἐχω
2389 3074 2495 3145 γὰρ
2525 3073 2614 3127 τὸν
2638 3072 3037 3145 ἐνδυναμοῦντά
3066 3090 3132 3144 με
3167 3074 3298 3126 Θεὸν
3331 3074 3430 3148 (Ξ),
3457 3077 3537 3138 εἰς
3566 3076 3619 3128 ὃν

389 3181 572 3235 spero.

2063 3167 2283 3232 ἐλπίζω.

459 3257 513 3322 3,
535 3255 588 3310 ι.
609 3255 680 3310 Ut
700 3258 947 3313 cordium
971 3259 1218 3329 cognitor
1245 3259 1386 3314 nosti
1413 3259 1596 3314 omnia
1625 3274 1745 3329 quae
1769 3259 1823 3313 in
1849 3273 1934 3314 me

2136 3259 2184 3323 5,
2215 3258 2267 3311 4.
2313 3258 2397 3322 Ὠς
2426 3255 2861 3329 καρδιογνώστης
2895 3251 3040 3318 οῐδας
3071 3255 3246 3308 πάντα
3277 3257 3347 3308 τά
3379 3259 3436 3309 ἐν
3479 3259 3617 3327 ἐμοὶ.

392 3348 672 3416 quomodo
699 3359 826 3404 sunt
856 3351 999 3406 circa
1029 3361 1099 3406 te.

1090 3391 1099 3404 .
2059 3350 2180 3414 πῶς
2208 3353 2312 3403 εἰσι
2337 3349 2464 3422 περὶ
2493 3350 2571 3404 σέ.

461 3438 514 3492 5.
549 3437 816 3504 Quoniam
850 3440 1222 3497 misericordia
1257 3451 1370 3508 tua,
1402 3459 1566 3514 quam
1600 3443 1733 3498 mihi
1761 3457 1942 3513 praace

2139 3444 2185 3498 5.
2221 3444 2344 3495 Ὅτι
2373 3442 2434 3495 τὸ
2465 3441 2609 3505 ἔλεός
2648 3457 2762 3506 σου,
2798 3441 2826 3493 ὃ
2862 3440 3194 3512 προσέταξάς
3229 3458 3318 3511 μοι
3346 3443 3518 3493 ποιεῖν
3549 3441 3620 3501 εἰς

389 3528 537 3599 pisti,
573 3539 632 3584 ut
658 3531 1018 3602 indigentibus
1045 3532 1298 3602 facerem,
1328 3546 1450 3590 ante
1471 3535 1656 3590 oculos
1687 3549 1870 3589 meose

2074 3533 2190 3596 τοὺς
2213 3533 2403 3603 χρείαν
2438 3531 2679 3602 ἔχοντας,
2706 3531 2811 3602 πρὸ
2842 3530 3133 3602 ὀφθαλμῶν
3162 3532 3261 3601 μού
3285 3533 3451 3584 ἐστιν.
3552 3558 3555 3562 ·

456 3622 511 3675 6.
543 3621 610 3676 Et
633 3623 686 3678 in
716 3624 820 3680 hoc
854 3624 1102 3681 faciendo
1133 3627 1308 3683 ﬁdelis
1344 3637 1594 3697 repertus
1621 3644 1742 3683 sum
1769 3641 1937 3682 coran

2140 3623 2187 3676 6.
2217 3624 2326 3676 Kal.
2351 3625 2407 3676 ἐν
2429 3622 2506 3694 τῷ
2535 3627 2706 3676 ποιεῖν
2743 3639 2809 3692 με
2830 3613 2992 3674 τοῦτο
3035 3622 3226 3685 πιστὸς
3277 3623 3510 3694 εὑρέθην
3543 3622 3621 3673 ἐν·

395 3720 466 3765 ιε.

2062 3712 2234 3768 ώπιόν
2267 3731 2381 3767 σου.

462 3802 514 3856 7.
541 3800 660 3855 Non
689 3803 936 3872 acquievi
963 3805 1276 3873 iniquorum
1310 3807 1861 3862 murmurationibus.

2138 3808 2192 3861 7.
2229 3807 2304 3860 Οὐ
2337 3805 2831 3875 συνανεπαυσάμην
2853 3807 3181 3875 γογγυσμοῖς
3212 3805 3288 3874 ('5)
3324 3808 3590 3876 πονηροῖς.

464 3893 519 3946 8.
544 3894 732 3962 Neque
761 3909 887 3948 cum
921 3895 1002 3949 eis
1029 3897 1378 3951 consociatus
1412 3913 1557 3952 sum.

1414 3913 1557 3952 sum.
2135 3900 2188 3954 8.
2217 3900 2350 3953 Οὑδέ
2374 3898 2673 3971 συνεθέμην
2696 3899 2895 3960 αὐτοῖς.

465 3981 519 4036 9.
551 3981 970 4050 Multitudinem,
1005 3986 1215 4054 inquit,
1248 3987 1374 4041 odio
1419 3989 1582 4043 habui
1629 4004 1840 4055 eorum,
1867 3992 1946 4060 qui

2140 3992 2183 4046 9.
2215 3990 2425 4060 Πλῆθος
2448 4031 2462 4054 ,
2500 3990 2681 4057 λέγει,
2727 3989 2962 4060 ἐμίσησα
3004 3990 3452 4060 ἐπανισταμένων
3493 3988 3621 4042 κατά

394 4075 683 4140 insurgunt
711 4074 764 4128 in
794 4090 942 4138 eum,
971 4078 1063 4146 qui
1096 4075 1225 4132 fecit
1255 4094 1367 4134 eos.

1276 4095 1367 4134 ros.
2062 4083 2155 4136 τοῦ
2193 4084 2516 4153 ποιήσαντος
2543 4081 2757 4144 αὐτούς.

476 4165 561 4218 10.
595 4164 710 4220 Non
736 4168 1083 4222 consiliabor.

2137 4175 2224 4227 10.
2256 4175 2333 4226 Οὐ
2366 4173 2442 4244 (4)
2472 4173 2545 4244 μή
2575 4171 2929 4244 συνεδρεύσω.

460 4257 547 4328 11.
577 4257 786 4313 Animae
812 4275 1006 4315 manus
1037 4259 1334 4329 signiﬁcat.

2137 4267 2223 4318 11.
2261 4265 2371 4326 Τὰς
2395 4266 2494 4336 τῆς
2515 4263 2695 4336 ψυχῆς
2731 4265 2805 4334 (5)
2840 4266 3026 4336 χεῖρας
3045 4261 3213 4330 λέγει.

459 4346 547 4400 12.
583 4345 648 4402 Ει
679 4348 772 4402 tibi
800 4348 1140 4404 ministrabo.

1988 4407 2028 4426 λ
2137 4356 2225 4409 12.
2260 4356 2370 4409 Καὶ
2392 4356 2763 4426 λειτουργήσω
2785 4372 2883 4410 σοι.

460 4439 550 4503 15,
599 4439 686 4494 14.
737 4439 1044 4496 Leetionem
1085 4441 1396 4512 signiﬁcat:
1431 4443 1499 4500 Et
1550 4444 1652 4517 [ut]
1709 4460 1941 4499 enarrem

2137 4407 2226 4512 is,
2262 4407 2492 4518 ...τὴν
2533 4407 2839 4515 eam...
2871 4407 3057 4515 λέγει·
3093 4444 3201 4500 Καὶ
3234 4443 3312 4515 (6)
3343 4440 3618 4511 διηγήσα-

391 4531 568 4584 omnia
598 4531 872 4586 mirabilia
904 4542 1016 4587 tua.

2055 4541 2196 4593 σθαι
2228 4539 2428 4593 πάντα
2461 4539 2532 4594 τὰ
2563 4538 2864 4610 θαυμάσιά
2895 4555 3029 4593 σου.

462 4619 549 4672 15.
588 4618 849 4689 Populum
880 4621 1090 4677 ﬁdelem
1103 4662 1117 4676 .

2132 4634 2218 4689 15.
2255 4634 2358 4687 Τὸν
2381 4632 2507 4686 λαὸν
2537 4631 2630 4684 τὸν
2653 4630 2861 4684 πιστόν.

464 4709 550 4762 16.
588 4708 687 4765 Ubi
719 4712 1013 4769 inhabitas.

2132 4726 2221 4780 16.
2251 4725 2418 4780 Ἔνθα
2439 4725 2735 4787 κατοικεῖς.

462 4803 546 4857 17.
575 4802 652 4860 Ne
676 4821 762 4861 me
789 4808 1089 4863 constituas
1117 4823 1148 4862 a
1182 4807 1422 4864 sinistris
1444 4809 1570 4864 tuis.

2133 4817 2222 4871 17.
2251 4816 2344 4887 Μὴ
2371 4817 2574 4888 στήσῃς
2600 4831 2667 4886 με
2695 4813 2754 4880 ἐξ
2777 4812 3080 4885 ἀριστερῶν
3107 4827 3221 4864 σου.

462 4895 550 4950 18.
581 4894 998 4953 Homicidarum.

2135 4908 2221 4962 18.
2260 4907 2771 4980 ’Λνθρωποκτόνων.

1330 5036 1631 5098 Addenda
1665 5043 1728 5098 et
1759 5039 2131 5114 corrigenda
2189 5061 2264 5104 ex
2313 5045 2449 5104 cod.
2483 5042 2686 5104 Vatic.

449 5154 534 5241 μὶ
564 5154 665 5241 ⁹Ὦς
693 5156 842 5241 φωνὴ
868 5158 1053 5241 ἱκανοῦ
1073 5160 1130 5212 ἐν
1155 5157 1588 5241 τῷΔπορεύεσθαι
1621 5159 1762 5241 aura
1789 5160 1941 5239 φωνῂ
2232 5165 2486 5241 Χριστόν.

449 5182 533 5237 Si,
590 5182 663 5220 υς
693 5182 842 5228 φωνη
869 5182 1053 5212 ικανου
1073 5182 1130 5212 εν
1155 5182 1232 5229 τῳ
1264 5182 1588 5241 πορευεσυαι
1621 5182 1762 5214 αυτα
1789 5182 1941 5239 φωνη
2143 5182 2200 5234 ’2)
2232 5182 2486 5236 λριστον.

383 5239 478 5304 ⁴[μου
491 5224 698 5304 Λόγου,
861 5227 1022 5304 φωνὴ-
1045 5229 1418 5304 παρελμϐοληςμ,
1442 5241 1589 5304 ερον
1633 5231 1822 5304 εἴρηκε
1845 5246 1942 5304 του
2122 5182 2202 5302 15)
2233 5237 2553 5304 Λογισμοῖς.

385 5292 743 5385 ἓξῖιξβίέϊφγς
771 5292 978 5385 (ξιέδέεδγ
999 5292 1029 5350 δ
1046 5292 1237 5385 ἒκάνὲς
1270 5292 1410 5385 κείρῖ
1430 5303 1458 5385 9
1478 5300 1610 5359 θεὸς
1640 5292 1812 5385 Αὲΐος
1832 5299 1940 5385 εἴης
2123 5292 2198 5385 iii
2226 5292 2335 5385 1.2.1?
2362 5292 2750 5385 μὲτδίάσεδῶν
2773 5301 2856 5368 οὖν
2885 5311 2992 5357 etc-

385 5363 565 5445 Δρτὺν
601 5366 758 5445 ([ονρ.
782 5366 992 5445 αὐτος).
1015 5363 1794 5445 οζινιτὸνςῴαλμρνῌπροςρέρει
1834 5384 1846 5396 °
1884 5363 1946 5445 τὸ
2235 5363 2427 5445 Ψυχῆς
2460 5392 2560 5444 μου

385 5379 555 5416 Δυτον
601 5379 758 5433 uort.
782 5379 976 5445 aug-0;)
1015 5379 1105 5420 ουν
1147 5379 1266 5449 τον,
1278 5379 1488 5489 ψαλέιὸν
1530 5379 1704 5438 προξρε
1715 5384 1794 5438 ρει
1834 5384 1846 5396 ο

385 5430 948 5571 γξρένταυθα
966 5437 1175 5508 ψαλμδς
1200 5456 1276 5508 τῳ
1300 5441 1374 5490 Aa
1416 5437 1479 5491 ίδ.
1499 5439 1703 5507 Εἰρήκα
1715 5455 1814 5505 μεν
1837 5453 1866 5504 γ

1478 5386 1488 5418 ι
1530 5379 1794 5438 προφέρει
1834 5384 1846 5396 °
1885 5379 1946 5420 το
2145 5379 2178 5428 5
2235 5379 2321 5428 ‘Fu
2360 5379 2427 5444 ἧς
2460 5392 2560 5444 μου

1478 5439 1814 5507 Εἱρήκαμεν
1837 5437 1946 5507 γὰρ
2123 5379 2200 5516 ἶϐζ
2231 5392 2361 5509 ι(αέ
2388 5457 2492 5500 etc.
2531 5444 2717 5498 desunt
2745 5442 2800 5494 in
2838 5441 2959 5494 cod.

430 5513 620 5567 αλμος,
644 5513 750 5559 etc.

2123 5305 2141 5514 ἒ

1433 5439 1479 5491 δ.
1499 5437 1703 5507 Εἱρήκα
1715 5455 1814 5505 μεν
1837 5437 1946 5507 γὰρ

457 5612 533 5692 (α)
565 5613 646 5678 Σ.,
675 5615 760 5692 6.,
794 5617 986 5688 βροντὴ
1021 5618 1152 5692 Θεοῦ
1193 5620 1402 5672 ἱκανοῦ.
1438 5619 1513 5683 0',
1551 5619 1701 5689 φωνὴ
1736 5617 1868 5672 Θεοῦ
1903 5636 1938 5672 οη

2138 5622 2239 5685 Ἀ..
2278 5623 2481 5677 ἱκανοῦ.
2523 5622 2747 5676 Hexaol.
2774 5619 2922 5690 Orig.
2951 5635 3038 5689 ap.
3075 5616 3498 5676 Montl'auc.l’aa
3531 5612 3615 5666 Dei

389 5689 776 5751 muniaotentis,
810 5704 948 5742 vers.
989 5689 1130 5748 vulg.
