3750 6390
140 279 224 338 ﬁt
1005 269 1094 325 DE
1132 265 1408 324 TITULIS
1444 265 1888 324 PSALMORUM.
1928 301 1996 310 ——
2035 267 2229 324 PSAL.
2270 267 2458 324 XXVI.
3253 269 3359 326 7.59,

198 389 277 446 l9.
306 381 406 442 Ὧν
439 387 501 441 ἐν
531 383 719 458 χερσὶν
743 383 800 439 αἱ
828 383 1075 454 ἀνομίαιδ

1871 381 1954 435 l9.
1981 383 2038 436 In
2073 398 2305 452 quorum
2335 383 2586 439 manibus
2617 383 2932 454 iniquitates
2959 390 3116 448 sunt;

197 482 274 538 99.
313 481 376 534 Ἦ
407 479 562 545 δεξιὰ
585 477 764 533 αὐτῶν
792 475 1035 548 ἐπλήσθη
1067 474 1271 545 δώρων.

1871 471 1947 525 20.
1987 472 2212 528 Dextera
2243 489 2432 529 eorum
2463 477 2662 546 repleta
2689 487 2772 531 est
2803 477 3143 531 muneribus.

197 575 276 629 ει.
296 570 455 642 ,Ἐγὼ
487 571 546 624 δὲ
573 572 630 624 ὲν
657 569 862 641 ἀκακία
884 587 986 640 μου
1014 567 1318 639 ἐπορεύθην
1338 584 1353 597 ·

1871 562 1947 616 2|.
1981 562 2092 632 Ego
2116 573 2294 618 autem
2321 565 2373 619 in
2397 567 2705 621 innocentia
2738 582 2857 621 mea
2883 567 3164 638 ingressus
3196 579 3356 620 sum:

203 666 282 720 22.
309 661 602 734 Λύτρωσαί
633 679 724 732 με,
755 660 945 732 Κύριε,
979 661 1074 713 καὶ
1101 658 1320 729 ἐλέησόν
1352 675 1439 729 με.

1871 654 1946 708 2'2.
1988 655 2212 718 Redime
2241 672 2346 716 me.
2373 667 2426 710 et
2450 659 2706 712 miserere
2735 658 2863 712 mei.

197 757 274 811 25.
315 757 370 808 Ὀ
403 754 544 818 ποῦς
578 772 682 824 μου
722 754 853 823 ἔστη
889 753 945 804 ἐν
969 751 1260 822 εὐθύτητιο

1871 744 1948 796 23.
1987 743 2087 798 Pes
2114 761 2266 799 meus
2289 747 2435 800 stetit
2469 749 2520 800 in
2553 748 2792 802 directo:

195 847 272 902 24.
311 847 397 899 Ἐν
432 845 762 916 ἐκκλησίαις
793 843 1072 914 εὐλογήσω
1106 859 1187 906 σε,
1221 839 1413 913 Κύριε.

1871 836 1948 888 ει.
1987 835 2042 890 ln
2076 835 2332 894 Ecclesiis
2358 839 2668 894 benedicam
2692 849 2765 904 te,
2793 839 3043 894 Domine.

149 999 357 1069 Ψαλμὸς
383 1001 463 1066 τῷ
482 998 688 1063 Δαὸὶδ,
717 997 830 1068 πρὸ
853 998 956 1052 τοῦ
972 994 1314 1067 χρισθιῖναι.
1354 999 1520 1050 ΨΑΛ.
1540 998 1682 1063 KCI'.

1871 993 2036 1048 almus
2064 964 2254 1061 David,
2284 996 2588 1066 priusquam
2617 996 2879 1051 (iniretur.
2907 994 3107 1050 PSAL.
3137 991 3242 1050 XX
3259 991 3354 1046 VI.

203 1158 244 1212 1.
270 1157 463 1226 Κύριος
486 1157 775 1228 φωτισμός
810 1173 909 1229 μου
943 1156 1036 1210 καὶ
1066 1157 1249 1229 σωτήρ
1277 1173 1400 1228 μου,
1435 1155 1555 1207 τίνα
1587 1171 1684 1224 φο-

1871 1149 1906 1201 l.
1944 1147 2204 1205 Dominus
2245 1151 2574 1207 illuminatio
2607 1167 2728 1207 mea
2751 1163 2804 1208 et
2839 1153 2987 1207 salus
3018 1165 3160 1218 mea,
3191 1164 3354 1219 quem

149 1251 450 1322 δηθήσομαι;

1871 1242 2025 1295 tebo?

199 1344 244 1397 2.
275 1343 468 1414 Κύριος
499 1341 919 1414 ὑπερασπιστὴς
943 1342 1040 1413 τῆς
1070 1340 1216 1410 ζωῆς
1249 1357 1372 1411 μου,
1405 1339 1512 1392 ἀπὸ
1535 1337 1681 1401 τίνος

1871 1333 1907 1386 ι.
1959 1333 2223 1388 Dominus
2264 1340 2538 1402 protector
2581 1331 2704 1386 vitae
2753 1346 2964 1395 meae,a
3017 1347 3126 1402 quo
3182 1333 3352 1400 tropi-

147 1434 355 1487 δειλίασω
375 1450 390 1499 ;

1871 1424 1967 1479 J0?

200 1527 243 1580 5.
278 1527 359 1577 Ἐν
389 1524 467 1595 τῷ
496 1523 744 1594 ἐγγίζειν
778 1525 862 1578 ἐπ’
886 1525 983 1596 ἐμὲ
1011 1523 1333 1586 κακοῦντας,
1360 1521 1453 1577 τοῦ
1490 1522 1682 1590 φαγεῖν

1871 1519 1906 1570 5.
1941 1514 2077 1568 Dum
2129 1509 2566 1581 appropinquant
2616 1523 2780 1578 super
2824 1524 2911 1565 me
2957 1521 3240 1574 nocentes,
3293 1522 3353 1567 ut

147 1617 222 1680 τὰς
244 1617 438 1687 σάρκας
464 1633 566 1685 μου
591 1633 606 1647 ο

1871 1615 1945 1662 mt
1965 1618 2159 1660 carnes
2189 1616 2340 1656 meas
2361 1615 2376 1664 ;

198 1707 242 1762 4.
266 1711 323 1762 υί
348 1697 624 1772 Θλίϐοντές
671 1726 740 1779 με
771 1709 863 1761 καὶ
885 1709 934 1761 οἱ
973 1706 1154 1780 ἐχθροί
1185 1725 1305 1779 μου,
1332 1706 1488 1759 αὐτοὶ
1512 1701 1678 1774 ἡσθέ-

1871 1699 1906 1752 ι.
1939 1695 2044 1762 Qui
2091 1692 2354 1748 tribulant
2402 1703 2488 1743 me
2531 1687 2736 1745 inimici
2782 1690 2910 1754 mei,
2947 1689 3046 1760 ipsi
3099 1690 3354 1746 inﬁrmati

147 1816 281 1870 νησαν
305 1799 391 1851 καὶ
413 1798 640 1850 ἔπεσαν.

1875 1801 1914 1845 ιι
1932 1800 1988 1844 et
2018 1786 2355 1843 ceciderunt.
2865 1777 2869 1782 ’

201 1889 243 1944 5.
281 1889 398 1942 Ἐὰν
441 1888 831 1961 παρατάξηται
865 1889 952 1940 ἐπ’
972 1888 1072 1959 ἐμὲ
1099 1886 1438 1958 παρεμϐολὴ,
1476 1888 1536 1940 οὐ
1587 1905 1684 1959 φο-

1871 1883 1907 1936 i.
1941 1880 1997 1934 Si
2034 1879 2337 1934 consistant
2359 1873 2648 1928 adversum
2683 1889 2769 1929 me
2809 1881 2991 1928 castra
3015 1914 3030 1938 ,
3061 1889 3169 1929 non
3194 1875 3355 1928 time-

148 1980 398 2052 ϐηθήσεται
427 1984 460 2053 ἡ
494 1981 704 2052 καρδία
730 1997 858 2052 μου·

1871 2013 1876 2026 .
1899 1987 1994 2026 (30f
2021 1984 2201 2024 meum
2226 1986 2239 2021 Ξ

199 2071 242 2126 6.
280 2073 396 2126 Ἐὰν
424 2075 714 2144 ἐπαναστῇ
742 2073 830 2126 ἐπ’
866 2071 966 2144 ἐμὲ
1001 2071 1255 2142 πόλεμος,
1289 2072 1348 2125 ἐν
1370 2071 1543 2143 ταύτῃ
1575 2072 1686 2141 ἐγὼ

1871 2065 1906 2119 i.
1941 2064 1998 2116 Si
2029 2066 2289 2130 exsurgat
2318 2058 2606 2113 adversum
2642 2071 2728 2111 me
2759 2057 3025 2127 prtelium,
3058 2057 3112 2111 in
3130 2057 3234 2112 hoc
3260 2072 3355 2130 ego

147 2164 313 2230 ἐλπίζω
345 2165 363 2238 [
383 2166 558 2220 ἐλπιῶ
578 2166 623 2239 ].

1871 2157 2042 2213 :rabo.

198 2255 241 2308 7.
265 2237 396 2311 Μίαν
427 2237 732 2329 ῄτησᾶμην
766 2257 916 2330 παρὰ
952 2256 1180 2330 Κυρίου,
1208 2257 1412 2328 ταύτην
1442 2255 1683 2328 ζητήσω,

1871 2251 1914 2304 7.
1945 2249 2124 2304 Unam
2158 2243 2287 2314 petii
2321 2257 2351 2296 a
2386 2239 2636 2303 Domino,
2665 2239 2807 2293 hanc
2839 2237 3140 2308 requiram,

195 2347 240 2402 8.
270 2348 366 2402 Τοῦ
393 2352 680 2403 κατοικεῖν
730 2367 798 2420 με
840 2351 898 2405 ἐν
952 2349 1087 2420 οἴκῳ
1129 2349 1332 2420 Κυρίου
1369 2349 1546 2411 πάσας
1585 2347 1685 2411 τὰς

1871 2346 1911 2397 5.
1943 2339 2015 2395 Ut
2048 2337 2342 2394 inhabited)
2375 2334 2430 2388 in
2455 2334 2620 2388 domu
2647 2331 2860 2387 Domini
2884 2333 3140 2388 omnibus
3165 2331 3353 2387 diebus

145 2440 317 2510 ἡμέρας
339 2441 434 2512 τῆς
459 2441 616 2512 ζωῆς
647 2457 752 2512 μου
777 2481 797 2506 .

1871 2451 1910 2489 ll!
1936 2449 2089 2498 mere,

1235 2543 1616 2600 ATHANASII
1652 2533 2237 2598 INTERPRETATIO.

195 2644 264 2700 l9.
291 2644 402 2698 Τῶν
421 2645 520 2700 διὰ
547 2644 781 2698 πλοῦτον
809 2643 1188 2699 ἐκκλινάντων.

1871 2637 1953 2691 19.
1985 2632 2068 2688 Ob
2093 2631 2309 2686 divitias
2331 2628 2720 2686 declinantium
2749 2628 2808 2701 [a
2838 2628 2946 2699 lege
2979 2625 3116 2700 tua].

191 2735 267 2792 9.0.
293 2737 543 2809 Ἐτοιμοι
573 2732 717 2808 ἦσαν
744 2735 834 2788 ἀεὶ
864 2738 1132 2789 συναινεῖν
1167 2735 1226 2787 ἐν
1260 2750 1408 2805 πασῃ
1432 2731 1635 2804 ἀδικίᾳ.

1871 2728 1946 2781 ιο.
1970 2723 2216 2794 Prompti
2239 2737 2453 2793 semper
2475 2731 2630 2776 erant
2653 2720 2720 2776 ad
2742 2721 3187 2776 consentiendum
3208 2719 3354 2774 omni

1709 2877 1714 2885 ,
1793 2817 2094 2888 injustitiae.

193 2911 267 2968 21.
288 2913 392 2968 Οὐκ
419 2915 478 2968 ὲν
511 2913 677 2984 δόλῳ,
711 2911 810 2965 οὐκ
839 2913 896 2964 ἐν
923 2910 1280 2981 μνησικακίᾳ.

1871 2911 1944 2963 Μ.
1986 2907 2172 2978 Neque
2213 2906 2268 2960 in
2309 2904 2456 2970 dolo,
2483 2919 2657 2973 neque
2701 2902 2755 2956 in
2797 2901 3172 2958 recordatione
3213 2900 3341 2971 inju-

1792 3015 2021 3055 narum.

194 3101 267 3155 29..
294 3103 394 3157 Καὶ
419 3101 523 3156 τοῦ
551 3100 649 3154 νῦν
685 3098 880 3162 αἰῶνος
899 3097 992 3152 τοῦ
1026 3095 1266 3169 πονηροῦ
1295 3094 1570 3166 λύτρωσαί
1595 3111 1684 3166 με,

1871 3092 1946 3147 22.
1975 3090 2040 3145 Et
2079 3105 2109 3144 a
2141 3085 2396 3158 presenti
2441 3083 2641 3137 saeculo
2693 3082 2839 3137 malo
2879 3083 3049 3138 libera
3075 3097 3183 3148 me,
3212 3093 3267 3137 et
3300 3083 3354 3137 in

145 3195 217 3246 καὶ
238 3197 287 3248 ἐν
311 3198 373 3267 τῇ
408 3193 690 3267 μελλούσῃ
723 3191 904 3263 κρίσει
929 3190 1148 3262 ἐλέησόν
1179 3206 1246 3258 με
1271 3188 1366 3259 (1).

1871 3200 1977 3239 .uro
1999 3182 2209 3252 judicio
2241 3179 2501 3233 miserere
2527 3175 2655 3229 mei.

206 3307 259 3362 Ἦ
289 3307 620 3379 προκειμένη
647 3303 932 3375 ἐπιγραφὴ
962 3301 1203 3374 περιέχει
1234 3300 1330 3371 (2)⁶
1368 3297 1612 3367 Ψαλμός
1643 3297 1718 3368 (5)
1749 3298 1829 3364 τῷ
1863 3297 2059 3359 Δαϐίδ,
2097 3295 2210 3364 πρὸ
2242 3292 2348 3347 τοῦ
2370 3289 2707 3361 χρισθῆναι.
2735 3288 2848 3361 Πρὸ
2887 3286 2980 3342 τοῦ
3013 3289 3355 3360 φωτίσματος

146 3403 205 3464 εἰς
234 3403 342 3466 τοὺς
362 3400 814 3473 κατηχουμένους
836 3400 1050 3469 εἴρηται
1077 3400 1104 3450 ὁ
1130 3395 1339 3466 ψαλμὸς
1358 3394 1434 3466 (4)
1457 3393 1535 3463 τῷ
1563 3392 1727 3445 Δαϐὶδ
1751 3394 1926 3445 εἰπεῖν
1951 3391 2028 3462 τῷ
2051 3390 2214 3442 Δαϐὶδ
2248 3383 2404 3459 [εἷπε
2431 3387 2508 3457 τῷ
2529 3385 2745 3456 ΔαόίδῙ,
2774 3385 3016 3438 τουτέστι
3041 3384 3164 3449 τοῖς
3188 3384 3355 3447 ἐξου-

145 3497 467 3566 θενημένοιςο
499 3496 666 3549 τοῦτο
695 3494 804 3563 γὰρ
834 3491 1192 3564 ἑρμηνεύεται
1221 3489 1281 3542 τὸ
1307 3488 1401 3541 τοῦ
1423 3487 1586 3540 Δαϐὶδ
1613 3487 1802 3558 ὄνομα,
1832 3485 2224 3552 ἐξουθένημα.
2250 3481 2480 3549 Λέγεται
2505 3480 2560 3532 δὲ
2591 3481 2684 3532 καὶ
2714 3478 2919 3543 ἱκανὸς
2948 3477 3116 3546 χειρὶ,
3140 3479 3232 3530 καὶ
3256 3491 3345 3529 πε·

147 3594 460 3662 ποθημένος,
497 3592 599 3645 καὶ
625 3589 845 3643 τοῦτον
865 3588 1153 3654 ἐπόθησα,
1178 3585 1272 3637 καὶ
1301 3579 1480 3648 οὗτος
1506 3580 1832 3650 ἀγαπητὸς,
1868 3578 1963 3632 καὶ
1995 3576 2101 3630 τὸν
2123 3571 2540 3641 πεπορθημένων
2564 3569 2627 3641 [ὁ
2659 3569 2866 3638 πεποοη
2877 3569 3034 3637 μένος
3063 3568 3107 3638 ί,
3138 3569 3231 3620 καὶ
3251 3568 3356 3634 μό-

146 3657 455 3753 νοςξιὶοιπῦν
491 3687 637 3753 πρὸς
670 3683 772 3754 τὴν
796 3681 1115 3737 ἀκολουθίαν
1148 3679 1242 3732 τοῦ
1281 3677 1496 3748 ψαλμοῦ
1526 3675 1622 3746 τὴν
1651 3675 1948 3746 ἑρμηνείαν
1972 3671 2066 3724 τοῦ
2096 3668 2310 3741 ψαλμοῦ
2344 3664 2691 3736 λαμϐάνομεν
2736 3662 2863 3734 [τοῦ
2894 3662 3156 3730 ὀνόματος
3197 3657 3356 3712 Δαὸὶδ

145 3773 346 3846 λαμϐάνο
353 3797 449 3850 μεν
461 3778 485 3851 ]
497 3818 514 3832 .

195 3844 384 3926 Titulus
419 3844 763 3941 praepositus
785 3871 1028 3919 continet
1056 3881 1068 3915 :
1100 3861 1347 3914 Psatmus
1378 3857 1544 3911 David
1577 3865 1859 3925 antequam
1917 3853 2182 3906 (iniretur.
2212 3850 2465 3906 Psalmus
2495 3847 2664 3903 David
2692 3846 2874 3900 dictus
2906 3853 2990 3899 est
3019 3845 3073 3898 in
3101 3844 3360 3899 catechu-

145 3975 299 4016 menos
322 3935 445 4017 ante
491 3935 959 4016 illuminationem
993 3953 1217 4023 (nempe
1239 3961 1362 4004 ante
1389 3950 1765 4018 baptismum).
1807 3947 1970 4007 Dixit,
2004 3943 2193 4009 David,
2226 3942 2332 3996 hoc
2375 3951 2456 3996 est
2506 3939 2835 4008 contemptis.
2879 3935 2954 3991 Ita
3001 3937 3145 3990 enim
3194 3939 3360 3990 inter-

145 4065 347 4121 pretatur
371 4053 547 4110 David
580 4065 803 4114 nomen,
839 4046 1172 4114 contemptio.
1206 4042 1510 4111 Exponitur
1530 4039 1692 4094 etiam
1725 4047 1780 4092 et
1812 4053 1972 4090 manu
2011 4044 2212 4104 potens,
2245 4042 2298 4086 et
2331 4032 2682 4093 desideratus,
2711 4038 2763 4084 et
2803 4028 2938 4081 hunc
2969 4028 3280 4090 desideravi,
3308 4034 3360 4080 et

145 4115 209 4197 tu}:
225 4147 456 4210 dilectus,
487 4151 552 4199 et
589 4139 945 4203 desideratus,
977 4143 1032 4190 et
1055 4133 1218 4187 solus.
1255 4132 1524 4186 Caeterum
1552 4135 1953 4197 consequenter
1997 4124 2063 4179 ad
2089 4122 2366 4177 Psalmum
2399 4117 2900 4191 interpretationem
2927 4117 3165 4171 nominis
3194 4115 3360 4170 David

145 4241 432 4296 accipimus.

223 4256 234 4292 ι
416 4279 432 4295 .

198 4255 473 4402 ἱρίὲῦιρῗος
502 4324 781 4397 φωτίζων,
825 4321 920 4375 καὶ
969 4319 1156 4385 ad:ng
1212 4334 1280 4389 με
1324 4319 1389 4370 ἐκ
1437 4317 1687 4381 πάντων,

1871 4313 1918 4367 ι.
1946 4309 2212 4364 Dominus
2237 4307 2573 4370 illuminans,
2591 4315 2644 4360 et
2658 4321 2724 4360 ex
2743 4303 2997 4358 omnibus
3013 4301 3231 4358 salvans
3249 4317 3364 4371 me,

145 4421 252 4474 τίνα
275 4394 696 4492 φοέηθήσομαι
719 4430 739 4477 ;

1871 4413 1941 4451 em
1977 4394 2166 4448 timebo
2189 4395 2215 4448 ?

195 4514 241 4567 2.
265 4475 466 4586 inpio;
488 4475 779 4580 ’πρόνοιαν
819 4504 1051 4556 ποιεῖται
1088 4499 1189 4570 τῆς
1230 4499 1374 4569 ζωῆς
1420 4514 1544 4568 μου,
1574 4496 1692 4550 ἀπὸ

1871 4485 1915 4540 2.
1949 4484 2213 4538 Dominus
2253 4494 2440 4536 curam
2474 4476 2612 4548 gerit
2660 4475 2783 4531 vitae
2816 4489 2972 4540 meae,
3002 4491 3035 4529 a
3067 4488 3170 4546 quo
3198 4475 3363 4544 trepi-

143 4606 282 4674 τίνος
298 4577 590 4660 δειλιάσῶ
616 4617 635 4664 ;
1794 4578 1930 4674 dafo

1865 4669 1919 4724 5.
1959 4666 2240 4720 Daemones
2265 4659 2415 4714 dicit.

1869 4759 1923 4813 αἱ.
1956 4759 2108 4828 lpsas
2136 4750 2440 4808 centrarias
2471 4753 2768 4817 potestates
2801 4745 2957 4802 dicit.

1871 4851 1925 4915 5,
1955 4849 2008 4903 6.
2038 4845 2096 4902 Si
2131 4851 2379 4912 exsurgat
2412 4840 2655 4894 adversus
2678 4855 2757 4891 me
2781 4837 3019 4908 prwlium
3042 4837 3254 4892 visibile
3269 4845 3362 4891 aut

196 4700 243 4755 5.
274 4701 409 4762 Τοὺς
431 4697 703 4765 δαίμονας
726 4689 894 4757 λεγει.

199 4789 244 4842 ι.
270 4791 343 4859 (5)
373 4789 490 4851 Τὰς
512 4782 685 4846 αὑτὰς
717 4778 963 4841 ἐναντίας
985 4776 1243 4845 δυνάμεις
1274 4771 1440 4840 λέγει.

201 4881 246 4943 5,
275 4881 325 4935 6.
364 4881 495 4934 Ἐὰν
539 4874 823 4942 ἐπαναστῇ
871 4872 958 4924 ἐπ’
997 4869 1099 4941 ἐμὲ
1145 4865 1376 4936 πόλεμος
1425 4859 1618 4934 ὁρατὸς
1659 4859 1693 4932 ἢ

146 4929 360 5044 at;ng
382 4929 761 5042 {Gnatam
797 4929 894 5016 ἰ’τοῦ
933 4929 1137 5033 Κυρίου
1171 4929 1290 5028 ἐγὼ.
1325 4929 1530 5020 ἐλπίζω
1565 4929 1693 5026 τροέ

1871 4941 2090 5006 visibile,
2127 4937 2181 4991 in
2204 4936 2308 4990 tlde
2331 4933 2546 4988 Domini
2574 4946 2675 5002 ego
2707 4945 2902 4999 spero,
2931 4931 2985 4984 in
3021 4929 3201 4999 fugam
3233 4929 3360 4984 illud

144 5065 347 5118 ποῦσθαι
368 5063 558 5117 αὐτόν.

1871 5034 2066 5088 nverti.

445 5154 662 5222 αἴτησιν
686 5142 974 5223 ᾐτησάμην
1004 5139 1155 5210 παρὰ
1179 5138 1409 5209 Κυρίου.

1872 5126 1925 5181 7.
1955 5124 2130 5178 Unam
2165 5121 2580 5193 postulationem
2611 5117 2877 5200 postulavi
2905 5132 2936 5170 a
2970 5115 3220 5170 Domino.

201 5245 246 5299 8.
277 5247 369 5310 Είς
399 5246 501 5316 τὴν
526 5213 851 5309 ἐστουρανιον
880 5213 1044 5287 αὑτοῦ
1080 5230 1378 5302 βασιλείαν.

1871 5216 1924 5271 8.
1959 5217 2020 5269 In
2051 5214 2259 5270 caelesti
2291 5213 2412 5282 ejus
2445 5224 2633 5281 regno.

1072 5323 1374 5384 Addenda
1422 5325 1484 5380 et
1532 5311 1909 5393 corrigenda
1939 5326 2018 5370 ex
2047 5307 2184 5368 cod.
2217 5305 2420 5366 Vatic.

203 5459 272 5529 (ί)
294 5457 356 5513 Ν.
387 5461 473 5514 2-3.
516 5452 955 5529 T50_sp£_).itpp:att,
1016 5448 1184 5516 λέγει,
1226 5448 1319 5499 ἐπὶ
1360 5443 1441 5497 σέ.
1494 5439 1560 5497 Ν.
1590 5439 1680 5494 24.
1971 5433 2040 5529 ᾹῘΟ

379 5489 998 5590 τῖῗέτοξξυξξξῖξὲξέἆξω
1018 5489 1184 5570 Esi",
1227 5489 1319 5499 η’
1363 5489 1441 5497 ⁷⁷⁷
1594 5489 1680 5494 ν’
1971 5501 2035 5556 Ν.
2067 5489 2121 5554 ιί.
2158 5489 2387 5622 ’ὸθμοίως
2410 5497 2538 5566 περὶ
2563 5489 2740 5547 αὐτῶν
2765 5489 2930 5560 λέγει.
2961 5491 3025 5548 Ν.
3052 5492 3104 5546 5.
3134 5489 3245 5554 Τὰς
3265 5493 3363 5548 ολὓὸ

207 5600 272 5622 ιοι
315 5599 376 5622 σιι
412 5599 493 5622 ιι
517 5597 621 5622 -;-
647 5590 1017 5622 “Humanam...
1045 5604 1147 5622 ηε..
1793 5572 1911 5622 τὰς.
1941 5582 2026 5622 etc
2055 5612 2068 5622 .
2106 5568 2170 5622 N.
2241 5607 2254 5621 .
2319 5567 2446 5622 Εάν.
2479 5576 2579 5620 ctc.
3289 5607 3294 5614 .

222 5600 274 5669 ἲ)
315 5567 621 5669 ἒῆς
647 5567 1017 5669 κινξαόἆρεως
1045 5604 1168 5658 περ.

1871 5567 2026 5636 ~:{etc
2055 5612 2068 5636 ,
2106 5568 2170 5623 Ν.
2203 5567 2254 5622 6.
2303 5567 2446 5630 Ἐάν,
2479 5576 2579 5620 ctc.
3289 5607 3294 5614 _

222 5601 274 5669 Ξ)
315 5601 377 5651 Ἡ
408 5601 494 5652 διὰ
515 5601 621 5660 si;
647 5601 934 5660 κινναδαρε

203 5601 272 5738 ίὸ)
297 5669 519 5742 Ψαλμός
547 5631 698 5721 ιίεεει
733 5664 786 5714 in
820 5660 934 5713 cod.
