3776 6272
376 209 478 264 ἠδ
1217 197 1274 250 S.
1318 190 1694 249 ATHANASH
1738 187 1886 249 OPP.
1922 189 2110 244 PARS
2149 189 2239 243 111.
2281 213 2350 229 —-
2389 183 2800 244 EXEGETICA.
3539 192 3629 242 ’71
3653 188 3678 240 ί

445 323 502 378 9.
530 318 598 376 Ut
619 317 831 374 videam
857 315 1193 385 voluptatem
1221 311 1464 376 Domini,

1980 313 2026 367 Α
2121 305 2172 359 9.
2202 303 2306 356 Τοῦ
2341 303 2566 378 θεωρεῖν
2595 321 2660 375 με
2695 302 2792 373 τὴν
2833 301 3169 372 τερπνὸτητα
3205 299 3407 370 Κυρίου
3435 342 3449 364 ,

449 410 536 466 10.
575 408 642 463 Et
668 407 878 462 visitem
915 404 1173 472 templum
1205 410 1454 457 sanctum
1490 399 1630 468 ejus.

2131 393 2210 447 10.
2245 396 2352 447 Καὶ
2385 393 2811 447 ἐπισκέπτεσθαι
2833 392 2923 445 τὸν
2951 392 3076 445 ναὸν
3102 390 3193 445 τὸν
3219 393 3373 462 ἆγιον
3397 391 3622 446 αὐτοῦ.

447 503 535 556 11.
566 498 835 566 Quoniam
858 494 1145 550 abscondit
1174 508 1260 548 me
1288 492 1340 547 in
1373 489 1731 547 tabernaculo
1759 504 1881 549 suo.

1759 504 1881 549 suo.
2124 483 2210 536 11.
2242 484 2362 537 Ὅτι
2386 484 2589 556 ἐκρυψέ
2625 499 2691 553 με
2717 485 2776 536 ὲν
2809 485 2979 554 σκηνῇ
3023 479 3224 547 αὐτοῦ,

451 594 537 648 12.
566 591 625 644 In
662 591 748 644 die
782 587 1052 642 malorum
1088 599 1335 640 meorum
1364 584 1598 654 protexit
1626 596 1712 636 me
1737 581 1793 634 in
1823 579 1942 633 abs-

2176 575 2210 631 1.
2259 575 2345 627 Ἐν
2377 576 2559 647 ἡμέρᾳ
2575 575 2759 628 κακῶν
2784 592 2883 646 μου
2915 575 2990 646 (α)
3023 573 3374 645 ὲσκέπασέμε
3403 575 3464 628 ὲν
3491 576 3667 628 ἀπο-

378 682 595 742 condito
623 681 958 736 tabernaculi
989 679 1096 733 sui.

2056 664 2248 737 κρύφῳ
2270 665 2368 734 τῆς
2389 666 2608 735 σκηνῆς
2636 663 2825 718 αὐτοῦ.

449 777 535 832 15.
568 766 625 828 lii
656 784 804 844 petra
835 771 1091 827 exaltavit
1119 784 1243 832 me;

2126 756 2213 810 15.
2259 757 2346 810 Ἐν
2373 757 2550 828 πέτρᾳ
2580 757 2762 826 ὖψωσέ
2788 773 2874 827 με.

448 868 537 924 14.
568 867 630 920 Et
653 881 797 920 nunc
822 879 949 919 ecce
978 862 1239 918 exaltavit
1261 867 1426 930 caput
1452 871 1632 910 meum
1661 868 1824 924 super
1851 852 1939 906 ini-

2173 849 2214 902 1.
2244 851 2354 902 Καὶ
2373 849 2466 902 νῦν
2491 849 2597 902 ἰδοὺ
2623 849 2805 920 ὓψωσε
2836 848 3079 922 κεφαλήν
3113 866 3215 921 μου
3261 852 3350 906 ἐπ’
3395 849 3664 924 ἐχθρούς

379 961 555 1014 micos
589 974 764 1014 meos.

693 974 764 1013 )s.
2060 956 2184 1010 μου·

451 1050 537 1105 15.
570 1048 832 1111 Circuivi,
867 1055 919 1101 et
954 1043 1232 1100 immolavi
1267 1041 1321 1096 in
1343 1037 1693 1096 tabernaculo
1716 1035 1835 1104 ejus
1859 1033 1942 1087 ho-

2170 1031 2217 1086 5.
2261 1032 2594 1101 Ἑκύκλωσα,
2637 1034 2729 1087 καὶ
2767 1032 2932 1087 ἔθυσα
2959 1034 3015 1086 ὲν
3036 1035 3100 1104 τῇ
3132 1037 3302 1106 σκηνῇ
3339 1033 3510 1089 αὑτοῦ
3537 1035 3661 1089 θυ-

379 1141 537 1196 stiam
567 1141 744 1195 laudis
781 1147 836 1194 et
857 1135 1200 1209 jubilationis
1224 1153 1237 1189 :

2059 1123 2175 1176 σίαν
2207 1123 2279 1195 (ὑ)
2314 1124 2569 1189 αἰνέσεως
2596 1128 2690 1179 καὶ
2720 1123 3056 1194 ἀλαλαγμοῦ”

451 1232 537 1286 16.
575 1232 845 1295 Cantabo,
876 1239 930 1284 et
957 1229 1230 1300 psalmum
1256 1225 1435 1279 dicam
1464 1220 1720 1276 Domino.

1550 1220 1720 1275 mino.
2124 1216 2211 1270 16.
2248 1218 2399 1288 ’ᾼσω
2430 1218 2520 1270 καὶ
2541 1217 2696 1287 ψαλῶ
2727 1216 2804 1287 τῷ
2831 1215 3041 1288 Κυρίῳ.

451 1325 538 1379 17.
569 1324 800 1389 Exaudi,
829 1323 1074 1390 Domine,
1106 1333 1298 1375 vocem.
1341 1332 1538 1380 meam,
1568 1328 1677 1384 qua
1725 1311 1942 1367 clamavi

2164 1307 2216 1361 7.
2250 1308 2600 1371 Είσάκουσον,
2635 1307 2826 1379 Κύριε,
2849 1309 2948 1378 τῆς
3002 1307 3184 1378 φωνῆς
3211 1325 3332 1379 μου,
3382 1303 3452 1380 ἦς
3497 1308 3655 1362 ἐκέ-

386 1409 456 1464 ad
488 1418 584 1466 te:

2057 1398 2232 1472 κραξα
2261 1399 2397 1469 πρὸς
2428 1401 2486 1453 σέ
2513 1400 2584 1472 (c)
2610 1417 2623 1430 ·

451 1503 540 1557 18.
574 1501 830 1556 Miserere
855 1498 984 1562 mei,
1018 1505 1074 1552 et
1105 1495 1301 1552 exaudi
1335 1509 1445 1549 me.

2131 1491 2216 1546 18.
2257 1491 2507 1562 Ἐλέησόν
2539 1509 2626 1562 με,
2660 1492 2753 1545 καὶ
2780 1491 3096 1544 είσάκουσόν
3128 1510 3250 1564 μου.

451 1591 538 1646 19.
569 1589 692 1643 Tibi
717 1589 855 1643 dixit
884 1602 978 1642 cor
1009 1600 1189 1640 meum
1215 1603 1229 1639 :
1263 1583 1555 1638 Dominum
1585 1595 1848 1651 quaeram.

2128 1581 2216 1636 19.
2242 1582 2332 1634 Σο),
2355 1577 2504 1634 εἶπεν
2535 1583 2568 1652 ἠ
2598 1582 2792 1653 καρδία
2829 1600 2927 1652 μου
2953 1596 2966 1611 ⁸
3005 1583 3210 1654 Κύριον
3237 1584 3480 1656 ζητήσω.

447 1682 539 1737 20.
576 1680 882 1751 Exquisivit
907 1688 955 1734 te
977 1677 1144 1733 facies
1172 1691 1324 1731 mea:

1985 1664 2029 1722 Β
2117 1671 2206 1726 20.
2247 1673 2569 1744 Ἐξεζήτησὲ
2599 1690 2656 1725 σε
2679 1675 2742 1726 τὸ
2773 1674 3063 1744 πρόσωπόν
3098 1691 3198 1745 μου
3219 1693 3231 1705 ·

445 1772 533 1826 2i.
570 1770 783 1825 Faciem
819 1777 988 1834 tuam,
1019 1766 1264 1830 Domine,
1299 1763 1597 1834 requiram.

2127 1763 2216 1817 2|.
2251 1763 2322 1815 Τὸ
2353 1763 2639 1834 πρόσωπόν
2670 1781 2785 1829 σου,
2817 1766 3009 1836 Κύριε,
3045 1764 3280 1837 ζητήσω.

445 1863 535 1916 22.
567 1860 644 1916 Ne
672 1869 886 1916 avertas
913 1859 1103 1914 faciem
1129 1867 1275 1913 tuam
1309 1871 1340 1910 a
1374 1871 1461 1908 me
1499 1874 1512 1908 :

2132 1855 2220 1909 22.
2253 1855 2344 1927 Μὴ
2371 1856 2716 1929 ἀποστρέψῃς
2741 1858 2801 1911 τὸ
2830 1859 3118 1929 πρόσωπόν
3152 1875 3244 1912 σου
3274 1859 3367 1912 ἀπ’
3405 1856 3550 1929 ἒμοῦ
3583 1874 3601 1887 ·

448 1953 540 2006 25.
573 1952 636 2007 Et
661 1966 730 2006 ne
759 1951 996 2006 declines
1028 1950 1082 2003 in
1112 1947 1189 2002 ira
1218 1963 1248 2001 a
1284 1960 1441 2001 servo
1467 1953 1580 1998 tuo.

2152 1949 2218 2002 l3.
2247 1950 2356 2002 Καὶ
2393 1949 2466 2020 μὴ
2499 1949 2748 2023 ἐκκλίνῃς
2781 1951 2839 2003 ἐν
2865 1951 3000 2022 ὀργῇ
3031 1951 3136 2005 ἀπὺ
3163 1951 3258 2004 τοῦ
3293 1949 3478 2004 δούλου
3507 1967 3643 2003 σου.

447 2045 541 2100 21.
572 2045 804 2115 Adjutor
832 2058 984 2098 meus
1008 2052 1148 2106 esto,
1174 2056 1241 2095 ne
1268 2039 1614 2108 derelinquas
1651 2051 1773 2091 me:

2128 2039 2216 2094 24.
2246 2040 2447 2111 Βοηθός
2477 2059 2576 2112 μου
2603 2043 2784 2110 γενοῦ,
2823 2044 2898 2115 μὴ
2930 2042 3342 2115 ἁποσκορπίσῃς
3382 2059 3450 2113 με
3470 2057 3485 2072 ⁸

448 2133 539 2187 25.
572 2131 759 2204 Neque
789 2132 1057 2202 despicias
1083 2147 1190 2196 me,
1226 2129 1368 2186 Deus
1399 2128 1651 2183 salutaris
1674 2141 1850 2182 meus.

2129 2131 2218 2185 25.
2247 2133 2354 2185 Καὶ
2386 2132 2461 2203 μὴ
2486 2133 2856 2207 ὲγκαταλίπῃς
2881 2151 2969 2204 με,
2991 2135 3019 2187 ὁ
3051 2133 3182 2197 Θεὸς
3204 2135 3232 2186 ὀ
3259 2133 3443 2204 σωτήρ
3469 2146 3603 2203 μου.

451 2223 542 2278 26.
567 2219 838 2290 Quoniam
884 2234 1040 2295 pater
1078 2239 1232 2279 meus
1279 2232 1334 2278 et
1377 2231 1550 2276 mater
1591 2235 1711 2274 mea
1753 2218 1942 2276 dereli-

2151 2222 2217 2276 ιθ.
2259 2222 2371 2276 Ὀτι
2404 2225 2432 2276 ὁ
2473 2226 2656 2297 πατήρ
2699 2242 2798 2297 μου
2829 2227 2922 2279 καὶ
2951 2229 2984 2298 ἡ
3011 2227 3214 2300 ιμήτηρ
3259 2242 3359 2298 μου
3403 2223 3642 2294 ἐγκατέ-

381 2328 621 2388 querunt
651 2333 740 2372 me
765 2335 779 2371 :

2057 2308 2215 2364 λιπόν
2242 2328 2308 2382 με
2323 2329 2336 2342 ·

449 2409 540 2464 27.
579 2408 842 2464 Dominus
873 2416 1052 2464 autem
1083 2406 1380 2477 assumpsit
1407 2421 1516 2462 me.

2127 2401 2217 2457 27.
2265 2404 2322 2456 'O
2345 2404 2402 2458 δὲ
2427 2403 2630 2479 Κύριος
2661 2407 3027 2479 προσελάϐετό
3054 2424 3143 2480 με.

447 2499 539 2557 28.
573 2499 770 2570 Legem
800 2515 939 2572 pone
968 2501 1122 2567 milii,
1157 2498 1408 2565 Domine,
1438 2499 1492 2552 in
1524 2497 1608 2551 via
1646 2505 1737 2551 tua
1767 2514 1779 2549 :

2131 2492 2221 2547 28.
2248 2494 2626 2569 Νομοθέτησόν
2653 2516 2743 2570 με,
2769 2499 2964 2572 Κύριε,
2997 2502 3054 2554 ὲν
3082 2501 3151 2572 τῇ
3181 2495 3288 2570 ὁδῷ
3320 2513 3435 2552 σου·

453 2611 529 2739 (τι)
559 2611 657 2667 Hic
689 2613 891 2668 desinit
921 2630 975 2667 n.
1007 2613 1069 2667 11
1107 2613 1161 2667 in
1187 2611 1310 2693 eqd.
1343 2610 1509 2664 Barb.

477 2683 528 2739 ὁ)
562 2680 624 2735 ν.
665 2683 749 2739 16.
782 2683 1006 2739 Θυσίαν.
1037 2691 1167 2739 etc..
1194 2701 1274 2739 τῳ
1304 2681 1509 2739 Κυρίῳ.

477 2680 528 2751 b)
653 2683 749 2754 16,
782 2683 1006 2747 Θυσίαν,
1037 2691 1167 2744 etc.,
1194 2681 1274 2752 τῷ
1304 2681 1512 2754 Κυρίῳ.

456 2751 528 2824 (ο)
563 2752 706 2824 Πρὸς
737 2754 796 2806 σέ
823 2754 1023 2809 desunt
1052 2754 1108 2807 in
1137 2751 1262 2808 cod.

1513 2865 1883 2922 ATHANASII
1914 2861 2500 2921 INTEBPRETATIO.

452 3024 508 3088 9,
536 3023 622 3081 10.
648 3025 890 3081 Gloriam
917 3027 1057 3096 ejus.

1991 3032 2033 3089 ο
2136 3022 2188 3086 9,
2229 3022 2313 3075 10.
2346 3022 2456 3093 Τὴν
2485 3020 2642 3087 δόξαν
2670 3021 2835 3076 αὑτοῦ
2869 3023 2966 3095 (1).

454 3114 540 3170 11.
570 3113 638 3170 Ut
665 3132 748 3170 me
776 3117 1074 3172 custodiret
1098 3115 1151 3171 in
1172 3114 1426 3186 puritate,
1445 3116 1684 3170 animam
1712 3123 1766 3172 et
1791 3130 1945 3170 mem-

2143 3115 2223 3169 11.
2252 3113 2544 3167 Φυλάττειν
2575 3132 2643 3184 με
2695 3116 2752 3168 ὲν
2786 3116 2979 3188 ἁγνείᾳ
2999 3154 3015 3178 ,
3067 3114 3167 3187 τὴν
3197 3114 3375 3188 ψυχὴν
3418 3119 3515 3172 καὶ
3563 3119 3634 3174 τὰ

396 3204 492 3259 bra
526 3222 668 3261 mea.

2065 3203 2200 3275 μέλη
2230 3222 2355 3275 μου.

459 3297 544 3352 12.
572 3297 854 3354 lnﬁrmum
879 3315 966 3354 me
987 3301 1224 3370 peccatis
1247 3301 1460 3357 sanavit
1481 3300 1742 3356 Dominus
1766 3300 1818 3353 in
1843 3299 1950 3369 ejus

2143 3295 2220 3350 12.
2265 3295 2618 3350 Ἀσθενοῦντὰ
2653 3315 2719 3368 με
2754 3299 2811 3351 ὲν
2860 3297 3158 3370 ἁμαρτίαις
3211 3299 3399 3354 ίάσατο
3441 3301 3500 3354 ὲν
3553 3301 3634 3370 τῷ

387 3387 677 3456 baptismo,
703 3395 760 3443 et
800 3388 1038 3460 seipsum
1072 3407 1158 3446 me
1189 3393 1384 3446 induit.
1421 3390 1558 3446 Nam
1581 3391 1878 3462 baptisterii

2142 3391 2396 3462 κτίσματι
2423 3389 2612 3454 αὑτοῦ,
2657 3391 2750 3444 καὶ
2792 3391 2980 3444 ἑαυτὸν
3027 3409 3094 3462 με
3141 3391 3374 3447 ἐνέδυσε.
3413 3393 3487 3445 Τὸ
3517 3393 3633 3466 γὰρ

387 3488 468 3534 est
498 3479 651 3535 locus
677 3481 1032 3540 absconditus
1055 3483 1332 3539 Ecclesiae.

2061 3484 2421 3553 φωτιστήριον
2451 3483 2765 3554 ἀπόκρυφόν
2794 3485 2911 3535 ἐστι
2939 3483 3039 3552 τῆς
3083 3483 3424 3554 Ἐκκλησίας.

455 3572 541 3626 15.
575 3570 887 3630 Ᾱῧίιὶίίοανὶι
918 3591 1004 3631 me
1031 3577 1296 3633 Dominus
1331 3577 1386 3632 in
1416 3578 1556 3646 ipso.

2134 3573 2220 3627 15.
2270 3573 2596 3645 ᾨκοδόμησέ
2633 3590 2700 3644 με
2727 3575 2754 3626 ὁ
2781 3574 2981 3645 Κύριος
3011 3575 3067 3628 ὲν
3091 3575 3256 3646 αὐτῷ.

459 3660 546 3716 14.
583 3661 650 3717 Et
681 3664 954 3720 dominari
986 3669 1224 3722 inimicis
1249 3667 1387 3722 meis
1417 3683 1503 3722 me
1537 3665 1688 3722 fecit.

2138 3664 2223 3717 M.
2263 3666 2482 3736 Ἀρχειν
2513 3682 2579 3736 με
2605 3665 2714 3717 τῶν
2743 3663 2950 3735 ἐχθρῶν
2975 3683 3074 3736 μου
3111 3666 3425 3738 πεποίηκεν.

455 3751 542 3808 15.
569 3752 749 3811 Mente
783 3772 920 3828 pura
971 3759 1274 3814 orationem
1309 3775 1484 3814 meam
1524 3758 1593 3813 ad
1623 3773 1748 3813 eum
1780 3767 1946 3812 trans-

2142 3755 2219 3809 15.
2268 3755 2355 3807 Ἐν
2391 3753 2605 3828 καθαρᾷ
2634 3755 2841 3826 διανοίᾳ
2883 3771 2984 3826 μου
3020 3757 3121 3828 τὴν
3163 3758 3327 3830 εὐχήν
3379 3774 3483 3828 μου
3529 3760 3633 3812 ἁν-

2062 3847 2160 3901 έπε
2169 3847 2286 3918 μψα
2304 3847 2469 3916 αὐτῷ.

461 3931 548 3988 16.
580 3931 837 3991 Laudans
869 3951 1016 4000 eum,
1043 3947 1098 3993 ct
1140 3939 1384 3994 clamans
1420 3938 1473 3993 in
1504 3939 1866 3995 exsultatione
1895 3939 1952 3994 ad

2138 3939 2220 3994 16.
2257 3941 2431 3994 Λίνῶν
2459 3939 2642 4004 αὐτὸν,
2693 3941 2789 3994 καὶ
2840 3939 2978 4012 βοῶν
3009 3943 3069 3997 ὲν
3123 3941 3440 3996 ἀγαλλιάσει
3486 3943 3629 4015 πρὸς

388 4023 596 4095 ipsum.

2064 4031 2245 4085 αὐτόν.

459 4113 548 4182 17,
583 4116 668 4170 18.
700 4112 1016 4170 Orationem
1053 4114 1240 4170 refert.
1307 4146 1324 4159 ο

2134 4122 2222 4187 17,
2249 4121 2334 4177 18.
2370 4125 2643 4194 Διηγεῖται
2676 4125 2778 4197 τὴν
2804 4126 2969 4198 εὐχήν
2998 4125 3098 4199 (2).

459 4207 548 4264 19.
576 4207 997 4280 Conglutinatus
1029 4225 1152 4264 sum
1183 4209 1306 4264 tibi.

1277 4210 1306 4264 ἱ.
2135 4212 2220 4267 19.
2255 4213 2644 4285 Συνεταξάμην
2667 4232 2768 4272 σοι.

449 4299 540 4365 2ο,
571 4299 660 4356 21.
687 4301 884 4356 Anima
915 4317 1034 4356 mea
1063 4301 1247 4356 videre
1274 4311 1325 4356 te
1351 4301 1649 4358 desiderat.

2133 4305 2224 4369 20,
2254 4305 2342 4359 21.
2389 4305 2452 4359 Ἢ
2483 4306 2627 4379 ψυχή
2664 4325 2766 4379 μου
2801 4308 3076 4382 θεωρῆσαί
3111 4327 3171 4366 σε
3199 4311 3480 4384 ἐπιθυμεῖ.

452 4391 546 4447 22.
575 4389 654 4447 Ne
673 4390 890 4449 auferas
917 4392 1180 4463 Spiritum
1216 4405 1467 4450 sanctum
1503 4403 1656 4449 tuum
1686 4411 1715 4449 a
1742 4411 1846 4450 me.

2132 4395 2216 4450 22.
2249 4397 2341 4468 Μὴ
2371 4397 2662 4472 ἀντανὲλῃς
2721 4400 2782 4454 τὸ
2831 4401 3056 4473 Πνεῦμα
3085 4421 3179 4457 σου
3210 4403 3274 4458 τὸ
3319 4406 3473 4474 ἅγιον
3527 4406 3623 4460 ἀπ’

2068 4485 2222 4556 ἐμοῦ.

453 4567 545 4621 23.
578 4565 656 4624 Ne
690 4569 866 4626 iratus
896 4571 1307 4642 relinquas_me.

2134 4576 2223 4631 25.
2257 4578 2347 4649 Μὴ
2373 4579 2645 4651 ὀργισθεὶς
2678 4580 2752 4653 (5)
2784 4583 3182 4656 ἐγκαταλείψεις
3213 4602 3301 4656 με.

455 4657 547 4722 24,
574 4659 664 4714 25.
697 4658 883 4731 Neque
923 4663 1137 4719 deﬁciat
1183 4664 1318 4719 mihi
1370 4663 1463 4720 lux
1517 4673 1612 4721 tua
1635 4704 1652 4729 ,
1688 4681 1756 4720 ne
1779 4679 1946 4722 caecus

2134 4665 2224 4730 24,
2253 4667 2342 4722 25.
2375 4668 2466 4740 Μὴ
2488 4670 2748 4743 ἐκκλείψῃ
2777 4670 2851 4742 (4)
2880 4671 2940 4725 τὸ
2974 4672 3089 4742 φῶς
3120 4691 3214 4726 σου
3235 4675 3330 4728 ἀπ’
3353 4674 3510 4745 ἐμοῦ,
3536 4675 3621 4730 ῐνα

386 4748 588 4806 alliciar
618 4751 674 4806 in
707 4752 918 4809 visione
942 4758 1142 4812 mentis
1177 4773 1330 4814 meae.

2066 4755 2140 4827 μὴ
2165 4757 2430 4826 τυφλωθῶ
2459 4762 2537 4824 είς
2557 4760 2744 4832 ὅρασιν
2771 4763 2870 4833 τῆς
2892 4763 3131 4826 διανοίας
3167 4782 3290 4836 μου.

456 4836 548 4930 26,
580 4837 670 4892 27.
715 4837 934 4898 Nullum
973 4845 1238 4901 auxilium
1291 4863 1379 4904 me
1422 4848 1676 4914 habente,
1728 4850 1825 4906 tibi
1872 4863 1947 4905 me

2130 4845 2214 4912 26,
2248 4846 2338 4902 27.
2371 4849 2656 4920 Μηδεμίαν
2685 4853 2964 4924 ἀντίληψιν
3009 4854 3224 4926 ἔχοντος
3255 4856 3353 4930 (5),
3400 4860 3484 4914 σοὶ
3525 4875 3621 4915 n-

386 4928 623 4984 vindica.

2065 4938 2342 5010 ριποίησαί
2373 4957 2462 5010 με.

456 5019 545 5074 28.
584 5018 776 5077 Statue
809 5035 896 5076 me
917 5021 972 5076 in
1009 5020 1128 5092 lege
1156 5031 1268 5077 tua.

2134 5029 2224 5085 28.
2265 5033 2591 5104 Ἑπίστησόν
2625 5053 2693 5105 με
2715 5036 2806 5090 τὸν
2839 5039 3004 5108 νόμον
3037 5055 3130 5093 σου
3161 5040 3241 5111 (ϐ)

1333 5195 1640 5261 Addenda
1669 5206 1730 5263 et
1778 5201 2154 5282 corrigenda
2187 5223 2263 5267 ex
2293 5209 2435 5270 cod.
2471 5210 2674 5274 Vatic.

464 5364 538 5434 (1)
569 5364 630 5419 1η
659 5366 782 5423 cod.
811 5383 868 5424 η.
891 5367 945 5423 9.
981 5376 1210 5422 tantum.
1239 5364 1305 5422 Ν.
1340 5366 1427 5423 10.
1460 5367 1771 5437 φυλάττειν.
1795 5387 1849 5424 n.
1876 5371 1893 5424 1

402 5431 756 5523 οΑσοινοξῖντά
780 5453 875 5558 ἐκ,
903 5446 1007 5518 et_c.
1044 5437 1310 5493 ινέδυσεν.
1346 5439 1413 5492 Ν.
1446 5439 1531 5494 12.
1589 5439 1664 5494 Τὸ
1697 5441 1828 5513 γάρ,
1859 5456 1893 5496 e:

464 5504 540 5558 (2t
571 5505 753 5558 Ενγὴν
809 5523 996 5558 αυτου.

2139 5373 2216 5515 (4)
2262 5375 2536 5456 Ἐζλίψῃς,
2563 5393 2694 5448 etc.,
2727 5385 2813 5438 τνα
2841 5384 2914 5456 μὴ
2939 5383 3191 5458 τυφλωθῇ
3224 5388 3488 5462 ἡδρασις,
3519 5401 3615 5450 εεο,

2129 5443 2206 5558 ἐξ,
2234 5447 2618 5558 imm
2651 5455 2714 5558 εδ
2743 5457 3082 5528 περιποιήσω
3107 5474 3230 5528 μουο

464 5504 540 5572 (2)
571 5505 753 5575 Eiath
780 5504 996 5563 ἑαυτοῦ.
1711 5504 1722 5511 ⁷
1775 5504 1786 5513 ’
1816 5504 1822 5506 ⁷

465 5574 542 5644 (ὅ)
579 5574 881 5632 Ὀονισθείς
935 5588 1042 5632 etc.

1711 5504 1722 5511 ⁷
1775 5504 1786 5513 ’
1816 5504 1822 5506 ⁷
2234 5516 2324 5589 Τῷ
2344 5504 2492 5592 νόίὶῳ
2523 5504 2632 5577 σοῖ.
2659 5504 2673 5559 Ῑ
