3750 6424
192 337 288 395 715
1060 341 1145 398 DE
1183 342 1456 402 TITULIS
1487 345 1930 406 PSALMORUM.
1975 381 2044 390 —
2082 350 2273 406 PSAL.
2313 351 2554 424 XXV";-
3297 357 3401 416 743

250 454 334 510 29.
363 455 475 508 Καὶ
514 455 776 526 όδήγησόν
806 471 871 526 με
909 456 968 509 ἐν
1013 459 1180 531 τρίϐῳ
1218 460 1402 532 εὐθείᾳ
1451 463 1610 516 ἓνεκα
1662 465 1731 536 (α)

1912 467 1996 521 29.
2031 467 2094 522 Et
2115 470 2285 541 dirige
2312 486 2396 526 me
2429 472 2482 525 in
2512 471 2757 526 semitam
2789 483 3012 538 rectam,
3045 475 3266 542 propter
3289 473 3393 526 ini-

199 547 283 600 νῶν
311 546 403 615 exe
411 545 530 620 ρῶν,
559 564 684 616 μου.

1840 551 2012 605 micos
2037 567 2204 606 meos.

253 638 333 691 50.
361 636 452 706 Μὴ
489 637 746 707 παραδῷς
777 655 842 708 με
868 640 945 702 είς
967 639 1141 711 ψυχὰς
1169 641 1458 696 θλιϐόντων
1499 661 1564 714 με
1587 661 1600 674 '

1909 643 1994 695 50.
2023 641 2098 696 Ne
2119 645 2404 700 tradideris
2433 661 2519 700 me
2546 647 2598 700 in
2621 647 2833 703 animas
2860 648 3236 704 tribulantium
3265 663 3351 704 me
3379 669 3390 702 :

255 728 334 781 5|.
370 727 495 778 Ὅτι
521 727 890 798 ἐπανέστησαν
919 747 1009 800 μοι
1034 733 1305 803 μάρτυρες
1333 735 1528 801 ἄδικοι,

1910 735 1997 787 5|.
2027 734 2294 800 Quoniam
2329 736 2743 794 insurrexerunt
2784 741 2836 794 in
2872 756 2960 796 me
2991 750 3157 797 testes
3181 741 3389 811 iniqui:

257 814 337 870 59..
366 816 476 870 Καὶ
505 817 771 886 ἐψεύσατο
793 820 824 889 ἡ
847 820 1029 873 ἀδικία
1060 822 1251 892 ἑαυτῇ.

1911 826 1998 878 52.
2033 825 2096 878 Et
2121 826 2342 884 mentita
2369 838 2452 882 est
2485 829 2744 898 iniquitas
2779 832 2905 886 sibi.
3001 885 3003 892 .

257 908 336 961 55.
369 909 616 962 Πιστεύω
634 909 727 962 τοῦ
761 911 884 964 ἰδεῖν
909 911 978 964 τά
1001 913 1179 980 ἀγαθά
1199 915 1402 986 Κυρίου
1427 917 1482 968 ἐν
1510 919 1579 988 γῇ
1607 916 1738 982 ζών-

1912 920 1988 971 55.
2022 919 2193 973 Credo
2215 921 2396 974 videre
2423 921 2558 975 bona
2587 923 2798 976 Domini
2831 926 2882 976 in
2915 933 3054 979 terra
3076 925 3393 981 viventium.

203 1015 307 1052 των.

259 1090 339 1145 54.
383 1091 706 1162 ’Υπόμεινον
725 1091 815 1145 τὸν
839 1092 1045 1163 Κύριον

1909 1097 1995 1149 54.
2017 1097 2277 1167 Exspecta
2300 1100 2588 1158 Dominum
2613 1121 2627 1158 :
3289 1153 3291 1156 ι

190 1167 198 1184 ’
261 1182 341 1236 55.
384 1182 682 1253 Ἀνδρίζου,
718 1184 809 1236 καὶ
829 1184 1256 1257 κραταιούσθωή
1288 1187 1479 1259 καρδία
1507 1205 1620 1253 σου,
1647 1206 1671 1241 κ

1908 1187 1993 1242 55.
2025 1188 2260 1246 Viriliter
2285 1208 2401 1263 age,
2429 1205 2481 1249 et
2508 1195 2842 1252 confortetur
2871 1213 2966 1252 cor
2986 1210 3160 1264 tuum,
3187 1211 3239 1255 et
3266 1215 3389 1258 sus-

205 1273 470 1342 ῠπόμεινον
499 1273 590 1325 τὸν
623 1273 847 1341 Κύριον.

802 1291 847 1326 ν.
1840 1277 1946 1332 tine
1974 1277 2283 1336 Dominum.

492 1383 738 1453 Ψαλμὸς
760 1384 838 1451 τῷ
869 1386 1064 1440 Δαϐίδ.
1098 1389 1270 1442 ΨΑΛ.
1305 1391 1432 1443 KZ’.

2115 1392 2360 1448 Psalmtts
2395 1382 2581 1450 Dauid.
2639 1396 2840 1454 PSAL.
2876 1400 3121 1455 XXVII.

262 1477 306 1529 1.
339 1475 484 1547 Πρὸς
507 1475 588 1539 σὲ,
621 1475 811 1548 Κύριε,
843 1478 1198 1550 κεκράξομαι,
1229 1482 1257 1532 ὁ
1291 1481 1420 1542 Θεός
1455 1498 1554 1550 μου
1580 1495 1595 1510 ⁸

1910 1485 1960 1537 1.
1986 1485 2064 1537 Ad
2091 1494 2162 1550 te,
2189 1485 2433 1555 Domine,
2461 1491 2729 1558 clamabo,
2757 1491 2895 1547 Deus
2919 1511 3071 1548 meus
3096 1512 3110 1548 :

252 1566 302 1620 2.
330 1567 422 1638 Μὴ
448 1569 884 1640 παρασιωπήσῃς
912 1571 1008 1623 ἀπ’
1040 1569 1196 1640 ἐμοῦ.

962 1571 1008 1622 π’
1040 1569 1196 1640 ἐμοῦ.
1908 1576 1962 1629 2.
1995 1575 2072 1631 Ne
2092 1577 2254 1632 sileas
2278 1594 2308 1632 a
2341 1595 2443 1634 me.

255 1661 303 1714 5.
327 1661 553 1729 Μήποτε
579 1663 1014 1737 παρασιωπήσῃς
1033 1664 1128 1715 ἀπ’
1155 1662 1310 1732 ἐμοῦ,
1347 1663 1441 1716 καὶ
1471 1663 1736 1734 ὁμοιωθή-

1914 1667 1962 1720 5.
1994 1667 2068 1722 Ne
2096 1669 2311 1737 quando
2341 1680 2518 1726 taceas
2541 1689 2570 1725 a
2593 1688 2701 1737 me,
2731 1683 2785 1728 et
2809 1675 3149 1731 assimilahor
3177 1676 3395 1732 descen-

203 1768 347 1821 σομαι
373 1755 486 1814 τοῖς
511 1753 930 1806 καταϐαίνουσιν
959 1755 1038 1817 εἰς
1063 1753 1284 1808 λάκκον.

916 1771 930 1805 ι
959 1755 1038 1817 εἰς
1063 1753 1284 1808 λάκκον.
1777 1805 1816 1821 η
1843 1757 2096 1815 dentibus
2122 1761 2176 1814 in
2201 1762 2397 1815 lacum.

260 1805 308 1896 λ.
347 1805 703 1908 Εἰσάκουσον,
761 1805 1333 1917 Κύριε.
1382 1845 1479 1917 τῆς
1512 1845 1741 1916 δεήσεως

1912 1850 1962 1902 4.
1995 1850 2235 1916 Exaudi,
2264 1851 2519 1917 Domine,
2561 1868 2744 1907 vocem
2787 1853 3182 1924 deprecationis
3232 1871 3393 1922 mese,

204 1952 311 2005 μου,
340 1936 397 1988 ἐν
420 1935 498 2005 τῷ
530 1936 745 1990 δέεσθαι
769 1954 834 2008 με
862 1937 994 2009 πρὸς
1022 1937 1100 2002 σὲ,

793 1954 834 1990 ιε
862 1937 994 2009 πρὸς
1022 1937 1100 2002 σὲ,
1841 1943 1968 1997 dum
1993 1958 2089 1998 oro
2113 1945 2178 1999 ad
2204 1954 2274 2008 te,

262 2029 308 2082 5.
337 2028 426 2081 Ἐν
458 2027 538 2099 τῷ
565 2028 746 2101 αἴρειν
775 2045 842 2097 με
875 2028 1062 2100 χεῖράς
1097 2044 1198 2098 μου
1248 2027 1383 2098 πρὸς
1418 2025 1542 2080 ναὸν
1593 2026 1743 2092 ἅγιόν

1912 2035 1962 2088 5.
1991 2033 2127 2089 Dum
2157 2036 2355 2092 extollo
2385 2052 2577 2092 manus
2603 2053 2752 2092 meas
2773 2039 2838 2092 ad
2866 2039 3124 2108 templum
3150 2047 3393 2094 sanctum

203 2136 282 2172 σου
291 2161 303 2172 .

1844 2135 2014 2179 tuum.

256 2213 304 2264 6.
333 2210 424 2280 Μὴ
447 2210 780 2283 συνελκύσῃς
807 2227 873 2281 με
905 2210 1042 2281 μετά
1081 2211 1416 2282 ἁμαρτωλῶν
1455 2208 1582 2280 [Μὴ
1616 2227 1737 2263 συν-

1919 2209 1967 2264 ti.
1999 2209 2075 2265 Ne
2098 2210 2258 2265 simul
2291 2212 2476 2266 trahas
2505 2227 2589 2266 me
2625 2227 2746 2267 cum
2782 2214 3156 2282 peccatoribus
3187 2215 3291 2287 [Ne
3322 2219 3399 2270 si-

199 2301 420 2374 ελκύσῃς
457 2301 596 2373 μετά
617 2301 730 2355 τῶν
757 2303 1092 2374 ἁμαρτωλῶν
1119 2304 1216 2374 τὴν
1236 2303 1409 2374 ψυχήν
1435 2301 1558 2372 μου]
1589 2319 1601 2330 ·

1848 2303 1955 2356 mul
1986 2301 2170 2357 trahas
2201 2317 2324 2357 cum
2355 2303 2729 2372 peccatoribus
2758 2305 2995 2359 animam
3031 2307 3230 2378 meam]
3256 2326 3269 2360 :

259 2393 305 2443 7.
335 2393 447 2445 Kal.
493 2393 632 2463 μετά
664 2393 1042 2464 ἐργαζομένων
1072 2394 1283 2447 ἀδικίαν
1330 2393 1404 2465 μὴ
1453 2391 1740 2447 συναπολέ-

1919 2392 1970 2445 7.
2002 2391 2066 2446 Et
2090 2407 2212 2447 cum
2234 2393 2580 2462 operantibus
2611 2393 2951 2465 iniquitatem
2977 2411 3044 2450 ne
3063 2398 3255 2466 perdas
3277 2413 3390 2452 me:

201 2498 286 2551 σῃς
305 2499 370 2553 με
387 2499 404 2516 ⁸

265 2617 334 2687 (ιι)
365 2616 431 2674 ν.
459 2618 551 2674 50.
589 2619 815 2685 Ἕνεκα,
849 2630 978 2687 etc.,
1006 2637 1128 2691 usq.
1161 2619 1227 2674 ad
1261 2619 1547 2672 θλιϐόντων
1580 2635 1667 2688 με.

1294 2770 1670 2828 ATHANASII
1711 2770 2288 2826 INTERPRETATIO.

259 2937 343 2993 29.
371 2937 484 2990 Καὶ
522 2934 616 2987 τὸν
661 2932 861 3004 Ἰωσὴφ
915 2915 1260 3001 πλανώμενον
1299 2930 1560 3001 ὁδήγησον
1587 2930 1681 2999 (1).

1917 2927 2006 2982 29.
2039 2928 2104 2982 Et
2124 2935 2383 2996 tanquam
2418 2925 2615 2996 Ioseph
2643 2938 2910 2983 errantem
2933 2929 2986 2982 in
3012 2929 3099 2982 via
3123 2928 3312 3000 dirige.

262 3027 342 3081 50.
368 3025 464 3079 Διά
489 3025 615 3088 τοὺς
643 3020 870 3094 ἐχθρούς
893 3039 992 3092 μου
1017 3021 1091 3092 μὴ
1126 3020 1293 3093 ἐάσῃς
1328 3038 1414 3091 με.

1916 3018 2003 3072 50.
2039 3017 2265 3088 PrOpter
2293 3018 2540 3072 inimicos
2575 3032 2724 3072 meos
2755 3032 2823 3072 ne
2849 3018 3090 3072 dimittas
3115 3033 3218 3072 me.

264 3121 348 3175 51.
375 3117 692 3172 Διδάσκαλοι
715 3114 1024 3185 αἱρετικῶν.

1915 3112 2004 3166 51.
2039 3110 2278 3181 Magistri
2307 3110 2698 3165 haereticorum.

263 3210 345 3266 Ὠ.
373 3210 483 3263 Καὶ
510 3207 705 3277 ψεῦδός
729 3209 874 3260 ἐστιν
895 3209 928 3276 ἡ
953 3203 1270 3258 διδασκαλία
1291 3205 1490 3269 αὐτῶν,
1527 3207 1590 3276 ἣν
1618 3206 1742 3257 ἐαυ-

1914 3203 2002 3258 52.
2035 3202 2100 3258 Et
2139 3203 2371 3257 mendax
2411 3210 2495 3258 est
2542 3202 2782 3256 doctrina
2833 3216 3044 3265 eorum,
3083 3217 3244 3272 quam
3292 3202 3394 3258 sibi

204 3303 300 3363 τοῖς
321 3298 567 3370 ἐφεῦρον,
593 3298 689 3350 καὶ
718 3297 838 3366 οὐχὶ
870 3295 1020 3367 παρὰ
1047 3294 1163 3349 σοῦ.

1778 3293 1815 3301 “
1842 3293 1946 3363 ipsi
1972 3295 2314 3356 invenerunt,
2343 3307 2448 3347 non
2475 3301 3012 3363 autem‘acceperunt
3036 3307 3066 3346 a
3095 3303 3165 3348 te.

260 3392 342 3445 55.
381 3392 448 3444 ’Δ
468 3389 838 3459 ἐπηγγείλατο
862 3391 974 3450 τοῖς
1010 3386 1298 3455 ἀγαπῶσιν
1323 3387 1504 3441 αὐτόν.

1442 3387 1504 3440 iv.
1911 3385 2000 3439 55.
2033 3383 2164 3449 Quae
2191 3384 2442 3452 promisit
2464 3383 2812 3454 diligentibus
2846 3399 2923 3439 se.

262 3482 344 3536 54.
382 3483 446 3535 '0
489 3482 599 3552 γὰρ
633 3480 962 3550 ὑπομείνας
1003 3481 1090 3544 εις
1121 3479 1316 3546 τέλος,
1343 3475 1520 3544 οὗτος
1552 3478 1743 3547 σωθή-

1912 3472 2001 3526 54.
2024 3471 2128 3536 Qui
2149 3473 2286 3526 enim
2310 3475 2651 3541 permanserit
2669 3490 2829 3544 usque
2849 3477 2902 3529 in
2925 3476 3104 3544 ﬁnem.
3121 3477 3205 3530 hic
3224 3477 3393 3530 salvus

210 3587 380 3627 σεται.

1840 3565 1961 3618 erit.

265 3663 345 3718 55.
379 3662 470 3734 Μὴ
510 3661 809 3727 ἐκλυέσθω,
837 3660 972 3714 ἀλλά
997 3659 1349 3732 δυναμούσθω
1375 3659 1449 3730 (2)
1476 3663 1509 3730 ἠ
1551 3660 1743 3730 καρδία

1916 3656 2005 3710 55.
2030 3654 2108 3710 Ne
2137 3656 2484 3723 dissolvatur,
2513 3657 2608 3711 sed
2651 3655 2985 3712 confortetur
3013 3673 3110 3713 cor
3137 3670 3312 3725 tuum,
3347 3670 3394 3713 et

208 3769 287 3806 σου
303 3770 316 3783 ο
345 3755 441 3808 καὶ
469 3755 798 3824 ὑπόμεινον
821 3751 927 3805 τὸν
950 3753 1186 3820 Κύριον.

890 3768 927 3804 ν
950 3753 1186 3820 Κύριον.
1847 3748 2050 3802 sustine
2072 3748 2371 3802 Dominum.

272 3884 329 3938 Ἦ
357 3889 686 3959 προκειμένη
720 3887 997 3956 ἐπιγραφὴ
1047 3885 1319 3956 περιέχειο
1357 3882 1664 3956 [Ψαλμὸς]
1701 3884 1778 3949 τῷ
1825 3883 2031 3937 Δαϐίδο
2067 3885 2264 3939 ὡσανεὶ
2311 3884 2582 3958 προσευχὴ
2625 3884 2718 3941 τοῦ
2747 3884 2893 3952 λαοῦ,
2923 3885 3015 3939 τοῦ
3062 3887 3249 3942 ἑαυτὸν
3291 3907 3398 3959 χω-

208 3981 442 4050 ρήσαντος
460 3981 554 4035 τοῦ
585 3981 814 4052 κόσμου.
841 3980 1000 4034 Δαϐὶδ
1020 3981 1126 4050 γὰρ
1147 3979 1501 4051 ἐρμηνευέται
1520 3979 1706 4049 μόνος
1736 3979 1829 4050 (5).

269 4071 468 4128 Titulus
493 4073 818 4143 praepositus
849 4073 1124 4127 continet:
1157 4071 1406 4126 Psalmus
1432 4071 1603 4128 David
1625 4088 1646 4126 :
1679 4073 1844 4128 veluti
1883 4070 2058 4127 oratio
2102 4070 2286 4140 populi
2321 4071 2558 4142 seipsum
2597 4070 2900 4142 separantis
2923 4085 2956 4124 a
2978 4071 3200 4127 mundo.
3230 4069 3396 4126 David

208 4161 332 4217 enim
357 4164 740 4234 interpretatur
768 4161 931 4215 solus.

268 4302 316 4354 l.
341 4287 580 4368 Στένάξω
609 4301 748 4373 πρὸς
781 4299 864 4355 σέ.
1918 4301 1968 4355 1.
2001 4301 2351 4372 Ingemiscam
2387 4305 2452 4357 ad
2477 4313 2546 4359 te.

268 4390 318 4446 2.
347 4393 435 4463 Μὴ
457 4391 811 4465 παρακούσῃς
851 4406 972 4460 μου.

1912 4393 1968 4446 2.
2000 4391 2076 4447 Ne
2095 4409 2180 4448 me
2210 4395 2508 4450 inauditum
2533 4405 2837 4465 praetereas.

268 4482 318 4536 5.
343 4484 562 4552 Μήποτε
610 4481 964 4554 ἀφρόντιστον
1012 4498 1078 4552 με
1129 4483 1329 4554 ἐάσῃς,
1359 4482 1452 4534 καὶ
1499 4478 1739 4544 ὲξισωθῶ

1916 4485 1966 4538 5.
1998 4484 2291 4554 Nequando
2316 4501 2402 4541 me
2432 4487 2734 4556 neglectum
2764 4485 3024 4549 dimittas,
3057 4493 3111 4540 et
3142 4486 3397 4557 adaequer

209 4575 305 4635 τοῖς
327 4576 529 4637 ἑαυτοῖς
549 4573 962 4645 ὲπιρῤίπτουσιν
997 4575 1055 4626 ἐν
1081 4575 1374 4646 ἁμαρτίαις

1205 4576 1374 4646 ρτίαις
1404 4573 1502 4644 (4).
1773 4581 1816 4634 D
1844 4575 2246 4644 projicientibus
2276 4591 2335 4630 se
2361 4576 2413 4629 in
2447 4586 2686 4645 peccata.

273 4664 321 4717 4.
343 4666 740 4728 Εὶσάκουσον,
765 4665 962 4731 Κύριε,
987 4665 1092 4734 τῆς
1118 4665 1319 4736 φωνῆς
1348 4666 1456 4734 τῆς
1477 4664 1739 4731 δεήσεώς

1913 4665 1964 4719 4.
1983 4665 2214 4732 Exaudi,
2238 4665 2476 4730 Domine,
2499 4682 2672 4720 vocem
2696 4665 3074 4734 deprecationis
3096 4680 3243 4729 mem,
3268 4664 3394 4719 dum

165 4815 168 4818 ,
209 4771 310 4821 μου
337 4760 390 4810 ὲν
417 4758 494 4829 τῷ
516 4758 849 4830 ,προσφέρειν
880 4757 1048 4826 αὐτὴν
1084 4758 1311 4812 ἐνώπιόν
1344 4775 1456 4810 σου.

1030 4775 1048 4810 ν
1084 4758 1311 4812 ἐνώπιόν
1344 4775 1456 4810 σου.
1841 4771 1960 4810 eam
1985 4755 2198 4827 profero
2225 4771 2404 4811 coram
2440 4764 2511 4812 te.

272 4844 321 4898 5.
360 4849 441 4902 ’Ev
463 4847 539 4918 τῷ
571 4849 746 4919 αῐρειν
782 4863 849 4917 με
881 4847 979 4918 τὴν
1005 4847 1242 4901 διάνοιάν
1274 4863 1376 4917 μου
1413 4847 1494 4910 είς
1521 4845 1612 4901 τὸν
1647 4846 1741 4898 οὐ-

1684 4846 1741 4897 ὐ-
1912 4846 1965 4899 5.
2001 4846 2140 4900 Dum
2170 4844 2369 4900 extollo
2396 4854 2628 4900 mentem
2659 4860 2834 4901 meam
2862 4845 2916 4899 in
2947 4845 3165 4900 omium.

214 4937 374 5006 ρανόν.

273 5027 319 5080 6.
349 5030 419 5100 (5)
441 5033 532 5104 Μὴ
557 5033 798 5105 παράδος
829 5049 896 5102 με
934 5031 1010 5101 τῷ
1038 5031 1266 5102 διαϐόλῳ
1311 5032 1404 5085 καὶ
1435 5033 1544 5095 τοῖς
1575 5028 1743 5098 ἀγγέ-

1913 5022 1965 5078 6.
2000 5022 2078 5078 Ne
2104 5023 2290 5080 tradas
2317 5039 2404 5080 me
2433 5024 2648 5080 diabolo
2676 5034 2730 5079 et
2759 5025 2965 5095 angelis
2985 5024 3102 5093 ejus
3133 5022 3185 5076 in
3214 5022 3387 5091 ignem

213 5109 311 5177 λοις
337 5120 487 5176 αὐτοῦ
514 5121 590 5195 τῷ
611 5123 818 5194 αἰωνίῳ
845 5123 998 5194 πυρί.

658 5123 818 5194 ίωνίῳ
845 5123 998 5194 πυρί.
1840 5122 2122 5170 αξιοι-ωιτη.
2132 5137 2139 5186 γ

1128 5299 1433 5361 Addenda
1456 5306 1517 5361 et
1555 5297 1925 5378 corrigenda
1968 5315 2047 5361 ex
2076 5299 2213 5361 cod.
2252 5298 2449 5359 Vatic.

298 5483 342 5558 l)
372 5485 470 5558 ’ρςν
499 5498 626 5555 ειεοι
649 5487 965 5558 ὡδήγησαςο

855 5505 965 5550 σας.
1835 5487 2200 5558 χωρήσαντος,
2231 5495 2336 5542 etc.

298 5504 342 5552 ι)
387 5504 470 5550 υς,
499 5504 626 5555 etc.,
649 5504 965 5572 ωοηγησας.
1835 5504 1914 5555 χω
1952 5504 2337 5576 ησαντοςκειο.

362 5557 842 5634 ’Ἐνδυναμουσθμ
929 5626 957 5634 _
1200 5627 1252 5634 __
1593 5627 1604 5634 ι
2010 5559 2354 5634 ⁸βαΡτ-ους-ε..
2381 5595 2395 5608 .
2423 5555 2814 5634 είςιάμαρτίαν.
2843 5624 2854 5634 _
2951 5622 2977 5634 η

362 5621 662 5705 ’ξπιγραξρῂ
693 5627 858 5705 ἡηδιά
896 5626 994 5698 τῆς
1036 5627 1402 5705 κινναὸᾁρεως
1451 5627 1727 5705 περιέχεις
1872 5621 1982 5705 ..(ΒΞ
2010 5625 2154 5705 Νηβ,
2179 5627 2232 5681 7.
2268 5626 2357 5696 Μὴ
2386 5621 2623 5705 παράδος
2642 5621 2712 5696 με
2734 5622 2980 5705 μετὰιτοῧ
3003 5621 3271 5705 διαϐόλου,
3293 5621 3385 5676 καὶ

197 5689 296 5742 τοῦ
317 5689 687 5763 Δαόὶδίῶξᾶν
799 5689 1072 5768 προσευχὴ
1099 5697 1191 5750 τοῦ
1235 5689 1363 5752 λαοῦ
1383 5689 1492 5752 -τοῦ
1525 5689 1726 5752 ’ἑαυτοῦ
1831 5689 1938 5751 τῶν
1960 5689 2224 5768 ἀγγέλων,
2257 5689 2360 5752 θῑοξ
2395 5689 2539 5765 Ν.’8,
2577 5689 2675 5752 9.’.
2810 5696 2900 5748 καὶ
2933 5693 3258 5766 μηνιαστῶν.

486 5794 766 5854 Parnm.
813 5788 924 5850 Gn.
975 5789 1232 5850 XXVII.
2995 5785 3070 5848 2h
