3776 6272
382 245 486 314 7.3?

449 363 506 423 8.
530 362 633 431 Qui
661 361 955 433 loquuntur
981 376 1170 431 pacem
1201 376 1324 416 cum
1354 362 1605 431 proximo
1627 378 1762 419 suo:

451 543 506 601 9.
536 542 672 598 Mala
694 552 872 598 autem
909 542 962 596 in
991 541 1251 598 cordibus
1270 557 1484 600 eorum.

429 637 536 691 410.
562 636 637 691 Da
669 636 796 702 illis,
823 635 1070 700 Domine,
1095 634 1394 691 secundum
1428 650 1592 707 opera
1621 652 1839 703 eorum,

454 729 541 783 11.
588 727 654 782 Et
702 727 1000 783 secundum
1049 727 1348 798 nequitiam
1382 727 1827 784 adinventionum
1859 729 1942 800 ip-

381 836 567 879 δοτυιη
576 858 592 875 ο

451 912 540 970 12.
571 911 882 968 Secundum
907 926 1072 982 opera
1089 927 1354 968 manuum
1380 927 1572 968 corum
1598 913 1776 969 tribue
1801 911 1937 969 illis:

451 1005 538 1059 i5.
569 1001 751 1059 Redde
787 1003 1194 1060 retributionem
1221 1019 1410 1060 eorum
1444 1004 1598 1076 ipsis.

450 1093 538 1148 14.
573 1092 842 1160 Quoniam
871 1108 980 1149 non
1019 1093 1404 1152 intellexerunt
1431 1111 1596 1168 opera
1628 1095 1866 1161 Domini,

452 1185 538 1242 15.
572 1186 638 1242 Ει
660 1188 714 1242 in
745 1202 910 1258 opera
939 1202 1199 1243 manuum
1224 1189 1338 1260 ejus
1370 1207 1383 1244 :

451 1277 539 1333 16.
567 1277 819 1335 Dcstrues
846 1279 989 1347 illos,
1015 1290 1070 1335 et
1102 1295 1214 1335 non
1247 1274 1538 1337 aediﬁcabis
1572 1294 1689 1336 eos.

452 1461 540 1516 17.
581 1461 900 1519 Benedictus
932 1461 1216 1529 Dominus,
1242 1463 1501 1534 quoniam
1539 1462 1815 1520 exaudivit
1843 1477 1940 1518 vo-

379 1567 498 1607 cem
530 1552 925 1624 deprecationis
948 1569 1099 1611 mea.

452 1641 537 1697 18.
568 1642 828 1700 Dominus
856 1643 1072 1716 adjntor
1098 1660 1253 1702 meus
1275 1653 1330 1702 et
1362 1654 1635 1716 protector
1661 1662 1834 1703 meus.

1185 243 1243 298 S.
1283 240 1647 298 ATIIANASII
1687 241 1831 298 OPP.
1870 243 2049 303 PARS
2087 244 2174 300 Ill.
2212 275 2282 286 —-
2320 242 2740 300 EXEGETICA.

1965 369 2012 424 Α
2107 363 2159 417 8.
2194 361 2315 416 Τῶν
2342 360 2644 416 λαλούντων
2671 360 2896 433 εἰρήνην
2924 359 3064 430 μετὰ
3092 359 3198 416 τῶν
3246 359 3490 433 πλησίων
3517 362 3615 416 αὺ-

3511 243 3614 303 748

2046 473 2154 509 των
2161 472 2176 486 ⁸

2114 547 2168 602 9.
2196 544 2356 599 Κακὰ
2382 545 2438 598 δὲ
2471 547 2529 599 ἐν
2553 546 2672 608 ταῖς
2699 543 2943 616 καρδίαις
2962 544 3161 597 αὐτῶν.

2116 636 2202 692 10.
2231 636 2328 701 Δὸς
2356 636 2558 703 αὐτοῖς,
2580 635 2774 708 Κύριε,
2810 636 2952 689 κατὰ
2976 635 3045 689 τὰ
3067 636 3203 708 ἔργα
3224 635 3427 700 αὐτῶν,

2115 729 2203 783 11.
2238 728 2347 783 Καὶ
2383 727 2524 781 κατὰ
2572 726 2669 798 τὴν
2721 727 2982 798 πονηρίαν
3018 726 3126 781 τῶν
3165 726 3614 798 ἐπιτηδευμάτων

2044 821 2246 877 αὐτῶν.

2112 911 2200 966 12.
2233 907 2391 966 Κατὰ
2417 908 2485 964 τὰ
2514 907 2650 982 ἔργα
2671 907 2778 962 τῶν
2799 907 2997 980 χειρῶν
3023 908 3202 964 αὐτῶν
3230 909 3319 973 δὸς
3343 907 3530 972 αὐτοῖς
3549 921 3569 940 ο

2115 1004 2201 1062 15.
2243 1003 2462 1067 Ἀπόδος
2479 1002 2538 1055 τὸ
2562 1001 2908 1070 ἀνταπόδομα
2935 1001 3113 1056 αὐτῶν
3137 1002 3341 1065 αὐτοῖς.

2111 1095 2199 1148 14.
2227 1094 2350 1149 Ὀτι
2378 1093 2439 1148 οὐ
2466 1094 2703 1164 συνῆκαν
2731 1095 2811 1157 είς
2835 1094 2906 1148 τὰ
2930 1094 3065 1166 ἔργα
3097 1094 3302 1168 Κυρίου
3325 1135 3340 1160 ,

2112 1185 2200 1240 15.
2234 1185 2343 1240 Kal
2371 1186 2451 1250 είς
2477 1185 2547 1240 τὰ
2572 1186 2707 1256 ἔργα
2734 1187 2842 1243 τῶν
2869 1186 3068 1258 χειρῶν
3107 1184 3292 1241 αὐτοῦ.

2113 1276 2200 1331 16.
2235 1277 2498 1342 Καθελεῖς
2529 1279 2744 1346 αὐτοὺς,
2779 1279 2876 1334 καὶ
2895 1279 2957 1332 οὐ
2993 1279 3068 1352 μὴ
3107 1279 3481 1350 οίκοδομήσεις
3508 1278 3611 1331 αὐ-

2041 1387 2188 1434 τους.
3514 1399 3516 1404 ι

2112 1463 2200 1518 17.
2225 1463 2524 1535 Εὐλογητὸς
2535 1463 2759 1538 Κύριος,
2779 1466 2861 1521 ὅτι
2890 1465 3174 1538 είσήκουσε
3189 1467 3288 1537 τῆς
3304 1467 3487 1537 φωνῆς
3505 1467 3606 1537 τῆς

2039 1556 2278 1630 δεήσεως
2308 1575 2430 1630 μου.

2113 1649 2200 1704 18.
2240 1648 2441 1718 Κύριος
2473 1648 2665 1722 βοηθός
2690 1667 2792 1721 μου
2820 1649 2913 1704 καὶ
2943 1650 3350 1725 ὑπρασπιστής
3383 1668 3504 1738 ρίου.

450 1733 541 1792 19.
575 1733 631 1788 In
661 1734 778 1806 ipso
803 1737 1040 1807 speravit
1065 1753 1160 1794 cor
1196 1753 1397 1805 meum,
1431 1750 1486 1796 et
1515 1740 1737 1812 adjutus
1767 1757 1890 1797 sum
1924 1761 1938 1798 :
1970 1717 1982 1773 1

2116 1738 2202 1795 19.
2245 1717 2360 1792 Ἐπ’
2385 1717 2534 1810 αὐτῷ
2557 1717 2843 1812 ⁷’ἤλπισενὴ
2874 1717 3068 1811 καρδία
3100 1717 3224 1811 μου,
3258 1717 3352 1794 καὶ
3380 1717 3612 1812 2.60am;-

447 1918 540 1974 20.
570 1918 637 1974 Et
667 1920 908 1977 relloruit
937 1937 1066 1979 caro
1095 1937 1217 1979 mea
1251 1942 1264 1978 :

447 2009 538 2066 2|.
571 2009 638 2066 Et
667 2027 735 2067 ex
763 2013 1042 2069 voluntate
1075 2029 1195 2070 mea
1221 2014 1522 2072 conﬁtebor
1553 2016 1625 2071 ei.

447 2102 539 2158 22.
568 2102 832 2161 Dominus
866 2105 1128 2162 fortitudo
1154 2107 1329 2178 plebis
1362 2123 1476 2163 suae
1504 2126 1519 2174 ;

445 2195 539 2251 23.
566 2194 631 2252 Et
657 2205 930 2267 protector
949 2199 1309 2258 salvationum
1337 2200 1542 2258 Christi
1570 2201 1656 2258 sui
1688 2210 1790 2258 est.

448 2377 537 2433 24.
566 2377 786 2433 Salvum
817 2378 903 2434 l'ac
935 2380 1388 2451 populumtuum,
1418 2380 1662 2447 Domine,
1689 2392 1743 2439 ct
1771 2384 1938 2440 bene-

379 2466 465 2522 dic
501 2466 802 2524 lmreditati
837 2481 963 2525 tum.

445 2557 537 2614 25.
568 2557 634 2614 Et
663 2575 786 2631 rege
825 2575 938 2627 eos,
965 2569 1018 2618 et
1053 2561 1250 2618 extolle
1297 2561 1419 2618 illos
1464 2577 1639 2634 usque
1684 2563 1740 2618 in
1772 2573 1932 2621 acter-

372 2665 531 2708 num.

2046 1829 2179 1902 θην⁶

2109 1920 2199 1976 20.
2231 1921 2338 1975 Kal
2359 1921 2616 1978 ἀνέθαλεν
2647 1923 2681 1994 ἡ
2716 1919 2853 1992 σάρξ
2885 1940 2989 1993 μου
3009 1939 3025 1955 ο

2108 2015 2201 2070 21.
2232 2015 2343 2070 Kal
2367 2017 2430 2068 ἐκ
2457 2015 2759 2085 θελήματος
2797 2033 2898 2086 μου
2948 2013 3410 2088 ὲξομολογήσομαι
3440 2017 3590 2089 αὐτῷ

2073 2109 2075 2111 ’
2107 2109 2199 2163 22.
2226 2108 2430 2179 Κύριος
2454 2109 2776 2181 κραταίωμα
2804 2106 2898 2161 τοῦ
2931 2107 3062 2162 λαοῦ
3090 2109 3252 2162 αὑτοῦ
3276 2125 3290 2139 ’

2109 2201 2198 2256 23.
2234 2202 2343 2254 Kal
2372 2199 2782 2272 ὑπερασπιστὴς
2814 2199 2923 2253 τῶν
2941 2199 3221 2271 σωτηρίων
3254 2199 3349 2254 τοῦ
3371 2201 3612 2272 Χριστοῦ

2041 2291 2205 2348 αὐτοῦ
2229 2295 2396 2346 ἐστιν.

2110 2384 2201 2440 24.
2231 2383 2411 2438 Σῶσον
2432 2382 2523 2438 τὸν
2547 2382 2674 2438 λαόν
2707 2399 2823 2448 σου,
2844 2382 2939 2437 καὶ
2968 2382 3261 2454 εὐλύγησον
3285 2383 3384 2456 τὴν
3412 2383 3614 2456 κληρο-

2047 2477 2234 2548 νομίαν
2264 2492 2381 2532 σου.

2110 2568 2201 2622 25.
2231 2568 2341 2623 Kal
2361 2568 2622 2640 ποίμανον
2653 2567 2871 2636 αὐτοὺς,
2897 2565 2994 2623 καὶ
3023 2567 3224 2641 ἔπαρον
3249 2568 3450 2633 αὐτοὺς
3504 2568 3613 2633 ἕως

2041 2657 2137 2712 τοῦ
2166 2657 2382 2725 αἰῶνος.

1483 2827 1856 2886 ATHANASII
1895 2829 2479 2889 INTERPRETATIO.

447 3007 504 3073 7,
550 3007 605 3063 9.
659 3007 796 3062 Cum
855 3008 1226 3076 daemonibus,
1278 3018 1334 3065 et
1374 3010 1710 3082 hypocritis,
1751 3020 1806 3067 et
1849 3010 1982 3075 in-(

2108 3012 2218 3079 7,9.
2249 3013 2370 3068 Τῶν
2382 3012 2668 3085 δαιμόνων,
2686 3016 2781 3070 καὶ
2799 3015 3128 3088 ὑποκριτῶν,
3148 3014 3245 3070 καὶ
3267 3015 3609 3087 μανιαστῶν.

379 3113 552 3156 unis.

448 3189 536 3246 10.
565 3186 1028 3255 Quemadmodum
1071 3186 1312 3258 duplices
1339 3196 1489 3254 sunt,
1516 3189 1583 3245 da
1621 3189 1729 3248 illis
1755 3192 1934 3264 dupli-

379 3297 497 3340 cem
523 3281 889 3336 aﬂlictionem.

447 3374 539 3430 11.
566 3373 873 3430 Secundum
912 3373 1206 3443 injustitias
1229 3387 1438 3429 eorum.

451 3465 656 3532 12,15.
689 3464 1160 3533 Quemadmodum
1199 3474 1599 3521 consueverunt
1647 3468 1789 3523 mala
1825 3470 1938 3524 sin-

379 3559 521 3632 gulis
543 3558 697 3627 dare,
725 3560 798 3614 ita
821 3559 889 3614 da
920 3559 1073 3629 ipsis.

448 3652 538 3717 14,
574 3652 663 3707 15.
693 3649 961 3718 Quoniam
994 3665 1096 3707 nec
1124 3666 1287 3724 opera
1307 3652 1524 3710 Domini
1560 3655 1702 3711 scire
1727 3655 1935 3720 volunt,

379 3759 481 3800 nec
499 3743 707 3814 judicia
725 3744 866 3814 ejus.

458 3836 539 3890 16.
585 3834 860 3892 Percuties
896 3849 1014 3902 eos,
1062 3845 1118 3892 et
1167 3853 1275 3894 non
1319 3839 1583 3906 sanabis;
1638 3855 1747 3895 non
1793 3853 1938 3894 enim

379 3926 745 3997 pmnitebunt.

453 4019 538 4072 17.
570 4019 880 4076 Benedictus
920 4020 1201 4090 Dominus,
1227 4024 1475 4093 quoniam
1501 4023 1742 4094 implevit
1770 4039 1940 4078 vocem

381 4110 759 4178 deprecationis
787 4127 935 4167 mea.

451 4200 538 4256 18.
575 4201 838 4258 Dominus
871 4211 1164 4275 protegens
1201 4218 1310 4270 me,
1336 4213 1391 4260 et
1418 4203 1704 4274 insurgens
1742 4203 1797 4258 in
1837 4203 1943 4258 ini-

379 4305 553 4348 1111008
578 4306 752 4347 1111³08.

450 4381 536 4435 19.
567 4379 631 4435 Ei
660 4381 900 4452 seipsum
949 4382 1174 4439 tradidit
1202 4397 1298 4440 cor
1325 4398 1528 4449 meum,
1571 4392 1628 4439 et
1653 4380 1934 4438 conforta-
1969 4356 2013 4409 Ῑ)

382 4484 496 4526 tum
526 4481 610 4528 est
635 4473 703 4527 ab
725 4489 812 4529 eo.

449 4562 538 4617 20.
561 4563 630 4617 -ln
643 4566 1075 4622 .resurrectione.

448 4655 539 4708 2|.
573 4653 826 4725 Prompte
871 4659 967 4714 tibi
1013 4661 1266 4728 serviam,
1311 4669 1366 4717 et
1413 4659 1625 4715 tradam
1670 4658 1936 4729 meipsum

379 4745 500 4804 tibi.

445 4836 539 4893 22.
576 4837 838 4894 Dominus
863 4839 1036 4896 virtus
1061 4835 1240 4908 populi
1269 4837 1376 4893 sui.

437 4930 537 4984 23.
572 4929 894 4986 Sanctorum
915 4930 1032 4985 Filii
1055 4931 1135 4986 sui
1158 4937 1429 4999 protector
1451 4939 1558 4984 est.

445 5021 535 5074 24.
568 5020 631 5075 Ει
662 5035 808 5076 nunc
832 5028 887 5076 et
911 5021 964 5074 in
1001 5019 1184 5075 futuro
1212 5019 1436 5075 saeculo.

441 5111 934 5170 .25.Glorilica.eos
971 5113 1026 5166 in
1051 5126 1215 5184 regno
1246 5119 1364 5166 tuo.

2110 3189 2196 3246 10.
2227 3189 2302 3262 (1)
2330 3188 2528 3255 Καθώς
2565 3191 2669 3245 εἱσι
2711 3192 2903 3260 δισσοὶ,
2929 3192 3017 3257 δὸς
3047 3193 3228 3258 αὐτοῖς
3267 3194 3448 3249 δισσὸν
3481 3194 3612 3249 σύν-

2041 3295 2279 3364 ῖριμμαο
2513 3316 2516 3319 -

2112 3371 2201 3426 11.
2228 3364 2424 3437 Κατως
2442 3374 2540 3438 τὰς
2563 3366 2772 3438 ἀδικίας
2795 3374 2992 3443 αὐτῶν.

2113 3463 2201 3528 12,
2234 3465 2319 3520 15.
2347 3465 2545 3530 Καθὼς
2584 3466 2794 3538 πονηρὰ
2835 3445 3088 3522 εἰώθασιν
3136 3469 3347 3540 ἑκάστῳ
3383 3468 3610 3534 διδόναι,

2039 3552 2212 3618 οὕτως
2231 3553 2319 3619 δὸς
2347 3556 2550 3618 αὐτοῖς.

2112 3647 2200 3712 14,
2236 3647 2322 3703 15.
2357 3649 2477 3702 Ὅτι
2500 3648 2636 3721 ἔργα
2659 3649 2863 3722 Κυρίου
2889 3650 3084 3705 είδέναι
3106 3653 3167 3707 οὒ
3197 3652 3457 3717 θέλουσιν,
3485 3653 3615 3707 οὐδὲ

2039 3736 2108 3790 τὰ
2141 3737 2484 3809 δικαιώματα
2512 3739 2698 3794 αὑτοῦ.

2113 3828 2203 3883 16.
2260 3829 2526 3895 Πατάξεις
2569 3831 2786 3897 αὐτοὺς,
2826 3833 2923 3887 καὶ
2982 3833 3042 3887 οὑ
3092 3833 3166 3905 μὴ
3193 3835 3352 3906 ίάσῃ·
3393 3834 3453 3887 οὐ
3495 3833 3615 3906 γὰρ

2044 3921 2468 3992 μετανοήσουσιν
2501 3922 2602 3994 (2).

2112 4011 2200 4066 17.
2225 4012 2566 4082 Εὐλογητὸς
2581 4014 2814 4083 Κύριος,
2841 4013 2928 4069 ὅτι
2946 4015 3227 4087 ἐπλήρωσε
3255 4014 3371 4085 τὴν
3396 4015 3614 4085 φωνὴν

2038 4103 2151 4173 τῆς
2181 4101 2445 4171 δεήσεως
2466 4121 2607 4174 μου.

2112 4193 2199 4248 18.
2231 4192 2434 4264 Κύριος
2481 4194 2696 4248 σκέπων
2752 4192 2970 4266 paul
3023 4195 3446 4266 ἐπανιστάμενος
3492 4199 3613 4256 τοῖς

2044 4283 2258 4356 ἐχθροῖς
2281 4301 2403 4356 μου.

2112 4374 2198 4431 19.
2220 4374 2377 4445 Αὐτῷ
2406 4374 2602 4441 ἑαυτὴν
2635 4375 2893 4440 ἐξέδωκεν
2925 4377 2959 4447 ή
2988 4376 3181 4449 καρδία
3212 4393 3334 4448 μου,
3373 4378 3471 4432 καὶ
3528 4379 3612 4433 ἐν-

2040 4466 2358 4537 εδυναμώθη
2389 4468 2478 4522 ὐπ’
2500 4467 2684 4523 αὑτοῦ.
3363 4488 3369 4494 ·

2097 4557 2200 4613 20.
2245 4559 2334 4612 Ἐν
2360 4561 2426 4630 τῇ
2450 4560 2764 4614 ἀναστάσει.

2107 4649 2198 4704 21.
2258 4649 2560 4725 Προθύμως
2597 4651 2863 4706 δουλεύσω
2915 4669 3033 4719 σοι,
3095 4653 3188 4707 καὶ
3247 4651 3470 4706 ἐκδώσω
3519 4670 3649 4710 σοι.

2039 4741 2272 4810 ἐμαυτόν
2297 4741 2397 4813 (3).

2071 4825 2074 4827 λ
2113 4832 2205 4887 22.
2239 4833 2441 4904 Κύριος
2477 4834 2702 4906 δύναμις
2733 4835 2826 4890 τοῦ
2860 4835 2988 4889 λαοῦ
3018 4835 3205 4891 αὐτοῦ.

2112 4920 2203 4976 22.
2237 4922 2358 4975 Τῶν
2379 4923 2547 4993 ἁγίων
2563 4925 2654 4978 τοῦ
2678 4927 2806 4980 Υίοῦ
2818 4926 2981 4980 αὑτοῦ
3002 4928 3411 5000 ὑπερασπιστὴς
3432 4929 3606 4982 ἐστιν.

2109 5011 2199 5065 24.
2237 5013 2346 5066 Kal
2383 5014 2440 5068 ἐν
2474 5014 2552 5086 τῷ
2579 5017 2672 5070 νῦν
2706 5017 2799 5071 καὶ
2836 5018 2894 5070 ὲν
2921 5017 3000 5089 τῷ
3029 5018 3274 5090 μέλλοντι
3297 5019 3475 5074 αίῶνι.

2112 5103 2200 5158 25.
2231 5104 2462 5170 Δόξασον
2491 5109 2687 5174 αὐτοὺς
2714 5110 2772 5162 ἐν
2802 5111 2868 5181 τῇ
2901 5108 3148 5184 βασιλείᾳ
3181 5127 3295 5166 σου.

1319 5304 1627 5367 Addenda
1662 5313 1723 5368 et
1754 5307 2127 5400 corrigenda
2163 5326 2242 5372 ex
2273 5307 2412 5372 cod.
2449 5309 2651 5372 Vatic.

451 5497 612 5574 (HN.
760 5499 1029 5574 Κακαδδς
1050 5503 1106 5574 ἐν
1129 5504 1245 5566 ταῖς
1261 5499 1724 5574 καρδίαις-αὐτῶν.
1834 5499 1854 5552 1
1906 5541 1918 5554 .

379 5569 575 5642 Καθὼς
609 5571 732 5642 alat,
765 5579 868 5624 etc.
910 5569 975 5627 N.
1012 5572 1099 5626 12.
1137 5574 1292 5628 Κατὰ
1338 5569 1444 5635 ’τάς
1499 5572 1633 5642 (non
1678 5569 1916 5640 καθώς).

380 5639 438 5694 Ν.
473 5641 560 5699 15.
591 5639 785 5706 Καθὼς
805 5642 1039 5713 πονηρά,
1055 5649 1158 5700 etc.

2100 5506 2177 5581 (2)
2222 5506 2399 5581 Ἰἀσῃς
2427 5507 2668 5581 αὐτούς·
2691 5506 2753 5559 οὐ
2781 5504 2890 5581 γᾲρ
2920 5521 3040 5577 μετ.

2100 5578 2175 5648 (ὅ)
2206 5577 2485 5633 Δουλὲύσω
2519 5595 2600 5632 σοι
2632 5577 2886 5649 ἐμαυτόν.
