3776 6272
148 331 251 388 749
995 322 1083 379 DE
1130 322 1401 381 TlTULlS
1437 321 1895 380 PSALMORUM.
1930 351 1999 362 —-—
2038 318 2229 374 PSAL.
2274 306 2512 372 XXVIII.
3265 311 3367 369 7‘30

371 430 618 502 induor
659 443 738 510 τῷ
764 443 963 510 Δαόὶδ,
990 444 1202 509 ἐξόδου
1228 444 1483 514 σκηνῆς.
1741 453 1787 506 Α

1741 453 1787 506 Α
2029 439 2275 493 Psalmus
2306 435 2498 498 David,
2530 435 2702 488 exitus
2726 449 2754 486 ε
2785 431 3143 488 tabernaculo.

582 582 587 588 .
796 540 969 600 ΨΑΛ.
1003 541 1137 593 KII'.
2329 525 2533 581 PSAL.
2566 523 2669 578 XX
2685 521 2852 578 VIII.

221 633 276 688 1.
318 631 608 700 Ἐνέγκατε
633 629 712 700 τῷ
740 630 948 701 Κυρίῳ,
971 632 1076 684 υίοὶ
1107 630 1242 684 Θεοῦ
1261 649 1274 661 ο

1239 632 1274 677 μ.
1885 620 1936 673 1.
1977 619 2174 675 Aﬁ‘erte
2199 618 2448 684 Domino,
2475 617 2569 672 ﬁlii
2598 617 2730 684 Dei;

221 727 277 780 2.
321 725 613 793 Ἐνέγκατε
633 723 712 794 τῷ
750 723 939 794 Κυρίῳ
977 725 1124 789 υίοὺς
1147 725 1336 796 κριῶν.

1881 712 1936 766 2.
1964 711 2163 766 Aﬁ‘erte
2192 710 2422 765 Domino
2448 710 2590 766 ﬁlios
2617 710 2868 764 arietum.

219 821 275 874 ὅ.
311 819 600 886 Ἐνέγκατε
627 817 704 887 τῷ
735 815 924 886 Κυρίῳ
951 815 1106 880 δόξαν
1141 818 1234 870 καὶ
1255 819 1418 889 τιμήν
1441 835 1454 848 ·

1885 805 1939 858 5.
1975 802 2174 858 All'crte
2200 801 2428 857 Domino
2456 803 2680 872 gloriam
2707 811 2760 858 et
2788 803 3044 857 honorem
3074 819 3089 858 :

220 912 274 966 ι.
323 913 613 981 Ἐνέγκατε
639 909 715 982 τῷ
741 911 927 982 Κυρίῳ
955 909 1112 977 δόξαν
1133 911 1354 982 ὀνόματι
1383 911 1570 965 αὑτοῦο

1884 894 1937 948 4.
1969 893 2164 949 Allerte
2185 893 2416 949 Domino
2442 895 2670 965 gloriam
2702 894 2908 949 nomini
2941 893 3089 963 ejus:

221 1005 278 1059 5.
303 1005 726 1076 Προσκυνήσατε
761 1002 838 1072 τῷ
857 1002 1042 1074 Κυρίῳ
1074 1004 1132 1055 ὲν
1164 1001 1299 1074 αὐλῇ
1342 1002 1474 1074 ἁγίᾳ
1527 1001 1710 1059 αὐτοῦ.

1666 1001 1710 1059 δ,
1886 989 1942 1042 5.
1967 989 2202 1043 Adorate
2226 987 2516 1042 Dominum
2547 988 2602 1041 in
2632 987 2771 1042 atrio
2801 996 2990 1044 sancto
3014 988 3157 1059 ejus.

220 1095 276 1149 6.
308 1094 465 1167 Φωνὴ
498 1095 702 1165 Κυρίου
730 1092 951 1147 ἐπὶτῶν
984 1093 1190 1148 ὑδάτων
1209 1111 1224 1128 ·

1885 1080 1939 1133 6.
1967 1076 2082 1133 Vox
2109 1077 2322 1133 Domini
2354 1093 2519 1147 super
2541 1093 2751 1147 aquas:

222 1190 277 1244 7.
320 1189 382 1243 ὐ
416 1188 549 1251 Θεὸς
581 1186 680 1256 τῆς
699 1186 856 1255 δόξης
888 1184 1180 1256 ἐϐρόντησε
1199 1201 1212 1214 ·

1886 1171 1936 1222 7.
1970 1169 2112 1225 Deus
2141 1169 2440 1240 majestatis
2465 1169 2701 1223 intonuit
2726 1186 2741 1234 ;

219 1281 275 1336 8.
304 1278 511 1350 Κύριος
536 1279 628 1331 ἐπὶ
661 1276 866 1331 ὑδάτων
895 1275 1123 1330 πολλῶν.

1884 1263 1938 1318 8.
1970 1261 2232 1317 Dominus
2261 1277 2423 1332 super
2447 1277 2618 1330 aquas
2647 1261 2869 1316 multas.

219 1371 276 1426 9.
496 1367 700 1440 Κυρίου
723 1369 781 1421 έν
805 1366 949 1438 ίσχύῖ
969 1382 990 1396 ι

1889 1349 1943 1406 9.
1978 1349 2096 1405 Vox
2127 1351 2342 1405 Domini
2371 1351 2425 1404 in
2457 1350 2656 1405 virtute
2687 1367 2703 1409 :

219 1463 309 1518 10.
338 1460 496 1531 Quid)
522 1463 724 1531 Κυρίου
758 1461 815 1512 ὲν
843 1459 1298 1531 μεγαλοπρεπείᾳ.

1887 1442 1974 1497 10.
2008 1441 2120 1496 Vox
2153 1441 2368 1496 Domini
2404 1442 2458 1496 in
2497 1441 2916 1512 magniﬁcentia.

218 1553 309 1610 11.
341 1552 500 1622 Φωνὴ
524 1551 729 1622 Κυρίου
763 1549 1134 1622 συντρίϐοντος
1157 1551 1248 1604 κέδ
1258 1567 1382 1622 ρους
1397 1567 1414 1583 ο

1886 1536 1973 1590 11.
2010 1533 2122 1589 Vox
2152 1535 2366 1590 Domini
2399 1535 2787 1605 confringentis
2815 1533 3006 1589 eedros
3035 1551 3052 1586 :

222 1645 312 1698 12.
343 1644 456 1698 Καὶ
471 1641 748 1713 συντρίψει
762 1640 963 1711 Κύριος
979 1641 1076 1707 τὰς
1109 1641 1202 1694 κέδ
1213 1658 1337 1714 ρους
1356 1639 1450 1693 τοῦ
1463 1639 1712 1694 Λιϐάνουο

1683 1656 1712 1690 ιο
1888 1628 1975 1682 12.
2009 1627 2073 1681 Et
2101 1627 2406 1698 confringet
2435 1627 2697 1682 Dominus
2730 1626 2919 1681 cedros
2945 1624 3134 1680 Libani
3159 1644 3174 1681 :

225 1737 313 1790 l5.
346 1737 458 1789 Καὶ
483 1733 739 1790 λεπτυνεί
775 1732 943 1798 αὐτὰς
973 1732 1048 1797 ὡς
1090 1732 1181 1786 τὸν
1211 1732 1411 1804 μόσχον
1442 1730 1534 1784 τοῦ
1561 1728 1714 1803 [τὸν]

1887 1719 1976 1775 15.
2001 1717 2069 1804 [iit
2098 1720 2431 1774 comminuet
2455 1734 2548 1774 eas
2592 1728 2849 1788 tauquam
2877 1717 3107 1772 vitulum
3137 1717 3330 1773 Libani
3355 1735 3369 1774 :

155 1827 389 1882 Διὸἀνου
409 1841 424 1857 ·
1739 1809 1783 1865 Β

224 1919 312 1975 14.
344 1919 458 1972 Καὶ
477 1920 506 1972 ὁ
537 1917 890 1990 ἡγαπημένος
913 1918 990 1981 ὡς
1018 1917 1134 1982 υίὸς
1165 1916 1569 1988 μονοκεράγτων.

1886 1915 1974 1969 14.
2005 1913 2074 1970 Ει
2095 1914 2322 1971 dilectus
2345 1916 2801 1985 quemadmodum
2831 1915 2974 1972 ﬁlius
3001 1918 3370 1973 unicornium.

223 2008 310 2064 15.
345 2009 501 2080 Φωνὴ
527 2009 732 2080 Κυρίου
761 2009 1141 2072 διακόπτοντος
1166 2007 1338 2077 φλόγα
1357 2007 1547 2078 πυρός.

1887 2006 1976 2062 15.
2007 2007 2122 2063 Vox
2151 2007 2366 2062 Domini
2391 2009 2763 2063 iutercidcutis
2787 2008 3062 2062 ﬂammam
3095 2009 3253 2080 ignis.

221 2099 308 2156 16.
339 2101 497 2171 Φωνὴ
522 2101 727 2172 Κυρίου
753 2100 1087 2164 συσσείοντος
1123 2099 1327 2171 ἔρημον
1345 2115 1361 2130 ο

1888 2097 1973 2152 16.
2009 2096 2124 2153 Vox
2155 2096 2369 2153 Domini
2393 2099 2755 2155 concutientis
2782 2100 3056 2156 desertum
3084 2120 3097 2155 :

1267 2213 1639 2270 ATIIANASII
1677 2213 2262 2272 INTERPBETATIO.

233 2351 297 2404 Ἦ
327 2350 661 2422 προκειμένη
696 2350 973 2421 ἐπιγραφὴ
1012 2351 1252 2421 περιέχει
1284 2350 1358 2421 (Ι)
1377 2367 1389 2380 ο
1426 2349 1670 2419 Ψαλμός
1695 2347 1774 2414 τῷ
1800 2349 1998 2416 Δαὸὶδ,
2027 2350 2240 2415 ἐξόδου
2268 2350 2507 2420 σκηνῆς
2528 2369 2541 2382 ο
2566 2352 2864 2414 τουτέστιν,
2897 2353 2925 2404 ό
2955 2350 3168 2421 ψαλμδς
3189 2352 3266 2424 τῷ
3300 2354 3376 2426 (2)

159 2447 312 2500 Δαδὶδ
333 2446 571 2518 εἴρηται,
592 2445 719 2517 περὶ
743 2439 816 2499 ὧν
854 2445 1055 2514 ὀφείλει
1078 2445 1304 2509 ἕκαστος
1320 2446 1648 2518 προσφέρειν
1668 2444 1806 2516 Θεῷ,
1836 2445 1894 2498 τὸ
1919 2445 2120 2515 ἀγαθὸν
2141 2446 2270 2518 [τῶν
2297 2446 2537 2519 ἀγαθῶν]
2561 2448 2623 2500 ὲκ
2653 2448 2751 2518 τῆς
2779 2447 3000 2518 καρδίας
3018 2448 3202 2513 αὑτοῦ,
3235 2449 3380 2522 ἔργῳ

158 2542 248 2594 καὶ
267 2540 408 2610 λόγῳ
428 2556 444 2571 ι
479 2541 543 2592 ὲκ
579 2539 688 2612 γὰρ
719 2539 818 2609 τῆς
849 2540 1075 2610 καρδίας
1105 2539 1492 2610 ἐκπορεύονται
1519 2541 1718 2595 πάντα.
1750 2526 2038 2595 Διὰ’τοῦτο
2062 2538 2214 2596 εἶπεν
2239 2559 2253 2572 ο
2304 2541 2548 2608 Ἐξόδου
2567 2541 2822 2612 σκηνῆς,
2859 2543 2998 2612 λέγω
3033 2543 3096 2615 δὴ
3115 2543 3186 2598 τὰ
3217 2547 3370 2600 ἐκπο.

159 2635 426 2707 ρευὸμενα
447 2636 514 2688 ὲκ
537 2634 634 2706 τῆς
658 2635 898 2705 καρδίας.

230 2753 449 2808 Titulus
465 2753 789 2824 praepositus
801 2754 1042 2809 continet
1067 2775 1079 2809 :
1113 2753 1360 2809 Psalmus
1387 2755 1576 2821 David,
1602 2756 1774 2810 exitus
1795 2773 1822 2811 ο
1838 2755 2172 2811 tabernaculo
2199 2772 2220 2810 :
2243 2771 2437 2827 nempe
2459 2755 2709 2812 Psalmus
2731 2770 2762 2809 a
2777 2755 2979 2810 Davide
3005 2755 3184 2810 dictus
3206 2761 3290 2810 est
3314 2753 3383 2808 de

158 2852 221 2908 iis
259 2867 382 2922 quae
423 2851 657 2923 quisque
693 2854 852 2910 debet
895 2854 1090 2909 oﬁ‘erre
1137 2855 1268 2921 Deo,
1304 2857 1444 2910 bona
1488 2871 1552 2911 ex
1613 2855 1790 2928 corde.
1821 2871 1946 2923 suo,
1980 2869 2144 2926 opere
2175 2862 2229 2909 et
2255 2869 2505 2910 sermone
2531 2871 2546 2918 ;
2572 2870 2639 2910 ex
2663 2853 2826 2910 corde
2853 2851 3000 2906 enim
3033 2851 3216 2906 omnia
3255 2866 3383 2905 uro-

157 2949 372 3007 cedunt.
408 2953 532 3010 [deo
559 2955 734 3024 inquit
761 2970 774 3006 :
812 2953 1002 3008 Exitus
1025 2970 1052 3006 ε
1082 2951 1439 3018 tabernaculo,
1462 2967 1654 3021 nempe
1681 2951 1934 3008 exeuntia
1963 2967 2032 3007 ex
2064 2953 2253 3008 corde.

225 3068 276 3121 1.
305 3067 381 3138 (5)
406 3069 547 3131 Τοὺς
576 3067 902 3130 ἀποστόλους
929 3066 1099 3136 λέγει.

1098 3107 1099 3115 η
1747 3080 1790 3138 ο
1891 3065 1945 3121 1.
1986 3065 2277 3134 Apostolus
2299 3064 2589 3135 signiﬁcat.

222 3158 276 3213 2.
301 3159 444 3222 Τοὺς
477 3157 722 3229 μαθητὰς
741 3158 849 3211 τῶν
874 3157 1206 3211 ἀποστόλων.

1896 3157 1952 3213 2.
1981 3157 2286 3228 Discipulos
2311 3159 2701 3228 apostolorum.

223 3251 276 3304 3.
303 3249 410 3303 Τὸν
430 3250 491 3314 ἐξ
533 3249 797 3303 Ἰουδαίων
827 3249 920 3303 καὶ
959 3248 1017 3314 ἐξ
1055 3249 1223 3302 ὲθνῶν
1253 3249 1402 3304 λαόν.

1897 3249 1951 3304 5.
1977 3247 2244 3319 Populum
2266 3264 2331 3304 ex
2352 3247 2554 3306 Judmis
2580 3259 2634 3306 et
2662 3250 2930 3320 gentibus.

224 3340 274 3394 4.
307 3341 451 3403 Τοὺς
484 3339 876 3403 πιστεύσαντας
906 3339 984 3410 τῷ
1013 3339 1222 3410 Κυρίῳ,
1264 3341 1357 3394 καὶ
1397 3339 1715 3405 ἐλπίσαντας

1897 3341 1953 3394 4.
1995 3338 2294 3397 Credentes
2338 3339 2609 3404 Domino,
2642 3351 2696 3396 et
2743 3342 2797 3396 in
2848 3341 2968 3411 ejus
2999 3340 3218 3396 nomine
3263 3354 3382 3410 spc-

162 3434 233 3504 τῷ
258 3435 486 3504 ὀνόματι
511 3432 699 3488 αὐτοῦ.

539 3432 699 3488 ιῠτοῠ.
1828 3438 2030 3486 rantes.

223 3528 276 3582 5.
314 3528 407 3580 Ἐν
437 3528 502 3598 τῇ
529 3525 641 3579 ἄνω
673 3524 1041 3596 Ἰερουσαλήμ.

1901 3523 1956 3577 5.
1984 3521 2038 3574 1η
2069 3537 2302 3592 superna
2331 3523 2653 3578 Jerusalem.

222 3616 276 3672 6.
306 3615 384 3668 Τδ
408 3616 667 3686 κήρυγμα
688 3615 766 3678 είς
791 3615 860 3666 τὰ
886 3612 1033 3684 ἔθνη.

1901 3613 1954 3668 6.
1981 3613 2300 3668 Praedicatio
2333 3613 2388 3667 in
2417 3614 2689 3684 gentibus.

223 3709 276 3762 'I.
315 3706 394 3759 Τὸ
414 3705 641 3776 Πνεῦμα
657 3706 718 3759 τὸ
742 3705 895 3775 ἅγιον
921 3704 1018 3777 τὴν
1043 3703 1237 3758 ἑαυτοῦ
1267 3703 1572 3776 παρουσίαν
1625 3705 1714 3758 em

1901 3703 1953 3758 7.
2002 3703 2236 3773 Spiritus
2274 3712 2495 3759 sanctus
2542 3705 2628 3760 sui
2672 3704 2842 3774 ipsius
2883 3703 3176 3758 adventum
3225 3716 3389 3773 super

162 3799 280 3862 τοὺς
298 3797 654 3861 ἀποστόλους.

640 3837 654 3852 .
1830 3797 2131 3868 apostolos.

222 3890 277 3946 8.
329 3890 562 3960 Ὁμοίως
587 3893 647 3943 ὲν
675 3892 787 3954 τοῖς
823 3889 998 3944 ἔθνεσι
1017 3890 1078 3943 τὺ
1102 3891 1364 3962 κήρυγμα
1387 3889 1576 3945 αὐτοῦ.

1501 3889 1576 3945 aii.
1900 3889 1955 3944 8.
1984 3889 2112 3944 Item
2143 3889 2261 3959 ejus
2287 3886 2600 3958 praedicatio
2632 3885 2687 3939 in
2721 3885 2992 3956 gentibus.

219 3981 276 4036 9.
309 3981 386 4034 Τδ
407 3981 668 4052 κήρυγμα
690 3980 852 4034 αὑτοῦ
873 3979 1040 4034 ποιῶν
1066 3980 1140 4049 (4)
1170 3981 1446 4051 δυνάμεις.

1900 3981 1953 4034 9.
1983 3979 2114 4048 Ejus
2136 3979 2447 4050 praedicatio
2478 3976 2685 4031 iaciens
2717 3976 2963 4032 virtutes.

227 4073 317 4128 10.
353 4072 426 4126 Τδ
444 4073 613 4142 ὄνομα
641 4072 843 4144 Κυρίου
867 4071 1300 4144 ὲνδοξαξόμενον.

1901 4071 1990 4126 10.
2016 4069 2218 4126 Nomen
2256 4069 2468 4124 Domini
2497 4067 2876 4137 gloriﬁcatum.

229 4164 317 4218 11.
352 4165 492 4227 Τοὺς
521 4163 777 4234 δαίμονας
804 4163 972 4232 λέγει.

1909 4165 1992 4219 ll.
2034 4163 2317 4218 Daemones
2337 4161 2626 4232 signiﬁcat.

229 4258 319 4313 12.
344 4257 485 4321 Τοὺς
509 4256 857 4320 διδασκάλους
891 4255 1000 4310 τῶν
1049 4255 1318 4310 Ἰουδαίων
1337 4256 1508 4325 λέγει.

1497 4297 1508 4312 .
1907 4254 1996 4309 12.
2041 4252 2322 4324 Signiﬁcat
2343 4253 2632 4321 magistros
2656 4251 2988 4307 Iudaeorum.

230 4351 318 4404 15.
356 4349 544 4411 Οὕτως
581 4347 856 4420 συντρίψει
879 4349 1005 4411 τοὺς
1025 4347 1290 4419 ἄρχοντας
1319 4348 1416 4402 καὶ
1462 4349 1554 4402 τὸν
1595 4348 1721 4402 λαὸν

1906 4343 1989 4397 15.
2039 4341 2116 4397 lta
2149 4341 2452 4410 confringet
2494 4342 2765 4410 principes
2815 4353 2868 4397 et
2912 4343 3139 4412 populos
3183 4344 3397 4400 Judaeu-

161 4443 269 4496 τῶν
307 4441 600 4504 Ἰουδαίων,
637 4439 712 4504 ὡς
740 4439 936 4510 μόσχον
957 4439 1016 4493 ὃν
1043 4439 1300 4510 ἐποίησαν
1325 4441 1383 4493 ἐν
1405 4442 1470 4510 τῇ
1511 4441 1652 4511 ὲρήμ

1907 4450 1975 4496 m,
2005 4443 2064 4487 ut
2092 4433 2344 4498 vitulum,
2394 4447 2556 4502 quem
2597 4434 2650 4485 in
2682 4448 2866 4488 eremo
2898 4433 3155 4502 fecerant,
3187 4435 3398 4508 Moyses

161 4535 220 4586 δν
249 4533 506 4588 ἑλέπτυνε
526 4531 792 4603 Μωῦσῆς.

686 4531 792 4603 τῆς.
1833 4524 2177 4580 comminuit.

233 4622 321 4676 14.
351 4622 463 4675 Καί⁵
487 4621 517 4672 ὁ
560 4619 684 4683 λαὸς
715 4622 745 4672 ό
770 4618 957 4680 πιστὸς
1004 4617 1117 4687 ἔχει
1161 4617 1302 4671 κατὰ
1343 4618 1438 4670 τοῦ
1467 4615 1723 4688 μετώπου

1907 4615 1993 4670 14.
2024 4613 2090 4667 Et
2116 4615 2350 4684 populus
2380 4615 2553 4672 ﬁdelis
2591 4617 2751 4672 habet
2792 4619 2848 4673 in
2877 4617 3056 4675 fronte
3099 4635 3197 4676 sua
3227 4635 3398 4676 cornu

165 4714 328 4768 αὐτοῦ
350 4713 518 4784 κέρας
544 4710 768 4782 ὑψηλὸν,
792 4711 868 4774 ὼς
888 4711 1002 4774 υίὸς
1028 4709 1434 4781 μονόκερώτων.

1295 4727 1434 4762 ιτων.
1833 4704 2123 4771 elevatum,
2153 4714 2212 4758 ut
2243 4705 2387 4762 ﬁlius
2422 4707 2786 4763 unicornium.

239 4804 323 4862 15.
354 4804 486 4858 Ὅτε
517 4797 638 4856 εἷπε
674 4799 752 4872 τῷ
799 4800 967 4873 λῃστῇ
986 4815 1002 4832 ο
1029 4799 1165 4854 Μετ’
1193 4799 1340 4869 ἐμοῦ
1378 4798 1492 4868 ἔσῃ
1531 4799 1600 4852 ἐν
1647 4797 1725 4862 τῷ

1909 4796 1992 4850 15.
2034 4794 2264 4862 Quando
2303 4799 2441 4854 dixit
2473 4799 2708 4857 latroni:
2751 4801 2922 4856 Hodie
2971 4819 3176 4857 mecum
3208 4804 3314 4858 eris
3349 4803 3400 4856 iu

164 4896 527 4964 παραδείσῳ.

1834 4886 2085 4956 paradiso
2109 4888 2178 4945 ⁸¹.

236 4986 317 5041 16.
356 4987 636 5058 ’Δκίνητον
658 4985 787 5042 ὅντα
811 4985 903 5039 τὸν
927 4983 1127 5056 κόσμον
1153 4987 1251 5057 τῆς
1281 4983 1723 5055 είδωλολατρειας

1912 4979 1994 5033 l6.
2025 4977 2308 5045 Mundum,
2344 4982 2440 5051 qui
2468 4981 2536 5036 ab
2566 4982 2873 5040 idololatria
2899 4987 3145 5042 amoveri
3171 4999 3277 5041 non
3305 4999 3403 5056 po-

169 5081 474 5150 μετήγαγεν
497 5080 578 5142 εἰς
617 5078 797 5132 πίστιν
817 5079 846 5132 ό
873 5077 1030 5146 λόγος
1049 5076 1228 5130 αὐτῶν
1261 5077 1365 5147 (5).

1837 5077 1996 5134 terat,
2033 5084 2217 5126 sermo
2239 5073 2616 5142 apostolorum
2645 5075 2885 5132 traduxit
2915 5077 2972 5132 in
2992 5075 3174 5132 ﬁdem.

227 5258 274 5291 “
297 5257 434 5313 Luc.
465 5272 626 5325 xxnr,
665 5255 755 5311 45.

1112 5411 1414 5477 Addenda
1454 5419 1515 5476 et
1556 5407 1928 5490 corrigenda
1960 5426 2038 5473 ex
2069 5411 2210 5473 cod.
2257 5409 2460 5472 Vatic.

233 5585 308 5658 (1)
342 5583 533 5658 ξΗΑδιὰ
548 5585 648 5655 τῆς
684 5581 1050 5654 κινναϐάρεως
1083 5599 1208 5653 περ.
2009 5573 2243 5658 [μειοῦν-3

233 5648 310 5719 ('2)
339 5655 469 5708 τοῦ.
605 5648 617 5655 ’
917 5648 929 5654 ’
1154 5648 1166 5653 ⁷
1903 5648 1978 5715 (5)
2015 5648 2208 5699 Αὑτοῦ.

233 5723 309 5798 (3)
335 5723 402 5780 Ν.
438 5727 486 5781 1.
519 5726 580 5780 Οί
601 5723 846 5793 ἄγγελοι.
