3776 6272
356 233 496 328 τιεί
1257 267 1315 324 s.
1357 267 1727 323 ATIIANASII
1759 265 1908 322 om».
1951 265 2132 320 rans
2172 264 2258 321 Ill.
2299 293 2366 306 —
2393 264 2802 324 EXEGETICA.
3513 267 3616 324 752

451 381 554 438 -17,
593 380 658 435 Et
681 380 1040 436 commovebit
1068 380 1329 437 Dominus
1361 353 1631 438 desertum
1672 380 1866 437 Cades.

1981 385 2029 441 Α
2128 379 2214 432 17.
2247 381 2355 432 Και
2393 379 2660 433 συσσείσει
2687 377 2890 450 Κύριος
2917 377 3016 448 τὴν
3048 376 3250 448 ἔρημον
3270 377 3472 449 Κάδης.

455 475 495 526 “4
510 474 561 528 8.
594 471 706 526 Vox
745 473 952 527 Domini
980 475 1332 544 praeparantis
1363 489 1553 530 cervos
1580 495 1591 529 :

2131 470 2216 524 18.
2243 471 2396 541 Φωνὴ
2426 471 2628 542 Κυρίου
2663 468 3092 539 καταρτιζομένη
3129 468 3357 538 ἐλάφους
3376 485 3392 501 ο

471 565 556 620 19.
587 564 652 618 Et
678 565 936 619 revelabit
957 564 1251 620 condensa.

2131 563 2216 616 19.
2252 563 2359 615 Καὶ
2393 561 2729 631 ἀποκαλύψει
2759 561 3013 632 δρυμούς.

467 655 558 708 20.
590 653 654 708 Et
685 655 738 708 in
768 655 967 725 templo
989 655 1108 726 ejus
1142 671 1332 712 omnes
1363 657 1547 712 dicent
1571 657 1819 730 gloriam.

2130 655 2222 710 20.
2246 655 2354 708 Καὶ
2383 657 2438 708 ὲν
2460 654 2535 726 τῷ
2561 654 2674 725 ναῷ
2705 652 2867 706 αὐτοῦ
2895 655 3000 718 πᾶς
3030 671 3112 716 τις
3129 652 3275 722 λέγει
3299 652 3473 718 δόξαν.

467 747 557 800 21.
591 745 856 802 Dominus
888 747 1152 802 diluvium
1188 749 1493 806 inhabitare
1514 750 1714 806 faciet:

2131 746 2194 799 21
2208 791 2219 802 .
2240 745 2439 816 Κύριος
2459 745 2548 798 τὸν
2575 743 2954 815 κατακλυσμὸν
2977 747 3266 798 κατοικιεῖ·

466 837 558 890 22.
588 836 653 890 Ει
685 837 891 892 sedebit
926 835 1188 895 Dominus
1219 855 1311 894 rex
1342 840 1396 894 in
1427 848 1710 895 aeternum.

2133 839 2223 892 22.
2255 839 2362 892 Kal.
2395 837 2660 891 καθιεῖται
2685 835 2884 909 Κύριος
2907 835 3156 906 βασιλεὺς
3185 837 3264 901 εἰς
3306 836 3397 889 τὸν
3427 835 3615 889 αἰῶνα.

466 925 559 980 25.
601 925 862 982 Dominus
886 929 1137 983 virtutem
1162 929 1359 998 populo
1393 943 1492 983 suo
1516 929 1690 992 dabit,

2127 931 2222 986 23.
2253 929 2453 1001 Κύριος
2477 930 2629 1000 ἰσχὺν
2661 928 2737 1000 τῷ
2768 927 2882 999 λαῷ
2919 927 3081 981 αύτοῦ
3109 927 3268 980 δώσει
3288 965 3303 991 .

469 1020 558 1074 24.
593 1020 854 1075 Dominus
887 1020 1165 1076 benedicet
1194 1021 1393 1090 populo
1425 1036 1525 1076 suo
1556 1021 1608 1074 in
1642 1036 1793 1090 pace.

2129 1021 2218 1076 24.
2249 1021 2451 1093 Κύριος
2480 1021 2759 1093 εύλογήσει
2791 1019 2880 1073 τὸν
2914 1019 3038 1074 λαὸν
3057 1020 3222 1072 αὑτοῦ
3249 1021 3305 1071 ἐν
3339 1020 3547 1092 εἰρήνῃ.

466 1131 532 1186 In
557 1132 733 1202 ﬁnem.
773 1131 1019 1186 Psalmus
1045 1133 1239 1187 cantici
1267 1133 1324 1185 in
1344 1131 1675 1187 dedicatione
1702 1134 1887 1187 donius

2124 1136 2228 1202 Εἰς
2259 1134 2324 1188 τὸ
2355 1134 2550 1200 τέλος,
2589 1132 2830 1202 ψαλμὸς
2852 1130 3012 1200 ᾠδῆς
3031 1131 3138 1185 τοῦ
3165 1128 3550 1200 ἐγκαινισμοῦ

847 1225 1034 1280 David.
1069 1223 1270 1280 PSAL.
1299 1223 1519 1278 XXIX.

2389 1225 2497 1278 τοῦ
2518 1223 2686 1276 οἶκου
2709 1221 2901 1276 Δαϐίδ.
2948 1225 3119 1278 ΨΑΛ.
3144 1223 3271 1275 ΚΩ.

474 1343 524 1394 1.
555 1340 813 1394 Exaltabo
850 1348 921 1405 te,
946 1337 1192 1404 Domine,
1221 1338 1479 1407 quoniam
1514 1337 1798 1406 suscepisti
1832 1353 1917 1392 me
1943 1354 1957 1392 ι

1849 1353 1917 1392 ne
1943 1354 1957 1392 :
2135 1337 2184 1390 1.
2229 1335 2455 1406 ’Υψώσω
2495 1353 2575 1400 σε,
2605 1336 2798 1409 Κύριε,
2832 1335 2914 1388 ὅτι
2941 1333 3206 1397 ὑπέλαϐές
3234 1351 3301 1404 με
3328 1351 3340 1364 ·

468 1433 523 1486 2.
554 1430 661 1485 Nec
693 1430 971 1487 delcctasti
1006 1428 1255 1483 inimicos
1282 1443 1430 1482 meos
1465 1443 1628 1497 super
1655 1443 1761 1482 me.

2131 1430 2182 1482 2.
2218 1430 2325 1482 Kal.
2354 1429 2452 1482 ούκ
2479 1428 2752 1499 εὔφρανας
2777 1429 2901 1491 τοὺς
2921 1427 3146 1498 ἐχθρούς
3176 1443 3276 1498 μου
3303 1426 3390 1479 ἐπ’
3425 1425 3543 1496 ὲμὲ.

471 1523 525 1576 5.
557 1522 782 1576 Domine
830 1520 973 1576 Deus
1018 1535 1194 1586 meus,
1224 1520 1453 1575 clamavi
1493 1519 1559 1574 ad
1591 1527 1662 1585 te,
1707 1527 1762 1574 et
1803 1533 1961 1574 sana-

2132 1519 2186 1574 5.
2216 1518 2386 1590 Κύριε
2405 1521 2434 1573 ό
2461 1518 2592 1582 Θεός
2617 1535 2738 1589 μου,
2774 1516 3046 1589 ἐκέκραξα
3069 1517 3204 1588 πρὸς
3235 1517 3315 1582 σὲ,
3355 1516 3450 1569 καὶ
3484 1517 3619 1570 ἰάσω

404 1615 472 1667 sti
500 1629 606 1667 me.

2067 1629 2153 1684 με.

473 1707 526 1762 4.
558 1706 807 1771 Domine,
836 1704 1069 1761 eduxisti
1101 1705 1170 1760 ab
1197 1702 1411 1760 inferno
1439 1703 1674 1758 animam
1707 1716 1880 1756 meam
1911 1720 1923 1754 :

1993 1729 2036 1784 Β
2132 1703 2186 1757 4.
2213 1702 2406 1773 Κύριε,
2434 1702 2706 1774 ἀνήγαγες
2731 1700 2790 1766 ἐξ
2816 1701 2940 1773 ᾆδου
2977 1700 3072 1772 τὴν
3092 1700 3268 1771 ψυχήν
3304 1717 3407 1769 μου
3427 1715 3439 1728 ·

470 1799 525 1851 5.
567 1797 794 1852 Salvasti
820 1813 908 1853 me
937 1813 967 1852 a
1005 1796 1460 1853 descendentibus
1483 1795 1536 1849 in
1569 1795 1768 1849 lacum.

2133 1793 2184 1847 5.
2219 1793 2465 1857 Ἐσωσάς
2493 1811 2557 1865 με
2574 1795 2680 1847 ἀπὸ
2707 1793 2815 1846 τῶν
2840 1792 3268 1847 καταϐαινόντων
3285 1792 3365 1855 εἰς
3396 1791 3618 1846 λάκκον.

475 1889 526 1942 6.
562 1887 777 1944 Psallile
803 1887 1052 1949 Domino.
1084 1888 1256 1942 sancti
1291 1886 1453 1955 ejus;

2131 1884 2184 1938 6.
2225 1885 2442 1956 Ψὰλατε
2470 1884 2548 1954 τῷ
2579 1885 2789 1956 Κυρίῳ,
2827 1887 2876 1938 οἱ
2904 1885 3038 1938 ὅσιοι
3071 1883 3235 1938 αὐτοῦ
3257 1899 3269 1912 ·

475 1977 524 2030 7.
558 1976 619 2032 Et
658 1977 988 2032 confitemini
1031 1976 1306 2031 memoria:
1343 1971 1712 2046 [memoriam]
1765 1973 1960 2028 sancti-

2133 1977 2181 2029 7.
2214 1978 2322 2031 Καὶ
2347 1977 2748 2047 ἐξομολογεῖσθε
2770 1979 2833 2048 τῇ
2865 1978 3050 2048 μνήμῃ
3082 1974 3210 2048 [τὴν
3239 1973 3491 2047 μνήμην]
3521 1971 3624 2045 τῆς

399 2068 528 2122 tatis
560 2069 682 2139 ejus
712 2088 725 2124 :

2057 2068 2363 2138 ἁγιωσύνης
2398 2069 2583 2122 αὐτοῦ.

1513 2223 1881 2280 ATHANASII
1919 2223 2503 2281 INTEBPRETATIO.

472 2392 558 2446 17.
612 2390 786 2446 Cades
843 2387 1229 2457 interpretatur
1287 2387 1634 2440 illuminata:
1701 2384 1963 2439 mundum

2155 2383 2240 2438 17.
2270 2383 2457 2455 Κάδης
2481 2382 2836 2457 ἑρμηνεύεται
2859 2382 3257 2452 διηλλαγμένη
3278 2383 3353 2454 (1)
3374 2398 3388 2414 ·
3413 2383 3504 2437 τὸν
3532 2383 3625 2438 κό-

398 2483 564 2552 igitur
593 2481 891 2554 signiﬁcat,
916 2494 1077 2550 quem
1115 2479 1392 2534 transtulit
1443 2478 1497 2532 in
1544 2477 1629 2533 sui
1657 2477 1828 2546 ipsius
1874 2492 1889 2532 (

2130 2491 2198 2529 ιον
2226 2470 2317 2529 οὖν
2347 2475 2526 2544 λέγει,
2556 2475 2614 2529 ὃν
2649 2475 2938 2547 μετέϐαλεν
2968 2476 3044 2538 εἰς
3075 2476 3364 2542 ἐπίγνωσιν
3401 2476 3621 2532 ἑαυτοῦ.

394 2573 719 2643 gnitionem.

475 2662 562 2717 18.
595 2663 906 2732 Apostolos.

2133 2651 2220 2706 18.
2244 2653 2383 2716 Τοὺς
2399 2652 2746 2717 ἀποστόλους.

474 2755 560 2809 19.
596 2755 795 2811 Gentes
822 2756 1113 2827 signiﬁcat.

2131 2741 2218 2796 19.
2250 2741 2332 2794 Τὰ
2373 2741 2498 2813 ἔθνη
2533 2742 2698 2809 λέγει.

465 2846 556 2900 20.
597 2845 662 2900 Ει
687 2862 879 2903 omnes
905 2848 960 2902 in
991 2849 1111 2918 ejus
1143 2850 1344 2920 templo
1367 2847 1750 2922 gloriﬁcabunt
1772 2861 1918 2904 eum.

2130 2831 2216 2885 20.
2241 2833 2349 2886 Καὶ
2374 2833 2572 2897 πάντες
2593 2837 2650 2887 ὲν
2675 2834 2752 2905 τῷ
2780 2833 2891 2906 ναῷ
2915 2833 3076 2888 αὐτοῦ
3095 2834 3404 2903 δοξάσουσιν
3440 2837 3621 2894 αὐτόν.

467 2939 557 2992 21.
589 2937 926 3007 Baptismum
958 2942 1250 3012 signiﬁcat.

2129 2924 2220 2979 2|.
2256 2925 2329 2977 Τὸ
2353 2924 2634 2997 βάπτισμα
2670 2926 2841 2995 λέγει.

466 3031 555 3084 22.
592 3031 646 3084 In
670 3032 809 3087 coelo
831 3043 884 3088 et
913 3035 966 3086 in
994 3043 1161 3089 terra.

2130 3016 2220 3070 22.
2269 3017 2356 3069 Ἐν
2379 3017 2456 3088 τῷ
2483 3017 2695 3090 οὐρανῷ
2725 3019 2819 3072 καὶ
2841 3020 2899 3072 ὲν
2926 3022 2992 3090 τῇ
3019 3022 3110 3090 γῇ.

465 3122 556 3175 25.
585 3121 850 3190 Spiritum
877 3135 1124 3186 sanctum
1155 3126 1444 3196 signiﬁcat.

2133 3107 2222 3163 25.
2258 3107 2331 3160 Τὸ
2360 3107 2581 3178 Πνεῦμα
2613 3109 2673 3162 τὸ
2701 3110 2853 3178 ἆγιον
2876 3110 3040 3178 λέγει.

465 3210 555 3263 24.
596 3209 754 3266 Pater
790 3213 842 3267 in
873 3197 1009 3269 Filio
1039 3230 1140 3269 suo
1169 3215 1417 3270 ﬁdelibus
1451 3211 1751 3270 bene'dicet.

2140 3198 2224 3252 24.
2268 3200 2325 3251 '0
2348 3198 2534 3270 Πατὴρ
2561 3203 2618 3253 ὲν
2649 3200 2724 3270 τῷ
2752 3201 2866 3272 ΥΞῷ
2890 3202 3052 3256 αὐτοῦ
3069 3201 3348 3273 εύλογήσει
3378 3203 3504 3264 τοὺς
3539 3220 3631 3257 πι-

2069 3289 2248 3353 στούς.

479 3425 542 3477 Ἦ
593 3429 927 3499 προκειμένη
982 3431 1260 3502 επιγραφὴ
1323 3431 1597 3504 περιέχειο
1649 3433 1753 3497 Εἰς
1777 3429 1842 3483 τὸ
1875 3428 2068 3495 τέλος,
2126 3427 2368 3498 ψαλμὸς
2409 3428 2567 3498 ᾠδῆς
2612 3429 2717 3484 τοῦ
2767 3430 3153 3501 ἐγκαινισμοῦ
3180 3430 3285 3485 τοῦ
3314 3432 3483 3486 οἴκου
3517 3430 3630 3487 τοῦ

396 3519 590 3576 Δαϐίδ.
629 3520 798 3576 Τοῦτο
821 3519 912 3577 οὖν
935 3524 1079 3595 λέγει
1107 3543 1119 3559 ·
1163 3528 1222 3580 '0
1249 3527 1460 3599 ψαλμὸς
1492 3529 1591 3599 τῆς
1626 3527 1768 3598 ᾠδῆς
1805 3525 2008 3598 ταύτης
2033 3527 2265 3596 εἴρηται,
2301 3526 2486 3595 ἐπειδὴ
2513 3529 2591 3590 εἰς
2621 3527 2681 3579 τὸ
2706 3528 2856 3591 τέλος
2883 3529 2977 3582 τοῦ
3019 3529 3209 3592 αἰῶνος
3253 3531 3624 3602 καινοποιήσει

394 3617 520 3680 τοὺς
549 3617 770 3680 πιστοὺς
804 3619 1009 3684 πάντας
1027 3623 1054 3674 ὁ
1078 3622 1300 3694 Κύριος,
1338 3623 1573 3686 ἀναστὰς
1603 3625 1666 3676 ὲκ
1692 3620 1902 3693 νεκρῶν
1921 3637 1936 3652 ο
1965 3617 2111 3684 οἶκος
2140 3621 2248 3692 γὰρ
2274 3619 2437 3674 αὑτοῦ
2469 3623 2627 3692 ἡμεῖς
2644 3624 2828 3693 ἐσμεν,
2867 3623 3044 3688 καθὼς
3083 3621 3229 3677 εἶπεν
3250 3640 3262 3653 ⁸
3298 3625 3625 3691 Ἐνοικήσω

395 3707 466 3760 ἐν
485 3703 646 3771 αὐτῷ
678 3707 774 3760 καὶ
806 3708 1286 3781 ἐμπεριπατήσω,
1309 3715 1402 3768 καὶ
1429 3716 1508 3768 ὅτι
1536 3715 1633 3786 τὴν
1665 3712 1937 3784 βασιλείαν
1960 3711 2121 3766 αὑτοῦ
2156 3713 2365 3781 εἰσάγει
2392 3711 2587 3777 αὐτούς
2625 3712 2724 3786 (2).

467 3822 681 3877 Titulus
707 3829 1026 3893 prmpositus
1054 3831 1324 3886 continet:
1345 3829 1412 3884 In
1442 3832 1595 3900 ﬁnem
1617 3831 1852 3899 psalmus
1874 3830 2068 3883 cantici
2097 3830 2154 3883 in
2172 3828 2646 3895 dedicatione/seu
2669 3831 3040 3899 renovatione,
3067 3833 3251 3887 domus
3284 3833 3477 3888 David.
3502 3831 3626 3890 Hoc

397 3917 561 3986 igitur
599 3921 905 3993 signiﬁcat:
941 3920 1189 3976 Psalmus
1229 3923 1426 3978 cantici
1465 3924 1628 3994 hujus
1671 3926 1848 3979 dictus
1891 3932 1993 3988 est,
2028 3924 2155 3993 quia
2188 3923 2241 3976 in
2275 3923 2456 3978 smeuli
2485 3922 2591 3978 ﬁne
2620 3923 2884 3980 Dominus
2932 3927 3210 3980 renovabit
3247 3943 3434 3982 omnes
3482 3927 3620 3982 iide~

396 4012 495 4075 les,
539 4014 880 4070 exsuscitans
924 4029 1020 4069 eos
1046 4030 1076 4068 a
1112 4017 1360 4072 mortuis.
1393 4015 1595 4073 Domus
1629 4018 1774 4072 enim
1803 4019 1923 4086 ejus
1966 4033 2066 4070 nos
2105 4033 2318 4081 sumus,
2370 4019 2829 4088 quemadmodum
2858 4020 3036 4076 dixit:
3084 4021 3397 4076 Inhabitabo
3433 4025 3490 4077 in
3532 4041 3619 4092 eo,

391 4119 440 4160 et
464 4108 798 4163 inambulabo
821 4110 889 4176 ",
918 4119 972 4166 et
1007 4111 1268 4180 quoniam
1301 4112 1355 4166 in
1382 4129 1607 4184 regnum
1636 4130 1794 4170 suum
1828 4113 2142 4170 introducet
2170 4129 2285 4169 eos.

462 4225 515 4278 1.
548 4221 872 4280 Gloriﬁcabo
890 4235 962 4290 te,
987 4223 1234 4290 Domine,
1265 4228 1524 4297 quoniam
1550 4230 1917 4284 restaurabor.

1976 4232 2019 4287 D
2118 4228 2170 4283 1.
2203 4228 2419 4297 Δοξάσω
2453 4247 2533 4293 σε,
2564 4230 2758 4304 Κύριε,
2797 4233 2877 4285 ὃτι
2915 4233 3312 4293 ἀνακαλέσομαι
3346 4235 3443 4305 (5).

458 4317 512 4372 2.
548 4317 867 4376 Contrarias
895 4327 1214 4388 potestates.

2121 4318 2177 4372 2.
2210 4319 2319 4382 Τὰς
2340 4321 2586 4386 ἐναντίας
2613 4323 2887 4392 δυνάμεις.

459 4409 512 4461 5.
547 4406 624 4462 Ex
654 4407 820 4463 corde
849 4423 968 4464 meo
993 4409 1244 4465 clamavi.

2124 4411 2178 4465 ’5.
2227 4412 2318 4465 Ἐκ
2343 4413 2444 4484 τῆς
2474 4416 2701 4486 καρδίας
2723 4433 2822 4486 μου
2851 4415 3139 4486 ἐκέκραξα.

457 4497 511 4549 1.
538 4495 580 4549 Ε
619 4507 865 4566 peccato.

2126 4505 2160 4558 4
2221 4507 2312 4560 Ἐκ
2332 4509 2431 4578 τῆς
2458 4511 2733 4581 ἁμαρτίας
2759 4511 2853 4580 (4).

543 4588 589 4638 Α
621 4587 981 4644 daemonibus.

2124 4595 2176 4650 5.
2213 4598 2331 4650 Τῶν
2359 4600 2644 4670 δαιμόνων.

452 4675 510 4726 6.
545 4673 727 4730 Mundi
753 4677 935 4732 corde.

2122 4687 2173 4740 6.
2213 4690 2273 4742 Οἱ
2311 4690 2386 4760 (5)
2417 4693 2647 4762 καθαροὶ
2678 4695 2743 4764 τῇ
2775 4693 2991 4766 καρδίᾳ.

463 4765 511 4819 7.
535 4765 677 4836 Cum
702 4781 797 4823 vos
829 4768 1044 4824 Domini
1070 4771 1440 4836 memineritis,
1466 4773 1767 4842 gloriﬁcate
1789 4789 1935 4828 eum.

2128 4777 2178 4833 7.
2223 4780 2308 4832 ’Ev
2332 4780 2408 4851 τῷ
2449 4783 2803 4854 μνημονεύειν
2823 4765 2966 4858 ὑμᾶς
2991 4785 3082 4839 τοῦ
3105 4787 3328 4858 Κυρίου,
3359 4783 3619 4851 δοξάσατε

2055 4867 2237 4925 αὐτόν.

458 5017 501 5050 ⁸⁸
530 5012 574 5070 ιι
605 5016 733 5072 Cor.
776 5032 848 5085 vr,
884 5018 971 5073 16.

1328 5174 1627 5237 Addenda
1674 5184 1733 5239 et
1761 5178 2134 5258 corrigenda
2167 5199 2244 5243 ex
2293 5183 2432 5244 cod.
2465 5184 2663 5248 Vatic.

563 5339 1136 5426 ’Eyim‘najpévqg.“
1554 5413 1579 5426 η
1629 5415 1642 5426 ι
1699 5415 1776 5426 Δ.-
2045 5350 2197 5426 λείαν
2220 5352 2680 5426 αὑτοῦνεισαγάγει
2702 5354 2916 5420 αύτούς.

456 5408 533 5470 (2)
571 5408 633 5460 Ἥ
651 5408 892 5490 ..διὰ-τῆς
920 5408 1288 5490 κινναϐάρεως
1316 5427 1463 5490 περ.
1511 5413 1590 5490 τῷ
1616 5415 1798 5490 Δαὸξδ.
1832 5426 1938 5473 etc.

1413 5427 1463 5480 ρ.
1511 5413 1590 5490 τῷ
1616 5415 1798 5490 Agere.
1832 5426 1938 5473 etc.
2119 5423 2194 5490 (δ)
2226 5423 2344 5476 Ὅτι
2366 5425 2464 5478 ἀν.
2495 5408 2758 5480 abstinui.
2781 5408 2901 5480 cori.

385 5475 808 5565 Ei‘pqcettiﬁé‘eigt
910 5481 1084 5564 asilo;
1103 5475 1682 5565 ,_'etc.,'éxatvo1to'irjoe
1732 5475 1940 5552 πάντας

382 5547 508 5641 fieri»;
538 5549 760 5641 nisa-aii;
787 5550 814 5600 ό
838 5549 1064 5636 ’Κύριοῆ
1091 5560 1202 5641 etc.
1219 5592 1234 5615 ,
1267 5547 1411 5641 οἶκος
1439 5552 1545 5636 γὰρ
1587 5547 1814 5641 eooeoo,“
1828 5547 1934 5611 etc.
2116 5547 2193 5616 353
2222 5547 2439 5618 Ψᾶλαῖτε
2473 5547 2551 5634 τῷ
2574 5547 2792 5641 Κυρίω,
2825 5565 2892 5631 οἱ,
2921 5577 3025 5622 etc.

395 5615 686 5687 Ἐνοικήσω
715 5618 772 5672 ὲν
795 5615 991 5684 αὐτοῖς,
1023 5621 1132 5687 καί,
1158 5629 1284 5689 etc.,
1321 5625 1412 5675 καὶ
1447 5615 1527 5676 ὂτί
1558 5625 1638 5688 εις
1666 5626 1764 5698 τὴν
1786 5615 1936 5697 βασι-τ
