3750 6400
159 482 241 538 755
989 470 1080 526 DE
1113 471 1388 530 TITULIS
1426 472 1876 530 PSALMCRUM.
1920 505 1986 515 —
2028 473 2224 530 PSAL.
2263 472 2454 527 XXIX.
3230 473 3332 530 75.1

211 591 254 648 8.
276 590 383 643 Ὀτι
411 587 547 659 ὀργὴ
573 589 633 640 ὲν
654 585 730 656 τῷ
759 583 912 655 θυμῷ
949 584 1112 638 αὐτοῦ
1133 624 1148 648 ,

1700 593 1744 645 Α
1841 587 1895 642 8.
1934 587 2202 653 Quoniam
2236 587 2316 640 ira
2347 587 2401 640 in
2434 585 2805 656 indignatione
2832 586 2946 656 ejus
2974 604 2988 653 ;

210 681 251 736 9.
277 679 372 733 Καὶ
402 677 512 748 ζωὴ
549 679 612 730 ὲν
642 676 720 748 τῷ
747 675 1010 746 θελήματι
1031 674 1216 732 αὐτοῦ.

1209 715 1216 732 .
1840 680 1891 732 9.
1924 679 1990 733 Et
2014 679 2122 732 vita
2148 679 2204 732 in
2235 678 2511 732 voluntate
2536 677 2690 747 ejus:

212 768 282 822 10.
312 767 376 820 Τὸ
397 767 638 838 ἑσπέρας
667 766 1046 839 αὑλισθήσεται
1078 767 1374 838 κλαυθμὸς,

1845 773 1933 827 10.
1966 772 2046 826 Ad
2079 786 2366 840 vesperum
2395 769 2768 825 demorabitur
2791 770 2983 825 ﬂetus:

209 859 279 912 11.
310 860 409 912 Καὶ
437 860 519 922 εἰς
550 858 612 910 τὺ
637 857 782 930 πρωὶ
801 857 1137 925 ἀγαλλίασις.

1840 865 1926 920 11.
1961 863 2026 918 Et
2055 864 2118 918 ad
2151 861 2475 917 matutinum
2504 861 2705 916 laetitia.

211 951 280 1004 12.
313 950 440 1019 Ἐγὼ
470 950 531 1004 δὲ
553 945 688 1004 εῐπα
731 952 790 1004 ἐν
818 952 884 1021 τῇ
915 949 1141 1021 εὐθηνίᾳ
1186 967 1316 1020 μου·
1364 951 1438 1003 Οὐ
1469 950 1544 1022 μὴ
1572 967 1668 1004 σα-

1844 955 1928 1008 12.
1975 953 2088 1024 Ego
2145 963 2325 1008 autem
2367 953 2478 1006 dixi
2529 952 2584 1006 in
2629 952 2962 1007 abundantia
2992 967 3132 1032 mea
3166 935 3325 1008 {Non

154 1040 290 1094 λευθῶ
313 1042 385 1104 εἰς
401 1041 490 1094 τὸν
514 1042 712 1096 αἰῶνα.

1769 1051 2028 1102 movclior
2058 1046 2111 1100 in
2139 1055 2419 1100 aeternum.

208 1129 276 1183 15.
309 1128 491 1201 Κύριε,
518 1135 579 1184 ἐν
606 1131 686 1203 τῷ
718 1131 978 1204 θελήματι
1011 1148 1104 1185 σου
1134 1132 1406 1202 παρέσχου
1446 1131 1522 1201 τῷ
1540 1130 1668 1186 κάλ-

1844 1140 1927 1194 15.
1962 1138 2210 1204 Domine,
2263 1138 2316 1192 in
2368 1137 2647 1193 voluntate
2693 1144 2782 1192 tua
2815 1123 3115 1207 prastitisti'
3145 1137 3325 1192 decori

154 1218 215 1271 λει
238 1236 322 1289 μου
351 1221 581 1292 δύναμιν
601 1237 617 1251 ’

1769 1247 1889 1287 meo
1917 1231 2168 1286 virtutem
2197 1248 2211 1285 :

206 1309 274 1363 14.
312 1310 685 1385 Ἀπὲστρεψας
719 1312 777 1366 δὲ
808 1311 868 1366 τὸ
896 1311 1182 1383 πρόσωπόν
1217 1330 1330 1378 σου,
1363 1313 1457 1366 καὶ
1485 1315 1670 1384 ἐγενή-

1842 1326 1926 1379 11.
1980 1323 2239 1380 Avertisti
2287 1322 2482 1379 faciem
2516 1333 2663 1378 tuam
2703 1337 2733 1376 a
2768 1337 2874 1389 me,
2905 1330 2958 1377 et
2999 1320 3177 1377 factus
3204 1337 3323 1377 sum

154 1400 227 1470 θην
250 1404 660 1474 τεταραγμένος.

1766 1415 2142 1473 conturbatus.

206 1495 273 1549 15.
299 1497 432 1568 Πρὸς
467 1497 550 1562 σὲ,
588 1497 784 1569 Κύριε,
810 1498 1147 1570 κεκράξομαι
1167 1514 1182 1530 ο

1837 1509 1924 1564 15.
1955 1507 2035 1562 Ad
2060 1515 2133 1572 te,
2168 1505 2412 1573 Domine,
2439 1506 2685 1561 clamabo
2714 1524 2728 1558 :

200 1588 270 1642 16.
295 1591 394 1643 Καὶ
413 1591 558 1661 πρὸς
589 1591 682 1644 τδν
706 1591 838 1644 Θεόν
873 1608 975 1662 μου
996 1591 1351 1663 δεηθήσομαι.

1838 1599 1926 1654 16.
1958 1598 2025 1652 Et.
2055 1597 2122 1652 ad
2152 1596 2322 1652 Deum
2347 1612 2527 1651 meum
2558 1596 2909 1665 deprecabor.

201 1680 268 1736 17.
299 1682 384 1746 Τίς
412 1682 660 1752 ὠφέλεια
687 1684 744 1736 ὲν
767 1683 845 1755 τῷ
866 1684 1056 1756 αἵματί
1091 1701 1214 1756 μου,
1239 1681 1387 1753 ὲντῷ
1415 1682 1670 1740 καταϐαί-

1848 1692 1926 1748 l7.
1951 1691 2083 1758 Quae
2114 1689 2322 1745 utilitas
2355 1689 2408 1743 in
2445 1689 2706 1758 sanguine
2737 1703 2877 1756 meo,
2903 1688 3030 1743 dum
3061 1685 3329 1743 descendo

151 1787 232 1823 νειν
255 1789 313 1842 με
341 1775 420 1837 εἰς
437 1771 778 1845 διαφθοράνς

1767 1785 1821 1840 in
1853 1781 2307 1854 corruptionem?

199 1862 269 1920 18.
293 1864 375 1936 Μὴ
402 1865 864 1936 ἐξομολογήσεται
892 1883 973 1919 σοι
1001 1865 1128 1936 χοῦς
1152 1883 1166 1896 ·

1696 1932 1740 1945 _
1842 1877 1926 1930 18.
1954 1873 2208 1945 Nunquid
2245 1872 2590 1928 conﬁtebitur
2619 1871 2716 1927 tibi
2750 1870 2924 1942 pulvis
2953 1889 2966 1935 ;

199 1953 266 2008 19.
295 1932 814 2028 Ἦαναγγελεί-τὴν
838 1932 1093 2028 ἀλήθειάν
1126 1975 1216 2010 σου
1243 1973 1258 2021 ;

1696 1932 1743 1992 Β
1844 1967 1930 2021 19.
1971 1932 2458 2021 Autbnnuntiabit
2478 1932 2768 2019 veritatem
2797 1932 2983 2017 tuam?

196 2044 268 2100 20.
302 2047 538 2101 Ἤκουσε
563 2048 790 2120 Κύριος,
827 2049 922 2102 καὶ
944 2048 1140 2119 ἠλέησὲ
1171 2065 1236 2119 με

1842 2056 1932 2111 20.
1973 2057 2194 2111 Audivit
2227 2056 2512 2123 Dominus,
2539 2063 2593 2110 et
2624 2055 2880 2109 misertus
2906 2062 2989 2108 est
3011 2051 3151 2107 mei:

194 2136 265 2189 ‘21.
293 2137 494 2209 Κύριος
521 2140 755 2211 ἐγενήθη
781 2139 971 2210 βοηθός
999 2157 1120 2210 μου.

1843 2148 1932 2202 21.
1967 2147 2228 2201 Dominus
2250 2146 2426 2202 factus
2456 2155 2540 2202 est
2563 2145 2778 2215 adjutor
2807 2135 2978 2200 meus.

191 2227 264 2283 ιι.
294 2231 602 2301 Ἐστρεψας
626 2231 718 2285 τὸν
750 2233 976 2286 κοπετόν
1011 2249 1110 2304 μου
1138 2233 1217 2296 εἰς
1250 2230 1423 2301 χαρὰν
1447 2229 1567 2301 ἐμοί
1586 2245 1601 2260 ο

1850 2240 1938 2294 22.
1957 2239 2285 2294 Convertisti
2309 2239 2586 2308 planctum
2616 2252 2797 2291 meum
2821 2236 2874 2290 in
2901 2235 3154 2306 gaudium
3175 2235 3331 2288 mihi.

194 2319 267 2373 ιιδ.
297 2323 599 2395 Διέρῤηξας
637 2324 729 2377 τὸν
781 2325 979 2379 σάκκον
1030 2343 1153 2396 μου,
1195 2325 1291 2378 καὶ
1329 2321 1667 2392 περιέζωσάς

1848 2331 1934 2383 25.
1968 2329 2296 2384 Conscidisti
2348 2344 2565 2384 saccqu
2596 2343 2796 2392 meum,
2829 2336 2884 2381 et
2927 2324 3329 2381 circumdedisti

144 2425 193 2477 με
224 2413 545 2487 εὐφροσύνην

1774 2437 1860 2476 me
1888 2422 2068 2475 laetitia
2095 2438 2107 2475 :

192 2506 266 2562 21.
291 2511 470 2577 Ὅπως
505 2515 576 2567 ἂν
597 2513 744 2585 ψάλῃ
776 2531 858 2569 σοι
880 2518 914 2588 ἡ
943 2516 1068 2582 δόξα
1095 2534 1218 2588 μου,
1249 2516 1343 2570 καὶ
1369 2515 1429 2568 οὐ
1469 2514 1543 2586 μὴ
1566 2533 1663 2568 κα-

1847 2513 1933 2567 24.
1987 2511 2058 2567 Ut
2102 2519 2284 2567 cantet
2345 2512 2437 2566 tibi
2481 2511 2651 2581 gloria
2698 2527 2856 2573 mea,
2911 2520 2963 2565 et
3019 2526 3124 2564 non
3179 2523 3328 2562 com-

138 2601 316 2669 τανυγῶ
335 2620 347 2633 ·

1773 2619 1982 2674 pungar
2006 2623 2018 2659 :

191 2692 266 2748 25.
295 2697 457 2770 Κύριε
479 2700 509 2753 ὁ
536 2698 677 2764 Θεός
706 2716 827 2772 μου,
859 2703 938 2766 εἰς
963 2702 1053 2757 τὸν
1082 2701 1250 2756 αἰῶνα
1280 2699 1667 2773 ἑξομολογήσοο

1849 2695 1937 2750 25.
1986 2696 2215 2752 Domine
2244 2696 2387 2753 Deus
2411 2711 2587 2762 meus,
2632 2697 2687 2750 in
2732 2704 2992 2750 aeternum
3029 2691 3330 2748 conﬁtebor

141 2785 216 2851 μαί
232 2803 321 2843 σοι.

1772 2789 1889 2846 tibi.

1225 2947 1596 3008 ATHANASII
1637 2948 2212 3006 lNTERPRETATIO.

194 3101 234 3155 8.
267 3106 343 3160 Ἑν
367 3112 430 3180 τῇ
455 3109 830 3182 ἀγανακτήσει
859 3111 1022 3166 αὑτοῦ
1052 3112 1187 3185 ὀργὴ
1217 3112 1524 3184 ἐπέρχεται,
1544 3111 1664 3165 καθ’

1849 3109 1897 3166 Β.
1923 3110 1981 3167 ln
2012 3111 2380 3182 indignatione
2417 3112 2535 3180 ejus
2575 3109 2653 3164 ira
2691 3105 2905 3163 advenit
2946 3105 2998 3160 in
3033 3102 3154 3158 illos
3198 3111 3330 3152 con-

137 3185 195 3245 ὧν
218 3197 518 3265 ἀγανακτεῖ.

1771 3211 1854 3257 tra
1879 3217 2021 3273 quos
2049 3202 2379 3274 indignatur.

191 3286 236 3339 9.
274 3288 356 3342 Ἐν
375 3295 496 3354 ταῖς
530 3291 776 3354 ἐντολαῖς
809 3293 996 3348 αὐτοῦ.

992 3334 996 3347 .
1842 3294 1896 3348 9.
1936 3295 1996 3348 In
2019 3294 2302 3366 praceptis
2335 3293 2473 3364 ejus.

192 3375 265 3492 10.
307 3380 390 3434 Ἐν
417 3385 482 3453 τῇ
508 3382 754 3454 ἁμαρτία
783 3384 977 3448 πένθος
1003 3387 1136 3441 ἐστί.

1125 3429 1136 3441 .
1295 3474 1313 3492 ἢ
1695 3430 1742 3492 c
1845 3383 2015 3492 10.12
2046 3394 2270 3454 peccato
2298 3385 2475 3440 luctus
2504 3391 2606 3438 est.

193 3464 266 3522 11.
298 3471 400 3524 Kal.
426 3473 481 3524 ἐν
505 3475 621 3534 τοῖς
651 3471 832 3542 ἔργοις
857 3473 950 3526 τοῦ
981 3474 1157 3544 φωτὸς
1186 3474 1520 3543 ἀγαλλίασις.

1428 3493 1520 3539 τις.
1695 3464 1742 3492 υ
1841 3474 1932 3530 11.
1970 3473 2037 3529 Ει
2063 3474 2118 3530 in
2158 3475 2413 3544 operibus
2439 3473 2576 3528 lucis
2602 3469 2909 3526 exsultatio.

194 3559 269 3615 12.
309 3561 442 3631 Ἐγὼ
470 3563 549 3628 δὲ,
574 3565 705 3617 ὅταν
733 3563 998 3636 ἥμαρτον,
1025 3565 1230 3635 ἔλεγοψ
1256 3567 1328 3620 Οὐ
1367 3567 1441 3638 μὴ
1465 3566 1662 3639 ἐπέλθῃ

1848 3565 1929 3621 12.
1966 3565 2075 3634 Ego
2106 3575 2284 3620 autem
2331 3581 2453 3620 cum
2505 3562 2763 3634 peccavi,
2812 3561 2966 3614 dixi:
3013 3556 3130 3611 Non
3169 3557 3329 3611 adve-

138 3646 206 3697 ὲπ’
227 3650 317 3720 ἐμὲ
353 3652 511 3706 κακά.

1769 3657 1925 3714 nient
1954 3658 2008 3711 in
2039 3672 2125 3712 me
2151 3658 2311 3711 mala.

197 3741 266 3795 ιδ.
298 3744 363 3797 Σὺ
386 3745 462 3808 δὲ,
486 3744 594 3816 πρὸ
621 3743 716 3798 τοῦ
766 3745 1027 3815 ἁμαρτεῖν
1057 3761 1144 3815 με,
1185 3743 1390 3808 ἔδωκας
1423 3747 1488 3816 τῇ
1521 3745 1664 3816 ψυχῇ

1845 3749 1932 3804 15.
1964 3747 2045 3803 Tu
2084 3757 2291 3813 autem,
2334 3747 2653 3818 priusquam
2689 3756 2989 3814 peccarcm,
3026 3737 3216 3792 dedisti
3265 3751 3326 3792 a-

140 3845 220 3894 μον
244 3833 333 3904 τὴν
360 3835 516 3905 χάριν
555 3851 673 3888 σου.

1772 3841 1934 3896 nimze
1962 3855 2099 3896 mea:
2130 3841 2360 3912 gratiam
2389 3851 2557 3895 tuam.

197 3921 270 3977 11.
297 3925 549 3998 Ὕστερον
571 3927 627 3980 δὲ
656 3927 1030 3998 ἡμαρτηκότος
1063 3945 1183 3997 μου,
1200 3929 1552 4000 ἀπεστράφης
1576 3947 1662 3998 με,

1846 3933 1929 3987 14.
1961 3932 2157 3990 Postea
2189 3941 2368 3987 autem
2398 3939 2658 4003 peccante
2687 3944 2794 3994 me,
2827 3932 3104 3982 aversatus
3134 3935 3192 3974 cs
3220 3933 3327 3981 me,

134 4014 211 4065 καί
234 4017 286 4068 ὲν
309 4019 471 4086 ἀγῶνι
500 4018 683 4090 πολλῷ
709 4019 971 4091 ἐγενόμην
1017 4018 1369 4090 μνημονεύων
1401 4021 1500 4090 τῆς
1529 4023 1615 4092 ἡμέ

1863 4027 1920 4080 in
1945 4039 2149 4098 angore
2174 4025 2346 4082 multo
2377 4025 2454 4080 fui
2485 4032 2708 4096 propter
2751 4015 3180 4075 recordationem
3225 4009 3329 4065 dici

135 4118 220 4170 ρας
246 4109 332 4179 τῆς
350 4112 601 4181 κρίσεως.
1001 4127 1008 4135 '

494 4127 601 4173 ίως.
1001 4127 1008 4135 ·
1765 4115 1975 4186 judicii.

194 4195 273 4252 15.
298 4201 433 4271 Πρὸς
465 4202 522 4254 σὲ
551 4201 646 4254 τὸν
674 4203 900 4272 ποιητήν
929 4219 1031 4273 μου
1058 4201 1339 4273 βοήσομαι.

1842 4205 1929 4260 15.
1956 4205 2039 4262 Ad
2072 4215 2125 4262 te
2150 4205 2411 4261 factorem
2452 4216 2632 4256 meum
2660 4199 2924 4254 clamabo.

191 4286 272 4342 16.
305 4292 408 4345 Kal.
443 4293 579 4362 πρὸς
614 4292 673 4345 σὲ
705 4292 795 4346 τὸν
822 4292 1010 4365 ἔφορόν
1042 4310 1142 4363 μου
1173 4292 1523 4364 δεηθήσομαι.

1841 4297 1926 4352 16.
1957 4295 2024 4351 Et
2051 4297 2118 4352 ad
2147 4305 2198 4352 te
2231 4297 2591 4364 inspectorem
2629 4306 2808 4346 meum
2842 4287 3185 4357 deprecabor.

190 4377 270 4432 17.
295 4381 508 4452 Ἔλεγον
541 4381 762 4454 ἐμαυτῷ
782 4396 798 4413 ⁸
825 4383 919 4447 Τίς
941 4383 1178 4453 ὠφέλεια
1204 4385 1270 4454 τῇ
1300 4383 1444 4454 ψυχῇ
1477 4401 1576 4454 μου
1607 4386 1662 4436 ἐν

1848 4390 1930 4444 17.
1969 4389 2225 4444 Dicebam
2256 4383 2612 4454 mihimetipsi
2644 4401 2658 4438 ε
2706 4381 2836 4448 Quae
2865 4379 3072 4434 utilitas
3111 4379 3164 4431 in
3204 4391 3329 4446 pec-

129 4466 196 4536 τῷ
219 4470 535 4544 ἁμαρτάνειν
559 4492 630 4545 με
658 4492 673 4539 ;

1769 4482 1943 4536 cando
1971 4481 2168 4536 animae
2196 4494 2330 4534 meae
2355 4478 2379 4531 ?

192 4561 378 4625 18,19.
416 4568 486 4620 Ἦ
550 4565 689 4638 μετὰ
735 4565 794 4619 τὸ
843 4565 1132 4620 ἀποθανεῖν
1175 4564 1664 4638 ἐξομολογήσασθαι

1846 4572 1932 4639 18,
1985 4573 2071 4628 19.
2107 4573 2191 4625 An
2239 4578 2528 4641 postquam
2585 4575 2835 4622 mortuus
2889 4562 3042 4617 fuero
3083 4559 3327 4615 conﬁteri

130 4667 202 4704 σοι
229 4653 438 4728 δύναμαι
458 4676 474 4724 ;

1769 4662 1866 4718 tibi
1895 4659 2161 4732 possum?

186 4743 268 4808 20,
290 4746 372 4801 21.
399 4747 616 4817 Κύριος
647 4746 899 4818 ἐγενήθη
931 4749 1156 4817 βοηθός
1172 4765 1309 4818 μου,
1339 4745 1511 4800 ταῦτά
1563 4763 1659 4817 μου

1848 4753 1930 4818 20,
1963 4751 2052 4806 21.
2082 4750 2159 4805 Ita
2203 4765 2290 4804 me
2322 4749 2644 4819 deprecante
2670 4792 2686 4815 ,
2743 4747 2993 4800 Dominus
3034 4744 3205 4815 factus
3252 4749 3329 4795 est

127 4839 533 4912 προσευχομένου
555 4841 658 4911 (1).

1697 4839 1726 4843 ”
1769 4847 1983 4915 adjutor
2009 4859 2171 4898 meus.

189 4924 268 4980 22.
296 4931 363 4984 Τὸ
386 4932 576 4997 πένθος
599 4932 699 5002 τῆς
721 4931 994 5005 ἁμαρτίας
1032 4950 1156 5003 μου.

1119 4950 1156 4986 ³ο
1837 4938 1928 4992 22.
1969 4937 2198 4992 Luctum
2229 4932 2435 5005 peccati
2474 4933 2600 4988 mei.

186 5014 267 5070 93.
302 5021 405 5093 Τὴν
435 5023 713 5096 ἁμαρτίαν
741 5039 843 5095 μου
866 5022 1177 5095 διέρῤηξας,
1203 5023 1296 5076 καὶ
1331 5023 1666 5092 περιέζωσάς

1846 5029 1924 5085 23.
1956 5028 2244 5085 Peccatum
2271 5045 2448 5084 meum
2475 5026 2814 5089 conscidisti,
2848 5034 2900 5077 ct
2926 5018 3327 5077 circumdedisti

124 5120 190 5173 με
210 5109 296 5182 τὴν
320 5116 470 5188 χάριν
500 5135 616 5173 σου.

1768 5135 1856 5176 me
1885 5119 2057 5190 gratia
2087 5129 2199 5175 tua.

185 5197 262 5255 24.
295 5205 474 5273 Ὅπως
495 5210 562 5264 ἂν
598 5209 746 5282 ψάλῃ
784 5227 864 5264 σοι
891 5212 924 5281 ἠ
959 5209 1154 5281 καρδία
1187 5226 1311 5280 μου,
1364 5209 1457 5262 καὶ
1488 5208 1548 5260 οὐ
1588 5206 1662 5278 μὴ

1848 5210 1926 5264 24.
1971 5208 2043 5265 Ut
2088 5219 2268 5266 cantet
2317 5211 2410 5267 tibi
2444 5227 2538 5266 cor
2587 5224 2788 5270 meum,
2829 5215 2883 5260 et
2926 5219 3033 5258 non
3083 5216 3169 5254 me
3213 5215 3329 5269 pa:—

121 5297 476 5370 μεταμεληθῶ.

1769 5301 1979 5356 nitebit.

187 5377 260 5436 35.
291 5388 402 5442 Οὐκ
435 5391 492 5443 ὲν
540 5390 720 5462 καιρῷ
764 5390 838 5462 μὴ
887 5390 1138 5445 δουλώσω
1167 5390 1242 5462 (ἓ)
1279 5408 1360 5444 σοι
1401 5388 1656 5461 ἐμαυτὸν,

1845 5389 1926 5444 25.
1962 5387 2081 5444 Non
2119 5389 2187 5445 ad
2237 5398 2452 5459 tempus
2483 5404 2571 5445 me
2619 5389 2734 5457 ipse
2780 5383 2876 5440 tibi
2919 5383 2973 5439 in
3009 5378 3326 5438 servitutem

115 5466 221 5525 ἀλλ’
253 5481 330 5542 εἰς
365 5483 454 5538 τὸν
483 5484 678 5538 αἰῶνα.

1767 5479 2038 5549 addicam,
2070 5481 2165 5536 sed
2192 5480 2244 5534 in
2279 5489 2558 5536 aeternum.

1045 5681 1349 5746 Addenda
1379 5691 1440 5747 et
1475 5679 1851 5762 corrigenda
1904 5697 1983 5742 ex
2014 5679 2152 5743 cod.
2186 5678 2386 5742 Vatic.

175 5855 246 5938 (Ι)
271 5866 456 5931 Ταῦτά
492 5890 592 5945 μου
634 5887 787 5945 προσ.
816 5871 930 5929 haec
960 5881 1169 5930 tantum
1201 5873 1252 5930 in
1280 5873 1401 5931 cod.

960 5881 1169 5930 tantum
1201 5873 1252 5930 in
1280 5873 1401 5931 cod.
1828 5871 1906 5943 (2)
1937 5870 2127 5942 Καιρῷ
2161 5889 2269 5926 τινι
2296 5871 2441 5926 δονλ.
