3776 6272
354 347 466 408 755
1204 357 1262 408 S.
1299 349 1674 409 Al’HANASIl
1715 348 1784 411 01
1803 353 1863 412 Ρ.
1898 355 2075 417 PARS
2114 354 2206 412 111.
2229 385 2297 396 -
2326 354 2732 412 EXEGETICA.
3469 357 3591 415 756

574 468 637 522 In
671 470 850 538 ﬁnem,
873 472 1110 540 psalmus
1138 471 1311 526 David
1341 490 1436 542 pro
1461 475 1684 528 exstasi.
1947 481 1994 537 Α

2089 476 2194 541 Εἰς
2225 474 2291 528 τὸ
2322 474 2522 541 τέλος,
2555 474 2794 544 ψαλμός
2831 473 2912 527 τῶ
2950 474 3125 528 Δαϐίδ
3145 474 3514 542 ἐκστάσεως.

928 562 1130 617 PSAL.
1165 563 1348 620 XXX.
1834 568 1844 594 "

1834 568 1844 594 ³
2658 570 2829 622 ΨΑΛ.
2860 572 2940 621 A'.

429 676 481 730 1.
532 673 586 729 In
639 683 723 741 te,
771 675 1018 741 Domine,
1070 678 1303 747 speravi,
1361 693 1468 734 non
1518 678 1817 735 confundar
1862 680 1917 735 in

2102 679 2144 733 l.
2191 679 2312 733 Ἐπὶ
2332 679 2436 744 σοὶ,
2453 678 2646 750 Κύριε,
2669 677 2892 748 ῆλπισα,
2930 677 3003 749 μὴ
3032 677 3478 750 καταισχυνθείην
3502 680 3593 742 εις

354 777 618 820 attentum
651 786 664 820 :
1660 789 1662 791 ν
2019 770 2110 823 τὸν
2147 769 2347 824 αἰῶνα·

432 860 486 913 2.
523 860 578 912 1η
599 859 808 929 justitia
839 871 929 914 tua
953 861 1120 916 libera
1151 877 1257 927 me,
1284 875 1337 917 et
1363 864 1510 933 eripe
1537 879 1640 919 me.

2095 861 2146 914 2.
2196 861 2282 913 Ἐν
2315 862 2382 931 τῇ
2408 859 2716 930 δικαιοσύνῃ
2754 877 2846 913 σου
2871 859 3032 932 ῥῦσαί
3057 859 3254 931 gemat
3279 858 3461 926 ἑξελοῦ
3490 879 3586 932 με.

426 950 480 1002 5.
511 949 715 1005 lnclina
747 953 812 1006 ad
842 968 928 1007 me
961 968 1146 1007 aurem
1178 962 1326 1008 tuam
1359 973 1371 1008 :

2091 955 2142 1007 '5.
2179 953 2371 1006 Κλῖνον
2398 953 2534 1024 πρός
2568 970 2635 1024 με
2664 953 2724 1006 τὸ
2753 949 2846 1017 οὖς
2870 971 2962 1006 σου
2987 971 3000 986 ο

315 1055 318 1059 ’
431 1040 487 1092 4.
509 1040 764 1096 Aceelera
791 1050 849 1096 ut
876 1057 1038 1097 eruas
1071 1058 1177 1097 me.

2090 1045 2145 1100 4.
2180 1045 2418 1115 Τάχυνον
2440 1042 2534 1096 τοῦ
2569 1043 2841 1108 ἐξελέσθαι
2873 1062 2959 1115 με.

430 1131 486 1186 5.
521 1131 651 1187 Esto
678 1133 812 1186 mihi
841 1135 894 1186 in
927 1133 1094 1188 Deum
1127 1142 1508 1204 protectorem,

2091 1136 2145 1190 5.
2177 1135 2339 1189 Γενοῦ
2375 1153 2463 1206 μοι
2485 1137 2564 1200 εἰς
2586 1137 2716 1190 Θεὸν
2746 1138 3174 1209 ὑπερασπιστὴν,

431 1222 488 1277 6.
521 1222 588 1278 Et
622 1224 677 1277 in
702 1224 924 1278 domum
967 1223 1185 1294 refugii,
1216 1235 1275 1280 ut
1311 1227 1523 1280 salvum
1555 1241 1641 1280 me
1672 1225 1860 1281 facias.

2095 1227 2151 1283 6.
2184 1228 2295 1281 Kal.
2327 1228 2407 1290 είς
2435 1222 2581 1281 οἷκον
2613 1227 2933 1298 καταφυγῆς
2958 1227 3052 1280 τοῦ
3083 1227 3252 1281 σῶσαί
3283 1245 3370 1300 με.

438 1312 488 1365 7.
531 1311 802 1378 Quoniam
850 1313 1114 1368 fortitudo
1158 1330 1275 1368 mea
1323 1325 1378 1369 et
1433 1315 1700 1386 refugium
1741 1331 1923 1372 meum

2097 1320 2148 1374 7.
2180 1321 2304 1373 Ὅτι
2333 1319 2655 1391 κραταιωμά
2685 1337 2810 1391 μου,
2846 1320 2937 1372 καὶ
2961 1321 3246 1390 καταφυγή
3278 1337 3380 1391 μου
3419 1316 3472 1372 εί
3494 1317 3588 1374 σῦ·

363 1423 422 1460 es
453 1415 507 1460 tu
536 1425 552 1461 ζ

433 1499 487 1552 8.
525 1497 592 1552 Et
633 1507 854 1568 propter
882 1511 1077 1556 nomen
1119 1509 1272 1555 tuum
1303 1499 1542 1556 dedoces
1574 1515 1682 1565 me,
1712 1508 1766 1556 et
1793 1516 1924 1556 enu-

2103 1498 2146 1553 Β.
2179 1496 2287 1550 Καὶ
2317 1496 2502 1550 ἕνεκεν
2521 1493 2618 1548 τοῦ
2642 1495 2903 1567 ὀνόματός
2929 1511 3022 1548 σου
3044 1493 3325 1566 δδηγήσεις
3357 1511 3422 1565 με
3443 1533 3458 1558 ,
3489 1492 3594 1547 καὶ

366 1587 499 1643 tries
524 1603 634 1642 me.

2025 1589 2334 1660 διαθρέψεις
2367 1605 2457 1660 με.

435 1679 489 1735 9.
523 1678 734 1736 Educes
764 1696 851 1736 me
876 1681 943 1737 de
969 1683 1161 1738 laoueo
1186 1683 1308 1746 hoc,
1335 1697 1495 1752 quem
1527 1682 1926 1738 abscondcrunt

2098 1682 2147 1736 9.
2185 1681 2424 1749 Ἐξάξεις
2451 1700 2518 1754 με
2547 1683 2611 1735 ὲκ
2637 1680 2862 1750 παγίδος
2881 1679 3102 1750 ταύτης.
3119 1670 3186 1750 ῆς
3208 1676 3447 1748 έκρυψάν
3475 1693 3589 1747 μοι·

438 1865 526 1919 10.
553 1863 821 1932 Quoniam
847 1874 906 1921 tu
937 1881 995 1922 es
1021 1874 1299 1936 protector
1331 1880 1506 1932 meus,
1536 1864 1786 1926 Domine.

1953 1856 1997 1911 Β
2093 1866 2180 1922 10.
2215 1867 2338 1920 Ὅτι
2372 1865 2434 1918 σὺ
2467 1859 2520 1918 εἷ
2547 1866 2576 1918 6
2599 1864 3007 1934 ὑπερασπιστὴς
3041 1862 3175 1933 μου³,
3209 1859 3405 1931 Κύριε.

438 1955 527 2011 11.
557 1955 618 2011 ln
644 1972 840 2013 manus
862 1967 983 2013 luas
1015 1957 1405 2013 commendabo
1435 1958 1682 2026 spiritum
1706 1972 1883 2012 meum
1908 1977 1921 2010 :

2100 1960 2189 2014 11.
2225 1959 2319 2021 Εἰς
2349 1956 2538 2028 χεῖράς
2574 1971 2666 2008 σου
2691 1954 3076 2024 παραθήσομαι
3114 1954 3176 2006 τὸ
3202 1952 3418 2021 πνεῦμά
3445 1967 3550 2022 μου
3575 1969 3591 1983 ·

439 2045 527 2100 12.
553 2044 848 2103 Redemisti
887 2065 991 2113 me,
1021 2048 1246 2104 Domine
1273 2048 1414 2104 Deus
1435 2049 1700 2104 veritatis.

2098 2050 2187 2104 12.
2233 2047 2553 2119 Ἐλυτρώσω
2586 2064 2672 2118 με,
2711 2045 2880 2116 Κύριε
2908 2047 2936 2097 6
2966 2045 3098 2107 Θεὸς
3119 2046 3216 2114 τῆς
3243 2042 3517 2114 ἀληθείας.

436 2138 524 2192 15.
556 2138 730 2195 Odisti
770 2140 1005 2211 [omnes].
1030 2141 1381 2196 observantes
1431 2141 1699 2195 vanitates
1741 2154 1926 2210 super-

2107 2141 2186 2196 15.
2232 2141 2529 2211 Ἐμίσησας
2550 2140 2674 2203 τοὺς
2693 2137 2932 2210 [πάντας
2957 2135 3116 2208 τοὺς]
3137 2135 3598 2204 διαφυλάσσοντας

368 2243 560 2284 νπιιθ.
2033 2233 2399 2305 ματαιότητας
2427 2231 2699 2301 διακενῆς.

438 2321 528 2376 ll.
559 2319 671 2393 Ego
700 2331 879 2377 autem
911 2323 964 2377 in
995 2323 1226 2380 Domino
1258 2324 1468 2395 speravi
1496 2342 1509 2379 :

2101 2325 2190 2379 M.
2231 2322 2371 2391 Ἐγὼ
2399 2323 2464 2382 δὲ
2482 2322 2574 2375 ἐπὶ
2595 2320 2674 2390 τῷ
2693 2320 2884 2390 Κυρίῳ
2907 2318 3111 2390 ἦλπισα
3131 2332 3145 2346 ⁸

440 2413 529 2467 15.
560 2412 879 2481 Exsultabo,
904 2426 958 2470 et
987 2417 1208 2472 laetabor
1233 2418 1286 2471 in
1319 2416 1693 2473 misericordia
1727 2424 1840 2472 tua.

2105 2415 2191 2472 15.
2226 2413 2644 2484 Ἀγαλλιάσομαι
2667 2411 2761 2466 καὶ
2789 2411 3230 2483 εὐφρανθήσομαι
3249 2407 3340 2461 ἐπὶ
3355 2405 3430 2476 τῷ
3451 2405 3596 2458 ὲλέει

2034 2523 2147 2559 σου.

445 2593 530 2648 16.
565 2592 832 2660 Quoniam
865 2593 1150 2664 respexisti
1184 2595 1543 2650 humilitatem
1583 2609 1756 2650 meam
1789 2613 1804 2650 :

2101 2595 2189 2650 16.
2227 2595 2348 2649 Ὅτι
2365 2595 2572 2658 ἐπεῖδες
2587 2595 2678 2647 ἐπὶ
2697 2592 2811 2665 [ἐπί
2827 2591 2999 2664 deest]
3014 2592 3109 2663 τὴν
3128 2587 3451 2645 ταπείνωσίν
3465 2601 3591 2656 μου·

446 2684 529 2739 l7.
561 2684 790 2740 Salvasti
827 2686 892 2740 de
921 2685 1340 2740 necessitatibus
1378 2687 1615 2739 animam
1642 2700 1818 2739 meam
1845 2702 1862 2738 ε

2107 2686 2196 2739 17.
2226 2686 2475 2749 Ἐσωσας
2506 2687 2570 2738 ὲκ
2603 2684 2710 2738 τῶν
2733 2685 2984 2752 ἀναγκῶν
3013 2682 3109 2754 τὴν
3140 2681 3315 2751 ψυχήν
3351 2695 3449 2747 μου
3468 2691 3483 2704 ο

441 2776 528 2832 18.
545 2775 610 2830 Et
626 2791 733 2831 non
759 2777 1070 2833 conclusisti
1090 2792 1175 2832 me
1192 2777 1244 2830 in
1265 2776 1512 2831 manibus
1535 2769 1882 2830 inimicorum
1911 2793 1924 2828 :

2106 2777 2194 2832 18.
2229 2777 2340 2831 Καὶ
2370 2777 2430 2830 οὐ
2467 2776 2812 2839 συνέκλεισάς
2847 2793 2913 2846 με
2939 2777 3018 2838 είς
3047 2776 3231 2846 χεῖρας
3258 2768 3486 2842 ἐχθρῶν.

1487 2887 1864 2943 ATIlANASll
1903 2887 2482 2946 lNTEllPRETATIO.

448 3005 513 3059 Ἦ
546 3005 880 3077 προκειμένη
915 3005 1196 3078 ἐπιγραφὴ
1228 3005 1505 3078 περιέχει·
1543 3005 1789 3075 Ψαλμὸς
1820 3005 1895 3077 (1)
1926 3004 2005 3072 τῷ
2026 3007 2225 3075 Δαϐίδ,
2258 3008 2601 3074 ἐκστάσεως
2627 3048 2642 3073 ,
2673 3008 2916 3062 τουτέστι
2948 3005 3038 3060 τὸν
3078 3003 3546 3076 ψαλμὸνοεῐρηκεν
3570 3003 3603 3056 6

367 3099 532 3153 Δαϐὶδ
559 3100 639 3161 είς
667 3099 793 3161 τοὺς
829 3099 1048 3162 τελείως
1064 3100 1360 3163 ὲκστὰντας
1388 3098 1496 3152 ἀπὺ
1517 3100 1615 3170 τῆς
1633 3098 1930 3170 ἁμαρτίας,
1960 3101 2056 3154 καὶ
2089 3101 2520 3172 ἐπιστρέψαντας
2549 3101 2642 3153 ἐπὶ
2671 3100 2762 3154 τὸν
2794 3099 3015 3172 Κύριον.

444 3209 659 3268 Titulus
687 3213 1014 3282 praepositus
1043 3213 1289 3269 continet
1314 3231 1328 3268 :
1356 3213 1605 3266 Psalmus
1627 3194 1804 3266 David
1827 3229 1922 3282 pro
1946 3216 2169 3282 exstasi,
2187 3230 2281 3270 seu
2316 3230 2416 3284 pro
2439 3215 2704 3283 discessu,
2728 3214 2832 3270 hoc
2851 3222 2953 3278 est,
2982 3213 3248 3284 psalmum
3271 3209 3404 3266 dixit
3428 3209 3599 3264 David

369 3306 436 3360 de
461 3305 861 3366 discedentibus
886 3309 1110 3362 omnino
1141 3324 1170 3363 a
1212 3308 1467 3378 peccatis,
1499 3316 1553 3363 et
1583 3323 1640 3362 se
1670 3309 1737 3363 ad
1765 3308 2053 3364 Dominum
2083 3311 2549 3366 convertentibus.

437 3427 493 3481 l.
518 3424 746 3482 Omnem
786 3443 960 3483 meam
991 3425 1407 3484 sollicitudinem
1442 3427 1651 3484 habens
1679 3427 1734 3484 in
1763 3438 1837 3485 te.

1950 3433 1996 3495 C
2097 3431 2150 3485 1.
2179 3429 2289 3502 Τὴν
2313 3429 2580 3502 μέριμναν
2619 3445 2719 3500 μου
2753 3425 2933 3480 πᾶσαν
2955 3425 3047 3478 ἐπὶ
3069 3424 3129 3477 σὲ
3162 3423 3298 3494 ἔχων
3320 3421 3418 3494 (2).

435 3518 491 3572 2.
519 3516 597 3572 Ne
626 3519 891 3588 reprobus
922 3519 1072 3585 liam,
1101 3517 1350 3574 Domine.

2101 3522 2156 3576 2.
2187 3521 2273 3594 Μὴ
2293 3521 2548 3592 ἀδόκιμος
2565 3518 2828 3589 γένωμαι,
2863 3515 3056 3587 Κύριε.

432 3610 486 3664 5.
522 3609 794 3680 Benignas
822 3627 983 3667 aures
1011 3610 1144 3665 mihi
1179 3612 1380 3681 praebe.

2102 3615 2157 3669 5.
2189 3613 2405 3684 Εὐμενῆ
2443 3630 2532 3683 μοι
2562 3610 2631 3664 τά
2659 3603 2770 3664 ὦτα
2795 3609 2870 3680 (5)
2898 3609 3202 3680 παράσχου.

438 3701 491 3754 4.
524 3700 592 3754 Et
627 3701 821 3757 festina
855 3703 921 3757 ad
957 3720 1044 3760 me
1077 3705 1436 3782 liberandum.

2101 3705 2157 3760 4.
2185 3706 2294 3759 Καὶ
2323 3704 2553 3758 σπεῦσον
2589 3701 2681 3755 τοῦ
2721 3698 2996 3767 ἐξελέσθαι
3023 3717 3110 3770 με.

439 3792 494 3847 5.
528 3792 661 3846 Eua
691 3794 818 3847 mihi
851 3795 906 3848 in
946 3795 1116 3849 Deum
1147 3795 1500 3866 opitulantem
1529 3793 1685 3847 mihi.

2105 3796 2157 3850 5.
2183 3795 2375 3848 Γενοῦ
2392 3811 2492 3863 μοι
2522 3797 2612 3860 είς
2634 3792 2781 3846 Θεὸν
2808 3787 3250 3861 ἀντιποιούμενὼ
3282 3806 3403 3860 μου.

439 3883 495 3938 6.
523 3882 628 3948 Qui
657 3885 802 3937 enim
831 3885 897 3938 ad
923 3892 974 3939 te
1003 3885 1150 3938 venit
1174 3899 1281 3938 non
1312 3883 1579 3953 ejicietur.

2104 3887 2156 3940 6.
2203 3886 2259 3938 Ὁ
2287 3885 2395 3960 γαρ
2417 3884 2709 3955 ἐρχόμενος
2735 3881 2870 3953 πρὸς
2891 3880 2950 3933 σὲ
2985 3881 3046 3934 οὐ
3090 3879 3164 3951 μὴ
3202 3878 3389 3949 ἐξέλθῃ
3419 3875 3545 3942 ἔξω.

442 3966 494 4027 7.
527 3972 798 4040 Quoniam
828 3974 1000 4029 virtus
1041 3989 1161 4030 mea
1207 3983 1262 4028 et
1293 3973 1693 4028 munimentum
1747 3985 1929 4027 meum

1786 3985 1929 4026 tcum
2102 3976 2158 4030 7.
2181 3977 2303 4030 ’Ὁτι
2339 3972 2487 4045 ἰσχύς
2523 3991 2624 4045 μου
2657 3973 2753 4027 καὶ
2782 3971 2958 4042 τεῖχός
2987 3988 3085 4042 μου
3114 3963 3164 4023 εἴ
3192 3967 3277 4024 σύ.

371 4072 433 4114 es
464 4068 544 4114 ιιι.

441 4150 494 4205 8.
526 4149 592 4206 Ει
622 4159 842 4222 propter
883 4167 1082 4208 nomen
1129 4162 1280 4211 tuum
1329 4153 1504 4210 deduc
1533 4168 1641 4218 me,
1672 4160 1727 4208 et
1754 4151 1932 4209 enutri

2110 4151 2158 4205 8.
2187 4148 2296 4204 Καὶ
2315 4147 2402 4202 διὰ
2424 4143 2517 4200 τοῦ
2551 4145 2810 4217 ὀνόματός
2844 4159 2934 4197 σου
2965 4141 3040 4214 (4)
3070 4138 3331 4212 ὁδὴγησόν
3378 4155 3470 4210 με,
3503 4137 3601 4192 καὶ

367 4257 457 4297 me
483 4244 538 4298 in
563 4241 1051 4314 justifieationibus
1079 4243 1208 4302 tuis.

2032 4240 2322 4313 διὰθρεψόν
2357 4257 2424 4310 με
2458 4241 2514 4292 ἐν
2547 4241 2663 4301 τοῖς
2688 4234 3019 4304 δικαιώμασί
3051 4251 3151 4306 μου
3183 4233 3277 4304 (5).

439 4335 493 4392 9.
527 4326 605 4390 Ex
637 4347 862 4407 peccato
889 4338 1229 4394 inhabitante
1259 4339 1313 4394 in
1343 4338 1506 4394 corde
1543 4353 1688 4393 meo.

2105 4335 2158 4389 9.
2186 4332 2298 4402 Τῆς
2319 4330 2633 4401 ὲνοικούσης
2666 4329 2724 4382 ὲν
2759 4331 2825 4398 τῇ
2865 4327 3058 4398 καρδίᾳ
3083 4343 3180 4396 μου
3217 4321 3505 4396 ἁμαρτίας.

439 4428 527 4483 10.
559 4429 829 4495 Quoniam
862 4440 918 4486 tu
946 4449 1005 4488 es
1031 4442 1308 4502 protector
1335 4448 1509 4498 meus,
1543 4431 1789 4486 Domine.

1776 4471 1789 4484 .
2104 4425 2192 4481 10.
2218 4425 2344 4478 Ὅτι
2374 4424 2439 4476 σὺ
2461 4417 2512 4476 εί
2533 4424 2561 4476 6
2583 4422 2896 4492 σκεπαστής
2925 4435 3049 4490 μου,
3071 4416 3263 4488 Κύριε.

439 4519 528 4574 ll.
557 4521 813 4575 Animam
842 4537 1043 4588 meam,
1075 4523 1272 4592 inquit.

2108 4516 2187 4570 11.
2221 4516 2332 4587 Τὴν
2351 4514 2530 4586 ψυχήν
2561 4532 2681 4584 μου,
2704 4512 2870 4580 λέγει.
3153 4597 3180 4606 _
3287 4597 3334 4606 ﬂ
3457 4597 3472 4606 _
3570 4593 3599 4606 α

441 4609 530 4664 12.
563 4608 859 4667 Redemisti
905 4629 992 4668 me
1023 4629 1087 4668 ex
1134 4615 1395 4672 servitute
1428 4612 1695 4670 mendacii
1723 4621 1803 4676 tu,
1840 4609 1932 4681 qui

2110 4607 2194 4661 12.
2241 4605 2560 4677 Ἐλυτρώσω
2585 4621 2652 4674 με
2687 4603 2786 4673 τῆς
2818 4601 3061 4665 δουλείας
3088 4597 3182 4652 τοῦ
3203 4597 3427 4668 ψεύδους
3449 4597 3478 4650 6
3500 4597 3601 4650 τοῦ

367 4715 428 4754 es
458 4699 602 4755 Deus
627 4702 814 4770 populi
851 4703 1116 4767 veritatis.

2033 4699 2164 4754 λαοῦ
2201 4699 2303 4769 τῆς
2329 4698 2584 4768 ἀληθείας
2607 4697 2756 4760 Θεός.

439 4789 528 4845 15.
559 4790 728 4846 Odisti
761 4802 1143 4860 permanentes
1171 4795 1222 4848 in
1251 4805 1493 4865 peccato.

1965 4780 2010 4836 ί)
2109 4790 2194 4843 15.
2240 4788 2539 4858 Ἐμίσησας
2564 4788 2686 4850 τοὺς
2708 4787 3061 4857 ἐπιμένοντας
3083 4785 3147 4854 τῇ
3167 4780 3424 4854 ἁμαρτίᾳ.

439 4881 527 4936 ll.
563 4880 941 4938 Constituente
966 4895 1118 4939 extra
1148 4902 1414 4942 errorem.

2114 4879 2201 4933 M.
2230 4878 2321 4950 Τῷ
2350 4877 2520 4941 ὲκτῶς
2559 4878 2635 4946 (6)
2672 4877 2876 4948 πλάνης
2906 4876 3216 4945 παρέχοντι.

441 4975 530 5031 15.
561 4974 700 5030 Cum
733 4973 1167 5032 misericordiam
1203 4995 1232 5033 a
1283 4990 1335 5035 te
1383 4988 1709 5035 consecutus
1753 4977 1930 5043 fuero,

2114 4970 2200 5024 15.
2243 4970 2331 5023 Ἐν
2355 4968 2432 5039 τῷ
2455 4968 2717 5022 ὲλεεῖσθαί
2742 4986 2808 5040 με
2836 4969 2939 5022 ὑπὸ
2966 4967 3058 5020 σοῦ
3076 4961 3603 5036 ἀγαλλιὰσομαι,καὶ

369 5067 653 5123 exsultabo
692 5077 747 5123 et
776 5068 1002 5125 laetabor
1037 5070 1091 5124 in
1117 5072 1281 5126 corde
1313 5087 1455 5126 meo.

2042 5060 2493 5134 εὖφρανθήσομαι
2525 5060 2583 5114 ὲν
2607 5063 2672 5131 τῇ
2695 5059 2890 5130 καρδίᾳ
2919 5076 3017 5129 μου

439 5161 529 5212 16.
552 5159 826 5226 Quoniam
853 5161 1284 5220 animadvertisti
1315 5161 1680 5219 infirmitatem
1708 5174 1904 5216 meam.

1708 5174 1904 5216 meam.
2112 5150 2199 5210 16.
2229 5154 2354 5207 Ὀτι
2383 5153 2680 5225 προσέσχες
2706 5155 2771 5222 τῇ
2796 5150 3046 5222 ἀσθενείᾳ
3078 5166 3199 5220 μου.

436 5251 529 5305 17.
565 5250 643 5304 Ex
675 5253 934 5322 peccatis.

2111 5247 2199 5300 17.
2247 5245 2342 5297 Ἐκ
2362 5244 2469 5297 τῶν
2497 5243 2796 5315 ἁμαρτιῶν.

445 5342 532 5396 18.
563 5341 797 5399 Diaboli.

2111 5337 2199 5391 18.
2232 5333 2339 5389 Τοῦ
2364 5334 2627 5388 διαϐόλου.

1323 5452 1626 5516 Addenda
1685 5461 1744 5515 et
1779 5453 2151 5534 corrigenda
2183 5469 2261 5514 ex
2292 5450 2432 5512 cod.
2466 5450 2664 5511 Vatic.

441 5560 620 5638 (11⁸11
646 5562 732 5617 διὰ
753 5563 852 5634 τῆς
880 5564 1243 5635 κινναϐάρεως
1274 5561 1514 5635 περιέχει
1535 5578 1547 5591 ’
1579 5562 1658 5626 είς
1695 5561 1755 5615 τὸ
1785 5563 1936 5627 τέλος
2212 5551 2354 5638 ζρτᾲ
2387 5570 2500 5638 σου.

369 5624 731 5740 ψαλρόςωιυ.
813 5624 848 5634 ’⁷
1111 5624 1121 5635 ’
1224 5624 1238 5628 ⁷
1347 5624 1358 5635 ’
1431 5624 1463 5632 ”
1641 5624 1650 5626 ⁷

449 5705 582 5740 μΛ]
656 5706 674 5740 »ι
730 5706 816 5740 im
867 5714 948 5740 οι..
1019 5705 1194 5740 ιφιηξ
1229 5705 1429 5740 ms..."
1500 5705 1663 5740 ..αλκ
1730 5714 1813 5740 nlo

1224 5624 1238 5628 ⁷
1347 5624 1358 5635 ’
1431 5624 1463 5632 ”’
1641 5624 1650 5626 ⁷
1917 5624 1927 5627 ⁷
2111 5624 2188 5694 (1)
2213 5626 2290 5677 Τὸ
2317 5624 2483 5693 δνομά
2512 5639 2620 5678 σου.

1140 5705 1194 5740 ..ξ
1229 5705 1429 5740 εαξη...»
1500 5705 1572 5740 ..ιη
1597 5705 1663 5740 sx
1730 5714 1813 5740 ..ιο
1863 5703 1907 5740 Ν
2107 5699 2183 5740 (En
2211 5697 2332 5740 Σηυ.

390 5697 395 5699 γ
449 5697 606 5766 (ἓιΝ.
656 5706 706 5756 1.
730 5706 840 5773 Μή.
867 5714 967 5758 etc.
1019 5705 1109 5756 ἐπὶ
1140 5705 1197 5756 σὲ
1228 5705 1461 5774 ἐθέμην,
1499 5705 1572 5775 μὴ
1597 5705 1704 5766 ἀδ..
1729 5714 1833 5760 etc.
1863 5703 1880 5758 l

389 5774 429 5816 ὶ-
481 5774 562 5816 Ἰἶυ
593 5774 667 5816 τιτι
698 5775 809 5816 Υίιῖἰ
849 5793 938 5816 «mi
972 5775 1128 5816 Ᾱῦιτηί
1164 5793 1223 5816 tu
1277 5777 1362 5816 νη)
1391 5775 1570 5816 nam:
1602 5794 1677 5816 nr.

899 5714 967 5758 te.
1009 5705 1109 5784 frti.
1140 5705 1197 5756 σὲ
1228 5705 1429 5774 ἐθέμην
1449 5747 1461 5766 ,
1499 5705 1572 5775 μὴ
1597 5705 1704 5766 ἀδ..
1729 5714 1833 5760 etc.
1863 5703 1926 5758 N.
2107 5699 2183 5781 (5)

894 5793 938 5816 η.
972 5775 1128 5816 sum:
1164 5793 1223 5816 .u
1277 5777 1362 5816 νη)
1391 5775 1570 5816 uno:
1602 5794 1677 5816 nr.
2116 5767 2190 5816 ιϐ)
2249 5767 2286 5816 Ιι.
2315 5762 2385 5816 ,τό

375 5774 430 5829 ‘2.
481 5774 562 5826 Ἐν
593 5774 667 5844 τῷ
698 5767 816 5844 Υἱῷ
849 5793 938 5827 σου
971 5775 1128 5845 ῥῦσαί
1161 5793 1249 5844 με,
1277 5767 1365 5829 κάξ
1386 5767 1571 5841 ’ἐξελοῦ
1601 5794 1680 5843 με.

971 5775 1128 5845 ῥῦσαέ
1161 5793 1249 5844 με,
1277 5767 1365 5829 καὶ
1386 5767 1571 5841 ’ἐξελοῦ
1601 5794 1680 5843 με.
2116 5767 2190 5836 (46)
2233 5767 2436 5826 ’ὣς-σός.
