3776 6272
149 325 250 383 757
1040 325 1445 384 DK’HTULIS
1486 328 1930 387 PSAL’MOKUM.
1987 359 2055 372 —-
2091 327 2285 385 PSAL.
2322 327 2491 384 XXX.
3269 326 3375 384 758

216 442 302 498 19.
335 441 614 515 Ἔστησας
633 442 694 496 ἐν
727 441 1025 518 εὐρυχώρῳ
1055 420 1182 511 τούς
1213 447 1380 512 πόδας
1420 465 1542 520 μου.

1750 459 1792 512 Α
1902 448 1988 504 19.
2021 446 2270 504 Statuisti
2307 447 2359 501 in
2397 446 2521 501 loco
2547 443 2787 516 spatioso
2814 443 2976 515 ped’es
2999 458 3170 499 meos.

213 535 304 589 20.
353 534 606 607 Ἐλέησόν
633 552 758 607 μου,
787 535 982 609 Κύριε,
1008 537 1092 592 ὅτι
1124 537 1375 611 θλίϐομαι
1395 554 1410 570 ⁸

1888 539 1978 593 20.
2009 538 2264 595 Miserere
2292 537 2420 604 mei,
2457 535 2704 596 Domine.
2733 535 2990 606 quoniam
3019 533 3277 590 tribuior:

212 630 307 684 2|.
355 629 664 703 Ἐταράχθη
696 630 755 684 ἐν
785 629 944 702 θυμῷ
971 632 1000 685 ὁ
1027 631 1305 704 ὀφθαλμός
1330 649 1432 704 μου
1455 673 1471 700 ,

1889 632 1979 687 21.
2012 632 2381 688 Conturbatus
2408 639 2491 687 est
2520 630 2574 685 in
2605 629 2686 684 ira
2713 629 2906 685 oculus
2931 643 3105 695 meus,

211 721 302 776 22.
347 719 411 774 Ἥ
446 719 592 791 ψυχή
622 736 745 791 μου,
779 721 928 792 καὶὴ
959 722 1171 794 γαστήρ
1203 739 1326 793 μου.

1890 724 1982 780 22.
2014 725 2211 779 Anima
2241 739 2382 788 mea,
2419 730 2474 777 et
2505 732 2692 776 venter
2718 735 2893 776 meus.

212 813 304 869 25.
337 814 464 868 Ὅτι
491 811 738 878 ἐξέλιπεν
761 813 820 867 ἐν
849 812 1010 886 ὀδύνῃ
1039 814 1074 885 ὴ
1099 813 1210 885 ζωή
1247 830 1369 884 μουο

1890 817 1984 874 25.
2019 815 2290 884 Quoniam
2318 815 2515 871 defecit
2541 814 2594 869 in
2624 814 2810 870 dolore
2841 814 2948 868 vita
2979 825 3096 868 mea
3122 829 3137 878 ;

214 904 302 959 24.
329 904 440 959 Καὶ
463 904 531 958 τὰ
549 903 642 976 ἐτη
670 920 772 975 μου
803 905 862 958 ἐν
893 907 1236 976 στεναγμοῖς.

1888 909 1980 965 24.
2009 908 2076 964 Ει
2107 909 2234 966 anni
2269 908 2375 964 mei
2407 908 2460 963 in
2488 907 2795 979 gemitibus.

212 995 303 1049 25.
354 993 682 1066 Ἠσθὲνησεν
702 995 761 1051 ἐν
787 995 1034 1068 πτωχείᾳ
1067 998 1102 1068 ἠ
1139 995 1291 1067 ίσχύς
1329 1011 1451 1067 μουο

1895 1001 1989 1056 25.
2019 1000 2295 1056 Inﬁrmata
2328 1009 2412 1057 est
2444 1000 2498 1055 in
2522 1005 2839 1071 paupertate
2863 997 3038 1051 virtus
3064 1009 3182 1050 mea
3210 1011 3223 1048 :

214 1088 302 1143 26.
351 1089 464 1144 Kal
491 1088 560 1144 τὰ
581 1091 715 1144 ὀστᾶ
738 1107 840 1162 μου
869 1089 1272 1162 ἐταράχθησαν.

1899 1091 1990 1146 26.
2023 1091 2091 1146 Ει
2115 1107 2238 1148 ossa
2271 1107 2388 1148 mea
2419 1090 2738 1147 conturbata
2772 1096 2916 1142 sunt.

216 1181 308 1234 27.
357 1180 523 1254 Παρὰ
563 1180 772 1248 πάντας
831 1181 962 1246 τοὺς
1011 1179 1239 1252 ἐχθρούς
1301 1196 1404 1251 μου
1464 1176 1707 1250 ἐγενήθηπ

1899 1184 1992 1240 27.
2035 1183 2212 1256 Super
2249 1199 2441 1241 omnes
2470 1181 2724 1238 inimicos
2749 1193 2900 1236 meos
2931 1177 3104 1233 factus
3131 1190 3250 1232 sum
3286 1189 3384 1244 op-

154 1271 234 1326 δνε
243 1272 375 1336 ιδος·

1828 1275 2108 1346 probrium
2132 1295 2147 1332 :
2237 1280 2240 1285 ’

218 1365 310 1419 28.
340 1361 455 1418 Kal
485 1365 598 1426 τοῖς
629 1360 837 1433 γείτοσι
871 1379 972 1434 μου
1005 1364 1231 1437 σφόδρα,

1180 1382 1231 1432 α,
1903 1366 1994 1424 28.
2026 1365 2092 1422 Et
2111 1367 2308 1423 vicinis
2338 1367 2474 1422 meis
2497 1365 2671 1428 valde,

214 1455 310 1513 29.
342 1455 456 1509 Kal
481 1453 642 1524 φόϐος
667 1456 782 1517 τοῖς
804 1457 1063 1523 γνωστοῖς
1087 1473 1208 1526 μου.

1127 1473 1208 1509 ου.
1897 1458 1990 1516 29.
2015 1458 2082 1514 Et
2103 1460 2270 1515 timor
2293 1459 2438 1515 notis
2463 1459 2617 1514 meis.

219 1545 311 1602 50.
343 1545 410 1598 Oi.
443 1542 772 1614 Θεωροῦντες
802 1560 870 1616 με
898 1542 1002 1610 ἔξω
1030 1543 1228 1614 ἔφυγον
1261 1544 1357 1598 ἀπ’
1389 1543 1544 1614 ἐμοῦ·

1907 1551 1998 1607 50.
2030 1551 2135 1618 Qui
2159 1550 2412 1606 videbant
2443 1563 2530 1604 me
2559 1547 2706 1602 foras
2733 1545 2986 1617 fugerunt
3011 1561 3042 1600 a
3075 1559 3162 1599 me
3189 1562 3201 1598 :

221 1637 312 1692 51.
371 1634 710 1707 Ἐπελήσθην
735 1635 868 1690 ὡσεὶ
893 1636 1086 1708 νεκρὸς
1115 1636 1225 1691 ἀπὸ
1251 1635 1498 1708 καρδίας

1903 1645 1994 1701 51.
2049 1641 2320 1700 Oblivioni
2378 1639 2540 1696 datus
2594 1653 2715 1694 sum
2764 1647 3021 1708 tanquam
3071 1644 3317 1690 mortuus
3359 1646 3389 1687 ιι

1835 1735 2001 1794 corde
2027 1753 2043 1790 :

223 1815 312 1870 52.
346 1813 644 1887 Ἐγενήθην
669 1814 800 1870 ὡσεὶ
822 1815 1015 1879 σκεῦος
1046 1814 1344 1878 ἀπολωλός.

1761 1795 1804 1851 Β
1904 1827 1996 1884 52.
2031 1825 2230 1882 Factus
2254 1814 2376 1882 sum
2410 1833 2668 1896 tanquam
2701 1838 2799 1879 vas
2829 1821 3117 1894 perditum.

224 1909 315 1963 55.
349 1908 476 1962 Ὀτι
501 1909 711 1979 ἤκουσα
735 1906 900 1979 ψόγον
947 1907 1159 1962 πολλῶν
1198 1905 1605 1980 παροικούντων
1638 1923 1715 1960 xu-

1904 1920 1993 1975 55.
2049 1917 2320 1986 Quoniam
2374 1917 2558 1972 audivi
2600 1915 3052 1987 vituperationem
3101 1909 3395 1966 multorum

165 1998 368 2053 κλόθενο

1837 2009 2301 2067 commorantium
2335 2009 2391 2063 in
2417 2008 2650 2065 circuitu
2681 2025 2694 2062 :

230 2093 317 2148 54.
366 2092 456 2146 Ἓν
507 2088 586 2161 τῷ
637 2088 1062 2160 ἐπισυναχθῆναι
1104 2088 1301 2153 αὐτοὺς
1352 2087 1469 2159 ἅμα
1498 2087 1584 2140 ἐπ’
1611 2087 1721 2159 ἐμὲ1

1909 2103 1998 2158 54.
2017 2101 2076 2158 ln
2093 2116 2159 2157 eo
2175 2102 2304 2157 dum
2321 2100 2676 2157 convenirent
2693 2099 2795 2170 ipsi
2813 2097 2974 2155 simul
2991 2096 3274 2152 adversum
3289 2105 3399 2158 me,

230 2186 318 2242 55.
350 2182 460 2238 Τοῦ
494 2181 677 2236 λαϐεῖν
701 2180 799 2252 τὴν
819 2179 993 2252 ψυχήν
1029 2197 1129 2252 μου
1158 2178 1560 2234 ἐϐουλεύσαντο.

1911 2193 2001 2249 55.
2023 2192 2282 2264 Accipere
2317 2193 2555 2248 animam
2585 2207 2763 2248 meam
2795 2188 3068 2246 consiliati
3092 2196 3237 2244 sunt.

227 2277 313 2332 56.
363 2273 507 2344 Ἐγὼ
530 2274 587 2328 δὲ
613 2273 707 2326 ἐπὶ
745 2273 848 2337 σοὶ,
877 2271 1070 2345 Κύριε,
1097 2271 1318 2341 ἤλπισα.

1911 2284 2001 2340 56.
2039 2284 2152 2355 Ego
2173 2293 2354 2341 autem
2390 2286 2442 2340 in
2467 2291 2542 2352 le,
2567 2284 2816 2348 Domine,
2843 2280 3075 2352 speravi.

233 2371 319 2426 57.
354 2365 520 2424 Εῐπα·
549 2367 622 2422 Σὺ
649 2361 702 2420 εἴ
723 2366 753 2419 ὁ
773 2365 903 2430 Θεός
934 2379 1054 2436 μουο

1917 2375 2008 2432 57.
2040 2376 2184 2445 Dixi,
2213 2377 2355 2433 Deus
2382 2392 2538 2434 meus
2564 2391 2624 2433 es
2660 2384 2716 2432 tu
2746 2391 2764 2431 :
2807 2437 2816 2459 τ

233 2462 321 2518 58.
363 2461 455 2516 Ἐν
477 2462 597 2525 ταῖς
626 2455 784 2530 χερσί
813 2475 906 2512 σου
940 2457 990 2512 οἱ
1017 2455 1210 2528 κλῆροί
1246 2473 1369 2528 μου.

1913 2467 2003 2524 58.
2031 2467 2090 2523 ln
2121 2469 2376 2525 manibus
2413 2467 2524 2524 tuis
2551 2477 2724 2524 sortes
2752 2455 2904 2523 meae.

233 2555 320 2609 59.
363 2551 556 2607 Ῥὖσαί
589 2567 658 2623 με
689 2550 756 2603 ἐκ
783 2548 964 2621 χειρὸς
992 2548 1201 2620 ἐχθρῶν
1236 2565 1360 2619 μου,

1917 2558 2008 2614 59.
2037 2558 2199 2630 Eripe
2220 2573 2308 2616 me
2337 2559 2405 2617 de
2431 2574 2595 2614 manu
2629 2559 2975 2615 inimicorum
3007 2568 3289 2618 meorum.

237 2645 326 2702 40.
360 2643 474 2701 Kal
493 2644 557 2698 ἐκ
584 2641 693 2697 τῶν
722 2640 1165 2696 καταδιωκόντων
1195 2657 1283 2712 με.
1539 2718 1543 2722 ἡ

1539 2718 1543 2722 ,
1915 2650 2005 2707 40.
2045 2649 2113 2707 Ει
2142 2666 2173 2706 a
2202 2651 2652 2724 persequentibus
2675 2665 2781 2707 me.

1289 2797 1659 2856 ATHANASII
1701 2800 2287 2867 INTERPRETATIO.

239 2942 327 3000 19.
374 2941 464 2996 'Ev
489 2942 610 3006 ταῖς
642 2939 882 3005 ἐντολαῖς
907 2957 1022 2996 σου.

1763 2951 1806 3011 C
1909 2948 1996 3004 19.
2023 2947 2082 3004 In
2113 2947 2386 3005 mandatis
2416 2948 2543 3004 tuis.

240 3035 332 3091 20.
363 3035 488 3093 Ὅτι
512 3033 572 3089 ἐν
607 3035 721 3099 τοῖς
761 3029 1094 3106 προλαϐοῦσι
1139 3029 1352 3104 χρόνοις
1383 3048 1474 3103 μοι
1501 3031 1731 3103 ἥμαρτόι

1918 3039 2010 3099 20.
2052 3039 2323 3110 Quoniam
2359 3039 2649 3114 prateritis
2675 3035 3014 3109 temporibus
3047 3031 3143 3092 tibi
3168 3021 3403 3104 peccari.

179 3145 278 3184 σοι.
2605 3137 2630 3150 ‘

240 3219 336 3276 21.
378 3217 517 3273 Ὑπὸ
537 3215 632 3273 τοῦ
653 3216 902 3272 διαϐόλου
931 3217 965 3288 ή
993 3215 1202 3272 διάνοιά
1231 3232 1352 3288 μου.

1192 3219 1202 3270 ι
1231 3232 1352 3288 μου.
1917 3221 2008 3279 21.
2035 3221 2081 3277 Δ
2109 3220 2326 3278 diabolo
2363 3234 2517 3277 mens
2541 3233 2683 3274 mea.

240 3311 334 3369 22.
367 3309 482 3364 Kal
507 3311 540 3382 ἠ
575 3307 810 3382 γαστὴρ,
833 3307 1118 3380 λέγει,τῆς
1143 3308 1316 3380 ψυχῆς
1341 3321 1462 3379 μουο
1496 3305 1638 3378 λέγω
1660 3307 1731 3381 δὴ

1921 3315 2013 3370 22.
2049 3312 2114 3370 Et
2156 3321 2365 3380 venter,
2391 3312 2490 3379 ait,
2517 3311 2712 3366 animae
2745 3323 2880 3365 mea:
2917 3323 2934 3363 :
2980 3304 3122 3372 Ubir,
3166 3301 3407 3372 inquam,

178 3403 303 3458 ἔνθα
331 3399 625 3457 συνέλαϐον
646 3401 744 3473 τὴν
772 3399 1064 3472 ἁμαρτίαν.

922 3399 1064 3454 τίαν.
1853 3405 2077 3476 concepi
2106 3413 2413 3476 peccatum.

175 3491 178 3494 ’
242 3492 334 3549 25.
378 3492 469 3546 ’Ev
498 3490 767 3563 ἁμαρτίᾳ,
797 3489 965 3559 λέγει.

1921 3499 2012 3553 25.
2044 3495 2103 3552 1η
2135 3507 2378 3568 peccato,
2409 3494 2560 3552 dicit.

242 3582 336 3640 2}.
381 3583 442 3638 Ὅ
466 3583 575 3647 πᾶς
597 3581 787 3654 χρόνος
819 3597 920 3653 μου
947 3579 1281 3653 βαρούμενος
1314 3577 1418 3632 ὑπὸ
1450 3575 1730 3648 ἁμαρτιῶν

1922 3587 2014 3642 21.
2049 3584 2224 3642 Omne
2251 3600 2434 3640 meum
2465 3592 2677 3653 tempus
2705 3587 2985 3652 gravatum
3016 3592 3046 3631 a
3071 3571 3327 3646 peccatis.

243 3674 340 3729 25.
385 3673 478 3726 Ἕν
504 3671 826 3744 ἀϐοηθησίᾳ.

1925 3676 2018 3732 25.
2050 3675 2107 3731 In
2135 3674 2328 3732 auxilii
2355 3674 2561 3746 inopia.

242 3765 338 3820 26.
363 3763 771 3836 Συμπέφυρμαι
795 3763 863 3835 τῇ
888 3761 1150 3834 ἁμαρτίᾳ.

1923 3769 2017 3827 26.
2049 3769 2340 3840 Subjectus
2370 3776 2426 3824 et
2456 3763 2782 3823 commistus
2807 3777 2927 3818 sum
2959 3766 3200 3831 peccato.

246 3862 342 3916 27.
374 3859 454 3933 (1)
480 3857 710 3923 Πάντες,
752 3855 923 3926 λέγει,
950 3855 1000 3910 oi
1030 3851 1214 3926 ἐχθροί
1257 3868 1380 3923 μου,
1403 3847 1680 3905 τουτέστιν
1705 3863 1735 3901 ο

1927 3861 2020 3919 27.
2046 3857 2272 3927 Omnes,
2316 3857 2514 3930 inquit,
2550 3853 2758 3912 inimici
2791 3852 2920 3920 mei,
2969 3851 3072 3906 boc
3106 3855 3190 3904 est
3217 3849 3415 3902 dtemo-

181 3953 435 4026 δαίμονες
473 3948 613 4022 μετὰ
635 3949 697 4004 τὸ
725 3945 1041 4019 ἁμαρτῆσαί
1077 3961 1166 4017 με,
1211 3941 1630 4012 όνειδίζουσίμε.

1886 3966 1977 4017 nes,
2013 3959 2306 4023 postquam
2352 3965 2455 4022 ego
2484 3947 2726 4022 peccavi,
2768 3959 2857 4001 me
2879 3942 3095 4015 probris
3121 3939 3377 3996 afﬁciunt.

250 4046 348 4102 28.
379 4046 443 4101 Οἱ
474 4045 533 4098 ἐν
558 4043 682 4114 ἐμοὶ
716 4040 986 4113 μένοντες.

1927 4041 2020 4097 28.
2047 4041 2150 4108 Qui
2187 4042 2242 4098 in
2275 4055 2362 4098 me
2386 4048 2628 4108 manent,

250 4138 344 4193 29.
385 4137 451 4191 Ol
483 4136 540 4191 δέ
564 4135 766 4206 γνῶσιν
821 4134 1036 4206 ἔχοντες
1064 4129 1298 4202 ὁρῶντές
1331 4144 1398 4200 με
1448 4124 1736 4196 φοϐοῦνται

1928 4133 2022 4190 29.
2057 4131 2159 4200 Qui
2191 4141 2370 4188 autem
2403 4140 2763 4204 cognoscunt,
2790 4128 3034 4184 videntes
3073 4139 3163 4181 me
3209 4123 3417 4185 timent,

186 4230 261 4302 μὴ
288 4230 349 4284 δὲ
373 4228 527 4284 αὐτοὶ
555 4227 726 4291 οὕτως
743 4223 1071 4298 ἡττηθῶσιν.

1785 4291 1827 4302 ᾳ
1862 4241 1931 4281 ne
1958 4226 2061 4296 ipsi
2093 4225 2424 4297 quandoque
2439 4225 2694 4282 similiter
2717 4221 3090 4278 succumbant.

256 4291 347 4375 50.
379 4320 446 4375 Oi
467 4319 687 4390 ἄγγελοί
709 4291 803 4373 σου
825 4291 1121 4387 ἀιρίσταντο
1151 4312 1246 4367 ἀπ’
1278 4309 1431 4382 ἐμοῦ.

1783 4291 1838 4352 Ῑ)
1927 4291 2017 4374 56.
2041 4291 2232 4390 Angeli
2261 4291 2351 4374 tui—
2380 4333 2410 4372 a
2438 4332 2522 4372 me
2556 4316 2943 4372 discesserunt.

250 4413 344 4468 51.
377 4412 524 4466 Ὠσεὶ
551 4410 625 4484 (2)
675 4409 869 4482 νεκρὸς
923 4407 1061 4479 λήθη
1109 4405 1317 4474 γίνεται
1371 4400 1478 4456 ἀπὸ
1533 4394 1741 4467 καρδίας

1931 4411 2021 4466 5|.
2049 4409 2207 4466 Sicut
2235 4419 2487 4466 mortuus
2515 4405 2777 4464 oblivioni
2809 4402 3037 4459 traditur
3053 4400 3114 4455 in
3146 4397 3310 4456 corde
3337 4395 3421 4451 vi-

183 4505 294 4559 τῶν
320 4503 558 4569 ζώντων,
600 4501 771 4565 οὓτως
797 4498 952 4570 κάγὼ
982 4497 1265 4568 ἐγενόμην.

1862 4504 2128 4569 ventium,
2159 4504 2232 4558 ita
2255 4510 2310 4558 et
2331 4515 2432 4573 ego
2463 4500 2815 4556 factussum.

257 4602 349 4657 52.
383 4601 690 4672 Ἀχρηστον
711 4596 882 4666 λέγει.

1933 4595 2021 4651 52.
2057 4594 2275 4661 Inutile,
2302 4593 2497 4664 inquit.

255 4693 347 4748 55.
384 4691 462 4764 (5)
486 4691 611 4744 Ὅτι
635 4687 820 4743 ἀκούω
847 4687 956 4742 τῶν
979 4684 1247 4757 δαιμόνων
1277 4681 1640 4747 ὀνειδιζόντων
1692 4701 1746 4755 με

1938 4687 2029 4743 55.
2055 4687 2329 4754 Quoniam
2373 4686 2537 4742 audio
2573 4685 2846 4742 daemones
2873 4679 3264 4754 opprobrantes
3293 4675 3427 4732 mibi

187 4782 246 4835 ἐν
266 4782 334 4853 τῇ
364 4777 562 4850 καρδίᾳ
593 4793 716 4848 μου.

1865 4779 1922 4834 in
1945 4779 2109 4835 corde
2138 4793 2280 4836 meo.

260 4871 355 4933 54.
395 4868 488 4924 55.
551 4867 676 4921 Ἐπὶ
727 4867 790 4921 τὸ
843 4867 976 4922 αὐτὸ
1001 4863 1258 4936 γεγόνασι
1295 4862 1390 4917 τοῦ
1433 4863 1751 4936 αἰχμαλωτί-

1937 4871 2031 4939 54,
2059 4871 2149 4927 55.
2173 4870 2311 4926 Cum
2340 4869 2505 4926 simul
2531 4867 2842 4940 congregati
2871 4874 3019 4934 sunt,
3049 4873 3110 4922 ut
3141 4877 3225 4918 me
3255 4859 3427 4930 capti-

188 4977 279 5017 σαι
313 4978 405 5032 με.

1867 4976 1995 5018 vum
2022 4961 2301 5018 ducerent.

257 5051 348 5119 56,
379 5053 472 5108 57.
517 5051 658 5122 Ἐγὼ
682 5050 740 5106 δὲ
771 5051 864 5105 ἐπὶ
902 5051 986 5104 σοὶ
1037 5049 1262 5122 ἤλπισα,
1287 5049 1369 5103 ὅτι
1398 5047 1457 5116 ἐξ
1475 5047 1651 5102 αὐτῶν
1672 5047 1748 5100 λυι

1941 5051 2026 5117 56,
2055 5051 2144 5108 57.
2185 5051 2298 5123 Ego
2323 5062 2500 5108 autem
2533 5051 2588 5106 in
2620 5059 2693 5115 te,
2725 5046 2975 5110 Domine,
3018 5057 3252 5113 δραι-ενι,
3287 5039 3432 5112 quod

193 5142 376 5217 τρώσῃ
418 5161 485 5214 με
513 5143 614 5212 (θ’
638 5143 704 5197 σὺ
731 5141 840 5214 γὰρ
863 5136 915 5195 εἴ
932 5143 960 5196 ό
988 5141 1118 5206 Θεός
1141 5158 1263 5212 μου.

1872 5160 1960 5202 me
1981 5145 2052 5201 ab
2077 5144 2185 5202 illis
2215 5144 2472 5200 liberabis
2496 5161 2511 5204 :
2535 5155 2592 5198 tu
2622 5140 2766 5197 enim
2790 5153 2851 5194 es
2876 5136 3019 5191 Deus
3046 5150 3217 5190 meus.

259 5233 356 5288 58.
401 5233 491 5287 'Ev
515 5235 634 5297 ταῖς
661 5233 817 5304 χερσί
849 5249 942 5286 σου
969 5231 1140 5303 ἔθηκα
1159 5231 1257 5302 τὴν
1279 5229 1453 5301 ψυχήν
1483 5247 1605 5301 μου.

1945 5235 2035 5292 58.
2065 5234 2123 5290 1η
2154 5235 2406 5291 manibus
2436 5233 2544 5288 tuis
2570 5229 2724 5303 posui
2756 5227 2990 5282 animam
3021 5238 3217 5278 meam.

257 5324 353 5393 59,
383 5323 474 5381 40.
500 5325 622 5379 Τῶν
647 5323 904 5380 ἐναντίων
932 5323 1228 5394 δυνάμεων,
1259 5322 1427 5390 λέγει.

1946 5322 2036 5391 59,
2067 5322 2158 5378 40.
2186 5323 2234 5377 Α
2261 5321 2553 5379 contrariis
2583 5315 2942 5390 potestatibus
2999 5311 3193 5381 inquit.

1145 5438 1454 5502 Addenda
1485 5443 1546 5501 et
1577 5439 1958 5518 corrigenda
2004 5459 2083 5504 ex
2113 5441 2253 5504 cod.
2290 5439 2489 5503 Vatic.

268 5543 350 5614 (1)
384 5539 558 5614 Ν.27,
585 5543 678 5608 28,
708 5544 798 5599 29.
830 5540 1078 5614 Δέγει,οἱ
1107 5536 1289 5614 ἐχθροί
1323 5554 1445 5614 μου,
1473 5547 1604 5614 etc.,
1629 5538 1770 5614 ὀνει-
1948 5538 2512 5614 (5)ῨΝ.Ῠ55.ΑξΑκούω,
2533 5547 2662 5607 etc.,
2694 5553 2780 5609 με.
2808 5533 2872 5590 Ν.
2903 5533 2990 5601 54,
3027 5529 3115 5586 Ἐν
3143 5529 3208 5603 τῇ
3244 5523 3468 5600 καρδίᾳ.-

197 5607 406 5687 δξζορσί
438 5607 551 5684 μοι,
585 5616 634 5668 οἱ
668 5607 727 5668 ἐν
753 5612 893 5687 ἐμοί,
918 5607 1050 5679 εις,
1082 5607 1276 5684 μήκαὶ
1295 5609 1445 5662 αὐτοὶ
1473 5607 1642 5672 οὓτως
1674 5609 1772 5678 ήτ-
1884 5607 2102 5687 μονίλΝ,
2128 5610 2399 5687 35,_’En£,
2421 5618 2525 5664 etc,

200 5680 487 5825 τηῗὲἷςσιές
526 5757 556 5809 ὁ
787 5680 798 5687 ⁷
879 5680 887 5683 ⁷
1084 5680 1095 5684 ⁷
1146 5680 1154 5682 “
1885 5680 1897 5685 ’
1957 5680 2366 5756 (4))1υτρώσεις
2410 5697 2494 5750 με.

2620 5832 2709 5852 ~--
2741 5837 2830 5851 ..ο.ι
2855 5839 2865 5851 ι
