3776 6272
320 382 422 440 739
1151 373 1207 428 S.
1257 369 1624 428 ATHANASII
1664 367 1813 425 OPP.
1855 366 2034 423 PARS
2067 365 2155 419 lll.
2195 393 2262 405 --
2304 356 2713 414 EXEGE'HCA.
3188 387 3191 392 ι
3436 349 3542 403 ’160

387 503 475 556 41.
502 498 715 554 lllustra
753 496 946 553 faciem
981 505 1126 549 tuam
1157 508 1320 562 super
1356 506 1574 548 servum
1604 499 1753 544 tuum
1783 506 1796 541 :

2052 504 2133 558 ιι.
2205 501 2496 568 Ἐπίφανον
2547 494 2609 547 τὸ
2657 488 2943 564 πρόσωπόν
2990 504 3082 540 σου
3151 485 3244 539 ἐπὶ
3288 484 3380 539 τὸν
3417 485 3543 540 Boii-

385 680 476 736 42.
511 677 732 733 Salvum
763 692 850 731 me
868 675 954 731 {ac
976 675 1029 729 in
1054 671 1424 728 misericordia
1454 679 1562 724 tua.

2077 613 2343 738 ιέῗέῶσόν
2373 697 2439 752 με
2475 680 2533 732 ὲν
2559 676 2637 748 τῷ
2669 674 2806 729 ὲλέει
2825 691 2940 727 σου.

387 772 478 828 45.
505 770 751 835 Domine,
776 784 883 824 non
908 765 1231 833 confundar,
1250 764 1504 835 quoniam
1530 763 1776 818 invocavi
1799 772 1868 817 te.

2054 777 2136 831 4'5.
2177 773 2371 845 Κύριε,
2432 771 2506 842 μὴ
2560 765 3030 836 καταισχυνθείην.
3089 763 3169 816 ὃτι
3213 762 3545 815 ὲπεκαλεσά-

389 959 478 1022 44.
502 965 838 1021 Erubescant
857 960 1030 1033 impii,
1054 969 1108 1015 et
1132 957 1468 1014 deducantur
1487 956 1542 1010 in
1567 954 1869 1011 infernum:

2054 884 2592 1028 ἔιὶἏίσχυνθείησαν
2618 949 2854 1013 ἀσεϐεῖς,
2888 961 2983 1002 και
3037 945 3435 1018 καταχθείησαν
3463 946 3545 1007 είς

390 1138 481 1194 45.
513 1137 658 1192 Muta
684 1138 817 1192 ﬁant
839 1137 980 1192 labia
1010 1137 1221 1200 dolosa,

2173 1139 2382 1193 Ἀλαλα
2407 1136 2688 1208 γενηθήτω
2711 1133 2783 1188 τὰ
2814 1132 2966 1204 χείλη
2993 1129 3062 1184 τὰ
3100 1130 3273 1192 δόλια,

390 1230 479 1284 46.
508 1228 640 1296 Qua:
663 1231 959 1299 loquuntur
981 1229 1243 1286 adversus
1275 1230 1482 1300 justum
1512 1227 1874 1298 iniquitatem,

1871 1267 1874 1282 ι
2044 1233 2134 1288 46.
2159 1232 2240 1285 Τὰ
2273 1229 2534 1284 λαλοῦντα
2561 1225 2701 1282 κατὰ
2751 1223 2845 1277 τοῦ
2875 1223 3080 1276 δικαίου
3115 1221 3362 1290 ἀνομίαν,

388 1318 480 1372 47.
511 1318 568 1372 In
591 1318 842 1389 superbia
871 1329 926 1373 et
957 1328 1291 1388 contemptu.

2045 1326 2134 1378 47.
2170 1324 2257 1376 Ἐν
2283 1319 2629 1393 ὑπερηφανίᾳ
2669 1318 2764 1372 καὶ
2790 1313 3154 1383 ἑξουδενώσει.

389 1410 479 1465 48.
510 1408 682 1474 Quam
719 1425 913 1481 magna
947 1411 1237 1466 multitudo
1283 1407 1584 1464 dulcedinis
1614 1416 1738 1472 tuae,
1769 1404 1873 1461 Do-

2054 1416 2136 1472 48.
2174 1415 2264 1479 Ὠς
2306 1413 2441 1465 πολὺ
2495 1411 2556 1463 τὸ
2610 1409 2811 1478 πλῆθος
2864 1408 2962 1478 τῆς
3003 1403 3368 1477 χρηστότητός
3423 1418 3545 1470 σου,

325 1517 471 1556 mine
500 1521 514 1555 ζ

1973 1512 2163 1556 Κύριε·

392 1517 471 1556 me
500 1521 514 1555 :

392 1592 483 1648 49.
520 1591 695 1658 Quam
723 1590 1059 1647 abscondisti
1089 1591 1406 1646 timentibus
1434 1599 1487 1646 te
1511 1610 1526 1647 :

2029 1531 2056 1564 υ
2100 1529 2164 1564 ιε·

1973 1513 2023 1600 ξ(
2045 1528 2134 1660 ιῖ9.
2171 1602 2281 1668 Ἦς
2307 1600 2550 1674 ἔκρυψας
2574 1598 2686 1661 τοῖς
2716 1592 3068 1665 φοϐουμένοις
3097 1608 3177 1648 σε.

393 1683 483 1738 50.
511 1683 794 1740 Perfecisti
821 1684 920 1750 eis,
948 1683 1040 1752 qui
1069 1693 1290 1760 sperant
1317 1684 1370 1738 in
1399 1692 1472 1750 te,

2045 1697 2131 1752 50.
2165 1693 2493 1765 Ἐξειργάσω
2517 1693 2628 1752 τοῖς
2653 1687 2958 1751 ἐλπίζουσιν
2985 1683 3077 1738 ἐπὶ
3111 1683 3189 1750 σὲ,

395 1777 483 1831 51.
517 1776 574 1832 In
602 1787 896 1847 conspectu
935 1778 1167 1832 ﬁliorum
1196 1779 1499 1833 hominum.

1909 1831 1950 1884 Β
2048 1789 2134 1842 51.
2180 1785 2448 1840 Ἐναντίον
2477 1783 2585 1836 τῶν
2613 1779 2743 1832 υίῶν
2769 1777 2877 1831 τῶν
2904 1774 3221 1846 ἀνθρώπων.

392 1868 481 1924 5‘2.
511 1870 824 1927 Abscondes
856 1887 952 1928 eos
985 1872 1040 1926 in
1066 1871 1398 1929 abscondito
1419 1869 1575 1925 faciei
1599 1877 1726 1935 tua,

2059 1880 2142 1934 52.
2170 1875 2556 1948 Κατακρύψεις
2580 1872 2777 1934 αὐτοὺς
2806 1870 2860 1923 ὲν
2903 1866 3205 1940 ἀποκρύφῳ
3251 1863 3344 1918 τοῦ
3377 1880 3550 1935 προσ-

1985 1977 2132 2029 ώπού
2160 1988 2274 2032 σου,

391 2046 480 2101 55.
506 2048 551 2100 Λ
581 2049 991 2103 conturbatione
1022 2048 1300 2102 hominum
1330 2067 1344 2101 :

2051 2069 2139 2122 55.
2183 2063 2315 2117 Ἀπὸ
2343 2061 2419 2133 (α)
2449 2059 2690 2130 ταραχῆς
2714 2054 3034 2127 ἀνθρώπωνο

396 2138 486 2192 54.
520 2137 776 2209 Proteges
808 2154 903 2194 eos
925 2139 979 2193 in
1011 2139 1362 2194 tabernaculo
1385 2153 1416 2192 a
1449 2136 1882 2192 contradictione

2059 2160 2140 2212 54.
2179 2154 2482 2217 Σκεπάσεις
2525 2151 2720 2215 αὐτοὺς
2768 2151 2826 2202 ὲν
2878 2148 3050 2219 σκηνῇ
3098 2143 3206 2198 ἀπὸ
3240 2139 3550 2210 ἀντιλογίας

324 2227 654 2299 linguarum.

1986 2252 2090 2317 γλω
2098 2250 2258 2303 σσῶν.

399 2321 486 2375 55.
538 2321 859 2378 Benedictus
908 2325 1212 2389 Dominus,
1264 2323 1524 2393 quoniam
1574 2319 1885 2376 miriﬁcavit

2063 2343 2133 2397 55.
2162 2339 2466 2412 Εὐλογητὸς
2490 2337 2708 2407 Κύριος,
2760 2335 2841 2388 ὅτι
2888 2329 3278 2401 ὲθαυμάστωσε
3308 2323 3372 2379 τὸ
3401 2324 3554 2387 ἕλεος

327 2413 758 2470 misericordiam
794 2432 947 2472 suam
982 2417 1035 2471 in
1060 2417 1276 2472 civitate
1301 2417 1528 2471 munita.

1208 2425 1276 2472 ηε
1301 2417 1528 2471 ηιυηίιδ·
1977 2434 2138 2489 αὐτοῦ
2162 2436 2218 2487 ὲν
2241 2433 2393 2486 πόλει
2421 2430 2699 2502 περιοχῆς.

397 2505 484 2559 56.
514 2505 628 2577 Ego
655 2516 835 2563 autem
864 2509 975 2563 dixi
1006 2509 1060 2563 in
1095 2525 1320 2564 excessu
1350 2507 1550 2563 mentis
1583 2521 1716 2561 mem
1744 2523 1757 2560 :

1641 2521 1716 2561 επ
1744 2523 1757 2560 ³
2048 2529 2136 2583 56.
2171 2526 2310 2596 Ἐγὼ
2328 2526 2385 2578 δὲ
2412 2521 2541 2577 εἶπα
2563 2525 2620 2576 ὲν
2644 2524 2708 2592 τῇ
2733 2520 2981 2574 ἐκστάσει
3010 2532 3131 2588 μου·

397 2599 486 2653 57.
513 2598 792 2669 Projectus
826 2617 945 2656 sum
978 2617 1009 2656 a
1039 2603 1174 2656 facie
1201 2602 1482 2656 oculorum
1512 2609 1750 2654 tuorum.

2061 2621 2137 2673 57.
2169 2618 2541 2690 Ἀπέρριμμαι
2565 2613 2673 2668 ἀπὸ
2689 2611 2977 2683 προσώπου
3003 2608 3108 2662 τῶν
3124 2600 3416 2677 ὀφθαλμῶν
3434 2617 3552 2653 σου.

399 2689 487 2744 58.
522 2690 646 2746 ldeo
695 2694 966 2749 exaudisti
1016 2709 1201 2750 vocem
1250 2694 1514 2749 orationis
1556 2709 1708 2759 meae,
1755 2692 1884 2746 dum

2062 2710 2149 2764 58.
2174 2710 2272 2764 Διά
2293 2689 2449 2761 τοῦτο
2483 2706 2804 2773 είσήκουσας
2830 2703 2930 2772 τῆς
2978 2699 3163 2769 φωνῆς
3189 2697 3289 2767 τῆς
3313 2690 3551 2764 δεήσεώς

330 2778 622 2834 clamarem
657 2783 722 2836 ad
748 2790 820 2838 te.
1162 2815 1169 2822 -

1562 2876 1574 2880 _
1996 2821 2118 2874 μου,
2141 2805 2198 2854 ὲν
2223 2800 2300 2870 τῷ
2332 2797 2657 2869 κεκραγέναι
2690 2813 2755 2866 με
2788 2793 2923 2864 πρὸς
2948 2791 3025 2846 σέ.

400 2869 490 2924 59.
525 2869 740 2943 Diligite
767 2872 1081 2942 Dominum,
1105 2890 1296 2930 omnes
1323 2875 1497 2932 sancti
1528 2876 1676 2946 ejus:

2068 2891 2153 2945 59.
2221 2869 2565 2957 ’Ᾱγαπήσατε
2632 2885 2722 2938 τὸν
2775 2881 3008 2954 Κύριον,
3065 2878 3263 2941 πάντες
3320 2876 3370 2929 οἱ
3421 2873 3559 2927 ὅσιοι

1995 2980 2180 3036 αὑτοῦ·

405 3069 480 3140 (α)
531 3070 594 3125 ν.
658 3073 744 3127 55.
796 3074 946 3138 Ἀπό,
1001 3085 1140 3139 etc.,
1196 3075 1410 3138 αύτούς.
1446 3074 1513 3127 ν.
1565 3073 1652 3128 54.
1717 3074 1804 3127 Ἐν
1847 3091 1896 3126 σ)

686 3073 744 3127 ὗ.
796 3074 946 3138 Ἀπό,
1001 3085 1140 3139 etc.,
1196 3075 1410 3138 αὐτούς.
1446 3074 1513 3127 ν.
1565 3073 1652 3128 54.
1717 3074 1804 3127 Ἐν
1847 3076 2044 3143 σκηνῇ,
2072 3082 2177 3126 etc.

1445 3186 1813 3242 ATllANASll
1853 3181 2427 3241 INTERPRETATIO.

407 3297 495 3360 4i,
527 3297 615 3352 ιε.
648 3297 819 3353 Visita
853 3315 941 3355 me
967 3317 1178 3357 servum
1227 3312 1401 3369 tuum,
1442 3314 1495 3359 et
1533 3304 1679 3359 salva
1713 3317 1799 3357 me
1835 3305 1888 3356 in

2075 3301 2153 3364 Η,
2183 3300 2271 3354 42.
2312 3297 2643 3369 Έπισκοπὴν
2697 3293 2922 3365 ποίησόν
2956 3309 3057 3364 μου
3095 3289 3190 3344 τοῦ
3219 3285 3402 3342 δούλου
3447 3297 3566 3344 σου,

338 3388 708 3444 misericordia
733 3399 843 3444 tua.

1829 3412 1838 3423 ·
1994 3395 2088 3448 καὶ
2117 3393 2288 3446 σῶσόν
2321 3409 2387 3462 με
2410 3393 2468 3445 ὲν
2495 3390 2572 3460 τῷ
2603 3389 2738 3442 ὲλέει
2765 3404 2877 3440 σου.

407 3479 498 3535 43.
537 3479 615 3536 Ne
649 3482 917 3550 despicias
946 3498 1052 3537 me.

2063 3486 2152 3539 4'5.
2187 3483 2279 3554 Μὴ
2302 3481 2620 3554 παρακούῃς
2645 3495 2744 3549 μου
2780 3475 2877 3547 (1).

408 3573 497 3626 44.
526 3570 827 3628 Daemones.

2069 3577 2159 3632 44.
2200 3577 2264 3629 Oi
2288 3575 2560 3646 δαίμονες.

406 3666 494 3720 45.
532 3667 833 3736 Aggressus
859 3667 1267 3721 immundorum
1304 3669 1615 3738 spirituum.

2075 3669 2158 3722 45.
2188 3669 2254 3720 Ai
2295 3665 2533 3720 εἰσϐολαὶ
2565 3664 2642 3732 (2)
2690 3660 2799 3714 τῶν
2851 3657 3173 3728 ἀκαθάρτων
3225 3651 3566 3722 πνευμάτων.

407 3760 496 3812 46.
527 3757 729 3814 Contra
760 3759 928 3814 Deum
964 3769 1018 3814 et
1052 3775 1238 3815 servos
1267 3760 1404 3829 ejus.

2073 3759 2159 3812 46.
2195 3758 2349 3811 Κατὰ
2378 3755 2469 3810 τοῦ
2497 3753 2631 3807 Θεοῦ
2668 3753 2760 3808 καὶ
2791 3752 2896 3805 τῶν
2921 3749 3105 3803 αὐτοῦ.

412 3850 503 3904 47.
539 3850 596 3904 ln
625 3851 885 3920 jactantia
906 3862 960 3906 et
987 3852 1360 3921 despicientia.

2069 3852 2157 3906 47.
2196 3851 2282 3902 Ἐν
2303 3847 2588 3916 ἀλαζονείᾳ
2617 3847 2710 3898 καὶ
2740 3843 3027 3915 ὑπεροψίᾳ.

413 3943 502 4008 48,
538 3943 627 3997 49.
671 3943 945 3998 Bonorum
992 3953 1208 3998 tuorum
1231 3985 1246 4010 ,
1277 3960 1398 4014 qua!
1432 3947 1746 4016 preparasti
1781 3962 1901 4001 san-

2084 3941 2160 4006 48,
2188 3941 2276 3995 49.
2305 3938 2424 3992 Τῶν
2451 3935 2668 4005 ἀγαθῶν
2695 3951 2809 3999 σου,
2839 3928 2913 3987 ὧν
2937 3932 3234 4005 ἡτοίμασας
3270 3936 3379 3996 τοῖς
3400 3932 3575 4000 ἁγίοις

345 4037 449 4091 ctis
481 4037 610 4091 tuis.

2004 4049 2118 4084 σου.
2624 4026 2633 4031 ’

417 4127 505 4182 50.
541 4126 990 4196 lncomparabilia
1024 4128 1228 4198 parasti
1255 4128 1597 4198 sperantibus
1628 4131 1680 4184 in
1710 4140 1778 4185 te.

2079 4122 2166 4176 50.
2198 4121 2526 4191 Ἀσύγκριτα
2557 4118 2890 4191 ηὐτρέπισας
2911 4117 3023 4178 τοῖς
3048 4112 3350 4178 ἐλπίζουσιν
3373 4115 3462 4167 ἐπὶ
3491 4113 3570 4167 σέ.

419 4220 508 4275 51.
540 4218 597 4272 ln
628 4229 922 4289 conspectu
965 4234 1153 4274 eorum
1186 4219 1280 4289 qui
1310 4235 1341 4274 a
1371 4219 1607 4274 sinistris
1664 4221 1903 4275 stabunt.

1802 4229 1903 4275 int.
2078 4213 2164 4267 51.
2210 4211 2469 4264 Ἐνώπιον
2493 4211 2600 4263 τῶν
2630 4209 2687 4273 ἐξ
2718 4206 3019 4280 ἀριστερῶν
3048 4202 3293 4257 ἑστώτων

421 4312 510 4367 52.
537 4312 825 4367 Custodies
853 4327 949 4366 eos
977 4315 1032 4366 in
1062 4311 1203 4366 Filio
1231 4322 1344 4368 tuo.

2078 4305 2164 4358 5‘2.
2199 4304 2454 4367 Φυλάξεις
2488 4303 2681 4364 αὐτοὺς
2714 4303 2769 4352 ὲν
2796 4298 2873 4369 τῷ
2897 4297 3010 4367 Υἱῷ
3035 4314 3146 4349 σου.

417 4405 503 4459 53.
527 4403 572 4457 Α
592 4410 860 4474 potestate
885 4403 1167 4458 hominum
1197 4404 1434 4474 eripiens
1458 4404 1630 4474 gratia
1670 4413 1785 4457 tua.

2083 4397 2165 4451 55.
2199 4397 2273 4464 (5)
2340 4393 2472 4447 Ἀπὸ
2537 4392 2850 4455 δυναστείας
2913 4372 3213 4459 ἀνθρώπων
3277 4387 3574 4458 ῥυσάμενος

2010 4493 2074 4560 τῇ
2107 4488 2286 4559 χάριτί
2313 4504 2426 4539 σου.

421 4583 509 4638 54.
538 4581 825 4637 Custodies
851 4597 946 4639 cos
971 4584 1024 4638 in
1058 4585 1429 4649 tabernaculo,
1465 4584 1606 4653 quod
1642 4581 1912 4652 compegit

2088 4580 2170 4633 54.
2225 4577 2486 4642 Φυλάξεις
2543 4575 2739 4637 αὐτοὺς
2768 4574 2825 4625 ἐν
2852 4575 2916 4642 τῇ
2967 4574 3157 4644 σκηνῇ,
3213 4571 3278 4624 ἣν
3326 4569 3521 4640 ἔπηξεν
3552 4573 3579 4622 ὁ

353 4676 615 4733 Dominus
649 4675 702 4728 in
734 4674 905 4728 caelis.

1417 4644 1426 4649 ⁷
1480 4644 1498 4653 -
1769 4644 1786 4652 -
1838 4644 1864 4652 v
1942 4644 1984 4697 ι)
2015 4671 2214 4742 Κύριος
2248 4671 2304 4722 ἐν
2327 4671 2438 4731 τοῖς
2461 4667 2727 4738 οὐρανοῖς.

425 4768 514 4822 55.
554 4765 931 4835 Multiplicavit
962 4768 1392 4822 misericordiam
1435 4783 1589 4822 suam
1621 4780 1782 4835 super
1815 4782 1910 4836 po-

2090 4763 2170 4816 55.
2214 4759 2510 4830 Ἐπλήθυνε
2541 4757 2602 4810 τὸ
2643 4757 2787 4818 ἔλεος
2840 4752 3003 4808 αὐτοῦ
3057 4753 3148 4808 ἐπὶ
3196 4752 3285 4806 τὸν
3337 4751 3464 4805 λαὸν
3491 4750 3581 4805 τὸν

355 4861 539 4930 pulum
563 4858 818 4913 ﬁdelem.’

723 4871 772 4910 m
783 4858 818 4908 .'
2011 4855 2212 4908 πιστόν.

423 4950 514 5017 56,
549 4951 638 5007 57.
668 4941 779 5017 Eg‘o
803 4954 982 5000 autem
1010 4945 1121 4999 dixi
1154 4945 1208 4998 in
1233 4954 1454 5012 peccato
1479 4962 1623 5002 meo.

2081 4947 2171 5010 56,
2205 4947 2291 5001 57.
2339 4945 2478 5013 Ἐγὼ
2499 4945 2554 4998 δὲ
2579 4939 2710 4996 εἶπα
2733 4944 2788 4996 ὲν
2817 4946 2882 5013 τῇ
2911 4939 3150 5012 ἁμαρτίᾳ
3180 4956 3298 5009 μου.

426 5043 514 5098 58.
550 5043 689 5110 Quia
724 5038 1009 5097 confessus
1033 5053 1153 5091 sum
1179 5037 1270 5090 tibi
1301 5047 1517 5105 peccata
1566 5055 1683 5094 mea
1711 5039 1763 5093 in
1806 5039 1910 5093 hu-

2089 5039 2176 5096 58.
2205 5039 2303 5093 Διά
2329 5039 2390 5092 τὸ
2423 5033 2914 5108 ἐξομολογήσασθαί
2947 5051 3028 5086 σοι
3051 5032 3149 5095 τὰς
3177 5028 3447 5101 ἁμαρτίας
3479 5045 3578 5096 μου

359 5136 584 5192 militate
638 5136 821 5192 cordis
880 5133 1030 5201 mei,
1083 5129 1352 5186 exaudisti
1410 5131 1667 5200 gemitum
1722 5133 1850 5185 anin

2121 5128 2445 5184 ταπεινώσει
2489 5128 2587 5198 τῆς
2647 5125 2874 5198 καρδίας
2924 5141 3058 5196 μου,
3116 5122 3436 5192 εἰσήκουσας
3488 5117 3579 5170 τοῦ

361 5245 510 5282 meae.
2021 5221 2219 5292 δερμοῦ
2243 5220 2318 5290 (4)
2341 5221 2438 5290 τῆς
2468 5219 2647 5290 ψυχῆς
2678 5236 2798 5290 μου.

428 5318 516 5375 59.
566 5319 766 5377 Omnes
829 5322 922 5392 qui
969 5319 1161 5376 odistis
1203 5315 1490 5388 improba,
1533 5313 1742 5384 diligite
1813 5314 1918 5369 Do-

2095 5313 2182 5367 59.
2216 5312 2421 5376 Πάντες
2461 5312 2511 5364 οί
2550 5310 2832 5382 μισοῦντες
2872 5306 3080 5380 πονηρὰ
3126 5305 3222 5377 (5),
3262 5301 3580 5373 ἀγαπήσατε

362 5409 588 5463 minum.

2025 5403 2115 5457 τὸν
2148 5403 2368 5474 Κύριον.

1309 5519 1614 5585 Addenda
1652 5528 1712 5582 et
1741 5519 2113 5599 corrigenda
2147 5537 2225 5580 ex
2260 5519 2401 5580 cod.
2439 5517 2639 5579 Vatic.

302 5675 308 5720 ἑ
435 5647 512 5720 (1)
537 5645 727 5720 Κρρεεε
762 5649 834 5720 μὴ
870 5645 1218 5718 παρεικούσης
1249 5662 1368 5715 μουι
2031 5643 2117 5720 τῇι
2139 5649 2250 5720 ,(ἒίίξς

459 5705 514 5783 2')
557 5705 962 5779 Έὲιδολαὶί,ἐιυ.’
1249 5705 1261 5715 ’

1161 5705 1187 5718 ”
1202 5705 1212 5710 ⁷
1249 5705 1261 5715 ’
2068 5705 2178 5783 πθ)
2213 5705 2496 5783 Ἁιξυρμοῦ.

436 5775 516 5858 (ὅ)
541 5787 605 5841 Ν.
632 5775 903 5862 53._'Ar:6,
933 5797 1059 5854 etc.,
1091 5785 1340 5856 φυλάξεις
1383 5785 1592 5849 αὐτούς.
1630 5784 1692 5840 Ν.
1737 5784 1927 5841 ὄίΰεν

1112 5785 1340 5852 maga;
1383 5785 1592 5849 αὐτούς.
1630 5784 1692 5840 Ν.
1737 5784 1927 5841 suav
2106 5779 2181 5849 (5)
2213 5775 2603 5846 Ilév'mvnpév-
