3776 6272
146 256 255 310 7G!
1061 249 1151 304 DE
1189 248 1468 307 TITULIS
1512 247 1964 306 PSALMORUM.
2001 276 2074 291 --
2108 248 2306 308 PSAL.
2357 249 2548 306 XXXI.
3319 250 3421 306 762

228 373 336 428 60.
361 371 487 426 Ὀτι
519 369 777 442 ἀληθείας
804 368 1022 440 ἐκζητεῖ
1051 369 1272 442 Κύριος.

1792 379 1837 431 Α
1937 368 2025 424 60.
2053 367 2323 434 Quoniam
2350 369 2607 425 veritates
2637 368 2868 439 requirit
2894 367 3190 434 Dominus;

228 467 333 519 61.
397 465 512 517 Καὶ
561 461 949 517 ἀνταποδίδωσι
1002 465 1113 527 τοῖς
1169 461 1444 535 περισσῶς
1510 459 1719 514 ποιοῦσι

1935 461 2025 515 61.
2066 463 2132 515 Et
2183 461 2440 516 (retribuit
2480 461 2819 516 abundanter
2867 459 3188 514 facientibus
3234 470 3424 528 super-

147 555 272 608 ὗπε
285 555 580 626 ρηιρανίαν.

534 571 580 608 ν.
1861 552 2025 607 biam.

235 648 338 702 δὲ.
380 646 749 718 ’Δνδρίζεσθε,
780 645 874 699 καὶ
901 644 1281 717 κραταιούσθω
1308 647 1342 714 ἡ
1367 643 1562 716 καρδία
1585 642 1726 714 ὑμῶν.

1933 643 2021 697 6‘2.
2058 643 2302 697 Viriliter
2349 642 2524 712 agite,
2571 651 2626 696 et
2663 640 2998 696 confortetur
3034 655 3131 696 cor
3158 648 3424 707 vestrum,

229 739 328 794 65.
355 740 569 802 Πάντες
595 739 644 791 oi
674 735 981 800 ἐλπίζοντες
1009 737 1102 789 ἐπὶ
1121 736 1344 808 Κύριον.

1930 735 2019 790 65.
2056 734 2259 790 Omnes
2288 734 2379 804 qui
2409 735 2640 812 speratis
2670 734 2721 788 in
2751 732 3001 789 Domino-
3315 738 3325 749 ‘

287 830 535 899 Ψαλμὸς
566 827 647 894 τῷ
689 828 884 882 Δαϐίδ·
927 828 1256 894 συνέσεως.
1293 830 1464 883 ΨΑΛ.
1491 826 1622 882 ΛΑ’.

1985 824 2234 880 Psalmus
2258 823 2428 878 David
2453 841 2472 889 ;
2495 824 2808 878 intellectus.
2835 820 3033 877 PSAL.
3067 819 3225 874 XXX
3231 817 3279 875 1.

235 919 298 975 1.
322 920 628 992 Μακάριοι,
657 913 731 972 ὧν
773 918 1051 990 ἀφέθησαν
1081 921 1137 972 αί
1161 919 1404 990 ἀνομίαιο

1933 920 1985 973 1.
2019 917 2194 981 Beati,
2226 932 2460 988 quorum
2491 916 2731 972 remissa:
2759 925 2888 970 sunt
2914 915 3267 984 iniquitates;

232 1010 297 1065 2.
319 1010 432 1062 Ka’t
458 1005 535 1063 ὧν
560 1008 1021 1081 ἐπεκαλύφθησαν
1047 1009 1104 1062 αἱ
1129 1009 1412 1082 ἁμαρτίαι.

1930 1011 1987 1064 2.
2016 1008 2082 1064 Et
2112 1025 2345 1077 quorum
2377 1018 2516 1064 tecta
2548 1016 2677 1063 sunt
2707 1015 2950 1076 peccata.

237 1101 298 1154 3.
357 1101 648 1171 Μακάριος
683 1100 842 1173 ἀνὴρ,
902 1094 947 1169 ᾧ
992 1100 1054 1154 ού
1108 1100 1181 1172 μὴ
1226 1101 1509 1172 λογίσηται
1559 1099 1728 1172 Κύριο

1933 1101 1986 1155 5.
2022 1101 2223 1156 Beatus
2252 1101 2356 1167 vir,
2386 1101 2475 1156 cui
2517 1115 2625 1154 non
2663 1098 2952 1170 imputabit
2988 1095 3250 1153 Dominus
3291 1109 3420 1167 pec-

162 1192 478 1262 ἁμαρτίανο

1860 1200 2040 1247 catum
2071 1209 2085 1257 ;
3195 1193 3200 1198 ’

236 1284 295 1338 4.
329 1283 472 1336 Ούόέ
503 1283 650 1336 ἐστιν
676 1284 735 1338 ἐν
759 1283 836 1355 τῷ
861 1284 1086 1355 στόματι
1125 1283 1288 1338 αὑτοῦ
1322 1283 1488 1348 δόλος.

1322 1283 1488 1348 δόλος.
1927 1285 1982 1340 4.
2014 1282 2121 1339 Nec
2146 1291 2231 1340 est
2262 1283 2316 1337 in
2345 1297 2440 1338 ore
2466 1281 2587 1352 ejus
2616 1281 2795 1336 dolus.

231 1377 289 1430 5.
320 1377 452 1428 Ὅτι
482 1376 733 1447 ἐσίγησα,
762 1374 1071 1447 ἐπαλαιώοη
1103 1374 1173 1428 τὰ
1193 1376 1326 1428 ὀστᾶ
1355 1392 1480 1446 μου,

1922 1376 1975 1431 5.
2011 1375 2279 1442 Quoniam
2307 1375 2472 1440 tacui,
2513 1375 2950 1429 inveteraverunt
2978 1386 3102 1428 ossa
3126 1386 3265 1436 mea,

227 1469 284 1522 6.
339 1469 477 1522 Ἀπὸ
508 1468 603 1523 τοῦ
631 1467 851 1539 κράζειν
889 1485 954 1539 με
976 1467 1104 1539 ὅλην
1127 1468 1226 1538 τὴν
1257 1467 1492 1539 ἡμέραν.

1276 1467 1492 1539 ῇμέραν.
1931 1468 1986 1522 6.
2026 1467 2162 1522 Dum
2191 1468 2484 1522 clamarem
2517 1475 2630 1521 tota
2662 1468 2767 1521 die.

238 1562 294 1614 7.
326 1562 454 1614 Ὅτι
515 1561 730 1633 ἡμέρας
765 1561 860 1614 καὶ
894 1559 1085 1624 νυκτὸς
1146 1558 1416 1631 ἐϐαρύνθη
1470 1559 1558 1610 ἐπ’
1598 1557 1729 1628 ἐμὲ⁴

1933 1559 1984 1614 7.
2021 1558 2294 1626 Quoniam
2325 1559 2414 1614 die
2458 1574 2523 1614 ac
2570 1568 2728 1615 nocte
2753 1567 2971 1629 gravata
3014 1565 3098 1613 est
3129 1571 3295 1628 super
3334 1570 3421 1610 me

156 1655 290 1725 χείρ
319 1671 437 1706 σου·

1791 1714 1830 1725 __
1859 1667 2054 1707 manus
2077 1661 2168 1706 tua
2199 1670 2211 1706 :

237 1714 292 1798 8..
336 1745 648 1816 Ἔπρὰφην
673 1744 755 1808 είς
794 1743 1192 1813 ταλαιπωρίαν,
1227 1741 1284 1794 ἐν
1328 1740 1410 1813 τῷ
1443 1743 1728 1813 ἐμπαγῆνα

1935 1744 1988 1798 8.
2037 1741 2350 1798 Conversus
2396 1752 2520 1796 sum
2553 1738 2608 1794 in
2654 1753 2918 1805 aerumna,
2970 1738 3099 1795 dum
3135 1740 3419 1820 conﬁgitur

159 1859 258 1910 μοι
279 1839 552 1895 ἄκανθαν.

1859 1842 1994 1896 mihi
2024 1841 2199 1910 spina.

234 1935 288 1988 9.
319 1932 435 2002 Τὴν
457 1929 688 2000 ἀνομίαν
721 1946 824 2000 μου
862 1928 1155 2001 ἐγνώρισω

1926 1935 1979 1990 9.
2006 1931 2273 1987 Delictum
2308 1946 2488 1986 meum
2512 1931 2789 2003 cognitum
2822 1931 2925 1986 feci
2952 1950 2963 1986 :

234 2021 327 2074 10.
355 2022 468 2074 Καὶ
499 2021 596 2092 τὴν
620 2020 891 2092 ἁμαρτίαν
917 2039 1019 2092 μου
1052 2024 1151 2076 οὐκ
1175 2021 1439 2092 ἐκάλυψα.

1932 2020 2021 2078 10.
2051 2020 2119 2074 Ει
2147 2019 2477 2088 iniustitiam
2516 2036 2691 2075 meam
2726 2035 2834 2075 non
2871 2020 3149 2076 abscondi.

238 2114 328 2170 11.
385 2111 553 2167 Εἷπα·
595 2112 966 2185 Ἐξαγορεύσω
1016 2117 1136 2168 κατ’
1182 2115 1317 2186 ἐμοῦ
1371 2114 1469 2187 τὴν
1524 2114 1729 2185 ἀνομίαε

1929 2114 2014 2166 11.
2051 2111 2210 2168 Dixi:
2263 2111 2577 2167 Conﬁtebor
2623 2111 2911 2167 adversum
2960 2126 3047 2166 me
3097 2110 3417 2181 injustitiam

155 2226 266 2279 μου
303 2207 386 2279 τῷ
413 2209 498 2261 Ku
508 2208 624 2278 ρίῳ⁶

1765 2272 1768 2275 _
1855 2221 2030 2262 meam
2063 2204 2297 2259 Domino
2325 2223 2338 2259 :

231 2301 324 2354 12.
357 2301 470 2354 Καὶ
496 2303 560 2354 σὺ
582 2300 799 2371 ἀφῆκας
821 2297 920 2370 τὴν
945 2298 1199 2352 ἀσέϐειαν
1228 2299 1329 2370 τῆς
1370 2298 1596 2370 καρδίας
1624 2315 1722 2368 μου

1927 2297 2013 2351 12.
2051 2296 2116 2350 Et
2149 2305 2204 2350 tu
2239 2295 2500 2351 remisisti
2533 2293 2865 2363 impietatem
2894 2291 3073 2348 cordis
3106 2291 3208 2346 mei
3235 2309 3250 2358 ;

232 2393 325 2446 15.
375 2392 547 2464 ’Υπὲρ
575 2391 782 2462 ταύτης
825 2390 1182 2462 προσεύξεται
1217 2391 1352 2462 πρὸς
1383 2389 1441 2443 σὲ
1468 2391 1575 2454 πᾶς
1605 2391 1723 2443 ὃσιο

1928 2388 2016 2443 15.
2047 2387 2151 2442 Pro
2176 2387 2277 2443 hac
2305 2387 2485 2442 orabit
2507 2385 2576 2441 ad
2611 2397 2663 2441 te
2707 2386 2888 2442 omnis
2929 2393 3150 2442 sanctus
3194 2385 3249 2439 in
3285 2393 3419 2438 tem—

149 2483 216 2538 ἐν
243 2483 429 2555 καιρῷ
459 2482 690 2554 εὐθέτῳ·

1855 2494 1986 2550 pore
2020 2489 2328 2549 opportuno
2353 2496 2366 2532 :

1292 2569 1670 2626 ATHANASII
1709 2567 2302 2626 INTERPRETATIO.

228 2670 326 2723 60.
369 2667 573 2736 Ἀγαθὰ
603 2667 758 2738 ἔργα.

1925 2665 2013 2721 60.
2042 2665 2191 2720 Bona
2221 2680 2406 2735 opera.

226 2762 322 2815 61.
363 2761 490 2824 Τοῖς
549 2759 793 2813 ποιοῦσιν
823 2759 1116 2831 ἁμαρτίαν,
1161 2758 1330 2828 λέγει.

1923 2757 2012 2813 61.
2043 2757 2392 2813 Facientibus
2423 2769 2732 2828 peccatum,
2762 2761 2912 2818 dicit.

228 2853 322 2907 62.
369 2853 461 2922 Μὴ
489 2851 838 2906 ἐκλύσθωσαν
877 2851 954 2922 (1)
986 2849 1139 2920 ὑμῶν
1185 2851 1240 2904 αἱ
1297 2851 1540 2925 καρδίαι,
1613 2850 1719 2906 ἁλλι

1928 2850 2010 2905 62.
2063 2849 2141 2907 Ne
2180 2852 2550 2909 dissolvantur
2594 2854 2760 2910 corda
2809 2865 2985 2910 vestra
3014 2895 3030 2922 ,
3082 2853 3174 2909 sed
3221 2852 3419 2909 contir—

152 2945 644 3015 δυναμούσθωσαν.

603 2963 644 2998 ν.
1854 2953 2094 2999 mentur.

227 3039 320 3092 65.
349 3039 561 3102 Πάντες
588 3039 637 3090 oi
674 3036 771 3108 τὴν
800 3036 992 3090 ἐλπίδα
1025 3037 1238 3109 ἔχοντες
1261 3037 1353 3090 ἐπὶ
1377 3035 1604 3110 Κύριον.

1934 3035 2023 3091 65.
2061 3033 2284 3102 Omnes,
2315 3035 2411 3106 qui
2439 3051 2588 3106 spem
2620 3038 2831 3094 habetis
2857 3039 2910 3094 in
2942 3038 3191 3093 Domino.

236 3132 305 3185 Ἠ
328 3129 666 3203 προκειμένη
693 3130 972 3200 ἐπιγραφὴ
1003 3130 1242 3203 περιέχει
1263 3129 1339 3200 (2)
1361 3147 1375 3159 ο
1402 3127 1676 3201 [Ψαλμὸς
1700 3126 1780 3193 τῷ
1801 3127 1999 3199 Δαϐὶδ]
2023 3127 2130 3182 τοῦ
2161 3128 2338 3183 Δαϐίδ
2367 3131 2698 3198 συνέσεως.
2725 3131 2894 3186 Τοῦτο
2914 3127 3006 3186 οὖν
3037 3131 3307 3203 σημαίνει,
3342 3130 3422 3184 ὅτι

152 3228 204 3279 οἱ
238 3225 628 3296 ἡμαρτηκότες
667 3225 746 3288 είς
795 3223 1005 3278 σύνεσιν
1033 3224 1311 3297 ἐρχόμενοι
1356 3223 1762 3295 ἐπιστρέφουσι.
1796 3222 1956 3276 Δαϐὶδ
1994 3220 2102 3294 γὰρ
2127 3222 2487 3295 ἑρμηνεύεται
2526 3223 2922 3295 ἐξουδένωμα,
2949 3225 3085 3296 ὅπερ
3105 3223 3252 3277 ἐστὶν
3269 3222 3344 3295 (5)
3375 3223 3425 3276 oi

154 3322 187 3390 ή
198 3317 571 3406 μαρτηκότες.

235 3412 462 3468 Titulus
496 3411 822 3482 praepositus
844 3411 1092 3466 continet
1123 3429 1135 3465 :
1172 3409 1426 3466 Psalmus
1463 3409 1656 3478 David,
1689 3409 2006 3463 intellectus.
2036 3407 2154 3466 Hoc
2175 3411 2343 3480 igitur
2372 3412 2663 3483 signiﬁcat,
2713 3415 2856 3484 quod
2888 3421 3200 3484 peccatores
3231 3411 3289 3467 in
3336 3411 3427 3465 in-

155 3509 438 3564 tellectum
469 3509 752 3562 venientes
778 3515 1191 3562 convertuntur.
1219 3506 1390 3562 David
1423 3507 1569 3562 enim
1600 3509 1990 3576 interpretatur
2017 3507 2359 3576 contemptio,
2388 3508 2579 3577 quales
2610 3519 2740 3564 sunt
2767 3519 3103 3579 peceatores.

237 3604 288 3667 1,
321 3604 378 3655 2.
414 3602 556 3665 Τοὺς
582 3603 640 3656 ἐν
659 3600 737 3672 τῷ
766 3601 1100 3674 βαπτίσματι
1127 3601 1300 3670 λέγει.

1773 3612 1816 3669 c
1912 3603 1965 3667 1,
1989 3602 2044 3656 2.
2074 3603 2179 3658 Eos
2202 3602 2354 3668 dicit,
2385 3604 2480 3674 qui
2510 3604 2770 3675 baptizati
2805 3613 2953 3661 sunt.

232 3693 292 3747 5.
341 3692 435 3745 Ἐν
470 3691 652 3762 ἡμέρᾳ
692 3689 943 3762 κρίσεως.

941 3731 943 3741 ,
1919 3695 1972 3750 5.
2009 3694 2068 3748 In
2109 3697 2196 3751 die
2218 3696 2432 3766 judicii.

233 3785 288 3838 4.
319 3782 535 3844 Ψεῦδος
567 3781 735 3850 λέγει.

1919 3785 1972 3840 4.
2003 3785 2366 3857 Mendacium,
2401 3789 2597 3860 inquit.

228 3875 282 3938 5,
325 3875 382 3929 6.
415 3873 494 3945 (4)
548 3875 670 3928 Ὅτι
696 3874 924 3945 ἐσίγησα
950 3875 1058 3928 ἀπὸ
1081 3875 1174 3929 τοῦ
1210 3873 1465 3946 εὔχεσθαί
1501 3893 1566 3947 με
1597 3874 1719 3928 ἁδια

1930 3878 1980 3945 5,
2022 3879 2076 3934 6.
2129 3879 2400 3955 Quoniam
2459 3884 2584 3939 silui
2632 3884 2902 3940 desistens
2949 3884 3016 3938 ab
3059 3884 3421 3945 indesinenter

152 3964 416 4033 λιίπτως,
444 3968 539 4021 καὶ
576 3967 882 4039 ἠφανίσθην
911 3968 1018 4021 ἀπὸ
1055 3968 1152 4039 τῆς
1179 3968 1469 4041 ἁμαρτίας.

1854 3970 2083 4034 orando,
2116 3971 2238 4027 ideo
2256 3983 2613 4043 consumptus
2636 3989 2754 4029 sum
2781 3990 2810 4028 a
2842 3984 3082 4044 peccato.

231 4059 280 4110 7.
334 4059 448 4111 Καὶ
475 4057 660 4110 λοιπὸν
693 4056 884 4120 νυκτὸς
911 4059 1004 4111 καὶ
1050 4057 1264 4128 ἡμέρας
1289 4055 1526 4128 ὡργίζου
1561 4072 1670 4125 μοι.

1926 4061 1979 4114 7.
2002 4062 2068 4116 Et
2097 4063 2358 4134 deinceps
2387 4066 2476 4120 die
2508 4081 2573 4121 ac
2602 4075 2762 4121 nocte
2786 4067 2959 4122 iratus
2982 4084 3041 4123 es
3070 4069 3223 4123 mihi.

227 4147 280 4202 8.
323 4147 668 4217 Ἐστράερην
716 4151 804 4214 εἰς
834 4149 1256 4216 ταλαιπωρίαν
1293 4150 1373 4210 εἰς
1414 4147 1512 4218 τὴν
1571 4150 1718 4217 ἁμαρ

1929 4151 1978 4206 8.
2009 4152 2300 4208 Conversus
2327 4172 2442 4208 sum
2468 4157 2524 4209 in
2569 4173 2804 4211 (erumna
2833 4174 2850 4211 :
2881 4159 2934 4211 in
2970 4170 3212 4228 peccato,
3248 4174 3278 4212 a
3311 4174 3420 4228 quo

155 4242 315 4306 τίαν,
371 4239 433 4304 ἐξ
491 4235 558 4312 ἧς
592 4238 667 4312 (5)
709 4239 924 4312 ἐρῤύσω
965 4256 1066 4311 με·
1117 4240 1211 4294 καὶ
1239 4238 1605 4310 ἐκολλήθησαν

1854 4257 1940 4297 me
1964 4243 2232 4311 liberasti,
2264 4253 2318 4300 et
2353 4248 2733 4317 conglutinata
2759 4257 2886 4303 sunt
2910 4248 3042 4303 mihi
3072 4258 3308 4320 peccata.

156 4335 450 4406 ἁμαρτίαι.

225 4430 282 4494 9,
341 4429 429 4482 11.
490 4422 635 4481 Εἷπα
688 4427 1021 4498 ἐπιστρέψας
1076 4429 1212 4498 πρὸς
1273 4426 1352 4479 σέο
1398 4425 1716 4496 Ἐξομολογή

1927 4427 1976 4492 9,
2014 4427 2100 4480 11.
2153 4427 2274 4483 Dixi
2325 4445 2620 4486 conversus
2653 4431 2718 4486 ad
2767 4440 2836 4500 te,
2863 4430 3175 4488 Conﬁtebor
3208 4433 3302 4487 tibi
3333 4433 3418 4488 di-

158 4520 326 4592 σομαί
353 4521 432 4591 (6)
464 4537 546 4573 σοι
585 4519 782 4588 λέγων’
836 4517 1049 4587 Πάτερ,
1082 4518 1350 4588 ἥμαρτον
1376 4520 1462 4583 εἰς
1490 4517 1596 4570 τὸν
1644 4545 1649 4568 ‹

1926 4536 1984 4576 ns
2011 4538 2025 4576 :
2056 4520 2241 4587 Pater,
2265 4525 2474 4589 peccavi
2501 4525 2555 4577 in
2583 4525 2767 4578 cwlum
2797 4536 2846 4579 et
2869 4542 3047 4580 coram
3077 4535 3156 4581 te:
3176 4527 3295 4598 jam
3316 4543 3417 4582 non

147 4612 369 4682 ρανὰν,
405 4611 504 4665 καὶ
533 4610 788 4664 ἐνώπιόν
825 4625 961 4664 σου·
991 4611 1102 4664 οὐκ
1141 4611 1228 4664 ἐτι
1253 4609 1368 4680 εἰμὶ
1412 4607 1579 4673 ἄξιος
1603 4626 1638 4660 κ

1330 4609 1368 4662 tl
1412 4607 1579 4673 ἄξιος
1603 4611 1749 4677 κλη-
1853 4630 1970 4667 sum
2002 4615 2195 4685 dignus
2226 4617 2401 4670 vocari
2443 4617 2588 4686 ﬁlius
2613 4628 2732 4672 tuus
2755 4617 2821 4674 ⁸³.

154 4703 337 4772 θῆναι
367 4704 498 4768 υἱός
535 4719 672 4757 σου.

230 4794 321 4848 12.
357 4795 432 4846 ΣΞ)
454 4794 511 4847 δὲ
537 4794 696 4864 μόνον
724 4791 962 4858 ἀκούσας
979 4792 1054 4864 (7)
1080 4791 1251 4846 ταῦτα
1270 4790 1537 4860 λέγοντος,
1564 4785 1721 4855 εἶπας

1924 4792 2008 4847 l2.
2079 4793 2159 4850 Tu
2209 4805 2389 4852 autem
2449 4797 2626 4854 solum
2678 4799 2908 4855 audiens
2967 4799 3083 4855 haec
3127 4797 3392 4854 dicentem

157 4884 352 4952 Οὗτος
385 4889 418 4939 ό
445 4887 575 4952 υἱός
601 4902 719 4956 μου
749 4884 959 4954 νεκρὸς
999 4880 1098 4957 ἦν,
1155 4884 1254 4938 καὶ
1285 4882 1594 4951 ἀνέζησεν-ι
1630 4901 1648 4936 ι

1927 4887 2034 4942 [15ιί
2060 4907 2074 4943 :
2110 4888 2212 4943 llic
2242 4891 2387 4960 ﬁlius
2413 4908 2556 4947 meus
2579 4901 2817 4947 mortuus
2842 4902 2953 4946 erat
2979 4903 3027 4946 et
3059 4891 3272 4955 revixit;
3301 4905 3418 4959 per-

154 4977 405 5043 ολωλὼς
429 4974 526 5044 ἦν,
561 4977 656 5030 καί
687 4975 924 5044 εὑρέθη.

1782 4977 1826 5033 D
1855 4976 2010 5042 ierat,
2042 4989 2091 5032 et
2115 4981 2353 5037 inventus
2375 4994 2452 5039 est
2473 4983 2539 5038 ⁵⁵.

230 5066 321 5119 15.
373 5066 484 5118 Καὶ
534 5063 720 5118 λοιπὸν
769 5062 969 5127 πάντες
1011 5063 1060 5116 οἱ
1100 5060 1321 5132 ἄγγελοί
1378 5078 1471 5114 σου
1533 5058 1719 5133 χαίρον

1929 5068 2011 5122 15.
2065 5070 2132 5126 Et
2174 5074 2403 5143 proinde
2446 5091 2638 5132 omnes
2686 5077 2862 5148 angeli
2907 5075 2984 5131 tui
3027 5075 3326 5146 gaudentes
3371 5084 3420 5130 te

157 5169 250 5215 τες
279 5151 356 5224 (8)
408 5153 667 5218 ἐδόξασάν
697 5169 756 5205 σε
790 5152 856 5205 δι’
892 5152 1013 5222 ἐμέ.

1855 5157 2292 5228 glorificaverunt
2315 5178 2532 5238 propter
2554 5183 2658 5223 me.

230 5247 282 5280 ³⁸
312 5245 446 5304 Luc.
472 5264 562 5316 xv,
594 5246 683 5302 21.
757 5247 802 5278 "
840 5245 976 5300 ibid.
1009 5245 1099 5302 52.

1116 5334 1427 5398 Addenda
1466 5340 1527 5397 et
1576 5332 1948 5414 corrigenda
1983 5364 2061 5408 ex
2092 5350 2234 5412 cod.
2269 5350 2471 5413 Vatic.

348 5440 777 5527 ξξξκλυέσθωσαν.
845 5508 903 5527 Η
961 5526 966 5527 γ
1047 5526 1050 5527 ν
1169 5524 1183 5527 _
1223 5507 1238 5527 ρ
1655 5465 1658 5468 ’
2017 5446 2136 5527 ᾕρει
2164 5448 2440 5527 ἐστράφην
2463 5448 2543 5512 εἰς
2574 5447 2671 5519 τὴν
2696 5449 2946 5522 ἀνομίαν,
2971 5446 3030 5520 ἐξ
3053 5442 3142 5525 ἧς,
3172 5452 3278 5503 ele-

445 5511 534 5590 διὰ
559 5515 656 5582 τῆς
688 5508 1055 5581 κινναϐάρεως
1085 5507 1348 5579 περιέχει.
2026 5507 2578 5590 ,Ἐξωμοχογῆἀάμῆω

235 5582 517 5655 (ξ’)Είέίν·
601 5653 628 5655 _,
1047 5653 1054 5655 _
1144 5650 1158 5655 _
1282 5646 1331 5655 ..
1498 5645 1511 5655 .
1587 5643 1598 5655 .
1698 5641 1710 5655 .
1915 5582 1992 5655 (⁷)
2023 5582 2374 5653 Ἤκοῧσας.”
2455 5582 2525 5590 ”
2721 5616 2730 5624 ·

164 5721 196 5787 ζ
338 5653 473 5717 N.5,
508 5655 562 5720 6,
600 5653 651 5708 7.
690 5652 875 5708 Ὅτι..
902 5689 919 5708 .
957 5653 1087 5707 καί·
1127 5647 1290 5719 deest:
1318 5646 1372 5702 in
1418 5645 1532 5704 cod.
1571 5643 1652 5717 ὠρ

198 5739 261 5777 συ
294 5739 405 5785 μοι.

1229 5647 1290 5719 εις
1318 5646 1372 5702 in
1418 5645 1532 5704 cod.
1571 5641 1739 5717 ὠργε-
2027 5641 2718 5735 ,Ἄγγελοῖίσυγχαίροντεᾳ
