3776 6272
413 282 518 336 763
1262 283 1322 338 S.
1361 281 1730 339 ATHANASII
1761 285 1910 340 OPP.
1953 285 2132 340 PARS
2171 285 2263 342 111.
2297 314 2363 327 --
2402 279 2810 338 EXEGETICA.
3432 326 3440 332 ,
3540 274 3670 328 761»

482 397 568 452 ﬂ.
604 386 990 454 verumtamen
1029 398 1083 452 in
1114 398 1320 454 diluvio
1368 416 1635 470 aquarum
1669 401 1962 456 multarum

2177 399 2222 452 1.
2252 398 2398 469 Πλὴν
2453 398 2510 449 tv
2565 389 2930 462 κατακλυσμῷ
2971 388 3176 442 ὑδάτων
3237 386 3469 451 πολλῶν,
3509 386 3668 459 πρὸς

408 490 477 546 ad
503 506 627 546 eum
657 506 765 545 non
795 490 1269 560 approximabunt.

1154 501 1269 544 unt.
2069 491 2228 545 αὐτὸν
2261 491 2371 561 οὐκ,
2385 487 2645 557 ὲγγιοΰσι.

481 581 570 638 15.
603 580 682 635 Tu
735 597 913 635 meum
962 597 1022 637 es
1068 582 1334 653 refugium
1362 600 1390 638 a
1432 585 1800 652 tribulatione,
1849 601 1969 654 quat

2174 583 2206 636 5
2251 582 2320 634 Σύ
2346 599 2445 652 μου
2475 577 2524 634 εἷ
2547 577 2832 650 καταφυγὴ
2864 576 2970 631 ἀπὸ
2994 575 3222 646 θλίψεως
3245 575 3341 645 τῆς
3363 592 3428 628 πε
3438 573 3665 646 ριεχού-

406 671 766 728 circumdedit
797 687 903 726 me.

798 687 903 726 me.
2071 690 2167 743 σης
2203 690 2289 742 με.

480 762 896 819 16.Ειευ1ιαιίο
924 779 1064 829 mea,
1111 782 1242 822 erue
1293 782 1380 821 me
1425 783 1454 822 a
1501 767 1968 823 circumdantibus

2176 764 2224 818 6.
2289 763 2362 816 Τὸ
2413 761 2719 834 άγαλλὶαμά
2770 779 2892 832 μου,
2938 759 3211 832 λύτρωσαί
3265 775 3332 829 με
3390 757 3501 811 ἀπὸ
3531 757 3661 810 τῶν

409 870 515 908 me.
948 897 950 899 >

2067 855 2462 910 κυκλωσάντων
2499 872 2584 924 με.

477 943 565 996 17.
598 941 939 1000 Intellectum
991 946 1089 1001 tibi
1124 947 1286 1012 dabo,
1317 957 1371 1002 et
1418 948 1683 1004 instruam
1717 959 1766 1004 te
1793 949 1848 1002 in
1881 949 1965 1002 via

2173 949 2225 1000 7.
2261 946 2494 1001 Συνετιῶ
2547 964 2629 1012 σε,
2663 946 2756 999 καὶ
2785 942 3032 1015 συμϐιϐῶ
3063 960 3121 996 σε
3146 944 3204 996 ὲν
3241 941 3346 1013 ὁδῷ
3377 939 3583 1012 ταύτῃ,
3615 935 3658 1012 ᾖ

408 1031 531 1096 hac,
565 1049 671 1103 qua
702 1024 970 1105 gradieris
998 1055 1011 1090 :

841 1024 970 1092 ieris
998 1055 1011 1090 :
2068 1041 2325 1114 πορεύσῃ·

480 1125 569 1179 18.
603 1126 861 1182 Firmabo
890 1145 1056 1198 super
1092 1139 1143 1184 te
1173 1131 1361 1184 oculos
1388 1146 1559 1184 meos.

2140 1132 2228 1186 18.
2279 1130 2610 1201 Ἐπιστηριῶ
2633 1129 2725 1182 ἐπὶ
2757 1128 2816 1182 σὲ
2834 1127 2959 1192 τοὺς
2980 1125 3289 1197 ὀφθαλμούς
3315 1143 3435 1196 μου.

476 1214 564 1269 19.
595 1214 772 1272 Nolite
802 1218 919 1292 fieri
951 1219 1094 1273 sicut
1122 1233 1296 1288 equus
1327 1227 1381 1273 et
1407 1219 1608 1286 mulus,
1634 1218 1832 1289 quibus
1861 1232 1966 1272 non

2173 1225 2223 1278 9.
2249 1223 2340 1296 Μὴ
2363 1222 2575 1291 γίνεσθε
2601 1221 2676 1286 ὡς
2699 1223 2863 1285 ἵππος
2903 1220 2996 1274 καὶ
3023 1219 3262 1290 ἡμίονος,
3289 1213 3370 1282 οἷς
3397 1218 3498 1270 οὐκ
3523 1215 3657 1270 ἔστι

405 1313 489 1362 est
520 1307 845 1365 intellectus.

810 1326 845 1365 ς.
2070 1315 2301 1380 σύνεσις.

480 1396 570 1451 20.
604 1397 662 1452 1η
700 1415 858 1455 camo
889 1412 946 1457 et
967 1403 1122 1461 freno
1152 1406 1402 1462 maxillas
1437 1421 1625 1462 eorum
1658 1402 1968 1472 constringe

2164 1407 2225 1461 ιο.
2281 1408 2368 1461 Ἐν
2395 1405 2556 1479 κημῷ
2585 1405 2678 1460 καὶ
2707 1402 2905 1476 χαλινῷ
2928 1401 3027 1465 τάς
3060 1401 3312 1470 σιαγόνας
3331 1399 3511 1455 αὐτῶν
3542 1400 3655 1469 ἄγε-

409 1484 818 1563 [constringes],

2069 1498 2186 1565 ξαις
2214 1500 2416 1573 [ἄγξαι,
2453 1500 2508 1554 in
2542 1515 2714 1568 marg.
2745 1497 2868 1552 cod.
2901 1494 3128 1566 ἅγξεις],

478 1580 566 1635 21.
595 1581 697 1648 Qui
727 1599 833 1638 non
863 1585 1241 1655 approximant
1276 1585 1342 1641 ad
1382 1594 1454 1641 te.

2136 1591 2223 1646 21.
2250 1591 2369 1644 Τῶν
2400 1589 2473 1662 μὴ
2494 1589 2820 1658 ἐγγιζόντων
2843 1587 2979 1658 πρὸς
3002 1585 3080 1639 σέ.

475 1673 570 1730 22.
605 1674 770 1730 Multa
806 1676 1015 1749 ﬂagella
1046 1679 1387 1748 peccatoris:

2002 1748 2040 1752 ί.
2135 1683 2224 1737 22.
2262 1681 2458 1734 Πολλαὶ
2480 1683 2534 1734 αἱ
2563 1680 2822 1752 μάστιγες
2864 1677 2958 1732 τοῦ
3007 1676 3351 1749 ἁμαρτωλοῦ·

480 1763 571 1818 25.
605 1763 925 1835 Sperantem
973 1776 1155 1824 autem
1213 1770 1266 1824 in
1316 1767 1549 1824 Domino
1595 1763 1967 1822 misericordia

2135 1771 2228 1827 25.
2255 1772 2358 1825 Τὸν
2381 1771 2439 1825 δὲ
2464 1769 2751 1834 ἐλπίζοντα
2779 1769 2872 1822 ἐπὶ
2892 1768 3095 1840 Κύριον
3119 1768 3265 1832 ἔλεος
3289 1766 3586 1824 κυκλώσει.

409 1853 790 1913 circumdabit.

483 1951 572 2006 24.
603 1951 884 2008 Laetamini
916 1954 972 2007 in
1004 1951 1256 2018 Domino,
1284 1958 1340 2007 et
1369 1951 1660 2020 exsultate,
1683 1950 1817 2022 justi
1842 1968 1858 2019 ;

2162 1948 2226 2002 ιι.
2281 1947 2636 2019 Εὐφράνθητε
2701 1947 2795 2002 ἐπὶ
2853 1947 3091 2011 Κύριον.
3147 1945 3241 1998 καὶ
3286 1941 3653 2011 ἀγαλλιᾶσθε,

2066 2042 2298 2097 δίκαιοι·

469 2135 559 2190 25.
595 2133 659 2190 Ει
681 2133 1012 2206 gloriamini,
1045 2150 1238 2190 omnes
1262 2135 1394 2191 recti
1425 2134 1613 2191 corde.

2136 2135 2227 2189 25.
2258 2136 2370 2188 Kal.
2399 2132 2696 2204 καυχᾶσθε,
2726 2131 2925 2196 πάντες
2949 2129 3000 2185 oi
3028 2129 3205 2194 εύθεῖς
3226 2130 3290 2200 τῇ
3312 2126 3533 2198 καρδίᾳ.

453 2244 706 2302 Ρεαίηιιιε
735 2246 928 2303 David.
957 2246 1081 2301 Sine
1109 2248 1448 2317 inscriptione
1473 2248 1612 2318 apud
1645 2245 1915 2303 Hebrum.

2157 2248 2322 2319 ιλιιὸς
2351 2247 2428 2313 τῷ
2454 2246 2650 2302 Δαϐίδ.
2685 2245 3113 2314 Ἀνεπίγραφος
3157 2243 3291 2311 παρ’
3337 2237 3648 2308 Ἑϐραίοις.

955 2335 1164 2393 PSAL.
1197 2336 1448 2391 XXXII.

2675 2340 2850 2392 ΨΑΛ.
2878 2339 3010 2391 AB'.

477 2425 531 2479 1.
563 2424 864 2495 Exsultate,
889 2429 1045 2500 justi,
1077 2431 1131 2484 in
1160 2429 1426 2484 Domino:

2141 2431 2192 2487 1.
2231 2430 2604 2500 Ἀγαλλιᾶσθε,
2633 2430 2852 2496 δίκαιοι,
2885 2431 2943 2483 tv
2974 2427 3181 2500 Κυρίῳ·

477 2518 514 2572 2
564 2518 760 2576 Rectos
789 2523 1317 2580 deeetcollaudatio.
1454 2558 1458 2561 ι

2140 2524 2196 2579 2.
2225 2523 2349 2588 Τοῖς
2381 2524 2561 2578 εύθέσι
2596 2523 2795 2595 πρέπει
2825 2522 3047 2586 αῖνεσις.

479 2611 533 2665 3.
562 2613 909 2670 Conﬁtemini
939 2615 1170 2672 Domino
1196 2616 1250 2672 in
1279 2616 1487 2673 cithara
1513 2655 1530 2670 .

2141 2614 2196 2670 3.
2244 2615 2680 2687 Ἐξομολογεῖσθε
2702 2611 2780 2686 τῷ
2802 2611 2991 2685 Κυρίῳ
3019 2612 3077 2667 tv
3097 2609 3317 2683 κιθάρα·

1528 2731 1909 2790 ATHANASII
1946 2731 2526 2790 INTEBPRETATIO.

485 2845 574 2904 M.
611 2846 895 2920 Lacrymis
915 2847 1031 2903 suis
1059 2847 1307 2904 delentur
1335 2856 1556 2918 peccata
1589 2862 1712 2903 sua.
1892 2903 1898 2910 ,

2159 2849 2228 2905 [4.
2297 2848 2398 2902 Διὰ
2454 2847 2562 2904 τῶν
2613 2847 2863 2921 δακρύων
2919 2845 3083 2901 αύτοῦ
3151 2843 3523 2915 ὲξαλείφονται
3573 2837 3650 2898 αι

479 3029 568 3085 15.
599 3029 727 3085 Haec
755 3029 956 3085 clamat
977 3044 1036 3084 se
1067 3035 1392 3084 convertens
1421 3040 1544 3081 cum
1573 3023 1852 3098 lacrymis.

2075 2944 2337 3017 ἁμαρτίαι
2363 2944 2548 2998 αὐτοῦ.

1994 3027 2038 3089 C
2142 3035 2230 3090 15.
2258 3035 2442 3090 Ταῦτα
2478 3034 2573 3106 βοᾷ
2607 3035 2636 3088 ὁ
2664 3032 3007 3106 ἐπιστρέφων
3038 3031 3176 3104 μετὰ
3201 3029 3469 3102 δακρύων;

478 3121 567 3176 16.
592 3121 636 3175 Α
663 3122 900 3192 peccatis
927 3121 1084 3189 meis,
1116 3119 1309 3190 inquit.

2143 3125 2229 3180 16.
2261 3125 2383 3180 Τῶν
2410 3123 2692 3198 ἁμαρτιῶν
2729 3142 2851 3198 μου,
2875 3125 3041 3193 λέγει.

477 3212 567 3268 17.
607 3211 872 3268 Dominus
897 3212 966 3268 ad
990 3229 1113 3268 eum
1145 3212 1280 3269 dicit
1306 3231 1319 3269 :
1353 3213 1468 3285 Ego
1508 3221 1560 3268 te
1589 3210 1817 3279 docebo,
1863 3224 1968 3282 qua

2157 3215 2235 3271 I7.
2280 3216 2338 3271 '0
2362 3217 2418 3270 δὲ
2465 3216 2670 3288 Κύριος
2715 3217 2853 3289 πρὸς
2885 3215 3048 3270 αὑτὸν
3089 3215 3258 3285 λέγει·
3309 3211 3451 3282 Ἐγώ
3481 3208 3648 3266 σεδι-

413 3302 498 3358 via
526 3302 768 3360 incedes.

2068 3308 2254 3364 δάσκω
2279 3307 2522 3381 [διδάξω]
2554 3308 2611 3362 tv
2643 3309 2774 3381 ποίᾳ
2798 3306 2902 3379 ὁδῷ
2923 3306 3180 3380 πορεύσῃ.

481 3394 571 3450 18.
597 3395 666 3449 Ει
697 3393 752 3450 in
792 3409 855 3450 ea
886 3393 1186 3451 custodiam
1219 3403 1291 3451 te.

2140 3399 2228 3455 18.
2253 3401 2364 3454 Καὶ
2389 3399 2607 3470 φυλάξω
2645 3416 2705 3454 σε
2737 3402 2794 3454 tv
2823 3400 2981 3470 αὐτῇ.

484 3485 571 3540 19.
610 3483 677 3540 Ει
707 3485 943 3556 amplius
987 3499 1056 3540 ne
1097 3499 1283 3556 pecca,
1332 3493 1590 3558 tanquam
1637 3484 1971 3542 intellectum

2141 3492 2227 3548 19.
2251 3492 2362 3546 Καὶ
2391 3491 2584 3564 μηκέτι
2605 3491 2905 3564 ἁμάρτανε,
2932 3491 3007 3556 ὡς
3032 3489 3106 3563 μὴ
3137 3488 3273 3562 ἔχων
3299 3485 3532 3542 σύνεσιν.

413 3588 523 3634 non
559 3574 794 3632 habens.

483 3667 576 3722 20.
613 3666 719 3723 Sed
748 3667 968 3739 corpori
996 3676 1089 3724 tuo
1133 3677 1188 3725 et
1228 3669 1425 3724 animat
1453 3667 1605 3725 frena
1632 3668 1883 3740 injiciens
1915 3667 1971 3723 in

2156 3669 2229 3727 20.
2276 3669 2436 3724 Ἀλλὰ
2456 3669 2518 3724 τὸ
2554 3669 2713 3742 σῶμά
2736 3687 2830 3724 σου
2859 3668 2952 3724 καὶ
2977 3668 3076 3742 τὴν
3103 3667 3280 3738 ψυχὴν
3308 3663 3385 3737 (1)
3414 3661 3614 3735 χαλινα
3644 3689 3647 3700 ν

407 3760 730 3836 servitutem
759 3761 961 3830 redige,
991 3776 1115 3816 cum
1146 3761 1244 3816 tibi
1273 3778 1379 3816 non
1408 3761 1690 3819 obediunt.

2069 3761 2266 3831 γωγῶν
2287 3761 2638 3830 δουλαγώγει,
2664 3763 2790 3816 ὅταν
2813 3761 2887 3834 μὴ
2909 3759 3179 3815 πείθονταί
3215 3775 3315 3813 σοι.

481 3852 571 3906 21.
603 3851 707 3918 Qui
738 3851 835 3907 tibi
873 3867 979 3907 non
1009 3854 1407 3923 obtemperant.

2140 3852 2230 3907 2i.
2255 3852 2375 3906 Τῶν
2407 3852 2480 3924 μὴ
2503 3853 2579 3924 (2)
2611 3852 2942 3925 πειθομένων
2973 3868 3073 3907 σοι.

485 3945 576 3998 22.
610 3943 777 4000 Multa
803 3953 958 4000 erant
990 3945 1197 4016 ﬂagella
1233 3955 1348 4012 tua,

2139 3941 2229 3997 22.
2255 3942 2452 3998 Πολλαί
2477 3960 2569 3996 σου
2597 3939 2738 4016 ἦσαν
2763 3945 2818 3997 αἱ
2849 3942 3128 4015 μάστιγες.

482 4035 575 4090 23.
603 4033 709 4090 Sed
755 4035 1014 4105 quoniam
1051 4036 1280 4105 sperasti
1312 4035 1366 4089 in
1413 4034 1788 4093 misericordia
1829 4049 1971 4104 mea,

2155 4034 2230 4090 t3.
2270 4035 2409 4088 Ἀλλ’
2433 4035 2620 4108 ἐπειδὴ
2673 4036 2906 4108 ἤλπισας
2937 4035 3014 4108 (5)
3065 4034 3159 4088 ἐπὶ
3200 4033 3262 4088 τὸ
3307 4031 3453 4095 ἔλεός
3515 4047 3646 4102 μου,

415 4125 486 4182 ab
519 4124 651 4196 ipsis
676 4124 937 4180 liberatus
965 4139 1056 4180 ear

2075 4125 2348 4198 ὲῤῥύσθης
2373 4126 2468 4179 ἀπ’
2493 4125 2693 4185 αὐτῶν.

486 4216 580 4276 21.
610 4215 836 4272 Eterna
861 4216 1047 4272 laetitia
1074 4223 1128 4274 et
1154 4217 1534 4274 exsultatione.

2144 4218 2232 4274 24.
2264 4221 2618 4294 Εὐφροσύνην
2641 4222 2856 4277 αίώνιον
2883 4220 2978 4276 καὶ
3011 4218 3343 4288 άγαλλίασιν.

487 4307 578 4390 25.
615 4305 719 4373 Qui
743 4307 880 4362 enim
904 4307 1198 4378 gloriatur,
1232 4309 1288 4362 in
1320 4307 1545 4380 Domino
1576 4307 1834 4378 glorietur
1857 4307 1926 4362 ⁸⁸.

2147 4307 2237 4364 25.
2278 4309 2342 4363 '0
2373 4311 2482 4381 τὰρ
2506 4311 2888 4382 καυχώμενος
2909 4313 2979 4367 ἐν
3009 4311 3202 4379 Κυρίῳ
3227 4305 3569 4376 καυχάσθω.

496 4403 562 4457 Ἥ
590 4402 922 4476 προκειμένη
954 4401 1231 4475 ἐπιγραφὴ
1265 4402 1492 4475 παρέχει
1527 4402 1794 4476 [περιέχει
1815 4418 1830 4432 ·
1860 4401 2130 4475 Ψαλμὸς]
2159 4402 2234 4475 (4)
2264 4403 2345 4471 τῷ
2370 4406 2564 4461 Δαϐίδ.
2596 4407 2758 4460 Δαόὶδ
2783 4408 2895 4478 γὰρ
2925 4405 3281 4478 ἑρμηνεύεται
3307 4399 3648 4468 πεποθημέ-

414 4513 540 4561 νος,
571 4493 704 4566 ὅπερ
731 4494 846 4547 ἐστὶ
869 4493 1052 4548 λαϐεῖν
1084 4496 1163 4558 είς
1201 4495 1292 4548 τὸν
1321 4495 1477 4566 χορὸν
1513 4495 1620 4549 τῶν
1645 4494 1834 4563 ἁγίων,
1868 4497 1948 4548 ὅτι
1971 4495 2346 4566 πεποθημένος
2365 4497 2511 4551 ἐστὶν
2539 4497 2644 4551 ὑπὸ
2665 4497 2756 4552 τοῦ
2780 4498 3003 4571 Κυρίου.
3039 4495 3121 4564 Τῷ
3139 4493 3231 4551 οὖν
3255 4492 3648 4562 πεποθημένῳ

415 4584 563 4656 χορῷ
586 4585 796 4657 εἴρηται
816 4587 846 4638 ὁ
869 4585 1101 4657 ψαλμὸς,
1129 4585 1374 4640 τουτέστι
1405 4589 1519 4651 τοῖς
1544 4583 1662 4639 οὖσι
1683 4589 1824 4642 κατὰ
1845 4587 1938 4641 τὸν
1974 4588 2137 4643 Δαϐὶδ
2165 4593 2230 4662 τῇ
2262 4589 2527 4666 ἑρμηνείᾳ
2547 4590 2641 4645 τοῦ
2668 4590 2928 4662 ὀνόματος
2964 4591 3057 4644 καὶ
3084 4591 3202 4653 ταῖς
3229 4589 3486 4651 ἐντολαῖς.

486 4675 698 4734 Titulus
719 4679 1041 4749 praepositus
1067 4678 1309 4734 continet
1340 4695 1356 4734 :
1386 4677 1633 4734 Psalmus
1659 4679 1848 4736 David.
1881 4681 2049 4736 David
2073 4683 2220 4738 enim
2256 4684 2647 4755 interpretatur
2691 4683 3042 4752 desideratus,
3085 4683 3229 4753 quod
3255 4671 3497 4752 accipere
3517 4680 3649 4734 licet

417 4775 487 4832 de
509 4772 678 4829 choro
707 4782 1048 4838 sanctorum,
1077 4773 1338 4844 quoniam
1365 4773 1707 4832 desideratus
1737 4783 1822 4831 est
1854 4790 1884 4830 a
1913 4775 2168 4833 Domino.
2195 4778 2240 4832 Δ
2271 4779 2442 4834 cboro
2467 4779 2632 4850 igitur
2672 4790 2983 4835 sanctorum
3027 4780 3322 4835 desiderato
3361 4778 3540 4832 dictus
3566 4787 3650 4831 est

415 4870 701 4942 psalmus:
735 4869 838 4925 hoc
860 4878 963 4937 est,
991 4871 1060 4926 ab
1089 4870 1157 4926 iis
1191 4868 1284 4942 qui
1328 4867 1519 4938 David,
1550 4871 1706 4941 juxta
1737 4871 1978 4928 nominis
2021 4872 2521 4945 interpretationem
2569 4883 2623 4930 et
2652 4875 3030 4930 mandatorum
3051 4873 3475 4938 observantiam,
3509 4871 3650 4926 assi-

417 4967 696 5023 milantur.

480 5062 531 5116 1.
561 5062 803 5119 Gaudete
831 5081 1045 5136 semper
1069 5066 1122 5120 in
1159 5063 1412 5120 Domino.

2004 5070 2050 5126 D
2151 5069 2204 5123 1.
2250 5068 2482 5140 Χαίρετε
2515 5067 2744 5122 πάντοτε
2776 5067 2832 5121 ὲν
2855 5065 3062 5137 Κυρίῳ.

475 5152 531 5206 2.
558 5152 755 5209 Rectos
780 5155 933 5212 decet
952 5156 1174 5210 laudare
1196 5154 1504 5209 Dominum.

2149 5161 2203 5215 2.
2238 5162 2363 5225 Τοῖς
2387 5161 2566 5215 εὐθέσι
2598 5161 2794 5233 πρέπει
2819 5160 2985 5212 αἰνεῖν
3013 5156 3102 5209 τὸν
3125 5153 3345 5226 Κύριον.

487 5245 542 5302 5.
566 5246 956 5305 Mnrtiticantcs
988 5243 1349 5320 vosmetipsos
1381 5248 1606 5317 mundo,
1640 5248 1713 5304 ita
1759 5247 1978 5322 hymnis

2159 5253 2202 5307 5.
2237 5252 2626 5322 Νεκρώσαντες
2651 5251 2874 5315 ἑαυτοὺς
2906 5249 2984 5321 τῷ
3035 5249 3243 5319 κόσμῳ,
3273 5246 3443 5310 οὕτως
3472 5244 3650 5317 ὑμνή-

413 5337 707 5396 laudabitis
735 5357 883 5396 eum.

2080 5360 2200 5397 σετε
2233 5343 2415 5397 αὐτόν.

561 5431 580 5486 ¹
615 5433 741 5489 0°"
769 5449 809 5502 ¹’
832 5434 920 5489 δι’
1339 5501 1666 5601 .Addenda
1702 5509 1762 5568 et
1807 5503 2175 5585 corrigenda
2209 5519 2288 5566 ex
2319 5503 2461 5566 cod.
2493 5503 2692 5566 Vatic.

485 5631 560 5700 (ι)
600 5630 793 5702 Ψυχὴν
821 5647 932 5702 eo”:
1148 5699 1156 5702 .
2161 5630 2240 5702 (δ)
2267 5630 2549 5702 mmet

484 5697 562 5771 (2)
609 5697 729 5753 Τῶν
750 5697 1068 5772 ’μελλόντων
1093 5699 1187 5770 μή,
1223 5707 1327 5756 etc.
1617 5747 1626 5756 .
1656 5750 1662 5755 .
1847 5754 1850 5757 ,
2171 5700 2246 5770 (4)
2282 5701 2344 5753 'H
2387 5701 2472 5754 διὰ
2503 5701 2602 5771 τῆς
2629 5701 2993 5773 κινναϐάρεως
3035 5701 3304 5773 περιέχειν
3336 5697 3434 5770 τῷ,
3467 5707 3572 5759 etc.
