3776 6272
167 283 324 340 765
1110 286 1200 340 DE
1237 285 1510 343 TITULIS
1545 287 1988 350 PSALMORUM.
2013 323 2082 334 —
2104 292 2298 351 PSAL.
2339 295 2553 351 XXXII.
3353 299 3455 357 766

271 408 334 458 4.
374 403 468 456 Ἐν
495 400 785 475 ψαλτηριῳ
812 403 1120 474 δεκαχόρδῳ
1147 403 1351 474 ψάλατε
1375 403 1542 476 αὐτῷ.

1852 453 1858 472 ,
1957 410 2011 464 4.
2049 409 2103 463 in
2129 410 2385 479 psalterio
2409 411 2594 467 d’ecem
2624 425 2690 467 cn
2704 412 2962 468 ordarum
2997 413 3212 485 psallite
3243 414 3343 473 illi.

280 494 336 548 5.
374 495 586 564 ’ᾼσατε
611 491 761 562 αὐτῷ
790 488 941 564 ᾆσμα
962 492 1170 546 καινόν’

1967 501 2021 554 5.
2052 499 2278 556 Caritate
2304 503 2352 557 ei
2383 491 2655 558 icanticum
2691 519 2927 560 novum:

276 584 331 637 6.
365 582 574 646 Καλῶς
593 582 802 652 ψάλατε
835 582 984 653 αὐτῷ
1008 584 1066 668 ἐν
1092 581 1411 654 ἀλαλαγμῷ.

1969 594 2022 646 6.
2059 593 2200 648 Bene
2228 595 2439 664 psallite
2464 597 2513 650 ei
2537 596 2601 649 .in
2627 596 3034 654 vociferatione.

277 677 332 730 'I.
358 677 488 729 Ὀτι
517 674 683 739 εὐθὺς
719 676 748 727 ὁ
779 675 935 743 λόγος
971 674 1066 728 τοῦ
1093 675 1320 746 Κυρίου·

1965 685 2017 742 7.
2051 685 2186 750 Quia
2212 697 2414 741 rectum
2441 697 2528 742 est
2553 689 2780 743 verbum
2815 689 3031 745 Domini
3054 710 3067 746 :

279 767 332 822 8.
359 767 477 820 Καὶ
497 766 678 819 πάντα
703 766 771 819 τὰ
800 765 934 836 ἔργα
965 764 1128 820 αὐτοῦ
1163 769 1220 819 ἐν
1243 765 1441 819 πίστει.

1428 806 1441 819 ο
1963 775 2018 832 8.
2050 775 2116 829 Et
2142 777 2322 830 omnia
2364 792 2528 847 opera
2561 777 2681 846 ejus
2710 779 2764 834 in
2798 779 2919 834 fide.

276 859 328 914 9.
366 860 589 930 Ἀγαπᾷ
610 857 978 930 ἐλεημοσύνην
1007 857 1098 910 καὶ
1126 857 1305 929 κρίσιν
1336 861 1364 911 ὁ
1397 857 1615 930 Κύριος·

1967 865 2020 922 9.
2058 866 2240 937 Diligit
2266 867 2695 923 misericordiam
2722 879 2774 923 et
2795 870 3058 939 judicium
3086 870 3379 927 Dominus:

285 951 370 1004 10.
403 951 515 1003 Τοῦ
547 951 728 1014 ἐλέους
753 952 957 1021 Κυρίου
977 951 1190 1023 πλήρης
1213 952 1246 1021 ή
1271 951 1363 1020 γῆ.

1963 955 2049 1012 10.
2084 955 2456 1012 Misericordia
2484 957 2697 1012 Domini
2730 960 2886 1028 plena
2921 968 3003 1014 est
3031 971 3192 1014 terra.

282 1043 374 1097 Η.
403 1043 498 1113 Τῷ
519 1043 664 1114 λόγῳ
693 1043 897 1114 Κυρίου
932 1045 979 1096 οί
1009 1043 1227 1114 οὐρανοὶ
1256 1042 1684 1114 ἐστερεώθησανο

1596 1059 1684 1096 ανδ
1964 1048 2054 1104 11.
2088 1048 2268 1105 Verbo
2300 1049 2512 1104 Domini
2544 1051 2666 1106 caeli
2691 1053 2888 1105 firmati
2924 1062 3087 1108 sunt:

287 1132 371 1186 12.
415 1134 529 1186 Καὶ
559 1133 639 1203 τῷ
670 1133 946 1203 Πνεῦματι
977 1132 1070 1187 τοῦ
1101 1134 1364 1204 στόματος
1395 1133 1558 1186 αὐτοῦ
1588 1131 1778 1201 πᾶσαί

1963 1142 2049 1197 12.
2081 1142 2148 1196 Et
2180 1142 2385 1213 Spiritu
2417 1142 2530 1198 oris
2566 1143 2687 1214 ejus
2713 1145 2895 1200 omnis
2925 1144 3097 1199 virtus
3122 1156 3333 1198 eorum.

193 1223 444 1292 δύναμις
468 1223 671 1277 αὐτῶν.

288 1317 376 1369 15.
418 1315 676 1383 Συνάγων
700 1315 831 1369 ὡσεὶ
863 1316 1027 1369 ἀσκὸν
1066 1316 1233 1369 ὕδατα
1260 1314 1551 1388 θαλάσσης

1962 1316 2049 1370 15.
2075 1315 2426 1386 Congregans
2457 1317 2599 1370 sicut
2623 1325 2798 1372 utrem
2833 1333 3004 1388 aquas
3030 1317 3235 1372 maris:

285 1407 373 1459 14.
410 1406 593 1470 Τιθεὶς
626 1408 687 1458 ἐν
718 1407 1011 1479 θησαυροῖς
1043 1407 1331 1470 ἀϐύσσους.

1961 1408 2049 1462 11.
2079 1405 2296 1462 Ponens
2322 1407 2374 1460 in
2404 1409 2678 1464 thesauris
2707 1408 2952 1479 abyssos.

282 1499 373 1552 15.
411 1498 708 1569 Φοὸηθήτω
753 1499 844 1552 τὸν
871 1499 1070 1571 Κύριον
1093 1502 1243 1553 πᾶσα
1273 1500 1306 1570 ὴ
1334 1501 1425 1570 γῆο

1963 1500 2055 1555 15.
2081 1499 2294 1554 Timeat
2315 1498 2604 1555 Dominum
2634 1499 2814 1555 omnis
2844 1509 2986 1554 terra
3017 1517 3032 1566 ;

278 1587 368 1642 16.
409 1590 528 1641 Ἀπ’
556 1589 721 1642 αὑτοῦ
766 1590 822 1642 δέ
860 1590 1269 1662 σαλευθήτωσαν
1323 1591 1520 1653 πάντες
1569 1591 1617 1643 οί
1660 1608 1769 1645 κατ-

1962 1591 2050 1644 16.
2082 1591 2165 1645 Ab
2188 1607 2252 1646 eo
2283 1601 2462 1647 autem
2513 1601 2958 1647 commoveantur
3003 1605 3194 1646 omnes
3236 1588 3450 1646 inhabi-

193 1675 486 1742 ακοῦντες
516 1678 616 1749 τὴν
647 1679 990 1750 οἰκουμένην.

817 1679 990 1750 ιένην.
1895 1685 2071 1734 tantes
2099 1680 2308 1735 orbem.

281 1771 373 1824 17.
406 1771 527 1822 ’Ότι
554 1770 716 1833 αὐτὸς
742 1764 884 1833 εἷπε,
913 1772 1004 1824 καὶ
1029 1771 1410 1842 ἐγεννήθησανο

1961 1770 2050 1825 17.
2077 1769 2345 1836 Quoniam
2371 1772 2486 1841 ipse
2517 1772 2675 1837 dixit,
2707 1781 2760 1827 et
2795 1781 3051 1841 generata
3079 1779 3240 1827 sunt:

278 1860 370 1913 18.
404 1861 576 1924 Αὐτὸς
596 1861 914 1924 ἐνετείλατο,
934 1863 1026 1916 καὶ
1060 1861 1403 1932 ἐκτίσθησαν.

1959 1860 2046 1915 18.
2075 1860 2193 1930 Ipse
2219 1862 2518 1927 mandavit,
2547 1871 2604 1918 et
2631 1871 2812 1918 creata
2837 1872 2983 1917 sunt.

281 1953 375 2007 19.
403 1953 608 2024 Κύριος
638 1953 974 2019 διασκεδάξει
1005 1953 1196 2025 βουλὰς
1221 1953 1408 2008 ἐθνῶνο

1961 1954 2049 2009 19.
2086 1954 2348 2010 Dominus
2381 1955 2610 2024 dissipat
2630 1956 2860 2011 consilia
2900 1955 3136 2024 gentium
3166 1975 3179 2011 :

274 2045 374 2099 9.0.
426 2044 634 2096 Ἀθετεῖ
659 2045 714 2097 δέ
754 2045 1046 2116 λογισμοὺς
1076 2045 1250 2098 λαῶν·
1585 2061 1587 2064 ‘

1955 2047 2046 2102 20.
2079 2047 2352 2117 Reprobat
2376 2055 2555 2100 autem
2590 2047 2948 2116 cogitationes
2980 2048 3342 2118 populorum:

278 2137 376 2188 2|.
404 2135 515 2189 Καὶ
546 2136 730 2190 ἀθετεῖ
761 2136 954 2207 βουλὰς
987 2138 1278 2207 ἀρχόντων.

1951 2139 2040 2193 2i.
2073 2138 2139 2192 Et
2165 2139 2420 2208 reprobat
2447 2139 2673 2193 consilia
2699 2138 3023 2208 principum.

273 2227 370 2280 2‘2.
408 2226 476 2280 Ἦ
498 2226 556 2280 δὲ
595 2226 758 2299 βουλὴ
788 2227 881 2281 τοῦ
910 2227 1114 2298 Κυρίου
1158 2227 1236 2289 είς
1273 2223 1364 2277 τὸν
1389 2217 1559 2277 αἰῶνα
1587 2223 1764 2294 μένει·

1954 2227 2040 2282 22.
2071 2227 2372 2283 Consilium
2409 2235 2593 2282 autem
2619 2226 2835 2282 Domini
2866 2227 2919 2281 in
2945 2237 3203 2283 aeternum
3233 2235 3445 2284 manet:

1317 2402 1697 2460 ATHANAS"
1730 2403 2307 2462 LNTERPRETATIO.

268 2559 333 2614 4.
361 2557 464 2612 Διά
493 2558 601 2614 τῶν
636 2558 771 2614 δέκα
794 2558 1018 2615 ἐντολῶν
1051 2558 1311 2626 δοξάσατε
1337 2559 1516 2614 αὐτόν.

1962 2561 2018 2615 1.
2049 2561 2153 2616 l‘er
2182 2561 2585 2618 observantiam
2611 2561 2797 2619 decem
2828 2575 3218 2636 praeceptorum
3247 2564 3449 2637 glorifi-

1883 2661 2006 2708 cate
2027 2669 2172 2708 eum.

270 2738 329 2792 5.
356 2732 550 2809 ’ᾼσμα
580 2737 726 2806 λέγει
757 2738 1012 2810 καθαρόν.

1945 2745 2000 2801 5.
2034 2743 2340 2805 Canticum,
2369 2738 2569 2807 inquit,
2603 2739 2887 2796 mundum.

269 2829 330 2886 6.
370 2832 467 2885 Ἐκ
488 2832 588 2902 τῆς
607 2831 832 2903 καρδίας
858 2831 1030 2902 ὑμῶν.

1949 2835 2002 2891 6.
2038 2835 2116 2889 Ex
2144 2833 2304 2889 corde
2331 2840 2531 2885 vestro.

271 2923 328 2976 7.
377 2922 608 2993 Ἀληθὴς
639 2925 671 2993 ἡ
701 2923 1001 2992 ἐπαγγελία
1032 2923 1110 2994 (1)
1150 2923 1334 2978 αὐτοῦ.

1172 2923 1334 2977 ιύτοῦ.
1962 2924 2014 2979 7.
2050 2923 2186 2979 Vera
2212 2921 2498 2992 promissio
2525 2918 2663 2988 ejus.

273 3013 329 3068 8.
369 3012 439 3064 'A
476 3010 552 3082 (2)
584 3015 803 3077 ποιεῖτε,
840 3014 897 3065 ἐν
932 3012 1110 3066 πίστει
1142 3015 1362 3068 ποιεῖτε.

1334 3032 1362 3068 :.
1954 3015 2007 3069 8.
2041 3014 2172 3081 Quae
2207 3011 2405 3074 facitis,
2436 3009 2670 3064 facitein
2706 3007 2825 3063 fide.

267 3104 325 3156 9.
399 3101 762 3174 Ἐλεημοσύνη
829 3105 925 3157 καὶ
981 3104 1164 3168 πίστις
1241 3122 1342 3176 μου
1406 3103 1758 3158 ἐκλιπέτωσάι

1951 3105 2005 3160 9.
2042 3101 2408 3162 Misericordia
2445 3107 2499 3156 et
2526 3098 2658 3152 ﬁdes
2688 3112 2964 3168 nunquam
2999 3096 3093 3152 tibi
3119 3096 3390 3154 deficiant.

197 3213 290 3251 σοι
324 3195 430 3266 (3).

269 3289 359 3344 10.
394 3288 681 3342 Ἥπλωται
712 3286 774 3341 τὸ
797 3287 942 3353 ἔλεός
983 3304 1100 3353 σου,
1130 3287 1328 3361 Κύριε,
1355 3288 1448 3340 ἐπὶ
1482 3287 1560 3361 (4)
1594 3289 1760 3344 πᾶσαι

1955 3280 2038 3337 10.
2072 3278 2248 3350 Super
2271 3294 2486 3334 omnem
2528 3277 2767 3333 hominis
2813 3274 3052 3330 animam
3084 3288 3324 3346 expansa
3365 3284 3446 3333 est

187 3380 378 3452 ψυχὴν
402 3379 715 3451 ἀνθρώπου.

1803 3379 1848 3442 C
1876 3371 2246 3428 misericordia
2276 3379 2386 3436 tua,
2420 3370 2666 3424 Domine.

270 3471 358 3524 11.
394 3469 473 3539 (5)
495 3471 628 3540 Περὶ
657 3468 765 3522 τῶν
808 3469 1123 3523 ἀποστόλων
1150 3469 1318 3540 λέγει.

1238 3487 1318 3523 νει.
1951 3464 2040 3519 11.
2071 3463 2145 3518 De
2176 3461 2437 3532 apostolis
2468 3460 2729 3530 loquitur.

268 3562 366 3616 12.
413 3563 526 3615 Καὶ
575 3562 657 3615 ὃτι
689 3561 1019 3634 ἐνεφύσησεν
1052 3563 1132 3627 εἰς
1178 3563 1238 3616 τὸ
1289 3562 1576 3634 πρόσωπον
1602 3563 1759 3618 αὐτῶε

1951 3553 2036 3607 12.
2066 3551 2133 3606 Et
2160 3552 2304 3622 quod
2335 3551 2627 3606 insufllavit
2661 3551 2714 3604 in
2760 3549 2952 3605 faciem
2988 3564 3177 3604 eorum
3221 3547 3442 3602 dicens:

191 3652 395 3721 λέγων·
418 3651 640 3706 Λάϐετε
669 3651 910 3720 Πνεῦμα
930 3651 1118 3720 ἅγιον,
1136 3653 1216 3706 ὅτι
1241 3652 1438 3723 ἀνέστη
1463 3654 1528 3704 ἐκ
1547 3669 1682 3724 νεκρι

1955 3645 2109 3714 εἱρὶτε
2160 3643 2424 3714 Spiritum
2480 3651 2716 3696 sanctum
2742 3643 2828 3707 ³⁸,
2887 3657 3011 3696 cum
3073 3638 3370 3695 resurrexit
3412 3654 3443 3691 a

191 3744 295 3806 τὰς
323 3742 437 3813 γὰρ
462 3742 737 3812 δυνάμεις,
769 3742 835 3805 ἃς
868 3742 1082 3795 ἐποίουν
1117 3743 1164 3796 οί
1202 3743 1489 3796 ἀπόστολοι
1526 3741 1605 3814 τῷ
1639 3744 1682 3796 ἁ·

1950 3739 2134 3794 )rtuis.
2174 3735 2387 3792 Etenim
2416 3735 2702 3801 miracula,
2733 3749 2856 3804 quae
2881 3733 3154 3788 faciebant
3187 3729 3441 3802 apostoli,

194 3834 482 3906 Πνεύματι
542 3833 860 3899 ἐπετέλουν,
917 3828 962 3903 ᾧ
1009 3834 1196 3890 ἔλαϐον
1245 3837 1310 3888 ἐκ
1362 3833 1459 3890 τοῦ
1515 3835 1685 3907 στόμα

1939 3847 1974 3884 :r
2005 3829 2266 3901 Spiritum
2299 3836 2547 3884 sanctum
2579 3825 2866 3893 faciebant,
2899 3841 3058 3882 auem
3085 3840 3154 3881 ex
3180 3837 3275 3880 ore
3311 3821 3430 3893 ejus

191 3926 390 3981 αὐτοῦ.

1875 3929 2224 3992 acceperunt.
2930 3970 2940 3982 ,

270 4021 361 4076 15.
418 4020 732 4093 Συνήγαγον
777 4019 847 4074 τὰ
907 4018 1033 4090 ἔθνη
1093 4017 1188 4073 τοῦ
1242 4017 1450 4091 κόσμου
1515 4036 1761 4091 νενεκρω

1950 4012 2034 4068 15.
2069 4012 2269 4069 Gentes
2297 4012 2486 4069 mundi
2518 4021 2762 4070 mortuas
2801 4019 3027 4086 peccato
3077 4019 3441 4080 congregave-

197 4114 345 4185 μένα
369 4112 449 4183 (6)
490 4112 566 4176 ὡς
592 4112 780 4166 ἀσκόν.

1743 4130 1747 4134 ·
1875 4113 2005 4161 runt
2035 4105 2180 4160 velut
2208 4113 2407 4161 utrem.

271 4204 363 4258 14.
404 4205 493 4257 Ἐν
524 4207 632 4266 τοῖς
657 4203 974 4266 ἀποστόλοις
1013 4202 1082 4257 τὰ
1128 4200 1470 4273 δικαιώματα
1519 4201 1705 4258 αὐτοῦ.

1547 4201 1705 4258 ιύτοῢ.
1949 4194 2038 4270 11.
2081 4195 2138 4248 ln
2164 4195 2426 4264 apostolis
2453 4194 2874 4264 justificationes
2899 4190 3038 4260 ejus.

272 4297 364 4350 15.
407 4295 493 4357 Ὠς
520 4296 692 4350 εἰδυῖα
722 4296 884 4350 αὑτὸν
912 4295 1110 4365 ἑαυτῆς
1141 4295 1490 4365 δημιουργόν.

1937 4285 2030 4340 ,15.
2066 4283 2137 4338 Ut
2171 4286 2418 4370 quiescit
2442 4301 2566 4340 eum
2596 4292 2900 4341 creatorem
2944 4293 3105 4334 suum
3137 4275 3332 4332 fuisse.

273 4383 368 4438 16.
396 4383 749 4438 Μετατεθῶσι
777 4384 976 4448 πάντες
1011 4386 1090 4448 είς
1111 4383 1202 4436 τὸν
1231 4383 1454 4455 Κύριον.

1947 4374 2034 4429 16.
2065 4373 2484 4429 Transferantur
2514 4391 2703 4430 omnes
2737 4375 2790 4429 in
2813 4371 3122 4427 Dominum.

272 4473 364 4527 17.
404 4475 491 4527 Ἐν
523 4473 602 4545 τῷ
631 4474 984 4546 βαπτίσματι.

948 4494 984 4528 ι,
1949 4464 2036 4519 17.
2066 4463 2122 4518 1η
2153 4464 2439 4534 baptismo.

269 4566 362 4620 18.
402 4567 733 4621 Ἀνεκαίνισε
761 4568 871 4640 γὰρ
899 4567 1114 4632 αὐτούς.

1947 4555 2036 4610 18.
2059 4554 2166 4610 Eos
2195 4555 2338 4608 enim
2370 4551 2675 4608 renovavit.

270 4659 359 4714 19.
398 4659 510 4723 Τάς
534 4661 802 4732 προτέρας
843 4636 1182 4732 ’ἀπορρίπτει
1231 4658 1338 4713 ἀπὸ
1383 4659 1492 4713 τῶν
1541 4657 1761 4732 καρδιῶπ

1948 4646 2036 4702 19.
2073 4644 2264 4700 Priora
2287 4644 2506 4715 projicit
2535 4641 2767 4698 consilia
2791 4655 2822 4695 e
2847 4636 3104 4694 cordibus
3135 4651 3345 4694 eorum.

192 4748 405 4804 αὐτῶν.
1804 4735 1851 4792 D

267 4840 364 4896 20.
398 4842 510 4894 Καὶ
539 4841 810 4914 ἀλλοτριοῖ
837 4842 1134 4916 προτέρους
1161 4842 1338 4898 αὐτῶν
1365 4842 1676 4914 λογισμούς.

1946 4840 2033 4896 20.
2061 4839 2128 4894 Et
2157 4840 2411 4895 immutat
2433 4836 2734 4894 anteriores
2758 4849 2946 4890 eorum
2981 4827 3337 4904 cogitationes

257 4934 366 4988 '21.
402 4933 510 4988 Καὶ
533 4935 630 4997 τὰς
662 4934 854 5004 βουλὰς
877 4935 984 4989 τῶν
1009 4935 1277 5008 δαιμόνων
1307 4935 1660 5000 διασκεδόιζει.

1495 4935 1660 5000 δάζει.
1943 4933 2033 4987 21.
2067 4931 2134 4986 Et
2159 4933 2382 4987 consilia
2413 4932 2718 4987 daemonum
2740 4929 2986 5000 dissipat.

270 5025 362 5078 22.
403 5026 467 5079 Ἠ
498 5026 685 5097 διδαχὴ
711 5026 897 5081 αὐτοῦ.

1939 5023 2028 5080 22.
2064 5023 2320 5080 Doctrina
2346 5022 2484 5094 ejus.

271 5210 317 5242 “
355 5208 516 5266 Joan.
550 5227 644 5276 xx,
673 5210 765 5266 22.
801 5254 809 5261 .
1734 5263 1739 5269 .

1174 5308 1474 5372 Addenda
1504 5315 1566 5373 et
1604 5308 1975 5390 corrigenda
2005 5327 2084 5374 ex
2113 5308 2253 5372 cod.
2285 5306 2486 5369 Vatic.

269 5466 357 5603 ν)
386 5466 734 5554 Εὐαγγελια...

293 5538 348 5603 2)
372 5538 477 5590 Καὶ
501 5555 674 5593 παντα
703 5558 758 5599 α.
790 5548 894 5594 etc.

1949 5474 2025 5540 (5)
2046 5473 2110 5527 Ν.
2128 5473 2211 5526 11.
2239 5471 2523 5542 nephew.
2544 5467 2630 5520 ὅτε
2653 5464 2923 5537 ἀνέστηέκ
2944 5457 3424 5534 νεκρῶνβάςεωο,

1933 5545 2179 5602 τετέλουν.
2201 5537 2265 5603 ᾧ,
2284 5554 2414 5603 etc.,
2447 5537 2630 5591 αὐτοῦ.

293 5538 348 5610 2)
372 5538 477 5610 Καὶ
501 5540 674 5593 πάντα
703 5541 758 5599 ἄ.
790 5548 894 5594 etc.

1876 5537 2179 5602 ἐπετέλουν.
2201 5537 2265 5610 ᾧ,
2284 5537 2414 5603 eic.,
2447 5537 2629 5591 αὐτοῦ.

555 5627 634 5688 σε.
658 5627 764 5688 non
794 5628 916 5688 cot._
1451 5666 1453 5668 ,
1481 5655 1485 5658 .
1521 5615 1535 5654 ἰ
1639 5662 1643 5666 .
1945 5617 2019 5688 (6)
2056 5605 2429 5685 Συνήγαγενη.
2458 5605 2770 5678 νεκοωμένα
2799 5605 2949 5672 ὡσεί,
2975 5613 3076 5660 etc.

271 5677 349 5742 (ιι)
380 5677 567 5743 Ἔλεος
595 5682 798 5750 Κυρίου
826 5683 935 5744 ἐπί,
960 5689 1062 5736 etc.
