3776 6272
361 269 464 325 767
1205 269 1264 328 S.
1307 270 1670 326 ATHANASII
1711 271 1861 326 OPP.
1902 271 2081 327 PARS
2121 270 2205 325 111.
2244 300 2308 313 -
2354 268 2767 328 EXEGETICA.
3501 269 3622 323 768

430 390 518 444 23.
548 363 1125 458 Cogitationes‘cordis
1153 389 1272 459 ejus
1318 390 1370 444 in
1419 390 1821 461 generationem
1866 401 1920 446 et

2241 390 2478 460 λογισμοὶ
2529 390 2626 460 τῆς
2671 387 2898 460 καρδίας
2932 385 3096 441 αὐτοῦ
3135 387 3215 452 εἰς
3261 387 3458 456 γενεὰν
3509 393 3620 442 καὶ

358 481 784 554 generationem.

744 495 784 532 ι.
2023 480 2235 549 γενεάν.

430 573 520 627 24.
557 571 717 626 Beata
751 584 904 641 gens,
939 569 1097 638 cujus
1125 578 1207 624 est
1230 569 1491 626 Dominus
1521 570 1662 626 Deus
1690 571 1839 640 ejus:

2119 572 2174 626 4.
2197 573 2484 642 Μακάρων
2502 571 2562 624 τὸ
2581 571 2750 637 ἔθνος,
2772 564 2833 626 οὗ
2853 571 2963 623 ἐστι
2986 571 3191 640 Κύριος
3205 571 3233 623 ὁ
3249 569 3379 632 Θεὸς
3393 568 3570 623 αὑτοῦ
3591 585 3610 600 ⁸

429 665 522 720 25.
558 664 834 734 Pupulus,
886 677 1049 733 quem
1099 664 1261 734 elegit
1308 665 1362 718 in
1419 665 1778 720 haereditatem
1819 666 1920 721 sibi

2119 661 2181 714 15.
2207 660 2369 724 Λαὸς,
2391 660 2447 714 ὃν
2475 659 2754 727 ἐξελέξατο
2775 661 2853 723 είς
2875 659 3234 731 κληρονομίαν
3250 659 3425 729 ἐαυτῷ
3445 658 3610 730 (ἑαυ-

389 773 540 814 suam
557 769 590 814 1.

3653 785 3663 794 ν

365 756 590 831 [suam].

429 847 519 902 26.
547 846 624 901 De
648 845 787 900 cmlo
812 843 1052 914 respexit
1078 842 1376 908 Dominus;

2228 843 2316 910 Ἐξ
2346 844 2574 915 οὐρανοῦ
2610 843 2903 913 ἐπέϐλεψεν
2931 843 2958 895 ὁ
2983 842 3184 913 Κύριος
3203 859 3217 872 ο
3627 812 3679 914 ¹ξ

431 939 521 993 27.
555 938 702 992 Vidit
728 951 918 991 omnes
944 935 1086 990 ﬁlios
1115 935 1419 988 hominum.

2092 933 2182 986 27.
2214 929 2335 986 Εἷδε
2365 933 2571 998 πάντας
2603 937 2729 998 τοὺς
2755 935 2905 997 υἱοὺς
2925 933 3033 986 τῶν
3063 931 3381 1005 ἀνθρώπων.

431 1028 523 1082 28.
557 1027 631 1083 De
661 1035 960 1098 praeparato
985 1025 1294 1080 habitaculo
1317 1039 1439 1089 suo,

2084 1025 2177 1082 28.
2230 1025 2317 1091 Ἐξ
2354 1027 2569 1096 ἑτοίμου
2599 1026 3016 1097 κατοικητηρίου
3049 1023 3236 1088 αὐτοῦ,

428 1120 520 1174 29.
552 1119 808 1189 Respexit
835 1133 996 1190 super
1030 1132 1221 1174 omnes
1269 1117 1360 1188 qui
1394 1116 1643 1171 habitant
1665 1125 1888 1182 terram,

2110 1118 2176 1172 l9.
2211 1117 2532 1188 Ἐπὲϐλεψεν
2569 1118 2660 1171 ἐπὶ
2687 1119 2890 1181 πάντας
2923 1118 3049 1180 τοὺς
3078 1114 3466 1178 κατοικοῦντας
3496 1116 3601 1185 τὴν

2023 1202 2146 1270 γῆν.

434 1292 523 1348 50.
554 1292 657 1358 Qui
686 1293 842 1347 ﬁnxit
867 1294 1180 1364 singillatim
1215 1292 1380 1348 corda
1409 1307 1634 1359 eorum;

2091 1291 2178 1346 30.
2228 1293 2284 1345 '0
2311 1292 2517 1355 πλάσας
2546 1293 2688 1346 κατὰ
2719 1291 2884 1363 μόνας
2912 1289 3010 1354 τὰς
3034 1289 3262 1361 καρδίας
3295 1290 3474 1344 αὐτῶν
3495 1305 3507 1319 ·

435 1385 523 1440 51.
550 1384 654 1451 Qui
687 1385 936 1456 intelligit
958 1387 1141 1440 omnia
1169 1400 1332 1456 opera
1365 1401 1576 1440 eorum.

2099 1385 2188 1438 51.
2238 1385 2294 1438 Ὀ
2325 1386 2524 1448 συνιεὶς
2554 1387 2633 1449 είς
2665 1387 2842 1440 πάντα
2890 1384 2958 1438 τὸ.
2987 1383 3123 1454 ἔργα
3153 1383 3349 1437 αὐτῶν.

433 1475 526 1528 52.
557 1473 673 1530 Νοη
701 1477 941 1530 salvatur
973 1492 1067 1530 rex
1095 1491 1191 1546 per
1219 1477 1441 1530 multam
1467 1477 1755 1532 virtutem:

2095 1476 2185 1532 32.
2218 1478 2290 1530 Οὐ
2328 1476 2557 1541 σώζεται
2592 1478 2844 1548 βασιλεὺς
2875 1477 2965 1530 διὰ
2998 1475 3194 1547 πολλὴν
3240 1474 3485 1546 δύναμιν·

426 1565 524 1618 ’55.
554 1565 619 1620 Et
642 1565 792 1634 gigas
816 1579 922 1619 non
950 1565 1248 1620 salvabitur
1269 1566 1324 1618 in
1351 1564 1692 1620 multitudine
1714 1563 1917 1619 virtutis

2102 1569 2174 1622 55.
2218 1568 2324 1621 Καὶ
2375 1569 2535 1637 γίγας
2581 1570 2642 1622 οὐ
2693 1569 2994 1639 σωθήσεται
3051 1569 3110 1620 ὲν
3154 1566 3346 1636 πλήθει
3411 1563 3593 1636 ἰσχύος

367 1669 480 1710 sua:
504 1672 518 1708 ε

2027 1659 2189 1712 αὐτοῦ
2199 1702 2210 1714 .

437 1745 526 1802 54,
559 1745 746 1800 Fallax
771 1742 1036 1815 equus'ad
1071 1743 1334 1798 salutem:

1958 1757 2003 1816 Β
2097 1746 2186 1800 54.
2220 1747 2434 1818 Ψευδὴς
2463 1747 2627 1809 ἵππος
2654 1749 2732 1810 είς
2764 1746 3072 1818 σωτηρίαν·

437 1837 936 1893 35.1n'abundantia
953 1845 1131 1890 autem
1146 1835 1359 1890 virtutis
1371 1850 1484 1891 sua:
1497 1849 1603 1890 non
1619 1835 1928 1891 salvabitur.

2104 1837 2191 1891 55.
2236 1839 2322 1890 Ἐν
2353 1839 2410 1891 δὲ
2435 1838 2625 1910 πλήθει
2648 1837 2930 1908 δυνάμεως
2958 1834 3121 1890 αὐτοῦ
3163 1835 3224 1888 οὐ
3271 1835 3595 1905 σωθήσεται.

439 1929 526 1985 36.
561 1928 698 1985 Ecce
725 1929 868 1984 oculi
896 1928 1111 1984 Domini
1144 1943 1308 1998 super
1340 1937 1643 1983 metuentes
1668 1943 1827 1986 eum:

2107 1927 2186 1982 56.
2225 1929 2352 1982 Ἰδοὺ
2371 1931 2417 1982 ot
2450 1929 2716 2000 ὀφθαλμοὶ
2743 1928 2947 2001 Κυρίου
2973 1929 3064 1981 ἐπὶ
3086 1928 3210 1992 τοὺς
3236 1926 3598 1997 φοϐουμένους

2029 2020 2187 2074 αὐτόν
2209 2035 2226 2050 ο

439 2106 528 2163 57.
567 2105 856 2177 Sperantes
882 2123 1044 2178 super
1075 2108 1445 2166 misericordia
1472 2109 1628 2179 ejus;

2110 2113 2184 2167 57.
2217 2113 2361 2177 Τοὺς
2377 2112 2708 2178 ”ὲλπίζοντας
2741 2112 2820 2184 [in
2846 2127 3018 2182 marg.
3043 2111 3165 2167 cod.
3200 2107 3475 2180 γράφεται
3505 2106 3601 2162 καὶ

2029 2204 2142 2266 τοῖς
2170 2200 2500 2273 ἐλπίζουσιν]
2528 2202 2620 2255 ἐπὶ
2647 2202 2709 2255 τὸ
2737 2202 2884 2265 ἕλεος
2925 2199 3089 2256 αὑτοῦ
3109 2217 3126 2233 ο

440 2290 526 2345 58.
559 2290 628 2364 Ut
659 2299 815 2346 eruat
844 2307 874 2346 a
901 2301 1072 2346 morte
1100 2293 1308 2350 animas
1331 2309 1516 2349 eorum
1541 2313 1558 2361 ;

2102 2291 2190 2347 58.
2232 2293 2522 2346 Ῥύσασθαι
2553 2294 2616 2347 ἐκ
2650 2293 2876 2347 θανάτου
2902 2291 3000 2356 τὰς
3023 2289 3200 2362 ψυχὰς
3229 2289 3405 2346 αὐτῶν
3424 2309 3441 2324 ’

436 2379 524 2434 59.
555 2379 622 2434 Ει
653 2382 761 2434 alat
789 2396 884 2436 eos
917 2381 970 2435 in
1002 2381 1164 2437 fame.
1208 2455 1212 2461 ’

2108 2385 2196 2440 39.
2221 2386 2328 2438 Kal.
2351 2385 2634 2458 διαθρέψαι
2667 2385 2863 2448 αὐτοὺς
2884 2386 2940 2437 ὲν
2967 2383 3131 2455 λιμῷ.

435 2472 524 2527 40.
555 2473 750 2527 Anima
777 2481 957 2528 autem
985 2483 1170 2530 nostra
1205 2475 1434 2530 sustinet
1467 2475 1788 2531 Dominum:

2106 2477 2196 2532 40.
2239 2477 2305 2530 Ἡ
2332 2476 2388 2529 δὲ
2415 2476 2559 2548 ψυχὴ
2588 2475 2744 2547 ἡμῶν
2767 2475 3026 2546 ὑπομένει
3051 2474 3130 2544 τῷ
3147 2473 3365 2544 Κυρίῳ·

437 2563 527 2618 41.
557 2563 825 2630 Quoniam
853 2566 1067 2635 adjutor
1090 2576 1144 2620 et
1165 2574 1436 2637 protector
1458 2577 1642 2622 noster
1674 2579 1786 2623 est:

2109 2568 2196 2621 41.
2231 2568 2353 2621 Ὅτι
2387 2568 2575 2640 βοηθὸς
2609 2569 2702 2621 καὶ
2731 2565 3136 2639 ὑπερασπιστὴς
3168 2564 3321 2636 ἡμῶν
3349 2564 3526 2617 ἐστιν·

441 2655 532 2709 42.
567 2655 703 2720 Quia
729 2656 784 2710 in
813 2672 878 2712 eo
910 2658 1179 2712 laetabitur
1205 2673 1300 2713 cor
1327 2667 1608 2727 nostrum;

2107 2659 2196 2712 42.
2228 2659 2348 2712 Ὅτι
2373 2660 2430 2710 ὲν
2465 2657 2614 2728 αὐτῷ
2641 2655 3071 2728 εὐφρανθήσεται
3099 2655 3133 2721 ἡ
3179 2651 3370 2724 καρδία
3403 2649 3596 2722 ἡμῶν

439 2747 526 2801 45.
559 2746 626 2803 Et
646 2747 702 2802 in
730 2749 948 2804 nomine
975 2759 1163 2806 sancto
1192 2751 1312 2819 ejus
1337 2753 1691 2821 speravimus.

2108 2750 2197 2804 45.
2228 2751 2337 2804 Καὶ
2359 2750 2418 2802 ὲν
2439 2748 2519 2820 τῷ
2549 2750 2768 2821 ὀνόματι
2801 2747 2879 2819 τῷ
2923 2746 3062 2817 ἁγίῳ
3083 2743 3246 2799 αὑτοῦ
3271 2742 3597 2813 ἠλπίσαμεν.

1483 2885 1855 2942 ATHANASII
1895 2884 2474 2941 INTERPRETATIO.

436 2997 528 3052 23.
558 2996 890 3056 llluminatio
919 3002 1059 3071 ejus.

1963 3008 2005 3067 C
2106 3005 2196 3058 23.
2249 3003 2306 3056 ὐ
2333 3001 2610 3072 φωτισμὸς
2648 2997 2831 3055 αὐτοῦ.

446 3089 537 3144 24.
571 3091 894 3146 Sanctorum
918 3103 1127 3164 gentem
1157 3104 1208 3150 et
1223 3095 1480 3165 populum
1506 3093 1624 3163 ejus
1651 3092 1937 3163 signiﬁcat.

2107 3095 2196 3149 24.
2215 3094 2288 3165 (1)
2306 3094 2378 3147 Τὸ
2399 3093 2508 3147 τῶν
2527 3090 2696 3161 ἁγίων
2719 3090 2866 3153 ἔθνος
2888 3088 2980 3141 καὶ
3001 3087 3090 3140 τὸν
3111 3084 3272 3139 αὐτοῦ
3291 3083 3418 3137 λαὸν
3432 3083 3598 3151 λέγει.

446 3181 537 3235 25.
571 3181 932 3252 Complacuit,
969 3185 1162 3256 inquit.
1197 3187 1406 3241 salvum
1443 3185 1638 3242 facere.

1563 3201 1638 3240 re.
2104 3185 2193 3242 25.
2232 3185 2504 3256 Εὑδόκησε
2535 3183 2628 3238 τοῦ
2661 3183 2854 3246 σῶσαι,
2884 3181 3051 3250 λέγει.

442 3273 537 3328 26.
570 3272 792 3345 Semper
814 3277 958 3330 enim
987 3279 1240 3334 homines
1266 3280 1523 3350 respexit.

2107 3279 2197 3333 26.
2237 3277 2347 3330 Ἀεὶ
2377 3276 2487 3348 γὰρ
2509 3275 2702 3360 ἔϐλεπε
2727 3275 2853 3336 τοὺς
2884 3269 3219 3342 ἀνθρώπους.

446 3363 536 3429 27,
589 3362 680 3418 29.
723 3364 954 3423 lntuitus
1004 3379 1088 3424 est
1131 3385 1162 3425 e
1203 3369 1340 3424 casio
1382 3377 1571 3424 sancto
1619 3383 1719 3424 suo
1760 3366 1937 3421 homi-

2111 3370 2295 3425 27-29.
2335 3369 2576 3422 Ἐπείδεν
2609 3369 2673 3420 ὲκ
2715 3365 2808 3420 τοῦ
2852 3363 3077 3434 οὐρανοῦ
3117 3363 3209 3416 τοῦ
3245 3362 3397 3432 ἁγίου
3439 3359 3602 3414 αὐτοῦ

383 3470 511 3508 num
540 3470 743 3524 genus,
783 3465 836 3512 et
872 3457 952 3513 eis
984 3460 1240 3517 omnibus
1297 3461 1573 3517 consuluit
1613 3469 1774 3530 atque
1819 3475 1874 3529 pr

2129 3463 2281 3531 γένος
2312 3461 2419 3515 τῶν
2443 3459 2762 3532 ἀνθρώπων.
2788 3458 2882 3511 καὶ
2909 3458 3163 3528 πρόνοιαν
3193 3454 3368 3508 αὐτῶν
3391 3453 3603 3506 πάντων

383 3544 534 3600 vidit.

2042 3554 2356 3622 πεποίηται.

444 3635 534 3690 50.
567 3635 620 3690 lu
647 3635 937 3706 baptismo.

2112 3645 2200 3699 30.
2248 3645 2336 3697 Ἐν
2359 3642 2435 3714 τῷ
2469 3642 2823 3713 βαπτίσματι.

452 3729 540 3782 51.
575 3727 777 3783 Gaudet
805 3737 1065 3798 prazterea
1091 3743 1278 3783 eorum
1305 3728 1578 3797 operibus.

2109 3735 2198 3789 51.
2226 3734 2420 3806 Χαίρει
2445 3734 2518 3805 (2)
2554 3733 2736 3786 λοιπὸν
2765 3734 2822 3786 ὲν
2853 3733 2962 3794 τοῖς
2990 3728 3171 3801 ἔργοις
3198 3726 3394 3780 αὐτῶν.

452 3818 540 3872 52.
573 3817 632 3871 ln
661 3818 749 3872 die
770 3817 986 3887 judicii.

2114 3826 2202 3880 32.
2247 3826 2334 3878 'Ev
2362 3828 2428 3895 τῇ
2461 3826 2642 3897 ἡμέρᾳ
2660 3825 2758 3896 τῆς
2803 3825 3053 3895 κρίσεως.

451 3909 539 3964 55.
578 3908 737 3968 Salus
764 3926 794 3963 a
827 3911 1050 3964 Domino
1094 3918 1149 3964 et
1183 3910 1236 3964 in
1277 3910 1527 3980 praesenti
1570 3919 1623 3966 et
1663 3911 1716 3965 in
1765 3911 1942 3969 futuro

2113 3917 2200 3971 55.
2237 3916 2394 3986 Παρὰ
2423 3916 2623 3987 Κυρίου
2654 3917 2686 3986 ὴ
2719 3915 2959 3986 σωτηρία
2988 3913 3082 3967 καὶ
3107 3913 3166 3966 ἐν
3204 3910 3282 3981 τῷ
3323 3908 3414 3963 νῦν
3450 3908 3604 3962 αἰῶνι

386 4003 585 4057 saeculo
618 4001 909 4072 unicuique
940 4002 1116 4058 datur.

1923 4069 1933 4077 ,
2045 4009 2138 4063 καὶ
2166 4011 2221 4060 ὲν
2248 4006 2325 4077 τῷ
2361 4006 2604 4078 μέλλοντι
2641 4007 2854 4076 ἑκάστῳ
2883 4005 3101 4058 δίδοται.

455 4096 544 4151 54.
577 4093 694 4152 Non
719 4104 900 4150 autem
927 4104 979 4151 ut
1007 4096 1060 4150 in
1081 4098 1328 4167 praesenti
1349 4113 1546 4168 equum
1571 4098 1795 4168 habens,
1820 4109 1946 4155 tunc

2117 4101 2203 4156 54.
2231 4101 2364 4154 Οὐδὲ
2391 4102 2420 4152 ὁ
2446 4100 2607 4162 ἵππος
2633 4099 2709 4170 (5)
2759 4097 2896 4169 ἔχων
2941 4100 2997 4153 ὲν
3027 4097 3104 4168 τῷ
3139 4095 3232 4150 νῦν
3280 4093 3433 4149 αἰῶνι
3485 4093 3604 4147 τότε

387 4186 583 4256 poterit
606 4186 660 4240 in
692 4201 758 4242 eo
785 4183 1059 4257 aufugere.

2044 4193 2325 4263 δυνήσεται
2362 4192 2418 4245 ὲν
2450 4190 2594 4261 αὐτῷ
2617 4189 2856 4259 φεύγειν.

455 4277 544 4332 55.
574 4275 691 4331 Non
711 4276 856 4331 enim
875 4275 1140 4349 cujusque
1161 4278 1398 4348 potentia
1421 4278 1649 4334 salvabit
1668 4295 1790 4335 eum
1815 4288 1944 4334 tem-

2117 4283 2204 4337 35.
2234 4282 2308 4336 Οὐ
2337 4281 2444 4351 γὰρ
2473 4285 2505 4352 ἠ
2538 4281 2820 4336 δυναστεία
2851 4281 3077 4334 ἑκάστου
3108 4276 3265 4342 σώζει
3290 4272 3500 4347 [σώσει]
3521 4273 3608 4326 αὖε

385 4383 515 4440 pore
540 4368 752 4440 judicii.
1136 4377 1145 4386 ·
1281 4408 1285 4414 .

1978 4351 2022 4406 D
2048 4376 2137 4427 τὸν
2172 4377 2228 4427 ὲν
2253 4373 2329 4445 τῷ
2365 4351 2541 4445 καιρῷ
2569 4373 2668 4443 τῆς
2695 4373 2943 4444 κρίσεως.

455 4459 546 4526 56,
573 4459 663 4514 57.
699 4459 1001 4514 Delectatur
1031 4456 1174 4512 enim
1208 4452 1544 4528 subjectione
1567 4467 1619 4513 et
1642 4473 1756 4528 spe,
1783 4475 1944 4530 quam

2114 4463 2202 4529 36,
2231 4465 2319 4519 37.
2364 4464 2584 4536 Ἐρᾶται
2614 4465 2704 4517 ἐπὶ
2732 4467 2799 4535 τῇ
2828 4464 3071 4533 ὑποταγῇ
3099 4460 3193 4515 καὶ
3222 4463 3287 4530 τῇ
3313 4458 3509 4525 ἐλπίδι,
3539 4459 3605 4529 ἧν

385 4554 442 4608 in
469 4569 536 4608 eo
565 4553 786 4608 habent.

2045 4557 2255 4628 ἔχουσιν
2285 4557 2364 4620 είς
2389 4557 2563 4610 αὐτόν.

459 4643 546 4699 58.
576 4644 622 4697 Α
646 4652 823 4698 morte
850 4649 1069 4696 aeterna.

2115 4648 2202 4703 58.
2235 4648 2340 4702 Τοῦ
2371 4649 2588 4703 αἰωνίου
2620 4646 2871 4702 θανάτου.

449 4736 539 4792 59.
570 4733 688 4791 Non
733 4733 931 4789 famem
969 4730 1123 4802 panis
1159 4730 1455 4802 signiﬁcat,
1489 4733 1581 4788 sed
1622 4730 1819 4786 famem
1844 4749 1940 4788 au-

2119 4740 2207 4795 39.
2251 4740 2323 4793 Οὐ
2357 4739 2505 4808 λέγει
2529 4739 2684 4810 λιμὸν
2710 4741 2897 4811 ἄρτου,
2931 4737 3067 4792 ἀλλὰ
3088 4735 3242 4808 λιμὸν
3261 4735 3354 4790 τοῦ
3381 4735 3605 4790 ἀκοῦσαι

386 4828 568 4885 diendi
596 4827 822 4884 verbum
856 4826 1088 4883 Domini.

1086 4868 1088 4877 ν
2050 4835 2200 4904 λόγον
2244 4834 2450 4906 Κυρίου
2482 4833 2577 4904 (4).

453 4924 544 4981 40.
573 4923 768 4980 Anima
788 4930 975 4978 nostra
994 4929 1271 4993 exspectat
1289 4933 1501 4990 semper
1516 4917 1939 4988 misericordiam

2116 4926 2202 4981 40.
2244 4926 2308 4980 Ἦ
2339 4924 2484 4996 ψυχὴ
2520 4928 2552 4996 ἠ
2563 4925 2678 4996 μῶν
2703 4925 2986 4997 περιμένει
3025 4923 3252 4978 πάντοτε
3274 4921 3334 4976 τὸ
3362 4921 3496 4992 παρ’
3515 4918 3604 4973 αὐ-

387 5019 455 5073 ab
478 5031 563 5073 eo.

2047 5013 2141 5068 τοῦ
2174 5014 2335 5078 ἔλεος.

448 5108 536 5162 41.
568 5106 834 5173 Quoniam
862 5106 976 5176 ipse
1001 5119 1214 5173 semper
1239 5117 1385 5158 curae
1419 5116 1520 5158 nos
1553 5101 1731 5158 habet.

2118 5105 2206 5158 41.
2241 5106 2362 5159 Ὅτι
2395 5105 2555 5169 αὐτὸς
2580 5106 2667 5158 ἀεὶ
2698 5105 2950 5177 φροντίδα
2973 5103 3126 5176 ἡμῶν
3163 5104 3413 5157 ποιεῖται.

457 5199 545 5256 42.
573 5199 913 5254 lnhabitante
946 5196 1064 5266 ipso
1089 5197 1144 5250 in
1169 5196 1346 5251 nobis.

2118 5196 2207 5250 42.
2233 5197 2712 5268 Κατασκηνοῦντος
2739 5196 2901 5250 αὐτοῦ
2935 5199 2992 5250 ὲν
3023 5198 3174 5268 ἡμῖν.

452 5293 540 5346 45.
573 5291 838 5358 Quoniam
871 5298 1062 5360 potens
1083 5296 1167 5345 est
1188 5288 1396 5344 salvare
1418 5303 1538 5343 nos.

1498 5304 1538 5343 5.
2122 5289 2208 5343 45.
2238 5290 2356 5342 Ὅτι
2380 5289 2601 5343 δύναται
2627 5289 2794 5342 σῶσαι
2825 5291 2989 5360 ἡμᾶς.

1342 5405 1646 5468 Addenda
1683 5411 1742 5466 et
1780 5404 2153 5483 corrigenda
2184 5423 2262 5468 ex
2291 5404 2433 5466 cod.
2466 5405 2666 5466 Vatic.

468 5513 550 5588 (1)
571 5513 663 5588 ΤῥΔ
679 5512 805 5588 τῷν,
832 5519 962 5588 etc”
1001 5507 1169 5588 λέγει.
1197 5509 1261 5566 Ν.
1291 5511 1381 5578 26,
1415 5511 1503 5567 27.
1547 5510 1654 5566 Ἀεὶ
1679 5513 1804 5581 γάρ,
1840 5519 1942 5566 etc.

1084 5528 1169 5580 [ει.
1197 5509 1261 5566 Ν.
1291 5511 1381 5578 26,
1415 5511 1503 5567 27.
1547 5510 1654 5566 Ἀεὶ
1679 5513 1804 5581 γάρ,
1840 5519 1942 5566 etc.
2225 5509 2354 5588 Q6§é
2395 5509 2575 5588 ἵππον..

401 5577 578 5644 Ν.’28.
597 5582 687 5637 29.
731 5583 970 5636 Ἐπεῖδεν
1002 5577 1088 5635 ὲκξ
1113 5591 1218 5638 etc.
1370 5577 1374 5578 ν
1692 5577 1698 5580 ⁷
1756 5577 1764 5581 ’
2239 5580 2406 5647 Λόγον
2435 5577 2587 5632 Θεοῦ.

474 5652 552 5725 (2)
580 5653 768 5724 Χαίρει
803 5652 909 5722 γάρ
928 5691 942 5718 ,
974 5663 1078 5708 etc.
