3776 6272
377 170 475 227 771
1208 170 1268 227 S.
1308 167 1672 226 ATHANASH
1705 165 1856 223 OPP.
1895 162 2074 219 PARS
2113 160 2202 217 111.
2241 193 2305 203 -
2337 158 2747 216 EXEGETICA.
3492 161 3615 216 772

441 287 525 342 15.
554 280 1037 341 Castrame'tabitur
1084 284 1308 356 angelus
1347 285 1561 342 Domini
1595 287 1649 340 in
1699 282 1930 340 circuitu

2107 277 2186 332 l5.
2212 274 2559 347 Παρεμϐαλεί
2584 271 2810 342 ἄγγελος
2833 272 3038 344 Κυρίου
3068 270 3249 343 κύκλῳ
3273 272 3381 326 τῶν
3405 272 3616 344 φοϐουε

378 372 683 432 timentium
713 389 858 441 eum,
887 385 941 431 et
967 375 1160 444 eripiet
1185 390 1300 431 eos.

2107 383 2214 420 νων
2239 365 2420 429 αὐτὸν,
2447 365 2540 418 καὶ
2565 363 2784 436 ῥύσεται
2807 360 3026 426 αύτούς,

449 465 536 522 14.
568 465 791 522 Gustate
837 475 892 524 et
936 465 1140 534 videte,
1188 468 1446 537 quoniam
1494 468 1678 526 suavis
1723 476 1808 526 est
1835 466 1935 524 Do-

2111 457 2197 514 M.
2227 456 2499 511 Γεύσασθε
2529 454 2623 510 καὶ
2655 454 2813 518 ἴδετε,
2841 450 2923 508 ὅτι
2955 453 3188 526 χρηστὸς
3211 457 3240 508 δ
3265 454 3471 526 Κύριος
3490 473 3506 486 .

381 558 564 613 minus
587 575 605 612 :

451 647 540 702 15.
572 645 770 702 Beatus
797 643 900 711 vir,
925 643 1018 714 qui
1045 655 1226 714 sperat
1255 643 1309 699 in
1335 660 1422 701 eo.

445 738 535 794 16.
567 735 774 792 Timete
801 735 1115 803 Dominum,
1149 727 1339 792 omnes
1365 736 1536 792 sancti
1561 736 1681 807 ejus
1705 754 1721 792 :

449 829 539 884 17.
573 827 841 895 Quoniam
868 841 976 880 non
1009 834 1093 881 est
1128 827 1310 896 inopia
1335 828 1659 884 timentibus
1687 841 1842 882 eum.

454 921 544 976 18.
577 919 782 975 Divites
813 928 1078 989 eguerunt
1110 926 1166 974 et
1193 920 1505 973 esurierunt
1536 937 1550 972 :

449 1013 542 1069 19.
578 1011 920 1082 luquirenles
947 1021 1132 1067 autem
1168 1009 1458 1065 Dominum
1496 1025 1604 1066 non
1631 1008 1944 1065 minuentur

375 1105 528 1160 omni
562 1105 728 1158 bono.

446 1194 539 1250 20.
572 1191 782 1262 Venite,
811 1193 929 1256 ﬁlii,
955 1191 1139 1247 audite
1166 1205 1251 1245 me
1276 1209 1290 1244 :

451 1289 544 1343 21.
580 1286 855 1342 Timorem
893 1286 1106 1340 Domini
1139 1285 1344 1340 docebo
1371 1297 1491 1340 vos.

445 1377 536 1432 22.
571 1375 704 1443 Quis
731 1385 814 1431 est
840 1377 1005 1430 homo
1039 1374 1129 1444 qui
1170 1373 1288 1428 vult
1316 1374 1482 1428 vitam
1503 1412 1520 1440 ,

448 1468 540 1522 25.
576 1466 816 1537 Diligens
845 1466 962 1521 dies
991 1465 1176 1520 videre
1199 1464 1416 1520 bonos?

444 1559 536 1615 24.
573 1558 806 1613 Prohibe
835 1558 1077 1628 linguam
1113 1564 1258 1610 tuam
1288 1571 1319 1609 a
1357 1555 1500 1610 malo
1529 1571 1545 1610 :

442 1653 533 1708 25.
569 1651 635 1707 Et
658 1652 801 1706 labia
829 1661 922 1706 tua
946 1666 1015 1707 ne
1045 1653 1339 1721 loquantur
1367 1650 1573 1704 dolum.

445 1742 540 1798 26.
573 1741 788 1797 Diverte
816 1757 847 1796 a
881 1741 1050 1804 malo,
1074 1751 1128 1796 et
1156 1739 1244 1794 fac
1272 1740 1474 1794 bonum
1504 1755 1518 1791 :

445 1836 536 1890 27.
576 1834 792 1905 lnquire
825 1849 1035 1905 pacem,
1065 1840 1118 1887 et
1145 1845 1468 1902 persequere
1495 1843 1636 1884 eam.

443 1924 534 1980 28.
573 1922 729 1978 Oculi
758 1922 1055 1996 [Quoniam
1088 1919 1254 1991 oculi]
1286 1918 1498 1973 Domini
1527 1932 1690 1988 super
1716 1916 1933 1987 justos;

443 2015 535 2070 29.
578 2013 642 2068 Et
673 2030 830 2069 aures
861 2013 980 2083 ejus
1005 2014 1058 2066 in
1086 2027 1273 2081 preces
1301 2025 1512 2065 eorum.

444 2101 537 2157 50.
577 2099 768 2155 Vultus
797 2110 976 2155 autem
1011 2099 1226 2153 Domini
1269 2113 1431 2168 super
1459 2097 1719 2153 facientes
1749 2096 1932 2160 mala;

443 2195 534 2250 51.
570 2193 640 2250 Ut
660 2195 849 2266 perdat
875 2195 941 2250 de
968 2203 1112 2248 terra
1148 2193 1462 2247 memoriam
1495 2207 1705 2246 eorum.

438 2283 528 2339 52.
558 2282 944 2340 Clamaverunt
970 2283 1127 2354 justi,
1156 2293 1211 2338 et
1234 2282 1495 2338 Dominus
1517 2282 1794 2337 exaudivit
1814 2295 1932 2346 eos,

2109 616 2196 671 15.
2229 614 2510 684 Μακάριος
2537 612 2692 684 ἀνὴρ,
2721 611 2779 675 ὃς
2805 611 3013 677 ἐλπίζει
3044 613 3132 666 ἐπ’
3161 612 3368 669 airrdv.‘

2112 707 2196 763 16.
2219 706 2491 778 Φοϐήθητε
2519 705 2608 758 τὸν
2631 703 2830 776 Κύριον
2856 704 3053 767 πάντες
3071 704 3120 756 οἰ
3151 703 3294 773 amo.
3323 702 3491 758 αὑτοῦ
3511 719 3527 734 ο

2108 800 2194 854 17.
2209 800 2330 852 Ὅτι
2346 799 2444 851 οὐκ
2463 797 2605 851 ἐστιν
2623 797 2902 869 ὑστέρημα
2916 799 3026 859 τοῖς
3043 794 3395 866 φοϐουμένοις
3412 794 3608 848 αὐτόν.

2113 889 2198 945 18.
2240 887 2486 942 Πλούσιοι
2516 886 2861 958 ἐπτώχευσαν
2899 887 2990 940 καὶ
3015 887 3337 939 ὲπείνασανο

2108 980 2194 1036 19.
2235 981 2296 1032 Οἰ
2325 979 2382 1032 δὲ
2411 977 2765 1050 ὲκζητοῦντες
2795 978 2886 1032 τὸν
2919 977 3119 1052 Κύριον
3160 979 3260 1032 ούκ
3296 975 3613 1046 ἐλαττωθή-

2037 1085 2218 1126 σονται
2251 1067 2449 1131 παντὸς
2475 1066 2698 1136 ἀγαθοῦ.

2107 1159 2197 1216 20.
2237 1159 2421 1225 Δεῦτε,
2453 1159 2638 1225 τέκνα,
2677 1158 2943 1213 ἀκούσατὲ
2984 1175 3119 1231 μου·

2103 1252 2193 1307 21.
2231 1250 2395 1304 Φόϐον
2424 1250 2627 1323 Κυρίου
2659 1250 2854 1318 διδάξω
2886 1252 3047 1322 ὑμᾶς.

2103 1343 2194 1398 22.
2235 1343 2330 1408 Τίς
2361 1345 2505 1396 ἐστιν
2533 1343 2814 1414 ἄνθρωπος
2837 1345 2865 1396 ὁ
2899 1343 3066 1398 Θέλων
3097 1344 3264 1416 ζωὴν,

2102 1434 2191 1488 25.
2223 1434 2474 1502 Ἀγαπῶν
2503 1433 2716 1505 ἡμέρας
2749 1433 2876 1487 ἰδεῖν
2906 1433 3115 1503 ἀγαθάς
3139 1450 3154 1499 ;

2105 1525 2194 1579 21.
2234 1524 2444 1579 Παῦσον
2476 1525 2572 1597 τὴν
2600 1524 2848 1594 γλῶσσάν
2878 1544 2969 1579 σου
3003 1526 3113 1579 ἀπὸ
3144 1523 3314 1580 κακοῦ
3336 1544 3350 1556 ’

1964 1624 2010 1682 Β
2102 1617 2192 1673 25.
2235 1618 2342 1671 Καὶ
2374 1617 2524 1689 χείλη
2555 1636 2645 1672 σου
2670 1618 2764 1673 τοῦ
2798 1620 2872 1690 μὴ
2896 1619 3123 1691 λαλῆσαι
3154 1619 3323 1674 δόλον.

2109 1709 2197 1762 26.
2217 1710 2498 1763 Ἐκκλινον
2530 1711 2639 1763 ἀπὸ
2661 1710 2852 1776 κακοῦ,
2883 1711 2978 1764 καὶ
3005 1710 3226 1782 ποίησον
3258 1709 3456 1781 ἀγαθόν
3476 1726 3493 1743 ⁸

2107 1800 2195 1854 27.
2236 1802 2477 1873 Ζήτησον
2505 1803 2744 1874 εἰρήνην,
2777 1803 2869 1857 καὶ
2895 1803 3079 1868 δίωξον
3104 1805 3295 1874 αὑτήν.

2111 1891 2199 1945 28.
2225 1891 2519 1962 Ὀφθαλμοὶ
2547 1892 2649 1964 [ὅτι
2682 1893 2970 1967 ὀφθαλμοὶ]
3002 1895 3204 1967 Κυρίου
3225 1896 3319 1950 ἐπὶ
3337 1895 3602 1959 δικαίουςο

2107 1981 2195 2037 29.
2236 1983 2345 2035 Καὶ
2374 1977 2488 2037 ὧτα
2515 1982 2675 2038 αὑτοῦ
2705 1987 2784 2049 εἰς
2813 1986 2992 2058 δέησιν
3022 1987 3221 2043 αὐτῶν.
3355 2049 3363 2058 ⁸

2105 2073 2192 2128 50.
2230 2074 2525 2145 Πρόσωπον
2558 2075 2616 2128 δὲ
2646 2077 2851 2148 Κυρίου
2881 2078 2973 2130 ἐπὶ
2999 2077 3283 2143 ποιοῦντας
3310 2078 3490 2132 κακά’

2105 2162 2194 2218 51.
2235 2164 2340 2218 Τοῦ
2365 2166 2737 2238 ὲξολοθρεῦσαι
2759 2170 2822 2222 ὲκ
2841 2169 2944 2240 γῆς
2962 2169 3023 2222 τδ
3041 2170 3376 2240 μνημόσυνον
3396 2169 3597 2225 αὐτῶν.

2106 2254 2195 2308 52.
2223 2255 2552 2328 Ἐκέκραξαν
2581 2259 2632 2312 οἰ
2654 2258 2871 2328 δίκαιοι,
2900 2261 2994 2315 καὶ
3015 2261 3044 2314 ὁ
3064 2261 3265 2333 Κύριος
3283 2263 3604 2334 εἰσήκουσεν

2037 2345 2238 2415 αὐτῶν,

1491 2480 1864 2538 ATHANASII
1902 2482 2484 2544 INTERPRETATIO.

438 2593 528 2651 15.
558 2593 631 2650 Ut
659 2610 822 2667 super
853 2595 1029 2652 tribus
1057 2596 1240 2669 pueris
1265 2597 1318 2652 in
1353 2599 1566 2655 camino
1595 2601 1757 2672 ignis.

2107 2609 2195 2665 15.
2247 2610 2335 2673 Ὠς
2355 2611 2448 2664 ἐπὶ
2473 2609 2580 2665 τῶν
2602 2610 2774 2682 τριῶν,
2789 2610 2993 2667 παίδων
3019 2609 3117 2682 τὴν
3141 2608 3216 2681 (1)
3254 2608 3482 2682 κάμινον
3503 2607 3602 2664 τοῦ

447 2768 535 2824 14.
567 2768 876 2826 lmmortale
901 2771 1126 2839 donum,
1151 2771 1304 2827 dicit.

2107 2720 2112 2748 ν
2151 2700 2230 2756 όθ.

2109 2719 2207 2845 ῗιῗ
2233 2792 2343 2862 Τῆς
2363 2791 2630 2847 ἀθανάτου
2663 2793 2900 2864 δωρεᾶς,
2925 2791 3092 2861 λέγει.

438 2859 527 2913 15.
558 2857 714 2926 Quod
735 2861 877 2914 enim
897 2864 1126 2931 quisque
1147 2863 1215 2917 ab
1237 2879 1303 2918 eo
1321 2865 1778 2934 speratobtinere,
1808 2866 1935 2922 illud

2107 2881 2194 2935 15.
2224 2857 2430 2954 Ὃνγάρ
2451 2900 2533 2946 τις
2563 2857 2772 2946 ἐλπίζει
2805 2857 3134 2953 κομίσασθαι
3164 2880 3240 2952 (2)
3272 2881 3367 2934 ἀπ’
3409 2879 3601 2946 αὐτοῦ,

371 2949 624 3018 accipiet,
653 2961 709 3004 et
734 2951 967 3021 amplius
993 2952 1241 3022 accipiet.

2107 2973 2193 3028 ῦτο
2217 2949 2445 3045 λήψεται
2464 3015 2479 3042 ,
2514 2977 2608 3029 καὶ
2635 2949 3017 3048 περισσότερον
3047 2949 3295 3045 λήψεται.

442 3041 528 3094 16.
558 3040 660 3106 Qui
689 3041 832 3094 enim
857 3043 1030 3096 sancti
1056 3058 1175 3098 esse
1210 3045 1393 3107 vultis,
1429 3046 1617 3101 timete
1644 3061 1795 3102 eum.

2107 3065 2196 3120 16.
2228 3040 2380 3119 "Dect
2412 3040 2557 3136 ἅγιοι
2590 3040 2772 3120 θέλετε
2803 3040 2962 3134 εἶναι,
2996 3040 3244 3137 φοϐεἰσθε
3271 3069 3455 3124 αὐτόν.

442 3131 529 3184 17.
570 3130 839 3196 Quoniam
891 3133 1096 3187 nullum
1154 3135 1355 3190 bonum
1412 3136 1567 3192 deest
1621 3137 1935 3194 timentibus

2107 3156 2195 3212 17.
2211 3156 2333 3209 Ὅτι
2349 3130 2498 3211 οὐδέν
2513 3157 2714 3222 ἀγαθὸν
2729 3158 2904 3212 λείπει
2917 3130 3028 3222 τοῖς
3045 3159 3396 3230 φοϐουμένοις
3415 3159 3600 3214 αὐτόν.

373 3236 499 3276 eum
510 3262 523 3276 .

446 3312 534 3366 18.
577 3311 962 3371 Deﬁcientibus
985 3315 1206 3384 divitiis,
1244 3318 1300 3371 in
1339 3319 1538 3388 quibus
1563 3328 1934 3388 speraverunt.

2107 3338 2194 3393 18.
2221 3338 2597 3409 Ἐκλείψαντος
2622 3337 2718 3392 τοῦ
2747 3338 2974 3392 πλούτου
3006 3339 3104 3407 (5),
3138 3332 3282 3408 ὲφίἶ)
3309 3337 3599 3408 ὲπεποίθη-

368 3400 802 3502 Ρτῼρτίεριμθιη
832 3405 1144 3502 «Iudaeorum
1176 3410 1437 3502 ροριιιυιξι
1473 3409 1797 3502 signiﬁcat-7
2039 3447 2156 3484 σαν.
2186 3400 2504 3502 Κυρίωξμ)
2534 3400 2590 3483 δὲ
2614 3429 2704 3485 τὸν
2729 3430 2836 3483 τῶν
2871 3400 3137 3484 iam.
3171 3400 3303 3501 sua
3332 3429 3482 3483 λαόν.

444 3492 531 3547 19.
566 3493 773 3550 Divitiae
803 3498 947 3552 enim
975 3514 1163 3553 eorum
1216 3509 1344 3554 sunt
1393 3499 1676 3564 Dominus,
1707 3501 1802 3571 qui
1835 3502 1906 3556 bo

2109 3521 2194 3576 19.
2308 3492 2416 3592 γὰρ
2434 3492 2670 3583 ’πλοῦτος
2703 3520 2880 3574 αύτῶν
2907 3520 3110 3592 Κύριός
3150 3492 3316 3583 eorm,
3343 3522 3372 3573 ὁ
3399 3519 3604 3588 ἀγαθὸς

369 3599 474 3637 nus
506 3593 560 3638 et
599 3587 913 3644 indeliciens
946 3599 1064 3658 est,
1112 3591 1168 3644 in
1195 3592 1351 3662 cujus
1380 3609 1544 3646 manu
1571 3593 1753 3647 omnia
1779 3606 1933 3662 sunt;

2107 3615 2127 3667 ἱ
2157 3587 2502 3675 eveniat-im;
2535 3612 2633 3682 (5),
2666 3605 2727 3665 οὗ
2758 3613 2817 3665 ὲν
2843 3615 2908 3684 τῇ
2938 3587 3080 3684 χειρὶ
3113 3612 3184 3666 τὰ
3209 3612 3384 3666 πάντα
3416 3610 3560 3665 ἐστίν
3582 3627 3599 3642 ⁸

368 3678 485 3744 ipse
509 3678 652 3731 enim
680 3695 741 3732 ea
773 3678 920 3736 fecit.

2107 3707 2195 3770 τὸς
2221 3707 2330 3777 γὰρ
2363 3678 2616 3776 ὲποίηαεν
2643 3705 2803 3758 αὐτά..

437 3765 628 3822 20-25.
666 3769 993 3828 Desiderans
1022 3782 1221 3829 aeterne
1263 3775 1473 3843 vivere,
1523 3781 1578 3831 et
1605 3775 1722 3832 dies
1763 3776 1934 3832 inter-

2107 3765 2400 3866 20:25.16)
2437 3765 2598 3848 'o'ev
2639 3794 2902 3865 ἐπιθυμίᾳ
2935 3793 3071 3865 ἔχων
3119 3794 3306 3856 ἀῖδίως
3349 3793 3468 3864 ζῇν,
3503 3792 3602 3847 και

366 3859 658 3959 “if-abi!“
695 3877 945 3959 (ιυξεςειιε
975 3865 1177 3919 νίάθτθο
2036 3887 2130 3950 τὰς
2157 3859 2492 3959 ἡμέραςτὰς
2520 3859 2904 3955 ἀτελευτήτους
2940 3859 3117 3956 ξῇτῶν
3154 3885 3300 3938 ἰδεῖν.

441 3949 532 4003 24.
567 3951 611 4002 Α
635 3955 901 4008 convicio.

2107 3949 2338 4026 24:1...
2364 3972 2648 4044 λοιδορίας.

436 4039 527 4094 25.
566 4037 799 4098 Prohibe
823 4059 852 4097 a
883 4045 1184 4100 mendacio.

2107 4064 2194 4118 25.
2226 4063 2481 4117 Κώλυσον
2509 4037 2587 4134 '(7)
2612 4065 2718 4118 ἀπὸ
2738 4064 2985 4134 ψεύδους.

436 4129 528 4184 26.
562 4133 645 4186 Ab
677 4136 825 4188 omni
849 4146 1092 4204 peccato.

2107 4153 2195 4207 26.
2215 4153 2344 4206 Ἀπὸ
2373 4121 2552 4224 πάσης
2569 4121 2874 4226 ’ἁμαρτίας

434 4221 526 4276 27.
563 4222 879 4291 Dominum,
905 4240 954 4282 et
985 4244 1214 4297 sequere
1242 4244 1386 4284 eum.

2107 4243 2194 4297 27.
2230 4243 2331 4295 Τὸν
2365 4221 2587 4314 Κύριον,
2614 4221 2710 4297 1ιαί
2736 4243 3014 4298 ἀκολούθει
3042 4244 3211 4316 αύτῷ.

434 4314 538 4379 28,
570 4315 660 4371 29.
698 4315 907 4373 Gaudet
935 4319 1125 4374 videns
1157 4335 1251 4374 eos
1285 4330 1502 4392 pr0pter
1525 4337 1686 4392 opera
1716 4337 1928 4390 eorum,

2107 4335 2196 4398 28,
2230 4335 2318 4390 29.
2354 4335 2549 4405 Χαίρει
2586 4333 2727 4408 ὁρῶν
2765 4336 2960 4399 αὐτοὺς
2997 4336 3087 4388 διὰ
3125 4314 3194 4389 τὰ
3233 4336 3367 4406 ἔργα
3398 4337 3600 4402 αὐτῶν,

361 4415 416 4461 et
446 4407 742 4463 delectatur
794 4411 1023 4466 audiens
1075 4411 1509 4482 deprecationem
1537 4430 1724 4468 eorum
1750 4456 1765 4481 ,
1793 4429 1930 4484 quo-

2107 4429 2128 4480 ὶ
2149 4427 2406 4498 τέρπεται
2438 4407 2652 4482 ἀκούων
2685 4430 2783 4498 τῆς
2807 4430 3040 4499 δεήσεως
3062 4427 3258 4494 αὐτῶν,
3275 4429 3356 4481 ὃτι
3381 4428 3448 4482 τὰ
3469 4429 3601 4501 ἀρε-

365 4499 534 4562 niam,
565 4516 686 4568 qua:
710 4501 903 4570 placita
932 4505 980 4558 ei
1008 4515 1155 4571 sunt,
1183 4507 1251 4560 ab
1279 4522 1343 4561 eo
1371 4515 1579 4574 petunt.

2107 4518 2136 4570 ἁ
2163 4518 2310 4589 αύτῷ
2339 4520 2613 4573 αἰτοῦνται
2647 4522 2776 4590 παρ’
2809 4519 2900 4573 τοῦ
2939 4521 3035 4590 (8).

435 4586 526 4642 50.
566 4587 824 4644 Irascitur
854 4601 1068 4660 autem,
1113 4604 1277 4664 atque
1319 4594 1634 4665 indignatur
1663 4609 1826 4666 super
1852 4593 1932 4650 fa-

2107 4608 2194 4662 50.
2230 4586 2505 4679 Θυμοῦται
2527 4611 2605 4675 δὲ,
2628 4586 3026 4682 καὶ-ὀργίζεται
3056 4612 3147 4665 ἐπὶ
3167 4614 3293 4677 τοὺς
3313 4613 3604 4678 ποιοῦντας

364 4678 569 4734 cientes
599 4680 761 4734 mala.

2110 4701 2199 4755 κά.

431 4768 521 4824 51.
548 4769 615 4824 Ει
649 4787 716 4826 ex
746 4771 850 4826 hac
877 4779 1019 4826 terra
1053 4778 1108 4825 et
1130 4765 1334 4826 futura.

2107 4793 2194 4846 5|.
2230 4794 2338 4846 Καὶ
2370 4797 2434 4848 ὲκ
2459 4794 2659 4866 ταύτης
2674 4795 2768 4865 τῆς
2803 4796 2904 4866 γῆς
2925 4797 3018 4849 καὶ
3045 4795 3146 4866 τῆς
3175 4795 3493 4868 μελλούσης.

436 4860 523 4917 52.
556 4862 709 4919 Sicut
734 4863 789 4918 in
821 4871 1135 4932 tempestate
1176 4863 1344 4917 maris
1380 4863 1632 4934 discipuli
1671 4867 1928 4924 clamave-

2107 4885 2190 4939 52.
2226 4886 2490 4958 Καθάπερ
2517 4889 2575 4941 ὲν
2613 4860 2692 4958 τῷ
2715 4860 2942 4942 διλύϐοονι
2973 4890 3072 4958 τῆς
3102 4860 3376 4960 δαλάσοης
3499 4907 3602 4962 μα-

364 4959 486 5006 rant
514 4960 568 5008 et
600 4968 672 5009 ex
699 4953 848 5010 omni
871 4964 1006 5008 :estu
1033 4952 1272 5008 animam
1302 4968 1333 5007 a
1367 4968 1595 5024 corpore
1619 4968 1924 5027 separatam

2107 4979 2212 5042 ταὶ,
2271 4980 2365 5032 καὶ
2416 4952 2479 5033 εὶ
2515 4952 2714 5045 παντος
2754 4980 2849 5034 τοῦ
2893 4952 3158 5047 κλύδιονος
3195 4952 3371 5055 ψυχήν
3409 4952 3602 5053 σῶμα·

1306 5116 1613 5182 Addenda
1641 5127 1702 5182 et
1735 5125 2110 5204 corrigenda
2149 5148 2227 5192 ex
2260 5132 2402 5194 cod.
2436 5133 2638 5196 Vatic.

433 5255 512 5327 (1)
543 5258 638 5323 Εἰς
665 5260 786 5332 τήν.
1243 5329 1258 5349 ο
1327 5331 1339 5347 ο
1415 5329 1442 5340 θ
1521 5331 1544 5349 η
2103 5270 2174 5341 (6)
2197 5270 2258 5325 Ν.
2289 5272 2381 5335 20,
2409 5273 2500 5329 21.
2523 5275 2583 5326 Οἰ
2607 5274 2670 5345 ὲρ
2708 5275 2888 5347 ὀμενοι
2929 5278 3020 5331 ἐπὶ
3067 5279 3127 5332 τὸ
3153 5277 3481 5351 διδαχθῆναι,
3514 5280 3597 5334 ἐλ-

433 5327 511 5398 (2)
541 5329 884 5398 Κομίσασῦαι
904 5327 1105 5398 ἀγαθὸν
1131 5345 1242 5398 παρ
1283 5347 1466 5396 αυτου,
1489 5349 1632 5388 ουτω
1675 5341 1784 5398 etc,
2027 5341 2170 5398 Θετε.
2202 5342 2297 5394 καὶ
2346 5343 2634 5398 ἀκούσατέ.
2775 5346 2866 5398 22.
2895 5347 2986 5398 25.
3017 5349 3111 5398 Τίς
3140 5353 3286 5398 ἐστιν
3313 5349 3596 5398 ἄνθρωπος

433 5327 511 5398 (2)
541 5327 884 5399 [Copidas-{lat
904 5327 1105 5398 ἀγαθὸν
1131 5329 1258 5400 παρ’
1283 5329 1466 5396 αὑτοῦ,
1489 5331 1632 5388 οὕτω
1675 5341 1784 5400 etc,

433 5398 511 5467 (δ)
548 5399 734 5452 Δύτῶν
767 5400 858 5454 πλ.

2107 5327 2171 5405 Es;
2202 5342 2297 5394 καὶ
2346 5327 3124 5415 ἇκούόἀτιὲίίῆδν-Τίς⁷
3140 5327 3596 5424 is}?

2107 5429 2134 5461 ν
2165 5412 2446 5467 ἐπιθυμία.
2481 5425 2586 5467 etc.

536 5430 858 5563 ,ᾆῖλὶῖξῖςέξ
879 5471 1085 5563 reliqua
1115 5471 1310 5528 desunt
1343 5472 1397 5527 in
1429 5474 1547 5530 cod.

2107 5430 2134 5461 ν
2165 5430 2446 5483 επιυυμιᾳ,
2481 5430 2586 5469 eic.

2215 5483 2322 5563 Καὶ
2348 5483 2418 5563 τὰ
2448 5485 2599 5558 χείλη
2625 5504 2716 5541 σου
2745 5487 3003 5548 κώλυσον.

436 5537 511 5606 (‘0)
536 5537 904 5610 Ἀνεκλειπής,
931 5537 1034 5595 etc.

2107 5537 2172 5623 (8)
2211 5553 2403 5624 Αὐτοῦ.
