3776 6272
420 175 524 228 775
1256 172 1312 227 S.
1353 170 1725 226 ATHANASII
1762 171 1909 228 OPP.
1953 173 2134 229 PARS
2168 173 2256 228 111.
2288 204 2357 214 —
2387 170 2794 227 EXEGETILZA.
3544 173 3662 226 776

489 288 544 343 4.
576 285 806 343 Effunde
857 287 1138 352 frameam,
1181 296 1235 342 et
1266 287 1533 342 concludo
1577 290 1840 344 adversus
1881 303 1976 345 eos

2178 290 2441 360 ιἚκχεον
2475 287 2768 358 ῥομφαίαν,
2814 284 2908 337 καὶ
2958 282 3278 351 σύγκλεισον
3337 282 3669 349 ἐξεναντίας

415 380 511 448 qui
542 388 941 450 persequuntur
972 393 1077 432 ine.

2087 379 2194 432 τῶν
2214 377 2658 432 καταδιωκόντων
2691 393 2775 446 με.

491 470 545 525 5.
580 471 674 526 Dic
707 472 902 538 animae
933 486 1065 526 mea:
1090 490 1103 525 :
1129 470 1290 527 Salus
1319 481 1410 527 tua
1433 487 1534 542 ego
1557 487 1700 528 sum.
1939 493 1944 499 ι

2159 472 2212 526 5.
2247 467 2411 522 Εἶπον
2434 471 2501 540 τῇ
2533 468 2676 538 ψυχῇ
2713 484 2812 536 μου
2832 483 2847 498 ο
2877 463 3124 536 Σωτηρία
3155 463 3244 517 σού
3272 465 3384 534 εἰμι
3411 462 3549 532 ὲγὼ.

491 561 545 616 6.
585 560 998 616 Confundantur
1043 570 1097 616 et
1132 572 1482 617 revereantur
1525 572 1829 633 quaerentes
1861 561 1980 616 ani-

2174 562 2214 617 5.
2247 561 2697 632 Δίσχυνθήτωσαν
2729 558 2822 610 καὶ
2843 557 3262 628 ὲντραπήτωσαν
3284 558 3332 609 οἱ
3360 555 3665 625 ζητοῦντες

421 669 566 707 mam
599 669 794 708 meam.

2087 655 2183 726 τὴν
2207 653 2384 724 ψυχήν
2419 671 2541 724 μου.

489 745 544 798 7.
578 743 906 798 Avertantur
939 754 1236 800 retrorsum
1281 754 1337 801 et
1380 744 1784 801 confundantur
1831 743 1980 815 cogi-

2176 747 2210 799 1.
2244 746 2769 817 Ἀποστραφήτωσαν
2791 748 2870 810 εἰς
2887 746 2953 799 τὰ
2976 746 3170 812 ὀπίσω,
3199 747 3296 800 καὶ
3326 764 3667 817 καταισχυν-

420 843 598 890 tantes
624 833 758 887 mihi
789 835 950 890 mala.

2088 829 2335 909 θήέωσαν
2364 841 2414 891 oi
2452 838 2783 910 λογιζόμενοί
2823 856 2912 909 μοι
2943 839 3107 892 κακά.

490 924 544 979 8.
585 923 744 979 Fiant
771 933 1032 996 tanquam
1065 925 1244 995 pulvis
1277 933 1403 980 ante
1432 925 1624 980 faciem
1655 924 1837 980 venti:

2169 929 2207 983 Β.
2226 929 2614 1002 Γενηθήτωσαν
2643 930 2773 984 ὡσεὶ
2788 930 2944 1000 χνοῦς
2959 932 3097 984 κατὰ
3116 929 3398 1003 πρόσωπον
3415 930 3628 1002 ἀνέμου
3643 945 3660 960 ο

489 1015 542 1069 9.
581 1014 646 1069 Et
673 1017 896 1087 angelus
930 1017 1146 1071 Domini
1176 1025 1460 1072 coarctans
1485 1031 1600 1071 eos.

2151 1019 2204 1073 9.
2240 1020 2349 1074 Kal
2377 1020 2604 1090 ἄγγελος
2638 1020 2842 1092 Κυρίου
2872 1020 3136 1075 ὲκθλίὸων
3163 1022 3358 1085 αὐτούς

486 1105 573 1160 10.
610 1106 731 1161 Fiat
757 1108 841 1162 via
872 1108 1090 1162 illorum
1121 1109 1354 1163 tenebrae
1383 1118 1437 1162 et
1469 1106 1736 1161 lubricum
1767 1124 1780 1159 :

2166 1110 2240 1164 l0.
2282 1111 2570 1182 Γενηθήτω
2589 1114 2623 1183 ἡ
2643 1111 2760 1175 ὁδὸς
2792 1112 2971 1166 αὐτῶν
3008 1113 3196 1179 σκότος
3226 1114 3320 1167 καὶ
3344 1111 3622 1183 ὀλίσθημα
3642 1128 3657 1142 ⁸

488 1198 577 1254 11.
609 1198 675 1252 Et
703 1202 926 1270 angelus
963 1199 1178 1255 Domini
1212 1216 1545 1273 persequens
1577 1214 1695 1254 eos.

2155 1199 2242 1253 11.
2282 1201 2390 1254 Kal
2420 1201 2648 1269 ἄγγελος
2678 1202 2883 1272 Κυρίου
2915 1201 3264 1256 καταδιώκων
3291 1201 3506 1264 αὐτούς.

489 1289 576 1344 12.
616 1290 884 1357 Quoniam
909 1293 1081 1363 gratis
1098 1294 1508 1349 absconderunt
1535 1291 1670 1346 mihi
1697 1289 1976 1345 interitum

2170 1287 2240 1340 1‘2.
2257 1289 2377 1343 Ὅτι
2395 1289 2601 1361 δωρεὰν
2624 1290 2864 1361 ἑκρυψάν
2889 1309 2977 1363 μοι
2999 1291 3290 1363 διαφθορὰν
3311 1291 3532 1360 παγίδος
3551 1290 3661 1343 αὑ·-

419 1377 596 1448 laqnei
625 1380 711 1434 sui
736 1398 751 1436 :

736 1398 751 1436 :
2084 1375 2209 1430 τῶν.

492 1471 576 1525 15.
615 1471 963 1542 Supervacue
999 1473 1465 1543 exprobraverunt
1504 1472 1738 1528 animam
1782 1484 1975 1525 meam.

1782 1484 1975 1525 meam.
2155 1468 2243 1522 15.
2281 1468 2473 1539 Μάτην
2499 1468 2776 1524 ὠνείδισαν
2809 1469 2904 1541 τὴν
2935 1470 3111 1541 ψυχήν
3143 1487 3265 1541 μου.

486 1560 574 1614 14.
607 1559 798 1616 Veniat
828 1562 904 1616 illi
931 1563 1182 1633 laqueus,
1214 1579 1376 1634 quem
1401 1563 1615 1632 ignorat
1650 1580 1664 1615 :

2153 1560 2241 1614 14.
2271 1561 2498 1614 Ἐλθέτω
2533 1561 2680 1633 αὐτῷ
2707 1564 2889 1631 παγὶς,
2915 1563 2981 1634 ἦν
3010 1563 3070 1614 οὐ
3096 1561 3351 1631 γινώσκει
3369 1576 3389 1594 ⁸

488 1651 575 1706 15.
611 1651 676 1706 Ει
690 1654 886 1722 captio,
917 1670 1078 1724 quam
1095 1656 1395 1720 abscondit,
1423 1653 1789 1725 apprehendat
1808 1666 1966 1707 eum:

2143 1650 2228 1704 15.
2269 1651 2378 1703 Kal
2405 1653 2437 1720 ἠ
2469 1651 2631 1724 θήρα,
2660 1652 2726 1722 ἣν
2757 1651 2980 1722 ἔκρυψε,
3002 1649 3308 1703 ωλλαὸἑτω
3336 1647 3499 1702 αὐτόν
3520 1665 3535 1679 ο

487 1743 572 1795 16.
602 1741 666 1797 Et
690 1744 744 1798 in
769 1744 1018 1814 laqueum
1050 1749 1206 1802 cadat
1238 1748 1291 1802 in
1325 1749 1524 1817 ipsum.

2143 1739 2224 1796 16.
2266 1742 2376 1794 Kal
2413 1743 2470 1794 ὲν
2497 1745 2562 1812 τῇ
2599 1742 2784 1810 παγίδι
2816 1744 3059 1794 πεσεῖται
3091 1743 3149 1794 ὲν
3185 1742 3342 1810 αὐτῇ.

487 1832 572 1886 17.
601 1832 794 1888 Anima
825 1847 1004 1890 autem
1034 1852 1152 1892 mea
1179 1835 1471 1892 exsultabit
1501 1836 1557 1890 in
1592 1833 1860 1889 Domino:

2142 1831 2231 1884 17.
2261 1830 2326 1885 Ἦ
2347 1831 2403 1884 δὲ
2434 1832 2578 1902 ψυχή
2609 1849 2708 1902 μου
2745 1831 3131 1900 ἀγαλλιάσεται
3158 1831 3250 1882 ἐπὶ
3273 1830 3348 1899 τῷ
3379 1829 3607 1901 Κυρίῳο

482 1924 568 1978 18.
605 1924 668 1978 Et
693 1925 1045 1982 delectabitur
1069 1944 1230 1998 super
1256 1929 1482 1983 salutari
1518 1943 1644 1983 suo.

2144 1921 2231 1975 18.
2272 1922 2644 1995 Τερφθήσεται
2673 1925 2764 1976 ἐπὶ
2795 1923 2872 1993 τῷ
2904 1923 3154 1994 σωτηρίῳ
3179 1921 3361 1977 αὑτοῦ.

488 2014 574 2067 19.
620 2013 814 2070 Omnia
856 2031 982 2071 ossa
1023 2033 1142 2072 mea
1187 2017 1678 2084 dicentzDomine,
1719 2013 1966 2080 Domine,

2156 2011 2229 2066 l9.
2270 2014 2454 2068 Πάντα
2482 2015 2551 2068 τὰ
2581 2015 2712 2068 ὀστᾶ
2736 2032 2836 2085 μου
2869 2014 3052 2086 ἐροῦσι
3071 2031 3084 2044 ·
3115 2014 3305 2084 Κύριε,
3341 2013 3534 2085 Κύριε,
3559 2012 3647 2075 τίς

414 2105 538 2174 quis
565 2106 758 2161 similis
797 2107 892 2162 tibi
924 2108 946 2161 ?

924 2108 946 2161 ζ)
2074 2105 2257 2176 ὅμοιός
2288 2123 2370 2159 σοι
2394 2123 2407 2172 ;

486 2194 574 2250 20.
603 2195 850 2267 Eripiens
871 2199 1082 2268 inopem
1112 2198 1184 2253 de'
1203 2212 1367 2252 manu
1402 2197 1690 2254 fortiorum
1715 2195 1874 2266 ejus;

2153 2195 2235 2251 20.
2255 2196 2542 2266 Ῥυόμενος
2560 2196 2769 2265 πτωχὸν
2785 2197 2848 2248 ὲκ
2864 2194 3044 2267 χειρὸς
3062 2194 3431 2267 στερεωτέρων
3455 2191 3644 2248 αὑτοῦ·

479 2286 570 2344 21.
597 2285 663 2342 Et
728 2303 958 2361 egenqu
1008 2300 1061 2346 et
1121 2305 1414 2361 pauperem
1484 2306 1516 2345 a
1584 2285 1970 2359 diripientibus

2153 2287 2234 2341 21.
2275 2287 2384 2340 Kal
2411 2288 2624 2358 πτωχὸν
2659 2288 2750 2340 καὶ
2784 2287 2990 2358 πένητα
3022 2286 3127 2340 ἀπὸ
3168 2286 3275 2339 τῶν
3311 2283 3644 2357 διαρπαζόν-

413 2392 560 2435 eum.

2079 2397 2186 2434 των
2214 2380 2392 2433 αὐτόν.

1519 2552 1894 2609 ATHANASII
1931 2553 2524 2609 INTERPRETATIO.

480 2668 546 2737 4,
576 2667 629 2726 5.
663 2667 730 2725 Et
768 2659 941 2742 gratia
987 2669 1222 2741 Spiritus
1262 2671 1435 2726 sancti
1477 2670 1826 2726 circumdans
1855 2671 1971 2726 ani-

2154 2671 2202 2735 1,
2231 2670 2283 2724 5.
2326 2670 2434 2724 Kal
2475 2672 2539 2739 τῇ
2582 2668 2761 2738 χάριτι
2783 2667 2878 2720 τοῦ
2904 2666 3058 2734 ἁγίου
3087 2664 3162 2736 (1)
3187 2664 3503 2734 Πνεῦματος
3544 2682 3645 2717 κυ-

413 2775 560 2815 mam
609 2775 782 2816 meam
806 2800 822 2825 ,
865 2760 953 2817 dic
995 2761 1143 2832 ipsi:
1181 2759 1259 2817 Ne
1304 2761 1518 2828 timeas,
1546 2760 1692 2815 salus
1745 2770 1839 2814 tua
1879 2776 1904 2814 e

2156 2763 2289 2824 ιῦσας
2310 2761 2407 2832 τὴν
2438 2761 2614 2832 ψυχήν
2651 2776 2772 2830 μου,
2803 2760 2928 2812 εἰπὲ
2963 2759 3099 2829 αὑτῇ
3121 2775 3133 2786 ·
3168 2757 3259 2828 Μὴ
3303 2755 3490 2826 φοϐοῦ,
3530 2773 3647 2810 σω-

412 2867 551 2907 uim.
2076 2851 2245 2919 τηρία
2273 2852 2387 2905 σού
2413 2854 2527 2920 ειμι
2563 2848 2698 2918 ἐγώ.

481 2941 535 2996 6.
571 2943 748 3014 Atque
776 2944 850 2998 ita
885 2942 1102 3000 domum
1132 2943 1522 3012 confundantur
1549 2951 1597 2997 et
1637 2950 1969 2997 revereantur

2150 2943 2200 2996 0.
2233 2944 2342 2996 Kal
2373 2943 2515 2996 οὕτω
2545 2941 2728 2995 λοιπὸν
2757 2940 3260 3010 αἱσχυνθήτωσαν
3313 2940 3410 2994 καὶ
3432 2941 3641 3009 ἐντρα-

411 3043 705 3104 potestates
739 3035 967 3090 inimici.

2001 3023 2042 3082 C
2075 3033 2360 3098 πήτωσαν
2385 3033 2439 3085 αἱ
2473 3033 2727 3103 δυνάμεις
2753 3031 2846 3084 τοῦ
2876 3031 3093 3101 ἐχθροῦ.

483 3125 534 3178 7.
565 3123 828 3180 Similiter
850 3126 1052 3181 eaedem
1087 3134 1400 3196 potestates.

2147 3123 2196 3178 7.
2215 3123 2444 3194 Ὁμοίως
2473 3125 2526 3178 αἱ
2560 3123 2720 3177 αὐταὶ
2748 3122 3026 3192 δυνάμεις.

481 3215 534 3269 8.
572 3214 895 3272 Exsuftlabit
934 3217 1207 3274 daemones
1247 3233 1315 3273 ex
1342 3204 1518 3274 'corde
1566 3231 1686 3274 meo
1736 3215 1972 3287 Spiritus

2150 3215 2198 3269 8.
2217 3215 2541 3284 Ἐκφυσήσει
2569 3215 2693 3276 τοὺς
2715 3212 2967 3284 δαίμονας
2996 3213 3060 3265 ὲκ
3087 3211 3186 3282 τῆς
3210 3209 3432 3272 καρδίας
3458 3227 3561 3281 μου
3583 3211 3641 3262 τὸ

411 3314 633 3360 sanctus
668 3314 814 3361 tuus.

2073 3301 2297 3373 Πνεῦμα
2330 3319 2422 3356 σου
2457 3302 2518 3355 τὸ
2546 3302 2719 3371 ἅγιον.
2836 3291 2839 3310 ¹

480 3396 533 3452 9.
565 3395 631 3451 Et
656 3397 978 3454 illuminatio
1008 3408 1101 3455 tua
1129 3400 1404 3471 expellens
1437 3415 1535 3456 eos
1553 3414 1615 3455 ex
1643 3410 1807 3455 corde
1831 3412 1970 3454 meo.

2150 3393 2195 3448 9.
2231 3393 2338 3446 Kal
2365 3395 2393 3446 ὁ
2419 3393 2692 3463 φωτισμός
2714 3409 2807 3445 σου
2837 3390 3046 3444 διώκων
3073 3391 3267 3454 αὐτοὺς
3293 3390 3357 3444 ἐκ
3381 3390 3480 3462 τῆς
3505 3407 3641 3461 καρ-

466 3484 487 3505 '
2072 3481 2190 3544 δίας
2220 3498 2342 3552 μου.

477 3567 566 3623 10.
599 3567 792 3640 Inopes
821 3572 1030 3628 consilii
1060 3589 1171 3644 pre
1199 3574 1393 3630 timore
1424 3577 1734 3632 concidant.

2145 3575 2230 3628 10.
2249 3575 2336 3627 Ἐν
2358 3573 2564 3646 ἀπορίᾳ
2588 3573 2738 3636 ὄντες
2763 3571 2872 3626 ἀπὸ
2898 3569 2992 3625 τοῦ
3012 3570 3177 3641 φόϐου
3199 3569 3274 3641 (2)
3302 3569 3636 3624 πεσέτωσαν.

477 3660 565 3714 11.
596 3660 663 3716 Ει
687 3663 858 3734 gratia
886 3674 978 3719 tua
1004 3675 1359 3737 persequetur
1383 3683 1497 3724 eos.

2140 3665 2226 3717 11.
2261 3663 2371 3716 Kal
2409 3664 2441 3734 ἡ
2474 3664 2631 3734 χάρις
2659 3679 2751 3715 σου
2784 3659 2962 3726 διώξει
2995 3660 3205 3723 αὐτούς.

477 3752 565 3806 12.
598 3753 734 3808 Cum
770 3756 915 3810 nulla
941 3771 1027 3812 res
1054 3759 1191 3812 mibi
1215 3769 1362 3815 esset
1402 3776 1526 3816 cum
1555 3761 1708 3832 ipsis,
1743 3765 1968 3821 munda-

2148 3752 2226 3807 12.
2262 3753 2427 3806 Οὐδὲν
2452 3752 2668 3822 ἔχοντός
2689 3769 2788 3823 μου
2812 3751 2949 3822 πρὸς
2969 3750 3164 3814 αὐτοὺς
3184 3747 3386 3819 ἔθηκαν
3401 3747 3497 3810 τὰς
3517 3745 3639 3818 ἡδο-

408 3852 508 3892 nas
536 3839 839 3909 voluptates
868 3841 922 3896 in
959 3845 1122 3899 corde
1156 3861 1274 3900 meo
1303 3860 1620 3916 posuerunt.

1583 3860 1620 3906 ι,
2069 3845 2162 3908 νὰς
2186 3844 2280 3898 τοῦ
2316 3845 2516 3915 κόσμου
2546 3845 2604 3898 ὲν
2631 3847 2695 3916 τῇ
2727 3843 2922 3917 καρδίᾳ
2953 3859 3071 3914 μου.

480 3929 566 3982 15.
600 3929 940 3999 Afflixerunt,
973 3933 1168 4004 inquit,
1205 3937 1445 3994 animam
1468 3956 1666 3996 meam.

2139 3935 2510 4004 15.Ἔθλιψαν,
2536 3933 2705 4003 λέγει,
2737 3935 2836 4005 τὴν
2858 3933 3034 4004 ψυχήν
3064 3950 3191 4003 μου.

479 4021 566 4075 lt.
601 4019 788 4078 Veniat
816 4023 1032 4080 diabolo
1068 4027 1420 4100 diesjudicii,
1447 4032 1595 4102 quod
1625 4049 1734 4090 non
1777 4050 1968 4106 exspe-

2141 4026 2474 4082 14.Ἐλθέτω
2514 4025 2591 4096 τῷ
2634 4025 2864 4097 διαϐόλῳ
2912 4027 2946 4096 ἡ
2993 4024 3173 4097 ἡμέρα
3218 4025 3318 4095 τῆς
3364 4022 3632 4096 κρίγεως,

405 4119 536 4166 ctat.
1272 4186 1278 4192 ο
2066 4121 2202 4194 ὅπερ
2237 4119 2315 4190 (5)
2353 4120 2413 4172 οὐ
2451 4119 2740 4190 προσδοκᾷ.

474 4202 562 4258 15.
593 4202 658 4258 Et
684 4219 850 4269 mors,
888 4223 1052 4278 quam
1085 4209 1201 4280 ipse
1226 4210 1452 4266 invenit.

2139 4212 2226 4266 15.
2261 4213 2370 4264 Kal
2397 4212 2426 4264 ὀ
2457 4210 2702 4275 θάνατος,
2732 4211 2791 4265 ὃν
2819 4209 2981 4275 αὐτὸς
3009 4209 3236 4282 ἐφεῦρεν
3264 4209 3361 4280 (4).

478 4295 563 4351 16.
596 4295 663 4350 Et
689 4297 743 4352 in
769 4299 1068 4369 gehennam
1100 4303 1241 4373 ignis
1269 4305 1582 4374 nrojieietur
1611 4306 1665 4362 in
1689 4307 1885 4380 ipsam.

2140 4303 2226 4359 16.
2262 4302 2371 4358 Kal
2400 4304 2456 4358 ἐν
2487 4306 2553 4373 τῇ
2588 4305 2776 4375 γεέννῃ
2809 4303 2899 4358 τοῦ
2934 4304 3101 4375 πυρὸς
3130 4302 3457 4374 βληθήσεται
3481 4300 3557 4371 (5)
3576 4301 3631 4352 ὲν

1996 4385 2044 4442 ι)
2067 4393 2226 4447 αὐτῆ.

475 4454 564 4512 17.
589 4455 852 4514 Gaudebit
877 4459 932 4515 in
955 4459 1186 4519 Domino
1221 4464 1273 4518 in
1297 4473 1582 4523 artemum.

1996 4395 2044 4442 υ
2106 4395 2168 4445 ὐτ
2213 4431 2226 4446 .

2067 4411 2102 4447 α
2135 4395 2222 4537 1ξ.
2257 4483 2567 4554 Χαρήσεται
2598 4483 2691 4536 ἐπὶ
2721 4483 2798 4552 τῷ
2819 4484 3004 4554 Κυρίῳ
3029 4483 3228 4548 ἁῖδίως.

471 4547 557 4646 is.
587 4547 645 4646 ξι
672 4550 892 4646 iudiciis
916 4555 1055 4624 ejus.
2137 4573 2221 4626 l8.
2241 4547 2467 4638 Ἠν-τοῖς
2499 4547 2860 4646 δικαιώμασιν
2897 4547 3080 4629 ἀὺὲοῠ.

592 4637 782 4736 Dmnis
808 4644 979 4700 virtus
1006 4661 1144 4711 mea,
1173 4648 1365 4719 inquit.

2132 4664 2218 4718 19.
2257 4664 2472 4735 Πᾶσαή
2505 4665 2655 4735 ἰσχύς
2685 4637 2808 4736 nou,
2842 4665 3007 4734 λέγει.

470 4727 560 4782 20.
592 4727 859 4828 Humilem
882 4737 1064 4801 corde,
1095 4740 1287 4810 inquit,
1321 4740 1556 4811 eripiens
1600 4755 1630 4794 a
1669 4742 1953 4811 spiritibus

2136 4754 2214 4807 ευ.
2251 4755 2352 4807 Τὸν
2380 4727 2591 4825 mg..an
2628 4727 2698 4826 ἑῇ
2744 4727 2957 4828 καρδία,
2984 4757 3216 4826 διαλέγει
3243 4755 3340 4826 (6),
3375 4756 3627 4827 ῥυόμενος

401 4816 716 4874 immundis.

2064 4845 2168 4899 ὶπὺ
2191 4843 2300 4897 τῶν
2327 4816 2652 4917 ἀκαθάρτων
2668 4816 3029 4918 ’πνευμάεῳω

470 4911 559 4967 21.
589 4914 671 4969 Ab
700 4915 933 4973 inimicis
955 4918 1254 4977 visibilibus
1283 4932 1337 4978 et
1367 4924 1727 4983 invisibilibus
1752 4929 1947 4988 liberat

2131 4936 2212 4989 2|.
2231 4937 2326 4989 Ἐκ
2351 4936 2461 4990 τῶν
2491 4911 2700 5008 ὁρατῶν
2727 4911 3088 5011 καὶ-ἀοράτων
3108 4937 3317 5009 ἐχθρῶν
3341 4940 3531 5010 ῥύεται
3552 4936 3622 5007 (7)

397 5015 513 5069 eos,
536 5010 591 5059 et
610 5006 662 5060 in
691 5007 962 5076 praesenti,
989 5019 1042 5066 et
1075 5010 1128 5066 in
1153 5009 1338 5068 futuro
1371 5015 1591 5070 saeculo.

2058 5026 2273 5091 αὐτοὺς,
2304 5027 2399 5080 καὶ
2426 5027 2485 5080 ὲν
2619 5029 2734 5095 νῦν,
2765 5031 2859 5084 καὶ
2880 5006 3035 5103 ἐντῷ
3064 5006 3312 5102 μέλλοντι
3341 5006 3520 5085 alim.

1335 5188 1642 5258 Addenda
1670 5201 1732 5259 et
1772 5199 2149 5281 corrigenda
2184 5227 2263 5274 ex
2295 5216 2436 5278 cod.
2470 5212 2670 5276 Vatic.

483 5344 884 5514 signa:
2127 5376 2634 5514 snam-1

483 5485 537 5554 δ)
555 5486 700 5543 Ὅτε.

461 5519 537 5614 ἱείς
563 5519 844 5627 ,ἕᾷἷῦρη
2127 5519 2202 5590 (7)
2227 5519 2491 5576 Ῥύσεται.
