3776 6272
203 216 317 269 777

1073 213 1185 279 "DE
1218 225 1493 285 TITULIS
1530 227 1974 287 PSALMORUM.
2008 262 2076 272 —-
2115 231 2310 291 PSAL.
2351 233 2586 292 XXXIV.

3355 246 3458 302 778

281 329 376 384 22.
406 326 763 396 ’Λναστάντες
785 349 876 403 μοι
905 334 1180 411 μάρτυρες
1198 340 1396 409 ἄδικοι,
1422 343 1460 396 ἂ
1479 343 1580 398 οὐκ
1601 344 1789 413 ἐγίνω-
1818 400 1820 407 4

1959 344 2051 398 22.
2087 345 2382 418 Surgentes
2410 349 2546 403 mihi
2575 356 2740 407 testes
2761 350 2954 424 iniqui,
2973 367 3097 424 quae
3119 355 3458 430 ignorabam,

209 434 367 479 σκον,
397 417 628 489 ἠρώτων
670 437 738 490 με
761 438 774 451 ·

279 509 373 563 25.
404 511 846 568 Ἀνταπεδίδοσάν
881 533 971 586 μοι
1003 520 1215 592 πονηρὰ
1242 521 1362 576 ἀντὶ
1386 523 1624 592 ἀγαθῶν·

279 601 374 654 24.
415 603 527 655 Καὶ
557 605 813 660 ἀτεκνίαν
839 611 904 679 τῇ
933 607 1076 681 ψυχῇ
1111 627 1233 680 μου.

279 693 374 748 25.
408 693 551 762 Ἐγὼ
583 695 641 748 δέ
671 697 731 749 ἐν
761 697 839 769 τῷ
859 700 1056 764 αὐτοὺς
1079 701 1428 775 παρενοχλεῖν
1451 723 1560 777 μοι,
1583 703 1792 762 ἐνεδυό·⁸

209 804 320 857 μην
359 785 564 842 σάκκον
585 804 600 817 '

273 879 367 932 26.
407 874 519 932 Kal
547 877 862 936 ἐταπείνουν
891 880 949 937 ἐν
976 880 1199 958 νηστείᾳ
1219 885 1316 959 τὴν
1339 884 1517 961 ψυχήν
1545 905 1646 960 μου
1666 905 1680 921 ⁵

277 968 372 1022 27.
411 971 524 1024 Καὶ
555 971 588 1042 ή
623 974 894 1046 προσευχὴ
929 992 1032 1046 μου
1063 977 1144 1041 εἰς
1173 979 1370 1034 κόλπον
1396 999 1498 1052 μου
1520 982 1792 1053 ἀποστρα-

207 1061 472 1132 φήσεται.

275 1153 370 1208 28.
403 1153 491 1218 Ὠς
521 1155 769 1227 πλησίον,
801 1159 876 1222 ὡς
919 1160 1130 1233 ἀδελφῷ
1164 1163 1438 1238 ἡμετέρῳ,
1480 1165 1652 1230 οὕτως
1689 1168 1788 1238 ¹εὑ·-

204 1243 494 1317 ηρέστουν*

273 1334 371 1388 29.
400 1336 489 1400 Ὠς
520 1335 734 1392 πενθῶν
761 1340 872 1396 ’καὶ
923 1345 1332 1416 σκυθρωπάζων
1367 1349 1537 1416 οὕτως
1576 1355 1790 1406 ἐταπει-

208 1427 301 1480 νού
309 1445 443 1498 μην.

275 1518 370 1574 50.
414 1520 526 1573 Καὶ
554 1523 676 1598 δέατ’
708 1522 842 1596 ἐμοῦ
872 1527 1274 1603 εὐφράνθησαν,
1308 1535 1402 1588 καὶ
1423 1536 1784 1610 συνήχθησανο

273 1605 367 1664 51.
412 1611 765 1686 Συνήχθησαν
790 1619 876 1670 ἐπ’
897 1620 998 1691 ἐμὲ
1026 1621 1307 1692 μάστιγες,
1343 1628 1437 1681 καὶ
1469 1605 1785 1701 οὐέινέννων.

278 1789 371 1845 '52.
417 1792 830 1866 Διεσχίσθησαν,
865 1797 960 1852 καὶ
989 1800 1048 1854 οὐ
1085 1803 1497 1878 κατενύγησανο

268 1879 362 1937 55.
397 1883 725 1954 Ἐπείρασάν
742 1905 831 1959 με,
849 1889 1284 1966 ἐξεμυκτήρισὰν
1308 1915 1377 1969 με
1397 1903 1787 1974 μυκτηρισμῷ.

271 2058 366 2114 54.
387 2060 660 2132 Ἔσρυξαν
688 2062 777 2119 ἐπ’
810 2063 910 2138 ἐμὲ
936 2069 1064 2135 τοὺς
1089 2069 1308 2138 ὀδόντας
1339 2071 1536 2131 αὐτῶν.

275 2149 368 2203 55.
414 2150 609 2223 Κύριε,
645 2154 776 2208 πότε
802 2157 1015 2230 tardam;

275 2235 368 2292 36.
397 2238 872 2316 Ἀποκατάστησον
920 2247 1018 2320 τὴν
1060 2249 1239 2324 ψυχήν
1274 2272 1376 2326 μου
1411 2256 1518 2310 ἀπὸ
1552 2259 1652 2331 τῆς
1687 2279 1787 2315 κα-

203 2329 472 2402 κουργίας
505 2333 689 2388 αὐτῶν
706 2352 722 2368 ο

1897 435 2302 508 interrogabant
2335 454 2421 494 me
2448 458 2463 494 :

1966 526 2055 582 25.
2082 527 2470 584 Retribuebant
2499 531 2631 586 mihi
2658 532 2794 586 mala
2824 548 2924 604 pro
2953 534 3112 594 bonis
3139 556 3155 606 ;

1965 620 2054 675 24.
2097 620 2162 676 Et
2190 623 2528 679 sterilitatem
2561 625 2756 680 anima:
2780 642 2934 682 meae.

1965 711 2055 765 25.
2086 711 2197 783 Ego
2237 722 2440 780 autem,
2483 731 2608 771 cum
2659 717 2763 786 ipsi
2810 719 3024 775 molesti
3073 733 3258 780 essent
3305 727 3496 798 mihi,.

1895 797 2158 856 {:Jduebar
2185 801 2362 858 cilicio
2393 822 2408 857 :

1965 889 2054 944 26.
2090 893 2158 946 Et
2179 892 2530 952 humiliabam
2555 897 2610 952 in
2636 896 2849 970 jejunio
2870 903 3110 960 animam
3136 923 3312 964 meam
3338 929 3354 967 :

1960 981 2047 1036 27.
2073 980 2141 1038 Et
2163 985 2339 1041 oratio
2365 1002 2484 1043 mea
2514 989 2570 1043 in
2610 990 2732 1046 sinu
2767 1008 2892 1049 meo
2931 1006 3302 1058 convcrtetur.

1966 1168 2052 1223 28.
2089 1168 2255 1237 Quasi
2273 1176 2546 1246 proximo,
2579 1181 2736 1250 quasi
2766 1181 2923 1240 fratri
2953 1198 3166 1259 nostro,
3197 1192 3279 1252 sic
3307 1208 3458 1252 com-

1895 1260 2172 1334 placebam
2201 1283 2215 1318 :

1963 1351 2053 1407 29.
2077 1353 2244 1420 Quasi
2271 1357 2462 1429 lugens
2487 1371 2540 1417 et
2566 1367 2946 1436 contristatus,
2985 1373 3069 1428 sic
3110 1376 3460 1437 humiliabar.

1968 1538 2054 1594 50.
2088 1539 2155 1597 Et
2181 1544 2468 1605 adversum
2497 1568 2584 1608 me
2610 1555 2772 1612 laetati
2794 1574 2942 1627 sunt,
2978 1575 3033 1620 et
3054 1582 3459 1630 convenerunt:

1962 1628 2049 1732 51.
2087 1630 2427 1708 Congregata
2463 1652 2591 1700 sunt
2631 1662 2795 1717 super
2830 1668 2918 1710 me
2953 1653 3182 1728 flagella,
3215 1671 3270 1718 et
3308 1628 3457 1736 ignos

1817 1712 1860 1769 Β
1887 1720 2023 1774 ravi.

1963 1813 2051 1868 52.
2081 1813 2337 1890 Dissipati
2367 1834 2516 1892 sunt,
2542 1844 2643 1885 nec
2671 1840 2981 1904 compuncti
3015 1859 3030 1896 :

1963 1902 2051 1958 55.
2082 1904 2448 1968 Tentaverunt
2481 1931 2588 1983 me,
2617 1902 3090 1985 subsannaverunt
3119 1948 3206 1990 me
3236 1936 3459 1997 subsan~

1891 1995 2131 2052 natione.

1956 2085 2046 2140 54.
2075 2087 2452 2153 Frenduerunt
2482 2115 2644 2173 super
2672 2122 2758 2163 me
2792 2109 3045 2172 dentibus
3073 2120 3210 2176 suis.

2083 2179 2332 2252 Domine,
2363 2193 2583 2260 quando
2616 2199 2874 2268 respicies
2905 2204 2928 2257 ἲ

1957 2267 2044 2322 56.
2079 2270 2326 2333 Restitue
2379 2283 2613 2341 animam
2665 2267 2842 2347 meam
2889 2310 2919 2349 a
2971 2299 3308 2372 malignitate
3360 2321 3453 2362 eo-

1318 2498 1692 2564 ATIIANASII
1735 2501 2323 2582 INrEiiPRE'TA'rto.

271 2648 740 2717 22.Ἀναστάντες
787 2653 1036 2727 λογισμοὶ
1079 2657 1138 2711 ἐν
1181 2657 1248 2731 τῇ
1298 2662 1499 2736 καρδίᾳ
1531 2682 1652 2736 μου,
1689 2666 1789 2731 τὰς

204 2739 398 2810 ἡδονὰς
425 2741 520 2794 τοῦ
551 2743 690 2812 βίου,
716 2743 784 2809 ἃς
809 2747 908 2801 οὐκ
936 2748 1145 2819 ἤθελον,
1181 2752 1431 2808 ἐνέϐαλόν
1461 2773 1572 2827 μοι.

266 2834 362 2898 25,
396 2833 488 2889 24.
534 2835 647 2890 Καὶ
690 2837 754 2891 τὸ
801 2841 1009 2912 σπαρέν
1039 2859 1130 2914 μοι
1161 2845 1314 2918 παρὰ
1352 2847 1446 2902 τοῦ
1476 2850 1682 2921 Κυρίου
1708 2853 1784 2926 (1)

201 2923 532 2995 ἐλάμϐανον,
600 2928 670 2982 τὰ
713 2929 771 2984 δὲ
813 2931 1018 2986 ἑαυτῶν
1063 2935 1349 2994 ὑπετίθουν
1403 2957 1504 3012 μου
1545 2941 1640 3015 (2),
1692 2923 1786 3000 διαὶ

201 3017 448 3090 ἄκαρπον
476 3015 692 3072 ἐποίουν
714 3020 813 3092 τὴν
835 3022 1013 3095 ψυχήν
1044 3041 1168 3096 μου.

266 3110 362 3173 25,
396 3110 490 3164 26.
525 3110 668 3180 Ἐγὼ
705 3111 784 3176 δέ,
820 3115 878 3167 ἐν
907 3115 985 3187 τῷ
1017 3118 1144 3183 τοὺς
1177 3120 1459 3193 ἀκάρπους
1489 3123 1778 3198 λογισμους

201 3200 259 3270 τῇ
315 3200 516 3272 καρδίᾳ
569 3218 668 3272 μου
716 3202 996 3274 ἐπιμένειν
1048 3206 1146 3278 (5),
1195 3209 1454 3264 ἐπένθουν
1504 3214 1646 3284 μετὰ
1687 3216 1781 3270 δα-

198 3291 383 3362 ιρὺων
429 3292 527 3345 καὶ
579 3295 843 3364 νηστειῶν
891 3298 1344 3371 προσευχόμενος,
1371 3303 1425 3356 εί
1449 3321 1564 3368 πως
1590 3307 1619 3358 ὀ
1649 3306 1780 3370 Θεὸς

199 3381 567 3452 συμπαθήσας
597 3384 809 3456 ἐλεήσει
846 3403 935 3457 με.

264 3475 360 3528 27.
395 3477 509 3529 Καὶ
553 3479 585 3547 ἡ
633 3478 848 3550 αἴτησίς
881 3498 984 3552 μου
1012 3482 1428 3541 είσακουσθεῖσα
1455 3489 1672 3561 ποιήσει
1709 3509 1776 3562 με

196 3568 485 3623 συλλαϐεῖν
513 3570 651 3639 ἔργα
685 3571 1049 3647 δικαιοσύνης.

263 3659 358 3724 28,
389 3661 481 3716 29.
517 3662 606 3727 Ὠς
646 3663 768 3718 τινὰ
817 3665 922 3720 τῶν
967 3667 1136 3735 φίλων
1168 3686 1290 3738 μου,
1319 3669 1352 3740 ἧ
1387 3670 1494 3724 τῶν
1531 3671 1780 3742 ἀδελφῶν

198 3769 297 3823 μου
330 3753 568 3820 πενθῶν,
602 3754 776 3820 οὕτως
801 3758 1037 3828 ἐμαυτὸν
1071 3760 1328 3818 ἐπένθουν
1355 3763 1444 3816 διὰ
1471 3763 1569 3836 τὴν
1594 3764 1773 3818 οἱκοῢη

195 3861 294 3898 σαν
342 3845 420 3915 (4)
468 3846 528 3899 ἐν
572 3847 697 3918 ἐμοὶ
761 3849 1056 3921 ἁμαρτίαν,
1085 3852 1178 3907 καὶ
1219 3853 1390 3918 οὕτως
1419 3854 1506 3909 διὰ
1543 3855 1651 3909 τῶν
1680 3857 1775 3910 δα-

194 3938 378 4009 κρύων
405 3956 509 4009 μου
537 3939 882 4012 εὐηρέστουν.

261 4029 355 4085 50.
373 4031 606 4085 Ἐκεῖνοι
640 4031 718 4098 δέ,
751 4034 827 4098 ὡς
856 4031 993 4089 εἶδόν
1021 4054 1088 4106 με
1120 4038 1437 4104 πενθοῦντα,
1480 4042 1776 4114 συναχθένο

192 4140 279 4188 τες
295 4124 681 4196 εὐφραίνονται
697 4125 1126 4204 [εὐφράνθησαν]
1150 4132 1228 4203 (5)
1259 4133 1351 4186 ἐπὶ
1364 4137 1428 4205 τῇ
1449 4135 1624 4204 θλίψει
1643 4154 1767 4207 μου.

259 4217 351 4271 51.
405 4218 786 4288 Συναχθέντων
836 4221 1014 4275 αὐτῶν
1065 4222 1151 4276 ἐπ’
1183 4225 1324 4296 ἐμὲ,
1369 4226 1545 4280 οὐδενὶ
1591 4228 1771 4283 αὐτῶν

191 4305 399 4361 ἐκολλὼ
405 4324 535 4378 μην.

258 4401 350 4455 52.
391 4402 726 4459 Ἀπέκοπτον
775 4407 972 4471 αὐτοὺς
1027 4410 1090 4463 ἐκ
1121 4410 1219 4481 τῆς
1252 4410 1478 4482 καρδίας
1520 4424 1622 4483 μου
1671 4413 1768 4486 (6),

191 4495 285 4547 καὶ
316 4494 473 4547 οὐδὲν
507 4495 678 4560 οὕτως
707 4498 997 4552 ἐπαύοντο.

257 4583 690 4656 55.Ἑπείραζόν
721 4603 788 4658 με
815 4587 910 4658 (7),
957 4588 1051 4642 καὶ
1088 4588 1416 4656 κατέπαιζον
1461 4592 1560 4662 τῆς
1603 4593 1765 4648 ἀσθε-

187 4675 339 4740 νείας
380 4693 506 4747 μου.

256 4766 350 4832 54,
368 4767 460 4822 ⁵55.
477 4767 776 4840 Βρύχοντες
792 4769 893 4825 ἀπ’
919 4771 1068 4842 ἐμοῦ
1096 4772 1207 4845 [ἐπ’
1223 4772 1343 4846 ἐμὲ]
1364 4774 1439 4846 (8)
1452 4775 1590 4842 τοὺς
1601 4775 1768 4831 ὀδόν-

186 4873 295 4924 τας
322 4857 557 4912 αὐτῶν
612 4859 724 4929 ἐγὼ
767 4860 823 4914 δὲ
865 4861 1049 4933 ἔλεγον
1069 4881 1083 4896 ο
1117 4865 1292 4933 Κύριε
1336 4865 1435 4938 (9),
1481 4867 1624 4920 πότε
1662 4866 1768 4920 ἐπ-

256 5041 349 5096 56.
385 5042 676 5115 Λύτρωσαι
704 5044 816 5114 τὴν
841 5046 1053 5118 ψυχήν
1077 5066 1198 5118 μου
1231 5050 1348 5105 ἀπὸ
1372 5051 1479 5120 τῆς
1516 5068 1762 5121 κακουρ-

182 5134 318 5204 γίας
354 5135 574 5192 αὐτῶν.

1960 2674 2050 2729 22.
2081 2675 2376 2751 Surgentes
2413 2689 2770 2762 cogitationes
2816 2697 2867 2755 in
2910 2702 3073 2762 corde
3116 2719 3256 2779 meo,
3300 2714 3453 2774 volu-

1893 2774 2067 2860 ptates
2088 2770 2230 2860 uitae,
2264 2790 2402 2844 quas
2428 2781 2698 2853 nolebam,
2734 2789 3036 2860 injecerunt
3058 2800 3212 2858 mihi.

1959 2855 2050 2962 25,
2083 2858 2170 2915 24.
2204 2861 2360 2930 Quod
2390 2880 2508 2926 erat
2545 2873 2597 2928 in
2629 2890 2716 2933 me
2756 2855 2934 2939 satum
2964 2902 2992 2941 a
3027 2855 3282 2964 Domino,
3319 2914 3452 2971 sup-

1810 2992 1853 3051 C
1890 2949 2083 3012 positis
2125 2955 2435 3059 mihi-suis,
2474 2964 2836 3059 abstulerunt,
2882 2949 3287 3059 eﬂ‘eceruntque
3328 2949 3452 3050 an;

1887 3053 2032 3094 mam
2063 3059 2236 3101 meam
2267 3049 2682 3115 infructiferam.

1955 3131 2048 3196 25,
2076 3134 2164 3191 26.
2191 3137 2304 3210 Ego
2346 3153 2548 3215 autem,
2583 3166 2708 3207 cum
2752 3157 2963 3214 steriles
3009 3164 3367 3234 cogitationes
3395 3169 3451 3226 in

1884 3228 2046 3284 corde
2079 3247 2200 3287 meo
2221 3249 2625 3310 permanerent,
2662 3247 2912 3318 lugebam
2945 3268 3065 3309 cum
3107 3258 3361 3332 Iacrymis
3399 3275 3454 3320 et

1878 3321 2106 3392 jejuniis
2134 3343 2320 3399 orans,
2341 3334 2386 3388 si
2417 3339 2637 3406 quando
2677 3340 2820 3400 Deus
2854 3353 3194 3420 compatiens
3222 3357 3452 3416 misere-

1884 3425 2034 3471 retur
2057 3421 2183 3474 mei.

1951 3509 2039 3563 27.
2075 3510 2142 3565 Et
2171 3513 2358 3582 petitio
2395 3531 2514 3574 mea
2556 3523 2807 3579 exaudita
2856 3526 3020 3585 faciet
3053 3545 3141 3588 me
3169 3539 3454 3611 concipere

1883 3614 2048 3670 opera
2071 3602 2323 3670 iustitiae.

1928 3691 2040 3758 ‘28,
2069 3693 2158 3748 29.
2191 3692 2367 3749 Veluti
2414 3695 2650 3767 aliquem
2691 3716 2757 3756 ex
2809 3705 3000 3764 amicis
3046 3713 3218 3784 mels,
3265 3719 3349 3774 vel
3381 3735 3449 3776 ex

1880 3780 2142 3839 fratribus
2167 3785 2303 3840 meis
2337 3787 2578 3858 plorans,
2608 3790 2682 3845 ita
2724 3808 2812 3850 me
2839 3797 3183 3866 deplorabam
3204 3780 3451 3878 propter

1881 3874 2192 3931 inhabitans
2230 3876 2285 3931 in
2332 3892 2419 3934 me
2456 3889 2763 3950 peccatum,
2798 3895 2848 3942 et
2892 3889 2965 3945 ita
3011 3874 3266 3967 lacrymi—s
3312 3874 3451 3958 meis

1879 3967 2305 4037 complacebam.

1948 4053 2035 4108 50.
2066 4053 2144 4111 llli
2187 4067 2367 4114 autem
2415 4070 2475 4118 ut
2512 4076 2598 4120 me
2623 4070 2933 4136 gementem
2974 4075 3245 4147 viderunt,
3281 4081 3446 4139 simul

1877 4149 2188 4218 congregati
2222 4151 2382 4207 laetati
2407 4165 2535 4211 sunt
2560 4157 2614 4213 in
2647 4161 2998 4221 tribulatione
3020 4184 3160 4226 mea.

1946 4239 2035 4294 51.
2071 4240 2426 4316 Congregatis
2456 4247 2589 4312 ipsis
2631 4250 2687 4306 in
2722 4268 2828 4320 me,
2864 4257 2997 4312 nulli
3029 4275 3220 4316 eorum
3265 4265 3447 4321 adhae-

1801 4353 1846 4408 ι)
1875 4330 2081 4384 rebam.

1944 4419 2031 4473 52.
2062 4420 2460 4478 Abscindebam
2496 4440 2592 4482 eos
2613 4442 2679 4482 ex
2711 4431 2876 4487 corde
2911 4448 3058 4504 meo,
3081 4450 3135 4492 et
3161 4447 3234 4495 Ita
3264 4447 3445 4500 neuti-

1873 4519 2038 4581 quam
2072 4513 2445 4582 quiescebant.

1942 4605 2030 4659 55.
2075 4604 2380 4661 Tentabant
2439 4623 2547 4676 me,
2606 4620 2660 4666 et
2717 4612 3016 4675 irridebant
3069 4619 3440 4687 inﬁmitatem

1872 4711 2072 4754 meam.

1944 4787 2034 4855 54,
2064 4789 2152 4844 55.
2187 4790 2532 4850 Frendebant
2574 4811 2730 4870 super
2769 4820 2851 4859 me
2883 4806 3126 4866 dentibus
3165 4815 3298 4885 suis,
3342 4833 3446 4891 ego

1877 4888 2058 4935 autem
2088 4880 2332 4938 dicebam
2367 4903 2380 4940 :
2405 4883 2646 4957 Domine,
2686 4897 2893 4966 quando
2914 4903 3154 4971 respicies
3180 4904 3209 4958 i’

1943 5083 2032 5137 56.
2061 5082 2256 5142 Libera
2301 5089 2538 5146 animum
2583 5111 2753 5151 meam
2805 5113 2836 5152 a
2880 5103 3205 5174 malignitate
3237 5125 3439 5172 eorum.

1145 5233 1447 5297 Addenda
1481 5242 1542 5299 et
1587 5238 1961 5320 corrigenda
1993 5259 2069 5302 ex
2117 5242 2253 5304 cod.
2290 5245 2493 5308 Vatic.

252 5356 332 5427 (ι)
373 5355 524 5410 Θεοῦ.

253 5427 334 5491 (2)
374 5428 498 5480 Μοι.

273 5496 329 5572 5)
356 5497 665 5572 ’Βπιμὲνειν
692 5498 750 5551 ἐν
782 5501 846 5571 τῇ
882 5500 1077 5572 καρδίᾳ
1105 5517 1227 5572 μου.

274 5567 332 5632 4)
361 5567 721 5623 Ἐνοικοῦσαν.

250 5636 330 5707 (5)
368 5638 752 5708 Εὑφραίνοντο.

419 5731 690 5796 PnnOL.
724 5735 838 5796 Gn.
881 5735 928 5797 Χ
945 5736 1140 5798 XVII.

1932 5365 2009 5437 (6)
2036 5367 2124 5420 ’Ev
2149 5370 2214 5439 τῇ
2246 5369 2444 5440 καρδίᾳ
2481 5389 2603 5441 μου,
2639 5375 2731 5429 καὶ
2756 5377 2875 5432 οὐδὲ
2915 5379 3089 5448 οὕτως
3130 5384 3232 5442 οὐκ
3275 5388 3441 5445 ἐπαΰο

1861 5454 1999 5491 οντο.

2047 5507 2131 5560 Με
2161 5507 2261 5574 ἔτι,
2294 5507 2408 5564 καί.

1930 5578 2006 5647 (8)
2047 5580 2180 5648 κατ’
2211 5579 2364 5648 ἐμοῦ.

1926 5650 2002 5718 (9)
2043 5647 2493 5720 Κύριε,⁷πρόσχες
2526 5669 2640 5723 μοι.
