  <div class='ocr_page' id='page_1' title='image "/cluster/home/n/w/nwhite01/storage/ocr_20150623/27/hvd.32044014174452/419.png"; bbox 0 0 3776 6272; ppageno 0'>
   <div class='ocr_carea' id='block_1_1' title="bbox 340 263 3598 329">
    <p class='ocr_par' dir='ltr' id='par_1_1' title="bbox 340 263 3598 329">
     <span class='ocr_line' id='line_1_1' title="bbox 340 263 3598 329; baseline 0.002 -9"><span class='ocrx_word' id='word_1_1' title='bbox 340 263 445 322; x_wconf 73' lang='lat'><strong>779</strong></span> <span class='ocrx_word' id='word_1_2' title='bbox 1152 264 1208 318; x_wconf 83' lang='lat' dir='ltr'><strong>S.</strong></span> <span class='ocrx_word' id='word_1_3' title='bbox 1253 264 1618 320; x_wconf 66' lang='lat' dir='ltr'><strong>ATHANASH</strong></span> <span class='ocrx_word' id='word_1_4' title='bbox 1650 266 1806 323; x_wconf 84' lang='lat' dir='ltr'><strong>OPP.</strong></span> <span class='ocrx_word' id='word_1_5' title='bbox 1847 267 2029 324; x_wconf 81' lang='lat' dir='ltr'><strong>PARS</strong></span> <span class='ocrx_word' id='word_1_6' title='bbox 2065 268 2152 323; x_wconf 88' lang='lat' dir='ltr'><strong>Ill.</strong></span> <span class='ocrx_word' id='word_1_7' title='bbox 2197 299 2264 310; x_wconf 92' lang='lat'><strong><em>—</em></strong></span> <span class='ocrx_word' id='word_1_8' title='bbox 2301 265 2708 323; x_wconf 74' lang='lat' dir='ltr'><strong>EXEGETICA.</strong></span> <span class='ocrx_word' id='word_1_9' title='bbox 3484 271 3598 329; x_wconf 75' lang='lat'><strong>780</strong></span> 
     </span>
    </p>
   </div>
   <div class='ocr_carea' id='block_1_2' title="bbox 409 377 1900 454">
    <p class='ocr_par' dir='ltr' id='par_1_2' title="bbox 409 377 1321 434">
     <span class='ocr_line' id='line_1_2' title="bbox 409 377 1321 434; baseline 0 -1"><span class='ocrx_word' id='word_1_10' title='bbox 409 377 500 433; x_wconf 81' lang='grc'><strong>57.</strong></span> <span class='ocrx_word' id='word_1_11' title='bbox 530 378 574 431; x_wconf 71' lang='grc' dir='ltr'><strong>Α</strong></span> <span class='ocrx_word' id='word_1_12' title='bbox 603 378 854 434; x_wconf 65' lang='lat' dir='ltr'><strong>leonibus</strong></span> <span class='ocrx_word' id='word_1_13' title='bbox 875 393 1096 433; x_wconf 74' lang='lat' dir='ltr'><strong>unicam</strong></span> <span class='ocrx_word' id='word_1_14' title='bbox 1123 394 1321 434; x_wconf 82' lang='lat' dir='ltr'><strong>meam.</strong></span> 
     </span>
    </p>
   </div>
   <div class='ocr_carea' id='block_1_3' title="bbox 1678 377 3169 454">
    <p class='ocr_par' dir='ltr' id='par_1_3' title="bbox 1939 382 3169 454">
     <span class='ocr_line' id='line_1_3' title="bbox 1939 382 3169 454; baseline -0.002 -14"><span class='ocrx_word' id='word_1_15' title='bbox 1939 389 1982 446; x_wconf 84' lang='grc' dir='ltr'><strong>Α</strong></span> <span class='ocrx_word' id='word_1_16' title='bbox 2085 383 2174 439; x_wconf 78' lang='grc'><strong>57.</strong></span> <span class='ocrx_word' id='word_1_17' title='bbox 2207 383 2346 437; x_wconf 80' lang='grc' dir='ltr'><strong>Ἀπὸ</strong></span> <span class='ocrx_word' id='word_1_18' title='bbox 2370 382 2598 436; x_wconf 84' lang='grc' dir='ltr'><strong>λεόντων</strong></span> <span class='ocrx_word' id='word_1_19' title='bbox 2628 382 2726 452; x_wconf 85' lang='grc' dir='ltr'>τὴν</span> <span class='ocrx_word' id='word_1_20' title='bbox 2758 383 3020 454; x_wconf 83' lang='grc' dir='ltr'>μονογενῆ</span> <span class='ocrx_word' id='word_1_21' title='bbox 3049 399 3169 454; x_wconf 87' lang='grc' dir='ltr'>μου.</span> 
     </span>
    </p>
   </div>
   <div class='ocr_carea' id='block_1_4' title="bbox 407 469 1898 547">
    <p class='ocr_par' dir='ltr' id='par_1_4' title="bbox 407 469 1555 542">
     <span class='ocr_line' id='line_1_4' title="bbox 407 469 1555 542; baseline 0.001 -17"><span class='ocrx_word' id='word_1_22' title='bbox 407 470 497 526; x_wconf 89' lang='grc'><strong>58.</strong></span> <span class='ocrx_word' id='word_1_23' title='bbox 528 469 838 526; x_wconf 79' lang='lat' dir='ltr'><strong>Conﬁtebor</strong></span> <span class='ocrx_word' id='word_1_24' title='bbox 859 470 954 524; x_wconf 90' lang='lat' dir='ltr'><strong>tibi</strong></span> <span class='ocrx_word' id='word_1_25' title='bbox 985 471 1039 524; x_wconf 90' lang='lat' dir='ltr'><strong>iu</strong></span> <span class='ocrx_word' id='word_1_26' title='bbox 1060 471 1293 526; x_wconf 84' lang='lat' dir='ltr'><strong>ecclesia</strong></span> <span class='ocrx_word' id='word_1_27' title='bbox 1321 487 1518 542; x_wconf 85' lang='lat' dir='ltr'><strong>magna</strong></span> <span class='ocrx_word' id='word_1_28' title='bbox 1543 515 1555 526; x_wconf 96' lang='lat'><strong>.</strong></span> 
     </span>
    </p>
   </div>
   <div class='ocr_carea' id='block_1_5' title="bbox 1910 469 3401 547">
    <p class='ocr_par' dir='ltr' id='par_1_5' title="bbox 2088 473 3401 547">
     <span class='ocr_line' id='line_1_5' title="bbox 2088 473 3401 547; baseline -0.001 -18"><span class='ocrx_word' id='word_1_29' title='bbox 2088 475 2176 529; x_wconf 74' lang='grc'><strong>58.</strong></span> <span class='ocrx_word' id='word_1_30' title='bbox 2202 473 2689 546; x_wconf 77' lang='grc' dir='ltr'>Ἐξομολογήσομαί</span> <span class='ocrx_word' id='word_1_31' title='bbox 2723 490 2805 526; x_wconf 87' lang='grc' dir='ltr'><strong>σοι</strong></span> <span class='ocrx_word' id='word_1_32' title='bbox 2837 475 2897 526; x_wconf 87' lang='grc' dir='ltr'><strong>ἐν</strong></span> <span class='ocrx_word' id='word_1_33' title='bbox 2920 475 3183 546; x_wconf 73' lang='grc' dir='ltr'><strong>ἐκκλησίᾳ</strong></span> <span class='ocrx_word' id='word_1_34' title='bbox 3209 473 3401 547; x_wconf 73' lang='grc' dir='ltr'>πολλῇ·</span> 
     </span>
    </p>
   </div>
   <div class='ocr_carea' id='block_1_6' title="bbox 411 561 1902 637">
    <p class='ocr_par' dir='ltr' id='par_1_6' title="bbox 411 561 1337 633">
     <span class='ocr_line' id='line_1_6' title="bbox 411 561 1337 633; baseline 0.003 -17"><span class='ocrx_word' id='word_1_35' title='bbox 411 563 500 619; x_wconf 82' lang='grc'><strong>59.</strong></span> <span class='ocrx_word' id='word_1_36' title='bbox 524 561 581 616; x_wconf 87' lang='lat' dir='ltr'><strong>ln</strong></span> <span class='ocrx_word' id='word_1_37' title='bbox 602 561 802 633; x_wconf 89' lang='lat' dir='ltr'><strong>populo</strong></span> <span class='ocrx_word' id='word_1_38' title='bbox 829 561 980 632; x_wconf 75' lang='lat' dir='ltr'><strong>gravi</strong></span> <span class='ocrx_word' id='word_1_39' title='bbox 1003 561 1241 617; x_wconf 78' lang='lat' dir='ltr'><strong>laudabo</strong></span> <span class='ocrx_word' id='word_1_40' title='bbox 1264 572 1337 620; x_wconf 92' lang='lat' dir='ltr'><strong>te.</strong></span> 
     </span>
    </p>
   </div>
   <div class='ocr_carea' id='block_1_7' title="bbox 1468 561 2959 637">
    <p class='ocr_par' dir='ltr' id='par_1_7' title="bbox 2087 565 2959 637">
     <span class='ocr_line' id='line_1_7' title="bbox 2087 565 2959 637; baseline -0.001 -14"><span class='ocrx_word' id='word_1_41' title='bbox 2087 567 2173 623; x_wconf 77' lang='grc'><strong>59.</strong></span> <span class='ocrx_word' id='word_1_42' title='bbox 2204 567 2291 619; x_wconf 85' lang='grc' dir='ltr'>Ἐν</span> <span class='ocrx_word' id='word_1_43' title='bbox 2322 565 2436 637; x_wconf 87' lang='grc' dir='ltr'>λαῷ</span> <span class='ocrx_word' id='word_1_44' title='bbox 2469 565 2624 636; x_wconf 82' lang='grc' dir='ltr'><strong>βαρεῖ</strong></span> <span class='ocrx_word' id='word_1_45' title='bbox 2655 565 2853 619; x_wconf 86' lang='grc' dir='ltr'>αίνέσω</span> <span class='ocrx_word' id='word_1_46' title='bbox 2880 583 2959 622; x_wconf 87' lang='grc' dir='ltr'><strong>σε.</strong></span> 
     </span>
    </p>
   </div>
   <div class='ocr_carea' id='block_1_8' title="bbox 410 655 1901 731">
    <p class='ocr_par' dir='ltr' id='par_1_8' title="bbox 410 655 1901 728">
     <span class='ocr_line' id='line_1_8' title="bbox 410 655 1901 728; baseline 0.001 -19"><span class='ocrx_word' id='word_1_47' title='bbox 410 657 499 710; x_wconf 88' lang='grc'><strong>40.</strong></span> <span class='ocrx_word' id='word_1_48' title='bbox 532 655 647 710; x_wconf 80' lang='lat' dir='ltr'><strong>Non</strong></span> <span class='ocrx_word' id='word_1_49' title='bbox 697 655 1136 726; x_wconf 85' lang='lat' dir='ltr'><strong>supergaudeant</strong></span> <span class='ocrx_word' id='word_1_50' title='bbox 1191 656 1346 724; x_wconf 85' lang='lat' dir='ltr'><strong>mihi,</strong></span> <span class='ocrx_word' id='word_1_51' title='bbox 1405 655 1499 728; x_wconf 91' lang='lat' dir='ltr'><strong>qui</strong></span> <span class='ocrx_word' id='word_1_52' title='bbox 1557 655 1901 712; x_wconf 75' lang='lat' dir='ltr'><strong>adversantur</strong></span> 
     </span>
    </p>
   </div>
   <div class='ocr_carea' id='block_1_9' title="bbox 2103 655 3594 731">
    <p class='ocr_par' dir='ltr' id='par_1_9' title="bbox 2103 657 3594 731">
     <span class='ocr_line' id='line_1_9' title="bbox 2103 657 3594 731; baseline 0.001 -20"><span class='ocrx_word' id='word_1_53' title='bbox 2103 659 2176 712; x_wconf 83' lang='lat' dir='ltr'><strong>l0.</strong></span> <span class='ocrx_word' id='word_1_54' title='bbox 2217 657 2308 729; x_wconf 78' lang='grc' dir='ltr'><strong>Μὴ</strong></span> <span class='ocrx_word' id='word_1_55' title='bbox 2341 657 2729 730; x_wconf 78' lang='grc' dir='ltr'>ἐπιχαρείησάν</span> <span class='ocrx_word' id='word_1_56' title='bbox 2763 675 2854 729; x_wconf 87' lang='grc' dir='ltr'><strong>μοι</strong></span> <span class='ocrx_word' id='word_1_57' title='bbox 2881 659 2930 711; x_wconf 83' lang='grc' dir='ltr'>οἱ</span> <span class='ocrx_word' id='word_1_58' title='bbox 2963 657 3334 731; x_wconf 80' lang='grc' dir='ltr'>ἐχθραίνοντές</span> <span class='ocrx_word' id='word_1_59' title='bbox 3360 675 3452 729; x_wconf 90' lang='grc' dir='ltr'><strong>μοι</strong></span> <span class='ocrx_word' id='word_1_60' title='bbox 3475 659 3594 713; x_wconf 79' lang='grc' dir='ltr'>ἀδί-</span> 
     </span>
    </p>
   </div>
   <div class='ocr_carea' id='block_1_10' title="bbox 305 747 1796 818">
    <p class='ocr_par' dir='ltr' id='par_1_10' title="bbox 305 747 732 818">
     <span class='ocr_line' id='line_1_10' title="bbox 305 747 732 818; baseline 0.002 -15"><span class='ocrx_word' id='word_1_61' title='bbox 305 773 324 790; x_wconf 80' lang='grc' dir='ltr'><strong>ο</strong></span> <span class='ocrx_word' id='word_1_62' title='bbox 341 748 478 803; x_wconf 89' lang='lat' dir='ltr'><strong>mihi</strong></span> <span class='ocrx_word' id='word_1_63' title='bbox 492 747 690 818; x_wconf 64' lang='lat' dir='ltr'><strong>.inique</strong></span> <span class='ocrx_word' id='word_1_64' title='bbox 717 765 732 804; x_wconf 89' lang='lat'><strong>:</strong></span> 
     </span>
    </p>
   </div>
   <div class='ocr_carea' id='block_1_11' title="bbox 655 747 2146 818">
    <p class='ocr_par' dir='ltr' id='par_1_11' title="bbox 659 762 2146 814">
     <span class='ocr_line' id='line_1_11' title="bbox 659 762 2146 814; baseline -0.001 -10"><span class='ocrx_word' id='word_1_65' title='bbox 659 762 690 804; x_wconf 91' lang='lat' dir='ltr'><strong>e</strong></span> <span class='ocrx_word' id='word_1_66' title='bbox 717 765 732 804; x_wconf 87' lang='lat'><strong>:</strong></span> <span class='ocrx_word' id='word_1_67' title='bbox 2017 767 2146 814; x_wconf 84' lang='grc' dir='ltr'>κως’</span> 
     </span>
    </p>
   </div>
   <div class='ocr_carea' id='block_1_12' title="bbox 411 837 1902 915">
    <p class='ocr_par' dir='ltr' id='par_1_12' title="bbox 411 837 1902 911">
     <span class='ocr_line' id='line_1_12' title="bbox 411 837 1902 911; baseline -0.002 -17"><span class='ocrx_word' id='word_1_68' title='bbox 411 840 501 894; x_wconf 73' lang='grc'><strong>41.</strong></span> <span class='ocrx_word' id='word_1_69' title='bbox 521 839 634 906; x_wconf 80' lang='lat' dir='ltr'><strong>Qui</strong></span> <span class='ocrx_word' id='word_1_70' title='bbox 660 839 894 896; x_wconf 89' lang='lat' dir='ltr'><strong>oderunt</strong></span> <span class='ocrx_word' id='word_1_71' title='bbox 930 854 1019 894; x_wconf 91' lang='lat' dir='ltr'><strong>me</strong></span> <span class='ocrx_word' id='word_1_72' title='bbox 1058 838 1226 911; x_wconf 84' lang='lat' dir='ltr'><strong>gratis</strong></span> <span class='ocrx_word' id='word_1_73' title='bbox 1263 857 1278 906; x_wconf 91' lang='lat'>;</span> <span class='ocrx_word' id='word_1_74' title='bbox 1327 847 1383 894; x_wconf 92' lang='lat' dir='ltr'><strong>et</strong></span> <span class='ocrx_word' id='word_1_75' title='bbox 1420 847 1669 893; x_wconf 92' lang='lat' dir='ltr'><strong>annuunt</strong></span> <span class='ocrx_word' id='word_1_76' title='bbox 1705 837 1902 894; x_wconf 85' lang='lat' dir='ltr'><strong>oculis.</strong></span> 
     </span>
    </p>
   </div>
   <div class='ocr_carea' id='block_1_13' title="bbox 2102 837 3593 915">
    <p class='ocr_par' dir='ltr' id='par_1_13' title="bbox 2102 841 3593 915">
     <span class='ocr_line' id='line_1_13' title="bbox 2102 841 3593 915; baseline 0 -20"><span class='ocrx_word' id='word_1_77' title='bbox 2102 842 2172 900; x_wconf 76' lang='lat' dir='ltr'><strong>li.</strong></span> <span class='ocrx_word' id='word_1_78' title='bbox 2199 843 2260 896; x_wconf 81' lang='grc' dir='ltr'><strong>Οἱ</strong></span> <span class='ocrx_word' id='word_1_79' title='bbox 2296 841 2575 913; x_wconf 83' lang='grc' dir='ltr'>μισοῦντές</span> <span class='ocrx_word' id='word_1_80' title='bbox 2594 860 2660 915; x_wconf 86' lang='grc' dir='ltr'><strong>με</strong></span> <span class='ocrx_word' id='word_1_81' title='bbox 2679 841 2905 912; x_wconf 82' lang='grc' dir='ltr'>δωρεάν,</span> <span class='ocrx_word' id='word_1_82' title='bbox 2922 841 3016 896; x_wconf 75' lang='grc' dir='ltr'>καὶ</span> <span class='ocrx_word' id='word_1_83' title='bbox 3038 841 3368 908; x_wconf 78' lang='grc' dir='ltr'>διανευοντες</span> <span class='ocrx_word' id='word_1_84' title='bbox 3387 841 3593 912; x_wconf 66' lang='grc' dir='ltr'>ὀφθαλ-</span> 
     </span>
    </p>
   </div>
   <div class='ocr_carea' id='block_1_14' title="bbox 2019 947 2830 1001">
    <p class='ocr_par' dir='ltr' id='par_1_14' title="bbox 2019 947 2830 1001">
     <span class='ocr_line' id='line_1_14' title="bbox 2019 947 2830 1001; baseline 0.011 -19"><span class='ocrx_word' id='word_1_85' title='bbox 2019 947 2157 1001; x_wconf 86' lang='grc' dir='ltr'>μοις.</span> <span class='ocrx_word' id='word_1_86' title='bbox 2824 986 2830 991; x_wconf 93' lang='grc'><strong>.</strong></span> 
     </span>
    </p>
   </div>
   <div class='ocr_carea' id='block_1_15' title="bbox 410 1016 1901 1095">
    <p class='ocr_par' dir='ltr' id='par_1_15' title="bbox 410 1016 1901 1090">
     <span class='ocr_line' id='line_1_15' title="bbox 410 1016 1901 1090; baseline -0.001 -19"><span class='ocrx_word' id='word_1_87' title='bbox 410 1017 500 1071; x_wconf 82' lang='grc'><strong>42.</strong></span> <span class='ocrx_word' id='word_1_88' title='bbox 529 1016 798 1084; x_wconf 75' lang='lat' dir='ltr'><strong>Quoniam</strong></span> <span class='ocrx_word' id='word_1_89' title='bbox 833 1018 1212 1090; x_wconf 86' lang='lat' dir='ltr'><strong>mihiquidem</strong></span> <span class='ocrx_word' id='word_1_90' title='bbox 1244 1019 1470 1090; x_wconf 89' lang='lat' dir='ltr'><strong>pacilice</strong></span> <span class='ocrx_word' id='word_1_91' title='bbox 1498 1017 1864 1090; x_wconf 72' lang='lat' dir='ltr'><strong>loquebantur</strong></span> <span class='ocrx_word' id='word_1_92' title='bbox 1891 1035 1901 1084; x_wconf 82' lang='lat'><strong>;</strong></span> 
     </span>
    </p>
   </div>
   <div class='ocr_carea' id='block_1_16' title="bbox 1666 1016 3157 1095">
    <p class='ocr_par' dir='ltr' id='par_1_16' title="bbox 1666 1017 3157 1095">
     <span class='ocr_line' id='line_1_16' title="bbox 1666 1017 3157 1095; baseline 0.002 -23"><span class='ocrx_word' id='word_1_93' title='bbox 1666 1017 1864 1072; x_wconf 80' lang='lat' dir='ltr'><strong>bantur</strong></span> <span class='ocrx_word' id='word_1_94' title='bbox 1891 1035 1908 1084; x_wconf 90' lang='lat'><strong>;</strong></span> <span class='ocrx_word' id='word_1_95' title='bbox 2087 1021 2176 1076; x_wconf 86' lang='grc'><strong>42.</strong></span> <span class='ocrx_word' id='word_1_96' title='bbox 2194 1023 2314 1077; x_wconf 86' lang='grc' dir='ltr'>Ὅτι</span> <span class='ocrx_word' id='word_1_97' title='bbox 2346 1024 2468 1094; x_wconf 72' lang='grc' dir='ltr'>ἐμοὶ</span> <span class='ocrx_word' id='word_1_98' title='bbox 2507 1023 2604 1094; x_wconf 83' lang='grc' dir='ltr'>μὲν</span> <span class='ocrx_word' id='word_1_99' title='bbox 2628 1022 2877 1095; x_wconf 70' lang='grc' dir='ltr'>εἰρηνικά</span> <span class='ocrx_word' id='word_1_100' title='bbox 2905 1021 3123 1077; x_wconf 78' lang='grc' dir='ltr'><strong>ἐλάλουν</strong></span> <span class='ocrx_word' id='word_1_101' title='bbox 3144 1039 3157 1054; x_wconf 89' lang='grc'><strong>·</strong></span> 
     </span>
    </p>
   </div>
   <div class='ocr_carea' id='block_1_17' title="bbox 409 1109 1900 1184">
    <p class='ocr_par' dir='ltr' id='par_1_17' title="bbox 409 1109 1542 1183">
     <span class='ocr_line' id='line_1_17' title="bbox 409 1109 1542 1183; baseline 0.002 -19"><span class='ocrx_word' id='word_1_102' title='bbox 409 1110 499 1164; x_wconf 87' lang='grc'><strong>45.</strong></span> <span class='ocrx_word' id='word_1_103' title='bbox 534 1109 600 1164; x_wconf 89' lang='lat' dir='ltr'><strong>Et</strong></span> <span class='ocrx_word' id='word_1_104' title='bbox 625 1111 679 1165; x_wconf 92' lang='lat' dir='ltr'><strong>in</strong></span> <span class='ocrx_word' id='word_1_105' title='bbox 713 1111 993 1167; x_wconf 88' lang='lat' dir='ltr'><strong>iracundia</strong></span> <span class='ocrx_word' id='word_1_106' title='bbox 1023 1111 1180 1168; x_wconf 85' lang='lat' dir='ltr'><strong>dolos</strong></span> <span class='ocrx_word' id='word_1_107' title='bbox 1213 1113 1542 1183; x_wconf 89' lang='lat' dir='ltr'><strong>cogitabant.</strong></span> 
     </span>
    </p>
   </div>
   <div class='ocr_carea' id='block_1_18' title="bbox 1756 1109 3247 1184">
    <p class='ocr_par' dir='ltr' id='par_1_18' title="bbox 2085 1110 3247 1184">
     <span class='ocr_line' id='line_1_18' title="bbox 2085 1110 3247 1184; baseline 0.003 -20"><span class='ocrx_word' id='word_1_108' title='bbox 2085 1111 2174 1164; x_wconf 80' lang='grc'><strong>45.</strong></span> <span class='ocrx_word' id='word_1_109' title='bbox 2216 1110 2326 1164; x_wconf 81' lang='grc' dir='ltr'><strong>Καὶ</strong></span> <span class='ocrx_word' id='word_1_110' title='bbox 2357 1111 2442 1164; x_wconf 86' lang='grc' dir='ltr'><strong>ἐπ’</strong></span> <span class='ocrx_word' id='word_1_111' title='bbox 2471 1111 2640 1184; x_wconf 78' lang='grc' dir='ltr'>ὀργὴν</span> <span class='ocrx_word' id='word_1_112' title='bbox 2671 1111 2854 1175; x_wconf 85' lang='grc' dir='ltr'><strong>δόλους</strong></span> <span class='ocrx_word' id='word_1_113' title='bbox 2876 1112 3247 1181; x_wconf 78' lang='grc' dir='ltr'><strong>διελογίζοντο.</strong></span> 
     </span>
    </p>
   </div>
   <div class='ocr_carea' id='block_1_19' title="bbox 405 1201 1896 1277">
    <p class='ocr_par' dir='ltr' id='par_1_19' title="bbox 405 1201 1554 1275">
     <span class='ocr_line' id='line_1_19' title="bbox 405 1201 1554 1275; baseline 0.001 -19"><span class='ocrx_word' id='word_1_114' title='bbox 405 1201 495 1256; x_wconf 86' lang='grc'><strong>44.</strong></span> <span class='ocrx_word' id='word_1_115' title='bbox 539 1201 911 1259; x_wconf 83' lang='lat' dir='ltr'><strong>Dilataverunt</strong></span> <span class='ocrx_word' id='word_1_116' title='bbox 943 1219 1107 1275; x_wconf 81' lang='lat' dir='ltr'><strong>super</strong></span> <span class='ocrx_word' id='word_1_117' title='bbox 1136 1220 1222 1260; x_wconf 90' lang='lat' dir='ltr'><strong>mc</strong></span> <span class='ocrx_word' id='word_1_118' title='bbox 1251 1219 1314 1259; x_wconf 91' lang='lat' dir='ltr'><strong>os</strong></span> <span class='ocrx_word' id='word_1_119' title='bbox 1343 1219 1504 1260; x_wconf 89' lang='lat' dir='ltr'><strong>suum</strong></span> <span class='ocrx_word' id='word_1_120' title='bbox 1541 1222 1554 1258; x_wconf 92' lang='lat'><strong>:</strong></span> 
     </span>
    </p>
   </div>
   <div class='ocr_carea' id='block_1_20' title="bbox 1818 1201 3309 1277">
    <p class='ocr_par' dir='ltr' id='par_1_20' title="bbox 2084 1202 3309 1277">
     <span class='ocr_line' id='line_1_20' title="bbox 2084 1202 3309 1277; baseline 0.002 -21"><span class='ocrx_word' id='word_1_121' title='bbox 2084 1203 2170 1256; x_wconf 85' lang='grc'><strong>44.</strong></span> <span class='ocrx_word' id='word_1_122' title='bbox 2207 1202 2538 1258; x_wconf 81' lang='grc' dir='ltr'>Ἐπλάτυναν</span> <span class='ocrx_word' id='word_1_123' title='bbox 2567 1205 2654 1258; x_wconf 83' lang='grc' dir='ltr'><strong>ἐπ’</strong></span> <span class='ocrx_word' id='word_1_124' title='bbox 2678 1205 2778 1276; x_wconf 86' lang='grc' dir='ltr'>ἐμὲ</span> <span class='ocrx_word' id='word_1_125' title='bbox 2809 1205 2870 1258; x_wconf 79' lang='grc' dir='ltr'>τὸ</span> <span class='ocrx_word' id='word_1_126' title='bbox 2903 1205 3075 1277; x_wconf 76' lang='grc' dir='ltr'>στόμα</span> <span class='ocrx_word' id='word_1_127' title='bbox 3099 1205 3309 1260; x_wconf 76' lang='grc' dir='ltr'>αὐτῶν·</span> 
     </span>
    </p>
   </div>
   <div class='ocr_carea' id='block_1_21' title="bbox 409 1291 1900 1370">
    <p class='ocr_par' dir='ltr' id='par_1_21' title="bbox 409 1291 1900 1366">
     <span class='ocr_line' id='line_1_21' title="bbox 409 1291 1900 1366; baseline 0.001 -21"><span class='ocrx_word' id='word_1_128' title='bbox 409 1291 499 1346; x_wconf 86' lang='grc'><strong>45.</strong></span> <span class='ocrx_word' id='word_1_129' title='bbox 537 1291 822 1358; x_wconf 80' lang='lat' dir='ltr'><strong>Dixerunt,</strong></span> <span class='ocrx_word' id='word_1_130' title='bbox 850 1309 1168 1366; x_wconf 82' lang='lat' dir='ltr'><strong>eugc,euge</strong></span> <span class='ocrx_word' id='word_1_131' title='bbox 1205 1313 1218 1350; x_wconf 93' lang='lat'>:</span> <span class='ocrx_word' id='word_1_132' title='bbox 1249 1295 1506 1350; x_wconf 78' lang='lat' dir='ltr'><strong>viderunt</strong></span> <span class='ocrx_word' id='word_1_133' title='bbox 1531 1294 1677 1350; x_wconf 93' lang='lat' dir='ltr'><strong>oculi</strong></span> <span class='ocrx_word' id='word_1_134' title='bbox 1710 1293 1900 1349; x_wconf 87' lang='lat' dir='ltr'><strong>nostri.</strong></span> 
     </span>
    </p>
   </div>
   <div class='ocr_carea' id='block_1_22' title="bbox 2107 1291 3598 1370">
    <p class='ocr_par' dir='ltr' id='par_1_22' title="bbox 2107 1291 3598 1370">
     <span class='ocr_line' id='line_1_22' title="bbox 2107 1291 3598 1370; baseline 0.004 -23"><span class='ocrx_word' id='word_1_135' title='bbox 2212 1291 2408 1349; x_wconf 79' lang='grc' dir='ltr'>Εἶπον·</span> <span class='ocrx_word' id='word_1_136' title='bbox 2450 1292 2611 1366; x_wconf 77' lang='grc' dir='ltr'>Εὖγε,</span> <span class='ocrx_word' id='word_1_137' title='bbox 2647 1293 2806 1366; x_wconf 77' lang='grc' dir='ltr'><strong>εὖγε⁹</strong></span> <span class='ocrx_word' id='word_1_138' title='bbox 2840 1293 2977 1352; x_wconf 82' lang='grc' dir='ltr'>εῐδον</span> <span class='ocrx_word' id='word_1_139' title='bbox 3001 1300 3049 1351; x_wconf 74' lang='grc' dir='ltr'>οἱ</span> <span class='ocrx_word' id='word_1_140' title='bbox 3077 1297 3341 1370; x_wconf 69' lang='grc' dir='ltr'>ὀφθαλμοὶ</span> <span class='ocrx_word' id='word_1_141' title='bbox 3365 1298 3543 1369; x_wconf 70' lang='grc' dir='ltr'>ἡμῶν.</span> <span class='ocrx_word' id='word_1_142' title='bbox 3591 1301 3598 1312; x_wconf 86' lang='grc'><em>’</em></span> 
     </span>
    </p>
   </div>
   <div class='ocr_carea' id='block_1_23' title="bbox 409 1381 1900 1463">
    <p class='ocr_par' dir='ltr' id='par_1_23' title="bbox 409 1381 1353 1452">
     <span class='ocr_line' id='line_1_23' title="bbox 409 1381 1353 1452; baseline 0.005 -17"><span class='ocrx_word' id='word_1_143' title='bbox 409 1381 501 1436; x_wconf 85' lang='grc'><strong>46.</strong></span> <span class='ocrx_word' id='word_1_144' title='bbox 534 1381 748 1452; x_wconf 77' lang='lat' dir='ltr'><strong>Vidisti,</strong></span> <span class='ocrx_word' id='word_1_145' title='bbox 773 1384 1022 1452; x_wconf 90' lang='lat' dir='ltr'><strong>Domine,</strong></span> <span class='ocrx_word' id='word_1_146' title='bbox 1046 1401 1116 1442; x_wconf 90' lang='lat' dir='ltr'><strong>ne</strong></span> <span class='ocrx_word' id='word_1_147' title='bbox 1143 1387 1307 1442; x_wconf 86' lang='lat' dir='ltr'><strong>sileas</strong></span> <span class='ocrx_word' id='word_1_148' title='bbox 1341 1404 1353 1440; x_wconf 89' lang='lat'>:</span> 
     </span>
    </p>
   </div>
   <div class='ocr_carea' id='block_1_24' title="bbox 1724 1381 3215 1463">
    <p class='ocr_par' dir='ltr' id='par_1_24' title="bbox 2079 1383 3215 1463">
     <span class='ocr_line' id='line_1_24' title="bbox 2079 1383 3215 1463; baseline 0.008 -24"><span class='ocrx_word' id='word_1_149' title='bbox 2079 1385 2174 1446; x_wconf 85' lang='grc'><strong>46,</strong></span> <span class='ocrx_word' id='word_1_150' title='bbox 2209 1383 2380 1453; x_wconf 80' lang='grc' dir='ltr'>Εἶδες,</span> <span class='ocrx_word' id='word_1_151' title='bbox 2415 1387 2606 1460; x_wconf 76' lang='grc' dir='ltr'>Κύριε,</span> <span class='ocrx_word' id='word_1_152' title='bbox 2637 1390 2711 1462; x_wconf 80' lang='grc' dir='ltr'>μὴ</span> <span class='ocrx_word' id='word_1_153' title='bbox 2750 1392 3215 1463; x_wconf 68' lang='grc' dir='ltr'>παρασιωπήσῃςο</span> 
     </span>
    </p>
   </div>
   <div class='ocr_carea' id='block_1_25' title="bbox 411 1475 1902 1554">
    <p class='ocr_par' dir='ltr' id='par_1_25' title="bbox 411 1475 1340 1542">
     <span class='ocr_line' id='line_1_25' title="bbox 411 1475 1340 1542; baseline 0.004 -12"><span class='ocrx_word' id='word_1_154' title='bbox 411 1475 500 1530; x_wconf 81' lang='grc'><strong>47.</strong></span> <span class='ocrx_word' id='word_1_155' title='bbox 532 1475 774 1542; x_wconf 86' lang='lat' dir='ltr'><strong>Domine,</strong></span> <span class='ocrx_word' id='word_1_156' title='bbox 808 1493 876 1533; x_wconf 87' lang='lat' dir='ltr'><strong>ne</strong></span> <span class='ocrx_word' id='word_1_157' title='bbox 904 1478 1153 1534; x_wconf 86' lang='lat' dir='ltr'><strong>discedas</strong></span> <span class='ocrx_word' id='word_1_158' title='bbox 1178 1495 1208 1533; x_wconf 87' lang='lat' dir='ltr'><strong>a</strong></span> <span class='ocrx_word' id='word_1_159' title='bbox 1237 1496 1340 1535; x_wconf 88' lang='lat' dir='ltr'><strong>me.</strong></span> 
     </span>
    </p>
   </div>
   <div class='ocr_carea' id='block_1_26' title="bbox 1594 1475 3085 1554">
    <p class='ocr_par' dir='ltr' id='par_1_26' title="bbox 2081 1478 3085 1554">
     <span class='ocr_line' id='line_1_26' title="bbox 2081 1478 3085 1554; baseline 0.004 -23"><span class='ocrx_word' id='word_1_160' title='bbox 2081 1478 2171 1532; x_wconf 78' lang='grc'><strong>47.</strong></span> <span class='ocrx_word' id='word_1_161' title='bbox 2214 1478 2406 1548; x_wconf 81' lang='grc' dir='ltr'>Κύριε,</span> <span class='ocrx_word' id='word_1_162' title='bbox 2434 1480 2506 1552; x_wconf 85' lang='grc' dir='ltr'>μὴ</span> <span class='ocrx_word' id='word_1_163' title='bbox 2538 1481 2778 1553; x_wconf 77' lang='grc' dir='ltr'>ἀποστῇς</span> <span class='ocrx_word' id='word_1_164' title='bbox 2806 1483 2901 1536; x_wconf 83' lang='grc' dir='ltr'><strong>ἀπ’</strong></span> <span class='ocrx_word' id='word_1_165' title='bbox 2930 1481 3085 1554; x_wconf 79' lang='grc' dir='ltr'>ἐμοῦ.</span> 
     </span>
    </p>
   </div>
   <div class='ocr_carea' id='block_1_27' title="bbox 409 1568 1900 1653">
    <p class='ocr_par' dir='ltr' id='par_1_27' title="bbox 409 1568 1800 1643">
     <span class='ocr_line' id='line_1_27' title="bbox 409 1568 1800 1643; baseline 0.001 -21"><span class='ocrx_word' id='word_1_166' title='bbox 409 1569 500 1624; x_wconf 89' lang='grc'><strong>48.</strong></span> <span class='ocrx_word' id='word_1_167' title='bbox 533 1569 797 1642; x_wconf 76' lang='lat' dir='ltr'><strong>Exsurge,</strong></span> <span class='ocrx_word' id='word_1_168' title='bbox 823 1568 1070 1639; x_wconf 89' lang='lat' dir='ltr'><strong>Domine,</strong></span> <span class='ocrx_word' id='word_1_169' title='bbox 1106 1582 1160 1628; x_wconf 93' lang='lat' dir='ltr'><strong>et</strong></span> <span class='ocrx_word' id='word_1_170' title='bbox 1181 1572 1398 1627; x_wconf 87' lang='lat' dir='ltr'><strong>intende</strong></span> <span class='ocrx_word' id='word_1_171' title='bbox 1423 1571 1629 1643; x_wconf 83' lang='lat' dir='ltr'><strong>judicio</strong></span> <span class='ocrx_word' id='word_1_172' title='bbox 1655 1587 1800 1635; x_wconf 87' lang='lat' dir='ltr'><strong>meo,</strong></span> 
     </span>
    </p>
   </div>
   <div class='ocr_carea' id='block_1_28' title="bbox 2088 1568 3579 1653">
    <p class='ocr_par' dir='ltr' id='par_1_28' title="bbox 2088 1570 3579 1648">
     <span class='ocr_line' id='line_1_28' title="bbox 2088 1570 3579 1648; baseline 0.003 -22"><span class='ocrx_word' id='word_1_173' title='bbox 2088 1572 2168 1626; x_wconf 80' lang='grc'><strong>48.</strong></span> <span class='ocrx_word' id='word_1_174' title='bbox 2197 1570 2566 1646; x_wconf 80' lang='grc' dir='ltr'>Ἔξεγέρθητι,</span> <span class='ocrx_word' id='word_1_175' title='bbox 2603 1574 2796 1648; x_wconf 77' lang='grc' dir='ltr'>Κύριε,</span> <span class='ocrx_word' id='word_1_176' title='bbox 2814 1575 2907 1629; x_wconf 71' lang='grc' dir='ltr'>καὶ</span> <span class='ocrx_word' id='word_1_177' title='bbox 2927 1575 3238 1648; x_wconf 76' lang='grc' dir='ltr'>πρόσχεςτῇ</span> <span class='ocrx_word' id='word_1_178' title='bbox 3257 1576 3433 1648; x_wconf 87' lang='grc' dir='ltr'>κρίσει</span> <span class='ocrx_word' id='word_1_179' title='bbox 3453 1595 3579 1648; x_wconf 86' lang='grc' dir='ltr'>μου,</span> 
     </span>
    </p>
   </div>
   <div class='ocr_carea' id='block_1_29' title="bbox 409 1660 1900 1788">
    <p class='ocr_par' dir='ltr' id='par_1_29' title="bbox 409 1660 1900 1732">
     <span class='ocr_line' id='line_1_29' title="bbox 409 1660 1900 1732; baseline 0.001 -17"><span class='ocrx_word' id='word_1_180' title='bbox 409 1660 498 1716; x_wconf 87' lang='grc'><strong>49.</strong></span> <span class='ocrx_word' id='word_1_181' title='bbox 532 1662 676 1719; x_wconf 90' lang='lat' dir='ltr'><strong>Deus</strong></span> <span class='ocrx_word' id='word_1_182' title='bbox 721 1679 898 1732; x_wconf 89' lang='lat' dir='ltr'><strong>meus,</strong></span> <span class='ocrx_word' id='word_1_183' title='bbox 949 1674 1004 1720; x_wconf 90' lang='lat' dir='ltr'><strong>et</strong></span> <span class='ocrx_word' id='word_1_184' title='bbox 1054 1664 1318 1721; x_wconf 91' lang='lat' dir='ltr'><strong>Dominus</strong></span> <span class='ocrx_word' id='word_1_185' title='bbox 1372 1681 1528 1720; x_wconf 91' lang='lat' dir='ltr'><strong>meus</strong></span> <span class='ocrx_word' id='word_1_186' title='bbox 1573 1665 1629 1719; x_wconf 90' lang='lat' dir='ltr'><strong>in</strong></span> <span class='ocrx_word' id='word_1_187' title='bbox 1683 1677 1900 1720; x_wconf 80' lang='lat' dir='ltr'><strong>causam</strong></span> 
     </span>
    </p>
   </div>
   <div class='ocr_carea' id='block_1_30' title="bbox 2094 1660 3585 1788">
    <p class='ocr_par' dir='ltr' id='par_1_30' title="bbox 2094 1662 3585 1742">
     <span class='ocr_line' id='line_1_30' title="bbox 2094 1662 3585 1742; baseline 0.003 -25"><span class='ocrx_word' id='word_1_188' title='bbox 2094 1662 2169 1718; x_wconf 79' lang='lat' dir='ltr'><strong>l9.</strong></span> <span class='ocrx_word' id='word_1_189' title='bbox 2195 1665 2252 1718; x_wconf 87' lang='lat'><strong>&#39;0</strong></span> <span class='ocrx_word' id='word_1_190' title='bbox 2271 1663 2402 1729; x_wconf 87' lang='grc' dir='ltr'><strong>Θεὸς</strong></span> <span class='ocrx_word' id='word_1_191' title='bbox 2424 1682 2549 1736; x_wconf 89' lang='grc' dir='ltr'>μου,</span> <span class='ocrx_word' id='word_1_192' title='bbox 2583 1665 2676 1720; x_wconf 70' lang='grc' dir='ltr'><strong>καὶ</strong></span> <span class='ocrx_word' id='word_1_193' title='bbox 2711 1667 2740 1720; x_wconf 83' lang='grc' dir='ltr'>ὁ</span> <span class='ocrx_word' id='word_1_194' title='bbox 2788 1667 2992 1741; x_wconf 77' lang='grc' dir='ltr'>Κύριός</span> <span class='ocrx_word' id='word_1_195' title='bbox 3041 1685 3143 1739; x_wconf 85' lang='grc' dir='ltr'><strong>μου</strong></span> <span class='ocrx_word' id='word_1_196' title='bbox 3181 1671 3262 1731; x_wconf 88' lang='grc' dir='ltr'><strong>είς</strong></span> <span class='ocrx_word' id='word_1_197' title='bbox 3295 1668 3393 1738; x_wconf 75' lang='grc' dir='ltr'>τὴν</span> <span class='ocrx_word' id='word_1_198' title='bbox 3423 1668 3585 1742; x_wconf 82' lang='grc' dir='ltr'>δίκην</span> 
     </span>
    </p>
   </div>
   <div class='ocr_carea' id='block_1_31' title="bbox 340 1771 1831 1826">
    <p class='ocr_par' dir='ltr' id='par_1_31' title="bbox 340 1771 539 1811">
     <span class='ocr_line' id='line_1_31' title="bbox 340 1771 539 1811; baseline 0 -1"><span class='ocrx_word' id='word_1_199' title='bbox 340 1771 539 1811; x_wconf 85' lang='lat' dir='ltr'><strong>meam.</strong></span> 
     </span>
    </p>
   </div>
   <div class='ocr_carea' id='block_1_32' title="bbox 646 1771 2137 1826">
    <p class='ocr_par' dir='ltr' id='par_1_32' title="bbox 1941 1771 2137 1826">
     <span class='ocr_line' id='line_1_32' title="bbox 1941 1771 2137 1826; baseline 0 -17"><span class='ocrx_word' id='word_1_200' title='bbox 1941 1771 1983 1788; x_wconf 81' lang='grc' dir='ltr'><strong>ν</strong></span> <span class='ocrx_word' id='word_1_201' title='bbox 2016 1773 2137 1826; x_wconf 86' lang='grc' dir='ltr'>μου.</span> 
     </span>
    </p>
   </div>
   <div class='ocr_carea' id='block_1_33' title="bbox 413 1842 1904 1925">
    <p class='ocr_par' dir='ltr' id='par_1_33' title="bbox 413 1842 1904 1914">
     <span class='ocr_line' id='line_1_33' title="bbox 413 1842 1904 1914; baseline -0.004 -12"><span class='ocrx_word' id='word_1_202' title='bbox 413 1849 500 1903; x_wconf 84' lang='grc'><strong>50.</strong></span> <span class='ocrx_word' id='word_1_203' title='bbox 529 1846 720 1904; x_wconf 87' lang='lat' dir='ltr'><strong>Judica</strong></span> <span class='ocrx_word' id='word_1_204' title='bbox 747 1861 854 1910; x_wconf 88' lang='lat' dir='ltr'><strong>me,</strong></span> <span class='ocrx_word' id='word_1_205' title='bbox 872 1842 1120 1910; x_wconf 88' lang='lat' dir='ltr'><strong>Domine,</strong></span> <span class='ocrx_word' id='word_1_206' title='bbox 1141 1844 1437 1900; x_wconf 90' lang='lat' dir='ltr'><strong>secundum</strong></span> <span class='ocrx_word' id='word_1_207' title='bbox 1451 1843 1717 1914; x_wconf 82' lang='lat' dir='ltr'><strong>justitiam</strong></span> <span class='ocrx_word' id='word_1_208' title='bbox 1731 1852 1904 1905; x_wconf 78' lang='lat' dir='ltr'><strong>tuam,</strong></span> 
     </span>
    </p>
   </div>
   <div class='ocr_carea' id='block_1_34' title="bbox 2094 1842 3585 1925">
    <p class='ocr_par' dir='ltr' id='par_1_34' title="bbox 2094 1849 3585 1925">
     <span class='ocr_line' id='line_1_34' title="bbox 2094 1849 3585 1925; baseline 0.003 -22"><span class='ocrx_word' id='word_1_209' title='bbox 2094 1849 2172 1906; x_wconf 77' lang='lat'><strong>50.</strong></span> <span class='ocrx_word' id='word_1_210' title='bbox 2211 1850 2411 1922; x_wconf 84' lang='grc' dir='ltr'>Κρῖνόν</span> <span class='ocrx_word' id='word_1_211' title='bbox 2445 1868 2533 1922; x_wconf 86' lang='grc' dir='ltr'><strong>με,</strong></span> <span class='ocrx_word' id='word_1_212' title='bbox 2569 1851 2766 1925; x_wconf 81' lang='grc' dir='ltr'>Κύριε,</span> <span class='ocrx_word' id='word_1_213' title='bbox 2791 1852 2934 1907; x_wconf 81' lang='grc' dir='ltr'>κατὰ</span> <span class='ocrx_word' id='word_1_214' title='bbox 2960 1852 3062 1924; x_wconf 78' lang='grc' dir='ltr'><strong>τὴν</strong></span> <span class='ocrx_word' id='word_1_215' title='bbox 3090 1852 3432 1925; x_wconf 75' lang='grc' dir='ltr'>δικαιοσύνην</span> <span class='ocrx_word' id='word_1_216' title='bbox 3461 1870 3585 1919; x_wconf 90' lang='grc' dir='ltr'>σου,</span> 
     </span>
    </p>
   </div>
   <div class='ocr_carea' id='block_1_35' title="bbox 339 1935 1830 2022">
    <p class='ocr_par' dir='ltr' id='par_1_35' title="bbox 339 1935 1795 2006">
     <span class='ocr_line' id='line_1_35' title="bbox 339 1935 1795 2006; baseline -0.003 -12"><span class='ocrx_word' id='word_1_217' title='bbox 339 1937 568 1994; x_wconf 89' lang='lat' dir='ltr'><strong>Domine</strong></span> <span class='ocrx_word' id='word_1_218' title='bbox 592 1937 733 1994; x_wconf 82' lang='lat' dir='ltr'><strong>Deus</strong></span> <span class='ocrx_word' id='word_1_219' title='bbox 763 1951 939 2002; x_wconf 89' lang='lat' dir='ltr'><strong>meus,</strong></span> <span class='ocrx_word' id='word_1_220' title='bbox 963 1944 1016 1990; x_wconf 92' lang='lat' dir='ltr'><strong>et</strong></span> <span class='ocrx_word' id='word_1_221' title='bbox 1036 1951 1140 1990; x_wconf 93' lang='lat' dir='ltr'><strong>non</strong></span> <span class='ocrx_word' id='word_1_222' title='bbox 1171 1935 1600 2006; x_wconf 87' lang='lat' dir='ltr'><strong>supergaudeant</strong></span> <span class='ocrx_word' id='word_1_223' title='bbox 1626 1936 1754 1989; x_wconf 89' lang='lat' dir='ltr'><strong>mihi</strong></span> <span class='ocrx_word' id='word_1_224' title='bbox 1779 1953 1795 1989; x_wconf 92' lang='lat'><strong><em>:</em></strong></span> 
     </span>
    </p>
   </div>
   <div class='ocr_carea' id='block_1_36' title="bbox 1892 1935 3383 2022">
    <p class='ocr_par' dir='ltr' id='par_1_36' title="bbox 2009 1941 3383 2022">
     <span class='ocr_line' id='line_1_36' title="bbox 2009 1941 3383 2022; baseline 0.005 -27"><span class='ocrx_word' id='word_1_225' title='bbox 2009 1941 2183 2014; x_wconf 77' lang='grc' dir='ltr'>Κύριε</span> <span class='ocrx_word' id='word_1_226' title='bbox 2215 1945 2243 1997; x_wconf 81' lang='grc' dir='ltr'>ὁ</span> <span class='ocrx_word' id='word_1_227' title='bbox 2274 1944 2405 2022; x_wconf 72' lang='grc' dir='ltr'><strong>Θεᾴς</strong></span> <span class='ocrx_word' id='word_1_228' title='bbox 2435 1962 2555 2015; x_wconf 90' lang='grc' dir='ltr'>μου,</span> <span class='ocrx_word' id='word_1_229' title='bbox 2581 1945 2769 2018; x_wconf 76' lang='grc' dir='ltr'>καὶμὴ</span> <span class='ocrx_word' id='word_1_230' title='bbox 2798 1946 3188 2017; x_wconf 83' lang='grc' dir='ltr'>ἐπιχαρείησάν</span> <span class='ocrx_word' id='word_1_231' title='bbox 3223 1963 3332 2017; x_wconf 87' lang='grc' dir='ltr'>μοι.</span> <span class='ocrx_word' id='word_1_232' title='bbox 3370 1947 3383 1956; x_wconf 86' lang='grc'><em>’</em></span> 
     </span>
    </p>
   </div>
   <div class='ocr_carea' id='block_1_37' title="bbox 411 2024 1902 2108">
    <p class='ocr_par' dir='ltr' id='par_1_37' title="bbox 411 2024 1902 2096">
     <span class='ocr_line' id='line_1_37' title="bbox 411 2024 1902 2096; baseline -0.004 -12"><span class='ocrx_word' id='word_1_233' title='bbox 411 2030 499 2084; x_wconf 97' lang='grc'><strong>51.</strong></span> <span class='ocrx_word' id='word_1_234' title='bbox 531 2027 650 2084; x_wconf 84' lang='grc' dir='ltr'>Νοιι</span> <span class='ocrx_word' id='word_1_235' title='bbox 667 2027 852 2083; x_wconf 85' lang='lat' dir='ltr'><strong>dicant</strong></span> <span class='ocrx_word' id='word_1_236' title='bbox 883 2026 938 2080; x_wconf 90' lang='lat' dir='ltr'><strong>in</strong></span> <span class='ocrx_word' id='word_1_237' title='bbox 959 2026 1216 2082; x_wconf 90' lang='lat' dir='ltr'><strong>cordibus</strong></span> <span class='ocrx_word' id='word_1_238' title='bbox 1245 2027 1362 2082; x_wconf 90' lang='lat' dir='ltr'><strong>suis</strong></span> <span class='ocrx_word' id='word_1_239' title='bbox 1388 2045 1400 2080; x_wconf 93' lang='lat'><strong>:</strong></span> <span class='ocrx_word' id='word_1_240' title='bbox 1435 2025 1602 2096; x_wconf 86' lang='lat' dir='ltr'><strong>Euge,</strong></span> <span class='ocrx_word' id='word_1_241' title='bbox 1637 2040 1772 2094; x_wconf 84' lang='lat' dir='ltr'><strong>euge</strong></span> <span class='ocrx_word' id='word_1_242' title='bbox 1794 2024 1902 2078; x_wconf 77' lang='lat' dir='ltr'><strong>ani-</strong></span> 
     </span>
    </p>
   </div>
   <div class='ocr_carea' id='block_1_38' title="bbox 2091 2024 3582 2108">
    <p class='ocr_par' dir='ltr' id='par_1_38' title="bbox 2091 2031 3582 2108">
     <span class='ocr_line' id='line_1_38' title="bbox 2091 2031 3582 2108; baseline 0 -20"><span class='ocrx_word' id='word_1_243' title='bbox 2091 2034 2168 2088; x_wconf 71' lang='grc'><strong>51.</strong></span> <span class='ocrx_word' id='word_1_244' title='bbox 2218 2035 2292 2106; x_wconf 85' lang='lat' dir='ltr'><strong>(a)</strong></span> <span class='ocrx_word' id='word_1_245' title='bbox 2343 2036 2434 2105; x_wconf 82' lang='grc' dir='ltr'><strong>Μὴ</strong></span> <span class='ocrx_word' id='word_1_246' title='bbox 2481 2035 2728 2091; x_wconf 75' lang='grc' dir='ltr'>εἷποισαν</span> <span class='ocrx_word' id='word_1_247' title='bbox 2772 2037 2830 2090; x_wconf 90' lang='grc' dir='ltr'><strong>ἐν</strong></span> <span class='ocrx_word' id='word_1_248' title='bbox 2888 2037 3138 2108; x_wconf 75' lang='grc' dir='ltr'><strong>καρδίαις</strong></span> <span class='ocrx_word' id='word_1_249' title='bbox 3167 2036 3378 2091; x_wconf 74' lang='grc' dir='ltr'>αὐτῶν·</span> <span class='ocrx_word' id='word_1_250' title='bbox 3415 2031 3582 2106; x_wconf 79' lang='grc' dir='ltr'>Εὖγε,</span> 
     </span>
    </p>
   </div>
   <div class='ocr_carea' id='block_1_39' title="bbox 339 2121 1830 2200">
    <p class='ocr_par' dir='ltr' id='par_1_39' title="bbox 339 2131 1253 2177">
     <span class='ocr_line' id='line_1_39' title="bbox 339 2131 1253 2177; baseline -0.002 0"><span class='ocrx_word' id='word_1_251' title='bbox 339 2137 444 2177; x_wconf 61' lang='lat' dir='ltr'><strong>mae</strong></span> <span class='ocrx_word' id='word_1_252' title='bbox 475 2131 678 2176; x_wconf 60' lang='lat' dir='ltr'><strong>IIOSII&#39;GB</strong></span> <span class='ocrx_word' id='word_1_253' title='bbox 711 2140 726 2175; x_wconf 69' lang='grc' dir='ltr'>ζ</span> <span class='ocrx_word' id='word_1_254' title='bbox 1237 2145 1253 2159; x_wconf 89' lang='grc'><strong><em>⁸</em></strong></span> 
     </span>
    </p>
   </div>
   <div class='ocr_carea' id='block_1_40' title="bbox 1175 2121 2666 2200">
    <p class='ocr_par' dir='ltr' id='par_1_40' title="bbox 1237 2121 2666 2200">
     <span class='ocr_line' id='line_1_40' title="bbox 1237 2121 2666 2200; baseline 0.007 -10"><span class='ocrx_word' id='word_1_255' title='bbox 1237 2145 1253 2159; x_wconf 91' lang='grc'><strong>·</strong></span> <span class='ocrx_word' id='word_1_256' title='bbox 2008 2121 2134 2194; x_wconf 73' lang='grc' dir='ltr'>εὖγε</span> <span class='ocrx_word' id='word_1_257' title='bbox 2164 2129 2227 2198; x_wconf 77' lang='grc' dir='ltr'>τῇ</span> <span class='ocrx_word' id='word_1_258' title='bbox 2253 2127 2397 2199; x_wconf 71' lang='grc' dir='ltr'>ψυχῇ</span> <span class='ocrx_word' id='word_1_259' title='bbox 2427 2127 2616 2200; x_wconf 62' lang='grc' dir='ltr'><strong>ἡμῶν</strong></span> <span class='ocrx_word' id='word_1_260' title='bbox 2658 2191 2666 2200; x_wconf 95' lang='grc'><strong>.</strong></span> 
     </span>
    </p>
   </div>
   <div class='ocr_carea' id='block_1_41' title="bbox 407 2210 1898 2292">
    <p class='ocr_par' dir='ltr' id='par_1_41' title="bbox 407 2210 1486 2276">
     <span class='ocr_line' id='line_1_41' title="bbox 407 2210 1486 2276; baseline -0.004 -8"><span class='ocrx_word' id='word_1_261' title='bbox 407 2214 494 2268; x_wconf 89' lang='grc'><strong>52.</strong></span> <span class='ocrx_word' id='word_1_262' title='bbox 528 2213 637 2268; x_wconf 85' lang='lat' dir='ltr'><strong>Nec</strong></span> <span class='ocrx_word' id='word_1_263' title='bbox 670 2212 855 2268; x_wconf 90' lang='lat' dir='ltr'><strong>dicant</strong></span> <span class='ocrx_word' id='word_1_264' title='bbox 885 2229 900 2266; x_wconf 90' lang='lat'><strong>:</strong></span> <span class='ocrx_word' id='word_1_265' title='bbox 934 2210 1317 2266; x_wconf 77' lang='lat' dir='ltr'><strong>devoravimus</strong></span> <span class='ocrx_word' id='word_1_266' title='bbox 1339 2225 1486 2276; x_wconf 89' lang='lat' dir='ltr'><strong>eum,</strong></span> 
     </span>
    </p>
   </div>
   <div class='ocr_carea' id='block_1_42' title="bbox 1708 2210 3199 2292">
    <p class='ocr_par' dir='ltr' id='par_1_42' title="bbox 2079 2217 3199 2292">
     <span class='ocr_line' id='line_1_42' title="bbox 2079 2217 3199 2292; baseline 0.001 -20"><span class='ocrx_word' id='word_1_267' title='bbox 2079 2218 2167 2273; x_wconf 83' lang='grc'><strong>52.</strong></span> <span class='ocrx_word' id='word_1_268' title='bbox 2203 2219 2353 2290; x_wconf 83' lang='grc' dir='ltr'>Μηδὲ</span> <span class='ocrx_word' id='word_1_269' title='bbox 2383 2221 2587 2274; x_wconf 85' lang='grc' dir='ltr'>εῐποιεν</span> <span class='ocrx_word' id='word_1_270' title='bbox 2605 2236 2619 2251; x_wconf 76' lang='grc' dir='ltr'><strong>ο</strong></span> <span class='ocrx_word' id='word_1_271' title='bbox 2645 2219 2989 2292; x_wconf 81' lang='grc' dir='ltr'>Κατεπίομεν</span> <span class='ocrx_word' id='word_1_272' title='bbox 3019 2217 3199 2274; x_wconf 76' lang='grc' dir='ltr'>αὐτόν.</span> 
     </span>
    </p>
   </div>
   <div class='ocr_carea' id='block_1_43' title="bbox 407 2299 1898 2384">
    <p class='ocr_par' dir='ltr' id='par_1_43' title="bbox 407 2299 1898 2370">
     <span class='ocr_line' id='line_1_43' title="bbox 407 2299 1898 2370; baseline -0.005 -10"><span class='ocrx_word' id='word_1_273' title='bbox 407 2306 495 2360; x_wconf 83' lang='grc'><strong>55.</strong></span> <span class='ocrx_word' id='word_1_274' title='bbox 530 2303 870 2359; x_wconf 87' lang='lat' dir='ltr'><strong>Erubescant</strong></span> <span class='ocrx_word' id='word_1_275' title='bbox 900 2311 957 2358; x_wconf 92' lang='lat' dir='ltr'><strong>et</strong></span> <span class='ocrx_word' id='word_1_276' title='bbox 986 2311 1337 2358; x_wconf 81' lang='lat' dir='ltr'><strong>revereantur</strong></span> <span class='ocrx_word' id='word_1_277' title='bbox 1368 2300 1553 2368; x_wconf 88' lang='lat' dir='ltr'><strong>simul,</strong></span> <span class='ocrx_word' id='word_1_278' title='bbox 1602 2299 1694 2369; x_wconf 88' lang='lat' dir='ltr'><strong>qui</strong></span> <span class='ocrx_word' id='word_1_279' title='bbox 1724 2308 1898 2370; x_wconf 74' lang='lat' dir='ltr'><strong>gratu-</strong></span> 
     </span>
    </p>
   </div>
   <div class='ocr_carea' id='block_1_44' title="bbox 2095 2299 3586 2384">
    <p class='ocr_par' dir='ltr' id='par_1_44' title="bbox 2095 2309 3586 2384">
     <span class='ocr_line' id='line_1_44' title="bbox 2095 2309 3586 2384; baseline 0 -20"><span class='ocrx_word' id='word_1_280' title='bbox 2095 2309 2170 2364; x_wconf 80' lang='grc'><strong>55.</strong></span> <span class='ocrx_word' id='word_1_281' title='bbox 2206 2309 2630 2382; x_wconf 76' lang='grc' dir='ltr'>Αίσχυνθείησαν</span> <span class='ocrx_word' id='word_1_282' title='bbox 2657 2311 2752 2365; x_wconf 74' lang='grc' dir='ltr'>καὶ</span> <span class='ocrx_word' id='word_1_283' title='bbox 2794 2310 3198 2384; x_wconf 83' lang='grc' dir='ltr'>ἐκτραπείησαν</span> <span class='ocrx_word' id='word_1_284' title='bbox 3239 2309 3357 2382; x_wconf 73' lang='grc' dir='ltr'>ἅμα</span> <span class='ocrx_word' id='word_1_285' title='bbox 3382 2312 3432 2365; x_wconf 75' lang='grc' dir='ltr'>οἱ</span> <span class='ocrx_word' id='word_1_286' title='bbox 3461 2312 3586 2364; x_wconf 77' lang='grc' dir='ltr'>ἐπι-</span> 
     </span>
    </p>
   </div>
   <div class='ocr_carea' id='block_1_45' title="bbox 339 2395 1830 2471">
    <p class='ocr_par' dir='ltr' id='par_1_45' title="bbox 339 2395 927 2451">
     <span class='ocr_line' id='line_1_45' title="bbox 339 2395 927 2451; baseline -0.007 0"><span class='ocrx_word' id='word_1_287' title='bbox 339 2398 522 2451; x_wconf 89' lang='lat' dir='ltr'><strong>lantur</strong></span> <span class='ocrx_word' id='word_1_288' title='bbox 553 2395 716 2450; x_wconf 89' lang='lat' dir='ltr'><strong>malis</strong></span> <span class='ocrx_word' id='word_1_289' title='bbox 743 2395 880 2450; x_wconf 89' lang='lat' dir='ltr'><strong>meis</strong></span> <span class='ocrx_word' id='word_1_290' title='bbox 914 2412 927 2447; x_wconf 93' lang='lat'><strong>:</strong></span> 
     </span>
    </p>
   </div>
   <div class='ocr_carea' id='block_1_46' title="bbox 1322 2395 2813 2471">
    <p class='ocr_par' dir='ltr' id='par_1_46' title="bbox 2015 2399 2813 2471">
     <span class='ocr_line' id='line_1_46' title="bbox 2015 2399 2813 2471; baseline 0.001 -19"><span class='ocrx_word' id='word_1_291' title='bbox 2015 2399 2294 2470; x_wconf 75' lang='grc' dir='ltr'>χαίροντες</span> <span class='ocrx_word' id='word_1_292' title='bbox 2321 2402 2434 2465; x_wconf 84' lang='grc' dir='ltr'>τοῖς</span> <span class='ocrx_word' id='word_1_293' title='bbox 2460 2403 2650 2464; x_wconf 81' lang='grc' dir='ltr'>κακοῖς</span> <span class='ocrx_word' id='word_1_294' title='bbox 2680 2417 2781 2471; x_wconf 85' lang='grc' dir='ltr'><strong>μου</strong></span> <span class='ocrx_word' id='word_1_295' title='bbox 2800 2416 2813 2431; x_wconf 87' lang='grc'><strong>·</strong></span> 
     </span>
    </p>
   </div>
   <div class='ocr_carea' id='block_1_47' title="bbox 408 2483 1899 2566">
    <p class='ocr_par' dir='ltr' id='par_1_47' title="bbox 408 2483 1899 2554">
     <span class='ocr_line' id='line_1_47' title="bbox 408 2483 1899 2554; baseline -0.005 -10"><span class='ocrx_word' id='word_1_296' title='bbox 408 2489 497 2544; x_wconf 85' lang='grc'><strong>54.</strong></span> <span class='ocrx_word' id='word_1_297' title='bbox 525 2487 822 2544; x_wconf 85' lang='lat' dir='ltr'><strong>lnduantur</strong></span> <span class='ocrx_word' id='word_1_298' title='bbox 864 2486 1186 2544; x_wconf 64' lang='lat' dir='ltr'><strong>confusione</strong></span> <span class='ocrx_word' id='word_1_299' title='bbox 1217 2493 1270 2542; x_wconf 89' lang='lat' dir='ltr'><strong>et</strong></span> <span class='ocrx_word' id='word_1_300' title='bbox 1303 2484 1626 2550; x_wconf 81' lang='lat' dir='ltr'><strong>reverentia,</strong></span> <span class='ocrx_word' id='word_1_301' title='bbox 1669 2483 1763 2554; x_wconf 88' lang='lat' dir='ltr'><strong>qui</strong></span> <span class='ocrx_word' id='word_1_302' title='bbox 1795 2499 1899 2537; x_wconf 68' lang='lat' dir='ltr'><strong>ma«</strong></span> 
     </span>
    </p>
   </div>
   <div class='ocr_carea' id='block_1_48' title="bbox 2098 2483 3589 2566">
    <p class='ocr_par' dir='ltr' id='par_1_48' title="bbox 2098 2491 3589 2566">
     <span class='ocr_line' id='line_1_48' title="bbox 2098 2491 3589 2566; baseline -0.001 -19"><span class='ocrx_word' id='word_1_303' title='bbox 2098 2492 2172 2547; x_wconf 59' lang='grc' dir='ltr'><strong>Ἄ.</strong></span> <span class='ocrx_word' id='word_1_304' title='bbox 2205 2492 2640 2548; x_wconf 85' lang='grc' dir='ltr'>Ἑνδυσάσθωσαν</span> <span class='ocrx_word' id='word_1_305' title='bbox 2662 2493 2921 2566; x_wconf 70' lang='grc' dir='ltr'>αἰσχύνην</span> <span class='ocrx_word' id='word_1_306' title='bbox 2949 2492 3045 2547; x_wconf 79' lang='grc' dir='ltr'>καὶ</span> <span class='ocrx_word' id='word_1_307' title='bbox 3073 2491 3338 2566; x_wconf 76' lang='grc' dir='ltr'>ἐντροπὴν</span> <span class='ocrx_word' id='word_1_308' title='bbox 3385 2493 3432 2546; x_wconf 86' lang='grc' dir='ltr'>οἱ</span> <span class='ocrx_word' id='word_1_309' title='bbox 3485 2508 3589 2563; x_wconf 75' lang='grc' dir='ltr'>μσ-</span> 
     </span>
    </p>
   </div>
   <div class='ocr_carea' id='block_1_49' title="bbox 339 2579 1830 2654">
    <p class='ocr_par' dir='ltr' id='par_1_49' title="bbox 339 2582 1110 2654">
     <span class='ocr_line' id='line_1_49' title="bbox 339 2582 1110 2654; baseline -0.006 -17"><span class='ocrx_word' id='word_1_310' title='bbox 339 2598 442 2654; x_wconf 89' lang='lat' dir='ltr'><strong>gna</strong></span> <span class='ocrx_word' id='word_1_311' title='bbox 472 2582 767 2652; x_wconf 87' lang='lat' dir='ltr'><strong>loquuntur</strong></span> <span class='ocrx_word' id='word_1_312' title='bbox 793 2595 956 2651; x_wconf 86' lang='lat' dir='ltr'><strong>super</strong></span> <span class='ocrx_word' id='word_1_313' title='bbox 986 2593 1072 2633; x_wconf 91' lang='lat' dir='ltr'><strong>me</strong></span> <span class='ocrx_word' id='word_1_314' title='bbox 1099 2598 1110 2632; x_wconf 92' lang='lat'>:</span> 
     </span>
    </p>
   </div>
   <div class='ocr_carea' id='block_1_50' title="bbox 1314 2579 2805 2654">
    <p class='ocr_par' dir='ltr' id='par_1_50' title="bbox 2013 2579 2805 2654">
     <span class='ocr_line' id='line_1_50' title="bbox 2013 2579 2805 2654; baseline 0.006 -22"><span class='ocrx_word' id='word_1_315' title='bbox 2013 2579 2543 2653; x_wconf 79' lang='grc' dir='ltr'>γαλορρημονοῦντες</span> <span class='ocrx_word' id='word_1_316' title='bbox 2577 2585 2662 2638; x_wconf 77' lang='grc' dir='ltr'>ἐπ’</span> <span class='ocrx_word' id='word_1_317' title='bbox 2690 2583 2805 2654; x_wconf 83' lang='grc' dir='ltr'>ἐμέ.</span> 
     </span>
    </p>
   </div>
   <div class='ocr_carea' id='block_1_51' title="bbox 409 2661 1900 2748">
    <p class='ocr_par' dir='ltr' id='par_1_51' title="bbox 409 2661 1900 2738">
     <span class='ocr_line' id='line_1_51' title="bbox 409 2661 1900 2738; baseline -0.005 -11"><span class='ocrx_word' id='word_1_318' title='bbox 409 2672 499 2728; x_wconf 87' lang='grc'><strong>55.</strong></span> <span class='ocrx_word' id='word_1_319' title='bbox 533 2661 815 2728; x_wconf 66' lang='grc' dir='ltr'>Εκειιιιεηῑ</span> <span class='ocrx_word' id='word_1_320' title='bbox 863 2681 918 2725; x_wconf 90' lang='lat' dir='ltr'><strong>et</strong></span> <span class='ocrx_word' id='word_1_321' title='bbox 964 2670 1234 2734; x_wconf 77' lang='lat' dir='ltr'><strong>lzetentur,</strong></span> <span class='ocrx_word' id='word_1_322' title='bbox 1270 2666 1366 2738; x_wconf 91' lang='lat' dir='ltr'><strong>qui</strong></span> <span class='ocrx_word' id='word_1_323' title='bbox 1413 2666 1602 2722; x_wconf 67' lang='lat' dir='ltr'><strong>volunt</strong></span> <span class='ocrx_word' id='word_1_324' title='bbox 1629 2666 1900 2737; x_wconf 82' lang='lat' dir='ltr'><strong>justitiam</strong></span> 
     </span>
    </p>
   </div>
   <div class='ocr_carea' id='block_1_52' title="bbox 2097 2661 3588 2748">
    <p class='ocr_par' dir='ltr' id='par_1_52' title="bbox 2097 2671 3588 2748">
     <span class='ocr_line' id='line_1_52' title="bbox 2097 2671 3588 2748; baseline 0 -22"><span class='ocrx_word' id='word_1_325' title='bbox 2097 2671 2171 2726; x_wconf 65' lang='grc'><strong>35.</strong></span> <span class='ocrx_word' id='word_1_326' title='bbox 2202 2673 2675 2742; x_wconf 83' lang='grc' dir='ltr'>Ἀγαλλιάσθωσαν</span> <span class='ocrx_word' id='word_1_327' title='bbox 2705 2673 2803 2729; x_wconf 80' lang='grc' dir='ltr'>καὶ</span> <span class='ocrx_word' id='word_1_328' title='bbox 2843 2674 3298 2748; x_wconf 72' lang='grc' dir='ltr'>εὐφρανθήτωσαν</span> <span class='ocrx_word' id='word_1_329' title='bbox 3327 2675 3375 2727; x_wconf 79' lang='grc' dir='ltr'>οι</span> <span class='ocrx_word' id='word_1_330' title='bbox 3403 2672 3588 2726; x_wconf 76' lang='grc' dir='ltr'>θέλον-</span> 
     </span>
    </p>
   </div>
   <div class='ocr_carea' id='block_1_53' title="bbox 338 2764 2756 2840">
    <p class='ocr_par' dir='ltr' id='par_1_53' title="bbox 338 2764 2756 2840">
     <span class='ocr_line' id='line_1_53' title="bbox 338 2764 2756 2840; baseline 0.001 -21"><span class='ocrx_word' id='word_1_331' title='bbox 338 2780 516 2819; x_wconf 91' lang='lat' dir='ltr'><strong>meam</strong></span> <span class='ocrx_word' id='word_1_332' title='bbox 547 2782 562 2818; x_wconf 90' lang='lat'><strong>:</strong></span> <span class='ocrx_word' id='word_1_333' title='bbox 2012 2780 2104 2828; x_wconf 86' lang='grc' dir='ltr'><strong>τες</strong></span> <span class='ocrx_word' id='word_1_334' title='bbox 2131 2764 2228 2836; x_wconf 77' lang='grc' dir='ltr'>τὴν</span> <span class='ocrx_word' id='word_1_335' title='bbox 2253 2765 2598 2839; x_wconf 78' lang='grc' dir='ltr'>δικαιοσύνην</span> <span class='ocrx_word' id='word_1_336' title='bbox 2625 2785 2756 2840; x_wconf 75' lang='grc' dir='ltr'>μουο</span> 
     </span>
    </p>
   </div>
   <div class='ocr_carea' id='block_1_54' title="bbox 411 2849 1902 2930">
    <p class='ocr_par' dir='ltr' id='par_1_54' title="bbox 411 2849 1902 2930">
     <span class='ocr_line' id='line_1_54' title="bbox 411 2849 1902 2930; baseline -0.004 -21"><span class='ocrx_word' id='word_1_337' title='bbox 411 2855 485 2925; x_wconf 81' lang='grc' dir='ltr'><strong>(η)</strong></span> <span class='ocrx_word' id='word_1_338' title='bbox 521 2853 583 2908; x_wconf 75' lang='grc' dir='ltr'><strong>ν.</strong></span> <span class='ocrx_word' id='word_1_339' title='bbox 620 2853 1214 2930; x_wconf 39' lang='grc' dir='ltr'>51,-Κρριε,βιο.,μοι</span> <span class='ocrx_word' id='word_1_340' title='bbox 1237 2855 1287 2906; x_wconf 82' lang='grc' dir='ltr'>οἱ</span> <span class='ocrx_word' id='word_1_341' title='bbox 1312 2852 1493 2925; x_wconf 81' lang='grc' dir='ltr'>ἐχθροί</span> <span class='ocrx_word' id='word_1_342' title='bbox 1531 2870 1652 2923; x_wconf 87' lang='grc' dir='ltr'>μου.</span> <span class='ocrx_word' id='word_1_343' title='bbox 1683 2849 1765 2918; x_wconf 54' lang='grc' dir='ltr'><strong>Ν.</strong></span> <span class='ocrx_word' id='word_1_344' title='bbox 1815 2850 1902 2914; x_wconf 81' lang='grc'><strong>52,</strong></span> 
     </span>
    </p>
   </div>
   <div class='ocr_carea' id='block_1_55' title="bbox 2096 2849 3587 2930">
    <p class='ocr_par' dir='ltr' id='par_1_55' title="bbox 2115 2855 3587 2930">
     <span class='ocr_line' id='line_1_55' title="bbox 2115 2855 3587 2930; baseline 0 -22"><span class='ocrx_word' id='word_1_345' title='bbox 2115 2855 2320 2912; x_wconf 77' lang='grc' dir='ltr'>εἴποιεν</span> <span class='ocrx_word' id='word_1_346' title='bbox 2345 2859 2402 2910; x_wconf 90' lang='grc' dir='ltr'><strong>ἐν</strong></span> <span class='ocrx_word' id='word_1_347' title='bbox 2430 2856 2628 2930; x_wconf 75' lang='grc' dir='ltr'>καρδίᾳ</span> <span class='ocrx_word' id='word_1_348' title='bbox 2661 2855 2864 2922; x_wconf 81' lang='grc' dir='ltr'>αὐτῶν,</span> <span class='ocrx_word' id='word_1_349' title='bbox 2903 2866 3007 2913; x_wconf 85' lang='lat' dir='ltr'><strong>etc.</strong></span> <span class='ocrx_word' id='word_1_350' title='bbox 3057 2855 3124 2915; x_wconf 69' lang='grc' dir='ltr'><strong>Ἴ.</strong></span> <span class='ocrx_word' id='word_1_351' title='bbox 3181 2856 3272 2921; x_wconf 76' lang='grc'><strong>55,</strong></span> <span class='ocrx_word' id='word_1_352' title='bbox 3305 2855 3456 2927; x_wconf 79' lang='grc' dir='ltr'>Μηδὲ</span> <span class='ocrx_word' id='word_1_353' title='bbox 3503 2856 3587 2908; x_wconf 83' lang='grc' dir='ltr'><strong>εῐ-</strong></span> 
     </span>
    </p>
   </div>
   <div class='ocr_carea' id='block_1_56' title="bbox 340 2923 1496 2996">
    <p class='ocr_par' dir='ltr' id='par_1_56' title="bbox 340 2923 1496 2996">
     <span class='ocr_line' id='line_1_56' title="bbox 340 2923 1496 2996; baseline -0.002 -19"><span class='ocrx_word' id='word_1_354' title='bbox 340 2923 513 2989; x_wconf 79' lang='grc' dir='ltr'>ποιεν,</span> <span class='ocrx_word' id='word_1_355' title='bbox 547 2936 652 2981; x_wconf 92' lang='lat' dir='ltr'><strong>etc.</strong></span> <span class='ocrx_word' id='word_1_356' title='bbox 690 2923 754 2985; x_wconf 63' lang='grc' dir='ltr'><strong>Υ.</strong></span> <span class='ocrx_word' id='word_1_357' title='bbox 789 2923 878 2992; x_wconf 78' lang='grc'><strong>54,</strong></span> <span class='ocrx_word' id='word_1_358' title='bbox 909 2923 1370 2996; x_wconf 74' lang='grc' dir='ltr'>Αίσχυνθείησαν,</span> <span class='ocrx_word' id='word_1_359' title='bbox 1394 2923 1496 2979; x_wconf 83' lang='lat' dir='ltr'><strong>etc.</strong></span> 
     </span>
    </p>
   </div>
   <div class='ocr_carea' id='block_1_57' title="bbox 1468 3074 2456 3134">
    <p class='ocr_par' dir='ltr' id='par_1_57' title="bbox 1468 3074 2456 3134">
     <span class='ocr_line' id='line_1_57' title="bbox 1468 3074 2456 3134; baseline -0.001 -1"><span class='ocrx_word' id='word_1_360' title='bbox 1468 3075 1836 3134; x_wconf 78' lang='lat' dir='ltr'><strong>ATHANASII</strong></span> <span class='ocrx_word' id='word_1_361' title='bbox 1871 3074 2456 3134; x_wconf 73' lang='lat' dir='ltr'><strong>INTERPRETATIO.</strong></span> 
     </span>
    </p>
   </div>
   <div class='ocr_carea' id='block_1_58' title="bbox 408 3230 1899 3314">
    <p class='ocr_par' dir='ltr' id='par_1_58' title="bbox 408 3234 1899 3306">
     <span class='ocr_line' id='line_1_58' title="bbox 408 3234 1899 3306; baseline -0.002 -15"><span class='ocrx_word' id='word_1_362' title='bbox 408 3238 495 3292; x_wconf 90' lang='grc'><strong>57.</strong></span> <span class='ocrx_word' id='word_1_363' title='bbox 530 3237 612 3292; x_wconf 82' lang='lat' dir='ltr'><strong>Ab</strong></span> <span class='ocrx_word' id='word_1_364' title='bbox 654 3236 982 3292; x_wconf 82' lang='lat' dir='ltr'><strong>adversariis</strong></span> <span class='ocrx_word' id='word_1_365' title='bbox 1026 3236 1386 3306; x_wconf 85' lang='lat' dir='ltr'><strong>potestatibus</strong></span> <span class='ocrx_word' id='word_1_366' title='bbox 1425 3235 1763 3306; x_wconf 86' lang='lat' dir='ltr'><strong>rapientibus</strong></span> <span class='ocrx_word' id='word_1_367' title='bbox 1788 3234 1899 3288; x_wconf 91' lang='lat' dir='ltr'><strong>ani-</strong></span> 
     </span>
    </p>
   </div>
   <div class='ocr_carea' id='block_1_59' title="bbox 2099 3230 3590 3314">
    <p class='ocr_par' dir='ltr' id='par_1_59' title="bbox 2099 3230 3590 3304">
     <span class='ocr_line' id='line_1_59' title="bbox 2099 3230 3590 3304; baseline 0.001 -16"><span class='ocrx_word' id='word_1_368' title='bbox 2099 3235 2171 3288; x_wconf 77' lang='lat'><strong>57.</strong></span> <span class='ocrx_word' id='word_1_369' title='bbox 2191 3234 2322 3288; x_wconf 79' lang='grc' dir='ltr'><strong>Ἀπὸ</strong></span> <span class='ocrx_word' id='word_1_370' title='bbox 2355 3231 2462 3286; x_wconf 85' lang='grc' dir='ltr'><strong>τῶν</strong></span> <span class='ocrx_word' id='word_1_371' title='bbox 2487 3231 2745 3287; x_wconf 81' lang='grc' dir='ltr'>ἐναντίων</span> <span class='ocrx_word' id='word_1_372' title='bbox 2779 3231 3060 3303; x_wconf 79' lang='grc' dir='ltr'>δυνάμεων</span> <span class='ocrx_word' id='word_1_373' title='bbox 3087 3230 3198 3286; x_wconf 87' lang='grc' dir='ltr'><strong>τῶν</strong></span> <span class='ocrx_word' id='word_1_374' title='bbox 3228 3232 3590 3304; x_wconf 79' lang='grc' dir='ltr'>ἁρπαζόντων</span> 
     </span>
    </p>
   </div>
   <div class='ocr_carea' id='block_1_60' title="bbox 337 3324 1828 3399">
    <p class='ocr_par' dir='ltr' id='par_1_60' title="bbox 337 3327 1035 3384">
     <span class='ocr_line' id='line_1_60' title="bbox 337 3327 1035 3384; baseline -0.003 0"><span class='ocrx_word' id='word_1_375' title='bbox 337 3346 482 3384; x_wconf 90' lang='lat' dir='ltr'><strong>mam</strong></span> <span class='ocrx_word' id='word_1_376' title='bbox 509 3344 681 3383; x_wconf 90' lang='lat' dir='ltr'><strong>meam</strong></span> <span class='ocrx_word' id='word_1_377' title='bbox 714 3327 1035 3383; x_wconf 89' lang='lat' dir='ltr'><strong>desolatam.</strong></span> 
     </span>
    </p>
   </div>
   <div class='ocr_carea' id='block_1_61' title="bbox 1633 3324 3124 3399">
    <p class='ocr_par' dir='ltr' id='par_1_61' title="bbox 2009 3324 3124 3399">
     <span class='ocr_line' id='line_1_61' title="bbox 2009 3324 3124 3399; baseline -0.003 0"><span class='ocrx_word' id='word_1_378' title='bbox 2009 3328 2106 3399; x_wconf 78' lang='grc' dir='ltr'><strong>τὴν</strong></span> <span class='ocrx_word' id='word_1_379' title='bbox 2137 3326 2314 3398; x_wconf 76' lang='grc' dir='ltr'>ψυχήν</span> <span class='ocrx_word' id='word_1_380' title='bbox 2342 3342 2442 3397; x_wconf 83' lang='grc' dir='ltr'><strong>μου</strong></span> <span class='ocrx_word' id='word_1_381' title='bbox 2473 3325 2572 3395; x_wconf 80' lang='grc' dir='ltr'><strong>τὴν</strong></span> <span class='ocrx_word' id='word_1_382' title='bbox 2613 3324 3006 3397; x_wconf 76' lang='grc' dir='ltr'>μεμονωμένην</span> <span class='ocrx_word' id='word_1_383' title='bbox 3027 3325 3124 3396; x_wconf 76' lang='grc' dir='ltr'><strong>(ί)-</strong></span> 
     </span>
    </p>
   </div>
   <div class='ocr_carea' id='block_1_62' title="bbox 407 3416 1898 3490">
    <p class='ocr_par' dir='ltr' id='par_1_62' title="bbox 407 3416 1898 3488">
     <span class='ocr_line' id='line_1_62' title="bbox 407 3416 1898 3488; baseline -0.002 -13"><span class='ocrx_word' id='word_1_384' title='bbox 407 3422 493 3476; x_wconf 83' lang='grc'><strong>58.</strong></span> <span class='ocrx_word' id='word_1_385' title='bbox 528 3423 670 3475; x_wconf 91' lang='lat' dir='ltr'><strong>Inter</strong></span> <span class='ocrx_word' id='word_1_386' title='bbox 712 3426 933 3475; x_wconf 88' lang='lat' dir='ltr'><strong>sanctos</strong></span> <span class='ocrx_word' id='word_1_387' title='bbox 984 3428 1108 3474; x_wconf 89' lang='lat' dir='ltr'><strong>tuos</strong></span> <span class='ocrx_word' id='word_1_388' title='bbox 1147 3417 1384 3473; x_wconf 87' lang='lat' dir='ltr'><strong>narrabo</strong></span> <span class='ocrx_word' id='word_1_389' title='bbox 1433 3416 1717 3484; x_wconf 78' lang='lat' dir='ltr'><strong>auxilium,</strong></span> <span class='ocrx_word' id='word_1_390' title='bbox 1760 3416 1898 3488; x_wconf 90' lang='lat' dir='ltr'><strong>quod</strong></span> 
     </span>
    </p>
   </div>
   <div class='ocr_carea' id='block_1_63' title="bbox 2098 3416 3589 3490">
    <p class='ocr_par' dir='ltr' id='par_1_63' title="bbox 2098 3416 3589 3490">
     <span class='ocr_line' id='line_1_63' title="bbox 2098 3416 3589 3490; baseline 0.001 -17"><span class='ocrx_word' id='word_1_391' title='bbox 2098 3420 2166 3473; x_wconf 71' lang='lat'><strong>58.</strong></span> <span class='ocrx_word' id='word_1_392' title='bbox 2197 3419 2319 3472; x_wconf 77' lang='grc' dir='ltr'><strong>Ἐπὶ</strong></span> <span class='ocrx_word' id='word_1_393' title='bbox 2349 3417 2457 3470; x_wconf 87' lang='grc' dir='ltr'><strong>τῶν</strong></span> <span class='ocrx_word' id='word_1_394' title='bbox 2483 3417 2652 3485; x_wconf 83' lang='grc' dir='ltr'>ἁγίων</span> <span class='ocrx_word' id='word_1_395' title='bbox 2679 3432 2775 3470; x_wconf 81' lang='grc' dir='ltr'><strong>σου</strong></span> <span class='ocrx_word' id='word_1_396' title='bbox 2801 3417 3130 3488; x_wconf 83' lang='grc' dir='ltr'>διηγήσομαι</span> <span class='ocrx_word' id='word_1_397' title='bbox 3162 3416 3260 3488; x_wconf 78' lang='grc' dir='ltr'>τὴν</span> <span class='ocrx_word' id='word_1_398' title='bbox 3298 3417 3448 3490; x_wconf 82' lang='grc' dir='ltr'>παρὰ</span> <span class='ocrx_word' id='word_1_399' title='bbox 3483 3419 3589 3474; x_wconf 66' lang='lat' dir='ltr'><strong>eoi</strong></span> 
     </span>
    </p>
   </div>
   <div class='ocr_carea' id='block_1_64' title="bbox 337 3505 1828 3580">
    <p class='ocr_par' dir='ltr' id='par_1_64' title="bbox 337 3510 996 3568">
     <span class='ocr_line' id='line_1_64' title="bbox 337 3510 996 3568; baseline -0.006 -1"><span class='ocrx_word' id='word_1_400' title='bbox 337 3513 472 3568; x_wconf 88' lang='lat' dir='ltr'><strong>mihi</strong></span> <span class='ocrx_word' id='word_1_401' title='bbox 501 3528 531 3566; x_wconf 91' lang='lat' dir='ltr'><strong>a</strong></span> <span class='ocrx_word' id='word_1_402' title='bbox 560 3521 610 3567; x_wconf 89' lang='lat' dir='ltr'><strong>te</strong></span> <span class='ocrx_word' id='word_1_403' title='bbox 640 3510 863 3566; x_wconf 91' lang='lat' dir='ltr'><strong>allatum</strong></span> <span class='ocrx_word' id='word_1_404' title='bbox 893 3517 996 3564; x_wconf 90' lang='lat' dir='ltr'><strong>cst.</strong></span> 
     </span>
    </p>
   </div>
   <div class='ocr_carea' id='block_1_65' title="bbox 1406 3505 2897 3580">
    <p class='ocr_par' dir='ltr' id='par_1_65' title="bbox 2011 3505 2897 3580">
     <span class='ocr_line' id='line_1_65' title="bbox 2011 3505 2897 3580; baseline -0.001 -18"><span class='ocrx_word' id='word_1_405' title='bbox 2011 3526 2102 3580; x_wconf 87' lang='grc' dir='ltr'><strong>μοι</strong></span> <span class='ocrx_word' id='word_1_406' title='bbox 2126 3508 2495 3579; x_wconf 75' lang='grc' dir='ltr'>γεγενημένην</span> <span class='ocrx_word' id='word_1_407' title='bbox 2518 3506 2593 3578; x_wconf 91' lang='grc'><strong>(2)</strong></span> <span class='ocrx_word' id='word_1_408' title='bbox 2625 3505 2897 3578; x_wconf 77' lang='grc' dir='ltr'>βοήθειαν.</span> 
     </span>
    </p>
   </div>
   <div class='ocr_carea' id='block_1_66' title="bbox 404 3597 1895 3674">
    <p class='ocr_par' dir='ltr' id='par_1_66' title="bbox 404 3599 1447 3674">
     <span class='ocr_line' id='line_1_66' title="bbox 404 3599 1447 3674; baseline -0.002 -16"><span class='ocrx_word' id='word_1_409' title='bbox 404 3604 492 3658; x_wconf 87' lang='grc'><strong>59.</strong></span> <span class='ocrx_word' id='word_1_410' title='bbox 522 3603 587 3657; x_wconf 87' lang='grc' dir='ltr'><strong>Ει</strong></span> <span class='ocrx_word' id='word_1_411' title='bbox 619 3605 674 3657; x_wconf 94' lang='lat' dir='ltr'><strong>in</strong></span> <span class='ocrx_word' id='word_1_412' title='bbox 698 3601 898 3674; x_wconf 88' lang='lat' dir='ltr'><strong>populo</strong></span> <span class='ocrx_word' id='word_1_413' title='bbox 919 3600 1094 3656; x_wconf 91' lang='lat' dir='ltr'><strong>multo</strong></span> <span class='ocrx_word' id='word_1_414' title='bbox 1116 3599 1350 3656; x_wconf 87' lang='lat' dir='ltr'><strong>laudabo</strong></span> <span class='ocrx_word' id='word_1_415' title='bbox 1374 3610 1447 3656; x_wconf 91' lang='lat' dir='ltr'><strong>te.</strong></span> 
     </span>
    </p>
   </div>
   <div class='ocr_carea' id='block_1_67' title="bbox 1680 3597 3171 3674">
    <p class='ocr_par' dir='ltr' id='par_1_67' title="bbox 2079 3597 3171 3657">
     <span class='ocr_line' id='line_1_67' title="bbox 2079 3597 3171 3657; baseline -0.001 -3"><span class='ocrx_word' id='word_1_416' title='bbox 2079 3602 2167 3657; x_wconf 82' lang='grc'><strong>59.</strong></span> <span class='ocrx_word' id='word_1_417' title='bbox 2204 3601 2315 3655; x_wconf 75' lang='grc' dir='ltr'><strong>Καὶ</strong></span> <span class='ocrx_word' id='word_1_418' title='bbox 2342 3599 2434 3654; x_wconf 84' lang='grc' dir='ltr'>ἐπὶ</span> <span class='ocrx_word' id='word_1_419' title='bbox 2463 3598 2593 3654; x_wconf 81' lang='grc' dir='ltr'>λαοῦ</span> <span class='ocrx_word' id='word_1_420' title='bbox 2625 3597 2822 3653; x_wconf 89' lang='grc' dir='ltr'>πολλοῦ</span> <span class='ocrx_word' id='word_1_421' title='bbox 2855 3598 3054 3654; x_wconf 71' lang='grc' dir='ltr'>αἰνέσω</span> <span class='ocrx_word' id='word_1_422' title='bbox 3092 3616 3171 3653; x_wconf 90' lang='grc' dir='ltr'><strong>σε.</strong></span> 
     </span>
    </p>
   </div>
   <div class='ocr_carea' id='block_1_68' title="bbox 396 3686 1887 3765">
    <p class='ocr_par' dir='ltr' id='par_1_68' title="bbox 396 3691 1887 3765">
     <span class='ocr_line' id='line_1_68' title="bbox 396 3691 1887 3765; baseline -0.001 -16"><span class='ocrx_word' id='word_1_423' title='bbox 396 3695 487 3759; x_wconf 84' lang='grc'><strong>40,</strong></span> <span class='ocrx_word' id='word_1_424' title='bbox 514 3693 604 3748; x_wconf 89' lang='grc'><strong>41.</strong></span> <span class='ocrx_word' id='word_1_425' title='bbox 638 3693 948 3765; x_wconf 84' lang='lat' dir='ltr'><strong>lmportune</strong></span> <span class='ocrx_word' id='word_1_426' title='bbox 972 3707 1062 3748; x_wconf 89' lang='lat' dir='ltr'><strong>me</strong></span> <span class='ocrx_word' id='word_1_427' title='bbox 1093 3692 1222 3747; x_wconf 90' lang='lat' dir='ltr'><strong>odio</strong></span> <span class='ocrx_word' id='word_1_428' title='bbox 1245 3691 1527 3758; x_wconf 86' lang='lat' dir='ltr'><strong>habentes,</strong></span> <span class='ocrx_word' id='word_1_429' title='bbox 1562 3704 1616 3747; x_wconf 89' lang='lat' dir='ltr'><strong>et</strong></span> <span class='ocrx_word' id='word_1_430' title='bbox 1640 3693 1887 3748; x_wconf 15' lang='lat' dir='ltr'><strong>meditari.</strong></span> 
     </span>
    </p>
   </div>
   <div class='ocr_carea' id='block_1_69' title="bbox 2094 3686 3585 3765">
    <p class='ocr_par' dir='ltr' id='par_1_69' title="bbox 2094 3686 3585 3762">
     <span class='ocr_line' id='line_1_69' title="bbox 2094 3686 3585 3762; baseline -0.001 -16"><span class='ocrx_word' id='word_1_431' title='bbox 2094 3691 2168 3757; x_wconf 84' lang='lat' dir='ltr'><strong>l0,</strong></span> <span class='ocrx_word' id='word_1_432' title='bbox 2197 3691 2287 3746; x_wconf 83' lang='grc'><strong>41.</strong></span> <span class='ocrx_word' id='word_1_433' title='bbox 2319 3691 2384 3746; x_wconf 77' lang='grc' dir='ltr'><strong>Οἱ</strong></span> <span class='ocrx_word' id='word_1_434' title='bbox 2407 3688 2689 3762; x_wconf 77' lang='grc' dir='ltr'>μισοῦντές</span> <span class='ocrx_word' id='word_1_435' title='bbox 2713 3705 2781 3760; x_wconf 88' lang='grc' dir='ltr'><strong>με</strong></span> <span class='ocrx_word' id='word_1_436' title='bbox 2809 3689 3054 3760; x_wconf 79' lang='grc' dir='ltr'>ἀκαίρως</span> <span class='ocrx_word' id='word_1_437' title='bbox 3079 3687 3173 3742; x_wconf 76' lang='grc' dir='ltr'>καὶ</span> <span class='ocrx_word' id='word_1_438' title='bbox 3204 3686 3585 3759; x_wconf 77' lang='grc' dir='ltr'>βουλευόμενοι</span> 
     </span>
    </p>
   </div>
   <div class='ocr_carea' id='block_1_70' title="bbox 339 3784 1830 3855">
    <p class='ocr_par' dir='ltr' id='par_1_70' title="bbox 339 3785 882 3842">
     <span class='ocr_line' id='line_1_70' title="bbox 339 3785 882 3842; baseline -0.002 -2"><span class='ocrx_word' id='word_1_439' title='bbox 339 3797 418 3842; x_wconf 87' lang='lat' dir='ltr'><strong>tes</strong></span> <span class='ocrx_word' id='word_1_440' title='bbox 446 3803 531 3842; x_wconf 88' lang='lat' dir='ltr'><strong>me</strong></span> <span class='ocrx_word' id='word_1_441' title='bbox 555 3785 882 3841; x_wconf 82' lang='lat' dir='ltr'><strong>interﬁcere.</strong></span> 
     </span>
    </p>
   </div>
   <div class='ocr_carea' id='block_1_71' title="bbox 844 3784 2335 3855">
    <p class='ocr_par' dir='ltr' id='par_1_71' title="bbox 844 3784 2335 3855">
     <span class='ocr_line' id='line_1_71' title="bbox 844 3784 2335 3855; baseline -0.001 -15"><span class='ocrx_word' id='word_1_442' title='bbox 844 3801 882 3841; x_wconf 67' lang='grc' dir='ltr'><strong>Ξ.</strong></span> <span class='ocrx_word' id='word_1_443' title='bbox 2007 3784 2212 3838; x_wconf 77' lang='grc' dir='ltr'>ἀνελεῖν</span> <span class='ocrx_word' id='word_1_444' title='bbox 2247 3799 2335 3855; x_wconf 87' lang='grc' dir='ltr'><strong>με.</strong></span> 
     </span>
    </p>
   </div>
   <div class='ocr_carea' id='block_1_72' title="bbox 404 3873 1895 3947">
    <p class='ocr_par' dir='ltr' id='par_1_72' title="bbox 404 3873 1895 3943">
     <span class='ocr_line' id='line_1_72' title="bbox 404 3873 1895 3943; baseline 0.003 -15"><span class='ocrx_word' id='word_1_445' title='bbox 404 3875 494 3941; x_wconf 83' lang='grc'><strong>42,</strong></span> <span class='ocrx_word' id='word_1_446' title='bbox 531 3875 619 3930; x_wconf 80' lang='grc'><strong>45.</strong></span> <span class='ocrx_word' id='word_1_447' title='bbox 649 3873 830 3929; x_wconf 75' lang='lat' dir='ltr'><strong>Veluti</strong></span> <span class='ocrx_word' id='word_1_448' title='bbox 880 3874 1292 3930; x_wconf 81' lang='lat' dir='ltr'><strong>mussitationes</strong></span> <span class='ocrx_word' id='word_1_449' title='bbox 1338 3874 1557 3943; x_wconf 86' lang='lat' dir='ltr'><strong>pietatis</strong></span> <span class='ocrx_word' id='word_1_450' title='bbox 1608 3876 1895 3932; x_wconf 70' lang='lat' dir='ltr'><strong>subeunte:</strong></span> 
     </span>
    </p>
   </div>
   <div class='ocr_carea' id='block_1_73' title="bbox 2096 3873 3587 3947">
    <p class='ocr_par' dir='ltr' id='par_1_73' title="bbox 2096 3873 3587 3947">
     <span class='ocr_line' id='line_1_73' title="bbox 2096 3873 3587 3947; baseline 0 -17"><span class='ocrx_word' id='word_1_451' title='bbox 2096 3876 2168 3941; x_wconf 72' lang='lat' dir='ltr'><strong>l2,</strong></span> <span class='ocrx_word' id='word_1_452' title='bbox 2199 3875 2393 3939; x_wconf 83' lang='grc' dir='ltr'><strong>45.Ὠς</strong></span> <span class='ocrx_word' id='word_1_453' title='bbox 2448 3874 2752 3946; x_wconf 71' lang='grc' dir='ltr'>γογγυσμοὶ</span> <span class='ocrx_word' id='word_1_454' title='bbox 2776 3874 2853 3946; x_wconf 87' lang='grc'><strong>(5)</strong></span> <span class='ocrx_word' id='word_1_455' title='bbox 2901 3873 3215 3938; x_wconf 75' lang='grc' dir='ltr'>θεοσεϐείας</span> <span class='ocrx_word' id='word_1_456' title='bbox 3265 3875 3587 3947; x_wconf 79' lang='grc' dir='ltr'>ὑπεισερχό-</span> 
     </span>
    </p>
   </div>
   <div class='ocr_carea' id='block_1_74' title="bbox 335 3967 1826 4040">
    <p class='ocr_par' dir='ltr' id='par_1_74' title="bbox 335 3967 1030 4022">
     <span class='ocr_line' id='line_1_74' title="bbox 335 3967 1030 4022; baseline -0.006 0"><span class='ocrx_word' id='word_1_457' title='bbox 335 3968 614 4022; x_wconf 86' lang='lat' dir='ltr'><strong>tentabant</strong></span> <span class='ocrx_word' id='word_1_458' title='bbox 637 3983 724 4022; x_wconf 89' lang='lat' dir='ltr'><strong>me</strong></span> <span class='ocrx_word' id='word_1_459' title='bbox 751 3967 1030 4022; x_wconf 84' lang='lat' dir='ltr'><strong>devorare.</strong></span> 
     </span>
    </p>
   </div>
   <div class='ocr_carea' id='block_1_75' title="bbox 1492 3967 2983 4040">
    <p class='ocr_par' dir='ltr' id='par_1_75' title="bbox 2011 3968 2983 4040">
     <span class='ocr_line' id='line_1_75' title="bbox 2011 3968 2983 4040; baseline -0.002 -17"><span class='ocrx_word' id='word_1_460' title='bbox 2011 3987 2160 4040; x_wconf 88' lang='grc' dir='ltr'>μενοι</span> <span class='ocrx_word' id='word_1_461' title='bbox 2183 3968 2498 4040; x_wconf 75' lang='grc' dir='ltr'>ἐπεχείρουν</span> <span class='ocrx_word' id='word_1_462' title='bbox 2531 3969 2868 4037; x_wconf 80' lang='grc' dir='ltr'>καταφαγεῖν</span> <span class='ocrx_word' id='word_1_463' title='bbox 2898 3983 2983 4037; x_wconf 89' lang='grc' dir='ltr'><strong>με.</strong></span> 
     </span>
    </p>
   </div>
   <div class='ocr_carea' id='block_1_76' title="bbox 405 4056 1896 4130">
    <p class='ocr_par' dir='ltr' id='par_1_76' title="bbox 405 4056 1278 4128">
     <span class='ocr_line' id='line_1_76' title="bbox 405 4056 1278 4128; baseline 0.001 -15"><span class='ocrx_word' id='word_1_464' title='bbox 405 4059 493 4113; x_wconf 86' lang='grc'><strong>44.</strong></span> <span class='ocrx_word' id='word_1_465' title='bbox 524 4056 848 4124; x_wconf 64' lang='lat' dir='ltr'><strong>Quaerebam</strong></span> <span class='ocrx_word' id='word_1_466' title='bbox 877 4073 964 4112; x_wconf 91' lang='lat' dir='ltr'><strong>me</strong></span> <span class='ocrx_word' id='word_1_467' title='bbox 992 4057 1278 4128; x_wconf 90' lang='lat' dir='ltr'><strong>deglutire.</strong></span> 
     </span>
    </p>
   </div>
   <div class='ocr_carea' id='block_1_77' title="bbox 1384 4056 2875 4130">
    <p class='ocr_par' dir='ltr' id='par_1_77' title="bbox 2076 4057 2875 4130">
     <span class='ocr_line' id='line_1_77' title="bbox 2076 4057 2875 4130; baseline -0.003 -16"><span class='ocrx_word' id='word_1_468' title='bbox 2076 4059 2168 4114; x_wconf 83' lang='grc'><strong>44.</strong></span> <span class='ocrx_word' id='word_1_469' title='bbox 2202 4061 2506 4112; x_wconf 82' lang='grc' dir='ltr'>Καταπιεῖν</span> <span class='ocrx_word' id='word_1_470' title='bbox 2535 4076 2600 4130; x_wconf 86' lang='grc' dir='ltr'><strong>με</strong></span> <span class='ocrx_word' id='word_1_471' title='bbox 2631 4057 2875 4130; x_wconf 79' lang='grc' dir='ltr'>ἐζήτουν.</span> 
     </span>
    </p>
   </div>
   <div class='ocr_carea' id='block_1_78' title="bbox 404 4141 1895 4222">
    <p class='ocr_par' dir='ltr' id='par_1_78' title="bbox 404 4141 1895 4222">
     <span class='ocr_line' id='line_1_78' title="bbox 404 4141 1895 4222; baseline 0.001 -18"><span class='ocrx_word' id='word_1_472' title='bbox 404 4151 494 4205; x_wconf 83' lang='grc'><strong>45.</strong></span> <span class='ocrx_word' id='word_1_473' title='bbox 528 4141 803 4222; x_wconf 61' lang='lat' dir='ltr'><strong>Et.dicunt</strong></span> <span class='ocrx_word' id='word_1_474' title='bbox 836 4167 850 4204; x_wconf 90' lang='lat'><strong>:</strong></span> <span class='ocrx_word' id='word_1_475' title='bbox 883 4151 965 4204; x_wconf 87' lang='lat' dir='ltr'><strong>Ah</strong></span> <span class='ocrx_word' id='word_1_476' title='bbox 997 4151 1010 4204; x_wconf 85' lang='lat' dir='ltr'><strong>l</strong></span> <span class='ocrx_word' id='word_1_477' title='bbox 1053 4150 1151 4204; x_wconf 88' lang='lat' dir='ltr'><strong>ah!</strong></span> <span class='ocrx_word' id='word_1_478' title='bbox 1184 4149 1462 4206; x_wconf 87' lang='lat' dir='ltr'><strong>cadentem</strong></span> <span class='ocrx_word' id='word_1_479' title='bbox 1489 4164 1611 4206; x_wconf 85' lang='lat' dir='ltr'><strong>eum</strong></span> <span class='ocrx_word' id='word_1_480' title='bbox 1635 4151 1895 4206; x_wconf 78' lang='lat' dir='ltr'><strong>videmus.</strong></span> 
     </span>
    </p>
   </div>
   <div class='ocr_carea' id='block_1_79' title="bbox 2092 4141 3583 4222">
    <p class='ocr_par' dir='ltr' id='par_1_79' title="bbox 2092 4149 3583 4222">
     <span class='ocr_line' id='line_1_79' title="bbox 2092 4149 3583 4222; baseline 0.003 -19"><span class='ocrx_word' id='word_1_481' title='bbox 2092 4150 2166 4205; x_wconf 73' lang='lat' dir='ltr'><strong>i5.</strong></span> <span class='ocrx_word' id='word_1_482' title='bbox 2200 4151 2309 4203; x_wconf 70' lang='grc' dir='ltr'><strong>Καὶ</strong></span> <span class='ocrx_word' id='word_1_483' title='bbox 2335 4150 2583 4218; x_wconf 80' lang='grc' dir='ltr'>λέγουσι·</span> <span class='ocrx_word' id='word_1_484' title='bbox 2613 4150 2721 4202; x_wconf 72' lang='grc' dir='ltr'><strong>Ναὶ</strong></span> <span class='ocrx_word' id='word_1_485' title='bbox 2746 4150 2834 4204; x_wconf 78' lang='grc' dir='ltr'>ναὶ</span> <span class='ocrx_word' id='word_1_486' title='bbox 2858 4149 3072 4222; x_wconf 84' lang='grc' dir='ltr'>δρῶμεν</span> <span class='ocrx_word' id='word_1_487' title='bbox 3101 4151 3263 4206; x_wconf 83' lang='grc' dir='ltr'>αὑτὸν</span> <span class='ocrx_word' id='word_1_488' title='bbox 3293 4152 3583 4208; x_wconf 72' lang='grc' dir='ltr'>πίπτοντα.</span> 
     </span>
    </p>
   </div>
   <div class='ocr_carea' id='block_1_80' title="bbox 404 4240 1895 4317">
    <p class='ocr_par' dir='ltr' id='par_1_80' title="bbox 404 4240 1895 4310">
     <span class='ocr_line' id='line_1_80' title="bbox 404 4240 1895 4310; baseline -0.001 -14"><span class='ocrx_word' id='word_1_489' title='bbox 404 4242 498 4309; x_wconf 85' lang='grc'><strong>46,</strong></span> <span class='ocrx_word' id='word_1_490' title='bbox 525 4241 613 4295; x_wconf 89' lang='grc'><strong>47.</strong></span> <span class='ocrx_word' id='word_1_491' title='bbox 664 4240 876 4306; x_wconf 76' lang='lat' dir='ltr'><strong>Vidisti,</strong></span> <span class='ocrx_word' id='word_1_492' title='bbox 911 4240 1154 4310; x_wconf 76' lang='lat' dir='ltr'><strong>Domine,</strong></span> <span class='ocrx_word' id='word_1_493' title='bbox 1193 4254 1262 4296; x_wconf 88' lang='lat' dir='ltr'><strong>ne</strong></span> <span class='ocrx_word' id='word_1_494' title='bbox 1286 4243 1436 4297; x_wconf 86' lang='lat' dir='ltr'><strong>sinas</strong></span> <span class='ocrx_word' id='word_1_495' title='bbox 1465 4256 1551 4296; x_wconf 89' lang='lat' dir='ltr'><strong>me</strong></span> <span class='ocrx_word' id='word_1_496' title='bbox 1584 4241 1788 4298; x_wconf 76' lang='lat' dir='ltr'><strong>auxilio</strong></span> <span class='ocrx_word' id='word_1_497' title='bbox 1813 4252 1895 4296; x_wconf 83' lang='lat' dir='ltr'><strong>tne</strong></span> 
     </span>
    </p>
   </div>
   <div class='ocr_carea' id='block_1_81' title="bbox 2019 4240 3510 4317">
    <p class='ocr_par' dir='ltr' id='par_1_81' title="bbox 2077 4241 3510 4317">
     <span class='ocr_line' id='line_1_81' title="bbox 2077 4241 3510 4317; baseline 0.001 -17"><span class='ocrx_word' id='word_1_498' title='bbox 2077 4244 2166 4311; x_wconf 86' lang='grc'><strong>46,</strong></span> <span class='ocrx_word' id='word_1_499' title='bbox 2198 4245 2286 4299; x_wconf 88' lang='grc'><strong>47.</strong></span> <span class='ocrx_word' id='word_1_500' title='bbox 2324 4241 2520 4311; x_wconf 80' lang='grc' dir='ltr'>Εἶδες,</span> <span class='ocrx_word' id='word_1_501' title='bbox 2553 4244 2753 4314; x_wconf 80' lang='grc' dir='ltr'>Κύριε,</span> <span class='ocrx_word' id='word_1_502' title='bbox 2784 4244 2858 4315; x_wconf 85' lang='grc' dir='ltr'>μὴ</span> <span class='ocrx_word' id='word_1_503' title='bbox 2891 4245 3058 4315; x_wconf 81' lang='grc' dir='ltr'>ἐάσῃς</span> <span class='ocrx_word' id='word_1_504' title='bbox 3091 4261 3158 4315; x_wconf 90' lang='grc' dir='ltr'><strong>με</strong></span> <span class='ocrx_word' id='word_1_505' title='bbox 3187 4245 3510 4317; x_wconf 76' lang='grc' dir='ltr'>ἀϐοήθητον.</span> 
     </span>
    </p>
   </div>
   <div class='ocr_carea' id='block_1_82' title="bbox 333 4337 574 4391">
    <p class='ocr_par' dir='ltr' id='par_1_82' title="bbox 333 4337 574 4391">
     <span class='ocr_line' id='line_1_82' title="bbox 333 4337 574 4391; baseline -0.008 0"><span class='ocrx_word' id='word_1_506' title='bbox 333 4337 574 4391; x_wconf 87' lang='lat' dir='ltr'><strong>destitui.</strong></span> 
     </span>
    </p>
   </div>
   <div class='ocr_carea' id='block_1_83' title="bbox 401 4423 1892 4502">
    <p class='ocr_par' dir='ltr' id='par_1_83' title="bbox 401 4429 1892 4502">
     <span class='ocr_line' id='line_1_83' title="bbox 401 4429 1892 4502; baseline 0 -20"><span class='ocrx_word' id='word_1_507' title='bbox 401 4430 492 4496; x_wconf 82' lang='grc'><strong>48,</strong></span> <span class='ocrx_word' id='word_1_508' title='bbox 527 4430 616 4484; x_wconf 81' lang='grc'><strong>49.</strong></span> <span class='ocrx_word' id='word_1_509' title='bbox 643 4429 720 4485; x_wconf 84' lang='lat' dir='ltr'><strong>lla</strong></span> <span class='ocrx_word' id='word_1_510' title='bbox 752 4431 1044 4502; x_wconf 67' lang='lat' dir='ltr'><strong>praescribe</strong></span> <span class='ocrx_word' id='word_1_511' title='bbox 1073 4431 1209 4486; x_wconf 85' lang='lat' dir='ltr'><strong>mihi</strong></span> <span class='ocrx_word' id='word_1_512' title='bbox 1241 4431 1404 4486; x_wconf 80' lang='lat' dir='ltr'><strong>vitam</strong></span> <span class='ocrx_word' id='word_1_513' title='bbox 1442 4445 1621 4485; x_wconf 89' lang='lat' dir='ltr'><strong>meam</strong></span> <span class='ocrx_word' id='word_1_514' title='bbox 1653 4429 1892 4485; x_wconf 86' lang='lat' dir='ltr'><strong>institue-</strong></span> 
     </span>
    </p>
   </div>
   <div class='ocr_carea' id='block_1_84' title="bbox 2094 4423 3585 4502">
    <p class='ocr_par' dir='ltr' id='par_1_84' title="bbox 2094 4423 3585 4497">
     <span class='ocr_line' id='line_1_84' title="bbox 2094 4423 3585 4497; baseline 0.001 -19"><span class='ocrx_word' id='word_1_515' title='bbox 2094 4423 2167 4488; x_wconf 84' lang='lat' dir='ltr'><strong>I-8,</strong></span> <span class='ocrx_word' id='word_1_516' title='bbox 2197 4424 2285 4480; x_wconf 77' lang='grc'><strong>49.</strong></span> <span class='ocrx_word' id='word_1_517' title='bbox 2329 4425 2406 4497; x_wconf 86' lang='grc'><strong>(4)</strong></span> <span class='ocrx_word' id='word_1_518' title='bbox 2459 4425 2644 4489; x_wconf 79' lang='grc' dir='ltr'>Οὕτως</span> <span class='ocrx_word' id='word_1_519' title='bbox 2689 4427 2868 4496; x_wconf 79' lang='grc' dir='ltr'>ὄρισόν</span> <span class='ocrx_word' id='word_1_520' title='bbox 2918 4443 3006 4496; x_wconf 83' lang='grc' dir='ltr'><strong>μοι</strong></span> <span class='ocrx_word' id='word_1_521' title='bbox 3064 4426 3458 4492; x_wconf 81' lang='grc' dir='ltr'>πολιτευεσθαι,</span> <span class='ocrx_word' id='word_1_522' title='bbox 3507 4427 3585 4493; x_wconf 78' lang='grc' dir='ltr'>ὡς</span> 
     </span>
    </p>
   </div>
   <div class='ocr_carea' id='block_1_85' title="bbox 334 4518 1825 4593">
    <p class='ocr_par' dir='ltr' id='par_1_85' title="bbox 334 4523 1582 4593">
     <span class='ocr_line' id='line_1_85' title="bbox 334 4523 1582 4593; baseline 0.003 -20"><span class='ocrx_word' id='word_1_523' title='bbox 334 4537 411 4582; x_wconf 85' lang='lat' dir='ltr'><strong>re,</strong></span> <span class='ocrx_word' id='word_1_524' title='bbox 448 4523 906 4590; x_wconf 85' lang='lat' dir='ltr'><strong>quemadmodum</strong></span> <span class='ocrx_word' id='word_1_525' title='bbox 932 4523 1029 4578; x_wconf 86' lang='lat' dir='ltr'><strong>tibi</strong></span> <span class='ocrx_word' id='word_1_526' title='bbox 1059 4533 1144 4579; x_wconf 89' lang='lat' dir='ltr'><strong>est</strong></span> <span class='ocrx_word' id='word_1_527' title='bbox 1164 4523 1582 4593; x_wconf 88' lang='lat' dir='ltr'><strong>beneplacitum.</strong></span> 
     </span>
    </p>
   </div>
   <div class='ocr_carea' id='block_1_86' title="bbox 1118 4518 2609 4593">
    <p class='ocr_par' dir='ltr' id='par_1_86' title="bbox 1122 4518 2609 4593">
     <span class='ocr_line' id='line_1_86' title="bbox 1122 4518 2609 4593; baseline -0.004 -14"><span class='ocrx_word' id='word_1_528' title='bbox 1122 4533 1144 4578; x_wconf 85' lang='lat' dir='ltr'><strong>t</strong></span> <span class='ocrx_word' id='word_1_529' title='bbox 1164 4523 1582 4593; x_wconf 87' lang='lat' dir='ltr'><strong>beneplacitum.</strong></span> <span class='ocrx_word' id='word_1_530' title='bbox 2006 4518 2152 4572; x_wconf 79' lang='grc' dir='ltr'>ἔστιν</span> <span class='ocrx_word' id='word_1_531' title='bbox 2181 4537 2264 4573; x_wconf 89' lang='grc' dir='ltr'><strong>σοι</strong></span> <span class='ocrx_word' id='word_1_532' title='bbox 2295 4520 2609 4591; x_wconf 82' lang='grc' dir='ltr'>εὐάρεστον.</span> 
     </span>
    </p>
   </div>
   <div class='ocr_carea' id='block_1_87' title="bbox 398 4601 1889 4684">
    <p class='ocr_par' dir='ltr' id='par_1_87' title="bbox 398 4610 1889 4682">
     <span class='ocr_line' id='line_1_87' title="bbox 398 4610 1889 4682; baseline 0 -16"><span class='ocrx_word' id='word_1_533' title='bbox 398 4610 486 4666; x_wconf 70' lang='lat'><strong>30.</strong></span> <span class='ocrx_word' id='word_1_534' title='bbox 527 4611 751 4667; x_wconf 90' lang='lat' dir='ltr'><strong>Domine</strong></span> <span class='ocrx_word' id='word_1_535' title='bbox 787 4613 930 4670; x_wconf 90' lang='lat' dir='ltr'><strong>Deus</strong></span> <span class='ocrx_word' id='word_1_536' title='bbox 946 4629 1121 4682; x_wconf 90' lang='lat' dir='ltr'><strong>meus,</strong></span> <span class='ocrx_word' id='word_1_537' title='bbox 1146 4624 1203 4670; x_wconf 93' lang='lat' dir='ltr'><strong>tu</strong></span> <span class='ocrx_word' id='word_1_538' title='bbox 1225 4616 1332 4671; x_wconf 88' lang='lat' dir='ltr'><strong>mei</strong></span> <span class='ocrx_word' id='word_1_539' title='bbox 1372 4615 1677 4679; x_wconf 82' lang='lat' dir='ltr'><strong>dominare,</strong></span> <span class='ocrx_word' id='word_1_540' title='bbox 1717 4623 1770 4668; x_wconf 88' lang='lat' dir='ltr'><strong>et</strong></span> <span class='ocrx_word' id='word_1_541' title='bbox 1795 4628 1889 4666; x_wconf 85' lang='lat' dir='ltr'><strong>nor</strong></span> 
     </span>
    </p>
   </div>
   <div class='ocr_carea' id='block_1_88' title="bbox 2095 4601 3586 4684">
    <p class='ocr_par' dir='ltr' id='par_1_88' title="bbox 2095 4609 3586 4684">
     <span class='ocr_line' id='line_1_88' title="bbox 2095 4609 3586 4684; baseline 0.001 -19"><span class='ocrx_word' id='word_1_542' title='bbox 2095 4609 2167 4666; x_wconf 71' lang='grc'><strong>50.</strong></span> <span class='ocrx_word' id='word_1_543' title='bbox 2200 4611 2372 4684; x_wconf 78' lang='grc' dir='ltr'>Κύριε</span> <span class='ocrx_word' id='word_1_544' title='bbox 2402 4612 2432 4664; x_wconf 80' lang='grc' dir='ltr'>ὁ</span> <span class='ocrx_word' id='word_1_545' title='bbox 2466 4611 2597 4676; x_wconf 71' lang='grc' dir='ltr'>Θεὸς</span> <span class='ocrx_word' id='word_1_546' title='bbox 2624 4628 2747 4684; x_wconf 83' lang='grc' dir='ltr'>μου,</span> <span class='ocrx_word' id='word_1_547' title='bbox 2783 4613 2847 4666; x_wconf 86' lang='grc' dir='ltr'>σύ</span> <span class='ocrx_word' id='word_1_548' title='bbox 2894 4630 2994 4684; x_wconf 83' lang='grc' dir='ltr'><strong>μου</strong></span> <span class='ocrx_word' id='word_1_549' title='bbox 3036 4612 3343 4682; x_wconf 85' lang='grc' dir='ltr'>κυρίευσον,</span> <span class='ocrx_word' id='word_1_550' title='bbox 3370 4612 3468 4666; x_wconf 74' lang='grc' dir='ltr'>καὶ</span> <span class='ocrx_word' id='word_1_551' title='bbox 3505 4613 3586 4684; x_wconf 80' lang='grc' dir='ltr'>μὴ</span> 
     </span>
    </p>
   </div>
   <div class='ocr_carea' id='block_1_89' title="bbox 333 4694 1824 4773">
    <p class='ocr_par' dir='ltr' id='par_1_89' title="bbox 333 4703 969 4762">
     <span class='ocr_line' id='line_1_89' title="bbox 333 4703 969 4762; baseline 0.006 -7"><span class='ocrx_word' id='word_1_552' title='bbox 333 4703 420 4756; x_wconf 90' lang='lat' dir='ltr'><strong>isti</strong></span> <span class='ocrx_word' id='word_1_553' title='bbox 452 4703 710 4759; x_wconf 89' lang='lat' dir='ltr'><strong>satellites</strong></span> <span class='ocrx_word' id='word_1_554' title='bbox 742 4705 969 4762; x_wconf 90' lang='lat' dir='ltr'><strong>inimici.</strong></span> 
     </span>
    </p>
   </div>
   <div class='ocr_carea' id='block_1_90' title="bbox 1437 4694 2928 4773">
    <p class='ocr_par' dir='ltr' id='par_1_90' title="bbox 2008 4694 2928 4773">
     <span class='ocr_line' id='line_1_90' title="bbox 2008 4694 2928 4773; baseline 0 -19"><span class='ocrx_word' id='word_1_555' title='bbox 2008 4694 2154 4754; x_wconf 73' lang='grc' dir='ltr'>οὗτοι</span> <span class='ocrx_word' id='word_1_556' title='bbox 2185 4702 2235 4754; x_wconf 88' lang='grc' dir='ltr'>οἱ</span> <span class='ocrx_word' id='word_1_557' title='bbox 2267 4701 2362 4753; x_wconf 79' lang='grc' dir='ltr'>τοῦ</span> <span class='ocrx_word' id='word_1_558' title='bbox 2394 4699 2590 4773; x_wconf 81' lang='grc' dir='ltr'>ἐχθροῦ</span> <span class='ocrx_word' id='word_1_559' title='bbox 2623 4702 2928 4772; x_wconf 84' lang='grc' dir='ltr'>δορυφόροι.</span> 
     </span>
    </p>
   </div>
   <div class='ocr_carea' id='block_1_91' title="bbox 403 4794 1894 4870">
    <p class='ocr_par' dir='ltr' id='par_1_91' title="bbox 403 4794 1774 4868">
     <span class='ocr_line' id='line_1_91' title="bbox 403 4794 1774 4868; baseline 0.001 -20"><span class='ocrx_word' id='word_1_560' title='bbox 403 4795 490 4850; x_wconf 88' lang='grc'><strong>51.</strong></span> <span class='ocrx_word' id='word_1_561' title='bbox 525 4794 602 4851; x_wconf 76' lang='lat' dir='ltr'><strong>Ne</strong></span> <span class='ocrx_word' id='word_1_562' title='bbox 635 4797 904 4867; x_wconf 84' lang='lat' dir='ltr'><strong>gaudeant</strong></span> <span class='ocrx_word' id='word_1_563' title='bbox 934 4798 1100 4855; x_wconf 83' lang='lat' dir='ltr'><strong>corda</strong></span> <span class='ocrx_word' id='word_1_564' title='bbox 1123 4813 1313 4854; x_wconf 90' lang='lat' dir='ltr'><strong>eorum</strong></span> <span class='ocrx_word' id='word_1_565' title='bbox 1352 4798 1419 4853; x_wconf 93' lang='lat' dir='ltr'><strong>de</strong></span> <span class='ocrx_word' id='word_1_566' title='bbox 1442 4798 1596 4868; x_wconf 88' lang='lat' dir='ltr'><strong>lapsu</strong></span> <span class='ocrx_word' id='word_1_567' title='bbox 1631 4812 1774 4852; x_wconf 90' lang='lat' dir='ltr'><strong>meo.</strong></span> 
     </span>
    </p>
   </div>
   <div class='ocr_carea' id='block_1_92' title="bbox 2087 4794 3578 4870">
    <p class='ocr_par' dir='ltr' id='par_1_92' title="bbox 2087 4794 3578 4870">
     <span class='ocr_line' id='line_1_92' title="bbox 2087 4794 3578 4870; baseline 0 -20"><span class='ocrx_word' id='word_1_568' title='bbox 2087 4794 2139 4850; x_wconf 76' lang='lat'><strong>5|</strong></span> <span class='ocrx_word' id='word_1_569' title='bbox 2153 4830 2168 4845; x_wconf 89' lang='lat'><strong>.</strong></span> <span class='ocrx_word' id='word_1_570' title='bbox 2186 4794 2534 4867; x_wconf 82' lang='grc' dir='ltr'>Μὴ’χαρῶσιν</span> <span class='ocrx_word' id='word_1_571' title='bbox 2550 4796 2605 4848; x_wconf 76' lang='grc' dir='ltr'>αἱ</span> <span class='ocrx_word' id='word_1_572' title='bbox 2621 4796 2837 4867; x_wconf 87' lang='grc' dir='ltr'>καρδίαι</span> <span class='ocrx_word' id='word_1_573' title='bbox 2855 4797 3136 4853; x_wconf 78' lang='grc' dir='ltr'>αὐτῶνέπὶ</span> <span class='ocrx_word' id='word_1_574' title='bbox 3148 4801 3214 4870; x_wconf 80' lang='grc' dir='ltr'>τῇ</span> <span class='ocrx_word' id='word_1_575' title='bbox 3232 4798 3438 4851; x_wconf 83' lang='grc' dir='ltr'>πτώσει</span> <span class='ocrx_word' id='word_1_576' title='bbox 3455 4815 3578 4869; x_wconf 86' lang='grc' dir='ltr'>μου.</span> 
     </span>
    </p>
   </div>
   <div class='ocr_carea' id='block_1_93' title="bbox 401 4886 1892 4963">
    <p class='ocr_par' dir='ltr' id='par_1_93' title="bbox 401 4886 1684 4962">
     <span class='ocr_line' id='line_1_93' title="bbox 401 4886 1684 4962; baseline 0.002 -23"><span class='ocrx_word' id='word_1_577' title='bbox 401 4887 492 4942; x_wconf 85' lang='grc'><strong>52.</strong></span> <span class='ocrx_word' id='word_1_578' title='bbox 520 4886 708 4958; x_wconf 79' lang='lat' dir='ltr'><strong>Neque</strong></span> <span class='ocrx_word' id='word_1_579' title='bbox 739 4889 1058 4962; x_wconf 87' lang='lat' dir='ltr'><strong>glorientur,</strong></span> <span class='ocrx_word' id='word_1_580' title='bbox 1089 4890 1282 4945; x_wconf 90' lang='lat' dir='ltr'><strong>lucrati</strong></span> <span class='ocrx_word' id='word_1_581' title='bbox 1310 4888 1516 4943; x_wconf 80' lang='lat' dir='ltr'><strong>fuimus</strong></span> <span class='ocrx_word' id='word_1_582' title='bbox 1537 4903 1684 4942; x_wconf 91' lang='lat' dir='ltr'><strong>eum.</strong></span> 
     </span>
    </p>
   </div>
   <div class='ocr_carea' id='block_1_94' title="bbox 1788 4886 3279 4963">
    <p class='ocr_par' dir='ltr' id='par_1_94' title="bbox 2078 4889 3279 4963">
     <span class='ocr_line' id='line_1_94' title="bbox 2078 4889 3279 4963; baseline 0.003 -21"><span class='ocrx_word' id='word_1_583' title='bbox 2078 4889 2167 4943; x_wconf 87' lang='grc'><strong>52.</strong></span> <span class='ocrx_word' id='word_1_584' title='bbox 2191 4889 2341 4960; x_wconf 86' lang='grc' dir='ltr'>Μηδέ</span> <span class='ocrx_word' id='word_1_585' title='bbox 2369 4893 2753 4962; x_wconf 85' lang='grc' dir='ltr'>καυχήσονται,</span> <span class='ocrx_word' id='word_1_586' title='bbox 2783 4893 2866 4944; x_wconf 79' lang='grc' dir='ltr'>ὅτι</span> <span class='ocrx_word' id='word_1_587' title='bbox 2892 4892 3279 4963; x_wconf 83' lang='grc' dir='ltr'>ἐκερδήσαμεν.</span> 
     </span>
    </p>
   </div>
   <div class='ocr_carea' id='block_1_95' title="bbox 399 4978 1890 5054">
    <p class='ocr_par' dir='ltr' id='par_1_95' title="bbox 399 4978 1737 5050">
     <span class='ocr_line' id='line_1_95' title="bbox 399 4978 1737 5050; baseline 0.001 -19"><span class='ocrx_word' id='word_1_588' title='bbox 399 4979 486 5034; x_wconf 83' lang='grc'><strong>55.</strong></span> <span class='ocrx_word' id='word_1_589' title='bbox 517 4978 592 5033; x_wconf 90' lang='lat' dir='ltr'><strong>De</strong></span> <span class='ocrx_word' id='word_1_590' title='bbox 628 4980 818 5036; x_wconf 90' lang='lat' dir='ltr'><strong>iisdem</strong></span> <span class='ocrx_word' id='word_1_591' title='bbox 852 4981 1148 5036; x_wconf 85' lang='lat' dir='ltr'><strong>immundis</strong></span> <span class='ocrx_word' id='word_1_592' title='bbox 1170 4979 1452 5050; x_wconf 90' lang='lat' dir='ltr'><strong>spiritibus</strong></span> <span class='ocrx_word' id='word_1_593' title='bbox 1478 4979 1737 5047; x_wconf 86' lang='lat' dir='ltr'><strong>loquitur.</strong></span> 
     </span>
    </p>
   </div>
   <div class='ocr_carea' id='block_1_96' title="bbox 2050 4978 3541 5054">
    <p class='ocr_par' dir='ltr' id='par_1_96' title="bbox 2078 4980 3541 5054">
     <span class='ocr_line' id='line_1_96' title="bbox 2078 4980 3541 5054; baseline -0.001 -20"><span class='ocrx_word' id='word_1_594' title='bbox 2078 4981 2168 5035; x_wconf 82' lang='grc'><strong>55.</strong></span> <span class='ocrx_word' id='word_1_595' title='bbox 2190 4981 2324 5052; x_wconf 76' lang='grc' dir='ltr'>Περὶ</span> <span class='ocrx_word' id='word_1_596' title='bbox 2350 4982 2457 5034; x_wconf 82' lang='grc' dir='ltr'>τῶν</span> <span class='ocrx_word' id='word_1_597' title='bbox 2482 4982 2661 5035; x_wconf 75' lang='grc' dir='ltr'>αὐτῶν</span> <span class='ocrx_word' id='word_1_598' title='bbox 2679 4981 3002 5054; x_wconf 82' lang='grc' dir='ltr'>ἀκαθάρτων</span> <span class='ocrx_word' id='word_1_599' title='bbox 3025 4982 3347 5052; x_wconf 83' lang='grc' dir='ltr'>πνευμάτων</span> <span class='ocrx_word' id='word_1_600' title='bbox 3371 4980 3541 5049; x_wconf 77' lang='grc' dir='ltr'>λέγει.</span> 
     </span>
    </p>
   </div>
   <div class='ocr_carea' id='block_1_97' title="bbox 401 5071 1892 5146">
    <p class='ocr_par' dir='ltr' id='par_1_97' title="bbox 401 5071 1354 5130">
     <span class='ocr_line' id='line_1_97' title="bbox 401 5071 1354 5130; baseline 0.002 -4"><span class='ocrx_word' id='word_1_601' title='bbox 401 5073 490 5127; x_wconf 80' lang='grc'><strong>54.</strong></span> <span class='ocrx_word' id='word_1_602' title='bbox 527 5071 816 5130; x_wconf 82' lang='lat' dir='ltr'><strong>Edicentes</strong></span> <span class='ocrx_word' id='word_1_603' title='bbox 836 5091 922 5129; x_wconf 88' lang='lat' dir='ltr'><strong>me</strong></span> <span class='ocrx_word' id='word_1_604' title='bbox 951 5073 1354 5129; x_wconf 76' lang='lat' dir='ltr'><strong>interfecturos.</strong></span> 
     </span>
    </p>
   </div>
   <div class='ocr_carea' id='block_1_98' title="bbox 1624 5071 3115 5146">
    <p class='ocr_par' dir='ltr' id='par_1_98' title="bbox 2076 5072 3115 5146">
     <span class='ocr_line' id='line_1_98' title="bbox 2076 5072 3115 5146; baseline 0.001 -18"><span class='ocrx_word' id='word_1_605' title='bbox 2076 5072 2165 5128; x_wconf 76' lang='grc'><strong>54.</strong></span> <span class='ocrx_word' id='word_1_606' title='bbox 2207 5074 2269 5127; x_wconf 81' lang='grc' dir='ltr'><strong>Οἱ</strong></span> <span class='ocrx_word' id='word_1_607' title='bbox 2297 5073 2754 5145; x_wconf 79' lang='grc' dir='ltr'>ἐπαγγελλόμενοί</span> <span class='ocrx_word' id='word_1_608' title='bbox 2789 5091 2856 5146; x_wconf 87' lang='grc' dir='ltr'><strong>με</strong></span> <span class='ocrx_word' id='word_1_609' title='bbox 2886 5075 3115 5129; x_wconf 80' lang='grc' dir='ltr'>ἀνελεῖν.</span> 
     </span>
    </p>
   </div>
   <div class='ocr_carea' id='block_1_99' title="bbox 400 5162 1891 5239">
    <p class='ocr_par' dir='ltr' id='par_1_99' title="bbox 400 5162 1891 5235">
     <span class='ocr_line' id='line_1_99' title="bbox 400 5162 1891 5235; baseline 0.001 -19"><span class='ocrx_word' id='word_1_610' title='bbox 400 5162 486 5217; x_wconf 84' lang='grc'><strong>55.</strong></span> <span class='ocrx_word' id='word_1_611' title='bbox 519 5163 592 5219; x_wconf 92' lang='lat' dir='ltr'><strong>De</strong></span> <span class='ocrx_word' id='word_1_612' title='bbox 619 5181 724 5231; x_wconf 91' lang='lat' dir='ltr'><strong>me,</strong></span> <span class='ocrx_word' id='word_1_613' title='bbox 744 5167 888 5235; x_wconf 85' lang='lat' dir='ltr'><strong>quod</strong></span> <span class='ocrx_word' id='word_1_614' title='bbox 907 5180 934 5219; x_wconf 89' lang='lat' dir='ltr'><strong>a</strong></span> <span class='ocrx_word' id='word_1_615' title='bbox 957 5165 1247 5220; x_wconf 87' lang='lat' dir='ltr'><strong>contrariis</strong></span> <span class='ocrx_word' id='word_1_616' title='bbox 1274 5163 1891 5234; x_wconf 71' lang='lat' dir='ltr'><strong>potestatibusliberatus</strong></span> 
     </span>
    </p>
   </div>
   <div class='ocr_carea' id='block_1_100' title="bbox 2089 5162 3580 5239">
    <p class='ocr_par' dir='ltr' id='par_1_100' title="bbox 2089 5165 3580 5239">
     <span class='ocr_line' id='line_1_100' title="bbox 2089 5165 3580 5239; baseline -0.002 -18"><span class='ocrx_word' id='word_1_617' title='bbox 2089 5165 2497 5230; x_wconf 67' lang='grc' dir='ltr'>35.Ῥυσθέντος</span> <span class='ocrx_word' id='word_1_618' title='bbox 2547 5184 2649 5239; x_wconf 88' lang='grc' dir='ltr'><strong>μου</strong></span> <span class='ocrx_word' id='word_1_619' title='bbox 2689 5168 2797 5222; x_wconf 84' lang='grc' dir='ltr'><strong>ἀπὸ</strong></span> <span class='ocrx_word' id='word_1_620' title='bbox 2849 5168 2957 5221; x_wconf 84' lang='grc' dir='ltr'>τῶν</span> <span class='ocrx_word' id='word_1_621' title='bbox 3003 5167 3256 5222; x_wconf 87' lang='grc' dir='ltr'>ἐναντίων</span> <span class='ocrx_word' id='word_1_622' title='bbox 3297 5166 3580 5236; x_wconf 77' lang='grc' dir='ltr'>δυνάμεων</span> 
     </span>
    </p>
   </div>
   <div class='ocr_carea' id='block_1_101' title="bbox 331 5255 1822 5330">
    <p class='ocr_par' dir='ltr' id='par_1_101' title="bbox 331 5256 1403 5322">
     <span class='ocr_line' id='line_1_101' title="bbox 331 5256 1403 5322; baseline -0.005 -8"><span class='ocrx_word' id='word_1_623' title='bbox 331 5256 452 5322; x_wconf 79' lang='lat' dir='ltr'><strong>tim,</strong></span> <span class='ocrx_word' id='word_1_624' title='bbox 483 5267 684 5312; x_wconf 77' lang='lat' dir='ltr'><strong>sancta:</strong></span> <span class='ocrx_word' id='word_1_625' title='bbox 719 5267 826 5312; x_wconf 72' lang='lat' dir='ltr'><strong>tua:</strong></span> <span class='ocrx_word' id='word_1_626' title='bbox 852 5258 1086 5312; x_wconf 78' lang='lat' dir='ltr'><strong>virtutes</strong></span> <span class='ocrx_word' id='word_1_627' title='bbox 1107 5257 1403 5311; x_wconf 76' lang='lat' dir='ltr'><strong>exsultent.</strong></span> 
     </span>
    </p>
   </div>
   <div class='ocr_carea' id='block_1_102' title="bbox 1672 5255 3163 5330">
    <p class='ocr_par' dir='ltr' id='par_1_102' title="bbox 2006 5255 3163 5330">
     <span class='ocr_line' id='line_1_102' title="bbox 2006 5255 3163 5330; baseline 0.004 -20"><span class='ocrx_word' id='word_1_628' title='bbox 2006 5255 2457 5325; x_wconf 82' lang='grc' dir='ltr'>ἀγαλλιάσθωσαν</span> <span class='ocrx_word' id='word_1_629' title='bbox 2487 5259 2542 5310; x_wconf 84' lang='grc' dir='ltr'><strong>αί</strong></span> <span class='ocrx_word' id='word_1_630' title='bbox 2574 5257 2726 5327; x_wconf 78' lang='grc' dir='ltr'>ἆγιαί</span> <span class='ocrx_word' id='word_1_631' title='bbox 2762 5275 2855 5312; x_wconf 91' lang='grc' dir='ltr'><strong>σου</strong></span> <span class='ocrx_word' id='word_1_632' title='bbox 2885 5258 3163 5330; x_wconf 86' lang='grc' dir='ltr'>δυνάμεις.</span> 
     </span>
    </p>
   </div>
   <div class='ocr_carea' id='block_1_103' title="bbox 1278 5375 2627 5455">
    <p class='ocr_par' dir='ltr' id='par_1_103' title="bbox 1278 5375 2627 5455">
     <span class='ocr_line' id='line_1_103' title="bbox 1278 5375 2627 5455; baseline -0.001 -17"><span class='ocrx_word' id='word_1_633' title='bbox 1278 5375 1582 5438; x_wconf 80' lang='lat' dir='ltr'><strong>Addenda</strong></span> <span class='ocrx_word' id='word_1_634' title='bbox 1627 5384 1685 5437; x_wconf 89' lang='lat' dir='ltr'><strong>et</strong></span> <span class='ocrx_word' id='word_1_635' title='bbox 1717 5376 2092 5455; x_wconf 83' lang='lat' dir='ltr'><strong>corrigenda</strong></span> <span class='ocrx_word' id='word_1_636' title='bbox 2123 5393 2203 5439; x_wconf 80' lang='lat' dir='ltr'><strong>ex</strong></span> <span class='ocrx_word' id='word_1_637' title='bbox 2245 5376 2384 5438; x_wconf 89' lang='lat' dir='ltr'><strong>cod.</strong></span> <span class='ocrx_word' id='word_1_638' title='bbox 2420 5376 2627 5437; x_wconf 82' lang='lat' dir='ltr'><strong>Vatic.</strong></span> 
     </span>
    </p>
   </div>
   <div class='ocr_carea' id='block_1_104' title="bbox 391 5477 3578 5553">
    <p class='ocr_par' dir='ltr' id='par_1_104' title="bbox 391 5477 3578 5553">
     <span class='ocr_line' id='line_1_104' title="bbox 391 5477 3578 5553; baseline -0 -21"><span class='ocrx_word' id='word_1_639' title='bbox 391 5482 470 5553; x_wconf 75' lang='lat' dir='ltr'><strong>(l)</strong></span> <span class='ocrx_word' id='word_1_640' title='bbox 508 5480 588 5553; x_wconf 50' lang='lat' dir='ltr'><strong>bis</strong></span> <span class='ocrx_word' id='word_1_641' title='bbox 599 5482 947 5553; x_wconf 82' lang='grc' dir='ltr'>μαινομένην.</span> <span class='ocrx_word' id='word_1_642' title='bbox 1997 5480 2218 5553; x_wconf 33' lang='grc' dir='ltr'>τὸ-ίδεζν</span> <span class='ocrx_word' id='word_1_643' title='bbox 2239 5479 2588 5553; x_wconf 15' lang='grc' dir='ltr'>τὴνάδικίανί</span> <span class='ocrx_word' id='word_1_644' title='bbox 2599 5497 2721 5552; x_wconf 86' lang='grc' dir='ltr'>μου.</span> <span class='ocrx_word' id='word_1_645' title='bbox 2752 5481 3045 5553; x_wconf 19' lang='grc' dir='ltr'><strong>Ν.Α49.Ἦν</strong></span> <span class='ocrx_word' id='word_1_646' title='bbox 3064 5479 3334 5553; x_wconf 18' lang='grc' dir='ltr'>ἔχωᾉπρὸς</span> <span class='ocrx_word' id='word_1_647' title='bbox 3358 5477 3455 5553; x_wconf 69' lang='grc' dir='ltr'><strong>τᾲς</strong></span> <span class='ocrx_word' id='word_1_648' title='bbox 3478 5477 3578 5531; x_wconf 75' lang='grc' dir='ltr'>τοῦ</span> 
     </span>
    </p>
   </div>
   <div class='ocr_carea' id='block_1_105' title="bbox 391 5549 3569 5622">
    <p class='ocr_par' dir='ltr' id='par_1_105' title="bbox 391 5549 3569 5622">
     <span class='ocr_line' id='line_1_105' title="bbox 391 5549 3569 5622; baseline -0.001 -18"><span class='ocrx_word' id='word_1_649' title='bbox 391 5549 470 5622; x_wconf 85' lang='grc'><strong>(2)</strong></span> <span class='ocrx_word' id='word_1_650' title='bbox 510 5549 825 5622; x_wconf 78' lang='grc' dir='ltr'>Γενομένην.</span> <span class='ocrx_word' id='word_1_651' title='bbox 886 5549 895 5553; x_wconf 65' lang='grc'>⁷</span> <span class='ocrx_word' id='word_1_652' title='bbox 1999 5550 2191 5622; x_wconf 81' lang='grc' dir='ltr'>ἐχθροῦ</span> <span class='ocrx_word' id='word_1_653' title='bbox 2235 5549 2506 5622; x_wconf 77' lang='grc' dir='ltr'>δυνάμεις.</span> <span class='ocrx_word' id='word_1_654' title='bbox 2545 5549 2611 5604; x_wconf 72' lang='grc' dir='ltr'><strong>Ν.</strong></span> <span class='ocrx_word' id='word_1_655' title='bbox 2641 5553 2728 5607; x_wconf 81' lang='grc'><strong>50.</strong></span> <span class='ocrx_word' id='word_1_656' title='bbox 2765 5551 2971 5614; x_wconf 75' lang='grc' dir='ltr'>Οὕτως,</span> <span class='ocrx_word' id='word_1_657' title='bbox 3000 5549 3124 5606; x_wconf 47' lang='lat' dir='ltr'><strong>etcf</strong></span> <span class='ocrx_word' id='word_1_658' title='bbox 3245 5549 3343 5605; x_wconf 68' lang='lat'><strong>5|.</strong></span> <span class='ocrx_word' id='word_1_659' title='bbox 3376 5549 3569 5622; x_wconf 58' lang='lat' dir='ltr'><strong>liuetf.</strong></span> 
     </span>
    </p>
   </div>
   <div class='ocr_carea' id='block_1_106' title="bbox 391 5618 3571 5744">
    <p class='ocr_par' dir='ltr' id='par_1_106' title="bbox 391 5618 3571 5744">
     <span class='ocr_line' id='line_1_106' title="bbox 391 5618 3571 5744; baseline 0 -70"><span class='ocrx_word' id='word_1_660' title='bbox 391 5618 469 5690; x_wconf 82' lang='grc'><strong>(5)</strong></span> <span class='ocrx_word' id='word_1_661' title='bbox 507 5618 836 5692; x_wconf 68' lang='grc' dir='ltr'>Λογισμοῖ...</span> <span class='ocrx_word' id='word_1_662' title='bbox 872 5624 1194 5677; x_wconf 74' lang='grc' dir='ltr'>καταϐαλεῖν</span> <span class='ocrx_word' id='word_1_663' title='bbox 1225 5641 1314 5695; x_wconf 88' lang='grc' dir='ltr'><strong>με.</strong></span> <span class='ocrx_word' id='word_1_664' title='bbox 2000 5618 2065 5672; x_wconf 75' lang='grc' dir='ltr'><strong>Ν.</strong></span> <span class='ocrx_word' id='word_1_665' title='bbox 2091 5618 2178 5674; x_wconf 79' lang='grc'><strong>52.</strong></span> <span class='ocrx_word' id='word_1_666' title='bbox 2209 5618 2380 5691; x_wconf 80' lang='grc' dir='ltr'>Μηδέ</span> <span class='ocrx_word' id='word_1_667' title='bbox 2410 5623 2792 5691; x_wconf 83' lang='grc' dir='ltr'>καυχήσονται,</span> <span class='ocrx_word' id='word_1_668' title='bbox 2819 5622 2900 5674; x_wconf 86' lang='grc' dir='ltr'>ὅτι</span> <span class='ocrx_word' id='word_1_669' title='bbox 2929 5622 3116 5744; x_wconf 73' lang='grc' dir='ltr'>ἐκέρδτ</span> <span class='ocrx_word' id='word_1_670' title='bbox 3129 5621 3225 5673; x_wconf 77' lang='grc' dir='ltr'><strong>σάν</strong></span> <span class='ocrx_word' id='word_1_671' title='bbox 3257 5637 3343 5692; x_wconf 86' lang='grc' dir='ltr'><strong>με.</strong></span> <span class='ocrx_word' id='word_1_672' title='bbox 3374 5620 3442 5673; x_wconf 83' lang='grc' dir='ltr'><strong>Ν.</strong></span> <span class='ocrx_word' id='word_1_673' title='bbox 3468 5618 3571 5675; x_wconf 73' lang='grc'><strong>55.</strong></span> 
     </span>
     <span class='ocr_line' id='line_1_107' title="bbox 391 5663 3424 5744; baseline 0 0"><span class='ocrx_word' id='word_1_674' title='bbox 391 5690 467 5744; x_wconf 68' lang='grc'><strong>(4)</strong></span> <span class='ocrx_word' id='word_1_675' title='bbox 507 5692 572 5744; x_wconf 66' lang='grc' dir='ltr'><strong>Ν.</strong></span> <span class='ocrx_word' id='word_1_676' title='bbox 605 5694 687 5744; x_wconf 72' lang='lat' dir='ltr'><strong>ts.</strong></span> <span class='ocrx_word' id='word_1_677' title='bbox 732 5695 822 5744; x_wconf 82' lang='lat' dir='ltr'><strong>Ei:</strong></span> <span class='ocrx_word' id='word_1_678' title='bbox 859 5695 988 5744; x_wconf 68' lang='grc' dir='ltr'>αὐτὸ</span> <span class='ocrx_word' id='word_1_679' title='bbox 1046 5693 1200 5744; x_wconf 77' lang='grc' dir='ltr'>τοῦτο</span> <span class='ocrx_word' id='word_1_680' title='bbox 1249 5692 1438 5744; x_wconf 75' lang='grc' dir='ltr'>ἑαυτὸν</span> <span class='ocrx_word' id='word_1_681' title='bbox 1475 5693 1776 5744; x_wconf 72' lang='grc' dir='ltr'>διήγειρον.</span> <span class='ocrx_word' id='word_1_682' title='bbox 1812 5707 1890 5744; x_wconf 71' lang='grc' dir='ltr'><strong>εις</strong></span> <span class='ocrx_word' id='word_1_683' title='bbox 2001 5692 2088 5744; x_wconf 73' lang='grc' dir='ltr'><strong>Μὴ</strong></span> <span class='ocrx_word' id='word_1_684' title='bbox 2121 5693 2486 5744; x_wconf 74' lang='grc' dir='ltr'>καυγήσονται</span> <span class='ocrx_word' id='word_1_685' title='bbox 2524 5693 2601 5744; x_wconf 78' lang='grc' dir='ltr'>αι.</span> <span class='ocrx_word' id='word_1_686' title='bbox 2635 5701 2738 5744; x_wconf 83' lang='lat' dir='ltr'><strong>etc.</strong></span> <span class='ocrx_word' id='word_1_687' title='bbox 2775 5693 2844 5744; x_wconf 83' lang='lat' dir='ltr'><strong>N.</strong></span> <span class='ocrx_word' id='word_1_688' title='bbox 2871 5692 2958 5744; x_wconf 74' lang='grc' dir='ltr'><strong>δι.</strong></span> <span class='ocrx_word' id='word_1_689' title='bbox 2995 5693 3014 5744; x_wconf 83' lang='grc' dir='ltr'><strong>ι</strong></span> <span class='ocrx_word' id='word_1_690' title='bbox 3045 5663 3281 5744; x_wconf 72' lang='grc' dir='ltr'>εοίτῶν.</span> <span class='ocrx_word' id='word_1_691' title='bbox 3318 5701 3424 5744; x_wconf 77' lang='lat' dir='ltr'><strong>etc.</strong></span> 
     </span>
    </p>
   </div>
   <div class='ocr_carea' id='block_1_107' title="bbox 391 5690 3424 5761">
    <p class='ocr_par' dir='ltr' id='par_1_107' title="bbox 391 5690 3424 5761">
     <span class='ocr_line' id='line_1_108' title="bbox 391 5690 3424 5761; baseline -0 -18"><span class='ocrx_word' id='word_1_692' title='bbox 391 5690 467 5761; x_wconf 81' lang='grc'><strong>(4)</strong></span> <span class='ocrx_word' id='word_1_693' title='bbox 507 5692 572 5745; x_wconf 73' lang='grc' dir='ltr'><strong>Ν.</strong></span> <span class='ocrx_word' id='word_1_694' title='bbox 605 5690 690 5746; x_wconf 74' lang='grc' dir='ltr'><strong>48ξ</strong></span> <span class='ocrx_word' id='word_1_695' title='bbox 732 5695 822 5756; x_wconf 81' lang='grc' dir='ltr'><strong>Εἰς</strong></span> <span class='ocrx_word' id='word_1_696' title='bbox 859 5695 988 5749; x_wconf 68' lang='grc' dir='ltr'>αὐτὸ</span> <span class='ocrx_word' id='word_1_697' title='bbox 1046 5693 1200 5747; x_wconf 78' lang='grc' dir='ltr'>τοῦτο</span> <span class='ocrx_word' id='word_1_698' title='bbox 1227 5690 1438 5747; x_wconf 76' lang='grc' dir='ltr'>’ἐαυτὸν</span> <span class='ocrx_word' id='word_1_699' title='bbox 1475 5693 1776 5761; x_wconf 78' lang='grc' dir='ltr'>διήγειρον,</span> <span class='ocrx_word' id='word_1_700' title='bbox 1812 5707 1890 5755; x_wconf 71' lang='grc' dir='ltr'><strong>εις</strong></span> <span class='ocrx_word' id='word_1_701' title='bbox 2001 5692 2088 5749; x_wconf 78' lang='grc' dir='ltr'><strong>Μὴ</strong></span> <span class='ocrx_word' id='word_1_702' title='bbox 2121 5690 2486 5755; x_wconf 58' lang='grc' dir='ltr'>καυειήσονται</span> <span class='ocrx_word' id='word_1_703' title='bbox 2519 5690 2601 5752; x_wconf 72' lang='grc' dir='ltr'>αἱ.</span> <span class='ocrx_word' id='word_1_704' title='bbox 2635 5701 2738 5749; x_wconf 84' lang='lat' dir='ltr'><strong>etc.</strong></span> <span class='ocrx_word' id='word_1_705' title='bbox 2775 5693 2844 5748; x_wconf 83' lang='lat' dir='ltr'><strong>N.</strong></span> <span class='ocrx_word' id='word_1_706' title='bbox 2871 5692 2958 5748; x_wconf 82' lang='grc'><strong>54.</strong></span> <span class='ocrx_word' id='word_1_707' title='bbox 2995 5690 3128 5750; x_wconf 73' lang='grc' dir='ltr'><strong>Περὶ</strong></span> <span class='ocrx_word' id='word_1_708' title='bbox 3152 5690 3281 5752; x_wconf 79' lang='grc' dir='ltr'>τῶν,</span> <span class='ocrx_word' id='word_1_709' title='bbox 3318 5701 3424 5750; x_wconf 75' lang='lat' dir='ltr'><strong>etc.</strong></span> 
     </span>
    </p>
   </div>
  </div>
