3776 6272
233 232 346 289 781
1119 238 1205 298 DE
1241 239 1516 299 TiTULlS
1550 243 2000 301 PSALMORUM.
2042 277 2110 288 -—
2145 249 2338 303 PSAL.
2384 251 2600 306 XXXV.
3367 263 3474 318 73!

289 349 404 404 '56.
433 349 546 403 Καὶ
569 349 880 422 εἰπάτωσαν
898 353 1182 421 διαπαντός
1201 376 1214 389 ο
1242 343 1632 434 ίμεγαλυνθήτω
1653 365 1681 417 6
1701 363 1780 416 Κύ

1982 364 2064 419 56.
2109 364 2174 420 Et
2220 367 2403 422 dicant
2455 384 2714 439 semper:
2759 369 3128 442 Magniﬁcctur
3187 376 3473 450 Dominus,

233 460 382 514 ριος.

310 535 402 588 57.
439 536 501 588 Οἱ
529 535 774 600 θέλοντες
801 535 898 608 τὴν
919 538 1141 610 εἰρήνην
1172 541 1266 594 τοῦ
1300 544 1484 598 δούλου
1518 545 1704 600 αὐτοῦ.

1518 545 1704 600 αὐτοῦ.
1988 542 2075 596 57.
2105 542 2208 609 Qui
2237 544 2426 599 volunt
2451 561 2637 615 pacem
2669 547 2809 602 servi
2836 547 2976 618 ejus.

312 627 403 680 58.
436 628 601 699 Καὶή
634 628 856 696 γλῶσσά
890 649 990 701 μου
1017 633 1302 706 μελετήσει
1329 636 1426 708 τὴν
1467 638 1803 710 δικαιοσύνην

1983 633 2072 688 58.
2109 633 2174 688 Et
2206 635 2385 706 lingua
2437 653 2556 692 mea
2604 639 2953 695 meditabitur
2973 641 3238 713 justitiam
3286 656 3474 706 tuam:

234 734 374 770 σου·

309 809 400 866 59.
439 810 608 882 Ὅλην
632 813 730 885 τὴν
762 813 976 886 ἡμέραν
1007 815 1097 868 τὸν
1127 816 1345 871 ἔπαινόν
1379 836 1491 872 σου.

1299 818 1345 871 5v
1379 836 1491 872 σου.
1981 820 2071 876 59.
2104 820 2240 877 Tota
2269 822 2355 878 die
2379 823 2590 878 laudem
2620 832 2790 880 tuam.

359 926 469 992 Εἰς
501 926 570 980 τὸ
599 927 804 995 τέλος·
943 929 1352 1054 Ῑὲφίου
1383 933 1462 999 τῷ
1490 935 1686 990 Δαϐίδ.

2005 934 2161 1004 ﬁnem
2185 950 2203 988 :
2230 951 2374 990 serra
2402 934 2611 990 Domini
2639 936 2832 993 David.
2870 937 3117 994 PSALM
3127 939 3215 997 US
3240 941 3396 998 XXX
3414 944 3473 1001 V.

881 1011 1054 1054 ΑΛΜ.
1092 1011 1222 1054 ΛΕ.

310 1086 362 1142 1.
404 1087 574 1158 Φησὶν
595 1090 622 1142 6
649 1090 964 1160 παράνομος
994 1089 1087 1142 τοῦ
1122 1092 1451 1164 ἁμαρτάνειν
1481 1095 1538 1146 ἐν
1572 1094 1782 1166 ἐαυτῷο

1983 1111 2036 1166 1.
2068 1111 2206 1167 Dicit
2226 1112 2482 1182 injustus,
2519 1121 2579 1166 ut
2607 1112 2886 1184 delinquat
2913 1114 2967 1169 in
3003 1117 3329 1186 semetipso;

305 1178 358 1232 2.
400 1179 517 1231 Οὐκ
554 1179 668 1232 ἔστι
701 1178 860 1249 φόϐος
900 1180 1033 1234 Θεοῦ
1067 1181 1327 1236 ἀπέναντι
1374 1184 1482 1238 τῶν
1519 1185 1813 1256 ὀφθαλμῶν

1979 1205 2034 1258 2.
2062 1203 2181 1260 Non
2211 1213 2294 1260 est
2326 1206 2492 1261 timor
2525 1205 2616 1261 Dei
2651 1215 2778 1263 ante
2803 1207 2990 1265 oculos
3013 1208 3172 1279 ejus:

231 1287 401 1325 αυτοῦ
429 1288 444 1301 ⁸

301 1362 356 1416 3.
397 1363 524 1415 Ὀτι
548 1363 805 1418 ὲδὸλωσεν
839 1363 1066 1420 ἐνώπιον
1088 1367 1253 1422 αὑτοῦ
1275 1386 1289 1400 ο

1982 1357 2036 1410 '5.
2065 1356 2329 1424 Quoniam
2358 1361 2543 1418 dolose
2571 1363 2678 1434 egit
2705 1364 2759 1418 in
2791 1374 3084 1435 conspectu
3107 1365 3264 1436 ejus;

301 1451 356 1506 4.
391 1451 501 1506 Τοῦ
532 1455 710 1525 εὑρεῖν
742 1456 839 1528 τὴν
865 1457 1090 1528 ἀνομίαν
1115 1459 1302 1524 αὐτοῦ,
1338 1460 1434 1514 καὶ
1468 1460 1714 1532 μισῆσαι.

1986 1446 2036 1502 ι.
2073 1446 2148 1503 Ut
2187 1450 2453 1506 inveniret
2500 1453 2838 1523 iniquitatem
2886 1471 3040 1509 suam
3064 1493 3080 1519 ,
3122 1466 3176 1511 et
3212 1457 3338 1512 odio
3380 1459 3477 1514 ha-

1910 1537 2084 1593 beret.

303 1628 359 1682 5.
394 1627 478 1682 Τὰ
499 1629 717 1700 ῥήματα
738 1631 830 1684 τοῦ
852 1633 1115 1705 στόματος
1131 1635 1294 1690 αὐτοῦ
1314 1636 1512 1709 ἀνομία
1526 1637 1619 1690 καὶ
1640 1636 1789 1700 δόλος

1640 1636 1808 1700 δόλος·
1983 1629 2038 1686 5.
2066 1629 2242 1685 Verba
2275 1631 2386 1686 oris
2415 1646 2534 1702 ejus
2565 1632 2824 1704 iniquitas
2848 1643 2903 1690 et
2925 1636 3082 1694 dolus
3107 1657 3120 1692 :

303 1720 359 1774 6.
393 1721 511 1774 Οὐκ
529 1720 802 1795 ἠϐουλήθη
839 1725 1075 1779 συνιέναι
1102 1727 1194 1780 τοῦ
1227 1727 1514 1799 ἁγαθῦναι.

1840 1712 1887 1776 Β
1984 1721 2038 1776 6.
2069 1720 2254 1777 Noluit
2287 1722 2590 1794 intelligere
2623 1733 2684 1778 ut
2712 1724 2848 1780 bene
2877 1738 3090 1798 ageret:

305 1809 358 1863 7.
406 1811 660 1882 Ἀνομίαν
683 1813 1018 1885 διελογίσατο
1049 1819 1140 1871 ἐπὶ
1164 1819 1264 1890 τῆς
1286 1819 1473 1892 κοίτης
1506 1819 1669 1873 αὑτοῦ
1689 1835 1705 1851 θ

1982 1813 2035 1868 7.
2067 1815 2410 1885 lniquitatem
2443 1817 2734 1874 meditatus
2755 1828 2839 1873 est
2866 1819 2919 1874 in
2951 1822 3114 1875 cubili
3146 1837 3284 1878 suo:

303 1901 360 1956 8.
397 1903 649 1976 Παρέστη
673 1905 823 1978 πάσῃ
856 1908 961 1979 ὁδῷ
986 1911 1085 1963 οὐκ
1112 1910 1289 1982 ἀγαθῇ
1315 1926 1327 1939 °

1980 1908 2032 1962 8.
2066 1907 2253 1964 Astitit
2282 1910 2432 1965 omni
2458 1911 2556 1966 viae
2583 1927 2692 1966 non
2723 1912 2912 1968 bonae:

300 1993 356 2048 9.
392 1995 579 2068 Κακία
610 1996 667 2050 δὲ
692 1999 751 2052 οὐ
787 1997 1148 2072 προσώχθισε,

1977 1999 2031 2054 9.
2063 1999 2322 2055 Malitiam
2355 2012 2535 2057 autem
2565 2017 2672 2058 non
2706 2004 2895 2061 odivit.

303 2085 398 2140 10.
426 2087 620 2160 Κύριε,
653 2091 711 2143 ὲν
743 2090 819 2162 τῷ
845 2092 1060 2164 οὐρανῷ
1085 2094 1146 2147 τὸ
1177 2093 1324 2158 ἔλεός
1363 2110 1458 2148 σου
1477 2111 1492 2127 ⁸

1981 2092 2069 2146 10.
2105 2092 2356 2160 Domine,
2392 2094 2448 2148 in
2474 2097 2613 2150 caelo
2639 2096 3012 2153 misericordia
3043 2107 3155 2154 tua.

305 2176 399 2230 Η.
430 2180 541 2232 Καὶ
564 2182 598 2251 ἡ
628 2181 858 2253 ἀλήθειά
889 2201 981 2236 σου
1011 2184 1114 2248 ἕως
1135 2185 1243 2238 τῶν
1271 2187 1528 2254 νεφελῶν.

1984 2184 2072 2238 11.
2110 2183 2176 2238 Ει
2200 2184 2401 2239 veritas
2429 2194 2520 2240 tua
2544 2201 2718 2256 usque
2751 2188 2816 2242 ad
2847 2190 3038 2245 nubes.

303 2267 398 2327 12.
445 2270 511 2324 Ἡ
535 2271 845 2346 δικαιοσύνη
878 2293 972 2329 σου
998 2277 1074 2330 ὼε
1094 2277 1193 2330 ὅου
1226 2277 1361 2331 Θεοῦ
1387 2294 1399 2307 ·

1989 2276 2077 2331 12.
2110 2275 2329 2332 Iustitia
2362 2284 2458 2332 tua
2483 2278 2627 2333 sicut
2653 2288 2866 2336 montes
2892 2281 3020 2338 Dei:

1370 2453 1744 2534 ATHANASII
1782 2453 2366 2513 lNTERPRETATlO.

305 2601 400 2657 56.
431 2603 543 2657 Καὶ
577 2603 856 2669 δοξάσουσι
886 2606 946 2660 τὸ
974 2607 1144 2678 ὄνομά
1174 2623 1266 2661 σου
1299 2609 1364 2662 δι’
1398 2609 1519 2680 ἐμέ.

1989 2610 2078 2664 56.
2117 2609 2182 2664 Ει
2206 2620 2424 2681 propter
2451 2628 2537 2669 me
2558 2614 2860 2685 gloriﬁcent
2885 2633 3079 2674 nomen
3114 2631 3285 2677 tuum.

304 2691 398 2746 57.
432 2695 495 2746 0i
529 2693 674 2764 ἅγιοι
699 2696 790 2749 τοῦ
821 2697 954 2750 Θεοῦ
983 2697 1221 2766 ἄγγελοι.

1153 2716 1221 2752 οι.
1985 2701 2074 2755 57.
2113 2702 2295 2758 Sancti
2323 2705 2498 2775 angeli
2532 2705 2644 2761 Dei.

305 2785 398 2838 58.
427 2787 536 2839 Καὶ
559 2787 741 2841 λοιπὸν
763 2788 1042 2860 μελετήσω
1063 2791 1120 2843 ἐν
1141 2793 1251 2855 τοῖς
1274 2793 1660 2863 προστάγμασί
1690 2813 1796 2848 σου.

1987 2794 2075 2848 58.
2115 2793 2180 2847 Ει
2209 2796 2435 2864 posthac
2458 2797 2510 2848 in
2548 2799 2830 2869 praeceptis
2858 2801 2969 2856 tuis
2993 2804 3315 2863 meditabor.

307 2877 400 2932 59.
445 2879 535 2932 Ἐν
566 2879 643 2949 τῷ
670 2881 809 2950 φωτὶ
834 2881 1123 2945 ἀπαύστως
1153 2881 1449 2954 ἀνυμνήσω
1476 2901 1561 2941 σε.

1546 2926 1561 2941 .
1988 2887 2077 2942 59.
2107 2887 2444 2944 lncessanter
2471 2889 2704 2948 laudabo
2729 2904 2780 2949 te
2810 2894 2864 2948 in
2894 2896 3033 2950 luce.

314 3035 385 3088 Ἦ
406 3035 741 3108 προκειμένη
761 3037 1036 3110 ἐπιγραφὴ
1063 3038 1309 3109 περιέχει
1349 3038 1426 3110 (1)
1451 3057 1464 3069 ·
1498 3042 1604 3106 Εἰς
1642 3040 1707 3093 τὸ
1732 3040 1909 3107 τέλος
1935 3040 2014 3106 τῷ
2047 3041 2244 3110 δούλῳ
2269 3042 2493 3112 Κυρίου
2525 3046 2606 3113 τῷ
2626 3049 2822 3103 Δαϐίδ.
2854 3049 3023 3105 Τοῦτο
3050 3046 3142 3106 οῦν
3177 3051 3348 3124 λέγει,
3397 3056 3481 3110 ὅτι

229 3131 260 3183 6
285 3129 505 3201 ψαλμὸς
533 3126 686 3194 οὗτος
717 3130 930 3202 εἴρηται
961 3133 1056 3186 ἐπὶ
1091 3131 1366 3204 συντελείᾳ
1398 3135 1507 3186 τῶν
1531 3134 1741 3187 αἰώνων
1763 3135 1840 3206 τῷ
1861 3135 1974 3208 λαῷ
2001 3136 2078 3207 τῷ
2109 3137 2411 3193 δουλεύοντι
2444 3141 2523 3212 τῷ
2555 3143 2745 3216 Κυρίῳ
2767 3145 2845 3216 τῷ
2870 3145 3230 3220 πεποθημένῳ
3267 3152 3359 3205 ὑπ’
3383 3153 3480 3206 αὐ·-

230 3225 329 3278 τοῦ
349 3242 363 3255 ο
393 3224 532 3294 πρὸς
563 3225 659 3295 μὲν
695 3225 796 3296 τὴν
828 3224 922 3278 τοῦ
955 3225 1200 3280 διαϐόλου
1231 3229 1496 3299 πονηρίαν
1525 3229 1600 3298 (2)
1631 3230 1772 3303 [καὶ]
1803 3233 2170 3286 ἐπανάστασιν
2208 3234 2349 3288 κατὰ
2381 3235 2474 3289 τοῦ
2501 3237 2692 3305 γένους
2726 3239 2834 3294 τῶν
2879 3241 3196 3314 ἀνθρώπων,
3236 3247 3373 3319 πρὸς
3425 3249 3480 3304 δὲ

228 3324 334 3394 τὴν
363 3321 461 3374 τοῦ
493 3319 626 3376 Θεοῦ
652 3322 962 3394 ἁγαθότητα
983 3324 1077 3376 καὶ
1110 3323 1519 3396 φιλανθρωπίαν
1551 3326 1612 3379 τὸ
1639 3327 1754 3390 πῶς
1781 3329 1946 3382 πᾶσιν
1971 3329 2281 3401 ἀνθρώποις
2322 3332 2590 3397 πλουσίως
2622 3334 2802 3405 ἐκχέει
2829 3336 2919 3389 τὸν
2958 3338 3149 3393 ἑαυτοῦ
3196 3341 3341 3398 ἔλεον
3389 3347 3481 3400 καὶ

230 3419 332 3490 τὴν
358 3419 520 3490 χάριν
551 3417 647 3488 (5).

302 3536 523 3593 Titulus
569 3540 894 3609 praepositus
941 3541 1226 3597 continet:
1261 3540 1327 3595 In
1350 3543 1508 3612 ﬁnem
1533 3561 1678 3600 servo
1707 3546 1924 3603 Domini
1963 3551 2156 3606 David.
2195 3552 2310 3608 Hoc
2354 3555 2520 3625 igitur
2565 3556 2853 3628 signiﬁcat,
2893 3559 3038 3628 quod
3090 3562 3334 3630 psalmus
3380 3565 3482 3622 iste

227 3629 414 3685 dictus
441 3639 527 3685 est
557 3632 611 3685 in
639 3634 1109 3690 consummatione
1140 3636 1465 3692 saeculorum
1489 3641 1718 3710 populo,
1752 3644 1847 3713 qui
1882 3647 2052 3701 servit
2084 3647 2337 3714 Domino,
2360 3658 2414 3705 et
2448 3649 2518 3705 ab
2549 3665 2614 3705 eo
2652 3652 2990 3709 desideratus
3018 3663 3103 3709 est
3129 3671 3144 3709 :
3185 3656 3251 3710 de
3285 3663 3478 3729 nequi-

227 3723 307 3779 tia
335 3721 560 3792 quidem
602 3735 656 3779 et
681 3724 1080 3782 insurrectioue
1124 3727 1326 3784 diaboli
1370 3731 1631 3789 adversus
1671 3750 1843 3801 genus
1881 3737 2213 3804 humanum;
2244 3739 2312 3795 de
2343 3741 2588 3797 bonitate
2622 3753 2802 3798 autem
2851 3742 2964 3808 Dei,
2988 3755 3040 3798 et
3073 3759 3200 3814 erga
3231 3721 3479 3807 homines

226 3818 633 3887 benevolentia,
669 3821 944 3891 quomodo
978 3823 1032 3877 in
1068 3824 1380 3880 universum
1415 3827 1716 3885 humanum
1750 3847 1924 3903 genus
1949 3835 2169 3892 divitias
2196 3837 2587 3896 misericordia
2616 3849 2669 3897 et
2705 3840 2894 3910 gratiae
2915 3856 3029 3897 sua:
3058 3841 3304 3900 effundit.

296 3915 354 3972 1.
392 3915 591 3983 Φησὶν
609 3917 638 3970 6
665 3917 1002 3989 ἁμαρτάνειν
1032 3919 1201 3974 θέλων
1224 3923 1283 3975 ὲν
1308 3924 1510 3996 ἐαυτῷο

1837 3935 1879 3992 C
1987 3933 2037 3986 1.
2070 3932 2210 3987 Dicit
2236 3950 2460 4006 peccare
2492 3938 2680 3994 volens
2707 3938 2760 3992 in
2796 3939 3122 4009 semetipso:

294 4009 352 4063 2.
387 4008 503 4061 Οὐκ
537 4006 651 4062 ἐστι
680 4010 859 4081 κρίσις
885 4009 1020 4064 Θεοῦ
1047 4013 1106 4065 ἐν
1134 4012 1211 4084 τῷ
1240 4014 1487 4086 μέλλοντι
1523 4018 1696 4075 αἰῶνι.

1975 4026 2029 4081 2.
2062 4025 2180 4082 Non
2210 4036 2295 4085 est
2322 4028 2565 4086 divinum
2584 4030 2851 4100 judicium
2878 4031 2932 4085 in
2959 4006 3144 4086 futuro
3169 4034 3390 4089 saeculo.

294 4099 350 4166 3,
384 4100 441 4157 4.
478 4099 649 4155 Τοῦτο
675 4101 731 4154 δὲ
759 4101 903 4172 λέγει
934 4103 963 4156 ὁ
1002 4103 1242 4171 τοιοῦτος
1265 4145 1279 4170 ,
1321 4109 1405 4163 ὃτι
1445 4111 1506 4163 οὑ
1546 4112 1785 4183 προέθετι

1984 4117 2033 4178 5.
2068 4119 2124 4174 4.
2159 4118 2275 4176 Hoc
2301 4131 2480 4178 autem
2513 4122 2560 4178 is
2585 4099 2738 4189 dicit,
2770 4123 3026 4194 quoniam
3056 4137 3161 4178 non
3193 4125 3475 4194 proposuit

224 4192 322 4247 τοῦ
353 4192 434 4265 (4)
462 4193 761 4262 ἐπιγνῶναι
782 4195 882 4265 τὴν
927 4195 1118 4250 ἑαυτοῦ
1157 4198 1432 4272 ἁμαρτίαν
1461 4204 1554 4255 καὶ
1601 4203 1715 4258 παί<

1601 4203 1804 4258 παίσα-
1907 4224 2204 4280 agnoscere
2236 4224 2516 4283 peccatum
2543 4230 2705 4270 suum
2729 4225 2784 4270 et
2811 4215 3050 4286 abigere.

225 4284 377 4340 σθαι.

290 4371 345 4424 5.
389 4369 457 4425 Ἦ
479 4371 777 4445 ὲνθύμησις
794 4376 894 4448 τῆς
923 4377 1152 4450 καρδίας
1182 4378 1375 4437 αὐτοῦ.

1202 4378 1375 4437 ιύτοῦ.
1976 4392 2029 4446 5.
2057 4390 2324 4462 Cogitatio
2350 4393 2528 4450 cordis
2555 4394 2693 4464 ejus.

295 4462 350 4518 6.
381 4464 497 4517 Οὐκ
521 4464 783 4538 ἠθέλησεν
807 4468 1119 4537 ἐπιγνῶναι,
1146 4471 1239 4524 καὶ
1255 4473 1475 4544 ποιῆσαι
1493 4475 1552 4529 τὸ
1569 4477 1786 4545 ἀγαθόν.

1616 4478 1793 4545 γαθόν.
1973 4483 2027 4536 6.
2063 4483 2240 4538 Noluit
2266 4498 2559 4552 agnoscere
2585 4462 2640 4540 et
2670 4484 2848 4541 facere
2880 4485 3107 4540 bonum.

295 4552 350 4607 7.
395 4553 599 4627 Ἀλλ’ή
649 4557 952 4621 ἀνάπαυσις
1001 4559 1101 4628 τῆς
1145 4559 1326 4631 ψυχῆς
1373 4563 1537 4617 αὑτοῦ
1598 4568 1786 4639 ἀνομία

1690 4569 1798 4639 uiti:
1974 4573 2026 4626 7.
2060 4572 2162 4628 Sed
2191 4573 2406 4643 requies
2435 4574 2630 4628 animae
2651 4575 2770 4643 ejus
2795 4575 3054 4646 iniquitas
3078 4583 3181 4631 est.

219 4645 483 4716 τυγχάνει
511 4647 610 4719 (5).

291 4736 347 4801 8,
385 4737 438 4794 9.
477 4738 553 4809 (6)
583 4739 706 4792 Οὐδ’
735 4739 1008 4811 ἐνέμεινεν
1027 4745 1085 4799 ἐν
1127 4747 1224 4819 μιᾷ
1257 4748 1426 4820 κακία
1452 4790 1466 4814 ,
1501 4749 1638 4804 ἀλλὰ
1681 4751 1782 4804 δια-

1976 4749 2023 4816 8,
2047 4750 2099 4806 9.
2129 4749 2312 4820 Neque
2341 4750 2394 4805 in
2421 4767 2528 4808 una
2552 4755 2750 4812 mansit
2775 4755 3083 4828 iniquitate,
3111 4757 3204 4813 sed
3227 4757 3467 4814 diversas

219 4828 420 4900 φόρους
441 4831 735 4902 ἐπενόησεν
768 4834 964 4905 ἐαυτῷ.

1906 4842 2009 4898 sibi
2041 4844 2385 4915 excogitavit.

292 4920 383 4977 10.
428 4923 517 4976 Ἐν
545 4927 656 4988 τοῖς
682 4924 749 4976 τὰ
782 4927 1006 4998 οὐράνια
1035 4929 1289 4999 φρονοῦσι
1315 4930 1374 4984 τὸ
1399 4930 1546 4997 ἔλεός
1573 4949 1686 4986 σου.

1973 4936 2060 4992 10.
2088 4935 2147 4991 In
2177 4938 2542 5008 cogitantibus
2568 4941 2810 4997 celestia
2834 4940 3205 4998 misericordia
3236 4950 3347 4996 tua.

292 5015 382 5070 Η.
416 5016 538 5069 Τῶν
565 5017 742 5070 αὐτῶν
766 5019 955 5087 ἁγίων,
984 5019 1158 5088 λέγει.

1975 5029 2062 5082 il.
2099 5025 2284 5099 Usque
2314 5031 2379 5086 ad
2417 5034 2567 5103 ipsos
2596 5043 2836 5097 sanctos,
2872 5035 3022 5090 dicit.

289 5108 378 5163 12.
417 5109 478 5161 Οἱ
512 5108 710 5163 δίκαιοι
739 5109 838 5181 (7).

764 5111 838 5180 7).
1828 5115 1873 5168 Ι)
1978 5120 2065 5174 12.
2095 5119 2253 5176 Justi.

1171 5292 1475 5358 Addenda
1511 5303 1572 5358 et
1602 5295 1979 5376 corrigenda
2016 5315 2096 5360 ex
2145 5300 2286 5360 cod.
2321 5300 2525 5362 Vatic.

285 5413 1109 5554 ςέὶξξξῖξξὲέῑιξενναεάρεως
1973 5459 2511 5554 ﬁumina”
2844 5535 2910 5554 _.
3228 5551 3238 5554 Α
3275 5536 3315 5554 ,Α
3382 5536 3442 5554 .-

303 5519 359 5615 ἓξ
384 5519 913 5615 Ηὲνηρέγὲἰτοξνιη
973 5519 984 5526 ’
1221 5519 1233 5527 ’

2245 5519 2519 5615 narrator.
2539 5532 2810 5615 impivmy
2839 5535 2988 5614 πάσῃ
3017 5535 3121 5612 ὁδῷ
3138 5535 3241 5597 οὔκ
3268 5536 3471 5615 ἀγαθῇ.

342 5590 498 5680 ξῖὴν
522 5590 722 5680 {aurai}
757 5594 934 5680 χάριν.
1042 5677 1046 5680 1
1107 5667 1118 5680 ι
1265 5665 1276 5680 ἰ
1392 5665 1416 5680 ﬁ
2088 5602 2238 5680 99:5.
2263 5643 2277 5658 .
2297 5590 2602 5680 .'i_mir;atv
2627 5590 2826 5680 ἑαυτῷ,

305 5658 498 5730 ἢτοῦ
530 5664 668 5718 deos:
691 5658 893 5720 in’co'd.
913 5705 926 5719 .
951 5706 964 5720 .
993 5707 1005 5722 .
1035 5667 1128 5720 καὶ
1170 5665 1499 5723 παύσασθαι.

1082 5667 1128 5720 ro.
1170 5665 1499 5723 παύσασθαι.
1968 5670 2048 5735 m
2081 5669 2145 5726 οι
2181 5672 2378 5728 δίκαιοί
2406 5658 2521 5730 cod.
2557 5658 2573 5701 λ
