3776 6272
293 248 394 310 τ83
1139 260 1195 317 S.
1248 257 1623 318 ATHANASII
1659 257 1808 319 OPP.
1842 257 2021 315 PARS
2043 253 2143 313 ιιιι.
2173 286 2241 297 --
2275 252 2687 312 EXEGETlCA.
3428 254 3540 315 786

366 375 453 433 15.
479 374 690 435 Judicia
722 386 812 436 tua
837 380 1070 451 abyssus
1101 382 1289 441 multa.

1888 386 1937 444 Α
2034 379 2120 435 15.
2149 378 2230 432 Τὰ
2258 375 2498 450 κρίματά
2523 393 2615 430 σου
2648 373 2885 440 ἄϐυσσος
2916 374 3107 447 πολλή.

365 469 452 524 ﬂ.
488 468 750 527 Homines
769 480 823 527 et
845 472 1091 542 jumenta
1118 473 1381 536 salvabis,
1418 471 1663 529 Domine.

2032 471 2118 525 M.
2165 468 2506 542 ’Δνθρώπους
2532 470 2626 524 καὶ
2662 469 2834 539 κτήνη
2858 466 3074 533 σώσεις,
3100 466 3295 540 Κύριε.

361 561 449 616 15.
488 562 959 629 Quemadmodum
999 565 1370 637 multiplicasti
1419 565 1852 622 misericordiam

1758 568 1855 621 iam
2032 564 2120 618 15.
2156 564 2243 627 Ὠς
2276 561 2580 634 ἐπλήθυνας
2608 561 2668 615 τὸ
2696 559 2842 625 ἔλεός
2879 577 2997 627 σου,
3018 562 3050 615 ό
3078 560 3249 626 Θεόςι

295 658 467 713 tuam,
505 651 649 709 Deus
669 654 682 708 !
1710 702 1713 707 .

368 743 451 798 l6.
479 743 601 800 Filii
634 753 817 801 autem
841 745 1126 802 hominum
1150 746 1204 802 in
1230 747 1471 820 tegmine
1499 747 1712 803 alarum
1738 755 1859 803 tua-

2045 740 2117 796 [6.
2146 742 2210 794 Ol
2234 740 2291 793 δὲ
2336 741 2443 794 υἱοὶ
2481 738 2786 812 ἀνθρώπων
2815 740 2873 792 ἐν
2910 739 3093 813 σκέπῃ
3111 737 3219 794 τῶν
3248 742 3536 813 napi.wa

290 848 411 887 rum
440 833 740 902 sperabunt
765 851 779 888 ε

1963 851 2054 889 σου
2080 832 2348 888 ὲλπιοῦσι.

359 923 449 978 1⁸1.
478 922 896 980 lnebr‘iabuntur
915 925 986 981 ab
1007 925 1253 982 ubertate
1279 925 1478 982 domus
1504 934 1645 982 tum:

2028 925 2114 980 17.
2143 923 2587 995 Μεθυσθήσονται
2618 921 2727 977 ἀπὸ
2749 923 3004 994 πιότητος
3040 922 3192 977 οἴκου
3224 941 3319 978 σου
3337 938 3351 953 ·

359 1017 447 1071 18.
485 1014 550 1071 Et
584 1024 825 1073 torrente
860 1017 1153 1088 voluptatis
1185 1026 1295 1073 tua:
1322 1017 1537 1089 potabis
1569 1032 1687 1073 eos.

2042 1016 2115 1071 18.
2141 1015 2252 1071 Καὶ
2283 1015 2375 1069 τὸν
2413 1016 2746 1088 χειμάρρουν
2796 1015 2897 1087 τῆς
2935 1015 3148 1087 τρυφῆς
3188 1032 3280 1071 σου
3327 1018 3533 1080 ποτιεῖς

1860 1124 1886 1163 ,·
1956 1106 2179 1172 αὐτούς.

358 1193 446 1249 19.
468 1191 740 1260 Quoniam
773 1192 918 1264 apud
948 1201 1000 1249 te
1032 1191 1157 1250 fons
1178 1192 1339 1249 vitae:

1859 1173 1867 1193 ἵ
2021 1200 2110 1255 19.
2146 1201 2270 1253 Ὅτι
2298 1198 2449 1272 παρὰ
2487 1200 2572 1254 σοὶ
2605 1198 2759 1273 πηγὴ
2794 1199 2939 1271 ζωῆς
2964 1215 2978 1233 ·

357 1280 448 1341 29.
488 1282 544 1339 ln
570 1284 775 1339 lumine
808 1294 901 1340 tuo
927 1284 1232 1341 videbimus
1255 1286 1441 1341 lumen

2024 1291 2115 1349 20.
2156 1293 2244 1347 Ἐν
2267 1292 2345 1364 τῷ
2369 1291 2507 1363 φωτί
2537 1309 2632 1346 σου
2663 1290 2906 1363 ὀψόμεθα
2933 1290 3068 1360 φῶς.

355 1378 446 1431 2|.
478 1376 757 1433 Praetende
781 1376 1217 1434 misericordiam
1262 1386 1413 1433 tuam
1443 1375 1742 1433 scientibus
1770 1383 1846 1443 te;

2022 1382 2112 1437 21.
2143 1382 2476 1456 Παράτεινον
2500 1382 2562 1436 τὸ
2595 1382 2741 1446 ἔλεός
2775 1398 2869 1435 σου
2905 1384 3017 1445 τοῖς
3036 1379 3365 1451 γινώσκουσί
3391 1397 3471 1434 σε·

354 1469 443 1524 22.
474 1468 540 1525 Et
563 1469 836 1541 justitiam
884 1480 1031 1525 tuam
1062 1469 1170 1536 his,
1197 1470 1291 1540 qui
1333 1477 1483 1525 recto
1516 1476 1645 1525 sunt
1667 1468 1845 1524 corde.

2036 1471 2113 1527 Ξ2.
2149 1472 2258 1525 Καὶ
2282 1471 2379 1543 τὴν
2411 1469 2755 1542 δικαιοσύνην
2784 1487 2877 1524 σου
2896 1475 3007 1535 τοῖς
3027 1470 3292 1544 εὐθέσιτῇ
3306 1470 3527 1542 καρδίᾳ.

357 1559 445 1614 25.
476 1558 593 1617 Non
619 1559 800 1616 veniat
826 1559 960 1615 mihi
982 1575 1077 1631 pes
1108 1559 1411 1631 superbiai:

2022 1562 2110 1618 25.
2137 1561 2229 1634 Μὴ
2256 1562 2454 1618 ἐλθέτω
2485 1579 2577 1634 μοι
2608 1561 2743 1626 ποῦς
2767 1562 3143 1634 ὑπερηφανίας
3160 1578 3172 1592 ·

356 1650 447 1704 24.
480 1648 548 1706 Ει
579 1664 777 1706 manus
805 1649 1107 1722 peccatoris
1139 1663 1250 1705 non
1283 1655 1499 1704 moveat
1521 1662 1625 1703 me.

2020 1654 2111 1709 24.
2142 1654 2254 1706 Καὶ
2284 1653 2406 1725 χεὶρ
2435 1652 2761 1724 ἅμαρτωλοῦ
2805 1653 2879 1725 μὴ
2906 1652 3167 1706 σαλεῦσαι
3206 1668 3293 1723 με.

354 1742 444 1797 9.5.
475 1741 551 1799 lbi
578 1741 895 1799 ceciderunt
928 1756 1139 1807 omnes,
1184 1740 1279 1812 qui
1315 1748 1609 1810 operantur
1654 1735 1845 1809 iniqui-

2038 1746 2117 1802 ὶὸ.
2164 1746 2312 1799 Ἐκεῖ
2343 1744 2537 1799 ἔπεσον
2574 1744 2773 1809 πάντες
2804 1747 2853 1799 oi
2886 1743 3241 1817 ἐργαζόμενοι
3276 1743 3375 1816 τὴν
3405 1743 3529 1797 ἀνο-

289 1844 452 1890 tatem
474 1853 488 1889 :

1960 1834 2090 1908 μίαν
2108 1852 2122 1867 ⁸

352 1926 442 1982 26.
479 1927 700 1999 Expulsi
723 1937 870 1993 sunt,
902 1941 1004 1982 nec
1028 1934 1314 1997 potuerunt
1336 1936 1496 1983 stare.

2026 1924 2117 1979 26.
2159 1922 2523 1996 Ἐξώσθησαν,
2552 1925 2646 1979 καὶ
2683 1922 2744 1977 οὐ
2776 1923 2851 1995 μὴ
2876 1922 3140 1978 δύνωνται
3168 1922 3357 1995 στῆναι

342 2014 349 2024 ’
496 2019 743 2076 Psalmus
764 2018 955 2074 David.
983 2018 1108 2075 PSA
1119 2018 1218 2073 LM
1228 2018 1317 2075 US
1338 2018 1389 2076 Χ
1396 2019 1446 2074 Χ
1450 2018 1500 2073 Χ
1510 2017 1588 2074 γι
1594 2057 1609 2074 .

2228 2017 2473 2087 Ψαλμὸς
2509 2015 2589 2083 τῷ
2615 2016 2814 2072 Δαϐίδ.
2859 2019 3081 2072 ‘FAAM.
3115 2019 3258 2084 ΔΕΓ.

357 2113 411 2167 1.
439 2110 558 2168 Noli
577 2112 821 2167 aemulari
847 2112 902 2167 in
936 2111 1399 2183 malignantibus;

2033 2106 2084 2162 1.
2114 2106 2206 2178 Μὴ
2239 2104 2552 2180 παραζῆλου
2577 2107 2634 2159 ἐν
2667 2104 3151 2178 πονηρευομένοις’

352 2204 408 2259 2.
442 2200 626 2274 Neque
650 2203 911 2260 zelaveris
943 2202 1203 2260 facientes
1227 2203 1591 2275 iniquitatem.

2023 2199 2079 2253 2.
2114 2198 2264 2269 Μηδέ
2286 2197 2445 2270 ζήλου
2466 2197 2593 2262 τοὺς
2624 2198 2910 2263 ποιοῦντας
2941 2197 3038 2269 τὴν
3066 2197 3311 2269 ἀνομίαν.

354 2294 408 2349 3.
441 2292 710 2361 Quoniam
745 2302 1003 2366 tanquam
1039 2292 1223 2350 fenum
1270 2295 1527 2350 velociter
1556 2300 1844 2349 arescent:

2023 2293 2078 2347 5.
2114 2292 2235 2345 Ὀτι
2266 2291 2398 2345 ὡσεὶ
2429 2289 2619 2363 χόρτος
2649 2290 2786 2363 ταχὺ
2805 2289 3344 2363 ἀωξηρανθὴσονται

1396 2413 1478 2467 Ανι
1494 2408 1769 2469 amas"
1807 2409 2403 2498 lNTERPRETATlO.

356 2530 443 2585 l5.
465 2528 675 2585 iudicia
704 2538 795 2585 tua
827 2528 1113 2585 immensa.

2026 2526 2112 2581 15.
2148 2524 2229 2578 Τὰ
2252 2523 2600 2596 δικαιώματά
2623 2540 2716 2578 σου
2746 2522 3052 2595 ἀμέτρητα.

355 2621 444 2677 11.
469 2619 791 2677 1ncedentes
814 2622 1091 2676 voluntate
1120 2628 1233 2675 tua.

2029 2617 2112 2671 14.
2148 2617 2287 2681 Τοὺς
2314 2612 2713 2689 πορευομένους
2739 2615 2818 2688 τῷ
2843 2615 3143 2688 βουλήματι
3171 2632 3263 2669 σου

352 2713 438 2769 15.
456 2712 921 2780 Quemadmodum
940 2709 1306 2782 multiplicasti
1324 2724 1495 2781 genus
1523 2710 1843 2773 humanum,

2039 2709 2110 2763 [5.
2146 2709 2234 2772 Ὧς
2257 2707 2559 2780 ἐπλήθυνας
2590 2707 2652 2761 τὸ
2678 2707 2836 2777 γένος
2870 2706 2978 2760 τῶν
3004 2704 3328 2778 ἀνθρώπων,
3354 2705 3530 2771 οὕτως

283 2805 427 2875 iaet
443 2804 865 2862 misericordiam
887 2813 1033 2860 tuam
1048 2806 1102 2860 in
1120 2817 1309 2859 omnes
1326 2802 1573 2859 homines
1591 2800 1774 2857 eﬂ‘udis

1794 2800 1849 2855 li.
1870 2846 1921 2905 ,Ο
1956 2797 2051 2856 καὶ
2078 2800 2138 2854 τὸ
2165 2799 2312 2865 ἔλεός
2346 2817 2439 2854 σου
2469 2800 2562 2853 ἐπὶ
2583 2799 2791 2864 πάντας
2821 2798 3019 2864 αὐτοὺς
3045 2798 3285 2871 ἐξέχεας.

354 2896 443 2952 16.
472 2895 588 2953 Sub
617 2906 712 2952 tuo
734 2895 958 2952 auxilio.

1879 2888 1921 2905 ’⁸
2023 2890 2111 2947 16.
2148 2888 2286 2970 Ὑπὸ
2311 2894 2411 2964 τὴν
2444 2891 2543 2961 σὴν
2580 2889 2856 2962 βοήθειαν.

298 3038 306 3045 .
356 2988 444 3045 17.
476 2988 522 3042 Α
553 2989 724 3061 gratia
757 2998 871 3044 tua.

2029 2980 2116 3034 17.
2155 2980 2288 3035 Ἀπὸ
2322 2980 2423 3052 τῆς
2458 2980 2677 3053 χάριτός
2711 2997 2826 3035 σου.

355 3080 441 3137 18.
474 3079 677 3136 Sancto
704 3087 797 3135 tuo
824 3076 1045 3149 Spiritu.

2029 3072 2117 3129 18.
2144 3072 2217 3127 Τὸ
2250 3071 2476 3144 Πνεῦμά
2505 3089 2598 3126 σου
2631 3072 2692 3128 τὸ
2713 3071 2887 3143 ἅγιον.

354 3173 442 3230 19.
474 3172 744 3239 Quoniam
768 3171 911 3241 apud
941 3179 994 3226 te
1017 3168 1232 3224 Patrem
1265 3164 1435 3223 Filius
1455 3175 1558 3227 est.

2034 3164 2116 3222 19.
2153 3164 2276 3218 Ὅτι
2306 3163 2457 3237 παρὰ
2483 3165 2566 3219 σοὶ
2592 3163 2672 3237 τῷ
2699 3164 2875 3237 Πατρὶ
2894 3165 2922 3219 ό
2958 3165 3107 3231 Υἱός.

354 3263 445 3318 20.
472 3265 533 3318 ln
562 3264 680 3334 ipso
710 3262 845 3318 Filio
876 3271 967 3317 tuo
994 3260 1299 3317 videbimus
1333 3260 1529 3315 lucem.
1571 3247 1577 3257 ’

2028 3257 2118 3313 20.
2165 3242 2259 3311 Ἐν
2273 3257 2421 3328 αὐτῷ
2439 3256 2516 3328 τῷ
2538 3256 2653 3328 Υίῴ
2690 3274 2781 3312 σου
2820 3256 3061 3328 ὀψόμεθα
3095 3255 3230 3327 φῶς.

354 3356 445 3410 21.
476 3354 837 3411 Credentibus
867 3355 922 3409 in
952 3362 1024 3410 te.

2025 3349 2117 3405 21.
2145 3349 2271 3415 Τοῖς
2308 3349 2652 3404 πιστεύουσιν
2676 3349 2758 3414 είς
2786 3349 2864 3402 σέ.

353 3446 446 3501 22.
479 3445 541 3501 Et
558 3447 760 3518 justam
782 3457 930 3503 tuam
954 3444 1366 3501 retributionem
1387 3442 1440 3497 in
1462 3440 1844 3512 sempiternum

2042 3440 2115 3495 ξ2.
2143 3442 2254 3494 Καὶ
2281 3440 2378 3513 τὴν
2406 3440 2619 3495 δικαίαν
2646 3458 2739 3495 σου
2774 3439 3194 3511 μισθαποδοσίαν
3237 3438 3533 3512 ἀτελευτή-

285 3539 426 3594 dona
453 3538 671 3594 mundis
698 3539 883 3594 corde.

1954 3546 2064 3596 τως
2094 3530 2337 3604 δὼρησαι
2368 3535 2483 3596 τοῖς
2511 3532 2773 3605 καθαροῖς
2807 3535 2873 3604 τῇ
2902 3531 3116 3605 καρδίᾳ.

354 3632 445 3687 25.
476 3630 691 3688 Nullum
717 3641 998 3703 peccatum
1032 3646 1119 3688 me
1143 3631 1472 3703 supplantet.

2026 3624 2118 3679 23.
2146 3623 2239 3696 Μὴ
2268 3625 2557 3696 πτερνήσει
2588 3624 2913 3698 [πτερνήσῃ]
2940 3643 3008 3697 με
3039 3628 3188 3680 πᾶσα
3218 3626 3484 3698 ἁμαρτία.

355 3725 446 3778 21.
479 3723 594 3778 Νοη
624 3724 882 3793 glorietur
907 3724 974 3780 de
1004 3740 1088 3780 me
1121 3724 1357 3795 potentia
1381 3722 1609 3778 inimici.

2028 3714 2118 3770 24.
2147 3716 2239 3787 Μὴ
2265 3718 2515 3790 καυχήση
2547 3735 2647 3789 μου
2679 3717 2755 3789 (1)
2789 3719 3076 3773 δυναστεία
3104 3720 3198 3773 τοῦ
3219 3718 3440 3791 ἐχθροῦ.

349 3817 441 3879 25,
470 3816 560 3872 26.
591 3815 807 3871 Cadunt
836 3816 1023 3887 utique
1047 3816 1342 3887 gaudentes
1379 3816 1432 3870 in
1461 3821 1706 3886 peccato.

2041 3808 2120 3873 25,
2144 3806 2234 3862 26.
2254 3809 2360 3862 Ναὶ
2390 3810 2646 3864 πίπτουσι
2669 3810 2746 3882 (2)
2766 3811 3045 3882 χαίροντες
3063 3813 3157 3867 ἐπὶ
3169 3816 3236 3885 τῇ
3262 3812 3532 3884 ἁμαρτία.

365 3906 431 3960 Ἡ
460 3904 793 3977 προκειμένη
818 3906 1096 3977 ἐπιγραφὴ
1145 3904 1385 3976 περιέχει
1430 3904 1505 3974 (5)
1532 3920 1546 3935 σ
1590 3901 1673 3968 Τῷ
1723 3897 1921 3954 Δαϐίδ.
1960 3895 2432 3969 Ἑρμηνεύεταιβὲ
2470 3902 2885 3971 πεποθημένος
2907 3904 3002 3956 καὶ
3023 3903 3531 3974 ἐξουθενημένος·

283 4002 418 4073 ὅπερ
451 3999 545 4052 ἐπὶ
581 3997 673 4052 τοῦ
694 3998 957 4070 παρόντος
977 4000 1229 4071 ληπτέον,
1259 4000 1346 4053 διὰ
1373 3998 1432 4052 τὸ
1464 3995 1714 4068 είρῆσθαι
1743 3992 1834 4045 τὸν
1866 3990 2081 4062 ψαλμὸν
2106 3993 2185 4054 είς
2214 3992 2341 4054 τοὺς
2368 3992 2609 4057 δικαίους
2628 3995 2753 4059 τοὺς
2783 3995 2993 4069 πεποοη
3003 3997 3199 4070 μένους
3222 3997 3329 4050 ὑπὸ
3355 3996 3494 4052 Θεοῦ
3514 4014 3531 4029 ·

281 4096 407 4156 τοὺς
437 4091 512 4163 (ι)
540 4090 755 4156 ἀσεϐεῖς
778 4092 902 4155 τοὺς
933 4090 1409 4162 ἐξουθενημένους.
1437 4089 1752 4160 Γέγραπται
1786 4085 1895 4157 γάρ
1914 4101 1928 4114 ο
1964 4082 2407 4152 Ἐξουδένωσας
2435 4085 2665 4155 πάντας
2699 4090 2841 4157 τοὺς
2862 4089 3360 4160 ἀποστατοῦντας
3410 4091 3534 4147 ἀπὸ

282 4186 400 4242 τῶν
426 4182 831 4254 δικαιωμάτων
850 4197 989 4250 σου,
1019 4184 1107 4237 ὅτι
1132 4183 1343 4237 ἄδικον
1368 4182 1433 4236 τὸ
1464 4182 1777 4250 ἐνθύμημα
1806 4178 2024 4235 αὐτῶν.

349 4274 564 4330 Titulus
615 4272 939 4343 praepositus
984 4271 1263 4327 continet:
1297 4269 1547 4327 Psalmus
1583 4270 1778 4327 David.
1831 4270 1999 4326 David
2049 4277 2232 4326 autem
2289 4270 2676 4343 interpretatur
2724 4272 3055 4329 desideratus
3088 4284 3143 4330 et
3167 4284 3535 4347 contemptus;

283 4369 428 4444 quod
463 4370 516 4425 in
546 4368 798 4440 praesenti
827 4368 901 4422 ita
934 4366 1311 4438 accipiendum
1344 4375 1447 4433 est,
1470 4376 1757 4439 propterea
1786 4367 1933 4438 quod
1957 4368 2204 4438 psalmus
2227 4366 2408 4423 dictus
2441 4376 2526 4424 est
2557 4367 2614 4422 in
2658 4367 2842 4438 justos
2870 4386 2896 4421 τι
2922 4368 3033 4425 Deo
3065 4370 3403 4427 desideratos
3430 4390 3448 4427 :
3476 4372 3534 4428 in

283 4465 479 4536 impios
504 4479 535 4519 a
568 4461 680 4519 Deo
717 4467 1076 4530 contemptos.
1109 4457 1387 4531 Scriptum
1420 4469 1507 4517 est
1547 4460 1692 4517 enim
1721 4479 1735 4515 :
1766 4460 2024 4532 Sprevisti
2056 4476 2235 4515 omnes
2282 4458 2604 4516 discedentes
2650 4478 2683 4516 a
2722 4462 2947 4532 judiciis
2990 4465 3117 4531 tuis,
3157 4465 3283 4536 quia
3327 4465 3537 4537 injuria

281 4555 532 4629 cogitatio
555 4570 736 4609 eorum
759 4553 828 4608 ".

352 4652 405 4705 1.
440 4645 562 4704 Noli
587 4646 880 4705 assimilari
901 4646 1338 4719 malignantibus.

1883 4648 1928 4705 ι)
2026 4647 2078 4701 1.
2111 4646 2203 4719 Μὴ
2230 4647 2415 4719 ὁμοίου
2441 4646 2564 4714 τοῖς
2594 4648 3127 4720 πονηρευομένοιῳ

355 4742 411 4799 2.
442 4738 627 4812 Neque
655 4749 706 4796 te
727 4739 1125 4811 comparaveris
1149 4739 1215 4794 ad
1237 4738 1453 4795 illorum
1477 4737 1741 4795 actiones.

2044 4740 2081 4794 ξ.
2107 4738 2258 4812 Μηδὲ
2285 4739 2555 4806 ἐξισοῦται
2578 4740 2654 4813 (5)
2679 4740 2878 4814 [ἐξισοῦ
2897 4742 2980 4823 σε]
2994 4744 3112 4807 ταῖς
3139 4742 3364 4799 ἐκείνων
3394 4746 3535 4820 πρά-

355 4920 681 4990 3.ριιοηὶιιηι
715 4929 970 4991 tanquam
1001 4920 1177 4991 fenum
1204 4928 1368 4977 decor
1394 4918 1702 4974 divitiarum
1734 4933 1846 4974 sua-

2041 4850 2092 4887 ιι.

2041 4926 2078 4979 5.
2112 4922 2236 4979 Ὅτι
2263 4923 2339 4997 (6,
2366 4926 2499 4981 ὡσεὶ
2535 4925 2724 5000 χόρτος
2765 4929 2799 5002 ἡ
2831 4929 3137 5002 εὐπρέπεια
3175 4930 3285 4986 τῶν
3310 4932 3532 5005 χρημά-

280 5029 427 5074 tum.

1955 5035 2061 5071 των
2088 5018 2285 5073 αὐτῶν.

349 5145 397 5178 ⁵⁸
426 5144 627 5203 Psalm.
657 5160 848 5214 cxvm,
884 5146 1009 5203 118.

1228 5258 1537 5323 Addenda
1568 5265 1628 5321 et
1676 5260 2050 5342 corrigenda
2081 5280 2160 5326 ex
2194 5265 2333 5327 cod.
2368 5265 2573 5328 Vatic.

463 5386 780 5463 Κατισχόσῃ
811 5406 933 5461 μου.
980 5457 992 5463 -
1082 5457 1096 5463 _
1154 5457 1166 5463 _
1276 5456 1301 5463 _
1335 5455 1357 5463 Δ
1430 5455 1501 5463 ___
1708 5458 1718 5463 _
1826 5459 1836 5463 Δ
2144 5390 2253 5463 l_(_a_l
2281 5390 2362 5463 είς
2386 5389 2533 5455 τούς,
2562 5398 2667 5448 etc.

358 5455 437 5531 (2)
481 5455 899 5531 Ἀνατρέπὸνται
931 5457 1041 5530 γὰρ
1074 5457 1181 5512 ὑπὸ
1209 5456 1303 5531 τοῦ
1330 5455 1601 5522 διαϐόλου,
1637 5458 1730 5511 καὶ
1778 5459 1854 5531 μὴ
2142 5458 2384 5531 Ἑξισοῦ.

279 5525 800 5611 δυναμενριρτῆναι,
837 5525 1099 5611 πίπτουσι
1133 5527 1438 5611 χαίροντες,
1471 5535 1577 5582 etc.
1605 5596 1630 5610 η
1684 5600 1697 5611 Δ
1752 5525 1854 5611 ,μ’
2138 5528 2229 5611 Ν.-
2245 5531 2389 5611 δάε
2429 5531 2621 5611 Ὅτι...
2655 5529 2842 5611 αὐτῶν
2895 5528 3030 5611 ταχὺ
3096 5525 3524 5611 μαρανθήσεται.

284 5593 651 5723 Τὲὅὶιὲὶιδδὲῗ
831 5593 1212 5723 ἔὲἒθαόάοεῶς
1230 5593 1243 5602 ’
1264 5597 1540 5670 περιέχει·
1563 5596 1641 5669 τῷ
1670 5598 1851 5655 Δαὸίδ.
1962 5593 2055 5654 καί
2078 5593 2142 5656 ἐκ
2169 5601 2267 5674 τῆς
2293 5600 2451 5672 δόξης
2489 5601 2582 5655 τοῦ
2612 5600 2841 5655 πλούτου
2873 5593 3052 5654 αὑτὶῖιν
3080 5593 3219 5671 ταχὺ
3258 5593 3385 5663 ἀτί,
3421 5607 3524 5651 etc.
