3776 6272
193 289 319 354 ’185
1088 294 1176 350 DE
1216 294 1494 354 TITULIS
1525 295 1973 356 PSALMORUM.
2008 329 2078 341 —
2104 297 2301 355 PSAL.
2333 297 2574 354 XXXW.
3343 298 3449 359 788

274 412 338 469 ὅ.
362 414 477 470 Kal
500 413 634 469 ὡσεὶ
655 414 861 487 λάχανα
887 414 1049 488 χλόης
1070 418 1206 488 ταχὺ
1245 381 1665 475 άποπεσδῦνται.

1957 420 2002 475 1.
2037 419 2103 476 Et
2145 418 2606 492 quemadmodum
2649 418 2799 476 olera
2839 420 3132 476 herbarum
3162 421 3269 477 citn
3297 421 3448 477 deci-

1882 512 2032 567 dent.

275 591 337 648 5.
370 592 630 647 Ἔλπισον
657 593 751 647 ἐπὶ
774 593 999 666 Κύριον,
1027 595 1123 650 καὶ
1146 595 1287 653 ποίει
1316 597 1658 670 χρηστότητα
1677 615 1692 630 ο

1604 614 1658 653 ια
1677 615 1692 630 ·
1951 604 2007 660 5.
2039 602 2206 676 Spera
2230 604 2284 660 in
2309 603 2561 670 Domino,
2583 613 2638 661 et
2660 603 2747 662 fac
2765 605 3095 673 bonitatem;

277 683 340 740 6.
364 685 477 738 Kal
507 687 846 759 κατασκήνου
873 686 970 759 τὴν
991 687 1097 756 γῆν
1115 702 1129 717 ·

1953 697 2019 753 6-
2043 697 2112 753 Et
2135 698 2386 753 inhabita
2410 707 2649 766 terram;

277 777 339 833 7.
366 777 480 831 Kal
507 778 852 851 ποιμανθήσῃ
886 779 980 832 ἐπὶ
1001 778 1080 849 τῷ
1112 778 1325 850 πλούτῳ
1347 780 1537 852 αὐτῆς.

1359 780 1537 852 ιύτῆς.
1954 788 2007 843 ⁵7.
2037 787 2105 844 Et
2134 789 2375 860 pasceris
2400 789 2456 844 in
2479 789 2850 861 divitiis-ejus.

273 870 334 924 8.
362 871 798 943 Κατατρύφησον
848 871 941 926 τοῦ
995 873 1220 946 Κυρίου,
1272 874 1382 930 καὶ.⁴
1408 874 1569 933 δώσει
1597 891 1687 931 σοι.
1712 875 1764 930 τί

1959 881 2005 936 Β.
2041 879 2322 938 Delectare
2357 881 2415 937 in
2455 880 2708 947 Domino,
2739 889 2795 938 et
2838 883 2988 939 dabit
3024 883 3120 939 tibi
3163 884 3450 956 petitiones

205 963 494 1034 αἰτήματα
517 962 618 1035 τῆς
642 962 872 1033 καρδίας
894 981 1013 1019 σου.

699 962 872 1033 ιρδίας
894 981 1013 1019 σου.
1885 973 2066 1030 cordis
2092 975 2190 1030 tui.

277 1052 335 1107 9.
379 1050 755 1123 ’Δποκάλυψον
777 1054 915 1126 πρὸς
941 1055 1145 1128 Κύριον
1173 1058 1271 1130 τὴν
1292 1057 1410 1116 ὀδόν
1443 1075 1558 1124 σου,

1510 1076 1558 1124 υ,
1955 1065 2009 1123 9.
2041 1064 2331 1123 Revela-ad
2352 1066 2645 1124 Dominum
2667 1067 2809 1123 viam
2832 1076 3001 1133 tuam,

282 1136 373 1192 10.
415 1138 526 1191 Kal
558 1137 776 1194 ἐλπισον
809 1142 897 1195 ἐπ’
918 1143 1101 1210 αὐτὸν,
1135 1146 1229 1201 καὶ
1252 1146 1412 1211 αὐτὸς
1438 1149 1691 1220 ποιήσει..

1454 1149 1691 1220 ποιήσει..
1951 1156 2039 1211 10.
2070 1156 2137 1214 Ει
2157 1174 2311 1228 spera
2337 1159 2392 1214 in
2424 1174 2511 1226 eo,
2532 1166 2588 1216 et
2614 1160 2732 1231 ipse
2752 1159 2945 1216 faciet:

277 1232 370 1286 11.
406 1231 520 1286 Kal
539 1232 736 1298 ἐξοίσει
766 1234 844 1299 ὡς
863 1235 976 1304 φῶς
1004 1236 1100 1309 τὴν
1125 1237 1467 1310 δικαιοσύνην
1490 1257 1581 1296 σου
1600 1256 1615 1272 ο

1959 1249 2048 1304 1ο1.
2083 1249 2150 1308 Et
2175 1252 2381 1309 educet.
2401 1252 2558 1322 quasi
2591 1253 2773 1308 lumen
2792 1253 3063 1323 justitiam
3089 1260 3257 1307 tuam.

279 1325 372 1380 12.
409 1326 520 1381 Kal
543 1327 605 1381 τὸ
636 1329 811 1400 κρίμά
829 1346 923 1385 σου
953 1329 1028 1395 ὡς
1059 1331 1427 1405 μεσημσρίαν.

1952 1341 2041 1394 12.
2077 1341 2143 1398 Ει
2164 1343 2432 1413 judicium
2462 1353 2615 1398 tuum
2652 1353 2907 1414 tanquam
2931 1344 3230 1400 meridiem.

280 1416 373 1472 15.
420 1418 755 1491 ’Υποτάγηθι
785 1419 864 1492 τῷ
884 1422 1094 1494 Κυρίῳ,
1117 1423 1212 1477 καὶ
1239 1424 1513 1482 ἱκέτευσον
1544 1426 1725 1485 αὐτόν.

1647 1427 1725 1483 όν.
1953 1430 2038 1485 15.
2069 1429 2331 1487 Subditus
2363 1441 2481 1488 esto
2501 1432 2754 1500 Domino,
2789 1444 2842 1488 et
2864 1449 2958 1489 ora
2989 1449 3137 1489 eum.

284 1509 375 1565 14.
409 1510 503 1583 Μὴ
541 1511 857 1583 παραζήλου
898 1515 958 1568 ὲν
998 1513 1078 1584 τῷ
1111 1516 1552 1589 κατευοδουμένῳ
1602 1519 1660 1573 ὲν
1713 1523 1775 1592 τῇ

1958 1522 2043 1578 14.
2076 1521 2196 1579 Noli
2245 1525 2491 1580 aemulari
2535 1526 2592 1579 in
2635 1539 2701 1580 eo
2749 1526 2843 1596 qui
2896 1535 3247 1596 prosperatur
3287 1524 3341 1578 in
3366 1523 3449 1577 via

205 1599 317 1672 δδῷ
337 1599 506 1654 αὑτοῦ
521 1619 538 1633 -

521 1619 538 1633 ’
1880 1635 2008 1689 sua;

275 1689 370 1781 18.
410 1691 803 1781 Ἐνάνθρῶπῳ
829 1694 1068 1751 ποιοῦντι
1113 1699 1473 1770 παρανομίαν.

1810 1758 1857 1781 ﬁ
1955 1710 2045 1766 15.
2071 1709 2130 1765 1n
2161 1709 2383 1766 homine
2415 1709 2649 1767 faciente
2672 1709 3002 1781 injustitias.‘

409 1780 623 1874 Παῦσαι
635 1758 757 1838 ’ἀπὸ
772 1758 973 1858 οργῆς,
990 1787 1085 1842 καὶ
1117 1758 1448 1858 ἐγκατάλιπε
1474 1788 1643 1861 θυμάν
1663 1808 1689 1823 ἠ

1810 1758 1860 1822 Β
1953 1803 2040 1857 16.
2076 1800 2270 1857 Desine
2293 1803 2363 1857 ab
2393 1803 2495 1871 ira,
2526 1811 2581 1858 et
2607 1758 2919 1874 derelinque
2942 1802 3179 1856 furorem
3206 1818 3219 1854 :

538 1874 871 1949 παραζήλου,
902 1877 1044 1932 ὥστε
1068 1880 1501 1952 πονηρεύεσθαι·

1958 1895 2044 1949 1τ.
2076 1892 2198 1948 Noli
2225 1894 2494 1960 aemulari,
2531 1904 2588 1950 ut
2616 1871 2930 1967 maligneris
2948 1911 2975 1960 ;-

283 1964 377 2022 18.
412 1965 535 2020 Ὀτι
563 1967 613 2019 οἱ
635 1968 1057 2040 πονηρευόμενοι
1081 1968 1620 2044 ὲξολοθρευθήσονται
1640 1993 1652 2005 ·

1958 1986 2042 2041 18.
2073 1984 2360 2052 Quoniam,
2386 1986 2480 2057 qui
2504 1964 2889 2057 malignantur,
2916 1983 3449 2039 exterminabuntur:

280 2057 371 2113 19.
401 2059 466 2113 οι
493 2058 553 2112 δὲ
575 2059 939 2130 ὑπομένοντες
965 2060 1057 2115 τὸν
1091 2062 1331 2134 Κύριον,
1355 2064 1507 2122 αὐτοὶ
1527 2065 1771 2138 κληρονο-

1957 2077 2046 2132 19.
2076 2075 2422 2133 Sustinentes
2448 2087 2630 2133 autem
2672 2077 2987 2145 Dominum,
3021 2077 3124 2147 ipsi
3162 2074 3445 2130 haeredita-

215 2150 453 2222 μήσουσι
481 2150 582 2222 τὴν
619 2149 747 2221 γῆν.

1886 2166 2022 2222 bunt
2056 2175 2278 2221 terram.

281 2240 375 2297 20.
406 2242 518 2296 Kal
536 2240 617 2294 ἔτι
638 2241 836 2311 ὀλίγον,
858 2242 957 2297 καὶ
970 2243 1032 2298 ού
1050 2244 1126 2316 μὴ
1151 2245 1368 2317 ὑπάρξῃ
1389 2248 1419 2301 ὁ
1439 2248 1772 2321 ἁμαρτωλός⁴

1958 2256 2050 2311 20.
2075 2255 2142 2311 Et
2169 2256 2348 2313 adhuc
2380 2258 2660 2327 pusillum,
2685 2266 2739 2314 et
2771 2272 2878 2311 non
2901 2258 3005 2311 erit
3037 2264 3307 2326 peccator.

283 2331 378 2386 21.
407 2333 520 2386 Kal
540 2332 798 2404 ζητήσεις
817 2332 909 2390 τὸν
924 2333 1088 2387 τόπον
1103 2335 1289 2401 αὐτοῦ,
1306 2338 1400 2391 καὶ
1420 2339 1481 2393 ού
1503 2339 1577 2411 μὴ
1594 2340 1774 2415 εὕρῃς.

1961 2347 2054 2405 21.
2083 2346 2150 2402 Ει
2174 2363 2387 2418 queres
2416 2349 2596 2404 locum
2625 2349 2764 2420 ejus.
2788 2356 2843 2405 et
2865 2362 2972 2402 non
3009 2346 3271 2401 invenies.

284 2428 379 2483 22.
407 2429 473 2482 Oi
494 2427 554 2483 δὲ
585 2431 781 2501 πραεῖς
810 2429 1275 2501 κληρονομήσουσι
1299 2431 1403 2502 γῆν
1426 2446 1440 2460 ⁸

1958 2438 2049 2494 22.
2078 2439 2344 2496 Mansueti
2370 2449 2551 2496 autem
2582 2440 2976 2496 haereditabunt
3003 2449 3203 2494 terram
3229 2456 3241 2492 :

284 2518 377 2575 23.
404 2519 516 2575 Kal
543 2521 1054 2592 κατατρυφήσουσιν
1086 2522 1178 2577 ἐπὶ
1207 2521 1399 2592 πλήθει
1422 2523 1662 2596 εἰρήνης.

1961 2526 2052 2582 25.
2083 2526 2150 2583 Ει
2175 2527 2596 2599 delectabantur
2627 2529 2684 2584 in
2716 2528 3064 2584 multitudine
3087 2527 3258 2598 pacis.

1341 2674 1720 2735 ATHANASII
1757 2676 2338 2739 INTEBPRETATIO.

286 2830 343 2890 4.
371 2830 523 2903 Ταχὺ
547 2830 952 2886 α’ποπεσοῦνται
981 2828 1195 2903 θανάτῳ
1229 2832 1643 2904 παραδοθέντες.

1373 2832 1643 2897 ιδοθέντες.
1815 2844 1857 2901 C
1962 2839 2016 2893 Ak
2049 2838 2171 2896 Cito
2195 2840 2445 2897 decideut
2467 2842 2629 2898 morti
2659 2841 2864 2897 traditi.

287 2923 344 2979 5.
370 2924 484 2977 Kal
517 2923 662 2978 ποίει
686 2925 797 2979 πᾶν
817 2924 979 2999 ἔργον
1007 2925 1230 2995 ἀγαθόν.

1968 2930 2020 2986 5.
2055 2930 2123 2987 Et
2156 2931 2241 2988 fac
2261 2949 2423 2989 omne
2449 2949 2588 3004 opus
2621 2933 2867 2991 bonum..

285 3015 343 3080 6,
371 3016 425 3071 7‘.
458 3016 567 3070 Kal
618 3016 758 3071 οἴκει
812 3018 906 3071 ἐπὶ
954 3017 1055 3089 τῆς
1088 3019 1192 3089 γῆς
1235 3021 1652 3092 ποιμαινόμενος
1685 3022 1776 3079 ύπὶ

1968 3024 2019 3087 6,
2044 3023 2094 3078 7.
2124 3023 2189 3079 Et
2218 3024 2400 3081 habita
2442 3028 2498 3080 in
2535 3035 2680 3081 terra
2713 3025 2949 3081 nutritus
2970 3038 3001 3080 a
3022 3022 3252 3079 Domino
3277 3040 3290 3077 :
3320 3020 3459 3077 divi-

220 3109 464 3181 Kuplow
502 3109 732 3174 πλοῦτος
778 3109 888 3183 γάρ
916 3111 1013 3183 τῆς
1043 3111 1145 3182 γῆς
1174 3113 1203 3166 ὁ
1240 3110 1446 3185 Κύριος
1474 3115 1708 3186 ὑπάρχει

1971 3116 2153 3171 :enim
2188 3125 2347 3173 teme
2379 3116 2646 3174 Dominus
2684 3126 2834 3183 sunt,
2866 3116 3050 3174 ditans
3073 3131 3194 3173 eam
3226 3115 3462 3171 diversis

216 3201 467 3257 πλουτῶν
496 3203 666 3275 αὐτὴν
694 3202 878 3261 ἄνθεσι
901 3202 1180 3275 διαιρόροις
1208 3205 1302 3259 καὶ
1337 3204 1574 3278 δένδρεσι
1598 3223 1707 3263 παν

1411 3205 1574 3278 ρδρεσι
1598 3223 1793 3263 παντο·
1894 3206 2121 3265 tioribus
2139 3217 2193 3265 et
2218 3210 2367 3266 omni
2393 3204 2597 3285 genere
2621 3209 2902 3266 arborum.

220 3294 432 3351 ὃαπέσι.
900 3306 903 3307 ⁷

288 3388 343 3444 8.
391 3387 703 3460 ’Δγάπιισον
723 3390 816 3443 τὸν
845 3389 1050 3463 Κύριον
1081 3386 1142 3453 ἐξ
1171 3388 1300 3460 ὅλης
1318 3389 1497 3461 ψυχῆς
1520 3431 1536 3455 ,
1572 3389 1665 3462 (1)
1700 3408 1711 3443 :

1991 3391 2020 3443 ι.
2047 3387 2220 3461 Dilige
2258 3387 2550 3445 Dominum
2589 3403 2656 3445 ex
2695 3396 2804 3444 tota
2841 3386 3137 3454 anima,,et
3172 3358 3482 3440 facictwom

221 3479 291 3538 τὰ
320 3478 607 3554 θελήματά
636 3498 727 3535 σου
761 3482 1001 3553 ποιήσει.

806 3482 1001 3553 οιήσει.
1896 3481 2131 3538 luntates
2157 3490 2297 3537 tuas.

288 3572 345 3629 9.
391 3571 821 3642 Ἀποκάλυψον
848 3573 999 3642 πρὸς
1024 3574 1241 3643 Κύριον
1255 3572 1355 3643 τὴν
1374 3572 1606 3643 καρδίαν
1635 3590 1748 3638 σου,

1483 3572 1606 3626 δίαν
1635 3590 1748 3638 σου,
1970 3576 2024 3630 9.
2056 3573 2246 3629 Revela
2273 3576 2353 3626 αα.
2377 3558 2658 3627 Dominum
2681 3588 2777 3632 cor
2797 3580 2974 3638 tuum,

288 3665 379 3720 10.
416 3666 530 3720 Kal
554 3665 717 3729 αὐτὸς
742 3664 997 3739 ὁδηγήσει
1031 3682 1089 3719 σε
1119 3666 1198 3730 είς
1231 3666 1338 3719 πᾶν
1372 3664 1543 3737 ἔργον.
1567 3666 1779 3734 ἀγαθόν.

1971 3666 2058 3721 to.
2093 3665 2160 3720 Et
2183 3666 2300 3736 ipse
2320 3664 2551 3721 deducet
2576 3673 2629 3721 te
2652 3665 2903 3720 inomne
2932 3677 3069 3733 opus
3098 3660 3321 3717 bonum.

292 3759 385 3814 11.
416 3757 704 3830 Καθαρὰν,
743 3758 911 3827 λέγει.

1970 3759 2058 3813 11.
2083 3756 2363 3827 Mundam,
2390 3756 2586 3828 inquit.

292 3854 385 3909 12.
422 3853 871 3926 Πεφοηισμένην.

1972 3852 2060 3908 12.
2089 3850 2455 3907 llluminatum
2488 3849 2654 3905 dicit.

290 3943 493 4003 15-15.
519 3944 868 4001 Ταπείνωσον
901 3946 1127 4001 σεαυτὸν
1161 3943 1239 4016 (2)
1270 3944 1384 3999 ύπὸ¹
1404 3942 1501 4015 τὴν
1529 3941 1781 4014 κραταιὼ

1972 3944 2163 4000 15-15.
2209 3942 2444 4000 Humilia
2471 3942 2703 4015 teipsum
2729 3941 2833 3998 sub
2862 3941 3066 4012 potenti
3111 3938 3237 4011 ejus
3260 3952 3461 3993 manu:

225 4036 391 4093 αὐτοῦ
418 4038 579 4109 χεῖρα
602 4034 745 4108 σ’μή,
766 4035 862 4091 ἐὰν
887 4035 1001 4108 ἴδῃς
1038 4037 1162 4100 τοὺς
1192 4035 1606 4107 ἁμαρτάνοντας
1633 4032 1716 4087 εύε

1975 4078 1989 4103 ,
2041 4037 2089 4095 si
2131 4037 2333 4093 videris
2368 4045 2681 4109 peccatores
2729 4049 2986 4106 prospere
3033 4042 3271 4106 agentes,
3321 4031 3466 4085 indi-

224 4129 471 4193 νοῦντας,
505 4126 767 4200 ὀργισθῇς
789 4128 848 4182 ὲν
876 4130 945 4200 τῇ
975 4127 1171 4200 καρδίᾳ
1210 4143 1307 4180 σου
1348 4126 1414 4180 δι’
1462 4126 1681 4189 αὐτοὺς,
1708 4143 1715 4179 1

1975 4127 2086 4184 eris
2108 4139 2329 4200 propter
2358 4143 2454 4184 eos
2477 4127 2533 4183 in
2564 4125 2727 4184 corde
2751 4134 2867 4192 tuo,
2901 4134 2956 4182 et
2985 4124 3119 4181 velis
3150 4124 3309 4179 talem
3328 4121 3465 4185 ﬁeri,

225 4214 464 4289 θελήσῃς
494 4213 748 4284 γενέσθαι
770 4214 1007 4279 τοιοῦτος
1029 4216 1210 4278 ὁποῖος
1239 4216 1502 4278 κάκεῖνος.
1833 4207 1879 4264 1)
1905 4220 2097 4291 quales
2125 4220 2199 4275 illi
2226 4228 2373 4277 sunt.

294 4306 389 4363 16.
430 4305 600 4378 Ὀργὴ
628 4306 737 4378 γὰρ
759 4305 951 4378 ἀνδρὸς
975 4305 1322 4377 δικαιοσύνην
1345 4304 1480 4358 Θεοῦ
1512 4304 1612 4358 ούκ
1632 4305 1785 4374 ἀπερ-

1978 4311 2066 4367 16.
2100 4310 2182 4366 Ira
2223 4312 2369 4367 enim
2416 4312 2658 4371 hominis
2692 4309 2962 4384 justitiam
2988 4307 3085 4362 Dei
3126 4321 3237 4362 non
3273 4318 3469 4374 opera-

227 4398 456 4468 γάζεται
477 4396 577 4467 (ὅ).

520 4397 577 4467 i).
1903 4410 2011 4458 tur.

296 4491 393 4546 17.
418 4488 514 4562 Μὴ
551 4489 718 4562 μιμοῦ
750 4489 811 4544 τὺ
839 4491 1027 4544 κακόν.

1977 4492 2066 4547 17.
2097 4490 2176 4548 Ne
2197 4492 2428 4551 imiteris
2452 4491 2678 4547 malum.

292 4582 388 4638 18.
419 4582 543 4636 Ὀτι
566 4583 614 4635 οἱ
644 4580 923 4647 ποιοῦντες
942 4582 1002 4637 τὸ
1029 4583 1205 4637 κακὸν
1240 4580 1776 4654 ὲξολοθρευθήσονται

1978 4585 2060 4641 18.
2100 4584 2370 4652 Quoniam
2408 4583 2670 4641 facientes
2714 4581 2919 4637 malum
2961 4579 3469 4639 exterminaoumur.

296 4675 389 4733 19.
421 4674 486 4728 Οἱ
531 4673 591 4728 δὲ
630 4672 1059 4745 ἀπεκδεχόμενοι
1085 4672 1178 4727 τοῦ
1217 4673 1423 4745 Κυρίου
1466 4673 1563 4746 τὴν
1598 4675 1787 4744 ἐπιφά-

1993 4678 2066 4733 L9.
2093 4675 2489 4746 Exspectantes
2534 4685 2716 4730 autem
2760 4672 2980 4728 Domini
3024 4668 3484 4740 adventum,.ips't

228 4783 403 4833 νειαν,
435 4765 593 4821 αὐτοὶ
627 4764 1099 4839 κληρονομήσουσι
1126 4765 1224 4839 τὴν
1255 4765 1527 4838 βασιλείαν
1567 4765 1675 4821 τῶν
1707 4766 1800 4820 ού·
1907 4768 2309 4825 ltmreditabunt
2339 4782 2566 4837 regnum
2590 4767 2891 4823 calorum-

427 4950 639 5021 Ὀλίγον
675 4951 785 5022 γάρ
815 4950 953 5013 ἐστι,
983 4951 1079 5004 καὶ
1110 4950 1441 5023 παρέρχεται
1463 4952 1492 5005 ὁ
1520 4951 1721 5022 κόσμος

1973 4944 2065 5001 20.
2095 4944 2357 5000 Ρυειιιιιηι
2385 4944 2532 5000 enim
2553 4951 2660 5008 est,
2684 4951 2740 4999 et
2764 4943 3002 4999 mundus
3032 4940 3341 5013 pertransit.

295 5043 389 5099 21.
419 5043 785 5117 Παραδίδσται
808 5041 919 5113 γάρ
952 5042 1180 5107 ἕκαστος
1222 5042 1331 5096 τῶν
1377 5042 1786 5116 άμαρτανόντωι

1984 5035 2067 5091 2|.
2095 5035 2305 5108 Singuli
2327 5036 2473 5093 enim
2498 5044 2817 5107 peccatores
2834 5042 3053 5091 aeterna:
3071 5030 3341 5103 punitioni
3366 5037 3475 5085 tra-

225 5137 293 5206 τῇ
316 5133 514 5206 αίωνίᾳ
545 5133 763 5188 κολάσει
797 5132 894 5205 (1).

639 5133 763 5188 ,άσει
797 5132 894 5205 (1).
1909 5129 2130 5184 duntur.

296 5224 389 5279 22.
413 5223 527 5297 Τὴν
555 5223 669 5279 άνω
704 5223 1056 5296 Ἰερουσαλὴμ
1082 5221 1251 5290 λέγει.

1981 5217 2073 5272 22.
2111 5217 2413 5291 Supernam
2434 5218 2744 5275 .erusalem
2760 5215 3047 5288 signiﬁcat.

299 5317 391 5373 25.
422 5317 523 5381 Εἰς
553 5314 646 5370 τὸν
680 5313 855 5370 αίῶνα
882 5312 975 5368 τοῦ
1002 5313 1214 5377 αἰῶνος.

1192 5331 1214 5367 ’.
1984 5311 2074 5367 25.
2103 5310 2162 5367 1η
2186 5312 2453 5368 εωοιιιιιω
2475 5310 2683 5368 saeculi.

1178 5465 1485 5531 Addenda
1532 5473 1595 5531 et
1622 5467 1997 5549 corrigenda
2041 5486 2119 5531 ex
2154 5467 2292 5531 cod.
2328 5467 2533 5529 Vatic.

302 5575 349 5645 (1
400 5575 490 5629 ‘Fu
530 5575 597 5640 ’ς
626 5591 742 5638 σου,
772 5576 865 5628 καὶ
889 5573 957 5627 τά
992 5582 1040 5627 et
1069 5571 1160 5626 rel.
1203 5571 1390 5626 desunt
1429 5573 1484 5625 in
1510 5571 1626 5625 cod.

304 5575 378 5715 (2)
402 5592 593 5701 Ν.
643 5642 1306 5715 Ταπείνωσονψὲαυτὸν...
1362 5645 1538 5715 χεῖρα.
1554 5714 1567 5715 η
1597 5639 1665 5695 Ν.
1709 5642 1793 5713 11,

1123 5571 1160 5625 ί.
1203 5571 1390 5626 desunt
1429 5573 1484 5625 in
1510 5571 1626 5625 cod.
1982 5574 2061 5643 (5)
2088 5574 2163 5627 Ού
2197 5572 2611 5643 κατεργάζεται.

1120 5642 1306 5696 υτον...
1362 5645 1538 5715 χεῖρα.
1554 5714 1567 5715 η
1597 5639 1665 5695 Ν.
1709 5642 1798 5713 11,
1982 5645 2057 5715 (4)
2088 5645 2182 5709 Εἰς
2210 5643 2308 5715 τὴν
2332 5641 2546 5699 αἰώνιον
2583 5659 2611 5696 κ

643 5644 1024 5717 Ἰῖαπείνωσον-
1044 5642 1311 5717 ἑαυτὸν...
1362 5645 1571 5717 χεῖρα.Δ
1597 5639 1665 5695 Ν.
1709 5642 1798 5713 14,
2088 5645 2182 5709 Et;
2210 5643 2308 5717 τὴν
2332 5639 2546 5699 αἰώνιον
2583 5641 2820 5697 κόλασιν.

234 5713 316 5773 15.
347 5713 510 5789 Μὴ...
564 5713 817 5785 γενέσθαι
870 5713 1142 5780 τοσοῦτος,
1192 5713 1673 5769 ὁποῖοικᾶκεῖνοι.
1993 5713 2047 5717 ”
2265 5713 2275 5717 ⁷
2671 5730 2679 5739 ·

242 5811 252 5826 Ι
