3776 6272
317 287 418 344 737
1151 295 1208 350 S.
1253 296 1625 352 ATHANASII
1663 298 1814 354 OPP.
1854 296 2037 353 PARS
2070 297 2161 352 ill.
2196 327 2267 338 -—-
2299 288 2709 348 EXEGETICA.
3438 277 3548 340 788

383 409 471 462 Ἦ.
507 408 828 467 Observabit
852 421 1103 482 peccator
1127 413 1338 483 justum
1364 433 1378 470 :

1917 422 1951 479 Α
2047 416 2136 471 24.
2167 413 2619 485 Παρατηρήσεται
2657 412 2685 463 ό
2716 407 3035 480 ἁμαρτωλὸς
3061 406 3150 460 τὸν
3172 406 3408 462 δίκαιον·

389 499 481 554 25.
512 498 579 555 Et
607 502 854 558 stridebit
881 519 1044 573 super
1073 521 1197 559 eum
1225 507 1479 564 dentibus
1509 509 1663 571 suis.
1727 519 1730 522 ’

2056 506 2145 561 25.
2177 506 2287 557 Kal
2321 502 2504 574 βρύξει
2530 505 2615 555 ἐπ’
2647 502 2807 555 αὐτὸν
2828 500 2954 564 τοὺς
2987 498 3203 562 ὀδόντας
3229 495 3415 553 αὐτοῦ.

387 591 478 646 26.
507 591 766 651 Dominus
801 605 977 650 autem
1008 597 1254 653 irridebit
1283 616 1406 654 eum
1431 619 1444 655 :

2055 596 2145 651 26.
2189 596 2246 649 '0
2274 595 2330 648 δὲ
2351 594 2552 666 Κύριος
2585 591 2935 659 ὲκγελὰσεται
2973 588 3163 643 αὐτόν·

390 681 480 737 27.
506 682 773 751 Quoniam
802 689 1080 758 prospicit,
1107 692 1248 759 quod
1279 693 1460 747 veniet
1483 693 1598 748 dies
1625 692 1767 762 ejus.

2054 688 2143 743 27.
2173 687 2295 739 Ὅτι
2320 683 2630 756 προϐλέπει,
2657 681 2737 734 ὅτι
2763 680 2882 752 ἥξει
2909 681 2942 749 ή
2979 679 3163 752 ἡμέρα
3195 675 3379 732 αὑτοῦ.

391 774 481 828 28.
514 774 764 833 Gladium
792 781 1215 850 evaginavernnt
1246 795 1591 853 peccatores;

2057 782 2147 836 28.
2185 779 2479 850 Ῥομφαίαν
2507 776 2813 833 ἐσπάσαντο
2836 775 2887 826 οἱ
2913 771 3252 844 ἁμαρτωλοί·

394 866 484 921 29.
516 867 866 927 lntenderunt
905 889 1094 930 arcum
1129 891 1288 930 suum
1328 875 1535 948 [suum,
1569 893 1686 934 rem
1738 894 1885 932 ama-

2065 873 2148 926 29.
2192 871 2486 926 Ἐνέτειναν
2518 868 2669 934 τόξον
2715 865 2892 922 αὐτῶν
2926 863 3127 938 [αὐτῶν
3185 863 3418 934 πρᾶγμα
3461 877 3556 915 πι-

325 957 466 1030 ram1
490 976 504 1024 ;

1992 964 2155 1038 κρόν]
2171 983 2186 999 ·

393 964 584 1100 5mg.’Ut
614 1046 872 1116 dejiciant
896 1064 1186 1119 pauperem
1215 1061 1269 1106 et
1299 1052 1516 1123 inopem
1545 1072 1562 1121 ;

1992 964 2155 1113 x936?
2183 1055 2289 1110 Τοῦ
2315 1054 2638 1109 καταϐαλεῖν
2667 1051 2878 1122 πτωχὸν
2897 1051 2990 1103 καὶ
3017 1047 3225 1118 πένητα
3245 1063 3258 1078 ·

397 1138 504 1195 51..
525 1137 590 1193 Ut
617 1138 890 1196 trucident
918 1153 1097 1198 rectos
1123 1145 1305 1199 corde.

2060 1149 2148 1202 51.
2179 1148 2285 1202 Τοῦ
2319 1146 2517 1216 σφάξαι
2545 1145 2671 1207 τοὺς
2696 1143 2868 1205 εὐθεϊς
2893 1143 2959 1212 τῇ
2992 1140 3205 1212 καρδία.

395 1229 484 1284 52.
516 1229 740 1289 Gladius
771 1247 962 1288 eorum
988 1234 1153 1291 intret
1178 1235 1235 1290 in
1251 1251 1347 1292 cor
1373 1235 1586 1311 [corda]
1609 1253 1886 1309 Ipsorum;

2063 1240 2148 1296 32.
2190 1240 2255 1293 Ἦ
2286 1237 2526 1309 ῥομφαία
2549 1236 2725 1290 αὐτῶν
2766 1232 2998 1287 είσέλθοι
3053 1234 3132 1296 εἰς
3181 1230 3279 1300 τὴν
3329 1227 3554 1300 καρδίαν

1995 1333 2108 1407 [είς
2137 1330 2396 1402 καρδίας]
2429 1330 2606 1383 αὐτῶν
2627 1346 2642 1361 ο

396 1412 485 1466 55.
519 1411 584 1467 Et
615 1430 776 1470 arcus
797 1431 988 1470 eorum
1017 1417 1452 1490 confringantur.

2062 1425 2151 1480 55.
2184 1424 2292 1479 Ka't
2323 1421 2393 1476 τὰ
2414 1422 2541 1486 τόξα
2573 1421 2751 1475 αὐτῶν
2780 1417 3109 1492 συντριὸείη.

395 1499 485 1556 54.
519 1500 710 1560 Melius
734 1515 818 1561 est
844 1507 1118 1562 medicum
1136 1509 1308 1580 justo,
1338 1527 1502 1582 super
1531 1511 1749 1569 divitias
1771 1528 1886 1584 pec-

2068 1517 2148 1574 54.
2182 1519 2449 1590 Κρεῖσσον
2469 1513 2644 1583 ὀλίγον
2659 1511 2736 1584 τῷ
2755 1512 2946 1583 δικαίῳ
2975 1510 3114 1582 ὑπὲρ
3130 1509 3357 1563 πλοῦτον
3377 1509 3559 1581 ἁμαρ-

327 1601 571 1647 catorum
602 1596 802 1652 multas
828 1614 844 1653 :

1993 1611 2178 1665 τω).ῶν
2206 1609 2390 1663 πολύν.

398 1683 487 1738 55.
519 1683 790 1750 Quoniam
819 1689 1042 1746 brachia
1069 1706 1417 1762 peccatorum
1453 1703 1822 1751 conterentur.

2067 1702 2156 1756 '55.
2185 1703 2307 1754 Ὀτι
2342 1699 2621 1770 βραχίονες
2641 1695 2978 1768 ἁμαρτωλῶν
3011 1694 3485 1766 συντριϐήσονται·

401 1774 488 1829 56.
521 1775 816 1834 Conﬁrmat
839 1791 1019 1838 autem
1047 1785 1225 1853 justos
1257 1784 1539 1841 Dominus.

1927 1772 1969 1828 Β
2067 1792 2156 1845 56.
2196 1788 2576 1860 ’Υποστηρίξει
2605 1788 2662 1840 δὲ
2691 1789 2818 1851 τοὺς
2846 1787 3089 1849 δικαίους
3117 1788 3145 1840 ό
3169 1785 3389 1856 Κύριος.

400 1867 489 1920 57.
524 1865 684 1923 Novit
708 1870 971 1929 Dominus
994 1877 1110 1931 vias
1142 1876 1616 1932 immaculatorum
1649 1895 1665 1932 :

2069 1885 2158 1939 '57.
2193 1882 2451 1937 Γινώσκει
2483 1880 2687 1952 Κύριος
2715 1879 2819 1944 τὰς
2851 1881 3003 1944 ὁδοὺς
3032 1879 3142 1933 τῶν
3174 1878 3449 1949 ἅμώμωνο

394 1956 484 2012 58.
513 1957 580 2014 Ει
610 1961 894 2021 hereditas
929 1982 1116 2022 eorum
1143 1968 1197 2022 in
1225 1979 1482 2024 aeternum
1512 1968 1638 2024 erit.

2069 1973 2156 2027 58.
2191 1971 2300 2026 Καὶ
2333 1973 2365 2044 ἡ
2395 1972 2725 2043 κληρονομία
2754 1971 2930 2025 αὐτῶν
2964 1972 3044 2035 είς
3069 1969 3162 2025 τδν
3184 1970 3355 2024 αἰῶνα
3385 1969 3559 2025 ἔσται.

395 2045 488 2102 59.
520 2047 637 2105 Νοη
667 2052 1068 2112 οοηΐυηᾱειιιυι·
1091 2059 1145 2112 in
1173 2069 1414 2130 tempore
1440 2061 1585 2115 malo
1611 2078 1625 2114 :
2071 2065 2157 2119 59.
2189 2065 2263 2116 Οὐ
2302 2062 2853 2133 καταισχυνθήσονται
2882 2064 2938 2115 ὲν
2969 2061 3144 2134 καιρῷ
3165 2060 3420 2134 πονηρῷ·

397 2137 488 2192 40.
521 2138 588 2194 Ει
620 2142 674 2196 in
705 2144 898 2201 diebus
923 2147 1084 2204 famis
1111 2151 1524 2208 saturabuntur.

2073 2156 2162 2210 40.
2197 2157 2307 2210 Καὶ
2342 2158 2399 2208 ὲν
2428 2156 2662 2227 ἡμέραις
2691 2154 2849 2224 λιμοῦ
2876 2153 3353 2226 χορτασθήσονται.

371 2228 486 2320 41.
520 2229 658 2297 Quia
686 2247 1002 2305 peccatores
1036 2243 1329 2310 peribunt:

2071 2247 2159 2302 41.
2191 2249 2312 2300 Ὅτι
2335 2248 2382 2300 οἱ
2408 2245 2717 2318 ἁμαρτω).οὶ
2740 2245 3064 2299 ἀπολοῦνται
3085 2261 3098 2277 ·

402 2322 493 2376 42.
527 2324 735 2382 Inimici
767 2345 896 2385 vero
920 2331 1136 2387 Domini
1166 2350 1292 2390 mox
1319 2345 1378 2391 ut
1404 2337 1746 2392 lionoriiicati
1777 2333 1893 2390 fue-

2078 2340 2160 2394 ιὲ.
2197 2341 2259 2393 Οἱ
2293 2339 2350 2392 δὲ
2376 2338 2559 2410 ἐχθροὶ
2585 2335 2678 2390 τοῦ
2707 2337 2910 2408 Κυρίου
2932 2377 2947 2401 ,
2991 2336 3106 2408 ἅμα
3129 2336 3214 2408 ,τῷ
3245 2337 3569 2410 ὣξασθῆναι

333 2413 442 2468 rint
464 2415 566 2486 ipsi
600 2428 656 2473 et
681 2423 924 2491 exaltati,

2004 2433 2201 2496 αὐτοὺς
2223 2431 2318 2485 καὶ
2347 2431 2622 2502 ὑψωθῆναι
2644 2472 2658 2496 ,

401 2509 490 2564 45.
521 2509 837 2573 Deﬁcientes
871 2520 1326 2588 quemadmodum
1361 2529 1548 2580 turnus
1579 2523 1852 2579 deﬁcient.

1795 2532 1852 2577 tt.
2074 2524 2164 2578 45.
2214 2522 2584 2586 Ἐκλείποντες
2621 2521 2752 2575 ὡσεὶ
2781 2523 2984 2586 καπνὸς
3021 2522 3286 2588 ἐξέλιπον.

401 2601 492 2656 44.
527 2602 802 2661 Mutuatur
829 2623 1097 2681 peccator,
1125 2623 1180 2668 et
1205 2631 1314 2669 non
1339 2617 1508 2671 solvet
1536 2633 1550 2670 :

2076 2615 2164 2668 44.
2195 2613 2500 2679 Δανείζεται
2520 2617 2548 2668 ό
2573 2614 2911 2686 ἁμαρτωλὸς,
2935 2616 3028 2670 καὶ
3054 2617 3152 2669 οὐκ
3181 2616 3459 2669 ἀποτίσει·

405 2692 494 2746 45.
527 2693 714 2754 Justus
739 2709 919 2757 autem
953 2705 1262 2770 miseretur,
1290 2718 1342 2761 et
1371 2708 1590 2766 tribuet.

2076 2709 2168 2764 45.
2219 2709 2276 2761 '0
2300 2707 2356 2760 δὲ
2387 2707 2593 2770 δίκαιος
2612 2707 2890 2780 οίκτείρει,
2922 2707 3016 2761 καὶ
3051 2707 3285 2763 δίδωσιν.

1451 2840 1826 2899 ATHANASII
1865 2841 2451 2899 INTERPRETATIO.

407 2949 499 3004 24.
527 2949 790 3009 Diabolus
819 2963 873 3009 et
900 2954 1021 3025 ejus
1050 2955 1290 3012 ministri
1323 2956 1615 3012 observant
1637 2957 1842 3015 ﬁdeles.

2088 2960 2165 3015 Μ.
2203 2959 2264 3014 '0
2293 2957 2536 3022 διάϐολος
2567 2957 2660 3012 καὶ
2700 2957 2750 3010 οἱ
2788 2955 2954 3011 αὐτοῦ
2987 2955 3422 3031 παρατηροῦνται
3446 2961 3579 3026 τοὺς

2009 3065 2255 3112 πιστους.

409 3135 498 3189 25.
530 3134 789 3202 Quaerens
810 3138 986 3207 ipsum
1011 3140 1257 3208 perdere.

2078 3139 2170 3195 25.
2201 3137 2385 3209 Ζητῶν
2418 3137 2577 3190 αὑτὸν
2601 3135 2893 3190 ἀναλῶσαι.

408 3227 500 3281 26.
536 3226 673 3282 Eum
725 3229 1004 3286 inﬁrmum
1049 3233 1318 3302 ostendet;
1343 3242 1397 3290 ct
1427 3233 1546 3305 ejus
1572 3234 1899 3292 voluntatem

2092 3230 2167 3284 26.
2213 3230 2436 3301 ’Λσθενῆ
2471 3229 2634 3284 αὑτὸν
2665 3228 2969 3298 ἀναδείξει,
3005 3227 3083 3301 (Ι)
3123 3229 3214 3284 καὶ
3246 3229 3345 3304 τὴν
3380 3231 3583 3308 βουλὴν

339 3319 549 3375 irritam
581 3319 763 3376 faciet.

2011 3323 2174 3381 αὖτοῦ
2199 3321 2517 3394 ματαιὼσει.

405 3414 498 3471 27.
536 3416 660 3473 Dies
681 3420 984 3489 punitionis
1010 3422 1152 3492 ejus.

2081 3415 2173 3469 27.
2221 3415 2285 3468 Ἦ
2320 3413 2503 3486 ἡμέρα
2529 3415 2630 3484 τῆς
2654 3411 2927 3476 κολάσεως
2955 3410 3138 3468 αὑτοῦ.

408 3507 500 3562 28.
534 3507 819 3566 Daemones
847 3522 1148 3582 peccatum.

2082 3506 2172 3561 28.
2200 3507 2261 3560 Οί
2291 3505 2544 3577 δαίμονες
2574 3503 2674 3576 τὴν
2702 3504 2998 3575 ἁμαρτίαν.

409 3601 500 3657 29.
531 3602 716 3659 Mundi
749 3606 1092 3676 cupiditates.

2079 3599 2170 3654 29.
2198 3598 2310 3662 Τὰς
2330 3597 2624 3668 ἐπιθυμίας
2649 3595 2743 3650 τοῦ
2776 3595 3003 3668 κόσμου.

405 3694 495 3749 50.
525 3695 551 3750 J
561 3705 764 3752 ustum.

2081 3689 2171 3745 50.
2201 3691 2304 3744 Τὸν
2328 3690 2554 3744 δίκαιον.

411 3787 502 3840 51.
536 3788 786 3846 Sanctos.

2084 3781 2172 3836 51.
2209 3783 2348 3845 Τοὺς
2384 3781 2592 3850 ἁγίους.

409 3879 501 3935 32.
535 3882 809 3938 Conversa
838 3894 920 3940 est
945 3885 1206 3956 iniquitas
1234 3903 1425 3943 eorum
1455 3888 1508 3942 in
1535 3888 1701 3958 ipsos.

2083 3871 2173 3926 52.
2216 3869 2578 3941 Ἐπέστρεψεν
2602 3869 2636 3938 ή
2664 3867 2832 3922 κακία
2853 3867 3031 3922 αὐτῶν
3059 3869 3148 3921 ἐπ’
3173 3867 3389 3933 αὐτούς.

413 3972 505 4027 55.
537 3972 710 4044 lgnita
744 3975 1050 4031 daemonum
1082 3977 1189 4033 tela
1221 3979 1515 4048 signiﬁcat.

2083 3963 2174 4017 55.
2208 3962 2289 4015 Τὰ
2314 3959 2683 4033 πεπυρωμένα
2705 3959 2832 4031 βέλη
2870 3959 2978 4014 τῶν
3001 3959 3270 4031 δαιμόνων
3306 3958 3477 4030 λέγει.

411 4065 503 4120 54.
532 4065 780 4136 Amplius
813 4077 896 4122 est
933 4068 1084 4138 justo
1116 4070 1343 4138 paulum
1391 4068 1780 4125 misericordiae
1809 4068 1902 4125 Do-

2099 4054 2175 4109 54.
2205 4054 2406 4118 Μεῖζόν
2437 4055 2584 4107 ἐστιν
2619 4054 2810 4124 μικρὸν
2838 4053 2983 4118 ἔλεος
3012 4052 3106 4107 τοῦ
3157 4054 3364 4126 Κυρίου
3409 4053 3490 4126 τῷ
3512 4053 3590 4110 δι-

345 4160 501 4225 mini,
530 4176 694 4230 quam
719 4175 912 4217 omnes
940 4161 1130 4216 mundi
1161 4162 1386 4217 divitia.

2017 4146 2158 4217 καίῳ
2191 4147 2331 4218 ὑπὲρ
2370 4146 2548 4200 πάντα
2580 4147 2669 4200 τὸν
2697 4144 2924 4198 πλοῦτον
2952 4145 3047 4199 τοῦ
3077 4147 3301 4218 κόσμου.

417 4254 508 4310 55.
534 4253 804 4320 Quoniam
840 4256 1019 4311 omnis
1049 4271 1240 4311 eorum
1267 4255 1510 4326 potentia
1545 4255 1762 4325 peribit.

2089 4239 2177 4294 55.
2212 4240 2334 4293 Ὀτι
2370 4241 2520 4294 πᾶσα
2548 4241 2580 4310 ἡ
2605 4237 2892 4292 δυναστεία
2925 4238 3103 4292 αὐτῶν
3144 4239 3445 4293 ἀπολεῖται.

411 4345 502 4400 56.
540 4345 799 4403 immotos
831 4364 926 4402 eos
953 4346 1194 4403 custodit
1222 4347 1275 4401 in
1303 4355 1588 4402 internum.

2093 4333 2175 4388 56.
2194 4331 2544 4396 Ἀσαλεύτους
2563 4331 2754 4393 αὐτοὺς
2765 4330 3108 4400 διαφυλάττει
3124 4333 3202 4395 είς
3218 4332 3344 4395 τοὺς
3362 4330 3584 4397 αἰῶνας.

416 4440 506 4494 57.
539 4439 671 4510 Ejus
693 4441 837 4496 enim
865 4450 992 4496 sunt
1022 4456 1188 4510 opera
1219 4451 1562 4496 sanctorum.

2093 4427 2186 4482 57.
2213 4425 2388 4479 Αὐτοῦ
2426 4427 2533 4497 γάρ
2560 4427 2665 4478 εἰσι
2694 4425 2760 4478 τὰ
2788 4424 2923 4496 ἔργα
2943 4425 3051 4478 τῶν
3080 4424 3267 4493 ἁγίων.

423 4530 513 4584 58.
546 4529 612 4584 Et
638 4547 863 4600 regnum
887 4531 1150 4586 cmlorum
1174 4545 1363 4586 eorum
1389 4540 1492 4586 est.

2093 4516 2180 4570 58.
2215 4517 2322 4568 Kal
2349 4517 2381 4586 ἡ
2410 4514 2652 4585 βασιλεία
2672 4513 2780 4567 τῶν
2805 4513 3248 4585 οὐρανῶνναὺτῶν
3270 4515 3418 4569 ἐστιν
3449 4513 3546 4586 (2).

413 4623 504 4678 59.
539 4622 601 4678 In
627 4624 714 4678 die
738 4624 956 4694 judicii.

2093 4610 2180 4665 59.
2225 4611 2310 4662 Ἐν
2337 4609 2518 4680 ἡμέρᾳ
2551 4609 2625 4679 (5)
2651 4607 2901 4679 κρίσεως.

418 4716 509 4772 40.
545 4713 665 4771 Non
690 4717 849 4785 panis
877 4713 1073 4770 famem
1107 4717 1394 4787 signiﬁcat,
1426 4715 1520 4770 sed
1554 4713 1740 4786 gratiae
1765 4711 1881 4768 Dei.

2096 4702 2184 4757 40.
2227 4702 2300 4754 Οὐ
2327 4701 2481 4772 λιμὸν
2519 4699 2686 4769 ἄρτου
2718 4697 2884 4768 λέγει,
2919 4696 3055 4752 ἁλλὰ
3093 4697 3194 4769 τῆς
3231 4697 3454 4771 χάριτος
3498 4694 3587 4750 τοῦ

2025 4793 2156 4847 Θεοῦ
2166 4835 2179 4847 .

419 4900 607 4954 41-45.
658 4897 944 4954 Βωωοηθε
994 4909 1048 4955 et
1103 4900 1194 4969 qui
1253 4899 1359 4954 illis
1403 4899 1800 4970 obsequuntur,
1863 4895 1910 4950 in

2101 4886 2286 4941 41-45.
2323 4887 2384 4939 Ol
2431 4883 2680 4956 δαίμονες
2729 4880 2822 4938 καὶ
2854 4881 2904 4934 οἱ
2947 4880 3259 4951 πειθόμενοι
3296 4879 3482 4944 αὐτοῖς
3512 4880 3585 4943 εις

351 4992 581 5048 nihilum
609 4991 938 5063 redigentur.

2025 4979 2174 5033 οὐδὲν
2205 4981 2334 5048 γενή
2344 4995 2542 5031 σονται.

420 5080 510 5136 44.
540 5057 769 5137 Peccata
817 5081 1052 5152 peccatis
1092 5081 1264 5148 addit,
1299 5089 1354 5136 et
1401 5079 1778 5150 paenitentiam
1812 5091 1911 5132 non

2095 5069 2184 5124 44.
2215 5067 2576 5140 Προστίθησιν
2618 5066 2892 5138 ἁμαρτίας
2927 5066 3012 5134 ἐφ’
3041 5063 3314 5136 ἁμαρτίας
3340 5105 3354 5128 ,
3390 5061 3484 5117 καὶ
3525 5057 3583 5115 οὗ

353 5173 483 5242 agit,
501 5173 799 5242 deprecans
819 5189 919 5244 pro
948 5174 1075 5230 illis.

2036 5162 2418 5233 μεταμελεὴαι
2440 5158 2764 5232 προσφέρων
2789 5158 3000 5230 δεήσεις
3021 5156 3161 5228 ὑπὲρ
3182 5154 3381 5209 αὐτῶν.

397 5262 518 5320 MS.
543 5263 735 5319 Justus
763 5274 946 5320 autem
985 5263 1140 5319 oﬁ‘ert
1175 5261 1284 5318 Deo
1311 5277 1407 5331 per
1440 5261 1810 5328 elcemosynas
1842 5256 1888 5310 di

2102 5256 2191 5310 45.
2232 5256 2289 5308 '0
2314 5253 2370 5307 δὲ
2402 5254 2608 5317 δίκαιος
2640 5251 2934 5323 προσφέρει
2961 5249 3036 5322 τῷ
3061 5249 3176 5321 Θεῷ
3201 5249 3266 5302 δι’
3302 5247 3583 5320 ἐλεημοσυ-

355 5355 516 5411 vitias
546 5373 694 5412 suas.

2032 5349 2137 5404 νῶν
2179 5348 2269 5402 τὸν
2293 5347 2484 5402 ἑαυτοῦ
2510 5345 2756 5401 πλοῦτον.

1305 5510 1609 5576 Addenda
1639 5517 1700 5572 et
1731 5504 2099 5586 corrigenda
2130 5520 2205 5564 ex
2256 5501 2395 5563 cod.
2430 5499 2626 5561 Vatic.

429 5639 504 5709 (ι)
548 5637 861 5705 Ἀποδείξει.

429 5708 507 5781 (2)
537 5711 751 5764 Ἔσται.

2107 5628 2184 5700 ('5)
2222 5628 2306 5682 ἐν
2329 5629 2393 5697 τῇ
2420 5623 2602 5696 ἡμέρᾳ
2633 5621 2731 5693 τῆς
2765 5637 2853 5692 κρ-
