3776 6272
361 265 458 324 791
1201 263 1258 318 S.
1293 259 1664 317 ATHANASII
1700 257 1849 314 OPP.
1891 253 2068 311 PARS
2104 251 2191 308 ill.
2226 279 2297 292 —
2327 243 2736 304 EKEGETICA.
3479 226 3592 293 792

429 383 521 437 67.
557 379 624 436 Et
641 379 826 452 lingua
853 379 974 450 ejus
1000 379 1255 449 loquetur
1275 379 1580 448 judicium:
1816 402 1820 406 -
1857 390 1878 442 .‘

1876 390 1878 394 '
1947 378 1999 434 Α
2093 370 2183 424 67.
2214 369 2322 421 Kal
2351 369 2384 437 ἠ
2413 365 2635 434 γλῶσσα
2667 358 2831 416 αὐτοῦ
2856 347 3325 430 λάλῆἃῒΰῖβίσιν·
3365 364 3367 366 ’

431 476 522 531 es.
553 474 663 530 Lex
689 443 786 530 Dei
813 443 934 543 eia.
953 472 1008 526 in
1038 443 1202 528 eam.
1241 443 1431 544 ipsius,
1800 455 1814 469 ‘

2098 458 2186 514 68.
2229 458 2288 509 Ὃ
2319 457 2480 526 νόμος
2505 452 2598 506 τοῦ
2631 449 2766 503 Θεοῦ
2791 446 2956 501 αὐτοῦ
2988 449 3045 500 ὲν
3072 445 3269 516 καρδίᾳ
3295 443 3483 508 αὐτοῦ,

429 567 520 622 69.
555 565 621 620 Et
647 580 754 619 non
788 533 1280 634 supplantabuntur
1302 533 1526 634 gressus
1549 562 1688 633 ejus.

2097 550 2184 605 69.
2215 548 2325 601 Kal
2338 547 2436 616 οὐχ
2451 541 2968 612 ὑποσκελισθήσεται
2981 537 3049 591 τὰ
3061 536 3216 608 διαϐἡ
3226 553 3368 607 ματα
3395 533 3584 590 αὑτοῦ·

430 659 520 714 70.
555 627 877 714 Considerat
893 627 1153 730 peccator
1175 627 1408 729 justum,
1456 665 1513 712 et
1550 627 1748 728 quierit
1780 667 1921 709 mor-

2101 641 2186 696 70.
2214 640 2486 693 Κατανοεῖ
2511 637 2539 689 ὁ
2561 631 2882 706 ἁμαρτωλὸς
2915 630 3007 683 τὸν
3041 628 3262 693 δίκαιον,
3295 628 3390 681 καὶ
3431 627 3592 699 ζητεῖ

359 752 567 809 tilicare
596 765 744 806 eum.

1175 724 1191 729 ⁷
1395 724 1400 725 ν
1566 724 1584 728 “
2030 731 2126 788 τοῦ
2157 728 2461 784 θανατῶσαι
2483 724 2663 779 αὐτόν.

430 841 516 896 71.
545 839 808 896 Dominus
836 847 1022 894 autem
1060 854 1170 894 non
1202 837 1538 910 derelinquet
1565 852 1690 894 eum
1725 837 1780 892 in
1810 851 1921 891 ma-

2102 825 2187 879 7l.
2221 823 2296 894 (a)
2340 822 2400 874 Ὅ
2430 820 2487 872 δὲ
2515 818 2720 890 Κύριος
2746 814 2806 867 οὐ
2842 810 2915 884 μὴ
2947 809 3284 883 ἐγκαταλίπῃ
3313 809 3475 864 αὑτὸν
3506 809 3589 874 εις

360 932 522 988 nibus
543 932 661 1001 ejus
687 949 702 985 :

2025 917 2127 980 τὰς
2159 918 2344 986 χεῖρας
2373 910 2535 965 αὐτοῦ
2556 926 2569 940 ·

427 1024 518 1079 72.
552 991 662 1080 ﬁec
691 1023 972 1081 damnabit
995 1037 1120 1078 eum
1151 1042 1166 1080 :

2097 1006 2182 1059 72.
2212 1004 2335 1057 Οὐδ’
2361 1004 2422 1058 οὺ
2455 1001 2530 1074 μὴ
2563 998 2718 1073 [οὐδὲ
2753 997 2828 1068 μή
2874 997 2932 1050 in
2963 995 3088 1050 cod.
3131 991 3336 1065 Barb.]
3364 995 3587 1048 καταδι-

2027 1099 2262 1168 κάσηται
2295 1094 2475 1160 αὐτὸν,

427 1202 515 1256 75.
539 1200 677 1257 Cum
700 1203 1034 1272 judicabitur
1063 1201 1141 1256 illi
1168 1218 1182 1255 :

2096 1190 2185 1244 75.
2224 1188 2389 1241 Ὅταν
2421 1183 2671 1257 κρίνηται
2697 1180 2845 1252 αὐτῷ
2875 1178 3072 1252 [αὐτόν
3111 1179 3166 1232 in
3192 1178 3310 1230 cod.
3336 1176 3557 1248 Burin].

431 1290 515 1348 71.
545 1267 812 1365 Exspecta
837 1294 1149 1363 Dominum,
1179 1302 1235 1349 et
1255 1291 1465 1349 custodi
1499 1291 1644 1346 viam
1677 1289 1799 1360 ejus
1827 1306 1841 1343 :

2101 1279 2184 1334 74.
2227 1277 2546 1348 Ὑπόμεινον
2572 1273 2663 1327 τὸν
2693 1272 2919 1342 Κύριον,
2953 1270 3048 1324 καὶ
3077 1267 3311 1340 φύλαξον
3337 1269 3437 1339 τὴν
3468 1269 3592 1322 ὁδὸν

2029 1371 2194 1425 αὑτοῦ
2213 1386 2230 1403 '

424 1467 516 1524 75.
545 1467 612 1525 Et
639 1470 902 1525 exaltabit
934 1478 1009 1535 te,
1052 1479 1112 1524 ut
1145 1467 1460 1523 haereditate
1492 1465 1676 1538 capias
1702 1473 1915 1521 terram.

2101 1462 2187 1517 75.
2215 1461 2326 1515 Kal
2371 1458 2574 1530 ὑψώσει
2626 1475 2686 1513 σε
2730 1457 2825 1511 τοῦ
2873 1455 3414 1527 κατακληρονομῆσαι
3442 1453 3586 1524 γῆνο

429 1558 520 1616 76.
551 1559 688 1616 Cum
722 1561 986 1632 perierint
1007 1568 1322 1630 peccatores
1342 1556 1574 1614 videbis.

2100 1553 2184 1610 76.
2231 1554 2318 1606 Ἐν
2346 1551 2425 1624 τῷ
2447 1547 2885 1620 ὲξολοθρεύεσθαι
2914 1546 3284 1619 ἁμαρτωλοὺς,
3315 1545 3435 1614 ὄψει
3459 1543 3591 1616 [ὕψη

2028 1647 2104 1701 id.
2141 1644 2257 1700 cod.
2290 1643 2500 1701 Barb.l.

429 1737 517 1793 "7.
546 1737 670 1794 Vidi
692 1741 919 1810 impium
951 1741 1436 1810 superexaltatum,

2028 1647 2104 1701 id.
2141 1644 2257 1700 cod.
2290 1639 2500 1713 Barb.].

1947 1710 1998 1772 Β
2098 1737 2187 1791 77.
2214 1730 2365 1789 Εἶδον
2389 1734 2481 1786 τὸν
2515 1731 2684 1803 ἀσεϐῆ
2716 1730 3177 1802 ὑπερυψούμενον,

431 1830 520 1886 78.
549 1831 616 1887 Ει
639 1833 908 1888 elevatum
946 1834 1090 1890 sicut
1118 1835 1313 1890 cedros
1333 1832 1526 1889 Libani
1555 1849 1571 1887 :

2097 1830 2186 1884 78.
2223 1829 2333 1882 Kal
2359 1826 2718 1897 ἐπαιρόμενον
2743 1823 2818 1887 ὡς
2838 1821 2936 1886 τὰς
2958 1821 3178 1893 κέδρους
3203 1817 3296 1874 τοῦ
3317 1819 3587 1873 Λιϐάνουο

433 1921 522 1978 79.
553 1922 619 1979 Et
653 1925 900 1990 transivi,
934 1935 988 1980 et
1011 1941 1136 1981 ecce
1163 1941 1273 1980 non
1307 1933 1464 1979 erat:

2098 1923 2187 1976 79.
2219 1919 2328 1974 Kal
2361 1917 2658 1990 παρῆλθον.
2685 1917 2779 1970 καὶ
2807 1915 2914 1968 ἰδοὺ
2949 1914 3050 1967 οὒκ
3079 1909 3147 1984 ἦν
3167 1929 3181 1944 ο

399 2017 520 2114 .80.
553 2018 621 2076 Et
663 2021 888 2094 quaesivi
922 2037 1068 2091 eum,
1091 2030 1144 2077 et
1187 2036 1297 2076 non
1345 2029 1430 2076 est
1467 2019 1720 2074 inventus
1766 2016 1888 2072 lacu

2103 2011 2191 2066 80.
2223 2009 2332 2063 Kal
2361 2009 2598 2079 ἐζήτησα
2618 2005 2908 2070 αὐτὸν,καὶ
2922 2005 3023 2075 οὐχ
3040 2001 3236 2074 εὑρέθη
3257 2003 3287 2055 ὁ
3303 2001 3466 2066 τόπος
3492 1999 3594 2056 αὑ·

363 2101 486 2176 ejus
519 2121 535 2158 :
2028 2101 2122 2157 τοῦ
2143 2115 2157 2130 ⁶

432 2194 521 2252 8i.
553 2194 778 2252 Custodi
800 2196 1187 2262 innocentiam,
1214 2193 1275 2250 et
1297 2195 1420 2250 vide
1441 2195 1753 2266 aequitatem
1783 2213 1796 2248 :

2101 2193 2193 2250 81.
2224 2192 2469 2246 Φύλασσε
2504 2189 2759 2254 ἀκακίαν,
2793 2189 2887 2242 καὶ
2910 2186 2984 2241 ἴδε
3021 2185 3287 2257 εὐθύτητα
3309 2200 3324 2215 ’

429 2287 519 2342 82.
548 2287 814 2354 Quoniam
840 2298 969 2344 sunt
996 2288 1237 2359 reliquize
1266 2287 1468 2342 homini
1501 2286 1744 2356 paciﬁca.

2099 2285 2187 2344 8‘2.
2225 2285 2344 2338 Ὀτι
2385 2283 2535 2335 ἐστὶν
2557 2279 2968 2350 ἐγκατάλειμμα
2989 2275 3258 2348 ἀνθρώπῳ
3285 2275 3563 2347 είρηνικῷ.

430 2378 518 2435 85.
550 2378 741 2450 lnjusti
773 2390 956 2435 autem
985 2379 1332 2450 disperibunt
1361 2379 1525 2434 simul
1557 2399 1570 2434 :

2102 2377 2190 2433 85.
2220 2377 2283 2430 Οἱ
2301 2376 2357 2429 δὲ
2380 2374 2680 2445 παράνομοι
2694 2369 3233 2444 ὲξολοθρευθήσονται
3250 2369 3342 2422 ἐπὶ
3356 2367 3417 2422 τὸ
3436 2367 3591 2421 αὐτόο

429 2470 519 2528 84.
551 2470 812 2544 Reliquiae
839 2471 1129 2542 impiarum
1160 2472 1482 2528 interibunt.

2105 2469 2190 2524 84.
2221 2468 2303 2522 Τά
2335 2464 2817 2536 ὲγκαταλείμματα
2839 2462 2946 2516 τῶν
2970 2461 3178 2517 ἀσεϐῶν
3207 2459 3596 2533 ὲξολοθρευθή-

2035 2579 2234 2615 σονται.

431 2649 521 2704 85.
555 2645 714 2706 Salus
751 2659 933 2706 autem
957 2649 1231 2721 justarum
1263 2665 1292 2704 a
1333 2649 1562 2704 Domina
1594 2667 1609 2705 :

2093 2653 2184 2710 85.
2219 2653 2470 2724 Σωτηρία
2496 2651 2552 2705 δὲ
2574 2650 2682 2703 τῶν
2705 2647 2925 2702 δικαίων
2953 2646 3103 2718 παρά
3125 2645 3332 2717 Κυρίου
3350 2662 3362 2675 ·

429 2763 506 2835 (a)
533 2760 667 2821 Vers
695 2763 779 2820 71.
812 2762 917 2862 Kal
953 2764 1122 2839 ζητεῖ.
1154 2765 1186 2834 7
1224 2763 1309 2821 72.
1341 2763 1417 2829 δέ,
1449 2771 1556 2819 etc.
1591 2763 1624 2827 Ῡ
1651 2762 1736 2818 75.
1760 2763 1895 2817 Οὐδὲ

1677 2762 1736 2818 ’5.
1760 2763 1895 2817 Οὐδὲ
1934 2764 2010 2836 μὴ
2036 2781 2139 2818 κατ
2163 2805 2179 2822 .
2212 2804 2226 2819 .
2263 2803 2277 2817 .
2311 2761 2480 2834 αὐτῷ.
2516 2763 2545 2832 ᾗ
2577 2761 2662 2818 74.
2704 2758 3044 2831 Ὑπόμεινον,
3065 2764 3168 2818 etc.

1525 2904 1891 2966 ATHANASII
1925 2899 2492 2960 INTERPRETATIO.

436 3035 526 3093 67.
557 3037 875 3107 Veritatem,
907 3039 1102 3111 inquit.

1962 3053 2008 3114 ο
2109 3040 2196 3095 67.
2244 3036 2528 3108 Ἀλήθειαν
2561 3036 2727 3104 λέγει.

435 3128 524 3184 68.
557 3129 718 3186 Fides
750 3129 846 3186 Dei
869 3132 955 3187 sui
979 3132 1034 3186 in
1062 3132 1226 3189 corde
1249 3133 1390 3206 ejus.

2105 3130 2192 3186 68.
2226 3131 2291 3182 Ἦ
2321 3128 2503 3192 πίστις
2523 3126 2621 3180 τοῦ
2648 3122 2781 3179 Θεοῦ
2808 3121 2974 3178 αὐτοῦ
2994 3122 3052 3174 ἐν
3077 3121 3144 3191 τῇ
3175 3117 3378 3192 καρδίᾳ
3406 3116 3596 3172 αὐτοῦ.

429 3220 520 3277 69.
552 3219 621 3275 Ει
648 3237 930 3293 nunquam
957 3224 1202 3281 discedet
1229 3227 1298 3282 ab
1325 3241 1408 3282 eo.

2099 3221 2186 3276 69.
2223 3218 2332 3274 Kal
2365 3221 2441 3291 (Ι)
2470 3214 2843 3289 ἀποστήσεταί
2866 3229 2994 3268 ποτε
3027 3213 3120 3265 ἀπ’
3149 3207 3333 3264 αὐτοῦ.

435 3310 528 3365 70.
559 3310 707 3368 Bello
728 3315 956 3384 peccati.

2098 3313 2189 3368 70.
2225 3313 2301 3384 (2)
2332 3311 2430 3366 Διά
2464 3311 2556 3366 τοῦ
2583 3310 2822 3381 πολέμου
2849 3307 2951 3377 τῆς
2975 3303 3275 3377 ἁμαρτίας.

438 3403 526 3458 71.
555 3402 673 3459 Non
709 3405 825 3478 ipse
852 3407 993 3464 sinet
1036 3409 1279 3482 superari
1319 3408 1581 3479 improbis
1619 3409 1739 3481 ejus
1773 3409 1929 3483 cupi-

2111 3407 2190 3462 71.
2219 3406 2332 3462 Οὐκ
2358 3405 2422 3459 ἂν
2453 3402 2614 3466 αὐτὸς
2661 3400 2992 3471 συγχωρήσῃ
3027 3395 3332 3470 ἡττηθῆναι,
3349 3393 3471 3456 ταῖς
3502 3405 3602 3444 πυ·

368 3492 653 3555 ditatibus.

2032 3513 2097 3566 νη
2107 3499 2224 3567 ραῖς
2247 3494 2640 3566 ὲπιθυμήσεσιν
2661 3491 2847 3545 αὐτοῦ.

429 3585 522 3644 72.
548 3586 686 3645 Cum
722 3590 1005 3668 impugnat
1029 3610 1155 3650 eum

2103 3588 2194 3641 72.
2225 3587 2392 3640 Ὅταν
2423 3584 2632 3656 πολεμῇ
2665 3580 2846 3637 αὐτόν.

439 3680 527 3736 75.
558 3680 699 3736 Laco
723 3683 930 3739 dicendi
954 3701 974 3738 :
1005 3699 1132 3740 cum
1155 3685 1273 3755 ipse
1291 3684 1648 3757 iudicabitur.

2102 3678 2192 3733 75.
2233 3677 2382 3732 Ἀντί
2411 3674 2538 3740 τοῦ,
2575 3675 2633 3728 ὲν
2653 3673 2730 3744 τῷ
2761 3670 3038 3744 κρίνεσθαι
3064 3670 3244 3724 αὐτόν.

437 3771 527 3829 74.
557 3772 874 3832 Praestolare
927 3776 1240 3844 Dominum,
1289 3755 1345 3833 et
1389 3776 1604 3834 custodi
1654 3774 1818 3832 ﬁdem
1875 3779 1928 3830 et

2115 3770 2189 3826 Η.
2230 3767 2554 3838 ’Δπεκδέχου
2590 3765 2682 3820 τὸν
2708 3764 2906 3837 Κύριον
2934 3804 2949 3830 ,
2979 3764 3074 3818 καὶ
3119 3761 3353 3832 φύλασσε
3383 3758 3483 3830 τὴν
3510 3755 3606 3812 πι-

363 3864 619 3920 mandata
642 3866 783 3936 ejus.

2035 3881 2150 3918 στιν
2185 3862 2277 3916 καὶ
2306 3860 2406 3923 τὰς
2452 3857 2672 3922 ἐντολὰς
2693 3857 2875 3912 αὑτοῦ.

435 3955 523 4010 75.
561 3955 627 4011 Ει
654 3957 978 4028 gloriﬁcabit
1005 3969 1060 4016 te
1086 3961 1142 4014 in
1168 3975 1335 4030 regno
1361 3975 1488 4016 suo.

2105 3953 2191 4008 75.
2223 3953 2326 4006 Kal
2342 3950 2551 4016 δοξάσει
2577 3967 2637 4002 σε
2659 3950 2716 4004 ὲν
2743 3952 2812 4021 τῇ
2848 3946 3093 4019 βασιλείᾳ
3125 3944 3310 3999 αὑτοῦ.

437 4045 525 4101 76.
556 4047 692 4102 Cum
721 4050 1009 4106 traduntur
1036 4051 1149 4122 igni
1169 4059 1391 4107 aeterna.

2103 4043 2190 4098 76.
2222 4043 2391 4097 Ὅταν
2414 4039 2807 4113 παραδίδωνται
2837 4037 2914 4110 τῷ
2938 4036 3137 4106 αἰωνίῳ
3166 4033 3316 4106 πυρί.

436 4137 526 4206 77,
559 4138 643 4193 78.
680 4138 987 4196 Diabolum.
1291 4211 1297 4216 ‘

1291 4211 1297 4216 ι
2102 4135 2192 4200 77,
2226 4133 2318 4189 78.
2353 4132 2456 4186 Τὸν
2481 4131 2743 4192 διάϐολον.

436 4229 525 4287 79.
557 4229 625 4286 Et
654 4233 883 4288 transivi
913 4235 1016 4290 sub
1045 4233 1157 4290 Deo
1190 4235 1245 4290 in
1281 4245 1701 4302 resurrectione,
1734 4243 1788 4290 et
1820 4249 1927 4288 non

2110 4227 2192 4282 79.
2222 4225 2328 4281 Kal
2355 4225 2633 4298 παρῆλθον
2672 4223 2749 4294 (5)
2784 4221 2888 4276 ὑπὸ
2930 4220 3024 4274 τοῦ
3068 4218 3200 4272 Θεοῦ
3244 4219 3301 4270 ἐν
3371 4218 3437 4286 τῇ
3471 4217 3601 4276 ἀνα-

363 4322 602 4393 amplius
641 4322 895 4381 inventus
945 4334 1029 4382 est
1067 4326 1315 4383 diabolus
1344 4347 1358 4382 :
1390 4326 1622 4383 traditur
1652 4326 1796 4381 enim
1820 4325 1854 4380 ἰι

2108 4320 2243 4383 ἀσει,
2275 4319 2372 4374 καὶ
2407 4317 2508 4370 οὐκ
2532 4315 2610 4368 ἔτι
2632 4314 2859 4388 εὓρηται
2885 4315 2914 4366 ὁ
2941 4311 3182 4375 διάϐολος
3204 4328 3217 4341 ·
3247 4309 3599 4380 παραδίδοται

362 4421 586 4470 aeterno.

1962 4406 2016 4468 D
2043 4411 2150 4482 γὰρ
2173 4409 2250 4481 τῷ
2279 4407 2483 4478 αἰωνίῳ
2511 4405 2661 4477 πυρί.

429 4506 521 4560 80.
551 4505 833 4563 Alienatus
853 4508 1000 4562 enim
1034 4513 1118 4562 est
1145 4520 1176 4561 e
1201 4505 1322 4560 loco
1349 4505 1652 4577 justarum.
1765 4524 1789 4537 -

2105 4503 2194 4558 80.
2237 4497 2594 4569 Ἠλλοτρίωτο
2616 4494 2723 4567 γὰρ
2748 4493 2838 4546 τοῦ
2860 4493 3026 4546 τόπου
3054 4492 3128 4562 (4)
3155 4491 3262 4544 τῶν
3289 4489 3535 4542 δικαίων.

437 4597 528 4653 Si.
558 4597 706 4655 Tene
736 4600 1032 4656 Dominum
1064 4600 1119 4654 in
1148 4598 1345 4671 teipso,
1389 4607 1445 4654 et
1474 4597 1561 4654 fac
1601 4611 1764 4653 omne
1799 4609 1928 4666 opus

2112 4595 2189 4648 3i.
2226 4592 2426 4665 Κράτει
2454 4591 2544 4648 τὸν
2573 4589 2770 4660 Κύριον
2792 4589 2848 4642 ὲν
2877 4584 3072 4661 ἐαυτῷ,
3100 4583 3194 4636 καὶ
3219 4582 3362 4636 ποίει
3388 4583 3503 4636 πᾶν
3523 4582 3603 4652 ερ-

367 4692 593 4747 bonum.

2037 4705 2132 4758 γον
2161 4685 2382 4756 ἀγαθόν.
3375 4682 3377 4685 ’

437 4783 532 4839 82.
556 4781 824 4851 Quoniam
853 4783 1141 4838 retributio
1167 4791 1250 4839 est
1272 4782 1620 4853 diligentibus
1649 4797 1794 4835 eum.

2109 4780 2197 4833 8‘2.
2230 4778 2350 4830 Ὀτι
2375 4775 2491 4838 ἐστὶ
2522 4769 2912 4845 μισθαποδοσία
2943 4769 3057 4831 τοῖς
3080 4765 3366 4836 ἀγαπῶσιν
3390 4764 3553 4818 αὐτόν

437 4872 529 4930 85.
560 4871 736 4928 Simul
767 4873 823 4928 in
855 4874 1322 4929 consummatione
1343 4887 1534 4928 omnes
1567 4871 1823 4942 peribunt
1851 4868 1928 4923 iu-

2112 4870 2200 4924 8'5.
2239 4868 2403 4938 Ὁμοῦ
2435 4868 2550 4938 ἃμα
2583 4867 2640 4918 ὲν
2676 4866 2746 4941 τῇ.
2791 4861 3068 4930 συντελείᾳ
3106 4859 3303 4922 πάντες
3341 4855 3596 4910 ἀπολοῦν-

361 4964 522 5037 justi,
545 4980 723 5038 neque
747 4981 887 5022 unus
919 4966 1276 5035 relinquetur.

2039 4979 2128 5016 ται
2150 4963 2199 5015 οἱ
2224 4961 2547 5033 παράνομοι,
2578 4955 2673 5012 καὶ
2702 4956 2822 5010 οὐδὲ
2848 4949 2927 5017 εἷς
2956 4950 3458 5024 περιλειφθήσεται.

439 5056 530 5112 84.
562 5047 739 5128 Opera
762 5073 953 5113 eorum
980 5073 1104 5112 cum
1129 5057 1261 5126 ipsis
1282 5055 1556 5126 peribunt.

2107 5054 2196 5108 84.
2231 5055 2312 5107 Τὰ
2340 5054 2476 5125 ἔργα
2499 5050 2675 5106 αὐτῶν
2707 5050 2802 5104 σὺν
2831 5047 3013 5110 αὐτοῖς
3043 5041 3389 5103 ἀπολοῦνται.

437 5147 528 5204 85.
563 5148 631 5204 Et
658 5150 717 5205 in
733 5150 985 5222 praesenti
1009 5158 1064 5205 et
1096 5149 1152 5204 in
1177 5146 1363 5205 futuro
1385 5145 1605 5202 saeculo.

1495 5145 1605 5200 ιιίο.
2107 5147 2196 5203 85.
2223 5147 2328 5202 Kal
2349 5148 2407 5200 ὲν
2434 5145 2512 5216 τῷ
2544 5143 2786 5216 μέλλοντι
2812 5139 2986 5196 αἰῶνι.

1315 5305 1618 5367 Addenda
1647 5311 1710 5366 et
1737 5305 2110 5385 corrigenda
2164 5322 2243 5366 ex
2281 5303 2419 5365 cod.
2454 5277 2655 5365 Vatia.

437 5421 516 5498 (1)
549 5427 654 5498 Kal
675 5429 795 5494 οὐκ,
817 5438 922 5484 etc.
1291 5497 1318 5498 η
1506 5495 1515 5498 _
1839 5493 1899 5498 __
2038 5442 2094 5481 n.
2127 5423 2571 5498 ἨηξΑποδΑέχου.

445 5489 525 5570 θ’)
550 5497 621 5570 ΑΝ.
659 5499 750 5555 70.
780 5489 831 5552 ⁷ὁ
875 5499 1139 5562 διάϐολος.
1175 5514 1235 5570 τι.
1289 5497 1378 5570 71.
1426 5495 1545 5560 Διά,
1586 5502 1717 5570 ete_._
1737 5509 1791 5570 n.
1839 5493 1928 5549 72.
2108 5497 2182 5570 (5)
2217 5489 2520 5570 gapﬁﬁﬂ.
2554 5535 2569 5548 .
2606 5531 2622 5570 .
2656 5489 2852 5570 ειξρέθᾼη
2876 5489 2924 5549 ὁ,
2957 5495 3064 5542 etc.

369 5560 486 5640 οοὶ
507 5560 598 5624 ’ἂν
625 5570 786 5624 αὐτὸν
814 5586 918 5637 συγ
943 5609 958 5624 .
989 5612 1004 5626 .
1035 5611 1049 5624 .
1072 5560 1412 5640 ἐπιθυμίαις,
1439 5576 1543 5640 etc.
1575 5583 1628 5621 η.
1655 5565 1738 5640 75..
1765 5565 1931 5640 Ὅταν
2111 5560 2184 5636 (1)
2215 5560 2333 5620 Τῶν
2362 5560 2538 5617 eam,
2561 5560 2749 5626 αὑτοῦ,
2776 5568 2880 5614 etc.

371 5639 687 5713 πολεμεῖται
740 5635 920 5706 αὐτόν,
979 5635 1281 5696 versiculus
1326 5639 1469 5692 Ἀντί
1515 5637 1666 5693 deest
1715 5637 1768 5691 in
1801 5635 1920 5691 cod.
