3750 6396
95 315 180 372 ⁸197
954 310 1044 366 DE
1079 311 1357 368 TlTULlS
1385 309 1845 374 PSALMORUM.
1882 347 1953 359 —
1989 315 2192 374 PSAL.
2227 320 2490 380 XXXVII.
3199 319 3306 378 793

152 431 230 486 28.
261 429 370 483 Καὶ
393 428 533 482 ὡσεὶ
555 427 752 493 ἄλαλος
773 430 872 483 οὐκ
891 427 1120 498 ἀνοίγων
1147 432 1208 484 τὸ
1237 433 1410 504 στόμα
1432 433 1596 488 αὑτοῦ
1617 452 1633 466 ο

1663 440 1712 498 Α
1807 435 1900 490 28.
1934 435 2000 491 Ει
2029 437 2172 493 sicut
2195 449 2380 497 mutus
2401 457 2510 497 non
2544 441 2796 511 aperiens
2815 455 2880 497 os
2907 456 3072 496 suum
3099 459 3114 495 :

155 521 232 575 29.
258 521 364 573 Καὶ
392 520 669 591 ἐγενόμην
691 521 823 574 ὡσεὶ
853 519 1136 593 ἄνθρωπος
1164 524 1264 576 οὐκ
1301 524 1534 592 ἀκούων,

1811 527 1900 582 29.
1932 528 1997 583 Et
2021 529 2198 587 factus
2229 547 2349 587 sum
2379 534 2522 588 sicut
2552 535 2718 588 homo
2745 549 2854 588 non
2876 534 3128 595 audiens.

152 611 228 667 30.
259 610 362 665 Kai.
385 612 490 664 οὐκ
522 610 663 680 ἔχων
692 614 750 664 ὲν
787 611 862 682 τῷ
892 613 1116 684 στόματι
1154 613 1319 668 αὑτοῦ
1355 614 1633 687 ὲλεγμούς.

1812 619 1900 674 50.
1935 619 1999 675 Ει
2024 636 2136 676 non
2159 622 2366 679 habens
2393 624 2450 680 in
2473 641 2566 681 ore
2593 639 2694 682 suo
2717 625 3150 696 redargutiones.

157 701 234 756 3i.
262 701 378 755 Ὅτι
405 702 502 753 ἐπὶ
530 703 636 765 σοὶ,
667 701 860 772 Κύριε,
886 703 1088 774 ἤλπισα
1120 719 1136 736 ο

1810 712 1896 766 51.
1933 711 2199 778 Quoniam
2233 716 2286 770 in
2309 726 2380 782 te,
2411 719 2657 785 Domine,
2685 719 2899 788 speravi
2935 736 2954 770 τ

159 793 235 846 59..
260 793 329 845 Σὺ
349 792 677 868 είσακούσῃ,
701 793 874 865 Κύριε
897 796 924 847 ὁ
953 795 1084 858 Θεός
1113 813 1234 866 μου.

1810 804 1899 858 52.
1931 804 2010 860 Tu
2042 809 2299 865 exaudies
2331 825 2436 876 me,
2469 809 2697 866 Domine
2725 811 2869 866 Deus
2899 825 3073 866 meus.

160 886 234 940 33.
261 886 379 940 Ὀτι
412 883 594 955 εἶπον,
621 888 849 960 Μήποτε
887 889 1189 961 ὲπιχαρῶσί
1237 907 1327 961 μοι
1365 892 1413 945 οί
1455 889 1640 963 ἐχθροί

1821 895 1898 950 55.
1936 897 2077 962 Quia
2101 899 2236 970 dixi,
2266 900 2566 973 Nequando
2588 903 3026 975 supergaudeant
3045 899 3177 956 mihi
3204 900 3302 955 ini-

112 995 191 1048 μου
212 995 225 1009 ·

1741 987 1867 1039 mici
1891 987 1994 1040 mei
2031 1005 2046 1043 :

165 1069 238 1123 54.
268 1070 370 1123 Καὶ
398 1072 458 1124 ὲν
487 1070 567 1142 τῷ
585 1070 912 1144 σαλευθῆναι
937 1073 1254 1148 πόδιιςλμου,
1285 1074 1373 1128 ἐπ’
1391 1075 1493 1146 ἐμὲ
1517 1076 1643 1148 ἐμε-

1823 1076 1903 1130 54.
1937 1077 2004 1132 Et
2044 1081 2174 1135 dum
2225 1093 2636 1140 commoventur
2669 1084 2830 1155 pedes
2869 1082 2997 1148 mei,
3028 1097 3192 1153 super
3222 1096 3304 1136 me

111 1161 310 1234 γαλορῤη
318 1161 452 1233 μόνη
462 1181 586 1219 σαν.

1740 1183 1936 1235 magna
1967 1171 2131 1226 locuti
2155 1183 2301 1228 sunt.

167 1253 238 1306 35.
270 1253 385 1307 Ὀτι
409 1253 524 1322 ἐγὼ
559 1257 642 1319 είς
681 1256 948 1327 μάστιγας
969 1257 1186 1330 ἕτοιμος
1207 1273 1222 1288 ⁸

1811 1259 1901 1313 55.
1936 1261 2202 1326 Quoniam
2231 1279 2332 1334 ego
2359 1265 2414 1318 in
2442 1265 2653 1336 ﬂagella
2679 1275 2904 1337 paratus
2927 1282 3046 1321 sum
3079 1309 3091 1322 .

90 1365 101 1424 ι
166 1344 241 1401 56.
264 1346 369 1402 Καὶ
393 1350 426 1419 ἡ
454 1347 708 1421 ἀλγηδών
745 1367 845 1421 μου
880 1350 1112 1406 ἐνώπιόν
1147 1350 1248 1423 μού
1279 1353 1394 1405 ἐστι
1417 1351 1571 1405 διαπο

1822 1353 1896 1406 56.
1929 1353 1996 1408 Ει
2039 1356 2195 1412 dolor
2237 1374 2392 1415 meus
2431 1360 2485 1413 in
2529 1369 2827 1431 conspectu
2867 1374 2988 1416 meo
3033 1367 3118 1414 est
3161 1371 3303 1411 sem-

114 1436 196 1498 τός.
249 1484 270 1508 ,

1739 1457 1856 1512 per.

163 1528 234 1582 37.
265 1529 379 1582 Ὀτι
402 1529 505 1602 τὴν
527 1531 766 1602 ἀνομίαν
803 1549 901 1602 μου
931 1531 1041 1600 ἐγὼ
1065 1532 1384 1601 ἁναγγελῶ⁸

1826 1533 1898 1588 57.
1931 1533 2199 1600 Quoniam
2228 1537 2574 1608 iniquitatem
2603 1555 2781 1595 meam
2806 1554 2908 1610 ego
2941 1537 3307 1594 annuntiabo:

163 1623 232 1676 58.
261 1624 364 1678 Καὶ
403 1628 738 1697 μεριμνήσω
763 1626 903 1698 ὑπὲρ
922 1627 1020 1697 τῆς
1049 1627 1323 1699 ἁμαρτίας
1355 1644 1476 1698 μου.

1355 1644 1476 1698 μου.
1809 1625 1898 1679 58.
1932 1627 1997 1681 Et
2029 1629 2281 1699 cogitabo
2311 1648 2409 1700 pro
2431 1642 2651 1703 peccato
2677 1647 2818 1686 meo.

168 1713 236 1767 39.
263 1715 322 1768 Οί
372 1714 429 1768 δὲ
476 1715 667 1788 ἐχθροί
723 1734 826 1786 μου
885 1714 1040 1782 ζῶσι,
1081 1718 1176 1770 καὶ
1204 1716 1640 1789 ,κεκραταωνται

1826 1717 1904 1771 59.
1933 1719 2149 1777 inimici
2173 1731 2354 1780 autem
2377 1726 2484 1781 mei
2516 1726 2727 1792 vivunt,
2749 1732 2804 1778 et
2829 1721 3139 1778 conﬁrmati
3182 1727 3307 1775 sunt

119 1805 220 1874 ὑπὲρ
237 1805 346 1876 ἐμέ.

1669 1792 1716 1853 Β
1746 1822 1908 1875 super
1940 1825 2026 1865 me
2054 1828 2067 1864 :

162 1895 232 1948 40.
262 1896 366 1951 Καὶ
391 1897 817 1971 ὲπληθύνθησαν
837 1900 886 1952 οἱ
923 1898 1209 1970 μισοῦντές
1243 1916 1311 1969 με
1349 1898 1568 1962 ἀδίκως.

1828 1899 1910 1958 50.
1941 1899 2009 1957 Et
2055 1903 2400 1975 multiplicati
2449 1914 2603 1972 sunt,
2644 1907 2739 1978 qui
2795 1905 3030 1963 oderunt
3069 1917 3158 1957 me
3208 1899 3309 1954 iui-

1744 2005 1871 2063 que.

163 2077 234 2130 41.
259 2080 314 2132 Οἱ
336 2079 790 2145 ἀνταποδιδόντες
825 2098 914 2152 μοι
940 2079 1086 2134 κακὰ
1112 2080 1232 2133 ἀντὶ
1257 2079 1496 2148 ἀγαθῶν,

1813 2082 1904 2136 41.
1937 2079 2041 2146 Qui
2065 2080 2371 2135 retribuunt
2400 2081 2533 2136 mihi
2559 2083 2700 2137 mala
2729 2098 2826 2152 pro
2850 2081 3031 2146 bonis,

163 2167 235 2220 52·
266 2169 628 2226 Ἐνδιέσαλλόν
680 2189 770 2244 με,
812 2173 932 2226 ἐπεὶ
978 2171 1307 2225 κατεδίωκον
1357 2169 1638 2239 ἀγαθωσύ-

1828 2172 1900 2227 i‘z.
1935 2172 2303 2229 Detrahebant
2327 2173 2486 2240 mihi,
2517 2175 2778 2246 quoniam
2812 2175 3078 2246 sequebar
3099 2173 3309 2228 bonita-

115 2272 184 2327 νιν
208 2259 289 2330 («)-

1744 2270 1850 2317 tem
1861 2302 1874 2316 .

164 2351 233 2405 45.
262 2353 346 2424 Μὴ
366 2355 752 2427 ἐγκαταλίπῃς
775 2373 861 2426 με,
896 2356 1089 2428 Κύριε,

1815 2353 1904 2407 45.
1929 2350 2007 2406 Ne
2029 2349 2376 2421 derelinquas
2399 2366 2504 2418 me,
2531 2349 2759 2406 Domine
2790 2367 2804 2404 :

162 2441 234 2497 Η.
272 2444 324 2496 '0
353 2445 492 2508 Θεός
524 2463 651 2517 μου,
681 2447 758 2516 μὴ
781 2447 1022 2517 ἀποστῇς
1052 2447 1146 2500 ἀπ’
1179 2445 1336 2517 ἐμοῦ.

1812 2443 1900 2496 44.
1943 2441 2081 2495 Deus
2105 2456 2282 2508 meus,
2305 2458 2374 2496 ne
2395 2441 2715 2497 discesseris
2745 2455 2776 2494 a
2809 2455 2894 2494 me
2922 2456 2935 2493 :

160 2532 230 2587 45.
261 2537 500 2608 Πρόσχες
521 2539 603 2602 είς
621 2539 718 2610 τὴν
747 2539 996 2610 βοήθειάν
1033 2556 1157 2609 μου,
1187 2537 1360 2609 Κύριε
1405 2535 1503 2606 τῆς
1529 2551 1635 2587 σω-

1829 2532 1902 2586 55.
1934 2529 2164 2586 Intende
2197 2530 2253 2585 in
2287 2530 2618 2600 adiutorium
2659 2544 2864 2591 meum,
2905 2525 3130 2582 Domine
3167 2524 3310 2580 Deus

111 2623 262 2694 τηρέας
291 2644 420 2696 μου,

1737 2623 1934 2680 salutis
1959 2637 2109 2677 meae.

161 2805 223 2874 (α)
248 2806 299 2862 in
329 2816 490 2865 textu
523 2809 724 2881 legitur
767 2808 1139 2881 δικαιοσύνην,
1186 2810 1280 2866 sed
1329 2823 1492 2876 supra
1519 2808 1642 2866 'asci

833 2808 1139 2881 ιαιοσὺνην,
1186 2810 1280 2866 sed
1329 2823 1492 2876 supra
1519 2808 1828 2878 'ascriptum
1852 2815 1934 2864 est
1955 2805 2314 2878 ἁγαθοσύνην.

1191 2957 1564 3014 ATHANASH
1602 2954 2192 3013 INTERPBETATIO.

162 3116 234 3171 28.
260 3117 371 3170 Οὐκ
396 3116 886 3189 ἁνταπεκρινάμην
912 3115 984 3186 (1)
1016 3117 1221 3179 αὐτοῖς.

1209 3155 1221 3170 .
1668 3117 1715 3179 C
1814 3112 1904 3167 28.
1935 3110 2048 3170 Nec
2077 3112 2160 3168 eis
2192 3122 2382 3168 contra
2416 3111 2690 3183 respondi.

163 3204 234 3263 29.
265 3208 524 3279 Ἀνήκοος
552 3207 800 3278 διέμενον
823 3206 898 3278 μὴ
915 3205 1136 3277 πληρῶν
1165 3205 1300 3277 ὅπερ
1329 3203 1536 3275 ἤθελον.

1902 3202 2120 3259 .Veluti
2169 3217 2277 3258 non
2327 3205 2552 3260 audiens
2597 3202 2882 3260 manebam
2915 3217 3024 3258 non
3061 3202 3310 3274 implens,
3381 3277 3383 3280 ς

1744 3295 1890 3367 quod
1924 3296 2196 3351 volebant.

161 3374 232 3430 30.
266 3378 351 3443 Ὠς
383 3378 460 3450 μὴ
493 3378 793 3448 δυνάμενος
831 3377 1027 3441 αὐτοὺς
1058 3378 1318 3448 ἐλέγχειν.

1815 3387 1904 3442 50.
1932 3388 2216 3458 Tanquam
2243 3402 2352 3441 non
2382 3387 2569 3441 valens
2595 3398 2690 3440 eos
2724 3383 3067 3454 redarguere.

162 3466 234 3524 51.
255 3471 376 3525 Ὀτι
407 3472 487 3536 εἰς
516 3470 579 3525 τὸ
601 3471 752 3534 ἔλεός
779 3487 895 3537 σου,
927 3470 1116 3542 Κύριε,
1142 3469 1363 3542 ήλπισα.

1832 3477 1903 3532 51.
1941 3475 2212 3544 Quoniam
2247 3477 2304 3532 in
2347 3475 2723 3532 misericordia
2751 3482 2866 3535 tua,
2912 3473 3158 3539 Domine,
3187 3487 3313 3543 spe-

1744 3581 1880 3622 ravn.

167 3645 236 3700 52.
262 3648 361 3703 Διὰ
392 3646 552 3703 τοῦτο
574 3649 914 3712 είσακούσεις
954 3650 1051 3722 (2),
1081 3650 1245 3721 Κύριε
1269 3652 1297 3702 ό
1328 3649 1456 3713 Θεός
1498 3667 1618 3720 μου.

1830 3655 1906 3710 52.
1943 3653 2236 3724 Propterea
2272 3653 2532 3709 exaudies
2560 3669 2667 3721 me,
2696 3653 2925 3708 Domine
2951 3653 3096 3708 Deus
3137 3666 3311 3707 meus.

162 3737 230 3792 33.
263 3742 390 3795 Ὅτι
415 3737 592 3796 εἶπον
617 3756 630 3773 ⁸
670 3740 860 3812 Κύριε,
897 3741 997 3797 ἐὰν
1034 3743 1109 3814 μὴ
1137 3741 1463 3816 είσακούσῃς
1503 3760 1602 3813 μου
1627 3780 1641 3804 ,

1836 3745 1901 3798 55.
1941 3744 2083 3810 Quia
2109 3747 2224 3798 dixi
2248 3761 2266 3798 :
2296 3745 2546 3810 Domine,
2580 3745 2628 3802 si
2655 3761 2742 3800 me
2777 3760 2884 3800 non
2906 3744 3153 3810 exaudis,
3184 3759 3317 3815 gau-

116 3831 345 3900 χιίρονται
373 3836 422 3888 oi
459 3835 644 3908 ἐχθροί
674 3853 800 3908 μου.

781 3875 800 3892 .
1743 3835 1873 3891 dent
1900 3836 2104 3892 inimici
2133 3837 2257 3894 mei.

165 3922 236 3978 55.
265 3925 368 3982 Καὶ
398 3930 456 3981 ὲν
481 3927 561 4000 τῷ
589 3928 700 3982 ἀπὸ
730 3927 1014 3994 ἀσθενείας
1057 3929 1277 3984 πίπτειν
1304 3947 1370 4001 με
1398 3971 1412 3996 ,
1449 3933 1644 3984 ἐκεῖνοι

1837 3929 1900 3983 ἰαί..
1936 3927 2146 3985 Etcum
2204 3943 2318 4001 pra:
2367 3925 2686 3982 inﬁrmitate
2743 3924 2956 3992 decido,
3008 3923 3084 3978 illi
3131 3924 3318 3979 exsul-

116 4010 452 4078 ἁγαλλιῶνται.

402 4035 452 4071 ιι.
1747 4026 1883 4073 tant.

167 4101 240 4157 3’5.
266 4105 386 4159 Ὅτι
415 4106 713 4179 ὑπόκειμαι
730 4110 797 4180 τῇ
832 4110 1024 4182 αἱωνίᾳ
1054 4110 1291 4164 κολάσει.

1813 4110 1902 4165 55.
1935 4108 2206 4176 Quoniam
2243 4107 2515 4164 obnoxius
2540 4122 2661 4162 sum
2698 4113 2902 4162 aeterno
2925 4107 3212 4178 supplicio.

165 4192 239 4248 36.
267 4194 368 4250 Kal.
394 4197 456 4251 τὸ
486 4197 598 4270 πῦρ
628 4198 693 4251 τὸ
724 4198 941 4254 αἰώνιον
974 4201 1074 4272 ἤδη
1114 4200 1425 4272 προὸλέπω.

1815 4202 1904 4256 56.
1934 4188 2127 4271 Etiam
2156 4199 2436 4270 prospicio
2467 4199 2646 4268 ignem
2669 4205 2956 4252 aeternum.

167 4285 243 4340 37.
282 4290 740 4362 Ἐξομολογοῦμαί
775 4310 856 4346 σοι
887 4293 989 4366 τὴν
1012 4294 1240 4366 ἀνομίαν
1281 4313 1404 4366 μου.

1814 4294 1904 4348 57.
1933 4291 2247 4347 Conﬁtebor
2278 4289 2378 4345 tibi
2413 4288 2758 4358 iniquitatem
2782 4303 2981 4342 meam.

164 4375 241 4430 38.
272 4377 371 4433 Kal
403 4383 724 4455 μετανοήσω
757 4383 897 4454 ὑπὲρ
926 4377 1240 4456 ὧν.έπραξα
1260 4383 1468 4439 κακῶν.

1835 4383 1906 4439 58.
1941 4383 2004 4436 Et
2035 4383 2412 4452 paenitentiam
2449 4397 2605 4452 agam
2632 4383 2698 4436 de
2732 4382 2819 4444 iis,
2858 4395 2979 4449 qua:
3008 4377 3110 4432 feci
3154 4381 3316 4435 mala.

164 4464 241 4523 59.
271 4472 328 4523 Οἱ
351 4471 408 4525 δὲ
437 4473 699 4546 ἄρχοντες
719 4473 814 4526 τοῦ
841 4474 1086 4528 διαϐόλου
1118 4475 1466 4547 κατισχύουσὶ
1503 4493 1625 4547 μου.

1837 4476 1913 4532 59.
1944 4474 2226 4544 Principes
2269 4482 2447 4528 autem
2486 4473 2693 4530 diaboli
2750 4472 3097 4526 invaluerunt
3131 4482 3318 4528 contra

1750 4585 1858 4624 me.

167 4639 243 4695 40.
266 4642 363 4700 Καὶ
389 4645 573 4701 πολλοὶ
608 4647 856 4716 ἐγένοντο
880 4649 965 4702 ἐπ’
989 4649 1109 4720 ἐμέ.

1813 4661 1902 4716 40.
1933 4661 2000 4714 Ει
2020 4659 2176 4715 multi
2204 4659 2426 4715 fuerunt
2463 4659 2725 4714 adversus
2753 4671 2857 4713 me.

165 4731 239 4786 41.
265 4738 321 4788 Ol
341 4737 439 4808 τὴν
465 4739 564 4810 σὴν
591 4738 939 4792 διδασκαλίαν
971 4740 1230 4805 λαϐόντες
1253 4740 1348 4794 ἀπ’
1377 4740 1532 4812 ἐμοῦ,
1551 4741 1646 4795 καὶ

1840 4753 1902 4807 τί.
1931 4751 2034 4819 Qui
2059 4750 2368 4808 auferentes
2394 4751 2708 4806 doctrinam
2741 4760 2891 4806 tuam
2921 4767 2952 4807 a
2977 4767 3084 4820 me,
3120 4760 3173 4806 et
3194 4764 3321 4805 suas

113 4819 190 4881 τάς
219 4825 411 4882 ἑαυτῶν
442 4829 744 4900 ἐπιθυμίας
760 4829 1052 4895 δεδωκότες
1080 4849 1188 4904 μοι.

1080 4849 1188 4904 μοι.
1744 4845 1876 4899 mihi
1900 4846 2168 4900 dederunt
2209 4843 2557 4914 cupiditates.

168 4915 243 4970 ιε.
267 4921 404 4992 Πρὸς
424 4924 654 4988 ἑαυτοὺς
680 4924 1124 4980 συνεϐουλεύοντο
1145 4925 1220 4998 (5)
1251 4925 1515 4981 ἀπολέσαι
1556 4945 1644 4999 με,

1842 4938 1903 4991 9..
1934 4937 2130 4992 Secum
2157 4937 2258 5006 ipsi
2285 4937 2572 4992 consilium
2605 4936 2900 5002 iniverunt,
2931 4943 2988 4989 ut
3017 4949 3104 4988 me
3135 4933 3323 5004 perde-

113 5001 264 5080 ὲτιειδὴ
292 5011 427 5067 θέλω
454 5015 808 5086 μετανοῆσαι.

1751 5036 1890 5087 rent.
1921 5026 2180 5096 quoniam
2219 5027 2591 5096 paenitentiam
2623 5043 2785 5098 agere
2819 5028 3088 5081 volebam.

168 5101 244 5166 ιδ,
271 5103 348 5159 44.
391 5107 465 5180 (4)
501 5109 599 5180 Μὴ
627 5109 798 5182 ἐάσῃς
830 5128 920 5180 με,
947 5109 1113 5184 Κύριε
1141 5113 1169 5165 ὁ
1193 5112 1324 5178 Θεὸς
1349 5131 1471 5185 μου.

1821 5116 1912 5180 45,
1941 5116 2031 5170 44.
2059 5115 2136 5169 Ne
2161 5117 2406 5174 dimittas
2430 5135 2536 5184 me,
2561 5118 2788 5174 Domine
2820 5117 2963 5173 Deus
2990 5129 3165 5171 meus.

173 5191 249 5247 45.
285 5197 415 5252 Ἀλλ’
443 5201 567 5256 ἐλθὲ
589 5203 671 5266 είς
694 5201 794 5273 τὴν
821 5201 1071 5274 βοήθειάν
1105 5221 1227 5275 μου.
1355 5207 1382 5221 '

1355 5207 1382 5221 θ
1818 5208 1907 5263 45.
1943 5207 2049 5264 Sed
2077 5207 2130 5263 in
2153 5210 2421 5264 auxilium
2451 5224 2631 5265 meum
2658 5209 2801 5264 veni.

1031 5385 1338 5450 Addenda
1375 5397 1435 5452 et
1466 5389 1842 5469 corrigenda
1891 5407 1970 5452 ex
1999 5389 2136 5452 cod.
2175 5389 2372 5452 Vatic.

263 5577 690 5660 :A_r.sxpwogn?.
1745 5573 2110 5660 paea‘voﬁcia‘t:
2142 5572 2257 5660 καὶ.2
2280 5569 2590 5660 antem/dm
2627 5586 2695 5641 με
2729 5568 2822 5624 τὸν
2849 5569 3152 5644 ἀγαπητὸν,
3187 5569 3318 5625 ὡσεὶ

165 5640 228 5704 (2)
251 5649 343 5702 Διὰ
366 5640 523 5704 τοῦτο
545 5640 890 5702 εἰσάκουσον.
1741 5640 1930 5766 νεκῖὸν
1962 5640 2374 5710 ἐϐδελυγμένον.
2391 5640 2402 5644 ’
2428 5640 2437 5642 ἡ
2631 5640 2634 5641 ⁷
3026 5640 3036 5644 ⁷

68 5727 84 5736 ’
167 5713 236 5766 (3i
266 5716 326 5766 N-
375 5720 461 5766 ιὲ-
522 5715 982 5766 Συνεόουλεύοντο
1034 5715 1092 5766 τὸ
1139 5716 1251 5766 πῶς
1297 5715 1435 5766 ἀπο).
1465 5757 1476 5766 .
1513 5755 1526 5766 .
1568 5756 1582 5766 .
1616 5753 1630 5766 .
1814 5715 1848 5766 ί-Δ
1875 5714 1890 5766 l
1917 5711 1982 5766 Ν.
2011 5713 2096 5766 45.
2121 5711 2210 5766 44.
2235 5711 2321 5766 45.
2352 5713 2464 5766 Μή.
2498 5722 2628 5766 ρις..
2665 5711 2778 5766 ἀλλ’
2821 5712 2941 5766 ἐλθὲ
2973 5713 3054 5766 εἰς
3079 5712 3136 5764 τί

167 5713 236 5782 (3)
266 5716 326 5774 Ν.
375 5720 462 5777 42.
522 5715 982 5775 Συνεῦουλεύοντο
1034 5715 1092 5769 τὸ
1139 5716 1251 5782 πῶς
1297 5715 1435 5770 ἀπολ
1465 5757 1476 5772 .
1513 5755 1526 5771 .
1568 5756 1582 5771 .
1616 5753 1630 5770 .
1814 5711 1890 5786 (ᾖ)
1917 5711 1982 5769 Ν.
2011 5713 2096 5780 45,
2121 5711 2210 5780 44,
2235 5711 2321 5766 45.
2352 5713 2464 5784 Μή,
2498 5722 2628 5779 etc.,
2665 5711 2778 5766 ἀλλ’
2821 5712 2941 5767 ἐλθὲ
2973 5713 3054 5779 εἰς
3079 5712 3300 5782 τήν,ειο
