3750 6378
425 287 532 342 790
1261 302 1322 358 s.
1363 303 1742 360 ATHANASII
1777 305 1928 362 orp.
1970 306 2150 362 mas
2190 304 2274 360 nt.
2317 335 2349 347 -
2425 303 2831 359 exeamus.
3563 300 3667 356 soo

672 406 738 462 In
770 411 1510 494 ﬁum,ldithum_§aa_t_i§ypt
1541 423 1755 491 Danidd
2017 436 2065 491 Δ

2188 429 2290 494 εις
2335 425 2400 480 τὸ
2434 426 2606 493 τέλος
2639 425 2719 490 τῷ
2765 422 3048 494 Ἰδιθοὺμλ,
3081 417 3204 484 ᾠδὴ
3247 416 3325 481 τῷ
3358 417 3560 470 Δαϐίδ.

913 481 1116 539 ΡδΑι..
1159 485 1498 547 XXXVIII.
1746 483 1755 491 ’
2017 481 2065 491 ”
2267 481 2284 494 ’
2583 481 2598 493 ’
2688 481 2700 490 ’
2723 498 2895 549 ΨΔΛ.
2921 481 3053 548 ΛΗ.

499 587 552 644 1.
587 587 728 645 Dixi.
750 591 1070 651 Custodiam
1101 597 1220 656 vias
1242 616 1414 671 meas,
1449 613 1512 660 ut
1540 621 1650 662 non
1685 605 1980 678 delinquat:

2183 611 2220 664 Ι.
2250 607 2394 665 Bina
2412 625 2426 640 ·
2462 610 2685 675 Φυλάξω
2710 608 2808 672 τὰς
2837 606 2990 670 ὁδούς
3022 622 3148 676 μου,
3181 603 3276 656 τοῦ
3318 602 3396 674 μὴ
3423 603 3664 674 ἁμαρτά-

428 685 485 740 in
507 685 691 757 lingua
721 703 862 746 mea.
2097 719 2209 757 νειν
2245 718 2312 771 με
2341 703 2397 754 ἐν
2426 701 2646 772 γλώσσῃ
2683 716 2807 770 μου.

493 778 550 832 2.
582 779 747 835 Ροευί
775 781 857 837 ori
882 798 1005 839 meo
1027 787 1358 857 custodiam,

2166 795 2221 846 2.
2271 793 2504 862 Ἐθέμην
2533 790 2610 861 τῷ
2645 788 2874 860 στόματί
2907 805 3008 859 μου
3034 787 3298 859 φυλακὴν,

491 867 544 922 3.
575 868 711 923 Cum
745 873 1068 929 consisteret
1097 889 1353 945 peccator
1377 879 1666 938 adversum
1693 899 1804 940 me.

2180 886 2221 940 5.
2275 886 2361 937 Ἐν
2396 885 2472 956 τῷ
2498 884 2757 954 συστῆναι
2787 882 2878 936 τὸν
2908 881 3231 952 ἁμαρτωλὸν
3271 879 3518 934 ἐναντίον
3545 896 3661 950 μου.

494 959 549 1014 4.
585 959 844 1020 Obmutui
869 973 922 1020 et
948 967 1267 1027 humiliatus
1297 988 1440 1040 sum,
1480 984 1533 1030 et
1563 977 1690 1033 silui
1719 993 1750 1031 a
1771 979 1776 983 ’
1795 977 1956 1033 bonis

2184 976 2226 1031 ι.
2267 975 2597 1048 Ἐκωφὼθην
2638 975 2732 1029 καὶ
2781 972 3171 1043 ἐταπεινώθην,
3211 971 3307 1026 καὶ
3349 971 3585 1042 ἐσίγησα
3611 969 3665 1036 ἐξ

2098 1068 2317 1138 ἀγαθῶν
2341 1086 2355 1100 ·

499 1153 552 1208 5.
586 1152 651 1207 Et
680 1156 836 1213 dolor
862 1175 1017 1216 meus
1047 1172 1339 1220 renovatus
1365 1175 1471 1222 est.

2169 1160 2223 1214 5.
2261 1159 2372 1213 Kal.
2395 1159 2456 1211 τὸ
2489 1157 2712 1229 ἄλγημά
2740 1175 2841 1228 μου
2877 1155 3249 1227 ἁνεκαινίσθη.

500 1244 556 1298 6.
582 1246 868 1304 Concaluit
897 1267 991 1306 cor
1018 1269 1200 1317 meum
1228 1255 1371 1311 intra
1399 1273 1486 1313 me
1519 1277 1532 1313 :

2170 1253 2223 1306 6.
2264 1252 2659 1323 Ἐθερμάνθηή
2692 1250 2885 1320 καρδία
2919 1266 3020 1320 μου
3063 1249 3213 1312 ἐντός
3253 1266 3356 1318 μου
3377 1265 3390 1280 ·

498 1337 551 1391 7.
583 1339 650 1392 Et
678 1341 731 1395 in
766 1343 1118 1402 meditatione
1155 1363 1273 1402 mea
1305 1351 1624 1406 exardescet
1653 1351 1815 1421 ignis.

2171 1346 2223 1398 7.
2258 1346 2368 1398 Kal.
2398 1347 2455 1397 ἐν
2479 1347 2545 1415 τῇ
2574 1343 2769 1414 μελέτῃ
2801 1360 2901 1412 μου
2930 1341 3328 1413 ἐκκαυθήσεται
3357 1339 3489 1410 πῦρ.

490 1429 546 1483 8.
577 1429 817 1488 Locutus
856 1453 979 1491 sum
1026 1439 1078 1492 in
1126 1440 1310 1510 lingua
1349 1458 1512 1498 mea:
1550 1455 1739 1499 notum
1790 1445 1874 1502 l’ac
1897 1447 1970 1500 mi

2187 1439 2224 1492 Ξ.
2270 1438 2539 1508 Ἐλάλησα
2577 1440 2634 1490 ἐν
2669 1435 2888 1510 γλώσσῃ
2928 1453 3050 1489 μου·
3089 1434 3353 1506 γνώρισόν
3399 1451 3510 1504 μοι,
3560 1435 3668 1487 Κυ-

427 1517 503 1585 bi,
540 1517 789 1590 Domine,
822 1525 984 1580 ﬁnem
1017 1543 1218 1594 meum,

1169 1545 1218 1594 η,
2103 1548 2205 1602 ριε,
2236 1533 2296 1584 τὸ
2323 1531 2495 1600 πέρας
2527 1547 2650 1601 μου.

505 1618 561 1671 9.
597 1617 664 1672 Et
697 1637 988 1678 numerum
1022 1626 1232 1680 dierum
1259 1640 1528 1694 meorum,
1561 1625 1687 1696 quis
1713 1626 1842 1680 est?

2171 1623 2223 1677 9.
2260 1622 2369 1676 Kal.
2403 1621 2492 1674 τὸν
2514 1621 2746 1692 ἀριθμὸν
2770 1620 2879 1675 τῶν
2909 1620 3131 1693 ἡμερῶν
3159 1637 3282 1690 μου,
3316 1621 3405 1683 τίς
3435 1621 3581 1672 ἐστιν
3613 1635 3626 1683 ;

501 1708 589 1762 10.
622 1708 692 1764 Ut
718 1713 886 1768 sciam
909 1715 1039 1784 quid
1075 1717 1216 1772 desit
1242 1718 1396 1772 mihi.

2029 1783 2060 1786 _
2172 1715 2257 1771 10.
2290 1717 2404 1768 Ἵνα
2432 1713 2544 1783 γνῶ
2565 1714 2618 1767 τί
2646 1713 2858 1786 ὑστερῶ
2891 1713 3019 1781 ἐγώ.

495 1801 582 1856 ll.
612 1803 748 1859 Ecce
776 1809 1168 1864 mensurabiles
1197 1808 1424 1880 posuisti
1452 1808 1568 1865 dies
1593 1823 1744 1864 meos
1769 1829 1782 1864 :

2029 1783 2071 1838 Β
2179 1808 2270 1860 11.
2306 1806 2434 1859 Ἰδοὺ
2463 1783 2914 1869 παλαιπάςὝέθου
2943 1805 3042 1868 τὰς
3064 1806 3271 1876 ἡμέρας
3307 1822 3431 1874 μου,

497 1893 584 1948 12.
614 1895 680 1950 Et
705 1897 1006 1953 substantia
1035 1915 1174 1967 mea,
1202 1909 1460 1971 tanquam
1495 1900 1726 1954 nihilum
1755 1910 1879 1955 ante
1904 1910 1978 1956 te:

2183 1899 2244 1953 12
2293 1899 2398 1952 Kal.
2421 1902 2454 1970 ή
2481 1901 2776 1964 ὑπόστασίς
2807 1917 2908 1970 μου
2934 1899 3064 1952 ὡσεὶ
3091 1899 3240 1952 οὐδὲν
3280 1897 3512 1952 ἐνώπιόν
3540 1909 3664 1950 σου·

501 1984 588 2040 15.
628 1984 1012 2046 Verumtamen
1045 1991 1299 2049 universa
1334 1993 1567 2058 vanitas,
1619 1993 1799 2048 omnis
1834 1993 1982 2048 bomc

2187 1991 2260 2046 l5.
2301 1990 2446 2062 Πλὴν
2477 1991 2543 2045 τά
2570 1991 2856 2063 σύμπαντα
2887 1991 3203 2062 ματαιότης,
3235 1991 3343 2052 πᾶς
3390 1989 3668 2062 ἅνθρωπος

429 2075 640 2136 vivens.

2103 2085 2230 2151 ζῶν.

1047 2174 1376 2244 Βὶαρεαιηια.
2659 2181 2971 2248 Διάψιιιμα
3018 2195 3105 2250 ⁸αι.

500 2261 587 2317 14.
625 2247 1010 2322 Verumtamen
1043 2267 1096 2322 in
1130 2268 1364 2338 imagine
1400 2267 1692 2336 pertransit
1714 2270 1876 2322 homo
1908 2286 1920 2320 :

2174 2265 2260 2320 14.
2301 2267 2562 2337 Μέντοιγε
2593 2270 2652 2322 ὲν
2680 2269 2846 2322 εἰκόνι
2868 2269 3246 2342 διαπορεύεται
3279 2269 3561 2341 ἄνθρωπος
3580 2288 3594 2302 ·

498 2353 586 2409 15.
624 2354 828 2414 Tamen
859 2358 1064 2416 frustra
1100 2361 1454 2416 conturbatur
1481 2377 1500 2413 ελ

2174 2358 2261 2412 15.
2304 2360 2449 2432 Πλὴν
2475 2363 2650 2433 μάτην
2673 2362 3019 2434 ταράσσεται.

497 2485 578 2560 (a)
616 2488 736 2550 Vat.
769 2496 890 2550 cod.
923 2494 1039 2555 Pal.

1547 2679 1919 2736 ATHANASll
1963 2679 2548 2739 INTERPRETATIO.

509 2829 574 2884 'H
607 2834 937 2906 προκειμένη
972 2837 1249 2908 ἐπιγραφὴ
1283 2837 1526 2908 περιέχει
1550 2839 1661 2907 (1)’·
1688 2840 1787 2904 Εἰς
1823 2838 1889 2891 τὸ
1914 2838 2086 2906 τέλος
2107 2838 2186 2905 τῷ
2226 2839 2471 2908 Ἰὸιθοὺμ
2495 2840 2594 2910 (Ξ),
2621 2841 2743 2908 ᾠδὴ
2777 2840 2855 2907 τῷ
2876 2839 3067 2895 Δαϐίδ.
3103 2839 3272 2893 Τοῦτο
3303 2835 3397 2894 οὖν
3430 2840 3609 2908 λέγει·
3638 2844 3670 2910 ή

428 2923 536 2995 ᾠδὴ
566 2924 642 2996 τῷ
665 2928 828 2980 Δαϐὶδ
854 2929 990 3000 αὕτη
1017 2931 1209 3000 ἐλέχθη
1247 2933 1324 2994 εἰς
1355 2933 1450 3002 τὴν
1474 2932 1780 2986 συντέλειαν
1807 2933 1916 2988 τῶν
1947 2933 2158 2990 αἰώνων
2185 2935 2263 3006 τῷ
2293 2937 2372 2990 ἐνὶ
2407 2941 2566 3008 κριτῇ
2605 2936 2683 3007 τῷ
2714 2937 3010 3008 ἐρχομένῳ.
3043 2935 3211 2989 Τοῦτο
3238 2935 3347 3008 γὰρ
3375 2939 3672 3008 ὲρμηνεύε·

427 3033 517 3070 ται
538 3017 600 3069 τὸ
643 3019 893 3090 ἰδιθοὺμ,
924 3021 1625 3091 ἑνὸςκριτοῦέρκομένου.

501 3107 718 3164 Titulus
746 3112 1072 3180 praapusitns
1097 3114 1341 3170 continet
1371 3132 1384 3170 :
1419 3115 1485 3168 In
1520 3117 1678 3186 ﬁnem
1703 3115 1943 3170 Idithum
1975 3115 2244 3169 canticum
2289 3115 2482 3170 David.
2522 3115 2636 3172 Hoc
2676 3127 2857 3171 autem
2904 3117 3193 3186 signiticat,
3220 3118 3365 3187 quod
3401 3118 3673 3173 canticum

430 3199 576 3257 istud
598 3200 802 3256 dictum
831 3210 914 3256 est
941 3218 971 3256 a
1005 3203 1202 3258 Davide
1225 3205 1317 3258 uni
1337 3205 1509 3275 judici
1544 3208 1870 3261 advenienti.
1900 3206 1977 3262 lla
2002 3210 2146 3263 enim
2183 3209 2567 3277 interpretatur
2595 3208 2825 3261 lditbtun
2856 3227 2869 3262 :
2904 3225 3040 3260 unus
3055 3207 3227 3274 jnde
3254 3210 3558 3262 adveniens.

503 3293 554 3346 1.
586 3291 888 3348 Deliberavi
921 3296 1064 3351 haud
1093 3299 1329 3368 amplius
1365 3305 1665 3370 producere
1689 3318 1976 3358 sermones

2196 3308 2230 3362 Ι.
2267 3303 2707 3374 Ἐϐουλευσάμην
2744 3302 2818 3374 μὴ
2858 3303 3018 3355 πάλιν
3047 3304 3122 3372 (5)
3155 3305 3282 3366 τοὺς
3319 3303 3507 3372 λόγους
3552 3307 3677 3367 τοὺς

431 3385 524 3455 qui
557 3385 689 3439 mihi
712 3385 782 3440 ab
805 3386 1028 3442 inimico
1049 3403 1432 3461 suggeruntur.

2106 3396 2255 3467 παρὰ
2292 3396 2384 3450 τοῦ
2415 3393 2610 3466 ἐχθροῦ
2645 3412 2733 3466 μοι
2769 3393 3255 3464 ὑποϐαλλομένους.

498 3476 552 3531 2.
576 3477 844 3548 Proposui
870 3480 1081 3536 nullum
1109 3484 1333 3538 verbum
1349 3485 1586 3540 otiosum
1611 3486 1912 3556 producere
1934 3501 1979 3540 e1

2200 3497 2222 3542 ι.
2267 3487 2496 3559 Ἐθέμην
2515 3487 2609 3540 τοῦ
2633 3487 2834 3558 μηδένα
2859 3485 3013 3554 λόγον
3035 3485 3204 3555 ἀργὸν
3232 3486 3492 3556 προάγειν
3518 3486 3592 3557 (4)
3617 3489 3681 3540 ἐκ

431 3583 527 3624 ore
553 3585 694 3626 meo.

2103 3580 2198 3632 τοῦ
2235 3579 2499 3650 στόματός
2530 3597 2655 3650 μου.

502 3663 556 3718 5.
586 3662 873 3720 Diabolum
913 3666 1199 3738 signiﬁcat.

2174 3673 2225 3726 5.
2261 3673 2364 3725 Τὸν
2397 3671 2643 3724 διάϐολον
2663 3671 2829 3739 λέγει.

500 3753 554 3808 4.
588 3755 876 3813 Abducens
909 3759 1174 3829 meipsum
1206 3775 1237 3814 a
1267 3760 1426 3816 bonis
1470 3761 1678 3826 mundi,
1713 3768 1768 3814 et
1809 3760 1981 3815 solita

2206 3799 2226 3817 η.
2265 3765 2435 3834 ’Δρας
2476 3764 2666 3816 ἑαυτὸν
2697 3765 2761 3816 ἐκ
2799 3760 2908 3815 τῶν
2936 3761 3156 3830 ἀγαθῶν
3184 3760 3279 3815 τοῦ
3328 3761 3554 3831 κόσμου,
3589 3762 3687 3813 καὶ

431 3844 547 3901 rius
564 3847 761 3903 sedens
791 3851 1060 3920 meipsum
1091 3851 1145 3906 in
1171 3852 1389 3907 silentio
1417 3852 1793 3906 hutniliabam.

2201 3855 2395 3919 Ιεσθεὶς
2423 3854 2563 3908 κατὰ
2595 3855 2784 3926 μόνας,
2816 3855 3132 3908 ἐταπείνουν
3155 3854 3346 3906 ἑαυτὸν
3372 3853 3682 3924 ἡσυχάζων.

502 3937 558 3992 5.
588 3937 656 3993 Et
689 3942 1008 3998 recordatus
1032 3958 1154 3997 sum
1179 3944 1385 4014 peccati
1421 3944 1548 3998 mei.

2179 3947 2232 4000 5.
2267 3946 2369 3999 Kal.
2397 3945 2825 4016 ὑπεμνησκόμην
2868 3945 2968 4016 τῆς
3004 3945 3278 4016 ἁμαρτίας
3313 3961 3434 4014 μου.

505 4028 561 4082 ﬁ.
599 4030 870 4101 Ingemuit
899 4048 996 4088 cor
1023 4051 1204 4089 meum
1241 4036 1386 4091 intra
1405 4051 1513 4090 me.

2175 4043 2227 4096 6.
2262 4040 2480 4093 Ἐτενεν
2513 4040 2585 4109 (5)
2616 4041 2650 4109 ἡ
2691 4039 2886 4110 καρδία
2920 4057 3021 4108 μου
3057 4038 3207 4100 ἐντός
3240 4055 3361 4108 μου.

447 4192 468 4202 ἣ
505 4118 557 4174 7.
587 4119 653 4176 Et
683 4137 796 4192 prae
826 4123 1013 4179 dolore
1032 4126 1233 4181 exarsi.

2177 4133 2231 4186 7.
2269 4130 2373 4186 Καὶ
2403 4131 2714 4200 ἐφλεγόμην
2737 4129 2845 4183 ἀπὸ
2871 4129 2973 4198 τῆς
2993 4127 3184 4198 ὀδύνης
3213 4127 3309 4200 (6).

427 4199 467 4202 ’ἡ
504 4211 556 4267 8.
592 4212 660 4268 Ει
686 4215 837 4270 oravi
859 4217 1049 4273 dicens
1085 4237 1097 4272 :
1129 4219 1205 4273 Da
1246 4221 1403 4288 mihi,
1442 4220 1688 4287 Domine,
1717 4230 1776 4276 ut
1813 4221 1908 4276 sci:

2204 4225 2234 4276 ι.
2267 4222 2370 4275 Καὶ
2394 4199 2784 4293 προσηυχὸίμην
2811 4220 2984 4288 λέγων
3005 4237 3021 4250 ο
3056 4220 3155 4282 Δός
3186 4236 3298 4289 μοι,
3327 4217 3509 4287 Κύριε,
3540 4218 3685 4271 εἰδέ-

433 4306 653 4376 quando
679 4322 768 4364 me
796 4317 1011 4379 oportet
1033 4322 1210 4366 astare
1240 4323 1335 4368 tuo
1371 4314 1648 4368 tribunali.

2109 4335 2217 4380 vat,
2245 4317 2327 4368 ὂτι
2350 4313 2693 4387 παραστῆναι
2721 4331 2789 4385 με
2818 4313 2898 4366 δεῖ
2919 4312 2996 4382 τῷ
3022 4311 3222 4382 βήματί
3246 4328 3359 4364 σου.

502 4397 555 4453 9.
586 4396 652 4453 Et
674 4401 818 4470 quod
845 4401 960 4457 dies
987 4403 1090 4458 mei
1121 4404 1276 4473 pauci
1302 4414 1448 4460 sunt.

2175 4412 2228 4465 9.
2258 4408 2362 4462 Kal.
2393 4411 2474 4462 ὅτι
2502 4409 2556 4460 αἱ
2581 4409 2785 4478 ἡμέραι
2819 4423 2919 4476 μου
2953 4404 3130 4472 ὀλίγαι
3151 4403 3305 4457 εἰσίν.

503 4491 592 4545 10.
629 4489 700 4546 U‘t
725 4494 940 4549 tandem
963 4511 1309 4568 cognoscam,
1341 4499 1473 4569 quid
1497 4500 1563 4554 de
1586 4498 1871 4570 prmecptis
1901 4505 1984 4550 tut

2217 4503 2271 4556 0.
2301 4502 2418 4553 ’Ὶνα
2459 4497 2572 4568 γνῶ
2614 4497 2800 4550 λοιπὸν
2846 4497 2900 4548 τί
2944 4495 3250 4570 παρέλειψα
3305 4493 3410 4545 τῶν
3449 4491 3687 4546 ἐντολῶν

433 4584 778 4650 praetermisi.

746 4585 778 4638 i.
2113 4611 2227 4648 σου.

506 4674 592 4727 11.
624 4673 960 4732 Miscrabiles
986 4676 1276 4748 signiﬁcat,
1301 4686 1354 4732 ct
1373 4677 1685 4734 demetitos.

2039 4655 2084 4708 Β
2183 4683 2272 4736 11.
2303 4680 2539 4766 Οἱκτράς
2565 4677 2738 4747 λέγει,
2770 4679 2864 4756 κα).
2891 4677 3164 4750 μετρητάς
3190 4675 3289 4747 (7).

425 4785 432 4821 :
507 4765 594 4818 12.
627 4763 811 4822 Pulvis
845 4784 988 4835 sum,
1023 4769 1218 4840 inquit.

2177 4775 2264 4829 12.
2303 4763 2607 4843 Χοῦζοείμι,
2640 4771 2807 4840 λέγει.

508 4857 595 4912 15.
625 4857 1008 4916 Verumtamen
1054 4877 1217 4933 opera
1270 4865 1589 4931 hominum,
1625 4881 1749 4936 quae
1789 4865 1842 4920 in
1897 4883 1989 4922 nor

2212 4867 2265 4920 5.
2300 4865 2446 4937 Πλὴν
2468 4865 2536 4918 τὰ
2569 4863 2706 4935 ἔργα
2731 4863 2837 4917 τῶν
2866 4861 3166 4934 ἀνθρώπων
3201 4860 3268 4914 τά
3303 4862 3359 4914 ἐν
3390 4857 3466 4928 τῷ
3489 4857 3693 4927 κόσμῳ

430 4939 659 5017 mundo,
696 4960 824 5006 sunt
854 4953 1086 5010 vanitas.

2114 4959 2408 5030 ματαιότης
2433 4957 2599 5014 ἐστίν.

428 5026 433 5034 ’
507 5042 592 5097 14.
629 5041 808 5098 Veluti
837 5046 1022 5100 umbra
1060 5048 1380 5103 transcurrit
1409 5049 1592 5104 homo.

2116 5026 2128 5030 ν
2183 5051 2268 5105 14.
2298 5026 2441 5103 Ὠσεὶ
2470 5050 2543 5122 (8)
2573 5051 2700 5104 σκιὰ
2727 5051 2999 5124 διατρέχει
3031 5052 3058 5103 ὁ
3086 5049 3366 5121 ἄνθρωπος

505 5133 593 5189 15.
627 5134 694 5190 Et
724 5134 830 5204 hic,
866 5147 919 5192 et
948 5138 1057 5193 illic
1081 5139 1456 5211 intempestive
1489 5142 1856 5211 perturbatur.

2181 5143 2268 5198 15.
2310 5143 2420 5198 Καὶ
2449 5143 2692 5215 ἀκαίρως
2717 5136 2818 5198 ὦδε
2853 5145 3011 5198 κάκεῖ
3037 5141 3368 5212 θορυϐεῖται..

1389 5301 1692 5364 Addenda
1723 5309 1781 5362 et
1815 5302 2190 5381 corrigenda
2243 5321 2322 5366 ex
2352 5307 2492 5369 cod.
2525 5303 2722 5367 Vatic.

818 5420 919 5496 τῆς
947 5423 1547 5496 κινναϐάρεωςῌπερηη
1668 5494 1687 5496 Α
1790 5494 1824 5496 η
1862 5495 1865 5496 ν
1922 5495 1927 5496 ν
2188 5425 2265 5496 (ὅ)
2303 5427 2574 5480 Ἐστενεν.

510 5487 588 5557 (2)
629 5487 1098 5564 Ἰδιθοὺμ’ψαλμὸς
1121 5487 1265 5565 ᾠδῆς
1287 5493 1364 5564 τῷ
1397 5487 1560 5549 Ᾰαὸίδ
1581 5512 1592 5524 °
1628 5494 1764 5565 αὕτη
1787 5494 2000 5566 ἐλέχθη,
2297 5496 2521 5574 ςρδύνης
2545 5495 2815 5574 τῆῖὲνβῇ
2847 5491 2990 5574 49χῇ
3022 5507 3142 5574 μρυο

495 5574 543 5609 (ε.

518 5627 582 5638 .-ι
623 5629 695 5638 --ι
734 5629 750 5638 ι
802 5630 817 5638 ι
862 5634 882 5638 μ
1104 5636 1112 5638 _
1170 5634 1183 5638 Α
1266 5631 1291 5638 ..ι

1753 5562 1762 5565 _
1877 5562 1908 5565 --
1968 5562 1976 5566 -
2187 5564 2266 5638 (7)
2296 5566 2400 5620 Καὶ
2425 5562 2696 5638 μέτρηίεάς
2719 5564 2867 5620 deest
2891 5564 2943 5616 in
2977 5562 3097 5616 cod.

734 5629 956 5706 λαλεῖν.
998 5672 1010 5685 .
1051 5674 1064 5688 .
1099 5631 1292 5706 ἐχθροῦ
1329 5650 1452 5704 μου.
2303 5638 2410 5691 Kal.
2425 5627 2524 5700 ’ὼς.

512 5696 586 5768 (4)
620 5696 999 5778 Προαγαγεῖν..

439 5565 492 5610 et
