3750 6368
66 293 140 348 801
853 287 942 341 DE
977 285 1250 343 TITULIS
1288 283 1737 342 PSALMORUM.
1776 313 1841 322 —-
1877 283 2071 337 PSAL.
2105 283 2386 339 XXXVIII.
3177 289 3284 338 802

123 408 195 463 16.
231 405 599 477 Θησαυρίζει,
627 405 719 460 καὶ
738 405 797 457 οὺ
819 402 1072 472 γινώσκει
1098 403 1203 456 τίνι
1226 399 1440 468 συνάξει
1459 401 1604 456 αὑτά.

1789 399 1876 454 16.
1911 399 2284 467 Thesaurizat,
2314 407 2368 454 et
2398 398 2611 470 ignorat
2644 399 2732 454 cui
2766 399 3114 470 congregabit
3144 417 3229 455 ea.

126 503 198 558 I7.
232 501 344 553 Kal.
363 497 466 555 νῦν
496 499 584 562 τίς
613 501 646 570 ἡ
675 498 913 569 ὑπομονή
948 513 1086 562 υ.ου;
1114 495 1235 567 οὐχὶ
1259 498 1288 550 ὁ
1315 495 1548 568 Κύριος;

1806 493 1879 546 l7.
1910 492 1977 548 Et
2018 510 2166 550 nunc
2211 509 2333 564 quae
2377 494 2710 564 exspectatio
2760 495 2912 550 mea?
2959 510 3138 550 nonne
3176 493 3287 552 Do—

1719 583 1939 637 minus?

129 673 202 725 I8.
238 669 345 724 Kal.
365 670 400 740 ή
431 685 736 732 υποστασις
763 686 864 738 μου
891 667 1040 740 παρὰ
1066 665 1158 720 σοῦ
1189 668 1357 722 ὲστιν.

1246 684 1357 722 ττιν.
1789 673 1876 727 18.
1912 672 1977 726 Ει
2007 673 2308 728 substantia
2341 688 2459 728 mea
2488 689 2516 728 a
2546 682 2596 729 te
2625 681 2727 730 est.

131 765 203 818 I9.
227 761 355 814 Ἀτῶ
393 760 592 813 πασῶν
618 759 722 814 τῶν
744 759 979 830 ἀνομιῶν
1009 776 1108 829 μου
1141 758 1301 830 ῥῦσαί
1333 775 1428 829 με·

1792 764 1879 818 19.
1911 741 1998 818 Ab
2021 765 2273 818 omnibus
2304 764 2677 834 iniquitatibus
2704 766 2840 822 meis
2869 782 2999 823 erue
3029 783 3115 824 me
3143 782 3159 822 :

128 856 204 907 20.
225 853 464 916 Ὅνειδος
492 853 693 922 ἄφρονι
727 851 933 915 ἔδωκάς
966 869 1054 921 με.

1788 853 1878 908 20.
1913 853 2275 924 Opprobrium
2314 856 2587 925 insipienti
2614 858 2809 913 dedisti
2834 875 2937 914 me.

127 947 203 999 21.
227 942 488 1013 Ἐκωφώθ
501 962 583 1013 qv,
602 944 810 996 καὶούκ
827 943 1010 1012 ἧνοιξα
1024 945 1084 996 τὸ
1104 945 1275 1013 στόμα
1294 960 1414 1014 μου,
1440 942 1520 995 ὅτι
1543 942 1608 1013 (0]

1796 944 1875 997 21.
1912 943 2190 1013 Obmutui,
2220 955 2274 1000 ct
2304 962 2411 1001 non
2449 949 2634 1016 aperui
2668 964 2761 1004 eos
2795 966 2994 1017 meum,
3021 952 3277 1021 quoniam

71 1038 125 1088 σὺ
152 1035 420 1106 ἐποίησας.

1719 1045 1772 1090 tu
1802 1035 1994 1091 fecisti.

127 1127 205 1180 22.
236 1129 566 1195 Ἀπόστησον
597 1126 693 1179 ἀπ’
726 1124 858 1196 ἐμοῦ
883 1125 982 1189 τὰς
1021 1127 1288 1196 μάστιγάς
1315 1147 1436 1182 σου·

1200 1129 1288 1196 ra;
1315 1147 1436 1182 σου·
1784 1126 1875 1182 22.
1905 1128 2108 1185 Amove
2132 1145 2160 1184 a
2191 1145 2276 1186 me
2305 1131 2488 1200 plagas
2519 1142 2639 1189 tuas
2667 1147 2681 1184 :

127 1222 205 1276 25.
232 1220 362 1272 Ἀπὸ
391 1220 502 1291 γὰρ
544 1220 643 1289 τῆς
689 1219 869 1289 ἰσχύος
907 1219 1007 1289 τῆς
1052 1223 1231 1293 χειρός
1270 1241 1359 1276 σου
1393 1221 1501 1290 ἐγὼ
1532 1223 1608 1287 ἐξ.

1781 1218 1871 1272 25.
1903 1220 1948 1272 Α
1982 1221 2298 1278 fortitudine
2330 1225 2473 1278 enim
2510 1241 2704 1280 manus
2735 1233 2838 1282 tua:
2869 1242 2969 1299 ego
2997 1228 3189 1285 defeci.

73 1316 246 1368 ἔλιπον.

126 1407 203 1459 21.
236 1406 320 1458 Ἐν
349 1405 604 1474 ὲλεγμοῖς
636 1404 776 1474 ὑπὲρ
803 1403 1026 1474 ἀνομίας
1057 1405 1377 1470 ἐπαίδευσας
1406 1407 1607 1478 ἄνθρω-

1798 1399 1872 1452 24.
1906 1401 1961 1453 In
1995 1401 2458 1470 increpationibus
2486 1415 2707 1476 propter
2735 1407 3071 1478 iniquitatem
3102 1411 3279 1465 corri-

75 1514 156 1549 πον
175 1515 185 1526 ⁸

1713 1489 1876 1558 puiin
1913 1489 2188 1545 hominem
2217 1512 2229 1547 :

126 1589 204 1643 25.
239 1591 346 1642 Kal.
372 1588 634 1660 ἐξέτηξας
657 1588 733 1652 ὡς
765 1589 1005 1661 ἀράχνην
1031 1591 1127 1661 τὴν
1153 1590 1328 1661 ψυχήν
1361 1609 1462 1661 μου
1497 1590 1607 1662 [αὑ-

1796 1580 1873 1634 25.
1909 1581 1976 1635 Et
2021 1583 2297 1648 tabescere
2348 1583 2524 1641 fecisti
2567 1586 2708 1643 sicut
2740 1604 2994 1646 araneam
3035 1586 3277 1650 animam

73 1683 146 1734 τοῦ
170 1683 276 1736 cod.
298 1682 516 1755 Barb.].
1713 1669 1854 1739 ejus.

125 1773 200 1827 26.
234 1773 378 1842 Πλὴν
409 1775 590 1846 μάτην
623 1776 729 1838 πᾶς
749 1773 951 1847 [μάτην
979 1775 1308 1846 ταράσσεται
1332 1777 1456 1838 πᾶς.
1480 1773 1606 1846 clm]

1799 1761 1876 1816 26.
1908 1761 2296 1821 Verumtamen
2344 1783 2484 1823 vane
2526 1770 2706 1826 omnis
2731 1770 2890 1842 [vane
2933 1777 3280 1844 perturbatur

76 1866 150 1919 ἄνθ
159 1883 347 1928 οωπος.

1714 1854 1912 1916 omnis,
1944 1851 2076 1924 etc.]
2114 1855 2295 1908 homo.

605 1961 924 2030 Διάψαλμα
957 1960 1052 2032 (ὁ).
1787 2030 1803 2032 _
1820 2030 1847 2032 2
1914 2031 1947 2032 η

2332 1944 2665 2013 Diapsalma.

126 2054 201 2108 27.
230 2055 562 2108 Εἰσάκουσον
588 2055 686 2124 τῆς
716 2053 1021 2124 προσευχῆς
1049 2070 1170 2124 μου,
1198 2055 1388 2124 Κυριε,
1406 2055 1607 2126 καὶτῆς

1798 2030 1871 2084 Π.
1911 2031 2119 2088 Exaudi
2164 2035 2465 2091 orationem
2504 2054 2701 2104 meam,
2746 2037 2993 2110 Domine,
3021 2043 3279 2115 depreca-

73 2145 271 2216 δεήσεώς
301 2164 401 2217 μου
436 2145 571 2218 [μου
604 2123 904 2217 emeram].
946 2123 949 2124 ν
982 2123 985 2124 ν
1054 2123 1059 2124 7
1290 2123 1298 2124 ί

1572 2123 1580 2126 ’
1712 2123 1914 2178 tionem
1943 2141 2118 2180 meam
2152 2125 2350 2197 [meam
2387 2129 2610 2186 auribus
2647 2133 2884 2206 percipe]
2923 2150 2934 2186 :

125 2238 200 2292 28.
231 2239 293 2309 (c)
327 2239 618 2292 Ἐνώτισαι
653 2238 760 2291 τῶν
789 2238 1037 2309 δακρύων
1073 2257 1196 2310 μου.

1779 2215 1868 2270 28.
1907 2216 2143 2271 Auribus
2169 2219 2385 2289 percipe
2413 2221 2680 2292 lacrymas
2712 2239 2882 2279 meas.

124 2329 197 2384 29.
225 2307 312 2403 Μὴ
341 2332 805 2403 παρασιωπήσῃς,
835 2307 914 2384 ὅτι
942 2307 1201 2403 πάροικος
1227 2333 1336 2402 ἐγώ
1365 2333 1480 2404 εἶμι
1509 2349 1605 2386 πα-

1795 2307 1871 2362 29.
1898 2307 1975 2363 Ne
2008 2309 2194 2374 sileas,
2227 2311 2485 2380 quoniam
2511 2313 2719 2369 advena
2745 2330 2845 2386 ego
2871 2332 2991 2371 sum
3025 2319 3166 2388 apud
3195 2326 3276 2386 te;

75 2423 126 2490 pi
156 2425 255 2477 σοι’

123 2513 196 2569 50.
212 2516 314 2569 Kal.
329 2516 616 2589 παρεπίδη
625 2532 743 2587 μος,
755 2513 936 2580 καθὼς
948 2515 1147 2580 πάντες
1161 2517 1208 2569 οἱ
1233 2516 1466 2586 πατέρες
1485 2533 1604 2586 μου.

1786 2509 1878 2566 '50.
1906 2508 1973 2565 Et
2004 2511 2343 2583 peregrinus,
2370 2514 2512 2569 sicut
2543 2528 2732 2570 omnes
2758 2524 2939 2586 patres
2971 2517 3097 2574 mei.

124 2659 336 2728 (α)Ὂτι,
367 2669 504 2724 etc.,
535 2661 756 2715 desunt.
1021 2672 1029 2682 ‘

125 2734 189 2783 tbi
225 2729 336 2783 Vat.
369 2734 497 2783 eod.
543 2730 664 2783 Pal.

1788 2640 2775 2783 ίεὲρῖδὲξιῇὦινιῗιιξῖινξιδγιςξι

125 2727 189 2799 (ιι)
225 2729 336 2786 Vat.
369 2734 497 2788 cod.
543 2730 664 2787 Pal.

1794 2727 2039 2794 ’29,Ὄτι
2067 2729 2197 2800 πάρ.
2228 2729 2338 2798 ἐγώ
2368 2727 2481 2798 ειμι
2504 2727 2650 2798 mi;
2679 2727 2773 2798 γῇ.
2810 2727 2873 2782 γ.
2895 2727 2984 2797 30,
3016 2727 3145 2792 Kal,
3169 2727 3275 2784 etc.

1165 2888 1544 2944 ATIIANASII
1576 2887 2166 2945 INTERPRETATIO.

127 3025 198 3081 16.
233 3024 565 3099 Θησαυρίζει
612 3023 740 3099 γὰρ,
778 3025 870 3080 καὶ
919 3026 978 3078 οὐ
1022 3027 1277 3095 γινώσκει
1317 3029 1398 3094 τίς
1426 3029 1606 3084 αὐτῶν

1792 3029 1868 3084 I6.
1913 3028 2269 3084 Thesaurizat
2320 3028 2488 3094 enim,
2533 3035 2587 3082 ct
2626 3027 2859 3097 ignorat,
2905 3027 3029 3098 quis
3085 3043 3273 3086 eorum

74 3119 276 3189 κυριεύει
303 3121 398 3190 (1).

1715 3122 1970 3177 dominus
2005 3121 2127 3176 erit.

159 3211 203 3266 7.
227 3213 328 3266 Καὶ
353 3212 451 3266 νῦν
505 3211 571 3264 τὸ
601 3211 891 3281 ὑπομένειν
939 3229 1005 3284 με
1035 3212 1096 3265 τὸ
1125 3213 1328 3282 ἀγαθὸν
1357 3214 1432 3273 (21
1464 3217 1612 3290 παρὰ

1794 3212 1876 3267 l7.
1901 3211 1966 3267 Et
2007 3226 2151 3266 nunc
2181 3219 2429 3280 superest
2455 3211 2609 3276 mihi,
2647 3221 2706 3266 ut
2745 3211 2948 3266 bonum
2978 3227 3009 3268 a
3044 3211 3275 3270 Dommo

75 3304 148 3354 τοῦ
169 3305 355 3375 Κυρίου
385 3305 520 3376 ἔχω.

1713 3314 2038 3373 exspectem.

131 3398 203 3452 I8.
239 3401 341 3453 Kal.
369 3402 401 3471 ἠ
436 3397 753 3452 συνιστῶσά
790 3415 856 3469 με
888 3398 1046 3470 χάρις
1076 3397 1225 3470 παρὰ
1255 3398 1348 3452 σοῦ
1384 3402 1548 3454 ἐστιν.

1785 3394 1871 3448 18.
1906 3393 1972 3447 Ει
2001 3394 2194 3464 gratia,
2230 3409 2352 3464 quae
2380 3409 2466 3449 me
2492 3403 2780 3460 sustentat,
2815 3412 2845 3450 a
2875 3405 2927 3452 te
2964 3407 3064 3453 est.

130 3489 202 3543 I9.
235 3489 544 3563 Καθάρισόν
583 3507 673 3560 με,
704 3489 870 3558 λέγει,
895 3491 1002 3542 τῶν
1037 3491 1273 3560 ἀνομιῶν
1304 3509 1425 3561 μου.

1785 3484 1872 3539 19.
1909 3483 2105 3536 Munda
2133 3499 2238 3548 me,
2268 3483 2461 3553 inquit,
2497 3485 2565 3537 ab
2594 3479 2971 3553 iniquitatibus
3001 3489 3157 3544 meis.

129 3581 200 3635 20.
238 3583 640 3653 Καταγελῶντά
686 3582 761 3654 (5)
802 3600 870 3654 με
911 3583 1023 3654 ἔχει
1055 3586 1084 3636 ὁ
1129 3583 1369 3648 διάϐολος
1401 3585 1488 3638 διὰ
1513 3585 1610 3650 τὰς

1794 3575 1874 3630 20.
1906 3574 2119 3630 Derisui
2163 3590 2249 3629 me
2294 3574 2456 3630 habet
2497 3575 2746 3632 diabolus
2795 3587 3013 3648 propter
3053 3588 3275 3649 peccata

79 3671 308 3744 ἁμαρτίας
334 3694 455 3747 μου.

372 3694 455 3730 ου.
1712 3683 1832 3722 mea
1841 3705 1853 3719 -

131 3765 202 3819 21.
228 3768 333 3821 Οὐκ
353 3768 434 3820 ἔτι
463 3765 728 3820 ὑπακούω
751 3770 815 3837 τῇ
840 3768 1107 3840 ἁμαρτίᾳ,
1139 3769 1221 3823 ὅτι
1254 3771 1318 3824 σὺ
1349 3771 1612 3841 ἐποίησας

1792 3759 1871 3812 21.
1900 3757 2017 3813 Νοη
2064 3759 2296 3828 amplius
2338 3757 2589 3815 ausculto
2632 3770 2889 3829 peccato,
2919 3761 3174 3831 quoniam
3216 3773 3273 3818 tu

79 3856 200 3911 τοῦτό
223 3878 286 3930 με
318 3861 565 3932 ποιῆσαι.

1710 3847 1886 3902 fecisti
1915 3855 1975 3902 ut
2006 3862 2104 3918 ego
2132 3847 2184 3900 id
2211 3845 2463 3902 facerem.

131 3951 203 4005 22.
225 3952 487 4024 Ἰλάσθητί
519 3969 631 4022 μοι,
659 3951 827 4020 λέγει.

1781 3940 1870 3994 22.
1905 3939 2159 3996 Miserere
2191 3941 2314 4006 mei,
2342 3941 2489 3996 dicit.

131 4041 345 4098 23.Ἀώ
391 4045 499 4116 γὰρ
550 4043 652 4114 τῆς
701 4042 1022 4116 προσδοκίας
1054 4046 1145 4099 τοῦ
1182 4045 1488 4115 λογίζεσθαί
1520 4065 1607 4120 με,

1790 4031 1868 4086 25.
1898 4029 1978 4087 Ob
1997 4033 2445 4102 exspectationem
2469 4034 2637 4098 enim,
2663 4035 2791 4089 dum
2819 4051 3030 4092 mecum
3060 4049 3271 4109 reputo,

75 4129 140 4184 ὅτι
161 4135 319 4202 μέλλει
349 4136 423 4207 (ιι)
454 4152 522 4206 με
556 4133 763 4207 κρίνειν
797 4134 909 4190 ἴσον
938 4135 1166 4190 θανάτου
1192 4139 1480 4210 ἐγενόμην.

1792 4125 1858 4179 od
1898 4134 1953 4179 tu
1986 4140 2073 4180 me
2097 4125 2439 4196 judicaturus
2469 4139 2528 4181 es
2559 4127 2781 4197 perinde
2813 4144 2877 4184 ac
2907 4141 3153 4187 mortuus
3192 4132 3273 4187 fa-

1711 4224 1830 4268 ctus
1859 4231 1978 4269 sum
1989 4257 2001 4270 .

130 4301 596 4375 21.Ἐλεγχόμενος
638 4301 791 4374 παρὰ
836 4303 928 4356 σοῦ
972 4305 1059 4358 διὰ
1098 4305 1194 4369 τὰς
1239 4307 1468 4378 ἀνομίας
1504 4326 1606 4379 μου

1788 4305 1869 4359 24.
1904 4306 2198 4376 Correplus
2225 4322 2255 4360 a
2284 4315 2334 4362 te
2367 4318 2587 4378 propter
2612 4309 2924 4380 iniquitates
2961 4327 3112 4369 meas
3137 4315 3269 4370 edo-

77 4389 314 4462 ὲόιδάχθην
342 4395 414 4466 μὴ
439 4391 798 4466 ἁμαρτάνειν.
1342 4375 1352 4378 ⁷
1505 4375 1516 4379 ⁷

1342 4375 1352 4378 ⁷
1505 4375 1516 4379 ⁷
1631 4375 1686 4436 D
1709 4404 1828 4452 ctus
1857 4413 1978 4452 sum
2006 4413 2112 4452 non
2145 4413 2383 4467 peccare.

237 4485 340 4538 Kal.
385 4485 494 4538 ἀπὸ
527 4484 633 4553 τῆς
677 4482 906 4553 θλίψεως
931 4485 1031 4555 τῆς
1061 4485 1235 4556 ψυχῆς
1267 4503 1368 4557 μου
1402 4486 1604 4559 ὲτάκην

1787 4489 1870 4544 25.
1903 4487 1970 4544 Et
2008 4505 2120 4559 pne
2162 4488 2452 4544 alliictioue
2484 4490 2680 4546 animm
2724 4507 2858 4549 mea:
2893 4495 3108 4564 penitus
3134 4513 3268 4555 con-

1710 4582 1877 4639 tabui.

130 4661 202 4716 26.
232 4663 369 4737 Πλὴν
400 4665 554 4720 οὐδέν
584 4667 730 4720 ἐστιν
759 4665 986 4731 ἕκαστος
1022 4667 1130 4722 τῶν
1156 4667 1477 4740 ἀνθρώπων.

1783 4675 1872 4730 26.
1906 4674 2289 4730 Verumtamen
2323 4675 2458 4731 nihil
2483 4685 2567 4733 est
2593 4679 2770 4736 omnis
2800 4679 2985 4737 homo.

131 4755 203 4811 27.
227 4760 312 4831 Μὴ
332 4761 528 4835 ambo-9
559 4761 658 4832 τὴν
695 4765 1002 4835 προσευχήν
1031 4781 1153 4834 μου,
1181 4765 1314 4819 ἀλλὰ
1339 4765 1605 4837 μακροθύο

1790 4767 1868 4820 27.
1905 4765 1981 4822 Ne
2021 4766 2251 4837 repellas
2281 4767 2583 4825 orationem
2622 4786 2798 4828 meam
2821 4812 2836 4838 ,
2871 4775 2966 4830 sed
3006 4775 3271 4846 patienter

77 4862 169 4912 μως
192 4852 379 4923 ταύτην
406 4853 479 4924 (5)
516 4855 773 4908 ἄκουσον.

550 4870 773 4907 κουσον.
1706 4857 1849 4913 hanc
1882 4858 2031 4914 audi.

130 4935 202 4992 28.
237 4943 322 5014 Μὴ
344 4943 578 5016 παρίδῃς
604 4945 673 5018 τά
699 4944 910 5014 δάκρυά
935 4962 1056 5016 μου.

1787 4950 1878 5005 28.
1905 4950 1983 5006 Ne
2011 4952 2278 5022 despicias
2303 4954 2568 5027 lacrymas
2602 4973 2771 5014 meas.

130 5030 202 5083 29.
218 5035 328 5089 ’Ότι
353 5037 729 5108 ὲναπόγραφός
750 5037 844 5089 σού
871 5039 983 5108 εἰμι
1012 5037 1141 5106 ἐγώ.

1783 5042 1875 5099 29.
1913 5042 2182 5110 Quoniam
2209 5048 2544 5118 ascriptitius
2568 5059 2694 5104 tuus
2723 5065 2843 5105 sum
2870 5064 2989 5122 ego.

131 5122 204 5181 50.
239 5128 337 5181 Καὶ
367 5131 459 5183 ἐπὶ
482 5132 582 5201 τῆς
606 5130 709 5200 γῆς
743 5131 1118 5202 παρεπίδημός
1149 5135 1291 5204 εἰμι’
1313 5135 1345 5206 ή
1365 5135 1471 5210 γὰρ
1491 5134 1602 5190 ἄνω

1788 5133 1865 5188 50.
1902 5134 1966 5189 Et
2000 5136 2053 5190 in
2103 5146 2245 5193 terra
2280 5140 2597 5212 peregrinus
2629 5157 2748 5196 sum
2794 5159 2810 5196 :
2857 5156 3089 5211 superna
3125 5145 3269 5199 enim

79 5210 395 5293 Ἰερουσαλὴμ
419 5223 573 5286 πόλις
604 5240 704 5293 μου
734 5222 873 5277 ὲστί.

1709 5225 2010 5286 Jerusalem
2037 5231 2228 5287 civitas
2256 5249 2371 5289 mea
2396 5244 2498 5292 est.
2924 5294 2927 5297 .

981 5381 1285 5448 Addenda
1316 5393 1378 5448 et
1409 5386 1786 5468 corrigenda
1817 5406 1898 5452 ex
1937 5394 2078 5456 cod.
2120 5394 2323 5458 Vatic.

229 5538 530 5626 Euptftiaet.
576 5614 589 5626 ι
761 5613 773 5626 ι
876 5614 902 5626 η
937 5616 979 5626 __
1067 5616 1079 5625 .
1174 5615 1196 5626 ἀ
1777 5555 1854 5626 (4)
1893 5557 2141 5624 Μέλλεις.

232 5603 599 5739 (ἓνξῖ
633 5613 785 5686 παρὰ
810 5614 905 5670 τοῦ
937 5616 1142 5689 Κυρίου
1171 5615 1310 5690 Exn);
1893 5603 2383 5702 ἷαδτῆἷάκουσον,
2415 5629 2507 5684 καὶ
2533 5631 2766 5703 δεήσεως
2794 5649 2919 5703 μου.
