  <div class='ocr_page' id='page_1' title='image "/cluster/home/n/w/nwhite01/storage/ocr_20150623/27/hvd.32044014174452/431.png"; bbox 0 0 3750 6382; ppageno 0'>
   <div class='ocr_carea' id='block_1_1' title="bbox 421 300 530 357">
    <p class='ocr_par' dir='ltr' id='par_1_1' title="bbox 421 300 530 357">
     <span class='ocr_line' id='line_1_1' title="bbox 421 300 530 357; baseline 0 -1"><span class='ocrx_word' id='word_1_1' title='bbox 421 300 530 357; x_wconf 75' lang='lat'><strong>805</strong></span> 
     </span>
    </p>
   </div>
   <div class='ocr_carea' id='block_1_2' title="bbox 496 405 1451 478">
    <p class='ocr_par' dir='ltr' id='par_1_2' title="bbox 496 405 1451 478">
     <span class='ocr_line' id='line_1_2' title="bbox 496 405 1451 478; baseline -0.016 -4"><span class='ocrx_word' id='word_1_2' title='bbox 496 419 561 474; x_wconf 77' lang='lat' dir='ltr'><strong>3i</strong></span> <span class='ocrx_word' id='word_1_3' title='bbox 574 461 588 473; x_wconf 91' lang='lat'><strong>.</strong></span> <span class='ocrx_word' id='word_1_4' title='bbox 619 413 855 470; x_wconf 76' lang='lat' dir='ltr'><strong>Remitte</strong></span> <span class='ocrx_word' id='word_1_5' title='bbox 884 409 1017 466; x_wconf 88' lang='lat' dir='ltr'><strong>mihi</strong></span> <span class='ocrx_word' id='word_1_6' title='bbox 1041 417 1102 462; x_wconf 83' lang='lat' dir='ltr'><strong>ut</strong></span> <span class='ocrx_word' id='word_1_7' title='bbox 1127 405 1451 478; x_wconf 74' lang='lat' dir='ltr'><strong>refrigeret;</strong></span> 
     </span>
    </p>
   </div>
   <div class='ocr_carea' id='block_1_3' title="bbox 497 499 1815 572">
    <p class='ocr_par' dir='ltr' id='par_1_3' title="bbox 497 499 1815 572">
     <span class='ocr_line' id='line_1_3' title="bbox 497 499 1815 572; baseline -0.009 -10"><span class='ocrx_word' id='word_1_8' title='bbox 497 509 585 562; x_wconf 76' lang='grc'><strong>52.</strong></span> <span class='ocrx_word' id='word_1_9' title='bbox 614 506 928 572; x_wconf 83' lang='lat' dir='ltr'><strong>Priusquam</strong></span> <span class='ocrx_word' id='word_1_10' title='bbox 958 500 1170 563; x_wconf 84' lang='lat' dir='ltr'><strong>abeam,</strong></span> <span class='ocrx_word' id='word_1_11' title='bbox 1193 507 1252 553; x_wconf 73' lang='lat' dir='ltr'><strong>et</strong></span> <span class='ocrx_word' id='word_1_12' title='bbox 1281 499 1517 567; x_wconf 82' lang='lat' dir='ltr'><strong>amplius</strong></span> <span class='ocrx_word' id='word_1_13' title='bbox 1549 512 1657 552; x_wconf 84' lang='lat' dir='ltr'><strong>non</strong></span> <span class='ocrx_word' id='word_1_14' title='bbox 1695 513 1815 568; x_wconf 67' lang='lat' dir='ltr'><strong>ero,</strong></span> 
     </span>
    </p>
   </div>
   <div class='ocr_carea' id='block_1_4' title="bbox 563 607 1862 685">
    <p class='ocr_par' dir='ltr' id='par_1_4' title="bbox 563 607 1862 685">
     <span class='ocr_line' id='line_1_4' title="bbox 563 607 1862 685; baseline -0.009 -12"><span class='ocrx_word' id='word_1_15' title='bbox 563 617 629 674; x_wconf 82' lang='lat' dir='ltr'><strong>In</strong></span> <span class='ocrx_word' id='word_1_16' title='bbox 661 617 837 685; x_wconf 71' lang='lat' dir='ltr'><strong>finem,</strong></span> <span class='ocrx_word' id='word_1_17' title='bbox 861 611 1095 682; x_wconf 70' lang='lat' dir='ltr'><strong>psalmus</strong></span> <span class='ocrx_word' id='word_1_18' title='bbox 1126 610 1314 663; x_wconf 72' lang='lat' dir='ltr'><strong>Dat-id.</strong></span> <span class='ocrx_word' id='word_1_19' title='bbox 1348 607 1553 663; x_wconf 74' lang='lat' dir='ltr'><strong>PSAL.</strong></span> <span class='ocrx_word' id='word_1_20' title='bbox 1589 607 1862 664; x_wconf 71' lang='lat' dir='ltr'><strong>XXXIX.</strong></span> 
     </span>
    </p>
   </div>
   <div class='ocr_carea' id='block_1_5' title="bbox 500 721 1993 798">
    <p class='ocr_par' dir='ltr' id='par_1_5' title="bbox 500 721 1993 798">
     <span class='ocr_line' id='line_1_5' title="bbox 500 721 1993 798; baseline -0.006 -13"><span class='ocrx_word' id='word_1_21' title='bbox 500 727 886 798; x_wconf 72' lang='lat' dir='ltr'><strong>l.ExSpectans</strong></span> <span class='ocrx_word' id='word_1_22' title='bbox 896 724 1200 794; x_wconf 84' lang='lat' dir='ltr'><strong>exspectavi</strong></span> <span class='ocrx_word' id='word_1_23' title='bbox 1218 722 1828 786; x_wconf 77' lang='lat' dir='ltr'><strong>Dominum,etintendit</strong></span> <span class='ocrx_word' id='word_1_24' title='bbox 1842 721 1970 777; x_wconf 90' lang='lat' dir='ltr'><strong>mibi</strong></span> <span class='ocrx_word' id='word_1_25' title='bbox 1979 737 1993 776; x_wconf 91' lang='lat'><strong>:</strong></span> 
     </span>
    </p>
   </div>
   <div class='ocr_carea' id='block_1_6' title="bbox 494 815 1359 885">
    <p class='ocr_par' dir='ltr' id='par_1_6' title="bbox 494 815 1359 885">
     <span class='ocr_line' id='line_1_6' title="bbox 494 815 1359 885; baseline -0.009 -10"><span class='ocrx_word' id='word_1_26' title='bbox 494 821 549 875; x_wconf 90' lang='grc'><strong>2.</strong></span> <span class='ocrx_word' id='word_1_27' title='bbox 584 817 650 871; x_wconf 81' lang='lat' dir='ltr'><strong>Et</strong></span> <span class='ocrx_word' id='word_1_28' title='bbox 672 815 947 872; x_wconf 71' lang='lat' dir='ltr'><strong>exaudivit</strong></span> <span class='ocrx_word' id='word_1_29' title='bbox 972 830 1160 885; x_wconf 78' lang='lat' dir='ltr'><strong>preces</strong></span> <span class='ocrx_word' id='word_1_30' title='bbox 1193 829 1359 868; x_wconf 84' lang='lat' dir='ltr'><strong>meas.</strong></span> 
     </span>
    </p>
   </div>
   <div class='ocr_carea' id='block_1_7' title="bbox 497 905 1504 968">
    <p class='ocr_par' dir='ltr' id='par_1_7' title="bbox 497 905 1504 968">
     <span class='ocr_line' id='line_1_7' title="bbox 497 905 1504 968; baseline -0.005 -6"><span class='ocrx_word' id='word_1_31' title='bbox 497 911 552 964; x_wconf 69' lang='lat'><strong>3.</strong></span> <span class='ocrx_word' id='word_1_32' title='bbox 585 909 652 963; x_wconf 79' lang='lat' dir='ltr'><strong>Et</strong></span> <span class='ocrx_word' id='word_1_33' title='bbox 681 908 868 963; x_wconf 82' lang='lat' dir='ltr'><strong>eduxit</strong></span> <span class='ocrx_word' id='word_1_34' title='bbox 892 921 976 960; x_wconf 91' lang='lat' dir='ltr'><strong>me</strong></span> <span class='ocrx_word' id='word_1_35' title='bbox 1000 907 1066 960; x_wconf 90' lang='lat' dir='ltr'><strong>de</strong></span> <span class='ocrx_word' id='word_1_36' title='bbox 1098 905 1218 959; x_wconf 86' lang='lat' dir='ltr'><strong>lacu</strong></span> <span class='ocrx_word' id='word_1_37' title='bbox 1245 905 1504 968; x_wconf 67' lang='lat' dir='ltr'><strong>miseriae,</strong></span> 
     </span>
    </p>
   </div>
   <div class='ocr_carea' id='block_1_8' title="bbox 496 995 1119 1055">
    <p class='ocr_par' dir='ltr' id='par_1_8' title="bbox 496 995 1119 1055">
     <span class='ocr_line' id='line_1_8' title="bbox 496 995 1119 1055; baseline -0.016 0"><span class='ocrx_word' id='word_1_38' title='bbox 496 1010 554 1055; x_wconf 66' lang='grc' dir='ltr'><strong>ι.</strong></span> <span class='ocrx_word' id='word_1_39' title='bbox 582 999 651 1052; x_wconf 80' lang='lat' dir='ltr'><strong>Et</strong></span> <span class='ocrx_word' id='word_1_40' title='bbox 681 998 750 1052; x_wconf 93' lang='lat' dir='ltr'><strong>de</strong></span> <span class='ocrx_word' id='word_1_41' title='bbox 783 997 895 1050; x_wconf 87' lang='lat' dir='ltr'><strong>luto</strong></span> <span class='ocrx_word' id='word_1_42' title='bbox 924 995 1073 1051; x_wconf 56' lang='lat' dir='ltr'><strong>faecis</strong></span> <span class='ocrx_word' id='word_1_43' title='bbox 1105 1010 1119 1045; x_wconf 93' lang='lat'>:</span> 
     </span>
    </p>
   </div>
   <div class='ocr_carea' id='block_1_9' title="bbox 499 1086 1711 1158">
    <p class='ocr_par' dir='ltr' id='par_1_9' title="bbox 499 1086 1711 1158">
     <span class='ocr_line' id='line_1_9' title="bbox 499 1086 1711 1158; baseline -0.008 -10"><span class='ocrx_word' id='word_1_44' title='bbox 499 1093 553 1148; x_wconf 89' lang='lat'><strong>5.</strong></span> <span class='ocrx_word' id='word_1_45' title='bbox 582 1090 648 1146; x_wconf 76' lang='lat' dir='ltr'><strong>Et</strong></span> <span class='ocrx_word' id='word_1_46' title='bbox 668 1090 857 1146; x_wconf 90' lang='lat' dir='ltr'><strong>statuit</strong></span> <span class='ocrx_word' id='word_1_47' title='bbox 883 1103 1046 1157; x_wconf 86' lang='lat' dir='ltr'><strong>super</strong></span> <span class='ocrx_word' id='word_1_48' title='bbox 1072 1096 1279 1158; x_wconf 85' lang='lat' dir='ltr'><strong>petram</strong></span> <span class='ocrx_word' id='word_1_49' title='bbox 1315 1086 1481 1156; x_wconf 85' lang='lat' dir='ltr'><strong>pedes</strong></span> <span class='ocrx_word' id='word_1_50' title='bbox 1512 1101 1666 1139; x_wconf 86' lang='lat' dir='ltr'><strong>meos</strong></span> <span class='ocrx_word' id='word_1_51' title='bbox 1698 1102 1711 1136; x_wconf 94' lang='lat'>:</span> 
     </span>
    </p>
   </div>
   <div class='ocr_carea' id='block_1_10' title="bbox 500 1181 1332 1247">
    <p class='ocr_par' dir='ltr' id='par_1_10' title="bbox 500 1181 1332 1247">
     <span class='ocr_line' id='line_1_10' title="bbox 500 1181 1332 1247; baseline -0.007 -11"><span class='ocrx_word' id='word_1_52' title='bbox 500 1185 553 1236; x_wconf 84' lang='lat'><strong>6.</strong></span> <span class='ocrx_word' id='word_1_53' title='bbox 585 1181 651 1236; x_wconf 86' lang='lat' dir='ltr'><strong>Et</strong></span> <span class='ocrx_word' id='word_1_54' title='bbox 679 1181 881 1236; x_wconf 79' lang='lat' dir='ltr'><strong>direxit</strong></span> <span class='ocrx_word' id='word_1_55' title='bbox 912 1193 1133 1247; x_wconf 83' lang='lat' dir='ltr'><strong>gressus</strong></span> <span class='ocrx_word' id='word_1_56' title='bbox 1159 1192 1332 1231; x_wconf 87' lang='lat' dir='ltr'><strong>meos.</strong></span> 
     </span>
    </p>
   </div>
   <div class='ocr_carea' id='block_1_11' title="bbox 501 1265 1910 1329">
    <p class='ocr_par' dir='ltr' id='par_1_11' title="bbox 501 1265 1910 1329">
     <span class='ocr_line' id='line_1_11' title="bbox 501 1265 1910 1329; baseline -0.007 -5"><span class='ocrx_word' id='word_1_57' title='bbox 501 1271 554 1324; x_wconf 88' lang='lat' dir='ltr'><strong>&#39;l.</strong></span> <span class='ocrx_word' id='word_1_58' title='bbox 585 1271 652 1324; x_wconf 81' lang='lat' dir='ltr'><strong>Et</strong></span> <span class='ocrx_word' id='word_1_59' title='bbox 679 1267 908 1324; x_wconf 77' lang='lat' dir='ltr'><strong>immisit</strong></span> <span class='ocrx_word' id='word_1_60' title='bbox 939 1268 993 1320; x_wconf 91' lang='lat' dir='ltr'><strong>in</strong></span> <span class='ocrx_word' id='word_1_61' title='bbox 1026 1282 1089 1321; x_wconf 94' lang='lat' dir='ltr'><strong>os</strong></span> <span class='ocrx_word' id='word_1_62' title='bbox 1125 1281 1328 1329; x_wconf 86' lang='lat' dir='ltr'><strong>meum,</strong></span> <span class='ocrx_word' id='word_1_63' title='bbox 1357 1265 1627 1320; x_wconf 88' lang='lat' dir='ltr'><strong>canticum</strong></span> <span class='ocrx_word' id='word_1_64' title='bbox 1663 1279 1865 1318; x_wconf 80' lang='lat' dir='ltr'><strong>novum</strong></span> <span class='ocrx_word' id='word_1_65' title='bbox 1896 1279 1910 1314; x_wconf 89' lang='lat'>:</span> 
     </span>
    </p>
   </div>
   <div class='ocr_carea' id='block_1_12' title="bbox 499 1359 1198 1418">
    <p class='ocr_par' dir='ltr' id='par_1_12' title="bbox 499 1359 1198 1418">
     <span class='ocr_line' id='line_1_12' title="bbox 499 1359 1198 1418; baseline -0.006 0"><span class='ocrx_word' id='word_1_66' title='bbox 499 1364 553 1418; x_wconf 89' lang='lat'><strong>8.</strong></span> <span class='ocrx_word' id='word_1_67' title='bbox 586 1363 820 1417; x_wconf 85' lang='lat' dir='ltr'><strong>Carmen</strong></span> <span class='ocrx_word' id='word_1_68' title='bbox 851 1359 962 1414; x_wconf 90' lang='lat' dir='ltr'><strong>Deo</strong></span> <span class='ocrx_word' id='word_1_69' title='bbox 989 1368 1198 1414; x_wconf 87' lang='lat' dir='ltr'><strong>nostro.</strong></span> 
     </span>
    </p>
   </div>
   <div class='ocr_carea' id='block_1_13' title="bbox 501 1447 2001 1518">
    <p class='ocr_par' dir='ltr' id='par_1_13' title="bbox 501 1447 2001 1518">
     <span class='ocr_line' id='line_1_13' title="bbox 501 1447 2001 1518; baseline -0.004 -10"><span class='ocrx_word' id='word_1_70' title='bbox 501 1455 558 1509; x_wconf 87' lang='lat'><strong>9.</strong></span> <span class='ocrx_word' id='word_1_71' title='bbox 595 1453 874 1508; x_wconf 68' lang='lat' dir='ltr'><strong>Videbunt</strong></span> <span class='ocrx_word' id='word_1_72' title='bbox 922 1450 1077 1504; x_wconf 89' lang='lat' dir='ltr'><strong>multi</strong></span> <span class='ocrx_word' id='word_1_73' title='bbox 1108 1458 1163 1504; x_wconf 88' lang='lat' dir='ltr'><strong>et</strong></span> <span class='ocrx_word' id='word_1_74' title='bbox 1193 1449 1480 1512; x_wconf 86' lang='lat' dir='ltr'><strong>timebunt,</strong></span> <span class='ocrx_word' id='word_1_75' title='bbox 1527 1458 1582 1502; x_wconf 89' lang='lat' dir='ltr'><strong>et</strong></span> <span class='ocrx_word' id='word_1_76' title='bbox 1613 1447 1908 1518; x_wconf 87' lang='lat' dir='ltr'><strong>sperabunt</strong></span> <span class='ocrx_word' id='word_1_77' title='bbox 1946 1447 2001 1502; x_wconf 90' lang='lat' dir='ltr'><strong>in</strong></span> 
     </span>
    </p>
   </div>
   <div class='ocr_carea' id='block_1_14' title="bbox 433 1541 686 1598">
    <p class='ocr_par' dir='ltr' id='par_1_14' title="bbox 433 1541 686 1598">
     <span class='ocr_line' id='line_1_14' title="bbox 433 1541 686 1598; baseline -0.012 0"><span class='ocrx_word' id='word_1_78' title='bbox 433 1541 686 1598; x_wconf 82' lang='lat' dir='ltr'><strong>Domino.</strong></span> 
     </span>
    </p>
   </div>
   <div class='ocr_carea' id='block_1_15' title="bbox 507 1627 2003 1698">
    <p class='ocr_par' dir='ltr' id='par_1_15' title="bbox 507 1627 2003 1698">
     <span class='ocr_line' id='line_1_15' title="bbox 507 1627 2003 1698; baseline -0.004 -10"><span class='ocrx_word' id='word_1_79' title='bbox 507 1634 595 1689; x_wconf 83' lang='grc'><strong>10.</strong></span> <span class='ocrx_word' id='word_1_80' title='bbox 631 1631 833 1687; x_wconf 72' lang='lat' dir='ltr'><strong>Beatus</strong></span> <span class='ocrx_word' id='word_1_81' title='bbox 883 1629 987 1695; x_wconf 80' lang='lat' dir='ltr'><strong>vir,</strong></span> <span class='ocrx_word' id='word_1_82' title='bbox 1030 1628 1188 1698; x_wconf 76' lang='lat' dir='ltr'><strong>cuius</strong></span> <span class='ocrx_word' id='word_1_83' title='bbox 1234 1637 1321 1684; x_wconf 90' lang='lat' dir='ltr'><strong>est</strong></span> <span class='ocrx_word' id='word_1_84' title='bbox 1367 1643 1565 1683; x_wconf 89' lang='lat' dir='ltr'><strong>nomen</strong></span> <span class='ocrx_word' id='word_1_85' title='bbox 1610 1627 1828 1681; x_wconf 86' lang='lat' dir='ltr'><strong>Domini</strong></span> <span class='ocrx_word' id='word_1_86' title='bbox 1880 1642 2003 1698; x_wconf 83' lang='lat' dir='ltr'><strong>spes</strong></span> 
     </span>
    </p>
   </div>
   <div class='ocr_carea' id='block_1_16' title="bbox 433 1741 590 1794">
    <p class='ocr_par' dir='ltr' id='par_1_16' title="bbox 433 1741 590 1794">
     <span class='ocr_line' id='line_1_16' title="bbox 433 1741 590 1794; baseline 0 -16"><span class='ocrx_word' id='word_1_87' title='bbox 433 1741 590 1794; x_wconf 71' lang='lat' dir='ltr'><strong>qus;</strong></span> 
     </span>
    </p>
   </div>
   <div class='ocr_carea' id='block_1_17' title="bbox 1260 274 2856 341">
    <p class='ocr_par' dir='ltr' id='par_1_17' title="bbox 1260 274 2856 341">
     <span class='ocr_line' id='line_1_17' title="bbox 1260 274 2856 341; baseline -0.003 0"><span class='ocrx_word' id='word_1_88' title='bbox 1260 284 1320 341; x_wconf 83' lang='lat' dir='ltr'><strong>S.</strong></span> <span class='ocrx_word' id='word_1_89' title='bbox 1361 280 1733 341; x_wconf 72' lang='lat' dir='ltr'><strong>ATHANASII</strong></span> <span class='ocrx_word' id='word_1_90' title='bbox 1773 282 1923 338; x_wconf 86' lang='lat' dir='ltr'><strong>OPP.</strong></span> <span class='ocrx_word' id='word_1_91' title='bbox 1966 281 2147 338; x_wconf 71' lang='lat' dir='ltr'><strong>PARS</strong></span> <span class='ocrx_word' id='word_1_92' title='bbox 2183 281 2270 336; x_wconf 83' lang='lat' dir='ltr'><strong>Ill.</strong></span> <span class='ocrx_word' id='word_1_93' title='bbox 2309 308 2383 324; x_wconf 87' lang='lat'><em>--</em></span> <span class='ocrx_word' id='word_1_94' title='bbox 2417 274 2856 340; x_wconf 67' lang='lat' dir='ltr'><strong>sxacmcs.‘</strong></span> 
     </span>
    </p>
   </div>
   <div class='ocr_carea' id='block_1_18' title="bbox 2021 399 2996 472">
    <p class='ocr_par' dir='ltr' id='par_1_18' title="bbox 2021 399 2996 472">
     <span class='ocr_line' id='line_1_18' title="bbox 2021 399 2996 472; baseline -0.006 -14"><span class='ocrx_word' id='word_1_95' title='bbox 2021 415 2074 470; x_wconf 71' lang='grc' dir='ltr'>Α</span> <span class='ocrx_word' id='word_1_96' title='bbox 2170 405 2425 466; x_wconf 77' lang='grc' dir='ltr'><strong>51.Ἀνες</strong></span> <span class='ocrx_word' id='word_1_97' title='bbox 2460 421 2570 472; x_wconf 80' lang='grc' dir='ltr'><strong>μοι,</strong></span> <span class='ocrx_word' id='word_1_98' title='bbox 2599 403 2686 455; x_wconf 77' lang='grc' dir='ltr'><strong>ἵνα</strong></span> <span class='ocrx_word' id='word_1_99' title='bbox 2707 399 2996 468; x_wconf 56' lang='grc' dir='ltr'><strong>ἀναψύξω·</strong></span> 
     </span>
    </p>
   </div>
   <div class='ocr_carea' id='block_1_19' title="bbox 3567 281 3670 346">
    <p class='ocr_par' dir='ltr' id='par_1_19' title="bbox 3567 281 3670 346">
     <span class='ocr_line' id='line_1_19' title="bbox 3567 281 3670 346; baseline 0.039 -4"><span class='ocrx_word' id='word_1_100' title='bbox 3567 281 3670 346; x_wconf 75' lang='grc' dir='ltr'><strong>3οᾌ</strong></span> 
     </span>
    </p>
   </div>
   <div class='ocr_carea' id='block_1_20' title="bbox 2161 490 3665 566">
    <p class='ocr_par' dir='ltr' id='par_1_20' title="bbox 2161 490 3665 566">
     <span class='ocr_line' id='line_1_20' title="bbox 2161 490 3665 566; baseline -0.001 -18"><span class='ocrx_word' id='word_1_101' title='bbox 2161 496 2247 548; x_wconf 76' lang='grc'><strong>52.</strong></span> <span class='ocrx_word' id='word_1_102' title='bbox 2286 496 2397 566; x_wconf 61' lang='grc' dir='ltr'><strong>ηρ)</strong></span> <span class='ocrx_word' id='word_1_103' title='bbox 2411 495 2503 548; x_wconf 66' lang='grc' dir='ltr'><strong>τοῦ</strong></span> <span class='ocrx_word' id='word_1_104' title='bbox 2526 512 2594 566; x_wconf 78' lang='grc' dir='ltr'><strong>με</strong></span> <span class='ocrx_word' id='word_1_105' title='bbox 2611 493 2887 557; x_wconf 75' lang='grc' dir='ltr'><strong>ἀπελθεῖν,</strong></span> <span class='ocrx_word' id='word_1_106' title='bbox 2905 492 3000 546; x_wconf 72' lang='grc' dir='ltr'><strong>καὶ</strong></span> <span class='ocrx_word' id='word_1_107' title='bbox 3017 491 3120 545; x_wconf 70' lang='grc' dir='ltr'><strong>οὐκ</strong></span> <span class='ocrx_word' id='word_1_108' title='bbox 3137 490 3219 544; x_wconf 73' lang='grc' dir='ltr'><strong>ἔτι</strong></span> <span class='ocrx_word' id='word_1_109' title='bbox 3237 491 3300 545; x_wconf 75' lang='grc' dir='ltr'><strong>οὐ</strong></span> <span class='ocrx_word' id='word_1_110' title='bbox 3325 492 3403 564; x_wconf 72' lang='grc' dir='ltr'><strong>μὴ</strong></span> <span class='ocrx_word' id='word_1_111' title='bbox 3419 492 3665 564; x_wconf 67' lang='grc' dir='ltr'><strong>ὑπάρξω.</strong></span> 
     </span>
    </p>
   </div>
   <div class='ocr_carea' id='block_1_21' title="bbox 2183 601 3584 674">
    <p class='ocr_par' dir='ltr' id='par_1_21' title="bbox 2183 601 3584 674">
     <span class='ocr_line' id='line_1_21' title="bbox 2183 601 3584 674; baseline -0.002 -13"><span class='ocrx_word' id='word_1_112' title='bbox 2183 610 2287 674; x_wconf 79' lang='grc' dir='ltr'><strong>εις</strong></span> <span class='ocrx_word' id='word_1_113' title='bbox 2312 607 2376 661; x_wconf 83' lang='grc' dir='ltr'><strong>τὸ</strong></span> <span class='ocrx_word' id='word_1_114' title='bbox 2405 606 2598 672; x_wconf 71' lang='grc' dir='ltr'><strong>τέλες,</strong></span> <span class='ocrx_word' id='word_1_115' title='bbox 2629 605 2870 674; x_wconf 57' lang='lat' dir='ltr'><strong>euch</strong></span> <span class='ocrx_word' id='word_1_116' title='bbox 2895 601 2975 668; x_wconf 79' lang='grc' dir='ltr'><strong>τῷ</strong></span> <span class='ocrx_word' id='word_1_117' title='bbox 3004 602 3201 657; x_wconf 60' lang='lat' dir='ltr'><strong>nam.</strong></span> <span class='ocrx_word' id='word_1_118' title='bbox 3233 605 3412 657; x_wconf 64' lang='lat' dir='ltr'><strong>ras.</strong></span> <span class='ocrx_word' id='word_1_119' title='bbox 3443 604 3584 658; x_wconf 69' lang='grc' dir='ltr'><strong>Λα.</strong></span> 
     </span>
    </p>
   </div>
   <div class='ocr_carea' id='block_1_22' title="bbox 2166 720 3667 794">
    <p class='ocr_par' dir='ltr' id='par_1_22' title="bbox 2166 720 3667 794">
     <span class='ocr_line' id='line_1_22' title="bbox 2166 720 3667 794; baseline -0.001 -18"><span class='ocrx_word' id='word_1_120' title='bbox 2166 723 2218 776; x_wconf 87' lang='grc'><strong>1.</strong></span> <span class='ocrx_word' id='word_1_121' title='bbox 2235 723 2545 792; x_wconf 78' lang='grc' dir='ltr'><strong>’Υπομένων</strong></span> <span class='ocrx_word' id='word_1_122' title='bbox 2559 721 2822 790; x_wconf 69' lang='grc' dir='ltr'><strong>ὑπέμεινα</strong></span> <span class='ocrx_word' id='word_1_123' title='bbox 2833 720 2921 773; x_wconf 79' lang='grc' dir='ltr'><strong>τὸν</strong></span> <span class='ocrx_word' id='word_1_124' title='bbox 2934 720 3258 792; x_wconf 68' lang='grc' dir='ltr'><strong>Κύριον,καὶ</strong></span> <span class='ocrx_word' id='word_1_125' title='bbox 3274 721 3545 794; x_wconf 72' lang='grc' dir='ltr'><strong>προσέσχε</strong></span> <span class='ocrx_word' id='word_1_126' title='bbox 3562 741 3667 794; x_wconf 83' lang='grc' dir='ltr'><strong>μοι·</strong></span> 
     </span>
    </p>
   </div>
   <div class='ocr_carea' id='block_1_23' title="bbox 2166 809 3224 882">
    <p class='ocr_par' dir='ltr' id='par_1_23' title="bbox 2166 809 3224 882">
     <span class='ocr_line' id='line_1_23' title="bbox 2166 809 3224 882; baseline -0.001 -17"><span class='ocrx_word' id='word_1_127' title='bbox 2166 814 2220 866; x_wconf 89' lang='grc'><strong>2.</strong></span> <span class='ocrx_word' id='word_1_128' title='bbox 2260 814 2370 865; x_wconf 70' lang='grc' dir='ltr'><strong>Καὶ</strong></span> <span class='ocrx_word' id='word_1_129' title='bbox 2396 815 2683 882; x_wconf 75' lang='grc' dir='ltr'><strong>εἰσήκουσε</strong></span> <span class='ocrx_word' id='word_1_130' title='bbox 2708 811 2809 880; x_wconf 72' lang='grc' dir='ltr'><strong>τῆς</strong></span> <span class='ocrx_word' id='word_1_131' title='bbox 2833 809 3068 880; x_wconf 78' lang='grc' dir='ltr'><strong>δεήσεὼς</strong></span> <span class='ocrx_word' id='word_1_132' title='bbox 3101 828 3224 881; x_wconf 81' lang='grc' dir='ltr'><strong>μου.</strong></span> 
     </span>
    </p>
   </div>
   <div class='ocr_carea' id='block_1_24' title="bbox 2167 900 3497 972">
    <p class='ocr_par' dir='ltr' id='par_1_24' title="bbox 2167 900 3497 972">
     <span class='ocr_line' id='line_1_24' title="bbox 2167 900 3497 972; baseline -0.001 -15"><span class='ocrx_word' id='word_1_133' title='bbox 2167 904 2221 957; x_wconf 77' lang='grc'><strong>5.</strong></span> <span class='ocrx_word' id='word_1_134' title='bbox 2263 902 2374 954; x_wconf 71' lang='grc' dir='ltr'><strong>Καὶ</strong></span> <span class='ocrx_word' id='word_1_135' title='bbox 2401 901 2644 971; x_wconf 73' lang='grc' dir='ltr'><strong>ἀνήγαγε</strong></span> <span class='ocrx_word' id='word_1_136' title='bbox 2676 918 2741 970; x_wconf 88' lang='grc' dir='ltr'><strong>με</strong></span> <span class='ocrx_word' id='word_1_137' title='bbox 2770 904 2834 953; x_wconf 76' lang='grc' dir='ltr'><strong>ὲκ</strong></span> <span class='ocrx_word' id='word_1_138' title='bbox 2865 900 3071 953; x_wconf 77' lang='grc' dir='ltr'><strong>λάκκου</strong></span> <span class='ocrx_word' id='word_1_139' title='bbox 3099 900 3497 972; x_wconf 70' lang='grc' dir='ltr'><strong>ταλαιπωρίας.</strong></span> 
     </span>
    </p>
   </div>
   <div class='ocr_carea' id='block_1_25' title="bbox 2168 987 2906 1061">
    <p class='ocr_par' dir='ltr' id='par_1_25' title="bbox 2168 987 2906 1061">
     <span class='ocr_line' id='line_1_25' title="bbox 2168 987 2906 1061; baseline -0.009 -15"><span class='ocrx_word' id='word_1_140' title='bbox 2168 993 2222 1046; x_wconf 65' lang='grc'><strong>4.</strong></span> <span class='ocrx_word' id='word_1_141' title='bbox 2261 992 2372 1044; x_wconf 77' lang='grc' dir='ltr'><strong>Καὶ</strong></span> <span class='ocrx_word' id='word_1_142' title='bbox 2401 991 2505 1043; x_wconf 76' lang='grc' dir='ltr'><strong>ἀπὸ</strong></span> <span class='ocrx_word' id='word_1_143' title='bbox 2533 989 2703 1061; x_wconf 67' lang='grc' dir='ltr'><strong>πηλοῦ</strong></span> <span class='ocrx_word' id='word_1_144' title='bbox 2738 987 2906 1052; x_wconf 66' lang='grc' dir='ltr'><strong>ἰλύος⁸</strong></span> 
     </span>
    </p>
   </div>
   <div class='ocr_carea' id='block_1_26' title="bbox 2172 1082 3500 1154">
    <p class='ocr_par' dir='ltr' id='par_1_26' title="bbox 2172 1082 3500 1154">
     <span class='ocr_line' id='line_1_26' title="bbox 2172 1082 3500 1154; baseline -0.003 -15"><span class='ocrx_word' id='word_1_145' title='bbox 2172 1086 2226 1140; x_wconf 83' lang='grc'><strong>5.</strong></span> <span class='ocrx_word' id='word_1_146' title='bbox 2267 1086 2380 1139; x_wconf 75' lang='grc' dir='ltr'><strong>Καὶ</strong></span> <span class='ocrx_word' id='word_1_147' title='bbox 2411 1083 2635 1154; x_wconf 67' lang='grc' dir='ltr'><strong>ἔστησεν</strong></span> <span class='ocrx_word' id='word_1_148' title='bbox 2661 1082 2753 1136; x_wconf 73' lang='grc' dir='ltr'><strong>ἐπὶ</strong></span> <span class='ocrx_word' id='word_1_149' title='bbox 2780 1082 2988 1154; x_wconf 83' lang='grc' dir='ltr'><strong>πέτραν</strong></span> <span class='ocrx_word' id='word_1_150' title='bbox 3010 1082 3136 1146; x_wconf 73' lang='grc' dir='ltr'><strong>τοὺς</strong></span> <span class='ocrx_word' id='word_1_151' title='bbox 3165 1082 3334 1146; x_wconf 72' lang='grc' dir='ltr'><strong>πόδας</strong></span> <span class='ocrx_word' id='word_1_152' title='bbox 3367 1099 3500 1153; x_wconf 67' lang='grc' dir='ltr'><strong>μου*</strong></span> 
     </span>
    </p>
   </div>
   <div class='ocr_carea' id='block_1_27' title="bbox 2169 1177 3281 1249">
    <p class='ocr_par' dir='ltr' id='par_1_27' title="bbox 2169 1177 3281 1249">
     <span class='ocr_line' id='line_1_27' title="bbox 2169 1177 3281 1249; baseline -0.002 -15"><span class='ocrx_word' id='word_1_153' title='bbox 2169 1179 2223 1234; x_wconf 87' lang='lat'><strong>6.</strong></span> <span class='ocrx_word' id='word_1_154' title='bbox 2265 1181 2372 1233; x_wconf 76' lang='grc' dir='ltr'><strong>Καὶ</strong></span> <span class='ocrx_word' id='word_1_155' title='bbox 2398 1178 2691 1233; x_wconf 73' lang='grc' dir='ltr'><strong>κατεὺθυνε</strong></span> <span class='ocrx_word' id='word_1_156' title='bbox 2721 1178 2788 1231; x_wconf 65' lang='grc' dir='ltr'><strong>τὰ</strong></span> <span class='ocrx_word' id='word_1_157' title='bbox 2812 1177 3125 1249; x_wconf 70' lang='grc' dir='ltr'><strong>διαδήματά</strong></span> <span class='ocrx_word' id='word_1_158' title='bbox 3157 1196 3281 1248; x_wconf 84' lang='grc' dir='ltr'><strong>μου.</strong></span> 
     </span>
    </p>
   </div>
   <div class='ocr_carea' id='block_1_28' title="bbox 2171 1264 3606 1340">
    <p class='ocr_par' dir='ltr' id='par_1_28' title="bbox 2171 1264 3606 1340">
     <span class='ocr_line' id='line_1_28' title="bbox 2171 1264 3606 1340; baseline 0.001 -19"><span class='ocrx_word' id='word_1_159' title='bbox 2171 1270 2226 1323; x_wconf 86' lang='lat'><strong>7.</strong></span> <span class='ocrx_word' id='word_1_160' title='bbox 2265 1270 2374 1322; x_wconf 73' lang='grc' dir='ltr'><strong>Καὶ</strong></span> <span class='ocrx_word' id='word_1_161' title='bbox 2401 1268 2652 1322; x_wconf 80' lang='grc' dir='ltr'><strong>ὲνέὁαλεν</strong></span> <span class='ocrx_word' id='word_1_162' title='bbox 2675 1269 2756 1332; x_wconf 86' lang='grc' dir='ltr'><strong>εἰς</strong></span> <span class='ocrx_word' id='word_1_163' title='bbox 2780 1269 2842 1321; x_wconf 72' lang='grc' dir='ltr'><strong>τὸ</strong></span> <span class='ocrx_word' id='word_1_164' title='bbox 2867 1269 3041 1340; x_wconf 87' lang='grc' dir='ltr'><strong>στόμα</strong></span> <span class='ocrx_word' id='word_1_165' title='bbox 3077 1286 3180 1340; x_wconf 84' lang='grc' dir='ltr'><strong>μου</strong></span> <span class='ocrx_word' id='word_1_166' title='bbox 3205 1264 3356 1340; x_wconf 75' lang='grc' dir='ltr'><strong>ᾆσμα</strong></span> <span class='ocrx_word' id='word_1_167' title='bbox 3383 1270 3574 1324; x_wconf 70' lang='grc' dir='ltr'><strong>καινόν</strong></span> <span class='ocrx_word' id='word_1_168' title='bbox 3592 1287 3606 1300; x_wconf 87' lang='grc'><strong>·</strong></span> 
     </span>
    </p>
   </div>
   <div class='ocr_carea' id='block_1_29' title="bbox 2169 1359 2893 1431">
    <p class='ocr_par' dir='ltr' id='par_1_29' title="bbox 2169 1359 2893 1431">
     <span class='ocr_line' id='line_1_29' title="bbox 2169 1359 2893 1431; baseline -0.006 -16"><span class='ocrx_word' id='word_1_169' title='bbox 2169 1361 2225 1415; x_wconf 91' lang='grc'><strong>8.</strong></span> <span class='ocrx_word' id='word_1_170' title='bbox 2243 1361 2449 1431; x_wconf 84' lang='grc' dir='ltr'><strong>Ὕμνον</strong></span> <span class='ocrx_word' id='word_1_171' title='bbox 2480 1359 2560 1430; x_wconf 85' lang='grc' dir='ltr'><strong>τῷ</strong></span> <span class='ocrx_word' id='word_1_172' title='bbox 2586 1359 2707 1428; x_wconf 83' lang='grc' dir='ltr'><strong>Θεῷ</strong></span> <span class='ocrx_word' id='word_1_173' title='bbox 2735 1359 2893 1430; x_wconf 79' lang='grc' dir='ltr'><strong>ἡμῶν</strong></span> 
     </span>
    </p>
   </div>
   <div class='ocr_carea' id='block_1_30' title="bbox 2169 1450 3673 1524">
    <p class='ocr_par' dir='ltr' id='par_1_30' title="bbox 2169 1450 3673 1524">
     <span class='ocr_line' id='line_1_30' title="bbox 2169 1450 3673 1524; baseline -0.001 -17"><span class='ocrx_word' id='word_1_174' title='bbox 2169 1454 2224 1508; x_wconf 89' lang='grc'><strong>9.</strong></span> <span class='ocrx_word' id='word_1_175' title='bbox 2244 1453 2500 1522; x_wconf 69' lang='grc' dir='ltr'><strong>Ὄψονται</strong></span> <span class='ocrx_word' id='word_1_176' title='bbox 2533 1451 2716 1504; x_wconf 74' lang='grc' dir='ltr'><strong>πολλοὶ</strong></span> <span class='ocrx_word' id='word_1_177' title='bbox 2741 1450 2836 1504; x_wconf 71' lang='grc' dir='ltr'><strong>καὶ</strong></span> <span class='ocrx_word' id='word_1_178' title='bbox 2862 1451 3279 1524; x_wconf 74' lang='grc' dir='ltr'><strong>φοϐηθήσονται,</strong></span> <span class='ocrx_word' id='word_1_179' title='bbox 3323 1451 3421 1506; x_wconf 76' lang='grc' dir='ltr'><strong>καὶ</strong></span> <span class='ocrx_word' id='word_1_180' title='bbox 3457 1453 3673 1506; x_wconf 71' lang='grc' dir='ltr'><strong>ἐλπιοῦ-</strong></span> 
     </span>
    </p>
   </div>
   <div class='ocr_carea' id='block_1_31' title="bbox 2103 1541 2562 1611">
    <p class='ocr_par' dir='ltr' id='par_1_31' title="bbox 2103 1541 2562 1611">
     <span class='ocr_line' id='line_1_31' title="bbox 2103 1541 2562 1611; baseline -0.007 -14"><span class='ocrx_word' id='word_1_181' title='bbox 2103 1559 2187 1597; x_wconf 85' lang='grc' dir='ltr'><strong>σιν</strong></span> <span class='ocrx_word' id='word_1_182' title='bbox 2219 1544 2311 1596; x_wconf 74' lang='grc' dir='ltr'>ἐπὶ</span> <span class='ocrx_word' id='word_1_183' title='bbox 2339 1541 2562 1611; x_wconf 74' lang='grc' dir='ltr'><strong>Κύριον.</strong></span> 
     </span>
    </p>
   </div>
   <div class='ocr_carea' id='block_1_32' title="bbox 2175 1625 3675 1704">
    <p class='ocr_par' dir='ltr' id='par_1_32' title="bbox 2175 1625 3675 1704">
     <span class='ocr_line' id='line_1_32' title="bbox 2175 1625 3675 1704; baseline -0.013 -1"><span class='ocrx_word' id='word_1_184' title='bbox 2175 1634 2262 1688; x_wconf 72' lang='grc' dir='ltr'><strong>ίθο</strong></span> <span class='ocrx_word' id='word_1_185' title='bbox 2291 1632 2574 1704; x_wconf 71' lang='grc' dir='ltr'><strong>Μακάριος</strong></span> <span class='ocrx_word' id='word_1_186' title='bbox 2606 1631 2768 1703; x_wconf 74' lang='grc' dir='ltr'>ἀνὴρ,</span> <span class='ocrx_word' id='word_1_187' title='bbox 2790 1625 2852 1687; x_wconf 74' lang='grc' dir='ltr'>οὗ</span> <span class='ocrx_word' id='word_1_188' title='bbox 2882 1633 2997 1685; x_wconf 76' lang='grc' dir='ltr'><strong>ἐστι</strong></span> <span class='ocrx_word' id='word_1_189' title='bbox 3017 1632 3076 1685; x_wconf 65' lang='grc' dir='ltr'><strong>τδ</strong></span> <span class='ocrx_word' id='word_1_190' title='bbox 3091 1631 3262 1702; x_wconf 72' lang='grc' dir='ltr'><strong>ὄνομα</strong></span> <span class='ocrx_word' id='word_1_191' title='bbox 3287 1631 3499 1702; x_wconf 76' lang='grc' dir='ltr'><strong>Κυρίου</strong></span> <span class='ocrx_word' id='word_1_192' title='bbox 3525 1631 3675 1695; x_wconf 66' lang='grc' dir='ltr'><strong>ἐλπὶς</strong></span> 
     </span>
    </p>
   </div>
   <div class='ocr_carea' id='block_1_33' title="bbox 2104 1743 2307 1780">
    <p class='ocr_par' dir='ltr' id='par_1_33' title="bbox 2104 1743 2307 1780">
     <span class='ocr_line' id='line_1_33' title="bbox 2104 1743 2307 1780; baseline -0.01 0"><span class='ocrx_word' id='word_1_193' title='bbox 2104 1743 2270 1780; x_wconf 83' lang='grc' dir='ltr'><strong>αυτου</strong></span> <span class='ocrx_word' id='word_1_194' title='bbox 2293 1743 2307 1755; x_wconf 84' lang='grc'><strong>⁸</strong></span> 
     </span>
    </p>
   </div>
   <div class='ocr_carea' id='block_1_34' title="bbox 509 1808 1996 1892">
    <p class='ocr_par' dir='ltr' id='par_1_34' title="bbox 509 1808 1996 1882">
     <span class='ocr_line' id='line_1_34' title="bbox 509 1808 1996 1882; baseline -0.003 -16"><span class='ocrx_word' id='word_1_195' title='bbox 509 1813 597 1867; x_wconf 91' lang='grc'><strong>11.</strong></span> <span class='ocrx_word' id='word_1_196' title='bbox 632 1811 698 1866; x_wconf 78' lang='lat' dir='ltr'><strong>Et</strong></span> <span class='ocrx_word' id='word_1_197' title='bbox 728 1827 838 1866; x_wconf 86' lang='lat' dir='ltr'><strong>non</strong></span> <span class='ocrx_word' id='word_1_198' title='bbox 869 1811 1110 1882; x_wconf 87' lang='lat' dir='ltr'><strong>respexit</strong></span> <span class='ocrx_word' id='word_1_199' title='bbox 1139 1811 1196 1865; x_wconf 86' lang='lat' dir='ltr'><strong>in</strong></span> <span class='ocrx_word' id='word_1_200' title='bbox 1230 1811 1495 1866; x_wconf 72' lang='lat' dir='ltr'><strong>vanitates</strong></span> <span class='ocrx_word' id='word_1_201' title='bbox 1528 1820 1582 1866; x_wconf 88' lang='lat' dir='ltr'><strong>et</strong></span> <span class='ocrx_word' id='word_1_202' title='bbox 1612 1810 1853 1867; x_wconf 87' lang='lat' dir='ltr'><strong>insanias</strong></span> <span class='ocrx_word' id='word_1_203' title='bbox 1898 1808 1996 1863; x_wconf 76' lang='lat' dir='ltr'><strong>fal-</strong></span> 
     </span>
    </p>
   </div>
   <div class='ocr_carea' id='block_1_35' title="bbox 2176 1808 3675 1892">
    <p class='ocr_par' dir='ltr' id='par_1_35' title="bbox 2177 1816 3675 1887">
     <span class='ocr_line' id='line_1_35' title="bbox 2177 1816 3675 1887; baseline -0.001 -17"><span class='ocrx_word' id='word_1_204' title='bbox 2177 1819 2263 1872; x_wconf 90' lang='grc'><strong>11.</strong></span> <span class='ocrx_word' id='word_1_205' title='bbox 2301 1819 2413 1872; x_wconf 78' lang='grc' dir='ltr'><strong>Καὶ</strong></span> <span class='ocrx_word' id='word_1_206' title='bbox 2437 1817 2538 1871; x_wconf 76' lang='grc' dir='ltr'><strong>οὐκ</strong></span> <span class='ocrx_word' id='word_1_207' title='bbox 2564 1816 2857 1886; x_wconf 64' lang='grc' dir='ltr'><strong>ἐπέϐλεψεν</strong></span> <span class='ocrx_word' id='word_1_208' title='bbox 2877 1816 2958 1880; x_wconf 77' lang='grc' dir='ltr'><strong>εἰς</strong></span> <span class='ocrx_word' id='word_1_209' title='bbox 2986 1817 3352 1887; x_wconf 71' lang='grc' dir='ltr'><strong>ματαιότητας</strong></span> <span class='ocrx_word' id='word_1_210' title='bbox 3375 1816 3469 1868; x_wconf 71' lang='grc' dir='ltr'><strong>καὶ</strong></span> <span class='ocrx_word' id='word_1_211' title='bbox 3485 1816 3675 1886; x_wconf 78' lang='grc' dir='ltr'><strong>μανίας</strong></span> 
     </span>
    </p>
   </div>
   <div class='ocr_carea' id='block_1_36' title="bbox 437 1920 551 1959">
    <p class='ocr_par' dir='ltr' id='par_1_36' title="bbox 437 1920 551 1959">
     <span class='ocr_line' id='line_1_36' title="bbox 437 1920 551 1959; baseline -0.018 0"><span class='ocrx_word' id='word_1_212' title='bbox 437 1920 551 1959; x_wconf 68' lang='lat'><strong>5“.</strong></span> 
     </span>
    </p>
   </div>
   <div class='ocr_carea' id='block_1_37' title="bbox 508 1993 2008 2061">
    <p class='ocr_par' dir='ltr' id='par_1_37' title="bbox 508 1993 2008 2061">
     <span class='ocr_line' id='line_1_37' title="bbox 508 1993 2008 2061; baseline -0.001 -11"><span class='ocrx_word' id='word_1_213' title='bbox 508 1997 594 2050; x_wconf 94' lang='grc'><strong>12.</strong></span> <span class='ocrx_word' id='word_1_214' title='bbox 629 1995 794 2052; x_wconf 70' lang='lat' dir='ltr'><strong>Multa</strong></span> <span class='ocrx_word' id='word_1_215' title='bbox 835 1995 1012 2053; x_wconf 78' lang='lat' dir='ltr'><strong>fecisti</strong></span> <span class='ocrx_word' id='word_1_216' title='bbox 1059 2005 1136 2061; x_wconf 88' lang='lat' dir='ltr'><strong>tu,</strong></span> <span class='ocrx_word' id='word_1_217' title='bbox 1175 1993 1403 2050; x_wconf 84' lang='lat' dir='ltr'><strong>Domine</strong></span> <span class='ocrx_word' id='word_1_218' title='bbox 1436 1994 1581 2050; x_wconf 87' lang='lat' dir='ltr'><strong>Deus</strong></span> <span class='ocrx_word' id='word_1_219' title='bbox 1625 2008 1802 2058; x_wconf 89' lang='lat' dir='ltr'><strong>mens,</strong></span> <span class='ocrx_word' id='word_1_220' title='bbox 1837 1993 2008 2048; x_wconf 58' lang='lat' dir='ltr'><strong>mira-</strong></span> 
     </span>
    </p>
   </div>
   <div class='ocr_carea' id='block_1_38' title="bbox 438 2087 738 2143">
    <p class='ocr_par' dir='ltr' id='par_1_38' title="bbox 438 2087 738 2143">
     <span class='ocr_line' id='line_1_38' title="bbox 438 2087 738 2143; baseline -0.013 0"><span class='ocrx_word' id='word_1_221' title='bbox 438 2087 568 2143; x_wconf 90' lang='lat' dir='ltr'><strong>bilia</strong></span> <span class='ocrx_word' id='word_1_222' title='bbox 598 2098 686 2142; x_wconf 82' lang='lat' dir='ltr'><strong>tua</strong></span> <span class='ocrx_word' id='word_1_223' title='bbox 722 2103 738 2139; x_wconf 87' lang='lat'><strong>:</strong></span> 
     </span>
    </p>
   </div>
   <div class='ocr_carea' id='block_1_39' title="bbox 508 2174 2013 2250">
    <p class='ocr_par' dir='ltr' id='par_1_39' title="bbox 508 2174 2013 2250">
     <span class='ocr_line' id='line_1_39' title="bbox 508 2174 2013 2250; baseline -0.001 -19"><span class='ocrx_word' id='word_1_224' title='bbox 508 2179 597 2232; x_wconf 78' lang='grc'><strong>15.</strong></span> <span class='ocrx_word' id='word_1_225' title='bbox 624 2178 692 2233; x_wconf 84' lang='lat' dir='ltr'><strong>Et</strong></span> <span class='ocrx_word' id='word_1_226' title='bbox 723 2177 1144 2250; x_wconf 69' lang='lat' dir='ltr'><strong>wgitationibus</strong></span> <span class='ocrx_word' id='word_1_227' title='bbox 1189 2175 1298 2232; x_wconf 86' lang='lat' dir='ltr'><strong>tuis</strong></span> <span class='ocrx_word' id='word_1_228' title='bbox 1328 2190 1436 2230; x_wconf 90' lang='lat' dir='ltr'><strong>non</strong></span> <span class='ocrx_word' id='word_1_229' title='bbox 1466 2183 1551 2230; x_wconf 80' lang='lat' dir='ltr'><strong>est</strong></span> <span class='ocrx_word' id='word_1_230' title='bbox 1578 2174 1675 2245; x_wconf 90' lang='lat' dir='ltr'><strong>qui</strong></span> <span class='ocrx_word' id='word_1_231' title='bbox 1705 2174 1900 2230; x_wconf 87' lang='lat' dir='ltr'><strong>similis</strong></span> <span class='ocrx_word' id='word_1_232' title='bbox 1940 2176 2013 2231; x_wconf 81' lang='lat' dir='ltr'><strong>sit</strong></span> 
     </span>
    </p>
   </div>
   <div class='ocr_carea' id='block_1_40' title="bbox 437 2270 585 2324">
    <p class='ocr_par' dir='ltr' id='par_1_40' title="bbox 437 2270 585 2324">
     <span class='ocr_line' id='line_1_40' title="bbox 437 2270 585 2324; baseline 0 0"><span class='ocrx_word' id='word_1_233' title='bbox 437 2270 538 2324; x_wconf 88' lang='lat' dir='ltr'><strong>tibi</strong></span> <span class='ocrx_word' id='word_1_234' title='bbox 571 2288 585 2324; x_wconf 89' lang='lat'><strong>:</strong></span> 
     </span>
    </p>
   </div>
   <div class='ocr_carea' id='block_1_41' title="bbox 471 2358 2006 2431">
    <p class='ocr_par' dir='ltr' id='par_1_41' title="bbox 471 2358 2006 2431">
     <span class='ocr_line' id='line_1_41' title="bbox 471 2358 2006 2431; baseline -0.001 -17"><span class='ocrx_word' id='word_1_235' title='bbox 471 2377 484 2431; x_wconf 67' lang='grc' dir='ltr'>ξ</span> <span class='ocrx_word' id='word_1_236' title='bbox 512 2361 598 2416; x_wconf 67' lang='lat' dir='ltr'><strong>ll.</strong></span> <span class='ocrx_word' id='word_1_237' title='bbox 633 2362 960 2416; x_wconf 77' lang='lat' dir='ltr'><strong>Annuntiavi</strong></span> <span class='ocrx_word' id='word_1_238' title='bbox 986 2371 1043 2417; x_wconf 85' lang='lat' dir='ltr'><strong>et</strong></span> <span class='ocrx_word' id='word_1_239' title='bbox 1078 2361 1293 2416; x_wconf 86' lang='lat' dir='ltr'><strong>locutus</strong></span> <span class='ocrx_word' id='word_1_240' title='bbox 1321 2374 1442 2414; x_wconf 90' lang='lat' dir='ltr'><strong>sum</strong></span> <span class='ocrx_word' id='word_1_241' title='bbox 1463 2401 1479 2426; x_wconf 95' lang='lat'><strong>,</strong></span> <span class='ocrx_word' id='word_1_242' title='bbox 1506 2358 1848 2429; x_wconf 87' lang='lat' dir='ltr'><strong>multiplicati</strong></span> <span class='ocrx_word' id='word_1_243' title='bbox 1876 2367 2006 2414; x_wconf 90' lang='lat' dir='ltr'><strong>sunt</strong></span> 
     </span>
    </p>
   </div>
   <div class='ocr_carea' id='block_1_42' title="bbox 438 2468 937 2524">
    <p class='ocr_par' dir='ltr' id='par_1_42' title="bbox 438 2468 937 2524">
     <span class='ocr_line' id='line_1_42' title="bbox 438 2468 937 2524; baseline 0 -16"><span class='ocrx_word' id='word_1_244' title='bbox 438 2468 601 2524; x_wconf 83' lang='lat' dir='ltr'><strong>super</strong></span> <span class='ocrx_word' id='word_1_245' title='bbox 627 2470 937 2510; x_wconf 86' lang='lat' dir='ltr'><strong>numerum.</strong></span> 
     </span>
    </p>
   </div>
   <div class='ocr_carea' id='block_1_43' title="bbox 2105 1911 2336 1980">
    <p class='ocr_par' dir='ltr' id='par_1_43' title="bbox 2105 1911 2336 1980">
     <span class='ocr_line' id='line_1_43' title="bbox 2105 1911 2336 1980; baseline 0.009 -18"><span class='ocrx_word' id='word_1_246' title='bbox 2105 1911 2336 1980; x_wconf 74' lang='grc' dir='ltr'><strong>ψευδεῖς.</strong></span> 
     </span>
    </p>
   </div>
   <div class='ocr_carea' id='block_1_44' title="bbox 2177 1995 3678 2070">
    <p class='ocr_par' dir='ltr' id='par_1_44' title="bbox 2177 1995 3678 2070">
     <span class='ocr_line' id='line_1_44' title="bbox 2177 1995 3678 2070; baseline -0.001 -18"><span class='ocrx_word' id='word_1_247' title='bbox 2177 2001 2263 2053; x_wconf 82' lang='grc'><strong>12.</strong></span> <span class='ocrx_word' id='word_1_248' title='bbox 2300 1999 2475 2052; x_wconf 76' lang='grc' dir='ltr'><strong>Πολλὰ</strong></span> <span class='ocrx_word' id='word_1_249' title='bbox 2504 1998 2768 2068; x_wconf 77' lang='grc' dir='ltr'><strong>ἐποίησας</strong></span> <span class='ocrx_word' id='word_1_250' title='bbox 2800 1996 3076 2070; x_wconf 72' lang='grc' dir='ltr'><strong>συ,Κύριε</strong></span> <span class='ocrx_word' id='word_1_251' title='bbox 3111 2000 3139 2051; x_wconf 82' lang='grc' dir='ltr'><strong>ὁ</strong></span> <span class='ocrx_word' id='word_1_252' title='bbox 3162 1995 3297 2060; x_wconf 75' lang='lat' dir='ltr'><strong>Oed;</strong></span> <span class='ocrx_word' id='word_1_253' title='bbox 3319 1997 3529 2068; x_wconf 70' lang='grc' dir='ltr'><strong>μου,τὲ</strong></span> <span class='ocrx_word' id='word_1_254' title='bbox 3551 1997 3678 2050; x_wconf 79' lang='grc' dir='ltr'><strong>Θαυ-</strong></span> 
     </span>
    </p>
   </div>
   <div class='ocr_carea' id='block_1_45' title="bbox 2108 2090 2445 2162">
    <p class='ocr_par' dir='ltr' id='par_1_45' title="bbox 2108 2090 2445 2162">
     <span class='ocr_line' id='line_1_45' title="bbox 2108 2090 2445 2162; baseline 0.006 -20"><span class='ocrx_word' id='word_1_255' title='bbox 2108 2090 2279 2162; x_wconf 76' lang='grc' dir='ltr'><strong>μάσιά</strong></span> <span class='ocrx_word' id='word_1_256' title='bbox 2313 2107 2406 2144; x_wconf 90' lang='grc' dir='ltr'><strong>σου</strong></span> <span class='ocrx_word' id='word_1_257' title='bbox 2431 2108 2445 2121; x_wconf 77' lang='grc' dir='ltr'><strong>ο</strong></span> 
     </span>
    </p>
   </div>
   <div class='ocr_carea' id='block_1_46' title="bbox 2177 2180 3679 2251">
    <p class='ocr_par' dir='ltr' id='par_1_46' title="bbox 2177 2180 3679 2251">
     <span class='ocr_line' id='line_1_46' title="bbox 2177 2180 3679 2251; baseline 0 -17"><span class='ocrx_word' id='word_1_258' title='bbox 2177 2181 2264 2236; x_wconf 83' lang='grc'><strong>15.</strong></span> <span class='ocrx_word' id='word_1_259' title='bbox 2293 2181 2404 2234; x_wconf 80' lang='grc' dir='ltr'><strong>Καὶ</strong></span> <span class='ocrx_word' id='word_1_260' title='bbox 2428 2183 2542 2244; x_wconf 82' lang='grc' dir='ltr'><strong>τοῖς</strong></span> <span class='ocrx_word' id='word_1_261' title='bbox 2570 2180 2937 2251; x_wconf 75' lang='grc' dir='ltr'><strong>διαλογισμοῖς</strong></span> <span class='ocrx_word' id='word_1_262' title='bbox 2961 2196 3052 2232; x_wconf 89' lang='grc' dir='ltr'><strong>σου</strong></span> <span class='ocrx_word' id='word_1_263' title='bbox 3091 2180 3191 2233; x_wconf 73' lang='grc' dir='ltr'><strong>οὐκ</strong></span> <span class='ocrx_word' id='word_1_264' title='bbox 3218 2180 3335 2234; x_wconf 75' lang='grc' dir='ltr'><strong>ἐστι</strong></span> <span class='ocrx_word' id='word_1_265' title='bbox 3369 2180 3454 2245; x_wconf 81' lang='grc' dir='ltr'><strong>τίς</strong></span> <span class='ocrx_word' id='word_1_266' title='bbox 3482 2181 3679 2250; x_wconf 79' lang='grc' dir='ltr'><strong>ὁμοιω-</strong></span> 
     </span>
    </p>
   </div>
   <div class='ocr_carea' id='block_1_47' title="bbox 2109 2273 2472 2344">
    <p class='ocr_par' dir='ltr' id='par_1_47' title="bbox 2109 2273 2472 2344">
     <span class='ocr_line' id='line_1_47' title="bbox 2109 2273 2472 2344; baseline 0 -18"><span class='ocrx_word' id='word_1_267' title='bbox 2109 2273 2336 2344; x_wconf 80' lang='grc' dir='ltr'><strong>Θήσεταὶ</strong></span> <span class='ocrx_word' id='word_1_268' title='bbox 2368 2291 2472 2326; x_wconf 91' lang='grc' dir='ltr'><strong>σοι.</strong></span> 
     </span>
    </p>
   </div>
   <div class='ocr_carea' id='block_1_48' title="bbox 2176 2361 3676 2436">
    <p class='ocr_par' dir='ltr' id='par_1_48' title="bbox 2176 2361 3676 2436">
     <span class='ocr_line' id='line_1_48' title="bbox 2176 2361 3676 2436; baseline -0.003 -18"><span class='ocrx_word' id='word_1_269' title='bbox 2176 2366 2264 2421; x_wconf 76' lang='grc'><strong>14.</strong></span> <span class='ocrx_word' id='word_1_270' title='bbox 2293 2366 2627 2436; x_wconf 75' lang='grc' dir='ltr'><strong>’Δπήγγειλα</strong></span> <span class='ocrx_word' id='word_1_271' title='bbox 2673 2365 2766 2418; x_wconf 73' lang='grc' dir='ltr'><strong>καὶ</strong></span> <span class='ocrx_word' id='word_1_272' title='bbox 2812 2364 3065 2435; x_wconf 71' lang='grc' dir='ltr'><strong>ἐλάλησα,</strong></span> <span class='ocrx_word' id='word_1_273' title='bbox 3093 2361 3507 2434; x_wconf 76' lang='grc' dir='ltr'><strong>ἐπληθύνθησαν</strong></span> <span class='ocrx_word' id='word_1_274' title='bbox 3537 2362 3676 2430; x_wconf 73' lang='grc' dir='ltr'><strong>ὑπὲρ</strong></span> 
     </span>
    </p>
   </div>
   <div class='ocr_carea' id='block_1_49' title="bbox 2110 2456 2364 2527">
    <p class='ocr_par' dir='ltr' id='par_1_49' title="bbox 2110 2456 2364 2527">
     <span class='ocr_line' id='line_1_49' title="bbox 2110 2456 2364 2527; baseline 0.008 -19"><span class='ocrx_word' id='word_1_275' title='bbox 2110 2456 2364 2527; x_wconf 75' lang='grc' dir='ltr'><strong>ἀριθμόν.</strong></span> 
     </span>
    </p>
   </div>
   <div class='ocr_carea' id='block_1_50' title="bbox 1555 2585 2564 2647">
    <p class='ocr_par' dir='ltr' id='par_1_50' title="bbox 1555 2585 2564 2647">
     <span class='ocr_line' id='line_1_50' title="bbox 1555 2585 2564 2647; baseline -0.002 0"><span class='ocrx_word' id='word_1_276' title='bbox 1555 2588 1935 2647; x_wconf 70' lang='grc' dir='ltr'><strong>ΔΤΗΛΝΑΞΙΙ</strong></span> <span class='ocrx_word' id='word_1_277' title='bbox 1974 2585 2564 2645; x_wconf 71' lang='grc' dir='ltr'><strong>ιΝΤειιΡιιΕΤΑτιο.</strong></span> 
     </span>
    </p>
   </div>
   <div class='ocr_carea' id='block_1_51' title="bbox 509 2724 2005 2798">
    <p class='ocr_par' dir='ltr' id='par_1_51' title="bbox 509 2724 2005 2798">
     <span class='ocr_line' id='line_1_51' title="bbox 509 2724 2005 2798; baseline -0.004 -15"><span class='ocrx_word' id='word_1_278' title='bbox 509 2731 598 2794; x_wconf 75' lang='grc'><strong>31,</strong></span> <span class='ocrx_word' id='word_1_279' title='bbox 631 2731 722 2784; x_wconf 78' lang='grc'><strong>52.</strong></span> <span class='ocrx_word' id='word_1_280' title='bbox 750 2728 919 2784; x_wconf 84' lang='lat' dir='ltr'><strong>Parce</strong></span> <span class='ocrx_word' id='word_1_281' title='bbox 945 2727 1080 2783; x_wconf 88' lang='lat' dir='ltr'><strong>mihi</strong></span> <span class='ocrx_word' id='word_1_282' title='bbox 1113 2727 1435 2798; x_wconf 85' lang='lat' dir='ltr'><strong>priusquam</strong></span> <span class='ocrx_word' id='word_1_283' title='bbox 1476 2742 1673 2781; x_wconf 88' lang='lat' dir='ltr'><strong>rursus</strong></span> <span class='ocrx_word' id='word_1_284' title='bbox 1719 2725 1912 2778; x_wconf 87' lang='lat' dir='ltr'><strong>abeam</strong></span> <span class='ocrx_word' id='word_1_285' title='bbox 1947 2724 2005 2778; x_wconf 91' lang='lat' dir='ltr'><strong>in</strong></span> 
     </span>
    </p>
   </div>
   <div class='ocr_carea' id='block_1_52' title="bbox 435 2829 1341 2890">
    <p class='ocr_par' dir='ltr' id='par_1_52' title="bbox 435 2829 1341 2890">
     <span class='ocr_line' id='line_1_52' title="bbox 435 2829 1341 2890; baseline -0.007 -12"><span class='ocrx_word' id='word_1_286' title='bbox 435 2829 659 2886; x_wconf 79' lang='lat' dir='ltr'><strong>terram,</strong></span> <span class='ocrx_word' id='word_1_287' title='bbox 686 2837 752 2876; x_wconf 91' lang='lat' dir='ltr'><strong>ex</strong></span> <span class='ocrx_word' id='word_1_288' title='bbox 785 2835 891 2890; x_wconf 91' lang='lat' dir='ltr'><strong>qua</strong></span> <span class='ocrx_word' id='word_1_289' title='bbox 921 2829 1170 2890; x_wconf 85' lang='lat' dir='ltr'><strong>sumptus</strong></span> <span class='ocrx_word' id='word_1_290' title='bbox 1198 2837 1341 2876; x_wconf 92' lang='lat' dir='ltr'><strong>sum.</strong></span> 
     </span>
    </p>
   </div>
   <div class='ocr_carea' id='block_1_53' title="bbox 2181 2725 3685 2800">
    <p class='ocr_par' dir='ltr' id='par_1_53' title="bbox 2181 2725 3685 2800">
     <span class='ocr_line' id='line_1_53' title="bbox 2181 2725 3685 2800; baseline 0.003 -22"><span class='ocrx_word' id='word_1_291' title='bbox 2181 2725 2270 2787; x_wconf 78' lang='lat'><strong>3|,</strong></span> <span class='ocrx_word' id='word_1_292' title='bbox 2301 2725 2389 2779; x_wconf 81' lang='grc'><strong>52.</strong></span> <span class='ocrx_word' id='word_1_293' title='bbox 2441 2725 2803 2798; x_wconf 77' lang='grc' dir='ltr'><strong>Συγχὼρησόν</strong></span> <span class='ocrx_word' id='word_1_294' title='bbox 2852 2745 2943 2799; x_wconf 85' lang='grc' dir='ltr'><strong>μοι</strong></span> <span class='ocrx_word' id='word_1_295' title='bbox 2991 2727 3098 2800; x_wconf 83' lang='grc' dir='ltr'><strong>πρὸ</strong></span> <span class='ocrx_word' id='word_1_296' title='bbox 3117 2725 3210 2781; x_wconf 79' lang='grc' dir='ltr'><strong>τοῦ</strong></span> <span class='ocrx_word' id='word_1_297' title='bbox 3234 2726 3488 2781; x_wconf 78' lang='grc' dir='ltr'><strong>ἀπελθεῖν</strong></span> <span class='ocrx_word' id='word_1_298' title='bbox 3521 2729 3685 2783; x_wconf 74' lang='grc' dir='ltr'><strong>πάλιν</strong></span> 
     </span>
    </p>
   </div>
   <div class='ocr_carea' id='block_1_54' title="bbox 2114 2816 2947 2892">
    <p class='ocr_par' dir='ltr' id='par_1_54' title="bbox 2114 2816 2947 2892">
     <span class='ocr_line' id='line_1_54' title="bbox 2114 2816 2947 2892; baseline 0.007 -23"><span class='ocrx_word' id='word_1_299' title='bbox 2114 2819 2192 2880; x_wconf 82' lang='grc' dir='ltr'><strong>εἰς</strong></span> <span class='ocrx_word' id='word_1_300' title='bbox 2225 2818 2320 2889; x_wconf 80' lang='grc' dir='ltr'><strong>τὴν</strong></span> <span class='ocrx_word' id='word_1_301' title='bbox 2348 2819 2472 2889; x_wconf 82' lang='grc' dir='ltr'><strong>γῆν,</strong></span> <span class='ocrx_word' id='word_1_302' title='bbox 2502 2822 2562 2887; x_wconf 81' lang='grc' dir='ltr'><strong>ἐξ</strong></span> <span class='ocrx_word' id='word_1_303' title='bbox 2594 2816 2660 2889; x_wconf 76' lang='grc' dir='ltr'><strong>ἧς</strong></span> <span class='ocrx_word' id='word_1_304' title='bbox 2688 2821 2947 2892; x_wconf 75' lang='grc' dir='ltr'><strong>ἐλήφθην.</strong></span> 
     </span>
    </p>
   </div>
   <div class='ocr_carea' id='block_1_55' title="bbox 516 2921 3684 3008">
    <p class='ocr_par' dir='ltr' id='par_1_55' title="bbox 516 2921 3684 3008">
     <span class='ocr_line' id='line_1_55' title="bbox 516 2921 3684 3008; baseline -0.002 -19"><span class='ocrx_word' id='word_1_305' title='bbox 516 2936 581 2989; x_wconf 85' lang='grc' dir='ltr'><strong><em>Ἦ</em></strong></span> <span class='ocrx_word' id='word_1_306' title='bbox 612 2935 942 3008; x_wconf 78' lang='grc' dir='ltr'><strong>προκειμένη</strong></span> <span class='ocrx_word' id='word_1_307' title='bbox 968 2935 1246 3007; x_wconf 75' lang='grc' dir='ltr'><strong>ἐπιγραφὴ</strong></span> <span class='ocrx_word' id='word_1_308' title='bbox 1276 2935 1518 3006; x_wconf 80' lang='grc' dir='ltr'><strong>περιέχει</strong></span> <span class='ocrx_word' id='word_1_309' title='bbox 1546 2932 1622 3004; x_wconf 89' lang='grc'><strong>(1)</strong></span> <span class='ocrx_word' id='word_1_310' title='bbox 1642 2949 1656 2962; x_wconf 81' lang='lat'><strong><em>°</em></strong></span> <span class='ocrx_word' id='word_1_311' title='bbox 1695 2934 1801 2998; x_wconf 71' lang='grc' dir='ltr'><strong>Εἰς</strong></span> <span class='ocrx_word' id='word_1_312' title='bbox 1831 2932 1899 2987; x_wconf 82' lang='grc' dir='ltr'><strong>τὸ</strong></span> <span class='ocrx_word' id='word_1_313' title='bbox 1929 2931 2106 2997; x_wconf 71' lang='grc' dir='ltr'><strong>τέλος</strong></span> <span class='ocrx_word' id='word_1_314' title='bbox 2136 2921 2218 2997; x_wconf 84' lang='grc' dir='ltr'>τῷ</span> <span class='ocrx_word' id='word_1_315' title='bbox 2249 2929 2424 2984; x_wconf 77' lang='grc' dir='ltr'><strong>Δαϐἰδ</strong></span> <span class='ocrx_word' id='word_1_316' title='bbox 2446 2931 2546 3003; x_wconf 85' lang='grc'><strong>(2).</strong></span> <span class='ocrx_word' id='word_1_317' title='bbox 2577 2931 2748 2985; x_wconf 82' lang='grc' dir='ltr'><strong>Τοῦτο</strong></span> <span class='ocrx_word' id='word_1_318' title='bbox 2777 2928 2869 2986; x_wconf 75' lang='grc' dir='ltr'><strong>οὖν</strong></span> <span class='ocrx_word' id='word_1_319' title='bbox 2888 2931 3035 3001; x_wconf 79' lang='grc' dir='ltr'><strong>λέγει</strong></span> <span class='ocrx_word' id='word_1_320' title='bbox 3064 2932 3190 2996; x_wconf 73' lang='grc' dir='ltr'><strong>τοὺς</strong></span> <span class='ocrx_word' id='word_1_321' title='bbox 3217 2932 3324 2996; x_wconf 62' lang='grc' dir='ltr'><strong>ἕως</strong></span> <span class='ocrx_word' id='word_1_322' title='bbox 3351 2932 3538 2995; x_wconf 72' lang='grc' dir='ltr'><strong>τέλους</strong></span> <span class='ocrx_word' id='word_1_323' title='bbox 3561 2934 3684 2986; x_wconf 82' lang='grc' dir='ltr'><strong>κολ-</strong></span> 
     </span>
    </p>
   </div>
   <div class='ocr_carea' id='block_1_56' title="bbox 436 3031 1785 3104">
    <p class='ocr_par' dir='ltr' id='par_1_56' title="bbox 436 3031 1785 3104">
     <span class='ocr_line' id='line_1_56' title="bbox 436 3031 1785 3104; baseline -0.002 -19"><span class='ocrx_word' id='word_1_324' title='bbox 436 3032 629 3088; x_wconf 76' lang='grc' dir='ltr'><strong>λᾶσθαι</strong></span> <span class='ocrx_word' id='word_1_325' title='bbox 660 3033 736 3104; x_wconf 83' lang='grc' dir='ltr'><strong>τῷ</strong></span> <span class='ocrx_word' id='word_1_326' title='bbox 761 3033 968 3103; x_wconf 76' lang='grc' dir='ltr'><strong>Κυρίῳ,</strong></span> <span class='ocrx_word' id='word_1_327' title='bbox 1003 3033 1097 3084; x_wconf 81' lang='grc' dir='ltr'><strong>καὶ</strong></span> <span class='ocrx_word' id='word_1_328' title='bbox 1132 3032 1208 3102; x_wconf 82' lang='grc' dir='ltr'><strong>μὴ</strong></span> <span class='ocrx_word' id='word_1_329' title='bbox 1236 3031 1566 3100; x_wconf 76' lang='grc' dir='ltr'><strong>ἀφίστασθαι</strong></span> <span class='ocrx_word' id='word_1_330' title='bbox 1594 3031 1785 3102; x_wconf 78' lang='grc' dir='ltr'><strong>αὑτήν.</strong></span> 
     </span>
    </p>
   </div>
   <div class='ocr_carea' id='block_1_57' title="bbox 508 3121 3683 3197">
    <p class='ocr_par' dir='ltr' id='par_1_57' title="bbox 508 3121 3683 3197">
     <span class='ocr_line' id='line_1_57' title="bbox 508 3121 3683 3197; baseline 0 -16"><span class='ocrx_word' id='word_1_331' title='bbox 508 3127 723 3181; x_wconf 86' lang='lat' dir='ltr'><strong>Titulus</strong></span> <span class='ocrx_word' id='word_1_332' title='bbox 770 3126 1094 3194; x_wconf 75' lang='lat' dir='ltr'><strong>prazpositus</strong></span> <span class='ocrx_word' id='word_1_333' title='bbox 1141 3125 1380 3180; x_wconf 89' lang='lat' dir='ltr'><strong>continet</strong></span> <span class='ocrx_word' id='word_1_334' title='bbox 1410 3142 1424 3178; x_wconf 93' lang='lat'><strong>:</strong></span> <span class='ocrx_word' id='word_1_335' title='bbox 1460 3123 1526 3178; x_wconf 87' lang='lat' dir='ltr'><strong>In</strong></span> <span class='ocrx_word' id='word_1_336' title='bbox 1562 3125 1720 3194; x_wconf 79' lang='lat' dir='ltr'><strong>ﬁnem</strong></span> <span class='ocrx_word' id='word_1_337' title='bbox 1750 3121 1988 3192; x_wconf 75' lang='lat' dir='ltr'><strong>psalmus</strong></span> <span class='ocrx_word' id='word_1_338' title='bbox 2031 3121 2227 3177; x_wconf 77' lang='lat' dir='ltr'><strong>David.</strong></span> <span class='ocrx_word' id='word_1_339' title='bbox 2263 3121 2374 3178; x_wconf 76' lang='lat' dir='ltr'><strong>Hoc</strong></span> <span class='ocrx_word' id='word_1_340' title='bbox 2399 3123 2562 3195; x_wconf 80' lang='lat' dir='ltr'><strong>igitur</strong></span> <span class='ocrx_word' id='word_1_341' title='bbox 2591 3123 2861 3194; x_wconf 75' lang='lat' dir='ltr'><strong>signiﬁcat</strong></span> <span class='ocrx_word' id='word_1_342' title='bbox 2887 3125 3028 3191; x_wconf 86' lang='lat' dir='ltr'><strong>illos,</strong></span> <span class='ocrx_word' id='word_1_343' title='bbox 3061 3126 3153 3197; x_wconf 91' lang='lat' dir='ltr'><strong>qui</strong></span> <span class='ocrx_word' id='word_1_344' title='bbox 3182 3142 3360 3197; x_wconf 90' lang='lat' dir='ltr'><strong>usque</strong></span> <span class='ocrx_word' id='word_1_345' title='bbox 3411 3127 3468 3182; x_wconf 88' lang='lat' dir='ltr'><strong>in</strong></span> <span class='ocrx_word' id='word_1_346' title='bbox 3518 3128 3683 3182; x_wconf 78' lang='lat' dir='ltr'><strong>ﬁnem</strong></span> 
     </span>
    </p>
   </div>
   <div class='ocr_carea' id='block_1_58' title="bbox 439 3214 1784 3287">
    <p class='ocr_par' dir='ltr' id='par_1_58' title="bbox 439 3214 1784 3287">
     <span class='ocr_line' id='line_1_58' title="bbox 439 3214 1784 3287; baseline -0.002 -13"><span class='ocrx_word' id='word_1_347' title='bbox 439 3221 674 3276; x_wconf 86' lang='lat' dir='ltr'><strong>Domino</strong></span> <span class='ocrx_word' id='word_1_348' title='bbox 701 3219 1000 3281; x_wconf 64' lang='lat' dir='ltr'><strong>adhaerent,</strong></span> <span class='ocrx_word' id='word_1_349' title='bbox 1030 3226 1085 3273; x_wconf 91' lang='lat' dir='ltr'><strong>et</strong></span> <span class='ocrx_word' id='word_1_350' title='bbox 1116 3218 1184 3272; x_wconf 92' lang='lat' dir='ltr'><strong>ab</strong></span> <span class='ocrx_word' id='word_1_351' title='bbox 1215 3218 1336 3287; x_wconf 90' lang='lat' dir='ltr'><strong>ipso</strong></span> <span class='ocrx_word' id='word_1_352' title='bbox 1364 3231 1472 3271; x_wconf 92' lang='lat' dir='ltr'><strong>non</strong></span> <span class='ocrx_word' id='word_1_353' title='bbox 1507 3214 1784 3271; x_wconf 88' lang='lat' dir='ltr'><strong>deﬁciunt.</strong></span> 
     </span>
    </p>
   </div>
   <div class='ocr_carea' id='block_1_59' title="bbox 509 3311 1839 3383">
    <p class='ocr_par' dir='ltr' id='par_1_59' title="bbox 509 3311 1839 3383">
     <span class='ocr_line' id='line_1_59' title="bbox 509 3311 1839 3383; baseline -0.003 -14"><span class='ocrx_word' id='word_1_354' title='bbox 509 3316 562 3370; x_wconf 91' lang='grc'><strong>1.</strong></span> <span class='ocrx_word' id='word_1_355' title='bbox 590 3313 958 3369; x_wconf 86' lang='lat' dir='ltr'><strong>lndesinenter</strong></span> <span class='ocrx_word' id='word_1_356' title='bbox 988 3327 1314 3383; x_wconf 86' lang='lat' dir='ltr'><strong>permanens</strong></span> <span class='ocrx_word' id='word_1_357' title='bbox 1340 3311 1394 3366; x_wconf 93' lang='lat' dir='ltr'><strong>in</strong></span> <span class='ocrx_word' id='word_1_358' title='bbox 1423 3311 1669 3366; x_wconf 88' lang='lat' dir='ltr'><strong>oratione</strong></span> <span class='ocrx_word' id='word_1_359' title='bbox 1699 3325 1839 3365; x_wconf 88' lang='lat' dir='ltr'><strong>mea.</strong></span> 
     </span>
    </p>
   </div>
   <div class='ocr_carea' id='block_1_60' title="bbox 508 3403 2006 3476">
    <p class='ocr_par' dir='ltr' id='par_1_60' title="bbox 508 3403 2006 3476">
     <span class='ocr_line' id='line_1_60' title="bbox 508 3403 2006 3476; baseline -0.002 -17"><span class='ocrx_word' id='word_1_360' title='bbox 508 3406 561 3460; x_wconf 90' lang='grc'><strong>2.</strong></span> <span class='ocrx_word' id='word_1_361' title='bbox 596 3405 930 3476; x_wconf 82' lang='lat' dir='ltr'><strong>Exspectans</strong></span> <span class='ocrx_word' id='word_1_362' title='bbox 956 3405 1102 3460; x_wconf 90' lang='lat' dir='ltr'><strong>enim</strong></span> <span class='ocrx_word' id='word_1_363' title='bbox 1131 3403 1561 3461; x_wconf 89' lang='lat' dir='ltr'><strong>misericordiam</strong></span> <span class='ocrx_word' id='word_1_364' title='bbox 1590 3403 1710 3474; x_wconf 85' lang='lat' dir='ltr'><strong>ejus</strong></span> <span class='ocrx_word' id='word_1_365' title='bbox 1743 3403 1860 3474; x_wconf 89' lang='lat' dir='ltr'><strong>ipsa</strong></span> <span class='ocrx_word' id='word_1_366' title='bbox 1897 3417 2006 3458; x_wconf 90' lang='lat' dir='ltr'><strong>non</strong></span> 
     </span>
    </p>
   </div>
   <div class='ocr_carea' id='block_1_61' title="bbox 440 3498 803 3554">
    <p class='ocr_par' dir='ltr' id='par_1_61' title="bbox 440 3498 803 3554">
     <span class='ocr_line' id='line_1_61' title="bbox 440 3498 803 3554; baseline -0.011 0"><span class='ocrx_word' id='word_1_367' title='bbox 440 3498 803 3554; x_wconf 78' lang='lat' dir='ltr'><strong>Iraudabitur.</strong></span> 
     </span>
    </p>
   </div>
   <div class='ocr_carea' id='block_1_62' title="bbox 509 3588 1330 3656">
    <p class='ocr_par' dir='ltr' id='par_1_62' title="bbox 509 3588 1330 3656">
     <span class='ocr_line' id='line_1_62' title="bbox 509 3588 1330 3656; baseline -0.007 -10"><span class='ocrx_word' id='word_1_368' title='bbox 509 3591 563 3656; x_wconf 77' lang='grc'><strong>5,</strong></span> <span class='ocrx_word' id='word_1_369' title='bbox 597 3589 651 3643; x_wconf 79' lang='grc'><strong>4.</strong></span> <span class='ocrx_word' id='word_1_370' title='bbox 676 3588 1026 3644; x_wconf 84' lang='lat' dir='ltr'><strong>Peccatorum</strong></span> <span class='ocrx_word' id='word_1_371' title='bbox 1061 3602 1330 3642; x_wconf 86' lang='lat' dir='ltr'><strong>meorum.</strong></span> 
     </span>
    </p>
   </div>
   <div class='ocr_carea' id='block_1_63' title="bbox 509 3679 1954 3752">
    <p class='ocr_par' dir='ltr' id='par_1_63' title="bbox 509 3679 1954 3752">
     <span class='ocr_line' id='line_1_63' title="bbox 509 3679 1954 3752; baseline -0.005 -14"><span class='ocrx_word' id='word_1_372' title='bbox 509 3683 562 3738; x_wconf 88' lang='lat'><strong>5.</strong></span> <span class='ocrx_word' id='word_1_373' title='bbox 594 3681 652 3736; x_wconf 89' lang='lat' dir='ltr'><strong>In</strong></span> <span class='ocrx_word' id='word_1_374' title='bbox 691 3681 972 3752; x_wconf 61' lang='lat' dir='ltr'><strong>praceptis</strong></span> <span class='ocrx_word' id='word_1_375' title='bbox 1003 3681 1118 3736; x_wconf 90' lang='lat' dir='ltr'><strong>suis</strong></span> <span class='ocrx_word' id='word_1_376' title='bbox 1142 3679 1452 3735; x_wconf 83' lang='lat' dir='ltr'><strong>obﬁrmavit</strong></span> <span class='ocrx_word' id='word_1_377' title='bbox 1485 3687 1722 3734; x_wconf 88' lang='lat' dir='ltr'><strong>mentem</strong></span> <span class='ocrx_word' id='word_1_378' title='bbox 1755 3694 1954 3733; x_wconf 88' lang='lat' dir='ltr'><strong>meam.</strong></span> 
     </span>
    </p>
   </div>
   <div class='ocr_carea' id='block_1_64' title="bbox 511 3854 1832 3925">
    <p class='ocr_par' dir='ltr' id='par_1_64' title="bbox 511 3854 1832 3925">
     <span class='ocr_line' id='line_1_64' title="bbox 511 3854 1832 3925; baseline -0.003 -14"><span class='ocrx_word' id='word_1_379' title='bbox 511 3857 564 3912; x_wconf 85' lang='lat'><strong>6.</strong></span> <span class='ocrx_word' id='word_1_380' title='bbox 595 3855 653 3910; x_wconf 88' lang='lat' dir='ltr'><strong>In</strong></span> <span class='ocrx_word' id='word_1_381' title='bbox 681 3871 844 3911; x_wconf 92' lang='lat' dir='ltr'><strong>omne</strong></span> <span class='ocrx_word' id='word_1_382' title='bbox 871 3870 1008 3925; x_wconf 89' lang='lat' dir='ltr'><strong>opus</strong></span> <span class='ocrx_word' id='word_1_383' title='bbox 1037 3855 1240 3909; x_wconf 91' lang='lat' dir='ltr'><strong>bonum</strong></span> <span class='ocrx_word' id='word_1_384' title='bbox 1266 3854 1463 3910; x_wconf 88' lang='lat' dir='ltr'><strong>direxit</strong></span> <span class='ocrx_word' id='word_1_385' title='bbox 1495 3869 1590 3909; x_wconf 91' lang='lat' dir='ltr'><strong>cor</strong></span> <span class='ocrx_word' id='word_1_386' title='bbox 1627 3869 1832 3910; x_wconf 91' lang='lat' dir='ltr'><strong>meum.</strong></span> 
     </span>
    </p>
   </div>
   <div class='ocr_carea' id='block_1_65' title="bbox 511 3945 2008 4018">
    <p class='ocr_par' dir='ltr' id='par_1_65' title="bbox 511 3945 2008 4018">
     <span class='ocr_line' id='line_1_65' title="bbox 511 3945 2008 4018; baseline -0.001 -17"><span class='ocrx_word' id='word_1_387' title='bbox 511 3949 567 4014; x_wconf 88' lang='lat'><strong>7,</strong></span> <span class='ocrx_word' id='word_1_388' title='bbox 598 3948 649 4002; x_wconf 91' lang='lat'><strong>8.</strong></span> <span class='ocrx_word' id='word_1_389' title='bbox 681 3945 751 4001; x_wconf 84' lang='lat' dir='ltr'><strong>Et</strong></span> <span class='ocrx_word' id='word_1_390' title='bbox 777 3947 1040 4001; x_wconf 84' lang='lat' dir='ltr'><strong>charitate</strong></span> <span class='ocrx_word' id='word_1_391' title='bbox 1086 3962 1185 4001; x_wconf 88' lang='lat' dir='ltr'><strong>sua</strong></span> <span class='ocrx_word' id='word_1_392' title='bbox 1228 3945 1440 4014; x_wconf 73' lang='lat' dir='ltr'><strong>eﬂ‘ecit,</strong></span> <span class='ocrx_word' id='word_1_393' title='bbox 1479 3955 1540 4000; x_wconf 92' lang='lat' dir='ltr'><strong>ut</strong></span> <span class='ocrx_word' id='word_1_394' title='bbox 1571 3961 1695 4001; x_wconf 91' lang='lat' dir='ltr'><strong>eum</strong></span> <span class='ocrx_word' id='word_1_395' title='bbox 1740 3945 2008 4018; x_wconf 62' lang='lat' dir='ltr'><strong>gloriﬁcao</strong></span> 
     </span>
    </p>
   </div>
   <div class='ocr_carea' id='block_1_66' title="bbox 442 4053 582 4093">
    <p class='ocr_par' dir='ltr' id='par_1_66' title="bbox 442 4053 582 4093">
     <span class='ocr_line' id='line_1_66' title="bbox 442 4053 582 4093; baseline -0.014 -1"><span class='ocrx_word' id='word_1_396' title='bbox 442 4053 582 4093; x_wconf 87' lang='lat' dir='ltr'><strong>rem.</strong></span> 
     </span>
    </p>
   </div>
   <div class='ocr_carea' id='block_1_67' title="bbox 511 4124 2008 4195">
    <p class='ocr_par' dir='ltr' id='par_1_67' title="bbox 511 4124 2008 4195">
     <span class='ocr_line' id='line_1_67' title="bbox 511 4124 2008 4195; baseline -0.003 -10"><span class='ocrx_word' id='word_1_397' title='bbox 511 4128 566 4185; x_wconf 91' lang='lat'><strong>9.</strong></span> <span class='ocrx_word' id='word_1_398' title='bbox 599 4127 852 4182; x_wconf 82' lang='lat' dir='ltr'><strong>Videntes</strong></span> <span class='ocrx_word' id='word_1_399' title='bbox 900 4140 1090 4182; x_wconf 90' lang='lat' dir='ltr'><strong>omnes</strong></span> <span class='ocrx_word' id='word_1_400' title='bbox 1134 4125 1380 4190; x_wconf 88' lang='lat' dir='ltr'><strong>veniam,</strong></span> <span class='ocrx_word' id='word_1_401' title='bbox 1409 4139 1573 4194; x_wconf 90' lang='lat' dir='ltr'><strong>quam</strong></span> <span class='ocrx_word' id='word_1_402' title='bbox 1605 4125 1841 4195; x_wconf 89' lang='lat' dir='ltr'><strong>peccatis</strong></span> <span class='ocrx_word' id='word_1_403' title='bbox 1871 4124 2008 4180; x_wconf 89' lang='lat' dir='ltr'><strong>meis</strong></span> 
     </span>
    </p>
   </div>
   <div class='ocr_carea' id='block_1_68' title="bbox 441 4211 2006 4286">
    <p class='ocr_par' dir='ltr' id='par_1_68' title="bbox 441 4211 2006 4286">
     <span class='ocr_line' id='line_1_68' title="bbox 441 4211 2006 4286; baseline -0.001 -15"><span class='ocrx_word' id='word_1_404' title='bbox 441 4216 699 4286; x_wconf 76' lang='lat' dir='ltr'><strong>elargitus</strong></span> <span class='ocrx_word' id='word_1_405' title='bbox 727 4224 831 4283; x_wconf 89' lang='lat' dir='ltr'><strong>est,</strong></span> <span class='ocrx_word' id='word_1_406' title='bbox 865 4211 1225 4285; x_wconf 82' lang='lat' dir='ltr'><strong>obstupefacti</strong></span> <span class='ocrx_word' id='word_1_407' title='bbox 1271 4214 1496 4269; x_wconf 88' lang='lat' dir='ltr'><strong>credent</strong></span> <span class='ocrx_word' id='word_1_408' title='bbox 1540 4214 1598 4268; x_wconf 90' lang='lat' dir='ltr'><strong>in</strong></span> <span class='ocrx_word' id='word_1_409' title='bbox 1640 4215 1760 4285; x_wconf 84' lang='lat' dir='ltr'><strong>ejus</strong></span> <span class='ocrx_word' id='word_1_410' title='bbox 1787 4215 2006 4270; x_wconf 78' lang='lat' dir='ltr'><strong>miseri-</strong></span> 
     </span>
    </p>
   </div>
   <div class='ocr_carea' id='block_1_69' title="bbox 441 4293 1163 4362">
    <p class='ocr_par' dir='ltr' id='par_1_69' title="bbox 441 4293 1163 4362">
     <span class='ocr_line' id='line_1_69' title="bbox 441 4293 1163 4362; baseline -0.007 0"><span class='ocrx_word' id='word_1_411' title='bbox 441 4307 706 4362; x_wconf 87' lang='lat' dir='ltr'><strong>cordiam.</strong></span> <span class='ocrx_word' id='word_1_412' title='bbox 1158 4293 1163 4297; x_wconf 72' lang='grc'><strong>’</strong></span> 
     </span>
    </p>
   </div>
   <div class='ocr_carea' id='block_1_70' title="bbox 511 4397 2007 4469">
    <p class='ocr_par' dir='ltr' id='par_1_70' title="bbox 511 4397 2007 4469">
     <span class='ocr_line' id='line_1_70' title="bbox 511 4397 2007 4469; baseline -0.001 -15"><span class='ocrx_word' id='word_1_413' title='bbox 511 4400 598 4454; x_wconf 83' lang='grc' dir='ltr'><strong>1ο.</strong></span> <span class='ocrx_word' id='word_1_414' title='bbox 631 4397 763 4453; x_wconf 82' lang='lat' dir='ltr'><strong>Nam</strong></span> <span class='ocrx_word' id='word_1_415' title='bbox 812 4413 1039 4468; x_wconf 89' lang='lat' dir='ltr'><strong>sperans</strong></span> <span class='ocrx_word' id='word_1_416' title='bbox 1073 4397 1128 4450; x_wconf 90' lang='lat' dir='ltr'><strong>in</strong></span> <span class='ocrx_word' id='word_1_417' title='bbox 1157 4413 1306 4463; x_wconf 91' lang='lat' dir='ltr'><strong>eum,</strong></span> <span class='ocrx_word' id='word_1_418' title='bbox 1341 4397 1525 4452; x_wconf 91' lang='lat' dir='ltr'><strong>omnia</strong></span> <span class='ocrx_word' id='word_1_419' title='bbox 1557 4397 1723 4462; x_wconf 92' lang='lat' dir='ltr'><strong>bona,</strong></span> <span class='ocrx_word' id='word_1_420' title='bbox 1757 4413 1878 4468; x_wconf 69' lang='lat' dir='ltr'><strong>quae</strong></span> <span class='ocrx_word' id='word_1_421' title='bbox 1906 4413 2007 4469; x_wconf 86' lang='lat' dir='ltr'><strong>po-</strong></span> 
     </span>
    </p>
   </div>
   <div class='ocr_carea' id='block_1_71' title="bbox 440 4489 2006 4559">
    <p class='ocr_par' dir='ltr' id='par_1_71' title="bbox 440 4489 2006 4559">
     <span class='ocr_line' id='line_1_71' title="bbox 440 4489 2006 4559; baseline -0.001 -14"><span class='ocrx_word' id='word_1_422' title='bbox 440 4491 627 4555; x_wconf 76' lang='lat' dir='ltr'><strong>stulat,</strong></span> <span class='ocrx_word' id='word_1_423' title='bbox 663 4489 732 4544; x_wconf 91' lang='lat' dir='ltr'><strong>ab</strong></span> <span class='ocrx_word' id='word_1_424' title='bbox 759 4504 825 4544; x_wconf 91' lang='lat' dir='ltr'><strong>eo</strong></span> <span class='ocrx_word' id='word_1_425' title='bbox 853 4497 1114 4558; x_wconf 86' lang='lat' dir='ltr'><strong>reportat,</strong></span> <span class='ocrx_word' id='word_1_426' title='bbox 1161 4504 1335 4559; x_wconf 88' lang='lat' dir='ltr'><strong>neque</strong></span> <span class='ocrx_word' id='word_1_427' title='bbox 1367 4490 1629 4559; x_wconf 90' lang='lat' dir='ltr'><strong>petitione</strong></span> <span class='ocrx_word' id='word_1_428' title='bbox 1661 4505 1761 4545; x_wconf 89' lang='lat' dir='ltr'><strong>sua</strong></span> <span class='ocrx_word' id='word_1_429' title='bbox 1785 4491 2006 4546; x_wconf 90' lang='lat' dir='ltr'><strong>excidit.</strong></span> 
     </span>
    </p>
   </div>
   <div class='ocr_carea' id='block_1_72' title="bbox 511 4577 2008 4650">
    <p class='ocr_par' dir='ltr' id='par_1_72' title="bbox 511 4577 2008 4650">
     <span class='ocr_line' id='line_1_72' title="bbox 511 4577 2008 4650; baseline 0.003 -18"><span class='ocrx_word' id='word_1_430' title='bbox 511 4579 592 4632; x_wconf 91' lang='grc'><strong>11.</strong></span> <span class='ocrx_word' id='word_1_431' title='bbox 644 4577 700 4632; x_wconf 82' lang='grc' dir='ltr'><strong>1η</strong></span> <span class='ocrx_word' id='word_1_432' title='bbox 750 4579 1047 4646; x_wconf 80' lang='lat' dir='ltr'><strong>maleﬁcia,</strong></span> <span class='ocrx_word' id='word_1_433' title='bbox 1098 4581 1312 4650; x_wconf 89' lang='lat' dir='ltr'><strong>inquit,</strong></span> <span class='ocrx_word' id='word_1_434' title='bbox 1349 4590 1444 4636; x_wconf 88' lang='lat' dir='ltr'><strong>aut</strong></span> <span class='ocrx_word' id='word_1_435' title='bbox 1491 4582 1874 4649; x_wconf 85' lang='lat' dir='ltr'><strong>divinationes,</strong></span> <span class='ocrx_word' id='word_1_436' title='bbox 1914 4592 2008 4638; x_wconf 84' lang='lat' dir='ltr'><strong>aut</strong></span> 
     </span>
    </p>
   </div>
   <div class='ocr_carea' id='block_1_73' title="bbox 439 4667 2009 4737">
    <p class='ocr_par' dir='ltr' id='par_1_73' title="bbox 439 4667 2009 4737">
     <span class='ocr_line' id='line_1_73' title="bbox 439 4667 2009 4737; baseline 0.004 -15"><span class='ocrx_word' id='word_1_437' title='bbox 439 4667 828 4736; x_wconf 87' lang='lat' dir='ltr'><strong>astronomias,</strong></span> <span class='ocrx_word' id='word_1_438' title='bbox 877 4679 970 4725; x_wconf 90' lang='lat' dir='ltr'><strong>aut</strong></span> <span class='ocrx_word' id='word_1_439' title='bbox 1014 4672 1292 4736; x_wconf 87' lang='lat' dir='ltr'><strong>veneﬁcia,</strong></span> <span class='ocrx_word' id='word_1_440' title='bbox 1345 4683 1441 4727; x_wconf 79' lang='lat' dir='ltr'><strong>aut</strong></span> <span class='ocrx_word' id='word_1_441' title='bbox 1485 4672 1856 4737; x_wconf 88' lang='lat' dir='ltr'><strong>idololatrias,</strong></span> <span class='ocrx_word' id='word_1_442' title='bbox 1914 4682 2009 4728; x_wconf 92' lang='lat' dir='ltr'><strong>aut</strong></span> 
     </span>
    </p>
   </div>
   <div class='ocr_carea' id='block_1_74' title="bbox 443 4759 2005 4834">
    <p class='ocr_par' dir='ltr' id='par_1_74' title="bbox 443 4759 2005 4834">
     <span class='ocr_line' id='line_1_74' title="bbox 443 4759 2005 4834; baseline 0.004 -21"><span class='ocrx_word' id='word_1_443' title='bbox 443 4759 857 4828; x_wconf 88' lang='lat' dir='ltr'><strong>incantationes,</strong></span> <span class='ocrx_word' id='word_1_444' title='bbox 883 4771 976 4816; x_wconf 91' lang='lat' dir='ltr'><strong>aut</strong></span> <span class='ocrx_word' id='word_1_445' title='bbox 1001 4763 1281 4833; x_wconf 76' lang='lat' dir='ltr'><strong>ligaturas,</strong></span> <span class='ocrx_word' id='word_1_446' title='bbox 1309 4772 1404 4818; x_wconf 93' lang='lat' dir='ltr'><strong>aut</strong></span> <span class='ocrx_word' id='word_1_447' title='bbox 1433 4763 1638 4834; x_wconf 84' lang='lat' dir='ltr'><strong>aliquid</strong></span> <span class='ocrx_word' id='word_1_448' title='bbox 1666 4764 2005 4834; x_wconf 72' lang='lat' dir='ltr'><strong>huiusmodi.</strong></span> 
     </span>
    </p>
   </div>
   <div class='ocr_carea' id='block_1_75' title="bbox 515 4848 1616 4909">
    <p class='ocr_par' dir='ltr' id='par_1_75' title="bbox 515 4848 1616 4909">
     <span class='ocr_line' id='line_1_75' title="bbox 515 4848 1616 4909; baseline 0.008 -9"><span class='ocrx_word' id='word_1_449' title='bbox 515 4848 600 4901; x_wconf 88' lang='grc'><strong>12.</strong></span> <span class='ocrx_word' id='word_1_450' title='bbox 635 4850 1020 4905; x_wconf 87' lang='lat' dir='ltr'><strong>lnenarrabilia</strong></span> <span class='ocrx_word' id='word_1_451' title='bbox 1053 4861 1180 4906; x_wconf 90' lang='lat' dir='ltr'><strong>sunt</strong></span> <span class='ocrx_word' id='word_1_452' title='bbox 1209 4853 1474 4909; x_wconf 78' lang='lat' dir='ltr'><strong>beneﬁcia</strong></span> <span class='ocrx_word' id='word_1_453' title='bbox 1502 4864 1616 4909; x_wconf 87' lang='lat' dir='ltr'><strong>tua.</strong></span> 
     </span>
    </p>
   </div>
   <div class='ocr_carea' id='block_1_76' title="bbox 512 4937 2009 5016">
    <p class='ocr_par' dir='ltr' id='par_1_76' title="bbox 512 4937 2009 5016">
     <span class='ocr_line' id='line_1_76' title="bbox 512 4937 2009 5016; baseline 0.009 -26"><span class='ocrx_word' id='word_1_454' title='bbox 512 4937 712 5002; x_wconf 71' lang='grc'><strong>15,14.</strong></span> <span class='ocrx_word' id='word_1_455' title='bbox 756 4938 824 4994; x_wconf 88' lang='lat' dir='ltr'><strong>Et</strong></span> <span class='ocrx_word' id='word_1_456' title='bbox 852 4941 945 5011; x_wconf 89' lang='lat' dir='ltr'><strong>qui</strong></span> <span class='ocrx_word' id='word_1_457' title='bbox 973 4952 1120 4997; x_wconf 89' lang='lat' dir='ltr'><strong>tanta</strong></span> <span class='ocrx_word' id='word_1_458' title='bbox 1167 4945 1309 4999; x_wconf 89' lang='lat' dir='ltr'><strong>bona</strong></span> <span class='ocrx_word' id='word_1_459' title='bbox 1367 4945 1526 5000; x_wconf 90' lang='lat' dir='ltr'><strong>nobis</strong></span> <span class='ocrx_word' id='word_1_460' title='bbox 1560 4946 1859 5016; x_wconf 88' lang='lat' dir='ltr'><strong>provideat,</strong></span> <span class='ocrx_word' id='word_1_461' title='bbox 1898 4964 2009 5004; x_wconf 93' lang='lat' dir='ltr'><strong>non</strong></span> 
     </span>
    </p>
   </div>
   <div class='ocr_carea' id='block_1_77' title="bbox 441 5028 2010 5110">
    <p class='ocr_par' dir='ltr' id='par_1_77' title="bbox 441 5028 2010 5110">
     <span class='ocr_line' id='line_1_77' title="bbox 441 5028 2010 5110; baseline 0.011 -30"><span class='ocrx_word' id='word_1_462' title='bbox 441 5035 522 5081; x_wconf 84' lang='lat' dir='ltr'><strong>est</strong></span> <span class='ocrx_word' id='word_1_463' title='bbox 559 5028 719 5094; x_wconf 90' lang='lat' dir='ltr'><strong>alius,</strong></span> <span class='ocrx_word' id='word_1_464' title='bbox 744 5039 801 5086; x_wconf 91' lang='lat' dir='ltr'><strong>et</strong></span> <span class='ocrx_word' id='word_1_465' title='bbox 829 5030 945 5086; x_wconf 71' lang='lat' dir='ltr'><strong>haec</strong></span> <span class='ocrx_word' id='word_1_466' title='bbox 976 5031 1091 5102; x_wconf 88' lang='lat' dir='ltr'><strong>ipsa</strong></span> <span class='ocrx_word' id='word_1_467' title='bbox 1121 5035 1390 5103; x_wconf 85' lang='lat' dir='ltr'><strong>enarravi,</strong></span> <span class='ocrx_word' id='word_1_468' title='bbox 1421 5043 1475 5091; x_wconf 88' lang='lat' dir='ltr'><strong>et</strong></span> <span class='ocrx_word' id='word_1_469' title='bbox 1505 5035 1641 5103; x_wconf 82' lang='lat' dir='ltr'><strong>dixi,</strong></span> <span class='ocrx_word' id='word_1_470' title='bbox 1671 5041 1816 5110; x_wconf 89' lang='lat' dir='ltr'><strong>quod</strong></span> <span class='ocrx_word' id='word_1_471' title='bbox 1850 5041 2010 5097; x_wconf 88' lang='lat' dir='ltr'><strong>innu-</strong></span> 
     </span>
    </p>
   </div>
   <div class='ocr_carea' id='block_1_78' title="bbox 438 5129 770 5176">
    <p class='ocr_par' dir='ltr' id='par_1_78' title="bbox 438 5129 770 5176">
     <span class='ocr_line' id='line_1_78' title="bbox 438 5129 770 5176; baseline 0.003 -3"><span class='ocrx_word' id='word_1_472' title='bbox 438 5132 590 5174; x_wconf 85' lang='lat' dir='ltr'><strong>mera</strong></span> <span class='ocrx_word' id='word_1_473' title='bbox 622 5129 770 5176; x_wconf 90' lang='lat' dir='ltr'><strong>sunt.</strong></span> 
     </span>
    </p>
   </div>
   <div class='ocr_carea' id='block_1_79' title="bbox 2035 3312 3626 3386">
    <p class='ocr_par' dir='ltr' id='par_1_79' title="bbox 2035 3312 3626 3386">
     <span class='ocr_line' id='line_1_79' title="bbox 2035 3312 3626 3386; baseline 0 -20"><span class='ocrx_word' id='word_1_474' title='bbox 2035 3315 2076 3372; x_wconf 90' lang='lat' dir='ltr'><strong><em>C</em></strong></span> <span class='ocrx_word' id='word_1_475' title='bbox 2180 3313 2232 3368; x_wconf 90' lang='grc'><strong>1.</strong></span> <span class='ocrx_word' id='word_1_476' title='bbox 2255 3312 2640 3379; x_wconf 80' lang='grc' dir='ltr'><strong>Ἀδιαλείτττως</strong></span> <span class='ocrx_word' id='word_1_477' title='bbox 2668 3313 2953 3386; x_wconf 81' lang='grc' dir='ltr'><strong>ὑπομένων</strong></span> <span class='ocrx_word' id='word_1_478' title='bbox 2983 3313 3061 3383; x_wconf 80' lang='grc'><strong>(3)</strong></span> <span class='ocrx_word' id='word_1_479' title='bbox 3087 3315 3154 3384; x_wconf 82' lang='grc' dir='ltr'><strong>τῇ</strong></span> <span class='ocrx_word' id='word_1_480' title='bbox 3186 3314 3465 3385; x_wconf 82' lang='grc' dir='ltr'><strong>προσευχῇ</strong></span> <span class='ocrx_word' id='word_1_481' title='bbox 3497 3331 3626 3384; x_wconf 86' lang='grc' dir='ltr'><strong>μου.</strong></span> 
     </span>
    </p>
   </div>
   <div class='ocr_carea' id='block_1_80' title="bbox 2178 3402 3691 3479">
    <p class='ocr_par' dir='ltr' id='par_1_80' title="bbox 2178 3402 3691 3479">
     <span class='ocr_line' id='line_1_80' title="bbox 2178 3402 3691 3479; baseline 0.004 -24"><span class='ocrx_word' id='word_1_482' title='bbox 2178 3402 2232 3456; x_wconf 87' lang='grc'><strong>2.</strong></span> <span class='ocrx_word' id='word_1_483' title='bbox 2272 3404 2347 3455; x_wconf 79' lang='grc' dir='ltr'><strong>Οὐ</strong></span> <span class='ocrx_word' id='word_1_484' title='bbox 2394 3403 2470 3474; x_wconf 69' lang='grc'><strong>(4)</strong></span> <span class='ocrx_word' id='word_1_485' title='bbox 2512 3405 2621 3479; x_wconf 82' lang='grc' dir='ltr'><strong>γὰρ</strong></span> <span class='ocrx_word' id='word_1_486' title='bbox 2666 3407 2975 3479; x_wconf 82' lang='grc' dir='ltr'><strong>περιμένων</strong></span> <span class='ocrx_word' id='word_1_487' title='bbox 3008 3405 3172 3460; x_wconf 77' lang='grc' dir='ltr'><strong>αὑτοῦ</strong></span> <span class='ocrx_word' id='word_1_488' title='bbox 3215 3407 3278 3459; x_wconf 80' lang='grc' dir='ltr'><strong>τὸ</strong></span> <span class='ocrx_word' id='word_1_489' title='bbox 3314 3407 3484 3475; x_wconf 74' lang='grc' dir='ltr'><strong>ἔλεος,</strong></span> <span class='ocrx_word' id='word_1_490' title='bbox 3511 3409 3577 3459; x_wconf 78' lang='grc' dir='ltr'><strong>οὐ</strong></span> <span class='ocrx_word' id='word_1_491' title='bbox 3611 3405 3691 3478; x_wconf 80' lang='grc' dir='ltr'><strong>μὴ</strong></span> 
     </span>
    </p>
   </div>
   <div class='ocr_carea' id='block_1_81' title="bbox 2111 3497 2575 3568">
    <p class='ocr_par' dir='ltr' id='par_1_81' title="bbox 2111 3497 2575 3568">
     <span class='ocr_line' id='line_1_81' title="bbox 2111 3497 2575 3568; baseline 0.006 -19"><span class='ocrx_word' id='word_1_492' title='bbox 2111 3497 2340 3568; x_wconf 78' lang='grc' dir='ltr'><strong>στερηθῇ</strong></span> <span class='ocrx_word' id='word_1_493' title='bbox 2367 3498 2575 3552; x_wconf 77' lang='grc' dir='ltr'><strong>τούτου.</strong></span> 
     </span>
    </p>
   </div>
   <div class='ocr_carea' id='block_1_82' title="bbox 2179 3590 2949 3663">
    <p class='ocr_par' dir='ltr' id='par_1_82' title="bbox 2179 3590 2949 3663">
     <span class='ocr_line' id='line_1_82' title="bbox 2179 3590 2949 3663; baseline 0.003 -20"><span class='ocrx_word' id='word_1_494' title='bbox 2179 3591 2232 3654; x_wconf 84' lang='grc'><strong>5,</strong></span> <span class='ocrx_word' id='word_1_495' title='bbox 2266 3591 2320 3644; x_wconf 74' lang='grc'><strong>4.</strong></span> <span class='ocrx_word' id='word_1_496' title='bbox 2358 3590 2477 3644; x_wconf 84' lang='grc' dir='ltr'><strong>Τῶν</strong></span> <span class='ocrx_word' id='word_1_497' title='bbox 2510 3591 2794 3663; x_wconf 80' lang='grc' dir='ltr'><strong>ἁμαρτιῶν</strong></span> <span class='ocrx_word' id='word_1_498' title='bbox 2827 3609 2949 3663; x_wconf 88' lang='grc' dir='ltr'><strong>μου.</strong></span> 
     </span>
    </p>
   </div>
   <div class='ocr_carea' id='block_1_83' title="bbox 2178 3679 3695 3755">
    <p class='ocr_par' dir='ltr' id='par_1_83' title="bbox 2178 3679 3695 3755">
     <span class='ocr_line' id='line_1_83' title="bbox 2178 3679 3695 3755; baseline 0.001 -20"><span class='ocrx_word' id='word_1_499' title='bbox 2178 3681 2230 3735; x_wconf 87' lang='grc'><strong>5.</strong></span> <span class='ocrx_word' id='word_1_500' title='bbox 2265 3681 2358 3745; x_wconf 82' lang='grc' dir='ltr'><strong>Εἰς</strong></span> <span class='ocrx_word' id='word_1_501' title='bbox 2395 3681 2495 3746; x_wconf 78' lang='grc' dir='ltr'><strong>τὰς</strong></span> <span class='ocrx_word' id='word_1_502' title='bbox 2520 3681 2738 3746; x_wconf 77' lang='grc' dir='ltr'><strong>ἐντολὰς</strong></span> <span class='ocrx_word' id='word_1_503' title='bbox 2773 3683 2937 3736; x_wconf 73' lang='grc' dir='ltr'><strong>αὑτοῦ</strong></span> <span class='ocrx_word' id='word_1_504' title='bbox 2983 3682 3312 3755; x_wconf 78' lang='grc' dir='ltr'><strong>ἑπεστήρισε</strong></span> <span class='ocrx_word' id='word_1_505' title='bbox 3339 3680 3414 3752; x_wconf 81' lang='grc'><strong>(5)</strong></span> <span class='ocrx_word' id='word_1_506' title='bbox 3445 3679 3547 3752; x_wconf 79' lang='grc' dir='ltr'><strong>τὴν</strong></span> <span class='ocrx_word' id='word_1_507' title='bbox 3573 3681 3695 3737; x_wconf 72' lang='grc' dir='ltr'><strong>διάο</strong></span> 
     </span>
    </p>
   </div>
   <div class='ocr_carea' id='block_1_84' title="bbox 2107 3773 2414 3844">
    <p class='ocr_par' dir='ltr' id='par_1_84' title="bbox 2107 3773 2414 3844">
     <span class='ocr_line' id='line_1_84' title="bbox 2107 3773 2414 3844; baseline 0.013 -19"><span class='ocrx_word' id='word_1_508' title='bbox 2107 3773 2258 3826; x_wconf 83' lang='grc' dir='ltr'><strong>νοιάν</strong></span> <span class='ocrx_word' id='word_1_509' title='bbox 2289 3792 2414 3844; x_wconf 86' lang='grc' dir='ltr'><strong>μου.</strong></span> 
     </span>
    </p>
   </div>
   <div class='ocr_carea' id='block_1_85' title="bbox 2177 3861 3693 3938">
    <p class='ocr_par' dir='ltr' id='par_1_85' title="bbox 2177 3861 3693 3938">
     <span class='ocr_line' id='line_1_85' title="bbox 2177 3861 3693 3938; baseline 0.007 -24"><span class='ocrx_word' id='word_1_510' title='bbox 2177 3861 2231 3915; x_wconf 87' lang='lat'><strong>6.</strong></span> <span class='ocrx_word' id='word_1_511' title='bbox 2261 3863 2354 3925; x_wconf 75' lang='grc' dir='ltr'><strong>Εἰς</strong></span> <span class='ocrx_word' id='word_1_512' title='bbox 2377 3863 2486 3915; x_wconf 77' lang='grc' dir='ltr'><strong>πᾶν</strong></span> <span class='ocrx_word' id='word_1_513' title='bbox 2502 3863 2660 3934; x_wconf 76' lang='grc' dir='ltr'><strong>ἔργον</strong></span> <span class='ocrx_word' id='word_1_514' title='bbox 2676 3864 2879 3933; x_wconf 80' lang='grc' dir='ltr'><strong>ἀγαθὸν</strong></span> <span class='ocrx_word' id='word_1_515' title='bbox 2895 3864 3188 3919; x_wconf 78' lang='grc' dir='ltr'><strong>κατεύθυνε</strong></span> <span class='ocrx_word' id='word_1_516' title='bbox 3203 3864 3302 3938; x_wconf 79' lang='grc' dir='ltr'><strong>τὴν</strong></span> <span class='ocrx_word' id='word_1_517' title='bbox 3314 3865 3542 3938; x_wconf 76' lang='grc' dir='ltr'><strong>καρδίαν</strong></span> <span class='ocrx_word' id='word_1_518' title='bbox 3561 3884 3693 3938; x_wconf 83' lang='grc' dir='ltr'><strong>μου.</strong></span> 
     </span>
    </p>
   </div>
   <div class='ocr_carea' id='block_1_86' title="bbox 2177 3953 3699 4034">
    <p class='ocr_par' dir='ltr' id='par_1_86' title="bbox 2177 3953 3699 4034">
     <span class='ocr_line' id='line_1_86' title="bbox 2177 3953 3699 4034; baseline 0.006 -28"><span class='ocrx_word' id='word_1_519' title='bbox 2177 3953 2231 4018; x_wconf 91' lang='grc'>7,</span> <span class='ocrx_word' id='word_1_520' title='bbox 2265 3954 2317 4008; x_wconf 91' lang='grc'><strong>8.</strong></span> <span class='ocrx_word' id='word_1_521' title='bbox 2349 3956 2457 4008; x_wconf 77' lang='grc' dir='ltr'><strong>Καὶ</strong></span> <span class='ocrx_word' id='word_1_522' title='bbox 2480 3955 2569 4009; x_wconf 83' lang='grc' dir='ltr'><strong>διὰ</strong></span> <span class='ocrx_word' id='word_1_523' title='bbox 2595 3957 2695 4028; x_wconf 84' lang='grc' dir='ltr'><strong>τῆς</strong></span> <span class='ocrx_word' id='word_1_524' title='bbox 2719 3957 2940 4030; x_wconf 83' lang='grc' dir='ltr'><strong>χάριτος</strong></span> <span class='ocrx_word' id='word_1_525' title='bbox 2964 3958 3128 4013; x_wconf 79' lang='grc' dir='ltr'><strong>αὑτοῦ</strong></span> <span class='ocrx_word' id='word_1_526' title='bbox 3157 3960 3385 4032; x_wconf 73' lang='grc' dir='ltr'><strong>ἐποίησέ</strong></span> <span class='ocrx_word' id='word_1_527' title='bbox 3421 3978 3488 4034; x_wconf 86' lang='grc' dir='ltr'><strong>με</strong></span> <span class='ocrx_word' id='word_1_528' title='bbox 3523 3961 3699 4027; x_wconf 75' lang='grc' dir='ltr'><strong>δοξά-</strong></span> 
     </span>
    </p>
   </div>
   <div class='ocr_carea' id='block_1_87' title="bbox 2108 4044 2432 4110">
    <p class='ocr_par' dir='ltr' id='par_1_87' title="bbox 2108 4044 2432 4110">
     <span class='ocr_line' id='line_1_87' title="bbox 2108 4044 2432 4110; baseline 0.009 -12"><span class='ocrx_word' id='word_1_529' title='bbox 2108 4044 2220 4110; x_wconf 76' lang='grc' dir='ltr'><strong>ζειν</strong></span> <span class='ocrx_word' id='word_1_530' title='bbox 2248 4045 2432 4101; x_wconf 79' lang='grc' dir='ltr'><strong>αὐτόν.</strong></span> 
     </span>
    </p>
   </div>
   <div class='ocr_carea' id='block_1_88' title="bbox 2177 4138 3700 4219">
    <p class='ocr_par' dir='ltr' id='par_1_88' title="bbox 2177 4138 3700 4219">
     <span class='ocr_line' id='line_1_88' title="bbox 2177 4138 3700 4219; baseline 0.005 -27"><span class='ocrx_word' id='word_1_531' title='bbox 2177 4138 2232 4194; x_wconf 88' lang='grc'><strong>9.</strong></span> <span class='ocrx_word' id='word_1_532' title='bbox 2261 4138 2598 4211; x_wconf 83' lang='grc' dir='ltr'><strong>Ἑωρακότες</strong></span> <span class='ocrx_word' id='word_1_533' title='bbox 2622 4142 2824 4207; x_wconf 81' lang='grc' dir='ltr'><strong>πάντες</strong></span> <span class='ocrx_word' id='word_1_534' title='bbox 2862 4143 2960 4216; x_wconf 76' lang='grc' dir='ltr'><strong>τὴν</strong></span> <span class='ocrx_word' id='word_1_535' title='bbox 2996 4143 3344 4217; x_wconf 84' lang='grc' dir='ltr'><strong>συγχώρησιν</strong></span> <span class='ocrx_word' id='word_1_536' title='bbox 3370 4144 3478 4199; x_wconf 86' lang='grc' dir='ltr'><strong>τῶν</strong></span> <span class='ocrx_word' id='word_1_537' title='bbox 3505 4147 3700 4219; x_wconf 78' lang='grc' dir='ltr'><strong>ἁμαρ-</strong></span> 
     </span>
    </p>
   </div>
   <div class='ocr_carea' id='block_1_89' title="bbox 2107 4223 3699 4306">
    <p class='ocr_par' dir='ltr' id='par_1_89' title="bbox 2107 4223 3699 4306">
     <span class='ocr_line' id='line_1_89' title="bbox 2107 4223 3699 4306; baseline 0.006 -25"><span class='ocrx_word' id='word_1_538' title='bbox 2107 4227 2257 4294; x_wconf 70' lang='grc' dir='ltr'><strong>τεῶν,</strong></span> <span class='ocrx_word' id='word_1_539' title='bbox 2301 4223 2375 4283; x_wconf 84' lang='grc' dir='ltr'>ὧν</span> <span class='ocrx_word' id='word_1_540' title='bbox 2418 4233 2726 4305; x_wconf 77' lang='grc' dir='ltr'><strong>ἐχαρήσατό</strong></span> <span class='ocrx_word' id='word_1_541' title='bbox 2757 4251 2869 4305; x_wconf 86' lang='grc' dir='ltr'><strong>μοι,</strong></span> <span class='ocrx_word' id='word_1_542' title='bbox 2897 4236 3332 4306; x_wconf 81' lang='grc' dir='ltr'><strong>ὲκπλησσόμενοι</strong></span> <span class='ocrx_word' id='word_1_543' title='bbox 3367 4238 3699 4291; x_wconf 79' lang='grc' dir='ltr'><strong>πιστεύσου-</strong></span> 
     </span>
    </p>
   </div>
   <div class='ocr_carea' id='block_1_90' title="bbox 2110 4321 2900 4393">
    <p class='ocr_par' dir='ltr' id='par_1_90' title="bbox 2110 4321 2900 4393">
     <span class='ocr_line' id='line_1_90' title="bbox 2110 4321 2900 4393; baseline 0.009 -19"><span class='ocrx_word' id='word_1_544' title='bbox 2110 4338 2194 4375; x_wconf 87' lang='grc' dir='ltr'><strong>σιν</strong></span> <span class='ocrx_word' id='word_1_545' title='bbox 2223 4321 2296 4393; x_wconf 87' lang='grc'><strong>(6)</strong></span> <span class='ocrx_word' id='word_1_546' title='bbox 2329 4324 2422 4377; x_wconf 77' lang='grc' dir='ltr'><strong>ἐπὶ</strong></span> <span class='ocrx_word' id='word_1_547' title='bbox 2447 4325 2509 4378; x_wconf 75' lang='grc' dir='ltr'><strong>τὸ</strong></span> <span class='ocrx_word' id='word_1_548' title='bbox 2534 4325 2681 4389; x_wconf 81' lang='grc' dir='ltr'><strong>ἔλεος</strong></span> <span class='ocrx_word' id='word_1_549' title='bbox 2714 4325 2900 4382; x_wconf 80' lang='grc' dir='ltr'><strong>αὐτοῦ.</strong></span> 
     </span>
    </p>
   </div>
   <div class='ocr_carea' id='block_1_91' title="bbox 2181 4411 3701 4490">
    <p class='ocr_par' dir='ltr' id='par_1_91' title="bbox 2181 4411 3701 4490">
     <span class='ocr_line' id='line_1_91' title="bbox 2181 4411 3701 4490; baseline 0.006 -26"><span class='ocrx_word' id='word_1_550' title='bbox 2181 4411 2266 4464; x_wconf 87' lang='grc'><strong>10.</strong></span> <span class='ocrx_word' id='word_1_551' title='bbox 2300 4411 2356 4464; x_wconf 87' lang='grc'><strong>’0</strong></span> <span class='ocrx_word' id='word_1_552' title='bbox 2378 4411 2484 4485; x_wconf 83' lang='grc' dir='ltr'><strong>γὰρ</strong></span> <span class='ocrx_word' id='word_1_553' title='bbox 2507 4412 2740 4478; x_wconf 76' lang='grc' dir='ltr'><strong>ἐλπίζων</strong></span> <span class='ocrx_word' id='word_1_554' title='bbox 2756 4415 2842 4468; x_wconf 74' lang='grc' dir='ltr'><strong>ἐπ’</strong></span> <span class='ocrx_word' id='word_1_555' title='bbox 2863 4416 3022 4470; x_wconf 83' lang='grc' dir='ltr'><strong>αὐτὸν</strong></span> <span class='ocrx_word' id='word_1_556' title='bbox 3037 4419 3217 4472; x_wconf 78' lang='grc' dir='ltr'><strong>πᾶσαν</strong></span> <span class='ocrx_word' id='word_1_557' title='bbox 3234 4417 3448 4490; x_wconf 76' lang='grc' dir='ltr'><strong>αἴτησιν</strong></span> <span class='ocrx_word' id='word_1_558' title='bbox 3463 4419 3701 4488; x_wconf 76' lang='grc' dir='ltr'><strong>ἀγαθῶν</strong></span> 
     </span>
    </p>
   </div>
   <div class='ocr_carea' id='block_1_92' title="bbox 2109 4502 3698 4580">
    <p class='ocr_par' dir='ltr' id='par_1_92' title="bbox 2109 4502 3698 4580">
     <span class='ocr_line' id='line_1_92' title="bbox 2109 4502 3698 4580; baseline 0.006 -25"><span class='ocrx_word' id='word_1_559' title='bbox 2109 4502 2389 4573; x_wconf 78' lang='grc' dir='ltr'><strong>κομίζεται</strong></span> <span class='ocrx_word' id='word_1_560' title='bbox 2414 4504 2488 4576; x_wconf 92' lang='grc'><strong>(7)</strong></span> <span class='ocrx_word' id='word_1_561' title='bbox 2511 4507 2642 4578; x_wconf 79' lang='grc' dir='ltr'><strong>παρ’</strong></span> <span class='ocrx_word' id='word_1_562' title='bbox 2672 4506 2859 4575; x_wconf 80' lang='grc' dir='ltr'><strong>αὑτοῦ,</strong></span> <span class='ocrx_word' id='word_1_563' title='bbox 2877 4509 2976 4561; x_wconf 83' lang='grc' dir='ltr'><strong>οὐκ</strong></span> <span class='ocrx_word' id='word_1_564' title='bbox 2999 4508 3065 4563; x_wconf 79' lang='grc' dir='ltr'><strong>ἂν</strong></span> <span class='ocrx_word' id='word_1_565' title='bbox 3079 4509 3251 4580; x_wconf 79' lang='grc' dir='ltr'><strong>αὐτῆς</strong></span> <span class='ocrx_word' id='word_1_566' title='bbox 3270 4511 3423 4574; x_wconf 79' lang='grc' dir='ltr'><strong>ἐκτὸς</strong></span> <span class='ocrx_word' id='word_1_567' title='bbox 3437 4511 3698 4580; x_wconf 83' lang='grc' dir='ltr'><strong>γένηται.</strong></span> 
     </span>
    </p>
   </div>
   <div class='ocr_carea' id='block_1_93' title="bbox 2179 4597 3703 4680">
    <p class='ocr_par' dir='ltr' id='par_1_93' title="bbox 2179 4597 3703 4680">
     <span class='ocr_line' id='line_1_93' title="bbox 2179 4597 3703 4680; baseline 0.009 -32"><span class='ocrx_word' id='word_1_568' title='bbox 2179 4597 2264 4649; x_wconf 91' lang='grc'><strong>11.</strong></span> <span class='ocrx_word' id='word_1_569' title='bbox 2296 4597 2391 4661; x_wconf 76' lang='grc' dir='ltr'><strong>Εἰς</strong></span> <span class='ocrx_word' id='word_1_570' title='bbox 2425 4598 2696 4668; x_wconf 83' lang='grc' dir='ltr'><strong>μάστιγας</strong></span> <span class='ocrx_word' id='word_1_571' title='bbox 2725 4600 2800 4673; x_wconf 88' lang='grc'><strong>(8)</strong></span> <span class='ocrx_word' id='word_1_572' title='bbox 2840 4602 3012 4671; x_wconf 85' lang='grc' dir='ltr'><strong>λέγει,</strong></span> <span class='ocrx_word' id='word_1_573' title='bbox 3038 4605 3071 4675; x_wconf 83' lang='grc' dir='ltr'>ἦ</span> <span class='ocrx_word' id='word_1_574' title='bbox 3122 4607 3401 4676; x_wconf 74' lang='grc' dir='ltr'><strong>μαντείας,</strong></span> <span class='ocrx_word' id='word_1_575' title='bbox 3428 4606 3461 4677; x_wconf 78' lang='grc' dir='ltr'>ἢ</span> <span class='ocrx_word' id='word_1_576' title='bbox 3491 4608 3703 4680; x_wconf 85' lang='grc' dir='ltr'><strong>ἀστρο-</strong></span> 
     </span>
    </p>
   </div>
   <div class='ocr_carea' id='block_1_94' title="bbox 2110 4687 3704 4771">
    <p class='ocr_par' dir='ltr' id='par_1_94' title="bbox 2110 4687 3704 4771">
     <span class='ocr_line' id='line_1_94' title="bbox 2110 4687 3704 4771; baseline 0.009 -32"><span class='ocrx_word' id='word_1_577' title='bbox 2110 4687 2318 4758; x_wconf 80' lang='grc' dir='ltr'><strong>νομίας,</strong></span> <span class='ocrx_word' id='word_1_578' title='bbox 2351 4688 2384 4761; x_wconf 78' lang='grc' dir='ltr'>ἢ</span> <span class='ocrx_word' id='word_1_579' title='bbox 2430 4692 2800 4762; x_wconf 78' lang='grc' dir='ltr'><strong>φαρμακείας,</strong></span> <span class='ocrx_word' id='word_1_580' title='bbox 2833 4694 2866 4764; x_wconf 84' lang='grc' dir='ltr'>ἢ</span> <span class='ocrx_word' id='word_1_581' title='bbox 2915 4695 3376 4769; x_wconf 86' lang='grc' dir='ltr'><strong>εἰδωλολατρείας,</strong></span> <span class='ocrx_word' id='word_1_582' title='bbox 3415 4698 3449 4771; x_wconf 85' lang='grc' dir='ltr'><strong>ῆ</strong></span> <span class='ocrx_word' id='word_1_583' title='bbox 3497 4701 3704 4753; x_wconf 76' lang='grc' dir='ltr'><strong>ἐπαοι-</strong></span> 
     </span>
    </p>
   </div>
   <div class='ocr_carea' id='block_1_95' title="bbox 2109 4780 3340 4858">
    <p class='ocr_par' dir='ltr' id='par_1_95' title="bbox 2109 4780 3340 4858">
     <span class='ocr_line' id='line_1_95' title="bbox 2109 4780 3340 4858; baseline 0.008 -24"><span class='ocrx_word' id='word_1_584' title='bbox 2109 4780 2250 4844; x_wconf 84' lang='grc' dir='ltr'><strong>δίας,</strong></span> <span class='ocrx_word' id='word_1_585' title='bbox 2280 4781 2313 4851; x_wconf 75' lang='grc' dir='ltr'>ἢ</span> <span class='ocrx_word' id='word_1_586' title='bbox 2342 4783 2470 4853; x_wconf 75' lang='grc' dir='ltr'><strong>περὶ</strong></span> <span class='ocrx_word' id='word_1_587' title='bbox 2499 4782 2767 4855; x_wconf 80' lang='grc' dir='ltr'><strong>ἆμμασιν,</strong></span> <span class='ocrx_word' id='word_1_588' title='bbox 2795 4786 2830 4858; x_wconf 73' lang='grc' dir='ltr'>ἢ</span> <span class='ocrx_word' id='word_1_589' title='bbox 2857 4804 2911 4840; x_wconf 88' lang='grc' dir='ltr'><strong>τι</strong></span> <span class='ocrx_word' id='word_1_590' title='bbox 2930 4787 3039 4840; x_wconf 86' lang='grc' dir='ltr'><strong>τῶν</strong></span> <span class='ocrx_word' id='word_1_591' title='bbox 3066 4789 3340 4845; x_wconf 86' lang='grc' dir='ltr'><strong>τοιούτων.</strong></span> 
     </span>
    </p>
   </div>
   <div class='ocr_carea' id='block_1_96' title="bbox 2188 4871 3416 4952">
    <p class='ocr_par' dir='ltr' id='par_1_96' title="bbox 2188 4871 3416 4952">
     <span class='ocr_line' id='line_1_96' title="bbox 2188 4871 3416 4952; baseline 0.011 -29"><span class='ocrx_word' id='word_1_592' title='bbox 2188 4872 2269 4924; x_wconf 91' lang='grc'><strong>12.</strong></span> <span class='ocrx_word' id='word_1_593' title='bbox 2290 4871 2694 4946; x_wconf 83' lang='grc' dir='ltr'><strong>Ἀνεκδιήγητοι</strong></span> <span class='ocrx_word' id='word_1_594' title='bbox 2719 4879 2856 4931; x_wconf 77' lang='grc' dir='ltr'><strong>εἰσιν</strong></span> <span class='ocrx_word' id='word_1_595' title='bbox 2885 4880 2939 4932; x_wconf 86' lang='grc' dir='ltr'><strong>αἱ</strong></span> <span class='ocrx_word' id='word_1_596' title='bbox 2968 4879 3278 4952; x_wconf 78' lang='grc' dir='ltr'><strong>εὐεργεσίαι</strong></span> <span class='ocrx_word' id='word_1_597' title='bbox 3306 4900 3416 4937; x_wconf 88' lang='grc' dir='ltr'><strong>σου.</strong></span> 
     </span>
    </p>
   </div>
   <div class='ocr_carea' id='block_1_97' title="bbox 2183 4962 3709 5046">
    <p class='ocr_par' dir='ltr' id='par_1_97' title="bbox 2183 4962 3709 5046">
     <span class='ocr_line' id='line_1_97' title="bbox 2183 4962 3709 5046; baseline 0.009 -31"><span class='ocrx_word' id='word_1_598' title='bbox 2183 4962 2388 5028; x_wconf 70' lang='grc'><strong>15,14.</strong></span> <span class='ocrx_word' id='word_1_599' title='bbox 2419 4964 2494 5034; x_wconf 82' lang='grc'><strong>(9)</strong></span> <span class='ocrx_word' id='word_1_600' title='bbox 2525 4967 2636 5019; x_wconf 80' lang='grc' dir='ltr'><strong>Καὶ</strong></span> <span class='ocrx_word' id='word_1_601' title='bbox 2675 4968 2847 5033; x_wconf 75' lang='grc' dir='ltr'><strong>οὕτως</strong></span> <span class='ocrx_word' id='word_1_602' title='bbox 2891 4971 3067 5040; x_wconf 79' lang='grc' dir='ltr'><strong>ἀγαθὰ</strong></span> <span class='ocrx_word' id='word_1_603' title='bbox 3122 4971 3503 5044; x_wconf 80' lang='grc' dir='ltr'><strong>βουλευόμενος</strong></span> <span class='ocrx_word' id='word_1_604' title='bbox 3559 4977 3709 5046; x_wconf 67' lang='grc' dir='ltr'><strong>περὶ</strong></span> 
     </span>
    </p>
   </div>
   <div class='ocr_carea' id='block_1_98' title="bbox 2115 5049 3709 5134">
    <p class='ocr_par' dir='ltr' id='par_1_98' title="bbox 2115 5049 3709 5134">
     <span class='ocr_line' id='line_1_98' title="bbox 2115 5049 3709 5134; baseline 0.006 -30"><span class='ocrx_word' id='word_1_605' title='bbox 2115 5049 2268 5120; x_wconf 80' lang='grc' dir='ltr'><strong>ἡμῶν</strong></span> <span class='ocrx_word' id='word_1_606' title='bbox 2309 5051 2410 5105; x_wconf 82' lang='grc' dir='ltr'><strong>οὐκ</strong></span> <span class='ocrx_word' id='word_1_607' title='bbox 2447 5053 2596 5109; x_wconf 77' lang='grc' dir='ltr'><strong>ἐστιν</strong></span> <span class='ocrx_word' id='word_1_608' title='bbox 2627 5056 2804 5124; x_wconf 78' lang='grc' dir='ltr'><strong>ἄλλος,</strong></span> <span class='ocrx_word' id='word_1_609' title='bbox 2834 5061 2927 5113; x_wconf 72' lang='grc' dir='ltr'><strong>καὶ</strong></span> <span class='ocrx_word' id='word_1_610' title='bbox 2953 5060 3093 5114; x_wconf 78' lang='grc' dir='ltr'><strong>αὐτὰ</strong></span> <span class='ocrx_word' id='word_1_611' title='bbox 3125 5060 3297 5116; x_wconf 79' lang='grc' dir='ltr'><strong>ταῦτα</strong></span> <span class='ocrx_word' id='word_1_612' title='bbox 3320 5061 3709 5134; x_wconf 68' lang='grc' dir='ltr'><strong>διηγησάμην,</strong></span> 
     </span>
    </p>
   </div>
   <div class='ocr_carea' id='block_1_99' title="bbox 2114 5140 3182 5222">
    <p class='ocr_par' dir='ltr' id='par_1_99' title="bbox 2114 5140 3182 5222">
     <span class='ocr_line' id='line_1_99' title="bbox 2114 5140 3182 5222; baseline 0.011 -30"><span class='ocrx_word' id='word_1_613' title='bbox 2114 5141 2210 5193; x_wconf 79' lang='grc' dir='ltr'><strong>καὶ</strong></span> <span class='ocrx_word' id='word_1_614' title='bbox 2237 5140 2494 5213; x_wconf 74' lang='grc' dir='ltr'><strong>ἐλάλησα,</strong></span> <span class='ocrx_word' id='word_1_615' title='bbox 2526 5145 2610 5199; x_wconf 80' lang='grc' dir='ltr'><strong>ὅτι</strong></span> <span class='ocrx_word' id='word_1_616' title='bbox 2639 5147 2780 5220; x_wconf 84' lang='grc' dir='ltr'><strong>ὑπὲρ</strong></span> <span class='ocrx_word' id='word_1_617' title='bbox 2803 5149 3033 5222; x_wconf 82' lang='grc' dir='ltr'><strong>ἀριθμόν</strong></span> <span class='ocrx_word' id='word_1_618' title='bbox 3056 5151 3182 5204; x_wconf 77' lang='grc' dir='ltr'><strong>εισι.</strong></span> 
     </span>
    </p>
   </div>
   <div class='ocr_carea' id='block_1_100' title="bbox 1386 5264 2732 5354">
    <p class='ocr_par' dir='ltr' id='par_1_100' title="bbox 1386 5264 2732 5354">
     <span class='ocr_line' id='line_1_100' title="bbox 1386 5264 2732 5354; baseline 0.017 -30"><span class='ocrx_word' id='word_1_619' title='bbox 1386 5264 1690 5330; x_wconf 86' lang='lat' dir='ltr'><strong>Addenda</strong></span> <span class='ocrx_word' id='word_1_620' title='bbox 1719 5278 1778 5330; x_wconf 85' lang='lat' dir='ltr'><strong>et</strong></span> <span class='ocrx_word' id='word_1_621' title='bbox 1808 5274 2178 5354; x_wconf 85' lang='lat' dir='ltr'><strong>corrigenda</strong></span> <span class='ocrx_word' id='word_1_622' title='bbox 2243 5295 2319 5341; x_wconf 82' lang='lat' dir='ltr'><strong>ex</strong></span> <span class='ocrx_word' id='word_1_623' title='bbox 2355 5280 2494 5344; x_wconf 90' lang='lat' dir='ltr'><strong>cod.</strong></span> <span class='ocrx_word' id='word_1_624' title='bbox 2527 5283 2732 5348; x_wconf 85' lang='lat' dir='ltr'><strong>Vatic.</strong></span> 
     </span>
    </p>
   </div>
   <div class='ocr_carea' id='block_1_101' title="bbox 515 5354 1466 5434">
    <p class='ocr_par' dir='ltr' id='par_1_101' title="bbox 515 5354 1466 5434">
     <span class='ocr_line' id='line_1_101' title="bbox 515 5354 1466 5434; baseline 0.009 -27"><span class='ocrx_word' id='word_1_625' title='bbox 612 5355 785 5434; x_wconf 54' lang='lat' dir='ltr'><strong>&#39;ﬂﬁsa</strong></span> <span class='ocrx_word' id='word_1_626' title='bbox 814 5362 913 5434; x_wconf 62' lang='grc' dir='ltr'><strong>τῇς</strong></span> <span class='ocrx_word' id='word_1_627' title='bbox 944 5361 1310 5434; x_wconf 68' lang='grc' dir='ltr'><strong>κινναϐάρεως</strong></span> <span class='ocrx_word' id='word_1_628' title='bbox 1344 5380 1466 5433; x_wconf 89' lang='grc' dir='ltr'><strong>περ.</strong></span> 
     </span>
    </p>
   </div>
   <div class='ocr_carea' id='block_1_102' title="bbox 513 5424 2005 5506">
    <p class='ocr_par' dir='ltr' id='par_1_102' title="bbox 513 5424 2005 5506">
     <span class='ocr_line' id='line_1_102' title="bbox 513 5424 2005 5506; baseline 0.013 -29"><span class='ocrx_word' id='word_1_629' title='bbox 513 5424 591 5506; x_wconf 64' lang='grc'><strong>(2)</strong></span> <span class='ocrx_word' id='word_1_630' title='bbox 745 5424 907 5506; x_wconf 54' lang='lat' dir='ltr'><strong>dadis</strong></span> <span class='ocrx_word' id='word_1_631' title='bbox 934 5424 1200 5506; x_wconf 51' lang='grc' dir='ltr'><strong>ψαλμόςξ.</strong></span> <span class='ocrx_word' id='word_1_632' title='bbox 1227 5474 1242 5489; x_wconf 92' lang='grc'><strong>.</strong></span> <span class='ocrx_word' id='word_1_633' title='bbox 1281 5424 1429 5502; x_wconf 76' lang='grc' dir='ltr'><strong>λέγεί</strong></span> <span class='ocrx_word' id='word_1_634' title='bbox 1459 5436 1562 5498; x_wconf 68' lang='grc' dir='ltr'><strong>ἕως</strong></span> <span class='ocrx_word' id='word_1_635' title='bbox 1592 5434 1683 5488; x_wconf 78' lang='grc' dir='ltr'><strong>τοῦ</strong></span> <span class='ocrx_word' id='word_1_636' title='bbox 1715 5438 1919 5506; x_wconf 79' lang='grc' dir='ltr'><strong>τέλους.</strong></span> <span class='ocrx_word' id='word_1_637' title='bbox 1949 5485 1961 5497; x_wconf 94' lang='grc'><strong>.</strong></span> <span class='ocrx_word' id='word_1_638' title='bbox 1989 5485 2005 5500; x_wconf 94' lang='grc'><strong>.</strong></span> 
     </span>
    </p>
   </div>
   <div class='ocr_carea' id='block_1_103' title="bbox 442 5492 990 5561">
    <p class='ocr_par' dir='ltr' id='par_1_103' title="bbox 442 5492 990 5561">
     <span class='ocr_line' id='line_1_103' title="bbox 442 5492 990 5561; baseline 0.022 -17"><span class='ocrx_word' id='word_1_639' title='bbox 442 5492 775 5561; x_wconf 66' lang='grc' dir='ltr'><strong>ἀφίστασθαι</strong></span> <span class='ocrx_word' id='word_1_640' title='bbox 804 5492 990 5558; x_wconf 75' lang='grc' dir='ltr'><strong>αὑτοῦ.</strong></span> 
     </span>
    </p>
   </div>
   <div class='ocr_carea' id='block_1_104' title="bbox 516 5564 1707 5664">
    <p class='ocr_par' dir='ltr' id='par_1_104' title="bbox 516 5564 1707 5664">
     <span class='ocr_line' id='line_1_104' title="bbox 516 5564 1707 5664; baseline 0.009 -49"><span class='ocrx_word' id='word_1_641' title='bbox 619 5566 911 5664; x_wconf 53' lang='grc' dir='ltr'><strong>ξΞπέμενον</strong></span> <span class='ocrx_word' id='word_1_642' title='bbox 943 5575 1008 5644; x_wconf 83' lang='grc' dir='ltr'><strong>τῇ</strong></span> <span class='ocrx_word' id='word_1_643' title='bbox 1046 5577 1336 5646; x_wconf 80' lang='grc' dir='ltr'><strong>προσευχῇ.</strong></span> <span class='ocrx_word' id='word_1_644' title='bbox 1377 5572 1536 5630; x_wconf 74' lang='lat' dir='ltr'><strong>Deest</strong></span> <span class='ocrx_word' id='word_1_645' title='bbox 1568 5591 1707 5664; x_wconf 41' lang='grc' dir='ltr'><strong>μου..</strong></span> 
     </span>
    </p>
   </div>
   <div class='ocr_carea' id='block_1_105' title="bbox 537 5632 698 5690">
    <p class='ocr_par' dir='ltr' id='par_1_105' title="bbox 537 5632 698 5690">
     <span class='ocr_line' id='line_1_105' title="bbox 537 5632 698 5690; baseline 0.025 -4"><span class='ocrx_word' id='word_1_646' title='bbox 537 5632 594 5690; x_wconf 65' lang='lat'><strong>4)</strong></span> <span class='ocrx_word' id='word_1_647' title='bbox 621 5634 698 5690; x_wconf 84' lang='lat'><strong>&#39;0.</strong></span> 
     </span>
    </p>
   </div>
   <div class='ocr_carea' id='block_1_106' title="bbox 515 5637 962 5780">
    <p class='ocr_par' dir='ltr' id='par_1_106' title="bbox 515 5637 962 5780">
     <span class='ocr_line' id='line_1_106' title="bbox 515 5637 962 5780; baseline 0.011 -22"><span class='ocrx_word' id='word_1_648' title='bbox 515 5637 594 5772; x_wconf 56' lang='lat' dir='ltr'><strong>gi</strong></span> <span class='ocrx_word' id='word_1_649' title='bbox 619 5639 962 5780; x_wconf 43' lang='grc' dir='ltr'><strong>ἐξέστησεν.</strong></span> 
     </span>
    </p>
   </div>
   <div class='ocr_carea' id='block_1_107' title="bbox 2187 5377 2674 5518">
    <p class='ocr_par' dir='ltr' id='par_1_107' title="bbox 2187 5377 2674 5518">
     <span class='ocr_line' id='line_1_107' title="bbox 2187 5377 2674 5518; baseline 0.016 -86"><span class='ocrx_word' id='word_1_650' title='bbox 2187 5377 2261 5518; x_wconf 43' lang='grc' dir='ltr'><strong>ἒϐ)</strong></span> <span class='ocrx_word' id='word_1_651' title='bbox 2301 5381 2674 5441; x_wconf 85' lang='grc' dir='ltr'><strong>Πιστεύουσιν.</strong></span> 
     </span>
     <span class='ocr_line' id='line_1_108' title="bbox 2213 5451 2674 5518; baseline 0.013 -17"><span class='ocrx_word' id='word_1_652' title='bbox 2213 5451 2264 5518; x_wconf 81' lang='grc'>7)</span> <span class='ocrx_word' id='word_1_653' title='bbox 2304 5451 2674 5518; x_wconf 75' lang='grc' dir='ltr'><strong>Κομῖίςεσθαι..</strong></span> 
     </span>
    </p>
   </div>
   <div class='ocr_carea' id='block_1_108' title="bbox 2213 5451 2962 5521">
    <p class='ocr_par' dir='ltr' id='par_1_108' title="bbox 2213 5451 2962 5521">
     <span class='ocr_line' id='line_1_109' title="bbox 2213 5451 2962 5521; baseline 0.011 -20"><span class='ocrx_word' id='word_1_654' title='bbox 2213 5451 2264 5521; x_wconf 64' lang='grc' dir='ltr'><strong>ἶ)</strong></span> <span class='ocrx_word' id='word_1_655' title='bbox 2304 5451 2706 5521; x_wconf 75' lang='grc' dir='ltr'><strong>Κορῖίζεσθαι...</strong></span> <span class='ocrx_word' id='word_1_656' title='bbox 2732 5455 2962 5519; x_wconf 79' lang='grc' dir='ltr'><strong>γίνεται.</strong></span> 
     </span>
    </p>
   </div>
   <div class='ocr_carea' id='block_1_109' title="bbox 2188 5520 3711 5601">
    <p class='ocr_par' dir='ltr' id='par_1_109' title="bbox 2188 5520 3711 5601">
     <span class='ocr_line' id='line_1_110' title="bbox 2188 5520 3711 5601; baseline 0.011 -29"><span class='ocrx_word' id='word_1_657' title='bbox 2280 5520 2496 5601; x_wconf 47' lang='lat' dir='ltr'><strong>ligavit};</strong></span> <span class='ocrx_word' id='word_1_658' title='bbox 2515 5523 2731 5601; x_wconf 56' lang='grc' dir='ltr'><strong>λέγειῷ</strong></span> <span class='ocrx_word' id='word_1_659' title='bbox 2760 5528 2840 5589; x_wconf 82' lang='grc' dir='ltr'><strong>εἰς</strong></span> <span class='ocrx_word' id='word_1_660' title='bbox 2862 5526 3182 5601; x_wconf 70' lang='grc' dir='ltr'><strong>μαντείας...</strong></span> <span class='ocrx_word' id='word_1_661' title='bbox 3201 5529 3242 5601; x_wconf 70' lang='grc' dir='ltr'>ιῆ</span> <span class='ocrx_word' id='word_1_662' title='bbox 3266 5530 3565 5601; x_wconf 68' lang='grc' dir='ltr'><strong>ἑπαοιδίας,</strong></span> <span class='ocrx_word' id='word_1_663' title='bbox 3585 5545 3711 5588; x_wconf 69' lang='lat' dir='ltr'><strong>etc.</strong></span> 
     </span>
    </p>
   </div>
   <div class='ocr_carea' id='block_1_110' title="bbox 2152 5589 3717 5666">
    <p class='ocr_par' dir='ltr' id='par_1_110' title="bbox 2152 5589 3717 5666">
     <span class='ocr_line' id='line_1_111' title="bbox 2152 5589 3717 5666; baseline 0.008 -23"><span class='ocrx_word' id='word_1_664' title='bbox 2152 5589 2264 5666; x_wconf 40' lang='grc'><strong>,19)</strong></span> <span class='ocrx_word' id='word_1_665' title='bbox 2303 5590 2370 5645; x_wconf 86' lang='lat' dir='ltr'><strong>N.</strong></span> <span class='ocrx_word' id='word_1_666' title='bbox 2400 5593 2484 5666; x_wconf 66' lang='lat' dir='ltr'><strong>is.</strong></span> <span class='ocrx_word' id='word_1_667' title='bbox 2515 5589 2626 5666; x_wconf 64' lang='grc' dir='ltr'><strong>ιιᾳι</strong></span> <span class='ocrx_word' id='word_1_668' title='bbox 2656 5589 3004 5666; x_wconf 53' lang='grc' dir='ltr'><strong>ρῡξωςςειοη</strong></span> <span class='ocrx_word' id='word_1_669' title='bbox 3035 5589 3208 5666; x_wconf 80' lang='grc' dir='ltr'><strong>ἄλλος.</strong></span> <span class='ocrx_word' id='word_1_670' title='bbox 3230 5589 3304 5656; x_wconf 81' lang='lat' dir='ltr'><strong>&#39;N.</strong></span> <span class='ocrx_word' id='word_1_671' title='bbox 3340 5598 3431 5656; x_wconf 72' lang='lat' dir='ltr'><strong>it:</strong></span> <span class='ocrx_word' id='word_1_672' title='bbox 3458 5589 3571 5656; x_wconf 72' lang='lat' dir='ltr'><strong>xuii</strong></span> <span class='ocrx_word' id='word_1_673' title='bbox 3597 5606 3717 5658; x_wconf 66' lang='grc' dir='ltr'><strong>ας..</strong></span> 
     </span>
    </p>
   </div>
   <div class='ocr_carea' id='block_1_111' title="bbox 2117 5659 3122 5737">
    <p class='ocr_par' dir='ltr' id='par_1_111' title="bbox 2117 5659 3122 5737">
     <span class='ocr_line' id='line_1_112' title="bbox 2117 5659 3122 5737; baseline 0.013 -26"><span class='ocrx_word' id='word_1_674' title='bbox 2117 5659 2208 5724; x_wconf 70' lang='grc' dir='ltr'><strong>τά,</strong></span> <span class='ocrx_word' id='word_1_675' title='bbox 2232 5670 2360 5726; x_wconf 87' lang='lat' dir='ltr'><strong>etc.,</strong></span> <span class='ocrx_word' id='word_1_676' title='bbox 2391 5662 2514 5715; x_wconf 74' lang='grc' dir='ltr'><strong>εἰσι.</strong></span> <span class='ocrx_word' id='word_1_677' title='bbox 2547 5664 2614 5718; x_wconf 87' lang='grc' dir='ltr'><strong>Ν.</strong></span> <span class='ocrx_word' id='word_1_678' title='bbox 2652 5664 2736 5718; x_wconf 80' lang='grc'><strong>15.</strong></span> <span class='ocrx_word' id='word_1_679' title='bbox 2765 5659 3122 5737; x_wconf 29' lang='lat' dir='ltr'><strong>eiiciam-etc.</strong></span> 
     </span>
    </p>
   </div>
  </div>
