3750 6388
121 284 208 340 305
969 285 1057 340 DE
1091 287 1367 344 TiTULlS
1439 291 1882 356 PSALMORUM.
1935 329 1991 342 --
2027 301 2220 360 PSAL.
2261 303 2499 360 XXXIX.
3204 309 3310 365 806

180 408 258 463 15.
294 405 496 461 Θυσίαν
522 406 615 460 καὶ
652 407 958 480 προσερορὰν
984 409 1083 462 οὐκ
1112 409 1411 481 ἠθέλησας·

1685 429 1732 490 Α
1828 423 1916 478 15.
1955 423 2288 480 Sacrilicium
2323 435 2376 480 et
2403 422 2732 480 oblationem
2763 425 2986 487 noluisti
3015 445 3030 481 :

182 501 258 556 16.
295 501 460 571 Σῶμα
481 500 539 552 δὲ
571 503 882 571 κατηρτίσω
911 519 1000 573 μοι
1021 520 1034 534 ·

1828 514 1915 569 16.
1955 515 2162 586 Corpus
2190 526 2366 571 autem
2388 515 2664 586 perfeciin
2695 517 2851 573 mibi.

185 592 735 707 17.ι⁹ολοκαυτώματα
769 595 860 648 καὶ
884 595 1010 667 περὶ
1035 597 1309 672 ἁμαρτίας
1337 601 1435 655 οὐκ
1464 603 1659 675 tam-

1827 606 1917 664 17.
1946 606 2270 663 Holocausta
2292 618 2345 664 et
2373 625 2473 680 pro
2491 621 2716 681 peccato
2745 627 2853 666 non
2895 611 3188 682 postulasti
3221 628 3237 673 ;

129 707 225 753 σας.

185 779 260 834 18.
299 779 429 833 Τότε
458 772 634 842 εἷπον,
674 775 782 829 ἰδοὺ
810 777 949 847 ἥκω.

1824 780 1910 834 18.
1945 779 2096 838 Tunc
2127 783 2260 846 dixi.
2288 799 2413 840 ecce
2441 785 2618 840 venio.

185 875 258 928 19.
283 873 362 925 Ἐν
385 870 632 939 κεφαλίδι
657 869 858 939 βιϐλίου
882 870 1187 943 γέγραπται
1211 875 1337 946 περὶ
1363 876 1516 946 ἐμοῦ,

1828 875 1917 930 19.
1951 874 2004 928 1η
2039 877 2212 945 capite
2244 877 2368 931 libri
2400 879 2660 948 scriptum
2689 878 2857 934 estde
2880 895 2999 945 me,

172 963 259 1018 ο20.
296 961 396 1015 Τοῦ
429 961 652 1032 ποιῆσαι
672 959 734 1012 τὸ
759 958 968 1032 θέλημά
992 979 1108 1030 σου,
1129 966 1158 1018 ό
1183 964 1314 1028 Θεός
1346 983 1469 1037 μου,
1491 965 1653 1035 ἠϐου-

1824 968 1915 1023 20.
1946 967 2016 1024 Ut
2054 969 2287 1025 facerem
2340 973 2673 1027 voluntatem
2721 984 2901 1038 tuam,
2943 972 3088 1030 Deus
3129 989 3303 1042 meus,

128 1057 266 1128 λήθην
298 1054 663 1130 [ὲϐουλήθην],

445 1055 663 1130 Mem],
1753 1061 1923 1127 volui,

181 1150 257 1202 21.
295 1148 398 1201 Καὶ
431 1149 524 1202 τὸν
551 1149 716 1220 νόμον
739 1166 832 1203 σου
868 1152 924 1204 ἐν
960 1150 1108 1221 μέσῳ
1138 1150 1239 1222 τῆς
1261 1151 1465 1216 κοιλίας
1495 1169 1615 1222 μου.

1580 1170 1615 1207 ›.
1823 1151 1910 1206 21.
1945 1150 2006 1206 Ει
2028 1153 2194 1222 legem
2227 1161 2372 1208 tuam
2407 1154 2461 1209 in
2498 1155 2676 1211 medio
2697 1157 2902 1214 ventris
2933 1157 3061 1214 mei.

181 1241 257 1294 22.
293 1240 746 1312 Εὐηγγελισάμην
773 1242 1114 1314 δικαιοσύνην
1154 1243 1212 1297 ἐν
1250 1243 1515 1315 ἐκκλησίᾳ
1560 1261 1656 1315 με·

1826 1243 1917 1300 22.
1945 1245 2274 1302 Annuntiavi
2299 1247 2567 1318 justitiam
2599 1251 2650 1303 in
2673 1250 2902 1307 ecclesia
2930 1267 3126 1323 magna
3153 1270 3169 1307 :

130 1334 240 1406 γάλῃ
255 1351 268 1364 °

181 1428 254 1480 25.
287 1425 512 1497 (α)’ῐδοὺ
547 1427 616 1482 τὰ
645 1426 797 1499 χείλη
834 1445 933 1498 μου
981 1426 1040 1481 οὗ
1078 1427 1152 1500 μὴ
1177 1427 1433 1482 κωλύσωο
1461 1427 1650 1499 Κύριε,

1880 1427 1910 1480 i.
1948 1425 2083 1482 Ecce
2111 1427 2253 1482 labia
2279 1443 2398 1484 mea
2431 1444 2539 1484 non
2575 1429 2872 1499 prohibebo
2909 1447 2926 1486 :
2966 1428 3216 1494 Domine,
3248 1439 3306 1486 tu

129 1521 178 1586 ὠ
205 1519 375 1587 ἔγνως.

1752 1516 1926 1571 scisti.

179 1609 251 1664 24.
281 1612 384 1683 Τὴν
410 1611 764 1685 δικαιοσύνην
793 1628 883 1666 σου
907 1611 1008 1666 οὐκ
1040 1611 1251 1682 ἔκρυψα
1280 1613 1336 1666 ἐν
1365 1614 1428 1682 τῇ
1455 1612 1652 1684 καρδίᾳ

1825 1608 1909 1663 24.
1944 1607 2217 1664 Justitiam
2251 1617 2399 1664 tuam
2424 1625 2536 1664 non
2573 1610 2834 1666 abscondi
2864 1612 2921 1667 in
2951 1613 3113 1668 corde
3147 1627 3306 1669 meo:

133 1720 226 1770 μου.

179 1794 252 1849 25.
285 1798 388 1868 Τὴν
410 1798 674 1870 ἀλήθειάν
700 1815 794 1852 σου
825 1798 920 1853 καὶ
945 1797 1008 1852 τὸ
1037 1796 1300 1867 σωτήριόν
1327 1812 1424 1850 σου
1454 1789 1582 1851 εἶπα
1601 1813 1616 1827 ’

1683 1787 1728 1844 Β
1821 1799 1913 1855 25.
1950 1800 2243 1856 Veritatem
2275 1808 2420 1857 tuam
2455 1810 2508 1857 et
2536 1801 2774 1858 salutare
2805 1811 2956 1858 tuum
2985 1803 3131 1859 dixi:

178 1888 250 1943 26.
279 1893 385 1944 Οὐκ
421 1892 639 1963 ἔκρυψα
663 1892 725 1946 τὸ
750 1891 893 1955 ἔλεός
929 1908 1040 1952 σου,

1726 1901 1730 1908 ’
1819 1887 1909 1942 26.
1940 1887 2056 1943 Νοη
2089 1890 2349 1944 abscondi
2389 1892 2815 1947 misericordiam
2848 1902 2992 1947 tuam
3015 1933 3032 1960 ,

177 1980 248 2034 27.
275 1982 377 2034 Καὶ
408 1983 508 2055 τὴν
543 1981 802 2053 ἀλήθειάν
831 1999 922 2035 σου
955 1981 1058 2035 ὑπὸ
1084 1981 1402 2052 συναγωγῆς
1433 1978 1646 2050 πολλῆς-

1550 1978 1646 2050 ιῆς.
1824 1981 1915 2036 27.
1946 1979 2012 2036 Ει
2035 1982 2313 2038 veritatem
2343 1991 2490 2040 tuam
2526 2000 2557 2040 a
2584 1986 2818 2041 concilio
2841 1987 3031 2041 multo.

127 2157 321 2285 τό(αᾷ
338 2158 883 2286 ἒὸἑξὶδοιὲἰύεῑοὲιέὴν
909 2156 1266 2229 δικαιοσύνην.
1298 2155 1364 2212 γ.
1395 2155 1484 2222 24,
1513 2155 1646 2220 Οὐκ,
1683 2165 1811 2212 etc..
1835 2156 1932 2228 τὴν
1961 2157 2214 2229 ἀληθείαν
2244 2175 2357 2212 σου.
2381 2157 2444 2214 ν.
2471 2158 2562 2226 25,
2591 2157 2700 2233 Τὴν
2729 2159 2984 2232 ἀληθείαν
3014 2177 3128 2226 σου,
3150 2159 3244 2216 καὶ

1203 2373 1575 2446 ΑἸἪᾸΝΑΞΙΙ
1615 2383 2194 2442 lNTEBPRETATlO.

177 2543 247 2598 15.
288 2543 487 2597 Θυσίαν
539 2544 649 2616 γὰρ
694 2545 790 2599 καὶ
842 2546 1152 2627 προσφορὰν
1192 2548 1225 2618 ἢ
1270 2543 1652 2615 ὁλοκαυτώμαο

1832 2543 1914 2598 IS.
1945 2541 2278 2599 Sacriﬁcium
2304 2542 2468 2606 enim,
2493 2550 2547 2595 et
2568 2541 2917 2604 oblationem,
2941 2549 3035 2596 aut
3060 2539 3313 2596 holocau—

126 2651 178 2688 τα
205 2636 270 2704 (1)
294 2639 415 2709 περὶ
447 2637 559 2690 τῶν
590 2637 872 2710 ἁμαρτιῶν
908 2637 1030 2691 οὔτε
1064 2638 1355 2709 ἠθέλησας,
1385 2636 1505 2690 οὔτε
1535 2636 1607 2702 ὲζπ

1757 2644 1840 2690 sta
1874 2651 1972 2704 pro
2001 2635 2235 2705 peccatis
2258 2649 2432 2705 neque
2461 2633 2697 2698 voluisti,
2725 2649 2825 2688 nec
2853 2633 3166 2704 quaesivisti.

124 2741 261 2794 τησας

178 2818 246 2873 16.
294 2820 434 2890 Σὰρξ
479 2819 537 2871 δὲ
581 2817 866 2889 γενόμενος
897 2819 1085 2873 ἑαυτὸν
1133 2819 1275 2891 ὑπὲρ
1325 2819 1480 2890 ἡμῶν
1527 2819 1654 2874 ἔδω-

1827 2817 1914 2872 16.
1949 2816 2090 2874 Caro
2115 2826 2292 2872 autem
2327 2816 2504 2874 factus
2537 2815 2774 2886 seipsum
2805 2830 2906 2886 pro
2944 2814 3102 2870 nobis
3142 2813 3308 2869 dedit.

127 2926 198 2961 κεν
221 2910 304 2964 (2).

179 2928 198 2961 ν
237 2910 267 2964 2
292 2950 304 2964 .

179 2910 428 3056 1”ί,ίΑλλὰ
476 2999 660 3072 ψυχὰς
699 3000 996 3076 ἀνθρώπων
1041 3002 1307 3068 ἐζήτησας
1350 3001 1518 3071 ἁγνάς
1569 3018 1647 3054 σοι

1833 3001 1920 3056 17.
1946 3001 2051 3057 Sed
2083 3001 2296 3057 animas
2318 3001 2598 3057 hominum
2623 3015 2788 3071 puras
2816 2999 2881 3054 ad
2912 3006 2964 3054 te
2983 2998 3237 3056 accedere
3258 3007 3311 3054 et

127 3093 480 3165 προσέρχεσθαι
502 3093 600 3146 καὶ
625 3093 790 3145 αἰνεῖν
819 3109 897 3147 σε.
1079 3130 1085 3138 -

1079 3130 1085 3138 ι
1694 3162 1712 3165 λ
1755 3099 1808 3147 te
1837 3093 2058 3148 laudare
2083 3091 2401 3162 quaesivisti.

179 3162 535 3254 18.Ἐίρηκὼς
565 3181 723 3234 τοῦτο
757 3182 915 3246 αὐτὸς
941 3183 969 3234 ό
1003 3181 1198 3248 λαλῶν,
1241 3183 1494 3256 πάρειμι.

1448 3203 1494 3237 γι.
1679 3162 1721 3221 C
1828 3183 1915 3238 18.
1948 3182 2062 3239 Hoc
2096 3183 2208 3253 ipse
2237 3181 2452 3238 locutus
2479 3181 2684 3247 dicens,
2720 3180 2929 3237 adsum.

176 3272 244 3328 19.
268 3275 319 3327 ’0
349 3275 484 3338 Θεὸς
516 3273 691 3342 Λόγος
717 3273 894 3342 λέγει·
924 3276 1010 3327 Ἐν
1041 3276 1180 3347 ἀρχῇ
1212 3274 1408 3338 παντὸς
1431 3277 1656 3342 εὐαγγε-

1831 3273 1915 3328 19.
1971 3271 2112 3327 Deus
2176 3270 2407 3326 Verbum
2466 3272 2627 3340 dicit,
2693 3272 2746 3326 in
2812 3270 3078 3343 principio
3144 3270 3312 3326 totius

124 3362 207 3418 ὶίου
237 3368 352 3438 περὶ
378 3367 517 3439 ἐμοῦ
547 3367 874 3436 γέγραπται,
901 3369 1026 3439 περὶ
1057 3360 1118 3420 οὗ
1149 3369 1241 3422 καὶ
1272 3370 1300 3422 ὁ
1344 3368 1605 3436 Ἐὐαγγελ

1833 3365 2028 3436 angelii
2051 3363 2118 3418 de
2147 3379 2232 3418 me
2254 3365 2513 3434 scriptum
2538 3375 2640 3430 est,
2669 3365 2734 3418 de
2760 3380 2868 3434 quo
2905 3373 2958 3418 et
2984 3364 3310 3434 evangelista

125 3454 474 3526 στὴςΊωάννης
500 3455 713 3524 ἐλεγενο
733 3456 828 3509 ‘Er
849 3455 1004 3526 ἀρχῇ
1032 3453 1110 3526 ἦν
1133 3459 1165 3510 ό
1185 3459 1394 3526 Λόγος,
1427 3459 1518 3510 καὶ
1540 3474 1604 3527 με

1835 3471 1991 3511 mnes
2022 3456 2156 3510 dixit
2189 3475 2203 3510 :
2235 3453 2302 3509 In
2345 3457 2600 3525 principio
2641 3469 2755 3510 erat
2799 3455 3052 3518 Verbum.
3095 3467 3148 3511 et
3192 3463 3316 3527 post

122 3545 241 3613 ὀλίγα
264 3532 564 3620 ἐπήγαγεν,
590 3548 688 3602 καὶ
716 3551 748 3602 ό
777 3549 967 3618 Λόγος
994 3549 1150 3618 σὰρξ
1172 3548 1426 3620 ἐγένετο.

1752 3558 1928 3612 pauca
1960 3544 2212 3613 subjecit,
2245 3555 2291 3599 et
2332 3543 2549 3600 Verbum
2579 3561 2702 3598 caro
2730 3545 2928 3614 factum
2950 3556 3026 3598 est
3055 3546 3123 3598 ”.

173 3635 243 3689 20.
273 3638 327 3692 '0
358 3639 526 3702 αὐτὸς
557 3638 686 3701 Υἱὸς
713 3640 847 3710 πρὸς
874 3640 964 3693 τὸν
994 3641 1212 3713 Πατέρα
1253 3641 1436 3710 λέγει,
1483 3641 1564 3693 ὅτι
1595 3639 1654 3693 τὸ

1835 3633 1910 3686 ιο.
1947 3633 2061 3704 Ipse
2093 3633 2264 3689 Filius
2295 3634 2361 3688 ad
2389 3634 2600 3690 Patrem
2637 3635 2767 3690 dicit
2794 3652 2808 3689 :
2835 3637 3093 3704 quoniam
3122 3633 3316 3688 volun-

123 3724 291 3798 Θέλημά
316 3746 410 3784 σου
439 3729 742 3802 ἐϐουλήθην
768 3732 1008 3803 ποιῆσαι,
1039 3733 1309 3801 ὑπήκοος
1335 3735 1604 3803 γενόμενι

1835 3740 1916 3780 em
1945 3736 2092 3780 tuam
2135 3725 2276 3780 volui
2312 3725 2523 3790 facere.
2560 3727 2733 3796 factus
2763 3726 3003 3781 obedienc
3043 3725 3316 3798 usquead

122 3818 253 3888 μέχρι
276 3822 558 3890 θανάτου,
587 3822 844 3878 θανάτου
884 3823 952 3878 δὲ
988 3826 1272 3895 σταυροῦ.

1755 3829 2000 3883 mortem,
2040 3826 2255 3870 mortem
2286 3829 2459 3872 autem
2487 3819 2658 3872 crucia
2689 3817 2757 3872 “.

172 3911 246 3968 21.
272 3914 426 3968 Κατὰ
454 3915 532 3987 (5)
578 3916 905 3988 πρόσταγμα
949 3935 1040 3971 σου
1087 3918 1272 3972 ἔτεκον
1305 3918 1397 3972 ἐπὶ
1425 3918 1523 3988 τῆς
1550 3917 1653 3989 γῆς

1832 3907 1914 3962 21.
1941 3904 2100 3962 Juxta
2125 3917 2450 3978 prazceptum
2480 3918 2631 3962 tuum
2661 3907 2842 3979 peperi
2893 3908 2948 3963 in
2995 3916 3137 3963 terra
3166 3909 3313 3964 'cum

126 4001 214 4066 μετ’
225 4002 424 4074 ὀδύνης,
441 4000 510 4076 ἦς
539 4000 685 4074 εἶχον
709 4005 848 4077 ὑπὲρ
873 4006 968 4059 τοῦ
993 4008 1182 4075 γένους
1203 4008 1310 4062 τῶν
1331 4007 1607 4076 ἀνθρώπω

1588 4026 1651 4064 ›ν,
1753 3999 1959 4065 dolore,
1981 4016 2142 4071 quem
2189 4016 2286 4070 pro
2319 4015 2512 4072 genere
2543 4000 2782 4055 humano
2811 4001 3069 4057 sustinui.

173 4092 246 4146 22.
281 4096 376 4150 Διὰ
406 4097 514 4152 τῶν
545 4098 877 4166 ἀποστόλων,
907 4099 1074 4170 λέγει,
1109 4101 1548 4174 εὐηγγελισάμην
1576 4101 1654 4174 τῷ

1823 4083 1912 4138 22.
1946 4083 2046 4139 Per
2073 4085 2349 4155 apostolos
2369 4124 2384 4151 ,
2410 4085 2614 4156 inquit,
2641 4085 2843 4141 mundo
2869 4085 3207 4142 annuntiavi.

121 4184 290 4256 κόσμῳ.

173 4275 247 4334 23.
281 4281 414 4344 Τοὺς
439 4280 770 4344 ἀποστόλους
803 4280 950 4350 λέγει
977 4283 1127 4356 χείλη
1157 4281 1298 4356 [σου]
1323 4285 1449 4348 τοὺς
1483 4284 1654 4356 κηρύ-

1831 4262 1911 4318 25.
1943 4262 2233 4336 Apostolos
2253 4307 2268 4334 ,
2301 4283 2366 4324 ex
2389 4283 2620 4338 persona
2655 4283 2753 4323 sua
2787 4267 3142 4338 praedicantes
3170 4265 3312 4322 labia

121 4365 282 4436 ξαντας
306 4377 367 4428 ἐκ
401 4374 698 4445 προσώπου
724 4375 903 4428 αὐτῶν
934 4378 1030 4446 (4).

574 4376 698 4428 mou
724 4375 903 4428 αὐτῶν
934 4378 1030 4446 (4).
1756 4367 1852 4446 sua
1881 4359 2055 4411 vocat.

171 4461 246 4514 24.
279 4466 410 4530 Τοὺς
446 4469 644 4530 αὐτοὺς
671 4465 746 4538 (5)
778 4467 938 4520 πάλιν
994 4469 1142 4538 λέγει
1173 4470 1400 4542 καρδίαν
1427 4470 1640 4525 ἐαυτοῦ.

1342 4487 1400 4524 ιν
1427 4470 1640 4525 ἑαυτοῦ,
1681 4511 1728 4542 ἢ
1949 4448 2097 4542 ipsos
2122 4464 2433 4542 rursuscor
2463 4464 2621 4503 suum
2651 4458 2823 4506 vocat.

173 4511 246 4514 _-_
288 4511 408 4530 ---ν
447 4511 641 4530 ---ης
672 4511 745 4538 κν,
996 4511 1142 4538 πη-.
1176 4511 1245 4523 η..
1283 4511 1397 4524 ν.-.
1427 4511 1640 4525 ...η-ν-.
1976 4511 1986 4516 -

169 4550 247 4606 25.
281 4555 398 4620 Τοῖς
435 4559 621 4620 αὐτοῖς
653 4557 989 4622 ἀποστόλοις.
1249 4511 1280 4542 Γ
1676 4511 1728 4571 D
1823 4534 1913 4590 25⁸
1951 4535 2086 4605 IPSiS
2121 4540 2398 4607 ³Ρ⁰⁸ί⁰¹ἱδ⁶
3271 4593 3304 4620 Α

168 4641 243 4696 26.
265 4648 372 4701 Οὐκ
406 4648 808 4720 ἐπεστειλάμην
835 4648 906 4720 (6)
929 4651 1242 4719 ἀναγγεῖλαι
1278 4651 1357 4722 τῷ
1397 4651 1510 4722 λαῷ
1537 4669 1649 4722 σου,

1837 4625 1918 4680 26.
1950 4628 2066 4683 Non
2115 4629 2285 4702 refugi
2331 4631 2656 4686 annuntiare
2699 4633 2899 4702 popqu
2941 4642 3066 4698 tuo,
3100 4631 3232 4688 velle
3261 4639 3318 4688 te

115 4730 176 4783 ὅτι
194 4737 527 4810 ἐπιστρέφειν
548 4740 724 4806 θέλεις
746 4741 836 4794 τὸν
858 4743 1194 4813 ἁμαρτωλὸν,
1222 4745 1314 4796 καὶ
1338 4743 1519 4814 ζητεῖν
1561 4765 1594 4798 α

1561 4748 1657 4800 αὑ,
1761 4729 2099 4788 peccatorem
2120 4731 2436 4777 convertere
2461 4735 2514 4778 et
2535 4722 2710 4793 ipsum
2741 4739 3005 4794 quaerere.

116 4835 204 4878 τον.

167 4917 244 4971 27.
278 4924 377 4977 Καὶ
400 4926 499 4997 τὴν
529 4925 711 4979 πίστιν
732 4925 790 4979 δὲ
818 4925 914 4998 τὴν
935 4932 1013 4992 είς
1035 4928 1092 4980 σὲ
1121 4930 1488 5000 ἐφανερωσαν.

1287 4947 1488 5000 ρωσαν.
1831 4929 1921 4985 27.
1955 4926 2019 4984 Et
2045 4927 2203 4982 ﬁdem
2226 4935 2372 4982 tuam
2404 4925 2766 4985 manifestavi.

169 5108 209 5140 "
244 5108 387 5167 Joan.
421 5131 460 5178 ι,
484 5115 535 5179 1,
565 5113 632 5167 14
701 5114 746 5144 ⁶⁰
783 5111 1013 5185 Philipp.
1047 5118 1116 5182 η’,
1147 5117 1201 5172 8.

1027 5329 1331 5392 Addenda
1383 5337 1442 5394 et
1479 5328 1852 5408 corrigenda
1885 5345 1963 5388 ex
1993 5326 2131 5388 cod.
2166 5323 2368 5385 Vatia.

259 5514 708 5592 ξρλοκαύτωμα...
740 5517 845 5570 τῶν
880 5519 1162 5592 ἁμαρτιῶν
1189 5518 1360 5589 ἡμῶν.
1940 5511 2134 5592 ἐὺς-οὖ.
2298 5578 2331 5592 Α
2461 5577 2476 5589 .

259 5587 508 5652 Ἐδωκας.
565 5575 580 5588 ’
919 5575 930 5590 ’
1003 5575 1014 5592 ³
1210 5575 1240 5589 ”
1825 5575 1901 5652 (5)
1942 5584 2078 5644 Τοὺς
2111 5578 2437 5652 ἀποστόλους
2461 5577 2606 5645 λέγει
2635 5575 2817 5652 πέλω,
2845 5583 2950 5652 etc.

175 5645 243 5722 {3)
275 5657 374 5712 Καὶ
403 5645 484 5715 τέί
498 5657 898 5732 προστάγματα
923 5674 1037 5716 σου.
1827 5645 1904 5723 (6)
1929 5652 2263 5720 ’Υπεστάλην
2301 5649 2376 5717 μὴ
2405 5647 2536 5705 ἂν...
2569 5645 2660 5702 καὶ
2688 5646 2788 5718 ζῇν
2811 5647 2998 5702 αὐτόν.
