3750 6372
405 282 512 340 807

1245 281 1302 336 S.
1343 279 1716 336 ATHANASII
1754 279 1903 336 OPP.
1945 277 2127 336 PARS
2164 278 2254 333 111.
2297 309 2363 320 -
2403 276 2821 333 EXEGETICA.

3544 277 3649 334 808

473 397 566 455 28.
601 397 683 452 Tu
714 404 890 452 autem
912 436 926 460 ,
959 397 1215 463 Domine,
1249 412 1316 453 ne
1347 397 1508 469 longe
1538 397 1712 454 facias
1742 398 1970 454 misera-

2151 395 2233 450 28.
2267 395 2338 448 Σὺ
2380 393 2436 448 δὲ
2464 393 2658 465 Κύριε,
2697 393 2772 464 μὴ
2828 391 3108 466 μακρύνῃς
3157 393 3284 457 τοὺς
3332 391 3648 464 οἰκτιρμοὺς

409 485 590 540 tiones
618 494 738 539 tuas
773 501 802 538 a
835 500 960 538 me:

479 575 572 630 29.
604 574 972 630 Misericordia
996 584 1096 630 tua
1123 584 1176 630 et
1196 577 1400 634 veritas
1425 587 1516 634 tua
1547 594 1763 650 semper
1792 595 1983 637 susce-

409 677 607 738 perunt
630 681 716 720 me
749 663 1037 737 [suscipiat
1058 665 1194 738 me].

483 753 568 808 30.
608 751 876 820 Quoniam
907 755 1384 812 circumdederunt
1422 773 1510 814 me
1544 759 1720 827 mala,
1749 774 1982 831 quorum

411 859 520 898 non
545 853 628 900 est
660 861 922 902 numerus
950 864 965 913 ;

481 934 570 988 51.
603 933 1148 1005 Comprehenderunt
1171 953 1258 993 me
1291 937 1777 1009 iniquitatcsmeae,
1800 952 1854 998 et
1875 959 1982 1000 non

417 1026 568 1095 potui
600 1037 658 1082 ut
687 1028 928 1083 viderem
963 1046 979 1084 :

484 1117 573 1171 32.
605 1116 977 1188 Multiplicatae
1015 1127 1143 1175 sunt
1173 1135 1338 1192 super
1371 1121 1596 1192 capillos
1625 1122 1816 1193 capitis
1855 1123 1981 1190 mei,

480 1297 569 1352 33.
602 1294 668 1350 Et
694 1313 788 1353 cor
817 1293 1002 1354 meum
1024 1298 1314 1371 dereliquit
1335 1318 1441 1357 me.

481 1389 574 1444 34.
612 1390 982 1461 Complaceat.
1019 1392 1268 1456 Domine,
1304 1407 1539 1451 uteruas
1562 1413 1688 1470 me:

479 1478 570 1534 55.
611 1480 868 1550 Domine,
905 1485 973 1538 ad
1006 1484 1372 1552 adiuvandum
1402 1501 1489 1541 me
1521 1488 1744 1557 respice.

487 1570 578 1625 56.
619 1573 1034 1630 Confundantur
1058 1585 1111 1630 et
1143 1587 1496 1632 revereantur
1526 1579 1688 1634 simul
1717 1579 1812 1650 qui
1837 1596 1986 1651 qua:-

417 1671 544 1716 runt
567 1663 805 1718 animam
837 1680 1014 1719 meam
1036 1705 1051 1730 ,
1080 1676 1140 1721 ut
1161 1666 1411 1723 auferant
1433 1685 1573 1724 eam.

492 1844 582 1898 37.
619 1845 951 1902 Avertantur
972 1857 1270 1904 retrorsum
1296 1859 1349 1905 et
1373 1861 1741 1919 revereantur,
1769 1852 1859 1923 qui
1889 1869 1984 1908 vo-

418 1935 536 1991 lunt
566 1937 700 1992 mihi
734 1939 895 1993 mala.

486 2026 576 2081 38.
607 2027 803 2082 Ferant
824 2027 1111 2084 confestim
1143 2028 1524 2088 confusionem
1551 2048 1706 2089 suam
1727 2073 1742 2099 ,
1770 2035 1864 2106 qui
1893 2034 1982 2090 di-

418 2129 552 2173 cunt
587 2119 752 2174 mihi:
783 2136 940 2192 euge,
971 2136 1127 2192 euge.

486 2208 575 2264 39.
607 2207 894 2267 Exsultent
943 2223 998 2269 et
1022 2215 1273 2270 laetentur
1311 2231 1476 2287 super
1509 2225 1561 2273 te
1598 2232 1790 2274 omnes
1837 2234 1985 2290 quat-

417 2308 597 2356 rentes
629 2310 701 2367 te,
745 2303 975 2359 Domine
995 2347 1011 2372 ,
1825 2309 1829 2314 “

481 2391 568 2444 40.
606 2391 672 2446 Et
699 2394 881 2450 dicant
905 2411 1142 2468 semper,
1167 2397 1544 2470 magniﬁcetur
1579 2398 1875 2465 Dominus,

483 2587 571 2642 4|.
605 2588 706 2657 Qui
734 2593 963 2664 diligunt
987 2593 1230 2652 salutare
1268 2606 1421 2654 tuum
1447 2598 1627 2672 [tuum
1654 2601 1914 2675 semper].

479 2680 570 2736 42.
609 2682 720 2754 Ego
758 2696 936 2740 autem
965 2687 1251 2744 mendicus
1285 2704 1410 2745 sum
1451 2700 1506 2746 et
1539 2707 1765 2764 pauper,
1802 2691 1985 2749 Domi-

414 2787 520 2827 nus
545 2774 810 2831 sollicitus
836 2777 940 2832 erit
963 2779 1093 2834 mei.

483 2930 704 3000 (α)Ἐπὶ
742 2934 826 2988 σοί
857 2934 1011 2992 deest
1048 2937 1102 2990 in
1136 2937 1260 2993 cod.

2083 505 2177 541 σου
2209 489 2302 540 ἀπ’
2321 487 2456 560 ἐμοῦ
2480 503 2493 518 ο

2151 577 2238 631 29.
2261 577 2332 629 Τὸ
2361 577 2508 640 ἔλεός
2541 594 2633 630 σου
2658 577 2753 631 καὶ
2779 577 2814 648 ἡ
2845 573 3070 644 ἀλήθειά
3098 593 3191 631 σου
3205 573 3501 638 διαπαντὸς
3523 573 3649 628 ἀντ-

2087 667 2340 721 ελὰὄοντό
2371 685 2473 738 μου
2515 667 2858 739 [ἀντελάϐετό
2885 665 3030 740 μουῙ.

2152 758 2240 814 50.
2260 759 2380 811 Ὅτι
2411 759 2692 830 περιέσχον
2721 778 2787 832 με
2809 759 2973 824 κακὰ,
2990 752 3064 815 ὧν
3089 760 3188 814 οὐκ
3213 760 3360 815 ἔστιν
3382 759 3614 833 ἀριθμός
3632 777 3646 794 ο

2153 953 2242 1009 51.
2281 953 2592 1008 Κατέλαὸὀν
2627 971 2694 1024 με
2717 954 2774 1007 αἱ
2799 953 3014 1024 ἀνομίαι
3049 970 3171 1024 μου,
3203 954 3298 1008 καὶ
3327 954 3429 1007 οὐκ
3459 953 3647 1024 ἡδυνη-

2085 1046 2184 1117 θην
2210 1045 2302 1098 τοῦ
2332 1045 2545 1114 βλέπειν
2562 1064 2575 1075 ·

2153 1136 2240 1189 52.
2262 1134 2707 1206 Ἐπληθύνθησαν
2741 1134 2882 1206 ὑπὲρ
2929 1135 3029 1201 τὰς
3069 1137 3260 1208 τρίχας
3281 1137 3382 1199 τῇς
3415 1136 3650 1207 κεφαλῆς

2089 1247 2188 1295 μου
2197 1271 2211 1293 9

2153 1322 2238 1374 55.
2272 1319 2437 1392 Καὶὴ
2468 1321 2661 1392 καρδία
2697 1337 2797 1391 μου
2825 1319 3146 1390 ἐγκατέλιπε
3172 1338 3259 1391 με.

2155 1411 2244 1466 54.
2277 1412 2598 1481 Εὐδόκησον,
2627 1412 2818 1484 Κύριε,
2850 1412 2943 1465 τοῦ
2977 1411 3239 1484 ῥύσασθαί
3271 1429 3370 1484 με·

2153 1503 2241 1557 55.
2275 1502 2468 1573 Κύριε,
2500 1506 2580 1566 εἰς
2601 1503 2663 1556 τὸ
2696 1503 2957 1574 βοηθῆσαί
2990 1521 3078 1573 μοι
3108 1504 3362 1575 πρόσχες.

2155 1595 2244 1649 56.
2275 1593 2814 1665 Καταισχυνθείησαν
2840 1594 3277 1667 [αἰσχυνθείησαν
3300 1595 3320 1668 ]
3342 1598 3438 1650 καὶ
3467 1598 3650 1670 ἐντρα-

2088 1683 2319 1754 πείησαν
2363 1685 2479 1755 ἅμα
2521 1685 2570 1736 οἱ
2612 1683 2901 1754 ζητοῦντες
2949 1686 3046 1756 τὴν
3084 1685 3260 1757 ψυχήν
3289 1704 3416 1757 μου,
3443 1688 3540 1741 τοῦ
3568 1691 3649 1756 ἐξ·

2086 1777 2212 1846 ἆραι
2240 1776 2429 1846 αὑτήν.

2151 1868 2238 1922 57.
2257 1868 2762 1942 Ἀποστραφείησαν
2785 1872 2864 1935 εἰς
2886 1869 2956 1924 τά
2981 1870 3174 1934 ὀπίσω,
3205 1872 3301 1925 καὶ
3331 1889 3649 1946 καταισχυν-

2081 1957 2301 2027 θείησαν
2331 1959 2380 2011 oi
2417 1959 2658 2023 θέλοντές
2685 1978 2775 2030 μοι
2805 1960 2970 2016 κακά.

2148 2049 2238 2104 58.
2272 2049 2708 2121 Κομισάσθωσαν
2738 2053 3075 2125 παραχρῆμα
3106 2051 3370 2125 αἰσχύνην
3395 2053 3649 2118 aestimo!

2079 2141 2329 2212 λέγοντές
2360 2161 2470 2214 μοι’
2504 2141 2667 2210 Εὖγε,
2692 2141 2841 2214 εὖγε.

2154 2232 2242 2288 59.
2261 2234 2734 2303 Ἀγαλλιάσοωσαν
2762 2237 2856 2291 καὶ
2875 2236 3333 2309 εὐφρανθήτωσαν
3354 2235 3452 2289 ἐπὶ
3477 2236 3558 2290 σοὶ
3579 2235 3650 2307 (α)

2084 2327 2282 2392 πάντες
2308 2329 2357 2381 οί
2389 2326 2678 2397 ζητοῦντές
2709 2347 2789 2394 σε,
2823 2330 3018 2402 Κύριε,

2153 2418 2241 2472 40.
2279 2419 2388 2471 Καὶ
2414 2419 2720 2474 εἰπάτωσαν
2743 2420 3051 2487 διαπαντὸς,
3085 2421 3480 2494 μεγαλυνθήτω
3497 2422 3524 2474 ὁ
3542 2417 3650 2472 Κύ-

2090 2526 2226 2581 ριος,

2153 2601 2244 2656 4L
2265 2604 2338 2682 .Oi
2355 2604 2673 2673 ἀγαπῶντες
2691 2603 2752 2659 τὸ
2777 2607 3043 2680 σωτήριόν
3070 2625 3160 2661 σου
3185 2606 3309 2678 [σου
3323 2604 3649 2677 διαπαντός].

2157 2694 2251 2749 42.
2269 2690 2413 2766 Ἐγὼ
2440 2696 2496 2750 δὲ
2526 2697 2737 2769 πτωχός
2781 2700 2896 2770 εἰμι
2940 2697 3032 2754 καὶ
3060 2698 3246 2770 πένης,
3273 2694 3480 2770 Κύριος
3503 2709 3654 2766 φρον-

2089 2803 2194 2839 τιει
2227 2803 2316 2857 με.

1538 3097 1909 3159 ᾹΤΗΑΝΑΞΙΙ
1945 3097 2534 3160 INTERPRETATIO.

482 3254 574 3310 28.
606 3254 810 3312 Deinde
835 3270 932 3326 qui
967 3256 1310 3311 crediderunt
1339 3257 1527 3313 dicunt
1562 3257 1792 3315 Domino
1823 3279 1838 3316 :

482 3449 573 3505 29.
601 3450 772 3534 Filius
795 3459 922 3506 tuus
943 3459 998 3507 et
1020 3460 1246 3508 sanctus
1286 3463 1414 3510 tuus
1458 3454 1698 3526 Spiritus
1728 3474 1980 3530 suscepe-

414 3555 543 3601 runt
579 3562 662 3601 me
692 3561 927 3616 semper.

485 3637 576 3692 30.
609 3634 856 3700 Peccata,
889 3636 1088 3706 inquit.

479 3729 568 3784 51.
611 3728 914 3783 Βοηιὶοαιαξ
939 3741 1063 3783 sunt
1090 3729 1225 3784 mihi
1248 3729 1566 3802 iniquitates
1587 3747 1724 3790 meae
1747 3744 1801 3790 et
1821 3734 1987 3792 hebe-

415 3831 599 3878 tarunt
627 3824 817 3879 oculos
853 3823 1036 3878 cordis
1062 3824 1191 3878 mei.

483 3914 571 3967 32.
606 3912 710 3966 Pro
751 3914 1293 3979 immensurahiliter,
1325 3925 1380 3971 et
1410 3917 1879 3988 investigabiliter.

480 4003 570 4057 Z3.
603 4001 669 4056 Et
694 4003 910 4056 demum
937 4003 1117 4060 factus
1141 4021 1263 4060 sum
1304 4016 1564 4078 tanquam
1597 4008 1882 4080 insipiens.

482 4094 571 4149 34.
604 4093 797 4149 Libera
830 4111 916 4149 me
947 4097 1123 4167 gratia
1153 4107 1269 4165 tua,
1300 4099 1547 4156 Domine.

485 4185 575 4241 35.
609 4185 691 4242 Ad
728 4201 816 4241 me
849 4188 1168 4257 erigendum
1200 4188 1422 4246 festina.

485 4276 578 4332 36.
618 4277 924 4332 Contraria:
951 4286 1270 4347 potestates.

483 4371 576 4426 37.
611 4370 872 4426 Similiter
910 4372 1200 4428 contrariae
1239 4381 1569 4444 potestates,
1614 4385 1664 4432 te
1687 4392 1780 4434 eas
1805 4391 1989 4448 perse-

412 4471 634 4534 quente,
679 4470 1014 4517 avertantur.

483 4553 574 4608 38.
611 4551 677 4606 Et
697 4552 788 4622 qui
820 4553 1010 4606 volunt
1036 4553 1249 4607 ruinam
1277 4568 1477 4622 meam,
1502 4554 1747 4613 videntes
1767 4572 1853 4612 me
1880 4573 1911 4614 a
1937 4568 1989 4615 te

415 4645 682 4714 adjuvari,
711 4645 893 4698 statim
917 4645 1195 4714 accipiant
1225 4645 1634 4702 confusionem.

483 4735 571 4790 39.
604 4734 672 4790 Et
703 4737 876 4791 sancti
902 4739 980 4792 tui
1010 4737 1394 4807 glorificabunt
1438 4747 1491 4794 te
1528 4739 1793 4807 videntes,
1835 4741 1981 4812 quod

413 4829 726 4884 convertisti
751 4843 856 4883 me.

478 4919 568 4974 40.
599 4917 666 4973 Et
691 4918 1062 4974 indesinenter
1087 4921 1408 4975 exaltabunt
1434 4929 1505 4976 te.

482 5009 574 5062 4i.
608 5009 903 5080 Diligentes
930 5025 1149 5066 erucem
1179 5020 1354 5066 tuam.

481 5101 571 5156 42.
604 5101 714 5173 Ego
742 5112 922 5157 autem
947 5101 1190 5170 humilis,
1218 5112 1273 5158 et
1299 5103 1468 5160 miser
1491 5119 1635 5172 sum,
1666 5102 1762 5160 sed
1790 5101 1982 5158 Domi-

414 5207 519 5248 nus
548 5207 729 5248 curam
753 5194 856 5247 mei
891 5203 1059 5263 geret.

2007 3269 2051 3328 c
2157 3261 2248 3318 28.
2283 3262 2482 3316 Λοιπὸν
2511 3261 2560 3314 οἱ
2594 3263 3016 3328 πεπιστευκότες
3035 3261 3250 3333 λέγουσι
3275 3262 3414 3338 πρὸς
3433 3263 3525 3319 τὸν
3545 3261 3656 3320 Κύε

2126 3374 2201 3409 ιον
2235 3357 2332 3410 Hi.

2126 3374 2201 3409 ιον
2257 3357 2280 3408 1
2317 3396 2332 3410 .

2087 3375 2118 3427 ρ
2154 3356 2252 3502 29.(
2365 3447 2483 3510 Υἱός
2515 3463 2630 3509 σου,
2659 3447 2752 3501 καὶ
2781 3446 2843 3501 τδ
2877 3446 3102 3518 Πνεῦμά
3145 3463 3240 3501 σου
3273 3448 3338 3502 τὸ
3366 3448 3518 3518 ἅγιον
3541 3449 3662 3502 ἀντ-

2086 3537 2338 3591 ελάὅοντό
2370 3537 2444 3608 (2)
2478 3553 2580 3608 μου
2621 3538 2870 3592 πάντοτε.

2153 3629 2244 3684 50.
2280 3632 2343 3682 Αἱ
2370 3631 2633 3700 ἁμαρτίαι
2659 3631 2755 3702 (5),
2785 3630 2955 3698 λέγει.

2155 3723 2241 3775 51.
2279 3722 2720 3793 Κατεκυρίευσάν
2753 3741 2819 3793 με
2845 3723 2898 3775 αἱ
2927 3723 3145 3794 ἀνομίαι
3171 3737 3296 3793 μου,
3330 3721 3434 3777 καὶ
3451 3720 3663 3794 ἤμϐλυ-

2085 3828 2181 3865 ναν
2209 3813 2332 3875 τοὺς
2357 3812 2668 3884 ὀφθαλμοὺς
2699 3813 2801 3884 τῆς
2835 3814 3060 3885 καρδίας
3091 3832 3216 3884 μου.

2156 3903 2242 3957 52.
2266 3903 2412 3956 Ἀντὶ
2449 3904 2522 3975 (4)
2560 3904 2655 3957 τοῦ
2675 3921 2689 3935 ·
2719 3906 3059 3977 ἀμετρήτως,
3087 3906 3181 3959 καὶ
3216 3905 3659 3977 ἀνεξιχνιάστως.

2156 3995 2243 4048 55.
2285 3996 2393 4048 Καὶ
2420 3994 2494 4058 ὡς
2527 3995 2687 4060 ἄνους
2715 3996 2983 4067 ἐγενόμην
3007 3995 3211 4052 λοιπόν.

2155 4085 2242 4140 34.
2264 4087 2652 4159 Ἐλευθέρωσόν
2683 4107 2748 4159 με
2776 4090 2864 4143 διὰ
2894 4090 2994 4160 τῆς
3023 4091 3122 4161 σῆς
3148 4091 3395 4162 χάριτος,
3425 4090 3622 4161 Κύριε.

2157 4179 2246 4233 55.
2288 4178 2381 4243 Εἰς
2407 4180 2465 4232 τὸ
2489 4181 2789 4252 ἀναστῆσαί
2821 4181 2896 4252 (5)
2926 4200 2991 4252 με
3013 4181 3268 4237 σπεῦσον.

2158 4271 2248 4326 56.
2290 4273 2357 4323 Αἱ
2391 4273 2630 4326 ἐναντίαι
2667 4273 2940 4344 δυνάμεις.

2157 4364 2248 4420 57.
2274 4364 2503 4435 Ὁμοίως
2541 4367 2595 4418 αἱ
2637 4366 2872 4419 ἐναντίαι
2899 4365 3152 4436 δυνάμεις
3183 4366 3505 4438 διωκόμεναι
3553 4365 3663 4420 ὑπὸ

2091 4456 2184 4511 σοῦ
2214 4459 2385 4511 ἀποστ
2394 4455 2710 4528 ραφείησαν.

2159 4549 2246 4604 58.
2275 4549 2385 4603 Καὶ
2413 4550 2462 4602 οἱ
2491 4549 2732 4614 θέλοντες
2761 4552 2858 4621 τὴν
2905 4551 3110 4605 πτῶσιν
3151 4570 3273 4624 μου,
3320 4552 3546 4625 ὁρῶντές
3596 4569 3664 4624 με

2091 4640 2451 4713 βοηθούμενον
2475 4643 2579 4695 ὑπὸ
2610 4641 2726 4710 σοῦ,
2758 4644 2958 4707 εὐθέως
2991 4644 3226 4698 λάϐωσιν
3253 4645 3526 4715 αἰσχύνην.

2160 4735 2247 4791 59.
2275 4737 2387 4789 Καὶ
2428 4735 2478 4787 οἱ
2523 4734 2666 4804 ἆγιοί
2711 4752 2803 4787 σου
2845 4735 3126 4801 δοξάσουσί
3176 4753 3235 4788 σε
3275 4736 3526 4808 ὁρῶντες,
3577 4736 3664 4788 ὅτι

2090 4824 2431 4896 ὲπέστρεψάς
2473 4842 2560 4895 με.

2159 4918 2248 4974 40.
2285 4920 2392 4972 Καὶ
2425 4917 2780 4981 ἀδιαλείπτως
2810 4916 3090 4982 δοξάσουσε
3112 4935 3192 4973 σε.

2158 5010 2250 5065 41.
2286 5012 2347 5063 Οἱ
2375 5008 2692 5077 ἀγαπῶντες
2720 5010 2812 5062 τὸν
2842 5010 3069 5080 σταυρόν
3100 5026 3215 5064 σου.

2156 5103 2245 5157 42.
2265 5101 2406 5172 Ἐγὼ
2434 5103 2491 5157 δὲ
2520 5101 2771 5166 ταπεινός
2798 5102 2930 5173 εἰμι,
2959 5100 3074 5154 ἀλλ’
3105 5103 3136 5156 ὁ
3170 5101 3369 5174 Κύριος
3400 5097 3670 5173 πρόνοιάν

2091 5212 2192 5267 μου
2218 5198 2468 5250 ποιεῖται.

1355 5350 1661 5414 Addenda
1694 5357 1755 5413 et
1785 5351 2157 5435 corrigenda
2216 5373 2288 5416 ex
2325 5353 2461 5415 cod.
2500 5353 2703 5414 Vatic.

585 5521 928 5665 jgﬁéidﬁtd
954 5611 1055 5665 μου
1089 5596 1394 5663 διαπαντός.

486 5650 879 5728 (δδἋμαρτίας
909 5650 1032 5732 pou.
1231 5650 1273 5651 δέ
1575 5683 1595 5692 ..
1652 5650 1661 5665 ·’
1876 5673 1906 5706 ,ι
2023 5686 2044 5695 η

2163 5525 2234 5600 (4)
2258 5525 2694 5600 :Erzlneg'voriaav
2724 5525 2831 5599 γὰρ
2858 5529 3050 5600 ἀμετρ.

2161 5594 2235 5666 (5‘)
2262 5594 2588 5666 ’.ἀναστῆσαί
2608 5615 2725 5650 μου.
