3750 6378
163 257 256 315 809
1045 267 1141 323 DE
1173 267 1452 327 TlTULlS
1483 269 1939 329 PSALMORUM.
1975 305 2036 316 --
2077 273 2272 330 PSAL.
2319 277 2431 333 XL.
3260 279 3373 335 διο

219 380 290 433 43.
322 382 526 454 Βοηθός
549 405 651 458 μου
683 390 774 443 καί
808 389 1184 462 ὑπεράπιστής
1225 410 1328 463 μου
1358 389 1409 446 εἷ
1437 393 1627 464 σὺι(α),
1673 395 1700 446 ὁ

1888 397 1958 451 l5.
1987 397 2215 467 Adjutor
2253 417 2408 456 meus
2436 411 2490 456 et
2532 410 2804 472 protector
2837 416 2990 457 meus
3021 417 3079 457 es
3111 409 3192 456 tu.
3227 398 3369 454 Deus

165 470 267 535 Θεός
294 473 360 545 (ὁ)
390 493 516 546 μου,
562 481 637 551 μὴ
665 483 936 553 χρονίσῃς.

930 523 936 534 ,
1804 505 1979 554 mens,
2007 506 2072 545 ne
2093 493 2411 549 tardaveris.

243 611 330 675 Εἰς
353 611 416 664 τὸ
445 613 645 681 τέλος,
671 618 913 686 ψαλμὸς
934 617 1013 683 τῷ
1039 619 1233 674 Δαὸἰδ.
1281 621 1455 676 ΨΑΛ.
1488 622 1586 677 Μ’.

1997 625 2067 681 'In
2107 630 2262 698 ﬁnem
2304 633 2538 701 psalmus
2585 632 2771 686 David.
2846 632 3049 687 PSAL.
3079 629 3195 685 XL.

224 720 262 772 1.
297 723 576 795 Μακάριος
601 728 629 780 6
667 727 858 781 συνιὼν
883 730 974 782 ἐπὶ
999 733 1211 802 πτωχὸν
1242 734 1335 786 καὶ
1362 735 1588 806 πένητα’

1884 747 1926 800 ι.
1961 744 2157 801 Beatus
2170 748 2261 817 qui
2281 747 2528 821 intelligit
2544 764 2707 818 super
2721 763 2950 818 egenum
2969 755 3022 800 et
3039 759 3330 816 pauperem
3351 764 3365 800 :

220 814 264 869 2.
280 817 360 867 'Ev
383 817 568 889 ἡμέρᾳ
590 818 810 891 ῥύσεται
839 823 998 876 αὐτὸν
1024 827 1052 878 6
1081 826 1305 898 Κύριος.

1872 839 1925 892 2.
1962 837 2019 892 ln
2054 838 2143 894 die
2171 814 2313 894 mala
2339 814 2590 894 liberabit
2615 814 2738 895 eum
2759 814 3053 893 Dominus.

219 905 260 958 5.
295 905 493 977 Κύριος
524 909 846 978 διαφυλάξαι
876 914 1056 980 αὑτὸν,
1086 918 1180 969 καὶ
1213 917 1375 990 ζήσαι
1401 921 1583 987 αὑτὸν,
1603 925 1696 977 καὶ

1887 931 1924 984 5.
1960 931 2222 987 Dominus
2263 943 2545 988 conservet
2577 947 2700 988 eum
2725 972 2740 996 ,
2786 941 2839 986 et
2879 931 3110 986 viviﬁcet
3137 945 3283 993 eum,
3313 939 3368 982 et

168 997 427 1069 μακαρίσαι
457 999 621 1054 αύτὶν
646 1004 703 1054 ὲν
726 1007 790 1075 τῇ
819 1007 912 1076 γῇ,

1803 1021 2017 1076 beatum
2051 1021 2216 1077 faciat
2247 1039 2368 1078 cum
2396 1024 2448 1077 in
2480 1033 2620 1078 terra
2653 1043 2665 1076 :

215 1088 260 1197 1.
292 1089 395 1197 lia!
419 1091 494 1162 μὴ
517 1093 754 1197 ἰταραδῷ
779 1096 941 1150 αὑτὸν
964 1099 1042 1162 είς
1061 1103 1252 1172 ,χεῖρας
1277 1103 1484 1174 ἐχθρῶν
1505 1107 1692 1160 αὐτοῦ.

1878 1113 1926 1167 4.
1959 1113 2022 1168 Ει
2050 1131 2156 1169 non
2187 1117 2364 1171 tradat
2389 1133 2510 1170 eum
2541 1118 2594 1171 in
2625 1132 2818 1171 manus
2843 1116 3190 1197 inimicorum
3220 1115 3359 1183 ejus.

215 1178 259 1232 5.
295 1180 491 1253 Κύριος
515 1182 778 1255 βοηθῆσαι
798 1185 944 1258 αὑτῷ
964 1189 1055 1242 ἐπὶ
1081 1191 1268 1264 κλίνης
1300 1192 1490 1266 ὀδύνης
1506 1195 1690 1250 αὐτοῦ.

1882 1203 1924 1259 5,
1954 1203 2220 1261 Dominus
2256 1221 2413 1276 opem
2453 1205 2590 1260 ferat
2621 1206 2690 1260 illi
2725 1221 2888 1276 super
2921 1183 3118 1260 lectum
3160 1205 3363 1257 doloris

1801 1310 1919 1350 elllS
1948 1315 1961 1350 ε

214 1350 257 1495 :i.
272 1351 428 1424 Ὅλην
461 1353 560 1425 τὴν
589 1356 776 1429 κοίτην
818 1360 984 1415 αὐτοῦ
1013 1361 1280 1434 ἔστρεψας
1323 1368 1380 1419 ὲν
1413 1369 1478 1439 τῇ
1524 1369 1695 1440 ἀρρω-

234 1459 258 1495 1
279 1444 455 1495 αὑτοῦ.

1882 1313 1919 1350 IS
1948 1315 1961 1350 :

1882 1390 1919 1443 ἲ.
1954 1389 2278 1446 Universum
2306 1401 2534 1447 stratum
2559 1405 2678 1460 ejus
2709 1390 2939 1444 versasti
2965 1389 3018 1443 in
3048 1388 3363 1443 inﬁrmitate

163 1458 258 1513 ett;
279 1458 455 1498 αύτου.
496 1534 504 1535 7
1799 1483 1939 1535 eius.

213 1500 257 1588 7..
294 1537 430 1604 Ἐγὼ
463 1534 617 1593 εἶπαν
645 1540 838 1612 Κύριε,
872 1543 1090 1616 ἐλέησόν
1115 1563 1201 1616 με·

1799 1500 1939 1550 ejus.

1875 1577 1923 1629 7.
1962 1574 2072 1646 Ego
2094 1575 2202 1630 dixi
2237 1593 2250 1630 :
2291 1574 2537 1636 Domine,
2575 1573 2832 1627 miserere
2863 1573 3012 1626 mei:

213 1626 258 1734 Ξ.
279 1626 460 1734 laturi:
488 1630 588 1734 rip:
617 1631 794 1734 ψυχήν
822 1651 944 1704 μου,
971 1637 1054 1690 ὅτι
1077 1638 1322 1710 ἦμαρτόν
1355 1654 1457 1695 σοι.

1871 1666 1925 1722 8.
1964 1663 2106 1721 Sana
2128 1667 2369 1720 animam
2402 1680 2600 1728 meam,
2633 1665 2758 1734 quia
2795 1665 3007 1733 peccavi
3043 1662 3157 1715 tibi.

213 1718 256 1772 9.
277 1721 332 1772 Οί
352 1721 538 1792 ἐχθροί
566 1740 666 1792 μου
687 1719 838 1777 εἷπον
867 1728 1012 1781 κακά
1057 1745 1166 1798 μοι’

1720 1762 1762 1815 Β
1865 1755 1917 1810 9.
1961 1755 2169 1810 Inimici
2198 1756 2302 1808 mei
2337 1754 2592 1808 dixerunt
2625 1754 2764 1806 mala
2791 1752 2973 1806 mihi:

214 1808 286 1865 10.
322 1810 465 1864 Πότε
511 1813 884 1880 ἀποθανεῖται,
945 1819 1040 1872 καὶ
1090 1819 1368 1876 ἀπολεῖται
1419 1823 1480 1876 τὸ
1518 1824 1690 1897 ὄνομα

1867 1845 1952 1898 10.
1988 1845 2218 1912 Quando
2243 1845 2531 1908 morietur,
2556 1853 2606 1898 et
2636 1843 2832 1914 peribit
2865 1857 3062 1896 nomen
3101 1840 3261 1911 ejus?

160 1899 292 1955 αὐτοῦ
313 1919 327 1968 ;

216 1994 285 2047 Η.
312 1997 416 2050 Καὶ
449 1998 830 2071 εἰσεπορεύετο
856 2002 947 2056 τοῦ
979 2003 1125 2068 ἰδεῖν,
1155 2007 1331 2078 μάτην
1356 2008 1531 2062 ἐλάλει
1556 2010 1626 2081 (ε)
1656 2013 1688 2082 ἡ

1883 2005 1957 2059 Η.
1987 2004 2051 2058 Ει
2089 2002 2490 2075 ingrediebatur
2519 2012 2580 2057 ut
2607 2003 2815 2057 videret
2833 2041 2848 2065 ,
2877 2016 3013 2054 vana
3040 1999 3364 2069 loquebatur

160 2086 318 2156 καρδία
340 2089 530 2154 αὑτοῦ,

1798 2117 1893 2154 cor
1921 2099 2038 2168 ejus
2058 2137 2074 2162 ,

213 2178 286 2232 12.
323 2180 639 2252 Συνήγαγεν
669 2185 896 2256 ἀνομίαν
916 2187 1096 2260 ἐαυτῷ
1116 2210 1130 2221 ι

1869 2187 1954 2243 12.
1990 2188 2354 2260 Congregavit
2385 2187 2722 2256 iniquitatem
2754 2186 2857 2240 sibi
2888 2226 2901 2238 .

211 2270 286 2324 15.
327 2273 706 2346 Ἐξεπορεύετο
730 2277 852 2342 ἔξω,
881 2281 973 2333 καὶ
1005 2280 1180 2334 ἐλάλει
1204 2283 1294 2336 ἐπὶ
1321 2284 1380 2336 τὸ
1409 2285 1555 2338 αὐτό.

1874 2283 1956 2335 15.
1989 2280 2375 2352 Egrediebatur
2399 2278 2566 2341 foras,
2591 2288 2645 2332 et
2673 2277 2998 2346 loquebatur
3018 2275 3070 2328 in
3100 2273 3355 2343 idipsum.

215 2365 280 2430 (al
313 2363 383 2420 Εἷ
410 2369 494 2422 σύ
522 2368 678 2424 deest
705 2371 757 2426 in
785 2375 903 2428 cod.

214 2434 274 2506 (ὁ)
293 2435 572 2512 ᾳγημ,
601 2441 735 2504 Θεός
767 2461 888 2512 μου,
917 2455 1022 2501 etc.

208 2511 269 2574 (ς)
293 2507 350 2560 V.
378 2508 466 2574 12,
509 2509 575 2562 Ἦ
606 2507 817 2582 καρδία,
845 2524 971 2580 etc.,
999 2518 1058 2570 τὸ
1104 2518 1300 2588 ἑαυτῷ,
1329 2518 1392 2574 ν.
1425 2519 1509 2585 15,
1551 2520 1670 2573 Ἐπ’).

999 2518 1058 2570 τὸ
1104 2518 1300 2588 ἑαυτῷ,
1329 2518 1392 2574 ν.
1425 2519 1509 2585 15,
1551 2520 1670 2573 Ἐπ’).
1708 2520 1858 2585 αὑτό,
1891 2527 2017 2583 etc.,
2050 2515 2302 2588 οἱέχθροί
2338 2531 2458 2586 μου.

1237 2631 1610 2688 ATHANASII
1649 2628 2241 2688 INTERPRETATIO.

208 2736 282 2789 L5.
320 2739 581 2811 Πολεμείς
609 2745 722 2806 τοῖς
745 2745 1036 2817 πολεμοῦσί
1078 2767 1167 2820 με,
1215 2749 1310 2804 καὶ
1351 2750 1572 2814 σκέπεις
1618 2750 1689 2820 (1)

1880 2751 1954 2805 ιδ.
1992 2751 2282 2818 lmpugnas
2333 2746 2711 2815 impugnantes
2759 2759 2868 2808 me,
2915 2754 2970 2799 et
3014 2744 3254 2814 protegis
3292 2744 3361 2798 ab

152 2822 240 2879 ἀπὸ
279 2827 377 2880 τῶν
414 2830 809 2902 ἀντικειμένων
847 2853 955 2905 μοι,
983 2839 1011 2890 6
1041 2837 1172 2901 Θεός
1210 2838 1286 2909 (2)
1324 2856 1448 2910 μου,
1483 2840 1562 2911 μὴ
1599 2841 1633 2892 ἐι

1877 2840 2213 2896 versantibus
2231 2837 2362 2892 mihi
2389 2836 2564 2892 :Deus
2591 2852 2764 2900 meus,
2797 2851 2866 2891 ne
2885 2836 3230 2906 derelinquas
3254 2852 3358 2889 mc.

155 2929 234 2985 σῇς
262 2935 341 2988 με.

216 3012 269 3064 Ἡ
295 3031 628 3087 προκειμενη
663 3018 937 3091 ἐπιγραφὴ
968 3021 1210 3092 περιέχει
1241 3021 1316 3092 (5)
1341 3038 1354 3051 ·
1383 3023 1484 3088 Εἰς
1527 3021 1596 3074 τὸ
1627 3020 1822 3082 τέλος.
1854 3014 2095 3084 ψωμύς
2123 3013 2204 3079 τῷ
2255 3013 2446 3068 Ααδίδο
2479 3012 2647 3066 Τοῧτο
2675 3009 2767 3066 οὖν
2805 3012 2974 3082 λέγει.
2997 3014 3078 3066 ὅτι
3108 3013 3236 3084 περὶ
3266 3013 3362 3082 τῆς

152 3099 412 3174 μελλούσης
439 3108 697 3176 κρίσεως,
729 3108 821 3162 δια)¹
843 3102 917 3164 ὧν
947 3111 1128 3182 μέλλει
1157 3114 1382 3184 πάσχειν
1411 3115 1497 3167 ἐπ’
1522 3113 1762 3184 ἐσχάτων
1779 3114 1854 3184 (4)
1872 3113 1977 3166 τῶν
2003 3109 2226 3182 ἡμερῶν
2251 3111 2279 3161 6
2315 3107 2620 3178 Ἀγαπητδς
2645 3106 2737 3160 τοῦ
2769 3108 3003 3179 Πατρὸς,
3032 3107 3305 3161 τουτέστιν
3333 3109 3363 3160 6

150 3190 338 3262 Κύριος.
369 3196 542 3250 Τοῦτο
575 3197 684 3269 γὰρ
710 3199 1068 3270 ἑρμηνεύεται
1095 3204 1278 3266 Δαὸὶδ,
1313 3200 1492 3270 οὗτος
1529 3204 1852 3274 ἀγαπητός.

202 3281 400 3340 Titulus
443 3287 768 3356 praepositus
810 3291 1095 3346 continet:
1131 3291 1197 3345 In
1241 3294 1395 3362 ﬁnem
1439 3294 1674 3362 psalmus
1717 3293 1908 3347 David.
1977 3292 2090 3350 Hoc
2142 3292 2304 3364 igitur
2349 3293 2638 3364 signiﬁcat,
2685 3294 2830 3364 quod
2883 3293 3123 3364 psalmus
3182 3293 3362 3350 dictus

147 3389 213 3432 est
240 3364 513 3437 de'fut'uro
545 3383 778 3452 judicio,
811 3395 865 3440 et
908 3387 977 3443 de
1019 3388 1087 3443 iis
1135 3403 1257 3458 quae
1301 3404 1566 3458 passurus
1598 3399 1682 3444 est
1716 3390 1924 3444 ultimis
1970 3390 2165 3444 diebus
2197 3388 2440 3445 Dilectus
2466 3388 2662 3451 Patris,
2701 3389 2804 3442 hoc
2835 3399 2922 3443 est
2956 3386 3251 3452 Dominus;
3287 3385 3361 3440 ita

144 3473 264 3527 enim
289 3476 677 3546 interpretatur
700 3475 889 3541 David,
920 3478 1003 3531 hic
1025 3479 1272 3532 dilectus.

201 3570 244 3623 1.
295 3572 584 3641 Μακάριοι
637 3575 691 3626 oi
726 3571 1068 3642 ἐλεήμονες,
1108 3573 1197 3626 ὅτι
1241 3575 1408 3628 αὐτοὶ
1441 3573 1682 3640 ἐλεηθή-

1875 3575 1918 3628 l.
1953 3573 2108 3628 Beati
2157 3574 2519 3628 misericordes
2543 3612 2557 3636 ,
2605 3573 2853 3643 quoniam
2910 3573 3011 3642 ipsi
3059 3571 3356 3626 misericor-

144 3675 343 3718 acrtat.
1787 3665 1933 3718 diam
1961 3674 2337 3734 consequentur
2357 3665 2425 3718 σί.

197 3751 244 3805 2.
298 3754 384 3806 Ἐν
432 3756 500 3825 τῇ
545 3753 730 3825 ἡμέρᾳ
781 3753 880 3825 τῆς
931 3754 1195 3826 κρίσεως,
1242 3755 1409 3824 λέγει,
1467 3754 1678 3825 ῥύσεται

1870 3757 1910 3811 ἰ.
1940 3755 1996 3809 In
2021 3757 2109 3811 die
2129 3755 2341 3826 judicii,
2377 3755 2578 3825 inquit,
2603 3754 2857 3810 liberabit
2884 3769 3009 3810 eum
3039 3754 3310 3809 Dominus
3339 3776 3351 3808 ;

145 3842 276 3895 αὐτὸν
303 3844 328 3895 6
355 3843 581 3914 Κύριος.
601 3842 1056 3912 Κατακαυχᾶται
1085 3844 1191 3916 γὰρ
1215 3845 1387 3910 ἕλεος
1411 3846 1626 3912 κρίσεω

1872 3849 2062 3902 πὶαιιιν
2114 3847 2261 3904 enim
2335 3849 2701 3903 misericordia
2772 3848 3022 3903 adversus
3069 3847 3353 3918 judicium,

144 3933 303 3999 καθὼς
334 3936 409 4006 (5)
437 3936 775 4007 γέγραπται.

1787 3941 2245 4008 quemadmodum
2270 3939 2533 4008 scriptum
2557 3947 2642 3994 est
2669 3940 2734 3994 θ’.

193 4025 238 4079 5.
269 4027 352 4081 Ἐν
383 4026 462 4097 τῷ
495 4026 742 4096 μέλλοντι
785 4025 938 4081 αἰῶνι
975 4027 1275 4099 ῥυσάμενος
1301 4027 1463 4081 αὑτὸν
1493 4029 1558 4080 ἐκ
1585 4028 1674 4098 τῆς

1877 4030 1912 4083 5.
1947 4029 2005 4084 In
2033 4030 2218 4086 futuro
2239 4030 2440 4085 saeculo
2466 4029 2707 4085 liberans
2734 4045 2862 4085 eum
2897 4029 2967 4083 ab
2998 4037 3204 4084 aeterno
3228 4043 3358 4098 sup-

139 4113 327 4168 αἰωνίου
355 4116 653 4178 κολάσεως.

488 4133 653 4178 σεως.
1786 4121 1969 4190 plicio.

177 4207 386 4269 4,5.Ka1
402 4209 488 4278 μὴ
509 4206 753 4277 παραδῷ
767 4207 1078 4271 αὐτὸνταῖς
1093 4209 1386 4281 ἁμαρτίαις
1403 4208 1566 4262 αὑτοῦ
1587 4207 1658 4278 (6)

1558 4207 1682 4278 ἱ(6).
1857 4213 1923 4279 4,
1961 4214 2012 4268 5.
2044 4213 2116 4267 Et
2149 4230 2251 4268 non
2285 4213 2464 4268 tradat
2498 4229 2613 4268 eum
2641 4214 2876 4283 peccatis
2905 4213 3039 4268 suis.

189 4299 235 4353 6.
267 4302 454 4363 Πάσας
479 4301 580 4364 τὰς
609 4299 885 4370 ἁμαρτίας
910 4299 1073 4353 αὑτοῦ
1098 4300 1425 4373 ἀπέρριψας.

1396 4318 1425 4362 ῖο
1859 4305 1912 4358 6.
1951 4303 2147 4359 Omnia
2183 4313 2404 4374 peccata
2431 4304 2550 4373 ejus
2584 4303 2877 4372 projecisti.

188 4391 237 4455 7,
265 4391 317 4447 8.
344 4393 531 4447 Ταῦτα
556 4391 638 4462 τῷ
659 4379 844 4464 Κυρίῳ
870 4391 1014 4460 λέγει
1039 4394 1066 4445 ὁ
1092 4391 1448 4462 ἡμαρτηκὼς.

1412 4409 1448 4454 ῖο
1859 4395 1926 4458 7,
1963 4395 2015 4449 8.
2053 4395 2178 4450 Haec
2201 4394 2432 4448 Domino
2457 4393 2588 4449 dicit
2620 4401 2893 4462 peccator.

186 4484 232 4538 9.
265 4485 397 4540 Εἶτα
431 4487 755 4558 μετέρχεται
777 4487 854 4548 είς
874 4485 1000 4548 τοὺς
1039 4483 1345 4546 Ἰουδαίους.
1570 4491 1574 4497 “

1570 4491 1574 4497 “
1856 4487 1906 4539 9.
1943 4485 2144 4540 Deinde
2173 4483 2465 4554 pertransit
2491 4485 2556 4538 ad
2591 4483 2828 4537 Judaaos.

185 4574 263 4629 10.
298 4576 482 4630 Ταῦτα
515 4575 702 4644 ἔλεγον
725 4575 805 4638 εἰς
834 4575 1056 4638 ἑαυτοὺς
1085 4575 1134 4626 οί
1176 4572 1416 4625 Ἰουδαῖοι
1443 4569 1519 4640 (7)
1550 4589 1666 4642 συμ-

1869 4578 1944 4632 I0.
1981 4576 2105 4633 Haec
2133 4577 2385 4631 dicebant
2407 4576 2552 4631 intra
2577 4591 2635 4630 se
2660 4576 2763 4644 ipsi
2791 4573 2963 4630 Judaei
2987 4573 3350 4630 deliberantes

131 4664 481 4740 εονλευὸμενοι
509 4669 717 4722 ἀνελεῖν
737 4667 916 4722 αὐτόν.

778 4667 916 4722 ὕτὸν.
1786 4682 1909 4723 eum
1940 4668 2259 4723 interﬁcere.

187 4759 264 4814 ll.
301 4763 435 4834 Περὶ
485 4761 582 4816 τοῦ
629 4761 796 4814 Ἰούδα
849 4760 1016 4829 λέγει,
1044 4761 1125 4813 ὅτι
1157 4756 1342 4820 δολίως
1402 4755 1578 4811 ἐλάλει
1607 4757 1668 4828 τᾷ

1869 4759 1944 4818 li.
1977 4759 2053 4814 De
2103 4758 2240 4815 Juda
2293 4757 2554 4829 loquitur,
2605 4759 2752 4829 quod
2795 4758 2982 4815 dolose
3030 4757 3350 4828 loquebatur

129 4847 316 4921 Κυρίῳ.

1785 4851 2014 4907 Domino
2041 4871 2053 4907 :

182 4935 263 4990 12.
293 4941 598 5012 Προσέθετο
619 4939 950 5012 παραδοῦναι
976 4939 1065 4994 τὸν
1087 4939 1294 5011 Κύριον

1711 4944 1756 4999 D
1856 4945 1942 4999 12.
1976 4944 2171 4999 Secum
2201 4944 2388 5000 statuit
2410 4945 2624 5000 tradere
2660 4943 2971 4999 Dominum.

182 5028 264 5084 l3.
312 5033 570 5098 Ἐξελθὼν
602 5035 712 5104 γὰρ
752 5032 1054 5086 συνετίθετο
1079 5035 1191 5096 τοῖς
1231 5031 1530 5098 Ἰουδαίοις,
1562 5029 1663 5094 πῶς

1869 5036 1943 5090 15.
1982 5035 2279 5106 Egrediens
2319 5038 2462 5091 enim
2508 5037 2760 5092 convenit
2796 5051 2919 5092 cum
2949 5031 3182 5097 ludatis,
3213 5046 3350 5100 quo-

124 5116 264 5174 ειὺτὺν
291 5125 516 5197 παραδῷ
539 5125 739 5188 αὐτοῖς.

1785 5127 1948 5182 modo
1982 5143 2105 5181 eum
2134 5127 2270 5198 ipsis
2297 5127 2551 5182 traderet.

179 5231 220 5262 “
256 5233 442 5293 Matth.
470 5256 525 5308 γ,
552 5239 608 5305 6,
637 5238 686 5294 7.
749 5239 794 5271 ⁶¹
818 5236 934 5296 Jac.
967 5252 1028 5306 ιι,
1055 5237 1142 5292 l5.

1054 5347 1362 5411 Addenda
1391 5355 1453 5410 et
1484 5343 1856 5426 corrigenda
1887 5363 1967 5408 ex
1996 5346 2137 5410 cod.
2173 5349 2378 5413 Vatic.

177 5440 251 5512 (1)
290 5448 414 5514 Mor,
441 5453 536 5505 καὶ
570 5451 793 5514 σκέπεις
829 5467 918 5521 με.
1845 5446 1921 5587 (5;
1960 5449 2137 5503 Καθά.
3089 5519 3114 5529 _

179 5515 254 5587 (ἕ)
293 5519 361 5574 Ν.
397 5522 561 5582 44,1)
593 5521 747 5584 Θεὸς,
779 5533 888 5574 etc.
1844 5521 1900 5586 (6
1958 5519 2026 5572 Ν.
2062 5519 2114 5578 5.
2135 5521 2220 5574 Ἐν
2250 5525 2314 5587 τῇ
2347 5521 2594 5587 ἀσθενείᾳ
2623 5521 2716 5583 tia;
2744 5519 2923 5587 'Luxﬁ;
2952 5519 3114 5573 αὐτου

201 5515 484 5593 ἕλξῖηάιι,
503 5524 561 5593 Ὀ
593 5521 747 5584 Θεὸς,
779 5515 888 5593 etc.
2062 5519 2114 5593 5.
2135 5521 2220 5574 Ἐν
2250 5525 2314 5593 τῇ
2347 5521 2594 5591 ἀσθενείᾳ
2623 5521 2716 5583 tia;
2744 5519 2923 5590 ’ὶκυχῆς
2952 5519 3140 5573 αὑτοῦ.

194 5583 248 5662 ξ)
272 5587 339 5662 Ἠ
367 5592 450 5644 διὰ
479 5592 578 5662 τῆς
613 5583 978 5662 κινναϐάρεως
1003 5606 1126 5660 περ.
1623 5601 1630 5606 “
1950 5590 2128 5643 Aurel.

177 5657 251 5726 (4)
277 5657 555 5733 Ἐσχάτου.

342 5752 616 5813 Parnm.
683 5750 803 5811 Gn.
859 5749 1122 5810 XXV”.
3032 5744 3105 5801 26
