3750 6378
429 264 531 324 815
1283 268 1340 322 S.
1381 267 1760 323 ATHANASII
1800 268 1953 326 OPP.
1993 269 2177 328 PARS
2211 272 2299 328 111.
2337 304 2407 315 -—-
2439 273 2857 332 EXEGETICA.
3567 279 3667 334 816

491 383 579 440 15.
612 383 679 441 Et
705 385 1038 442 Hermoniim
1076 401 1107 440 a
1138 397 1324 443 monte
1348 390 1585 446 modico.

2161 396 2247 450 15.
2283 397 2393 451 Kal.
2435 398 2770 470 Ἕρμωνιεὶμ
2798 395 2909 452 ἀπὸ
2939 396 3098 469 ὄρους
3131 392 3350 472 μικροῦ.

491 501 576 557 16.
608 501 852 575 Abyssus
882 504 1136 575 abyssum
1170 504 1388 559 invocat
1421 505 1476 559 in
1507 508 1640 562 voce
1682 515 1985 564 cataracta-

2156 509 2242 563 16.
2277 511 2545 575 Ἀὁυσσος
2571 513 2805 566 ἄϐυσσον
2836 511 3178 565 ἐπικαλεῖται
3215 513 3297 578 εἰς
3324 514 3510 587 φωνὴν
3560 516 3662 571 τῶν

422 607 538 647 rum
563 605 780 647 tuarum
813 613 825 648 ζ

2153 604 2448 674 ιταρακτῶν
2477 621 2591 657 σου·

487 705 574 758 17.
604 703 798 759 Omnia
830 705 1043 762 excelsa
1084 713 1175 761 tua
1199 746 1215 771 ,
1265 715 1320 762 et
1360 706 1558 764 ﬂuctus
1587 710 1666 764 tui
1702 726 1868 782 super
1898 727 1986 768 me

2159 722 2244 777 17.
2279 723 2486 786 Πάντες
2514 724 2564 776 οἱ
2599 725 2966 797 μετεωρισμοί
2995 743 3086 779 σου
3109 727 3204 779 καὶ
3223 724 3292 779 τὰ
3323 723 3546 796 κύματᾶ
3572 741 3659 780 σου

418 795 772 850 transierunt.

2153 816 2172 865 τ’
2199 814 2298 885 ἐμὲ
2317 814 2551 884 διῆλθον.

485 908 674 964 18.1η
731 910 819 966 die
875 910 1155 966 mandabit
1222 905 1486 970 Dominus
1552 915 1984 972 misericordiam

2159 927 2242 981 18.
2291 927 2530 999 Ἡμέρας
2557 929 2844 982 ἐντελεῖται
2876 929 3078 1002 Κύριος
3109 929 3169 983 τὸ
3193 928 3341 993 ἔλεος
3360 928 3551 994 αὑτοῦ,

415 1015 567 1054 suam
589 1041 605 1064 ,

483 1106 571 1160 19.
605 1105 671 1162 Et
701 1118 858 1164 nocte
885 1067 1156 1166 canticum
1183 1111 1302 1182 ejus
1329 1114 1471 1184 apud
1497 1131 1606 1170 me.

2157 1079 2242 1136 19.
2274 1082 2383 1134 Καὶ
2416 1083 2608 1146 νυκτὸς
2635 1082 2746 1154 ᾠδὴ
2772 1083 2920 1153 αὐτῷ
2947 1084 3073 1155 παρ’
3096 1082 3240 1153 ἐμοῑ.

478 1221 570 1274 20.
602 1220 792 1276 Oratio
824 1221 936 1277 Deo
959 1225 1081 1278 vita
1115 1239 1272 1279 meae.

2157 1195 2244 1250 20.
2276 1196 2555 1268 Προσευχὴ
2577 1197 2655 1267 τῷ
2673 1196 2792 1266 Θεῷ
2817 1196 2914 1266 τῆς
2941 1193 3086 1266 ζωῆς
3114 1212 3238 1266 μου.

2152 1311 2240 1366 21.
2286 1311 2427 1383 Ἐρῶ
2456 1310 2534 1382 τῷ
2561 1310 2700 1382 Θεῷο
2729 1310 3102 1382 ’Δντιλήπτωρ
3129 1327 3229 1381 μου
3265 1302 3333 1362 εἷ·
3362 1307 3454 1362 διὰ
3475 1307 3529 1362 τί
3561 1327 3656 1380 μου

2086 1403 2348 1457 ἐπελάθου
2370 1421 2384 1469 ;

2155 1521 2246 1577 22.
2290 1520 2365 1590 (a)
2426 1519 2534 1576 Kal.
2566 1521 2654 1573 ῐνα
2701 1517 2755 1572 τί
2800 1518 3211 1591 σκυθρωπάζων
3267 1517 3574 1589 πορεύομαι
3602 1519 3655 1574 ἐν

2084 1612 2161 1682 τῷ
2181 1611 2449 1665 ἐκθλίϐειν
2479 1611 2570 1664 τὸν
2597 1609 2827 1682 ἐχθρόν;

474 1334 566 1392 2|.
598 1335 785 1390 Dicam
813 1335 958 1391 Deo:
994 1335 1290 1408 Susceptor
1318 1353 1472 1394 meus
1507 1353 1602 1404 es,
1642 1354 1810 1410 quare
1844 1339 1988 1395 obli-

409 1434 496 1480 tus
524 1442 585 1481 es
612 1425 764 1480 mei?

473 1537 563 1592 22.
599 1537 663 1590 Et
685 1517 856 1608 quare
886 1539 1246 1596 contristatus
1279 1539 1476 1596 incedo
1513 1541 1642 1596 dum
1670 1541 1863 1614 afﬂigit
1896 1559 1985 1598 me

407 1630 665 1686 inimicus
686 1631 709 1684 ?

475 1743 567 1798 23.
605 1745 743 1798 Dum
784 1743 1205 1815 confringuntur
1246 1759 1373 1802 ossa
1416 1761 1570 1810 mea,
1604 1747 1979 1818 exprobrave-

2153 1727 2243 1781 25.
2293 1728 2381 1780 Ἔν
2412 1726 2490 1797 τῷ
2521 1724 2892 1779 καταθλᾶσθαι
2951 1723 3021 1776 τὰ
3051 1723 3184 1775 ὀστᾶ
3230 1739 3354 1793 μου,
3392 1720 3654 1786 ὠνείδιζόν

407 1844 534 1891 runt
563 1835 697 1890 mihi
726 1835 935 1891 inimici
963 1837 1092 1893 mei.

2183 1820 2232 1872 οἱ
2261 1819 2442 1890 ἐχθροί
2467 1836 2591 1889 μου.

472 1949 563 2004 21.
595 1949 732 2004 Dum
759 1950 950 2005 dicunt
982 1949 1084 2020 ipsi
1125 1951 1257 2006 mihi
1293 1967 1388 2022 per
1413 1952 1658 2023 singulos
1685 1952 1840 2010 dies:
1873 1953 1974 2010 Ubi

2153 1934 2240 1988 24.
2271 1935 2360 1987 Ἑν
2386 1934 2463 2004 τῷ
2484 1934 2661 2002 λέγειν
2689 1931 2881 1996 αὐτούς
2904 1949 2996 2003 μοι
3027 1931 3148 1985 καθ’
3165 1930 3406 2002 ἑκάστην
3429 1930 3646 2002 ἡμέραν·

403 2050 488 2095 est
510 2039 655 2096 Deus
684 2041 855 2096 tuus?

2153 2027 2190 2080 ιῦ
2213 2028 2358 2080 ἐστιν
2384 2029 2412 2080 ὁ
2440 2029 2571 2092 Θεός
2606 2044 2730 2092 σου;
3479 2066 3485 2070 -

472 2153 562 2209 25.
589 2152 769 2220 Quare
811 2155 987 2210 tristis
1030 2169 1112 2219 es,
1154 2155 1337 2210 anima
1365 2158 1524 2212 mea?
1562 2168 1616 2212 et
1637 2173 1809 2228 quare
1840 2174 1975 2215 con-

2153 2141 2237 2197 25.
2273 2143 2392 2196 Ἵνα
2436 2143 2488 2196 τί
2512 2142 2810 2214 περίλυπος
2831 2139 2901 2208 εἴ,
2935 2143 2970 2214 ἡ
2999 2140 3144 2213 ψυχή
3175 2157 3316 2212 μους
3367 2139 3468 2194 καὶ
3495 2139 3576 2192 ἵνα
3599 2137 3646 2189 τί

403 2247 590 2302 turbas
624 2247 752 2301 me?

2153 2235 2472 2306 νταρασσεις
2511 2254 2576 2306 με
2598 2254 2613 2302 ;

465 2357 560 2414 26.
597 2359 766 2431 Spera
798 2361 852 2414 iu
889 2359 1019 2426 Deo,
1049 2362 1309 2430 quoniam
1339 2363 1637 2420 conﬁtebor
1665 2363 1741 2418 illi
1773 2383 1787 2418 :

2153 2346 2234 2401 26.
2270 2349 2527 2403 Ἔλπισον
2573 2351 2664 2404 ἐπὶ
2714 2349 2806 2403 τὸν
2855 2348 3009 2413 Θεὸν,
3057 2348 3139 2402 an
3189 2347 3642 2420 ἐξομολογήσομαι

2074 2456 2224 2494 αυτω
2244 2457 2259 2471 ⁸

468 2535 559 2589 27.
594 2534 845 2591 Salutare
875 2535 1060 2592 vultus
1083 2535 1189 2590 mei
1219 2544 1275 2590 et
1301 2535 1450 2590 Deus
1476 2549 1657 2589 meus.

2153 2494 2235 2587 2'}.
2269 2533 2542 2606 Σωτήρων
2574 2533 2667 2587 τοῦ
2696 2533 2986 2605 προσώπου
3024 2550 3127 2604 μου
3177 2531 3274 2586 καὶ
3306 2533 3336 2584 ὁ
3368 2529 3501 2596 Θεός
3529 2545 3640 2602 μου.

464 2694 549 2766 (a)
587 2693 650 2749 V.
683 2695 788 2764 22,
826 2694 929 2749 Διὰ
977 2693 1029 2746 τί
1060 2693 1388 2764 ἀπώσομαι;
1425 2694 1520 2748 καὶ
1545 2694 1651 2758 ἵνα,
1683 2699 1818 2758 etc.,
1849 2689 2079 2763 ἐχθρόν;

1515 2931 1897 2989 ATHANASII
1938 2929 2532 2987 INTERPRETATIO.

463 3121 551 3179 15.
588 3120 654 3175 Ει
684 3136 715 3175 a
744 3128 969 3191 peccato
1012 3134 1174 3187 meo,
1233 3121 1382 3177 dicit.
1430 3118 1566 3174 Nam
1624 3115 1962 3172 Hermoniim

2153 3113 2226 3167 l5.
2254 3115 2363 3168 Kal
2390 3115 2498 3168 ἀπὸ
2523 3115 2622 3186 τῆς
2650 3114 2922 3186 ἁμαρτίας
2954 3130 3074 3184 μου,
3116 3112 3284 3183 λέγει.
3334 3110 3636 3184 Ἔρμονιεὶμ

393 3217 781 3285 interpretatur
831 3212 984 3266 dolor
1021 3214 1401 3280 anathematis,
1445 3211 1589 3284 quod
1633 3219 1716 3266 est
1767 3223 1963 3281 pecca-

2153 3205 2555 3276 οέρμηνεύεται
2605 3206 2974 3275 ἀναθέματος
3033 3205 3221 3272 λύπη,
3262 3203 3399 3274 ὅπερ
3436 3202 3637 3272 ἐστὶνὴ

391 3316 528 3360 tum.

2153 3299 2324 3369 αρτία.

460 3396 547 3448 16.
578 3394 686 3448 Cor
721 3409 902 3449 meum
943 3394 1162 3450 invocat
1219 3391 1649 3449 misericordiam
1707 3399 1856 3445 tuam
1905 3389 1960 3443 in

2164 3389 2216 3442 6.
2261 3389 2325 3442 'H
2360 3389 2552 3460 καρδξα
2587 3407 2686 3460 μου
2723 3389 2786 3442 τὸ
2827 3389 2973 3453 ἔλεός
2998 3406 3090 3443 σου
3130 3390 3470 3444 ἐπικαλεῖται
3494 3389 3633 3457 ἐντῇ

387 3488 520 3540 v'oce
542 3485 724 3540 cultus
751 3484 881 3541 mei.

2153 3483 2211 3550 νῇ
2245 3483 2342 3551 τῆς
2373 3481 2626 3550 λατρείας
2660 3497 2761 3550 μου
2795 3480 2893 3548 (1).

459 3579 544 3630 17.
585 3575 788 3633 Omnes
838 3591 1116 3632 sermones
1169 3576 1245 3631 tui
1301 3574 1675 3631 illuminantes
1717 3584 1956 3630 mentem

2165 3577 2214 3629 7.
2233 3577 2436 3638 Πάντες
2461 3576 2510 3628 οἱ
2534 3575 2681 3643 λόγοι
2712 3593 2804 3628 σου
2831 3577 2880 3629 οἱ
2915 3575 3240 3645 φωτίζοντες
3269 3577 3370 3649 τὴν
3403 3575 3632 3630 διάνοιάν

385 3686 561 3726 meam
621 3671 692 3726 ad
760 3669 1229 3740 supercmlestium
1274 3668 1624 3732 altitudines,
1679 3677 1733 3724 et
1779 3667 1960 3738 fulgor

2153 3685 2161 3717 ι
2187 3667 2280 3719 ἐπὶ
2301 3665 2369 3718 τὰ
2398 3665 2508 3735 ὕψη
2539 3665 2647 3718 τῶν
2678 3665 3033 3736 ἐπουρανίων,
3085 3666 3181 3720 καὶ
3221 3670 3252 3738 ἡ
3301 3667 3494 3738 ἀπειλὴ
3540 3683 3630 3719 σου

383 3771 531 3827 tuus,
561 3763 655 3832 qui
687 3763 742 3817 in
769 3762 902 3832 ipsis
923 3771 1026 3828 est,
1057 3762 1123 3816 ad
1152 3776 1246 3816 cor
1275 3777 1456 3816 meum
1493 3772 1882 3831 pervenerunt.

2154 3760 2334 3829 τραπή
2372 3757 2512 3830 σου],
2541 3759 2588 3810 οἱ
2621 3756 2703 3829 [ἡ]
2733 3758 2791 3810 ἐν
2824 3757 3005 3821 αὐτοῖς
3028 3757 3128 3829 (2),
3174 3758 3252 3823 εὶς
3289 3758 3386 3830 τὴν
3410 3759 3632 3830 καρδίαν

2060 3869 2162 3922 μου
2189 3847 2370 3922 ἦλθον.

450 3938 541 3993 18.
577 3937 990 4009 E‘xpergiscenti
1018 3939 1152 3993 mihi
1177 3953 1209 3992 a
1245 3947 1470 4008 peccato
1506 3937 1726 3994 exhibet
1773 3936 1960 3992 Domi-

2153 3943 2216 3994 .8.
2260 3941 2346 3992 Ἐν
2370 3939 2446 4010 τῷ
2485 3938 2756 4011 ἀνανῆψαι
2791 3956 2857 4010 με
2903 3939 3011 3994 ἀπὸ
3037 3941 3137 4012 τῆς
3181 3942 3456 4013 ἁμαρτίας
3485 3959 3627 4012 παρ-

379 4045 485 4085 nus
516 4029 948 4084 misericordiam
979 4044 1161 4084 suam.

2153 4051 2168 4084 ι
2203 4031 2404 4102 Κύριος
2435 4032 2497 4084 τὸ
2525 4031 2672 4096 ἔλεος
2704 4031 2894 4086 αὑτοῦ.

449 4120 538 4175 19.
576 4119 642 4175 Et
669 4121 890 4176 demum
927 4121 1142 4190 requies
1178 4135 1298 4176 mea
1335 4120 1612 4176 canticum
1660 4119 1780 4192 ejus
1809 4122 1954 4192 apud

2160 4125 2213 4178 9.
2249 4125 2360 4175 Kal
2390 4123 2574 4176 λοιπὸν
2619 4127 2652 4195 ὴ
2701 4124 3008 4188 ἀνάπαυσις
3041 4142 3147 4196 μου
3351 4124 3513 4182 αὐτοῦ
3553 4124 3629 4196 ('5)

377 4229 465 4268 me
495 4225 599 4270 88‘.

2155 4233 2170 4267 t
2205 4215 2335 4285 παρ’
2370 4215 2516 4285 ἐμοί.

444 4307 537 4363 20.
581 4306 691 4365 Oro
723 4309 789 4363 ad
813 4307 1102 4363 Dominum
1131 4308 1253 4364 vita:
1277 4325 1434 4376 mea},

2153 4307 2214 4362 :0.
2242 4308 2623 4380 Προσεύχομαι
2654 4307 2730 4380 τῷ
2755 4307 2873 4379 Θεῷ
2898 4309 2999 4379 τῆς
3025 4309 3172 4380 ζωῆς
3205 4328 3334 4380 μου,

443 4399 534 4454 21.
569 4399 635 4454 Ει
661 4401 784 4456 dico
817 4400 920 4470 ipsi
947 4419 960 4455 :
990 4400 1283 4471 Susceptor
1321 4417 1478 4458 meus
1507 4418 1589 4458 es.
1979 4455 1986 4474 ,

2153 4400 2211 4452 Li.
2250 4401 2358 4454 Kal.
2389 4401 2533 4470 λέγω
2565 4401 2740 4472 αὐτῷ·
2786 4401 3153 4474 Ἀντιλήπτωρ
3196 4420 3299 4474 μου
3322 4401 3390 4456 el.

441 4491 533 4545 2'2.
563 4491 628 4546 Et
652 4508 822 4562 quare
839 4455 1232 4548 obtenebratiis
1265 4455 1480 4560 incedo,
1681 4494 1816 4549 mihi
1841 4495 1947 4550 do-
1979 4455 1986 4513 1

2153 4493 2213 4547 I2.
2235 4493 2345 4548 Kal.
2367 4455 2536 4547 i'vaa!
2557 4455 2939 4566 ἐσκοτισμένος
2969 4455 3273 4568 πορεθομαι
3299 4495 3451 4568 ἐντῷ
3471 4512 3627 4548 κατα·

370 4584 614 4639 minatur
653 4587 925 4642 diabolus.

2153 4588 2396 4642 αστεύειν
2421 4605 2521 4659 μου
2549 4588 2639 4642 τὸν
2663 4589 2936 4654 malum;

440 4674 511 4730 2'5
529 4715 544 4740 ,
579 4676 668 4730 21.
705 4677 840 4732 Dum
863 4677 1044 4732 anima
1071 4694 1187 4733 mea
1214 4687 1436 4749 peccato
1460 4679 1786 4746 conteritur,
1813 4694 1948 4734 cou-

2153 4681 2208 4747 ὅ,
2248 4681 2340 4734 24.
2381 4681 2468 4734 Ἑν
2495 4680 2572 4751 τῷ
2606 4680 2984 4752 συντρίϐεσθαι
3030 4681 3134 4750 τὴν
3162 4679 3340 4752 ψυχήν
3375 4697 3474 4752 μου
3529 4675 3626 4731 ὑπὸ

368 4765 642 4822 viciantur
673 4769 806 4822 mihi
833 4771 1124 4826 dzemones.

2173 4773 2468 4846 ἁμαρτίας,
2493 4773 2810 4837 ὀνειδίζουσί
2843 4790 2910 4844 με
2938 4776 2986 4826 οἱ
3005 4772 3280 4843 δαίμονες.

436 4861 527 4918 25.
560 4860 674 4932 Ego
697 4873 878 4918 autem
895 4864 1018 4920 dico
1040 4865 1236 4920 anima:
1257 4881 1391 4922 mea:
1414 4885 1426 4921 :
1447 4866 1628 4932 Quare
1653 4867 1824 4922 tristis
1845 4867 1942 4922 es?

2153 4863 2212 4918 ;5.
2261 4861 2402 4932 Ἐγὼ
2443 4862 2499 4916 δέ
2527 4863 2670 4932 λέγω
2718 4866 2785 4935 τῇ
2833 4863 2979 4936 ψυχῇ
3031 4879 3154 4934 μουο
3187 4864 3306 4916 Ἵνα
3331 4861 3382 4914 τι
3411 4859 3625 4934 περίλυ-

1145 5001 1150 5007 .
2051 4976 2152 5022 m;
2181 4954 2262 5023 ei;

432 5043 522 5100 26.
557 5043 727 5115 Spera
757 5044 810 5100 iu
834 5044 1084 5110 Domino,
1115 5047 1375 5116 quoniam
1415 5047 1733 5105 misericors
1753 5057 1859 5104 est.
1884 5058 1938 5105 et

2153 5050 2209 5105 ;6.
2257 5052 2516 5106 Ἔλπισον
2549 5051 2644 5105 ἐπὶ
2688 5051 2780 5105 τὸν
2841 5051 3076 5122 Κύριον,
3101 5051 3186 5105 ὅτι
3221 5052 3461 5124 ἐλεήμων
3488 5049 3628 5114 ἐστὶ,

364 5137 624 5192 conﬁtere
659 5138 784 5208 ipsi.

2183 5142 2478 5216 ἐξομολόγη
2486 5163 2576 5199 σαι
2611 5144 2686 5216 (4)
2723 5143 2892 5215 αὐτῷ.

432 5227 522 5285 27.
553 5229 714 5287 Salus
735 5231 880 5288 enim
915 5232 1112 5288 anima:
1133 5247 1267 5289 meae
1298 5233 1445 5290 Deus
1475 5249 1632 5291 meus
1655 5244 1760 5292 est.

2153 5236 2214 5290 Π.
2247 5236 2497 5308 Σωτηρία
2529 5237 2638 5309 γὰρ
2665 5240 2765 5309 τῆς
2785 5235 2963 5308 ψυχῆς
2991 5253 3094 5308 μου
3123 5237 3152 5291 ὁ
3174 5234 3307 5300 Θεός
3336 5239 3438 5306 μοῦ
3456 5234 3627 5286 ἐστιν.

1314 5435 1624 5502 Addenda
1653 5444 1716 5501 et
1746 5438 2127 5520 corrigenda
2175 5457 2254 5502 ex
2287 5439 2429 5503 cod.
2467 5440 2669 5504 Vatic.

2115 5605 2192 5675 (5)
2217 5605 2394 5675 Αὐτῷ.

427 5593 510 5739 (ἐξ
536 5595 737 5723 K23?an
766 5668 982 5725 ἀπειλαί
1009 5688 1121 5743 σου,
1150 5673 1206 5726 αἱ
1231 5673 1288 5727 ἐν
1310 5674 1510 5738 αιντοῖς.
1804 5670 1813 5679 ’
2211 5608 2411 5733 .
2436 5675 2915 5761 ἐξομολογήσομαι.
