3750 6362
109 335 192 393 817
985 335 1071 388 DE
1106 334 1384 390 TlTULlS
1423 332 1875 390 PSALM’ORUM.
1916 365 1984 375 —
2021 334 2214 393 PSAL.
2258 333 2415 390 XLII.
3235 331 3339 390 818

407 454 666 527 Ψαλμὸς
691 455 770 523 τῷ
801 456 992 511 Δαϐίδ.
1023 460 1195 512 ΨΑΛ.
1233 455 1371 511 M8".
1699 458 1746 514 Α

1699 458 1746 514 Α
2107 476 2354 532 Ρδαιηιιιδ
2386 477 2578 532 David.
2617 476 2813 533 PSAL.
2845 474 3030 531 XLII.

174 547 218 603 1.
244 548 440 619 Κρτνὸν
473 566 588 620 μοι,
615 552 645 603 ὁ
680 549 832 614 Θεὸς,
871 549 966 603 καὶ
1006 549 1223 603 δίκασον
1243 549 1340 621 τὴν
1363 547 1514 619 δίκην
1569 563 1655 616 μοι.

1856 569 1902 622 1.
1942 567 2134 624 Judica
2161 585 2268 635 me,
2308 569 2470 636 Deus,
2517 579 2572 625 et
2607 570 2856 627 discerne
2896 581 3120 625 causam
3162 577 3337 620 meam

117 641 165 704 ἐξ
185 640 356 704 ἔθνους
381 640 678 726 οὐχνὸσίουο

1772 657 1839 713 de
1862 667 2019 726 gente
2041 674 2150 712 non
2175 667 2360 713 sancta
2385 676 2400 713 :

172 724 220 781 Ξ.
253 724 380 776 Ἀπὸ
409 725 706 798 ἀνθρώπου
731 725 915 780 ἀδίκου
945 727 1038 780 καὶ
1079 727 1253 782 δολίου
1287 727 1444 799 ῥῦσαί
1469 736 1562 798 με’

1844 724 1898 801 έ.
1931 747 2014 810 Ab
2044 748 2263 804 homine
2284 749 2470 820 iniquo
2491 758 2543 804 et
2572 750 2762 805 doloso
2782 765 2911 812 erue
2944 764 3031 804 me
3062 771 3075 808 :

175 815 221 869 τ.
251 817 367 869 Ὀτι
402 817 469 870 σὺ
504 814 562 870 εἴ
586 820 616 872 ὁ
648 818 780 883 Θεὸς
810 819 1132 891 κραταίωμά
1160 839 1286 891 μου.

1845 839 1903 895 5.
1950 841 2089 906 Quia
2125 849 2181 895 tu
2208 857 2266 897 es
2292 814 2435 896 Deus
2457 840 2721 896 fortitudo
2749 857 2889 896 mea.

172 919 218 958 4.
253 907 363 960 Ἵνα
403 908 458 960 τί
496 909 709 964 ἀπώσω
741 927 844 978 με;

1844 933 1898 988 4.
1931 932 2111 1000 Quare
2140 951 2226 990 me
2248 934 2529 1004 repulisti?

175 999 218 1052 5.
266 1000 373 1052 Καὶ
421 1001 512 1054 ἴνα
565 1003 621 1056 τί
687 1002 1093 1075 σκυθρωπάζων
1151 1005 1449 1078 πορεύομαι
1495 1006 1554 1062 ὲν
1592 1005 1656 1078 τῷ

1860 1030 1903 1085 5.
1942 999 2008 1086 Et
2042 1046 2212 1101 quare
2245 999 2418 1086 tri-stis
2446 1031 2637 1086 incedo
2662 1029 2792 1085 dum
2819 1026 3006 1098 afﬂigit
3043 1041 3129 1081 me
3157 1019 3341 1079 inimi-

118 1090 351 1145 ἐκθλίϐειν
382 1093 474 1145 τὸν
503 1094 736 1165 ὲχθρόν;
1772 1121 1914 1177 cus?

174 1181 218 1236 6.
248 1180 662 1246 Ἐξαπόστειλον
683 1186 740 1238 τὸ
761 1186 875 1255 φῶς
909 1204 1000 1240 σου
1031 1187 1123 1241 καὶ
1152 1187 1248 1260 τὴν
1275 1187 1530 1261 ἀλήθειάν
1551 1206 1655 1243 σουε

1628 1208 1663 1242 ³⁸
1841 1213 1892 1267 6.
1928 1213 2126 1269 Emitte
2151 1214 2327 1269 lucem
2348 1221 2500 1268 tuam
2526 1223 2580 1268 et
2603 1212 2882 1266 veritatem
2919 1218 3066 1264 tuam
3095 1227 3109 1262 :

171 1273 218 1329 7.
254 1274 406 1329 Δύτά
461 1293 531 1347 με
585 1275 893 1350 ὡδήγησαν,
926 1281 1019 1333 καὶ
1069 1281 1272 1351 ἦγαγόν
1324 1300 1391 1353 με
1429 1284 1507 1348 εἰς
1545 1283 1652 1355 ὅρος

1854 1304 1898 1358 7.
1935 1303 2049 1373 Ipsa
2088 1320 2172 1358 me
2207 1305 2589 1368 deduxerunt,
2633 1312 2687 1359 et
2720 1300 3064 1357 adduxerunt
3089 1296 3149 1352 in
3175 1308 3335 1352 mon-

118 1365 243 1433 ἆγιὸν
275 1383 388 1432 σου,

1772 1404 1880 1450 tem
1907 1405 2153 1452 sanctum
2186 1407 2334 1449 tuum
2356 1435 2371 1459 ,

171 1458 216 1512 8.
243 1458 346 1511 Καὶ
371 1461 458 1523 εἰς
477 1460 547 1514 τὰ
581 1461 916 1534 σκηνώματά
941 1481 1054 1520 σου.
1650 1496 1652 1504 ι

1650 1494 1660 1514 '
1843 1489 1896 1543 8.
1932 1486 1996 1541 Et
2021 1489 2074 1541 in
2099 1485 2447 1541 tabernacula
2473 1495 2585 1540 tua.

169 1549 212 1603 9.
229 1550 330 1604 Καὶ
353 1553 743 1624 εἰσελεύσομαι
773 1557 904 1626 πρὸς
919 1557 979 1609 τὸ
1001 1557 1378 1630 θυσιαστήριον
1401 1560 1492 1613 τοῦ
1509 1559 1650 1614 Θεοῦ.

1246 1560 1378 1630 Ἄριον
1401 1560 1492 1613 τοῦ
1509 1559 1663 1627 θεοῦο
1841 1579 1895 1634 9.
1936 1578 2002 1633 Et
2032 1579 2266 1632 introibo
2300 1577 2368 1632 ad
2389 1577 2561 1630 altare
2595 1574 2727 1641 Dei;

169 1641 240 1696 10.
277 1643 423 1713 Πρὸς
444 1644 538 1697 τὸν
559 1645 696 1698 Θεὸν
724 1647 1078 1719 εὐφραίνοντα
1119 1651 1220 1721 τὴν
1249 1652 1472 1723 νεότητά
1507 1672 1626 1724 μου·

1856 1673 1925 1725 l0.
1956 1671 2037 1726 Ad
2082 1670 2290 1738 Deum,
2335 1669 2430 1741 qui
2474 1668 2710 1744 laetiﬁcat
2739 1666 3077 1736 iuventutem
3118 1677 3337 1719 meam:

115 1733 239 1874 ΘΗ.
300 1735 805 1810 Ἐξομολογήσομαί
859 1757 940 1794 σοι
998 1743 1057 1795 ὲν
1116 1744 1335 1816 κιθάρᾳ,
1369 1747 1398 1798 ὁ
1457 1748 1596 1815 Θεὸς)

149 1824 218 1887 ad;
246 1843 362 1887 μου.

1839 1764 1928 1818 11.
1959 1733 2397 1819 Οοηίίιεὺοιίιὶῦί
2417 1761 2475 1816 in
2502 1733 2920 1842 οἱιιιαιήαξῡριιε,
2936 1757 3077 1814 Deus
3097 1772 3267 1812 meus.

149 1841 218 1887 εος
246 1843 362 1896 μου.

169 1915 242 1971 12.
267 1919 378 1972 ’Ῑνα
413 1921 470 1974 τί
518 1922 819 1994 περίλυπος
846 1921 916 1991 εἴ,
951 1927 987 1996 ὴ
1015 1925 1158 1999 ψυχή
1193 1946 1330 1999 μου;
1365 1930 1457 1983 καὶ
1481 1930 1568 1985 ἵνα
1611 1949 1650 1984 τι

1857 1942 1926 1995 [2.
1961 1941 2141 2008 Quare
2173 1942 2347 1998 tristis
2385 1956 2475 2010 es,
2515 1942 2699 1997 anima
2734 1939 2894 1994 mea?
2927 1947 2981 1994 et
3014 1948 3182 2008 quare
3210 1944 3338 1986 con-

113 2010 474 2080 συνταράσσεις
501 2031 572 2084 με
589 2031 616 2080 ;~

1767 2035 1955 2090 turbas
1988 2037 2111 2090 me?

251 2103 508 2159 Ἕλπισον
530 2105 627 2160 ἐπὶ
647 2107 737 2163 τὸν
747 2108 993 2175 Θεὸν,,ὅτι
1007 2111 1298 2186 ὲξομολογή
1307 2132 1468 2187 σομαι
1480 2117 1626 2190 αὐτῷ
1643 2141 1645 2147 ε

1648 2137 1657 2150 ’
1839 2125 1928 2179 15.
1963 2123 2130 2194 Spera
2159 2125 2372 2190 in.Deo,
2411 2124 2669 2194 quoniam
2693 2121 2990 2178 conﬁtebor
3017 2119 3129 2175 illi:

164 2192 236 2248 14.
273 2196 553 2270 Σωτήριον
603 2199 701 2253 τοῦ
753 2200 1043 2274 προσώπου
1071 2223 1170 2276 μου
1196 2207 1290 2261 καὶ
1323 2210 1352 2261 ὁ
1380 2208 1511 2273 Θεός
1534 2228 1645 2282 μου.

1534 2228 1655 2282 μου.
1691 2233 1734 2288 Β
1834 2216 1922 2273 14.
1965 2192 2214 2274 salutare
2236 2192 2556 2273 vultus—mei.
2587 2225 2640 2270 et
2662 2215 2805 2270 Deus
2833 2229 3008 2269 meus.

1199 2386 1574 2447 ATHANASII
1613 2391 2198 2448 INTERPRETATIO.

171 2498 224 2598 ’11
254 2507 600 2580 προκειμένη
647 2509 926 2584 ἐπιγραφὴ
977 2516 1219 2587 περιέχει
1250 2519 1348 2588 (1)·
1403 2523 1651 2593 Ψωμός
1706 2524 1786 2591 τῷ
1839 2527 2037 2582 Δαϐίδ·
2093 2527 2390 2594 τουτέστιν,
2439 2531 2467 2582 ὁ
2529 2526 2740 2598 ψαλμὺς
2789 2520 2941 2589 οὗτος
2996 2525 3210 2598 εἴρηται
3258 2521 3336 2597 τῷ

106 2593 509 2694 "f“_‘°“"“*_"¢‘_
536 2602 609 2694 ὲνν
632 2605 890 2675 μετανοίᾳ
917 2605 1143 2668 ἐλθόντι·
1177 2611 1342 2664 Δαδῖδ
1373 2612 1480 2687 γὰρ
1506 2615 1867 2689 ἑρμηνεύεται
1899 2621 2494 2694 ὲξουθενημένοςκαὶ
2519 2593 2868 2689 ἦλεὴμένος,
2888 2617 3030 2689 ἆπερ
3048 2593 3336 2690 ⁷ἀμφότερα

105 2678 321 2776 εὑρήσεις
346 2691 432 2752 εἰς
459 2690 556 2744 τὸν
589 2693 968 2766 ἡμαρτηκότα,
1021 2701 1116 2754 καὶ
1149 2704 1229 2768 εἰς
1257 2678 1552 2776 μετάνοιαν
1573 2678 1815 2768 ἐλθόντα.

163 2774 361 2879 Titulus
387 2782 692 2856 inscriptus
730 2792 972 2848 continet
1005 2813 1018 2849 :
1050 2774 1300 2853 Psalmus
1333 2801 1527 2858 David.
1563 2803 1680 2862 Hoc
1711 2817 1816 2873 est,
1852 2809 1943 2864 hic
1970 2823 2216 2879 psalmus
2244 2810 2423 2866 dictus
2448 2817 2531 2864 est
2555 2806 2623 2862 ab
2680 2818 2768 2870 eo,
2802 2820 2894 2874 qui
2925 2789 3141 2868 cecidit,
3185 2812 3240 2860 et
3278 2805 3336 2860 in

101 2871 450 2968 pmuitentiam
491 2882 664 2934 venit.
696 2879 867 2938 David
912 2887 1058 2942 enim
1089 2889 1479 2963 interpretatur
1520 2871 1880 2968 neglectusvet
1908 2871 2334 2958 misericordiam
2365 2909 2711 2966 consecutus,
2736 2905 3033 2967 utrumque
3065 2899 3320 2953 convenit

105 2975 147 3014 In
166 2980 294 3030 eum,
322 2968 422 3038 qui
452 2982 669 3040 peccat,
696 2983 751 3028 et
771 2975 838 3030 ad
871 2979 1246 3045 paenitentiam
1274 2989 1640 3044 convertitur.

159 3055 201 3153 1.
238 3060 706 3136 Σπλαγχνίσθητι,
736 3069 766 3120 ὁ
798 3069 1000 3142 Κύριος
1021 3073 1120 3143 (2),
1148 3078 1239 3130 καὶ
1267 3079 1408 3150 ὁρῶν
1437 3097 1505 3150 με
1540 3082 1625 3136 ἀδι

1852 3080 1887 3132 l.
1925 3075 2201 3145 Miserere,
2253 3079 2500 3144 Domine,
2535 3090 2589 3136 et
2639 3083 2827 3136 videns
2873 3097 2959 3136 me
3001 3081 3185 3152 inique
3213 3096 3333 3153 per-

103 3147 328 3244 κούμενον
362 3155 470 3207 ὑπὸ
491 3155 602 3208 τῶν
634 3159 889 3215 ἐναντίων
916 3164 1222 3236 δυνάμεων,
1258 3147 1532 3244 λύτρωσαί
1563 3191 1584 3244 ι.

1762 3177 2054 3225 tractatum
2081 3186 2112 3225 a
2139 3173 2432 3227 contrariis
2472 3174 2830 3244 potestatibus
2853 3175 3024 3230 libera
3046 3147 3151 3230 me.

155 3239 199 3332 ι.
234 3245 362 3298 Ἀπὸ
391 3247 491 3300 τοῦ
520 3251 788 3320 διαϐόλου,
819 3255 964 3324 λέγει
995 3257 1091 3330 (5).
1360 3239 1372 3244 ⁷
1564 3239 1576 3244 ’

995 3257 1091 3330 (5).
1360 3239 1372 3244 ⁷
1564 3239 1576 3244 ’
1831 3259 1884 3314 2.
1915 3261 1957 3315 A
1988 3261 2230 3328 diabolo,
2255 3261 2449 3332 inquit.

150 3329 196 3385 3.
224 3334 342 3390 Ὀτι
368 3339 436 3392 σὺ
463 3335 517 3393 εἴ
551 3343 585 3413 ὴ
625 3341 845 3414 βοήθειά
871 3365 993 3418 μου.
1051 3329 1059 3330 7

1833 3353 1891 3408 5.
1918 3352 2192 3420 Quoniam
2218 3364 2274 3410 tu
2298 3372 2358 3412 es
2383 3359 2649 3412 auxilium
2681 3375 2885 3415 meum.

144 3423 194 3518 «1.
222 3427 335 3482 Ἵνα
362 3431 417 3483 τί
442 3432 758 3505 ἁπέρῤιψάς
788 3455 855 3508 με
877 3456 906 3502 ;,

1828 3443 1882 3497 4.
1917 3444 2098 3511 Quare
2133 3463 2221 3502 me
2252 3447 2569 3518 proiecisti?

151 3517 195 3570 5.
216 3520 321 3575 Καὶ
349 3521 437 3576 ἵνα
458 3525 512 3578 τί
542 3527 927 3600 ὲσκοτισμένος
954 3534 1256 3608 πορεύομαι
1285 3537 1344 3593 ὲν
1368 3539 1446 3611 τῷ
1485 3559 1632 3596 κατα·

1850 3534 1881 3588 ἰ.
1915 3533 1982 3590 Ει
2015 3552 2187 3606 quare
2216 3517 2610 3596 obtenebratus
2643 3542 2858 3604 incedo.
2901 3542 3032 3598 dum
3072 3543 3206 3597 mihi
3239 3544 3331 3597 do-

102 3603 407 3667 δυναστεύειν
446 3633 552 3687 μου
581 3616 675 3670 τὸν
707 3617 978 3688 διάϐολον;
1028 3603 1039 3605 _
1159 3603 1171 3608 ⁷
1415 3603 1430 3611 ν

841 3620 978 3688 ολον;
1028 3603 1039 3605 “
1159 3603 1171 3608 ⁷
1415 3603 1430 3611 ’
1683 3621 1725 3679 C
1760 3628 2001 3682 minatur
2032 3603 2322 3685 diabolus?

156 3699 200 3752 6.
232 3702 645 3768 Ἑξαπόστειλον
676 3707 770 3763 τὸν
795 3709 922 3764 Υίόν
964 3729 1080 3780 σου,
1101 3717 1196 3768 καὶ
1224 3715 1285 3769 τὸ
1317 3717 1540 3791 Πνεῦμά
1562 3738 1637 3774 σοι

1850 3719 1884 3774 i.
1923 3719 2076 3776 Mitte
2134 3720 2336 3778 Filium
2407 3734 2604 3791 tuum,
2657 3736 2712 3782 et
2764 3727 3026 3798 Spiritum
3083 3734 3331 3783 sanctum

101 3801 146 3839 το
168 3791 321 3860 ἅγιον.

1756 3819 1934 3867 tuum.

156 3881 199 3946 7,
222 3885 269 3940 8.
300 3889 453 3943 Αύτά
480 3908 549 3961 με
569 3889 667 3944 νῦν
688 3891 977 3966 ὡδήγησαν
992 3894 1110 3967 [καὶ
1142 3899 1392 3971 ἦγαγον],
1411 3903 1637 3975 ὑπομνη‹

1848 3905 1893 3968 l,
1933 3903 1986 3959 8.
2021 3902 2144 3974 Ipsa
2181 3920 2270 3960 me
2306 3922 2454 3962 nunc
2490 3907 2839 3965 deduxerunt
2879 3918 2934 3964 et
2969 3908 3329 3971 adduxerunt,

102 3973 261 4043 σθῆναι
284 3981 383 4052 τῆς
410 3983 670 4055 οὐρανίου
697 3985 966 4052 πολιτείας
1008 3990 1101 4043 καὶ
1150 3991 1257 4047 τῶν
1295 3973 1531 4049 αἰωνίων
1561 4015 1583 4050 ο

1849 3999 2171 4073 recordarer
2210 4000 2449 4055 caelestis
2499 4003 2952 4070 conversationis,
3009 4011 3064 4059 et
3105 4011 3330 4058 aeterna-

100 4065 419 4128 ἀναπαύσεων

1753 4103 1876 4142 rum
1907 4096 2128 4144 tuarum
2155 4092 2485 4162 requietum.

151 4161 197 4214 9.
219 4165 321 4219 Καὶ
340 4171 406 4238 τῇ
438 4167 653 4240 διανοίᾳ
673 4170 900 4224 εἰσέλθω
930 4174 1007 4237 είς
1030 4173 1089 4228 τὸ
1111 4176 1430 4247 ἐπουράνιον
1460 4179 1632 4234 θυσια⁴

1846 4183 1876 4236 l.
1907 4181 1974 4236 Et
2001 4193 2183 4240 mente
2211 4161 2491 4256 ingredior
2511 4187 2580 4242 ad
2603 4187 2992 4258 supercmleste
3019 4187 3192 4242 altare
3212 4185 3327 4240 Dei.

99 4254 283 4329 στήριον
314 4260 407 4314 τοῦ
448 4260 608 4315 Θεοῦ.

150 4347 225 4403 10.
253 4353 354 4406 Τὸν
382 4354 772 4427 εὐφραίνοντα,
798 4355 965 4426 λέγει,
1001 4359 1179 4431 ψυχήν
1205 4379 1326 4432 μου.

1823 4361 1909 4416 10.
1945 4361 2354 4430 Laetilicantem,
2386 4365 2592 4434 inquit.
2617 4365 2857 4418 animam
2893 4380 3092 4420 meam.

146 4441 222 4497 11.
247 4447 484 4514 Δοξάσω,
516 4447 688 4516 λέγει,
719 4451 778 4502 ἐν
813 4451 1042 4524 τῇ·ψυχῇ
1077 4472 1197 4523 μου,
1222 4456 1315 4509 καὶ
1347 4457 1403 4508 ἐν
1433 4457 1510 4527 τῷ
1544 4455 1627 4510 σώι

1844 4454 1908 4511 1.
1946 4453 2301 4516 Gloriﬁcabo,
2330 4455 2530 4524 inquit,
2564 4460 2619 4511 in
2652 4456 2838 4510 anima
2865 4471 2985 4510 mea
3005 4493 3027 4519 ,.
3054 4462 3109 4509 et
3133 4454 3186 4509 in
3208 4471 3325 4510 cor-

94 4549 221 4600 μιτι,
243 4541 518 4611 νεκρὼσας
540 4543 609 4612 τῇ
643 4542 888 4615 ἁμαρτίᾳ
915 4543 1034 4599 ὅλον
1063 4546 1272 4601 ἑαυτόν·
1303 4548 1502 4621 κιθάρα
1536 4567 1575 4618 γι

1844 4561 1880 4601 'e
1915 4546 2254 4602 mortificans
2299 4555 2472 4601 totum
2514 4549 2782 4618 mcipsum
2830 4557 3090 4618 peccato:
3116 4547 3325 4604 cithara

90 4622 222 4691 ξύλον
248 4630 360 4683 ἐστὶ
389 4632 557 4704 ξηρὸν
584 4631 706 4703 ἔχον
731 4632 919 4705 νεῦρα,
953 4636 1183 4707 ἀόρατον
1237 4637 1420 4708 φωνὴν
1449 4639 1571 4691 ἀποι

1844 4657 1889 4694 m
1937 4648 2024 4694 est
2076 4641 2284 4710 lignum
2328 4641 2542 4696 aridum
2571 4642 2778 4698 habens
2814 4657 3034 4708 nervos,
3080 4641 3325 4697 invisibi-

90 4715 231 4772 κοῦσα
260 4722 333 4793 (5)
373 4725 498 4777 κατ’
523 4725 805 4795 ἐνέργειαν
823 4726 917 4780 τοῦ
947 4727 1222 4793 κινοῦντος
1254 4730 1442 4800 αὐτήν.

1842 4751 1848 4786 ι
1900 4747 2088 4788 vocem
2133 4734 2392 4790 emittens
2435 4735 2736 4790 secundum
2783 4736 3155 4806 operationem
3204 4751 3323 4790 eam

1742 4824 2035 4879 moventis.

143 4893 220 4949 12.
243 4897 354 4954 Ἵνα
385 4901 441 4953 τί
474 4901 650 4964 οὕτως
673 4901 923 4971 άπέγνως
953 4905 1178 4977 ὲαυτῆς;

1666 4969 1709 4986 λ
1813 4913 1900 4967 12.
1935 4913 2118 4979 Quare
2146 4913 2221 4967 ita
2245 4911 2312 4968 de
2338 4921 2390 4968 te
2423 4913 2540 4984 ipsa
2566 4913 2911 4986 desperasti?

139 4986 217 5079 15.
247 4993 504 5048 Ἕλπισον
531 4995 626 5047 ἐπὶ
661 4995 753 5048 τὸν
778 4969 910 5051 Θεὸν
931 4997 1022 5051 τὸν
1045 4969 1284 5064 σώζοντα
1305 5001 1431 5064 τοὺς
1465 5017 1620 5071 προσ-

1851 5002 1904 5056 5.
1941 4969 2110 5072 gpera
2145 5002 2200 5056 in
2227 5001 2421 5068 Deum,
2443 4969 2557 5075 lqui
2601 4969 2782 5061 salvat
2806 4969 2965 5062 se
3004 5005 3322 5079 confugien-

82 5078 351 5148 φεύγοντας
375 5085 552 5156 αὐτῷ,
583 5089 668 5140 ὃτι
727 5087 882 5157 κάγὼ
919 5089 1095 5160 μέλλω
1125 5091 1275 5165 αὐτῷ
1312 5092 1563 5164 ὲξομολογ

1552 5093 1636 5163 τή-
1740 5103 1846 5160 tes,
1874 5095 2138 5165 quoniam
2162 5102 2217 5150 et
2245 5111 2348 5166 ego
2379 5097 2494 5168 ipsi.
2506 5097 2860 5153 confessurus
2890 5112 3033 5152 sum.

83 5171 250 5227 σασθαι
279 5175 372 5244 (6).

140 5263 216 5320 14.
243 5269 409 5336 Αὐτός
438 5271 591 5325 ἐστιν
615 5273 645 5326 ὁ
666 5272 800 5337 Θεός
832 5292 934 5345 μου
965 5274 1062 5347 (7).

1053 5317 1062 5329 .
1810 5278 1900 5338 M.
1928 5277 2050 5349 Ipse
2071 5287 2154 5335 est
2187 5279 2334 5335 Deus
2360 5296 2534 5335 meus.

1006 5453 1316 5518 Addenda
1348 5462 1409 5516 et
1458 5453 1838 5534 corrigenda
1872 5475 1952 5519 ex
1983 5457 2124 5518 cod.
2159 5455 2364 5519 Vatic.

330 5573 548 5649 §t&_tﬁ;
596 5575 970 5648 κινναϐάρεως
1000 5593 1120 5649 περ.
1797 5576 1875 5649 (5)
1920 5575 2299 5649 Ϊᾼποτελοῦσα.

336 5637 542 5710 Θεόςο”
834 5637 845 5648 ’
951 5637 961 5640 ν
1073 5637 1086 5649 ’
1803 5637 1884 5714 (6⁷)
1925 5647 2408 5717 Ἐξομολογεῖσθαι.

224 5713 402 5792 Αέγει,
423 5705 589 5792 ῥῦσαί
619 5733 710 5787 με.
1918 5705 2060 5785 Μούξ
2089 5705 2384 5792 καὶ’σωτήρ
2415 5731 2538 5787 μου.

126 5777 191 5843 Η)
224 5777 621 5843 ’Δτίολαῦσεωνέ
