3750 6390
403 316 506 374 8L9

627 432 694 490 In
718 435 874 505 ﬁnem
904 447 922 487 :
949 433 1078 503 ﬁliis
1111 430 1243 491 Core
1269 434 1339 486 ad
1368 433 1708 488 intellectum.

925 525 1132 582 PSAL.
1171 525 1392 582 XLIII.

465 621 516 676 1.
549 620 713 686 Deus,
740 620 795 675 in
819 619 1044 676 auribus
1072 621 1275 676 nostris
1301 621 1611 675 audivimus
1628 661 1650 684 ,.

461 713 517 767 9..
552 713 740 768 Patres
760 714 931 769 nostri
954 713 1416 770 annuntiaverunt
1447 714 1604 768 nobis

463 805 516 857 5.
551 803 734 873 Opus,
784 803 932 872 quod
971 812 1228 874 operatus
1251 820 1313 859 es
1335 804 1388 858 in
1417 803 1610 860 diebus
1647 816 1834 859 eorum
1857 842 1872 866 ,
1901 801 1956 854 iu

392 894 583 950 diebus
608 895 864 964 antiquis.

463 984 516 1038 4.
553 982 746 1039 Manus
779 993 870 1038 tua
898 993 1088 1056 gentes
1108 984 1454 1056 disperdidit,
1473 994 1526 1041 et
1547 970 1808 1056 plautasti
1823 999 1952 1038 eos:

463 1162 518 1216 5.
549 1159 807 1216 Afﬂixisti
831 1161 1082 1232 populos,
1113 1171 1169 1217 et
1202 1162 1459 1232 expulisti
1485 1177 1602 1218 eos.

465 1255 518 1308 6.
552 1253 660 1310 Nec
693 1255 838 1311 enim
868 1255 922 1309 iu
953 1255 1133 1326 gladio
1175 1271 1276 1312 suo
1314 1257 1678 1326 possederunt
1707 1264 1903 1310 terram
1941 1274 1956 1309 :

465 1343 520 1398 7.
555 1343 619 1398 Et
640 1345 923 1401 brachium
945 1361 1133 1402 eorum
1167 1361 1277 1401 non
1306 1346 1537 1402 salvavit
1563 1359 1657 1400 eos
1692 1362 1706 1398 :

465 1434 531 1517 8..
555 1433 659 1490 Sed
683 1437 906 1492 dextera
928 1445 1021 1492 tua
1051 1447 1103 1492 et
1129 1437 1414 1492 brachium
1460 1447 1644 1501 tuum,
1677 1444 1731 1492 et
1764 1435 1966 1490 illumi-

398 1526 546 1579 natio
570 1526 754 1581 vultus
781 1527 881 1591 tui,

467 1613 518 1669 9.
545 1615 821 1682 Quoniam.
845 1618 1217 1688 complacuisti
1251 1619 1305 1672 in
1335 1617 1437 1673 eis.

473 1704 559 1759 10.
591 1704 672 1759 Tu
701 1721 761 1761 es
788 1706 905 1776 ipse
932 1722 1023 1762 rex
1055 1723 1211 1762 meus
1236 1715 1290 1762 et
1317 1706 1460 1763 Deus
1483 1720 1656 1773 meus,

472 1795 560 1847 11.
585 1793 689 1860 Qui
714 1796 942 1851 mandas
972 1797 1176 1853 salutes
1199 1795 1390 1852 Jacob.

475 1886 562 1940 12.
595 1884 653 1939 In
677 1896 730 1940 te
760 1886 1016 1942 inimicos
1044 1897 1264 1942 nostros
1286 1887 1673 1942 ventilabimus
1701 1901 1894 1952 cornu,

473 1976 560 2030 15.
616 1974 683 2032 Et
733 1977 787 2030 in
817 1965 1050 2033 nomine
1106 1987 1199 2033 tuo
1249 1993 1570 2048 speruemus
1626 1977 1970 2050 insurgentes

401 2069 582 2123 nobis.

471 2157 500 2212 1
519 2159 559 2211 ι.
585 2157 701 2213 Non
725 2160 870 2215 enim
900 2161 953 2214 in
980 2175 1106 2216 arcu
1135 2175 1255 2216 meo
1285 2161 1548 2230 sperabo:

474 2248 558 2301 15.
586 2247 650 2304 Et
681 2249 890 2322 gladius
918 2266 1074 2307 meus
1105 2267 1211 2307 non
1246 2251 1478 2307 salvahit
1509 2269 1614 2307 me.

1239 321 1298 377 S.
1339 319 1708 377 ATHANASH
1744 321 1900 379 OPP.
1934 319 2112 375 PARS
2136 320 2323 378 l-ll.—
2359 314 2770 372 EXEGETICA.

3520 310 3639 370 820

1982 436 2028 494 Α
2056 432 2160 498 Ely
2210 429 2277 484 τὸ
2344 429 2516 495 τέλος
2532 468 2548 494 ,
2600 427 2725 494 τοῖς
2775 429 2924 494 υιοῒς
2993 427 3142 499 Κορὲ
3207 428 3298 496 εις
3347 429 3634 490 σύνεσιν.

2671 521 2834 574 ΨΑΔ.
2872 521 3016 576 ΜΓ»

2125 611 2184 665 1..
2225 611 2282 663 '0
2311 609 2462 675 Θεδς,
2497 612 2554 662 ἐν
2577 612 2688 675 τοῖς
2715 610 2846 663 ὠσὶν
2872 611 3026 682 ἡμῶν
3045 610 3380 682 ἠκούσαμεν,

2128 704 2182 757 2.
2213 704 2278 756 Ol.
2304 704 2535 775 πατέρες
2562 701 2718 774 ἡμῶν
2749 702 3076 774 ἀνήγγειλαν
3105 705 3237 775 ἡμῖν

2128 797 2182 851 5.
2217 795 2438 866 Ἔργον,
2463 793 2749 866 ὃείργάσω
2779 795 2836 848 ἐν
2879 797 3000 859 ταῖς
3041 796 3277 867 ἡμέραις
3315 796 3534 861 αὐτῶν,
3580 799 3639 852 ἐν

2063 886 2295 959 ἡμέραις
2325 885 2598 958 ἀρχαίαις.

2131 979 2184 1032 4.
2217 981 2281 1031 Ἠ
2307 979 2425 1051 χείρ
2448 996 2539 1032 σου
2562 977 2688 1049 ἐθνη
2715 976 3098 1048 ἐξωλόθρευσε,
3115 978 3210 1031 καὶ
3227 978 3640 1048 κατεφύτευσας

2061 1066 2276 1132 αὐτούς’

2130 1160 2182 1214 5.
2229 1159 2545 1224 Ἐκάκωσας
2567 1160 2746 1223 λαοὺς,
2781 1161 2873 1214 καὶ
2894 1161 3142 1228 ἐξέϐαλες
3168 1163 3386 1226 αὐτούς.

2137 1251 2188 1306 6.
2211 1253 2286 1306 Οὐ
2304 1253 2412 1324 γὰρ
2427 1255 2484 1305 ἐν
2499 1256 2564 1325 τῇ
2585 1255 2824 1324 ῥομφαίᾳ
2849 1253 3024 1307 αὐτῶν
3051 1255 3180 1325 ἐκλη
3190 1255 3496 1326 ρονόμησαν
3513 1254 3640 1324 γῆνο

2142 1344 2192 1396 7.
2218 1345 2326 1398 Kal
2355 1345 2382 1396 ὁ
2411 1345 2650 1416 βραχίων
2676 1345 2852 1407 αὐτῶν
2885 1347 2984 1399 οὐκ
3012 1345 3210 1400 ἔσωσεν
3243 1346 3444 1411 αὐτούς
3462 1365 3476 1378 ο

2139 1435 2194 1490 8.
2241 1436 2380 1489 Ἀλλ’
2408 1438 2440 1508 ή
2468 1437 2619 1504 δεξιά
2646 1454 2762 1504 σου,
2785 1438 2879 1492 καὶ
2907 1440 2934 1492 6
2963 1437 3198 1510 βραχίων
3229 1455 3346 1502 σου,
3371 1439 3468 1493 καὶ
3486 1441 3518 1492 6
3543 1455 3648 1508 φω-

2065 1523 2259 1595 τισμδς
2287 1523 2380 1577 τοῦ
2409 1527 2701 1595 προσώπου
2729 1543 2843 1590 σου,

2140 1616 2192 1670 9.
2230 1617 2352 1669 Ὅτι
2379 1617 2676 1686 εὐδόκησας
2714 1619 2772 1671 ἐν
2802 1617 3002 1682 αὑτοῖς.

2147 1709 2232 1762 10.
2264 1709 2336 1761 Σὺ
2371 1703 2422 1760 εἶ
2448 1707 2611 1773 αὐτὸς
2639 1711 2668 1762 6
2695 1708 2947 1779 βασιλεύς
2974 1727 3075 1782 μου
3100 1709 3196 1764 καὶ
3222 1711 3252 1762 6
3275 1709 3418 1781 ⁶Θεός
3451 1726 3580 1779 μου,

1993 1794 2042 1853 Β
2149 1800 2237 1854 11.
2277 1800 2334 1852 '0
2361 1798 2738 1871 ἐντελλόμενος
2765 1800 2866 1865 τὰς
2901 1799 3170 1873 σωτηρίας
3208 1799 3425 1854 Ἰακώϐ.

2146 1891 2232 1944 12.
2275 1890 2364 1944 Ἐν
2395 1892 2478 1944 σοὶ
2503 1893 2626 1956 τοὺς
2659 1892 2887 1964 ἐχθροὺς
2912 1893 3066 1965 ἡμῶν
3094 1892 3480 1964 κερατιοῢμεν,

2150 1983 2235 2036 15.
2272 1982 2382 2035 Kal.
2422 1985 2480 2037 ἐν
2530 1983 2610 2054 τῷ
2659 1984 2881 2055 ὀνόματί
2917 2002 3008 2038 σου
3054 1983 3481 2056 ἐξουδενώσομεν
3524 1983 3652 2047 τοὺς

2075 2075 2537 2146 ἐπανισταμένους
2568 2079 2715 2147 ἡμῖν.

2149 2165 2236 2220 11.
2268 2166 2342 2218 Οὐ
2370 2165 2480 2239 γὰρ
2517 2167 2609 2219 ἐπὶ
2637 2167 2716 2239 τῷ
2743 2167 2882 2240 τόξῳ
2911 2186 3010 2239 μου
3050 2167 3220 2221 ἐλπιῶ
3239 2183 3260 2198 ο

2141 2258 2231 2312 15.
2261 2260 2372 2314 Kal
2399 2261 2432 2331 ἡ
2467 2260 2714 2332 ῥομφαία
2749 2277 2850 2331 μου
2877 2261 2940 2313 οὐ
2971 2257 3136 2312 σώσει
3169 2275 3266 2330 με.

1514 2389 1888 2446 ΔΤΗΑΝΑΞΙΙ
1925 2390 1996 2446 ΙΝ
2003 2391 2045 2447 Τ
2059 2391 2531 2449 ERPRETATIO.

496 2501 548 2553 Η
576 2503 913 2574 προκειμένη
957 2505 1237 2575 ἐπιγραφὴ
1262 2505 1504 2576 περιέχει
1525 2505 1622 2576 (1)’
1646 2507 1750 2571 Εἰς
1779 2505 1846 2560 τὸ
1879 2506 2075 2572 τέλος,
2107 2506 2236 2570 τοῖς
2259 2505 2415 2572 υίοῖς
2442 2504 2596 2572 Κορὲ
2618 2507 2704 2570 είς
2731 2505 2990 2558 σύνεσιν
3013 2502 3112 2573 (ιι)’
3145 2501 3241 2556 καὶ
3266 2501 3467 2573 ἑτέρως
3487 2500 3554 2572 δὴ
3577 2501 3656 2573 (2)

396 2593 498 2664 τὴν
519 2594 688 2666 αὐτὴν
733 2597 1027 2669 ἑρμηνείαν
1054 2597 1299 2669 εἴπομεν·
1323 2598 1471 2668 λέγει
1493 2598 1619 2671 γάρ·
1658 2601 1762 2666 Εἰς
1790 2600 1856 2653 τὸ
1889 2599 2085 2668 τέλος,
2126 2599 2251 2666 τοῖς
2275 2597 2430 2664 υἱοῖς
2454 2598 2605 2667 Κορὲ
2639 2601 2728 2664 εις
2751 2599 3023 2653 σύνεσιν.
3060 2596 3135 2649 Τὸ
3191 2596 3251 2649 δὲ
3298 2596 3444 2666 Κορὲ
3479 2597 3651 2666 ἑρμη-

398 2687 616 2744 νεύεται·
649 2692 954 2760 φαλακρός
980 2692 1077 2762 (5).
1107 2694 1231 2756 Τοῖς
1275 2688 1366 2747 οὖν
1397 2693 1602 2764 γυμνὸν
1623 2693 1805 2764 ἔχουσι
1830 2693 1890 2747 τὸ
1917 2695 2242 2767 ἡγεμονικὸν
2273 2696 2374 2766 τῆς
2424 2692 2650 2766 καρδίας
2681 2691 2791 2748 ἀπὸ
2836 2692 3012 2763 ἔργων
3042 2689 3145 2759 (4),
3175 2688 3269 2741 ἐπὶ
3308 2687 3453 2741 τέλει
3485 2689 3544 2743 δὲ
3569 2691 3651 2754 εἰς

402 2777 619 2834 σύνεσιν
646 2783 957 2854 ἐρχομένων
985 2787 1014 2838 6
1035 2784 1246 2857 ψαλμὸς
1265 2778 1421 2849 οὗτος
1447 2785 1684 2856 εἴρηται.

469 2889 686 2948 Titulus
717 2893 1014 2967 inscriptus
1043 2898 1287 2953 continet
1313 2917 1326 2952 ε
1355 2896 1424 2952 In
1447 2898 1626 2968 ﬁnem,
1640 2898 1771 2968 [iliis
1787 2896 1920 2953 Core
1945 2899 2015 2951 ad
2035 2896 2480 2962 intellectum....;
2513 2904 2570 2952 et
2588 2896 2694 2951 alia
2719 2892 3165 2964 interpretatione
3182 2893 3257 2947 ita
3288 2893 3405 2948 hac
3418 2893 3655 2962 explica-

400 3000 524 3040 mus
549 3005 562 3041 :
586 2986 717 3043 dicit
745 2990 892 3044 enim
923 3011 938 3046 :
971 2989 1036 3046 In
1065 2993 1246 3062 ﬁnem,
1276 2994 1406 3064 ﬁliis
1428 2994 1561 3049 Core
1591 2995 1661 3048 ad
1687 2995 2034 3049 intellectum.
2063 2993 2205 3050 Coro
2237 3002 2422 3048 autem
2448 2993 2870 3063 interpretatur:
2896 2988 3110 3045 Calvus.
3145 2986 3334 3058 Itaque
3361 2989 3432 3043 ab
3457 2989 3655 3043 haben-

401 3081 552 3138 tibus
575 3093 810 3140 mentem
841 3087 1022 3144 cordis
1039 3089 1295 3145 nudatam
1327 3091 1396 3146 ab
1417 3092 1694 3161 operibus,
1717 3092 1772 3146 in
1811 3091 1917 3146 line
1936 3099 2117 3147 autem
2150 3091 2206 3146 in
2246 3090 2582 3146 intellectum
2612 3087 2953 3144 venientibus
2969 3083 3334 3155 psalmusisle
3347 3082 3524 3138 dictus
3553 3097 3653 3140 εει.

471 3194 523 3247 1.
554 3195 597 3247 Α
645 3197 898 3258 fidelibus
965 3201 1098 3258 viris
1159 3204 1492 3274 accepimus,
1541 3220 1666 3276 quae
1702 3204 2027 3266 narraturi(

2149 3203 2200 3256 1.
2221 3201 2379 3274 Παρὰ
2407 3201 2616 3256 πιστῶν
2645 3198 2852 3270 ἀνδρῶν
2881 3195 3319 3267 παρειλήφαμεν,
3340 3193 3376 3246 ἃ
3400 3193 3660 3266 μέλλομεν

397 3297 612 3340 sanius.

475 3377 530 3429 2.
564 3374 778 3447 Moyses
799 3384 854 3432 et
886 3377 1164 3448 propheta
1202 3380 1258 3435 in
1286 3381 1590 3454 Scripturis
1619 3399 1981 3444 narraverunt

403 3471 469 3524 de
492 3469 773 3539 gentibus,
799 3485 939 3540 quas
960 3471 1121 3541 eiecit
1149 3471 1314 3529 Deus.

471 3563 524 3616 5.
558 3562 853 3628 Quomodo
891 3563 946 3618 in
989 3566 1244 3620 omnibus
1286 3567 1444 3624 bellis
1485 3570 1765 3626 debellain
1812 3571 1980 3626 variis

403 3656 584 3710 modis
617 3655 879 3711 inimicos
901 3671 1114 3711 eorum.

476 3749 528 3800 4.
563 3747 739 3803 Filius
778 3756 910 3804 tuus
941 3748 1268 3818 disperdidit
1289 3767 1386 3808 eos
1407 3793 1422 3818 ,
1449 3762 1503 3808 et
1527 3754 1581 3808 in
1609 3755 1978 3810 hereditatem

405 3837 553 3892 dedit
578 3837 707 3893 ﬁliis
730 3835 919 3893 Israel.

480 3927 534 3980 5.
574 3924 908 3981 Vulneratos
937 3940 1034 3980 eos
1058 3926 1114 3980 in
1146 3922 1327 3993 fugam
1358 3923 1662 3993 coniecisti.

478 4021 536 4074 6.
565 4018 685 4076 Non
731 4021 883 4075 enim
924 4034 1117 4073 eorum
1163 4018 1332 4072 armis
1378 4018 1741 4087 possederunt
1780 4028 1984 4075 terram

407 4111 810 4184 promissionis,

481 4204 535 4261 7.
564 4203 632 4259 Et
659 4202 906 4274 potentia
920 4217 1111 4258 eorum
1141 4217 1250 4257 non
1275 4202 1507 4258 salvavit
1540 4218 1664 4269 eos;

479 4294 534 4351 8.
565 4291 671 4348 Sed
725 4293 1044 4364 unigenitus
1083 4291 1254 4347 Filius
1285 4303 1452 4360 tuus,
1480 4294 1575 4362 qui
1613 4301 1698 4350 est
1731 4295 1986 4365 splendor

410 4387 596 4457 gloriae
617 4397 744 4441 tute.

479 4478 534 4543 9,
567 4476 655 4531 10.
690 4475 770 4532 Tu
804 4457 1030 4544 “ipse,
1061 4474 1240 4544 quiet
1268 4483 1421 4543 tunc,
1467 4483 1522 4530 et
1568 4475 1625 4530 in
1673 4477 1983 4534 novissimis

412 4570 772 4638 temporibus.

484 4662 572 4715 11.
597 4661 699 4728 Qui
730 4675 827 4730 per
859 4670 912 4716 te
935 4661 1112 4730 ipsum
1145 4675 1374 4717 enarras
1405 4662 1662 4717 mandata
1695 4672 1807 4717 tua.

2087 3295 2390 3366 διηγεῖσθαι
2407 3295 2508 3364 (5).

2158 3385 2214 3438 2.
2249 3385 2456 3456 Μωσῆς
2488 3384 2581 3438 καὶ
2624 3384 2675 3436 οἱ
2709 3382 2982 3452 προφῆται
3021 3381 3108 3434 διὰ
3158 3380 3268 3434 τῶν
3309 3378 3543 3450 Γραφῶν
3586 3377 3662 3431 δι⁹

2079 3475 2353 3546 ηγήσαντο
2381 3474 2640 3545 περὶτῶν
2660 3473 2849 3538 ἐθνῶν,
2875 3467 2948 3527 ὧν
2976 3471 3226 3537 ἐξέϐαλεν
3245 3473 3273 3525 6
3299 3471 3449 3534 Θεὸς.

2149 3569 2204 3623 5.
2239 3568 2313 3622 Τδ
2334 3568 2450 3632 πῶς
2478 3569 2536 3620 ἐν
2565 3566 2780 3636 ἑκάστῳ
2805 3565 3023 3637 πολέμῳ
3055 3563 3216 3627 αὐτὸς
3239 3562 3510 3634 διαφόροις
3537 3563 3668 3614 ἐπο-

2079 3659 2322 3730 λέμησας
2347 3661 2472 3725 τοὺς
2500 3659 2728 3730 ἐχθροὺς
2765 3655 2969 3711 αὐτῶν.

2153 3753 2204 3806 4.
2241 3753 2299 3806 '0
2328 3753 2456 3816 Υἱός
2507 3768 2600 3805 σου
2656 3750 3050 3820 ἐξωλόθρευσεν
3107 3750 3342 3813 αὐτοὺς,
3399 3747 3494 3800 καὶ
3531 3761 3668 3798 κατ-

2081 3843 2470 3916 εκληροδότησε
2515 3843 2589 3914 (6)
2627 3842 2754 3906 τοὺς
2795 3843 2946 3904 υἱοὺς
2989 3839 3224 3912 Ἰσραήλ.

2151 3933 2204 3986 5.
2232 3931 2712 4004 Τιτρωσκομένους
2740 3931 2937 3994 αὐτοὺς
2966 3929 3208 4000 φυγάδας
3241 3929 3517 3998 ἐποίησας.

2152 4027 2208 4078 6.
2231 4025 2308 4078 Οὐ
2346 4025 2454 4096 γάρ
2505 4025 2566 4078 ἐν
2604 4027 2716 4087 τοῖς
2771 4022 2952 4086 ὅπλοις
2992 4022 3169 4076 αὐτῶν
3218 4017 3669 4091 ἐκληρονόμησαν

2083 4117 2178 4187 τὴν
2200 4117 2303 4188 γῆν
2320 4117 2422 4186 τῆς
2447 4116 2799 4187 ἐπαγγελίας,

2160 4205 2211 4258 7.
2244 4205 2356 4260 Kal.
2388 4206 2422 4275 ή
2455 4204 2742 4258 δυναστεία
2770 4203 2948 4258 αὐτῶν
2965 4201 3064 4254 οὐκ
3099 4199 3304 4252 ἔσωσεν
3339 4194 3555 4258 αὐτούς’

2155 4297 2208 4350 8.
2246 4295 2388 4348 Ἀλλ’
2415 4298 2444 4349 6
2471 4297 2766 4369 μονογενής
2801 4311 2892 4348 σου
2932 4292 3097 4357 Υἱὸς,
3145 4293 3174 4344 6
3203 4290 3277 4342 ῶν
3320 4287 3664 4358 ἀπαύγασμα

2084 4390 2184 4460 τῆς
2219 4387 2379 4459 δόξης
2402 4405 2519 4443 σου.

2156 4479 2211 4543 9,
2238 4479 2324 4532 10.
2346 4478 2421 4549 (7)
2438 4477 2523 4532 Σὺ
2555 4477 2614 4532 εἶ
2644 4480 2677 4531 ό
2695 4476 2880 4542 αὐτὸς
2901 4477 2931 4528 6
2949 4475 3090 4537 τότε,
3107 4474 3202 4526 καὶ
3215 4473 3304 4527 ἐπ’
3325 4468 3565 4540 ἐσχάτων
3586 4469 3668 4539 (8)

2091 4571 2193 4626 τῶν
2219 4571 2445 4642 χρόνων.

2161 4661 2248 4714 ll.
2297 4661 2355 4714 '0
2373 4660 2438 4712 δι’
2458 4660 2651 4714 ἐαυτοῦ
2674 4657 3027 4730 διηγούμενος
3041 4655 3112 4709 τὰ
3132 4650 3525 4725 προστάγματά
3548 4665 3666 4702 σου.

488 4751 574 4805 12.
597 4750 657 4806 l-n
679 4761 754 4814 te.
775 4752 973 4817 dicit,e
993 4751 1179 4805 medio
1193 4752 1442 4807 tollemus
1467 4752 1723 4809 inimicos
1743 4762 1988 4819 nostros,
2019 4735 2027 4788 ¹

2160 4752 2248 4804 12.
2281 4752 2370 4805 Ἐν
2401 4752 2509 4818 σοὶ,
2535 4751 2713 4819 λέγει,
2736 4749 3064 4820 ἀναιροῦμεν
3088 4749 3216 4810 τοὺς
3238 4745 3464 4816 ἐχθροὺς
3485 4741 3666 4813 ἡμῶν,

415 4840 520 4895 hoe
553 4852 637 4896 est
667 4840 1026 4911 cogitationes
1055 4840 1237 4896 cordis
1264 4841 1458 4896 nostri.

486 4934 575 4988 15.
604 4933 859 5004 Diabolus
885 4933 1179 5004 signiﬁcat.

484 5027 576 5081 14.
600 5025 719 5080 Non
745 5027 894 5080 enim
926 5027 981 5081 in
1009 5029 1251 5097 potentia
1277 5041 1394 5081 mea
1421 5026 1677 5097 sperabo.

486 5123 573 5178 13.
606 5123 671 5178 Et
697 5138 850 5178 arma
885 5137 1007 5178 mea
1030 5138 1140 5177 non
1175 5122 1467 5177 salvabunt
1489 5139 1579 5178 me

2090 4844 2235 4913 λέγω
2258 4845 2322 4917 δὴ
2346 4847 2473 4910 τοὺς
2495 4846 2554 4898 ἐν
2585 4847 2652 4916 τῇ
2688 4843 2886 4916 καρδίᾳ
2907 4845 2940 4913 ή
2950 4841 3066 4913 μῶν
3091 4836 3402 4910 λογισμούς.

2161 4938 2247 4993 15.
2281 4937 2420 5000 Τοὺς
2445 4935 2722 4999 διαϐόλους
2753 4935 2830 5008 (9)
2862 4933 3026 5003 λέγει·

2164 5029 2252 5084 Η.
2279 5027 2352 5081 Οὐ
2386 5026 2497 5098 γὰρ
2524 5026 2584 5079 ἐν
2611 5028 2678 5097 τῇ
2707 5023 2990 5095 δυναστείᾳ
3019 5040 3119 5093 μου
3153 5021 3343 5076 ὲλπιῶ.

2166 5119 2253 5174 15.
2281 5119 2394 5192 (10)
2419 5119 2533 5172 Καὶ
2565 5119 2634 5172 τά
2655 5117 2792 5171 ὅπλα
2821 5134 2925 5189 μου
2963 5113 3220 5208 οὺισώσει
3257 5130 3324 5184 με

1370 5257 1677 5320 Addenda
1706 5264 1768 5318 et
1805 5257 2181 5337 corrigenda
2212 5273 2292 5318 ex
2323 5254 2467 5316 cod.
2514 5253 2715 5315 Vatic.

486 5379 562 5458 ί
601 5383 774 5458 nam
801 5384 898 5451 τῆς
927 5381 1295 5451 κινναϐάρεως
1325 5398 1450 5458 περ.

508 5453 562 5518 2)
610 5452 696 5505 Δὲ.

510 5521 563 5590 5)
597 5521 964 5591 Φαλάκρωμα.

511 5592 566 5663 ᾗ)
606 5592 822 5663 Ἔργων
857 5591 1098 5663 ἀγαθῶν.

492 5661 570 5727 (3)
601 5661 992 5731 Διηγήσασθαι.

495 5771 573 5835 (a)
602 5769 819 5837 Aliquid
857 5770 1046 5827 deesse
1075 5772 1300 5827 videtur.

2177 5369 2820 5450 ῖϐηςαῖεκὶεηροκξόμῃσεο
2946 5443 2956 5450 .
3046 5441 3056 5450 .
3141 5440 3180 5450 -.
3244 5439 3301 5450 .-
3361 5435 3415 5450 ...
3485 5429 3510 5450 .

2172 5435 2248 5518 (7)
2277 5447 2345 5501 Ν.
2378 5435 2589 5518 9,)’ύτι
2615 5435 2881 5514 ἡύέλησας
2903 5441 3113 5506 αὐτούς.
3138 5440 3201 5494 Ν.
3241 5439 3323 5504 10,
3361 5435 3428 5489 Σὺ
3458 5435 3528 5501 εἴ,
3557 5445 3667 5489 etc.

2170 5517 2246 5588 (8)
2297 5520 2352 5571 Ἐ
2360 5517 2576 5587 σχάτου.

2195 5592 2250 5659 9)
2285 5588 2575 5659 hiems

2195 5595 2250 5659 9)
2285 5595 2575 5657 Δαίμονας.

2171 5595 2282 5730 (10)
2315 5657 2380 5712 N.
2412 5655 2478 5710 15
2508 5657 2680 5711 deest.
