3750 6372
146 314 236 373 8Ξ1
1051 318 1139 374 DE
1178 318 1452 376 TITULIS
1491 318 1942 377 PSALMORUM.
1979 351 2048 360 —
2079 317 2272 375 PSAL.
2315 319 2494 376 XLIII.
3273 315 3391 402 822

203 441 282 497 16.
331 442 597 507 Ἔσωσας
646 442 753 514 γὰρ
785 443 928 513 ἡμᾶς
960 441 1024 496 ὲκ
1053 443 1162 496 τῶν
1195 441 1483 498 θλιϐόντων
1524 444 1673 514 ἡμᾶς

1702 475 1706 489 ι
1738 467 1786 524 Α
1884 442 1970 497 16.
2001 409 2237 498 Salvasti
2262 442 2407 496 enim
2433 457 2534 496 nos
2565 435 3018 512 dc’aMig‘elitib'u‘s
3046 454 3183 496 nos:

209 537 286 589 l7.
309 537 423 589 Kal
456 537 592 600 τοὺς
623 536 911 607 μισοῦντας
939 537 1086 607 ἡμᾶς
1113 538 1473 609 κατῄσχυνας.

1329 556 1473 602 υνας.
1886 537 1974 593 17.
2005 535 2071 592 Ει
2098 537 2342 593 odientes
2364 552 2465 593 nos
2491 535 2810 593 confudisti.

210 630 286 684 18.
318 631 410 682 Ἐν
438 629 523 700 τῷ
547 628 668 701 Θεῷ
691 629 1156 700 ὲπαινεθησόμεθα
1183 631 1312 700 ὃλην
1340 632 1439 701 τὴν
1460 631 1691 702 ήμέρανλ

1376 632 1439 701 ὴν
1460 631 1704 702 ἡμέραν
1881 629 1969 684 18.
1999 628 2058 684 In
2092 628 2202 685 Deo
2225 629 2569 685 laudabimur
2595 639 2705 684 tota
2733 630 2821 684 dic
2846 648 2857 683 :

210 721 286 776 19.
320 722 432 774 Καὶ
465 724 527 775 ὲν
563 722 644 793 τῷ
696 721 916 793 ὀνόματί
951 739 1044 775 σου
1079 723 1583 795 ἑξομολογησόμεθα
1625 726 1691 789 εἰς

1882 723 1968 777 19.
1999 721 2066 778 Ει
2101 723 2156 777 in
2187 723 2408 778 nomine
2439 731 2534 778 tuo
2559 721 2942 779 conﬁtebimur
2972 721 3026 776 in
3057 719 3339 776 saeculum.

146 813 227 866 τὸν
255 811 443 866 αΐῶνα.

208 903 290 958 20.
322 903 465 956 Νυνὶ
499 903 557 957 δὲ
585 902 793 957 ἀπώσω
826 905 919 958 καὶ
949 902 1291 974 κατῄσχυνας
1317 907 1493 975 ἡμᾶς·

1883 895 1974 952 20.
1998 895 2153 952 Nunc
2185 906 2364 953 autem
2395 899 2642 969 repulisti
2664 907 2718 954 et
2738 897 3030 953 confudisti
3060 913 3199 953 nos:

209 991 266 1045 2|
279 989 410 1043 ,Καὶ
421 987 811 1060 οὑκὲξελεύσῃ,
823 987 1011 1053 ὁΘεὸς,
1028 990 1085 1042 ὲν
1095 992 1213 1053 ταῖς
1223 989 1690 1061 δυνάμσινὴμῶν.

1889 989 1966 1043 El.
2019 989 2085 1044 Et
2102 1006 2207 1045 non
2228 992 2544 1062 egredieris,
2569 992 2734 1057 Deus,
2753 993 2806 1048 in
2823 992 3116 1048 virtutibus
3146 991 3370 1048 nostris.

211 1080 293 1134 22.
327 1078 710 1150 Ἀπὲστρεψας
753 1080 900 1150 ἡμᾶς
949 1082 1028 1144 είς
1069 1080 1136 1134 τὰ
1169 1081 1343 1135 ὀπίσω
1393 1081 1542 1153 παρὰ
1581 1081 1692 1145 τοὺς

1901 1083 1967 1141 12.
1996 1083 2256 1141 Avertisti
2292 1100 2393 1141 nos
2441 1094 2740 1141 retrorsum
2798 1095 2919 1156 post
2968 1085 3218 1140 inimicos
3275 1098 3382 1140 no-

152 1172 358 1243 ὲχθροὺς
384 1171 570 1242 ἡμῶν.

485 1171 570 1225 ὒν.
1805 1184 1966 1231 stros.

211 1265 294 1318 25.
326 1263 436 1316 Kal
463 1264 516 1316 οί
543 1261 826 1333 μισοῦντες
852 1264 998 1334 ἡμᾶς
1024 1263 1320 1333 διήρπαζον
1347 1265 1576 1327 ἑαυτοῖς.

1869 1264 1960 1318 23.
1991 1264 2056 1320 Et
2079 1267 2172 1335 qui
2197 1265 2430 1321 oderunt
2460 1281 2559 1320 nos
2587 1264 2914 1335 diripiebant
2941 1266 3074 1320 sibi-

206 1355 290 1408 24.
327 1355 576 1419 Ἐδωκας
601 1357 746 1426 ἡμᾶς
772 1356 847 1418 ὡς
873 1355 1120 1425 πρόϐατα
1153 1355 1405 1426 βρώσεως
1425 1375 1437 1388 ⁸

1874 1355 1965 1409 24.
1993 1354 2195 1410 Dedisti
2219 1372 2317 1410 nos
2347 1367 2603 1426 tanquam
2627 1372 2756 1411 oves
2775 1372 3057 1422 escarum;

207 1449 289 1502 25.
318 1449 429 1502 Kal
455 1447 515 1500 ἐν
542 1451 656 1512 τοῖς
679 1446 856 1501 ἔθνεσι
882 1446 1197 1518 διέσπειρας
1221 1449 1368 1518 ἡμᾶς

1873 1446 1964 1500 25.
1999 1445 2066 1500 Ει
2089 1447 2142 1500 in
2175 1447 2423 1516 gentibus
2452 1447 2754 1515 dispersisti
2779 1462 2899 1501 nos.

209 1538 292 1594 26.
315 1539 546 1592 Ἀπέδου
569 1538 660 1591 τὸν
697 1537 825 1592 λαόν
858 1555 950 1592 σου
981 1537 1110 1592 ἄνευ
1137 1536 1303 1607 τιμῆς
1321 1553 1336 1568 ο

1873 1537 1963 1592 26.
2001 1536 2293 1592 Vendidisti
2322 1538 2578 1606 populum
2604 1547 2755 1591 tuum
2782 1537 2902 1592 sine
2931 1536 3141 1605 pretio:

208 1629 290 1683 27.
315 1629 424 1682 Kal
450 1629 552 1682 οὐκ
581 1624 650 1700 ἦν
677 1627 880 1698 πλῆθος
900 1630 958 1682 ὲν
987 1629 1102 1690 τοῖς
1121 1627 1497 1697 ἀλαλάγμασιν
1527 1626 1689 1698 ἡμῶν.

1893 1629 1964 1683 17.
1999 1628 2064 1683 Et
2094 1644 2200 1683 non
2257 1629 2362 1683 fuit
2411 1629 2706 1684 multitudo
2762 1629 2815 1684 in
2855 1627 3374 1684 commutationibus

1807 1721 2028 1774 nostris.

206 1808 290 1863 28.
327 1807 489 1862 Ἐθου
531 1809 680 1878 ἡμᾶς
709 1807 908 1870 ὄνειδος
934 1809 1048 1870 τοῖς
1078 1806 1312 1874 γείτοσιν
1340 1805 1496 1876 ἡμῶν
1515 1823 1528 1835 ·

1772 1845 1779 1888 ;
1877 1813 1970 1870 28.
2000 1813 2238 1868 Posuisti
2267 1829 2370 1868 nos
2396 1827 2751 1884 oppronrium
2781 1814 2978 1870 vicinis
3009 1817 3212 1871 nostris
3237 1833 3253 1869 :

199 1901 282 1955 29.
308 1898 702 1970 Μυκτηρισμδν
729 1899 822 1951 καὶ
843 1897 1146 1969 χλευασμὸν
1181 1899 1290 1960 τοῖς
1320 1895 1503 1966 κύκλῳ
1523 1897 1554 1965 ἡ
1565 1894 1679 1965 μῶν

1895 1906 1967 1960 19.
2000 1905 2494 1960 Subsannationem
2541 1918 2595 1962 et
2636 1907 2879 1962 derisum
2927 1908 3011 1963 his
3052 1909 3144 1978 qui
3179 1909 3234 1963 in
3267 1907 3376 1963 cir-

1807 1997 1955 2051 cuitu
1991 2008 2198 2052 nostro.

207 2077 288 2134 50.
324 2075 484 2131 Ἔθου
516 2078 666 2149 ἡμᾶς
695 2078 776 2140 είς
809 2076 1121 2148 παραϐολὴν
1159 2077 1216 2129 ὲν
1245 2079 1357 2140 τοῖς
1389 2075 1600 2137 ἔθνεσι,

1877 2085 1968 2140 50.
1998 2084 2236 2141 Posuisti
2268 2100 2369 2141 nos
2396 2086 2450 2140 in
2481 2087 2895 2144 similitudinem
2927 2090 2980 2144 in
3011 2091 3284 2162 gentibus,

203 2170 284 2226 51.
326 2171 554 2240 Κίνησιν
589 2171 830 2243 κεφαλῆς
854 2172 911 2225 ὲν
935 2174 1048 2235 τοῖς
1071 2171 1238 2234 λαοῖς.

1882 2178 1972 2232 51.
2003 2176 2436 2233 Commotioncm
2469 2180 2661 2249 capitis
2684 2181 2738 2234 in
2769 2182 3005 2251 populis.
3049 2248 3052 2252 γ

211 2261 288 2316 32.
323 2262 488 2332 Ὅλην
513 2262 614 2333 τὴν
642 2262 910 2334 ήμέρανὴ
956 2263 1187 2333 ὲντροπή
1225 2277 1326 2332 μου
1359 2262 1692 2315 κατεναντίον

1878 2269 1970 2324 52.
2003 2267 2140 2324 Tota
2168 2269 2256 2326 die
2284 2271 2608 2325 verecundia
2638 2287 2756 2326 mea
2789 2279 2980 2327 contra
3015 2288 3101 2328 me
3123 2280 3233 2340 est,

153 2353 241 2424 μού
271 2355 400 2417 ἐστι,
2634 2376 2637 2383 ·

208 2444 288 2498 33.
318 2445 426 2498 Καὶ
462 2445 496 2515 ἡ
529 2443 761 2517 αἰσχύνη
793 2444 885 2499 τοῦ
911 2444 1200 2516 προσώπου
1222 2463 1321 2517 μου
1343 2444 1578 2515 ἐκάλυψέ
1611 2462 1689 2516 με.

1628 2462 1697 2498 ιε.
1877 2447 1965 2501 55.
2001 2445 2065 2502 Et
2096 2447 2345 2503 confusio
2376 2447 2532 2504 faciei
2558 2451 2664 2504 mei
2688 2449 2972 2518 c00peruit
3003 2463 3109 2502 me.

207 2533 289 2588 34.
313 2535 443 2588 Ἀπὸ
461 2536 646 2606 φωνῆς
661 2535 1024 2601 ὀνειδίζοντος,
1047 2537 1141 2589 καὶ
1163 2535 1586 2619 καταλαλοῦντος
1602 2536 1688 2606 (α)⁴

1612 2536 1698 2606 [α)ο
1878 2539 1968 2594 54.
2002 2540 2048 2592 Α
2073 2555 2206 2596 voce
2232 2540 2610 2611 exprobrantis
2636 2551 2690 2596 et
2712 2540 3093 2611 obloquentis:

208 2626 279 2697 (a)
303 2626 776 2699 Παρακαλοῦντος,
817 2628 871 2682 in
904 2627 1146 2699 margine
1183 2629 1303 2683 cod.
1339 2639 1398 2683 ut
1429 2629 1482 2683 in
1513 2636 1683 2683 textu.

1249 2745 1625 2802 ATHANASII
1666 2739 2251 2800 INTERPRETATIO.

209 2841 290 2894 l6.
331 2841 424 2892 Ἐκ
447 2839 558 2892 τῶν
586 2839 842 2894 ἐναντίων
868 2840 1166 2911 δυνάμεων.

1737 2844 1777 2898 c
1882 2835 1967 2889 16.
2003 2833 2047 2887 Δ
2073 2830 2364 2888 contrariis
2395 2832 2772 2901 potestatibus.

215 2934 292 2986 17.
333 2933 442 2994 Τὰς
467 2932 638 2996 αὑτὰς
661 2932 737 3004 (1)
767 2931 1044 2999 δυνάμεις.

1879 2927 1967 2982 17.
1996 2925 2226 2980 Easdem
2254 2932 2569 2995 potestates.

216 3027 294 3079 18.
317 3026 406 3079 Ἐν
425 3023 504 3095 τῷ
526 3024 646 3094 Θεῷ
680 3024 1064 3095 καυχησόμεθα
1084 3025 1169 3078 ἀεὶ
1187 3025 1338 3088 ὄντες
1363 3026 1420 3078 ἐν
1442 3023 1518 3096 τῷ
1544 3023 1697 3094 φωτί.

1893 3019 1963 3074 [8.
1993 3020 2054 3073 In
2071 3017 2183 3074 Deo
2200 3018 2553 3089 gloriabimur
2575 3032 2789 3088 semper
2809 3019 3133 3076 exsistentes
3156 3019 3212 3075 in
3234 3021 3374 3078 luce.

215 3117 294 3170 l9.
313 3118 420 3170 Kal
448 3117 506 3167 ὲν
529 3115 607 3186 τῷ
637 3115 859 3186 ὀνόματί
886 3133 977 3169 σου
999 3115 1068 3168 τὰ
1093 3115 1299 3188 ἀρεστὰ
1339 3114 1570 3169 ἐνώπιόν
1612 3132 1696 3169 σου

1896 3112 1967 3167 l9.
1994 3109 2060 3163 Et
2085 3112 2137 3164 in
2165 3109 2389 3164 nomine
2413 3119 2506 3164 tuo
2530 3126 2652 3180 quae
2681 3109 2874 3179 placita
2908 3110 3003 3165 tibi
3042 3119 3170 3168 sunt
3193 3128 3377 3169 coram

158 3208 452 3277 ποιήσομεν.

1809 3213 1862 3260 te
1891 3203 2180 3259 faciemus.
2629 3255 2652 3269 ,,
2687 3263 2689 3267 ,

213 3298 294 3352 20.
317 3299 418 3353 Τὸν
441 3297 571 3351 λαὸν
594 3296 746 3366 λέγει
780 3296 886 3351 τῶν
919 3297 1210 3351 Ἰουδαίων.

1877 3296 1967 3350 20.
2005 3294 2270 3364 Populum
2305 3295 2654 3351 Hebraeorum
2685 3295 2973 3366 significat.

213 3391 294 3446 21.
309 3391 416 3444 Kal
440 3392 498 3442 ὲν
512 3391 627 3453 τοῖς
642 3388 868 3460 ἄρχουσι
887 3389 996 3442 τῶν
1013 3388 1274 3442 Ἰουδαίων
1292 3388 1392 3443 οὐκ
1406 3389 1694 3461 εὐδοκήσει.

1899 3389 1968 3440 11.
2004 3386 2070 3441 Et
2092 3388 2146 3442 in
2172 3388 2510 3458 principibus
2527 3387 2838 3450 Iudaeorum
2862 3404 2972 3444 non
2999 3389 3380 3459 complacebit.

216 3481 294 3535 22.
335 3480 686 3550 Παρέδωκας,
714 3461 889 3549 λέγει,
922 3480 1346 3544 τοὺςἸουδαίους
1370 3483 1492 3544 ταῖς
1522 3480 1697 3534 ἐπιθυ-

1901 3476 1968 3532 12.
1996 3476 2311 3544 Tradidisti,
2332 3476 2760 3549 inquit,.luda:os
2783 3478 3236 3547 concupiscentiis
3260 3492 3382 3533 cor-

163 3571 288 3639 μίαις
315 3570 422 3623 τῶν
455 3569 697 3640 καρδιῶν
727 3569 926 3625 αὐτῶν.

727 3569 926 3625 αὐτῶν.
1809 3567 1958 3622 dium
1989 3581 2201 3621 eorum.

216 3664 293 3718 25.
322 3663 431 3726 Τὰς
463 3661 643 3733 ψυχὰς
676 3661 830 3733 ὴμῶν
859 3664 906 3716 oi
937 3662 1188 3734 δαίμονες
1214 3663 1532 3734 διήρπαζον.

1877 3659 1970 3714 25.
1996 3659 2225 3714 Animas
2253 3666 2470 3713 nostras
2496 3657 2769 3720 daemones
2793 3658 3157 3728 diripuerunt.

218 3753 299 3808 24.
327 3754 437 3808 Καὶ
471 3754 622 3825 ἡμᾶς
663 3752 738 3824 (2)
763 3753 866 3806 ὑπὸ
888 3753 996 3809 τῶν
1013 3755 1294 3826 ἁμαρτιῶν
1318 3755 1392 3820 ὼς
1415 3756 1520 3810 ὑπὸ
1534 3755 1699 3809 λύκωι

1630 3773 1710 3809 ιων
1877 3753 1968 3806 24.
2007 3751 2074 3806 Et
2103 3768 2202 3808 nos
2233 3767 2265 3806 a
2295 3751 2529 3822 peccatis
2557 3751 2724 3814 veluti
2747 3768 2776 3806 a
2802 3751 2944 3822 lupis
2974 3751 3111 3822 rapi.

165 3843 504 3913 ἁρπάζεσθαι.

218 3935 304 3990 25.
331 3936 439 3988 Kal
467 3934 544 3998 ὡς
567 3934 624 3986 ἐν
653 3933 997 4006 αίχμαλωσία
1028 3935 1365 4006 πεπραμένοι
1395 3935 1560 4005 ἐσμὲν
1594 3936 1699 3996 ταῖς

1903 3931 1973 3987 15.
2005 3930 2073 3986 Et
2099 3933 2263 3988 veluti
2305 3932 2361 3988 in
2413 3933 2777 4004 captivitatem
2810 3935 3014 3990 venditi
3044 3950 3236 3990 sumus
3261 3948 3384 4004 pee-

164 4026 437 4098 ἁμαρτίαις

1813 4029 1950 4082 catis
1974 4027 2198 4084 nostris.
2942 4081 2946 4089 ,

219 4117 300 4172 26.
331 4119 560 4182 Δούλους
585 4118 776 4181 εἴασας
817 4119 966 4190 ἡμᾶς
999 4115 1135 4171 εἶναι
1169 4119 1266 4190 τῆς
1294 4118 1567 4191 ἁμαρτίας
1609 4119 1700 4190 (ὅ).

1462 4118 1567 4182 πίας
1609 4119 1707 4190 (5).
1741 4181 1778 4191 _
1883 4118 1976 4172 26.
2005 4116 2206 4174 Servos
2234 4118 2409 4174 sivisti
2441 4133 2540 4172 nos
2568 4133 2690 4177 esse
2718 4119 2943 4187 peccati.

218 4209 299 4264 27.
328 4212 436 4264 Καὶ
462 4181 564 4264 οὐκ
598 4209 744 4263 ἐστιν
775 4210 803 4262 ὁ
837 4181 978 4279 βοῶν
1018 4210 1152 4282 πρὸς
1191 4181 1258 4264 σέ
1287 4181 1425 4282 μὲτᾶ
1467 4181 1699 4282 κραυγῆς

1905 4210 1972 4265 17.
2011 4209 2078 4265 Et
2106 4227 2215 4266 non
2239 4219 2321 4266 est
2341 4212 2584 4266 clamans
2615 4212 2680 4266 ad
2713 4222 2770 4266 te
2793 4227 2914 4266 cum
2944 4211 3182 4266 clamore
3210 4209 3386 4262 valido

167 4299 368 4374 ἰσχυρᾶς
393 4303 490 4356 καὶ
513 4299 788 4373 δακρύων.

1811 4309 1866 4354 et
1894 4301 2149 4372 laorymis
2186 4302 2250 4356 “.
2713 4373 2718 4378 _

218 4394 298 4450 28.
328 4396 598 4466 Δίσχύνην
621 4392 910 4456 κατέλιπες
937 4394 1082 4465 ἡμᾶς
1110 4396 1221 4457 τοῖς
1253 4396 1311 4446 ὲν
1337 4394 1412 4465 τῷ
1440 4395 1647 4449 κόσμω.

1906 4393 1971 4446 18.
1994 4393 2074 4447 Ad
2094 4393 2450 4464 ignominiam
2480 4393 2749 4463 reliquisti
2771 4407 2873 4446 nos
2902 4392 2969 4446 iis
2988 4391 3159 4460 quiin
3184 4390 3387 4444 mundo

1811 4492 1957 4539 sunt.

222 4573 303 4628 29.
332 4573 726 4642 Καταγέλωτα,
755 4571 922 4642 λέγει,
946 4574 1054 4636 τοῖς
1079 4572 1344 4643 δαίμοσιν.

1885 4575 1975 4631 29.
2005 4575 2347 4640 Ludibrium,
2379 4575 2577 4644 inquit,
2609 4574 2966 4629 dmmonibus.

219 4663 492 4719 ὅθΛαλῶν
503 4663 613 4734 γὰρ
627 4663 686 4714 ὲν
697 4661 1045 4731 Εὑαγγελίοις
1058 4663 1114 4716 ὲν
1128 4665 1240 4725 τοῖς
1253 4659 1577 4727 ἔθνεσι,τοὺς
1593 4663 1700 4714 ἰουι

1906 4670 1977 4723 50.
2011 4667 2264 4739 Loquens
2309 4669 2456 4722 enim
2491 4669 2545 4722 in
2582 4666 2886 4737 Evangeliis
2917 4669 2973 4721 in
3025 4667 3305 4737 gentibus,
3337 4666 3387 4720 in

164 4751 320 4817 δαίους
336 4754 408 4824 (4)
423 4752 743 4825 παραϐολὴν
759 4752 963 4822 ἢγαγεν
975 4755 1072 4823 οὐχ
1088 4751 1252 4819 ἅπαξ,
1276 4752 1410 4806 ἀλλὰ
1434 4751 1638 4806 πολλάκ

1908 4763 2132 4818 'abolam
2157 4760 2377 4816 Iudaeos
2412 4760 2637 4816 adduxit
2679 4775 2786 4814 non
2817 4760 3007 4824 semel,
3039 4759 3133 4815 sed
3169 4757 3389 4826 sapius.

223 4843 302 4900 3|.
333 4845 440 4898 Kal
466 4845 567 4915 τὴν
586 4843 762 4915 ἀρχὴν
793 4844 891 4913 τῆς
917 4844 1160 4910 ἐξουσίας
1185 4883 1199 4907 ,
1232 4844 1298 4915 ἢν
1331 4839 1474 4914 εἶχον
1505 4846 1554 4897 οἱ
1581 4846 1704 4898 ἰου-

1904 4856 1978 4910 ll.
2007 4855 2074 4909 Et
2117 4854 2482 4925 principatum
2533 4851 2852 4923 potestatis,
2897 4866 3062 4923 quam
3115 4850 3385 4906 habebant

167 4931 303 4999 δαῖοι,
329 4939 638 5009 μετήγαγεν
659 4938 740 5000 εἰς
764 4935 830 4990 τὰ
864 4935 1010 5008 ἔθνη-

1819 4945 2010 5016 Judaei,
2043 4947 2320 5002 transtulit
2355 4946 2408 5000 in
2433 4954 2637 5017 gentes.

177 5067 200 5076 ,λ
227 5026 305 5080 52.
343 5029 660 5092 Ἀπαύστως
699 5029 732 5099 ἡ
765 5028 1009 5100 ἁμαρτία
1041 5047 1140 5100 μου
1172 5033 1287 5099 μετ’
1314 5030 1445 5102 ἐμοῦ
1476 5033 1642 5086 ἐστιν.

1893 5039 1983 5094 32.
2020 5038 2399 5096 lndesinenter
2421 5047 2701 5109 peccatum
2731 5051 2912 5091 meum
2943 5049 3155 5090 mecum
3179 5041 3282 5089 est.

227 5115 304 5169 35.
327 5118 431 5170 Kal
447 5120 480 5189 ἡ
498 5117 638 5188 αὑτὴ
656 5116 902 5188 ἁμαρτία
921 5118 1018 5189 τῆς
1043 5117 1218 5190 ψυχῆς
1237 5137 1337 5191 μου
1367 5122 1600 5187 σκοτίζει
1623 5141 1708 5193 με.

1906 5133 1979 5187 5'5.
2003 5131 2070 5187 Et
2093 5133 2270 5202 ipsum
2291 5140 2574 5202 peccatum
2597 5129 2788 5183 anima:
2805 5141 2936 5181 mea:
2954 5124 3266 5181 obtenebrat
3283 5137 3387 5180 me.

229 5208 310 5263 54.
343 5211 473 5264 Ἀπὸ
501 5211 603 5281 τῆς
634 5210 982 5276 διδασκαλίας
1012 5212 1104 5265 τοῦ
1134 5212 1400 5270 διαϐόλου.

1097 5213 1104 5264 i
1134 5212 1400 5270 διαϐόλου.
1893 5225 1984 5282 54.
2011 5225 2057 5279 Α
2083 5225 2330 5281 doctrina
2359 5223 2578 5281 diaboli.

231 5304 270 5332 εδ
298 5303 452 5362 Hebr.
484 5323 540 5374 v,
572 5306 628 5360 7.

1097 5425 1405 5490 Addenda
1445 5435 1507 5490 et
1537 5427 1918 5508 corrigenda
1949 5445 2034 5489 ex
2071 5426 2212 5490 cod.
2244 5426 2446 5486 Vatic.

230 5565 300 5704 El;
326 5569 495 5633 Αὑτὰς
521 5567 796 5630 ἐναντίας,
825 5574 930 5622 etc.
1901 5568 1976 5640 (5)
2014 5567 2208 5629 Ἐάσας
2241 5601 2300 5620 ν.
2432 5563 2532 5634 τῆς
2569 5559 2813 5631 ἀνομίας.

249 5635 281 5690 ’ὶ
336 5639 575 5703 Ἔδωκας
610 5640 778 5704 ἡμᾶς.
1900 5638 1976 5704 (4)
2008 5639 2130 5702 Τοῖς
2177 5634 2469 5697 Ἰουδαιυις.

249 5634 300 5706 ιε)
336 5639 575 5703 Ἕδωκας
610 5640 778 5710 ἡμᾶς·
2008 5639 2130 5702 Τοῖς
2177 5634 2469 5697 Ἰουδαίοις.
