3750 6392
181 312 270 372 8ἱὸ

1086 324 1170 382 DE
1209 327 1480 390 TITULIS
1517 335 1970 397 PSALMORUM.
2026 371 2064 380 -—
2121 342 2313 396 PSAL.
2339 343 2521 402 XLIV.

3293 358 3398 413 823

234 434 313 489 55.
337 436 452 487 Kal
487 434 766 508 λύτρωσαι
797 443 941 521 ἡμᾶς
964 442 1148 498 ἕνεκεν
1188 448 1281 502 τοῦ
1322 451 1582 520 ὀνόματός
1617 473 1729 509 σου.
1763 528 1764 531 η

1908 458 1996 513 55.
2034 457 2100 512 Et
2129 460 2332 514 redime
2367 477 2467 517 nos
2496 471 2716 533 propter
2744 481 2940 522 nomen
2974 476 3147 525 tuum.

194 525 282 589 eu,-
307 523 373 576 τὸ
397 526 598 592 τέλος,
636 529 794 598 ὑπὲρ
810 531 927 583 τῶν
952 533 1543 609 ἀλλοιωθησομένων,
1578 545 1698 612 τοῖς

177 615 309 683 υίοῑς
331 617 488 683 Κορὲ
512 621 604 684 εὶς
620 621 892 685 σύνεσιν,
917 622 1039 692 ᾠδὴ
1066 625 1218 696 ὑπὲρ
1235 631 1340 684 τοῦ
1372 633 1728 706 Ἀγαπητοῦ.

805 715 974 769 ΨΑΛ.
1009 715 1140 770 MA'.

239 801 288 853 1.
327 798 697 871 Ἐξηρεύξατο
729 805 762 874 ἡ
786 805 982 875 καρδία
1017 825 1118 877 μου
1147 808 1301 878 λόγον
1327 813 1528 883 ἀγαθόν
1554 831 1571 846 ⁵

239 890 290 944 2.
315 889 480 959 «Λέγω
501 891 618 959 ἐγὼ
645 893 713 948 τὰ
741 894 876 966 ἔργα
907 915 1007 967 μου
1042 897 1120 970 τῷ
1152 899 1377 970 βασιλεῖ.

241 983 288 1036 5.
329 983 394 1036 Ἦ
421 983 647 1052 γλῶσσά
678 1002 780 1056 μου
811 987 1053 1060 κάλαμος
1089 996 1462 1065 γραμματέως
1503 997 1719 1070 ὀξυγροῖ⁶

181 1090 291 1138 eoo.

239 1168 289 1220 4.
335 1164 550 1238 Ὦρατος
568 1166 754 1222 κάλλει
770 1169 920 1240 παρὰ
943 1173 1068 1236 τοὺς
1097 1175 1246 1239 υἱοὺς
1269 1176 1378 1230 τῶν
1403 1178 1727 1251 ἀνθρώπων

237 1258 286 1313 5.
331 1258 594 1331 Ἐξεχύθη
629 1260 790 1331 χάρις
818 1263 876 1316 ὲν
897 1263 1099 1332 χείλεσί
1134 1284 1228 1320 σου
1255 1285 1268 1298 ·

239 1348 288 1402 6.
315 1350 411 1402 Διά
437 1348 599 1404 τοῦτο
621 1351 884 1424 εὐλόγησέ
916 1371 973 1406 σε
994 1356 1022 1407 ό
1051 1355 1181 1419 Θεὸς
1211 1358 1292 1420 είς
1313 1357 1402 1411 τὸν
1425 1359 1615 1415 αἰῶνα.

241 1440 288 1493 7.
320 1440 632 1512 Περίζωσαι
671 1441 769 1514 τὴν
807 1445 1082 1515 ῥομφαίαν
1135 1464 1226 1500 σου
1275 1447 1367 1501 ἐπὶ
1417 1448 1508 1504 τὸν
1554 1451 1730 1522 μηρόν

181 1548 282 1595 σου,
317 1532 510 1586 δυνατέ
529 1550 544 1564 ·

238 1621 288 1677 8.
320 1624 396 1694 Τῇ
429 1624 730 1698 ὡραιότητί
763 1644 878 1694 σου,
903 1629 998 1682 καὶ
1029 1628 1104 1700 τῷ
1132 1630 1314 1685 κάλλει
1345 1648 1461 1696 σου,

239 1715 286 1768 9.
318 1715 423 1768 Καὶ
450 1716 673 1784 ἔντεινε,
705 1719 801 1771 καὶ
844 1719 1154 1785 κατευοδοῦ,
1192 1722 1282 1775 καὶ
1320 1722 1587 1792 βασίλευε,

1839 547 1906 602 1η
1957 549 2112 618 ﬁnem
2140 567 2158 603 :
2192 567 2286 620 pro
2330 553 2419 619 iis,
2453 553 2545 623 qui
2589 559 3052 613 commutabunmr
3093 560 3220 630 ﬁlits
3264 563 3397 621 Core

2060 640 2130 694 ad
2159 642 2498 710 intellectum,
2527 649 2788 700 canticum
2817 666 2910 717 pro
2946 651 3178 709 Dilecto.

2357 734 2619 792 PSALM.
2646 738 2773 793 XLI
2791 740 2852 797 ν.

1903 819 1954 871 1.
1991 817 2269 876 Eruclavit
2291 839 2388 878 cor
2417 841 2598 882 meum
2628 831 2856 886 verbum
2889 832 3094 890 bonum

1899 909 1955 965 2.
1992 909 2123 967 Dico
2143 927 2242 984 ego
2271 931 2433 985 opera
2461 935 2582 975 mea
2612 922 2746 991 regi.

1903 1002 1960 1054 '5.
1992 999 2202 1072 Lingua
2260 1020 2383 1062 mea
2428 1009 2671 1066 calamus
2719 1013 2912 1070 scribae
2961 1016 3216 1072 velociter
3261 1020 3391 1075 scri-

1830 1089 2032 1146 bentis.

1898 1183 1952 1236 4.
1989 1181 2282 1252 Speciosus
2310 1184 2487 1240 forma
2511 1201 2622 1257 prae
2652 1188 2778 1246 ﬁliis
2809 1190 3088 1248 hominum
3118 1239 3134 1251 .

1897 1273 1950 1327 5.
1983 1272 2188 1330 Diﬂusa
2215 1285 2298 1330 est
2323 1276 2494 1345 gratia
2521 1279 2575 1332 in
2601 1279 2759 1336 labiis
2787 1282 2893 1337 tuis
2924 1302 2939 1337 :

1896 1361 1951 1416 6.
1985 1361 2280 1434 Propterea
2299 1366 2575 1422 benedixit
2605 1378 2656 1426 te
2680 1370 2824 1426 Deus
2852 1372 2904 1425 in
2930 1381 3213 1428 aeternum.

1899 1451 1950 1506 7.
1983 1453 2286 1525 Accingere
2312 1457 2490 1527 gladio
2529 1467 2620 1516 tuo
2654 1476 2819 1531 super
2856 1462 3036 1519 femur
3071 1473 3244 1531 tuum,
3291 1483 3388 1537 po-

1827 1545 2152 1610 lentissime,

1899 1635 1953 1690 8.
1983 1633 2172 1704 Specie
2194 1646 2310 1704 tua,
2345 1647 2400 1694 et
2421 1641 2827 1709 pulchritudine
2859 1653 2976 1711 tua,

1896 1724 1950 1779 9.
1986 1723 2053 1779 Et
2077 1725 2320 1793 intende,
2345 1738 2399 1784 et
2425 1746 2685 1804 prospere
2713 1737 2968 1803 procede,
2991 1748 3044 1793 et
3071 1755 3252 1809 regna,

241 1807 320 1861 10.
353 1807 576 1862 Ἕνεκεν
604 1808 888 1881 ἀληθείας,
915 1811 1010 1865 καὶ
1049 1813 1376 1885 πραότητος,
1406 1816 1500 1868 καὶ
1526 1815 1725 1870 δικαιο-
1755 1841 1764 1896 ι

1897 1811 1984 1868 10.
2017 1812 2243 1885 Propter
2269 1818 2573 1885 veritatem,
2605 1831 2660 1877 et
2703 1807 3196 1891 mansuetudinem.
3224 1840 3276 1885 et
3299 1830 3392 1902 ju-

180 1915 332 1968 συνης
355 1915 372 1931 ο

237 1989 316 2041 11.
346 1989 455 2043 Καὶ
483 1989 737 2062 ὁδηγήσει
767 2009 827 2046 σε
861 1991 1189 2064 θαυμαστῶς
1223 1996 1256 2066 ή
1289 1995 1440 2062 δεξιά
1461 2015 1576 2051 σου.

241 2075 322 2129 12.
353 2077 432 2130 Τὰ
467 2077 596 2148 βέλη
631 2095 725 2133 σου
753 2082 1087 2152 ἠκονημένα,
1112 2083 1303 2138 δυνατέ

239 2167 317 2222 15.
347 2169 478 2222 Λαοὶ
502 2170 763 2225 ὑποκάτω
795 2189 889 2226 σου
921 2173 1231 2240 πεσοῦνται,

239 2257 318 2312 14.
363 2259 452 2313 Ἐν
483 2260 680 2332 καρδίᾳ
703 2261 809 2316 τῶν
837 2263 1045 2335 ἐχθρῶν
1069 2265 1162 2318 τοῦ
1198 2265 1481 2336 βασιλέως.

243 2349 321 2404 15.
345 2351 402 2404 '0
423 2351 612 2419 θρόνος
633 2370 748 2420 σου,
767 2355 796 2408 ὁ
813 2354 963 2422 Θεὸς,
981 2357 1064 2421 είς
1087 2357 1178 2412 τὸν
1197 2360 1366 2414 αἰῶνα
1391 2361 1485 2414 τοῦ
1501 2363 1714 2430 αἰῶνος.

1827 1901 2030 1958 stitiam
2059 1923 2074 1959 :

1898 1995 1984 2049 11.
2014 1993 2082 2051 Et
2111 1997 2342 2056 deducet
2375 2010 2428 2057 te
2454 2003 2777 2061 mirabiliter
2800 2007 3022 2064 dextera
3049 2020 3161 2067 tua.

1897 2085 1983 2139 l2.
2015 2085 2234 2158 Sagittae
2259 2097 2366 2145 tua:
2394 2103 2594 2160 acutae,
2619 2098 3002 2164 potentissime
3029 2119 3042 2155 :

1897 2172 1984 2227 15.
2021 2173 2212 2245 Populi
2240 2179 2342 2232 sub
2367 2189 2419 2235 te
2452 2183 2668 2248 cadent,

1895 2263 1979 2318 ﬂ.
2015 2263 2073 2320 In
2101 2269 2267 2324 corde
2290 2270 2638 2328 inimicorum
2665 2276 2826 2346 regis.

1898 2354 1989 2410 15.
2028 2355 2197 2414 Sedes
2225 2368 2340 2428 tua,
2378 2360 2542 2427 Deus,
2568 2364 2624 2418 in
2655 2367 2916 2422 saeculum
2944 2369 3148 2424 saeculi.

1270 2475 1645 2535 ATHANASII
1685 2480 2270 2548 INTERPRETATIO.

241 2558 319 2612 55.
350 2559 462 2614 Καὶ
485 2560 762 2634 ὶύτρὼσαι
787 2564 934 2635 ἡμᾶς
953 2565 1039 2621 διὰ
1070 2568 1130 2621 τὸ
1162 2569 1332 2642 ὄνομά
1365 2590 1478 2628 σου.

1905 2582 1995 2640 55.
2025 2585 2092 2640 Et
2121 2589 2326 2645 redime
2354 2606 2454 2647 nos
2479 2603 2698 2663 propter
2723 2609 2920 2651 nomen
2951 2604 3122 2651 tuum.

249 2648 307 2701 Ἦ
334 2653 673 2762 προκειμένη
705 2654 984 2762 ἐπιγραφῂ
1018 2660 1264 2762 περιέχει
1415 2666 1521 2732 Εὶς
1544 2667 1609 2721 τὸ
1638 2669 1832 2738 τέλος,
1858 2675 2011 2747 ὑπὲρ
2043 2677 2160 2734 τῶν
2185 2648 2780 2754 ἀλλοιωθηοοιὶένων,
2809 2648 2932 2756 τοῖς
2956 2648 3271 2760 βῶξ-*Κορὲ
3304 2692 3385 2762 είς

181 2741 432 2807 σύνεσιν,
462 2743 585 2814 ᾠδὴ
610 2744 763 2815 ὑπὲρ
793 2747 900 2801 τοῦ
945 2748 1267 2819 Ἀγαπητοῦ
1298 2753 1399 2824 (2).

242 2834 443 2892 Titulus
493 2839 706 2908 psalmo
755 2840 1046 2910 inscriptus
1106 2845 1350 2902 continet
1398 2847 1511 2902 ειη
1553 2835 1732 2920 ﬁnem,
1781 2871 1875 2925 pro
1915 2860 2004 2928 iis,

183 2939 322 2993 ctum,
340 2932 609 2982 canticum
629 2945 724 2997 pro
747 2930 969 2987 Dilecto.

2045 2865 2134 2934 qui
2181 2869 2656 2939 commutabantur,
2719 2872 2846 2940 ﬁliis
2898 2874 3028 2931 Core
3073 2878 3142 2930 ad
3181 2879 3382 2934 intelle-

239 3023 285 3076 1.
313 3025 369 3077 Ὀ
391 3024 580 3096 Πατὴρ
612 3024 758 3094 λέγει
785 3027 912 3098 περὶ
936 3026 1010 3098 (5)
1034 3023 1128 3080 τοῦ
1151 3043 1283 3097 φανε
1294 3027 1465 3099 ρῶσαι
1489 3030 1580 3085 τὸν
1598 3033 1726 3089 ἐαυ-
1751 3050 1764 3102 4

1899 3042 1951 3097 1.
1983 3043 2148 3102 Pater
2178 3049 2423 3122 loquitur
2450 3055 2518 3112 de
2555 3059 2988 3118 manifestatiene
3018 3063 3141 3119 Filii
3182 3067 3264 3120 sui
3293 3064 3385 3120 Dei

183 3113 258 3166 τοῦ
279 3115 400 3168 Υἱὺν
427 3115 521 3169 τὸν
547 3114 680 3170 Θεὸν
704 3116 890 3186 Λόγον.

239 3204 287 3258 2.
325 3206 382 3259 '0
412 3205 619 3280 Κύριος
645 3207 933 3278 ἀναγγελεῖ
953 3209 1032 3281 τῷ
1059 3209 1234 3281 πιστῷ
1264 3211 1379 3284 λαῷ
1410 3213 1479 3268 τὰ
1525 3215 1724 3270 ἑαυτοῦ

186 3295 317 3364 ἔργα.

240 3388 285 3442 5.
321 3390 379 3442 Ὀ
413 3389 605 3462 Πατὴρ
638 3390 823 3460 λέγει·
855 3393 928 3446 Τὸ
967 3391 1188 3463 Πνεῦμα
1217 3410 1317 3464 μου
1347 3392 1407 3446 τὸ
1441 3395 1596 3463 ἆγιον
1623 3396 1725 3450 κά-

186 3478 332 3549 λαμός
362 3482 481 3534 ἐστι
505 3481 600 3534 τοῦ
629 3481 761 3536 Ἑίοῦ
800 3500 900 3553 μου
925 3499 940 3514 ο
976 3485 1036 3536 ὲν
1070 3483 1220 3554 αὴ,τῷ
1260 3483 1369 3554 γὰρ
1402 3485 1603 3555 γράφει
1629 3487 1726 3551 τὰς

186 3573 387 3642 καρδίας
412 3572 525 3625 τῶν
553 3574 913 3626 πιστευόντων
944 3574 1024 3637 εἰς
1049 3574 1231 3631 αὐτόν.
1517 3613 1521 3618 ι

238 3664 286 3718 4.
328 3666 384 3719 Ὀ
403 3666 534 3730 Υἱός
559 3683 661 3737 μου
687 3665 911 3730 ἄσπιλός
927 3667 1043 3719 ἐστι
1071 3667 1164 3722 καὶ
1184 3665 1414 3738 ἄμωμος
1440 3667 1578 3739 ὑπὲρ
1599 3669 1726 3730 τοὺς

186 3753 310 3818 υἱοὺς
340 3755 448 3818 τῶν
477 3754 806 3827 ἁνθρώπῳν.

241 3846 286 3900 5.
319 3849 443 3912 Τοῖς
481 3848 544 3901 τὸ
586 3849 848 3920 κήρυγμα
873 3846 1036 3900 αὑτοῦ
1067 3865 1181 3913 τοις
1219 3848 1424 3903 ἔθνεσιν
1458 3847 1715 3920 ἀναγγεί-

184 3935 261 4001 λας
309 3938 327 4010 Ῐ
347 3939 703 4009 ἀναγγείλασι
718 3938 760 4010 1.
821 3940 930 3993 Καὶ
979 3939 1096 4013 [οἳ]
1148 3941 1526 4010 ἀναγγελοῦσι,
1571 3943 1722 4016 χείλη

185 4029 322 4083 αὐτοῦ
347 4031 421 4100 (ὁ)
455 4033 700 4102 είρηκεν.

242 4122 288 4181 6,.
314 4123 416 4177 Τὸν
443 4123 634 4177 πιστὸν
659 4123 787 4176 λαὸν
811 4125 840 4178 ὁ
868 4123 1071 4196 Κύριος
1101 4124 1411 4198 εὐλόγησεν.

243 4213 289 4272 7.
324 4217 410 4269 Ἐν
459 4215 539 4286 τῷ
573 4214 849 4286 Πνεύματί
904 4233 996 4276 σου
1045 4216 1122 4287 τῷ
1166 4217 1306 4288 ἁγίῳ
1360 4216 1722 4288 ἀναγέννησον

185 4306 287 4370 τοὺς
310 4306 665 4372 πιστεύοντας
687 4309 768 4372 είς
800 4309 880 4362 σέ.

239 4399 286 4453 8.
318 4400 406 4470 Τῷ
428 4399 575 4470 λόγῳ
604 4417 697 4452 σου
725 4401 818 4454 καὶ
847 4402 912 4471 τῇ
943 4399 1123 4472 χάριτί
1151 4417 1267 4453 σου.

245 4488 288 4542 9.
318 4492 423 4544 Καὶ
450 4491 732 4562 ὲνίσχυσον
751 4491 876 4555 τοὺς
904 4491 1086 4560 ἁγίους
1110 4491 1206 4562 (5),
1242 4491 1333 4545 καὶ
1366 4489 1427 4542 τὸ
1466 4490 1722 4561 κήρυγμα

184 4579 337 4635 αὐτῶν
363 4582 752 4648 κατευόδωσον,
778 4584 871 4636 καὶ
893 4581 1228 4652 βασίλευσον.

243 4673 318 4728 10.
342 4674 438 4728 Διὰ
461 4675 591 4736 τοὺς
620 4675 806 4742 ἁγίους
834 4691 948 4730 σου.

242 4760 318 4814 11.
346 4763 454 4816 Καὶ
480 4760 696 4832 ἔχοντές
723 4778 782 4814 σε
803 4763 852 4814 oi
886 4763 1029 4831 ἅγιοι
1054 4763 1110 4814 ὲν
1134 4761 1368 4824 ἑαυτοῖς,
1385 4759 1633 4827 ἀγάγωσι
1656 4776 1715 4812 σε

182 4853 273 4913 τοῖς
294 4852 466 4907 ἔθνεσι
502 4852 594 4906 διὰ
628 4851 721 4905 τοῦ
754 4852 1122 4924 κηρύγματος.

243 4940 320 4994 12.
348 4944 410 4997 Oi
447 4941 738 4997 ἀπόστολοί
765 4960 858 4996 σου
889 4943 1211 5014 ἠκονημένοι
1242 4942 1332 4997 διὰ
1368 4943 1465 5014 τῆς
1501 4940 1746 5014 χάριτός¹

184 5043 262 5081 σου
269 5072 282 5084 .

237 5122 313 5177 15.
327 5123 793 5196 Ὑποταγήσονταί
813 5142 892 5177 σοι
909 5123 1034 5195 ἔθνη
1054 5124 1141 5178 διὰ
1164 5124 1264 5194 τῆς
1281 5125 1607 5189 πίστεώςσου
1621 5125 1720 5196 (6).

242 5215 319 5271 14.
351 5217 765 5288 Ἐτι.(¹ῖ).δντες
792 5219 850 5269 ὲν
875 5219 994 5279 ταῖς
1021 5217 1333 5288 ἁμαρτίαις.

239 5305 316 5362 15.
357 5310 420 5364 Ἠ
450 5307 703 5381 βασιλεία
725 5325 818 5361 σου
846 5307 1218 5379 ἁτελεύτητος.

1830 3131 2018 3192 Verbi.

1895 3271 1949 3327 2.
1989 3272 2252 3333 Dominus
2295 3281 2634 3339 annuntiabit
2676 3286 2875 3355 populo
2897 3287 3039 3343 fideli
3067 3305 3230 3359 opera
3265 3307 3385 3347 sua.

1895 3472 1950 3526 5.
1982 3471 2144 3529 Pater
2185 3477 2317 3534 dicit
2353 3499 2367 3535 :
2405 3481 2638 3551 Spiritus
2678 3502 2832 3543 meus
2880 3499 3102 3546 sanctus
3138 3493 3384 3548 calamus

1823 3572 1906 3617 est
1937 3562 2064 3619 Filii
2099 3569 2205 3637 mei
2234 3586 2248 3623 :
2275 3570 2329 3624 in
2377 3572 2496 3643 ipso
2535 3575 2682 3630 enim
2726 3579 2914 3634 scribit
2953 3581 3116 3636 corda
3159 3583 3380 3637 creden-

1824 3654 1954 3707 tium
1992 3655 2044 3710 in
2075 3671 2220 3711 eum.

1892 3745 1946 3798 4'.
1982 3744 2153 3801 Filius
2177 3762 2332 3803 meus
2365 3748 2827 3809 incontaminatus
2847 3764 2948 3823 est,
2981 3766 3036 3811 ct
3061 3757 3379 3814 immacula-

1824 3843 1912 3890 tus
1932 3852 2096 3907 super
2129 3838 2270 3894 ﬁlios
2300 3840 2603 3896 hominum.

1891 3929 1943 3984 5.
1970 3929 2433 3987 Annuntiantihus
2478 3933 2597 4016 eius
2626 3933 3066 4004 praedicationem
3102 3936 3379 4008 gentibus,

1822 4026 1877 4072 et
1901 4019 1995 4089 qui
2035 4022 2458 4089 annuntiabunt,
2490 4023 2628 4078 labia
2660 4023 2779 4095 ejus
2804 4034 2980 4080 vocat.

1895 4198 1950 4255 6.
1983 4198 2250 4270 Populum
2282 4201 2491 4256 ﬁdelem
2524 4199 2788 4258 Dominus
2811 4204 3101 4259 benedixit.

1896 4291 1950 4347 7.
1977 4291 2034 4346 ln
2069 4290 2274 4363 Spiritu
2305 4307 2492 4350 sancto
2519 4304 2611 4348 tuo
2639 4309 2894 4365 regenera
2920 4297 3200 4352 credentes
3230 4297 3281 4351 in
3303 4306 3374 4354 te.

1896 4468 1949 4524 8.
1984 4467 2162 4525 Verbo
2188 4479 2304 4538 tuo,
2327 4478 2380 4525 et
2413 4469 2582 4540 gratia
2609 4477 2721 4524 tua.

1893 4560 1944 4615 9.
1972 4559 2038 4616 Et
2065 4561 2352 4616 corrobora
2375 4570 2615 4628 sanctos,
2639 4569 2694 4616 et
2723 4559 3159 4630 praedicationem
3189 4578 3372 4619 eorum

1824 4667 2082 4722 prospere
2112 4651 2303 4723 dirige,
2338 4661 2392 4708 et
2416 4668 2601 4723 regna.

1897 4744 1982 4798 10.
2011 4743 2237 4814 Propter
2267 4755 2485 4802 sanctos
2507 4757 2652 4806 tuos.

1896 4839 1984 4892 11.
2023 4837 2090 4893 Ει
2117 4839 2295 4894 sancti
2333 4840 2593 4898 habentes
2628 4851 2681 4900 tc
2713 4844 2765 4899 in
2790 4861 2848 4902 se
2877 4847 3010 4918 ipsis
3035 4847 3303 4905 adducent
3328 4858 3369 4903 te

1823 4929 2076 4999 gentibus
2104 4945 2201 5002 per
2224 4932 2682 5000 pradicationem.

1895 5020 1983 5076 12.
2010 5021 2253 5092 Apostoli
2283 5024 2382 5090 tui,
2409 5041 2548 5095 quos
2574 5028 2791 5083 exacuit
2817 5029 2988 5097 gratia
3023 5039 3133 5083 tua.

1895 5116 1983 5170 15.
2016 5116 2385 5186 Subjicientur
2409 5119 2503 5174 tibi
2529 5130 2718 5189 gentes
2747 5136 2842 5190 per
2863 5123 3017 5176 Iidem
3045 5132 3213 5178 tuam.

1893 5209 1982 5263 14.
2017 5209 2211 5265 Adhuc
2230 5221 2603 5280 permanentes
2627 5212 2679 5264 in
2709 5213 2964 5280 peccatis.

1897 5301 1989 5357 15.
2024 5303 2271 5373 Regnum
2297 5310 2452 5358 tuum
2477 5302 2882 5373 sempiternum.

1103 5423 1412 5486 Addenda
1439 5430 1500 5486 et
1545 5419 1922 5498 corrigenda
1947 5435 2026 5480 ex
2056 5417 2197 5482 cod.
2232 5415 2436 5478 Vatic.

237 5521 306 5600 (1)
341 5527 402 5600 ΣΗ
432 5527 520 5600 διὰ
552 5528 652 5600 τῆς
691 5526 1054 5600 κινναϐάρεως
1092 5545 1217 5599 περο

236 5594 309 5668 (ξ)
341 5595 643 5668 Explicatio
672 5597 812 5651 tituli
841 5594 990 5653 deest
1017 5599 1073 5651 in
1100 5594 1329 5666 utroque
1354 5596 1561 5652 codice.

237 5665 308 5735 t5)
341 5665 474 5735 Περί
500 5669 673 5721 deest.

234 5733 303 5802 μ)
329 5733 724 5806 Διαγγείλασιν,
767 5739 855 5791 καὶ
894 5737 1294 5805 ἀναγγελοῦσιν,
1326 5737 1474 5809 χείλη
1506 5735 1719 5802 αὐτοῦς,

1816 5533 1916 5579 ctc.

1891 5593 1967 5662 (5)
2014 5595 2222 5664 Ἀγίους
2254 5609 2366 5646 σου.

1887 5664 1962 5734 (6)
1994 5669 2109 5719 Σου
2132 5668 2300 5721 deest.

1895 5737 1970 5806 (7)
2003 5738 2085 5789 οξ.
