3750 6396
338 316 402 361 82
415 310 446 361 7
1175 308 1234 359 5.
1275 305 1650 358 ATHANASII
1689 305 1819 359 ΟΡΡ

2100 302 2188 358 Ill.
2224 333 2294 346 -νο
2329 302 2737 358 ΕΧΕΟΕΤΙΟΔ.
3467 305 3571 362 823

414 421 498 474 16.
533 416 691 488 Virga
718 414 1029 472 directionis
1056 414 1207 485 virga
1233 415 1382 485 regni
1408 415 1509 470 tui.

2084 413 2156 468 I6.
2207 414 2428 477 Ῥάσδος
2452 413 2744 486 εὐθύτητος
2766 415 3009 487 ήράὸδος
3034 415 3133 486 τῆς
3161 415 3437 485 βασιλείας
3454 438 3565 478 σου.

412 511 498 564 17.
530 509 772 563 Dilexisti
798 505 1065 577 justitiam
1088 513 1143 558 et
1172 503 1336 560 odisti
1364 505 1702 574 iniquitatem
1730 521 1746 560 :

2090 505 2167 559 l7.
2212 506 2533 578 Ἠγάπησας
2581 506 2952 578 δικαιοσύνην,
2998 507 3094 561 καὶ
3143 507 3410 582 ἐμίσησας
3451 513 3571 568 ἀνο-

2059 595 2142 648 ίαν
2165 610 2180 626 ⁸

412 689 496 743 18.
528 687 813 757 Propterea
839 685 994 740 unxit
1027 693 1077 741 te
1105 684 1270 748 Deus.
1303 684 1447 741 Deus
1469 698 1617 751 tuus,

2059 613 2142 648 ιαν
2165 613 2180 626 ·

2013 613 2052 666 μ
2078 688 2164 742 18.
2196 687 2296 742 Διὰ
2322 688 2478 742 τοῦτο
2508 687 2691 761 ἔχρισέ
2717 705 2775 743 σε
2801 691 2828 741 ὁ
2853 688 3004 754 θεὸς,
3028 690 3058 742 ὁ
3085 689 3217 754 Θεός
3250 707 3366 760 σου,

413 782 500 837 19.
524 779 654 835 Oleo
685 780 881 834 laztitiaa
905 794 1014 850 prae
1036 778 1388 833 consortibus
1418 779 1548 834 tuis.

2087 779 2174 833 19.
2211 779 2430 833 Ἔλαιον
2457 778 2824 846 ἀγαλλιάσεως
2853 779 3002 850 παρὰ
3018 779 3146 843 τοὺς
3175 781 3434 852 μετόχους
3454 800 3567 841 σου.

412 873 501 928 20.
537 872 774 943 Myrrha,
802 881 855 927 et
881 880 1054 942 gutta,
1089 878 1144 926 et
1169 870 1317 926 casia
1347 886 1376 925 a
1403 869 1743 927 vestimentis
1770 869 1893 937 tuis,

2088 873 2169 926 ΞΟ.
2201 871 2447 943 Σμύρνα,
2481 872 2577 925 καὶ
2613 871 2837 942 στακτὴ,
2869 872 2961 925 καὶ
2987 873 3150 927 κασία
3175 873 3284 928 ἀπὸ
3313 875 3422 930 τῶν
3449 878 3569 948 ίμα-

2006 981 2137 1017 τιων
2169 980 2284 1026 σου,

400 1055 490 1110 2l.
521 1054 566 1108 Α
603 1054 854 1109 domibus
903 1054 1183 1119 eburneis,
1231 1069 1298 1108 ex
1351 1054 1549 1124 quibus
1596 1053 1881 1109 delectave-

2088 1056 2171 1110 21.
2214 1055 2354 1109 Ἀπὸ
2383 1053 2592 1125 βάρεων
2614 1053 2992 1124 ἐλεφαντίνων,
3023 1055 3082 1122 ἐξ
3103 1074 3176 1111 ων
3197 1056 3471 1129 εὔφρανάν
3510 1075 3569 1113 σε

339 1155 463 1203 τυιιι
490 1154 543 1199 te

404 1236 494 1290 22.
529 1230 676 1289 Filiae
701 1249 887 1303 regum
920 1233 976 1287 in
1003 1231 1210 1286 honore
1237 1241 1328 1286 tuo
1357 1250 1372 1285 :

2083 1228 2174 1282 22.
2202 1235 2508 1299 Θυγατερες
2540 1226 2800 1297 βασιλέων
2821 1228 2878 1281 ἐν
2903 1228 2966 1297 τῇ
2991 1229 3122 1298 τιμῇ
3160 1243 3252 1279 σου
3270 1244 3285 1260 ο

401 1327 491 1382 23.
519 1327 706 1381 Astitit
739 1326 921 1396 regina
949 1340 979 1379 a
1011 1324 1218 1380 dextris
1242 1323 1374 1388 tuis,

2076 1321 2167 1376 23.
2205 1321 2458 1394 Παρέστη
2493 1322 2525 1391 ἠ
2556 1319 2836 1390 βασίλισσα
2871 1322 2934 1372 ἐκ
2956 1318 3142 1386 δεξιῶν
3177 1337 3292 1386 σου,

400 1417 492 1476 2t.
521 1417 578 1471 1n
611 1417 806 1472 vestitu
839 1415 1109 1470 deaurato.
1129 1414 1466 1469 circumdata
1495 1414 1778 1468 varietate.

2088 1411 2168 1466 ξι.
2217 1413 2304 1464 Ἐν
2354 1411 2630 1483 ἱματισμῷ
2664 1410 2936 1484 διαχρύσῳ
2983 1411 3440 1484 περιϐεϐλημένη,
3476 1432 3569 1468 πε-

2007 1500 2348 1554 ποικιλαένη.

401 1593 492 1653 25.
517 1590 680 1655 Audi,
717 1591 847 1658 (ilia,
876 1599 932 1645 et
973 1590 1116 1655 vide,
1148 1597 1203 1644 et
1241 1588 1440 1644 inclina
1473 1604 1658 1644 aurem
1703 1599 1848 1644 tuam

2090 1518 2186 1554 ικιλ
2234 1518 2257 1553 ε
2332 1539 2348 1554 .

2090 1592 2166 1647 ξῦ.
2192 1518 2370 1645 ξΑνδίδυ
2383 1609 2496 1658 σον,
2529 1592 2788 1663 θύγατερ,
2813 1593 2908 1646 καὶ
2933 1593 3032 1657 ἷδε,
3066 1593 3160 1646 καὶ
3184 1592 3362 1648 κλῖνον
3388 1593 3450 1648 τὸ
3477 1589 3571 1660 οὖς

2007 1701 2124 1740 σου.

403 1768 492 1822 26.
527 1767 594 1822 Et
621 1767 940 1825 obliviscere
969 1766 1227 1837 populum
1267 1775 1418 1820 tuum
1454 1774 1508 1821 et
1531 1767 1751 1821 domum
1802 1782 1884 1836 pa-

2083 1775 2158 1830 16.
2192 1777 2302 1829 Καὶ
2334 1775 2593 1830 ἐπιλάθου
2623 1773 2717 1828 τοῦ
2742 1775 2872 1829 λαου
2903 1792 2996 1828 σου
3028 1777 3124 1830 καὶ
3151 1775 3247 1829 τοῦ
3273 1776 3423 1830 οἴκου
3468 1773 3564 1832 τοῦ

342 1861 436 1920 tris
463 1860 563 1914 tui.

2006 1867 2211 1939 πατρός
2245 1884 2359 1923 σου.

403 1955 494 2009 27.
530 1954 595 2008 Et
624 1952 969 2024 concupiscet
996 1967 1091 2006 rex
1121 1953 1371 2007 decorem
1407 1961 1556 2004 tuum
1589 1969 1605 2004 :

2074 1960 2164 2013 27.
2200 1959 2310 2012 Καὶ
2335 1958 2666 2029 ἐπιθυμήσει
2689 1958 2717 2008 ὁ
2751 1957 3003 2029 βασιλεὺς
3021 1959 3114 2012 τοῦ
3138 1959 3372 2023 κάλλους
3405 1975 3496 2012 σου
3517 1975 3531 1988 ⁸

404 2052 493 2105 28.
525 2051 792 2118 Quoniam
815 2050 930 2119 ipse
957 2057 1040 2104 est
1068 2047 1329 2102 Dominus
1367 2054 1514 2109 tuus,
1547 2054 1602 2100 et
1645 2043 1885 2099 adorabis

2091 2048 2168 2104 28.
2202 2051 2324 2103 Ὀτι
2350 2049 2511 2113 αὑτός
2539 2051 2657 2102 ἐστι
2699 2049 2904 2122 Κύριός
2957 2068 3085 2120 σου,
3131 2052 3226 2104 καὶ
3267 2046 3572 2122 προσκυνή-

342 2160 485 2200 eum.

2009 2156 2122 2202 σεις
2150 2137 2317 2210 αὐτῷ.

403 2237 472 2293 29
525 2235 590 2290 Et
623 2233 728 2288 tilia
753 2231 881 2304 Tyri
925 2232 978 2286 in
1007 2231 1344 2286 muneribus.

2076 2229 2166 2286 29.
2201 2228 2275 2301 (ο)
2308 2229 2418 2284 Καὶ
2442 2227 2686 2301 θυγάτηρ
2711 2229 2887 2301 Τύρου
2919 2233 2976 2284 ἐν
3003 2231 3214 2304 δώροις.

405 2356 482 2427 (α)
517 2352 577 2409 γ’.
609 2353 701 2419 29,
748 2351 861 2406 Καὶ
891 2351 1358 2424 προσκυνήσουσιν
1391 2348 1540 2415 αύτῷ
1568 2347 1864 2419 θυγατέρες
1902 2347 2078 2421 Τύρου
2110 2349 2168 2402 ἐν
2199 2347 2392 2420 δώροις
2424 2347 2492 2406 V.
2522 2349 2612 2417 30,
2645 2348 2737 2416 Τό,
2763 2358 2870 2406 etc.

1445 2484 1824 2541 ATHANASII
1859 2483 2448 2542 INTEBPRETATIO.

405 2604 494 2659 16.
520 2601 770 2658 Potestas
792 2612 993 2659 aeterna
1014 2618 1243 2673 regnum
1270 2611 1447 2658 tuum.

2079 2600 2166 2655 16.
2212 2600 2462 2665 Ἐξουσία
2487 2599 2700 2664 αἰώνιος
2725 2601 2758 2671 ἡ
2793 2599 3036 2671 βασιλεία
3062 2616 3175 2652 σου.

407 2695 494 2748 17.
532 2693 775 2748 Dilexisti
815 2703 1033 2749 sanctos
1082 2703 1228 2757 tuos,
1277 2703 1332 2748 et
1373 2693 1538 2747 odisti
1592 2692 1888 2748 inventores

2091 2694 2156 2746 .7.
2203 2693 2524 2764 Ἠγάπησας
2544 2694 2670 2758 τοὺς
2693 2693 2877 2762 ἁγίους
2909 2709 3021 2756 σου,
3039 2692 3132 2744 καὶ
3163 2692 3438 2765 ἐμίσησας
3450 2704 3572 2760 τοὺς

341 2785 660 2856 miquitalis,
696 2785 974 2840 diabolum
1008 2799 1220 2856 nempe,
1241 2794 1296 2840 et
1319 2785 1538 2854 angelos
1567 2785 1706 2854 ejus.

2094 2785 2232 2850 δετὰς
2259 2787 2358 2858 τῆς
2381 2785 2628 2856 ἀνομίας,
2661 2784 2813 2855 φημὶ¹
2835 2783 2900 2854 δὴ
2930 2784 3019 2836 τὸν
3051 2782 3298 2836 διάϐολον
3332 2786 3575 2852 καὶτοὺς

2007 2877 2272 2933 ἀγγέλους
2297 2877 2486 2933 αὐτοῦ.

407 2957 496 3025 18,
529 2958 616 3014 19.
651 2958 943 3028 Propterea
966 2959 1301 3014 renuntiavit
1327 2967 1380 3014 te
1407 2957 1567 3013 Pater
1601 2974 1697 3028 per
1727 2957 1888 3030 Spiri-

2088 2896 2272 2946 γεΑους
2297 2896 2486 2933 αυτου.

2088 2968 2275 3033 [8,19.
2324 2968 2423 3022 Διὰ
2474 2967 2634 3023 τοῦτο
2674 2968 2911 3036 ἀνέδειξέ
2960 2985 3021 3021 σε
3062 2970 3090 3021 ὁ
3138 2967 3330 3039 Πατὴρ
3361 2967 3451 3020 διὰ
3479 2965 3569 3020 τοῦ

341 3059 449 3104 tum
472 3057 722 3107 sanctum
749 3066 930 3122 regem
952 3052 1065 3121 jam
1098 3053 1455 3108 exsistentem
1489 3068 1504 3104 :
1536 3052 1822 3122 quandoqn;

2091 3062 2318 3133 εύματος
2358 3061 2514 3130 ἁγίου
2553 3061 2779 3132 βασιλέα
2804 3062 2934 3116 ὄντα
2956 3079 2970 3093 ⁸
3003 3061 3300 3132 ἐπειδήπερ
3336 3062 3572 3132 ὑπῆρχες

342 3147 458 3198 dem
486 3159 699 3214 semper
720 3143 974 3199 exstitisti
1003 3159 1102 3198 rex
1130 3159 1294 3213 supra
1324 3159 1442 3208 eos,
1473 3143 1569 3214 qui
1605 3144 1823 3216 particil

2110 3150 2362 3221 βασιλεὺς
2391 3151 2532 3221 ὑπὲρ
2561 3153 2687 3215 τοὺς
2717 3151 3040 3221 γενομένους
3059 3151 3319 3221 μετόχους
3349 3151 3448 3222 τῆς
3476 3150 3572 3219 χά-

341 3234 560 3289 fuerunt
612 3235 800 3304 gratiae
854 3243 1002 3300 tute;
1057 3233 1492 3303 Melchisedech,
1550 3237 1796 3307 inquam,

2094 3245 2150 3308 ὀς
2179 3261 2272 3297 σου
2293 3261 2306 3274 ·
2344 3243 2488 3312 λέγω
2517 3243 2581 3313 δὴ
2608 3241 2962 3314 Μελχισεδὲχ,
2980 3243 3072 3295 καὶ
3093 3241 3278 3306 Δαδὶδ,
3309 3243 3403 3296 καὶ
3433 3239 3575 3307 Ἐζε-

343 3323 531 3384 David.
563 3333 616 3378 et
638 3322 889 3388 Ezechia,
911 3334 966 3378 et
988 3322 1157 3391 Josia,
1185 3333 1241 3380 et
1271 3335 1542 3396 quotquot
1569 3326 1653 3382 bis
1695 3326 1817 3382 simi

1635 3343 1653 3382 s
1695 3326 1904 3384 similes
2002 3337 2114 3406 χία,
2140 3335 2235 3389 καὶ⁵
2276 3335 2478 3399 Ἰωσία,
2508 3333 2602 3386 καὶ
2624 3334 2736 3387 ὅσοι
2763 3333 2883 3387 κατ’
2907 3333 3116 3397 αὐτούς.

342 3415 584 3470 fuerunt.

409 3505 498 3562 20.
530 3504 751 3576 Myrrha
775 3505 1158 3575 interpretatur
1184 3505 1411 3560 melodia
1445 3508 1700 3577 ipsorum.
1738 3509 1890 3564 Melo-

2082 3509 2161 3564 ΞΟ.
2198 3510 2440 3579 Σμύρνα
2494 3507 2850 3581 ἑρμηνεύεται
2895 3508 3159 3578 palmam
3197 3507 3417 3563 αὐτῶν.
3453 3508 3563 3579 Τὴν

341 3599 484 3652 diam
507 3598 670 3669 igitur
692 3611 904 3663 eorum,
939 3607 992 3652 et
1019 3598 1265 3668 gentium
1306 3596 1660 3670 fragrantiam
1705 3601 1822 3673 sign

2093 3620 2096 3639 ν
2127 3601 2394 3672 μελῳδίαν
2421 3599 2601 3654 αὐτῶν
2635 3599 2732 3671 (1),
2761 3600 2853 3653 καὶ
2893 3599 2989 3670 τὴν
3011 3599 3236 3653 εὐωδίαν
3267 3600 3378 3653 τῶν
3411 3599 3574 3654 ἐθνῶν

340 3701 445 3754 cat,
468 3705 630 3760 quam
658 3705 690 3743 a
718 3689 968 3744 doctrina
1002 3689 1236 3760 collegit.

2003 3692 2172 3759 λέγει,
2206 3692 2271 3762 ἣν
2300 3693 2700 3762 ἐπισυνήγαγεν
2730 3690 2838 3744 ἀπὸ
2861 3692 2963 3762 τῆς
2988 3690 3341 3756 διδασκαλίας
3372 3692 3472 3763 (2).

338 3800 345 3805 -
410 3779 499 3834 2t.
529 3779 610 3834 Ab
646 3779 876 3833 urhihus
901 3779 1075 3835 ﬁrmis
1100 3789 1164 3850 _et
1187 3779 1424 3846 decoris,
1466 3777 1572 3834 hoc
1599 3788 1683 3836 est
1714 3795 1746 3835 a
1773 3795 1819 3836 s:

2096 3784 2164 3838 ιι.
2210 3783 2342 3836 Ἀπὸ
2381 3783 2490 3837 τῶν
2530 3782 2738 3836 πόλεων
2779 3782 2887 3836 τῶν
2923 3783 3177 3854 ἰσχυρῶν,
3229 3783 3340 3838 τῶν
3383 3785 3577 3857 εὐπρε-

349 3871 474 3934 ctis,
499 3871 643 3925 unde
664 3869 970 3924 laetiﬁcatus
993 3884 1072 3924 es.

2007 3875 2146 3938 πῶν,
2175 3875 2424 3927 τουτέστι
2454 3874 2564 3927 τῶν
2593 3874 2783 3944 ἁγίων,
2809 3871 2868 3938 ἐξ
2886 3867 2960 3926 ὧν
2989 3874 3321 3946 εύφράνθης.

412 3961 505 4042 22.
538 3960 745 4013 Anima:
779 3969 1091 4014 sanctorum
1114 3959 1492 4030 gloriﬁcabunt
1519 3968 1590 4015 te.

2074 3967 2167 4024 22.
2201 3968 2267 4020 Δί
2292 3966 2463 4037 ψυχαὶ
2491 3966 2603 4020 τῶν
2636 3965 2808 4034 ἁγίων
2837 3963 3117 4030 δοξάσουσί
3145 3982 3225 4022 σε.

412 4054 503 4108 2-1.
537 4051 802 4107 Ecclesia.
866 4108 876 4119 _

2077 4059 2173 4113 25.
2210 4059 2275 4110 'H
2312 4059 2625 4130 Ἐκκλησία.

415 4142 506 4197 25.
540 4141 601 4197 In
633 4139 930 4196 multifaria
959 4140 1227 4211 sapientia
1258 4151 1474 4198 ornata.

2078 4149 2169 4204 24.
2211 4150 2300 4202 Ἐν
2329 4153 2394 4222 τῇ
2431 4152 2592 4221 σοφίᾳ
2613 4154 2680 4222 τῇ
2716 4151 3084 4221 πολυποικίλῳ
3114 4151 3522 4223 κεκοσμημένη.

411 4232 503 4288 25.
529 4231 694 4298 Audi,
738 4230 870 4285 dicit
902 4230 1156 4286 Ecclesia:
1188 4247 1254 4286 ex
1288 4233 1539 4302 gentibus
1569 4233 1892 4303 praedicatio-

2093 4242 2175 4297 25.
2209 4241 2474 4294 Ἀκουσον
2498 4282 2513 4306 ,
2549 4242 2695 4310 λέγει
2731 4245 2797 4314 τῇ
2844 4241 3136 4313 Ἐκκλησία
3174 4245 3242 4314 τῇ
3288 4242 3346 4308 ἐξ
3377 4243 3574 4309 ἐθνῶν,

343 4341 468 4380 nem
515 4325 757 4392 Domini,
809 4333 865 4380 et
916 4326 1135 4382 attende
1179 4326 1351 4383 oculis
1392 4326 1576 4383 cordis
1626 4342 1824 4398 prazcer

2095 4331 2112 4385 3
2139 4331 2494 4403 κηρύγματος
2513 4331 2608 4385 τοῦ
2630 4333 2856 4405 Κυρίου,
2883 4332 2978 4386 καὶ
2995 4332 3230 4403 πρόσχες
3244 4335 3359 4396 τοῖς
3382 4333 3576 4403 ὀφθαλ-

346 4417 583 4483 Domini,
606 4425 661 4474 et
691 4417 937 4473 ausculta
962 4433 1108 4474 eum.

2094 4424 2142 4485 ῖς
2165 4421 2266 4492 τῆς
2287 4420 2513 4493 καρδίας
2535 4425 2657 4485 ταῖς
2680 4421 2922 4486 ἐντολαῖς
2970 4420 3064 4474 τοῦ
3099 4421 3328 4492 Κυρίου,
3370 4424 3462 4475 καὶ
3491 4423 3575 4474 ὑπ-

2018 4515 2246 4569 άκουσον
2276 4513 2463 4568 αὐτοῦ.

412 4596 504 4652 26.
533 4594 600 4651 Et
625 4596 945 4654 obliviscere
964 4598 1304 4671 gentilitatis,
1328 4608 1381 4652 et
1397 4598 1733 4658 idololatriae.

2095 4607 2177 4663 26.
2213 4608 2324 4662 Καὶ
2345 4607 2601 4661 ἐπιλάθου
2635 4605 2727 4661 τοῦ
2776 4605 3127 4677 Ἑλληνισμοῦ
3164 4607 3258 4659 καὶ
3299 4607 3401 4678 τῆς
3429 4608 3576 4661 είδω-

2013 4696 2344 4768 λολατρείας,

415 4773 506 4830 27.
535 4773 799 4829 Dominus
824 4777 982 4831 (idem
1007 4786 1175 4832 tuam.

2090 4788 2181 4843 27.
2229 4791 2286 4844 Ὀ
2312 4791 2517 4862 Κύριος
2548 4793 2645 4863 τῆς
2681 4791 2916 4856 πίστεώς
2949 4808 3061 4846 σου.

415 4864 506 4919 28.
532 4865 802 4932 Quoniam
827 4866 945 4938 ipse
982 4876 1065 4925 est
1088 4868 1350 4925 Dominus
1383 4878 1534 4937 tuus,
1580 4877 1630 4924 et
1673 4869 1775 4941 ipsi
1818 4867 1896 4924 ﬂe‘

2093 4881 2178 4934 28.
2216 4881 2338 4935 Ὀτι
2367 4883 2530 4945 αὐτός
2568 4885 2683 4935 ἐστι
2708 4882 2983 4954 Δεσπότης
3015 4899 3129 4944 σου,
3163 4884 3260 4935 καὶ
3282 4880 3434 4951 αὺτῷ
3475 4878 3574 4933 κλί-

349 4958 513 5013 ctitur
538 4973 701 5014 omne
722 4975 863 5030 genu
891 4960 944 5015 in
971 4961 1108 5017 caelo
1129 4970 1182 5017 et
1207 4963 1261 5016 in
1289 4971 1433 5017 terra
1463 4962 1529 5018 ⁸⁸.

2018 4987 2099 5024 νει
2127 4971 2202 5043 (5)
2237 4971 2423 5044 [πᾶν]
2455 4974 2584 5043 γόνυ
2615 4975 2672 5027 ἐν
2699 4973 2912 5046 οὐρανῷ
2941 4975 3034 5027 καὶ
3059 4973 3151 5026 ἐπὶ
3176 4973 3302 5043 γῆς.

418 5049 509 5105 29.
541 5047 606 5104 Et
658 5050 768 5104 ﬁlia
817 5051 1178 5117 confusionis,
1228 5066 1423 5121 nempe
1453 5051 1792 5118 idololatriae,
1826 5049 1899 5104 ad-

2093 5061 2184 5116 29.
2215 5065 2328 5117 Kal.
2353 5065 2450 5136 τῆς
2480 5065 2793 5136 συγχύσεως
2820 5065 3082 5137 θυγάτηρ,
3119 5063 3262 5134 λέγω
3294 5065 3358 5135 δὴ
3381 5063 3479 5133 τῆς
3507 5064 3574 5114 εί·

351 5140 514 5195 ducta
584 5149 669 5196 est
729 5142 797 5197 ad
861 5141 1042 5197 ﬁdem.
1104 5141 1274 5212 Tyrus
1323 5143 1469 5198 enim
1532 5143 1832 5212 interpretal

2097 5154 2436 5228 λολατρείας,
2490 5158 2832 5231 προσηνέχθη
2887 5161 2944 5214 ἐν
2998 5158 3202 5211 πίστει.
3263 5158 3443 5227 Τύρος
3476 5152 3577 5226 γὰρ

352 5233 618 5301 confusio.

2020 5247 2325 5316 σύγχυσις
2359 5249 2732 5322 ἑρμηνεύεται.

424 5343 470 5376 ⁸⁵
501 5343 605 5401 lsa.
638 5364 758 5414 xcv,
788 5350 894 5417 24;
928 5349 1088 5406 Rom.
1117 5365 1228 5418 xw,
1253 5351 1353 5416 11;
1386 5349 1582 5421 Philip.
1618 5366 1678 5418 ιι,
1711 5350 1796 5404 10.

1324 5464 1634 5527 Addenda
1665 5471 1726 5527 et
1757 5463 2132 5545 corrigenda
2163 5481 2243 5526 ex
2275 5465 2414 5529 cod.
2445 5467 2616 5530 νοιΞὲ

434 5579 510 5720 (lg
537 5580 742 5635 Αὐτῶν
767 5583 937 5638 deest.

434 5648 485 5719 [2
543 5651 898 5718 Διδασκαλίας
929 5670 1054 5720 σου,

1920 5593 1932 5606 '
2106 5587 2182 5660 ('5)
2208 5588 2441 5654 Κλινείς.

961 5670 1054 5720 ουκ

429 5648 505 5720 (2)
543 5651 898 5718 Διδασκαλίας
929 5670 1054 5722 σου,
