3750 6372
177 275 275 346 835
1067 271 1160 327 DE
1185 269 1456 327 TlTULlS
1488 266 1935 325 PSALMORUM.
1965 265 2257 322 —'PSAL.
2292 265 2472 322 XLVI.
3299 271 3411 329 831

237 391 324 446 20.
357 391 672 461 Σχολάσατε
699 392 791 446 καὶ
828 389 1020 460 γνῶτε,
1047 389 1133 442 ’ὅτι
1156 387 1268 456 ἐγώ
1295 390 1409 458 είμι
1447 388 1476 439 6
1497 387 1646 450 Θεός.

1916 386 1997 442 20.
2025 386 2222 442 Vacate
2243 395 2296 442 et
2325 386 2637 457 cognoscite
2656 387 2914 458 quoniam
2947 402 3050 459 ego
3083 402 3203 442 sum
3230 386 3397 444 Deus.

238 483 325 538 21.
367 482 756 556 ’Υψωθήσομαι
787 485 846 536 ἐν
870 485 981 545 τοῖς
1012 481 1243 546 ἔθνεσιν,
1281 479 1644 551 ὑψωθήσομαι
1676 479 1719 530 ἐκ

1906 479 1997 534 21.
2023 477 2314 534 Exaltabor
2333 479 2387 533 in
2419 481 2690 550 gentibus,
2717 480 2996 536 exaltabor
3017 480 3072 534 in
3093 489 3259 536 terra.

180 577 239 646 τῇ
268 577 358 645 γῇ.

239 665 323 718 22.
361 661 569 732 Κύριος
601 658 708 714 τῶν
732 657 1013 729 δυνάμεων
1048 659 1165 730 μεθ’
1192 656 1381 730 ἡμῶν

1903 657 1990 711 22.
2028 657 2287 713 Dominus
2309 658 2562 712 virtutum
2584 658 2867 714 nobiscum
2893 677 2907 713 :

238 756 322 810 25.
363 753 740 825 Ἀντιλήπτωρ
769 749 927 822 ἡμῶν
957 751 986 804 ό
1007 750 1138 815 Θεὸς
1185 750 1399 806 Ἰακὼὄ.

1903 745 1993 801 25.
2031 744 2322 817 Susceptor
2347 756 2529 803 noster
2557 747 2700 802 Deus
2726 747 2917 804 Jacob.

183 870 272 933 Εις
299 867 364 921 τό
397 867 600 932 τέλος,
641 863 792 933 ὑπὲρ
831 862 949 917 τῶν
994 863 1140 918 υἱῶν
1177 864 1345 932 Κορέ.
1383 865 1554 921 ΨΑΛ.
1583 867 1664 919 MC

2009 857 2078 912 In
2101 859 2279 928 ﬁnem,
2336 875 2429 928 pro
2451 860 2578 929 ﬁliis
2603 858 2753 915 Core.
2773 859 2983 915 'PSAL.
3017 857 3113 913 XL
3131 858 3224 916 VI.

240 981 286 1032 1.
315 978 502 1032 Πάντα
525 975 596 1030 τά
623 975 774 1048 ἔθνη,
806 975 1106 1046 κρατήσατε
1127 977 1314 1047 χεῖρας
1335 991 1351 1008 ο

1907 964 1957 1018 1.
1989 963 2189 1021 Omnes
2217 976 2426 1038 gentes,
2459 969 2700 1038 plaudite
2729 970 3014 1037 manibus;

239 1073 288 1126 2.
333 1069 663 1133 Ἀλαλάξατε
683 1067 761 1140 τῷ
788 1067 908 1139 Θεῷ
937 1069 994 1121 ἐν
1016 1069 1164 1138 φωνῇ
1195 1067 1589 1137 ἀγαλλιάσεως·

1556 1085 1589 1130 ζ.
1901 1057 1955 1108 2.
1993 1055 2227 1114 Jubilate
2261 1059 2368 1114 Deo
2393 1061 2444 1114 in
2477 1076 2609 1116 voce
2637 1063 3037 1130 exsultationis,

241 1164 290 1218 3.
319 1162 444 1214 Ὀτι
465 1161 676 1233 Κύριος
703 1159 944 1231 ὕψιστος,
972 1159 1220 1233 φοϐερὸς,

1903 1149 1954 1203 5.
1984 1149 2252 1216 Quoniam
2284 1151 2547 1207 Dominus
2577 1155 2844 1222 excelsus,
2875 1156 3152 1222 terribilis,

238 1253 288 1306 4.
313 1251 581 1316 Βασιλεὺς
611 1251 782 1322 μέγας
807 1251 898 1304 ἐπὶ
922 1252 1105 1304 πᾶσαν
1133 1249 1230 1322 τὴν
1251 1250 1379 1320 γῆν.

1901 1243 1954 1296 ι.
1987 1241 2102 1296 Rex
2132 1259 2362 1314 magnus
2384 1259 2550 1315 super
2575 1261 2790 1301 omnem
2823 1257 3044 1302 terram.

239 1343 287 1396 5.
327 1342 597 1407 Ὑπέταξε
618 1341 781 1404 λαοὺς
813 1344 969 1413 ἡμῖν,
996 1341 1092 1396 καὶ
1123 1340 1250 1412 ἔθνη
1280 1340 1386 1394 ὑπὸ
1416 1340 1541 1405 τοὺς
1565 1340 1720 1406 πόδας

1917 1335 1954 1388 5.
1984 1333 2225 1404 Subjecit
2254 1337 2483 1406 populos
2526 1339 2708 1404 nobis,
2735 1349 2789 1394 et
2816 1348 3002 1409 gentes
3033 1339 3136 1394 sub
3165 1338 3398 1409 pedibus

180 1436 208 1504 ἡ
215 1433 342 1504 μῶν.
911 1429 914 1432 ’

1831 1428 2056 1482 nostris.
2803 1467 2819 1486 κ

237 1523 286 1576 6.
333 1522 650 1590 Ἐξελέξατο
681 1523 812 1594 ἡμῖν
838 1521 938 1588 τὴν
966 1521 1329 1594 κληρονομίαν
1359 1519 1557 1591 ἐαυτῷ,

1414 1519 1557 1591 ιυτῷ,
1901 1517 1954 1571 6.
1984 1517 2156 1587 Elegit
2186 1519 2346 1575 nobis
2377 1521 2746 1578 hereditatem
2770 1524 2895 1589 sibi,

237 1615 286 1667 7.
311 1614 424 1686 Τὴν
455 1613 716 1685 καλλονὴν
753 1612 967 1678 Ἰακὼϐ,
1001 1615 1069 1683 ἢν
1097 1613 1403 1684 ἠγάπησεν.

1401 1658 1403 1665 ι
1722 1602 1727 1606 ’
1901 1609 1954 1665 7.
1984 1610 2231 1680 Speciem
2257 1610 2450 1680 Jacob,
2477 1629 2641 1683 quam
2673 1615 2882 1671 dilexit.

723 1723 1037 1793 Διάψαλμα
1061 1726 1161 1795 (α).
1754 1728 1802 1789 Β

1754 1728 1802 1789 Β
2446 1725 2783 1796 Diapsalma.

236 1815 284 1868 8.
327 1815 528 1886 Ἀνέϐη
561 1817 590 1869 6
610 1815 742 1879 Θεὸς
769 1817 827 1868 ἐν
859 1814 1157 1886 ἀλαλαγμῷ
1182 1833 1200 1848 ο

1903 1813 1956 1867 8.
1991 1813 2249 1870 Ascendit
2277 1814 2422 1872 Deus
2451 1817 2505 1871 in
2531 1818 2743 1888 jubilo:

235 1907 284 1960 9.
314 1907 522 1978 Κύριος
548 1907 608 1959 ἐν
648 1909 798 1977 φωνῇ
828 1907 1148 1975 σάλπιγγος.

1901 1906 1954 1960 9.
1993 1906 2248 1964 Dominus
2280 1909 2334 1962 in
2362 1925 2494 1964 voce
2527 1911 2686 1965 tubae.

236 1996 316 2050 10.
351 1997 578 2050 Ψάλατε
605 1996 684 2068 τῷ
721 1996 838 2067 Θεῷ
867 1996 1046 2068 ἡμῶν,
1065 1996 1318 2066 ψάλατεο’

1906 1994 1986 2048 10.
2021 1995 2234 2052 Psallite
2264 1997 2373 2052 Deo
2401 2010 2609 2063 nostro,
2637 1999 2848 2070 psallite
2873 2018 2887 2054 :

235 2089 314 2144 11.
343 2088 568 2143 Ψάλατε
602 2087 680 2159 τῷ
709 2087 915 2158 βασιλεῖ
942 2089 1116 2161 ήμῶν,
1138 2087 1373 2158 ψάλατεο

1903 2090 1989 2140 11.
2027 2086 2250 2143 Psallite
2284 2091 2398 2160 regi
2437 2100 2644 2156 nostro,
2675 2093 2905 2161 psallite.

237 2179 317 2232 12.
359 2181 478 2234 Ὀτι
500 2179 751 2250 βασιλεὺς
780 2180 958 2252 πάσης
993 2181 1094 2253 τῆς
1131 2181 1236 2251 γῆς
1265 2181 1295 2233 6
1327 2179 1480 2244 Θεός’

1833 2219 1840 2227 .
1902 2177 1989 2232 12.
2018 2177 2282 2245 Quoniam
2318 2197 2408 2234 rex
2441 2183 2619 2237 omnis
2649 2192 2804 2237 terra:
2836 2182 2994 2249 Deus,

234 2273 316 2325 13.
344 2271 568 2325 Ψάλατε
597 2269 856 2335 συνετῶς.

1903 2271 1988 2325 15.
2017 2269 2236 2327 Psallite
2264 2273 2556 2342 sapienter.

234 2409 323 2479 (ex
339 2411 410 2472 [t1
449 2411 572 2465 cod.
607 2407 782 2465 Vatie.

1283 2492 1656 2552 ATHANASII
1691 2491 2280 2550 INTERPRETATIO.

232 2593 309 2652 20.
352 2592 644 2650 ιιαυσασοε
677 2594 787 2649 ἀπὸ
817 2594 916 2665 τῆς
947 2593 1244 2666 ἁμαρτίας.

1103 2593 1244 2658 τίας.
1901 2589 1991 2645 20.
2018 2590 2239 2646 Cessate
2263 2607 2291 2646 a
2323 2592 2582 2661 peccatis.

236 2687 320 2740 2i.
350 2686 758 2758 Δοξασθήσομαι
786 2687 844 2739 ἐν
880 2689 993 2750 τοῖς
1019 2685 1216 2750 ἔθνεσι,
1250 2686 1343 2739 καὶ
1389 2685 1448 2738 ἐν
1494 2683 1573 2754 τῷ
1613 2682 1717 2754 λαῷ

1908 2682 1988 2738 2|.
2023 2681 2378 2738 Glorilicabor
2409 2685 2459 2737 in
2487 2683 2756 2754 gentibus,
2788 2694 2842 2740 et
2871 2684 2925 2740 in
2958 2689 3157 2757 pepulo
3179 2686 3389 2744 Iudaeo-

120 2779 126 2788 ’
178 2779 269 2830 τῶν
309 2777 582 2832 Ἰουδαίων
604 2777 716 2831 τῶν
746 2777 1108 2832 πιστευόντων
1140 2778 1221 2841 είς
1251 2776 1371 2848 ἐμέ.

1050 2795 1108 2831 υν
1140 2778 1221 2841 είς
1251 2776 1371 2848 ἐμέ.
1831 2789 1954 2829 rum
1985 2774 2038 2828 in
2067 2791 2151 2829 me
2176 2776 2531 2830 credentium.

235 2870 320 2923 22.
362 2870 420 2923 '0
443 2869 796 2942 ἐξουσιαστὴς
828 2869 1018 2924 πασῶν
1049 2869 1156 2924 τῶν
1193 2866 1528 2940 ἐπουρανίων
1563 2865 1716 2920 δυνά·

1909 2866 1997 2920 22.
2029 2865 2345 2923 Dominator
2375 2869 2619 2924 omnium
2652 2870 3120 2940 supercmlestium
3154 2883 3390 2942 potesta-

181 2977 310 3031 μεων
342 2960 462 3032 μεθ’
488 2960 646 3032 ἡμῶν
674 2961 768 3014 ἐπὶ
797 2961 893 3029 τῆς
921 2962 1022 3032 γῆς
1051 2958 1482 3033 ἀναστρέφεσθαι
1517 2958 1662 3029 μέλλε

1388 2958 1482 3013 θαι
1517 2958 1721 3029 μέλλει.
1754 3013 1795 3033 η
1829 2967 1940 3012 tum
1972 2959 2254 3014 nobiscum
2291 2960 2343 3013 in
2373 2967 2517 3015 terra
2540 2961 2869 3016 versabitur.

234 3013 318 3106 es.
342 3013 730 3124 ⁵Ἀντιίῆπτωρ
753 3013 909 3123 ipsi.
930 3013 1186 3123 tam...
1201 3013 1238 3105 δ’
1253 3013 1402 3115 θέδς,
1429 3051 1458 3104 δ
1477 3013 1546 3104 τὰ
1567 3048 1715 3120 ἐσχα-

1909 3047 1988 3102 25.
2013 3047 2304 3118 Susceptor
2326 3058 2508 3104 noster
2529 3051 2799 3106 exsistens
2819 3051 2984 3117 Deus,
3007 3051 3100 3124 qui
3122 3063 3390 3124 postrema

179 3155 234 3192 τα
254 3139 341 3195 τοῦ
377 3141 586 3211 κόσμου
638 3139 958 3210 συναγαγὼν
1008 3143 1145 3212 πρὸς
1178 3139 1367 3194 ἐαυτὸν
1420 3139 1660 3194 παντελῶ

1907 3135 2016 3189 Indi
2047 3135 2113 3190 ad
2157 3152 2216 3192 se
2256 3138 2430 3207 ipsum
2475 3149 2784 3211 congregat.
2817 3139 2984 3195 Jacob
3028 3143 3174 3198 enim
3221 3143 3388 3200 inter-

188 3231 376 3286 Ἰακὼϐ
399 3232 510 3304 γὰρ
535 3232 894 3304 ἑρμηνεύεται
922 3231 1153 3301 κρατῶν
1176 3231 1426 3302 ἔσχατα.

1101 3232 1153 3286 ir
1176 3231 1426 3302 ἔσχατα.
1828 3235 2070 3296 pretatur
2098 3237 2358 3298 postrema
2387 3238 2582 3284 tenens.

248 3345 309 3398 Ἠ
336 3343 674 3417 προκειμένη
703 3345 978 3416 ἐπιγραφὴ
1009 3344 1251 3417 περιέχει
1279 3345 1354 3416 (1)
1375 3362 1388 3375 ·
1417 3344 1521 3410 Είς
1554 3341 1622 3396 τὸ
1652 3340 1846 3406 τέλος,
1874 3340 2027 3410 ὑπὲρ
2062 3339 2180 3395 τῶν
2205 3341 2352 3396 υἱῶν
2394 3342 2548 3412 Κορὲ
2577 3347 2819 3416 ψαλμός
2837 3364 2851 3379 ο
2881 3350 3181 3416 τουτέστιν,
3217 3351 3297 3414 είς
3333 3349 3391 3404 τὸ

181 3432 310 3497 τέλος
331 3434 441 3490 τῶν
474 3434 686 3507 καιρῶν
715 3434 853 3506 ὑπὲρ
875 3433 984 3488 τῶν
1013 3433 1144 3488 υίῶν
1172 3435 1271 3506 τῆς
1303 3432 1610 3500 ἀντιλογίας
1635 3431 1740 3484 τῶν
1765 3432 2200 3502 ἐπιστρεφόντων
2238 3432 2312 3504 (2)
2336 3433 2364 3486 6
2383 3434 2595 3506 ψαλμὸς
2617 3437 2850 3509 εἴρηται.

239 3547 446 3606 Tittdus
472 3549 773 3618 inscriptus
799 3549 1070 3605 continet:
1097 3547 1164 3602 In
1193 3549 1370 3620 ﬁnem,
1393 3564 1488 3618 pro
1512 3547 1638 3617 [iliis
1683 3545 1815 3601 Core
1845 3546 2102 3615 psalmus.
2134 3545 2248 3602 Hoc
2276 3556 2361 3603 est
2390 3548 2444 3602 in
2479 3549 2583 3605 ﬁne
2611 3559 2914 3622 temporum
2966 3570 3065 3624 pro
3094 3555 3218 3612 ﬁliis
3266 3572 3388 3612 cono

181 3641 501 3698 tradictionis
531 3656 591 3697 se
621 3641 1062 3697 convertentibus
1090 3641 1332 3712 psalmus
1364 3641 1544 3697 dictus
1571 3646 1676 3695 est.

240 3735 284 3791 1.
329 3733 686 3804 ’Δγαλλιᾶσθε
709 3737 829 3798 ταῖς
850 3735 1118 3808 καρδίαις.

1070 3753 1118 3800 ς.
1897 3733 1946 3787 1.
1973 3731 2237 3787 Cordibus
2265 3733 2550 3788 exsultate.

237 3825 286 3880 2.
321 3826 592 3892 Δοξάσατε
632 3825 814 3880 αὐτόν.

1889 3823 1945 3878 2.
1971 3822 2276 3877 Gloriﬁcate
2296 3838 2439 3877 eum.

239 3914 286 3969 ὅ.
317 3916 431 3969 Οὐκ
496 3915 577 3969 ἔτι
644 3917 700 3969 αἱ
745 3916 984 3985 ἐπίγειαι
1045 3917 1302 3989 δυνάμεις
1354 3914 1720 3988 βασιλεὺουσιν

1899 3913 1944 3966 5.
1973 3911 2091 3968 Non
2129 3914 2362 3984 amplius
2409 3923 2639 3969 terrena
2683 3924 2978 3986 potestates
3020 3918 3179 3975 nobis
3212 3919 3380 3977 domi-

184 4007 342 4076 ἡμῶν.

1822 4015 2039 4059 nantur.

235 4098 280 4152 4.
321 4097 482 4152 Ἀλλὰ
511 4097 787 4170 βασιλεύει
824 4098 1005 4169 πάσης
1046 4098 1144 4170 τῆς
1193 4098 1291 4170 γῆς
1328 4101 1357 4153 6
1394 4098 1653 4169 ’Ύψιστος
1693 4098 1716 4151 ό

1898 4095 1950 4148 4.
1977 4093 2081 4150 Sed
2123 4095 2369 4151 excelsus
2409 4109 2457 4152 et
2498 4097 2750 4155 terribilis
2804 4110 2992 4172 regnat
3032 4100 3085 4156 in
3132 4103 3379 4158 universa

183 4187 410 4262 φοϐερός.

1827 4193 1993 4240 terra.
3015 4173 3023 4188 ’

239 4279 288 4333 5.
312 4281 553 4336 Ἔδωκεν
574 4282 709 4353 ἡμῖν
731 4280 978 4347 ἐξουσίαν
1003 4283 1192 4337 πατεῖν
1218 4282 1399 4336 ἐπάνω
1425 4282 1600 4352 ὄφεων
1626 4280 1720 4336 καὶ

1897 4278 1951 4332 5.
1987 4277 2310 4334 Potestatem
2361 4281 2516 4336 nobis
2543 4281 2689 4337 dedit
2721 4284 3030 4339 ambulandi
3065 4301 3228 4354 super
3267 4304 3373 4342 ser-

185 4373 458 4444 σκορπίων,
489 4372 586 4427 καὶ
614 4373 708 4428 ἐπὶ
752 4375 931 4428 πᾶσαν
953 4375 1051 4445 τὴν
1089 4373 1314 4444 δύναμιν
1344 4371 1436 4425 τοῦ
1473 4368 1662 4441 ἐχθροῦ

1896 4377 2013 4424 ntes
2044 4378 2100 4423 et
2140 4370 2476 4438 scorpiones,
2515 4381 2570 4426 et
2598 4388 2760 4443 super
2807 4389 3020 4430 omnem
3062 4386 3373 4446 potestatem

1752 4427 1798 4482 Β
1823 4459 2031 4513 inimici
2060 4461 2124 4515 “.

243 4549 291 4608 6.
313 4553 452 4618 Τοὺς
485 4553 676 4623 ἁγίους
697 4553 1024 4617 ἀποστόλους
1053 4550 1348 4618 ἐξελέξατο.

1230 4557 1348 4605 ατο.
1895 4551 1948 4606 6.
1980 4550 2149 4622 Elegit
2176 4565 2391 4609 sanctos
2416 4554 2711 4624 apostolos,

240 4641 289 4696 7.
326 4645 438 4698 Καὶ
463 4643 558 4710 οὒς
591 4645 875 4715 ἠγάπησεν
906 4647 970 4698 ἐκ
994 4643 1088 4696 τοῦ
1115 4643 1242 4696 λαοῦ
1288 4639 1550 4694 Ἰουδαίων
1585 4639 1680 4710 (5).

1618 4639 1680 4708 5).
1893 4642 1944 4696 7.
1977 4642 2042 4698 Et
2062 4659 2202 4714 quos
2231 4645 2417 4700 dilexit
2445 4645 2511 4700 de
2536 4649 2736 4716 populo
2767 4646 3099 4705 Judaeorum.

240 4734 290 4789 8.
321 4736 429 4808 Τὴν
455 4737 721 4809 ἀνάληψιν
747 4737 893 4805 λέγει
921 4734 1016 4790 τοῦ
1049 4735 1181 4788 Θεοῦ
1211 4734 1407 4803 Λόγου.

1893 4735 1950 4789 8.
1984 4736 2420 4806 Assumptionem
2453 4739 2721 4809 signiﬁcat
2754 4741 2843 4796 Dei
2867 4741 3050 4797 Verbi.

239 4827 288 4881 9.
319 4828 682 4899 Δοξαζόμενος
708 4828 810 4881 ὑπὸ
839 4827 945 4881 τῶν
965 4827 1133 4897 ἁγίων
1159 4827 1464 4898 δυνάμεων.

1892 4825 1946 4882 9.
1980 4825 2322 4883 Gloriticatus
2349 4843 2378 4882 a
2406 4831 2606 4885 sanctis
2636 4833 2951 4892 virtutibus.

243 4915 323 4969 10.
357 4917 468 4969 Καὶ
494 4919 657 4988 ἡμεῖς
681 4916 772 4969 ἐπὶ
803 4916 904 4987 γῆς
928 4916 1220 4988 δοξάσομεν
1249 4916 1438 4972 αὐτόν.

1899 4919 2076 4988 10.,Ει
2099 4937 2199 4976 nos
2224 4923 2645 4992 gloriﬁcabimus
2673 4942 2796 4982 eum
2826 4928 2877 4982 in
2906 4937 3066 4984 terra.

245 5007 320 5060 11.
354 5006 444 5078 Τῷ
476 5007 584 5078 πρὸ
614 5006 846 5062 αίώνων.

1894 5013 1981 5066 11.
2014 5013 2143 5085 Regi
2169 5023 2293 5069 ante
2322 5018 2539 5072 secula.

244 5096 323 5152 l2.
358 5098 415 5150 '0
455 5095 706 5167 βασιλεύς
734 5096 880 5151 ἐστιν
903 5096 981 5166 (4)
1011 5096 1095 5166 ἐφ’
1125 5098 1294 5169 ἡμᾶς.

1125 5098 1294 5169 ἡμᾶς.
1901 5103 1988 5156 12.
2024 5103 2138 5159 Rex
2164 5116 2248 5162 cst
2274 5123 2438 5178 super
2460 5126 2581 5166 nos.

244 5185 325 5239 15.
355 5183 624 5251 Δοξάσατε
644 5183 804 5240 αὐτὸν
829 5187 886 5239 ἐν
905 5184 1154 5258 ἀληθείᾳ.

1899 5196 1986 5249 15.
2019 5196 2326 5256 Gloriticate
2355 5217 2479 5257 eum
2513 5205 2568 5257 in
2593 5203 2835 5260 veritate.

243 5295 284 5328 “
309 5295 440 5353 Luc.
465 5313 524 5366 ι,
563 5297 652 5354 19.

1104 5415 1407 5478 Addenda
1429 5420 1490 5476 et
1519 5414 1895 5496 corrigenda
1925 5441 2003 5486 ex
2052 5428 2193 5490 cod.
2232 5429 2434 5491 Vatic.

244 5507 286 5578 (1
351 5509 415 5564 Ἦ
439 5511 530 5566 διὰ
548 5511 650 5583 τῆς
679 5513 906 5568 κινναδά
941 5533 1045 5580 εως
1071 5533 1198 5600 περ.
1348 5588 1375 5601 _
1473 5587 1501 5602 η
1638 5587 1666 5602 η
1918 5528 1971 5598 5)
1994 5529 2060 5584 N.
2101 5532 2154 5587 7.
2202 5533 2296 5586 Ἐκ
2329 5530 2422 5586 τοῦ
2453 5530 2583 5586 λαοῦ
2600 5517 2722 5587 ’τῶν
2764 5532 3054 5590 Ἰουδαίων.

244 5508 312 5648 (2)
346 5580 694 5648 ’Δντιλογιας,
713 5583 854 5648 λέγω
871 5532 940 5648 6g
962 5587 1098 5648 ὑπὲρ
1116 5604 1221 5644 των
1248 5587 1415 5645 ἐΘνων
1433 5605 1541 5644 των
1573 5588 1710 5645 υίων
1892 5529 1967 5648 ίιίι
1996 5601 2116 5648 ’Ὁτι
2143 5602 2387 5648 Βασιλεὺς
2409 5597 2464 5648 ἦ-
2488 5612 2594 5648 ειη-

244 5529 312 5648 μς
346 5529 415 5601 ’11
439 5529 530 5566 οια
548 5529 650 5583 της
679 5529 906 5568 κινναοα
941 5533 1045 5580 εως
1071 5533 1198 5600 περ.
1348 5588 1375 5601 _
1473 5587 1501 5602 η
1638 5587 1666 5602 η
1918 5529 1971 5598 5)
1994 5529 2060 5584 N.
2101 5532 2154 5587 7.
2202 5533 2296 5586 Ἐκ
2329 5530 2422 5586 τοῦ
2453 5530 2583 5586 λαοῦ

209 5532 940 5675 ἶριὲντελογιαῄλέγω-δξ
962 5587 1098 5659 ὑπὲρ
1116 5604 1221 5644 των
1248 5587 1415 5645 ἐΘνων
1433 5605 1541 5644 των
1573 5588 1710 5645 υίων
1892 5529 1967 5668 ξεί)
1996 5601 2116 5655 ’Ὁτι
2141 5602 2387 5672 βασιλεὺς
2409 5597 2464 5675 ᾗ,
2488 5612 2595 5660 etc.

180 5650 269 5716 τῆς
295 5650 580 5721 ἁμαρτίας.
611 5653 722 5710 τῶν
744 5650 958 5720 επιστρ,
1066 5650 1079 5659 '
1897 5650 1913 5668 ι
1949 5650 1964 5668 ι
2031 5650 2053 5654 -
2076 5650 2114 5655 --
2141 5650 2384 5672 ιτπ--η--ν
2412 5650 2424 5676 ι
