3776 6272
332 251 442 310 855
1135 254 1192 309 S.
1234 251 1603 308 ATHA‘NASII
1643 249 1793 307 OPP.
1825 247 2003 305 PARS
2041 247 2135 305 Ill.
2171 277 2241 288 —
2277 247 2689 304 EXEGETICA.
3471 258 3593 311 856

404 371 492 424 11.
522 369 787 442 Regnavit
819 369 962 426 Deus
984 385 1148 441 super
1173 379 1394 442 gentes;
1579 430 1585 438 ,

1930 376 1976 429 Α
2078 365 2162 419 14.
2211 364 2584 418 Ἐϐασίλευσεν
2617 367 2644 419 δ
2677 365 2807 429 Θεὸς
2839 365 2930 418 ἐπὶ
2951 365 3017 419 τὰ
3051 366 3202 439 ἔθνησ

409 462 492 516 15.
531 462 672 518 Deus
704 464 856 518 sedet
884 478 1052 531 super
1081 464 1262 517 sedem
1291 471 1532 517 sanetam
1558 477 1739 515 suam.

2079 455 2159 509 15.
2196 455 2253 508 '0
2283 454 2413 517 Θεὸς
2438 455 2668 526 κάθηται
2694 456 2784 508 ἐπὶ
2808 456 2994 527 θρόνου
3018 458 3173 526 ἁγίου
3203 459 3389 514 αὑτοῦ.

404 552 488 606 16.
516 553 792 624 Principes
814 556 1136 626 populomm
1162 555 1469 626 congregati
1498 564 1624 608 sunt
1652 567 1774 607 cum
1794 551 1895 606 Deo

2087 545 2157 599 I6.
2193 547 2482 616 Ἄρχοντες
2531 545 2674 599 λαῶν
2722 547 3063 618 συνήχθησαν
3117 550 3253 620 μετὰ
3307 551 3403 605 τοῦ
3434 551 3578 606 Θεοῦ

337 645 612 697 Abraham
642 663 655 699 :

2016 636 2262 708 Ἀϐραάμ
2282 655 2293 666 ·

406 737 492 790 17.
522 737 786 803 Quoniam
816 739 909 794 Dei
949 740 1116 796 fortes
1144 749 1300 795 terra
1330 738 1672 794 vehementer
1709 733 1897 790 elevati

2084 729 2160 781 I'l.
2187 729 2306 782 Ὀτι
2326 728 2418 782 τοῦ
2433 728 2566 782 Θεοῦ
2590 730 2639 782 οί
2663 731 2915 802 κραταιοὶ
2935 730 3032 801 τῆς
3053 731 3155 801 γῆς
3177 732 3381 804 σφόδρα
3397 734 3575 807 ἐπήρ-

335 839 480 886 sunt.

2003 819 2069 891 θη
2079 837 2196 874 σαν.

470 939 726 995 Psalmis
739 940 930 991 cantici
951 937 1077 1006 ﬁliis
1095 935 1244 999 Core,
1275 937 1501 989 secunda
1533 935 1774 993 Sabbati.

2076 932 2246 1002 ιλμὸς
2271 933 2432 1002 ᾠδῆς
2454 935 2578 1000 τοῖς
2600 934 2751 1002 υἱοῖς
2777 937 2950 1004 Κορὲ,
2969 937 3216 1008 δευτέρᾳ
3240 941 3567 997 Σαϐϐάτου.

895 1025 1094 1081 PSAL.
1130 1024 1374 1080 XLVII.

2602 1029 2776 1084 ΨΑΛ.
2815 1032 2949 1083 MZ'.

405 1125 452 1177 1.
479 1121 702 1191 Magnus
726 1120 1005 1184 Dominus,
1028 1129 1082 1174 et
1111 1118 1396 1173 laudabilis
1418 1116 1601 1183 nimis,

2071 1113 2119 1164 1.
2159 1113 2346 1181 Μέγας
2377 1113 2599 1186 Κύριος,
2623 1116 2716 1168 καὶ
2744 1117 2951 1181 αἰνετὸς
2986 1118 3211 1190 σφόδρα,

401 1215 453 1268 9.
491 1217 548 1268 In
584 1213 800 1268 civitate
827 1211 920 1266 Dei
958 1214 1152 1272 nostri,
1181 1211 1236 1264 in
1271 1218 1456 1264 monte
1481 1216 1672 1264 sancto
1696 1209 1834 1279 ejus.

2065 1205 2120 1259 ‘2.
2147 1205 2234 1257 Ἐν
2260 1206 2412 1258 πόλει
2440 1205 2534 1259 τοῦ
2565 1206 2698 1260 Θεοῦ
2729 1209 2904 1278 ἡμῶν,
2935 1212 2991 1263 ὲν
3023 1211 3138 1282 ὄρει
3171 1211 3313 1281 άγίῳ
3335 1210 3522 1268 αὐτοῦ.

341 1325 346 1330 ν
401 1308 450 1360 5.
487 1306 626 1360 Bene
653 1304 876 1359 fundata
903 1304 1262 1358 exsultatione
1287 1301 1558 1356 universa:
1589 1311 1746 1357 terra:
1779 1321 1793 1368 ;

1779 1321 1793 1368 ;
2012 1324 2016 1328 ~
2063 1294 2119 1348 3.
2162 1294 2375 1364 Εύρίζῳ
2402 1295 2766 1366 ἀγαλλιάματι
2792 1298 2974 1370 πάσης
3001 1301 3098 1371 τῆς
3125 1302 3258 1373 γῆς’

403 1399 456 1452 4.
488 1397 695 1452 Montes
729 1397 859 1450 Sion
890 1397 1059 1450 latera
1095 1391 1388 1464 aquilonis,

2067 1384 2119 1436 4.
2138 1385 2274 1455 Ὄρη
2306 1382 2444 1438 Σιὼν
2473 1384 2541 1439 τὰ
2563 1386 2770 1458 πλευρά
2801 1388 2894 1441 τοῦ
2923 1389 3112 1462 βορρᾶ,

401 1488 454 1542 Pi.
485 1487 691 1541 Civitas
724 1486 864 1556 regis
889 1483 1090 1555 magni.

2064 1476 2117 1528 5.
2143 1475 2206 1530 Ἠ
2234 1476 2385 1541 πόλις
2415 1477 2511 1532 τοῦ
2544 1478 2808 1548 βασιλέως
2835 1481 2931 1535 τοῦ
2965 1484 3219 1554 μεγάλου.

401 1573 456 1627 6.
489 1573 630 1627 Deus
659 1573 710 1626 in
745 1571 997 1626 domibus
1017 1570 1136 1639 ejus
1157 1569 1528 1640 cognoscitur,

2010 1563 2018 1570 ’
2065 1566 2117 1619 6.
2141 1566 2199 1620 '0
2231 1566 2365 1626 Θεὸς
2392 1570 2448 1622 ἐν
2479 1571 2599 1632 ταῖς
2625 1569 2846 1642 βάρεσιν
2876 1571 3050 1642 αὐτῆς
3070 1574 3417 1643 γινώσκεται,

407 1663 458 1714 7.
494 1661 632 1717 Cum
665 1661 918 1730 suscipiet
949 1659 1226 1733 [suscipit]
1261 1675 1408 1716 eam.

2064 1657 2115 1710 7.
2133 1659 2299 1712 Ὅταν
2328 1661 2793 1736 ἀντιλαμϐἀνηται
2815 1665 3314 1744 [ἀντιλαμϐάνεται]
3336 1675 3522 1748 αὑτῆς.

401 1755 454 1805 8.
486 1752 750 1819 Quoniam
772 1768 897 1807 ecce
929 1769 1080 1824 reges
1111 1761 1268 1807 terra:
1296 1751 1610 1824 congregati
1640 1761 1788 1815 sunt,

1926 1737 1968 1792 Β
2065 1749 2259 1802 8.Ὂτι
2295 1751 2402 1803 ἰδοὺ
2435 1752 2674 1822 βασιλεῖς
2701 1755 2802 1826 τῆς
2827 1757 2930 1828 γῆς
2963 1737 3325 1834 συνήχθησαν.

401 1846 455 1898 9.
493 1844 872 1900 Convenerunt
901 1845 955 1898 in
989 1860 1178 1898 unum.

2071 1838 2123 1894 9.
2164 1841 2457 1911 Διήλθοσαν
2481 1843 2572 1896 ἐπὶ
2599 1844 2660 1898 τὸ
2682 1847 2831 1902 αὑτό.

404 1937 492 1992 10.
523 1935 626 2004 Ipsi
653 1936 898 1990 videntes
920 1933 1000 1989 sic
1029 1932 1279 1988 admirati
1316 1941 1464 1988 sunt.

2074 1931 2158 1986 10.
2198 1932 2358 1986 Αὐτοὶ
2398 1934 2594 1999 ἰδόντες
2617 1936 2789 2001 οὕτως
2824 1939 3160 2011 ἐθαύμασαν,

410 2027 494 2082 tl.
530 2026 849 2081 Conturbati
889 2036 1036 2090 sunt,
1065 2025 1318 2081 commoti
1360 2033 1522 2090 sunt,
1554 2033 1758 2079 tremor
1801 2038 1897 2094 ap-

2074 2024 2159 2078 11.
2185 2025 2614 2098 Ἐταράχθησαν,
2636 2029 3030 2103 ὲσαλεύθησαν,
3058 2036 3254 2108 τρόμος
3275 2037 3562 2095 ἐπελάϐετο

336 2119 618 2190 prehendit
650 2133 767 2174 cos.

711 2135 767 2174 is.
2005 2113 2202 2170 αὐτῶν.

406 2210 488 2262 12.
525 2208 596 2263 Ibi
630 2209 844 2265 dolores
867 2219 927 2264 ut
956 2207 1340 2287 parturientis:

2073 2205 2159 2259 12.
2187 2205 2333 2259 Ἐκεῖ
2362 2206 2548 2272 ὠδῖνες
2571 2208 2647 2273 ὡς
2679 2212 2999 2284 τικτούσης·

404 2305 487 2356 13.
521 2301 579 2357 1η
605 2303 799 2373 spiritu
826 2302 1129 2359 vehementi
1168 2311 1419 2357 conteres
1454 2313 1618 2354 naves
1648 2297 1893 2355 Tharsis.

2072 2297 2157 2352 15.
2184 2298 2272 2350 Ἐν
2295 2297 2562 2370 πνεύματι
2587 2301 2745 2374 βιαίῳ
2771 2307 3083 2378 συντρίψεις
3103 2309 3261 2366 πλοῖα
3277 2313 3524 2386 Θαρσεῖς.

403 2397 486 2448 id.
525 2395 678 2450 Sicut
711 2395 1039 2458 audivimus,
1065 2394 1143 2450 sic
1170 2401 1224 2448 et
1252 2393 1486 2448 vidimus
1510 2409 1524 2446 :

2071 2389 2158 2442 14.
2200 2389 2463 2462 Καθάπερ
2487 2390 2820 2465 ἠκούσαμεν,
2849 2395 2991 2451 οὕτω
3013 2402 3107 2453 καὶ
3133 2401 3344 2474 εἴδομεν
3368 2421 3382 2435 °

1449 2479 1827 2538 ATHANASII
1863 2479 2454 2536 INTERPRETATIO.

405 2575 486 2628 li.
523 2575 856 2631 Convertens
878 2590 1068 2630 eorum
1098 2577 1484 2647 captivitatem.

2076 2575 2163 2630 M.
2200 2574 2563 2646 Ἐπιστρέψας
2593 2576 2667 2649 (1)
2691 2578 2868 2633 αὐτῶν
2888 2581 2987 2654 τὴν
3006 2586 3395 2656 αἰχμαλωσίαν.

403 2666 488 2721 15.
523 2667 568 2719 Α
596 2666 802 2722 dextris
829 2668 1006 2722 Patris

2077 2666 2164 2720 15.
2213 2667 2306 2720 Ἐκ
2325 2666 2513 2731 δεξιῶν
2543 2669 2637 2722 τοῦ
2671 2669 2903 2743 Πατρός.

405 2756 491 2810 16.
523 2757 768 2826 Apostoli
800 2773 923 2812 cum
951 2755 1200 2813 Domino.

2078 2757 2162 2811 16.
2192 2759 2255 2811 Oi.
2289 2758 2577 2814 ἀπόστολοι
2604 2761 2742 2832 μετὰ
2761 2763 2854 2817 τοῦ
2887 2766 3091 2837 κυρίου
3123 2767 3219 2838 (2).

409 2849 492 2902 17.
522 2849 790 2917 Quoniam
817 2851 973 2906 electi
1001 2849 1092 2904 Dei
1125 2850 1354 2904 multum
1378 2850 1672 2906 conlortati
1697 2861 1839 2907 sunt.

2076 2849 2163 2902 17.
2193 2849 2316 2902 Ὀτι
2336 2851 2385 2903 οἱ
2417 2851 2662 2905 ἐκλεκτοὶ
2683 2852 2777 2906 τοῦ
2803 2854 2936 2908 Θεοῦ
2962 2859 3103 2911 πάνυ
3131 2859 3433 2931 ὲνίσχυσαν.

412 2963 478 3016 Ἡ
514 2965 846 3036 προκειμένη
878 2966 1158 3038 ἐπιγραφὴ
1183 2965 1429 3038 περιέχει
1461 2967 1539 3037 (5)
1567 2984 1583 2998 ⁸
1627 2967 1872 3037 Ψαλμὸς
1897 2964 2055 3034 ᾠδῆς
2088 2963 2212 3030 τοῖς
2245 2965 2395 3031 υἱοῖς
2427 2964 2528 3036 (4),
2555 2966 2802 3035 δευτέρᾳ
2829 2969 3149 3028 Σαϐϐάτου.
3173 2971 3342 3027 Τοῦτο
3373 2969 3464 3028 οὖν
3489 2974 3566 3028 λέρ

335 3069 418 3125 γει
448 3054 477 3106 ὁ
503 3053 714 3125 ψαλμὸς
738 3055 836 3126 τῆς
863 3055 1005 3124 ᾠδῆς
1028 3054 1231 3128 ταύτης
1267 3055 1393 3128 περὶ
1420 3055 1538 3110 τῶν
1567 3056 1713 3112 υἱῶν
1744 3057 1842 3128 τῆς
1871 3053 2228 3118 ἀναπαύσεως
2257 3053 2354 3124 (5).
2383 3054 2539 3121 Λέγω
2560 3053 2623 3127 δὴ
2657 3055 2793 3126 μετὰ
2819 3056 2878 3110 τὸ
2904 3057 3000 3132 τὴν
3025 3058 3203 3132 κρίσιν
3224 3061 3470 3131 γενέσθαι
3488 3065 3566 3127 είς

340 3149 430 3220 τὴν
453 3148 708 3221 δευτέραν
733 3148 828 3202 τοῦ
859 3149 1066 3220 Κυρίου
1095 3150 1170 3220 (6)
1199 3150 1568 3207 κατάπαυσιν.
1604 3150 1906 3206 Σάϐϐατον
1927 3144 2036 3220 γὰρ
2062 3147 2440 3214 κατάπαυσις
2465 3146 2541 3220 (7)
2570 3147 2946 3219 ἑρμηνεύεται.

404 3241 620 3298 Titulus
656 3244 948 3313 inscriptus
982 3245 1225 3299 continet
1254 3263 1267 3298 :
1303 3243 1551 3300 Psalmus
1581 3247 1775 3300 cantici
1806 3245 1957 3314 ﬁliis,
1983 3243 2212 3298 secunda
2241 3238 2494 3296 Sabbati.
2512 3239 2626 3297 Hoc
2657 3241 2818 3312 igitur
2841 3240 3130 3312 signiﬁcat,
3151 3245 3294 3316 quod
3326 3246 3566 3323 psalmo8

336 3335 534 3390 cantici
568 3335 730 3405 hujus
767 3337 980 3390 canitur
1008 3337 1074 3392 de
1106 3337 1235 3406 ﬁliis
1270 3339 1547 3408 requietis.
1585 3340 1718 3394 Dico
1756 3347 1937 3392 autem
1988 3345 2340 3406 posteaquam
2385 3335 2651 3405 judicium
2687 3336 2891 3393 factum
2935 3335 3116 3404 fuerit,
3145 3354 3269 3395 cum
3305 3338 3566 3397 Dominus

335 3424 576 3480 secundo
605 3425 928 3495 requieverit
957 3445 971 3482 :
1005 3426 1293 3485 Sabbatum
1320 3432 1465 3488 enim
1497 3433 1696 3502 requies
1730 3433 2136 3502 interpretatur.

409 3559 458 3613 I.
487 3542 748 3616 Mirabilis
771 3569 854 3617 est
878 3571 930 3618 et
955 3563 1315 3636 gloriﬁcatus,

1923 3583 1969 3645 ο
2073 3567 2123 3618 1.
2163 3564 2484 3636 Θαυμαστός
2513 3566 2630 3620 ἐστι
2657 3565 2754 3620 καὶ
2786 3567 3193 3639 δεδοξασμένος,

403 3648 458 3704 2.
485 3647 540 3705 ln
567 3667 799 3721 superna
822 3651 1150 3711 Jerusalem.

2073 3655 2128 3708 2.
2172 3655 2264 3718 Εἰς
2291 3656 2392 3726 τὴν
2417 3655 2529 3708 ἀνω
2568 3655 2937 3728 Ἰερουσαλήμ.

402 3740 456 3796 5.
487 3740 740 3798 Gaudcns
771 3743 874 3798 ﬁde
902 3747 1172 3815 gentium.

2072 3747 2126 3801 5.
2166 3747 2385 3818 Χαίρων
2415 3749 2508 3800 ἐπὶ
2537 3750 2603 3819 τῇ
2638 3747 2815 3802 πίστει
2848 3750 2954 3804 τῶν
2983 3748 3171 3806 ἐθνῶν.

405 3835 460 3889 4.
491 3835 701 3902 Quibus
749 3850 906 3895 antea
950 3841 1196 3899 diabolus
1251 3833 1540 3910 illudebat,
1568 3846 1725 3904 electi
1777 3857 1896 3903 sunt

2072 3844 2125 3896 4.
2167 3845 2260 3907 Εἰς
2285 3842 2377 3908 οὓς
2403 3844 2468 3898 ἂν
2489 3845 2748 3900 ἐπαίσατο
2773 3847 2834 3900 τὸ
2859 3846 2933 3917 (8)
2963 3847 3227 3920 πρότερον
3247 3851 3278 3903 ὁ
3301 3849 3563 3919 διάϐολος,

336 3940 590 3994 superna:
613 3925 933 3984 Jerusalem.

2002 3931 2246 3983 ἐκλεκτοί
2274 3933 2376 3984 είσι
2399 3932 2498 4002 τῆς
2525 3933 2636 3987 ἀνω
2674 3935 3042 4008 Ἰερουσαλήμ.

405 4017 454 4070 5.
490 4015 732 4072 Ecclesia
766 4019 856 4074 Dei
893 4021 1064 4075 nostri
1096 4019 1225 4076 Jesu
1257 4023 1482 4079 Christi.

2074 4022 2126 4076 5.
2152 4023 2217 4075 'H
2249 4021 2537 4094 Ἐκκλησία
2569 4024 2660 4078 τοῦ
2687 4025 2820 4080 Θεοῦ
2848 4027 3000 4100 ἡμῶν
3033 4028 3205 4099 Ἰησοῦ
3237 4029 3487 4102 Χριστοῦ.

403 4107 459 4168 6.
490 4109 540 4163 7.
569 4107 712 4165 Deus
737 4111 791 4164 in
819 4113 1024 4168 sanctis
1048 4116 1167 4185 ejus
1194 4116 1604 4174 manifestatur.

2072 4111 2125 4175 6,
2164 4112 2213 4166 7.
2246 4113 2304 4166 Ὀ
2329 4113 2459 4177 Θεὸς
2488 4115 2545 4194 ὲν
2569 4119 2679 4181 τοῖς
2707 4119 2880 4186 ἁγίοις
2908 4119 3076 4191 αὐτῆς
3109 4119 3184 4192 (9)
3215 4120 3563 4194 φανεροῦται.

410 4199 465 4255 8.
493 4199 758 4270 Apostoli.
1095 4255 1100 4258 .

1095 4255 1100 4258 _
2073 4203 2127 4256 8.
2169 4205 2230 4256 Οἱ
2259 4203 2567 4260 ἀπόστολοι.

407 4289 460 4344 9.
490 4291 569 4344 Ad
599 4293 1024 4361 praedicandum.

2074 4292 2127 4347 9.
2168 4278 2260 4356 Ei;
2289 4291 2349 4345 τὸ
2379 4294 2636 4366 κήρυγμα
2659 4293 2789 4366 (10).

409 4383 498 4436 10.
537 4383 806 4451 Quoniam
832 4387 886 4442 in
922 4389 1078 4446 terris
1110 4393 1385 4462 apparuit.

2074 4383 2161 4438 10.
2180 4383 2301 4438 Ὀτι
2326 4385 2419 4437 ἐπὶ
2454 4386 2552 4457 τῆς
2581 4386 2686 4456 γῆς
2708 4385 2883 4460 ὤφθη.

414 4476 499 4530 11.
526 4475 762 4547 Populus
785 4478 1116 4538 Iudaeorum.

2074 4475 2162 4530 11.
2193 4475 2250 4529 '0
2279 4476 2406 4540 λαὸς
2436 4477 2543 4530 τῶν
2584 4477 2869 4532 Ἰουδαίων.

409 4567 496 4621 12.
530 4567 582 4621 1η
616 4585 886 4642 synagoga
918 4572 1265 4650 Iudaeorum,

2074 4564 2160 4619 12.
2187 4565 2274 4619 Ἑν
2299 4568 2362 4637 τῇ
2391 4570 2676 4638 συναγωγῇ
2706 4569 2813 4621 τῶν
2845 4570 3125 4626 Ἰουδαίων.

411 4659 494 4713 15.
527 4661 585 4713 ln
629 4677 823 4734 magna
870 4663 951 4718 ira
995 4676 1240 4724 conteres
1261 4666 1568 4726 Judzeorum
1604 4671 1900 4743 principes,

2076 4657 2161 4710 13.
2188 4657 2276 4710 Ἐν
2298 4657 2434 4729 ὀργῇ
2461 4658 2666 4730 μεγάλῃ
2699 4660 3004 4732 συντρίψεις
3023 4664 3148 4727 τοὺς
3169 4662 3430 4738 ἄρχοντας
3457 4668 3567 4722 τῶν

334 4754 431 4824 qui
475 4753 670 4810 habent
716 4757 770 4810 in
816 4759 1007 4828 seipsis
1058 4761 1456 4833 Scripturarum
1507 4767 1825 4836 cognitione;

2078 4745 2299 4812 μυδαίων,
2333 4748 2460 4811 τοὺς
2492 4747 2711 4820 ἔχοντας
2743 4751 2800 4804 έν
2842 4752 3052 4817 ἑαυτοῖς
3073 4754 3172 4826 τὴν
3198 4755 3304 4811 τῶν
3335 4756 3376 4810 Γ
3377 4760 3569 4829 ραφῶν

341 4847 556 4902 Titanis
608 4848 752 4904 enim
784 4851 1165 4921 interpretatur
1194 4853 1444 4923 inspectio
1467 4858 1690 4912 ίωιίιὶω.

2076 4836 2222 4890 ὦσιν.
2257 4839 2505 4907 Θαρσεῖς
2537 4841 2645 4912 γὰρ
2677 4843 3031 4914 ἑρμηνεύεται
3074 4847 3421 4918 κατασκοπὴ
3468 4854 3567 4905 εὑ-

1929 4937 1977 4994 υ
2003 4928 2332 4997 φροσύνηςο

410 5024 507 5148 1Ῠί
528 5022 995 5091 Quemadmodum
1041 5028 1347 5084 audivimus
1386 5027 1454 5084 de
1513 5029 1746 5087 adventu
1800 5031 1895 5088 Dei

410 5111 435 5148 s
465 5111 488 5148 r
515 5131 530 5148 .

2072 5017 2158 5073 M.
2188 5019 2785 5109 Καθάπερὴκούσαμεν
2817 5025 2947 5100 περὶ
2988 5030 3088 5101 τῆς
3132 5031 3429 5103 παρουσίας
3469 5032 3563 5086 τοῦ

2075 5111 2136 5148 ..π
2157 5112 2312 5148 sua...

335 5108 530 5149 llOSlﬂ.

2002 5108 2136 5164 Θεοῦ
2157 5112 2331 5182 ἡμῶν.

1282 5212 1588 5276 Addenda
1618 5223 1678 5279 et
1705 5219 2080 5302 corrigenda
2125 5244 2204 5288 ex
2237 5227 2379 5290 cod.
2418 5229 2617 5294 Vatic.

519 5307 906 5396 Ἐπξστρεψας.
2067 5325 2146 5396 (6)
2183 5326 2336 5380 Θεοῦ.

409 5379 491 5475 ίΞέ
512 5377 692 5475 οἴιίοὲλ
1174 5467 1216 5475 .,
1248 5467 1348 5475 _--
2070 5377 2148 5475 i2}
2172 5377 2515 5475 ἶᾼνᾶτέαιρσιςι

432 5448 486 5534 7:)
512 5447 1216 5534 ’5,έὶιά,;τῆς,κιννσι⁶ἀρεως
1247 5467 1371 5524 περ·
2069 5447 2149 5534 (8)
2177 5447 2511 5524 ausae};

438 5517 489 5600 ἑ)
526 5517 674 5600 Σὲἓῖς
698 5517 893 5600 “ﬁt-
972 5591 985 5600 .
1083 5517 1155 5600 ’.
1319 5517 1332 5524 ⁷
2069 5517 2148 5600 ἰῡί
2185 5517 2378 5592 “ibi

429 5587 487 5660 5)
526 5587 669 5643 Υίῶν
700 5587 807 5642 τῶν
833 5589 934 5660 τῆς
961 5590 1320 5656 ἀναστάσεως.
2071 5587 2675 5678 (11))ίκηρύγματα.
