3776 6272
123 239 228 300 837
1024 238 1112 296 DE
1149 241 1428 298 TITULIS
1458 243 1910 302 PSALMORUM.
1953 247 2237 305 -—PSAL.
2275 248 2514 304 XLVIII.
3285 248 3406 314 858

191 356 289 410 15.
321 355 413 409 Ἐν
442 354 591 408 πόλει
614 354 820 426 Κυρίου
853 354 960 410 τῶν
983 357 1289 428 δυνάμεων,

1755 367 1803 422 Α
1900 361 1988 416 15.
2020 360 2077 415 In
2107 362 2325 418 civitate
2353 362 2565 418 Domini
2597 363 2879 430 virtutum,

190 448 287 500 16.
320 447 412 499 Ἐν
446 447 596 500 πόλει
625 447 718 500 τοῦ
747 446 882 502 Θεοῦ
910 448 1087 520 ἡμῶν.

1889 451 1974 506 16.
2006 452 2062 506 1η
2089 454 2304 509 civitate
2333 454 2426 510 Dei
2461 456 2658 510 nostri.

189 538 288 593 17.
319 537 380 592 ’0
415 537 549 602 Θεὸς
581 522 940 609 ὲθεμὲλίωσεν
971 542 1144 614 αὐτὴν
1172 542 1252 605 εἰς
1281 541 1376 595 τὸν
1402 541 1596 597 αἰῶνα.

1471 541 1596 597 ῶνα.
1887 543 1974 598 17.
2006 543 2150 599 Deus
2171 543 2419 600 fundavit
2447 560 2568 600 eam
2596 547 2652 600 in
2675 555 2962 600 aeternum.

193 630 288 683 IS.
318 629 716 702 Ὑπελάῦομεν,
745 633 774 684 ὁ
806 631 958 696 Θεὸς,
978 633 1040 686 τὸ
1067 633 1215 698 ἔλεός
1253 651 1345 688 σου
1369 636 1426 687 ὲν
1455 635 1600 706 μέσῳ
1620 652 1683 688 το

1900 635 1975 690 18.
2010 635 2397 706 Suscepimus,
2441 637 2615 700 Deus,
2659 636 3089 693 misericordiam
3140 645 3290 692 tuam
3333 636 3391 694 in

121 722 257 776 λαοῦ
300 741 396 776 σου
408 765 421 777 .

1816 727 1996 783 medio
2025 728 2212 798 populi
2241 730 2337 783 tui.

193 813 292 868 19.
332 813 499 866 Κατὰ
529 812 590 866 τὸ
614 813 782 885 ὄνομα
809 831 924 883 σου,
954 815 1148 882 ὁΘεὸς,
1167 817 1307 872 οὕτω
1333 820 1427 873 καὶ
1451 820 1486 891 ἡ
1515 819 1684 873 αἰνεσί

1894 820 1976 874 19.
2004 819 2313 876 Secundum
2343 836 2539 876 nomen
2572 829 2745 888 tuum,
2777 819 2940 887 Deus,
2965 821 3044 876 sic
3073 830 3128 876 et
3155 820 3274 876 laus
3294 827 3385 877 tua

128 919 218 958 seu
249 906 346 958 ἐπὶ
381 905 454 958 τὰ
493 905 705 978 πέρατα
733 908 836 979 τῆς
860 909 986 979 γῆς.

735 908 836 979 τῆς
860 909 986 979 γῆς.
1817 912 1870 967 in
1895 914 2028 968 lines
2049 922 2226 970 terrae.

192 997 294 1050 20.
337 997 700 1069 Δικαιοσύνης
739 998 952 1072 πλήρης
985 1002 1017 1073 ή
1049 1001 1196 1067 δεξιά
1222 1019 1334 1056 σου.

1310 1023 1334 1056 ι.
1882 1003 1971 1057 20.
2002 1002 2220 1059 Iustitia
2247 1005 2404 1075 plena
2432 1005 2654 1060 dextera
2689 1013 2801 1060 tua.

193 1090 293 1144 21.
333 1090 713 1163 Εὐφρανθήτω
745 1092 870 1164 ὅρος
901 1093 1061 1159 Σιὼν,

1885 1094 1976 1148 21.
2013 1093 2251 1149 Laetetur
2280 1110 2441 1151 mons
2471 1097 2629 1163 Sion,

192 1181 291 1235 22.
333 1181 448 1234 Καὶ
461 1180 906 1250 ἁγαλλιάσθωσαν
923 1187 980 1238 αἰ
999 1185 1297 1261 θυγατέρες
1309 1188 1411 1260 τῆς
1435 1188 1683 1254 Ἰουδαίας

1212 1205 1297 1261 ρες
1309 1188 1411 1260 τῆς
1435 1188 1714 1256 Ἰουδαίας,
1888 1185 1980 1241 22.
2013 1186 2079 1241 Ει
2098 1188 2368 1243 exsultent
2385 1187 2510 1242 ﬁliai
2531 1186 2703 1254 Iudae,

193 1273 290 1326 25.
310 1273 545 1325 Ἕνεκεν
569 1273 678 1326 τῶν
711 1275 997 1346 χριμάτων
1027 1295 1142 1345 σου,
1168 1280 1363 1352 Κύριε.

1884 1279 1976 1334 25.
2006 1278 2232 1350 Propter
2255 1280 2464 1350 judicia
2497 1290 2609 1345 tua,
2645 1278 2896 1335 Domine.

191 1359 290 1412 21.
336 1357 672 1413 Κυκλώσατε
697 1361 854 1426 Σιὼν,
887 1363 976 1416 καὶ
1003 1365 1321 1437 περιλάϐετε
1350 1367 1520 1440 αὐτὴν
1539 1384 1555 1400 ’

1886 1371 1978 1426 24.
2014 1370 2360 1427 Circumdate
2391 1371 2547 1438 Sion,
2569 1383 2624 1426 et
2647 1370 3075 1442 complectimini
3101 1385 3243 1434 eam,

193 1451 288 1506 25.
333 1452 682 1524 Διηγήσασθε
713 1454 772 1506 ὲν
808 1457 922 1518 τοῖς
953 1457 1181 1529 πύργοις
1208 1458 1398 1529 αὐτῆς.

1264 1459 1398 1529 δτῆς.
1887 1460 1980 1516 25.
2010 1459 2240 1516 Narrate
2261 1460 2315 1515 in
2340 1461 2585 1516 turribus
2615 1463 2755 1531 ejus.

195 1541 290 1596 26.
332 1542 512 1595 Θέσθε
528 1543 626 1608 τὰς
645 1544 872 1615 καρδίας
890 1545 1042 1617 ὑμῶν
1058 1550 1138 1611 εἰς
1150 1548 1248 1621 τὴν
1265 1550 1493 1622 δύναμιν
1513 1552 1681 1626 αὐτῆς

1605 1553 1713 1626 τῆςο
1887 1551 1978 1606 26.
2018 1549 2211 1607 Ponite
2232 1553 2396 1608 corda
2419 1561 2598 1608 vestra
2625 1553 2680 1606 in
2711 1553 2909 1608 virtute
2942 1551 3096 1624 ejus;

194 1633 290 1691 27.
340 1634 453 1688 Καὶ
479 1636 857 1691 καταδιέλεσθε
891 1638 990 1703 τὰς
1025 1639 1212 1712 βάρεις
1240 1643 1432 1715 αὐτῆς,

1300 1643 1432 1715 ιτῆς,
1885 1643 1976 1697 27.
2008 1641 2075 1697 Et
2097 1643 2408 1700 distribuite
2428 1644 2624 1700 domos
2651 1646 2791 1714 ejus,

195 1726 290 1780 28.
309 1728 504 1792 Ὅπως
531 1727 597 1782 ἂν
627 1728 961 1802 διηγήσησθε
992 1735 1070 1798 εἰς
1098 1735 1291 1803 γενεὰν
1325 1737 1538 1808 ἐτέρανο

1439 1754 1538 1791 ›αν’
1746 1732 1788 1786 Β
1885 1734 1975 1789 28.
2005 1733 2076 1789 Ut
2100 1736 2366 1791 enarretis
2394 1737 2451 1791 in
2481 1737 2737 1808 progenie
2761 1737 2930 1792 altera

197 1818 291 1873 29.
313 1819 444 1872 Ὀτι
468 1812 623 1882 οὗτός
649 1821 794 1873 ἐστιν
823 1823 851 1875 ὁ
877 1821 1010 1886 Θεὸς
1042 1824 1222 1895 ἡμῶν,

1882 1825 1972 1881 29.
2005 1826 2273 1892 Quoniam
2304 1828 2393 1883 hic
2420 1836 2504 1884 est
2529 1828 2674 1885 Deus
2709 1840 2916 1895 noster,

199 1909 293 1964 50.
339 1911 438 1974 Εἰς
467 1910 559 1964 τὸν
583 1912 753 1967 αἰῶνα
786 1915 880 1968 καὶ
906 1917 985 1979 εἰς
1015 1916 1105 1968 τὸν
1129 1916 1299 1973 αἰῶνα
1322 1917 1416 1972 τοῦ
1449 1917 1642 1982 αἰῶνος
1661 1935 1676 1950 ⁸

1585 1935 1676 1982 οςο
1883 1917 1973 1974 30.
2010 1917 2068 1973 In
2093 1920 2461 1986 aeternumet
2481 1919 2535 1974 in
2564 1922 2823 1976 saeculum
2859 1920 3073 1976 saeculi:

197 2003 290 2060 ⁸51.
335 2003 515 2066 Αὐτὸς
554 2008 808 2076 ποιμανεῖ
830 2009 978 2078 ἡμᾶς
1006 2008 1089 2072 εἰς
1120 2009 1244 2073 τοὺς
1277 2009 1501 2074 αἰῶνας.

1304 2009 1501 2074 ιίῶνας.
1882 2013 1971 2068 δι.
2006 2014 2126 2083 Ipse
2153 2023 2339 2084 pascet
2367 2028 2468 2070 nos
2496 2013 2552 2068 in
2575 2015 2795 2068 saecula.

218 2097 326 2160 Εἰς
360 2094 430 2148 τὸ
467 2094 662 2163 τέλος,
712 2096 835 2164 τοῖς
865 2099 1017 2165 υἱοῖς
1044 2100 1215 2168 Κορέ.
1256 2103 1431 2158 ΨΑΛ.
1480 2106 1624 2159 MH'.

2023 2104 2092 2159 In
2119 2106 2298 2175 ﬁnem,
2330 2107 2456 2176 ﬁliis
2480 2106 2629 2160 Core.
2662 2104 2862 2160 PSAL.
2891 2101 3172 2160 XLVIII.

200 2184 253 2239 1.
285 2183 591 2238 Ἀκούσατε
621 2186 813 2252 ταῦτα,
850 2188 1026 2243 πάντα
1045 2189 1115 2243 τὰ
1145 2189 1296 2260 ἔθνη,

1890 2196 1941 2250 1.
1973 2196 2169 2252 Audite
2201 2196 2336 2262 haec,
2372 2211 2561 2252 omnes
2584 2204 2789 2266 gentes,

194 2276 252 2332 2.
279 2279 664 2346 Ἐνωτίσασθε,
693 2281 889 2346 πάντες
919 2283 968 2336 οἰ
1002 2283 1380 2348 κατοικοῦντες
1411 2283 1508 2355 τὴν
1532 2286 1681 2338 οἰκου

1998 2289 2208 2344 turibus
2231 2289 2512 2360 pereipite,
2539 2303 2734 2343 omnes
2765 2287 2860 2358 qui
2893 2285 3152 2340 habitatis
3176 2282 3384 2338 orbem.
3487 2282 3489 2284 ’

128 2369 322 2441 μένην.

1270 2465 1649 2524 ATHANASII
1685 2467 2272 2526 INTERPBETATIO.

198 2575 292 2638 15,
322 2573 412 2630 16.
451 2576 538 2629 Ἐν
565 2579 630 2649 τῇ
657 2579 771 2633 ἄνω
803 2579 1174 2654 Ἰερουσαλήμ.

1895 2584 1982 2650 15,
2019 2583 2109 2638 16.
2141 2583 2200 2638 ln
2226 2596 2456 2652 superna
2484 2579 2810 2636 Jerusalem.

201 2667 293 2722 17.
325 2667 645 2732 Ἀσάλευτός
673 2671 820 2724 ἐστιν
836 2672 914 2735 εἰς
935 2674 1059 2737 τοὺς
1076 2674 1465 2748 ἀτελευτήτους
1481 2677 1688 2739 αἰῶνας

1636 2696 1708 2739 ις.
1892 2681 1982 2736 17.
2016 2679 2320 2734 Immobilis
2342 2686 2427 2733 est
2457 2677 2511 2732 in
2546 2676 2878 2748 sempiterna
2907 2672 3127 2729 saecula.

197 2758 291 2812 18.
337 2760 729 2835 Διηγησάμεθα
759 2763 839 2833 (1)
867 2763 934 2817 τὰ
964 2764 1265 2836 παθήματά
1297 2785 1410 2823 σου.

1355 2787 1410 2823 ›υ.
1741 2803 1784 2864 c
1891 2772 1978 2827 18.
2007 2769 2361 2827 Narravimus
2388 2768 2672 2840 passiones
2703 2775 2846 2822 tuas.

196 2849 291 2903 19.
324 2850 411 2914 Ὠς
441 2852 797 2925 ἀτελεύτητον
827 2855 942 2908 ἐστι
985 2854 1047 2908 τὸ
1076 2856 1246 2928 ὄνομά
1279 2875 1394 2927 σου,
1422 2858 1594 2925 οὕτως
1620 2879 1687 2916 κα

1892 2862 1974 2918 19.
2013 2861 2166 2917 Sicut
2195 2861 2587 2930 sempiternum
2634 2867 2717 2914 est
2758 2871 2958 2912 nomen
3000 2864 3178 2915 tuum.
3215 2851 3290 2908 ita
3336 2858 3383 2906 el

127 2941 177 3010 ὴο
199 2941 412 3007 αἰνεσίς
444 2961 564 3000 σου.
783 3000 786 3002 ν

783 3000 786 3002 ν
1815 2950 1935 3006 laus
1966 2959 2077 3006 tua.

197 3034 292 3089 20.
322 3035 380 3089 '0
415 3035 542 3101 λαὸς
579 3039 607 3090 ὁ
633 3036 805 3103 ἑστὼς
832 3040 895 3092 ὲκ
919 3039 1107 3107 δεξιῶν
1143 3059 1246 3114 μου
1276 3044 1377 3100 ί2ὶ.

1884 3043 1975 3098 20.
2009 3042 2246 3112 Populus
2278 3051 2430 3097 stans
2457 3057 2487 3096 a
2514 3041 2723 3097 dextris
2753 3041 2883 3096 tuis.

199 3127 294 3181 21.
321 3129 385 3181 Ἦ
411 3129 524 3183 ἄνω
557 3131 935 3204 Ἰερουσαλήμ.
1236 3204 1237 3207 η

1236 3204 1237 3207 η
1881 3128 1970 3182 21.
2007 3125 2256 3198 Superna
2288 3123 2612 3182 Jerusalem.

198 3220 292 3273 22.
336 3222 403 3273 Αἱ
431 3221 600 3293 ψυχαὶ
628 3223 735 3276 τῶν
761 3225 952 3292 ἁγίων.

1881 3219 1972 3274 22.
2007 3219 2221 3274 Animae
2247 3227 2581 3274 sanctorum.

196 3311 536 3368 25.Ἔνεκεν
567 3313 665 3385 τῆς
696 3314 1104 3380 ἀνταποῶσεώς
1133 3332 1248 3382 σου,
1277 3316 1471 3388 Κύριε.

1887 3307 1980 3362 25.
2015 3306 2242 3377 Propter
2273 3308 2687 3363 retributionem
2712 3313 2885 3370 tuam,
2912 3303 3163 3359 Domine.

195 3403 292 3458 24.
332 3404 605 3475 Οἰκήσατε
638 3405 736 3476 τὴν
768 3406 882 3461 ἄνω
916 3408 1290 3480 Ἰερουσαλὴμ,
1316 3411 1409 3464 καί⁵
1433 3411 1513 3474 εἰς
1544 3410 1683 3464 κατά

1890 3399 1971 3454 24.
2004 3399 2255 3455 Habitate
2305 3414 2600 3469 supernam
2648 3397 2950 3455 Jerusalem
2972 3435 2989 3464 ,
3030 3407 3085 3452 et
3116 3394 3381 3466 possidete

130 3514 317 3568 σχεσιν
345 3496 518 3568 αὐτὴν
549 3496 735 3568 ἔσχετε
765 3499 864 3570 (a).

462 3496 518 3568 ὴν
549 3496 735 3568 ἔσχετε
765 3499 864 3570 (a).
1812 3505 1953 3546 eam-

199 3589 293 3642 25.
325 3589 416 3641 Ἐν
440 3590 554 3652 τοῖς
578 3589 754 3656 ἁγίοις
773 3591 944 3662 αὐτῆς
973 3591 1304 3665 διηγήσασθε
1325 3593 1394 3649 τὰ
1413 3592 1686 3665 δικαιὼμα

1881 3582 1970 3636 25.
2002 3581 2229 3636 Narrate
2257 3581 2313 3636 in
2342 3581 2549 3636 sanctis
2580 3580 2754 3650 ipsius
2781 3575 3202 3650 justiﬁcationes
3243 3575 3365 3644 ejus

128 3699 194 3735 τα
225 3698 417 3735 αυτου.

196 3772 289 3826 26.
329 3772 502 3826 θέσθε
521 3773 620 3845 τὴν
638 3775 872 3830 διάνοιαν
896 3774 1050 3848 ὑμῶν
1068 3779 1148 3840 εἰς
1165 3777 1264 3841 τὰς
1283 3776 1500 3842 ἐντολὰς
1521 3777 1686 3832 αὐτοῦ

1881 3775 1970 3830 26.
2002 3775 2194 3831 Ponite
2221 3785 2458 3831 mentem
2490 3785 2728 3830 vestram
2754 3773 2806 3827 in
2835 3772 3121 3843 prmeeptis
3147 3770 3321 3826 illius.

196 3864 289 3919 27.
331 3867 443 3919 Kal.
472 3866 756 3938 μερίσεσθε
790 3867 865 3939 (ὁ)
900 3869 998 3932 τὰς
1031 3870 1196 3940 μονὰς
1221 3871 1410 3941 αὐτῆς.

1351 3874 1410 3941 ᾗς.
1882 3869 1972 3923 27.
2009 3867 2076 3924 Ει
2099 3867 2324 3924 dividite
2360 3868 2674 3924 mansiones
2699 3865 2842 3936 ejus.

193 3956 288 4010 28.
307 3957 497 4022 Ὅπως
521 3958 588 4012 ἂν
603 3955 931 4033 διηγήσαόθε
948 3964 1005 4015 ὲν
1027 3964 1096 4033 (ε)
1114 3963 1190 4036 τῷ
1202 3964 1378 4036 χρόνῳ
1393 3964 1499 4019 τῶν
1517 3963 1684 4034 ἁγίων

1613 3982 1708 4020 ων.
1883 3960 1973 4015 28.
2001 3958 2074 4016 Ut
2101 3961 2367 4016 enarretis
2398 3960 2454 4014 in
2484 3968 2728 4031 tempore
2767 3967 3104 4015 sanctorum.

192 4050 284 4103 29.
314 4050 447 4103 Ὀτι
481 4047 656 4118 οὗτός
695 4055 868 4108 ἐστιν
895 4057 928 4109 ό
958 4056 1101 4123 Θεὸς
1124 4057 1312 4126 ἡμῶν.

1788 4112 1790 4114 τ
1878 4053 1969 4108 29.
2005 4053 2267 4120 Quoniam
2290 4054 2375 4108 hic
2397 4065 2474 4109 est
2503 4053 2644 4108 Deus
2666 4064 2841 4107 noster

191 4141 286 4207 30,
314 4142 405 4196 51.
436 4143 493 4196 ὐ
524 4144 724 4217 ποιμὴν
750 4147 778 4199 ὁ
811 4148 975 4213 καλὸς
1004 4151 1256 4220 ποιμανεί
1282 4150 1428 4220 ἡμᾶς
1462 4148 1566 4220 (ἢ).

1552 4189 1566 4203 .
1733 4159 1778 4216 ο
1871 4146 1964 4213 '50,
1999 4147 2089 4201 51.
2121 4146 2317 4204 Pastor
2346 4147 2542 4213 bonus,
2578 4147 2671 4218 qui
2706 4154 2887 4216 pascet
2911 4161 3032 4200 nos.

204 4255 272 4308 Ἠ
306 4257 640 4330 προκειμένη
665 4260 944 4333 ἐπιγραφὴ
973 4262 1212 4333 περιέχει
1239 4261 1315 4332 (4)
1337 4278 1349 4291 ⁸
1380 4263 1482 4327 Εἰς
1507 4261 1570 4314 τὸ
1606 4259 1799 4327 τέλος,
1827 4259 1951 4327 τοῖς
1979 4260 2132 4326 ὐἱοῖς
2160 4260 2310 4329 Κορὲ
2342 4260 2581 4328 ψαλμός
2598 4277 2612 4290 ·
2639 4259 2766 4330 περὶ
2792 4256 2885 4312 τοῦ
2913 4255 3097 4318 τέλους
3124 4251 3232 4306 τῶν
3257 4249 3382 4304 υἱῶν

119 4344 218 4416 τῆς
249 4347 539 4413 ἀπειθείας
565 4351 594 4402 ὁ
623 4349 836 4422 ψαλμὺς
862 4351 1028 4422 λέγει.
1061 4353 1212 4422 Κορὲ
1238 4353 1384 4422 λέγει
1421 4353 1674 4422 ἀπειθὴς
1816 4351 1896 4418 τῷ
1941 4351 2062 4418 Θεῷ
2092 4352 2432 4422 γεγένηται·
2463 4351 2595 4405 διότι
2633 4351 2726 4404 καὶ
2758 4351 2884 4413 τοὺς
2935 4346 3207 4407 τοιούτους
3237 4342 3382 4405 υἱοὺς

121 4437 285 4491 αὑτοῦ
315 4440 475 4493 καλεῖ
505 4442 539 4512 ἡ
569 4442 781 4514 Γραφή.

189 4529 408 4586 Titulus
446 4533 738 4604 inscriptus
770 4534 1012 4590 continet
1047 4551 1062 4588 :
1099 4531 1168 4587 In
1195 4533 1372 4604 ﬁnem,
1406 4531 1536 4602 ﬁliis
1565 4532 1697 4587 Core
1742 4533 2000 4604 psalmus.
2032 4532 2109 4588 De
2167 4532 2271 4588 line
2323 4531 2560 4586 filiorum
2615 4529 2991 4586 inobedicntize
3022 4528 3266 4598 psalmus
3301 4526 3382 4581 lo-

118 4627 329 4698 quitur.
366 4625 500 4682 Core
532 4629 817 4700 signiﬁcat,
853 4630 1152 4686 inobediens
1189 4629 1295 4684 Deo
1320 4628 1496 4698 factus
1533 4637 1634 4696 est,
1667 4638 1955 4701 propterea
1990 4630 2126 4685 tales
2155 4629 2274 4700 ejus
2300 4629 2444 4683 ﬁlios
2472 4637 2631 4681 vocat
2664 4624 2860 4696 psalmi
2899 4623 3203 4694 inscriptio.

190 4722 242 4776 1.
285 4720 618 4795 Παιδεύθητε
650 4725 842 4790 ταῦτα,
876 4725 912 4778 ἃ
951 4723 1132 4797 μέλλω
1176 4723 1379 4792 λέγειν,
1410 4721 1590 4778 πάντα
1635 4721 1681 4775 τὲ

1889 4725 1932 4778 l.
1965 4722 2167 4779 Discite
2198 4723 2332 4787 haec,
2363 4736 2484 4791 qua:
2513 4720 2759 4776 dicturus
2783 4732 2927 4781 sum,
2953 4731 3145 4771 omnes
3173 4723 3380 4786 gentes.

118 4811 191 4864 ἔθ’
254 4850 271 4865 .

185 4827 248 4956 ἓ
268 4901 588 4968 Ἑκδὲξασθε
623 4904 694 4958 τὰ
723 4899 838 4960 ὦτα
869 4905 1023 4977 ὑμῶν
1047 4904 1082 4960 ἃ
1110 4904 1220 4978 ἐρῶ
1251 4904 1380 4976 ὑμῖν
1421 4903 1521 4974 (6).

1884 4900 1939 4956 2.
1969 4899 2216 4970 Excipite
2238 4899 2464 4956 auribus
2497 4896 2715 4965 vestris,
2741 4912 2863 4968 qua:
2890 4893 3065 4950 dicam
3098 4890 3275 4946 vobis.

1071 5026 1376 5088 Addenda
1409 5031 1469 5087 et
1524 5020 1906 5101 corrigenda
1937 5038 2018 5083 ex
2050 5020 2192 5084 eod.
2227 5021 2431 5084 Vatic.

187 5145 264 5217 (ll
306 5144 708 5217 ὲιηγησόμεθαο
1982 5144 2045 5217 Ἦ
2068 5143 2155 5217 διὰ
2186 5144 2286 5217 τῆς
2306 5140 2678 5217 κινναϐάρεως
2707 5152 2833 5207 περ.

189 5213 478 5292 (ψέουι.
542 5213 608 5292 ζ..
662 5279 794 5292 -..
950 5289 959 5292 Α
1184 5277 1200 5292 .
1336 5279 1348 5291 .
1682 5287 1692 5292 -
1881 5213 2406 5292 (ξ)ἕ,ορὲ.χάράτῖο
2492 5283 2504 5292 .
2617 5279 2710 5292 .-
2823 5274 2835 5292 ,

188 5277 265 5350 (ὃ)
299 5285 366 5336 Ν.
412 5282 502 5346 29,
530 5282 632 5353 7'50,
662 5279 752 5345 3|,
779 5281 1034 5350 leguntur
1059 5277 1433 5353 _conjunctim,
1481 5294 1675 5353 acppos

1888 5277 1954 5353 f6}
1992 5277 2314 5350 Εἰᾰδὲξαάθε
2343 5285 2424 5347 εἰς
2450 5283 2585 5337 τὰ...
2612 5279 2738 5350 ὑμῖν
2767 5277 2966 5337 πάντες
2991 5277 3040 5327 οἱ
3069 5277 3379 5328 κατοικοῦν-

115 5357 264 5433 ᾖμᾷς
294 5352 736 5433 limoaddunttnl,
756 5354 866 5433 ἐἰς’
889 5350 1435 5433 τοὺςὰῖελευτήτους
1471 5350 1606 5406 αἰῶν

892 5350 1435 5433 τοὺςὰῖελευτήτους
1471 5350 1698 5416 αἰῶνας,
1800 5350 1895 5423 τες
1923 5357 2022 5430 τὴν
2046 5355 2383 5427 οἰκουμένην.

115 5421 268 5495 δ’τὴν
301 5423 478 5494 ψυχὴν
509 5421 671 5476 αὐτοῦ
698 5421 810 5486 θεὶς
845 5421 984 5493 ὑπὲρ
1009 5421 1183 5492 ἡμῶν.

185 5537 264 5610 (ᾳ)
299 5537 575 5610 Ἕσχετε.
612 5533 775 5610 Forte
801 5533 1093 5610 Exeee,_vcl
1120 5533 1320 5606 ἴσχετε.
1353 5533 1511 5610 Enn:
1590 5603 1632 5610 _

1872 5538 1943 5610 (ε)
1974 5537 2368 5609 Διητήσασθε.
2400 5533 2561 5592 Forte
2596 5526 2944 5602 διηγήσησθε.
2982 5526 3138 5582 Ect'r.

183 5603 259 5679 (ὁ)
286 5603 638 5676 Μερὶὸνεσθε.
673 5605 802 5677 Leg.
829 5603 942 5662 vid.
989 5603 1208 5677 interp.,
1247 5603 1563 5677 μερίσασθε.
1589 5603 1689 5662 En.
