3750 6374
351 273 453 328 339
1196 261 1255 316 s.
1298 227 1676 315 nuauasu
1713 256 1864 313 oar.
1907 252 2084 309 mas
2127 252 2214 308 Ill.
2254 285 2323 294 —
2357 251 2771 310 EXEGETICA.
3497 257 3609 315 81o

419 395 470 447 '5.
508 391 720 461 Quique
743 388 1025 459 terrigenae
1047 395 1100 440 et
1124 383 1218 439 lilii
1251 384 1558 448 hominum,

1941 386 1989 443 Α
2086 379 2137 431 5.
2181 378 2252 429 Οἵ
2281 395 2340 429 τε
2366 378 2618 448 γηγενεῖς
2642 375 2736 428 καὶ
2767 373 2872 426 υἱοὶ
2902 371 3008 428 τῶν
3030 372 3351 444 ἀνθρώπων,

420 486 474 538 ι.
508 483 682 537 Simul
707 483 760 535 in
800 495 968 534 unum
993 478 1145 532 dives
1172 485 1228 532 et
1254 491 1480 545 pauper.

2094 471 2148 522 4.
2172 469 2297 520 Ἐπὶ
2323 469 2381 522 τὸ
2417 469 2547 522 αὐτὸ
2581 467 2836 530 πλούσιος
2872 467 2964 519 καὶ
2991 467 3175 537 πένης.

420 576 473 630 5.
507 572 580 629 Os
615 587 794 627 meum
828 571 1080 639 loquetur
1112 567 1459 638 sapientiam,

2097 560 2147 612 5.
2191 559 2264 611 Τὸ
2293 559 2468 628 στόμα
2504 576 2603 629 μου
2635 558 2858 628 λαλήσει
2891 556 3097 625 σοφίαν,

420 667 475 720 6.
506 665 571 719 Et
597 662 876 718 meditatio
896 661 1079 716 cordis
1102 661 1208 715 mei
1239 657 1603 728 prudentiam.

2095 650 2149 704 6.
2192 650 2300 702 Kal
2321 652 2354 720 ἡ
2391 649 2586 721 μελέτη
2619 649 2719 718 τῆς
2747 648 2974 718 καρδίας
3003 665 3104 718 μου
3139 646 3371 701 σύνεσιν.

421 759 474 812 7.
509 757 784 811 lncliaabo
819 755 874 809 in
907 753 1220 824 parabolam
1251 767 1439 806 aurem
1470 765 1672 812 meam,

2096 741 2148 792 7.
2191 741 2370 793 Κλινῶ
2402 743 2482 804 είς
2505 739 2820 813 παραϐολὴν
2853 739 2914 792 τὸ
2951 734 3043 802 οὖς
3077 754 3177 808 μου
3198 753 3214 769 ⁶

418 854 474 907 8.
501 851 754 922 Aperiam
786 850 838 904 in
862 847 1117 918 psalterio
1146 845 1570 916 propositionem
1597 857 1798 897 meam.

2095 833 2147 886 8.
2177 832 2394 922 Ἀνοίξω
2421 833 2479 885 ὲν
2509 832 2791 904 ψαλτηρίῳ
2820 831 2882 885 τὸ
2915 830 3205 915 πρόϐλημά
3229 847 3349 900 μου.

420 945 472 997 9.
503 911 614 995 Citr
639 942 803 994 timeo
833 939 888 993 in
923 938 1011 992 die
1045 937 1224 992 mala?

2096 924 2149 977 9.
2169 924 2286 976 Ἵνα
2313 911 2364 976 τ’ί
2395 921 2668 993 φοϐοῦμαι
2701 924 2758 974 ὲν
2791 921 2975 994 ἡμέρᾳ
3001 911 3246 991 πονηρᾷ;

421 1033 508 1088 10.
540 1032 801 1103 lniquitas
831 1031 1072 1088 ealcanei
1107 1031 1214 1085 mei
1249 1026 1612 1083 circumdabit
1641 1039 1746 1078 me.

2097 1014 2184 1067 10.
2211 1014 2273 1065 Ἡ
2302 1013 2502 1084 ἀνομία
2525 1013 2624 1083 τῆς
2661 1012 2897 1083 πτέρνης
2930 1028 3029 1081 μου
3069 1009 3336 1063 κυκλώσει
3369 1013 3457 1079 μεὶ

427 1126 507 1180 l1.
537 1101 650 1190 Qui
665 1125 946 1179 confidunt
971 1123 1023 1176 in
1052 1123 1256 1176 virtute
1283 1137 1403 1184 sua,

2099 1109 2187 1162 11.
2229 1108 2290 1160 Οἱ
2318 1105 2634 1170 πεποιθότες
2667 1106 2759 1157 ἐπὶ
2780 1108 2845 1174 τῇ
2870 1103 3094 1183 δυνάμεσι
3126 1101 3325 1164 αὐτῶν,

423 1216 509 1270 12.
541 1215 607 1271 Et
668 1217 721 1270 in
756 1215 1099 1271 multitudine
1151 1214 1464 1268 divitiarum
1523 1224 1746 1266 suarum
1805 1206 1893 1276 gio

2114 1201 2185 1254 12.
2229 1201 2337 1254 Kal
2378 1199 2471 1252 ἐπὶ
2517 1198 2594 1269 τῷ
2641 1198 2833 1272 πλήθει
2869 1195 2961 1250 τοῦ
2991 1193 3218 1250 πλούτου
3258 1195 3437 1247 αὐτῶν
3463 1212 3595 1249 καυ-

354 1309 579 1362 riautur.

2028 1290 2279 1363 χώμενοι.

422 1400 504 1452 15.
543 1400 735 1455 Frater
769 1417 878 1456 non
915 1401 1155 1466 redimit,
1186 1397 1419 1453 redimet
1444 1396 1632 1459 homo,

2112 1385 2185 1439 15.
2227 1383 2476 1453 Ἀδελφὸς
2509 1383 2567 1436 ού
2598 1381 2905 1454 λυτροῦται,
2929 1381 3260 1452 λυτρώσεται
3283 1381 3593 1447 ἄνθρωπος’

421 1491 510 1545 14.
541 1489 658 1544 Νοη
685 1491 836 1546 dabit
863 1491 973 1546 Deo
996 1491 1358 1562 placationem
1394 1502 1575 1552 suam,

2101 1473 2188 1527 14.
2223 1474 2295 1526 Οὐ
2325 1471 2487 1525 δώσει
2517 1471 2592 1542 τῷ
2620 1471 2739 1542 Θεῷ
2767 1471 3030 1542 ὲξίλασμα
3059 1471 3273 1537 ἑαυτοῦ,

424 1582 510 1636 15.
544 1582 610 1636 Et
640 1585 876 1652 pretium
907 1583 1297 1653 redemptionis
1325 1581 1524 1635 animae
1552 1593 1683 1635 suae.

2116 1567 2191 1622 15.
2217 1568 2327 1620 Kal
2347 1565 2442 1637 τὴν
2460 1566 2622 1636 τιμὴν
2644 1566 2741 1636 τῆς
2759 1564 3076 1636 λυτρὼσεως
3094 1565 3195 1635 τῆς
3214 1564 3395 1635 ψυχῆς
3417 1562 3597 1618 αὐτοῦ.

428 1673 512 1727 16.
548 1673 611 1728 Et
675 1675 958 1730 laborabat
1005 1676 1067 1729 in
1109 1683 1397 1739 aeternum,
1456 1680 1513 1727 et
1566 1670 1710 1726 vivet
1756 1668 1812 1722 in
1865 1666 1899 1720 (ἰ

2118 1659 2191 1713 I6.
2218 1659 2328 1712 Kal
2360 1657 2647 1711 ἐκοπίασεν
2689 1658 2769 1720 εἰς
2795 1655 2885 1710 τὸν
2912 1655 3082 1710 αἰῶνα
3101 1697 3116 1722 ,
3151 1656 3244 1711 καὶ
3277 1655 3501 1728 ζήσεται
3525 1657 3599 1718 είς

357 1783 501 1821 nem.

1383 1735 1392 1739 ν
1961 1735 2006 1790 Β
2032 1751 2206 1814 τέλος.

425 1857 510 1912 17.
544 1857 660 1912 Non
689 1857 892 1913 videbit
919 1857 1226 1924 interitum,

2109 1842 2196 1895 17.
2232 1841 2345 1894 Οὔκ
2376 1839 2564 1910 ὄψεται
2596 1839 2963 1912 καταφθορὰν,

428 1952 514 2006 18.
547 1951 683 2004 Cum
708 1951 904 2005 viderit
932 1952 1204 2020 sapientes
1241 1945 1580 2002 morientes?

2108 1933 2196 1988 18.
2229 1934 2392 1987 Ὅταν
2427 1933 2513 2006 ἴδῃ
2545 1934 2740 2003 σοφοὺς
2765 1932 3234 2003 ἁποθνήσκοντας;

427 2044 514 2097 19.
543 2042 716 2097 Simul
748 2043 1010 2114 insipiens
1038 2050 1093 2097 et
1119 2041 1321 2096 stultus
1351 2039 1608 2110 peribunt
1632 2055 1647 2093 :

2113 2029 2198 2082 19.
2244 2027 2366 2080 Ἐπ)¹
2396 2025 2458 2078 τὸ
2490 2026 2619 2078 αὐτὸ
2653 2026 2840 2096 ἄφρων
2869 2024 2963 2077 καὶ
2989 2023 3145 2088 ἀνους
3172 2023 3500 2079 ἀπολοῦνται
3518 2041 3533 2056 ·

428 2136 513 2190 20.
550 2134 614 2189 Et
637 2135 948 2205 relinquent
973 2134 1164 2190 alienis
1191 2133 1410 2192 divitias
1445 2146 1598 2186 suas.

2120 2117 2195 2173 20.
2237 2117 2345 2170 Kal
2398 2116 2812 2186 καταλείψουσιν
2861 2115 3158 2186 ἀλλοτρίοις
3220 2115 3312 2168 τὸν
3381 2116 3601 2170 πλοῦτον

2034 2207 2237 2262 αὐτῶν.

1480 2347 1857 2406 ATHANASH
1901 2343 2488 2403 INTERPRETATIO.

429 2517 483 2572 ὅ.
515 2514 739 2568 Terreni
769 2513 862 2566 lilii
893 2511 1200 2567 hominum.

2105 2507 2158 2560 '5.
2202 2507 2262 2560 Οἱ
2290 2507 2465 2576 γήινοι
2505 2503 2607 2556 υἱο⁵ι
2632 2500 2739 2554 τῶν
2768 2499 3085 2572 ἀνθρώπων.

423 2606 478 2660 4.
517 2605 772 2660 Eamdem
801 2604 1103 2660 doctrinam
1129 2601 1288 2657 vobis
1318 2599 1577 2656 omnibus
1607 2597 1904 2670 propositu‘

2126 2599 2157 2654 1.
2199 2597 2309 2669 Τὴν
2340 2596 2507 2668 αὐτὴν
2544 2594 2891 2648 διδασκαλίαν
2915 2595 3079 2647 πᾶσιν
3115 2593 3244 2663 ύμῖν
3269 2590 3451 2661 μέλλω
3478 2607 3607 2662 προσ

356 2713 454 2752 1⁵118
479 2713 624 2751 sum.

2033 2692 2238 2746 τιθέναι
2262 2689 2362 2761 (1).

427 2789 482 2842 5.
512 2787 754 2858 Apostoli
789 2803 881 2858 per
913 2785 1355 2858 praedicationem
1392 2785 1687 2853 loquentur
1715 2782 1908 2851 sapien'

2124 2786 2161 2840 ἰ.
2200 2785 2262 2836 Οί
2306 2781 2592 2835 ἀπόστολοι
2639 2780 2729 2835 διά
2770 2778 2864 2832 τοῦ
2912 2777 3265 2850 κηρύγματος
3318 2776 3605 2848 λαλήσουσι

358 2878 487 2931 tiam
519 2878 659 2947 ejus,
687 2894 792 2932 non
829 2877 992 2945 hujus
1021 2877 1229 2932 saeculi.

2037 2875 2228 2945 σοφίαν
2253 2872 2440 2938 αὐτοῦ,
2469 2871 2616 2944 [oux]
2645 2870 2838 2933 αἰῶνος
2872 2868 2948 2938 (2)
2979 2869 3185 2921 τούτου.

426 2969 478 3022 6.
509 2968 577 3025 Et
620 2969 902 3024 meditatio
951 2968 1288 3024 credentium
1339 2967 1394 3021 in
1445 2982 1530 3022 me
1577 2963 1907 3036 intelligenti:

2127 2967 2157 3021 Β.
2198 2966 2308 3018 Kal
2334 2967 2367 3035 ὴ
2407 2964 2601 3036 μελέτη
2635 2963 2741 3016 τῶν
2768 2961 3130 3014 πιστευόντων
3170 2962 3249 3024 είς
3275 2961 3378 3032 ἐμὲ
3407 2962 3608 3024 σύνεσίς

355 3069 460 3116 est.

2035 3070 2203 3110 εστιν.

427 3151 479 3205 7.
515 3150 795 3205 Adducam
830 3151 884 3204 in
911 3148 1224 3220 parabolam
1252 3148 1574 3219 mysterium
1602 3161 1808 3202 meum.

1960 3137 2002 3196 Ο
2105 3149 2160 3202 7.
2193 3146 2408 3216 Ἀγάγω
2433 3146 2511 3209 εἰς
2538 3144 2849 3217 παραϐολὴν
2881 3145 2938 3197 τὺ
2963 3143 3257 3215 μυστήριόν
3296 3160 3423 3214 μου.

424 3240 480 3294 8.
513 3240 827 3296 Describam
854 3242 906 3294 in
934 3240 1192 3311 psalterio
1216 3239 1652 3309 pr0positiouem
1676 3252 1878 3293 meam.

1852 3274 1878 3292 ιο
2109 3240 2164 3295 8.
2194 3239 2516 3310 Ἀναγράψω
2544 3240 2600 3291 ἐν
2627 3237 2910 3310 ψαλτηρίῳ
2937 3237 2997 3290 τὸ
3022 3236 3333 3308 πρόϐλημα.

426 3332 482 3388 9.
515 3332 782 3402 Tempore
809 3333 1080 3401 passionis
1113 3347 1267 3386 meae.

2109 3333 2166 3387 9.
2197 3333 2283 3384 Ἐν
2308 3331 2385 3402 τῷ
2418 3331 2595 3402 καιρῷ
2623 3329 2716 3383 τοῦ
2752 3330 2958 3393 πάθους
2993 3347 3116 3400 μου.

430 3423 518 3478 10.
553 3423 723 3480 Judas
762 3424 988 3479 ultimus
1021 3423 1418 3494 discipulorum
1453 3437 1701 3478 meorum
1747 3421 1911 3476 insur

2130 3424 2200 3478 10.
2231 3423 2426 3486 Ἰούδας
2449 3425 2477 3476 ό
2503 3423 2727 3494 ἔσχατος
2750 3424 2858 3476 τῶν
2902 3421 3155 3492 μαθητῶν
3193 3437 3298 3491 μου
3319 3422 3611 3476 ⁹ἔιτιτισυστεῖ

359 3526 446 3590 get
471 3517 526 3570 in
556 3532 664 3572 me.

2042 3516 2119 3583 ('5)
2152 3514 2548 3588 [ἐπισυστήσει]
2580 3531 2689 3585 μοι.

430 3609 518 3663 11.
550 3607 834 3678 Principes
855 3606 1193 3663 Judazorum.

2113 3607 2200 3661 11.
2239 3608 2301 3661 Οί
2329 3606 2582 3677 ἄρχοντες
2606 3606 2714 3660 τῶν
2749 3605 3041 3660 Ἰουδαίων.

427 3698 516 3752 12.
573 3695 776 3752 Scribae
822 3707 878 3753 et
928 3697 1189 3754 Pharisaei
1249 3697 1656 3770 Scripturarum
1710 3697 1908 3754 scienti:

2132 3701 2204 3754 12.
2246 3703 2308 3752 Ut
2339 3702 2684 3772 γραμματεῖς
2717 3701 2810 3754 καὶ
2845 3700 2894 3752 oi
2935 3700 3218 3771 Φαρισαῖοι
3252 3699 3347 3753 ἐπὶ
3384 3702 3451 3771 τῇ
3481 3699 3613 3767 γνὼ-

359 3788 511 3842 clati.
2045 3807 2125 3844 σει
2159 3790 2236 3860 (4)
2262 3789 2369 3844 τῶν
2394 3790 2623 3862 Γραφῶν
2650 3778 3018 3861 ἐπαιρόμενοι.

431 3880 517 3934 15.
549 3877 667 3934 Non
719 3877 891 3934 frater
936 3888 1123 3936 noster
1157 3891 1262 3947 est,
1295 3883 1389 3952 qui
1414 3881 1636 3937 redimit
1675 3896 1797 3945 uos,
1831 3881 1912 3934 11οε

2139 3882 2202 3934 5.
2239 3882 2352 3934 Οὐκ
2384 3881 2610 3952 ἁδελφὸς
2641 3883 2797 3953 ἡμῶν
2825 3885 2970 3936 ἐστιν
3002 3885 3031 3936 ὁ
3058 3880 3430 3953 λυτρούμενος
3454 3883 3620 3953 ἡμᾶς.

359 3977 444 4024 est
467 3979 670 4025 nostrae
701 3980 910 4025 natura:
939 3981 993 4025 et
1010 3972 1362 4040 conditionis,
1386 3973 1482 4029 sed
1506 3973 1650 4029 Deus
1681 3988 1777 4041 per
1807 3989 1839 4043 ε

2140 3973 2319 4026 τέστιν
2359 3974 2388 4026 ό
2429 3973 2528 4043 τῆς
2563 3974 2638 4044 (5)
2680 3975 2952 4046 ἡμετέρας
2994 3973 3230 4043 φύσεως,
3266 3973 3403 4026 ἀλλύ
3426 3975 3454 4026 ό
3493 3974 3621 4037 Θεὸς

361 4061 495 4115 tiam
520 4058 698 4116 factus
731 4062 892 4116 homo
917 4062 1170 4117 liberabit
1197 4078 1319 4129 nos.

2082 4063 2184 4118 ατά
2208 4063 2367 4134 χάριν
2398 4065 2691 4135 γενόμενος
2720 4066 3006 4137 ἅνθρωπος
3028 4064 3368 4138 λυτρώσεται
3400 4068 3563 4136 ἡμᾶς.

431 4151 517 4206 14.
552 4150 620 4205 Et
640 4166 749 4207 non
777 4152 928 4208 dabit
957 4155 1197 4224 seipsum
1231 4155 1594 4226 placationem
1624 4172 1724 4228 pro
1754 4157 1912 4211 anim:

2141 4157 2207 4211 ,4.
2249 4157 2355 4209 Kal
2387 4157 2739 4222 οὐδεδέαυτὸν
2777 4158 2936 4212 δώσει
2981 4157 3248 4229 ὲξίλασμα
3281 4157 3382 4230 τὴν
3419 4158 3493 4230 (ϐ)
3520 4157 3622 4228 ψυ-

360 4260 483 4310 sua,
515 4245 610 4300 sed
634 4260 734 4315 pro
762 4245 1043 4301 omnibus.

2044 4251 2143 4322 χὴν
2172 4249 2357 4312 αὐτοῦ,
2398 4249 2532 4304 ἀλλά
2559 4252 2644 4306 διὰ
2671 4253 2897 4313 πάντας.

431 4338 519 4392 15.
544 4335 732 4408 Neque
764 4338 999 4409 pretium
1037 4339 1260 4412 aliquod
1291 4341 1465 4406 dabit,
1493 4351 1554 4396 ut
1595 4341 1787 4397 liberet
1816 4342 1906 4396 ani

2153 4343 2206 4396 5.
2247 4343 2379 4396 Οὐδὲ
2426 4344 2590 4415 τιμήν
2635 4362 2752 4397 τινα
2796 4343 2974 4408 δώσει,
3023 4343 3107 4396 ἵνα
3151 4340 3499 4416 λυτρώσηται
3527 4343 3625 4415 τὴν

363 4445 507 4485 mam
534 4447 712 4488 suam.

1975 4498 2010 4506 Α
2045 4435 2220 4506 ψυχὴν
2245 4434 2427 4488 αὐτοῦ.

435 4523 520 4576 16.
545 4522 610 4578 Et
633 4539 830 4594 passus
845 4532 929 4579 est
958 4525 1012 4579 in
1042 4523 1266 4589 mundo,
1293 4523 1386 4579 sed
1413 4524 1544 4579 vivit
1577 4524 1629 4578 in
1656 4533 1916 4580 aeternum

2246 4526 2356 4580 Kal
2389 4526 2623 4580 πέπονθε
2654 4526 2733 4597 τῷ
2772 4526 2848 4597 (7)
2883 4526 3092 4599 κόσμῳ,
3123 4528 3261 4582 ἀλλά
3295 4527 3362 4602 ζῇ
3400 4529 3621 4584 ἀτελευ-

2048 4619 2248 4690 τήτως.

439 4697 520 4753 l7.
557 4695 656 4753 ilic
686 4698 902 4768 quidem
945 4715 1055 4754 non
1085 4703 1240 4756 novit
1282 4705 1733 4772 corruptionem;
1767 4720 1920 4775 nequi

2142 4711 2209 4766 17.
2247 4705 2414 4775 Οὗτος
2447 4710 2544 4782 μὲν
2579 4711 2678 4764 ούκ
2710 4705 2817 4765 εἶδε
2854 4711 3172 4784 διαφθοράψ
3204 4713 3263 4765 ού
3304 4712 3416 4785 γὰρ
3443 4709 3512 4785 ἦν
3539 4715 3623 4766 δυ-

365 4790 514 4843 enim
544 4790 807 4859 possibile
834 4799 974 4857 erat,
1005 4799 1068 4846 ut
1109 4793 1224 4862 ipse
1254 4796 1603 4863 corruptione
1645 4804 1846 4850 teneret

1785 4804 1941 4850 'etttr.
2049 4803 2204 4855 νατὸν
2232 4803 2550 4874 κρατεῖσθαι
2578 4803 2739 4855 αὑτὸν
2774 4803 2879 4856 ὑπὸ
2907 4803 3005 4873 τῆς
3041 4802 3266 4873 φθορᾶς-

435 4881 520 4934 18.
547 4878 749 4936 Omnes
775 4893 956 4938 autem
981 4883 1253 4954 sapientes
1284 4885 1449 4956 hujus
1475 4889 1658 4942 saaculi
1689 4889 1805 4959 ipse
1827 4905 1916 4945 mo

2155 4894 2207 4947 8.
2236 4895 2457 4956 Πάντας
2481 4894 2538 4946 δὲ
2574 4895 2699 4958 τοὺς
2727 4895 2922 4963 σοφοὺς
2954 4893 3046 4946 τοῦ
3078 4893 3273 4958 αἰῶνος
3303 4894 3498 4948 τούτου
3535 4895 3626 4946 a5-

365 4972 567 5028 rientes
593 4973 816 5028 videbit.

2047 4985 2138 5049 τὺς
2171 4985 2361 5053 ὄψεται
2391 4985 2846 5057 ἀποθνήσκοντας.

435 5065 522 5118 19.
559 5063 733 5119 Simul
753 5080 944 5122 omnes
968 5067 1227 5138 peribunt
1257 5083 1369 5124 non
1402 5072 1726 5128 conﬁtentes
1763 5074 1916 5144 ipsuu

2155 5078 2207 5132 9.
2249 5077 2618 5148 Ὀμοθυμαδὸν
2641 5079 2840 5142 πάντες
2860 5079 3184 5132 ἀπολοῦνται
3209 5079 3259 5132 οἱ
3285 5079 3361 5150 μὴ
3383 5078 3629 5147 λέγοντες

363 5167 484 5206 esse
516 5151 710 5206 Deum.
1034 5203 1036 5205 ,

2051 5169 2213 5223 αὑτὸν
2244 5167 2382 5225 εἶναι
2412 5171 2564 5224 Θεόν.

432 5243 524 5298 20.
554 5244 902 5304 Daemonibus
931 5249 1144 5305 animas
1167 5264 1297 5304 suas
1329 5249 1566 5305 tradent.

2148 5263 2213 5318 10.
2246 5264 2371 5326 Τοῖς
2401 5263 2618 5334 δαίμοσι
2640 5262 2740 5332 τὰς
2765 5262 2939 5334 ψυχὰς
2970 5261 3150 5316 αὐτῶν
3175 5261 3629 5334 ὲμπιστεύσουσι.

1318 5362 1622 5425 Addenda
1655 5374 1718 5427 et
1747 5366 2132 5448 corrigenda
2163 5393 2243 5436 ex
2275 5376 2419 5440 cod.
2462 5378 2664 5441 Vatic.

553 5455 978 5547 ééfftaréiewt.
1013 5461 1388 5547 προτίθεσθαι.
2127 5473 2201 5547 (εξ)
2233 5475 2307 5527 0.3
2335 5475 2455 5545 τῆς.

863 5532 954 5619 τοῦ
989 5527 1202 5596 αἰῶνος·
2231 5547 2339 5619 Kal
2373 5527 2535 5619 δεῇ-δι’
2561 5548 2748 5604 ἑαυτὸν
2769 5546 2926 5604 δώσει
2951 5545 3218 5617 ὲξίλασμα
3241 5548 3366 5619 τήν,
3398 5556 3507 5604 etc.

437 5596 515 5670 (ὅ)
541 5596 829 5670 ’ξπισυστῇ
859 5618 965 5670 μοι.

857 5618 995 5692 εοετ.
1047 5673 1113 5692 ..ν
1251 5674 1265 5692 .
1475 5673 1558 5692 ..
1631 5674 1644 5692 .
1797 5674 1823 5689 .
2129 5617 2206 5688 (7)
2250 5617 2336 5671 Ἑν
2366 5617 2464 5689 “i3-

439 5666 518 5736 (4)
557 5666 906 5737 Γραμματεῗς
937 5673 1137 5740 αὐτῶν,
1174 5674 1289 5742 καί,
1319 5682 1448 5742 elc.,
1473 5673 1566 5728 ἐπὶ
1593 5674 1692 5743 τὴν
1720 5674 1945 5744 γνῶσιν.

2692 5789 2723 5802 Ι*
