  <div class='ocr_page' id='page_1' title='image "/cluster/home/n/w/nwhite01/storage/ocr_20150623/27/hvd.32044014174452/451.png"; bbox 0 0 3750 6398; ppageno 0'>
   <div class='ocr_carea' id='block_1_1' title="bbox 346 246 1827 336">
    <p class='ocr_par' dir='ltr' id='par_1_1' title="bbox 346 270 1827 336">
     <span class='ocr_line' id='line_1_1' title="bbox 346 270 1827 336; baseline -0.008 0"><span class='ocrx_word' id='word_1_1' title='bbox 346 277 453 336; x_wconf 59' lang='grc' dir='ltr'><strong>3»Ξῶ</strong></span> <span class='ocrx_word' id='word_1_2' title='bbox 1159 278 1215 333; x_wconf 90' lang='lat' dir='ltr'><strong>S.</strong></span> <span class='ocrx_word' id='word_1_3' title='bbox 1258 270 1631 330; x_wconf 73' lang='lat' dir='ltr'><strong>ATHANASH</strong></span> <span class='ocrx_word' id='word_1_4' title='bbox 1676 270 1827 327; x_wconf 78' lang='lat' dir='ltr'><strong>OPP.</strong></span> 
     </span>
    </p>
   </div>
   <div class='ocr_carea' id='block_1_2' title="bbox 2118 246 3599 336">
    <p class='ocr_par' dir='ltr' id='par_1_2' title="bbox 2118 246 3599 319">
     <span class='ocr_line' id='line_1_2' title="bbox 2118 246 3599 319; baseline -0.005 -2"><span class='ocrx_word' id='word_1_5' title='bbox 2118 264 2193 319; x_wconf 71' lang='lat' dir='ltr'><strong>Ill.</strong></span> <span class='ocrx_word' id='word_1_6' title='bbox 2224 295 2291 305; x_wconf 93' lang='lat'><em>--</em></span> <span class='ocrx_word' id='word_1_7' title='bbox 2327 256 2745 317; x_wconf 80' lang='lat' dir='ltr'><strong>EXEGETICA.</strong></span> <span class='ocrx_word' id='word_1_8' title='bbox 3498 246 3599 302; x_wconf 66' lang='lat'><strong>3“</strong></span> 
     </span>
    </p>
   </div>
   <div class='ocr_carea' id='block_1_3' title="bbox 424 362 1905 465">
    <p class='ocr_par' dir='ltr' id='par_1_3' title="bbox 424 389 1905 465">
     <span class='ocr_line' id='line_1_3' title="bbox 424 389 1905 465; baseline -0.008 -12"><span class='ocrx_word' id='word_1_9' title='bbox 424 398 512 453; x_wconf 80' lang='lat'><strong>37.</strong></span> <span class='ocrx_word' id='word_1_10' title='bbox 546 397 815 465; x_wconf 79' lang='lat' dir='ltr'><strong>Quoniam</strong></span> <span class='ocrx_word' id='word_1_11' title='bbox 871 389 1313 450; x_wconf 29' lang='lat' dir='ltr'><strong>cumriuterierit</strong></span> <span class='ocrx_word' id='word_1_12' title='bbox 1366 390 1504 460; x_wconf 84' lang='lat' dir='ltr'><strong>ipse,</strong></span> <span class='ocrx_word' id='word_1_13' title='bbox 1567 403 1677 443; x_wconf 90' lang='lat' dir='ltr'><strong>non</strong></span> <span class='ocrx_word' id='word_1_14' title='bbox 1738 398 1905 444; x_wconf 54' lang='lat' dir='ltr'><strong>sume!</strong></span> 
     </span>
    </p>
   </div>
   <div class='ocr_carea' id='block_1_4' title="bbox 2116 362 3597 465">
    <p class='ocr_par' dir='ltr' id='par_1_4' title="bbox 2116 362 3597 444">
     <span class='ocr_line' id='line_1_4' title="bbox 2116 362 3597 444; baseline -0.007 -14"><span class='ocrx_word' id='word_1_15' title='bbox 2116 378 2180 432; x_wconf 77' lang='lat' dir='ltr'><strong>i7.</strong></span> <span class='ocrx_word' id='word_1_16' title='bbox 2215 377 2337 430; x_wconf 83' lang='grc' dir='ltr'>’Ότι</span> <span class='ocrx_word' id='word_1_17' title='bbox 2365 377 2462 430; x_wconf 85' lang='grc' dir='ltr'>οὐκ</span> <span class='ocrx_word' id='word_1_18' title='bbox 2494 377 2552 428; x_wconf 82' lang='grc' dir='ltr'><strong>ὲν</strong></span> <span class='ocrx_word' id='word_1_19' title='bbox 2574 373 2653 444; x_wconf 81' lang='grc' dir='ltr'><strong>τῷ</strong></span> <span class='ocrx_word' id='word_1_20' title='bbox 2685 370 3054 442; x_wconf 78' lang='grc' dir='ltr'><strong>ἀποθνήσκειν</strong></span> <span class='ocrx_word' id='word_1_21' title='bbox 3086 365 3247 422; x_wconf 78' lang='grc' dir='ltr'>αὐτὸν</span> <span class='ocrx_word' id='word_1_22' title='bbox 3273 362 3504 436; x_wconf 75' lang='grc' dir='ltr'>λήψεται</span> <span class='ocrx_word' id='word_1_23' title='bbox 3531 367 3597 420; x_wconf 82' lang='grc' dir='ltr'>τὰ</span> 
     </span>
    </p>
   </div>
   <div class='ocr_carea' id='block_1_5' title="bbox 356 488 1837 554">
    <p class='ocr_par' dir='ltr' id='par_1_5' title="bbox 356 492 564 554">
     <span class='ocr_line' id='line_1_5' title="bbox 356 492 564 554; baseline -0.014 -8"><span class='ocrx_word' id='word_1_24' title='bbox 356 492 564 554; x_wconf 84' lang='lat' dir='ltr'><strong>omnia,</strong></span> 
     </span>
    </p>
   </div>
   <div class='ocr_carea' id='block_1_6' title="bbox 957 488 2438 554">
    <p class='ocr_par' dir='ltr' id='par_1_6' title="bbox 2034 488 2438 531">
     <span class='ocr_line' id='line_1_6' title="bbox 2034 488 2438 531; baseline -0.012 -5"><span class='ocrx_word' id='word_1_25' title='bbox 2034 488 2233 531; x_wconf 85' lang='grc' dir='ltr'>παντα,</span> <span class='ocrx_word' id='word_1_26' title='bbox 2432 512 2438 517; x_wconf 63' lang='grc' dir='ltr'><em>η</em></span> 
     </span>
    </p>
   </div>
   <div class='ocr_carea' id='block_1_7' title="bbox 424 546 1905 650">
    <p class='ocr_par' dir='ltr' id='par_1_7' title="bbox 424 546 1905 650">
     <span class='ocr_line' id='line_1_7' title="bbox 424 546 1905 650; baseline -0.007 -16"><span class='ocrx_word' id='word_1_27' title='bbox 424 579 517 634; x_wconf 77' lang='lat'><strong>58.</strong></span> <span class='ocrx_word' id='word_1_28' title='bbox 545 546 729 650; x_wconf 58' lang='lat' dir='ltr'><strong>Neque</strong></span> <span class='ocrx_word' id='word_1_29' title='bbox 761 576 1049 633; x_wconf 85' lang='lat' dir='ltr'><strong>descendet</strong></span> <span class='ocrx_word' id='word_1_30' title='bbox 1097 591 1221 631; x_wconf 81' lang='lat' dir='ltr'><strong>cum</strong></span> <span class='ocrx_word' id='word_1_31' title='bbox 1263 589 1329 631; x_wconf 89' lang='lat' dir='ltr'><strong>eo</strong></span> <span class='ocrx_word' id='word_1_32' title='bbox 1360 572 1533 646; x_wconf 79' lang='lat' dir='ltr'><strong>gloria</strong></span> <span class='ocrx_word' id='word_1_33' title='bbox 1572 571 1691 643; x_wconf 85' lang='lat' dir='ltr'><strong>ejus</strong></span> <span class='ocrx_word' id='word_1_34' title='bbox 1722 569 1905 643; x_wconf 67' lang='grc' dir='ltr'>[εισι-ει</span> 
     </span>
    </p>
   </div>
   <div class='ocr_carea' id='block_1_8' title="bbox 2116 546 3597 650">
    <p class='ocr_par' dir='ltr' id='par_1_8' title="bbox 2116 546 3597 630">
     <span class='ocr_line' id='line_1_8' title="bbox 2116 546 3597 630; baseline -0.011 -14"><span class='ocrx_word' id='word_1_35' title='bbox 2116 561 2192 617; x_wconf 75' lang='grc'><strong>58.</strong></span> <span class='ocrx_word' id='word_1_36' title='bbox 2237 561 2372 615; x_wconf 80' lang='grc' dir='ltr'><strong>Οὐδὲ</strong></span> <span class='ocrx_word' id='word_1_37' title='bbox 2430 557 2908 630; x_wconf 70' lang='grc' dir='ltr'>συγκαταϐήσεται</span> <span class='ocrx_word' id='word_1_38' title='bbox 2965 548 3117 622; x_wconf 85' lang='grc' dir='ltr'>αὐτῷ</span> <span class='ocrx_word' id='word_1_39' title='bbox 3170 550 3205 620; x_wconf 82' lang='grc' dir='ltr'><strong>ἡ</strong></span> <span class='ocrx_word' id='word_1_40' title='bbox 3257 547 3388 615; x_wconf 79' lang='grc' dir='ltr'>δόξα</span> <span class='ocrx_word' id='word_1_41' title='bbox 3438 546 3597 603; x_wconf 79' lang='grc' dir='ltr'>αὐτοῦ</span> 
     </span>
    </p>
   </div>
   <div class='ocr_carea' id='block_1_9' title="bbox 346 648 1827 742">
    <p class='ocr_par' dir='ltr' id='par_1_9' title="bbox 346 648 739 742">
     <span class='ocr_line' id='line_1_9' title="bbox 346 648 739 742; baseline -0.015 -13"><span class='ocrx_word' id='word_1_42' title='bbox 346 673 555 729; x_wconf 75' lang='lat' dir='ltr'><strong>domus</strong></span> <span class='ocrx_word' id='word_1_43' title='bbox 576 648 739 742; x_wconf 81' lang='lat' dir='ltr'><strong>ejus].</strong></span> 
     </span>
    </p>
   </div>
   <div class='ocr_carea' id='block_1_10' title="bbox 1240 648 2721 742">
    <p class='ocr_par' dir='ltr' id='par_1_10' title="bbox 2036 648 2721 728">
     <span class='ocr_line' id='line_1_10' title="bbox 2036 648 2721 728; baseline -0.006 -21"><span class='ocrx_word' id='word_1_44' title='bbox 2036 653 2184 728; x_wconf 81' lang='grc' dir='ltr'>[δόξα</span> <span class='ocrx_word' id='word_1_45' title='bbox 2210 651 2303 706; x_wconf 81' lang='grc' dir='ltr'><strong>τοῦ</strong></span> <span class='ocrx_word' id='word_1_46' title='bbox 2331 651 2479 707; x_wconf 78' lang='grc' dir='ltr'>οἴκου</span> <span class='ocrx_word' id='word_1_47' title='bbox 2508 648 2721 722; x_wconf 75' lang='grc' dir='ltr'>αὑτοῦ].</span> 
     </span>
    </p>
   </div>
   <div class='ocr_carea' id='block_1_11' title="bbox 428 730 1909 828">
    <p class='ocr_par' dir='ltr' id='par_1_11' title="bbox 428 730 1909 828">
     <span class='ocr_line' id='line_1_11' title="bbox 428 730 1909 828; baseline -0.009 -11"><span class='ocrx_word' id='word_1_48' title='bbox 428 761 521 818; x_wconf 78' lang='lat'><strong>39.</strong></span> <span class='ocrx_word' id='word_1_49' title='bbox 550 730 901 827; x_wconf 43' lang='lat' dir='ltr'><strong>Quia‘anima</strong></span> <span class='ocrx_word' id='word_1_50' title='bbox 941 757 1061 828; x_wconf 84' lang='lat' dir='ltr'><strong>ejus</strong></span> <span class='ocrx_word' id='word_1_51' title='bbox 1089 757 1142 811; x_wconf 90' lang='lat' dir='ltr'><strong>in</strong></span> <span class='ocrx_word' id='word_1_52' title='bbox 1184 756 1295 811; x_wconf 85' lang='lat' dir='ltr'><strong>vita</strong></span> <span class='ocrx_word' id='word_1_53' title='bbox 1340 755 1517 812; x_wconf 83' lang='lat' dir='ltr'><strong>iusius</strong></span> <span class='ocrx_word' id='word_1_54' title='bbox 1547 751 1909 809; x_wconf 66' lang='lat' dir='ltr'><strong>benedicatur</strong></span> 
     </span>
    </p>
   </div>
   <div class='ocr_carea' id='block_1_12' title="bbox 2116 730 3597 828">
    <p class='ocr_par' dir='ltr' id='par_1_12' title="bbox 2116 730 3597 817">
     <span class='ocr_line' id='line_1_12' title="bbox 2116 730 3597 817; baseline -0.011 -17"><span class='ocrx_word' id='word_1_55' title='bbox 2116 745 2320 801; x_wconf 82' lang='grc' dir='ltr'><strong>59.”Οτι</strong></span> <span class='ocrx_word' id='word_1_56' title='bbox 2353 747 2388 817; x_wconf 81' lang='grc' dir='ltr'>ἡ</span> <span class='ocrx_word' id='word_1_57' title='bbox 2432 744 2579 817; x_wconf 79' lang='grc' dir='ltr'>ψυχὴ</span> <span class='ocrx_word' id='word_1_58' title='bbox 2620 739 2785 797; x_wconf 78' lang='grc' dir='ltr'>αὑτοῦ</span> <span class='ocrx_word' id='word_1_59' title='bbox 2822 740 2882 793; x_wconf 82' lang='grc' dir='ltr'>ὲν</span> <span class='ocrx_word' id='word_1_60' title='bbox 2918 736 2987 807; x_wconf 77' lang='grc' dir='ltr'>τῇ</span> <span class='ocrx_word' id='word_1_61' title='bbox 3028 732 3142 805; x_wconf 76' lang='grc' dir='ltr'><strong>ζωῇ</strong></span> <span class='ocrx_word' id='word_1_62' title='bbox 3159 732 3324 788; x_wconf 78' lang='grc' dir='ltr'>αὐτοῦ</span> <span class='ocrx_word' id='word_1_63' title='bbox 3368 730 3597 802; x_wconf 68' lang='grc' dir='ltr'>εὐλογη-</span> 
     </span>
    </p>
   </div>
   <div class='ocr_carea' id='block_1_13' title="bbox 426 839 2279 910">
    <p class='ocr_par' dir='ltr' id='par_1_13' title="bbox 426 839 2279 910">
     <span class='ocr_line' id='line_1_13' title="bbox 426 839 2279 910; baseline -0.006 -9"><span class='ocrx_word' id='word_1_64' title='bbox 426 867 432 873; x_wconf 90' lang='grc'><strong>·</strong></span> <span class='ocrx_word' id='word_1_65' title='bbox 485 866 510 873; x_wconf 83' lang='grc'><strong>··</strong></span> <span class='ocrx_word' id='word_1_66' title='bbox 2033 839 2279 910; x_wconf 81' lang='grc' dir='ltr'><strong>θήσεται,</strong></span> 
     </span>
    </p>
   </div>
   <div class='ocr_carea' id='block_1_14' title="bbox 430 914 1911 1000">
    <p class='ocr_par' dir='ltr' id='par_1_14' title="bbox 430 932 1641 1000">
     <span class='ocr_line' id='line_1_14' title="bbox 430 932 1641 1000; baseline -0.011 -1"><span class='ocrx_word' id='word_1_67' title='bbox 430 942 517 1000; x_wconf 80' lang='grc'><strong>40.</strong></span> <span class='ocrx_word' id='word_1_68' title='bbox 549 939 902 998; x_wconf 81' lang='lat' dir='ltr'><strong>Conﬁtebitur</strong></span> <span class='ocrx_word' id='word_1_69' title='bbox 926 937 1021 993; x_wconf 88' lang='lat' dir='ltr'><strong>tibi</strong></span> <span class='ocrx_word' id='word_1_70' title='bbox 1053 953 1176 993; x_wconf 92' lang='lat' dir='ltr'><strong>cum</strong></span> <span class='ocrx_word' id='word_1_71' title='bbox 1214 934 1547 991; x_wconf 80' lang='lat' dir='ltr'><strong>benefeceris</strong></span> <span class='ocrx_word' id='word_1_72' title='bbox 1568 932 1641 989; x_wconf 92' lang='lat' dir='ltr'><strong>ei.</strong></span> 
     </span>
    </p>
   </div>
   <div class='ocr_carea' id='block_1_15' title="bbox 2036 914 3517 1000">
    <p class='ocr_par' dir='ltr' id='par_1_15' title="bbox 2105 914 3517 999">
     <span class='ocr_line' id='line_1_15' title="bbox 2105 914 3517 999; baseline -0.01 -15"><span class='ocrx_word' id='word_1_73' title='bbox 2105 929 2194 984; x_wconf 92' lang='grc'><strong>40.</strong></span> <span class='ocrx_word' id='word_1_74' title='bbox 2238 925 2715 999; x_wconf 79' lang='grc' dir='ltr'>Ἐξομολογήσεταί</span> <span class='ocrx_word' id='word_1_75' title='bbox 2741 941 2845 988; x_wconf 89' lang='grc' dir='ltr'><strong>σοι,</strong></span> <span class='ocrx_word' id='word_1_76' title='bbox 2876 924 3009 978; x_wconf 85' lang='grc' dir='ltr'>ὅταν</span> <span class='ocrx_word' id='word_1_77' title='bbox 3036 917 3316 991; x_wconf 75' lang='grc' dir='ltr'>ἀγαθύνῃς</span> <span class='ocrx_word' id='word_1_78' title='bbox 3339 914 3517 970; x_wconf 83' lang='grc' dir='ltr'>αὐτόν.</span> 
     </span>
    </p>
   </div>
   <div class='ocr_carea' id='block_1_16' title="bbox 429 1006 1910 1096">
    <p class='ocr_par' dir='ltr' id='par_1_16' title="bbox 429 1023 1910 1096">
     <span class='ocr_line' id='line_1_16' title="bbox 429 1023 1910 1096; baseline -0.008 -11"><span class='ocrx_word' id='word_1_79' title='bbox 429 1030 516 1085; x_wconf 83' lang='grc'><strong>41.</strong></span> <span class='ocrx_word' id='word_1_80' title='bbox 549 1027 798 1083; x_wconf 88' lang='lat' dir='ltr'><strong>lntroibit</strong></span> <span class='ocrx_word' id='word_1_81' title='bbox 816 1025 1070 1096; x_wconf 76' lang='lat' dir='ltr'><strong>usquejn</strong></span> <span class='ocrx_word' id='word_1_82' title='bbox 1093 1023 1401 1095; x_wconf 74' lang='lat' dir='ltr'><strong>progeniem</strong></span> <span class='ocrx_word' id='word_1_83' title='bbox 1430 1032 1647 1094; x_wconf 82' lang='lat' dir='ltr'><strong>patrum</strong></span> <span class='ocrx_word' id='word_1_84' title='bbox 1666 1033 1910 1085; x_wconf 71' lang='lat' dir='ltr'><strong>suorum,</strong></span> 
     </span>
    </p>
   </div>
   <div class='ocr_carea' id='block_1_17' title="bbox 1978 1006 3459 1096">
    <p class='ocr_par' dir='ltr' id='par_1_17' title="bbox 2105 1006 3459 1086">
     <span class='ocr_line' id='line_1_17' title="bbox 2105 1006 3459 1086; baseline -0.01 -10"><span class='ocrx_word' id='word_1_85' title='bbox 2105 1022 2194 1076; x_wconf 79' lang='grc'><strong>41.</strong></span> <span class='ocrx_word' id='word_1_86' title='bbox 2224 1020 2602 1075; x_wconf 74' lang='grc' dir='ltr'>Εἰσελεύσεται</span> <span class='ocrx_word' id='word_1_87' title='bbox 2624 1017 2734 1081; x_wconf 65' lang='grc' dir='ltr'>ἕως</span> <span class='ocrx_word' id='word_1_88' title='bbox 2761 1017 2955 1086; x_wconf 79' lang='grc' dir='ltr'>γενεᾶς</span> <span class='ocrx_word' id='word_1_89' title='bbox 2986 1013 3241 1084; x_wconf 82' lang='grc' dir='ltr'><strong>πατέρων</strong></span> <span class='ocrx_word' id='word_1_90' title='bbox 3274 1006 3459 1076; x_wconf 79' lang='grc' dir='ltr'>αὐτοῦ,</span> 
     </span>
    </p>
   </div>
   <div class='ocr_carea' id='block_1_18' title="bbox 429 1106 1910 1189">
    <p class='ocr_par' dir='ltr' id='par_1_18' title="bbox 429 1112 1708 1189">
     <span class='ocr_line' id='line_1_18' title="bbox 429 1112 1708 1189; baseline -0.009 -13"><span class='ocrx_word' id='word_1_91' title='bbox 429 1121 517 1176; x_wconf 78' lang='grc'><strong>42.</strong></span> <span class='ocrx_word' id='word_1_92' title='bbox 551 1117 733 1189; x_wconf 89' lang='lat' dir='ltr'><strong>Usque</strong></span> <span class='ocrx_word' id='word_1_93' title='bbox 756 1118 808 1171; x_wconf 92' lang='lat' dir='ltr'><strong>in</strong></span> <span class='ocrx_word' id='word_1_94' title='bbox 836 1128 1098 1173; x_wconf 66' lang='lat' dir='ltr'><strong>mternum</strong></span> <span class='ocrx_word' id='word_1_95' title='bbox 1130 1130 1238 1170; x_wconf 91' lang='lat' dir='ltr'><strong>non</strong></span> <span class='ocrx_word' id='word_1_96' title='bbox 1278 1113 1478 1169; x_wconf 80' lang='lat' dir='ltr'><strong>videbit</strong></span> <span class='ocrx_word' id='word_1_97' title='bbox 1504 1112 1708 1166; x_wconf 86' lang='lat' dir='ltr'><strong>lumen.</strong></span> 
     </span>
    </p>
   </div>
   <div class='ocr_carea' id='block_1_19' title="bbox 1617 1106 3098 1189">
    <p class='ocr_par' dir='ltr' id='par_1_19' title="bbox 1620 1106 3098 1179">
     <span class='ocr_line' id='line_1_19' title="bbox 1620 1106 3098 1179; baseline -0.004 -14"><span class='ocrx_word' id='word_1_98' title='bbox 1620 1126 1708 1166; x_wconf 91' lang='lat' dir='ltr'><strong>en.</strong></span> <span class='ocrx_word' id='word_1_99' title='bbox 2104 1115 2194 1169; x_wconf 88' lang='grc'><strong>42.</strong></span> <span class='ocrx_word' id='word_1_100' title='bbox 2225 1115 2368 1178; x_wconf 82' lang='grc' dir='ltr'>Ἕως</span> <span class='ocrx_word' id='word_1_101' title='bbox 2399 1111 2595 1175; x_wconf 78' lang='grc' dir='ltr'>αἰῶνος</span> <span class='ocrx_word' id='word_1_102' title='bbox 2621 1111 2721 1165; x_wconf 79' lang='grc' dir='ltr'><strong>οὐκ</strong></span> <span class='ocrx_word' id='word_1_103' title='bbox 2745 1110 2934 1179; x_wconf 74' lang='grc' dir='ltr'>ὄψεται</span> <span class='ocrx_word' id='word_1_104' title='bbox 2962 1106 3098 1176; x_wconf 73' lang='grc' dir='ltr'>φῶς.</span> 
     </span>
    </p>
   </div>
   <div class='ocr_carea' id='block_1_20' title="bbox 427 1196 1908 1276">
    <p class='ocr_par' dir='ltr' id='par_1_20' title="bbox 427 1198 1908 1267">
     <span class='ocr_line' id='line_1_20' title="bbox 427 1198 1908 1267; baseline -0.007 -1"><span class='ocrx_word' id='word_1_105' title='bbox 427 1212 514 1267; x_wconf 75' lang='grc'><strong>45.</strong></span> <span class='ocrx_word' id='word_1_106' title='bbox 552 1210 618 1265; x_wconf 84' lang='grc' dir='ltr'><strong>Ει</strong></span> <span class='ocrx_word' id='word_1_107' title='bbox 661 1211 826 1265; x_wconf 89' lang='lat' dir='ltr'><strong>homo</strong></span> <span class='ocrx_word' id='word_1_108' title='bbox 856 1208 1052 1264; x_wconf 91' lang='lat' dir='ltr'><strong>cumin</strong></span> <span class='ocrx_word' id='word_1_109' title='bbox 1094 1208 1299 1261; x_wconf 86' lang='lat' dir='ltr'><strong>honore</strong></span> <span class='ocrx_word' id='word_1_110' title='bbox 1337 1212 1502 1261; x_wconf 88' lang='lat' dir='ltr'><strong>esset.</strong></span> <span class='ocrx_word' id='word_1_111' title='bbox 1548 1216 1660 1257; x_wconf 90' lang='lat' dir='ltr'><strong>non</strong></span> <span class='ocrx_word' id='word_1_112' title='bbox 1713 1198 1908 1255; x_wconf 77' lang='lat' dir='ltr'><strong>intelle</strong></span> 
     </span>
    </p>
   </div>
   <div class='ocr_carea' id='block_1_21' title="bbox 1902 1196 3383 1276">
    <p class='ocr_par' dir='ltr' id='par_1_21' title="bbox 1902 1196 3383 1276">
     <span class='ocr_line' id='line_1_21' title="bbox 1902 1196 3383 1276; baseline -0.01 -13"><span class='ocrx_word' id='word_1_113' title='bbox 1902 1227 1928 1239; x_wconf 90' lang='grc'><strong>·</strong></span> <span class='ocrx_word' id='word_1_114' title='bbox 2103 1207 2194 1261; x_wconf 73' lang='grc'><strong>45.</strong></span> <span class='ocrx_word' id='word_1_115' title='bbox 2222 1206 2331 1259; x_wconf 78' lang='grc' dir='ltr'><strong>Καὶ</strong></span> <span class='ocrx_word' id='word_1_116' title='bbox 2362 1205 2668 1276; x_wconf 79' lang='grc' dir='ltr'>ἄνθρωπος,</span> <span class='ocrx_word' id='word_1_117' title='bbox 2692 1203 2751 1257; x_wconf 85' lang='grc' dir='ltr'>ὲν</span> <span class='ocrx_word' id='word_1_118' title='bbox 2775 1203 2910 1273; x_wconf 71' lang='grc' dir='ltr'>τιμῇ</span> <span class='ocrx_word' id='word_1_119' title='bbox 2943 1198 3039 1265; x_wconf 77' lang='grc' dir='ltr'><strong>ὢν,</strong></span> <span class='ocrx_word' id='word_1_120' title='bbox 3065 1199 3125 1252; x_wconf 82' lang='grc' dir='ltr'>οὐ</span> <span class='ocrx_word' id='word_1_121' title='bbox 3154 1196 3383 1267; x_wconf 83' lang='grc' dir='ltr'><strong>συνῆκε·</strong></span> 
     </span>
    </p>
   </div>
   <div class='ocr_carea' id='block_1_22' title="bbox 356 1304 651 1360">
    <p class='ocr_par' dir='ltr' id='par_1_22' title="bbox 356 1304 651 1360">
     <span class='ocr_line' id='line_1_22' title="bbox 356 1304 651 1360; baseline -0.007 0"><span class='ocrx_word' id='word_1_122' title='bbox 356 1304 455 1360; x_wconf 82' lang='lat' dir='ltr'><strong>xit.</strong></span> <span class='ocrx_word' id='word_1_123' title='bbox 646 1314 651 1319; x_wconf 86' lang='lat'>‘</span> 
     </span>
    </p>
   </div>
   <div class='ocr_carea' id='block_1_23' title="bbox 430 1369 1911 1465">
    <p class='ocr_par' dir='ltr' id='par_1_23' title="bbox 430 1378 1911 1465">
     <span class='ocr_line' id='line_1_23' title="bbox 430 1378 1911 1465; baseline -0.012 -15"><span class='ocrx_word' id='word_1_124' title='bbox 430 1396 515 1451; x_wconf 81' lang='grc'><strong>44.</strong></span> <span class='ocrx_word' id='word_1_125' title='bbox 545 1386 907 1465; x_wconf 81' lang='lat' dir='ltr'><strong>Comparatus</strong></span> <span class='ocrx_word' id='word_1_126' title='bbox 936 1400 1021 1447; x_wconf 81' lang='lat' dir='ltr'><strong>est</strong></span> <span class='ocrx_word' id='word_1_127' title='bbox 1040 1388 1304 1461; x_wconf 78' lang='lat' dir='ltr'><strong>iumentis</strong></span> <span class='ocrx_word' id='word_1_128' title='bbox 1334 1382 1744 1455; x_wconf 86' lang='lat' dir='ltr'><strong>insipientibus,</strong></span> <span class='ocrx_word' id='word_1_129' title='bbox 1768 1387 1823 1436; x_wconf 87' lang='lat' dir='ltr'><strong>et</strong></span> <span class='ocrx_word' id='word_1_130' title='bbox 1847 1378 1911 1434; x_wconf 91' lang='lat' dir='ltr'><strong>si-</strong></span> 
     </span>
    </p>
   </div>
   <div class='ocr_carea' id='block_1_24' title="bbox 2089 1369 3570 1465">
    <p class='ocr_par' dir='ltr' id='par_1_24' title="bbox 2104 1369 3570 1450">
     <span class='ocr_line' id='line_1_24' title="bbox 2104 1369 3570 1450; baseline -0.008 -16"><span class='ocrx_word' id='word_1_131' title='bbox 2104 1379 2194 1434; x_wconf 84' lang='grc'><strong>44.</strong></span> <span class='ocrx_word' id='word_1_132' title='bbox 2237 1374 2698 1450; x_wconf 81' lang='grc' dir='ltr'>Παρασυνεὸλὴοη</span> <span class='ocrx_word' id='word_1_133' title='bbox 2746 1376 2857 1437; x_wconf 77' lang='grc' dir='ltr'>τοῖς</span> <span class='ocrx_word' id='word_1_134' title='bbox 2896 1373 3121 1443; x_wconf 75' lang='grc' dir='ltr'><strong>κτήνεσι</strong></span> <span class='ocrx_word' id='word_1_135' title='bbox 3163 1374 3276 1435; x_wconf 83' lang='grc' dir='ltr'>τοῖς</span> <span class='ocrx_word' id='word_1_136' title='bbox 3324 1369 3570 1441; x_wconf 79' lang='grc' dir='ltr'><strong>ἀνοήτοις</strong></span> 
     </span>
    </p>
   </div>
   <div class='ocr_carea' id='block_1_25' title="bbox 355 1469 1836 1542">
    <p class='ocr_par' dir='ltr' id='par_1_25' title="bbox 355 1485 976 1542">
     <span class='ocr_line' id='line_1_25' title="bbox 355 1485 976 1542; baseline -0.006 -1"><span class='ocrx_word' id='word_1_137' title='bbox 355 1486 504 1542; x_wconf 83' lang='lat' dir='ltr'><strong>milis</strong></span> <span class='ocrx_word' id='word_1_138' title='bbox 537 1485 715 1541; x_wconf 80' lang='lat' dir='ltr'><strong>factus</strong></span> <span class='ocrx_word' id='word_1_139' title='bbox 741 1493 825 1540; x_wconf 89' lang='lat' dir='ltr'><strong>est</strong></span> <span class='ocrx_word' id='word_1_140' title='bbox 849 1485 976 1539; x_wconf 91' lang='lat' dir='ltr'><strong>illis.</strong></span> 
     </span>
    </p>
   </div>
   <div class='ocr_carea' id='block_1_26' title="bbox 1175 1469 2656 1542">
    <p class='ocr_par' dir='ltr' id='par_1_26' title="bbox 2033 1469 2656 1541">
     <span class='ocr_line' id='line_1_26' title="bbox 2033 1469 2656 1541; baseline -0.006 -17"><span class='ocrx_word' id='word_1_141' title='bbox 2033 1470 2129 1525; x_wconf 76' lang='grc' dir='ltr'>καὶ</span> <span class='ocrx_word' id='word_1_142' title='bbox 2161 1469 2417 1541; x_wconf 83' lang='grc' dir='ltr'><strong>ὡμοιώθη</strong></span> <span class='ocrx_word' id='word_1_143' title='bbox 2451 1469 2656 1531; x_wconf 78' lang='grc' dir='ltr'>αὐτοῖς.</span> 
     </span>
    </p>
   </div>
   <div class='ocr_carea' id='block_1_27' title="bbox 681 1557 2162 1647">
    <p class='ocr_par' dir='ltr' id='par_1_27' title="bbox 681 1569 1616 1647">
     <span class='ocr_line' id='line_1_27' title="bbox 681 1569 1616 1647; baseline -0.007 -17"><span class='ocrx_word' id='word_1_144' title='bbox 681 1575 932 1630; x_wconf 75' lang='grc' dir='ltr'>Ρεαιηιυε</span> <span class='ocrx_word' id='word_1_145' title='bbox 956 1578 1152 1646; x_wconf 77' lang='lat' dir='ltr'><strong>Asaph.</strong></span> <span class='ocrx_word' id='word_1_146' title='bbox 1178 1574 1379 1631; x_wconf 76' lang='lat' dir='ltr'><strong>PSAL.</strong></span> <span class='ocrx_word' id='word_1_147' title='bbox 1410 1569 1616 1647; x_wconf 64' lang='grc' dir='ltr'><strong>ΧΙᾼΧ.</strong></span> 
     </span>
    </p>
   </div>
   <div class='ocr_carea' id='block_1_28' title="bbox 1813 1557 3294 1647">
    <p class='ocr_par' dir='ltr' id='par_1_28' title="bbox 2328 1557 3294 1630">
     <span class='ocr_line' id='line_1_28' title="bbox 2328 1557 3294 1630; baseline -0.008 -14"><span class='ocrx_word' id='word_1_148' title='bbox 2328 1561 2575 1630; x_wconf 76' lang='grc' dir='ltr'>Ψαλμὸς</span> <span class='ocrx_word' id='word_1_149' title='bbox 2607 1558 2687 1626; x_wconf 81' lang='grc' dir='ltr'><strong>τῷ</strong></span> <span class='ocrx_word' id='word_1_150' title='bbox 2726 1557 2935 1629; x_wconf 65' lang='grc' dir='ltr'><em>Ἀσάφ.</em></span> <span class='ocrx_word' id='word_1_151' title='bbox 2977 1558 3152 1611; x_wconf 61' lang='lat' dir='ltr'><strong>rma.</strong></span> <span class='ocrx_word' id='word_1_152' title='bbox 3178 1558 3294 1609; x_wconf 70' lang='lat' dir='ltr'><strong>M9</strong></span> 
     </span>
    </p>
   </div>
   <div class='ocr_carea' id='block_1_29' title="bbox 428 1649 1909 1729">
    <p class='ocr_par' dir='ltr' id='par_1_29' title="bbox 428 1659 1909 1729">
     <span class='ocr_line' id='line_1_29' title="bbox 428 1659 1909 1729; baseline -0.006 -6"><span class='ocrx_word' id='word_1_153' title='bbox 428 1670 483 1723; x_wconf 78' lang='lat' dir='ltr'><strong>l.</strong></span> <span class='ocrx_word' id='word_1_154' title='bbox 519 1668 662 1723; x_wconf 81' lang='lat' dir='ltr'><strong>Deus</strong></span> <span class='ocrx_word' id='word_1_155' title='bbox 704 1668 929 1722; x_wconf 87' lang='lat' dir='ltr'><strong>deorum</strong></span> <span class='ocrx_word' id='word_1_156' title='bbox 960 1668 1224 1722; x_wconf 86' lang='lat' dir='ltr'><strong>Dominus</strong></span> <span class='ocrx_word' id='word_1_157' title='bbox 1246 1668 1463 1721; x_wconf 77' lang='lat' dir='ltr'><strong>locutus</strong></span> <span class='ocrx_word' id='word_1_158' title='bbox 1498 1672 1601 1729; x_wconf 85' lang='lat' dir='ltr'><strong>est,</strong></span> <span class='ocrx_word' id='word_1_159' title='bbox 1631 1670 1687 1717; x_wconf 85' lang='lat' dir='ltr'><strong>et</strong></span> <span class='ocrx_word' id='word_1_160' title='bbox 1712 1659 1909 1716; x_wconf 73' lang='lat' dir='ltr'><strong>vocavi</strong></span> 
     </span>
    </p>
   </div>
   <div class='ocr_carea' id='block_1_30' title="bbox 2121 1649 3602 1729">
    <p class='ocr_par' dir='ltr' id='par_1_30' title="bbox 2121 1649 3602 1724">
     <span class='ocr_line' id='line_1_30' title="bbox 2121 1649 3602 1724; baseline -0.007 -13"><span class='ocrx_word' id='word_1_161' title='bbox 2121 1657 2165 1711; x_wconf 86' lang='grc' dir='ltr'><strong>Ι.</strong></span> <span class='ocrx_word' id='word_1_162' title='bbox 2194 1656 2327 1721; x_wconf 90' lang='grc' dir='ltr'>Θεὸς</span> <span class='ocrx_word' id='word_1_163' title='bbox 2368 1656 2507 1710; x_wconf 84' lang='grc' dir='ltr'>θεῶν</span> <span class='ocrx_word' id='word_1_164' title='bbox 2554 1655 2757 1720; x_wconf 76' lang='grc' dir='ltr'>Κύριος</span> <span class='ocrx_word' id='word_1_165' title='bbox 2798 1654 3046 1724; x_wconf 83' lang='grc' dir='ltr'>ὲλὰλησε,</span> <span class='ocrx_word' id='word_1_166' title='bbox 3097 1652 3191 1706; x_wconf 80' lang='grc' dir='ltr'>καὶ</span> <span class='ocrx_word' id='word_1_167' title='bbox 3240 1650 3466 1705; x_wconf 77' lang='grc' dir='ltr'>ἐκάλεσε</span> <span class='ocrx_word' id='word_1_168' title='bbox 3504 1649 3602 1719; x_wconf 72' lang='grc' dir='ltr'><strong>τὴν</strong></span> 
     </span>
    </p>
   </div>
   <div class='ocr_carea' id='block_1_31' title="bbox 356 1753 1837 1823">
    <p class='ocr_par' dir='ltr' id='par_1_31' title="bbox 356 1768 592 1814">
     <span class='ocr_line' id='line_1_31' title="bbox 356 1768 592 1814; baseline 0 0"><span class='ocrx_word' id='word_1_169' title='bbox 356 1768 592 1814; x_wconf 82' lang='lat' dir='ltr'><strong>terram.</strong></span> 
     </span>
    </p>
   </div>
   <div class='ocr_carea' id='block_1_32' title="bbox 681 1753 2162 1823">
    <p class='ocr_par' dir='ltr' id='par_1_32' title="bbox 1966 1753 2162 1823">
     <span class='ocr_line' id='line_1_32' title="bbox 1966 1753 2162 1823; baseline -0.031 -11"><span class='ocrx_word' id='word_1_170' title='bbox 1966 1756 2009 1812; x_wconf 84' lang='grc' dir='ltr'><strong>Β</strong></span> <span class='ocrx_word' id='word_1_171' title='bbox 2036 1753 2162 1823; x_wconf 82' lang='grc' dir='ltr'><strong>γῆν,</strong></span> 
     </span>
    </p>
   </div>
   <div class='ocr_carea' id='block_1_33' title="bbox 428 1839 1909 1914">
    <p class='ocr_par' dir='ltr' id='par_1_33' title="bbox 428 1843 1647 1914">
     <span class='ocr_line' id='line_1_33' title="bbox 428 1843 1647 1914; baseline -0.007 -14"><span class='ocrx_word' id='word_1_172' title='bbox 428 1847 483 1900; x_wconf 84' lang='grc'><strong>2.</strong></span> <span class='ocrx_word' id='word_1_173' title='bbox 519 1846 601 1900; x_wconf 79' lang='lat' dir='ltr'><strong>Ab</strong></span> <span class='ocrx_word' id='word_1_174' title='bbox 628 1855 751 1901; x_wconf 87' lang='lat' dir='ltr'><strong>ortu</strong></span> <span class='ocrx_word' id='word_1_175' title='bbox 785 1846 915 1902; x_wconf 89' lang='lat' dir='ltr'><strong>solis</strong></span> <span class='ocrx_word' id='word_1_176' title='bbox 939 1859 1113 1914; x_wconf 86' lang='lat' dir='ltr'><strong>usque</strong></span> <span class='ocrx_word' id='word_1_177' title='bbox 1140 1843 1206 1897; x_wconf 91' lang='lat' dir='ltr'><strong>ad</strong></span> <span class='ocrx_word' id='word_1_178' title='bbox 1238 1856 1517 1897; x_wconf 86' lang='lat' dir='ltr'><strong>occasum.</strong></span> <span class='ocrx_word' id='word_1_179' title='bbox 1630 1893 1647 1910; x_wconf 67' lang='grc'><em>,</em></span> 
     </span>
    </p>
   </div>
   <div class='ocr_carea' id='block_1_34' title="bbox 1793 1839 3274 1914">
    <p class='ocr_par' dir='ltr' id='par_1_34' title="bbox 2104 1839 3274 1914">
     <span class='ocr_line' id='line_1_34' title="bbox 2104 1839 3274 1914; baseline -0.004 -16"><span class='ocrx_word' id='word_1_180' title='bbox 2104 1845 2159 1899; x_wconf 89' lang='grc'><strong>2.</strong></span> <span class='ocrx_word' id='word_1_181' title='bbox 2204 1843 2334 1897; x_wconf 83' lang='grc' dir='ltr'>Ἀπὸ</span> <span class='ocrx_word' id='word_1_182' title='bbox 2358 1840 2630 1897; x_wconf 81' lang='grc' dir='ltr'>ἀνατολῶν</span> <span class='ocrx_word' id='word_1_183' title='bbox 2660 1842 2811 1914; x_wconf 74' lang='grc' dir='ltr'>ἡλίου</span> <span class='ocrx_word' id='word_1_184' title='bbox 2845 1840 3007 1913; x_wconf 81' lang='grc' dir='ltr'>μέχρι</span> <span class='ocrx_word' id='word_1_185' title='bbox 3036 1839 3274 1910; x_wconf 79' lang='grc' dir='ltr'><strong>δυσμῶν.</strong></span> 
     </span>
    </p>
   </div>
   <div class='ocr_carea' id='block_1_35' title="bbox 430 1924 1911 2008">
    <p class='ocr_par' dir='ltr' id='par_1_35' title="bbox 430 1934 1418 2007">
     <span class='ocr_line' id='line_1_35' title="bbox 430 1934 1418 2007; baseline -0.004 -15"><span class='ocrx_word' id='word_1_186' title='bbox 430 1937 484 1992; x_wconf 79' lang='lat'><strong>5.</strong></span> <span class='ocrx_word' id='word_1_187' title='bbox 516 1936 595 1990; x_wconf 75' lang='lat' dir='ltr'><strong>Ex</strong></span> <span class='ocrx_word' id='word_1_188' title='bbox 623 1937 755 1991; x_wconf 86' lang='lat' dir='ltr'><strong>Sion</strong></span> <span class='ocrx_word' id='word_1_189' title='bbox 784 1938 989 2007; x_wconf 86' lang='lat' dir='ltr'><strong>species</strong></span> <span class='ocrx_word' id='word_1_190' title='bbox 1015 1935 1227 1990; x_wconf 87' lang='lat' dir='ltr'><strong>decoris</strong></span> <span class='ocrx_word' id='word_1_191' title='bbox 1252 1934 1374 2003; x_wconf 83' lang='lat' dir='ltr'><strong>ejus</strong></span> <span class='ocrx_word' id='word_1_192' title='bbox 1405 1952 1418 1988; x_wconf 89' lang='lat'><strong>:</strong></span> 
     </span>
    </p>
   </div>
   <div class='ocr_carea' id='block_1_36' title="bbox 2084 1924 3565 2008">
    <p class='ocr_par' dir='ltr' id='par_1_36' title="bbox 2101 1924 3565 2008">
     <span class='ocr_line' id='line_1_36' title="bbox 2101 1924 3565 2008; baseline -0.009 -17"><span class='ocrx_word' id='word_1_193' title='bbox 2101 1938 2154 1991; x_wconf 78' lang='grc'><strong>5.</strong></span> <span class='ocrx_word' id='word_1_194' title='bbox 2203 1938 2298 1990; x_wconf 85' lang='grc' dir='ltr'>Ἐκ</span> <span class='ocrx_word' id='word_1_195' title='bbox 2322 1935 2464 1989; x_wconf 88' lang='grc' dir='ltr'><strong>Σιὼν</strong></span> <span class='ocrx_word' id='word_1_196' title='bbox 2493 1938 2527 2008; x_wconf 83' lang='grc' dir='ltr'><strong>ἡ</strong></span> <span class='ocrx_word' id='word_1_197' title='bbox 2563 1934 2865 2007; x_wconf 79' lang='grc' dir='ltr'>εὐπρέπεια</span> <span class='ocrx_word' id='word_1_198' title='bbox 2888 1933 2989 2003; x_wconf 79' lang='grc' dir='ltr'>τῆς</span> <span class='ocrx_word' id='word_1_199' title='bbox 3021 1932 3352 2003; x_wconf 81' lang='grc' dir='ltr'>ὡραιότητος</span> <span class='ocrx_word' id='word_1_200' title='bbox 3386 1924 3565 1981; x_wconf 73' lang='grc' dir='ltr'>αὐτοῦ’</span> 
     </span>
    </p>
   </div>
   <div class='ocr_carea' id='block_1_37' title="bbox 429 2020 1910 2098">
    <p class='ocr_par' dir='ltr' id='par_1_37' title="bbox 429 2023 1614 2093">
     <span class='ocr_line' id='line_1_37' title="bbox 429 2023 1614 2093; baseline -0.003 -12"><span class='ocrx_word' id='word_1_201' title='bbox 429 2028 485 2083; x_wconf 78' lang='grc'><strong>4.</strong></span> <span class='ocrx_word' id='word_1_202' title='bbox 514 2026 658 2082; x_wconf 88' lang='lat' dir='ltr'><strong>Deus</strong></span> <span class='ocrx_word' id='word_1_203' title='bbox 685 2027 970 2082; x_wconf 70' lang='lat' dir='ltr'><strong>manifeste</strong></span> <span class='ocrx_word' id='word_1_204' title='bbox 995 2026 1192 2093; x_wconf 80' lang='lat' dir='ltr'><strong>veniet,</strong></span> <span class='ocrx_word' id='word_1_205' title='bbox 1231 2023 1372 2081; x_wconf 87' lang='lat' dir='ltr'><strong>Deus</strong></span> <span class='ocrx_word' id='word_1_206' title='bbox 1406 2031 1614 2090; x_wconf 89' lang='lat' dir='ltr'><strong>noster,</strong></span> 
     </span>
    </p>
   </div>
   <div class='ocr_carea' id='block_1_38' title="bbox 1929 2020 3410 2098">
    <p class='ocr_par' dir='ltr' id='par_1_38' title="bbox 2104 2020 3410 2098">
     <span class='ocr_line' id='line_1_38' title="bbox 2104 2020 3410 2098; baseline -0.008 -18"><span class='ocrx_word' id='word_1_207' title='bbox 2104 2026 2158 2081; x_wconf 87' lang='grc'><strong>4.</strong></span> <span class='ocrx_word' id='word_1_208' title='bbox 2205 2026 2263 2079; x_wconf 86' lang='grc'><strong>’0</strong></span> <span class='ocrx_word' id='word_1_209' title='bbox 2290 2026 2422 2090; x_wconf 89' lang='grc' dir='ltr'>Θεὸς</span> <span class='ocrx_word' id='word_1_210' title='bbox 2451 2025 2711 2098; x_wconf 74' lang='grc' dir='ltr'>ἐμφανῶς</span> <span class='ocrx_word' id='word_1_211' title='bbox 2742 2023 2882 2095; x_wconf 77' lang='grc' dir='ltr'><strong>ἥξει,</strong></span> <span class='ocrx_word' id='word_1_212' title='bbox 2908 2026 2937 2078; x_wconf 79' lang='grc' dir='ltr'>ὁ</span> <span class='ocrx_word' id='word_1_213' title='bbox 2966 2023 3094 2088; x_wconf 88' lang='grc' dir='ltr'>Θεὸς</span> <span class='ocrx_word' id='word_1_214' title='bbox 3128 2021 3202 2093; x_wconf 81' lang='grc' dir='ltr'><strong>(η)</strong></span> <span class='ocrx_word' id='word_1_215' title='bbox 3230 2020 3410 2091; x_wconf 80' lang='grc' dir='ltr'>ἡμῶν,</span> 
     </span>
    </p>
   </div>
   <div class='ocr_carea' id='block_1_39' title="bbox 412 2116 1893 2190">
    <p class='ocr_par' dir='ltr' id='par_1_39' title="bbox 412 2118 952 2174">
     <span class='ocr_line' id='line_1_39' title="bbox 412 2118 952 2174; baseline 0 -1"><span class='ocrx_word' id='word_1_216' title='bbox 412 2119 481 2173; x_wconf 83' lang='lat'><strong>~5.</strong></span> <span class='ocrx_word' id='word_1_217' title='bbox 521 2118 585 2173; x_wconf 87' lang='lat' dir='ltr'><strong>Et</strong></span> <span class='ocrx_word' id='word_1_218' title='bbox 610 2134 716 2173; x_wconf 93' lang='lat' dir='ltr'><strong>non</strong></span> <span class='ocrx_word' id='word_1_219' title='bbox 751 2118 952 2174; x_wconf 85' lang='lat' dir='ltr'><strong>silebit.</strong></span> 
     </span>
    </p>
   </div>
   <div class='ocr_carea' id='block_1_40' title="bbox 1454 2116 2935 2190">
    <p class='ocr_par' dir='ltr' id='par_1_40' title="bbox 2110 2116 2935 2190">
     <span class='ocr_line' id='line_1_40' title="bbox 2110 2116 2935 2190; baseline -0.002 -18"><span class='ocrx_word' id='word_1_220' title='bbox 2110 2117 2163 2172; x_wconf 86' lang='lat'><strong>5.</strong></span> <span class='ocrx_word' id='word_1_221' title='bbox 2197 2118 2309 2171; x_wconf 76' lang='lat' dir='ltr'><strong>Kal.</strong></span> <span class='ocrx_word' id='word_1_222' title='bbox 2335 2116 2397 2171; x_wconf 80' lang='grc' dir='ltr'>οὐ</span> <span class='ocrx_word' id='word_1_223' title='bbox 2428 2119 2935 2190; x_wconf 80' lang='grc' dir='ltr'>παρασιωπήσεται.</span> 
     </span>
    </p>
   </div>
   <div class='ocr_carea' id='block_1_41' title="bbox 430 2206 1911 2281">
    <p class='ocr_par' dir='ltr' id='par_1_41' title="bbox 430 2206 1579 2280">
     <span class='ocr_line' id='line_1_41' title="bbox 430 2206 1579 2280; baseline -0.003 -16"><span class='ocrx_word' id='word_1_224' title='bbox 430 2209 481 2264; x_wconf 84' lang='grc'><strong>6.</strong></span> <span class='ocrx_word' id='word_1_225' title='bbox 511 2209 655 2280; x_wconf 83' lang='lat' dir='ltr'><strong>Ignis</strong></span> <span class='ocrx_word' id='word_1_226' title='bbox 678 2210 732 2264; x_wconf 89' lang='lat' dir='ltr'><strong>in</strong></span> <span class='ocrx_word' id='word_1_227' title='bbox 763 2218 1055 2279; x_wconf 88' lang='lat' dir='ltr'><strong>conspectu</strong></span> <span class='ocrx_word' id='word_1_228' title='bbox 1081 2209 1199 2278; x_wconf 80' lang='lat' dir='ltr'><strong>ejus</strong></span> <span class='ocrx_word' id='word_1_229' title='bbox 1221 2206 1540 2263; x_wconf 76' lang='lat' dir='ltr'><strong>cxardescct</strong></span> <span class='ocrx_word' id='word_1_230' title='bbox 1564 2224 1579 2261; x_wconf 89' lang='lat'><strong>:</strong></span> 
     </span>
    </p>
   </div>
   <div class='ocr_carea' id='block_1_42' title="bbox 1647 2206 3128 2281">
    <p class='ocr_par' dir='ltr' id='par_1_42' title="bbox 2111 2207 3128 2281">
     <span class='ocr_line' id='line_1_42' title="bbox 2111 2207 3128 2281; baseline -0.005 -18"><span class='ocrx_word' id='word_1_231' title='bbox 2111 2209 2165 2264; x_wconf 88' lang='lat'><strong>6.</strong></span> <span class='ocrx_word' id='word_1_232' title='bbox 2200 2208 2320 2281; x_wconf 82' lang='grc' dir='ltr'><strong>Πῦρ</strong></span> <span class='ocrx_word' id='word_1_233' title='bbox 2353 2208 2582 2263; x_wconf 74' lang='grc' dir='ltr'>ἐνώπιον</span> <span class='ocrx_word' id='word_1_234' title='bbox 2610 2208 2775 2264; x_wconf 79' lang='grc' dir='ltr'>αὐτοῦ</span> <span class='ocrx_word' id='word_1_235' title='bbox 2800 2207 3128 2277; x_wconf 82' lang='grc' dir='ltr'>καυθήσεται</span> 
     </span>
    </p>
   </div>
   <div class='ocr_carea' id='block_1_43' title="bbox 441 2295 1922 2374">
    <p class='ocr_par' dir='ltr' id='par_1_43' title="bbox 441 2298 1613 2369">
     <span class='ocr_line' id='line_1_43' title="bbox 441 2298 1613 2369; baseline -0.004 -14"><span class='ocrx_word' id='word_1_236' title='bbox 441 2326 486 2360; x_wconf 64' lang='grc' dir='ltr'>ε.</span> <span class='ocrx_word' id='word_1_237' title='bbox 513 2298 579 2354; x_wconf 85' lang='grc' dir='ltr'><strong>Ει</strong></span> <span class='ocrx_word' id='word_1_238' title='bbox 604 2301 659 2354; x_wconf 92' lang='lat' dir='ltr'><strong>in</strong></span> <span class='ocrx_word' id='word_1_239' title='bbox 686 2300 915 2356; x_wconf 87' lang='lat' dir='ltr'><strong>circuitu</strong></span> <span class='ocrx_word' id='word_1_240' title='bbox 944 2300 1060 2369; x_wconf 89' lang='lat' dir='ltr'><strong>ejus</strong></span> <span class='ocrx_word' id='word_1_241' title='bbox 1097 2309 1389 2369; x_wconf 86' lang='lat' dir='ltr'><strong>tempestas</strong></span> <span class='ocrx_word' id='word_1_242' title='bbox 1411 2298 1613 2352; x_wconf 86' lang='lat' dir='ltr'><strong>valida.</strong></span> 
     </span>
    </p>
   </div>
   <div class='ocr_carea' id='block_1_44' title="bbox 1761 2295 3242 2374">
    <p class='ocr_par' dir='ltr' id='par_1_44' title="bbox 2108 2295 3242 2374">
     <span class='ocr_line' id='line_1_44' title="bbox 2108 2295 3242 2374; baseline -0.004 -19"><span class='ocrx_word' id='word_1_243' title='bbox 2108 2299 2165 2355; x_wconf 79' lang='grc'><strong>7.</strong></span> <span class='ocrx_word' id='word_1_244' title='bbox 2196 2300 2307 2355; x_wconf 79' lang='grc' dir='ltr'><strong>Καὶ</strong></span> <span class='ocrx_word' id='word_1_245' title='bbox 2332 2299 2516 2374; x_wconf 80' lang='grc' dir='ltr'><strong>κύκλῳ</strong></span> <span class='ocrx_word' id='word_1_246' title='bbox 2543 2301 2708 2355; x_wconf 78' lang='grc' dir='ltr'>αὐτοῦ</span> <span class='ocrx_word' id='word_1_247' title='bbox 2733 2298 2985 2369; x_wconf 77' lang='grc' dir='ltr'>καταιγὶς</span> <span class='ocrx_word' id='word_1_248' title='bbox 3019 2295 3242 2368; x_wconf 76' lang='grc' dir='ltr'><strong>σφοδρά.</strong></span> 
     </span>
    </p>
   </div>
   <div class='ocr_carea' id='block_1_45' title="bbox 404 2474 1766 2550">
    <p class='ocr_par' dir='ltr' id='par_1_45' title="bbox 404 2474 1766 2550">
     <span class='ocr_line' id='line_1_45' title="bbox 404 2474 1766 2550; baseline 0.001 -21"><span class='ocrx_word' id='word_1_249' title='bbox 404 2479 409 2484; x_wconf 91' lang='grc'><strong>’</strong></span> <span class='ocrx_word' id='word_1_250' title='bbox 436 2474 506 2548; x_wconf 84' lang='grc' dir='ltr'><strong>(α)</strong></span> <span class='ocrx_word' id='word_1_251' title='bbox 536 2476 692 2531; x_wconf 77' lang='lat' dir='ltr'><strong>Vers.</strong></span> <span class='ocrx_word' id='word_1_252' title='bbox 724 2478 778 2539; x_wconf 79' lang='grc'><strong>5,</strong></span> <span class='ocrx_word' id='word_1_253' title='bbox 821 2477 879 2528; x_wconf 92' lang='lat'><strong>&#39;0</strong></span> <span class='ocrx_word' id='word_1_254' title='bbox 906 2476 1058 2541; x_wconf 84' lang='grc' dir='ltr'>Θεός,</span> <span class='ocrx_word' id='word_1_255' title='bbox 1093 2485 1222 2541; x_wconf 86' lang='lat' dir='ltr'><strong>etc.,</strong></span> <span class='ocrx_word' id='word_1_256' title='bbox 1256 2477 1766 2550; x_wconf 83' lang='grc' dir='ltr'>παρασιωπήσεται.</span> 
     </span>
    </p>
   </div>
   <div class='ocr_carea' id='block_1_46' title="bbox 1475 2628 2479 2689">
    <p class='ocr_par' dir='ltr' id='par_1_46' title="bbox 1475 2628 2479 2689">
     <span class='ocr_line' id='line_1_46' title="bbox 1475 2628 2479 2689; baseline -0.003 -1"><span class='ocrx_word' id='word_1_257' title='bbox 1475 2631 1851 2689; x_wconf 77' lang='lat' dir='ltr'><strong>ATHANASII</strong></span> <span class='ocrx_word' id='word_1_258' title='bbox 1879 2628 2479 2689; x_wconf 78' lang='lat' dir='ltr'><strong>INTERPRETATI&#39;O.</strong></span> 
     </span>
    </p>
   </div>
   <div class='ocr_carea' id='block_1_47' title="bbox 427 2799 1908 2876">
    <p class='ocr_par' dir='ltr' id='par_1_47' title="bbox 427 2807 1908 2875">
     <span class='ocr_line' id='line_1_47' title="bbox 427 2807 1908 2875; baseline -0.001 -9"><span class='ocrx_word' id='word_1_259' title='bbox 427 2807 520 2874; x_wconf 75' lang='lat'><strong>‘57,</strong></span> <span class='ocrx_word' id='word_1_260' title='bbox 556 2811 643 2866; x_wconf 75' lang='grc'><strong>38.</strong></span> <span class='ocrx_word' id='word_1_261' title='bbox 678 2809 829 2865; x_wconf 78' lang='lat' dir='ltr'><strong>Nihil</strong></span> <span class='ocrx_word' id='word_1_262' title='bbox 863 2813 1000 2864; x_wconf 85' lang='lat' dir='ltr'><strong>enim</strong></span> <span class='ocrx_word' id='word_1_263' title='bbox 1025 2810 1305 2865; x_wconf 75' lang='lat' dir='ltr'><strong>intulimus</strong></span> <span class='ocrx_word' id='word_1_264' title='bbox 1346 2810 1401 2863; x_wconf 81' lang='lat' dir='ltr'><strong>in</strong></span> <span class='ocrx_word' id='word_1_265' title='bbox 1445 2809 1746 2875; x_wconf 86' lang='lat' dir='ltr'><strong>mundum;</strong></span> <span class='ocrx_word' id='word_1_266' title='bbox 1785 2809 1908 2865; x_wconf 77' lang='lat' dir='ltr'><strong>haut</strong></span> 
     </span>
    </p>
   </div>
   <div class='ocr_carea' id='block_1_48' title="bbox 2106 2799 3587 2876">
    <p class='ocr_par' dir='ltr' id='par_1_48' title="bbox 2106 2799 3587 2876">
     <span class='ocr_line' id='line_1_48' title="bbox 2106 2799 3587 2876; baseline -0.007 -11"><span class='ocrx_word' id='word_1_267' title='bbox 2106 2808 2195 2876; x_wconf 87' lang='lat'><strong>&#39;57,</strong></span> <span class='ocrx_word' id='word_1_268' title='bbox 2221 2807 2312 2865; x_wconf 83' lang='lat'><strong>&#39;58.</strong></span> <span class='ocrx_word' id='word_1_269' title='bbox 2332 2806 2525 2863; x_wconf 75' lang='grc' dir='ltr'><strong>Οὐδὲν</strong></span> <span class='ocrx_word' id='word_1_270' title='bbox 2569 2805 2680 2876; x_wconf 79' lang='grc' dir='ltr'>τὰρ</span> <span class='ocrx_word' id='word_1_271' title='bbox 2711 2803 3148 2875; x_wconf 72' lang='grc' dir='ltr'><strong>εἰσηνέγκαμεν</strong></span> <span class='ocrx_word' id='word_1_272' title='bbox 3174 2802 3251 2871; x_wconf 77' lang='grc'><strong>(1)</strong></span> <span class='ocrx_word' id='word_1_273' title='bbox 3272 2802 3363 2865; x_wconf 81' lang='grc' dir='ltr'><strong>εις</strong></span> <span class='ocrx_word' id='word_1_274' title='bbox 3386 2799 3492 2855; x_wconf 74' lang='grc' dir='ltr'>τὸν</span> <span class='ocrx_word' id='word_1_275' title='bbox 3514 2800 3587 2855; x_wconf 60' lang='lat' dir='ltr'><strong>ac!</strong></span> 
     </span>
    </p>
   </div>
   <div class='ocr_carea' id='block_1_49' title="bbox 360 2895 1841 2974">
    <p class='ocr_par' dir='ltr' id='par_1_49' title="bbox 360 2902 1683 2974">
     <span class='ocr_line' id='line_1_49' title="bbox 360 2902 1683 2974; baseline 0 -18"><span class='ocrx_word' id='word_1_276' title='bbox 360 2904 597 2964; x_wconf 82' lang='lat' dir='ltr'><strong>dubium.</strong></span> <span class='ocrx_word' id='word_1_277' title='bbox 632 2904 767 2974; x_wconf 85' lang='lat' dir='ltr'><strong>quod</strong></span> <span class='ocrx_word' id='word_1_278' title='bbox 800 2920 888 2957; x_wconf 83' lang='lat' dir='ltr'><strong>nec</strong></span> <span class='ocrx_word' id='word_1_279' title='bbox 913 2904 1120 2972; x_wconf 81' lang='lat' dir='ltr'><strong>auferre</strong></span> <span class='ocrx_word' id='word_1_280' title='bbox 1150 2902 1277 2972; x_wconf 83' lang='lat' dir='ltr'><strong>quid</strong></span> <span class='ocrx_word' id='word_1_281' title='bbox 1302 2903 1590 2971; x_wconf 77' lang='lat' dir='ltr'><strong>poterimus</strong></span> <span class='ocrx_word' id='word_1_282' title='bbox 1616 2902 1683 2956; x_wconf 82' lang='lat'><strong>&quot;’.</strong></span> 
     </span>
    </p>
   </div>
   <div class='ocr_carea' id='block_1_50' title="bbox 2108 2895 3589 2974">
    <p class='ocr_par' dir='ltr' id='par_1_50' title="bbox 2108 2895 3589 2971">
     <span class='ocr_line' id='line_1_50' title="bbox 2108 2895 3589 2971; baseline -0.006 -15"><span class='ocrx_word' id='word_1_283' title='bbox 2108 2919 2213 2956; x_wconf 77' lang='grc' dir='ltr'><strong>ιον-</strong></span> <span class='ocrx_word' id='word_1_284' title='bbox 2245 2900 2460 2971; x_wconf 80' lang='grc' dir='ltr'><strong>δῆλον,</strong></span> <span class='ocrx_word' id='word_1_285' title='bbox 2478 2900 2568 2954; x_wconf 84' lang='grc' dir='ltr'>ὅτι</span> <span class='ocrx_word' id='word_1_286' title='bbox 2590 2899 2732 2953; x_wconf 80' lang='grc' dir='ltr'><strong>οὐδὲ</strong></span> <span class='ocrx_word' id='word_1_287' title='bbox 2752 2897 3087 2967; x_wconf 76' lang='grc' dir='ltr'><strong>ἐξενεγκεῖν</strong></span> <span class='ocrx_word' id='word_1_288' title='bbox 3117 2913 3170 2949; x_wconf 84' lang='grc' dir='ltr'>τι</span> <span class='ocrx_word' id='word_1_289' title='bbox 3202 2895 3589 2964; x_wconf 71' lang='grc' dir='ltr'>δυνησόμεθα</span> 
     </span>
    </p>
   </div>
   <div class='ocr_carea' id='block_1_51' title="bbox 431 2984 1912 3064">
    <p class='ocr_par' dir='ltr' id='par_1_51' title="bbox 431 2994 1912 3064">
     <span class='ocr_line' id='line_1_51' title="bbox 431 2994 1912 3064; baseline 0.001 -14"><span class='ocrx_word' id='word_1_290' title='bbox 431 2997 521 3052; x_wconf 82' lang='lat'><strong>&#39;59.</strong></span> <span class='ocrx_word' id='word_1_291' title='bbox 551 2996 821 3062; x_wconf 86' lang='lat' dir='ltr'><strong>Quoniam</strong></span> <span class='ocrx_word' id='word_1_292' title='bbox 868 2996 1051 3049; x_wconf 89' lang='lat' dir='ltr'><strong>anima</strong></span> <span class='ocrx_word' id='word_1_293' title='bbox 1094 2995 1213 3064; x_wconf 89' lang='lat' dir='ltr'><strong>ejus</strong></span> <span class='ocrx_word' id='word_1_294' title='bbox 1264 2994 1320 3048; x_wconf 92' lang='lat' dir='ltr'><strong>in</strong></span> <span class='ocrx_word' id='word_1_295' title='bbox 1369 2995 1473 3051; x_wconf 89' lang='lat' dir='ltr'><strong>hoc</strong></span> <span class='ocrx_word' id='word_1_296' title='bbox 1518 2995 1719 3050; x_wconf 69' lang='lat' dir='ltr'><strong>saeculo</strong></span> <span class='ocrx_word' id='word_1_297' title='bbox 1771 2994 1912 3052; x_wconf 77' lang='lat' dir='ltr'><strong>beat:</strong></span> 
     </span>
    </p>
   </div>
   <div class='ocr_carea' id='block_1_52' title="bbox 2130 2984 3611 3064">
    <p class='ocr_par' dir='ltr' id='par_1_52' title="bbox 2130 2984 3611 3061">
     <span class='ocr_line' id='line_1_52' title="bbox 2130 2984 3611 3061; baseline -0.003 -20"><span class='ocrx_word' id='word_1_298' title='bbox 2130 2990 2194 3045; x_wconf 74' lang='lat' dir='ltr'><strong>i9.</strong></span> <span class='ocrx_word' id='word_1_299' title='bbox 2225 2989 2352 3043; x_wconf 78' lang='grc' dir='ltr'>Ὀτι</span> <span class='ocrx_word' id='word_1_300' title='bbox 2383 2991 2417 3061; x_wconf 79' lang='grc' dir='ltr'><strong>η</strong></span> <span class='ocrx_word' id='word_1_301' title='bbox 2445 2988 2593 3060; x_wconf 79' lang='grc' dir='ltr'><strong>ψυχὴ</strong></span> <span class='ocrx_word' id='word_1_302' title='bbox 2638 2988 2802 3043; x_wconf 79' lang='grc' dir='ltr'>αὐτοῦ</span> <span class='ocrx_word' id='word_1_303' title='bbox 2845 2990 2904 3041; x_wconf 78' lang='grc' dir='ltr'>ἐν</span> <span class='ocrx_word' id='word_1_304' title='bbox 2944 2986 3023 3057; x_wconf 84' lang='grc' dir='ltr'>τῷ</span> <span class='ocrx_word' id='word_1_305' title='bbox 3052 2985 3144 3039; x_wconf 79' lang='grc' dir='ltr'>νῦν</span> <span class='ocrx_word' id='word_1_306' title='bbox 3187 2984 3347 3039; x_wconf 74' lang='grc' dir='ltr'>αἰῶνι</span> <span class='ocrx_word' id='word_1_307' title='bbox 3382 3001 3611 3056; x_wconf 79' lang='grc' dir='ltr'>μακαοι·</span> 
     </span>
    </p>
   </div>
   <div class='ocr_carea' id='block_1_53' title="bbox 358 3082 1839 3159">
    <p class='ocr_par' dir='ltr' id='par_1_53' title="bbox 358 3088 769 3159">
     <span class='ocr_line' id='line_1_53' title="bbox 358 3088 769 3159; baseline -0.007 -16"><span class='ocrx_word' id='word_1_308' title='bbox 358 3088 769 3159; x_wconf 69' lang='lat' dir='ltr'><strong>prmdicabitur.</strong></span> 
     </span>
    </p>
   </div>
   <div class='ocr_carea' id='block_1_54' title="bbox 837 3082 2318 3159">
    <p class='ocr_par' dir='ltr' id='par_1_54' title="bbox 2035 3082 2318 3155">
     <span class='ocr_line' id='line_1_54' title="bbox 2035 3082 2318 3155; baseline 0.004 -19"><span class='ocrx_word' id='word_1_309' title='bbox 2035 3082 2318 3155; x_wconf 86' lang='grc' dir='ltr'>σθήσεται.</span> 
     </span>
    </p>
   </div>
   <div class='ocr_carea' id='block_1_55' title="bbox 430 3168 1911 3246">
    <p class='ocr_par' dir='ltr' id='par_1_55' title="bbox 430 3176 1911 3243">
     <span class='ocr_line' id='line_1_55' title="bbox 430 3176 1911 3243; baseline -0.001 -9"><span class='ocrx_word' id='word_1_310' title='bbox 430 3179 521 3235; x_wconf 79' lang='grc'><strong>40.</strong></span> <span class='ocrx_word' id='word_1_311' title='bbox 551 3179 909 3234; x_wconf 75' lang='lat' dir='ltr'><strong>Conﬁtebitur</strong></span> <span class='ocrx_word' id='word_1_312' title='bbox 944 3178 1043 3232; x_wconf 91' lang='lat' dir='ltr'><strong>tibi</strong></span> <span class='ocrx_word' id='word_1_313' title='bbox 1078 3177 1131 3230; x_wconf 90' lang='lat' dir='ltr'><strong>in</strong></span> <span class='ocrx_word' id='word_1_314' title='bbox 1166 3176 1391 3243; x_wconf 83' lang='lat' dir='ltr'><strong>&#39;udicio,</strong></span> <span class='ocrx_word' id='word_1_315' title='bbox 1436 3193 1561 3233; x_wconf 91' lang='lat' dir='ltr'><strong>cum</strong></span> <span class='ocrx_word' id='word_1_316' title='bbox 1611 3176 1911 3233; x_wconf 75' lang='lat' dir='ltr'><strong>humiliabit</strong></span> 
     </span>
    </p>
   </div>
   <div class='ocr_carea' id='block_1_56' title="bbox 2134 3168 3615 3246">
    <p class='ocr_par' dir='ltr' id='par_1_56' title="bbox 2134 3168 3615 3246">
     <span class='ocr_line' id='line_1_56' title="bbox 2134 3168 3615 3246; baseline -0.005 -17"><span class='ocrx_word' id='word_1_317' title='bbox 2134 3173 2198 3229; x_wconf 54' lang='grc' dir='ltr'><strong>ιθ.</strong></span> <span class='ocrx_word' id='word_1_318' title='bbox 2242 3172 2725 3246; x_wconf 75' lang='grc' dir='ltr'>Ἐξομολογήσεται</span> <span class='ocrx_word' id='word_1_319' title='bbox 2756 3189 2836 3225; x_wconf 92' lang='grc' dir='ltr'><strong>σοι</strong></span> <span class='ocrx_word' id='word_1_320' title='bbox 2861 3172 2919 3224; x_wconf 78' lang='grc' dir='ltr'>ὲν</span> <span class='ocrx_word' id='word_1_321' title='bbox 2945 3173 3010 3242; x_wconf 80' lang='grc' dir='ltr'>τῇ</span> <span class='ocrx_word' id='word_1_322' title='bbox 3039 3170 3240 3242; x_wconf 81' lang='grc' dir='ltr'>κρίσει,</span> <span class='ocrx_word' id='word_1_323' title='bbox 3270 3168 3401 3222; x_wconf 82' lang='grc' dir='ltr'>ὅταν</span> <span class='ocrx_word' id='word_1_324' title='bbox 3428 3183 3615 3223; x_wconf 73' lang='grc' dir='ltr'>ταπει-</span> 
     </span>
    </p>
   </div>
   <div class='ocr_carea' id='block_1_57' title="bbox 357 3264 1838 3330">
    <p class='ocr_par' dir='ltr' id='par_1_57' title="bbox 357 3283 956 3327">
     <span class='ocr_line' id='line_1_57' title="bbox 357 3283 956 3327; baseline -0.008 0"><span class='ocrx_word' id='word_1_325' title='bbox 357 3285 511 3327; x_wconf 86' lang='lat' dir='ltr'><strong>eum.</strong></span> <span class='ocrx_word' id='word_1_326' title='bbox 948 3283 956 3291; x_wconf 83' lang='lat'>&#39;</span> 
     </span>
    </p>
   </div>
   <div class='ocr_carea' id='block_1_58' title="bbox 963 3264 2444 3330">
    <p class='ocr_par' dir='ltr' id='par_1_58' title="bbox 2037 3264 2444 3330">
     <span class='ocr_line' id='line_1_58' title="bbox 2037 3264 2444 3330; baseline -0.005 -8"><span class='ocrx_word' id='word_1_327' title='bbox 2037 3264 2233 3330; x_wconf 82' lang='grc' dir='ltr'>νώσεις</span> <span class='ocrx_word' id='word_1_328' title='bbox 2259 3264 2444 3322; x_wconf 86' lang='grc' dir='ltr'>αὐτόν.</span> 
     </span>
    </p>
   </div>
   <div class='ocr_carea' id='block_1_59' title="bbox 432 3350 1913 3429">
    <p class='ocr_par' dir='ltr' id='par_1_59' title="bbox 432 3355 1913 3429">
     <span class='ocr_line' id='line_1_59' title="bbox 432 3355 1913 3429; baseline -0.001 -14"><span class='ocrx_word' id='word_1_329' title='bbox 432 3361 524 3416; x_wconf 82' lang='grc'><strong>41.</strong></span> <span class='ocrx_word' id='word_1_330' title='bbox 562 3356 829 3411; x_wconf 82' lang='lat' dir='ltr'><strong>Tradetur</strong></span> <span class='ocrx_word' id='word_1_331' title='bbox 863 3355 1009 3409; x_wconf 88' lang='lat' dir='ltr'><strong>enim</strong></span> <span class='ocrx_word' id='word_1_332' title='bbox 1043 3356 1096 3410; x_wconf 91' lang='lat' dir='ltr'><strong>in</strong></span> <span class='ocrx_word' id='word_1_333' title='bbox 1141 3355 1320 3410; x_wconf 90' lang='lat' dir='ltr'><strong>locum</strong></span> <span class='ocrx_word' id='word_1_334' title='bbox 1359 3357 1562 3412; x_wconf 90' lang='lat' dir='ltr'><strong>diaboli</strong></span> <span class='ocrx_word' id='word_1_335' title='bbox 1612 3365 1668 3414; x_wconf 91' lang='lat' dir='ltr'><strong>et</strong></span> <span class='ocrx_word' id='word_1_336' title='bbox 1707 3357 1913 3429; x_wconf 78' lang='lat' dir='ltr'><strong>angelo-</strong></span> 
     </span>
    </p>
   </div>
   <div class='ocr_carea' id='block_1_60' title="bbox 2135 3350 3616 3429">
    <p class='ocr_par' dir='ltr' id='par_1_60' title="bbox 2135 3350 3616 3429">
     <span class='ocr_line' id='line_1_60' title="bbox 2135 3350 3616 3429; baseline -0.005 -17"><span class='ocrx_word' id='word_1_337' title='bbox 2135 3357 2201 3413; x_wconf 73' lang='grc' dir='ltr'><strong>Η.</strong></span> <span class='ocrx_word' id='word_1_338' title='bbox 2234 3356 2679 3429; x_wconf 86' lang='grc' dir='ltr'>Παραδοθήσεται</span> <span class='ocrx_word' id='word_1_339' title='bbox 2708 3354 2816 3426; x_wconf 76' lang='grc' dir='ltr'><strong>γὰρ</strong></span> <span class='ocrx_word' id='word_1_340' title='bbox 2838 3355 2917 3417; x_wconf 77' lang='grc' dir='ltr'><strong>εἰς</strong></span> <span class='ocrx_word' id='word_1_341' title='bbox 2944 3351 3035 3406; x_wconf 90' lang='grc' dir='ltr'><strong>τὸν</strong></span> <span class='ocrx_word' id='word_1_342' title='bbox 3060 3352 3222 3406; x_wconf 83' lang='grc' dir='ltr'>τόπον</span> <span class='ocrx_word' id='word_1_343' title='bbox 3254 3351 3351 3406; x_wconf 77' lang='grc' dir='ltr'>τοῦ</span> <span class='ocrx_word' id='word_1_344' title='bbox 3376 3350 3616 3405; x_wconf 60' lang='grc' dir='ltr'>διαϐόλου</span> 
     </span>
    </p>
   </div>
   <div class='ocr_carea' id='block_1_61' title="bbox 363 3444 1844 3520">
    <p class='ocr_par' dir='ltr' id='par_1_61' title="bbox 363 3450 664 3520">
     <span class='ocr_line' id='line_1_61' title="bbox 363 3450 664 3520; baseline -0.017 -12"><span class='ocrx_word' id='word_1_345' title='bbox 363 3468 489 3508; x_wconf 90' lang='lat' dir='ltr'><strong>rum</strong></span> <span class='ocrx_word' id='word_1_346' title='bbox 523 3450 664 3520; x_wconf 87' lang='lat' dir='ltr'><strong>ejus.</strong></span> 
     </span>
    </p>
   </div>
   <div class='ocr_carea' id='block_1_62' title="bbox 1290 3444 2771 3520">
    <p class='ocr_par' dir='ltr' id='par_1_62' title="bbox 2041 3444 2771 3516">
     <span class='ocr_line' id='line_1_62' title="bbox 2041 3444 2771 3516; baseline -0.005 -16"><span class='ocrx_word' id='word_1_347' title='bbox 2041 3446 2135 3500; x_wconf 78' lang='grc' dir='ltr'>καὶ</span> <span class='ocrx_word' id='word_1_348' title='bbox 2163 3444 2273 3499; x_wconf 85' lang='grc' dir='ltr'><strong>τῶν</strong></span> <span class='ocrx_word' id='word_1_349' title='bbox 2307 3446 2556 3516; x_wconf 81' lang='grc' dir='ltr'>ἀγγέλων</span> <span class='ocrx_word' id='word_1_350' title='bbox 2587 3444 2771 3499; x_wconf 78' lang='grc' dir='ltr'>αὐτοῦ.</span> 
     </span>
    </p>
   </div>
   <div class='ocr_carea' id='block_1_63' title="bbox 432 3532 1913 3609">
    <p class='ocr_par' dir='ltr' id='par_1_63' title="bbox 432 3540 1682 3599">
     <span class='ocr_line' id='line_1_63' title="bbox 432 3540 1682 3599; baseline -0.002 0"><span class='ocrx_word' id='word_1_351' title='bbox 432 3545 521 3599; x_wconf 83' lang='grc'><strong>42.</strong></span> <span class='ocrx_word' id='word_1_352' title='bbox 563 3542 654 3598; x_wconf 85' lang='lat' dir='ltr'><strong>Est</strong></span> <span class='ocrx_word' id='word_1_353' title='bbox 680 3543 822 3597; x_wconf 88' lang='lat' dir='ltr'><strong>enim</strong></span> <span class='ocrx_word' id='word_1_354' title='bbox 855 3541 907 3595; x_wconf 88' lang='lat' dir='ltr'><strong>in</strong></span> <span class='ocrx_word' id='word_1_355' title='bbox 946 3540 1183 3596; x_wconf 84' lang='lat' dir='ltr'><strong>tenebris</strong></span> <span class='ocrx_word' id='word_1_356' title='bbox 1216 3541 1583 3598; x_wconf 75' lang='lat' dir='ltr'><strong>exterioribus</strong></span> <span class='ocrx_word' id='word_1_357' title='bbox 1617 3540 1682 3596; x_wconf 75' lang='lat'><strong>”.</strong></span> 
     </span>
    </p>
   </div>
   <div class='ocr_carea' id='block_1_64' title="bbox 1962 3532 3443 3609">
    <p class='ocr_par' dir='ltr' id='par_1_64' title="bbox 2114 3532 3443 3609">
     <span class='ocr_line' id='line_1_64' title="bbox 2114 3532 3443 3609; baseline -0.005 -15"><span class='ocrx_word' id='word_1_358' title='bbox 2114 3539 2206 3595; x_wconf 87' lang='grc'><strong>42.</strong></span> <span class='ocrx_word' id='word_1_359' title='bbox 2242 3540 2339 3606; x_wconf 73' lang='grc' dir='ltr'><strong>Εἰς</strong></span> <span class='ocrx_word' id='word_1_360' title='bbox 2363 3539 2426 3594; x_wconf 92' lang='grc' dir='ltr'><strong>τὸ</strong></span> <span class='ocrx_word' id='word_1_361' title='bbox 2460 3540 2649 3603; x_wconf 83' lang='grc' dir='ltr'>σκότος</span> <span class='ocrx_word' id='word_1_362' title='bbox 2676 3537 2784 3609; x_wconf 81' lang='grc' dir='ltr'>γάρ</span> <span class='ocrx_word' id='word_1_363' title='bbox 2812 3538 2928 3589; x_wconf 80' lang='grc' dir='ltr'>ἐστι</span> <span class='ocrx_word' id='word_1_364' title='bbox 2958 3533 3038 3606; x_wconf 87' lang='grc'><strong>(2)</strong></span> <span class='ocrx_word' id='word_1_365' title='bbox 3067 3535 3129 3587; x_wconf 88' lang='grc' dir='ltr'><strong>τὸ</strong></span> <span class='ocrx_word' id='word_1_366' title='bbox 3154 3532 3443 3605; x_wconf 77' lang='grc' dir='ltr'><strong>ἐξώτερον.</strong></span> 
     </span>
    </p>
   </div>
   <div class='ocr_carea' id='block_1_65' title="bbox 431 3623 1912 3702">
    <p class='ocr_par' dir='ltr' id='par_1_65' title="bbox 431 3629 1912 3702">
     <span class='ocr_line' id='line_1_65' title="bbox 431 3629 1912 3702; baseline -0.001 -14"><span class='ocrx_word' id='word_1_367' title='bbox 431 3634 520 3688; x_wconf 81' lang='grc'><strong>45.</strong></span> <span class='ocrx_word' id='word_1_368' title='bbox 554 3629 688 3686; x_wconf 86' lang='lat' dir='ltr'><strong>Nam</strong></span> <span class='ocrx_word' id='word_1_369' title='bbox 713 3647 835 3686; x_wconf 92' lang='lat' dir='ltr'><strong>cum</strong></span> <span class='ocrx_word' id='word_1_370' title='bbox 858 3639 1004 3686; x_wconf 84' lang='lat' dir='ltr'><strong>esset</strong></span> <span class='ocrx_word' id='word_1_371' title='bbox 1024 3630 1322 3686; x_wconf 90' lang='lat' dir='ltr'><strong>secundum</strong></span> <span class='ocrx_word' id='word_1_372' title='bbox 1346 3630 1437 3686; x_wconf 86' lang='lat' dir='ltr'><strong>Dei</strong></span> <span class='ocrx_word' id='word_1_373' title='bbox 1472 3632 1788 3702; x_wconf 81' lang='lat' dir='ltr'><strong>imaginem,</strong></span> <span class='ocrx_word' id='word_1_374' title='bbox 1828 3645 1912 3687; x_wconf 77' lang='lat' dir='ltr'><strong>n01</strong></span> 
     </span>
    </p>
   </div>
   <div class='ocr_carea' id='block_1_66' title="bbox 2137 3623 3618 3702">
    <p class='ocr_par' dir='ltr' id='par_1_66' title="bbox 2137 3623 3618 3702">
     <span class='ocr_line' id='line_1_66' title="bbox 2137 3623 3618 3702; baseline -0.006 -17"><span class='ocrx_word' id='word_1_375' title='bbox 2137 3633 2198 3688; x_wconf 69' lang='grc' dir='ltr'><strong>ὅ.</strong></span> <span class='ocrx_word' id='word_1_376' title='bbox 2230 3632 2368 3686; x_wconf 85' lang='grc' dir='ltr'>Κατ’</span> <span class='ocrx_word' id='word_1_377' title='bbox 2400 3632 2587 3686; x_wconf 78' lang='grc' dir='ltr'>εἰκόνα</span> <span class='ocrx_word' id='word_1_378' title='bbox 2631 3630 2741 3702; x_wconf 84' lang='grc' dir='ltr'><strong>γὰρ</strong></span> <span class='ocrx_word' id='word_1_379' title='bbox 2790 3627 2926 3682; x_wconf 80' lang='grc' dir='ltr'>Θεοῦ</span> <span class='ocrx_word' id='word_1_380' title='bbox 2972 3626 3084 3693; x_wconf 81' lang='grc' dir='ltr'><strong>ὢν,</strong></span> <span class='ocrx_word' id='word_1_381' title='bbox 3130 3625 3231 3679; x_wconf 81' lang='grc' dir='ltr'>οὐκ</span> <span class='ocrx_word' id='word_1_382' title='bbox 3278 3623 3500 3694; x_wconf 79' lang='grc' dir='ltr'><strong>ἐπέγνω</strong></span> <span class='ocrx_word' id='word_1_383' title='bbox 3528 3623 3618 3677; x_wconf 85' lang='grc' dir='ltr'><strong>τὸν</strong></span> 
     </span>
    </p>
   </div>
   <div class='ocr_carea' id='block_1_67' title="bbox 348 3722 1829 3797">
    <p class='ocr_par' dir='ltr' id='par_1_67' title="bbox 348 3722 1123 3796">
     <span class='ocr_line' id='line_1_67' title="bbox 348 3722 1123 3796; baseline -0.009 -13"><span class='ocrx_word' id='word_1_384' title='bbox 348 3724 619 3796; x_wconf 72' lang='lat' dir='ltr'><strong>cognovit</strong></span> <span class='ocrx_word' id='word_1_385' title='bbox 645 3722 909 3778; x_wconf 79' lang='lat' dir='ltr'><strong>factorem</strong></span> <span class='ocrx_word' id='word_1_386' title='bbox 940 3737 1123 3776; x_wconf 89' lang='lat' dir='ltr'><strong>suum.</strong></span> 
     </span>
    </p>
   </div>
   <div class='ocr_carea' id='block_1_68' title="bbox 1083 3722 2564 3797">
    <p class='ocr_par' dir='ltr' id='par_1_68' title="bbox 1083 3724 2564 3797">
     <span class='ocr_line' id='line_1_68' title="bbox 1083 3724 2564 3797; baseline 0.001 -22"><span class='ocrx_word' id='word_1_387' title='bbox 1083 3738 1123 3776; x_wconf 80' lang='grc' dir='ltr'><strong>ι.</strong></span> <span class='ocrx_word' id='word_1_388' title='bbox 2039 3725 2346 3797; x_wconf 84' lang='grc' dir='ltr'>ποιήσαντα</span> <span class='ocrx_word' id='word_1_389' title='bbox 2384 3724 2564 3779; x_wconf 85' lang='grc' dir='ltr'>αὐτόν.</span> 
     </span>
    </p>
   </div>
   <div class='ocr_carea' id='block_1_69' title="bbox 434 3808 1915 3887">
    <p class='ocr_par' dir='ltr' id='par_1_69' title="bbox 434 3808 1915 3880">
     <span class='ocr_line' id='line_1_69' title="bbox 434 3808 1915 3880; baseline 0.001 -15"><span class='ocrx_word' id='word_1_390' title='bbox 434 3812 523 3865; x_wconf 79' lang='grc'><strong>44.</strong></span> <span class='ocrx_word' id='word_1_391' title='bbox 558 3811 765 3865; x_wconf 90' lang='lat' dir='ltr'><strong>Similis</strong></span> <span class='ocrx_word' id='word_1_392' title='bbox 814 3812 1065 3864; x_wconf 84' lang='lat' dir='ltr'><strong>inventus</strong></span> <span class='ocrx_word' id='word_1_393' title='bbox 1105 3819 1188 3866; x_wconf 83' lang='lat' dir='ltr'><strong>est</strong></span> <span class='ocrx_word' id='word_1_394' title='bbox 1222 3808 1485 3880; x_wconf 87' lang='lat' dir='ltr'><strong>jumentis</strong></span> <span class='ocrx_word' id='word_1_395' title='bbox 1531 3810 1915 3867; x_wconf 79' lang='lat' dir='ltr'><strong>recalcitranti</strong></span> 
     </span>
    </p>
   </div>
   <div class='ocr_carea' id='block_1_70' title="bbox 2140 3808 3621 3887">
    <p class='ocr_par' dir='ltr' id='par_1_70' title="bbox 2140 3808 3621 3887">
     <span class='ocr_line' id='line_1_70' title="bbox 2140 3808 3621 3887; baseline -0.003 -17"><span class='ocrx_word' id='word_1_396' title='bbox 2140 3816 2200 3870; x_wconf 80' lang='grc' dir='ltr'><strong>ι4.</strong></span> <span class='ocrx_word' id='word_1_397' title='bbox 2230 3817 2374 3880; x_wconf 87' lang='grc' dir='ltr'><strong>’Ῑσος</strong></span> <span class='ocrx_word' id='word_1_398' title='bbox 2402 3814 2597 3887; x_wconf 78' lang='grc' dir='ltr'>εὑρέθη</span> <span class='ocrx_word' id='word_1_399' title='bbox 2621 3813 2727 3867; x_wconf 88' lang='grc' dir='ltr'><strong>τῶν</strong></span> <span class='ocrx_word' id='word_1_400' title='bbox 2754 3808 3207 3883; x_wconf 81' lang='grc' dir='ltr'>ἁποσκιρτὼντων</span> <span class='ocrx_word' id='word_1_401' title='bbox 3233 3809 3333 3863; x_wconf 74' lang='grc' dir='ltr'>καὶ</span> <span class='ocrx_word' id='word_1_402' title='bbox 3352 3810 3621 3865; x_wconf 73' lang='grc' dir='ltr'>ἀποστάν-</span> 
     </span>
    </p>
   </div>
   <div class='ocr_carea' id='block_1_71' title="bbox 364 3902 1845 3981">
    <p class='ocr_par' dir='ltr' id='par_1_71' title="bbox 364 3902 986 3972">
     <span class='ocr_line' id='line_1_71' title="bbox 364 3902 986 3972; baseline -0.008 -12"><span class='ocrx_word' id='word_1_403' title='bbox 364 3906 492 3972; x_wconf 82' lang='lat' dir='ltr'><strong>bus,</strong></span> <span class='ocrx_word' id='word_1_404' title='bbox 517 3913 569 3960; x_wconf 90' lang='lat' dir='ltr'><strong>et</strong></span> <span class='ocrx_word' id='word_1_405' title='bbox 592 3902 986 3958; x_wconf 89' lang='lat' dir='ltr'><strong>rcsilientibus.</strong></span> 
     </span>
    </p>
   </div>
   <div class='ocr_carea' id='block_1_72' title="bbox 938 3902 2419 3981">
    <p class='ocr_par' dir='ltr' id='par_1_72' title="bbox 941 3908 2419 3981">
     <span class='ocr_line' id='line_1_72' title="bbox 941 3908 2419 3981; baseline -0.003 -15"><span class='ocrx_word' id='word_1_406' title='bbox 941 3917 986 3955; x_wconf 74' lang='grc' dir='ltr'><strong>ε·</strong></span> <span class='ocrx_word' id='word_1_407' title='bbox 2041 3924 2149 3961; x_wconf 89' lang='grc' dir='ltr'><strong>των</strong></span> <span class='ocrx_word' id='word_1_408' title='bbox 2183 3908 2419 3981; x_wconf 84' lang='grc' dir='ltr'>κτηνῶν.</span> 
     </span>
    </p>
   </div>
   <div class='ocr_carea' id='block_1_73' title="bbox 447 4016 3620 4097">
    <p class='ocr_par' dir='ltr' id='par_1_73' title="bbox 447 4016 3620 4097">
     <span class='ocr_line' id='line_1_73' title="bbox 447 4016 3620 4097; baseline -0.003 -12"><span class='ocrx_word' id='word_1_409' title='bbox 447 4021 514 4073; x_wconf 82' lang='grc' dir='ltr'><strong><em>Ἦ</em></strong></span> <span class='ocrx_word' id='word_1_410' title='bbox 558 4019 887 4092; x_wconf 76' lang='grc' dir='ltr'>προκειμένη</span> <span class='ocrx_word' id='word_1_411' title='bbox 932 4016 1208 4085; x_wconf 67' lang='grc' dir='ltr'><strong>ἐπιγραφὴ</strong></span> <span class='ocrx_word' id='word_1_412' title='bbox 1254 4018 1493 4089; x_wconf 79' lang='grc' dir='ltr'><strong>περιέχει</strong></span> <span class='ocrx_word' id='word_1_413' title='bbox 1540 4020 1613 4090; x_wconf 79' lang='lat'><strong>(5)</strong></span> <span class='ocrx_word' id='word_1_414' title='bbox 1639 4036 1651 4049; x_wconf 88' lang='lat'><strong>&#39;</strong></span> <span class='ocrx_word' id='word_1_415' title='bbox 1691 4024 1935 4093; x_wconf 74' lang='grc' dir='ltr'>Ψαλμὸς</span> <span class='ocrx_word' id='word_1_416' title='bbox 1963 4024 2044 4092; x_wconf 84' lang='grc' dir='ltr'>τῷ</span> <span class='ocrx_word' id='word_1_417' title='bbox 2085 4027 2289 4097; x_wconf 70' lang='grc' dir='ltr'><strong>Ἀσὰερ,</strong></span> <span class='ocrx_word' id='word_1_418' title='bbox 2327 4028 2573 4081; x_wconf 79' lang='grc' dir='ltr'>τουτέστι</span> <span class='ocrx_word' id='word_1_419' title='bbox 2599 4024 2811 4097; x_wconf 69' lang='grc' dir='ltr'>ψαλμὸς</span> <span class='ocrx_word' id='word_1_420' title='bbox 2840 4022 2923 4096; x_wconf 80' lang='grc'><strong>(4)</strong></span> <span class='ocrx_word' id='word_1_421' title='bbox 2959 4020 3038 4094; x_wconf 81' lang='grc' dir='ltr'>τῷ</span> <span class='ocrx_word' id='word_1_422' title='bbox 3072 4023 3260 4094; x_wconf 82' lang='grc' dir='ltr'>κριτῇ.</span> <span class='ocrx_word' id='word_1_423' title='bbox 3302 4020 3488 4093; x_wconf 71' lang='grc' dir='ltr'><strong>Ἆσὰφ</strong></span> <span class='ocrx_word' id='word_1_424' title='bbox 3513 4022 3620 4091; x_wconf 61' lang='grc' dir='ltr'><strong>γὰῆ</strong></span> 
     </span>
    </p>
   </div>
   <div class='ocr_carea' id='block_1_74' title="bbox 366 4106 981 4179">
    <p class='ocr_par' dir='ltr' id='par_1_74' title="bbox 366 4106 981 4179">
     <span class='ocr_line' id='line_1_74' title="bbox 366 4106 981 4179; baseline -0.007 -16"><span class='ocrx_word' id='word_1_425' title='bbox 366 4108 575 4178; x_wconf 75' lang='grc' dir='ltr'>κριτὴς</span> <span class='ocrx_word' id='word_1_426' title='bbox 600 4106 981 4179; x_wconf 79' lang='grc' dir='ltr'>ἑρμηνεύεται.</span> 
     </span>
    </p>
   </div>
   <div class='ocr_carea' id='block_1_75' title="bbox 439 4194 3621 4277">
    <p class='ocr_par' dir='ltr' id='par_1_75' title="bbox 439 4194 3621 4277">
     <span class='ocr_line' id='line_1_75' title="bbox 439 4194 3621 4277; baseline 0.002 -20"><span class='ocrx_word' id='word_1_427' title='bbox 439 4200 653 4257; x_wconf 88' lang='lat' dir='ltr'><strong>Titulus</strong></span> <span class='ocrx_word' id='word_1_428' title='bbox 682 4198 974 4268; x_wconf 88' lang='lat' dir='ltr'><strong>inscriptus</strong></span> <span class='ocrx_word' id='word_1_429' title='bbox 1004 4195 1243 4251; x_wconf 90' lang='lat' dir='ltr'><strong>continet</strong></span> <span class='ocrx_word' id='word_1_430' title='bbox 1275 4213 1289 4248; x_wconf 91' lang='lat'><strong>:</strong></span> <span class='ocrx_word' id='word_1_431' title='bbox 1326 4194 1571 4249; x_wconf 77' lang='lat' dir='ltr'><strong>Psalmus</strong></span> <span class='ocrx_word' id='word_1_432' title='bbox 1599 4198 1797 4267; x_wconf 71' lang='lat' dir='ltr'><strong>Amph,</strong></span> <span class='ocrx_word' id='word_1_433' title='bbox 1842 4199 1948 4255; x_wconf 87' lang='lat' dir='ltr'><strong>hoc</strong></span> <span class='ocrx_word' id='word_1_434' title='bbox 1975 4212 2060 4257; x_wconf 90' lang='lat' dir='ltr'><strong>est</strong></span> <span class='ocrx_word' id='word_1_435' title='bbox 2103 4205 2348 4274; x_wconf 88' lang='lat' dir='ltr'><strong>psalmus</strong></span> <span class='ocrx_word' id='word_1_436' title='bbox 2373 4203 2573 4261; x_wconf 74' lang='lat' dir='ltr'><strong>Iudici.</strong></span> <span class='ocrx_word' id='word_1_437' title='bbox 2612 4206 2791 4275; x_wconf 74' lang='grc' dir='ltr'>Λεαρὴ</span> <span class='ocrx_word' id='word_1_438' title='bbox 2837 4207 2983 4261; x_wconf 92' lang='lat' dir='ltr'><strong>enim</strong></span> <span class='ocrx_word' id='word_1_439' title='bbox 3018 4205 3180 4275; x_wconf 74' lang='lat' dir='ltr'><strong>iudex</strong></span> <span class='ocrx_word' id='word_1_440' title='bbox 3209 4205 3621 4277; x_wconf 77' lang='lat' dir='ltr'><strong>interpretatur.</strong></span> 
     </span>
    </p>
   </div>
   <div class='ocr_carea' id='block_1_76' title="bbox 440 4290 1921 4375">
    <p class='ocr_par' dir='ltr' id='par_1_76' title="bbox 440 4290 1921 4363">
     <span class='ocr_line' id='line_1_76' title="bbox 440 4290 1921 4363; baseline -0.003 -12"><span class='ocrx_word' id='word_1_441' title='bbox 440 4298 492 4363; x_wconf 78' lang='grc'><strong>1,</strong></span> <span class='ocrx_word' id='word_1_442' title='bbox 526 4297 581 4350; x_wconf 85' lang='grc'><strong>2.</strong></span> <span class='ocrx_word' id='word_1_443' title='bbox 613 4294 757 4350; x_wconf 90' lang='lat' dir='ltr'><strong>Deus</strong></span> <span class='ocrx_word' id='word_1_444' title='bbox 804 4293 1086 4347; x_wconf 83' lang='lat' dir='ltr'><strong>hominum</strong></span> <span class='ocrx_word' id='word_1_445' title='bbox 1135 4290 1399 4345; x_wconf 91' lang='lat' dir='ltr'><strong>Dominus</strong></span> <span class='ocrx_word' id='word_1_446' title='bbox 1440 4306 1537 4361; x_wconf 87' lang='lat' dir='ltr'><strong>per</strong></span> <span class='ocrx_word' id='word_1_447' title='bbox 1582 4292 1921 4361; x_wconf 66' lang='lat' dir='ltr'><strong>praedicatio-</strong></span> 
     </span>
    </p>
   </div>
   <div class='ocr_carea' id='block_1_77' title="bbox 2144 4290 3625 4375">
    <p class='ocr_par' dir='ltr' id='par_1_77' title="bbox 2157 4299 3625 4375">
     <span class='ocr_line' id='line_1_77' title="bbox 2157 4299 3625 4375; baseline 0.003 -22"><span class='ocrx_word' id='word_1_448' title='bbox 2157 4338 2172 4364; x_wconf 92' lang='lat'><strong><em>,</em></strong></span> <span class='ocrx_word' id='word_1_449' title='bbox 2203 4299 2258 4353; x_wconf 89' lang='grc'><strong>2.</strong></span> <span class='ocrx_word' id='word_1_450' title='bbox 2289 4300 2420 4364; x_wconf 87' lang='grc' dir='ltr'>Θεὸς</span> <span class='ocrx_word' id='word_1_451' title='bbox 2464 4303 2493 4354; x_wconf 88' lang='grc' dir='ltr'><em>ὁ</em></span> <span class='ocrx_word' id='word_1_452' title='bbox 2521 4301 2629 4355; x_wconf 86' lang='grc' dir='ltr'><strong>τῶν</strong></span> <span class='ocrx_word' id='word_1_453' title='bbox 2673 4300 2974 4373; x_wconf 83' lang='grc' dir='ltr'>ἀνθρώπων</span> <span class='ocrx_word' id='word_1_454' title='bbox 3023 4300 3227 4372; x_wconf 83' lang='grc' dir='ltr'>Κύριος</span> <span class='ocrx_word' id='word_1_455' title='bbox 3261 4301 3497 4375; x_wconf 83' lang='grc' dir='ltr'>ὲλάλησε</span> <span class='ocrx_word' id='word_1_456' title='bbox 3537 4302 3625 4357; x_wconf 77' lang='grc' dir='ltr'><strong>διὰ</strong></span> 
     </span>
    </p>
   </div>
   <div class='ocr_carea' id='block_1_78' title="bbox 367 4384 1848 4467">
    <p class='ocr_par' dir='ltr' id='par_1_78' title="bbox 367 4384 1848 4447">
     <span class='ocr_line' id='line_1_78' title="bbox 367 4384 1848 4447; baseline -0.003 -1"><span class='ocrx_word' id='word_1_457' title='bbox 367 4407 492 4447; x_wconf 89' lang='lat' dir='ltr'><strong>nem</strong></span> <span class='ocrx_word' id='word_1_458' title='bbox 520 4390 737 4445; x_wconf 90' lang='lat' dir='ltr'><strong>locutus</strong></span> <span class='ocrx_word' id='word_1_459' title='bbox 776 4395 876 4446; x_wconf 89' lang='lat' dir='ltr'><strong>est.</strong></span> <span class='ocrx_word' id='word_1_460' title='bbox 911 4395 965 4441; x_wconf 89' lang='lat' dir='ltr'><strong>et</strong></span> <span class='ocrx_word' id='word_1_461' title='bbox 989 4384 1207 4440; x_wconf 86' lang='lat' dir='ltr'><strong>vocavit</strong></span> <span class='ocrx_word' id='word_1_462' title='bbox 1245 4398 1436 4441; x_wconf 89' lang='lat' dir='ltr'><strong>omnes</strong></span> <span class='ocrx_word' id='word_1_463' title='bbox 1481 4384 1549 4438; x_wconf 89' lang='lat' dir='ltr'><strong>ad</strong></span> <span class='ocrx_word' id='word_1_464' title='bbox 1580 4385 1739 4440; x_wconf 76' lang='lat' dir='ltr'><strong>[idem</strong></span> <span class='ocrx_word' id='word_1_465' title='bbox 1769 4402 1848 4441; x_wconf 74' lang='lat' dir='ltr'><strong>sua</strong></span> 
     </span>
    </p>
   </div>
   <div class='ocr_carea' id='block_1_79' title="bbox 2142 4384 3623 4467">
    <p class='ocr_par' dir='ltr' id='par_1_79' title="bbox 2174 4392 3623 4467">
     <span class='ocr_line' id='line_1_79' title="bbox 2174 4392 3623 4467; baseline 0.003 -23"><span class='ocrx_word' id='word_1_466' title='bbox 2174 4392 2541 4466; x_wconf 79' lang='grc' dir='ltr'>κηρύγματος,</span> <span class='ocrx_word' id='word_1_467' title='bbox 2580 4393 2673 4447; x_wconf 72' lang='grc' dir='ltr'><strong>καὶ</strong></span> <span class='ocrx_word' id='word_1_468' title='bbox 2706 4392 2930 4447; x_wconf 79' lang='grc' dir='ltr'>ἐκάλεσε</span> <span class='ocrx_word' id='word_1_469' title='bbox 2962 4393 3168 4458; x_wconf 77' lang='grc' dir='ltr'>πάντας</span> <span class='ocrx_word' id='word_1_470' title='bbox 3200 4396 3283 4459; x_wconf 80' lang='grc' dir='ltr'>εἰς</span> <span class='ocrx_word' id='word_1_471' title='bbox 3307 4395 3409 4467; x_wconf 83' lang='grc' dir='ltr'>τὴν</span> <span class='ocrx_word' id='word_1_472' title='bbox 3433 4395 3623 4452; x_wconf 69' lang='grc' dir='ltr'>ἑαυτοῦ</span> 
     </span>
    </p>
   </div>
   <div class='ocr_carea' id='block_1_80' title="bbox 356 4477 1837 4565">
    <p class='ocr_par' dir='ltr' id='par_1_80' title="bbox 356 4477 1354 4549">
     <span class='ocr_line' id='line_1_80' title="bbox 356 4477 1354 4549; baseline -0.011 -11"><span class='ocrx_word' id='word_1_473' title='bbox 356 4483 432 4538; x_wconf 61' lang='lat' dir='ltr'><strong>al;</strong></span> <span class='ocrx_word' id='word_1_474' title='bbox 468 4489 591 4537; x_wconf 87' lang='lat' dir='ltr'><strong>ortu</strong></span> <span class='ocrx_word' id='word_1_475' title='bbox 619 4480 753 4535; x_wconf 89' lang='lat' dir='ltr'><strong>solis</strong></span> <span class='ocrx_word' id='word_1_476' title='bbox 781 4493 954 4549; x_wconf 89' lang='lat' dir='ltr'><strong>usque</strong></span> <span class='ocrx_word' id='word_1_477' title='bbox 978 4477 1046 4532; x_wconf 88' lang='lat' dir='ltr'><strong>ad</strong></span> <span class='ocrx_word' id='word_1_478' title='bbox 1071 4490 1354 4533; x_wconf 86' lang='lat' dir='ltr'><strong>occasum.</strong></span> 
     </span>
    </p>
   </div>
   <div class='ocr_carea' id='block_1_81' title="bbox 1770 4477 3251 4565">
    <p class='ocr_par' dir='ltr' id='par_1_81' title="bbox 1966 4477 3251 4565">
     <span class='ocr_line' id='line_1_81' title="bbox 1966 4477 3251 4565; baseline 0.005 -31"><span class='ocrx_word' id='word_1_479' title='bbox 1966 4510 2017 4565; x_wconf 63' lang='grc' dir='ltr'>Β</span> <span class='ocrx_word' id='word_1_480' title='bbox 2040 4481 2228 4536; x_wconf 79' lang='grc' dir='ltr'>πίστιν</span> <span class='ocrx_word' id='word_1_481' title='bbox 2259 4483 2366 4536; x_wconf 84' lang='grc' dir='ltr'><strong>ἀπὸ</strong></span> <span class='ocrx_word' id='word_1_482' title='bbox 2392 4477 2663 4538; x_wconf 83' lang='grc' dir='ltr'>ἀνατολῶν</span> <span class='ocrx_word' id='word_1_483' title='bbox 2692 4484 2842 4555; x_wconf 82' lang='grc' dir='ltr'>ἠλίου</span> <span class='ocrx_word' id='word_1_484' title='bbox 2875 4484 2981 4549; x_wconf 75' lang='grc' dir='ltr'><strong>ἕως</strong></span> <span class='ocrx_word' id='word_1_485' title='bbox 3007 4483 3251 4557; x_wconf 84' lang='grc' dir='ltr'>δυσμῶν.</span> 
     </span>
    </p>
   </div>
   <div class='ocr_carea' id='block_1_82' title="bbox 439 4569 1920 4647">
    <p class='ocr_par' dir='ltr' id='par_1_82' title="bbox 439 4569 1406 4640">
     <span class='ocr_line' id='line_1_82' title="bbox 439 4569 1406 4640; baseline -0.006 -10"><span class='ocrx_word' id='word_1_486' title='bbox 439 4576 494 4631; x_wconf 74' lang='lat'><strong>3.</strong></span> <span class='ocrx_word' id='word_1_487' title='bbox 519 4574 563 4628; x_wconf 89' lang='lat' dir='ltr'><strong>E</strong></span> <span class='ocrx_word' id='word_1_488' title='bbox 584 4573 736 4629; x_wconf 70' lang='lat' dir='ltr'><strong>cmlis</strong></span> <span class='ocrx_word' id='word_1_489' title='bbox 766 4571 1028 4627; x_wconf 86' lang='lat' dir='ltr'><strong>adventus</strong></span> <span class='ocrx_word' id='word_1_490' title='bbox 1048 4571 1236 4640; x_wconf 77' lang='lat' dir='ltr'><strong>gratiae</strong></span> <span class='ocrx_word' id='word_1_491' title='bbox 1263 4569 1406 4639; x_wconf 86' lang='lat' dir='ltr'><strong>ejus.</strong></span> 
     </span>
    </p>
   </div>
   <div class='ocr_carea' id='block_1_83' title="bbox 2144 4569 3625 4647">
    <p class='ocr_par' dir='ltr' id='par_1_83' title="bbox 2144 4573 3625 4647">
     <span class='ocr_line' id='line_1_83' title="bbox 2144 4573 3625 4647; baseline 0.001 -22"><span class='ocrx_word' id='word_1_492' title='bbox 2144 4574 2172 4627; x_wconf 76' lang='grc' dir='ltr'><strong>ἱ.</strong></span> <span class='ocrx_word' id='word_1_493' title='bbox 2212 4574 2306 4638; x_wconf 85' lang='grc' dir='ltr'>Ἐκ</span> <span class='ocrx_word' id='word_1_494' title='bbox 2323 4573 2431 4627; x_wconf 88' lang='grc' dir='ltr'><strong>τῶν</strong></span> <span class='ocrx_word' id='word_1_495' title='bbox 2453 4575 2694 4646; x_wconf 82' lang='grc' dir='ltr'>οὐρανῶν</span> <span class='ocrx_word' id='word_1_496' title='bbox 2717 4577 2751 4646; x_wconf 82' lang='grc' dir='ltr'><strong>η</strong></span> <span class='ocrx_word' id='word_1_497' title='bbox 2777 4575 3048 4647; x_wconf 79' lang='grc' dir='ltr'>παρουσία</span> <span class='ocrx_word' id='word_1_498' title='bbox 3069 4575 3169 4646; x_wconf 83' lang='grc' dir='ltr'>τῆς</span> <span class='ocrx_word' id='word_1_499' title='bbox 3189 4576 3421 4647; x_wconf 84' lang='grc' dir='ltr'>χάριτος</span> <span class='ocrx_word' id='word_1_500' title='bbox 3438 4574 3625 4630; x_wconf 76' lang='grc' dir='ltr'>αὐτοῦ.</span> 
     </span>
    </p>
   </div>
   <div class='ocr_carea' id='block_1_84' title="bbox 440 4662 1921 4742">
    <p class='ocr_par' dir='ltr' id='par_1_84' title="bbox 440 4662 1739 4720">
     <span class='ocr_line' id='line_1_84' title="bbox 440 4662 1739 4720; baseline -0.004 0"><span class='ocrx_word' id='word_1_501' title='bbox 440 4665 493 4720; x_wconf 86' lang='grc'><strong>4.</strong></span> <span class='ocrx_word' id='word_1_502' title='bbox 528 4666 590 4719; x_wconf 85' lang='lat' dir='ltr'><strong>In</strong></span> <span class='ocrx_word' id='word_1_503' title='bbox 621 4662 1088 4718; x_wconf 85' lang='lat' dir='ltr'><strong>consummatione</strong></span> <span class='ocrx_word' id='word_1_504' title='bbox 1112 4662 1295 4717; x_wconf 65' lang='lat' dir='ltr'><strong>saeculi</strong></span> <span class='ocrx_word' id='word_1_505' title='bbox 1321 4676 1512 4716; x_wconf 91' lang='lat' dir='ltr'><strong>rursus</strong></span> <span class='ocrx_word' id='word_1_506' title='bbox 1538 4662 1739 4716; x_wconf 89' lang='lat' dir='ltr'><strong>veniet.</strong></span> 
     </span>
    </p>
   </div>
   <div class='ocr_carea' id='block_1_85' title="bbox 2055 4662 3536 4742">
    <p class='ocr_par' dir='ltr' id='par_1_85' title="bbox 2118 4664 3536 4742">
     <span class='ocr_line' id='line_1_85' title="bbox 2118 4664 3536 4742; baseline 0.003 -24"><span class='ocrx_word' id='word_1_507' title='bbox 2118 4664 2172 4719; x_wconf 87' lang='grc'><strong>4.</strong></span> <span class='ocrx_word' id='word_1_508' title='bbox 2215 4666 2302 4718; x_wconf 83' lang='grc' dir='ltr'>Ἐν</span> <span class='ocrx_word' id='word_1_509' title='bbox 2328 4668 2395 4737; x_wconf 80' lang='grc' dir='ltr'>τῇ</span> <span class='ocrx_word' id='word_1_510' title='bbox 2427 4665 2704 4737; x_wconf 78' lang='grc' dir='ltr'>συντελείᾳ</span> <span class='ocrx_word' id='word_1_511' title='bbox 2729 4667 2890 4720; x_wconf 82' lang='grc' dir='ltr'>πάλιν</span> <span class='ocrx_word' id='word_1_512' title='bbox 2916 4666 3010 4720; x_wconf 82' lang='grc' dir='ltr'><strong>τοῦ</strong></span> <span class='ocrx_word' id='word_1_513' title='bbox 3040 4666 3237 4731; x_wconf 74' lang='grc' dir='ltr'>αἰῶνος</span> <span class='ocrx_word' id='word_1_514' title='bbox 3269 4667 3405 4740; x_wconf 74' lang='grc' dir='ltr'><strong>ἔλθῃ</strong></span> 
     </span>
    </p>
   </div>
   <div class='ocr_carea' id='block_1_86' title="bbox 439 4751 1920 4829">
    <p class='ocr_par' dir='ltr' id='par_1_86' title="bbox 439 4751 1569 4822">
     <span class='ocr_line' id='line_1_86' title="bbox 439 4751 1569 4822; baseline -0.004 -14"><span class='ocrx_word' id='word_1_515' title='bbox 439 4753 492 4808; x_wconf 83' lang='lat'><strong>5.</strong></span> <span class='ocrx_word' id='word_1_516' title='bbox 520 4751 824 4822; x_wconf 78' lang='lat' dir='ltr'><strong>Redarguet</strong></span> <span class='ocrx_word' id='word_1_517' title='bbox 845 4753 989 4806; x_wconf 85' lang='lat' dir='ltr'><strong>enim</strong></span> <span class='ocrx_word' id='word_1_518' title='bbox 1017 4768 1206 4809; x_wconf 88' lang='lat' dir='ltr'><strong>omnes</strong></span> <span class='ocrx_word' id='word_1_519' title='bbox 1237 4759 1569 4821; x_wconf 84' lang='lat' dir='ltr'><strong>peccatores.</strong></span> 
     </span>
    </p>
   </div>
   <div class='ocr_carea' id='block_1_87' title="bbox 1930 4751 3411 4829">
    <p class='ocr_par' dir='ltr' id='par_1_87' title="bbox 2116 4755 3411 4829">
     <span class='ocr_line' id='line_1_87' title="bbox 2116 4755 3411 4829; baseline -0.001 -18"><span class='ocrx_word' id='word_1_520' title='bbox 2116 4755 2173 4811; x_wconf 81' lang='grc'><strong>5.</strong></span> <span class='ocrx_word' id='word_1_521' title='bbox 2216 4756 2450 4827; x_wconf 78' lang='grc' dir='ltr'><strong>Ἐλὲγξει</strong></span> <span class='ocrx_word' id='word_1_522' title='bbox 2480 4757 2587 4829; x_wconf 80' lang='grc' dir='ltr'><strong>γὰρ</strong></span> <span class='ocrx_word' id='word_1_523' title='bbox 2613 4756 2820 4821; x_wconf 81' lang='grc' dir='ltr'>πάντας</span> <span class='ocrx_word' id='word_1_524' title='bbox 2840 4758 2969 4821; x_wconf 83' lang='grc' dir='ltr'>τοὺς</span> <span class='ocrx_word' id='word_1_525' title='bbox 3001 4755 3411 4829; x_wconf 77' lang='grc' dir='ltr'>ἡμαρτηκότας.</span> 
     </span>
    </p>
   </div>
   <div class='ocr_carea' id='block_1_88' title="bbox 439 4841 1920 4921">
    <p class='ocr_par' dir='ltr' id='par_1_88' title="bbox 439 4841 1194 4914">
     <span class='ocr_line' id='line_1_88' title="bbox 439 4841 1194 4914; baseline -0.001 -17"><span class='ocrx_word' id='word_1_526' title='bbox 439 4843 495 4899; x_wconf 87' lang='grc'>6.</span> <span class='ocrx_word' id='word_1_527' title='bbox 522 4841 749 4897; x_wconf 88' lang='lat' dir='ltr'><strong>Flumen</strong></span> <span class='ocrx_word' id='word_1_528' title='bbox 775 4853 831 4898; x_wconf 89' lang='lat' dir='ltr'><strong>et</strong></span> <span class='ocrx_word' id='word_1_529' title='bbox 857 4843 1007 4899; x_wconf 83' lang='lat' dir='ltr'><strong>lacus</strong></span> <span class='ocrx_word' id='word_1_530' title='bbox 1035 4844 1194 4914; x_wconf 76' lang='lat' dir='ltr'><strong>ignis.</strong></span> 
     </span>
    </p>
   </div>
   <div class='ocr_carea' id='block_1_89' title="bbox 1796 4841 3277 4921">
    <p class='ocr_par' dir='ltr' id='par_1_89' title="bbox 2120 4847 3277 4921">
     <span class='ocr_line' id='line_1_89' title="bbox 2120 4847 3277 4921; baseline 0.002 -20"><span class='ocrx_word' id='word_1_531' title='bbox 2120 4847 2173 4901; x_wconf 83' lang='grc'><strong>6.</strong></span> <span class='ocrx_word' id='word_1_532' title='bbox 2215 4847 2272 4901; x_wconf 84' lang='lat'><strong>&#39;0</strong></span> <span class='ocrx_word' id='word_1_533' title='bbox 2300 4849 2539 4920; x_wconf 83' lang='grc' dir='ltr'>ποταμὸς</span> <span class='ocrx_word' id='word_1_534' title='bbox 2570 4848 2664 4902; x_wconf 72' lang='grc' dir='ltr'><strong>καὶ</strong></span> <span class='ocrx_word' id='word_1_535' title='bbox 2697 4850 2730 4920; x_wconf 83' lang='grc' dir='ltr'>ἠ</span> <span class='ocrx_word' id='word_1_536' title='bbox 2757 4848 2922 4921; x_wconf 83' lang='grc' dir='ltr'>λίμνη</span> <span class='ocrx_word' id='word_1_537' title='bbox 2954 4847 3047 4902; x_wconf 80' lang='grc' dir='ltr'><strong>τοῦ</strong></span> <span class='ocrx_word' id='word_1_538' title='bbox 3083 4847 3277 4920; x_wconf 80' lang='grc' dir='ltr'>πυρός.</span> 
     </span>
    </p>
   </div>
   <div class='ocr_carea' id='block_1_90' title="bbox 442 4934 1923 5016">
    <p class='ocr_par' dir='ltr' id='par_1_90' title="bbox 442 4934 1923 5015">
     <span class='ocr_line' id='line_1_90' title="bbox 442 4934 1923 5015; baseline 0.001 -26"><span class='ocrx_word' id='word_1_539' title='bbox 442 4935 493 4991; x_wconf 87' lang='lat'><strong>7.</strong></span> <span class='ocrx_word' id='word_1_540' title='bbox 524 4934 728 4990; x_wconf 82' lang='lat' dir='ltr'><strong>Ventus</strong></span> <span class='ocrx_word' id='word_1_541' title='bbox 758 4935 1052 4992; x_wconf 85' lang='lat' dir='ltr'><strong>vehemens</strong></span> <span class='ocrx_word' id='word_1_542' title='bbox 1085 4937 1255 5008; x_wconf 79' lang='lat' dir='ltr'><strong>magis</strong></span> <span class='ocrx_word' id='word_1_543' title='bbox 1297 4935 1581 5007; x_wconf 80' lang='lat' dir='ltr'><strong>magisque</strong></span> <span class='ocrx_word' id='word_1_544' title='bbox 1627 4936 1923 5015; x_wconf 77' lang='lat' dir='ltr'><strong>accendens</strong></span> 
     </span>
    </p>
   </div>
   <div class='ocr_carea' id='block_1_91' title="bbox 2151 4934 3632 5016">
    <p class='ocr_par' dir='ltr' id='par_1_91' title="bbox 2159 4939 3632 5016">
     <span class='ocr_line' id='line_1_91' title="bbox 2159 4939 3632 5016; baseline 0.004 -24"><span class='ocrx_word' id='word_1_545' title='bbox 2159 4980 2171 4992; x_wconf 92' lang='lat'><strong>.</strong></span> <span class='ocrx_word' id='word_1_546' title='bbox 2205 4941 2437 5012; x_wconf 80' lang='grc' dir='ltr'>’Ἄνεμος</span> <span class='ocrx_word' id='word_1_547' title='bbox 2464 4940 2690 5012; x_wconf 75' lang='grc' dir='ltr'>σφοδρὸς</span> <span class='ocrx_word' id='word_1_548' title='bbox 2731 4941 2979 5007; x_wconf 77' lang='grc' dir='ltr'>ἐξάπτων</span> <span class='ocrx_word' id='word_1_549' title='bbox 3008 4939 3275 5014; x_wconf 79' lang='grc' dir='ltr'>μειζόνως</span> <span class='ocrx_word' id='word_1_550' title='bbox 3320 4941 3421 5016; x_wconf 81' lang='grc' dir='ltr'>τὴν</span> <span class='ocrx_word' id='word_1_551' title='bbox 3453 4939 3632 5014; x_wconf 69' lang='grc' dir='ltr'>φλόγα</span> 
     </span>
    </p>
   </div>
   <div class='ocr_carea' id='block_1_92' title="bbox 364 5028 1845 5101">
    <p class='ocr_par' dir='ltr' id='par_1_92' title="bbox 364 5028 1004 5099">
     <span class='ocr_line' id='line_1_92' title="bbox 364 5028 1004 5099; baseline 0 -15"><span class='ocrx_word' id='word_1_552' title='bbox 364 5029 645 5084; x_wconf 83' lang='lat' dir='ltr'><strong>ﬂammam</strong></span> <span class='ocrx_word' id='word_1_553' title='bbox 672 5028 813 5099; x_wconf 81' lang='lat' dir='ltr'><strong>ignis</strong></span> <span class='ocrx_word' id='word_1_554' title='bbox 836 5028 1004 5084; x_wconf 89' lang='lat' dir='ltr'><strong>illius.</strong></span> 
     </span>
    </p>
   </div>
   <div class='ocr_carea' id='block_1_93' title="bbox 1114 5028 2595 5101">
    <p class='ocr_par' dir='ltr' id='par_1_93' title="bbox 2045 5028 2595 5101">
     <span class='ocr_line' id='line_1_93' title="bbox 2045 5028 2595 5101; baseline 0.007 -20"><span class='ocrx_word' id='word_1_555' title='bbox 2045 5028 2138 5082; x_wconf 74' lang='grc' dir='ltr'>τοῦ</span> <span class='ocrx_word' id='word_1_556' title='bbox 2173 5031 2344 5101; x_wconf 86' lang='grc' dir='ltr'>πυρὸς</span> <span class='ocrx_word' id='word_1_557' title='bbox 2368 5030 2595 5086; x_wconf 77' lang='grc' dir='ltr'>ἐκείνου.</span> 
     </span>
    </p>
   </div>
   <div class='ocr_carea' id='block_1_94' title="bbox 439 5189 2258 5293">
    <p class='ocr_par' dir='ltr' id='par_1_94' title="bbox 439 5189 2258 5293">
     <span class='ocr_line' id='line_1_94' title="bbox 439 5189 2258 5293; baseline 0.003 -40"><span class='ocrx_word' id='word_1_558' title='bbox 439 5199 483 5231; x_wconf 78' lang='grc'><strong>⁸⁷</strong></span> <span class='ocrx_word' id='word_1_559' title='bbox 520 5200 544 5253; x_wconf 87' lang='grc' dir='ltr'>Ι</span> <span class='ocrx_word' id='word_1_560' title='bbox 575 5200 716 5255; x_wconf 79' lang='lat' dir='ltr'><strong>Tim.</strong></span> <span class='ocrx_word' id='word_1_561' title='bbox 759 5217 833 5265; x_wconf 68' lang='grc' dir='ltr'><strong>γι,</strong></span> <span class='ocrx_word' id='word_1_562' title='bbox 885 5202 939 5257; x_wconf 81' lang='lat'><strong>7.</strong></span> <span class='ocrx_word' id='word_1_563' title='bbox 1015 5199 1300 5273; x_wconf 58' lang='lat' dir='ltr'><strong>&quot;ﬁalth.</strong></span> <span class='ocrx_word' id='word_1_564' title='bbox 1355 5218 1474 5266; x_wconf 86' lang='lat' dir='ltr'><strong>vm,</strong></span> <span class='ocrx_word' id='word_1_565' title='bbox 1505 5202 1609 5270; x_wconf 67' lang='lat'><strong>12;</strong></span> <span class='ocrx_word' id='word_1_566' title='bbox 1663 5214 1805 5293; x_wconf 36' lang='lat' dir='ltr'><strong>(xm,</strong></span> <span class='ocrx_word' id='word_1_567' title='bbox 1859 5200 1958 5271; x_wconf 80' lang='lat' dir='ltr'><strong>l3;</strong></span> <span class='ocrx_word' id='word_1_568' title='bbox 2009 5189 2138 5273; x_wconf 59' lang='grc' dir='ltr'>κεν,</span> <span class='ocrx_word' id='word_1_569' title='bbox 2169 5206 2258 5261; x_wconf 77' lang='lat'><strong>30.</strong></span> 
     </span>
    </p>
   </div>
   <div class='ocr_carea' id='block_1_95' title="bbox 1319 5357 2669 5441">
    <p class='ocr_par' dir='ltr' id='par_1_95' title="bbox 1319 5357 2669 5441">
     <span class='ocr_line' id='line_1_95' title="bbox 1319 5357 2669 5441; baseline 0.004 -23"><span class='ocrx_word' id='word_1_570' title='bbox 1319 5357 1627 5420; x_wconf 81' lang='lat' dir='ltr'><strong>Addenda</strong></span> <span class='ocrx_word' id='word_1_571' title='bbox 1657 5367 1720 5420; x_wconf 90' lang='lat' dir='ltr'><strong>et</strong></span> <span class='ocrx_word' id='word_1_572' title='bbox 1749 5360 2127 5441; x_wconf 81' lang='lat' dir='ltr'><strong>corrigenda</strong></span> <span class='ocrx_word' id='word_1_573' title='bbox 2178 5377 2258 5422; x_wconf 76' lang='lat' dir='ltr'><strong>ex</strong></span> <span class='ocrx_word' id='word_1_574' title='bbox 2285 5362 2423 5423; x_wconf 82' lang='lat' dir='ltr'><strong>cod.</strong></span> <span class='ocrx_word' id='word_1_575' title='bbox 2462 5361 2669 5424; x_wconf 84' lang='lat' dir='ltr'><strong>Vatie.</strong></span> 
     </span>
    </p>
   </div>
   <div class='ocr_carea' id='block_1_96' title="bbox 445 5522 3090 5598">
    <p class='ocr_par' dir='ltr' id='par_1_96' title="bbox 445 5522 3090 5598">
     <span class='ocr_line' id='line_1_96' title="bbox 445 5522 3090 5598; baseline 0.002 -20"><span class='ocrx_word' id='word_1_576' title='bbox 445 5523 524 5596; x_wconf 80' lang='grc'><strong>(1)</strong></span> <span class='ocrx_word' id='word_1_577' title='bbox 554 5522 952 5595; x_wconf 73' lang='grc' dir='ltr'>Εἰσενέγκαμεν</span> <span class='ocrx_word' id='word_1_578' title='bbox 986 5524 1041 5576; x_wconf 73' lang='grc' dir='ltr'>ἓν</span> <span class='ocrx_word' id='word_1_579' title='bbox 1082 5522 1159 5595; x_wconf 81' lang='grc' dir='ltr'>τῷ</span> <span class='ocrx_word' id='word_1_580' title='bbox 1186 5524 1375 5595; x_wconf 75' lang='grc' dir='ltr'>κόσμῳ</span> <span class='ocrx_word' id='word_1_581' title='bbox 1402 5564 1413 5576; x_wconf 94' lang='grc'>.</span> <span class='ocrx_word' id='word_1_582' title='bbox 1436 5565 1448 5578; x_wconf 95' lang='grc'><strong>.</strong></span> <span class='ocrx_word' id='word_1_583' title='bbox 1472 5562 1485 5577; x_wconf 96' lang='grc'><strong>.</strong></span> <span class='ocrx_word' id='word_1_584' title='bbox 1511 5563 1522 5576; x_wconf 95' lang='grc'>.</span> <span class='ocrx_word' id='word_1_585' title='bbox 1581 5523 1633 5575; x_wconf 84' lang='grc' dir='ltr'>τί</span> <span class='ocrx_word' id='word_1_586' title='bbox 1658 5541 1740 5587; x_wconf 87' lang='grc' dir='ltr'><strong>τις</strong></span> <span class='ocrx_word' id='word_1_587' title='bbox 1773 5524 1933 5584; x_wconf 84' lang='grc' dir='ltr'>δυνή-</span> <span class='ocrx_word' id='word_1_588' title='bbox 2113 5524 2190 5598; x_wconf 56' lang='grc' dir='ltr'><strong>(ᾗ)</strong></span> <span class='ocrx_word' id='word_1_589' title='bbox 2324 5522 2411 5598; x_wconf 86' lang='grc' dir='ltr'>διὰ</span> <span class='ocrx_word' id='word_1_590' title='bbox 2434 5524 2541 5598; x_wconf 22' lang='grc' dir='ltr'>,τῆς</span> <span class='ocrx_word' id='word_1_591' title='bbox 2569 5524 2938 5598; x_wconf 79' lang='grc' dir='ltr'>κινναόἀρεως</span> <span class='ocrx_word' id='word_1_592' title='bbox 2961 5540 3090 5598; x_wconf 85' lang='grc' dir='ltr'>περ.</span> 
     </span>
    </p>
   </div>
   <div class='ocr_carea' id='block_1_97' title="bbox 368 5594 1849 5664">
    <p class='ocr_par' dir='ltr' id='par_1_97' title="bbox 368 5594 1299 5664">
     <span class='ocr_line' id='line_1_97' title="bbox 368 5594 1299 5664; baseline -0.01 -13"><span class='ocrx_word' id='word_1_593' title='bbox 368 5594 547 5651; x_wconf 74' lang='grc' dir='ltr'><strong>σεται.</strong></span> <span class='ocrx_word' id='word_1_594' title='bbox 587 5663 619 5664; x_wconf 35' lang='grc' dir='ltr'><em>η</em></span> <span class='ocrx_word' id='word_1_595' title='bbox 1296 5594 1299 5595; x_wconf 63' lang='grc'><strong><em>⁷</em></strong></span> 
     </span>
    </p>
   </div>
   <div class='ocr_carea' id='block_1_98' title="bbox 1195 5594 2676 5664">
    <p class='ocr_par' dir='ltr' id='par_1_98' title="bbox 1296 5594 2676 5664">
     <span class='ocr_line' id='line_1_98' title="bbox 1296 5594 2676 5664; baseline -0.001 -14"><span class='ocrx_word' id='word_1_596' title='bbox 1296 5594 1299 5595; x_wconf 55' lang='grc'><strong><em>⁷</em></strong></span> <span class='ocrx_word' id='word_1_597' title='bbox 2119 5594 2193 5664; x_wconf 86' lang='grc'><strong>(4)</strong></span> <span class='ocrx_word' id='word_1_598' title='bbox 2231 5595 2478 5664; x_wconf 72' lang='grc' dir='ltr'>Ψαλμός</span> <span class='ocrx_word' id='word_1_599' title='bbox 2506 5596 2676 5648; x_wconf 88' lang='lat' dir='ltr'><strong>deest.</strong></span> 
     </span>
    </p>
   </div>
   <div class='ocr_carea' id='block_1_99' title="bbox 445 5596 1926 5735">
    <p class='ocr_par' dir='ltr' id='par_1_99' title="bbox 445 5610 766 5733">
     <span class='ocr_line' id='line_1_99' title="bbox 445 5610 547 5646; baseline 0 0"><span class='ocrx_word' id='word_1_600' title='bbox 445 5610 547 5646; x_wconf 86' lang='grc' dir='ltr'>ται.</span> 
     </span>
     <span class='ocr_line' id='line_1_100' title="bbox 445 5663 766 5733; baseline -0.003 -16"><span class='ocrx_word' id='word_1_601' title='bbox 445 5663 526 5733; x_wconf 82' lang='grc'><strong>(2)</strong></span> <span class='ocrx_word' id='word_1_602' title='bbox 558 5663 766 5716; x_wconf 80' lang='grc' dir='ltr'>Ἔσται.</span> 
     </span>
    </p>
   </div>
   <div class='ocr_carea' id='block_1_100' title="bbox 1338 5596 2819 5735">
    <p class='ocr_par' dir='ltr' id='par_1_100' title="bbox 2119 5596 2819 5735">
     <span class='ocr_line' id='line_1_101' title="bbox 2119 5596 2811 5734; baseline 0.001 -88"><span class='ocrx_word' id='word_1_603' title='bbox 2119 5596 2193 5734; x_wconf 61' lang='grc' dir='ltr'>μ)</span> <span class='ocrx_word' id='word_1_604' title='bbox 2231 5596 2478 5664; x_wconf 72' lang='grc' dir='ltr'>Ψαλμός</span> <span class='ocrx_word' id='word_1_605' title='bbox 2506 5596 2677 5648; x_wconf 90' lang='lat' dir='ltr'><strong>deest.</strong></span> <span class='ocrx_word' id='word_1_606' title='bbox 2800 5596 2811 5598; x_wconf 80' lang='grc'><strong><em>“</em></strong></span> 
     </span>
     <span class='ocr_line' id='line_1_102' title="bbox 2141 5663 2819 5735; baseline 0.004 -19"><span class='ocrx_word' id='word_1_607' title='bbox 2141 5664 2193 5735; x_wconf 78' lang='lat'><strong>5)</strong></span> <span class='ocrx_word' id='word_1_608' title='bbox 2226 5666 2406 5733; x_wconf 80' lang='grc' dir='ltr'><strong>Ἔλθη</strong></span> <span class='ocrx_word' id='word_1_609' title='bbox 2438 5665 2588 5719; x_wconf 85' lang='lat' dir='ltr'><strong>deest</strong></span> <span class='ocrx_word' id='word_1_610' title='bbox 2616 5664 2669 5718; x_wconf 91' lang='lat' dir='ltr'><strong>in</strong></span> <span class='ocrx_word' id='word_1_611' title='bbox 2700 5663 2819 5719; x_wconf 88' lang='lat' dir='ltr'><strong>cod.</strong></span> 
     </span>
    </p>
   </div>
  </div>
