3776 6272
343 247 445 305 851
1193 258 1251 315 S.
1282 257 1656 316 ATHANASII
1687 260 1836 317 OPP.
1875 260 2058 319 PARS
2092 258 2180 319 ιίἱ.
2229 296 2291 309 —-
2324 264 2736 321 EXEGETICA.
3477 265 3621 325 853.

409 368 464 424 δ.
502 370 574 428 lJt
593 372 907 444 iustiﬁceris
938 376 993 431 in
1019 376 1367 433 sermonibus
1395 378 1525 445 tuis,

1930 387 1981 443 Α
2077 382 2131 439 8.
2161 383 2348 446 Ὅπως
2379 382 2445 436 ἂν
2470 382 2764 454 δικαιωθῇς
2791 385 2848 436 ἐν
2873 385 2984 446 τοῖς
3010 381 3189 451 λόγοις
3218 398 3314 434 σου

416 462 473 519 9.
502 460 571 519 Et
594 465 783 523 vincas
815 482 936 522 cum
964 466 1252 538 iudicaris.

2006 524 2009 529 .
2078 474 2132 530 9.
2164 475 2274 527 Kal
2304 475 2533 547 νικήσῃς
2560 477 2617 531 ἐν
2649 475 2727 546 τῷ
2755 474 3034 546 κρίνεσθαί
3064 490 3144 527 σε.

416 552 672 626 10.1Ecce
690 556 835 612 enim
866 557 923 612 in
943 558 1323 629 iniquitatibus
1350 571 1646 632 conceptus
1679 578 1834 621 sum:

1735 578 1834 621 Im:
2078 567 2165 621 10.
2215 568 2344 621 Ἰδοὺ
2373 567 2482 640 γὰρ
2502 570 2560 623 ἐν
2591 568 2841 639 ἀνομίαις
2868 566 3226 638 συνελήφθην·

412 643 498 698 11.
525 643 594 699 Et
617 645 673 699 in
698 647 937 716 peccatis
959 650 1206 719 concepit
1235 665 1324 709 me
1350 660 1527 707 mater
1555 668 1698 708 mea.

2082 660 2166 713 11.
2191 661 2301 713 Kal
2322 663 2378 713 ὲν
2398 660 2694 733 ἁμαρτίαις
2725 659 2981 731 ἐκίσσησέ
3023 675 3090 730 με
3114 660 3148 730 ἡ
3177 658 3359 730 μήτηρ
3387 675 3515 730 μου,

416 735 504 793 12.
538 735 676 793 Ecce
702 738 846 794 enim
868 740 1151 797 veritatem
1176 743 1448 801 dilexisti:

2083 751 2171 806 12.
2213 752 2342 805 Ἰδοὺ
2374 752 2481 824 γὰρ
2510 753 2767 823 ἀλήθειαν
2789 752 3100 822 ἠγάπησας·

416 827 504 882 13.
535 825 745 884 Incerta
773 839 830 886 et
854 833 1067 888 occulta
1092 836 1372 906 sapientia:
1413 847 1520 896 tuae
1549 840 1896 899 manifestasti

405 918 501 972 ibi.
812 948 817 954 ι

2101 845 2173 899 15.
2203 844 2285 897 Τὰ
2308 844 2478 917 ἄδηλα
2498 846 2592 917 καὶ
2610 844 2678 898 τὰ
2701 842 2907 913 κρύφια
2930 842 3030 913 τῆς
3052 840 3244 910 σοφίας
3266 857 3359 894 σου
3381 840 3592 913 ἐδήλωρ

345 933 501 973 nunt.
812 948 817 954 -
2012 936 2110 1000 σάς
2145 953 2256 1007 μοι,
3536 956 3545 963 .

323 1070 329 1075 ,
413 1010 500 1067 14.
531 1011 797 1086 Asperges
826 1030 913 1071 me
945 1016 1181 1088 byssopo
1204 1027 1261 1074 et
1291 1021 1626 1078 mundabor:

2082 1030 2169 1084 H.
2214 1030 2478 1092 Ῥαντιείς
2510 1046 2576 1099 με
2598 1028 2855 1099 ὑσσώπῳ,
2896 1026 2991 1079 καὶ
3018 1024 3514 1097 καθαρισθήσομαι’

413 1101 500 1157 15.
534 1101 766 1160 Lavabis
792 1122 900 1173 me,
932 1117 987 1163 et
1013 1124 1177 1180 super
1205 1112 1384 1167 nivem
1414 1113 1729 1173 dealbabor.

2083 1119 2171 1173 15.
2204 1119 2429 1184 Πλυνείς
2461 1138 2549 1191 με,
2589 1120 2682 1174 καὶ
2716 1119 2857 1190 ὑπὲρ
2884 1117 3037 1188 χιόνα
3055 1113 3516 1183 λευκανθήσομαι.

414 1192 500 1251 16.
530 1195 750 1252 Auditui
786 1213 908 1254 meo
936 1201 1092 1257 dabis
1116 1203 1375 1272 gaudium
1403 1212 1459 1261 et
1485 1206 1727 1262 laetitiam
1756 1224 1767 1266 ῖ

2082 1213 2171 1273 16.
2216 1214 2509 1276 Ἀκουτιεῖς
2540 1230 2630 1283 μοι
2662 1209 2981 1279 ἀγαλλίασιν
3013 1207 3107 1262 καὶ
3130 1205 3486 1278 εὐφροσύνην

417 1283 504 1341 17.
533 1284 893 1345 Exsultabunt
932 1306 1058 1348 ossa
1088 1294 1392 1350 bumiliata.

2080 1305 2168 1361 17.
2216 1303 2650 1373 Ἀγαλλιάσονται
2679 1300 2839 1355 ὀστέα
2861 1296 3319 1369 τεταπεινωμένα.

416 1375 500 1434 18.
533 1379 728 1436 Averte
753 1380 947 1438 faciem
980 1394 1127 1441 tuam
1159 1402 1190 1441 a
1224 1388 1465 1457 peccatis
1496 1390 1632 1445 meis
1652 1409 1673 1451 ε,

2102 1398 2168 1454 .8.
2204 1396 2572 1467 Ἀπόστρεψον
2592 1395 2656 1447 τὸ
2687 1392 2974 1465 πρόσωπόν
3003 1407 3097 1444 σου
3124 1388 3234 1443 ἀπὸ
3268 1388 3378 1440 τῶν
3409 1387 3593 1457 amp.

413 1467 502 1525 19.
537 1469 605 1526 Ει
627 1488 819 1530 omnes
850 1476 1171 1547 iniquitates
1201 1494 1351 1536 meas
1379 1481 1516 1537 dele.

795 1490 819 1530 s
850 1476 1171 1547 iniquitates
1201 1494 1351 1536 meas
1379 1481 1516 1537 dele.
2008 1491 2141 1545 τιῶν
2166 1503 2286 1562 μου⁶

2084 1583 2167 1639 19.
2195 1582 2308 1636 Kal
2341 1581 2518 1644 πάσας
2546 1578 2644 1642 τὰς
2665 1575 2891 1648 ἀνομίας
2917 1591 3019 1646 μου
3050 1571 3349 1642 ἑξάλειψον.

413 1642 502 1745 20.
531 1645 639 1745 (io:
661 1651 920 1707 mundum
944 1669 1069 1710 crea
1095 1655 1148 1710 in
1175 1671 1282 1723 me,
1312 1656 1491 1717 Deus;

1942 1738 1980 1745 _
2080 1676 2172 1730 20.
2198 1674 2441 1745 Καρδίαν
2471 1642 2717 1742 καθαρὰν
2745 1642 2930 1723 κτίσον
2951 1668 3010 1720 ὲν
3034 1664 3177 1737 ἐμοὶ,
3205 1666 3234 1718 ὁ
3261 1663 3391 1726 Θεός

420 1734 511 1791 21.
547 1734 615 1793 Ει
674 1740 928 1813 spiritum
986 1753 1193 1801 rectum
1245 1747 1445 1803 innova
1498 1748 1556 1803 in
1613 1748 1911 1805 visceribus

2107 1769 2172 1821 11.
2204 1734 2314 1819 Kal
2373 1762 2588 1833 πνεῦμα
2618 1734 2788 1824 ἐὐϐὲς
2830 1734 3135 1827 ὲγκαίνισον
3174 1757 3233 1809 ὲν
3279 1756 3393 1817 τοῖς
3422 1751 3598 1821 £726:-

347 1841 508 1884 11818.

2013 1876 2127 1921 ¹τοις
2155 1874 2276 1929 μου.

414 1940 505 1999 22.
535 1939 613 1997 Ne
645 1942 902 2011 projicias
934 1960 1022 1999 me
1055 1960 1085 2000 a
1114 1943 1253 2001 facie
1275 1955 1408 2003 tua:

2077 1949 2168 2007 22.
2203 1949 2294 2019 Μὴ
2317 1945 2627 2019 exaggam;
2661 1960 2729 2015 με
2754 1942 2862 1996 ἀπὸ
2888 1939 2982 1995 τοῦ
3022 1938 3312 2011 προσώπου
3335 1950 3452 1988 crou-

414 2028 506 2088 25.
531 2030 599 2086 Ει
631 2032 893 2102 Spiritum
918 2044 1173 2091 sanctum
1205 2045 1359 2092 tuum
1387 2054 1457 2114 ne
1486 2041 1707 2097 auferas
1743 2057 1777 2098 a
1807 2058 1905 2098 me.

2099 2041 2177 2096 25.
2208 2040 2321 2094 Kal
2343 2038 2405 2092 τὸ
2439 2035 2666 2107 Πνεῦμα
2706 2051 2797 2089 σου
2848 2034 2910 2087 τὸ
2964 2032 3120 2101 ἅγιον
3160 2031 3235 2102 μὴ
3293 2024 3590 2095 ἁντανὲλῃς

412 2217 503 2273 24.
534 2217 717 2274 Redde
737 2217 870 2273 mihi
896 2218 1135 2275 laatitiam
1161 2222 1416 2281 salutaris
1447 2226 1557 2281 tui:

2475 2236 2564 2291 μοι
2596 2219 2695 2286 τὴν
2717 2215 3035 2285 ἁγαλλίασιν
3060 2212 3154 2267 τοῦ
3183 2209 3447 2280 σωτηρίου
3472 2220 3588 2260 σου·

415 2312 507 2370 25.
537 2310 606 2370 Et
635 2311 841 2382 Spiritu
864 2313 1151 2387 principali
1180 2316 1442 2377 conﬁrma
1467 2333 1573 2375 me.

2090 2314 2180 2373 25.
2213 2314 2326 2368 Kal
2356 2311 2633 2382 llveripact
2656 2305 2962 2379 ἡγεμονικῷ
2995 2302 3244 2375 στήριξόν
3271 2317 3357 2373 με.

1462 2493 1842 2551 ATHANASII
1874 2490 2464 2550 INTERPRETATIO.

417 2652 470 2715 8,
500 2652 551 2706 9.
589 2651 858 2718 Quoniam
900 2651 1201 2722 pradixisti
1240 2651 1421 2715 nobis,
1444 2651 1590 2721 quod
1634 2657 1908 2720 peccatum

2105 2647 2145 2711 Β,
2170 2645 2224 2700 9.
2256 2644 2334 2717 (1)
2363 2643 2490 2697 Ὅτι
2517 2642 2775 2713 προεῖπες
2806 2639 2956 2709 ἡμῖν,
2999 2638 3081 2690 ὅτι
3132 2635 3166 2705 ἡ
3223 2629 3467 2703 ἁμαρτία
3498 2630 3596 2686 θά-

348 2759 498 2800 rnors
523 2754 625 2810 est,
661 2752 717 2800 et
761 2721 1149 2801 inexcusabilis
1194 2752 1282 2800 est
1305 2742 1485 2798 omnis
1528 2742 1690 2797 homo
1732 2757 1839 2797 cor:

2102 2738 2174 2801 τός
2205 2739 2343 2801 ἐστι,
2386 2734 2484 2788 καὶ
2546 2727 2945 2799 ἁναπολόγητός
2994 2728 3110 2779 ἐστι
3151 2724 3261 2787 πᾶς
3310 2721 3593 2792 ἄνθρωπος

349 2846 421 2896 ιε.

2018 2829 2247 2887 ἐνώπιόν
2285 2844 2399 2882 σου.

423 2927 510 2982 10.
539 2927 677 2983 Ecce
705 2926 852 2983 enim
878 2925 934 2981 in
956 2926 1355 2997 iniquitatibus,
1383 2940 1521 2996 quas
1549 2924 1674 2993 ieci,
1698 2923 1914 2980 conclu«

2106 2921 2177 2977 [0.
2208 2920 2338 2975 Ἰδοὺ
2364 2919 2471 2990 γὰρ
2498 2919 2555 2971 ὲν
2570 2913 2840 2987 ἀνομίαις,
2863 2912 2927 2975 ἃς
2944 2906 3151 2982 ἔπραξα
3173 2904 3597 2976 συγκεκλεισμέ-

350 3038 445 3075 SIIS
475 3037 618 3075 εικη.

1560 3106 1573 3116 ²
1769 3105 1784 3116 “
1943 3056 1987 3116 C
2018 3032 2109 3080 νος
2141 3013 2276 3086 εἰμί.

415 3112 502 3164 11.
533 3108 751 3164 Etcum
778 3122 954 3164 essem
996 3107 1052 3163 in
1092 3107 1330 3177 peccatis
1362 3106 1602 3178 suscepit
1641 3120 1727 3160 me
1769 3105 1906 3160 lava-

2103 3107 2179 3162 11.
2215 3106 2325 3160 Καὶ
2366 3106 2423 3159 ὲν
2446 3098 2884 3172 ταίςξάμαρτίαις
2925 3097 3057 3151 ὄντα
3113 3110 3181 3166 με
3232 3088 3488 3145 συνέλαϐε
3522 3103 3594 3160 με

355 3217 527 3256 crum.

2019 3202 2054 3272 ἡ
2074 3197 2447 3270 κολυμϐήθρα.

430 3292 512 3347 12.
539 3290 681 3347 Ecce
708 3290 854 3345 enim
884 3305 970 3344 me
997 3289 1213 3345 Satanae
1235 3289 1633 3346 renuntiantem
1665 3290 1884 3347 amasti.

2103 3287 2179 3343 12.
2221 3286 2352 3341 Ἰδοὺ
2384 3283 2496 3358 γὰρ
2526 3279 2937 3352 ἀποταξάμενόν
2989 3293 3059 3350 με
3093 3274 3172 3346 τῷ
3220 3272 3432 3352 Σατανᾷ
3456 3270 3594 3341 ὴγά-

2022 3396 2226 3450 πησας.

428 3474 514 3530 15.
543 3474 605 3530 Et
633 3471 939 3544 symbolum
970 3470 1096 3528 [dei
1122 3480 1227 3529 tua:
1256 3484 1344 3526 me
1372 3468 1628 3525 docuisti.

2104 3469 2181 3524 l5.
2212 3468 2324 3522 Kal
2346 3467 2408 3521 τὸ
2442 3464 2706 3537 σύμϐολον
2735 3463 2808 3533 (2)
2863 3461 2963 3534 τῆς
2994 3455 3228 3520 πίστεώς
3277 3471 3371 3509 σου
3420 3451 3595 3507 ἐδίδα-

2024 3561 2120 3628 ξάς
2145 3577 2236 3630 μευ

432 3651 515 3705 H.
547 3653 813 3720 Aspcrges
839 3665 928 3705 me
948 3664 1047 3720 per
1070 3647 1338 3722 Spiritum
1380 3653 1629 3705 sanctum
1661 3643 1923 3714 sanguine

2105 3653 2183 3707 l4.
2227 3654 2490 3715 Ῥαντιεϊς
2514 3667 2581 3722 με
2604 3647 2681 3720 τῷ
2703 3647 2840 3718 ἁγίῳ
2852 3646 2995 3701 Πνεὺ
3004 3660 3130 3717 μασι-ι
3153 3641 3217 3696 τὸ
3241 3634 3379 3713 αἷμα
3412 3640 3487 3710 (3)
3503 3636 3596 3692 τοῦ

360 3744 477 3798 Filii
507 3743 606 3803 tui.
631 3753 682 3796 et
707 3741 1067 3798 emundabor.

2024 3743 2155 3799 Υἱοῦ
2191 3762 2307 3810 σου,
2342 3743 2435 3797 καὶ
2467 3739 2960 3812 καθαρισθήσομαι.

436 3839 519 3892 15.
558 3835 624 3890 Ει
651 3851 791 3905 aqua
823 3834 1008 3891 lateris
1037 3834 1116 3890 tui
1146 3834 1410 3891 mundum
1442 3846 1532 3887 me
1556 3838 1613 3886 et
1661 3829 1927 3885 immacu-

2110 3836 2182 3892 15.
2206 3837 2319 3891 Kal
2337 3835 2414 3907 τῷ
2437 3834 2590 3889 ὕδατι
2612 3832 2689 3904 τῷ
2724 3833 2789 3885 ὲκ
2814 3830 2913 3900 τῆς
2939 3828 3179 3899 πλευρᾶς
3227 3840 3320 3876 σου
3371 3822 3601 3877 ἄσπιλον

358 3928 530 3982 latum
556 3925 768 3979 reddes.

2025 3927 2120 3982 καὶ
2152 3929 2381 3999 ἄμωμον
2412 3924 2706 3988 ἀναδείξεις
2736 3940 2823 3993 με.

434 4018 519 4071 l6.
555 4015 619 4071 Et
642 4020 858 4069 demum
886 4011 1109 4067 docebis
1132 4026 1219 4067 me
1240 4022 1504 4081 praecepta
1528 4016 1647 4068 tua.

2100 4016 2187 4071 16.
2222 4016 2332 4070 Kal
2355 4014 2539 4069 λοιπὸν
2564 4011 2795 4076 διδάξεις
2821 4028 2886 4082 με
2915 4008 3013 4073 τὰς
3031 4005 3248 4071 ἐντολάς
3270 4020 3388 4060 σου.

438 4108 525 4164 17.
556 4106 860 4163 Exsultabit
879 4102 1142 4158 fortitudo
1161 4102 1358 4158 anima:
1377 4097 1530 4168 meae,
1556 4102 1627 4158 ob
1649 4114 1929 4173 peccatum

2118 4108 2187 4162 l7.
2235 4103 2643 4173 Ἀγαλλιάσεται
2703 4105 2736 4173 ἡ
2802 4102 2953 4171 ἰσχὺς
2996 4101 3096 4169 τῆς
3124 4098 3305 4170 ψυχῆς
3331 4112 3456 4168 μου,
3478 4095 3515 4166 ἡ
3542 4092 3609 4149 th

363 4214 521 4261 antea
552 4202 784 4256 infirma.

2031 4202 2292 4275 πρότερον
2311 4198 2415 4252 ὑπὸ
2434 4197 2535 4268 τῆς
2560 4196 2827 4268 ἁμαρτίας
2854 4191 3171 4248 ἀσθενοῦσα.

438 4294 524 4348 18.
558 4291 822 4361 Deprecor
853 4305 925 4361 te,
953 4308 1020 4348 ne
1049 4292 1282 4363 amplius
1306 4306 1494 4348 eorum
1519 4292 1821 4349 recorderis

1786 4309 1821 4349 .s
2102 4293 2188 4348 18.
2220 4289 2419 4361 Δέομαί
2443 4305 2554 4343 σου·
2594 4287 2668 4359 μὴ
2700 4285 2941 4357 μνησθῇς
2961 4283 3141 4338 αὐτῶν
3178 4283 3277 4338 ἔτι.

437 4387 523 4441 19.
559 4385 662 4441 Eas
687 4401 879 4441 omnes
904 4386 1043 4441 dele.
1834 4376 1837 4377 ⁷

1834 4376 1837 4377 ν
1961 4398 2009 4455 Ῑ)
2052 4430 2059 4441 .
2106 4383 2193 4438 19.
2221 4381 2388 4444 Ὂλας
2418 4378 2586 4443 αὐτὰς
2607 4378 2865 4446 ἀφάνισον
2895 4375 2991 4445 (4).

432 4477 519 4531 20.
545 4477 653 4531 Cor
681 4493 861 4533 meum
887 4477 942 4533 in
970 4477 1293 4549 baptismate
1318 4495 1512 4551 purum
1545 4480 1713 4536 elllce.

2119 4474 2187 4528 10.
2237 4470 2434 4543 Ἀγνὴν
2487 4469 2712 4542 ποίησον
2756 4469 2815 4521 ὲν
2871 4465 2953 4538 (5)
2972 4465 3051 4537 τῷ
3116 4464 3453 4536 βαπτίσματι
3507 4462 3610 4536 τὴν

2031 4564 2254 4636 καρδίαν
2293 4579 2415 4634 μου.

438 4656 526 4710 21.
554 4656 618 4709 Et
635 4656 718 4713 l‘ac
735 4668 793 4712 ut
808 4656 1043 4728 Spiritus
1063 4670 1287 4718 sanctus
1304 4670 1429 4717 tuus
1452 4663 1653 4717 habitet
1673 4663 1727 4717 in
1749 4662 1929 4717 anima

2127 4654 2196 4708 11.
2222 4654 2334 4707 Καὶ
2361 4653 2424 4706 τὸ
2453 4651 2679 4722 ΙΙνεῦμά
2705 4667 2798 4704 σου
2826 4648 2887 4702 τὸ
2928 4648 3083 4716 ἅγιον
3133 4647 3357 4700 ἐνοικεῖν
3384 4644 3618 4717 ποίησον

368 4767 489 4807 mea
518 4761 570 4804 et
595 4751 645 4804 in
676 4760 854 4806 mente
883 4766 1022 4807 mea.

2039 4747 2096 4799 ὲν
2125 4746 2187 4816 τῇ
2217 4743 2364 4815 ψυχῇ
2389 4760 2487 4814 μου
2515 4742 2609 4795 καὶ
2630 4743 2686 4794 ὲν
2711 4742 2776 4811 τῇ
2806 4738 3013 4809 διανοίᾳ
3038 4754 3159 4805 μου.

441 4841 527 4896 22.
561 4840 638 4896 Ne
666 4842 946 4913 indignum
983 4858 1070 4899 me
1100 4853 1317 4915 reputes
1343 4848 1516 4916 gratia
1538 4853 1651 4901 tua.

2111 4836 2198 4893 22.
2228 4836 2319 4906 Μὴ
2356 4834 2570 4898 ἀνάξιόν
2598 4850 2662 4905 με
2684 4833 2863 4904 ἡγήσῃ
2885 4830 2986 4900 τῆς
3015 4828 3233 4902 χάριτός
3256 4844 3367 4882 σου.

438 4932 527 4987 25.
563 4933 795 4987 Arrltam
823 4930 1153 5002 adoptionis.

2111 4928 2201 4982 25.
2231 4927 2334 4981 Τὸν
2364 4926 2658 4997 ἀρραϐῶνα
2685 4924 2783 4995 τῆς
2812 4922 3101 4985 υἱοθεσίας.

439 5024 529 5079 24.
559 5023 833 5095 Consigna
862 5039 949 5079 me
983 5023 1140 5094 signo
1169 5021 1405 5093 Spiritus
1438 5025 1538 5076 tui.

2123 5015 2200 5075 l4.
2228 5014 2532 5086 Σφράγισόν
2567 5031 2633 5085 με
2662 5016 2728 5084 τῇ
2751 5011 3002 5083 σφραγῖδι
3030 5010 3124 5064 τοῦ
3152 5007 3467 5080 Πνεῦματὸς
3496 5024 3614 5063 σου.

438 5113 529 5168 25.
558 5113 623 5167 Et
648 5122 839 5170 sancto
869 5113 1080 5185 Spiritu
1107 5114 1180 5170 ob
1209 5114 1546 5169 divinitatem
1578 5114 1929 5185 omnipotenti

2126 5109 2201 5163 25.
2225 5108 2334 5162 Kal
2348 5106 2426 5178 τῷ
2446 5107 2585 5177 ἁγίῳ
2624 5104 2896 5175 Πνεύματι
2929 5103 3009 5158 τῶ
3060 5105 3126 5159 τῆ
3189 5101 3405 5172 θεότητι
3457 5099 3617 5153 αὐτο-

369 5203 615 5263 eonl'orta
639 5221 743 5263 me.

2042 5200 2350 5277 κρατορικῷ
2377 5201 2452 5271 (6)
2481 5199 2793 5253 δυνάιιωσόν
2828 5214 2913 5268 με.

1317 5361 1628 5425 Addenda
1668 5367 1729 5423 et
1758 5360 2137 5441 corrigenda
2179 5375 2260 5421 ex
2313 5356 2456 5418 cod.
2513 5354 2713 5415 Vatic.

445 5525 523 5595 (1)
552 5542 611 5597 ῃ.
639 5524 695 5597 8Ζ
733 5526 877 5597 Ὅτι,
911 5534 1041 5592 etc.,
1067 5544 1120 5582 κ.
1149 5526 1199 5583 9.
1227 5525 1336 5581 Kal
1363 5523 1784 5597 ἁναπολόγητὸς,
1811 5535 1914 5583 etc.

1249 5525 1336 5581 {al
1363 5523 1784 5597 ἁναπολόγητὸς,
1811 5535 1914 5583 etc.
2115 5522 2188 5597 (1)
2226 5522 2474 5597 ξΑφανείς
2500 5518 2740 5590 ποίησον.

446 5593 525 5675 (ξ’)
547 5593 869 5675 ξύμϐουλον.
949 5665 975 5675 _
1612 5593 1619 5595 “
1656 5593 1668 5597 ’

1612 5593 1619 5595 “
1656 5593 1668 5597 “
2226 5593 2529 5675 ’Fr'dresl.

453 5662 525 5738 (ὅ)
556 5662 644 5739 Τῷ
669 5666 861 5738 αἵματι
882 5665 1000 5738 τοῦ,
1028 5676 1131 5722 etc.
2115 5662 2190 5735 (6)
2234 5662 2394 5733 Ἀγίῳ
2425 5680 2580 5717 σου...
2617 5662 3105 5732 αὐτοκρατορικῶς.
