  <div class='ocr_page' id='page_1' title='image "/cluster/home/n/w/nwhite01/storage/ocr_20150623/27/hvd.32044014174452/457.png"; bbox 0 0 3750 6378; ppageno 0'>
   <div class='ocr_carea' id='block_1_1' title="bbox 364 352 3616 415">
    <p class='ocr_par' dir='ltr' id='par_1_1' title="bbox 364 352 3616 415">
     <span class='ocr_line' id='line_1_1' title="bbox 364 352 3616 415; baseline 0.001 -6"><span class='ocrx_word' id='word_1_1' title='bbox 364 352 468 409; x_wconf 68' lang='grc'><strong>855</strong></span> <span class='ocrx_word' id='word_1_2' title='bbox 1210 358 1269 414; x_wconf 93' lang='lat' dir='ltr'><strong>S.</strong></span> <span class='ocrx_word' id='word_1_3' title='bbox 1309 358 1677 414; x_wconf 77' lang='lat' dir='ltr'><strong>ATHANASII</strong></span> <span class='ocrx_word' id='word_1_4' title='bbox 1718 359 1868 414; x_wconf 85' lang='lat' dir='ltr'>OPP.</span> <span class='ocrx_word' id='word_1_5' title='bbox 1911 358 2089 413; x_wconf 74' lang='lat' dir='ltr'><strong>PARS</strong></span> <span class='ocrx_word' id='word_1_6' title='bbox 2128 357 2216 412; x_wconf 81' lang='lat' dir='ltr'><strong>lli.</strong></span> <span class='ocrx_word' id='word_1_7' title='bbox 2255 387 2327 398; x_wconf 95' lang='lat'><strong>—</strong></span> <span class='ocrx_word' id='word_1_8' title='bbox 2363 355 2773 412; x_wconf 79' lang='lat' dir='ltr'><strong>EXEGETICA.</strong></span> <span class='ocrx_word' id='word_1_9' title='bbox 3517 355 3616 415; x_wconf 74' lang='lat'><strong>836</strong></span> 
     </span>
    </p>
   </div>
   <div class='ocr_carea' id='block_1_2' title="bbox 366 470 1847 543">
    <p class='ocr_par' dir='ltr' id='par_1_2' title="bbox 366 470 1847 543">
     <span class='ocr_line' id='line_1_2' title="bbox 366 470 1847 543; baseline 0.004 -18"><span class='ocrx_word' id='word_1_10' title='bbox 366 470 434 525; x_wconf 87' lang='lat' dir='ltr'><strong>In</strong></span> <span class='ocrx_word' id='word_1_11' title='bbox 460 474 639 543; x_wconf 74' lang='lat' dir='ltr'><strong>linem,</strong></span> <span class='ocrx_word' id='word_1_12' title='bbox 673 477 960 530; x_wconf 75' lang='lat' dir='ltr'><strong>intellectas</strong></span> <span class='ocrx_word' id='word_1_13' title='bbox 992 475 1180 538; x_wconf 84' lang='lat' dir='ltr'><strong>David,</strong></span> <span class='ocrx_word' id='word_1_14' title='bbox 1205 494 1321 530; x_wconf 88' lang='lat' dir='ltr'><strong>cum</strong></span> <span class='ocrx_word' id='word_1_15' title='bbox 1345 479 1480 531; x_wconf 88' lang='lat' dir='ltr'><strong>venit</strong></span> <span class='ocrx_word' id='word_1_16' title='bbox 1503 479 1636 531; x_wconf 91' lang='lat' dir='ltr'><strong>Doec</strong></span> <span class='ocrx_word' id='word_1_17' title='bbox 1667 476 1847 531; x_wconf 70' lang='lat' dir='ltr'><strong>Idume</strong></span> 
     </span>
    </p>
   </div>
   <div class='ocr_carea' id='block_1_3' title="bbox 2132 470 3613 543">
    <p class='ocr_par' dir='ltr' id='par_1_3' title="bbox 2132 474 3613 542">
     <span class='ocr_line' id='line_1_3' title="bbox 2132 474 3613 542; baseline -0.001 -13"><span class='ocrx_word' id='word_1_18' title='bbox 2132 475 2239 540; x_wconf 73' lang='lat' dir='ltr'><strong>:td</strong></span> <span class='ocrx_word' id='word_1_19' title='bbox 2275 477 2465 542; x_wconf 84' lang='grc' dir='ltr'><strong>τέλος,</strong></span> <span class='ocrx_word' id='word_1_20' title='bbox 2513 477 2823 539; x_wconf 76' lang='grc' dir='ltr'>συνέσεως</span> <span class='ocrx_word' id='word_1_21' title='bbox 2849 490 2928 538; x_wconf 84' lang='grc' dir='ltr'>τῳ</span> <span class='ocrx_word' id='word_1_22' title='bbox 2959 475 3155 539; x_wconf 76' lang='grc' dir='ltr'>Δαϐὶδ,</span> <span class='ocrx_word' id='word_1_23' title='bbox 3188 475 3258 528; x_wconf 84' lang='grc' dir='ltr'><strong>ἐν</strong></span> <span class='ocrx_word' id='word_1_24' title='bbox 3291 474 3370 540; x_wconf 85' lang='grc' dir='ltr'>τῷ</span> <span class='ocrx_word' id='word_1_25' title='bbox 3418 476 3613 531; x_wconf 75' lang='grc' dir='ltr'><strong>ἐλθεῖν</strong></span> 
     </span>
    </p>
   </div>
   <div class='ocr_carea' id='block_1_4' title="bbox 437 564 1918 635">
    <p class='ocr_par' dir='ltr' id='par_1_4' title="bbox 437 565 1918 629">
     <span class='ocr_line' id='line_1_4' title="bbox 437 565 1918 629; baseline -0.001 -10"><span class='ocrx_word' id='word_1_26' title='bbox 437 574 485 619; x_wconf 81' lang='lat' dir='ltr'><strong>et</strong></span> <span class='ocrx_word' id='word_1_27' title='bbox 517 566 847 619; x_wconf 84' lang='lat' dir='ltr'><strong>annuntiavit</strong></span> <span class='ocrx_word' id='word_1_28' title='bbox 888 565 1062 629; x_wconf 83' lang='lat' dir='ltr'><strong>Sauli,</strong></span> <span class='ocrx_word' id='word_1_29' title='bbox 1105 575 1154 618; x_wconf 88' lang='lat' dir='ltr'><strong>et</strong></span> <span class='ocrx_word' id='word_1_30' title='bbox 1181 567 1318 620; x_wconf 78' lang='lat' dir='ltr'><strong>dixit</strong></span> <span class='ocrx_word' id='word_1_31' title='bbox 1344 568 1437 620; x_wconf 86' lang='lat' dir='ltr'><strong>ei:</strong></span> <span class='ocrx_word' id='word_1_32' title='bbox 1481 565 1625 620; x_wconf 82' lang='lat' dir='ltr'><strong>Venit</strong></span> <span class='ocrx_word' id='word_1_33' title='bbox 1667 565 1838 620; x_wconf 85' lang='lat' dir='ltr'><strong>David</strong></span> <span class='ocrx_word' id='word_1_34' title='bbox 1887 568 1918 619; x_wconf 80' lang='lat' dir='ltr'><strong>it</strong></span> 
     </span>
    </p>
   </div>
   <div class='ocr_carea' id='block_1_5' title="bbox 2128 564 3609 635">
    <p class='ocr_par' dir='ltr' id='par_1_5' title="bbox 2128 564 3609 635">
     <span class='ocr_line' id='line_1_5' title="bbox 2128 564 3609 635; baseline 0.001 -15"><span class='ocrx_word' id='word_1_35' title='bbox 2128 567 2279 635; x_wconf 66' lang='grc' dir='ltr'><strong>Δωὴκ</strong></span> <span class='ocrx_word' id='word_1_36' title='bbox 2296 566 2401 619; x_wconf 75' lang='grc' dir='ltr'><strong>τὸν</strong></span> <span class='ocrx_word' id='word_1_37' title='bbox 2429 565 2774 635; x_wconf 79' lang='grc' dir='ltr'>Ἰδουμαῖον,</span> <span class='ocrx_word' id='word_1_38' title='bbox 2800 566 2897 620; x_wconf 78' lang='grc' dir='ltr'>καὶ</span> <span class='ocrx_word' id='word_1_39' title='bbox 2917 564 3259 635; x_wconf 71' lang='grc' dir='ltr'>ἀναγγεῖλαι</span> <span class='ocrx_word' id='word_1_40' title='bbox 3282 566 3364 630; x_wconf 81' lang='grc' dir='ltr'>τῷ</span> <span class='ocrx_word' id='word_1_41' title='bbox 3393 567 3609 633; x_wconf 72' lang='grc' dir='ltr'>Σαοὺλ,</span> 
     </span>
    </p>
   </div>
   <div class='ocr_carea' id='block_1_6' title="bbox 435 653 1916 723">
    <p class='ocr_par' dir='ltr' id='par_1_6' title="bbox 435 655 1323 712">
     <span class='ocr_line' id='line_1_6' title="bbox 435 655 1323 712; baseline 0.001 -2"><span class='ocrx_word' id='word_1_42' title='bbox 435 656 649 711; x_wconf 83' lang='lat' dir='ltr'><strong>domum</strong></span> <span class='ocrx_word' id='word_1_43' title='bbox 671 657 986 711; x_wconf 70' lang='lat' dir='ltr'><strong>Abimelech.</strong></span> <span class='ocrx_word' id='word_1_44' title='bbox 1026 655 1222 712; x_wconf 80' lang='lat' dir='ltr'><strong>PSAL.</strong></span> <span class='ocrx_word' id='word_1_45' title='bbox 1246 658 1323 711; x_wconf 84' lang='lat' dir='ltr'><strong>LI</strong></span> 
     </span>
    </p>
   </div>
   <div class='ocr_carea' id='block_1_7' title="bbox 2130 653 3611 723">
    <p class='ocr_par' dir='ltr' id='par_1_7' title="bbox 2130 653 3611 723">
     <span class='ocr_line' id='line_1_7' title="bbox 2130 653 3611 723; baseline 0.001 -12"><span class='ocrx_word' id='word_1_46' title='bbox 2130 658 2213 711; x_wconf 68' lang='grc' dir='ltr'><strong>καὶ</strong></span> <span class='ocrx_word' id='word_1_47' title='bbox 2231 658 2420 710; x_wconf 80' lang='grc' dir='ltr'><strong>εἰπεῖν</strong></span> <span class='ocrx_word' id='word_1_48' title='bbox 2448 657 2640 723; x_wconf 80' lang='grc' dir='ltr'>αὐτῷ·</span> <span class='ocrx_word' id='word_1_49' title='bbox 2672 653 2858 712; x_wconf 81' lang='grc' dir='ltr'>Ἦλθε</span> <span class='ocrx_word' id='word_1_50' title='bbox 2904 656 3083 710; x_wconf 66' lang='grc' dir='ltr'>Διιϐἳδ</span> <span class='ocrx_word' id='word_1_51' title='bbox 3133 659 3221 722; x_wconf 82' lang='grc' dir='ltr'><strong>είς</strong></span> <span class='ocrx_word' id='word_1_52' title='bbox 3259 654 3429 711; x_wconf 80' lang='grc' dir='ltr'>οἷκον</span> <span class='ocrx_word' id='word_1_53' title='bbox 3466 658 3611 713; x_wconf 81' lang='grc' dir='ltr'>Ἀϐι-</span> 
     </span>
    </p>
   </div>
   <div class='ocr_carea' id='block_1_8' title="bbox 2109 750 2702 819">
    <p class='ocr_par' dir='ltr' id='par_1_8' title="bbox 2109 750 2702 819">
     <span class='ocr_line' id='line_1_8' title="bbox 2109 750 2702 819; baseline 0 -17"><span class='ocrx_word' id='word_1_54' title='bbox 2109 750 2317 819; x_wconf 73' lang='grc' dir='ltr'>μέλεχ.</span> <span class='ocrx_word' id='word_1_55' title='bbox 2365 751 2534 804; x_wconf 77' lang='grc' dir='ltr'><strong>ΨΑΛ.</strong></span> <span class='ocrx_word' id='word_1_56' title='bbox 2568 750 2702 802; x_wconf 83' lang='grc' dir='ltr'><strong>ΝΛ’.</strong></span> 
     </span>
    </p>
   </div>
   <div class='ocr_carea' id='block_1_9' title="bbox 439 830 1920 911">
    <p class='ocr_par' dir='ltr' id='par_1_9' title="bbox 439 830 1310 904">
     <span class='ocr_line' id='line_1_9' title="bbox 439 830 1310 904; baseline 0.006 -19"><span class='ocrx_word' id='word_1_57' title='bbox 439 830 490 889; x_wconf 75' lang='grc' dir='ltr'>Ι.</span> <span class='ocrx_word' id='word_1_58' title='bbox 521 830 663 898; x_wconf 84' lang='lat' dir='ltr'><strong>Quid</strong></span> <span class='ocrx_word' id='word_1_59' title='bbox 696 831 960 904; x_wconf 74' lang='lat' dir='ltr'><strong>gloriatur</strong></span> <span class='ocrx_word' id='word_1_60' title='bbox 991 832 1045 886; x_wconf 91' lang='lat' dir='ltr'><strong>in</strong></span> <span class='ocrx_word' id='word_1_61' title='bbox 1076 833 1310 890; x_wconf 80' lang='lat' dir='ltr'><strong>malitia.</strong></span> 
     </span>
    </p>
   </div>
   <div class='ocr_carea' id='block_1_10' title="bbox 1440 830 2921 911">
    <p class='ocr_par' dir='ltr' id='par_1_10' title="bbox 2113 838 2921 911">
     <span class='ocr_line' id='line_1_10' title="bbox 2113 838 2921 911; baseline -0.004 -17"><span class='ocrx_word' id='word_1_62' title='bbox 2113 842 2163 896; x_wconf 70' lang='grc' dir='ltr'><strong>ί.</strong></span> <span class='ocrx_word' id='word_1_63' title='bbox 2196 841 2273 907; x_wconf 84' lang='grc' dir='ltr'><strong>(α)</strong></span> <span class='ocrx_word' id='word_1_64' title='bbox 2305 841 2370 892; x_wconf 91' lang='grc' dir='ltr'><strong>Τί</strong></span> <span class='ocrx_word' id='word_1_65' title='bbox 2396 842 2640 911; x_wconf 76' lang='grc' dir='ltr'>ἑγκαυχᾷ</span> <span class='ocrx_word' id='word_1_66' title='bbox 2676 841 2733 892; x_wconf 83' lang='grc' dir='ltr'><strong>ἑν</strong></span> <span class='ocrx_word' id='word_1_67' title='bbox 2755 838 2921 911; x_wconf 78' lang='grc' dir='ltr'>κακίᾳ</span> 
     </span>
    </p>
   </div>
   <div class='ocr_carea' id='block_1_11' title="bbox 431 921 1912 1000">
    <p class='ocr_par' dir='ltr' id='par_1_11' title="bbox 431 921 1434 993">
     <span class='ocr_line' id='line_1_11' title="bbox 431 921 1434 993; baseline 0.003 -18"><span class='ocrx_word' id='word_1_68' title='bbox 431 921 487 975; x_wconf 74' lang='lat'><strong>2.</strong></span> <span class='ocrx_word' id='word_1_69' title='bbox 525 921 724 977; x_wconf 86' lang='lat' dir='ltr'><strong>Potens</strong></span> <span class='ocrx_word' id='word_1_70' title='bbox 758 923 812 976; x_wconf 92' lang='lat' dir='ltr'><strong>in</strong></span> <span class='ocrx_word' id='word_1_71' title='bbox 850 924 1137 993; x_wconf 88' lang='lat' dir='ltr'><strong>iniquitate</strong></span> <span class='ocrx_word' id='word_1_72' title='bbox 1163 933 1275 979; x_wconf 91' lang='lat' dir='ltr'><strong>tota</strong></span> <span class='ocrx_word' id='word_1_73' title='bbox 1309 925 1434 980; x_wconf 90' lang='lat' dir='ltr'><strong>die?</strong></span> 
     </span>
    </p>
   </div>
   <div class='ocr_carea' id='block_1_12' title="bbox 1855 921 3336 1000">
    <p class='ocr_par' dir='ltr' id='par_1_12' title="bbox 1983 929 3336 1000">
     <span class='ocr_line' id='line_1_12' title="bbox 1983 929 3336 1000; baseline -0.002 -16"><span class='ocrx_word' id='word_1_74' title='bbox 1983 935 1988 940; x_wconf 85' lang='grc'><em>’</em></span> <span class='ocrx_word' id='word_1_75' title='bbox 2113 931 2166 984; x_wconf 76' lang='lat'><strong>2.</strong></span> <span class='ocrx_word' id='word_1_76' title='bbox 2207 932 2263 981; x_wconf 81' lang='grc' dir='ltr'>Ὀ</span> <span class='ocrx_word' id='word_1_77' title='bbox 2305 930 2527 994; x_wconf 81' lang='grc' dir='ltr'>δυνατὸς</span> <span class='ocrx_word' id='word_1_78' title='bbox 2553 929 2782 1000; x_wconf 83' lang='grc' dir='ltr'><strong>ἀνομίαν</strong></span> <span class='ocrx_word' id='word_1_79' title='bbox 2811 929 2938 1000; x_wconf 81' lang='grc' dir='ltr'>ὅλην</span> <span class='ocrx_word' id='word_1_80' title='bbox 2964 931 3063 1000; x_wconf 85' lang='grc' dir='ltr'><strong>τὴν</strong></span> <span class='ocrx_word' id='word_1_81' title='bbox 3087 930 3298 1000; x_wconf 79' lang='grc' dir='ltr'><strong>ἡμέραν</strong></span> <span class='ocrx_word' id='word_1_82' title='bbox 3318 969 3336 994; x_wconf 82' lang='grc'><strong>,</strong></span> 
     </span>
    </p>
   </div>
   <div class='ocr_carea' id='block_1_13' title="bbox 433 1012 1914 1092">
    <p class='ocr_par' dir='ltr' id='par_1_13' title="bbox 433 1012 1496 1087">
     <span class='ocr_line' id='line_1_13' title="bbox 433 1012 1496 1087; baseline 0.003 -20"><span class='ocrx_word' id='word_1_83' title='bbox 433 1012 487 1066; x_wconf 78' lang='lat'><strong>3.</strong></span> <span class='ocrx_word' id='word_1_84' title='bbox 515 1012 840 1082; x_wconf 75' lang='lat' dir='ltr'><strong>iniustitiam</strong></span> <span class='ocrx_word' id='word_1_85' title='bbox 873 1017 1131 1086; x_wconf 76' lang='lat' dir='ltr'><strong>cogitavit</strong></span> <span class='ocrx_word' id='word_1_86' title='bbox 1155 1017 1338 1087; x_wconf 80' lang='lat' dir='ltr'><strong>lingua</strong></span> <span class='ocrx_word' id='word_1_87' title='bbox 1368 1027 1496 1071; x_wconf 89' lang='lat' dir='ltr'><strong>tua:</strong></span> 
     </span>
    </p>
   </div>
   <div class='ocr_carea' id='block_1_14' title="bbox 1726 1012 3207 1092">
    <p class='ocr_par' dir='ltr' id='par_1_14' title="bbox 2119 1020 3207 1092">
     <span class='ocr_line' id='line_1_14' title="bbox 2119 1020 3207 1092; baseline -0.003 -16"><span class='ocrx_word' id='word_1_88' title='bbox 2119 1022 2171 1076; x_wconf 79' lang='grc'><strong>5.</strong></span> <span class='ocrx_word' id='word_1_89' title='bbox 2220 1023 2460 1076; x_wconf 82' lang='grc' dir='ltr'>’Λδικίαν</span> <span class='ocrx_word' id='word_1_90' title='bbox 2494 1022 2774 1090; x_wconf 75' lang='grc' dir='ltr'><strong>ἐλογίσατο</strong></span> <span class='ocrx_word' id='word_1_91' title='bbox 2798 1023 2830 1092; x_wconf 81' lang='grc' dir='ltr'>ἡ</span> <span class='ocrx_word' id='word_1_92' title='bbox 2860 1020 3081 1090; x_wconf 87' lang='grc' dir='ltr'>γλῶσσά</span> <span class='ocrx_word' id='word_1_93' title='bbox 3109 1039 3207 1075; x_wconf 89' lang='grc' dir='ltr'>σου·</span> 
     </span>
    </p>
   </div>
   <div class='ocr_carea' id='block_1_15' title="bbox 435 1103 1916 1186">
    <p class='ocr_par' dir='ltr' id='par_1_15' title="bbox 435 1103 1585 1164">
     <span class='ocr_line' id='line_1_15' title="bbox 435 1103 1585 1164; baseline 0.005 -8"><span class='ocrx_word' id='word_1_94' title='bbox 435 1103 490 1156; x_wconf 74' lang='grc'><strong>4.</strong></span> <span class='ocrx_word' id='word_1_95' title='bbox 521 1103 671 1159; x_wconf 84' lang='lat' dir='ltr'><strong>Sicut</strong></span> <span class='ocrx_word' id='word_1_96' title='bbox 705 1107 966 1162; x_wconf 86' lang='lat' dir='ltr'><strong>novacula</strong></span> <span class='ocrx_word' id='word_1_97' title='bbox 994 1117 1150 1161; x_wconf 90' lang='lat' dir='ltr'><strong>acuta</strong></span> <span class='ocrx_word' id='word_1_98' title='bbox 1177 1109 1353 1163; x_wconf 80' lang='lat' dir='ltr'><strong>fecisti</strong></span> <span class='ocrx_word' id='word_1_99' title='bbox 1379 1109 1585 1164; x_wconf 88' lang='lat' dir='ltr'><strong>dolum.</strong></span> 
     </span>
    </p>
   </div>
   <div class='ocr_carea' id='block_1_16' title="bbox 1904 1103 3385 1186">
    <p class='ocr_par' dir='ltr' id='par_1_16' title="bbox 2111 1113 3385 1186">
     <span class='ocr_line' id='line_1_16' title="bbox 2111 1113 3385 1186; baseline -0.001 -18"><span class='ocrx_word' id='word_1_100' title='bbox 2111 1115 2166 1168; x_wconf 76' lang='grc'><strong>4.</strong></span> <span class='ocrx_word' id='word_1_101' title='bbox 2211 1113 2357 1167; x_wconf 72' lang='grc' dir='ltr'><strong>Ὠσεὶ</strong></span> <span class='ocrx_word' id='word_1_102' title='bbox 2392 1113 2550 1186; x_wconf 82' lang='grc' dir='ltr'>ξυρὸν</span> <span class='ocrx_word' id='word_1_103' title='bbox 2575 1113 2908 1184; x_wconf 70' lang='grc' dir='ltr'>ἠκονημένον</span> <span class='ocrx_word' id='word_1_104' title='bbox 2933 1114 3190 1184; x_wconf 81' lang='grc' dir='ltr'>ἑποίησας</span> <span class='ocrx_word' id='word_1_105' title='bbox 3219 1113 3385 1168; x_wconf 78' lang='grc' dir='ltr'>δόλον.</span> 
     </span>
    </p>
   </div>
   <div class='ocr_carea' id='block_1_17' title="bbox 437 1193 1918 1278">
    <p class='ocr_par' dir='ltr' id='par_1_17' title="bbox 437 1193 1726 1270">
     <span class='ocr_line' id='line_1_17' title="bbox 437 1193 1726 1270; baseline 0.007 -24"><span class='ocrx_word' id='word_1_106' title='bbox 437 1193 490 1247; x_wconf 83' lang='lat'><strong>5.</strong></span> <span class='ocrx_word' id='word_1_107' title='bbox 526 1193 771 1250; x_wconf 80' lang='lat' dir='ltr'><strong>Dilexisti</strong></span> <span class='ocrx_word' id='word_1_108' title='bbox 803 1199 1063 1253; x_wconf 86' lang='lat' dir='ltr'><strong>malitiam</strong></span> <span class='ocrx_word' id='word_1_109' title='bbox 1097 1215 1260 1270; x_wconf 88' lang='lat' dir='ltr'><strong>super</strong></span> <span class='ocrx_word' id='word_1_110' title='bbox 1285 1201 1674 1270; x_wconf 79' lang='lat' dir='ltr'><strong>benignitatem</strong></span> <span class='ocrx_word' id='word_1_111' title='bbox 1711 1217 1726 1254; x_wconf 88' lang='lat'><strong>:</strong></span> 
     </span>
    </p>
   </div>
   <div class='ocr_carea' id='block_1_18' title="bbox 1883 1193 3364 1278">
    <p class='ocr_par' dir='ltr' id='par_1_18' title="bbox 2116 1205 3364 1278">
     <span class='ocr_line' id='line_1_18' title="bbox 2116 1205 3364 1278; baseline 0 -19"><span class='ocrx_word' id='word_1_112' title='bbox 2116 1205 2168 1259; x_wconf 81' lang='lat'><strong>5.</strong></span> <span class='ocrx_word' id='word_1_113' title='bbox 2221 1207 2544 1276; x_wconf 84' lang='grc' dir='ltr'>Ἢγάπησας</span> <span class='ocrx_word' id='word_1_114' title='bbox 2583 1205 2780 1259; x_wconf 82' lang='grc' dir='ltr'>κακίαν</span> <span class='ocrx_word' id='word_1_115' title='bbox 2812 1206 2950 1278; x_wconf 82' lang='grc' dir='ltr'>ὑπὲρ</span> <span class='ocrx_word' id='word_1_116' title='bbox 2975 1206 3364 1278; x_wconf 75' lang='grc' dir='ltr'>ἀγαθωσύνηνο</span> 
     </span>
    </p>
   </div>
   <div class='ocr_carea' id='block_1_19' title="bbox 436 1286 1917 1369">
    <p class='ocr_par' dir='ltr' id='par_1_19' title="bbox 436 1286 1816 1363">
     <span class='ocr_line' id='line_1_19' title="bbox 436 1286 1816 1363; baseline 0.003 -23"><span class='ocrx_word' id='word_1_117' title='bbox 436 1286 489 1340; x_wconf 88' lang='grc'><strong>6.</strong></span> <span class='ocrx_word' id='word_1_118' title='bbox 522 1286 864 1358; x_wconf 89' lang='lat' dir='ltr'><strong>luiquitatem</strong></span> <span class='ocrx_word' id='word_1_119' title='bbox 891 1293 1084 1362; x_wconf 78' lang='lat' dir='ltr'><strong>magis,</strong></span> <span class='ocrx_word' id='word_1_120' title='bbox 1114 1309 1276 1362; x_wconf 90' lang='lat' dir='ltr'><strong>quam</strong></span> <span class='ocrx_word' id='word_1_121' title='bbox 1303 1294 1451 1363; x_wconf 89' lang='lat' dir='ltr'><strong>loqui</strong></span> <span class='ocrx_word' id='word_1_122' title='bbox 1480 1295 1816 1363; x_wconf 62' lang='lat' dir='ltr'><strong>aequitatem.</strong></span> 
     </span>
    </p>
   </div>
   <div class='ocr_carea' id='block_1_20' title="bbox 1877 1286 3358 1369">
    <p class='ocr_par' dir='ltr' id='par_1_20' title="bbox 2121 1292 3358 1369">
     <span class='ocr_line' id='line_1_20' title="bbox 2121 1292 3358 1369; baseline 0.005 -24"><span class='ocrx_word' id='word_1_123' title='bbox 2121 1292 2170 1345; x_wconf 85' lang='lat'><strong>6.</strong></span> <span class='ocrx_word' id='word_1_124' title='bbox 2218 1294 2456 1348; x_wconf 82' lang='grc' dir='ltr'>Ἀδικίαν</span> <span class='ocrx_word' id='word_1_125' title='bbox 2492 1295 2631 1365; x_wconf 80' lang='grc' dir='ltr'>ὑπὲρ</span> <span class='ocrx_word' id='word_1_126' title='bbox 2655 1294 2716 1346; x_wconf 80' lang='grc' dir='ltr'>τὸ</span> <span class='ocrx_word' id='word_1_127' title='bbox 2739 1294 2962 1366; x_wconf 75' lang='grc' dir='ltr'>λαλῆσαι</span> <span class='ocrx_word' id='word_1_128' title='bbox 2993 1297 3358 1369; x_wconf 87' lang='grc' dir='ltr'>δικαιοσύνην.</span> 
     </span>
    </p>
   </div>
   <div class='ocr_carea' id='block_1_21' title="bbox 435 1381 1916 1460">
    <p class='ocr_par' dir='ltr' id='par_1_21' title="bbox 435 1382 1916 1459">
     <span class='ocr_line' id='line_1_21' title="bbox 435 1382 1916 1459; baseline 0.003 -24"><span class='ocrx_word' id='word_1_129' title='bbox 435 1382 481 1438; x_wconf 88' lang='lat'><strong>7.</strong></span> <span class='ocrx_word' id='word_1_130' title='bbox 511 1384 758 1441; x_wconf 87' lang='lat' dir='ltr'><strong>Dilexisti</strong></span> <span class='ocrx_word' id='word_1_131' title='bbox 785 1389 967 1442; x_wconf 87' lang='lat' dir='ltr'><strong>omnia</strong></span> <span class='ocrx_word' id='word_1_132' title='bbox 995 1389 1156 1444; x_wconf 89' lang='lat' dir='ltr'><strong>verba</strong></span> <span class='ocrx_word' id='word_1_133' title='bbox 1194 1390 1668 1459; x_wconf 61' lang='lat' dir='ltr'><strong>praecipitationis,</strong></span> <span class='ocrx_word' id='word_1_134' title='bbox 1699 1388 1916 1458; x_wconf 76' lang='lat' dir='ltr'><strong>linguan</strong></span> 
     </span>
    </p>
   </div>
   <div class='ocr_carea' id='block_1_22' title="bbox 2133 1381 3614 1460">
    <p class='ocr_par' dir='ltr' id='par_1_22' title="bbox 2133 1382 3614 1460">
     <span class='ocr_line' id='line_1_22' title="bbox 2133 1382 3614 1460; baseline 0.005 -26"><span class='ocrx_word' id='word_1_135' title='bbox 2133 1382 2167 1434; x_wconf 85' lang='lat' dir='ltr'><strong>l.</strong></span> <span class='ocrx_word' id='word_1_136' title='bbox 2215 1383 2535 1455; x_wconf 73' lang='grc' dir='ltr'>Ἡγὰπησας</span> <span class='ocrx_word' id='word_1_137' title='bbox 2565 1385 2741 1438; x_wconf 82' lang='grc' dir='ltr'>πάντα</span> <span class='ocrx_word' id='word_1_138' title='bbox 2772 1385 2840 1437; x_wconf 88' lang='grc' dir='ltr'><strong>τά</strong></span> <span class='ocrx_word' id='word_1_139' title='bbox 2890 1387 3106 1456; x_wconf 80' lang='grc' dir='ltr'>ῥήματα</span> <span class='ocrx_word' id='word_1_140' title='bbox 3152 1387 3614 1460; x_wconf 76' lang='grc' dir='ltr'>καταποντισμοῦ,</span> 
     </span>
    </p>
   </div>
   <div class='ocr_carea' id='block_1_23' title="bbox 365 1470 1846 1542">
    <p class='ocr_par' dir='ltr' id='par_1_23' title="bbox 365 1470 1757 1531">
     <span class='ocr_line' id='line_1_23' title="bbox 365 1470 1757 1531; baseline 0.011 -1"><span class='ocrx_word' id='word_1_141' title='bbox 365 1473 613 1530; x_wconf 83' lang='lat' dir='ltr'><strong>dolosam</strong></span> <span class='ocrx_word' id='word_1_142' title='bbox 625 1516 639 1531; x_wconf 97' lang='lat'><strong>.</strong></span> <span class='ocrx_word' id='word_1_143' title='bbox 1753 1470 1757 1473; x_wconf 44' lang='grc'><em>’</em></span> 
     </span>
    </p>
   </div>
   <div class='ocr_carea' id='block_1_24' title="bbox 1035 1470 2516 1542">
    <p class='ocr_par' dir='ltr' id='par_1_24' title="bbox 1753 1470 2516 1542">
     <span class='ocr_line' id='line_1_24' title="bbox 1753 1470 2516 1542; baseline 0.012 -22"><span class='ocrx_word' id='word_1_144' title='bbox 1753 1470 1757 1473; x_wconf 78' lang='grc'><em>’</em></span> <span class='ocrx_word' id='word_1_145' title='bbox 2044 1471 2292 1542; x_wconf 85' lang='grc' dir='ltr'>γλῶσσαν</span> <span class='ocrx_word' id='word_1_146' title='bbox 2320 1474 2516 1529; x_wconf 78' lang='grc' dir='ltr'><strong>δολίαν.</strong></span> 
     </span>
    </p>
   </div>
   <div class='ocr_carea' id='block_1_25' title="bbox 436 1559 1917 1637">
    <p class='ocr_par' dir='ltr' id='par_1_25' title="bbox 436 1559 1699 1633">
     <span class='ocr_line' id='line_1_25' title="bbox 436 1559 1699 1633; baseline 0.005 -19"><span class='ocrx_word' id='word_1_147' title='bbox 436 1559 490 1615; x_wconf 88' lang='lat'><strong>8.</strong></span> <span class='ocrx_word' id='word_1_148' title='bbox 520 1561 747 1633; x_wconf 81' lang='lat' dir='ltr'><strong>Propter</strong></span> <span class='ocrx_word' id='word_1_149' title='bbox 775 1567 878 1619; x_wconf 80' lang='lat' dir='ltr'><strong>hoc</strong></span> <span class='ocrx_word' id='word_1_150' title='bbox 903 1567 1047 1622; x_wconf 89' lang='lat' dir='ltr'><strong>Deus</strong></span> <span class='ocrx_word' id='word_1_151' title='bbox 1073 1568 1320 1622; x_wconf 79' lang='lat' dir='ltr'><strong>destruet</strong></span> <span class='ocrx_word' id='word_1_152' title='bbox 1343 1576 1394 1623; x_wconf 88' lang='lat' dir='ltr'><strong>te</strong></span> <span class='ocrx_word' id='word_1_153' title='bbox 1418 1569 1472 1622; x_wconf 92' lang='lat' dir='ltr'><strong>in</strong></span> <span class='ocrx_word' id='word_1_154' title='bbox 1501 1570 1662 1622; x_wconf 80' lang='lat' dir='ltr'><strong>tinem</strong></span> <span class='ocrx_word' id='word_1_155' title='bbox 1686 1584 1699 1619; x_wconf 88' lang='lat'><strong>:</strong></span> 
     </span>
    </p>
   </div>
   <div class='ocr_carea' id='block_1_26' title="bbox 1850 1559 3331 1637">
    <p class='ocr_par' dir='ltr' id='par_1_26' title="bbox 2115 1565 3331 1637">
     <span class='ocr_line' id='line_1_26' title="bbox 2115 1565 3331 1637; baseline 0.008 -20"><span class='ocrx_word' id='word_1_156' title='bbox 2115 1565 2168 1618; x_wconf 91' lang='lat'><strong>8.</strong></span> <span class='ocrx_word' id='word_1_157' title='bbox 2208 1566 2305 1618; x_wconf 79' lang='grc' dir='ltr'>Διά</span> <span class='ocrx_word' id='word_1_158' title='bbox 2331 1566 2488 1619; x_wconf 81' lang='grc' dir='ltr'>τοῦτο</span> <span class='ocrx_word' id='word_1_159' title='bbox 2519 1571 2546 1620; x_wconf 87' lang='grc' dir='ltr'><em>ὁ</em></span> <span class='ocrx_word' id='word_1_160' title='bbox 2570 1568 2706 1634; x_wconf 75' lang='grc' dir='ltr'>Θεὸς</span> <span class='ocrx_word' id='word_1_161' title='bbox 2723 1570 2939 1624; x_wconf 84' lang='grc' dir='ltr'>καθέλοι</span> <span class='ocrx_word' id='word_1_162' title='bbox 2970 1589 3028 1624; x_wconf 90' lang='grc' dir='ltr'><strong>σε</strong></span> <span class='ocrx_word' id='word_1_163' title='bbox 3057 1575 3135 1637; x_wconf 80' lang='grc' dir='ltr'><strong>είς</strong></span> <span class='ocrx_word' id='word_1_164' title='bbox 3156 1573 3331 1636; x_wconf 82' lang='grc' dir='ltr'><strong>τέλος·</strong></span> 
     </span>
    </p>
   </div>
   <div class='ocr_carea' id='block_1_27' title="bbox 439 1651 1920 1736">
    <p class='ocr_par' dir='ltr' id='par_1_27' title="bbox 439 1651 1920 1728">
     <span class='ocr_line' id='line_1_27' title="bbox 439 1651 1920 1728; baseline 0.002 -22"><span class='ocrx_word' id='word_1_165' title='bbox 439 1651 491 1706; x_wconf 90' lang='lat'><strong>9.</strong></span> <span class='ocrx_word' id='word_1_166' title='bbox 521 1651 726 1709; x_wconf 87' lang='lat' dir='ltr'><strong>Evellet</strong></span> <span class='ocrx_word' id='word_1_167' title='bbox 760 1664 811 1710; x_wconf 92' lang='lat' dir='ltr'><strong>te</strong></span> <span class='ocrx_word' id='word_1_168' title='bbox 842 1665 896 1711; x_wconf 88' lang='lat' dir='ltr'><strong>et</strong></span> <span class='ocrx_word' id='word_1_169' title='bbox 923 1659 1193 1728; x_wconf 82' lang='lat' dir='ltr'><strong>emigrare</strong></span> <span class='ocrx_word' id='word_1_170' title='bbox 1225 1659 1386 1714; x_wconf 83' lang='lat' dir='ltr'><strong>faciet</strong></span> <span class='ocrx_word' id='word_1_171' title='bbox 1420 1667 1471 1714; x_wconf 87' lang='lat' dir='ltr'><strong>te</strong></span> <span class='ocrx_word' id='word_1_172' title='bbox 1499 1659 1566 1713; x_wconf 90' lang='lat' dir='ltr'><strong>de</strong></span> <span class='ocrx_word' id='word_1_173' title='bbox 1593 1658 1920 1713; x_wconf 59' lang='lat' dir='ltr'><strong>tabernaculi</strong></span> 
     </span>
    </p>
   </div>
   <div class='ocr_carea' id='block_1_28' title="bbox 2132 1651 3613 1736">
    <p class='ocr_par' dir='ltr' id='par_1_28' title="bbox 2132 1657 3613 1736">
     <span class='ocr_line' id='line_1_28' title="bbox 2132 1657 3613 1736; baseline 0.007 -26"><span class='ocrx_word' id='word_1_174' title='bbox 2132 1657 2168 1710; x_wconf 79' lang='grc'><strong>).</strong></span> <span class='ocrx_word' id='word_1_175' title='bbox 2205 1657 2446 1711; x_wconf 86' lang='grc' dir='ltr'>-Ἐκτίλαι</span> <span class='ocrx_word' id='word_1_176' title='bbox 2479 1676 2535 1712; x_wconf 88' lang='grc' dir='ltr'><strong>σε</strong></span> <span class='ocrx_word' id='word_1_177' title='bbox 2577 1662 2670 1714; x_wconf 69' lang='grc' dir='ltr'><strong>καὶ</strong></span> <span class='ocrx_word' id='word_1_178' title='bbox 2701 1663 3127 1731; x_wconf 84' lang='grc' dir='ltr'>μεταναστεύσαι</span> <span class='ocrx_word' id='word_1_179' title='bbox 3157 1681 3215 1716; x_wconf 85' lang='grc' dir='ltr'><strong>σε</strong></span> <span class='ocrx_word' id='word_1_180' title='bbox 3260 1664 3371 1718; x_wconf 82' lang='grc' dir='ltr'>ἀπὸ</span> <span class='ocrx_word' id='word_1_181' title='bbox 3405 1661 3613 1736; x_wconf 79' lang='grc' dir='ltr'>σκηνώ-</span> 
     </span>
    </p>
   </div>
   <div class='ocr_carea' id='block_1_29' title="bbox 365 1747 1846 1817">
    <p class='ocr_par' dir='ltr' id='par_1_29' title="bbox 365 1747 495 1796">
     <span class='ocr_line' id='line_1_29' title="bbox 365 1747 495 1796; baseline 0 -1"><span class='ocrx_word' id='word_1_182' title='bbox 365 1747 495 1796; x_wconf 81' lang='lat' dir='ltr'><strong>tuo:</strong></span> 
     </span>
    </p>
   </div>
   <div class='ocr_carea' id='block_1_30' title="bbox 886 1747 2367 1817">
    <p class='ocr_par' dir='ltr' id='par_1_30' title="bbox 2050 1748 2367 1817">
     <span class='ocr_line' id='line_1_30' title="bbox 2050 1748 2367 1817; baseline 0 -17"><span class='ocrx_word' id='word_1_183' title='bbox 2050 1748 2215 1817; x_wconf 69' lang='grc' dir='ltr'>ματος</span> <span class='ocrx_word' id='word_1_184' title='bbox 2245 1765 2340 1800; x_wconf 91' lang='grc' dir='ltr'><strong>σου</strong></span> <span class='ocrx_word' id='word_1_185' title='bbox 2354 1765 2367 1776; x_wconf 90' lang='grc'><strong>·</strong></span> 
     </span>
    </p>
   </div>
   <div class='ocr_carea' id='block_1_31' title="bbox 440 1829 1921 1917">
    <p class='ocr_par' dir='ltr' id='par_1_31' title="bbox 440 1829 1696 1893">
     <span class='ocr_line' id='line_1_31' title="bbox 440 1829 1696 1893; baseline 0.005 -6"><span class='ocrx_word' id='word_1_186' title='bbox 440 1832 527 1887; x_wconf 83' lang='grc'><strong>10.</strong></span> <span class='ocrx_word' id='word_1_187' title='bbox 556 1829 622 1885; x_wconf 83' lang='grc' dir='ltr'>Ει</span> <span class='ocrx_word' id='word_1_188' title='bbox 650 1830 888 1886; x_wconf 85' lang='lat' dir='ltr'><strong>radicem</strong></span> <span class='ocrx_word' id='word_1_189' title='bbox 922 1840 1072 1886; x_wconf 89' lang='lat' dir='ltr'><strong>tuam</strong></span> <span class='ocrx_word' id='word_1_190' title='bbox 1105 1833 1172 1887; x_wconf 84' lang='lat' dir='ltr'><strong>de</strong></span> <span class='ocrx_word' id='word_1_191' title='bbox 1201 1841 1344 1888; x_wconf 88' lang='lat' dir='ltr'><strong>terra</strong></span> <span class='ocrx_word' id='word_1_192' title='bbox 1375 1833 1696 1893; x_wconf 83' lang='lat' dir='ltr'><strong>viventium.</strong></span> 
     </span>
    </p>
   </div>
   <div class='ocr_carea' id='block_1_32' title="bbox 1810 1829 3291 1917">
    <p class='ocr_par' dir='ltr' id='par_1_32' title="bbox 1975 1837 3291 1917">
     <span class='ocr_line' id='line_1_32' title="bbox 1975 1837 3291 1917; baseline 0.009 -27"><span class='ocrx_word' id='word_1_193' title='bbox 1975 1837 2018 1890; x_wconf 87' lang='lat' dir='ltr'><strong>B</strong></span> <span class='ocrx_word' id='word_1_194' title='bbox 2117 1843 2200 1895; x_wconf 82' lang='grc'><strong>10.</strong></span> <span class='ocrx_word' id='word_1_195' title='bbox 2231 1842 2342 1894; x_wconf 73' lang='grc' dir='ltr'>Καὶ</span> <span class='ocrx_word' id='word_1_196' title='bbox 2373 1842 2433 1893; x_wconf 81' lang='grc' dir='ltr'><strong>τὸ</strong></span> <span class='ocrx_word' id='word_1_197' title='bbox 2461 1841 2678 1911; x_wconf 75' lang='grc' dir='ltr'>ῥίζωμὰ</span> <span class='ocrx_word' id='word_1_198' title='bbox 2715 1859 2806 1895; x_wconf 85' lang='grc' dir='ltr'><strong>σου</strong></span> <span class='ocrx_word' id='word_1_199' title='bbox 2843 1846 2904 1897; x_wconf 84' lang='grc' dir='ltr'><strong>ἑκ</strong></span> <span class='ocrx_word' id='word_1_200' title='bbox 2929 1847 3030 1917; x_wconf 76' lang='grc' dir='ltr'><strong>γῆς</strong></span> <span class='ocrx_word' id='word_1_201' title='bbox 3057 1845 3291 1911; x_wconf 78' lang='grc' dir='ltr'><strong>ζώντων.</strong></span> 
     </span>
    </p>
   </div>
   <div class='ocr_carea' id='block_1_33' title="bbox 441 1923 1922 2009">
    <p class='ocr_par' dir='ltr' id='par_1_33' title="bbox 441 1923 1404 1995">
     <span class='ocr_line' id='line_1_33' title="bbox 441 1923 1404 1995; baseline 0.004 -17"><span class='ocrx_word' id='word_1_202' title='bbox 441 1925 528 1980; x_wconf 77' lang='grc' dir='ltr'>Η.</span> <span class='ocrx_word' id='word_1_203' title='bbox 557 1923 826 1981; x_wconf 88' lang='lat' dir='ltr'><strong>Videbunt</strong></span> <span class='ocrx_word' id='word_1_204' title='bbox 846 1924 981 1995; x_wconf 87' lang='lat' dir='ltr'><strong>justi</strong></span> <span class='ocrx_word' id='word_1_205' title='bbox 1007 1934 1062 1980; x_wconf 89' lang='lat' dir='ltr'><strong>et</strong></span> <span class='ocrx_word' id='word_1_206' title='bbox 1094 1926 1360 1982; x_wconf 91' lang='lat' dir='ltr'><strong>timebunt</strong></span> <span class='ocrx_word' id='word_1_207' title='bbox 1386 1944 1404 1982; x_wconf 88' lang='lat'><strong><em>:</em></strong></span> 
     </span>
    </p>
   </div>
   <div class='ocr_carea' id='block_1_34' title="bbox 1820 1923 3301 2009">
    <p class='ocr_par' dir='ltr' id='par_1_34' title="bbox 2113 1932 3301 2009">
     <span class='ocr_line' id='line_1_34' title="bbox 2113 1932 3301 2009; baseline 0.007 -25"><span class='ocrx_word' id='word_1_208' title='bbox 2113 1932 2200 1986; x_wconf 79' lang='grc' dir='ltr'>Η.</span> <span class='ocrx_word' id='word_1_209' title='bbox 2229 1932 2487 2001; x_wconf 77' lang='grc' dir='ltr'>Ὄψονται</span> <span class='ocrx_word' id='word_1_210' title='bbox 2511 1932 2728 1997; x_wconf 85' lang='grc' dir='ltr'>δίκαιοι,</span> <span class='ocrx_word' id='word_1_211' title='bbox 2756 1935 2849 1988; x_wconf 78' lang='grc' dir='ltr'>καὶ</span> <span class='ocrx_word' id='word_1_212' title='bbox 2882 1937 3301 2009; x_wconf 82' lang='grc' dir='ltr'>φοϐηθήσονται·</span> 
     </span>
    </p>
   </div>
   <div class='ocr_carea' id='block_1_35' title="bbox 363 2053 1844 2181">
    <p class='ocr_par' dir='ltr' id='par_1_35' title="bbox 363 2053 1840 2181">
     <span class='ocr_line' id='line_1_35' title="bbox 437 2053 1840 2130; baseline 0.004 -21"><span class='ocrx_word' id='word_1_213' title='bbox 437 2055 514 2125; x_wconf 85' lang='grc' dir='ltr'><strong>(α)</strong></span> <span class='ocrx_word' id='word_1_214' title='bbox 547 2053 611 2111; x_wconf 79' lang='lat' dir='ltr'><strong>V.</strong></span> <span class='ocrx_word' id='word_1_215' title='bbox 647 2056 699 2110; x_wconf 80' lang='grc'>1.</span> <span class='ocrx_word' id='word_1_216' title='bbox 739 2058 824 2121; x_wconf 91' lang='grc' dir='ltr'><strong>Τί,</strong></span> <span class='ocrx_word' id='word_1_217' title='bbox 846 2067 974 2122; x_wconf 86' lang='lat' dir='ltr'><strong>etc.,</strong></span> <span class='ocrx_word' id='word_1_218' title='bbox 996 2060 1053 2111; x_wconf 83' lang='grc' dir='ltr'><strong>ἐν</strong></span> <span class='ocrx_word' id='word_1_219' title='bbox 1084 2059 1247 2130; x_wconf 81' lang='grc' dir='ltr'>κακίᾳ</span> <span class='ocrx_word' id='word_1_220' title='bbox 1272 2061 1300 2111; x_wconf 85' lang='grc' dir='ltr'>ὁ</span> <span class='ocrx_word' id='word_1_221' title='bbox 1325 2059 1567 2123; x_wconf 81' lang='grc' dir='ltr'>δυνατός.</span> <span class='ocrx_word' id='word_1_222' title='bbox 1605 2061 1667 2115; x_wconf 72' lang='grc' dir='ltr'>ν.</span> <span class='ocrx_word' id='word_1_223' title='bbox 1695 2065 1748 2126; x_wconf 75' lang='lat'><strong>2,</strong></span> <span class='ocrx_word' id='word_1_224' title='bbox 1784 2063 1840 2117; x_wconf 82' lang='lat'><strong>&#39;5.</strong></span> 
     </span>
     <span class='ocr_line' id='line_1_36' title="bbox 363 2126 729 2181; baseline 0 0"><span class='ocrx_word' id='word_1_225' title='bbox 363 2126 729 2181; x_wconf 73' lang='grc' dir='ltr'>δικαιοσύνην.</span> 
     </span>
    </p>
   </div>
   <div class='ocr_carea' id='block_1_36' title="bbox 2134 2053 3615 2181">
    <p class='ocr_par' dir='ltr' id='par_1_36' title="bbox 2134 2063 3615 2156">
     <span class='ocr_line' id='line_1_37' title="bbox 2134 2063 3615 2156; baseline 0.022 -55"><span class='ocrx_word' id='word_1_226' title='bbox 2134 2106 2140 2126; x_wconf 52' lang='grc'><em>,</em></span> <span class='ocrx_word' id='word_1_227' title='bbox 2169 2075 2298 2129; x_wconf 40' lang='lat' dir='ltr'><strong>ac&quot;</strong></span> <span class='ocrx_word' id='word_1_228' title='bbox 2326 2063 2391 2119; x_wconf 71' lang='grc' dir='ltr'><strong>ν,</strong></span> <span class='ocrx_word' id='word_1_229' title='bbox 2420 2064 2474 2131; x_wconf 71' lang='grc'>5,</span> <span class='ocrx_word' id='word_1_230' title='bbox 2494 2067 2545 2121; x_wconf 77' lang='grc'><strong>6,</strong></span> <span class='ocrx_word' id='word_1_231' title='bbox 2574 2065 2917 2139; x_wconf 74' lang='grc' dir='ltr'>Ἦγάπηςας,</span> <span class='ocrx_word' id='word_1_232' title='bbox 2943 2080 3073 2156; x_wconf 44' lang='lat' dir='ltr'><strong>etc?</strong></span> <span class='ocrx_word' id='word_1_233' title='bbox 3102 2072 3242 2124; x_wconf 77' lang='grc' dir='ltr'><strong>ὑπὲρ</strong></span> <span class='ocrx_word' id='word_1_234' title='bbox 3264 2073 3362 2126; x_wconf 75' lang='grc' dir='ltr'>τοῦ</span> <span class='ocrx_word' id='word_1_235' title='bbox 3385 2075 3615 2146; x_wconf 76' lang='grc' dir='ltr'>λαλῆσαι</span> 
     </span>
    </p>
   </div>
   <div class='ocr_carea' id='block_1_37' title="bbox 398 2143 3046 2197">
    <p class='ocr_par' dir='ltr' id='par_1_37' title="bbox 398 2143 3046 2197">
     <span class='ocr_line' id='line_1_38' title="bbox 398 2143 3046 2197; baseline -0.009 -17"><span class='ocrx_word' id='word_1_236' title='bbox 398 2143 729 2197; x_wconf 80' lang='grc' dir='ltr'>ικαιοσυνην.</span> <span class='ocrx_word' id='word_1_237' title='bbox 3036 2143 3046 2156; x_wconf 82' lang='grc'><strong>.</strong></span> 
     </span>
    </p>
   </div>
   <div class='ocr_carea' id='block_1_38' title="bbox 1484 2223 2478 2281">
    <p class='ocr_par' dir='ltr' id='par_1_38' title="bbox 1484 2223 2478 2281">
     <span class='ocr_line' id='line_1_39' title="bbox 1484 2223 2478 2281; baseline 0.002 -3"><span class='ocrx_word' id='word_1_238' title='bbox 1484 2223 1860 2280; x_wconf 81' lang='lat' dir='ltr'><strong>ATHANASII</strong></span> <span class='ocrx_word' id='word_1_239' title='bbox 1896 2223 2478 2281; x_wconf 74' lang='lat' dir='ltr'><strong>INTERPRETATIO.</strong></span> 
     </span>
    </p>
   </div>
   <div class='ocr_carea' id='block_1_39' title="bbox 446 2333 3613 2418">
    <p class='ocr_par' dir='ltr' id='par_1_39' title="bbox 446 2333 3613 2418">
     <span class='ocr_line' id='line_1_40' title="bbox 446 2333 3613 2418; baseline 0.005 -31"><span class='ocrx_word' id='word_1_240' title='bbox 446 2333 510 2387; x_wconf 84' lang='grc' dir='ltr'><em>Ἢ</em></span> <span class='ocrx_word' id='word_1_241' title='bbox 533 2335 862 2408; x_wconf 82' lang='grc' dir='ltr'><strong>προκειμένη</strong></span> <span class='ocrx_word' id='word_1_242' title='bbox 896 2337 1176 2410; x_wconf 76' lang='grc' dir='ltr'>ἐπιγραφὴ</span> <span class='ocrx_word' id='word_1_243' title='bbox 1204 2339 1445 2409; x_wconf 76' lang='grc' dir='ltr'><strong>περιέχει</strong></span> <span class='ocrx_word' id='word_1_244' title='bbox 1480 2341 1588 2410; x_wconf 83' lang='grc'><strong>(1)·</strong></span> <span class='ocrx_word' id='word_1_245' title='bbox 1639 2344 1747 2407; x_wconf 76' lang='grc' dir='ltr'><strong>Εἰς</strong></span> <span class='ocrx_word' id='word_1_246' title='bbox 1785 2340 1853 2394; x_wconf 80' lang='grc' dir='ltr'>τὸ</span> <span class='ocrx_word' id='word_1_247' title='bbox 1882 2341 2058 2406; x_wconf 79' lang='grc' dir='ltr'>τέλος</span> <span class='ocrx_word' id='word_1_248' title='bbox 2100 2341 2411 2407; x_wconf 82' lang='grc' dir='ltr'>συνέσεως</span> <span class='ocrx_word' id='word_1_249' title='bbox 2453 2340 2534 2406; x_wconf 83' lang='grc' dir='ltr'>τῷ</span> <span class='ocrx_word' id='word_1_250' title='bbox 2585 2341 2785 2404; x_wconf 76' lang='grc' dir='ltr'>Δαϐὶδ,</span> <span class='ocrx_word' id='word_1_251' title='bbox 2816 2342 2872 2395; x_wconf 90' lang='grc' dir='ltr'><strong>ἑν</strong></span> <span class='ocrx_word' id='word_1_252' title='bbox 2899 2341 2977 2413; x_wconf 86' lang='grc' dir='ltr'>τῷ</span> <span class='ocrx_word' id='word_1_253' title='bbox 3011 2343 3184 2397; x_wconf 85' lang='grc' dir='ltr'>ἑλθεῖν</span> <span class='ocrx_word' id='word_1_254' title='bbox 3217 2345 3296 2415; x_wconf 80' lang='lat'><strong>(‘2)</strong></span> <span class='ocrx_word' id='word_1_255' title='bbox 3334 2347 3497 2418; x_wconf 68' lang='grc' dir='ltr'>Δωὴκ</span> <span class='ocrx_word' id='word_1_256' title='bbox 3527 2349 3613 2403; x_wconf 72' lang='grc' dir='ltr'>τὸν</span> 
     </span>
    </p>
   </div>
   <div class='ocr_carea' id='block_1_40' title="bbox 375 2424 3620 2509">
    <p class='ocr_par' dir='ltr' id='par_1_40' title="bbox 375 2424 3620 2509">
     <span class='ocr_line' id='line_1_41' title="bbox 375 2424 3620 2509; baseline 0.004 -28"><span class='ocrx_word' id='word_1_257' title='bbox 375 2424 690 2498; x_wconf 81' lang='grc' dir='ltr'>Ἶδουμαῖον,</span> <span class='ocrx_word' id='word_1_258' title='bbox 723 2429 819 2482; x_wconf 69' lang='grc' dir='ltr'><strong>καὶ</strong></span> <span class='ocrx_word' id='word_1_259' title='bbox 849 2430 1166 2499; x_wconf 82' lang='grc' dir='ltr'>ἀναγγεῖλαι</span> <span class='ocrx_word' id='word_1_260' title='bbox 1201 2432 1276 2502; x_wconf 81' lang='grc' dir='ltr'><strong>τῷ</strong></span> <span class='ocrx_word' id='word_1_261' title='bbox 1305 2433 1499 2498; x_wconf 81' lang='grc' dir='ltr'>Σαοὺλ,</span> <span class='ocrx_word' id='word_1_262' title='bbox 1527 2435 1623 2487; x_wconf 75' lang='grc' dir='ltr'><strong>καὶ</strong></span> <span class='ocrx_word' id='word_1_263' title='bbox 1657 2437 1833 2488; x_wconf 72' lang='grc' dir='ltr'>εἰπεῖν</span> <span class='ocrx_word' id='word_1_264' title='bbox 1865 2436 1943 2504; x_wconf 81' lang='grc'><strong>(5)</strong></span> <span class='ocrx_word' id='word_1_265' title='bbox 1974 2434 2126 2506; x_wconf 86' lang='grc' dir='ltr'>αύτῷ</span> <span class='ocrx_word' id='word_1_266' title='bbox 2149 2451 2164 2464; x_wconf 76' lang='grc'><strong>⁸</strong></span> <span class='ocrx_word' id='word_1_267' title='bbox 2198 2431 2369 2488; x_wconf 74' lang='grc' dir='ltr'><strong>ΊΓΗλθε</strong></span> <span class='ocrx_word' id='word_1_268' title='bbox 2420 2433 2584 2487; x_wconf 80' lang='grc' dir='ltr'>Δαϐὶδ</span> <span class='ocrx_word' id='word_1_269' title='bbox 2641 2436 2720 2498; x_wconf 80' lang='grc' dir='ltr'><strong>είς</strong></span> <span class='ocrx_word' id='word_1_270' title='bbox 2752 2435 2844 2488; x_wconf 82' lang='grc' dir='ltr'><strong>τὸν</strong></span> <span class='ocrx_word' id='word_1_271' title='bbox 2897 2431 3043 2488; x_wconf 85' lang='grc' dir='ltr'>οἷκον</span> <span class='ocrx_word' id='word_1_272' title='bbox 3087 2437 3394 2509; x_wconf 86' lang='grc' dir='ltr'>Ἀϐιμέλεχ.</span> <span class='ocrx_word' id='word_1_273' title='bbox 3449 2441 3620 2494; x_wconf 74' lang='grc' dir='ltr'>Τοῦτο</span> 
     </span>
    </p>
   </div>
   <div class='ocr_carea' id='block_1_41' title="bbox 364 2519 3614 2602">
    <p class='ocr_par' dir='ltr' id='par_1_41' title="bbox 364 2519 3614 2602">
     <span class='ocr_line' id='line_1_42' title="bbox 364 2519 3614 2602; baseline 0.004 -26"><span class='ocrx_word' id='word_1_274' title='bbox 364 2519 460 2577; x_wconf 73' lang='grc' dir='ltr'><strong>οὖν</strong></span> <span class='ocrx_word' id='word_1_275' title='bbox 494 2523 662 2594; x_wconf 77' lang='grc' dir='ltr'>λέγει,</span> <span class='ocrx_word' id='word_1_276' title='bbox 695 2526 822 2579; x_wconf 86' lang='grc' dir='ltr'>ὅταν</span> <span class='ocrx_word' id='word_1_277' title='bbox 853 2543 936 2592; x_wconf 92' lang='grc' dir='ltr'><strong>τις</strong></span> <span class='ocrx_word' id='word_1_278' title='bbox 952 2527 1058 2580; x_wconf 84' lang='grc' dir='ltr'><strong>ἀπὸ</strong></span> <span class='ocrx_word' id='word_1_279' title='bbox 1086 2528 1188 2597; x_wconf 80' lang='grc' dir='ltr'>τῆς</span> <span class='ocrx_word' id='word_1_280' title='bbox 1216 2528 1488 2600; x_wconf 87' lang='grc' dir='ltr'>ἁμαρτίας</span> <span class='ocrx_word' id='word_1_281' title='bbox 1527 2531 1619 2582; x_wconf 74' lang='grc' dir='ltr'><strong>ἐπὶ</strong></span> <span class='ocrx_word' id='word_1_282' title='bbox 1643 2531 1787 2583; x_wconf 83' lang='grc' dir='ltr'>τέλει</span> <span class='ocrx_word' id='word_1_283' title='bbox 1811 2531 1886 2602; x_wconf 72' lang='grc' dir='ltr'><strong>(ι)</strong></span> <span class='ocrx_word' id='word_1_284' title='bbox 1915 2533 1993 2593; x_wconf 83' lang='grc' dir='ltr'>εἰς</span> <span class='ocrx_word' id='word_1_285' title='bbox 2030 2531 2244 2584; x_wconf 83' lang='grc' dir='ltr'>σύνεσιν</span> <span class='ocrx_word' id='word_1_286' title='bbox 2271 2530 2401 2602; x_wconf 73' lang='grc' dir='ltr'>ἔλθῃ</span> <span class='ocrx_word' id='word_1_287' title='bbox 2431 2527 2525 2582; x_wconf 81' lang='grc' dir='ltr'>τοῦ</span> <span class='ocrx_word' id='word_1_288' title='bbox 2552 2529 2782 2597; x_wconf 83' lang='grc' dir='ltr'>ἀγαθοῦ,</span> <span class='ocrx_word' id='word_1_289' title='bbox 2817 2529 2937 2582; x_wconf 88' lang='grc' dir='ltr'>τότε</span> <span class='ocrx_word' id='word_1_290' title='bbox 2977 2532 3032 2583; x_wconf 79' lang='grc' dir='ltr'>αἱ</span> <span class='ocrx_word' id='word_1_291' title='bbox 3079 2530 3154 2600; x_wconf 85' lang='grc'><strong>(5)</strong></span> <span class='ocrx_word' id='word_1_292' title='bbox 3189 2533 3435 2588; x_wconf 79' lang='grc' dir='ltr'>ἐναντίαι</span> <span class='ocrx_word' id='word_1_293' title='bbox 3456 2535 3614 2589; x_wconf 83' lang='grc' dir='ltr'>δυνά-</span> 
     </span>
    </p>
   </div>
   <div class='ocr_carea' id='block_1_42' title="bbox 367 2621 3618 2698">
    <p class='ocr_par' dir='ltr' id='par_1_42' title="bbox 367 2621 3618 2698">
     <span class='ocr_line' id='line_1_43' title="bbox 367 2621 3618 2698; baseline 0.002 -25"><span class='ocrx_word' id='word_1_294' title='bbox 367 2638 489 2690; x_wconf 82' lang='grc' dir='ltr'>μεις</span> <span class='ocrx_word' id='word_1_295' title='bbox 523 2621 979 2692; x_wconf 88' lang='grc' dir='ltr'>συμϐουλεύονται</span> <span class='ocrx_word' id='word_1_296' title='bbox 1027 2624 1165 2694; x_wconf 86' lang='grc' dir='ltr'><strong>μετά</strong></span> <span class='ocrx_word' id='word_1_297' title='bbox 1192 2624 1286 2677; x_wconf 71' lang='grc' dir='ltr'>τοῦ</span> <span class='ocrx_word' id='word_1_298' title='bbox 1320 2625 1568 2679; x_wconf 80' lang='grc' dir='ltr'>διαϐόλου</span> <span class='ocrx_word' id='word_1_299' title='bbox 1594 2627 1654 2678; x_wconf 80' lang='grc' dir='ltr'><strong>τὸ</strong></span> <span class='ocrx_word' id='word_1_300' title='bbox 1713 2627 1831 2690; x_wconf 84' lang='grc' dir='ltr'><strong>πῶς</strong></span> <span class='ocrx_word' id='word_1_301' title='bbox 1865 2627 2235 2680; x_wconf 77' lang='grc' dir='ltr'>ἀποϐλέπουσι</span> <span class='ocrx_word' id='word_1_302' title='bbox 2271 2625 2344 2698; x_wconf 83' lang='grc'>(6)</span> <span class='ocrx_word' id='word_1_303' title='bbox 2383 2623 2798 2697; x_wconf 82' lang='grc' dir='ltr'>[ἀποϐάλλωσι]</span> <span class='ocrx_word' id='word_1_304' title='bbox 2842 2625 2931 2677; x_wconf 86' lang='grc' dir='ltr'><strong>τὸν</strong></span> <span class='ocrx_word' id='word_1_305' title='bbox 2975 2626 3393 2696; x_wconf 76' lang='grc' dir='ltr'>ἐπιστρέφοντα.</span> <span class='ocrx_word' id='word_1_306' title='bbox 3445 2628 3618 2682; x_wconf 72' lang='grc' dir='ltr'>Δαϐὶδ</span> 
     </span>
    </p>
   </div>
   <div class='ocr_carea' id='block_1_43' title="bbox 364 2715 3617 2793">
    <p class='ocr_par' dir='ltr' id='par_1_43' title="bbox 364 2715 3617 2793">
     <span class='ocr_line' id='line_1_44' title="bbox 364 2715 3617 2793; baseline 0.002 -24"><span class='ocrx_word' id='word_1_307' title='bbox 364 2716 474 2788; x_wconf 76' lang='grc' dir='ltr'><strong>γὰρ</strong></span> <span class='ocrx_word' id='word_1_308' title='bbox 499 2717 856 2789; x_wconf 82' lang='grc' dir='ltr'>ἑρμηνεύεται</span> <span class='ocrx_word' id='word_1_309' title='bbox 884 2715 1062 2786; x_wconf 85' lang='grc' dir='ltr'>οὗτος</span> <span class='ocrx_word' id='word_1_310' title='bbox 1087 2721 1413 2790; x_wconf 74' lang='grc' dir='ltr'>ἀγαπητὸς,</span> <span class='ocrx_word' id='word_1_311' title='bbox 1442 2723 1722 2775; x_wconf 78' lang='grc' dir='ltr'>τουτέστιν</span> <span class='ocrx_word' id='word_1_312' title='bbox 1751 2725 1784 2776; x_wconf 79' lang='grc' dir='ltr'><em>ὀ</em></span> <span class='ocrx_word' id='word_1_313' title='bbox 1811 2723 2206 2792; x_wconf 72' lang='grc' dir='ltr'>ἐπιστρέφων.</span> <span class='ocrx_word' id='word_1_314' title='bbox 2241 2723 2402 2793; x_wconf 80' lang='grc' dir='ltr'>Δωὴκ</span> <span class='ocrx_word' id='word_1_315' title='bbox 2425 2721 2482 2774; x_wconf 83' lang='grc' dir='ltr'>δὲ</span> <span class='ocrx_word' id='word_1_316' title='bbox 2512 2723 2540 2774; x_wconf 88' lang='grc' dir='ltr'><strong>ὁ</strong></span> <span class='ocrx_word' id='word_1_317' title='bbox 2581 2720 2876 2790; x_wconf 85' lang='grc' dir='ltr'>Ἰδουμαῖος</span> <span class='ocrx_word' id='word_1_318' title='bbox 2903 2719 3262 2790; x_wconf 81' lang='grc' dir='ltr'>ἑρμηνεύεται</span> <span class='ocrx_word' id='word_1_319' title='bbox 3287 2722 3617 2790; x_wconf 79' lang='grc' dir='ltr'>πειρασμὸς</span> 
     </span>
    </p>
   </div>
   <div class='ocr_carea' id='block_1_44' title="bbox 363 2812 3618 2889">
    <p class='ocr_par' dir='ltr' id='par_1_44' title="bbox 363 2812 3618 2889">
     <span class='ocr_line' id='line_1_45' title="bbox 363 2812 3618 2889; baseline 0 -23"><span class='ocrx_word' id='word_1_320' title='bbox 363 2812 680 2878; x_wconf 75' lang='grc' dir='ltr'>ἐκλείπων,</span> <span class='ocrx_word' id='word_1_321' title='bbox 711 2815 850 2886; x_wconf 82' lang='grc' dir='ltr'>ὅπερ</span> <span class='ocrx_word' id='word_1_322' title='bbox 879 2817 1020 2870; x_wconf 73' lang='grc' dir='ltr'>εἰσὶν</span> <span class='ocrx_word' id='word_1_323' title='bbox 1055 2820 1114 2870; x_wconf 79' lang='grc' dir='ltr'>αἱ</span> <span class='ocrx_word' id='word_1_324' title='bbox 1141 2817 1407 2870; x_wconf 80' lang='grc' dir='ltr'>ἐναντίαι</span> <span class='ocrx_word' id='word_1_325' title='bbox 1443 2817 1751 2887; x_wconf 80' lang='grc' dir='ltr'>δυνάμεις.</span> <span class='ocrx_word' id='word_1_326' title='bbox 1782 2817 1954 2870; x_wconf 74' lang='grc' dir='ltr'>Σαοὺλ</span> <span class='ocrx_word' id='word_1_327' title='bbox 1978 2819 2039 2870; x_wconf 81' lang='grc' dir='ltr'>δὲ</span> <span class='ocrx_word' id='word_1_328' title='bbox 2060 2817 2422 2889; x_wconf 78' lang='grc' dir='ltr'>ἑρμηνεύεται</span> <span class='ocrx_word' id='word_1_329' title='bbox 2453 2816 2694 2883; x_wconf 85' lang='grc' dir='ltr'>αὶτητός</span> <span class='ocrx_word' id='word_1_330' title='bbox 2728 2812 3002 2885; x_wconf 73' lang='grc' dir='ltr'>[αἱτητής]</span> <span class='ocrx_word' id='word_1_331' title='bbox 3027 2831 3042 2845; x_wconf 81' lang='grc' dir='ltr'><strong>ο</strong></span> <span class='ocrx_word' id='word_1_332' title='bbox 3071 2813 3217 2883; x_wconf 84' lang='grc' dir='ltr'>λέγω</span> <span class='ocrx_word' id='word_1_333' title='bbox 3266 2815 3334 2886; x_wconf 83' lang='grc' dir='ltr'>δὴ</span> <span class='ocrx_word' id='word_1_334' title='bbox 3368 2817 3402 2869; x_wconf 80' lang='grc' dir='ltr'><em>ὁ</em></span> <span class='ocrx_word' id='word_1_335' title='bbox 3424 2814 3618 2868; x_wconf 74' lang='grc' dir='ltr'>διάϐο-</span> 
     </span>
    </p>
   </div>
   <div class='ocr_carea' id='block_1_45' title="bbox 365 2907 3625 2987">
    <p class='ocr_par' dir='ltr' id='par_1_45' title="bbox 365 2907 3625 2987">
     <span class='ocr_line' id='line_1_46' title="bbox 365 2907 3625 2987; baseline 0.002 -25"><span class='ocrx_word' id='word_1_336' title='bbox 365 2912 494 2975; x_wconf 75' lang='grc' dir='ltr'>λος,</span> <span class='ocrx_word' id='word_1_337' title='bbox 529 2911 558 2962; x_wconf 84' lang='grc' dir='ltr'><strong>ὁ</strong></span> <span class='ocrx_word' id='word_1_338' title='bbox 583 2911 790 2975; x_wconf 82' lang='grc' dir='ltr'>πάντας</span> <span class='ocrx_word' id='word_1_339' title='bbox 833 2914 960 2977; x_wconf 76' lang='grc' dir='ltr'>τοὺς</span> <span class='ocrx_word' id='word_1_340' title='bbox 1008 2914 1251 2978; x_wconf 86' lang='grc' dir='ltr'>δικαίους</span> <span class='ocrx_word' id='word_1_341' title='bbox 1287 2915 1452 2967; x_wconf 83' lang='grc' dir='ltr'>αἰτῶν</span> <span class='ocrx_word' id='word_1_342' title='bbox 1475 2915 1776 2987; x_wconf 78' lang='grc' dir='ltr'>πειράζειν.</span> <span class='ocrx_word' id='word_1_343' title='bbox 1821 2913 2119 2985; x_wconf 83' lang='grc' dir='ltr'>Ἆϐιμέλεχ</span> <span class='ocrx_word' id='word_1_344' title='bbox 2154 2913 2210 2966; x_wconf 82' lang='grc' dir='ltr'>δὲ</span> <span class='ocrx_word' id='word_1_345' title='bbox 2242 2910 2607 2984; x_wconf 82' lang='grc' dir='ltr'>ἑρμηνεύεται</span> <span class='ocrx_word' id='word_1_346' title='bbox 2649 2908 2784 2980; x_wconf 68' lang='grc' dir='ltr'>πρὸς</span> <span class='ocrx_word' id='word_1_347' title='bbox 2829 2907 2887 2962; x_wconf 76' lang='grc' dir='ltr'>ὃν</span> <span class='ocrx_word' id='word_1_348' title='bbox 2923 2907 3216 2979; x_wconf 66' lang='grc' dir='ltr'>εἰσῆλθενὸ</span> <span class='ocrx_word' id='word_1_349' title='bbox 3261 2908 3625 2980; x_wconf 64' lang='grc' dir='ltr'>ἐπιστρέψας..</span> 
     </span>
    </p>
   </div>
   <div class='ocr_carea' id='block_1_46' title="bbox 366 2991 3258 3082">
    <p class='ocr_par' dir='ltr' id='par_1_46' title="bbox 366 2991 3258 3082">
     <span class='ocr_line' id='line_1_47' title="bbox 366 2991 3258 3082; baseline 0.006 -28"><span class='ocrx_word' id='word_1_350' title='bbox 366 3007 589 3071; x_wconf 80' lang='grc' dir='ltr'>πατρός</span> <span class='ocrx_word' id='word_1_351' title='bbox 604 3025 724 3074; x_wconf 84' lang='grc' dir='ltr'><strong>μου</strong></span> <span class='ocrx_word' id='word_1_352' title='bbox 743 3007 1013 3070; x_wconf 81' lang='grc' dir='ltr'>,βασιλέα</span> <span class='ocrx_word' id='word_1_353' title='bbox 1043 3007 1366 3081; x_wconf 77' lang='grc' dir='ltr'>[βασιλεὺς],</span> <span class='ocrx_word' id='word_1_354' title='bbox 1401 3011 1538 3082; x_wconf 84' lang='grc' dir='ltr'>ὅπερ</span> <span class='ocrx_word' id='word_1_355' title='bbox 1570 3012 1717 3064; x_wconf 75' lang='grc' dir='ltr'>ἐστὶν</span> <span class='ocrx_word' id='word_1_356' title='bbox 1746 3015 1778 3066; x_wconf 83' lang='grc' dir='ltr'><strong><em>ό</em></strong></span> <span class='ocrx_word' id='word_1_357' title='bbox 1817 3010 1950 3077; x_wconf 75' lang='grc' dir='ltr'><strong>Υἱὸς</strong></span> <span class='ocrx_word' id='word_1_358' title='bbox 1977 3010 2082 3064; x_wconf 88' lang='grc' dir='ltr'>τοῦ</span> <span class='ocrx_word' id='word_1_359' title='bbox 2117 3007 2286 3073; x_wconf 87' lang='grc' dir='ltr'>Θεοῦ,</span> <span class='ocrx_word' id='word_1_360' title='bbox 2317 3009 2346 3059; x_wconf 87' lang='grc' dir='ltr'><strong>ὁ</strong></span> <span class='ocrx_word' id='word_1_361' title='bbox 2379 3005 2631 3076; x_wconf 81' lang='grc' dir='ltr'>βασιλεὺς</span> <span class='ocrx_word' id='word_1_362' title='bbox 2652 3003 2760 3056; x_wconf 75' lang='grc' dir='ltr'><strong>τῶν</strong></span> <span class='ocrx_word' id='word_1_363' title='bbox 2794 2991 3043 3075; x_wconf 60' lang='grc' dir='ltr'>παέεέρων</span> <span class='ocrx_word' id='word_1_364' title='bbox 3079 3003 3258 3075; x_wconf 73' lang='grc' dir='ltr'><strong>ἢμῶνο</strong></span> 
     </span>
    </p>
   </div>
   <div class='ocr_carea' id='block_1_47' title="bbox 438 3096 3619 3176">
    <p class='ocr_par' dir='ltr' id='par_1_47' title="bbox 438 3096 3619 3176">
     <span class='ocr_line' id='line_1_48' title="bbox 438 3096 3619 3176; baseline 0.001 -26"><span class='ocrx_word' id='word_1_365' title='bbox 438 3096 649 3156; x_wconf 89' lang='lat' dir='ltr'><strong>Titulus</strong></span> <span class='ocrx_word' id='word_1_366' title='bbox 675 3101 970 3173; x_wconf 89' lang='lat' dir='ltr'><strong>inscriptus</strong></span> <span class='ocrx_word' id='word_1_367' title='bbox 999 3106 1280 3160; x_wconf 86' lang='lat' dir='ltr'><strong>continet:</strong></span> <span class='ocrx_word' id='word_1_368' title='bbox 1312 3105 1374 3160; x_wconf 87' lang='lat' dir='ltr'><strong>In</strong></span> <span class='ocrx_word' id='word_1_369' title='bbox 1407 3109 1563 3176; x_wconf 82' lang='lat' dir='ltr'><strong>ﬁnem</strong></span> <span class='ocrx_word' id='word_1_370' title='bbox 1598 3110 1894 3163; x_wconf 83' lang='lat' dir='ltr'><strong>intellectus</strong></span> <span class='ocrx_word' id='word_1_371' title='bbox 1929 3107 2141 3163; x_wconf 86' lang='lat' dir='ltr'><strong>David:</strong></span> <span class='ocrx_word' id='word_1_372' title='bbox 2177 3123 2296 3160; x_wconf 88' lang='lat' dir='ltr'><strong>cum</strong></span> <span class='ocrx_word' id='word_1_373' title='bbox 2324 3105 2464 3160; x_wconf 80' lang='lat' dir='ltr'><strong>venit</strong></span> <span class='ocrx_word' id='word_1_374' title='bbox 2500 3103 2641 3157; x_wconf 88' lang='lat' dir='ltr'><strong>Doec</strong></span> <span class='ocrx_word' id='word_1_375' title='bbox 2672 3101 2960 3167; x_wconf 67' lang='lat' dir='ltr'><strong>Idumaeas,</strong></span> <span class='ocrx_word' id='word_1_376' title='bbox 2991 3112 3038 3155; x_wconf 89' lang='lat' dir='ltr'><strong>et</strong></span> <span class='ocrx_word' id='word_1_377' title='bbox 3071 3103 3411 3155; x_wconf 84' lang='lat' dir='ltr'><strong>annuntiavit</strong></span> <span class='ocrx_word' id='word_1_378' title='bbox 3445 3101 3619 3166; x_wconf 81' lang='lat' dir='ltr'><strong>Sauli,</strong></span> 
     </span>
    </p>
   </div>
   <div class='ocr_carea' id='block_1_48' title="bbox 366 3193 3623 3275">
    <p class='ocr_par' dir='ltr' id='par_1_48' title="bbox 366 3193 3623 3275">
     <span class='ocr_line' id='line_1_49' title="bbox 366 3193 3623 3275; baseline 0.001 -30"><span class='ocrx_word' id='word_1_379' title='bbox 366 3200 418 3244; x_wconf 87' lang='lat' dir='ltr'><strong>et</strong></span> <span class='ocrx_word' id='word_1_380' title='bbox 440 3193 575 3247; x_wconf 74' lang='lat' dir='ltr'><strong>dixit</strong></span> <span class='ocrx_word' id='word_1_381' title='bbox 603 3197 692 3249; x_wconf 87' lang='lat' dir='ltr'><strong>ei:</strong></span> <span class='ocrx_word' id='word_1_382' title='bbox 728 3195 877 3250; x_wconf 83' lang='lat' dir='ltr'><strong>Venit</strong></span> <span class='ocrx_word' id='word_1_383' title='bbox 907 3197 1080 3252; x_wconf 79' lang='lat' dir='ltr'><strong>David</strong></span> <span class='ocrx_word' id='word_1_384' title='bbox 1111 3201 1166 3252; x_wconf 91' lang='lat' dir='ltr'><strong>in</strong></span> <span class='ocrx_word' id='word_1_385' title='bbox 1197 3202 1412 3254; x_wconf 89' lang='lat' dir='ltr'><strong>domum</strong></span> <span class='ocrx_word' id='word_1_386' title='bbox 1444 3202 1764 3259; x_wconf 75' lang='lat' dir='ltr'><strong>Abimelcch.</strong></span> <span class='ocrx_word' id='word_1_387' title='bbox 1793 3204 1910 3261; x_wconf 81' lang='lat' dir='ltr'><strong>Hoc</strong></span> <span class='ocrx_word' id='word_1_388' title='bbox 1952 3206 2117 3275; x_wconf 84' lang='lat' dir='ltr'><strong>igitur</strong></span> <span class='ocrx_word' id='word_1_389' title='bbox 2149 3201 2440 3273; x_wconf 85' lang='lat' dir='ltr'><strong>signiﬁcat,</strong></span> <span class='ocrx_word' id='word_1_390' title='bbox 2473 3215 2596 3254; x_wconf 93' lang='lat' dir='ltr'><strong>cum</strong></span> <span class='ocrx_word' id='word_1_391' title='bbox 2628 3198 2752 3268; x_wconf 83' lang='lat' dir='ltr'><strong>quis</strong></span> <span class='ocrx_word' id='word_1_392' title='bbox 2790 3214 2819 3250; x_wconf 90' lang='lat' dir='ltr'><strong>a</strong></span> <span class='ocrx_word' id='word_1_393' title='bbox 2846 3205 3065 3267; x_wconf 89' lang='lat' dir='ltr'><strong>peccato</strong></span> <span class='ocrx_word' id='word_1_394' title='bbox 3094 3194 3312 3248; x_wconf 86' lang='lat' dir='ltr'><strong>tandem</strong></span> <span class='ocrx_word' id='word_1_395' title='bbox 3349 3194 3403 3247; x_wconf 90' lang='lat' dir='ltr'><strong>in</strong></span> <span class='ocrx_word' id='word_1_396' title='bbox 3438 3194 3623 3260; x_wconf 85' lang='lat' dir='ltr'><strong>cogni-</strong></span> 
     </span>
    </p>
   </div>
   <div class='ocr_carea' id='block_1_49' title="bbox 368 3285 3622 3368">
    <p class='ocr_par' dir='ltr' id='par_1_49' title="bbox 368 3285 3622 3368">
     <span class='ocr_line' id='line_1_50' title="bbox 368 3285 3622 3368; baseline 0.002 -29"><span class='ocrx_word' id='word_1_397' title='bbox 368 3285 568 3342; x_wconf 90' lang='lat' dir='ltr'><strong>tionem</strong></span> <span class='ocrx_word' id='word_1_398' title='bbox 595 3289 726 3345; x_wconf 83' lang='lat' dir='ltr'><strong>boni</strong></span> <span class='ocrx_word' id='word_1_399' title='bbox 777 3293 1004 3359; x_wconf 86' lang='lat' dir='ltr'><strong>venerit,</strong></span> <span class='ocrx_word' id='word_1_400' title='bbox 1036 3303 1164 3350; x_wconf 91' lang='lat' dir='ltr'><strong>tunc</strong></span> <span class='ocrx_word' id='word_1_401' title='bbox 1193 3298 1484 3352; x_wconf 77' lang='lat' dir='ltr'><strong>contrariae</strong></span> <span class='ocrx_word' id='word_1_402' title='bbox 1513 3308 1810 3368; x_wconf 89' lang='lat' dir='ltr'><strong>potestates</strong></span> <span class='ocrx_word' id='word_1_403' title='bbox 1847 3303 2162 3357; x_wconf 91' lang='lat' dir='ltr'><strong>consultant</strong></span> <span class='ocrx_word' id='word_1_404' title='bbox 2204 3315 2328 3355; x_wconf 89' lang='lat' dir='ltr'><strong>cum</strong></span> <span class='ocrx_word' id='word_1_405' title='bbox 2372 3296 2592 3352; x_wconf 88' lang='lat' dir='ltr'><strong>diabolo</strong></span> <span class='ocrx_word' id='word_1_406' title='bbox 2612 3337 2626 3360; x_wconf 92' lang='lat'><strong>,</strong></span> <span class='ocrx_word' id='word_1_407' title='bbox 2656 3293 2930 3366; x_wconf 86' lang='lat' dir='ltr'><strong>quomodo</strong></span> <span class='ocrx_word' id='word_1_408' title='bbox 2962 3291 3051 3360; x_wconf 91' lang='lat' dir='ltr'><strong>qui</strong></span> <span class='ocrx_word' id='word_1_409' title='bbox 3086 3306 3144 3345; x_wconf 89' lang='lat' dir='ltr'><strong>se</strong></span> <span class='ocrx_word' id='word_1_410' title='bbox 3174 3292 3469 3353; x_wconf 83' lang='lat' dir='ltr'><strong>convertit,</strong></span> <span class='ocrx_word' id='word_1_411' title='bbox 3504 3305 3622 3360; x_wconf 88' lang='lat' dir='ltr'><strong>per-</strong></span> 
     </span>
    </p>
   </div>
   <div class='ocr_carea' id='block_1_50' title="bbox 367 3378 3620 3461">
    <p class='ocr_par' dir='ltr' id='par_1_50' title="bbox 367 3378 3620 3461">
     <span class='ocr_line' id='line_1_51' title="bbox 367 3378 3620 3461; baseline 0 -30"><span class='ocrx_word' id='word_1_412' title='bbox 367 3378 522 3434; x_wconf 86' lang='lat' dir='ltr'><strong>dant.</strong></span> <span class='ocrx_word' id='word_1_413' title='bbox 545 3380 719 3435; x_wconf 81' lang='lat' dir='ltr'><strong>David</strong></span> <span class='ocrx_word' id='word_1_414' title='bbox 740 3383 884 3438; x_wconf 88' lang='lat' dir='ltr'><strong>enim</strong></span> <span class='ocrx_word' id='word_1_415' title='bbox 920 3387 1302 3454; x_wconf 84' lang='lat' dir='ltr'><strong>interpretatur</strong></span> <span class='ocrx_word' id='word_1_416' title='bbox 1332 3388 1418 3440; x_wconf 85' lang='lat' dir='ltr'><strong>hic</strong></span> <span class='ocrx_word' id='word_1_417' title='bbox 1449 3389 1670 3443; x_wconf 81' lang='lat' dir='ltr'><strong>dilectus</strong></span> <span class='ocrx_word' id='word_1_418' title='bbox 1690 3407 1708 3444; x_wconf 91' lang='lat'><em>:</em></span> <span class='ocrx_word' id='word_1_419' title='bbox 1740 3392 1844 3446; x_wconf 82' lang='lat' dir='ltr'><strong>hoc</strong></span> <span class='ocrx_word' id='word_1_420' title='bbox 1867 3403 1970 3454; x_wconf 90' lang='lat' dir='ltr'><strong>est,</strong></span> <span class='ocrx_word' id='word_1_421' title='bbox 2005 3392 2094 3461; x_wconf 86' lang='lat' dir='ltr'><strong>qui</strong></span> <span class='ocrx_word' id='word_1_422' title='bbox 2123 3407 2176 3444; x_wconf 77' lang='lat' dir='ltr'><strong>se</strong></span> <span class='ocrx_word' id='word_1_423' title='bbox 2205 3389 2480 3443; x_wconf 86' lang='lat' dir='ltr'><strong>convertit.</strong></span> <span class='ocrx_word' id='word_1_424' title='bbox 2517 3387 2661 3440; x_wconf 84' lang='lat' dir='ltr'><strong>Doec</strong></span> <span class='ocrx_word' id='word_1_425' title='bbox 2692 3393 2870 3439; x_wconf 89' lang='lat' dir='ltr'><strong>autem</strong></span> <span class='ocrx_word' id='word_1_426' title='bbox 2907 3380 3174 3435; x_wconf 75' lang='lat' dir='ltr'><strong>ldunueus</strong></span> <span class='ocrx_word' id='word_1_427' title='bbox 3208 3379 3620 3449; x_wconf 87' lang='lat' dir='ltr'><strong>interpretatur,</strong></span> 
     </span>
    </p>
   </div>
   <div class='ocr_carea' id='block_1_51' title="bbox 371 3473 3626 3554">
    <p class='ocr_par' dir='ltr' id='par_1_51' title="bbox 371 3473 3626 3554">
     <span class='ocr_line' id='line_1_52' title="bbox 371 3473 3626 3554; baseline 0.002 -31"><span class='ocrx_word' id='word_1_428' title='bbox 371 3473 592 3526; x_wconf 86' lang='lat' dir='ltr'><strong>tentatio</strong></span> <span class='ocrx_word' id='word_1_429' title='bbox 637 3475 882 3544; x_wconf 81' lang='lat' dir='ltr'><strong>deﬁciens</strong></span> <span class='ocrx_word' id='word_1_430' title='bbox 907 3492 926 3530; x_wconf 92' lang='lat'><strong><em>:</em></strong></span> <span class='ocrx_word' id='word_1_431' title='bbox 951 3479 1140 3548; x_wconf 80' lang='lat' dir='ltr'><strong>quales</strong></span> <span class='ocrx_word' id='word_1_432' title='bbox 1187 3491 1314 3536; x_wconf 91' lang='lat' dir='ltr'><strong>sunt</strong></span> <span class='ocrx_word' id='word_1_433' title='bbox 1347 3485 1630 3539; x_wconf 73' lang='lat' dir='ltr'><strong>contraria:</strong></span> <span class='ocrx_word' id='word_1_434' title='bbox 1661 3495 1968 3554; x_wconf 78' lang='lat' dir='ltr'><strong>potestates.</strong></span> <span class='ocrx_word' id='word_1_435' title='bbox 2020 3486 2151 3540; x_wconf 90' lang='lat' dir='ltr'><strong>Saul</strong></span> <span class='ocrx_word' id='word_1_436' title='bbox 2183 3494 2364 3540; x_wconf 90' lang='lat' dir='ltr'><strong>autem</strong></span> <span class='ocrx_word' id='word_1_437' title='bbox 2403 3485 2790 3551; x_wconf 88' lang='lat' dir='ltr'><strong>interpretatur</strong></span> <span class='ocrx_word' id='word_1_438' title='bbox 2833 3479 3028 3547; x_wconf 77' lang='lat' dir='ltr'><strong>petitus</strong></span> <span class='ocrx_word' id='word_1_439' title='bbox 3079 3473 3360 3547; x_wconf 84' lang='lat' dir='ltr'><strong>[petitor]:</strong></span> <span class='ocrx_word' id='word_1_440' title='bbox 3409 3475 3515 3529; x_wconf 89' lang='lat' dir='ltr'><strong>hoc</strong></span> <span class='ocrx_word' id='word_1_441' title='bbox 3546 3482 3626 3529; x_wconf 82' lang='lat' dir='ltr'><strong>est</strong></span> 
     </span>
    </p>
   </div>
   <div class='ocr_carea' id='block_1_52' title="bbox 367 3567 3624 3651">
    <p class='ocr_par' dir='ltr' id='par_1_52' title="bbox 367 3567 3624 3651">
     <span class='ocr_line' id='line_1_53' title="bbox 367 3567 3624 3651; baseline 0.002 -32"><span class='ocrx_word' id='word_1_442' title='bbox 367 3567 633 3633; x_wconf 75' lang='lat' dir='ltr'><strong>diabolus,</strong></span> <span class='ocrx_word' id='word_1_443' title='bbox 658 3571 752 3640; x_wconf 91' lang='lat' dir='ltr'><strong>qui</strong></span> <span class='ocrx_word' id='word_1_444' title='bbox 801 3586 990 3629; x_wconf 88' lang='lat' dir='ltr'><strong>omnes</strong></span> <span class='ocrx_word' id='word_1_445' title='bbox 1011 3574 1190 3644; x_wconf 87' lang='lat' dir='ltr'><strong>justos</strong></span> <span class='ocrx_word' id='word_1_446' title='bbox 1221 3586 1426 3634; x_wconf 89' lang='lat' dir='ltr'><strong>tentare</strong></span> <span class='ocrx_word' id='word_1_447' title='bbox 1456 3582 1715 3650; x_wconf 87' lang='lat' dir='ltr'><strong>postulat.</strong></span> <span class='ocrx_word' id='word_1_448' title='bbox 1759 3582 2061 3636; x_wconf 80' lang='lat' dir='ltr'><strong>Abimetech</strong></span> <span class='ocrx_word' id='word_1_449' title='bbox 2091 3593 2296 3648; x_wconf 90' lang='lat' dir='ltr'><strong>autem,</strong></span> <span class='ocrx_word' id='word_1_450' title='bbox 2323 3581 2389 3636; x_wconf 88' lang='lat' dir='ltr'><strong>ad</strong></span> <span class='ocrx_word' id='word_1_451' title='bbox 2424 3596 2586 3651; x_wconf 87' lang='lat' dir='ltr'><strong>quem</strong></span> <span class='ocrx_word' id='word_1_452' title='bbox 2631 3578 2777 3632; x_wconf 81' lang='lat' dir='ltr'><strong>venit</strong></span> <span class='ocrx_word' id='word_1_453' title='bbox 2828 3591 2886 3630; x_wconf 84' lang='lat' dir='ltr'><strong>se</strong></span> <span class='ocrx_word' id='word_1_454' title='bbox 2919 3580 3263 3638; x_wconf 84' lang='lat' dir='ltr'><strong>convertens,</strong></span> <span class='ocrx_word' id='word_1_455' title='bbox 3295 3570 3624 3641; x_wconf 75' lang='lat' dir='ltr'><strong>interpreta-</strong></span> 
     </span>
    </p>
   </div>
   <div class='ocr_carea' id='block_1_53' title="bbox 368 3667 2576 3750">
    <p class='ocr_par' dir='ltr' id='par_1_53' title="bbox 368 3667 2576 3750">
     <span class='ocr_line' id='line_1_54' title="bbox 368 3667 2576 3750; baseline 0.007 -36"><span class='ocrx_word' id='word_1_456' title='bbox 368 3669 460 3716; x_wconf 86' lang='lat' dir='ltr'><strong>tur</strong></span> <span class='ocrx_word' id='word_1_457' title='bbox 490 3679 580 3716; x_wconf 71' lang='lat' dir='ltr'><strong>rex</strong></span> <span class='ocrx_word' id='word_1_458' title='bbox 606 3667 775 3733; x_wconf 79' lang='lat' dir='ltr'><strong>patris</strong></span> <span class='ocrx_word' id='word_1_459' title='bbox 804 3670 924 3737; x_wconf 88' lang='lat' dir='ltr'><strong>mei,</strong></span> <span class='ocrx_word' id='word_1_460' title='bbox 959 3670 1136 3740; x_wconf 83' lang='lat' dir='ltr'><strong>qualis</strong></span> <span class='ocrx_word' id='word_1_461' title='bbox 1169 3683 1255 3728; x_wconf 87' lang='lat' dir='ltr'><strong>est</strong></span> <span class='ocrx_word' id='word_1_462' title='bbox 1287 3673 1465 3731; x_wconf 67' lang='lat' dir='ltr'><strong>Filius</strong></span> <span class='ocrx_word' id='word_1_463' title='bbox 1491 3675 1610 3741; x_wconf 89' lang='lat' dir='ltr'><strong>Dei,</strong></span> <span class='ocrx_word' id='word_1_464' title='bbox 1637 3679 1728 3747; x_wconf 91' lang='lat' dir='ltr'><strong>qui</strong></span> <span class='ocrx_word' id='word_1_465' title='bbox 1763 3688 1847 3734; x_wconf 86' lang='lat' dir='ltr'><strong>est.</strong></span> <span class='ocrx_word' id='word_1_466' title='bbox 1872 3695 1962 3734; x_wconf 81' lang='lat' dir='ltr'><strong>rex</strong></span> <span class='ocrx_word' id='word_1_467' title='bbox 1990 3690 2205 3750; x_wconf 86' lang='lat' dir='ltr'><strong>patrum</strong></span> <span class='ocrx_word' id='word_1_468' title='bbox 2239 3689 2576 3734; x_wconf 88' lang='lat' dir='ltr'><strong>nostrorum.</strong></span> 
     </span>
    </p>
   </div>
   <div class='ocr_carea' id='block_1_54' title="bbox 441 3763 1922 3855">
    <p class='ocr_par' dir='ltr' id='par_1_54' title="bbox 441 3781 1734 3855">
     <span class='ocr_line' id='line_1_55' title="bbox 441 3781 1734 3855; baseline 0.017 -21"><span class='ocrx_word' id='word_1_469' title='bbox 441 3781 494 3835; x_wconf 76' lang='grc'>1.</span> <span class='ocrx_word' id='word_1_470' title='bbox 529 3782 670 3849; x_wconf 86' lang='lat' dir='ltr'><strong>Quid</strong></span> <span class='ocrx_word' id='word_1_471' title='bbox 705 3786 966 3855; x_wconf 70' lang='lat' dir='ltr'><strong>gloriatur</strong></span> <span class='ocrx_word' id='word_1_472' title='bbox 996 3793 1248 3852; x_wconf 88' lang='lat' dir='ltr'><strong>diabolus</strong></span> <span class='ocrx_word' id='word_1_473' title='bbox 1277 3797 1331 3851; x_wconf 90' lang='lat' dir='ltr'><strong>in</strong></span> <span class='ocrx_word' id='word_1_474' title='bbox 1362 3799 1569 3853; x_wconf 87' lang='lat' dir='ltr'><strong>malitia</strong></span> <span class='ocrx_word' id='word_1_475' title='bbox 1603 3801 1734 3855; x_wconf 81' lang='lat' dir='ltr'><strong>sua?</strong></span> 
     </span>
    </p>
   </div>
   <div class='ocr_carea' id='block_1_55' title="bbox 2148 3763 3629 3855">
    <p class='ocr_par' dir='ltr' id='par_1_55' title="bbox 2148 3763 3629 3849">
     <span class='ocr_line' id='line_1_56' title="bbox 2148 3763 3629 3849; baseline -0.008 -17"><span class='ocrx_word' id='word_1_476' title='bbox 2148 3821 2174 3834; x_wconf 45' lang='grc' dir='ltr'><strong>η.</strong></span> <span class='ocrx_word' id='word_1_477' title='bbox 2210 3781 2273 3832; x_wconf 91' lang='grc' dir='ltr'>Τί</span> <span class='ocrx_word' id='word_1_478' title='bbox 2304 3781 2571 3849; x_wconf 82' lang='grc' dir='ltr'>καυχᾶται</span> <span class='ocrx_word' id='word_1_479' title='bbox 2601 3775 2884 3838; x_wconf 86' lang='grc' dir='ltr'>ὀδιάϐολος</span> <span class='ocrx_word' id='word_1_480' title='bbox 2912 3773 3005 3826; x_wconf 73' lang='grc' dir='ltr'><strong>ἐπὶ</strong></span> <span class='ocrx_word' id='word_1_481' title='bbox 3027 3773 3093 3843; x_wconf 79' lang='grc' dir='ltr'>τῇ</span> <span class='ocrx_word' id='word_1_482' title='bbox 3116 3766 3312 3826; x_wconf 76' lang='grc' dir='ltr'>ἑαυτοῦ</span> <span class='ocrx_word' id='word_1_483' title='bbox 3341 3765 3516 3839; x_wconf 74' lang='grc' dir='ltr'>κακίᾳ</span> <span class='ocrx_word' id='word_1_484' title='bbox 3528 3763 3629 3838; x_wconf 59' lang='grc' dir='ltr'><strong>(τις</strong></span> 
     </span>
    </p>
   </div>
   <div class='ocr_carea' id='block_1_56' title="bbox 441 3858 1922 3960">
    <p class='ocr_par' dir='ltr' id='par_1_56' title="bbox 441 3873 1732 3960">
     <span class='ocr_line' id='line_1_57' title="bbox 441 3873 1732 3960; baseline 0.017 -35"><span class='ocrx_word' id='word_1_485' title='bbox 441 3873 494 3926; x_wconf 77' lang='lat'><strong>2.</strong></span> <span class='ocrx_word' id='word_1_486' title='bbox 532 3874 588 3928; x_wconf 92' lang='lat' dir='ltr'><strong>In</strong></span> <span class='ocrx_word' id='word_1_487' title='bbox 624 3876 912 3947; x_wconf 90' lang='lat' dir='ltr'><strong>iniquitate</strong></span> <span class='ocrx_word' id='word_1_488' title='bbox 940 3899 1045 3953; x_wconf 88' lang='lat' dir='ltr'><strong>qua</strong></span> <span class='ocrx_word' id='word_1_489' title='bbox 1078 3887 1453 3944; x_wconf 84' lang='lat' dir='ltr'><strong>indesinenter</strong></span> <span class='ocrx_word' id='word_1_490' title='bbox 1476 3891 1732 3960; x_wconf 83' lang='lat' dir='ltr'><strong>cingitur.</strong></span> 
     </span>
    </p>
   </div>
   <div class='ocr_carea' id='block_1_57' title="bbox 2050 3858 3531 3960">
    <p class='ocr_par' dir='ltr' id='par_1_57' title="bbox 2117 3858 3531 3942">
     <span class='ocr_line' id='line_1_58' title="bbox 2117 3858 3531 3942; baseline -0.007 -18"><span class='ocrx_word' id='word_1_491' title='bbox 2117 3871 2171 3924; x_wconf 72' lang='grc'>2.</span> <span class='ocrx_word' id='word_1_492' title='bbox 2220 3872 2306 3923; x_wconf 84' lang='grc' dir='ltr'>Ἐν</span> <span class='ocrx_word' id='word_1_493' title='bbox 2331 3874 2398 3942; x_wconf 83' lang='grc' dir='ltr'><strong>τῇ</strong></span> <span class='ocrx_word' id='word_1_494' title='bbox 2421 3869 2618 3942; x_wconf 75' lang='grc' dir='ltr'>ἀνομίᾳ</span> <span class='ocrx_word' id='word_1_495' title='bbox 2703 3864 3080 3938; x_wconf 84' lang='grc' dir='ltr'>περιϐάλλεται</span> <span class='ocrx_word' id='word_1_496' title='bbox 3106 3861 3182 3932; x_wconf 91' lang='grc'><strong>(8)</strong></span> <span class='ocrx_word' id='word_1_497' title='bbox 3205 3858 3531 3923; x_wconf 85' lang='grc' dir='ltr'>ἀπαύστως.</span> 
     </span>
    </p>
   </div>
   <div class='ocr_carea' id='block_1_58' title="bbox 445 3957 1926 4048">
    <p class='ocr_par' dir='ltr' id='par_1_58' title="bbox 445 3957 1678 4048">
     <span class='ocr_line' id='line_1_59' title="bbox 445 3957 1678 4048; baseline 0.022 -31"><span class='ocrx_word' id='word_1_498' title='bbox 445 3964 498 4018; x_wconf 80' lang='grc'>5.</span> <span class='ocrx_word' id='word_1_499' title='bbox 539 3965 604 4022; x_wconf 85' lang='grc' dir='ltr'>Ει</span> <span class='ocrx_word' id='word_1_500' title='bbox 635 3968 959 4038; x_wconf 68' lang='lat' dir='ltr'><strong>iniustitiam</strong></span> <span class='ocrx_word' id='word_1_501' title='bbox 991 3979 1261 4048; x_wconf 80' lang='lat' dir='ltr'><strong>suggeris.</strong></span> <span class='ocrx_word' id='word_1_502' title='bbox 1571 3957 1593 3960; x_wconf 34' lang='grc' dir='ltr'><em>ί</em></span> <span class='ocrx_word' id='word_1_503' title='bbox 1672 4036 1678 4044; x_wconf 88' lang='grc'>,</span> 
     </span>
    </p>
   </div>
   <div class='ocr_carea' id='block_1_59' title="bbox 1451 3957 2932 4048">
    <p class='ocr_par' dir='ltr' id='par_1_59' title="bbox 1571 3957 2932 4044">
     <span class='ocr_line' id='line_1_60' title="bbox 1571 3957 2932 4044; baseline -0.018 -13"><span class='ocrx_word' id='word_1_504' title='bbox 1571 3957 1593 3960; x_wconf 18' lang='grc'><strong>’⁷</strong></span> <span class='ocrx_word' id='word_1_505' title='bbox 1672 4036 1678 4044; x_wconf 43' lang='grc'><strong>,</strong></span> <span class='ocrx_word' id='word_1_506' title='bbox 2119 3962 2172 4016; x_wconf 78' lang='grc'><strong>5.</strong></span> <span class='ocrx_word' id='word_1_507' title='bbox 2205 3963 2315 4015; x_wconf 75' lang='grc' dir='ltr'>Καὶ</span> <span class='ocrx_word' id='word_1_508' title='bbox 2347 3960 2561 4013; x_wconf 86' lang='grc' dir='ltr'>ἀδικίαν</span> <span class='ocrx_word' id='word_1_509' title='bbox 2594 3957 2932 4020; x_wconf 84' lang='grc' dir='ltr'>ὑποϐάλλεις.</span> 
     </span>
    </p>
   </div>
   <div class='ocr_carea' id='block_1_60' title="bbox 442 4039 1923 4142">
    <p class='ocr_par' dir='ltr' id='par_1_60' title="bbox 442 4055 1923 4128">
     <span class='ocr_line' id='line_1_61' title="bbox 442 4055 1923 4128; baseline 0.015 -22"><span class='ocrx_word' id='word_1_510' title='bbox 442 4055 497 4108; x_wconf 73' lang='grc'>4.</span> <span class='ocrx_word' id='word_1_511' title='bbox 528 4055 739 4112; x_wconf 89' lang='lat' dir='ltr'><strong>Nudam</strong></span> <span class='ocrx_word' id='word_1_512' title='bbox 757 4070 810 4114; x_wconf 92' lang='lat' dir='ltr'><strong>et</strong></span> <span class='ocrx_word' id='word_1_513' title='bbox 834 4062 1218 4122; x_wconf 89' lang='lat' dir='ltr'><strong>inhonoratam</strong></span> <span class='ocrx_word' id='word_1_514' title='bbox 1241 4071 1420 4124; x_wconf 89' lang='lat' dir='ltr'><strong>reddis</strong></span> <span class='ocrx_word' id='word_1_515' title='bbox 1443 4086 1663 4127; x_wconf 88' lang='lat' dir='ltr'><strong>omnem</strong></span> <span class='ocrx_word' id='word_1_516' title='bbox 1682 4073 1923 4128; x_wconf 86' lang='lat' dir='ltr'><strong>animam</strong></span> 
     </span>
    </p>
   </div>
   <div class='ocr_carea' id='block_1_61' title="bbox 2145 4039 3626 4142">
    <p class='ocr_par' dir='ltr' id='par_1_61' title="bbox 2145 4039 3626 4124">
     <span class='ocr_line' id='line_1_62' title="bbox 2145 4039 3626 4124; baseline -0.011 -18"><span class='ocrx_word' id='word_1_517' title='bbox 2145 4087 2173 4109; x_wconf 68' lang='grc' dir='ltr'><strong>ρ.</strong></span> <span class='ocrx_word' id='word_1_518' title='bbox 2213 4053 2430 4124; x_wconf 82' lang='grc' dir='ltr'>Γυμνὴν</span> <span class='ocrx_word' id='word_1_519' title='bbox 2451 4052 2544 4104; x_wconf 75' lang='grc' dir='ltr'><strong>καὶ</strong></span> <span class='ocrx_word' id='word_1_520' title='bbox 2564 4050 2756 4121; x_wconf 84' lang='grc' dir='ltr'>ἄτιμον</span> <span class='ocrx_word' id='word_1_521' title='bbox 2790 4044 3160 4108; x_wconf 81' lang='grc' dir='ltr'>ἀποδεικνύεις</span> <span class='ocrx_word' id='word_1_522' title='bbox 3208 4043 3394 4096; x_wconf 81' lang='grc' dir='ltr'>πᾶσαν</span> <span class='ocrx_word' id='word_1_523' title='bbox 3429 4039 3626 4112; x_wconf 74' lang='grc' dir='ltr'>ψυχὴν,</span> 
     </span>
    </p>
   </div>
   <div class='ocr_carea' id='block_1_62' title="bbox 374 4133 1855 4235">
    <p class='ocr_par' dir='ltr' id='par_1_62' title="bbox 374 4147 1855 4235">
     <span class='ocr_line' id='line_1_63' title="bbox 374 4147 1855 4235; baseline 0.012 -35"><span class='ocrx_word' id='word_1_524' title='bbox 374 4147 835 4209; x_wconf 77' lang='lat' dir='ltr'><strong>auemadmodum</strong></span> <span class='ocrx_word' id='word_1_525' title='bbox 867 4159 1130 4214; x_wconf 88' lang='lat' dir='ltr'><strong>novacula</strong></span> <span class='ocrx_word' id='word_1_526' title='bbox 1159 4161 1318 4218; x_wconf 80' lang='lat' dir='ltr'><strong>eﬂicit</strong></span> <span class='ocrx_word' id='word_1_527' title='bbox 1350 4163 1574 4218; x_wconf 84' lang='lat' dir='ltr'><strong>barbam</strong></span> <span class='ocrx_word' id='word_1_528' title='bbox 1607 4173 1662 4219; x_wconf 89' lang='lat' dir='ltr'><strong>et</strong></span> <span class='ocrx_word' id='word_1_529' title='bbox 1685 4174 1855 4235; x_wconf 87' lang='lat' dir='ltr'><strong>caput.</strong></span> 
     </span>
    </p>
   </div>
   <div class='ocr_carea' id='block_1_63' title="bbox 2150 4133 3631 4235">
    <p class='ocr_par' dir='ltr' id='par_1_63' title="bbox 2150 4133 3631 4218">
     <span class='ocr_line' id='line_1_64' title="bbox 2150 4133 3631 4218; baseline -0.008 -19"><span class='ocrx_word' id='word_1_530' title='bbox 2150 4163 2241 4218; x_wconf 72' lang='lat' dir='ltr'><strong>nep</strong></span> <span class='ocrx_word' id='word_1_531' title='bbox 2261 4146 2324 4200; x_wconf 83' lang='grc' dir='ltr'>τὸ</span> <span class='ocrx_word' id='word_1_532' title='bbox 2355 4143 2512 4217; x_wconf 82' lang='grc' dir='ltr'>ξυρὸν</span> <span class='ocrx_word' id='word_1_533' title='bbox 2543 4141 2889 4200; x_wconf 83' lang='grc' dir='ltr'>ἀποδείκνυσι</span> <span class='ocrx_word' id='word_1_534' title='bbox 2904 4139 2993 4192; x_wconf 83' lang='grc' dir='ltr'><strong>τὸν</strong></span> <span class='ocrx_word' id='word_1_535' title='bbox 3026 4137 3264 4208; x_wconf 82' lang='grc' dir='ltr'>πώγωνα</span> <span class='ocrx_word' id='word_1_536' title='bbox 3287 4136 3386 4190; x_wconf 75' lang='grc' dir='ltr'><strong>καὶ</strong></span> <span class='ocrx_word' id='word_1_537' title='bbox 3416 4133 3516 4204; x_wconf 77' lang='grc' dir='ltr'>τὴν</span> <span class='ocrx_word' id='word_1_538' title='bbox 3544 4149 3631 4188; x_wconf 79' lang='grc' dir='ltr'>κι-</span> 
     </span>
    </p>
   </div>
   <div class='ocr_carea' id='block_1_64' title="bbox 2051 4240 2242 4312">
    <p class='ocr_par' dir='ltr' id='par_1_64' title="bbox 2051 4240 2242 4312">
     <span class='ocr_line' id='line_1_65' title="bbox 2051 4240 2242 4312; baseline -0.005 -20"><span class='ocrx_word' id='word_1_539' title='bbox 2051 4240 2242 4312; x_wconf 74' lang='grc' dir='ltr'>φαλήν.</span> 
     </span>
    </p>
   </div>
   <div class='ocr_carea' id='block_1_65' title="bbox 442 4319 1923 4412">
    <p class='ocr_par' dir='ltr' id='par_1_65' title="bbox 442 4325 1919 4412">
     <span class='ocr_line' id='line_1_66' title="bbox 442 4325 1919 4412; baseline 0.013 -32"><span class='ocrx_word' id='word_1_540' title='bbox 442 4326 496 4381; x_wconf 84' lang='grc'><strong>5.</strong></span> <span class='ocrx_word' id='word_1_541' title='bbox 526 4325 708 4402; x_wconf 86' lang='lat' dir='ltr'><strong>Magis</strong></span> <span class='ocrx_word' id='word_1_542' title='bbox 751 4347 906 4388; x_wconf 89' lang='lat' dir='ltr'><strong>amas</strong></span> <span class='ocrx_word' id='word_1_543' title='bbox 949 4335 1373 4406; x_wconf 79' lang='lat' dir='ltr'><strong>interfectorem,</strong></span> <span class='ocrx_word' id='word_1_544' title='bbox 1404 4358 1567 4412; x_wconf 87' lang='lat' dir='ltr'><strong>quam</strong></span> <span class='ocrx_word' id='word_1_545' title='bbox 1611 4343 1788 4399; x_wconf 89' lang='lat' dir='ltr'><strong>bonos</strong></span> <span class='ocrx_word' id='word_1_546' title='bbox 1830 4360 1919 4399; x_wconf 89' lang='lat' dir='ltr'><strong>ser</strong></span> 
     </span>
    </p>
   </div>
   <div class='ocr_carea' id='block_1_66' title="bbox 2148 4319 3629 4412">
    <p class='ocr_par' dir='ltr' id='par_1_66' title="bbox 2148 4319 3629 4405">
     <span class='ocr_line' id='line_1_67' title="bbox 2148 4319 3629 4405; baseline -0.009 -20"><span class='ocrx_word' id='word_1_547' title='bbox 2148 4335 2177 4387; x_wconf 75' lang='grc' dir='ltr'>ἱ.</span> <span class='ocrx_word' id='word_1_548' title='bbox 2215 4332 2290 4405; x_wconf 85' lang='grc'><strong>(9)</strong></span> <span class='ocrx_word' id='word_1_549' title='bbox 2327 4331 2531 4395; x_wconf 75' lang='grc' dir='ltr'>Ἡδέως</span> <span class='ocrx_word' id='word_1_550' title='bbox 2564 4331 2707 4401; x_wconf 77' lang='grc' dir='ltr'>ἔχεις</span> <span class='ocrx_word' id='word_1_551' title='bbox 2751 4338 2842 4382; x_wconf 85' lang='grc' dir='ltr'><strong>τον</strong></span> <span class='ocrx_word' id='word_1_552' title='bbox 2897 4322 3158 4394; x_wconf 55' lang='grc' dir='ltr'>φονευτὺν</span> <span class='ocrx_word' id='word_1_553' title='bbox 3209 4321 3415 4390; x_wconf 78' lang='grc' dir='ltr'>μᾶλλον</span> <span class='ocrx_word' id='word_1_554' title='bbox 3463 4321 3497 4392; x_wconf 86' lang='grc' dir='ltr'>ἢ</span> <span class='ocrx_word' id='word_1_555' title='bbox 3542 4319 3629 4372; x_wconf 82' lang='grc' dir='ltr'>τὸν</span> 
     </span>
    </p>
   </div>
   <div class='ocr_carea' id='block_1_67' title="bbox 374 4418 1855 4496">
    <p class='ocr_par' dir='ltr' id='par_1_67' title="bbox 374 4427 944 4496">
     <span class='ocr_line' id='line_1_68' title="bbox 374 4427 944 4496; baseline 0.002 -15"><span class='ocrx_word' id='word_1_556' title='bbox 374 4440 566 4482; x_wconf 87' lang='lat' dir='ltr'><strong>mones</strong></span> <span class='ocrx_word' id='word_1_557' title='bbox 603 4427 913 4496; x_wconf 88' lang='lat' dir='ltr'><strong>loquentem</strong></span> <span class='ocrx_word' id='word_1_558' title='bbox 929 4467 944 4482; x_wconf 91' lang='lat'><strong>.</strong></span> 
     </span>
    </p>
   </div>
   <div class='ocr_carea' id='block_1_68' title="bbox 1540 4418 3021 4496">
    <p class='ocr_par' dir='ltr' id='par_1_68' title="bbox 2053 4418 3021 4496">
     <span class='ocr_line' id='line_1_69' title="bbox 2053 4418 3021 4496; baseline -0.013 -14"><span class='ocrx_word' id='word_1_559' title='bbox 2053 4425 2157 4486; x_wconf 72' lang='grc' dir='ltr'>κᾶν</span> <span class='ocrx_word' id='word_1_560' title='bbox 2185 4427 2289 4490; x_wconf 73' lang='grc' dir='ltr'><strong>ἕως</strong></span> <span class='ocrx_word' id='word_1_561' title='bbox 2315 4427 2475 4496; x_wconf 80' lang='grc' dir='ltr'>λόγου</span> <span class='ocrx_word' id='word_1_562' title='bbox 2509 4421 2714 4491; x_wconf 85' lang='grc' dir='ltr'>ἀγαθοῦ</span> <span class='ocrx_word' id='word_1_563' title='bbox 2738 4418 3021 4473; x_wconf 83' lang='grc' dir='ltr'>λαλοῦντα.</span> 
     </span>
    </p>
   </div>
   <div class='ocr_carea' id='block_1_69' title="bbox 448 4504 1929 4593">
    <p class='ocr_par' dir='ltr' id='par_1_69' title="bbox 448 4515 1929 4593">
     <span class='ocr_line' id='line_1_70' title="bbox 448 4515 1929 4593; baseline 0.009 -24"><span class='ocrx_word' id='word_1_564' title='bbox 448 4516 502 4581; x_wconf 89' lang='grc'>6,</span> <span class='ocrx_word' id='word_1_565' title='bbox 530 4515 582 4570; x_wconf 90' lang='lat'><strong>7.</strong></span> <span class='ocrx_word' id='word_1_566' title='bbox 611 4515 906 4572; x_wconf 87' lang='lat' dir='ltr'><strong>Delectaris</strong></span> <span class='ocrx_word' id='word_1_567' title='bbox 935 4517 1269 4588; x_wconf 85' lang='lat' dir='ltr'><strong>blasphemia</strong></span> <span class='ocrx_word' id='word_1_568' title='bbox 1302 4530 1357 4576; x_wconf 89' lang='lat' dir='ltr'><strong>et</strong></span> <span class='ocrx_word' id='word_1_569' title='bbox 1381 4524 1532 4578; x_wconf 89' lang='lat' dir='ltr'><strong>omni</strong></span> <span class='ocrx_word' id='word_1_570' title='bbox 1578 4524 1820 4593; x_wconf 83' lang='lat' dir='ltr'><strong>improba</strong></span> <span class='ocrx_word' id='word_1_571' title='bbox 1853 4525 1929 4582; x_wconf 79' lang='lat' dir='ltr'><strong>du</strong></span> 
     </span>
    </p>
   </div>
   <div class='ocr_carea' id='block_1_70' title="bbox 2148 4504 3629 4593">
    <p class='ocr_par' dir='ltr' id='par_1_70' title="bbox 2156 4504 3629 4586">
     <span class='ocr_line' id='line_1_71' title="bbox 2156 4504 3629 4586; baseline -0.011 -14"><span class='ocrx_word' id='word_1_572' title='bbox 2156 4558 2170 4581; x_wconf 91' lang='lat'><strong>,</strong></span> <span class='ocrx_word' id='word_1_573' title='bbox 2205 4519 2256 4571; x_wconf 87' lang='lat'><strong>7.</strong></span> <span class='ocrx_word' id='word_1_574' title='bbox 2306 4517 2509 4580; x_wconf 80' lang='grc' dir='ltr'>Ἡδέως</span> <span class='ocrx_word' id='word_1_575' title='bbox 2531 4515 2673 4586; x_wconf 79' lang='grc' dir='ltr'>ἔχεις</span> <span class='ocrx_word' id='word_1_576' title='bbox 2703 4508 3049 4583; x_wconf 75' lang='grc' dir='ltr'>βλασφημίαν</span> <span class='ocrx_word' id='word_1_577' title='bbox 3064 4509 3165 4563; x_wconf 73' lang='grc' dir='ltr'><strong>καὶ</strong></span> <span class='ocrx_word' id='word_1_578' title='bbox 3197 4507 3382 4561; x_wconf 84' lang='grc' dir='ltr'>πᾶσαν</span> <span class='ocrx_word' id='word_1_579' title='bbox 3411 4504 3629 4576; x_wconf 73' lang='grc' dir='ltr'>διδαχὴν</span> 
     </span>
    </p>
   </div>
   <div class='ocr_carea' id='block_1_71' title="bbox 373 4608 2314 4682">
    <p class='ocr_par' dir='ltr' id='par_1_71' title="bbox 373 4608 2314 4682">
     <span class='ocr_line' id='line_1_72' title="bbox 373 4608 2314 4682; baseline 0 -19"><span class='ocrx_word' id='word_1_580' title='bbox 373 4608 572 4667; x_wconf 85' lang='lat' dir='ltr'><strong>ctrina.</strong></span> <span class='ocrx_word' id='word_1_581' title='bbox 2054 4610 2314 4682; x_wconf 79' lang='grc' dir='ltr'>πονηράν.</span> 
     </span>
    </p>
   </div>
   <div class='ocr_carea' id='block_1_72' title="bbox 451 4689 1932 4771">
    <p class='ocr_par' dir='ltr' id='par_1_72' title="bbox 451 4699 1932 4771">
     <span class='ocr_line' id='line_1_73' title="bbox 451 4699 1932 4771; baseline 0.007 -17"><span class='ocrx_word' id='word_1_582' title='bbox 451 4699 504 4754; x_wconf 88' lang='grc'><strong>8.</strong></span> <span class='ocrx_word' id='word_1_583' title='bbox 537 4699 825 4771; x_wconf 87' lang='lat' dir='ltr'><strong>Propterea</strong></span> <span class='ocrx_word' id='word_1_584' title='bbox 874 4705 929 4759; x_wconf 90' lang='lat' dir='ltr'><strong>in</strong></span> <span class='ocrx_word' id='word_1_585' title='bbox 983 4710 1458 4764; x_wconf 84' lang='lat' dir='ltr'><strong>consummatione</strong></span> <span class='ocrx_word' id='word_1_586' title='bbox 1516 4710 1838 4764; x_wconf 83' lang='lat' dir='ltr'><strong>saeculorum</strong></span> <span class='ocrx_word' id='word_1_587' title='bbox 1891 4711 1932 4765; x_wconf 82' lang='lat' dir='ltr'><strong>it</strong></span> 
     </span>
    </p>
   </div>
   <div class='ocr_carea' id='block_1_73' title="bbox 2149 4689 3630 4771">
    <p class='ocr_par' dir='ltr' id='par_1_73' title="bbox 2149 4689 3630 4765">
     <span class='ocr_line' id='line_1_74' title="bbox 2149 4689 3630 4765; baseline -0.011 -9"><span class='ocrx_word' id='word_1_588' title='bbox 2149 4706 2181 4757; x_wconf 77' lang='grc' dir='ltr'>ι.</span> <span class='ocrx_word' id='word_1_589' title='bbox 2210 4701 2309 4754; x_wconf 80' lang='grc' dir='ltr'>Διά</span> <span class='ocrx_word' id='word_1_590' title='bbox 2340 4699 2497 4754; x_wconf 78' lang='grc' dir='ltr'>τοῦτο</span> <span class='ocrx_word' id='word_1_591' title='bbox 2529 4697 2620 4751; x_wconf 74' lang='grc' dir='ltr'><strong>ἐπὶ</strong></span> <span class='ocrx_word' id='word_1_592' title='bbox 2646 4692 2926 4765; x_wconf 79' lang='grc' dir='ltr'>συντελείᾳ</span> <span class='ocrx_word' id='word_1_593' title='bbox 2957 4689 3052 4744; x_wconf 80' lang='grc' dir='ltr'>τοῦ</span> <span class='ocrx_word' id='word_1_594' title='bbox 3096 4689 3291 4755; x_wconf 77' lang='grc' dir='ltr'>αἰῶνος</span> <span class='ocrx_word' id='word_1_595' title='bbox 3337 4690 3535 4743; x_wconf 80' lang='grc' dir='ltr'>ἀπολεῖ</span> <span class='ocrx_word' id='word_1_596' title='bbox 3576 4703 3630 4741; x_wconf 82' lang='grc' dir='ltr'><strong>σε</strong></span> 
     </span>
    </p>
   </div>
   <div class='ocr_carea' id='block_1_74' title="bbox 373 4792 1854 4864">
    <p class='ocr_par' dir='ltr' id='par_1_74' title="bbox 373 4797 1364 4864">
     <span class='ocr_line' id='line_1_75' title="bbox 373 4797 1364 4864; baseline 0.009 -17"><span class='ocrx_word' id='word_1_597' title='bbox 373 4801 638 4850; x_wconf 60' lang='lat' dir='ltr'><strong>sternunt</strong></span> <span class='ocrx_word' id='word_1_598' title='bbox 667 4804 717 4850; x_wconf 86' lang='lat' dir='ltr'><strong>te</strong></span> <span class='ocrx_word' id='word_1_599' title='bbox 741 4797 948 4864; x_wconf 89' lang='lat' dir='ltr'><strong>perdet.</strong></span> <span class='ocrx_word' id='word_1_600' title='bbox 1362 4860 1364 4862; x_wconf 28' lang='grc' dir='ltr'><strong>τ</strong></span> 
     </span>
    </p>
   </div>
   <div class='ocr_carea' id='block_1_75' title="bbox 833 4792 2314 4864">
    <p class='ocr_par' dir='ltr' id='par_1_75' title="bbox 833 4792 2314 4862">
     <span class='ocr_line' id='line_1_76' title="bbox 833 4792 2314 4862; baseline 0.002 -20"><span class='ocrx_word' id='word_1_601' title='bbox 833 4797 948 4852; x_wconf 74' lang='grc' dir='ltr'>ιάει,</span> <span class='ocrx_word' id='word_1_602' title='bbox 1362 4860 1364 4862; x_wconf 16' lang='grc' dir='ltr'><strong><em>τ</em></strong></span> <span class='ocrx_word' id='word_1_603' title='bbox 2057 4796 2134 4857; x_wconf 85' lang='grc' dir='ltr'><strong>εἰς</strong></span> <span class='ocrx_word' id='word_1_604' title='bbox 2165 4792 2314 4855; x_wconf 82' lang='grc' dir='ltr'>τέλος</span> 
     </span>
    </p>
   </div>
   <div class='ocr_carea' id='block_1_76' title="bbox 447 4873 1928 4961">
    <p class='ocr_par' dir='ltr' id='par_1_76' title="bbox 447 4887 1844 4961">
     <span class='ocr_line' id='line_1_77' title="bbox 447 4887 1844 4961; baseline 0.004 -17"><span class='ocrx_word' id='word_1_605' title='bbox 447 4887 503 4944; x_wconf 87' lang='lat'><strong>9.</strong></span> <span class='ocrx_word' id='word_1_606' title='bbox 529 4887 956 4960; x_wconf 81' lang='lat' dir='ltr'><strong>Exstirpabitte,</strong></span> <span class='ocrx_word' id='word_1_607' title='bbox 975 4891 1044 4945; x_wconf 85' lang='lat' dir='ltr'><strong>ab</strong></span> <span class='ocrx_word' id='word_1_608' title='bbox 1065 4891 1296 4961; x_wconf 85' lang='lat' dir='ltr'><strong>imperio</strong></span> <span class='ocrx_word' id='word_1_609' title='bbox 1326 4900 1420 4944; x_wconf 92' lang='lat' dir='ltr'><strong>tuo</strong></span> <span class='ocrx_word' id='word_1_610' title='bbox 1445 4899 1495 4945; x_wconf 90' lang='lat' dir='ltr'><strong>te</strong></span> <span class='ocrx_word' id='word_1_611' title='bbox 1523 4892 1844 4950; x_wconf 84' lang='lat' dir='ltr'><strong>eliminabit.</strong></span> 
     </span>
    </p>
   </div>
   <div class='ocr_carea' id='block_1_77' title="bbox 2152 4873 3633 4961">
    <p class='ocr_par' dir='ltr' id='par_1_77' title="bbox 2152 4873 3633 4955">
     <span class='ocr_line' id='line_1_78' title="bbox 2152 4873 3633 4955; baseline -0.006 -21"><span class='ocrx_word' id='word_1_612' title='bbox 2152 4889 2181 4938; x_wconf 69' lang='grc' dir='ltr'>ι.</span> <span class='ocrx_word' id='word_1_613' title='bbox 2228 4879 2549 4955; x_wconf 81' lang='grc' dir='ltr'>Ἐκριζώσει</span> <span class='ocrx_word' id='word_1_614' title='bbox 2584 4897 2678 4945; x_wconf 90' lang='grc' dir='ltr'><strong>σε,</strong></span> <span class='ocrx_word' id='word_1_615' title='bbox 2739 4875 3082 4932; x_wconf 86' lang='grc' dir='ltr'>κατασπάσει</span> <span class='ocrx_word' id='word_1_616' title='bbox 3120 4891 3178 4927; x_wconf 89' lang='grc' dir='ltr'><strong>σε</strong></span> <span class='ocrx_word' id='word_1_617' title='bbox 3222 4873 3333 4928; x_wconf 82' lang='grc' dir='ltr'>ἀπὸ</span> <span class='ocrx_word' id='word_1_618' title='bbox 3357 4875 3458 4944; x_wconf 78' lang='grc' dir='ltr'>τῆς</span> <span class='ocrx_word' id='word_1_619' title='bbox 3479 4874 3633 4927; x_wconf 85' lang='grc' dir='ltr'>δυνα-</span> 
     </span>
    </p>
   </div>
   <div class='ocr_carea' id='block_1_78' title="bbox 2059 4990 2378 5036">
    <p class='ocr_par' dir='ltr' id='par_1_78' title="bbox 2059 4990 2378 5036">
     <span class='ocr_line' id='line_1_79' title="bbox 2059 4990 2378 5036; baseline -0.006 -8"><span class='ocrx_word' id='word_1_620' title='bbox 2059 4991 2240 5036; x_wconf 83' lang='grc' dir='ltr'>στειας</span> <span class='ocrx_word' id='word_1_621' title='bbox 2265 4990 2378 5026; x_wconf 91' lang='grc' dir='ltr'>σου.</span> 
     </span>
    </p>
   </div>
   <div class='ocr_carea' id='block_1_79' title="bbox 449 5051 1930 5132">
    <p class='ocr_par' dir='ltr' id='par_1_79' title="bbox 449 5069 1918 5132">
     <span class='ocr_line' id='line_1_80' title="bbox 449 5069 1918 5132; baseline -0.002 -5"><span class='ocrx_word' id='word_1_622' title='bbox 449 5072 535 5132; x_wconf 82' lang='lat' dir='ltr'><strong>l0.</strong></span> <span class='ocrx_word' id='word_1_623' title='bbox 561 5073 630 5130; x_wconf 89' lang='lat' dir='ltr'><strong>Et</strong></span> <span class='ocrx_word' id='word_1_624' title='bbox 668 5075 990 5132; x_wconf 88' lang='lat' dir='ltr'><strong>memoriam</strong></span> <span class='ocrx_word' id='word_1_625' title='bbox 1024 5084 1174 5129; x_wconf 88' lang='lat' dir='ltr'><strong>tuam</strong></span> <span class='ocrx_word' id='word_1_626' title='bbox 1217 5072 1371 5127; x_wconf 88' lang='lat' dir='ltr'><strong>tollet</strong></span> <span class='ocrx_word' id='word_1_627' title='bbox 1399 5087 1430 5125; x_wconf 93' lang='lat' dir='ltr'><strong>a</strong></span> <span class='ocrx_word' id='word_1_628' title='bbox 1456 5071 1831 5126; x_wconf 88' lang='lat' dir='ltr'><strong>recordatione</strong></span> <span class='ocrx_word' id='word_1_629' title='bbox 1863 5069 1918 5124; x_wconf 88' lang='lat' dir='ltr'><strong>vi</strong></span> 
     </span>
    </p>
   </div>
   <div class='ocr_carea' id='block_1_80' title="bbox 2150 5051 3631 5132">
    <p class='ocr_par' dir='ltr' id='par_1_80' title="bbox 2161 5051 3631 5132">
     <span class='ocr_line' id='line_1_81' title="bbox 2161 5051 3631 5132; baseline -0.009 -12"><span class='ocrx_word' id='word_1_630' title='bbox 2161 5067 2215 5121; x_wconf 90' lang='lat'><strong>0.</strong></span> <span class='ocrx_word' id='word_1_631' title='bbox 2246 5063 2355 5117; x_wconf 79' lang='lat' dir='ltr'><strong>Kal.</strong></span> <span class='ocrx_word' id='word_1_632' title='bbox 2386 5062 2446 5115; x_wconf 86' lang='grc' dir='ltr'><strong>τδ</strong></span> <span class='ocrx_word' id='word_1_633' title='bbox 2481 5059 2822 5132; x_wconf 81' lang='grc' dir='ltr'>μνημόσυνόν</span> <span class='ocrx_word' id='word_1_634' title='bbox 2853 5074 2946 5110; x_wconf 90' lang='grc' dir='ltr'><strong>σου</strong></span> <span class='ocrx_word' id='word_1_635' title='bbox 2973 5057 3098 5126; x_wconf 85' lang='grc' dir='ltr'>ἀρεῖ</span> <span class='ocrx_word' id='word_1_636' title='bbox 3113 5053 3226 5126; x_wconf 76' lang='lat' dir='ltr'><strong>(l0)</strong></span> <span class='ocrx_word' id='word_1_637' title='bbox 3251 5054 3361 5107; x_wconf 81' lang='grc' dir='ltr'>ἀπὸ</span> <span class='ocrx_word' id='word_1_638' title='bbox 3380 5053 3479 5122; x_wconf 78' lang='grc' dir='ltr'><strong>τῆς</strong></span> <span class='ocrx_word' id='word_1_639' title='bbox 3504 5051 3631 5124; x_wconf 69' lang='grc' dir='ltr'>μνή-</span> 
     </span>
    </p>
   </div>
   <div class='ocr_carea' id='block_1_81' title="bbox 374 5153 1855 5231">
    <p class='ocr_par' dir='ltr' id='par_1_81' title="bbox 374 5168 638 5222">
     <span class='ocr_line' id='line_1_82' title="bbox 374 5168 638 5222; baseline 0.008 -2"><span class='ocrx_word' id='word_1_640' title='bbox 374 5168 638 5222; x_wconf 83' lang='lat' dir='ltr'><strong>vcntium.</strong></span> 
     </span>
    </p>
   </div>
   <div class='ocr_carea' id='block_1_82' title="bbox 1081 5153 2562 5231">
    <p class='ocr_par' dir='ltr' id='par_1_82' title="bbox 1978 5153 2562 5231">
     <span class='ocr_line' id='line_1_83' title="bbox 1978 5153 2562 5231; baseline 0.002 -23"><span class='ocrx_word' id='word_1_641' title='bbox 1978 5153 2024 5208; x_wconf 90' lang='lat' dir='ltr'><strong>D</strong></span> <span class='ocrx_word' id='word_1_642' title='bbox 2056 5177 2164 5231; x_wconf 82' lang='grc' dir='ltr'>μης</span> <span class='ocrx_word' id='word_1_643' title='bbox 2194 5156 2301 5211; x_wconf 85' lang='grc' dir='ltr'><strong>τῶν</strong></span> <span class='ocrx_word' id='word_1_644' title='bbox 2325 5154 2562 5218; x_wconf 82' lang='grc' dir='ltr'>ζώντων.</span> 
     </span>
    </p>
   </div>
   <div class='ocr_carea' id='block_1_83' title="bbox 447 5241 1928 5330">
    <p class='ocr_par' dir='ltr' id='par_1_83' title="bbox 447 5257 1169 5330">
     <span class='ocr_line' id='line_1_84' title="bbox 447 5257 1169 5330; baseline -0.007 -15"><span class='ocrx_word' id='word_1_645' title='bbox 447 5261 534 5315; x_wconf 79' lang='grc' dir='ltr'>Η.</span> <span class='ocrx_word' id='word_1_646' title='bbox 559 5261 617 5316; x_wconf 91' lang='lat' dir='ltr'><strong>lu</strong></span> <span class='ocrx_word' id='word_1_647' title='bbox 644 5261 731 5316; x_wconf 89' lang='lat' dir='ltr'><strong>die</strong></span> <span class='ocrx_word' id='word_1_648' title='bbox 747 5259 958 5330; x_wconf 71' lang='lat' dir='ltr'><strong>iudicii.</strong></span> <span class='ocrx_word' id='word_1_649' title='bbox 1167 5257 1169 5262; x_wconf 80' lang='grc'><em>’</em></span> 
     </span>
    </p>
   </div>
   <div class='ocr_carea' id='block_1_84' title="bbox 1588 5241 3069 5330">
    <p class='ocr_par' dir='ltr' id='par_1_84' title="bbox 2135 5241 3069 5318">
     <span class='ocr_line' id='line_1_85' title="bbox 2135 5241 3069 5318; baseline -0.011 -13"><span class='ocrx_word' id='word_1_650' title='bbox 2135 5251 2220 5304; x_wconf 79' lang='grc' dir='ltr'><strong>Η.</strong></span> <span class='ocrx_word' id='word_1_651' title='bbox 2263 5249 2350 5302; x_wconf 87' lang='grc' dir='ltr'>Ἐν</span> <span class='ocrx_word' id='word_1_652' title='bbox 2380 5249 2445 5318; x_wconf 81' lang='grc' dir='ltr'>τῇ</span> <span class='ocrx_word' id='word_1_653' title='bbox 2478 5245 2660 5316; x_wconf 70' lang='grc' dir='ltr'>ἡμέρᾳ</span> <span class='ocrx_word' id='word_1_654' title='bbox 2687 5243 2785 5313; x_wconf 75' lang='grc' dir='ltr'>τῆς</span> <span class='ocrx_word' id='word_1_655' title='bbox 2817 5241 3069 5314; x_wconf 83' lang='grc' dir='ltr'>κρίσεως.</span> 
     </span>
    </p>
   </div>
   <div class='ocr_carea' id='block_1_85' title="bbox 1327 5361 2645 5446">
    <p class='ocr_par' dir='ltr' id='par_1_85' title="bbox 1327 5361 2645 5446">
     <span class='ocr_line' id='line_1_86' title="bbox 1327 5361 2645 5446; baseline -0.006 -16"><span class='ocrx_word' id='word_1_656' title='bbox 1327 5369 1632 5432; x_wconf 80' lang='lat' dir='ltr'><strong>Addenda</strong></span> <span class='ocrx_word' id='word_1_657' title='bbox 1660 5374 1720 5430; x_wconf 87' lang='lat' dir='ltr'><strong>et</strong></span> <span class='ocrx_word' id='word_1_658' title='bbox 1750 5365 2126 5446; x_wconf 83' lang='lat' dir='ltr'><strong>corrigenda</strong></span> <span class='ocrx_word' id='word_1_659' title='bbox 2159 5383 2236 5426; x_wconf 77' lang='lat' dir='ltr'><strong>ex</strong></span> <span class='ocrx_word' id='word_1_660' title='bbox 2268 5364 2410 5426; x_wconf 91' lang='lat' dir='ltr'><strong>cod.</strong></span> <span class='ocrx_word' id='word_1_661' title='bbox 2441 5361 2645 5422; x_wconf 83' lang='lat' dir='ltr'><strong>Vatic.</strong></span> 
     </span>
    </p>
   </div>
   <div class='ocr_carea' id='block_1_86' title="bbox 445 5489 2628 5569">
    <p class='ocr_par' dir='ltr' id='par_1_86' title="bbox 445 5489 2628 5569">
     <span class='ocr_line' id='line_1_87' title="bbox 445 5489 2628 5569; baseline -0.005 -17"><span class='ocrx_word' id='word_1_662' title='bbox 445 5499 523 5567; x_wconf 84' lang='grc'><strong>(1)</strong></span> <span class='ocrx_word' id='word_1_663' title='bbox 566 5499 629 5551; x_wconf 88' lang='grc' dir='ltr'><strong>Ἦ</strong></span> <span class='ocrx_word' id='word_1_664' title='bbox 653 5497 739 5569; x_wconf 81' lang='grc' dir='ltr'><strong>διά</strong></span> <span class='ocrx_word' id='word_1_665' title='bbox 757 5499 855 5568; x_wconf 80' lang='grc' dir='ltr'>τῆς</span> <span class='ocrx_word' id='word_1_666' title='bbox 881 5497 1249 5569; x_wconf 83' lang='grc' dir='ltr'>κινναϐάρεως</span> <span class='ocrx_word' id='word_1_667' title='bbox 1281 5514 1407 5569; x_wconf 87' lang='grc' dir='ltr'>περ.</span> <span class='ocrx_word' id='word_1_668' title='bbox 2247 5489 2628 5569; x_wconf 52' lang='grc' dir='ltr'>ῘΑπολέσωσιν.</span> 
     </span>
    </p>
   </div>
   <div class='ocr_carea' id='block_1_87' title="bbox 447 5563 2892 5637">
    <p class='ocr_par' dir='ltr' id='par_1_87' title="bbox 447 5563 2892 5637">
     <span class='ocr_line' id='line_1_88' title="bbox 447 5563 2892 5637; baseline 0.003 -8"><span class='ocrx_word' id='word_1_669' title='bbox 447 5563 522 5629; x_wconf 58' lang='lat' dir='ltr'><strong>(at</strong></span> <span class='ocrx_word' id='word_1_670' title='bbox 553 5563 854 5637; x_wconf 60' lang='grc' dir='ltr'>Εισελθεῖν.</span> <span class='ocrx_word' id='word_1_671' title='bbox 1114 5563 1126 5569; x_wconf 86' lang='grc'><em>’</em></span> <span class='ocrx_word' id='word_1_672' title='bbox 1356 5563 1369 5569; x_wconf 87' lang='grc'><em>’</em></span> <span class='ocrx_word' id='word_1_673' title='bbox 2129 5564 2205 5637; x_wconf 67' lang='grc'><strong>(7)</strong></span> <span class='ocrx_word' id='word_1_674' title='bbox 2233 5563 2505 5637; x_wconf 47' lang='lat' dir='ltr'><strong>surdae:</strong></span> <span class='ocrx_word' id='word_1_675' title='bbox 2632 5629 2642 5637; x_wconf 87' lang='lat'><strong>.</strong></span> <span class='ocrx_word' id='word_1_676' title='bbox 2814 5626 2840 5637; x_wconf 78' lang='lat'><strong>-</strong></span> <span class='ocrx_word' id='word_1_677' title='bbox 2859 5627 2892 5637; x_wconf 89' lang='lat'><strong>..</strong></span> 
     </span>
    </p>
   </div>
   <div class='ocr_carea' id='block_1_88' title="bbox 445 5564 1926 5715">
    <p class='ocr_par' dir='ltr' id='par_1_88' title="bbox 445 5564 1369 5715">
     <span class='ocr_line' id='line_1_89' title="bbox 447 5564 1369 5629; baseline 0 -7"><span class='ocrx_word' id='word_1_678' title='bbox 447 5564 522 5629; x_wconf 71' lang='grc'><strong>(2)</strong></span> <span class='ocrx_word' id='word_1_679' title='bbox 553 5564 854 5622; x_wconf 77' lang='grc' dir='ltr'>Είσελθεῖν.</span> <span class='ocrx_word' id='word_1_680' title='bbox 1114 5564 1126 5569; x_wconf 69' lang='grc'><em>’</em></span> <span class='ocrx_word' id='word_1_681' title='bbox 1356 5564 1369 5569; x_wconf 57' lang='grc'>⁷</span> 
     </span>
     <span class='ocr_line' id='line_1_90' title="bbox 445 5635 738 5715; baseline 0 0"><span class='ocrx_word' id='word_1_682' title='bbox 445 5641 521 5715; x_wconf 60' lang='grc' dir='ltr'><strong>(ὃ)</strong></span> <span class='ocrx_word' id='word_1_683' title='bbox 552 5635 738 5715; x_wconf 61' lang='grc' dir='ltr'>Εἶπεν-</span> 
     </span>
    </p>
   </div>
   <div class='ocr_carea' id='block_1_89' title="bbox 1734 5564 3215 5715">
    <p class='ocr_par' dir='ltr' id='par_1_89' title="bbox 2129 5564 3215 5715">
     <span class='ocr_line' id='line_1_91' title="bbox 2153 5564 2486 5630; baseline -0.012 -14"><span class='ocrx_word' id='word_1_684' title='bbox 2153 5564 2181 5616; x_wconf 82' lang='grc'>7</span> <span class='ocrx_word' id='word_1_685' title='bbox 2233 5564 2486 5630; x_wconf 88' lang='grc' dir='ltr'>Δυνάμει.</span> 
     </span>
     <span class='ocr_line' id='line_1_92' title="bbox 2129 5564 3215 5715; baseline 0 0"><span class='ocrx_word' id='word_1_686' title='bbox 2241 5631 2457 5715; x_wconf 49' lang='lat' dir='ltr'><strong>iam</strong></span> <span class='ocrx_word' id='word_1_687' title='bbox 2483 5629 2681 5715; x_wconf 59' lang='grc' dir='ltr'><strong>ἀγξιέςι</strong></span> <span class='ocrx_word' id='word_1_688' title='bbox 2703 5626 3091 5715; x_wconf 53' lang='grc' dir='ltr'>πρεβάὶλξῐῇιιτ</span> <span class='ocrx_word' id='word_1_689' title='bbox 3109 5629 3215 5715; x_wconf 57' lang='lat'><strong>9.“:</strong></span> 
     </span>
    </p>
   </div>
   <div class='ocr_carea' id='block_1_90' title="bbox 447 5685 1928 5851">
    <p class='ocr_par' dir='ltr' id='par_1_90' title="bbox 447 5685 950 5851">
     <span class='ocr_line' id='line_1_93' title="bbox 447 5685 790 5777; baseline 0.006 -14"><span class='ocrx_word' id='word_1_690' title='bbox 447 5685 520 5777; x_wconf 67' lang='grc' dir='ltr'><strong>ἰῖῖ</strong></span> <span class='ocrx_word' id='word_1_691' title='bbox 550 5685 790 5766; x_wconf 57' lang='lat' dir='ltr'><strong>rarae.</strong></span> 
     </span>
     <span class='ocr_line' id='line_1_94' title="bbox 449 5781 950 5851; baseline 0.004 -16"><span class='ocrx_word' id='word_1_692' title='bbox 449 5783 525 5851; x_wconf 79' lang='grc'><strong>(5)</strong></span> <span class='ocrx_word' id='word_1_693' title='bbox 556 5781 844 5836; x_wconf 78' lang='grc' dir='ltr'>Τουτὲστιν</span> <span class='ocrx_word' id='word_1_694' title='bbox 872 5784 950 5838; x_wconf 80' lang='grc' dir='ltr'><strong>αἱ.</strong></span> 
     </span>
    </p>
   </div>
   <div class='ocr_carea' id='block_1_91' title="bbox 1834 5685 3315 5851">
    <p class='ocr_par' dir='ltr' id='par_1_91' title="bbox 2132 5685 3315 5844">
     <span class='ocr_line' id='line_1_95' title="bbox 2132 5685 3315 5768; baseline -0.008 -13"><span class='ocrx_word' id='word_1_695' title='bbox 2132 5685 2208 5768; x_wconf 63' lang='lat'><strong>£93</strong></span> <span class='ocrx_word' id='word_1_696' title='bbox 2242 5699 2313 5756; x_wconf 79' lang='grc' dir='ltr'>Ν.</span> <span class='ocrx_word' id='word_1_697' title='bbox 2345 5700 2398 5758; x_wconf 82' lang='lat'><strong>5.</strong></span> <span class='ocrx_word' id='word_1_698' title='bbox 2426 5685 2475 5753; x_wconf 66' lang='grc' dir='ltr'><strong>ἑξ.</strong></span> <span class='ocrx_word' id='word_1_699' title='bbox 2522 5685 2837 5763; x_wconf 52' lang='lat' dir='ltr'><strong>net-sagis].</strong></span> <span class='ocrx_word' id='word_1_700' title='bbox 2867 5697 2914 5753; x_wconf 86' lang='lat'><strong>7.</strong></span> <span class='ocrx_word' id='word_1_701' title='bbox 2955 5693 3174 5758; x_wconf 77' lang='grc' dir='ltr'>Ἡδέως,</span> <span class='ocrx_word' id='word_1_702' title='bbox 3205 5699 3315 5746; x_wconf 83' lang='lat' dir='ltr'><strong>etc.</strong></span> 
     </span>
     <span class='ocr_line' id='line_1_96' title="bbox 2135 5771 2433 5844; baseline 0 0"><span class='ocrx_word' id='word_1_703' title='bbox 2135 5771 2244 5844; x_wconf 81' lang='grc' dir='ltr'><strong>(ιο)</strong></span> <span class='ocrx_word' id='word_1_704' title='bbox 2273 5772 2433 5844; x_wconf 73' lang='lat' dir='ltr'><strong>&quot;Aen-</strong></span> 
     </span>
    </p>
   </div>
   <div class='ocr_carea' id='block_1_92' title="bbox 449 5781 2433 5852">
    <p class='ocr_par' dir='ltr' id='par_1_92' title="bbox 449 5781 2433 5852">
     <span class='ocr_line' id='line_1_97' title="bbox 449 5781 2433 5852; baseline 0.005 -17"><span class='ocrx_word' id='word_1_705' title='bbox 449 5783 525 5852; x_wconf 79' lang='grc'><strong>(5)</strong></span> <span class='ocrx_word' id='word_1_706' title='bbox 556 5781 844 5836; x_wconf 78' lang='grc' dir='ltr'>Τουτὲστιν</span> <span class='ocrx_word' id='word_1_707' title='bbox 872 5784 950 5838; x_wconf 80' lang='grc' dir='ltr'><strong>αἱ.</strong></span> <span class='ocrx_word' id='word_1_708' title='bbox 2135 5781 2244 5844; x_wconf 72' lang='grc' dir='ltr'><strong>(ιθ)</strong></span> <span class='ocrx_word' id='word_1_709' title='bbox 2274 5781 2433 5844; x_wconf 63' lang='grc' dir='ltr'><strong>Ἄρη·</strong></span> 
     </span>
    </p>
   </div>
  </div>
