3750 6366
151 349 239 405 857
747 385 755 392 -
1122 356 1210 410 DE
1244 356 1514 417 TITULIS
1553 362 1632 418 PS

1903 369 2000 426 ιιι.
2031 345 2108 413 ῖ-
2145 346 2336 430 PSAL.
2369 347 2479 432 ιιι.
3281 379 3384 436 858

213 461 294 519 12.
325 463 439 516 Καὶ
470 463 568 517 ἐπ’
591 466 752 522 αὐτὸν
783 467 1117 537 γελάσονται,
1142 473 1233 525 καὶ
1253 473 1468 545 ἐροῦσιν
1486 494 1500 508 ο

1741 495 1790 549 Α
1887 485 1974 538 12.
2009 486 2070 541 Et
2099 505 2263 558 super
2294 506 2418 544 eum
2444 491 2717 557 ridebunt,
2741 503 2797 548 et
2826 493 3004 547 dicent
3031 510 3043 546 ε

58 1441 60 1448 .
156 1480 265 1528 ως.

213 554 291 608 15.
337 555 474 609 Ἰδοὺ
507 557 814 630 ἄνθρωπος,
853 560 912 624 ὅς
929 561 1030 614 οὐκ
1056 560 1208 616 ἔθετο
1237 564 1327 618 τὸν
1357 565 1489 621 Θεὸν
1519 566 1694 639 βοηθὸι

1896 578 1962 630 15.
1999 578 2135 635 Ecce
2162 554 2344 649 ltomo,
2378 584 2470 652 qui
2507 599 2610 638 non
2644 554 2826 654 posuit
2854 583 3028 639 Deum
3049 584 3377 655 adiutorium

155 663 301 700 αυτου
319 662 332 676 ⁸

1811 683 2002 722 suum:

219 736 299 791 11.
343 736 486 791 Ἀλλ’
517 738 818 795 ὲπῦλπισεν
855 741 948 796 ἐπὶ
972 742 1051 796 τῶ
1095 745 1288 816 πλήθει
1339 748 1432 802 τοῦ
1480 750 1670 805 πλούτο

189 826 336 880 ύτοῦ’

1896 759 1968 813 14.
2004 760 2107 814 Sed
2149 762 2383 830 speravit
2424 763 2477 816 in
2514 764 2859 820 multitudine
2899 766 3208 822 divitiarum
3251 783 3377 823 suae

156 843 304 882 αυτου
321 843 336 858 ⁸

1809 865 1929 904 rum
1954 869 1972 905 ἒ

222 919 300 972 15.
331 917 443 972 Καὶ
476 918 851 992 ἐνεδυναμώθη
882 923 974 976 ἐπὶ
988 928 1052 996 τῇ
1088 929 1407 1000 ματαιότητι
1433 933 1617 986 αὐτοῦ.

1404 933 1617 986 .αύτοῦ.
1883 942 1968 995 15.
2001 942 2066 996 Et
2092 944 2372 1011 praevaluit
2407 945 2460 999 in
2495 947 2731 1001 vanitate
2767 963 2885 1002 sua.

216 1008 296 1064 16.
338 1009 484 1078 Ἐγὼ
514 1009 571 1063 δὲ
598 1009 729 1064 ὡσεὶ
761 1012 916 1066 ἐλαία
951 1017 1305 1089 κατάκαρπος
1354 1024 1411 1076 ἐν
1452 1022 1529 1093 τῷ
1576 1023 1692 1094 οἴκιι

211 1101 237 1155 ὗ
256 1101 390 1155 Θεοῦ
411 1116 428 1130 ⁸

1895 1033 1978 1086 16.
2020 1008 2133 1104 Ego
2183 1045 2365 1089 autem
2415 1036 2555 1091 sient
2596 1037 2734 1091 oliva
2787 1037 3061 1094 fructifera
3110 1041 3164 1094 in
3211 1041 3376 1098 domo

158 1121 237 1156 του
256 1116 390 1155 Θεου
411 1116 428 1130 ⁵

1810 1124 1901 1178 Dei
1930 1143 1943 1179 :

224 1195 302 1247 17.
334 1194 577 1248 Ἦλπισα
606 1196 695 1249 ἐπὶ
722 1197 782 1250 τὸ
807 1197 954 1262 ἕλεος
983 1199 1076 1253 τοῦ
1106 1201 1240 1255 Θεοῦ
1282 1204 1362 1266 εἰς
1397 1203 1486 1256 τὸν
1515 1203 1705 1270 αἰῶνα,

1894 1216 1969 1268 17.
2004 1216 2225 1284 Speravi
2275 1217 2327 1270 in
2371 1216 2742 1274 misericordia
2787 1219 2881 1273 Dei
2927 1220 2979 1273 in
3005 1231 3288 1289 aeternum,
3320 1231 3375 1279 et

157 1285 234 1338 καὶ
251 1286 330 1347 εἰς
348 1285 443 1337 τὸν
466 1285 642 1338 αἰῶνα
662 1286 754 1340 τοῦ
783 1288 996 1354 αἰῶνος.

907 1307 996 1354 νος.
1810 1307 1864 1361 in
1897 1309 2154 1361 sarculum
2185 1308 2388 1361 saeculi.

216 1375 295 1428 18.
342 1375 838 1449 Ἐξομολογήσομαί
867 1396 946 1433 σοι
967 1382 1046 1444 εἰς
1074 1383 1164 1436 τὸν
1193 1383 1365 1438 αἰῶνα,
1416 1385 1497 1437 ὅτι
1524 1385 1697 1455 ὲποίη·

1878 1401 1965 1454 18.
1999 1399 2310 1454 Contitebor
2340 1399 2436 1454 tibi
2470 1399 2523 1454 in
2561 1402 2839 1466 saeculum,
2861 1404 2991 1473 quia
3017 1404 3228 1462 fecisti:

217 1555 296 1610 l9.
329 1555 437 1608 Kal
467 1555 724 1627 ὑπομενῶ
754 1557 814 1611 τὺ
835 1558 1006 1630 ὄνομα
1031 1579 1145 1628 σου,
1170 1563 1252 1617 ὅτι
1323 1564 1516 1620 οηστδν
1545 1565 1698 1618 ὲναν-

1891 1568 1960 1622 19.
1994 1567 2058 1622 Ει
2089 1580 2418 1640 exspectano
2451 1587 2646 1627 nomen
2677 1583 2850 1640 tuum,
2882 1572 3135 1642 quoniam
3169 1572 3372 1628 bonum

149 1645 248 1696 τίον
282 1643 392 1698 τῶν
420 1645 587 1698 ὁσίων
631 1662 744 1700 σου.

1809 1660 1861 1713 in
1884 1673 2179 1731 conspectu
2211 1673 2524 1717 sanctorum
2560 1672 2795 1718 tuorum.

151 1739 240 1803 Εἰς
262 1736 330 1790 τὸ
362 1737 539 1805 τέλος
563 1739 718 1808 ὑπὲρ
755 1741 1008 1804 Mue/1&0,
1041 1745 1348 1812 συνέσεως
1396 1747 1476 1812 τῷ
1507 1751 1632 1802 Δαϐι

1738 1740 1750 1759 ⁸
1972 1748 2038 1802 In
2065 1751 2243 1817 ﬁnem,
2273 1767 2368 1820 pro
2405 1751 2652 1816 Maeleth,
2692 1752 2984 1806 intellectus
3020 1751 3206 1808 Dauid.

763 1835 933 1887 ΨΑΑ.
962 1837 1092 1888 NB'.
1736 1846 1778 1900 Β
2103 1908 2109 1919 ι

1736 1846 1778 1900 B
2103 1908 2109 1919 ι
2398 1843 2602 1900 me
2652 1843 2777 1899 LII.

211 1921 257 1976 1.
286 1917 456 1976 Εἶπεν
489 1923 680 1995 ἄφρων
701 1927 757 1977 ἐν
787 1925 984 1997 καρδία
1009 1927 1172 1981 αὑτοῦ
1192 1946 1205 1959 ο
1241 1931 1353 1982 Οὐκ
1384 1930 1496 1985 ἐστι
1523 1933 1673 1998 Θεός.

1883 1933 1934 1986 1.
1968 1917 2111 1988 Dixit
2145 1935 2405 2005 insipiens
2442 1938 2494 1990 in
2531 1940 2694 1992 corde
2716 1955 2854 1992 suo:
2883 1935 3000 1990 Non
3035 1947 3117 1990 cst
3144 1935 3301 1991 Deus.

210 2009 257 2065 9..
289 2012 693 2084 Διεφθάρησαν,
718 2016 808 2068 καὶ
824 2016 1215 2089 ὲϐδελύχθησαν
1251 2020 1308 2073 ὲν
1329 2022 1580 2092 ἀνομίαις
1599 2041 1615 2056 ·

1891 2024 1934 2076 2.
1969 2024 2223 2094 Corrupti
2274 2035 2422 2092 sunt,
2451 2037 2504 2080 et
2555 2027 2944 2084 abominabiles
2983 2028 3112 2083 facti
3149 2035 3275 2082 sunt
3317 2026 3372 2082 in

1811 2115 2226 2184 hﬁquhaﬁbus:

211 2192 259 2246 5.
298 2194 413 2246 Οὐκ
437 2193 553 2246 ἔστι
585 2194 752 2248 ποιῶν
780 2195 1000 2264 ἀγαθόν.

1879 2209 1932 2261 5.
1969 2207 2085 2260 Non
2117 2218 2198 2263 est
2222 2209 2314 2278 qui
2349 2207 2504 2262 faciat
2537 2208 2759 2263 bonum.

210 2286 257 2340 1.
309 2287 367 2339 '0
398 2287 531 2350 Θεὸς
555 2289 620 2341 ἐκ
643 2287 736 2342 τοῦ
760 2289 987 2361 ούρανοῦ
1015 2290 1265 2362 διέκυψεν
1288 2293 1380 2347 ἐπὶ
1403 2295 1531 2358 τοὺς
1551 2295 1691 2362 υἱοὺς

1890 2300 1931 2356 1.
1965 2297 2106 2356 Deus
2146 2300 2211 2354 de
2243 2299 2384 2354 caelo
2409 2301 2687 2369 prospexit
2712 2314 2874 2371 super
2897 2300 3035 2357 ﬁlios
3067 2301 3371 2370 hominum,

151 2379 240 2433 τῶν
267 2378 366 2432 ἀνθ
371 2378 570 2449 ρώπων
576 2419 593 2446 ,

1250 2520 1627 2580 ATHANASII
1670 2524 2253 2583 INTERPRETATIO.

209 2695 290 2750 19..
327 2696 621 2768 Χαίροντες
651 2698 878 2753 εἴπωσιν
897 2716 911 2732 ο

1729 2711 1772 2768 C
1877 2709 1964 2762 12.
1993 2708 2302 2764 Caudentes
2331 2709 2510 2766 dicent

210 2788 289 2842 15.
328 2785 498 2853 οὗτος
529 2787 600 2861 ἦν
625 2793 655 2845 ὁ
686 2791 1076 2864 ἀνθιστάμενος
1099 2795 1177 2866 τῷ
1211 2796 1350 2868 Θεῷ.

1880 2802 1968 2854 15.
2000 2800 2098 2856 llic
2125 2811 2260 2865 erat,
2285 2802 2378 2871 qui
2409 2801 2519 2855 Deo
2544 2800 2945 2856 adversabatur.

210 2878 289 2933 14.
334 2881 473 2934 Ἀλλ’
518 2882 704 2954 ὲθάρει
745 2884 821 2954 (1)
855 2884 1234 2961 [ἐθάρρησεν]
1275 2890 1368 2942 ἐπὶ
1397 2891 1462 2961 τῇ
1514 2888 1691 2954 ἀλαζο

1514 2888 1710 2954 ἀλαξο-
1881 2893 1966 2947 14.
2002 2893 2105 2947 Sed
2135 2894 2374 2948 conﬁsus
2401 2900 2484 2948 est
2506 2893 2558 2946 in
2587 2891 2846 2962 jactantia
2868 2906 2981 2946 sua.

147 2971 253 3026 νεία
283 2972 497 3027 ἑαυτοῦ.

211 3064 293 3119 15.
329 3067 439 3120 Καὶ
469 3066 689 3138 ἴσχυσεν
711 3068 768 3121 ὲν
793 3072 858 3140 τῇ
890 3070 1108 3142 ἀνομίᾳ,
1138 3071 1204 3142 ῆν
1235 3070 1472 3143 ὲφηῢρεν
1498 3072 1596 3144 (2).

1882 3065 1969 3123 15.
2009 3065 2073 3120 Ει
2101 3067 2381 3136 praevaluit
2417 3067 2471 3120 in
2500 3066 2783 3137 iniquitate
2812 3081 2974 3135 quant
3005 3063 3227 3120 invenit.

213 3153 289 3209 16.
327 3156 385 3208 '0
412 3157 469 3210 δὲ
509 3158 671 3229 χορὸς
700 3159 808 3212 τῶν
865 3161 1035 3230 ἁγίων
1079 3161 1290 3234 πλήρης
1345 3165 1491 3218 ἐστὶν
1526 3165 1694 3229 ἐλέους

1895 3158 1963 3214 16.
1995 3158 2207 3212 Chorus
2230 3168 2409 3212 autem
2456 3168 2770 3214 sanctorum
2809 3157 3000 3227 plenus
3037 3164 3121 3211 est
3157 3155 3376 3212 miseri-

153 3247 230 3299 καὶ
260 3249 486 3319 καρπῶν
517 3251 828 3321 εἰρηνικῶν.

1807 3252 2013 3312 cordia,
2049 3260 2102 3304 et
2135 3250 2406 3306 fructibus
2433 3251 2696 3319 paciﬁcis.
2789 3273 2796 3281 -

212 3340 292 3394 17.
331 3340 720 3405 Ἀδιαλείπτως
746 3343 980 3401 πέποιθα
1011 3346 1102 3398 ἐπὶ
1137 3345 1198 3398 τὸ
1231 3347 1540 3417 ἀμέτρητον
1562 3347 1693 3410 ἕλεος

1893 3342 2370 3398 17.1η‹1‹ιιίοἱειιιει’
2423 3344 2663 3399 conﬁsus
2712 3360 2830 3399 sum
2883 3343 2936 3397 in
2985 3343 3248 3396 immensa
3279 3336 3374 3393 Dei

152 3431 230 3484 τοῦ
261 3432 416 3488 Θεοῦ.

1807 3432 2193 3488 misericordia.

215 3521 292 3576 18.
331 3521 552 3588 Δοξάσω
583 3539 644 3574 σε
685 3523 766 3586 εἰς
817 3521 909 3576 τὸν
933 3523 1124 3592 αἰῶνα,
1153 3527 1234 3582 ὅτι
1285 3525 1366 3597 (5)
1429 3527 1492 3580 σύ
1525 3545 1590 3598 με
1625 3529 1696 3594 εἰς

1895 3523 1965 3578 18.
1995 3523 2322 3579 Gloriﬁcabo
2367 3532 2419 3578 te
2464 3522 2519 3577 in
2570 3533 2853 3586 arternum,
2884 3520 3140 3590 quoniam
3187 3526 3246 3572 tu
3289 3531 3376 3570 me

152 3611 291 3666 τοῦτο
309 3615 535 3682 ἤγαγες.

1808 3615 1915 3670 huc
1944 3629 2120 3684 usque
2155 3613 2452 3668 adduxisti.

212 3705 288 3760 19.
315 3706 426 3760 Καὶ
453 3707 694 3777 διαμενῶ
720 3707 795 3778 (4)
821 3709 907 3762 ἀεὶ
951 3710 1010 3761 ἐν
1051 3709 1130 3779 τῷ
1185 3709 1410 3781 ὀνόματί
1453 3728 1546 3764 σου
1567 3749 1582 3775 ,
1623 3710 1693 3763 ὅτι

1894 3706 1966 3761 19.
1996 3705 2062 3758 Et
2088 3705 2416 3775 permanebo
2463 3718 2676 3772 semper
2716 3705 2770 3755 in
2815 3701 3034 3755 nomine
3077 3709 3190 3764 tuo,
3233 3711 3375 3767 quo-

153 3793 290 3850 τοῦτο
313 3796 520 3866 ἀγαθόν
547 3799 666 3851 ἐστι
698 3799 830 3851 πᾶσι
860 3802 972 3862 τοῖς
1003 3798 1176 3868 ἁγίοις
1202 3817 1316 3854 σου.

1808 3798 1955 3854 niam
1981 3798 2083 3852 hoc
2104 3797 2306 3852 bonum
2333 3805 2416 3850 est
2449 3795 2703 3849 omnibus
2735 3793 2938 3848 sanctis
2967 3793 3093 3846 tuis.

222 3907 282 3962 Ἡ
305 3909 641 3981 προκειμένη
680 3910 958 3980 ἐπιγραφὴ
989 3910 1232 3981 περιέχει
1262 3911 1337 3981 (5)
1364 3929 1378 3944 ο
1406 3913 1510 3978 Εἰς
1557 3911 1624 3965 τὸ
1659 3911 1835 3973 τέλος
1883 3905 2035 3976 ὑπὲρ
2081 3905 2337 3970 Μαελὲθ,
2395 3903 2702 3969 συνέσεως
2733 3901 2814 3968 τῷ
2862 3901 3058 3956 Δαϐίδ.
3093 3899 3262 3953 Τοῦτο
3285 3894 3378 3954 οὖν

153 4004 283 4058 ἔστιν
308 4003 373 4077 [ὃ
404 4005 595 4078 λέγει]
624 4007 717 4058 ἐπὶ
738 4006 879 4059 τέλει
908 4006 1016 4060 τῶν
1049 4006 1258 4062 αἰώνων
1291 4009 1429 4078 ὑπὲρ
1454 4007 1546 4062 τοῦ
1572 4007 1779 4078 Κυρίου
1805 4005 1956 4071 λέγει
1985 4006 2013 4057 ὁ
2043 4002 2280 4073 ψαλμὺς,
2303 4001 2419 4064 πῶς
2450 3998 2527 4069 (6)
2553 3997 2868 4070 ἐπιστρέφει
2889 3997 2978 4049 τὸν
3003 3995 3128 4048 λαὸν
3150 3993 3376 4048 λυτρού-

155 4111 298 4161 μενος
321 4097 486 4151 αύτὸν
519 4098 583 4151 ὲκ
612 4098 713 4167 τῆς
742 4098 836 4152 τοῦ
871 4098 1117 4153 διαϐόλου
1156 4101 1492 4164 δυναστείας.
1539 4097 1774 4155 Μαελὲθ
1805 4099 1914 4172 γὰρ
1948 4096 2327 4185 ἑρμηνεύεται
2364 4091 2644 4185 ἀπαρχῄῖ
2691 4089 2916 4162 ἀπαρχὴ
2933 4089 3000 4185 Αδὲ
3126 4089 3380 4185 Χρισῖός

153 4184 300 4244 ἐστιν.
334 4189 439 4254 Εἰς
462 4190 725 4242 σύνεσιν
752 4186 1073 4263 [Συνέσεως]
1098 4189 1156 4242 δὲ
1186 4188 1264 4259 τῷ
1299 4190 1497 4256 Δαϐὶδ,
1527 4189 1809 4249 τουτέστιν
1837 4190 1966 4242 ὅταν
2005 4185 2132 4258 ἔλθῃ
2163 4187 2242 4249 εἰς
2269 4184 2485 4237 σύνεσιν
2517 4185 2546 4236 ὁ
2564 4181 2689 4246 λαὸς
2717 4184 2744 4235 ὁ
2786 4179 3160 4249 πεποθημένος
3181 4195 3193 4206 ·
3221 4179 3378 4228 τοῦτο

153 4281 249 4350 γὰρ
273 4273 631 4354 ἑρμηνεύεται
663 4285 696 4335 d
718 4281 912 4337 Δαϐίὸ.

214 4370 417 4429 Titulus
449 4373 774 4445 praepositus
801 4373 1042 4436 continet
1070 4390 1083 4426 :
1118 4370 1185 4424 1η
1228 4371 1386 4440 ﬁnem
1430 4385 1524 4439 pro
1558 4369 1800 4437 ilaeteth,
1853 4368 2150 4423 intellectus
2176 4367 2363 4422 David.
2405 4367 2518 4424 [Ioc
2543 4368 2708 4437 igitur
2735 4376 2817 4422 est
2841 4365 3006 4437 [quod
3048 4358 3374 4433 signiﬁcat]:

153 4458 383 4518 Psalmus
412 4464 656 4534 loquitur
686 4465 753 4520 de
776 4463 1006 4519 Domino
1041 4465 1096 4523 in
1130 4466 1238 4520 ﬁne
1270 4466 1617 4531 saeculorum,
1644 4464 1918 4539 quomodo
1951 4463 2216 4520 convertit
2257 4463 2538 4532 populum,
2575 4462 2813 4515 liberans
2844 4475 2968 4514 eum
3003 4475 3068 4513 ex
3116 4463 3380 4526 potestate

153 4554 356 4610 diaboli.
389 4556 623 4610 Maeleth
655 4557 801 4612 enim
825 4558 1216 4628 interpretatur
1242 4559 1534 4626 primitiaz:
1571 4557 1825 4612 primitiae
1859 4566 2039 4610 autem
2075 4554 2317 4609 Christus
2353 4564 2473 4610 est:
2511 4553 2812 4607 Intellectus
2839 4561 3017 4606 autem
3052 4547 3241 4614 David,
3271 4547 3379 4601 hoc

152 4656 245 4710 est,
271 4663 393 4703 cum
429 4649 483 4704 in
514 4650 849 4707 intellectum
882 4653 1089 4707 venerit
1117 4650 1351 4720 populus
1381 4651 1757 4712 desideratus;
1785 4649 1858 4703 ita
1883 4650 2027 4702 enim
2065 4647 2422 4715 interpetatur
2455 4647 2639 4701 David.

215 4739 261 4793 1.
311 4741 370 4794 '0
393 4741 642 4806 διάϐολος
674 4746 770 4797 καὶ
803 4745 852 4797 οἱ
887 4743 1052 4798 αὑτοῦ
1082 4744 1282 4808 πάντες
1315 4744 1443 4820 περὶ
1485 4742 1580 4796 τοῦ
1619 4760 1696 4796 τε·

1899 4741 1937 4795 1.
1971 4738 2231 4794 Diabolus
2275 4747 2330 4793 et
2357 4755 2545 4796 omnes
2578 4741 2669 4812 qui
2707 4741 2828 4812 ejus
2857 4746 2985 4796 sunt
3017 4737 3270 4794 dixerunt
3313 4737 3380 4794 de

132 4833 354 4911 *χθέντος
375 4837 440 4889 ὲκ
465 4836 567 4906 τῆς
594 4835 896 4907 Παρθένου.

823 4853 896 4891 δυ.
1808 4841 1937 4887 nato
1973 4847 2039 4885 et
2067 4829 2304 4900 Virgine.

213 4925 259 4979 9..
289 4926 730 4997 Κατεφθάρησαν
755 4927 849 4980 καὶ
873 4927 1223 4999 προσώζεσαν
1251 4929 1307 4980 ὲν
1341 4925 1652 4997 ἁμαρτίαις.

1877 4927 1934 4979 2.
1967 4923 2222 4992 Corrupti
2258 4931 2386 4977 sunt
2413 4931 2463 4976 et
2490 4928 2811 4991 putruerunt
2839 4922 2893 4973 in
2924 4922 3178 4990 peccatis.

216 5015 264 5070 3.
289 5017 407 5071 Τῶν
435 5017 812 5072 ἀπειθούντων
842 5021 922 5090 τῷ
951 5019 1070 5090 Θεῷ
1102 5019 1182 5091 τῷ
1218 5019 1427 5088 ἀγαθῷ,
1466 5019 1557 5073 καὶ
1584 5017 1697 5069 κολ-

1897 5018 1934 5069 5.
1966 5016 2167 5070 Eorum
2203 5015 2297 5085 qui
2346 5014 2456 5071 Deo
2486 5015 2691 5084 optimo
2721 5013 3000 5079 resistunt,
3027 5022 3076 5068 ct
3105 5012 3378 5068 adhmrent

152 5101 396 5176 λωμένοις
430 5108 508 5178 (Ἰ)
542 5107 622 5180 τῷ
648 5109 892 5181 πονηρῷ.
1812 5109 1977 5162 malo.

217 5195 264 5249 4.
296 5201 592 5256 Κατανοεῖν
619 5201 688 5255 τὰ
719 5201 854 5273 ἔργα
885 5201 992 5255 τῶν
1018 5199 1338 5272 ἀνθρώπων.

1903 5198 1953 5251 ι.
1980 5194 2048 5250 Ut
2071 5207 2426 5258 cognosceret
2453 5209 2614 5265 opera
2639 5193 2937 5248 hominum.

1109 5362 1412 5427 Addenda
1440 5368 1500 5424 et
1550 5359 1925 5439 corrigenoa
1955 5375 2034 5419 ex
2069 5359 2208 5422 cod.
2248 5359 2450 5420 Vatic.

221 5523 290 5600 (1)
331 5528 600 5600 mappa.
732 5597 743 5600 _
833 5597 857 5600 _
1890 5527 1968 5600 (ᾖ)
2003 5530 2068 5581 Ἠ
2099 5525 2189 5580 διὰ
2218 5527 2316 5597 τῆς
2340 5526 2703 5597 κινναϐάρεως
2731 5541 2855 5599 περ.

321 5593 532 5670 ﬂexu-ev
555 5640 574 5670 ξ.
606 5636 621 5650 .
649 5637 662 5648 .
728 5597 972 5670 ἐφεῦρεν.
1999 5600 2116 5670 Ὃςἶ

327 5664 737 5731 Σεῖπαῦστωςν
766 5664 878 5734 δτιζ
904 5678 1009 5725 etc.
1889 5664 1968 5738 (7‘
1992 5668 2383 5736 Κολλωμενων.

225 5733 292 5803 (1)
324 5741 415 5791 Δια
424 5739 592 5811 μείνω
