3750 6378
135 302 231 358 865
1083 295 1172 355 DE
1203 292 1479 354 TITULIS
1510 292 1710 350 PSALI

1879 291 1964 348 [Μ.
1996 321 2066 335 --
2101 289 2309 352 Ρδκιε
2344 289 2478 349 LIV.
3250 281 3360 341 8νῶ

200 419 285 476 12.
313 416 744 491 Προσεδεχόμην
769 417 861 472 τὸν
896 416 1026 470 Θεὸν
1054 414 1147 472 τὸν
1184 417 1423 482 σώζοντα
1469 433 1536 489 με
1589 414 1696 471 ἀπὸ

1879 412 1956 468 12.
1983 411 2373 483 Exspectabam
2416 412 2608 474 Deum,
2649 409 2744 482 qui
2785 407 2996 464 salvum
3047 419 3132 458 me
3171 401 3300 459 facit
3326 419 3359 459 a

136 509 502 582 όλιγοψυχίας,
539 511 637 563 καὶ
659 508 767 562 ἀπὸ
787 507 1118 575 καταιγίδος.

1879 505 2242 560 sillanimitate
2271 503 2494 574 spiritus
2515 513 2570 558 et
2599 508 2937 570 tempestate.

206 602 291 658 15.
339 601 792 668 Καταπόντισον,
844 598 1048 670 Κύριε,
1108 599 1204 653 καὶ
1251 599 1533 654 καταδίελε
1599 600 1700 668 τὰς

1879 595 1957 650 l5.
1990 594 2293 665 Praecipita,
2325 593 2570 657 Domine,
2595 599 2649 646 et
2673 590 2852 644 divide
2873 589 3088 657 linguas
3112 599 3308 640 eorum
3341 602 3358 640 :

139 691 379 764 γλώσσας
420 691 642 746 αὐτῶνθ
1876 769 1930 776 η
1987 767 2017 776 Α
2138 767 2153 776 _
2413 766 2424 776 -
2472 767 2484 776 _
2568 767 2580 776 _
2652 775 2657 776 γ
2837 774 2843 776 Α
2980 773 2990 776 _
3077 763 3112 776 υ
3155 763 3188 776 Α

204 783 289 841 14.
327 785 455 837 Ὀτι
488 778 630 837 εἶδον
661 781 890 854 ἀνομίαν
909 819 924 846 ,
953 780 1048 835 καὶ
1077 782 1380 851 ἀντιλογίαν
1418 783 1476 838 ὲν
1503 784 1570 854 τῇ
1599 781 1701 838 πό-

1879 769 1955 824 14.
1980 767 2245 834 Quoniam
2269 767 2378 823 vidi
2412 766 2774 837 iniquitatem,
2799 774 2852 820 et
2868 763 3358 819 contradictionem

1903 859 2064 913 :ivitat

139 878 292 1023 1‘35.
332 967 586 1040 Ἡμέρας
627 967 724 1022 καὶ
763 966 957 1034 νυκτὸς
984 965 1251 1022 κυκλώσει
1295 965 1464 1038 αὐτὴν
1497 965 1588 1020 ἐπὶ
1630 963 1703 1020 τὰ

1880 859 2117 915 civitate.

1879 949 1956 1004 l5.
1992 948 2087 1003 Die
2122 961 2188 1002 ac
2222 952 2383 1000 nocte
2418 945 2782 1000 circumdabit
2827 959 2950 1000 eam
2982 960 3147 1014 super
3173 959 3361 1000 muros

136 1058 283 1131 τείχη
317 1059 489 1131 αὐτῆς
516 1075 532 1090 ο

1879 1055 1920 1095 IS
1953 1058 1968 1072 ’

1953 1081 1968 1094 ο

1882 1132 1940 1145 nn
1990 1131 2048 1145 ne
2079 1133 2091 1145 ο
2136 1133 2150 1145 ο
2232 1133 2262 1145 ιν
2388 1141 2396 1145 Α
2430 1133 2444 1145 ι
2485 1134 2496 1145 ι
2610 1133 2624 1145 α
2790 1133 2825 1145 ιο
2929 1134 2940 1145 υ
3092 1143 3098 1145 _
3136 1135 3148 1145 ι
3197 1135 3210 1145 ι
3291 1133 3324 1145 ,ο

203 1149 289 1205 16.
323 1151 434 1204 Kal
464 1149 666 1222 ἀνομία
695 1149 790 1206 καὶ
814 1151 981 1216 κόπος
999 1151 1057 1205 ὲν
1079 1150 1228 1222 μέσῳ
1255 1149 1443 1222 αὐτῆς,
1477 1150 1572 1206 καὶ
1589 1149 1704 1204 ἀδι-

1879 1132 1964 1186 16.
1990 1131 2056 1188 Et
2077 1133 2335 1204 iniquitas
2351 1141 2404 1190 et
2430 1133 2584 1190 labor
2609 1133 2665 1188 in
2687 1133 2865 1189 medio
2895 1134 3034 1204 ejus,
3053 1143 3106 1189 et
3135 1133 3360 1204 injusti-

1712 1244 1744 1271 Α
1802 1231 1898 1279 tia.

137 1239 246 1294 κία.

205 1333 290 1386 17.
324 1332 437 1386 Kal
455 1331 558 1386 οὐκ
586 1330 830 1398 ἐξέλιπεν
850 1333 915 1388 ὲκ
933 1332 1040 1388 τῶν
1069 1334 1338 1390 πλατειῶν
1358 1336 1528 1409 αὐτῆς
1547 1337 1703 1402 τόκος

1879 1317 1960 1370 17.
1995 1315 2060 1370 Et
2081 1331 2188 1370 non
2211 1314 2489 1373 defecitdc
2506 1317 2695 1388 plateis
2724 1318 2845 1389 ejus
2878 1336 3067 1388 usura,
3095 1331 3150 1376 et
3176 1307 3357 1378 dolus:

137 1425 226 1479 καὶ
255 1424 426 1489 δόλος.
1765 1471 1770 1490 ς

206 1516 292 1570 18.
325 1517 471 1580 Ὅτι,
499 1517 548 1569 εί
570 1517 598 1570 ὁ
618 1516 810 1580 ὲνθοὸς
831 1516 1074 1572 ὠνείδισέ
1109 1535 1197 1589 με,
1231 1519 1512 1591 ὑπήνεγκα
1546 1520 1636 1578 ἄν.

1879 1519 1961 1573 18.
1996 1518 2259 1584 Quoniam
2288 1518 2332 1572 si
2361 1518 2614 1574 inimicus
2631 1534 2783 1574 meus
2805 1521 3176 1578 maledixisset
3202 1523 3359 1590 mihi,

1804 1610 2185 1664 sustinuissem
2220 1611 2424 1678 utique.

205 1692 290 1748 19.
315 1691 427 1747 Kal
451 1693 498 1744 εἰ
522 1694 551 1746 ό
583 1695 756 1764 μισῶν
778 1712 845 1765 με
876 1695 1077 1768 ἐπ’-ἐμὲ
1103 1696 1700 1771 ὲμεγαλορῤημονησεν,

1879 1703 1960 1756 19.
2003 1701 2067 1756 Ει
2095 1705 2140 1757 si
2176 1703 2220 1756 is
2245 1703 2337 1772 qui
2361 1702 2549 1757 oderat
2572 1718 2657 1757 me
2679 1718 2843 1774 super
2875 1719 2960 1758 me
2986 1721 3181 1773 magna
3217 1705 3364 1762 locu-

141 1783 372 1856 ἐκρύϐην
394 1785 461 1838 ἂν
484 1786 580 1838 ἀπ’
611 1785 814 1854 αὑτοῦ.ῗ

1879 1809 1895 1848 3
1926 1793 2140 1860 fuisset,
2167 1795 2572 1850 abscondissem
2604 1810 2689 1850 me
2713 1793 2938 1850 forsitan
2972 1796 3040 1849 ab
3067 1811 3150 1851 eo.

203 1876 290 1930 20.
313 1874 390 1931 Σὺ
407 1877 486 1942 δὲ,
514 1877 768 1949 ἄνθρωπε
793 1879 1032 1952 ίσόψυχε,
1064 1883 1283 1953 ήγεμων
1309 1900 1431 1954 μου,
1459 1897 1553 1936 και
1570 1900 1702 1952 γνω-

1879 1883 1969 1937 20.
1999 1882 2078 1938 Τυ
2112 1899 2236 1938 vero
2263 1885 2425 1938 homo
2453 1885 2748 1951 unanimis,
2777 1885 2888 1940 dux
2923 1902 3099 1952 meus,
3122 1896 3174 1940 et
3207 1896 3368 1942 notus

135 1967 224 2020 στὲ
256 1985 357 2038 μου
379 1984 394 1998 ⁸

1879 1990 1963 2030 3118
1998 1993 2012 2030 ζ

202 2057 288 2112 21.
318 2061 415 2122 Ὃς
443 2058 569 2130 [Ὧς
618 2059 779 2136 mss.]
821 2063 916 2118 ἐπὶ
961 2063 1022 2117 τὸ
1079 2063 1208 2117 αὐτὸ
1263 2062 1567 2133 ὲγλύκανάς
1606 2081 1697 2136 μοι

1879 2066 1967 2120 21.
2010 2065 2115 2132 Qui
2157 2065 2414 2138 [Quippe]
2445 2068 2606 2124 simul
2632 2085 2842 2125 mecum
2883 2071 3070 2126 dulces
3115 2073 3369 2143 cupiebas

141 2149 403 2220 ἐδέσματα
419 2165 438 2184 ο
1049 2207 1070 2226 ο

1879 2172 2003 2212 >03ζ

193 2239 293 2294 .22.
323 2240 411 2295 Ἐν
438 2240 516 2312 τῷ
537 2241 672 2314 οἴκῳ
701 2243 796 2299 τοῦ
822 2244 954 2300 Θεοῦ
976 2245 1348 2317 ἐπορεύθημεν
1379 2248 1436 2300 ὲν
1457 2246 1700 2320 ὁμονοίᾳ.

1879 2249 1956 2302 22.
1987 2249 2044 2302 In
2075 2249 2238 2304 domo
2268 2249 2360 2304 Dei
2394 2252 2793 2310 ambulavimus
2819 2254 2872 2308 in
2896 2269 3184 2312 consensu.

205 2331 292 2388 23.
339 2333 574 2388 Ἐλθὲτω
606 2336 669 2407 δὴ
690 2335 915 2401 Θάνατος
943 2339 1029 2391 ἐπ’
1062 2340 1256 2403 αὐτοὺς
1274 2379 1290 2404 ,

1879 2340 1962 2394 25.
1993 2338 2183 2394 Veniat
2207 2357 2355 2396 mors
2383 2358 2548 2413 super
2571 2343 2714 2408 illos,

206 2424 292 2478 2-5.
326 2426 438 2480 Kal
468 2425 867 2498 καταὸήτωσαν
895 2429 974 2492 είς
1003 2428 1129 2499 ᾅδου
1161 2429 1361 2495 ζῶντες
1379 2447 1395 2462 ο

1879 2430 1961 2484 24.
1989 2430 2053 2484 Et
2076 2431 2403 2487 descendant
2430 2436 2482 2487 in
2507 2434 2777 2490 infernum
2813 2436 3088 2492 viventes:

205 2514 292 2572 25.
317 2517 440 2571 Ὅτι
463 2518 697 2591 πονηρία
721 2521 780 2574 ἐν
806 2521 928 2584 ταῖς
953 2521 1266 2592 παροικίαις
1298 2522 1495 2588 αὐτῶν,
1528 2524 1586 2577 ὲν
1615 2523 1702 2594 μὲ-

1879 2521 1970 2576 25.
1995 2521 2264 2588 Quoniam
2302 2525 2545 2594 nequitia
2595 2526 2649 2580 in
2694 2527 3022 2585 habitaculis
3055 2545 3271 2599 eorum,
3313 2531 3368 2587 in

146 2622 217 2677 σῳ
247 2608 447 2664 αὐτῶν.

1879 2613 1988 2670 adio
2015 2629 2225 2671 eorum.

205 2700 291 2755 26.
331 2701 477 2772 Ἐγὼ
504 2702 644 2774 πρὸς
678 2702 768 2758 τὸν
800 2703 929 2758 Θεὸν
967 2704 1268 2775 ἐκέκραξα.
1303 2703 1397 2758 καὶ
1427 2704 1456 2758 ὁ
1501 2703 1703 2776 Κύριος

1879 2705 1970 2760 26.
2007 2705 2121 2778 Ego
2150 2708 2216 2763 ad
2249 2707 2418 2765 Deum
2455 2711 2706 2782 clamavi,
2741 2724 2796 2770 et
2833 2713 3099 2772 Dominus
3145 2717 3372 2774 exaudi-

143 2792 417 2865 εἰσήκουσέ
452 2810 576 2864 μου.

1879 2812 2051 2857 Lme:

1257 2973 1632 3041 ATHANASI]
1668 2975 2254 3038 INTERPRETATIO.

209 3125 294 3183 12.
321 3125 524 3181 Λοιπὸν
549 3125 948 3198 προσεδεχόμην
970 3126 1059 3180 τὸν
1075 3125 1204 3180 Θεὸν
1227 3127 1317 3182 τὸν
1336 3128 1700 3204 λυτρούμινόν

1879 3133 1958 3189 12.
1999 3135 2240 3208 Denique
2263 3141 2642 3210 exspectabam
2684 3143 2875 3211 Deum,
2919 3145 3014 3217 qui
3057 3161 3140 3202 me
3179 3148 3376 3204 liberat

136 3236 210 3293 pc
236 3220 344 3276 ἀπὸ
368 3219 480 3274 τῶν
509 3217 768 3272 εἰσϐολῶν
798 3218 892 3272 τοῦ
934 3219 1150 3291 ἐχθροῦ.

1910 3229 2223 3286 incursibus
2259 3232 2486 3288 inimici.

214 3313 297 3367 15.
344 3311 690 3375 Θανάτωσον,
745 3311 955 3382 Κύριε,
1006 3313 1100 3366 καὶ
1151 3311 1439 3384 σύντριψον
1511 3314 1709 3372 κακίαν

1881 3321 1968 3376 15.
2003 3323 2284 3391 Mortifica,
2326 3325 2575 3395 Domine,
2612 3339 2667 3385 et
2692 3314 2938 3386 -contere
2982 3329 3242 3386 malitiam
3285 3347 3379 3388 eo-

145 3402 335 3456 αὐτῶν.

1879 3428 1953 3466 ιη.

211 3494 296 3549 ll.
324 3495 446 3549 Ὀτι
471 3494 733 3565 αἴσθομαι
763 3494 820 3547 ὲν
850 3496 916 3567 τῇ
955 3495 1150 3568 καρδίᾳ
1178 3513 1301 3566 μου.

1880 3503 1967 3556 14.
1999 3503 2268 3570 Quoniam
2299 3507 2445 3560 sensi
2473 3507 2526 3561 in
2552 3509 2714 3563 corde
2739 3523 2881 3566 meo.

210 3584 296 3640 15.
337 3585 662 3648 Ἀπαύστως
691 3584 902 3656 ἡμέρας
935 3586 1030 3641 καὶ
1062 3587 1255 3651 νυκτὸς
1288 3588 1708 3660 περικαθέζεταί

1883 3597 2342 3654 15.1ncessanter
2378 3600 2466 3654 die
2502 3616 2567 3656 ac
2616 3611 2776 3658 nocte
2801 3603 3214 3662 circumassidet
3244 3607 3380 3664 mihi

151 3692 232 3745 μοι
257 3675 290 3746 ἡ
323 3675 586 3748 ἁμαρτία.

1879 3676 2112 3744 ecatum.

215 3765 302 3820 16.
335 3765 702 3837 Πεπλήρωται
728 3766 762 3836 ἠ
788 3764 996 3820 διάνοιά
1031 3783 1131 3838 μου
1154 3765 1469 3837 λογισμῶν.¹

1882 3781 1966 3834 lii.
2004 3779 2220 3851 Repleta
2244 3791 2326 3836 est
2349 3797 2502 3836 mens
2526 3797 2643 3838 mea
2667 3785 3107 3855 cogitationibus.

216 3857 300 3911 17.
334 3857 445 3911 Kal
477 3857 579 3910 οὐκ
619 3857 914 3926 ἀφίσταται
962 3856 1074 3912 ἀπὸ
1119 3857 1221 3929 τῆς
1265 3858 1493 3929 καρδίας
1529 3875 1628 3931 μου
1675 3859 1710 3930 ή

1879 3871 1965 3926 17.
2000 3871 2065 3926 Et
2088 3888 2194 3927 non
2214 3873 2467 3929 discessit
2490 3891 2520 3927 a
2536 3874 2698 3930 corde
2717 3890 2858 3941 meo,
2882 3877 3027 3947 quod
3053 3888 3213 3934 antea
3234 3894 3384 3937 exst-

143 3946 570 4018 ezpoi'mapxouaa
597 3947 859 4019 ἁμαρτία.

1879 3959 1986 4014 :bat
2014 3973 2316 4030 peccatum.

214 4041 300 4096 18.
336 4040 447 4095 Kal
477 4041 566 4093 ὅτε
591 4041 620 4093 ὁ
645 4039 838 4111 ἐχθρὸς
870 4040 1112 4106 ὠνείδιζὲ
1147 4058 1213 4112 με
1233 4081 1248 4106 ,
1278 4041 1570 4114 ὑπέφερον.

1883 4053 1969 4107 18.
1997 4052 2061 4106 Et
2091 4071 2216 4110 cum
2246 4054 2503 4112 inimicus
2541 4056 2822 4112 maledixit
2852 4057 3005 4126 mihi,
3028 4058 3274 4118 toleravi.

213 4133 300 4188 19.
326 4133 434 4187 Καὶ
453 4132 617 4186 πάλιν
640 4133 728 4184 ὅτε
751 4131 848 4204 τὴν
867 4133 1082 4205 ἀπάτην
1100 4133 1193 4186 τοῦ
1217 4133 1334 4206 βίου
1354 4133 1574 4188 ἐνέϐαλέ
1596 4152 1710 4208 μοι,

1887 4144 1976 4199 19.
2005 4145 2071 4200 Et
2105 4163 2296 4203 rursus
2331 4164 2456 4203 cum
2505 4149 2878 4220 deceptionem
2910 4151 3036 4208 vita:
3077 4153 3211 4209 mibi
3243 4155 3384 4226 injeo

141 4222 242 4278 οὐκ
261 4223 532 4295 ἠνεχόμην
565 4222 918 4295 [ἠνεσχόμην]
953 4224 1142 4282 αὐτοῦ.

1879 4245 1907 4303 t,
1940 4238 2118 4306 ipsum
2152 4255 2260 4293 non
2291 4240 2547 4296 sustinui.

217 4316 304 4371 20.
320 4316 412 4369 Σοὶ
435 4315 492 4368 δὲ
507 4315 652 4383 λέγω
671 4316 736 4385 τῇ
754 4313 961 4387 διανοίᾳ
982 4332 1083 4386 μου
1103 4332 1119 4349 ο
1143 4316 1216 4370 Τὸ
1233 4317 1555 4390 ἡγεμονικόν
1575 4334 1676 4390 μου
1691 4331 1710 4351 ο

1882 4321 1972 4378 20.
2011 4322 2133 4378 Tibi
2162 4337 2344 4380 autem
2370 4326 2494 4381 dico
2527 4341 2682 4381 mens
2722 4340 2842 4381 mea
2865 4365 2880 4392 ,
2908 4325 3283 4400 Principatum
3323 4329 3382 4385 in

1814 4425 1902 4465 me
1929 4420 2080 4466 tenes
2109 4431 2124 4466 2

216 4499 308 4554 21.
331 4497 408 4552 Τὸ
440 4499 558 4570 μετ’
588 4498 722 4570 ἐμοῦ
753 4497 821 4552 τὰ
860 4498 1021 4568 λόγια
1045 4516 1140 4552 του
1173 4500 1308 4554 Θεοῦ
1343 4500 1514 4572 ἡδέως
1553 4500 1705 4572 ἕχον·

1883 4500 1974 4555 21.
2007 4501 2214 4558 Mecum
2238 4504 2454 4575 eloquia
2478 4504 2570 4560 Dei
2593 4505 2834 4562 suaviter
2856 4507 3063 4564 habens
3091 4526 3108 4566 :

215 4589 306 4647 22.
335 4589 698 4663 Πορευθῶμεν
731 4589 845 4660 ἅμα
877 4591 957 4654 είς
991 4593 1318 4664 προσευχήν.

1885 4593 1974 4646 22.
2007 4593 2206 4648 lvimus
2236 4595 2398 4649 simul
2438 4597 2499 4649 ad
2524 4599 2848 4653 orationem.

213 4683 303 4738 25.
332 4684 443 4736 Kal
474 4682 691 4755 ἔρχεται
713 4682 852 4755 ὀργὴ
869 4681 965 4737 τοῦ
987 4682 1121 4737 Θεοῦ
1150 4685 1242 4738 ἐπὶ
1267 4685 1392 4747 τοὺς
1418 4684 1710 4756 λογισμοὺς

1888 4681 1978 4738 25.
2011 4682 2076 4738 Ει
2105 4685 2251 4738 venit
2280 4685 2359 4739 ira
2386 4685 2478 4740 Dei
2509 4703 2675 4758 super
2709 4688 3072 4759 cogitationes
3100 4690 3298 4750 malas.

151 4775 268 4839 τοὺς
294 4773 520 4838 κακούς.

215 4866 303 4922 24.
338 4867 450 4920 Kal
485 4865 712 4936 ἀφανεῖς
741 4863 982 4932 γίνονται
1018 4866 1146 4934 περὶ
1191 4867 1469 4936 χρήματος
1503 4866 1576 4937 (1)
1613 4867 1710 4936 (a).

1889 4861 1980 4916 21.
2016 4860 2082 4914 Ει
2119 4869 2452 4915 evanescunt
2483 4862 2536 4915 in
2566 4862 2682 4932 ipso
2708 4879 2890 4920 rerum
2922 4862 3081 4922 usuf

216 4957 434 5011 25.Ὅτι
450 4955 623 5010 κακία
643 4953 813 5028 πολλὴ
833 4956 890 5010 ἐν
904 4958 969 5026 τῇ
993 4955 1207 5028 καρδίᾳ,
1227 4957 1352 5009 ὅταν
1377 4956 1614 5010 οίκοῦσιν
1633 4953 1710 5027 (2)

1886 4953 1982 5009 23.
2022 4952 2293 5020 Quoniam
2345 4954 2553 5010 malitia
2603 4956 2773 5012 multa
2810 4958 2868 5014 in
2906 4958 3072 5015 corde
3111 4969 3214 5025 est,
3258 4975 3384 5016 cum

155 5048 210 5100 EI
241 5047 396 5119 αὐτῇ.

1879 5045 1925 5098 si
1957 5045 2010 5098 in
2041 5058 2107 5098 eo
2141 5043 2408 5099 habitant.

219 5135 305 5191 26.
327 5134 472 5205 Ἐγὼ
492 5131 844 5206 ἀδικούμενος
864 5134 957 5188 ὑπ’
974 5135 1152 5189 αὐτῶν
1174 5136 1442 5208 ἀνεϐόησα
1471 5137 1606 5210 πρὸς
1625 5135 1710 5192 τὸν

1890 5135 1980 5190 26.
2014 5134 2126 5204 Ego
2153 5136 2316 5190 laesus
2338 5137 2408 5191 ab
2452 5137 2586 5207 ipsis
2608 5136 2835 5193 clamavi
2865 5139 2932 5193 ad
2969 5137 3161 5203 Deum,
3195 5147 3250 5192 et
3279 5139 3387 5194 Do-

158 5228 299 5295 Θεὸν,
333 5231 424 5284 καὶ
448 5233 478 5283 ό
505 5227 711 5300 Κύριος
740 5226 1003 5300 ἐϐοήθησε
1039 5245 1127 5300 μοι
1158 5229 1256 5298 (5).

1883 5227 2008 5284 inus
2029 5228 2234 5298 adjuvit
2263 5246 2367 5284 me.

1093 5341 1398 5404 Addenda
1429 5351 1487 5402 et
1521 5341 1894 5422 corrigenda
1929 5363 2014 5407 ex
2043 5346 2184 5408 cod.
2237 5348 2439 5410 Vatic.

246 5495 296 5567 1)
320 5495 567 5550 Γίνονται
602 5490 958 5562 παραχρῆμα.
1647 5539 1650 5542 .
1676 5543 1687 5549 _
1889 5489 1971 5566 (5)
2002 5494 2299 5567 Εἱσὴκουσὲ
2330 5511 2453 5565 μου,

246 5496 270 5550 1
320 5495 567 5550 Γίνονται
602 5506 678 5544 πα

221 5494 296 5638 i2}
325 5568 678 5636 Οίκήσουσιν.

223 5704 296 5780 (α)
320 5709 631 5780 Χρήσεως.
693 5701 751 5758 In
785 5703 898 5759 cod.
939 5699 1098 5756 Bari).
1133 5699 1237 5759 hoc
1277 5702 1498 5759 verbum
1540 5711 1718 5760 exstat
1755 5702 1809 5760 in
1837 5713 1986 5763 textu
2019 5705 2170 5777 nigra
2199 5703 2393 5760 lineola
2431 5702 2886 5759 subternotatum.
