3750 6386
130 286 211 344 86‘.)
1054 282 1141 338 DE
1173 276 1451 338 TITULIS
1484 273 1930 337 PSALMORUM.
1964 308 2032 321 -ο
2065 272 2265 334 PSAL.
2308 270 2420 332 LV.
3243 272 3351 331 870

187 409 264 465 44.
307 406 453 477 Ἐγὼ
483 406 566 470 δὲ,
602 405 796 476 Κύριε,
824 402 993 457 ὲλπιῶ
1017 403 1108 457 ἐπὶ
1140 402 1220 455 σέ.

1708 405 1754 461 Α
1852 397 1942 451 At.
1978 397 2315 469 Ego_autem,
2347 395 2594 457 Domine,
2619 393 2851 465 sperabo
2881 393 2945 462 in
2970 402 3044 447 te.

136 525 216 588 Εις
239 520 301 575 τὸ
327 519 531 585 τέλος,
559 518 715 587 ὑπὲρ
744 516 852 572 τοῦ
882 516 1055 577 λαοῦ,
1080 514 1187 569 τοῦ
1211 512 1331 569 ἀπὸ
1356 513 1475 569 τῶν
1496 514 1617 582 ἁγιί

1874 511 2048 579 ﬁnem,
2074 526 2167 578 pro
2193 509 2403 578 populo,
2434 507 2525 577 qui
2559 523 2589 559 α
2616 507 2812 559 sanctis
2842 505 2995 573 longe
3036 503 3210 572 factus
3240 517 3347 569 est,

187 608 700 682 μεμακρυμμένου,
739 606 819 673 τῷ
865 605 1041 660 Δαϐὶδ
1080 606 1167 669 εἰς
1209 604 1668 673 στηλογριιφίηνλ

1873 599 2042 659 'Mvid,
2081 601 2138 652 in
2162 599 2303 651 tituli
2334 598 2749 659 inscriptionem.
2782 612 2900 649 cum
2935 605 3211 650 tenuerunt
3235 611 3354 650 eum

192 681 357 757 ὁπότε
395 698 746 769 ἐκράτησαν
774 698 962 754 αὑτὸν
993 700 1046 752 οἱ
1076 696 1415 766 ἀλλόφυλοι
1439 695 1510 747 ἐν
1542 690 1673 747 Γέθ.

1282 698 1415 750 υλοι
1439 695 1510 747 ἐν
1542 690 1679 747 Γέθ.
1853 685 2119 756 Allopltyli
2144 687 2198 738 in
2231 684 2383 739 Gelli.
2419 683 2618 738 PSAL.
2640 681 2763 737 LV.

196 795 359 847 ΨΑΛ.
386 792 521 845 ΝΕ’.

196 884 241 939 1.
267 880 521 953 Ἐλέησόν
552 896 643 952 με,
663 878 694 933 ὁ
719 878 871 942 Θεὸς,
901 877 981 931 ὅτι
1001 874 1351 946 κατεπάτησέ
1379 890 1445 944 με
1478 870 1677 942 ἄνθρω-

1875 869 1908 921 l.
1944 865 2199 922 Miserere
2227 865 2357 931 mei,
2397 864 2559 929 Deus,
2594 865 2855 935 quoniam
2898 864 3241 920 conculcavit
3266 879 3356 920 me

1786 960 1951 1015 homo
1975 977 1989 1014 :

196 1067 243 1121 2.
262 1065 432 1137 Ὅλην
461 1064 564 1135 τὴν
596 1062 810 1134 ἡμέραν
841 1059 1115 1131 πολεμῶν,
1140 1057 1324 1128 ἕθλιψέ
1357 1074 1444 1127 με.

1858 1052 1911 1105 9..
1954 1049 2089 1106 Tota
2121 1051 2209 1106 die
2238 1049 2563 1121 impugnans
2588 1050 2868 1105 tribulavit
2898 1064 3000 1105 me.

196 1158 242 1213 3.
278 1154 683 1226 Κατεπάτησάν
703 1170 771 1224 με
786 1153 835 1205 oi
850 1152 1034 1223 ἐχθροί
1056 1167 1156 1222 μου
1176 1149 1305 1219 ὅλην
1323 1150 1421 1219 τὴν
1439 1147 1548 1218 ήμέ
1558 1161 1677 1219 ραν·

1856 1141 1909 1199 5.
1962 1143 2438 1197 Conculcaverunt
2464 1156 2550 1195 me
2582 1141 2788 1195 inimici
2826 1141 2932 1194 mei
2979 1147 3091 1195 tota
3122 1140 3248 1196 die:

198 1248 377 1307 4.Ὄτι
412 1246 603 1301 πολλοὶ
628 1246 679 1298 of.
707 1242 1074 1315 πολεμοῦντες
1109 1258 1176 1313 με
1203 1239 1311 1295 ἀπὸ
1337 1238 1526 1309 ὕψους.

1879 1233 1908 1285 l.
1957 1232 2226 1299 Quoniam
2280 1233 2438 1288 multi
2483 1233 2752 1289 bellantes
2809 1234 3096 1287 adversum
3149 1247 3237 1287 me
3289 1231 3360 1286 ab

1792 1323 2102 1378 altitudine.

186 1424 243 1481 Β.
264 1424 508 1497 Ἡμέρας
528 1424 591 1478 οὒ
626 1421 1005 1492 φοϐηθήσομαι
1023 1436 1037 1452 ·

960 1437 1005 1474 ιι
1023 1436 1037 1452 ·
1858 1415 1909 1469 5.
1964 1414 2056 1470 Die
2084 1432 2189 1470 non
2217 1416 2441 1471 timebo.

207 1517 253 1572 6.
278 1517 418 1586 Ἐγὼ
444 1517 504 1569 δὲ
528 1513 700 1568 ὲλπιῶ
723 1514 815 1567 ἐπὶ
848 1514 927 1566 σέ.

1862 1504 1912 1557 (ί.
1960 1505 2071 1576 Ego
2104 1522 2234 1559 vero
2264 1506 2317 1560 in
2345 1517 2395 1561 te
2426 1508 2660 1578 sperabo
2690 1527 2702 1563 :

204 1610 245 1665 7.
267 1612 353 1663 Ἐν
378 1609 458 1681 τῷ
481 1606 604 1677 Θεῷ
628 1606 904 1659 ἐπαινέσω
935 1604 1059 1668 τοὺς
1089 1603 1281 1671 λόγους
1308 1618 1408 1672 μου
1429 1615 1442 1631 ⁶

1868 1594 1921 1649 7.
1971 1593 2028 1648 In
2060 1593 2171 1650 Deo
2203 1596 2437 1651 laudabo
2468 1611 2753 1652 sermones
2782 1610 2933 1651 meos
2961 1613 2975 1650 :

118 1679 126 1689 ί
201 1701 245 1755 8.
267 1701 385 1753 Ἐπὶ
416 1679 499 1769 τῷ
532 1696 655 1767 Θεῷ
683 1696 886 1756 ἦλπισα
937 1695 999 1747 οὐ
1029 1691 1428 1764 φοϐηθήσομαι,
1457 1689 1509 1743 τί
1543 1706 1599 1742 πε

1972 1687 2030 1742 1η
2060 1689 2169 1743 Deo
2205 1691 2440 1758 speravi,
2468 1706 2575 1743 non
2619 1690 2846 1753 timebo,
2877 1688 3009 1758 quid
3042 1686 3207 1743 faciat
3231 1689 3364 1744 mihi
3428 1688 3430 1693 ’

146 1810 212 1845 σει
238 1808 322 1861 μοι
353 1788 520 1860 σάρξ.

468 1788 520 1853 ξ·
1731 1788 1772 1798 ”
1801 1794 1949 1833 caro.

201 1883 246 1939 9.
262 1882 428 1952 Ὅλην
456 1879 561 1950 τὴν
588 1877 803 1949 ἡμέραν
835 1875 959 1937 τοὺς
988 1872 1178 1941 λόγους
1204 1871 1585 1924 ἐϐδελύσσοντο

1570 1887 1585 1922 i
1872 1869 1925 1923 9.
1974 1868 2109 1923 Tota
2135 1869 2224 1924 die
2250 1869 2416 1924 verba
2446 1884 2565 1925 mea
2605 1871 3051 1928 exsecrabantur.

200 1975 278 2028 10.
314 1973 450 2027 Κατ’
480 1970 623 2043 ἐμοῦ
677 1970 879 2032 πάντες
928 1968 978 2020 οἱ
1019 1963 1359 2035 διαλογισμοί⁹
1409 1961 1588 2017 αὐτῶν
1619 1961 1681 2024 εἰς

1887 1963 1956 2016 [0.
2005 1962 2308 2017 Adversum
2344 1977 2431 2017 me
2459 1977 2651 2018 omnes
2690 1962 3051 2033 cogitationes
3091 1979 3280 2020 eorum
3313 1964 3368 2019 in

141 2067 301 2122 κακόν.

1805 2057 2031 2110 malum.

1238 2187 1613 2244 ATHANASII
1651 2183 2242 2243 INTERPRETATIO.

204 2340 280 2395 μ.
306 2335 451 2408 Ἐγὼ
479 2334 541 2389 δὲ
567 2331 771 2395 ἐλπίζω
801 2329 894 2383 ἐπὶ
924 2329 983 2382 σὲ
1007 2370 1022 2392 ,
1049 2328 1131 2381 ὅτι
1157 2325 1450 2399 λυτροῦσαί
1484 2343 1553 2396 με
1585 2324 1685 2397 [viii

1891 2322 1966 2377 ιι.
1996 2320 2108 2393 Ego
2138 2331 2320 2377 autem
2350 2337 2510 2393 spero
2548 2322 2602 2378 in
2642 2332 2714 2389 te,
2755 2325 2901 2396 quod
2934 2342 3080 2383 nunc
3109 2327 3372 2388 liberabis

128 2431 368 2506 largibar}
395 2427 513 2501 p.21.
528 2426 625 2481 καὶ
648 2426 708 2477 ὲν
728 2421 919 2492 ἐκείνῳ
937 2419 1013 2492 τῷ
1035 2419 1189 2474 αἰῶνι
1209 2420 1389 2488 πάσης
1413 2420 1609 2491 τιμωρξ

1542 2419 1702 2491 ιρίας.
1810 2433 1918 2484 me,
1951 2426 2005 2473 et
2031 2417 2086 2472 in
2111 2417 2202 2473 illo
2232 2419 2431 2473 saeculo
2464 2419 2533 2474 ab
2558 2420 2707 2475 omni
2734 2420 3023 2491 supplicio.

210 2544 269 2596 Ἦ
300 2537 644 2620 προκειμένη
672 2533 952 2606 ἐπιγραφὴ
984 2531 1226 2605 περιέχει
1260 2530 1335 2602 (Ι)
1357 2546 1372 2561 ο
1404 2532 1510 2620 Εἷς
1535 2530 1603 2583 τὸ
1628 2529 1824 2598 τέλος,
1855 2531 2004 2600 ὑπὲρ
2027 2524 2132 2586 τοῦ
2163 2531 2319 2586 λαοῦ
2340 2531 2459 2586 ἀπὸ
2488 2532 2609 2587 τῶν
2630 2534 2814 2603 ἁγίων
2850 2536 3372 2605 μεμακρυμμένου,

144 2633 211 2699 τῷ
232 2630 405 2687 Δαϐίδ
430 2622 521 2696 ἐὶς
548 2625 1024 2695 στηλοῃιαφίαν,
1066 2623 1245 2676 ὁπότε
1274 2619 1617 2690 ἐκράτησαν
1649 2620 1837 2676 αὐτὸν
1863 2624 1916 2676 οι
1957 2622 2297 2691 ἀλλόφυλοι
2335 2623 2405 2678 ἐν
2446 2623 2583 2680 Γέθ.
2621 2625 2743 2681 Τῶν
2778 2626 2896 2681 ἀπὸ
2938 2625 3057 2680 τῶν
3091 2629 3276 2698 ἁγίων
3310 2632 3378 2686 δὲ

138 2720 628 2795 μεμακρνμμένου
660 2719 681 2792 [
707 2719 848 2790 ὑπὲρ
877 2714 971 2770 τοῦ
1004 2713 1133 2769 λαοῦ
1166 2713 1261 2767 τοῦ
1286 2713 1396 2767 ἀπὸ
1418 2712 1527 2766 τῶν
1560 2712 1729 2781 ἁγίων
1765 2712 2271 2787 μεμακρυμμένου]
2297 2733 2313 2748 θ
2355 2715 2632 2771 τουτέστιν
2678 2719 2818 2792 ὑπὲρ
2850 2719 2959 2773 τῶν
2991 2720 3159 2774 ἐθνῶν
3185 2722 3296 2778 τῶν
3318 2725 3380 2779 τὸ

143 2818 394 2891 πρότερον
423 2809 912 2884 μεμακρυμμένων
935 2806 1041 2860 ἀπὸ
1064 2805 1171 2859 τῶν
1201 2802 1389 2873 ἁγίων.
1420 2797 1576 2871 Εἶτα,
1605 2800 1685 2868 τῷ
1716 2802 1893 2857 Δαϐὶδ
1933 2806 2020 2871 εὶς
2045 2804 2528 2874 στηλογραςριαν·
2554 2806 2695 2876 λέγω
2723 2807 2787 2879 δὴ
2822 2808 2916 2862 ἐπὶ
2953 2808 3096 2864 τέλει
3132 2813 3371 2887 ἐπιστρε-

144 2910 338 2978 φόντων
371 2907 458 2984 εἰς
478 2905 579 2975 τὴν
606 2901 703 2956 τοῦ
731 2899 939 2973 Κυρίου
969 2898 1258 2970 εὐάρεστον
1294 2894 1568 2949 πολιτείαν
1587 2911 1603 2926 ⁸
1634 2894 1824 2968 ὥσπερ
1851 2895 1961 2966 γὰρ
1991 2895 2192 2968 στήλην
2234 2897 2379 2984 τινὰῆ
2400 2897 2688 2970 διαγράφει
2716 2899 2917 2971 ταύτην
2935 2918 2950 2932 ·
2976 2902 3085 2957 τὸν
3112 2902 3169 2957 δὲ
3205 2906 3380 2960 Δαϐὶό

144 3002 215 3064 εἰς
250 3000 342 3052 τὸν
378 2982 588 3068 Κύριον
635 2992 955 3065 θεωρητέον.
988 2990 1077 3046 διὰ
1111 2989 1173 3043 τὸ
1201 2985 1600 3062 ἑρμηνεύεσθαι
1654 2987 1818 3042 αὐτὸν
1865 2989 2075 3042 ἱκανὸν
2103 2988 2255 3058 χειρί
2275 3002 2291 3018 ο
2326 2982 2475 3042 εἶτον
2518 2990 2726 3043 Ὁπότε
2751 2990 3089 3059 ἐκράτησαν
3115 2998 3302 3050 αὑτὸν
3327 3000 3382 3052 οι

138 3091 472 3161 ἀλλόφυλοι
502 3088 572 3141 ἐν
599 3085 737 3140 Γέθ.
754 3085 1105 3153 Ἀλλόερυλοι
1135 3080 1526 3153 ἑρμηνεύονται
1558 3080 1882 3146 πίπτοντες
1917 3078 2212 3149 ποτήματι
2239 3079 2450 3150 (Ξ).Ὲν
2475 3082 2594 3135 Γὲθ
2619 3081 2676 3135 δὲ
2705 3082 3064 3154 ἑρμηνεύεται
3089 3086 3159 3140 ἐν
3195 3089 3380 3158 ληνῷ.

145 3181 301 3236 Τοῦτο
329 3176 425 3236 οὖν
458 3178 631 3248 λέγει,
663 3177 790 3230 ὅταν
816 3193 899 3241 τις
936 3174 1223 3245 κατέχεται
1257 3176 1315 3226 ὲν
1342 3176 1409 3245 τῇ
1442 3172 1639 3244 καρδίᾳ
1662 3171 1855 3225 ἑαυτοῦ
1886 3171 1991 3225 ὑπὸ
2021 3171 2131 3225 τῶν
2159 3171 2418 3226 ἐναντίων
2454 3173 2756 3245 δυνάμεων,
2788 3177 2883 3230 καὶ
2925 3178 3258 3253 ἐπιστρέψας
3305 3187 3383 3248 εἰς

143 3274 232 3344 τὴν
256 3272 351 3326 τοῦ
382 3270 594 3342 Κυρίου
634 3266 930 3328 πολιτείαν,
961 3266 1187 3337 ἄρχεται
1216 3264 1395 3332 λέγειν
1422 3261 1499 3333 τῷ
1530 3260 1647 3332 Θεῷ
1671 3258 1763 3314 τὸν
1789 3260 2196 3333 παρακείμενον
2220 3260 2455 3332 ψαλμὸν.

207 3368 421 3421 Titulus
454 3363 784 3436 praepositus
812 3360 1056 3416 continet
1092 3377 1106 3413 :
1141 3356 1207 3412 In
1230 3358 1404 3428 ﬁnem,
1430 3372 1524 3426 pro
1547 3353 1759 3424 populo.
1782 3355 1925 3424 quia
1961 3355 2157 3409 sanctis
2191 3354 2340 3426 longe
2364 3356 2535 3424 {actus
2570 3364 2669 3421 est,
2705 3356 2894 3421 David,
2928 3357 2983 3411 in
3011 3358 3154 3412 tituli
3197 3362 3385 3414 inscri-

142 3458 385 3527 ptionem,
415 3473 537 3510 cum
569 3461 847 3507 tenuerunt
876 3467 992 3506 eum
1019 3448 1287 3520 Allopliyli
1321 3450 1374 3502 in
1405 3447 1556 3503 Gelli.
1587 3447 1693 3501 Pro
1719 3447 1930 3517 populo,
1956 3448 2048 3515 qui
2080 3465 2111 3501 a
2140 3449 2340 3503 sanctis
2373 3449 2522 3521 longe
2556 3451 2729 3520 factus
2756 3458 2858 3513 est,
2885 3449 2988 3505 hoc
3020 3463 3225 3521 estpro
3252 3469 3384 3523 gen-

145 3548 300 3612 tibus,
324 3563 449 3619 quzc
476 3554 638 3623 antea
667 3560 726 3601 se
757 3545 1144 3615 elongaverunt
1171 3557 1203 3596 a
1234 3542 1460 3597 sanctis.
1490 3539 1693 3594 Deinde
1724 3537 1920 3603 David,
1950 3538 2006 3591 in
2039 3537 2184 3592 tituli
2227 3539 2660 3609 inscriptionem;
2682 3541 2826 3595 dico
2860 3549 3041 3596 autem
3071 3541 3124 3595 in
3154 3544 3259 3597 line
3289 3560 3386 3613 pro

145 3651 198 3689 se
231 3633 682 3691 convertentibus
713 3631 777 3685 ad
810 3630 1273 3686 conversationem
1312 3629 1545 3683 Domino
1578 3635 1856 3697 acceptam
1883 3644 1898 3687 ;
1927 3626 2091 3681 veluti
2130 3629 2277 3682 enim
2320 3629 2538 3685 titulum
2576 3633 2866 3699 quemdam
2901 3633 3040 3687 hanc
3079 3635 3382 3690 describit:

145 3724 272 3778 Illud
301 3734 484 3780 autem
516 3721 711 3784 David,
742 3719 1027 3792 allegorice
1071 3717 1478 3789 intelligendum
1527 3723 1613 3770 est
1655 3714 1723 3769 de
1765 3713 2019 3778 Domino,
2049 3717 2307 3785 quoniam
2354 3717 2527 3773 David
2567 3721 2952 3790 interpretatur
2984 3739 3144 3777 manu
3182 3726 3336 3793 fortis
3364 3742 3385 3781 :

132 3813 332 3871 deinde
364 3835 379 3870 :
420 3830 541 3869 cum
578 3821 849 3867 tenuerunt
878 3827 994 3864 eum
1028 3808 1295 3879 Allopltyli
1323 3810 1379 3861 in
1408 3804 1559 3862 Geth.
1586 3804 1857 3875 Allophyli
1894 3805 2337 3875 interpretantur,
2369 3820 2493 3878 poti:
2521 3814 2802 3877 cadentes;
2839 3816 2892 3870 in
2921 3815 3053 3871 Getis
3095 3827 3277 3873 autem
3303 3821 3387 3872 in-

148 3912 470 3976 terpretatur
498 3905 553 3958 in
578 3901 854 3957 torculari.
885 3899 1000 3956 Hoc
1030 3901 1194 3972 igitur
1225 3901 1498 3971 signiﬁcat
1546 3917 1559 3952 :
1611 3912 1735 3951 cum
1770 3895 1895 3966 quis
1941 3904 2217 3961 teneretur
2242 3898 2294 3952 in
2322 3902 2486 3956 corde
2513 3919 2612 3955 suo
2642 3918 2676 3959 a
2707 3907 2997 3961 contrariis
3024 3908 3384 3976 potestatibus

146 4005 202 4052 et
224 4011 521 4052 conversus
548 3993 617 4049 ad
645 3992 935 4046 Dominum
962 3991 1430 4049 conversationem
1456 3988 1645 4059 incipit
1669 3987 1850 4042 dicere
1884 3985 1995 4041 Deo
2034 3989 2339 4057 appositum
2368 3994 2660 4060 psalmum.

219 4090 272 4144 1.
312 4090 448 4162 ῌερὶ
481 4087 578 4142 τοῦ
615 4086 857 4139 διαϐόλου
890 4084 1058 4155 λέγει.
1740 4085 1782 4142 C
1888 4079 1941 4133 1.
1994 4079 2066 4136 De
2086 4082 2302 4138 diabolo
2333 4085 2574 4156 loquitur

213 4177 265 4234 ἓ.
293 4160 609 4241 ’Ᾰπαύστως
624 4175 904 4248 ἐμϐάλλων
928 4193 1017 4247 μοι
1033 4174 1132 4241 τὰς
1150 4175 1341 4229 ἑαυτοῦ
1365 4174 1694 4245 ἐνθυμήσεις.

1892 4172 1947 4227 2.
2001 4172 2342 4231 lncessanter
2393 4178 2644 4249 injiciens
2677 4180 2811 4234 mibi
2856 4195 2984 4236 suas
3031 4180 3353 4250 cupiditates

206 4268 262 4325 3.
302 4271 364 4324 Oi
399 4268 656 4340 δαίμονες
682 4265 776 4319 καὶ
805 4264 958 4318 αὐτοὶ
981 4265 1200 4336 ὁμοίως,
1234 4266 1546 4329 ἀπαύστως.

1894 4264 1931 4318 5.
1983 4263 2265 4321 Βωιηοηοε
2316 4270 2478 4323 etiam
2542 4272 2646 4340 ipsi
2701 4272 2973 4334 similiter,
3019 4272 3135 4326 sine
3205 4272 3375 4323 inter-

1821 4371 2104 4410 mnssrone.

209 4449 264 4507 ι.
303 4450 367 4506 Οί
401 4446 656 4518 λογισμοὶ
687 4445 736 4499 oi
769 4444 1080 4518 πετάμενοι,
1118 4446 1214 4502 καὶ
1232 4447 1493 4513 εἰσιόντες
1519 4449 1576 4503 ὲν
1590 4450 1690 4502 ταί.

1904 4446 1948 4501 ι.
2000 4446 2368 4518 Cogitationes
2419 4450 2755 4516 advolantes,
2799 4463 2856 4509 et
2910 4454 3282 4525 ingredientes
3332 4451 3385 4506 in

140 4541 386 4613 καρδίαις
412 4542 513 4613 (3).

1825 4541 2011 4595 corda.

212 4632 265 4697 5,
294 4631 345 4685 6.
363 4633 457 4685 Ὧν
480 4633 540 4683 ὲν
567 4633 648 4701 τῷ
677 4642 812 4698 φωτι
842 4642 935 4679 σου
963 4627 1058 4681 νῦν
1079 4629 1155 4702 (4)
1180 4630 1282 4685 οὐκ
1300 4629 1381 4686 ἔτι
1407 4632 1677 4704 φοϐοῦμαι

1906 4634 1946 4697 5,
1982 4632 2035 4686 6.
2088 4630 2370 4686 Exsistens
2418 4645 2566 4686 nunc
2602 4629 2656 4685 in
2689 4631 2810 4688 luce
2853 4643 2968 4698 tua,
2999 4649 3106 4688 non
3155 4635 3387 4705 amplius

146 4721 257 4774 ἀλλ’
279 4723 447 4777 ἐλπιῶ
474 4724 571 4777 ἐπὶ
602 4723 706 4778 σοί.

1819 4724 2007 4789 timeo,
2036 4722 2129 4779 sed
2155 4724 2384 4793 sperabo
2406 4723 2458 4776 in
2481 4730 2554 4778 te.

214 4796 414 4887 7.“Τήν
446 4815 619 4888 εὐχήν
656 4833 759 4887 μου
793 4819 868 4891 (5)
903 4819 1276 4893 προσενέγκω.

1263 4859 1276 4874 .
1894 4816 1945 4872 7.
1999 4815 2311 4871 Orationem
2350 4830 2524 4870 meam
2553 4813 2740 4870 all’ero.

214 4904 645 4973 8.Τουτέστιν,ού
658 4908 1035 4984 φοϐηθήσομαι
1054 4912 1107 4966 τί
1123 4912 1333 4985 ποιήσει
1346 4928 1435 4984 μοι
1452 4912 1695 4983 ἁμαρτία

1905 4906 1944 4962 Β.
1981 4907 2095 4963 Hoc
2112 4916 2348 4974 est,'non
2381 4906 2580 4961 timebo
2606 4907 2732 4977 quid
2752 4905 2911 4963 faciet
2931 4907 3064 4964 mibi
3086 4920 3386 4979 peccatum.

211 4995 262 5051 9.
304 4999 543 5055 Πάντοτε
573 4999 677 5072 τὴν
707 5001 870 5074 εύχήν
899 5022 1021 5075 μου,
1055 5005 1122 5076 ήν
1144 5003 1457 5076 ἀνέπεμπον
1476 5003 1555 5075 τῷ
1573 5002 1692 5075 Θεῷ

1906 4999 1946 5056 9.
2002 5001 2226 5071 Semper
2266 5001 2570 5057 orationem
2627 5019 2827 5070 meam,
2881 5019 3046 5074 quam
3100 5004 3168 5059 ad
3216 5003 3387 5061 Deum

141 5088 332 5145 ἐκεῖνοι
356 5091 615 5162 ἔφευγον.

1822 5092 2124 5157 mittebam,
2169 5091 2246 5145 illi
2284 5090 2584 5164 fugiebant.

209 5182 296 5239 10.
334 5185 444 5238 Καὶ
494 5183 685 5237 λοιπὸν
736 5184 1174 5241 συνεϐουλεύοντο
1205 5187 1266 5241 τὺ
1294 5187 1411 5252 πῶς
1451 5187 1690 5257 παγιδεύ·

1909 5181 1981 5237 10.
2026 5183 2091 5238 Ει
2147 5184 2364 5238 demum
2416 5185 2798 5242 consultabant
2854 5185 3130 5256 quomodo
3176 5198 3265 5242 me
3303 5182 3390 5245 la-

140 5271 273 5325 σωσί
302 5290 387 5344 με.
864 5285 868 5289 ‘

864 5285 868 5289 ‘
1747 5288 1791 5343 ι)
1820 5273 1978 5342 queis
2004 5274 2300 5330 irretirent.

1095 5390 1400 5454 Addenda
1426 5403 1485 5455 et
1530 5392 1904 5470 corrigenda
1966 5414 2046 5459 ex
2094 5395 2237 5458 cod.
2285 5395 2482 5457 Vatic.

314 5491 377 5567 ’ξι
406 5491 499 5567 ξιὰ
521 5490 625 5560 τῆς
657 5489 1024 5559 κινναϐάρεως
1052 5509 1174 5564 περ.
1896 5498 1971 5567 (4)
2010 5503 2133 5555 Σου
2163 5500 2281 5554 νῦν
2317 5500 2529 5557 desunt.

213 5562 290 5639 (ἓ)
324 5561 629 5639 Ητὼᾼματα.
761 5630 773 5639 _
882 5631 892 5639 _
944 5623 950 5627 ν
1076 5561 1135 5639 U‘
2007 5572 2126 5624 Μου
2160 5569 2325 5639 λέγει.

206 5623 287 5703 (3)
324 5623 694 5701 Πετόμενοι...
726 5630 806 5695 εἰς
842 5623 1207 5701 τὰς’καρδίας.
