3776 6280
103 203 217 259 373
996 209 1086 266 DE
1127 206 1401 273 TITULIS
1441 218 1882 282 PSALMORUM.
1924 259 1996 270 —
2037 226 2233 290 PSAL.
2277 229 2412 294 LV1.
2478 259 2492 275 ·
3246 253 3350 312 874

168 321 225 377 3.
263 321 379 375 Kal
404 323 465 375 ὲν
493 322 562 396 τῇ
600 325 730 397 σκιᾷ
760 325 869 380 τῶν
898 329 1190 402 πτερύγων
1219 351 1316 388 σου
1348 335 1538 404 ὲλπιῶ,

171 410 195 438 ι
238 410 386 438 "Ir..-
415 406 473 438 -1.
511 415 748 438 __..-nn_
783 418 809 438 ,ι
993 421 1006 438 ο

1711 354 1758 409 Α
1868 348 1923 405 5.
1974 348 2041 404 Ει
2065 350 2119 405 in
2155 354 2347 410 umbra
2384 357 2596 413 alarum
2628 367 2843 417 tuarum
2871 366 3121 438 sperabo,

163 410 220 466 6.
238 410 386 476 Ἕως
412 406 475 467 οὗ
510 415 752 486 παρέλθῃ
781 418 814 488 ἡ
842 418 1066 491 ἀνομία.

1853 441 1906 495 4.
1961 441 2144 500 Donec
2187 453 2426 504 transeat
2463 449 2748 520 iniquitas.

163 501 218 554 5.
259 503 619 576 Κεκράξομαι
650 509 784 579 πρὸς
815 511 909 565 τὸν
937 512 1072 568 Θεὸν
1097 515 1189 569 τὸν
1215 514 1460 588 ὕψιστον,

1435 539 1460 586 ν,
1852 530 1904 586 5.
1949 532 2210 591 Clamabo
2240 501 2874 602 διιῶὶηῖξῇἒὲξὲηυιη
2911 567 2926 604 :

162 591 216 646 ϐ.
258 594 363 646 Τὸν
389 595 525 650 Θεὸν
549 597 642 652 τὸν
668 601 1108 676 εὐεργετήσαντα
1141 626 1230 679 με.

1833 619 1903 699 ‘6.
1959 621 2127 679 Deum
2152 591 2728 694 qui

164 683 214 736 7.
243 684 654 749 Ἐξαπέστειλεν
685 691 745 756 ἐξ
775 693 1023 765 οὐρανοῦ,
1054 700 1147 753 καὶ
1179 699 1350 756 ἔσωσέ
1377 719 1475 774 με·

1461 720 1475 735 -
1833 685 1902 767 ‘7.
1955 713 2101 771 Misit
2129 683 2198 773 ἀὲ
2229 719 2390 786 ccelo,
2423 683 2765 784 έιῖίδῖἑξξῖι
2804 743 2892 786 me
2926 749 2939 786 ε

159 774 210 828 8.
231 777 474 834 Ἔδωκεν
501 782 581 845 εἰς
613 781 812 849 ὄνειδος
837 789 964 851 τοὺς
996 794 1447 860 καταπατοῦντας
1481 814 1568 868 με.

1839 801 1892 858 8.
1950 803 2104 861 Dedit
2128 805 2182 862 in
2222 812 2573 882 opprobrium
2608 820 2993 879 conculcanles
3025 839 3130 880 me.

159 868 213 925 9.
239 869 654 936 Ἐξαπέστειλεν
697 876 726 928 ὁ
768 875 901 943 Θεὸς
940 880 1000 934 τὸ
1047 883 1198 949 ἔλεος
1239 887 1426 953 αὐτοῦ,
1452 891 1545 943 καὶ
1577 890 1650 963 τὴε

1849 895 1901 950 9.
1955 895 2100 954 Misit
2148 899 2290 960 Deus
2336 905 2770 966 misericordiam
2821 929 2998 981 suam,
3043 926 3098 972 et
3142 919 3340 976 verita-

85 962 348 1033 ἀλήθειαν
375 964 542 1018 αὐτοῦ
565 983 578 996 ·

1774 995 1881 1042 tem
1917 1003 2072 1044 suam
2107 1009 2118 1044 2

155 1055 242 1110 10.
285 1057 399 1111 Kal
442 1058 712 1131 ἐρρύσατο
752 1063 853 1134 τὴν
894 1064 1073 1138 ψυχήν
1104 1087 1205 1141 μου
1239 1072 1304 1128 ἐκ
1348 1077 1512 1148 μέσου
1540 1080 1646 1134 σκύη

1850 1081 1934 1135 10.
1985 1081 2051 1135 Et
2083 1085 2284 1154 eripuit
2325 1087 2565 1144 animam
2602 1104 2776 1147 meam
2818 1095 2884 1148 de
2925 1095 3102 1151 medio
3135 1099 3341 1155 catulo-

86 1165 236 1218 μνων
255 1166 268 1179 ο

1773 1185 1894 1224 rum
1934 1172 2154 1227 leonum
2190 1193 2203 1228 :

159 1242 244 1296 11.
288 1243 620 1317 Ἐκοιμήθην
648 1252 1071 1323 τεταραγμένος.

1843 1262 1903 1316 11
1917 1302 1930 1316 .
1969 1262 2207 1320 Dormivi
2239 1267 2615 1325 conturbatus.

157 1333 246 1387 12.
281 1335 402 1389 Υἱοὶ
417 1335 739 1410 ἀνθρώπων.
756 1343 804 1394 οἱ
824 1342 1035 1410 ὀδόντες
1055 1350 1233 1404 αὐτῶν
1247 1351 1385 1406 ὅπλα
1402 1356 1496 1408 καὶ
1515 1354 1648 1429 βέλη

1843 1353 1926 1408 12.
1959 1354 2080 1411 Filii
2099 1358 2404 1425 hominum,
2427 1361 2614 1419 dentes
2639 1379 2828 1421 eorum
2856 1385 3006 1426 arma
3031 1382 3082 1428 et
3099 1376 3334 1441 sagittae.

155 1425 242 1478 13.
275 1427 388 1479 Καὶ
417 1429 449 1498 η
475 1427 696 1497 γλῶσσα
722 1432 904 1489 αὐτῶν
935 1437 1179 1511 μάχαιρα
1207 1441 1374 1506 ὀξεῖα.
1631 1425 1641 1429 1

1631 1425 1641 1429 ὴ
1840 1450 1928 1507 1⁵5.
1960 1450 2026 1506 Ει
2051 1452 2232 1523 lingua
2265 1470 2456 1511 eorum
2483 1457 2696 1528 gladius
2721 1474 2935 1521 acutus.

150 1516 236 1570 14.
283 1518 558 1592 ’Υψώθητι
595 1525 686 1577 ἐπὶ
711 1527 836 1590 τοὺς
866 1530 1150 1599 οὐρανοὺς,
1173 1532 1204 1585 ὁ
1228 1535 1380 1600 Θεὸς

1340 1553 1380 1600 ς’
1839 1541 1926 1597 14.
1956 1516 2394 1618 Exaltare,super
2424 1516 2784 1627 céloshDeus
2797 1516 2831 1606 ﬁ:

153 1609 242 1662 15.
272 1610 386 1662 Kal
409 1611 502 1664 ἐπὶ
527 1615 831 1687 πᾶσαν,τὴν
858 1620 962 1691 γῆν
995 1623 1029 1694 ὴ
1057 1622 1184 1690 δόξα
1213 1642 1325 1680 σου.

1315 1666 1325 1679 .
1838 1634 1926 1688 15.
1960 1633 2026 1688 Et
2058 1635 2112 1690 in
2143 1609 2465 1694 omni-terra
2490 1609 2661 1712 gloria
2693 1651 2806 1709 tua,

147 1702 234 1757 16.
268 1703 384 1772 Παγ
403 1705 486 1759 ,δα
507 1707 812 1779 ἡτοίμασαν
838 1715 955 1778 τοῖς
987 1717 1114 1770 ποσί
1145 1735 1268 1789 μου·

1687 1725 1736 1784 Β
1832 1725 1922 1780 16.
1952 1725 2234 1799 Laqueum
2261 1702 2592 1800 paraverunt
2617 1702 2845 1804 pedibus
2871 1741 3010 1798 meis
3043 1759 3056 1798 :

145 1793 232 1847 17.
264 1795 379 1848 Kal
412 1796 770 1870 κατέκαμψαν
795 1801 892 1874 τὴν
917 1802 1096 1878 ψυχήν
1129 1826 1252 1880 μου.

1842 1817 1926 1872 1.7.
1961 1817 2026 1872 Et
2051 1819 2478 1878 incurvaverunt
2505 1825 2742 1883 animam
2772 1844 2971 1889 meam.

143 1886 231 1940 18.
269 1887 510 1960 Ὠρυξαν
533 1891 639 1962 πρὸ
671 1894 962 1965 προσώπου
999 1916 1100 1970 μου
1131 1900 1340 1974 βόθρον·

1835 1906 1922 1962 18.
1954 1909 2228 1966 Foderuut
2253 1923 2378 1969 ante
2407 1913 2603 1971 faciem
2626 1932 2801 1976 meam
2835 1922 3048 1982 foveam
3075 1945 3092 1984 .'

143 1978 229 2034 19.
261 1980 372 2034 Kal
399 1980 654 2039 ἐνέπεσον
684 1987 766 2050 εἰς
790 1989 973 2044 αὐτόν.

1830 2001 1917 2056 19.
1949 2001 2014 2057 Et
2045 2004 2353 2062 inciderunt
2384 2008 2441 2062 in
2470 2025 2611 2066 eam.

644 2078 961 2152 Διάψαλμα
990 2084 1088 2155 (α).
2382 2100 2713 2173 οἱαρεαιηια.

132 2161 222 2216 20.
268 2164 550 2240 Ἑτοίμηὴ
579 2169 777 2242 καρδία
808 2189 934 2242 μου,
967 2176 995 2228 ὁ
1027 2175 1188 2240 Θεός·

1826 2184 1916 2240 20.
1945 2185 2203 2244 Paratum
2238 2205 2336 2246 cor
2363 2209 2568 2260 meum,
2600 2195 2743 2254 Deus
2768 2217 2781 2255 :

133 2253 218 2307 21.
265 2255 486 2330 Ἑτοίμη
516 2260 550 2332 ἡ
585 2260 780 2332 καρδία
831 2280 957 2334 μου,
993 2265 1216 2340 ᾄσομαι,
1264 2273 1356 2327 καὶ
1399 2273 1555 2343 ψαλῶ
1588 2274 1624 2327 ἐι

1840 2277 1910 2334 11.
1943 2278 2198 2336 Paratum
2230 2298 2327 2338 cor
2355 2301 2554 2351 meum,
2585 2292 2837 2359 cantabo,
2869 2302 2923 2349 et
2950 2297 3219 2365 psalmum
3251 2299 3331 2355 di-

64 2345 126 2413 τῇ
150 2344 278 2418 δόξῃ
314 2364 442 2418 μου.

1749 2382 1869 2424 cam
1903 2371 1957 2425 in
1993 2372 2162 2443 gloria
2193 2390 2333 2431 mea.

129 2465 204 2535 (α)
231 2465 370 2522 Cod.
397 2463 568 2521 Palat.

1185 2567 1564 2625 ATHANASII
1602 2570 2196 2629 INTERPRETATIO.

60 2707 134 2772 τῷ
171 2709 364 2764 αὐτὸν
390 2711 860 2781 ἀποδιδράσκειν
893 2719 1010 2774 ἀπὸ
1046 2724 1371 2790 προσώπου
1405 2725 1604 2782 Σαοὺλ
1631 2729 1720 2794 εὶς
1752 2728 1818 2783 τὸ
1853 2728 2181 2799 σπήλαιον.
2220 2732 2390 2786 Τοῦτο
2411 2729 2504 2788 οὖν
2541 2733 2709 2807 δηλοῖ,
2739 2738 2869 2792 ὅταν
2901 2755 2987 2805 τις
3013 2742 3189 2815 φεύγῃ
3220 2743 3327 2800 ἀπὸ

61 2803 348 2875 προσώπου
380 2807 553 2861 Σαοὺλ
581 2809 663 2870 εις
694 2810 784 2865 τὸν
819 2815 1030 2889 μονήρη
1066 2819 1200 2890 βίον,
1238 2822 1435 2894 μηκέτι
1459 2823 1763 2897 διαφθείρει
1803 2827 1879 2898 (1)
1909 2828 1990 2890 είς
2022 2827 2120 2899 τὴν
2158 2828 2251 2882 τοῦ
2283 2830 2490 2901 Κυρίου
2522 2803 2816 2902 πολιτείαν,
2851 2803 2990 2892 ἀλλα
3019 2803 3326 2915 "modii

60 2902 188 2972 πρὸς
216 2903 382 2956 αὑτὸν
407 2902 499 2957 τὸν
535 2906 890 2978 προκείμενον
917 2912 1149 2984 ψαλμόν.
1183 2918 1354 2972 Σαοὺλ
1386 2919 1495 2991 γὰρ
1528 2922 1607 2984 εἰς
1631 2920 1724 2974 τὸν
1759 2921 2000 2976 διάϐολον
2031 2923 2425 2995 ἑρμηνεύεται,
2462 2927 2645 2992 καθὼς
2676 2930 2934 2998 πολλάκις
2965 2902 3288 3006 εἰρήκαμεν;

60 2997 188 3063 Ῑαεὶε
213 2996 352 3054 Saul
382 3002 437 3054 in
471 3001 792 3071 speluncam.
830 3002 942 3061 Hoc
978 3007 1146 3079 igitur
1169 3011 1460 3081 signiﬁcat,
1491 3031 1615 3069 cum
1653 3016 1777 3086 quis
1803 3015 1940 3088 fugit
1971 3034 2000 3072 a
2038 3017 2174 3074 facie
2205 3019 2335 3076 Saul
2372 3022 2426 3075 in
2459 3023 2625 3079 vitam
2677 3027 2998 3093 solitariam,
3051 3043 3160 3083 non
3205 3045 3317 3084 am-

59 3089 191 3155 plius
218 3093 531 3164 corrumpit
552 3095 1024 3154 conversationem
1060 3099 1298 3169 Domini,
1334 3103 1430 3158 sed
1469 3105 1756 3162 clamando
1781 3109 1848 3163 ad
1873 3124 1998 3164 eum
2034 3112 2344 3182 appositum
2374 3116 2644 3184 psalmum
2681 3118 2834 3177 dicit.
2870 3119 3000 3175 Saul
3044 3123 3189 3178 enim
3224 3139 3323 3192 pro

57 3183 268 3241 diabolo
299 3187 591 3259 accipitur,
623 3193 1084 3259 quemadmodum
1125 3213 1270 3270 saepe
1311 3200 1575 3257 diximus.

117 3324 170 3378 5.
206 3324 320 3377 Kal
370 3325 430 3378 ἐν
466 3329 534 3396 τῇ
587 3326 889 3383 ἀναπαύσει
914 3329 1022 3384 τῶν
1049 3332 1191 3388 δύων
1231 3339 1322 3388 σου
1363 3335 1608 3407 διαθηκῶ

1829 3339 1870 3393 5.
1923 3337 1991 3392 Et
2018 3341 2072 3393 in
2108 3339 2390 3412 refrigerio
2421 3343 2657 3401 duorum
2691 3355 3144 3407 testamentorum
3191 3362 3320 3411 tuo-

56 3416 217 3470 ἐλπιῶ
233 3434 248 3448 ’

1736 3443 1860 3482 rum
1897 3429 2129 3498 sperabo
2164 3448 2178 3483 :

113 3509 164 3563 ι.
182 3511 332 3574 Ἕως
360 3504 424 3565 οὗ
454 3512 774 3586 συντελεσθῇ
809 3518 837 3569 ὁ
867 3517 1090 3588 κόσμος.

1802 3519 1856 3574 4.
1910 3519 2094 3576 Donec
2139 3534 2557 3580 consummatur
2591 3529 2851 3585 mundus.

114 3601 166 3656 5.
207 3603 574 3675 Δεηθήσομαι,
604 3605 772 3674 λέγει,
800 3607 894 3662 τοῦ
932 3609 1068 3663 Θεοῦ
1103 3609 1196 3663 τοῦ
1226 3611 1450 3680 ὑψίστου
1472 3630 1486 3644 ·

1803 3614 1856 3667 5.
1903 3613 2266 3684 Deprecabor,
2294 3616 2490 3687 inquit,
2527 3617 2696 3674 Deum
2728 3622 3098 3681 altissimum:

114 3693 164 3746 6.
206 3695 311 3746 Τὸν
337 3695 721 3768 δωρησάμενον
750 3699 826 3770 (2)
852 3700 921 3754 τὰ
952 3701 1146 3755 ἑαυτοῦ
1175 3703 1376 3758 πάντα.

1175 3703 1376 3758 πάντα.
1803 3705 1856 3760 6.
1917 3704 2018 3772 Qui
2047 3722 2148 3762 sua
2174 3708 2361 3763 omnia
2397 3709 2639 3766 donavit.

112 3785 163 3839 7.
205 3786 310 3838 Τὸν
336 3785 469 3839 Θεὸν
500 3787 672 3857 Λόγον
700 3788 1080 3856 ἐξαπέστειλεν
1109 3794 1138 3846 ὁ
1164 3795 1376 3868 Πατήρ,

1254 3797 1376 3868 τήρ,
1797 3796 1846 3852 7.
1900 3797 2071 3853 Deum
2099 3797 2340 3856 Verbum
2372 3801 2522 3856 misit
2557 3803 2745 3861 Pater.

111 3878 162 3932 8.
205 3878 346 3940 Τοὺς
372 3878 630 3950 δαίμονας
659 3881 832 3952 λέγει.

1795 3887 1849 3942 8.
1900 3887 2184 3948 Daemones
2217 3893 2509 3963 signiﬁcat.

109 3969 160 4023 9.
202 3969 309 4022 Τόν
335 3969 465 4023 Υἱὸν
491 3971 678 4039 αὐτοῦ,
706 3974 800 4027 καὶ
826 3974 888 4028 τὸ
913 3975 1139 4047 Πνεῦμα
1171 3977 1336 4031 αὐτοῦ
1362 3976 1425 4032 τὸ
1448 3979 1600 4049 ἅγιον

1798 3980 1852 4034 9.
1908 3980 2106 4038 Filium
2138 3999 2298 4040 suum
2333 3994 2388 4040 et
2424 3994 2673 4041 sanctum
2706 4000 2867 4042 suum
2909 3985 3196 4060 Spiritum.

107 4063 194 4117 10.
211 4063 312 4117 Ἕκ
337 4064 504 4134 μέσου
530 4065 640 4119 τῶν
665 4067 956 4139 δαιμόνων.

1797 4072 1884 4128 10.
1931 4071 2007 4129 De
2048 4076 2227 4132 medio
2264 4078 2591 4133 daemonum.

113 4156 198 4210 11.
243 4157 663 4231 Ἀνεπαυσάμην
702 4161 842 4232 μετὰ
884 4162 1160 4232 φροντίδος
1195 4163 1304 4218 τῶν
1341 4165 1604 4238 ἁμαρτιᾶν

1540 4165 1622 4220 νῶν
1799 4163 1885 4219 11.
1917 4163 2178 4236 Requievi
2206 4167 2473 4225 sollicitus
2509 4169 2577 4224 de
2611 4171 2851 4240 peccatis
2877 4172 3031 4228 meis.

46 4265 162 4315 μου.

109 4342 323 4396 12.Τῶν
344 4343 441 4397 ἀνθ
451 4343 647 4414 ρώπων
661 4347 716 4400 αἱ
731 4346 1068 4402 διδασκαλίαι
1081 4349 1444 4421 θανατηφόροι
1461 4349 1594 4402 εἰσίν

1478 4349 1614 4404 ιῑσίν,
1793 4339 1880 4394 12.
1911 4339 2179 4396 Doctrina:
2201 4341 2482 4396 hominum
2511 4342 2803 4400 mortiferae
2823 4354 2969 4400 sunt.

103 4435 190 4490 15.
227 4436 341 4488 Kal
368 4437 402 4507 ή
432 4436 594 4491 λαλιὰ
624 4438 803 4492 αὐτῶν
836 4440 1148 4512 ὴκονημένη
1183 4441 1260 4504 εἰς
1293 4442 1459 4494 κακά.

1794 4431 1880 4484 15.
1911 4429 1978 4484 Et
2005 4431 2220 4500 loquela
2244 4447 2434 4487 eorum
2463 4445 2621 4488 acuta
2655 4436 2720 4489 ad
2751 4436 2977 4490 malum.

103 4526 187 4579 14.
217 4526 517 4600 Δοξάσθητι
548 4530 606 4583 ὲν
637 4532 749 4594 τοῖς
777 4531 952 4599 ἁγίοις
980 4548 1094 4596 σου,
1121 4534 1150 4586 ὀ
1178 4532 1329 4595 Θεός.

1788 4519 1874 4574 14.
1911 4520 2230 4576 Gloriticare
2261 4521 2317 4576 in
2350 4523 2555 4579 sanctis
2587 4524 2715 4588 tuis,
2741 4521 2904 4580 Deus.

101 4616 187 4670 15.
221 4617 332 4670 Kal
367 4617 426 4672 ἐν
461 4619 624 4673 παντὶ
651 4618 730 4690 τῷ
758 4620 949 4692 κόσμῳ
977 4623 1011 4693 ἡ
1048 4623 1229 4686 πίστις
1262 4639 1374 4675 σου.

1271 4639 1374 4675 που.
1785 4615 1872 4671 15.
1901 4615 1967 4670 Ει
1990 4617 2042 4670 in
2071 4617 2221 4671 omni
2244 4616 2452 4672 mundo
2478 4617 2613 4674 ﬁdes
2649 4630 2762 4676 tua.

102 4705 187 4760 16.
218 4707 284 4759 Οἱ
307 4706 564 4777 δαίμονες
587 4707 684 4780 τὴν
716 4707 792 4779 (‘5)
817 4708 1115 4780 ἁμαρτίαν.

1029 4727 1115 4763 αν.
1643 4727 1687 4782 ι)
1793 4705 1875 4763 16.
1912 4709 2191 4764 Daemones
2216 4720 2519 4780 peccatum.

100 4797 187 4851 17.
217 4799 330 4852 Kal
358 4799 614 4855 εἵλκυσαν
645 4801 744 4872 τὴν
773 4800 952 4874 ψυχήν
983 4820 1106 4873 μου.

1786 4799 1872 4855 17.
1903 4799 1969 4853 Et
2002 4809 2284 4856 traxerunt
2316 4801 2554 4858 animam
2584 4821 2781 4860 meam.

100 4888 185 4943 18.
215 4890 567 4962 Ηύτρέπισάν
603 4911 695 4964 μοι
723 4892 818 4947 τοῦ
854 4896 1041 4948 πεσεῖν
1077 4895 1158 4958 είς
1187 4895 1286 4966 τὴν
1315 4895 1590 4966 ἀμαρτιαν

1800 4893 1868 4947 l8.
1903 4893 2242 4949 Paraverunt
2279 4897 2412 4951 mihi
2442 4907 2500 4952 ut
2532 4900 2782 4956 caderem
2818 4901 2871 4955 in
2904 4911 3211 4971 peccatum,
3237 4918 3291 4961 ct

34 4982 115 5032 καὶ
150 4981 254 5052 ἐμὲ
286 4983 385 5053 μὲν
417 4985 670 5056 ὲρῤύσω’

1709 5000 1796 5039 me
1821 4987 2039 5054 quidem
2069 4987 2333 5044 liberasti.

97 5072 181 5128 19.
230 5074 464 5129 Ἐκεῖνοι
496 5076 552 5130 δὲ
585 5078 870 5150 ἐνέμειναν
900 5078 958 5132 ὲν
989 5080 1144 5151 αὐτῇ.

1779 5077 1865 5131 19.
1899 5077 2003 5148 Ipsi
2029 5092 2208 5134 autem
2245 5083 2298 5134 in
2327 5098 2392 5137 eo
2423 5095 2861 5152 permanserunt.

93 5164 181 5217 ‘20.
219 5166 314 5228 Είς
340 5166 401 5219 τὺ
425 5167 639 5240 θέλημά
670 5187 787 5225 σου.

1782 5168 1872 5221 20.
1905 5167 1963 5223 1n
1988 5171 2319 5226 voluntatem
2356 5182 2527 5229 tuatn.

90 5257 180 5310 9.1.
221 5259 501 5331 Ἀνυμνῶν
532 5278 625 5314 σου
668 5263 762 5315 καὶ
800 5261 977 5332 λέγων
1002 5265 1102 5328 τὰς
1132 5263 1338 5336 δωρεὰς
1375 5263 1441 5329 ἃς
1474 5267 1581 5334 ὲχα

1794 5260 1870 5313 21.
1905 5259 2161 5317 Laudans
2185 5273 2236 5318 ct
2263 5282 2526 5322 enati-aus
2553 5269 2694 5322 dona
2729 5279 2841 5338 tua,
2872 5284 2993 5340 qua
3025 5269 3285 5341 elargitus

30 5347 158 5415 ρίσω
196 5368 308 5420 μοι.

1710 5366 1769 5405 es
1799 5350 1953 5404 mihi.

968 5489 1279 5552 Addenda
1310 5497 1371 5552 et
1417 5485 1794 5567 corrigenda
1828 5504 1904 5547 ex
1938 5487 2079 5549 cod.
2133 5489 2328 5552 Vatic.

91 5653 165 5726 (1)
204 5653 558 5726 Διαφθείρῃς.
813 5657 889 5720 (Ξ)
923 5661 1322 5733 Δωρησάμενόν
1360 5678 1468 5731 μοι.
1759 5660 1836 5731 (5)
1871 5661 1964 5723 Εις
1987 5661 2108 5732 τήν.

296 5747 571 5808 1’nn0L.
611 5746 729 5808 Gn.
764 5749 1027 5810 XXVII.

2948 5759 3028 5823 28
