3776 6280
439 165 546 220 875
1279 167 1337 222 ὃ.
1378 164 1752 223 ATHANASH
1790 165 1940 223 OPP.
1973 165 2153 222 PARS
2192 163 2284 221 ιιι.
2322 195 2388 210 --
2421 163 2830 221 EXEGETICA.
3573 163 3689 222 876

510 281 600 334 22.
630 278 894 351 Exsurge,
932 279 1102 351 gloria
1136 294 1253 335 mea
1293 295 1306 331 :

2036 286 2082 342 Α
2177 279 2266 333 22.
2294 278 2369 350 (α)
2406 278 2770 351 Ἑξεγὲρθτμτι,
2801 281 2834 350 ἡ
2861 277 2987 346 δόξα
3015 295 3115 349 μου
3135 293 3150 308 ο

509 373 598 427 25.
631 371 894 444 Exsurge,
924 372 1239 442 psalterium
1265 383 1319 428 et
1349 374 1556 429 cithara
1589 390 1602 425 :

2180 371 2272 425 25.
2314 370 2677 443 Ἐξεγέρθητι,
2702 369 2998 442 ψαλτήριον
3026 369 3121 425 καὶ
3151 368 3373 442 κιθάρα.

510 461 600 518 24.
627 461 925 533 Exsurgam
953 463 1209 520 diluculo.

2182 461 2274 515 24.
2311 461 2767 534 Ἐξεγερθήσομαι
2793 461 3012 532 ὄρθρου.

508 554 598 607 25.
631 553 942 609 Conﬁtebor
965 554 1060 610 tibi
1088 555 1142 610 in
1170 556 1402 626 populis,
1429 555 1673 611 Domine.

2180 552 2271 606 25.
2313 551 2801 622 Ἑξομολογήσομαί
2837 569 2918 605 σοι
2942 553 3001 606 ὲν
3031 550 3199 616 λαοῖς,
3225 551 3431 626 Κύριε·

507 645 598 698 26.
633 644 698 698 Et
729 645 1000 715 psalmum
1034 646 1207 702 dicam
1233 646 1331 702 tibi
1359 647 1414 701 in
1441 646 1711 717 gentibus.

1441 646 1711 717 gentibus.
2179 645 2270 699 26.
2297 644 2468 698 Ψαλῶ
2494 661 2577 699 σοι
2611 646 2668 698 ὲν
2701 643 2928 696 ἔθνεσιν.

510 735 599 789 27.
633 736 900 802 Quoniam
933 738 1272 809 magniﬁcam
1304 749 1387 794 est
1413 752 1588 809 usque
1613 737 1680 793 ad
1706 737 1873 794 ctelos
1909 737 2001 793 miv

2190 739 2272 792 27.
2307 738 2428 792 Ὅτι
2455 735 2803 809 ,ἐμεγαλύνθη
2850 737 2954 802 ἕως
2995 736 3102 792 τῶν
3149 735 3390 808 οὐρανῶν
3425 735 3487 790 τδ
3531 735 3681 800 ἔλεός

440 829 734 884 sericordia
763 837 852 884 tua
878 844 893 882 :

2113 844 2229 882 cou°
2799 835 2801 838 ‘

506 920 596 975 28.
631 919 695 974 Et
725 936 894 990 usque
919 921 984 977 ad
1015 921 1187 977 nubes
1208 921 1411 978 veritas
1442 929 1557 976 tua.

2180 919 2268 974 28.
2297 919 2407 972 Kal
2433 919 2535 984 ἕως
2567 919 2674 974 τῶν
2704 919 2943 992 νεφελῶν
2978 920 3011 990 ἡ
3046 919 3274 990 ἀλήθειά
3303 937 3417 972 σου.

508 1011 597 1066 29.
630 1010 878 1067 Exaltare
907 1027 1072 1081 super
1099 1012 1286 1078 caelos,
1311 1011 1456 1068 Deus
1485 1027 1500 1064 :

2180 1012 2270 1068 29.
2317 1012 2588 1084 Ὑψώθητι
2615 1013 2706 1068 ἐπὶ
2733 1014 2857 1077 τοὺς
2888 1013 3168 1084 οὐρανοὺς,
3197 1013 3225 1065 ὁ
3251 1012 3380 1076 Θεάῖ
3395 1029 3409 1042 ⁸

510 1105 598 1158 50.
637 1103 702 1158 Et
735 1120 898 1175 super
929 1121 1144 1161 omnem
1179 1114 1374 1160 terram
1403 1105 1575 1177 gloria
1611 1115 1724 1162 tua.

2180 1105 2268 1158 50.
2298 1106 2406 1158 Καὶ
2432 1106 2523 1158 ἐπὶ
2555 1106 2734 1160 πᾶσαν
2758 1104 2854 1175 τὴν
2889 1105 2990 1176 γῆν
3021 1106 3055 1175 ἡ
3081 1103 3208 1168 δόξα
3240 1121 3355 1160 σου.

439 1256 505 1313 In
539 1259 715 1329 finem,
744 1277 807 1314 ne
835 1259 1128 1330 disperdas,
1152 1257 1323 1312 David
1346 1260 1399 1312 in
1426 1257 1570 1313 tituli
1594 1259 1930 1328 inscriptione

2188 1276 2214 1322 ς
2250 1256 2313 1310 τὸ
2352 1256 2548 1323 τέλος,
2573 1255 2659 1326 μὴ
2695 1255 3056 1325 διαφθείρῃς,
3087 1256 3166 1321 τῷ
3204 1258 3382 1313 Δαὸὶδ
3416 1261 3504 1327 εις
3535 1275 3679 1331 στη-

997 1350 1200 1406 PSAL.
1242 1350 1284 1402 L
1301 1349 1419 1404 VII.

2525 1349 2875 1420 λοποαερίαν.
2913 1351 3087 1404 ΨΑΛ.
3113 1351 3242 1405 NZ'.

514 1487 565 1540 1.
601 1486 657 1538 Si
698 1500 822 1540 vere
848 1485 1034 1554 utique
1061 1484 1326 1555 justitiam
1357 1485 1643 1554 loquimini
1678 1502 1691 1537 :

2183 1485 2234 1539 1.
2264 1485 2328 1538 Ei
2357 1484 2570 1556 ἀληθῶς
2599 1484 2706 1554 άρα
2728 1483 3072 1555 δικαιοσύνην
3094 1483 3322 1551 λαλεῖτε,

513 1576 568 1629 2.
602 1574 764 1631 Recta
789 1575 1026 1645 judicate
1055 1576 1148 1630 lilii
1183 1577 1484 1630 hominum.

2179 1575 2233 1628 2.
2263 1574 2490 1638 Εὐθείας
2521 1574 2764 1645 κρίνατε,
2793 1575 2897 1626 υἱοὶ
2928 1573 3034 1626 τῶν
3060 1573 3381 1646 ἀνθρώπων.

510 1665 566 1720 5.
600 1664 811 1719 Etenim
838 1665 891 1719 in
915 1665 1077 1720 corde
1101 1665 1414 1735 iniquitates
1433 1665 1730 1735 operamini
1754 1664 1809 1719 in
1829 1673 1972 1720 terra
1993 1679 2001 1716 :

2183 1669 2238 1722 5.
2272 1667 2382 1722 Καὶ
2405 1667 2513 1738 γὰρ
2534 1668 2593 1722 ὲν
2612 1665 2809 1737 καρδία
2833 1664 3062 1736 ἀνομίαν
3087 1665 3381 1737 ἐργάζεσθε
3409 1667 3468 1722 ἐν
3493 1670 3563 1740 τῇ
3583 1672 3674 1739 γῇο

503 1758 558 1812 ι.
593 1757 910 1827 Injustitiam
941 1771 1135 1812 manus
1159 1766 1352 1812 vestrae
1377 1756 1724 1814 concinnant.

2183 1759 2240 1815 4.
2282 1760 2518 1816 Ἀδικίαν
2544 1761 2599 1814 ai
2628 1762 2808 1831 χεῖρες
2835 1757 2988 1830 ὑμῶν
3018 1758 3437 1828 συμπλέκουσιν.

510 1848 565 1904 5.
598 1848 833 1906 Alienati
865 1855 994 1904 sunt
1019 1856 1331 1919 peccatores
1365 1862 1395 1902 a
1426 1847 1584 1902 vulva
1612 1862 1624 1898 :

2183 1851 2236 1908 5.
2280 1849 2816 1925 Ἀπηλλοτριὼθησαν
2846 1853 2895 1903 οἱ
2923 1850 3234 1922 ἁμαρτωλοὶ
3257 1851 3366 1906 ὰπὸ
3391 1853 3636 1924 μήτρας·

508 2026 588 2100 (α)
622 2024 774 2082 Vers.
805 2025 895 2091 22,
923 2026 1180 2098 ᾊσομαι,
1206 2026 1301 2080 καὶ
1336 2023 1491 2096 ψαλῶ
1521 2039 1624 2079 σοι·
1662 2023 1814 2079 deest
1857 2023 1914 2076 ὲν
1961 2025 1999 2093 τῇ

1703 2031 1814 2079 eest
1857 2023 1914 2076 ὲν
1961 2025 2023 2094 τῇ
2053 2021 2178 2095 δόξῃ
2214 2039 2335 2092 μου.
2375 2023 2527 2079 Vers.
2557 2023 2647 2091 25,
2685 2022 3056 2094 Ἐξεγέρθητι,
3089 2033 3194 2081 etc.

1548 2201 1922 2258 ATHANASII
1965 2201 2553 2258 INTERPRETATIO.

505 2388 598 2445 22.
629 2387 813 2444 Gratia
843 2396 956 2442 tua.

2177 2379 2268 2435 22.
2310 2379 2376 2432 Ἥ
2409 2378 2568 2452 χάρις
2590 2397 2706 2434 σου.

506 2480 599 2536 25.
635 2480 870 2551 Spiritus
907 2487 1131 2533 sanctus
1163 2487 1310 2532 tuus.

2173 2471 2263 2525 25.
2300 2471 2374 2524 Τὸ
2399 2471 2626 2542 Πνεῦμά
2651 2489 2744 2526 σου
2773 2472 2832 2526 τὸ
2855 2472 3030 2542 ἅγιον.

506 2574 598 2628 24.
629 2573 687 2626 ιιι
722 2573 841 2628 luce
874 2581 987 2626 tua.

2172 2560 2265 2616 24.
2295 2561 2394 2636 Ἑν
2422 2560 2500 2633 τῷ
2528 2563 2666 2631 φωτί
2695 2579 2812 2620 σου.

505 2665 598 2722 25.
631 2664 956 2720 Gloriﬁcabo
985 2675 1060 2731 te,
1083 2662 1236 2719 dicit.

2175 2650 2267 2706 25.
2294 2649 2510 2718 Δοξάσω
2549 2669 2644 2718 ae,‘
2660 2652 2829 2724 λέγει.

509 2754 597 2808 26.
629 2754 764 2810 Cum
796 2755 1093 2810 cruciiixus
1116 2768 1177 2809 es
1205 2764 1305 2822 pro
1330 2750 1589 2806 universo
1617 2748 1842 2805 mundo.

2190 2742 2262 2798 l6.
2291 2743 2462 2798 Ὅταν
2493 2744 2568 2815 (1)
2601 2747 2928 2820 σταυρωθεὶς
2972 2746 3335 2826 [παυρωθῇς]
3370 2753 3510 2827 ὑπὲρ
3542 2774 3681 2812 παν.

2101 2835 2194 2899 τὸς
2222 2834 2314 2890 τοῦ
2340 2835 2571 2907 κόσμου.

503 2936 594 2989 27.
626 2933 895 3001 Quoniam
925 2931 1222 3003 gloriﬁcata
1244 2939 1381 3009 esta
1410 2938 1550 2984 terra
1585 2941 1760 2998 usque
1793 2925 1861 2982 ad
1891 2941 1994 2983 cm-

2192 2927 2262 2981 Π.
2291 2927 2414 2980 Ὅτι
2466 2927 2724 3004 ἐδοξάσθη
2757 2930 2865 2986 ἀπὸ
2888 2931 2988 3005 τῆς
3021 2935 3124 3005 γῆς
3153 2935 3257 2999 ἕως
3293 2937 3400 2993 τῶν
3428 2940 3683 3013 οὐρανῶν

441 3026 525 3083 los
549 3026 733 3096 passio
758 3034 873 3078 tua.

2034 3035 2080 3097 ο
2107 3017 2168 3071 τὸ
2195 3017 2365 3082 πάθος
2399 3035 2513 3075 σου.

505 3118 596 3172 28.
631 3116 699 3171 Et
730 3115 864 3171 ﬁdes
891 3125 981 3170 tua
1014 3115 1070 3170 in
1099 3122 1338 3171 sanctos.
1597 3103 1616 3122 ⁸

2177 3110 2268 3166 28.
2297 3111 2406 3165 Καὶ
2433 3114 2467 3184 ἡ
2498 3112 2678 3194 πίστις
2705 3113 2781 3185 (2)
2804 3132 2897 3168 σου
2927 3118 3003 3181 είς
3032 3118 3389 3190 τοὺς.άγίους.

507 3209 598 3264 29.
637 3207 881 3263 Ascende
914 3207 968 3261 in
1002 3207 1210 3262 celos:

2176 3203 2264 3260 29.
2306 3204 2667 3279 Ἀναλήφθητι
2694 3209 2775 3272 εἰς
2809 3210 2933 3273 τοὺς
2968 3209 3228 3282 οὐρανούς
3258 3214 3355 3285 (5).

505 3300 594 3354 50.
628 3299 693 3354 Et
725 3301 777 3355 in
817 3300 964 3355 omni
999 3309 1142 3354 terra
1171 3299 1350 3369 passio
1374 3305 1467 3352 tua
1492 3295 1909 3368 gloriﬁcabitur.

2177 3293 2266 3350 50.
2291 3297 2400 3351 Καὶ
2426 3297 2484 3352 ὲν
2513 3301 2578 3369 τῇ
2601 3301 2670 3370 τῇ
2701 3300 2850 3374 πάσῃ
2869 3301 2931 3354 τὸ
2952 3302 3121 3367 πάθος
3145 3321 3237 3358 σου
3265 3307 3660 3381 δοξασθήσεται

515 3477 581 3530 Ἦ
609 3477 941 3548 προκειμένη
992 3471 1268 3546 ἐπιγραφὴ
1311 3470 1552 3544 περιέχει
1583 3469 1660 3542 (4)
1683 3485 1697 3501 °
1734 3471 1840 3537 Εις
1885 3468 1951 3523 τὸ
1993 3467 2186 3536 τέλος,
2227 3469 2315 3539 μὴ
2361 3470 2723 3542 διαφθείρῃς,
2755 3470 2836 3538 τῷ
2873 3475 3050 3528 Δαϐίδ
3077 3479 3164 3544 είς
3201 3483 3682 3552 στηλοπραφίαν,

445 3575 604 3628 Γοῦτο
629 3570 722 3628 οὖν
752 3575 931 3642 λέγει·
972 3572 1076 3635 ἓως
1115 3570 1300 3632 τέλους
1341 3568 1415 3639 μὴ
1455 3565 1769 3640 διαφθείρῃς
1803 3565 1943 3620 κατὰ
1982 3563 2059 3636 (5)
2088 3563 2219 3618 Θεόν
2253 3581 2347 3618 σου
2378 3565 2682 3621 πολιτείαν·
2715 3567 2791 3632 ὡς
2821 3567 2931 3642 γὰρ
2978 3571 3236 3638 πολλάκις
3278 3576 3604 3650 εἰρήκαμεν,
3647 3586 3680 3654 η

434 3667 807 3740 στηλογραφία
839 3667 916 3730 εἰς
941 3664 1039 3736 τὴν
1068 3660 1340 3716 πολιτείαν
1373 3659 1680 3730 θεωρεῖται.

504 3808 719 3864 Titulus
749 3805 1068 3878 praepositus
1103 3802 1346 3860 continet
1379 3815 1394 3851 :
1427 3798 1494 3853 In
1528 3799 1710 3869 ﬁnem,
1743 3813 1805 3850 ne
1847 3811 2175 3864 corrumpas,
2219 3793 2392 3849 David
2422 3795 2477 3849 in
2510 3794 2654 3850 tituli
2695 3797 3110 3868 inscriptionem.
3159 3801 3272 3860 lloc
3305 3804 3464 3875 igitur
3503 3807 3686 3880 signi-

437 3903 562 3956 licat
597 3914 773 3970 usque
813 3900 868 3954 in
897 3899 1079 3963 linem,
1109 3913 1178 3952 ne
1209 3910 1528 3966 corrumpas
1559 3896 1855 3950 secundum
1887 3891 2058 3947 Deum
2089 3890 2555 3970 conversationem
2594 3900 2743 3956 tuam
2774 3913 2787 3950 :
2826 3904 2885 3950 ut
2912 3897 3056 3953 enim
3091 3913 3234 3970 saepe
3264 3901 3502 3958 diximus
3532 3906 3686 3961 tituli

439 3961 716 4061 inscriptio
743 3991 1027 4060 allegorice
1053 3961 1351 4060 explicatur
1377 3961 1449 4042 de
1475 3983 1887 4041 conversatione
1919 3999 2016 4039 seu
2037 3983 2163 4039 vita:
2186 3961 2551 4039 instituiione.

506 4173 557 4226 i.
587 4169 644 4225 Si
673 4182 861 4226 revera
883 4165 1016 4223 estis
1039 4161 1336 4221 Christiani
1367 4177 1381 4216 :

2180 4155 2232 4212 1.
2260 4157 2324 4210 El
2348 4157 2487 4213 κατὰ
2508 4157 2767 4232 ἀλήθειαν
2790 4167 3107 4236 ἵριστιανοί
3135 4169 3277 4237 ὲστε,

502 4263 556 4318 2.
586 4262 738 4320 .lusta
764 4270 818 4318 et
842 4260 1006 4331 digna
1029 4258 1097 4315 de
1122 4271 1220 4314 vos
1253 4255 1386 4326 ipsis
1410 4253 1696 4311 consulite.

2195 4250 2228 4304 Β.
2259 4251 2450 4412 άίῖαια
2486 4253 2579 4306 καὶ
2635 4253 2762 4322 ἄξια
2798 4255 3113 4328 βουλεύεσθε
3177 4265 3305 4338 περὶ
3343 4266 3541 4324 ἑαυτοῦ,
3608 4273 3686 4346 (6)

2196 4359 2334 4396 υτων
2365 4383 2380 4398 .

2131 4341 2380 4416 ἑαυτῶν].

501 4443 556 4497 ‘5.
587 4441 794 4495 Etenim
845 4439 898 4492 in
932 4435 1244 4494 hominibus
1289 4433 1629 4489 extrinsecus
1670 4431 1804 4503 justi
1832 4445 1992 4500 appa-

2185 4435 2228 4488 5.
2245 4435 2377 4536 ’Καὶ
2402 4437 2516 4536 γὰρ
2540 4440 2650 4536 τοῖς
2676 4438 2982 4513 ἀνθρώποις
3023 4449 3274 4518 φαίνεσθε
3313 4453 3513 4511 δίκαιοι
3537 4457 3676 4524 ἔξω·

435 4535 594 4599 (οιίε;
625 4534 770 4588 intus
798 4545 927 4586 vero
957 4543 1173 4584 omnem
1201 4542 1445 4582 errorem
1479 4525 1676 4581 colitis.

2030 4522 2069 4536 ν
2101 4522 2211 4616 θεν·
2243 4524 2443 4580 ἔσωθεν
2474 4528 2529 4582 δὲ
2552 4529 2739 4601 νέμετε
2768 4533 2842 4606 (7)
2871 4537 3052 4610 πάσης
3083 4542 3306 4616 πλάνης.

503 4627 556 4680 4.
587 4623 654 4678 Ει
679 4624 844 4679 corda
879 4630 1057 4677 vestra
1096 4620 1504 4675 adinventiones
1549 4617 1814 4688 quasdam
1846 4631 1994 4671 com-

2176 4615 2224 4671 4.
2259 4618 2369 4671 Καὶ
2391 4621 2446 4672 αἱ
2481 4621 2696 4692 καρδίαι
2726 4624 2877 4696 ὑμῶν
2901 4615 3273 4705 ὲξερευνήσεις
3299 4637 3454 4704 τινὰς
3489 4657 3667 4695 συντι-

435 4730 659 4789 ponunL

2101 4703 2270 4760 θεῖσιν
2295 4708 2388 4777 (8).

504 4812 556 4866 5.
592 4809 752 4866 Tales
779 4807 1065 4864 abalienati
1090 4815 1217 4862 sunt
1241 4820 1273 4860 a
1303 4820 1423 4860 meo
1454 4804 1691 4858 lavacro.

2182 4799 2223 4854 5.
2258 4803 2336 4900 Ui
2352 4803 2579 4900 τοιοῦτοι
2622 4808 3135 4889 άπηλλοτριώθησαν
3166 4821 3260 4876 ἀπ’
3299 4823 3434 4897 ἐμοῦ
3467 4825 3570 4899 τῆς
3597 4829 3673 4900 (9)

2102 4890 2228 4942 κολυ
2236 4893 2500 4964 μδήθρας.

1376 5049 1683 5112 Addenda
1719 5058 1779 5112 et
1811 5053 2188 5132 corrigenda
2226 5073 2306 5117 ex
2337 5057 2480 5122 cod.
2514 5061 2714 5126 Vatic.

502 5230 834 5304 (υζργάρ-
1147 5299 1180 5304 __
1288 5298 1301 5304 -
1394 5295 1404 5304 .
1635 5294 1716 5304 ..
1905 5295 1928 5304 -

1288 5298 1301 5304 ,
1394 5295 1404 5304 _
1635 5295 1647 5304 ,
1705 5294 1716 5304 ,
1905 5295 1928 5304 _
2177 5229 2252 5304 (5)
2285 5233 2393 5304 Τὴν
2427 5235 2586 5296 κατά.
2615 5246 2716 5294 etc.

501 5294 578 5370 (2)
607 5294 940 5370 Τὴνπίστιν,
969 5309 1024 5354 at
1057 5299 1252 5356 melius
1278 5298 1312 5367 ἡ
1345 5295 1592 5358 πίστις...
1625 5294 1811 5361 ἁγίους
1839 5295 1952 5348 0'05-

979 5309 1024 5354 at
1057 5299 1252 5356 melius
1278 5298 1312 5367 ἡ
1345 5295 1592 5358 πίστις...
1625 5294 1811 5361 ἁγίους
1839 5295 1952 5348 σοῦ.
2171 5301 2247 5365 (ti)
2289 5294 2470 5371 Ἐμοῦ,

501 5371 576 5440 (5)
611 5375 902 5442 Οὐρανούς,
927 5373 954 5424 ὁ
987 5371 1169 5442 Θεεός.Δ
1496 5435 1506 5442 _
1672 5440 1705 5442 Α
1846 5439 1854 5442 _
1947 5437 1958 5442 _
2171 5371 2246 5438 (7)
2280 5373 2500 5442 Γέμετε.

500 5435 576 5510 (4)
617 5435 794 5512 Ἡδιά
825 5435 921 5512 τῆς
954 5439 1320 5510 κινναϐάρεως
1355 5435 1629 5507 περιέχει·
1666 5440 1768 5496 Ειο
1803 5439 1860 5508 τὸ
1897 5437 1988 5490 τέ·
2170 5435 2244 5512 (δ’)
2278 5435 2641 5499 Συθτίθουσινε

433 5515 555 5572 λος.
586 5510 665 5575 τῷ
692 5510 889 5574 Διιῐὶίδ,
914 5521 1014 5565 etc.

2168 5510 2243 5580 (9)
2297 5514 2420 5566 Ἀπὸ
2446 5516 2563 5579 τῆς,
2590 5529 2693 5572 ctc.
