3776 6280
92 251 170 305 8ῖ7
945 251 1034 307 DE
1071 251 1345 307 TITULIS
1381 251 1830 312 PSALMORUM.
1872 286 1935 297 -—-
1974 255 2172 314 PSAL.
2204 256 2388 314 LVll.‘

3199 262 3303 318 878

138 366 184 423 6.
221 365 642 437 Ἐπλανήθησαν
670 367 777 421 ἀπὺ
809 370 1064 442 γαστρὸς,
1088 372 1357 444 ἐλάλησαν
1386 373 1576 444 ψευδῆ.

1809 375 1862 430 6.
1895 375 2225 434 Erraverunt
2253 380 2322 434 ab
2349 387 2524 448 utero,
2555 379 2719 435 locuti
2753 389 2881 437 sunt
2905 379 3061 436 falsa.

146 457 190 512 7.
215 457 401 528 θυμὸς
430 458 611 522 αὐτοῖς
636 458 775 511 κατά
798 457 897 530 τὴν
925 461 1182 531 ὁμοίωσιν
1213 462 1309 516 τοῦ
1337 463 1533 533 ὅφεως,

144 549 190 603 8.
230 549 378 602 Ὠσεὶ
397 549 618 613 ἀσπίδος
637 550 845 621 κωφῆς,
867 551 963 605 καὶ
983 551 1216 625 βυούσης
1235 554 1303 608 τὰ
1319 549 1434 608 ὦτα
1449 557 1639 628 αὐτῆς.

145 642 192 696 9.
229 643 392 705 ’Ἡτις
417 642 519 695 οὐκ
549 641 920 697 είσσ.κούσεται
948 644 1132 715 φωνῆς
1152 647 1476 718 ἐπᾳδόντων,
1503 665 1642 719 φαρ-

92 749 248 802 μακου
273 749 355 797 τε,

146 823 227 878 10.
261 823 338 893 (a)
360 821 825 894 Φαρμακευομένη
854 822 1004 895 παρὰ
1027 823 1210 894 σοφοῦ.

145 914 229 968 11.
272 914 329 966 '0
359 912 490 976 Θεὸς
516 912 792 982 συντρίψει
838 914 964 978 τοὺς
993 913 1212 980 ὀδόντας
1248 917 1426 972 αὐτῶν
1466 919 1524 973 ἐν
1563 920 1643 992 τῷ

90 1006 302 1077 στόματι
329 1004 509 1057 αὐτῶν
525 1019 539 1034 ο

147 1096 227 1150 12.
253 1096 364 1159 Τὰς
389 1095 562 1167 μύλας
583 1095 692 1148 τῶν
719 1095 950 1151 λεόντων
977 1097 1297 1154 συνέθλασεν
1321 1101 1350 1154 6
1371 1100 1593 1174 Κύριος.

146 1191 227 1244 15.
270 1187 813 1260 Ἐξουδενωθήσονται
839 1189 970 1243 ὡσεὶ
993 1189 1137 1264 ὕδωρ
1159 1191 1605 1264 διαπορευόμενον
1622 1209 1637 1224 ⁸

144 1281 226 1334 14.
275 1281 508 1334 Ἐντενεῖ
529 1279 590 1334 τὸ
621 1279 772 1346 τόξον
804 1281 989 1349 αὐτοῦ,
1018 1283 1122 1346 ἓως
1147 1278 1207 1338 οὗ
1232 1284 1638 1355 ἀσθενήσουσιν.

141 1372 222 1427 15.
264 1371 408 1425 Ὠσεὶ
430 1372 598 1444 κηρὸς
625 1372 831 1438 τακεὶς,
860 1373 1428 1446 ἀνταναιρεθήσονται·

136 1466 218 1519 16.
256 1465 461 1518 Ἔπεσε
482 1463 597 1538 πῦρ
619 1466 706 1518 ἐπ’
728 1466 943 1530 αὐτοὺς,
967 1467 1060 1521 καὶ
1079 1467 1178 1520 οὐκ
1202 1463 1340 1522 εἶδον
1359 1468 1450 1522 τὸν
1467 1468 1638 1540 ἥλιον.

142 1558 224 1611 17.
271 1557 387 1630 Πρὸ
436 1558 531 1611 τοῦ
586 1558 823 1612 συνιέναι
888 1559 988 1623 τὰς
1039 1559 1279 1624 ἀκάνθας
1334 1559 1488 1631 ὑμῶν
1542 1561 1640 1634 τὴν

84 1650 293 1720 ῥάμνον

1818 469 1868 524 7.
1894 468 2070 526 Furor
2093 471 2200 528 illis
2225 472 2520 529 secundum
2551 473 2960 530 similitudinem
2993 475 3257 545 serpentis
3287 493 3304 530 :

1816 558 1871 614 8.
1909 557 2062 616 Sicut
2092 563 2294 633 aspidis
2326 564 2520 631 surdae,
2547 571 2602 619 et
2631 565 2936 621 obturantis
2957 580 3117 622 aures
3142 581 3306 624 suas:

1814 651 1869 705 9.
1904 651 2039 719 Quae
2081 669 2191 710 non
2235 655 2486 712 exaudiet
2533 671 2721 713 vocem
2773 657 3206 726 incantantium,
3254 667 3307 716 et

1741 744 1987 810 veneﬁci,

1816 836 1902 891 10.
1927 835 2059 902 Quae
2087 838 2392 895 incantatur
2421 856 2451 895 a
2484 841 2744 911 sapiente.

1812 927 1898 981 11.
1929 926 2072 983 Deus
2097 937 2339 985 conteret
2364 930 2550 986 dentes
2576 946 2764 986 eorum
2798 931 2853 986 in
2887 946 2982 988 ore
3009 931 3248 1003 ipsorum
3284 948 3298 984 :

1814 1101 1901 1156 12.
1937 1101 2106 1158 Melas
2131 1104 2348 1159 leonum
2381 1103 2646 1176 confregit
2682 1097 2965 1162 Dominus.

1816 1191 1903 1246 15.
1923 1193 2003 1248 Ad
2021 1193 2246 1250 nihilum
2263 1195 2545 1251 devenient
2561 1207 2816 1265 tanquam
2832 1211 2972 1266 aqua
2988 1197 3303 1254 decurrens.

1813 1281 1900 1337 M.
1926 1281 2168 1340 intendet
2193 1301 2379 1342 arcum
2403 1301 2584 1350 suum,
2611 1282 2782 1342 donec
2805 1287 3162 1342 inﬁrmentur.

1810 1370 1899 1430 15.
1930 1374 2083 1432 Sicut
2107 1392 2232 1432 cera
2254 1393 2375 1446 qua:
2400 1375 2537 1443 ﬂuit,
2562 1377 2877 1432 auferentur
2912 1397 2926 1433 :

1813 1466 1896 1522 16.
1927 1467 2130 1524 Cecidit
2148 1468 2286 1538 ignis
2303 1485 2467 1540 super
2489 1485 2607 1538 eos,
2628 1479 2680 1524 et
2707 1487 2814 1526 non
2833 1469 3086 1524 viderunt
3108 1471 3302 1527 solem.

1813 1557 1900 1614 17.
1925 1557 2249 1630 Priusquam
2291 1560 2652 1632 intelligerent
2690 1563 2860 1632 spinae
2891 1572 3083 1618 vestra:
3119 1562 3304 1618 rham-

1742 1666 1871 1705 num
1903 1669 1917 1706 2

144 1740 224 1794 18.
271 1739 416 1793 Ὠσεὶ
459 1738 686 1804 ζῶντας,
727 1739 861 1794 ὡσεὶ
903 1741 962 1795 ἐν
997 1742 1134 1814 ὀργῇ
1175 1741 1499 1796 καταπίεται
1545 1742 1610 1797 αύ

1815 1736 1902 1794 18.
1937 1738 2091 1796 Sicut
2121 1740 2383 1807 viventes,
2414 1741 2556 1797 sicut
2580 1741 2633 1794 in
2664 1741 2743 1796 ira
2779 1739 3032 1797 absorbet
3063 1757 3177 1798 eos.

81 1831 188 1896 τούς
217 1831 317 1901 (ι).

135 1924 218 1978 19.
259 1922 708 1995 Εὐφρανθήσεται
732 1923 960 1987 δίκαιος,
993 1924 1121 1977 ὅταν
1150 1923 1234 1995 ἴδῃ
1256 1923 1563 1995 ἐκδίκησινσ

133 2015 220 2069 20.
256 2014 368 2078 Τὰς
400 2018 587 2087 χεῖρας
628 2013 792 2068 αὑτοῦ
845 2014 1056 2086 νίψεται
1113 2017 1170 2070 ἐν
1201 2015 1279 2088 τῷ
1311 2017 1503 2089 αἵματι
1539 2017 1633 2072 τοῦ

78 2108 178 2177 ἁμα
185 2105 416 2178 ρτωλοῦ.

134 2199 223 2252 21.
257 2199 368 2251 Καὶ
395 2195 513 2270 ἐρεῖ
535 2193 849 2269 ἄνθρωπος’
882 2198 946 2251 El
972 2197 1080 2268 ἄρα
1129 2196 1246 2250 ἐστὶ
1302 2197 1513 2268 καρπὸς
1557 2197 1636 2268 τῷ

74 2289 258 2343 δικαίω
275 2307 290 2321 ⁸

131 2380 223 2436 22.
257 2382 401 2452 Ἀρα
431 2379 579 2434 ἐστὶν
609 2382 638 2434 6
673 2377 806 2445 Θεὸς
830 2379 1031 2451 κρίνων
1054 2380 1249 2445 αὐτοὺς
1282 2383 1338 2435 ἐν
1363 2382 1429 2452 τῇ
1455 2381 1547 2452 γῇ.

134 2594 188 2665 (ιι
241 2591 399 2649 Vers.
432 2594 520 2662 10,
543 2597 622 2648 Φα
663 2594 838 2667 μακοῦ
859 2613 941 2663 τε,
968 2607 1098 2666 etc.,
1133 2597 1317 2669 σοφοῦ.

137 2594 211 2735 {6;
242 2663 298 2720 ln
330 2679 505 2735 marg.
535 2613 658 2722 coda.
693 2666 860 2735 ὑμᾶς.

137 2663 211 2735 {6)
242 2663 298 2720 ln
330 2679 505 2738 marg.
535 2663 860 2738 cod.'6p.5.c.

1809 1921 1893 1979 19.
1925 1921 2220 1978 Lmtahitur
2245 1922 2428 1994 justus
2465 1939 2588 1977 cum
2620 1919 2815 1978 viderit
2839 1922 3130 1978 vindictam
3158 1942 3172 1978 :

1808 2011 1900 2066 20.
1931 2011 2123 2069 Manus
2150 2030 2278 2070 suas
2307 2013 2510 2069 lavabit
2536 2011 2590 2068 in
2625 2012 2890 2083 sanguine
2911 2013 3230 2082 peccatoris.

1807 2194 1898 2248 21.
1930 2191 1998 2248 Ει
2021 2192 2165 2250 dicet
2189 2194 2353 2250 homo
2388 2213 2404 2250 :
2438 2193 2495 2249 Si
2524 2195 2709 2265 utique
2746 2203 2828 2250 est
2858 2193 3070 2250 fructus
3104 2192 3252 2266 justo
3284 2209 3300 2248 :

1814 2375 1903 2434 22.
1935 2374 2139 2449 Utique
2162 2385 2246 2434 est
2271 2375 2415 2433 Deus
2435 2376 2690 2448 judicans
2722 2389 2818 2432 eos
2848 2375 2905 2432 in
2926 2382 3089 2431 terra.

1185 2863 1564 2923 ATHANASII
1596 2864 2184 2925 INTERPRETATIO.

134 3070 185 3124 6.
213 3067 433 3142 Πλάνην
461 3068 570 3142 γὰρ
601 3068 678 3142 (1)
709 3069 898 3125 ἔλαὸον
926 3070 1035 3125 ἀπὸ
1063 3071 1156 3125 τοῦ
1183 3071 1574 3145 βαπτίσματος.

1812 3073 1865 3129 6.
1897 3074 1944 3127 A
1968 3073 2240 3144 baptismo
2268 3072 2416 3130 enim
2445 3083 2689 3128 errorem
2721 3068 2954 3142 amplexi
2983 3079 3132 3127 sunt.

133 3162 182 3215 7.
200 3163 264 3215 Ἦ
279 3161 469 3234 διδαχὴ
486 3161 665 3216 αὐτῶν
681 3161 1148 3236 θανατηφόρος,ὼς
1163 3167 1191 3218 6
1205 3165 1318 3229 υἱὸς
1331 3165 1425 3219 τοῦ
1441 3165 1635 3236 ὄφεως.

133 3253 184 3306 8.
226 3253 363 3306 ’Δπὺ
387 3253 487 3324 τῆς
514 3253 768 3324 ἀληθείας
788 3255 886 3328 τὴν
915 3256 1081 3329 ἀκοὴν
1115 3257 1570 3328 ἀποστρέφουσιν.

135 3345 188 3398 9.
229 3341 422 3406 Οὕτως
470 3341 589 3396 οὐδὲ
633 3336 779 3398 οὗτοι
826 3345 1082 3400 ἀκούουσι
1129 3345 1239 3398 τῶν
1283 3330 1641 3400 διδασκόντων

67 3435 258 3500 αὐτοὺς
285 3435 385 3506 τὴν
412 3435 691 3507 ἀλήθειαν.

138 3526 226 3580 10.
263 3528 329 3581 Ol
377 3526 682 3581 διδάσκαλοι
727 3526 906 3582 αὐτῶν
957 3530 1024 3600 τῇ
1082 3527 1244 3600 σοφίᾳ
1290 3528 1383 3582 τοῦ
1433 3529 1639 3602 κόσμου

65 3619 254 3673 τούτου
297 3618 582 3673 ἀπατῶσιν
609 3618 829 3685 αὐτούς.

141 3709 226 3762 11.
258 3708 373 3773 Τὰς
397 3707 748 3776 διδασκαλίας
783 3710 984 3766 αὐτῶν.

136 3800 225 3855 12.
257 3801 399 3865 Τοὺς
427 3802 759 3874 ἡγουμένους
788 3802 989 3858 αὐτῶν.

136 3895 225 3950 15.
271 3895 338 3948 Ἠ
368 3896 556 3968 ἡμέρα
581 3896 658 3967 (2)
687 3897 785 3967 τῆς
811 3896 1046 3970 κρίσεως
1073 3897 1370 3970 ἀπορρίψει
1396 3898 1614 3961 αὐτούς.

137 3985 226 4038 14.
267 3982 571 4055 Ἐνισχύσει
615 3983 708 4040 τὸν
745 3983 902 4054 λόγον
935 3985 1028 4039 τοῦ
1076 3985 1431 4059 κηρύγματος
1473 3988 1640 4042 αὑτοῦ

60 4076 167 4138 ἕως
196 4076 296 4147 τῆς
323 4073 655 4140 συντελείας.

136 4168 223 4222 15.
269 4166 359 4230 Ὧς
385 4167 415 4220 6
457 4167 628 4240 κηρὸς
656 4166 734 4240 (5)
775 4170 833 4222 ἐν
868 4168 947 4242 τῷ
981 4171 1113 4243 πυρὶ
1141 4170 1508 4240 ἀναλίσκεται,
1547 4171 1639 4226 οὖα

59 4276 170 4321 τως
196 4258 350 4311 ἔσται
381 4260 414 4330 ἠ
446 4257 692 4313 ἀπώλεια
717 4258 924 4314 αὐτῶν·

133 4349 221 4404 16.
275 4349 714 4421 Κατεκυρίευσεν
762 4351 939 4406 αὐτῶν
990 4355 1019 4407 6
1061 4353 1336 4421 Σατανᾶς,
1395 4355 1490 4408 καὶ
1545 4354 1644 4408 οὐκ

56 4443 308 4510 ἔγνωσαν
334 4441 426 4494 τὸν
449 4441 677 4514 Κύριον.

135 4534 222 4596 17,
257 4532 345 4586 18.
378 4533 492 4604 Πρὸ
520 4533 614 4586 τοῦ
636 4532 736 4598 τὰς
767 4533 995 4606 ἀνομίας
1015 4533 1167 4605 ὑμῶν
1188 4531 1636 4605 κεκολλῆσθαιτῷ

52 4625 312 4696 ;.α66λῳ.
343 4625 418 4688 ὠς
443 4625 522 4679 ἔτι
544 4624 669 4679 ἐστὲ
694 4624 912 4691 ζῶντες,
945 4629 1002 4682 ὲν
1025 4629 1089 4698 τῇ
1122 4629 1258 4699 ὀργῇ
1297 4626 1463 4680 αὑτοῦ
1505 4643 1638 4679 κατ-

53 4720 213 4774 έπιεν
247 4718 394 4786 ὑμᾶς
417 4716 509 4770 διὰ
538 4717 636 4787 τὴν
669 4716 876 4789 πλάνην
903 4717 1002 4789 τῆς
1034 4719 1297 4791 αἱρέσεως
1320 4707 1492 4788 ὑμῶν.

137 4809 220 4863 l9.
267 4809 358 4860 Ἐν
385 4807 464 4880 τῷ
494 4807 672 4880 καιρῷ
701 4808 800 4880 τῆς
824 4809 1256 4873 ἀνταποδόσεως.

125 4900 222 4956 20.
266 4899 468 4954 Ἀθῶον
492 4900 682 4955 ἐαυτὸν
705 4899 866 4966 δείξει
897 4901 969 4972 (4)
994 4901 1103 4956 ἀπὸ
1131 4901 1230 4972 τῆς
1257 4899 1550 4972 ἁμαρτίας.

126 4995 222 5050 21.
254 4994 366 5046 Καὶ
393 4995 510 5064 ἐρεῖ
535 4992 798 5059 ἕκαστος·
838 4995 1042 5059 Ὄντως
1058 4992 1206 5048 ἐστὶν
1237 4989 1634 5066 μισθαποδοσία

48 5087 137 5158 τῷ
162 5085 383 5156 δικαίῳ.

124 5179 219 5232 22.
249 5180 462 5241 Ὄντως
495 5177 641 5232 ἐστὶν
667 5179 697 5231 6
733 5179 900 5234 ποιῶν
931 5175 1110 5232 αὐτῶν
1132 5175 1230 5248 τὴν
1257 5174 1561 5246 ἐκδίκησιν.

1814 3165 1867 3220 7.
1899 3163 2156 3221 Doctrina
2179 3178 2367 3219 eorum
2412 3161 2715 3228 mortifera,
2751 3171 2814 3218 ut
2841 3162 2985 3218 ﬁlius
3012 3163 3303 3234 serpentis.

1812 3256 1867 3312 8.
1893 3257 2157 3312 Avertunt
2178 3255 2420 3310 auditum
2444 3271 2476 3309 a
2499 3255 2745 3311 veritate.

1812 3342 1866 3399 9.
1909 3342 1988 3398 ita
2032 3358 2208 3415 neque
2254 3343 2346 3400 isti
2393 3343 2622 3400 audiunt
2670 3343 2926 3401 docentes
2971 3359 3069 3400 eos
3113 3345 3308 3401 verita-

1743 3445 1875 3490 tem.
2627 3482 2648 3491 -

1812 3524 1902 3580 10.
1932 3523 2170 3596 Magistri
2198 3539 2391 3580 eorum
2419 3523 2682 3596 sapientia
2733 3523 2894 3595 hujus
2927 3524 3115 3579 mundi
3159 3524 3306 3580 deci-

1742 3617 1900 3688 piunt
1926 3632 2042 3672 eos.

1816 3710 1901 3764 11.
1936 3708 2179 3778 Ipsorum
2207 3707 2501 3764 doctrinas.

1817 3799 1905 3856 12.
1933 3797 2110 3854 Duces
2139 3813 2351 3854 eorum.

1813 3892 1900 3947 15.
1935 3889 2060 3946 Dies
2081 3888 2274 3959 iudicii
2305 3887 2557 3961 projiciet
2579 3903 2694 3944 eos.

1812 3985 1900 4039 M.
1946 3980 2334 4040 Corroborabit
2379 3996 2689 4040 sermonem
2740 3980 3141 4053 praedicationis
3195 3999 3306 4039 sua:

1743 4092 1917 4148 usque
1943 4076 2011 4132 ad
2042 4077 2590 4134 consummationem.

1816 4166 1904 4222 15.
1953 4166 2022 4222 Ut
2053 4183 2177 4224 cera
2223 4165 2347 4239 igne
2390 4165 2754 4236 consumitur,
2782 4166 2880 4223 'sic
2928 4165 3031 4222 erit
3074 4165 3305 4236 perditio

1743 4275 1954 4317 eorum.

1817 4349 1904 4408 16.
1936 4350 2258 4407 Dominatus
2293 4357 2378 4406 est
2412 4353 2494 4406 eis
2540 4348 2794 4417 Satanas,
2825 4358 3010 4405 etnon
3039 4364 3306 4420 cognove-

1741 4454 1874 4501 runt
1905 4446 2216 4500 Dominum.

1812 4539 1904 4605 17,
1930 4536 2017 4594 18.
2049 4536 2375 4606 Priusquam
2422 4542 2615 4589 vestra:
2654 4531 2967 4604 iniquitates
2999 4533 3308 4590 adluereant

1743 4626 1978 4695 diabolo,
2018 4637 2081 4684 ut
2126 4628 2303 4683 adhuc
2333 4625 2572 4682 viventes
2598 4624 2751 4692 estis,
2786 4625 2844 4680 in
2879 4625 2961 4680 ira
3003 4641 3102 4683 sua
3145 4631 3309 4683 devo-

1743 4721 1889 4777 rabit
1922 4736 2022 4776 vos
2045 4729 2262 4790 propter
2291 4731 2531 4773 errorem
2559 4715 2782 4772 hzeresis
2817 4723 3030 4772 vestrae.

1818 4812 1908 4867 19.
1939 4810 1999 4865 In
2021 4819 2263 4880 tempore
2286 4806 2677 4863 retributionis.

1809 4903 1901 4957 20.
1935 4901 2140 4957 Purum
2172 4915 2231 4956 se
2265 4900 2443 4970 ipsum
2470 4901 2724 4954 ostendet
2756 4913 2787 4953 a
2819 4908 3064 4968 peccato.

1810 4995 1900 5049 21.
1933 4993 2000 5048 Et
2034 4992 2180 5048 dicet
2226 4990 2637 5061 unusquisque:
2675 4988 2809 5046 Vere
2848 4999 2933 5045 est
2957 4990 3107 5060 justo
3149 4989 3310 5045 retri-

1741 5084 1914 5141 butio.

1808 5177 1898 5232 22.
1931 5173 2186 5232 Profecto
2221 5182 2304 5230 est
2335 5172 2540 5230 faciens
2568 5186 2758 5228 eorum
2787 5169 3100 5227 vindictam.

1011 5381 1314 5445 Addenda
1348 5387 1408 5444 et
1433 5377 1810 5459 corrigenda
1854 5393 1934 5439 ex
1982 5375 2123 5438 cod.
2159 5376 2362 5438 Vatic.

162 5594 208 5663 l)
236 5593 475 5663 Πλάνην,
509 5591 576 5662 ἢν
607 5589 933 5663 παρέλαβον.

162 5594 208 5662 1)
236 5593 475 5663 Πλάνην,
509 5593 576 5662 ἢν
607 5593 933 5663 παρέλασον.

133 5593 212 5736 12)
242 5665 322 5734 Τῇ
355 5664 608 5734 ἡμέρᾳ...
641 5661 982 5732 ἀπορρίψας.

1809 5583 1888 5651 (5)
1920 5583 2062 5636 Ὦσεὶ
2088 5583 2278 5652 κηρός,
2310 5592 2419 5639 etc.

1811 5654 1887 5728 (4)
1934 5653 2254 5718 Ἀποδείξει.
