3776 6280
451 193 557 253 879
1271 191 1326 246 S.
1371 191 1748 248 ATHANASII
1785 194 1934 249 OPP.
1979 195 2157 251 PARS
2196 195 2282 251 ΠΙ.
2344 226 2389 238 -
2431 197 2843 255 EXEGETIUA.
3577 204 3679 259 880

453 308 520 365 In
553 312 709 377 ﬁnem
730 350 745 374 ,
781 325 842 363 ne
873 309 1145 378 disperdas
1165 351 1179 376 ,
1215 309 1388 364 David
1409 351 1424 378 ,
1464 312 1518 364 in
1548 311 1691 366 tituli
1714 313 2005 382 inscriptio-

2180 318 2222 382 ῖς
2246 317 2309 368 τὸ
2336 314 2530 382 τέλος,
2552 317 2640 386 μὴ
2671 318 3038 388 διαφθείρῃς,
3069 320 3147 385 τῷ
3176 319 3375 384 Δαϐὶδ,
3419 322 3507 387 εὶς
3537 339 3675 389 0m-

518 421 655 470 nem,
679 419 798 458 cum
823 402 964 457 misit
986 401 1138 466 Saul,
1167 413 1218 457 et
1241 405 1519 458 custodiuit
1557 405 1770 460 domum
1795 407 1932 476 ejus,
1957 420 2005 464 ut

2184 411 2536 479 λογραερίαν,
2567 413 2746 465 ὁπότε
2783 413 3104 467 ἀπέστειλε
3129 412 3327 466 Σαοὺλ
3353 455 3367 468 .
3421 413 3514 468 καὶ
3543 415 3677 484 ἐρύ-

517 513 639 552 eum
670 496 1013 565 interﬁceret.
1044 494 1247 552 PSAL.
1281 495 1412 550 LVI
1423 496 1482 551 11
1495 539 1508 549 .

2186 503 2336 566 λαξε
2382 503 2489 556 τὸν
2524 499 2694 558 οἷκον
2721 504 2929 570 αὐτοῦ,
2959 505 3066 559 τοῦ
3095 504 3431 560 θανατῶσαι
3474 509 3657 561 αὐτόν

2191 594 2363 646 ΨΑΛ.
2397 595 2532 648 NH'.

521 697 572 750 1.
605 693 766 764 Eripe
794 707 881 748 me
909 693 977 749 de
1004 693 1243 750 inimicis
1272 694 1409 750 meis
1431 737 1446 761 ,
1474 694 1615 752 Deus
1648 714 1661 750 :

2189 684 2238 738 1.
2283 684 2494 750 Ἐξέλου
2533 702 2600 756 με
2639 685 2704 739 ἐκ
2728 684 2836 738 τῶν
2867 685 3077 758 ἐχθρῶν
3111 704 3232 756 μου,
3267 687 3296 741 ὁ
3326 687 3487 752 Θεόςο

519 788 573 842 2.
598 787 665 842 Ει
687 787 756 842 ab
784 787 1191 858 insurgentibus
1221 788 1274 842 in
1310 804 1396 844 me
1427 788 1596 844 libera
1627 806 1732 845 me.

2183 776 2237 831 2.
2270 777 2380 832 Καὶ
2401 778 2466 831 ἐκ
2480 778 2586 833 τῶν
2605 778 3050 850 ἐπανισταμένων
3075 781 3162 833 ἐπ’
3181 781 3282 852 ἐμὲ
3299 781 3569 854 λύτρωσαί
3591 802 3674 854 με.

517 880 572 935 3.
606 879 768 950 Eripe
797 895 884 935 me
915 879 982 936 de
1007 881 1360 950 operantibus
1387 881 1724 952 iniquitatem
1752 901 1765 937 :

2185 871 2238 924 3.
2277 869 2466 924 Ῥῦσαί
2493 888 2558 942 με
2588 872 2652 924 ἐκ
2695 871 2804 927 τῶν
2829 871 3211 944 ἐργαζομένων
3237 873 3337 946 τὴν
3383 875 3643 946 ἀνομίανι

513 974 568 1029 4.
596 971 661 1026 Et
690 973 756 1028 de
777 973 909 1028 viris
939 975 1264 1045 sanguinum
1300 974 1446 1028 salva
1468 990 1576 1030 me.

2184 961 2248 1049 4..
2272 963 2383 1016 Καὶ
2411 961 2469 1027 ἐξ
2500 964 2709 1034 ἀνδρῶν
2735 965 2986 1036 αἱμάτων
3015 964 3184 1018 σῶσόν
3214 982 3304 1036 με.

515 1065 570 1119 5.
606 1063 743 1131 Quia
777 1079 902 1120 ecce
924 1075 1182 1135 ceperunt
1215 1068 1453 1120 animam
1483 1082 1657 1121 meam
1696 1109 1707 1120 .

2180 1055 2234 1110 5.
2265 1056 2385 1109 ’Ότι
2413 1056 2520 1110 ἰδοὺ
2549 1056 2846 1128 ἐθήρευσαν
2871 1059 2968 1129 τὴν
2987 1057 3163 1129 ψυχήν
3197 1076 3298 1130 μου

517 1155 570 1209 6.
601 1155 880 1213 lrruerunt
905 1157 960 1212 in
990 1172 1077 1213 me
1105 1157 1293 1213 fortes.

2184 1148 2237 1204 6.
2273 1147 2556 1202 Ἐπέθεντο
2583 1151 2666 1202 ἐπ’
2689 1150 2787 1220 ἐμὲ
2812 1149 3081 1221 κραταιοί.

517 1246 568 1300 '7.
595 1244 782 1316 Neque
811 1246 1071 1318 iniquitas
1106 1262 1222 1302 mea
1242 1289 1256 1314 ,
1285 1261 1461 1317 neque
1490 1252 1770 1315 peccatum
1803 1259 2005 1312 meum,

2180 1241 2233 1295 7.
2265 1240 2402 1295 Οὔτε
2426 1242 2674 1314 ἡάνομία
2696 1260 2819 1313 μου,
2852 1242 2975 1295 οὔτε
3006 1245 3037 1314 ἡ
3070 1241 3316 1313 ἁμαρτία
3335 1257 3457 1316 μου,
3482 1242 3673 1314 Κύριεο

447 1337 674 1394 Domine
705 1358 719 1394 :

512 1431 566 1485 8.
605 1430 735 1488 Sine
767 1431 1050 1503 iniquitate
1077 1431 1317 1494 cucurri,
1347 1440 1402 1486 et
1422 1430 1616 1485 direxi.

512 1525 564 1579 9.
598 1523 843 1597 Exsurge
868 1525 924 1580 in
951 1541 1238 1580 occursum
1275 1539 1479 1590 meum,
1515 1533 1569 1580 et
1593 1523 1713 1578 vide
1743 1541 1757 1577 :

513 1615 601 1672 10.
638 1615 704 1671 Ει
728 1626 820 1683 ιιι,
861 1615 1087 1672 Domine
1118 1615 1260 1672 Deus
1289 1616 1549 1670 virtutum
1571 1657 1586 1682 ,
1632 1614 1775 1671 Deus
1800 1613 1964 1671 Israel
1989 1657 2005 1684 ,

2178 1421 2231 1476 8.
2265 1422 2425 1474 Ἀνευ
2455 1422 2683 1493 ἀνομίας
2713 1421 2965 1493 ἔδραμον,
2989 1421 3084 1474 καὶ
3113 1421 3433 1475 κατεύθυνα.

2177 1512 2229 1567 9.
2278 1512 2621 1585 Ἐξεγέρθητι
2649 1515 2727 1576 είς
2757 1513 3079 1583 συνάντησίν
3114 1529 3237 1583 μου,
3266 1515 3358 1567 καὶ
3393 1515 3468 1567 ίδε
3493 1530 3506 1544 °

2180 1605 2262 1660 10.
2292 1604 2403 1658 Καὶ
2437 1605 2521 1669 σὺ,
2551 1603 2720 1676 Κύριε
2759 1607 2786 1658 ὁ
2819 1604 2950 1668 Θεὸς
2977 1603 3082 1659 τῶν
3127 1603 3432 1675 δυνάμεων,
3472 1607 3502 1658 ὁ
3547 1607 3678 1671 Θεὸς

2106 1697 2200 1752 τοῦ
2241 1696 2475 1769 Ἰσραὴλ,

511 1793 598 1848 ll.
633 1792 854 1849 Intende
886 1793 950 1848 ad
974 1793 1271 1848 visitandas
1295 1808 1483 1847 omnes
1514 1800 1698 1863 gentes
1728 1809 1741 1846 :

2181 1788 2264 1843 11.
2302 1788 2544 1860 Πρὸσχες
2572 1787 2666 1841 τοῦ
2699 1789 3100 1859 ἐπισκέψασθαι
3134 1790 3310 1844 πάντα
3343 1790 3411 1843 τὰ
3437 1790 3564 1863 ἔθνη
3587 1809 3602 1822 ο

511 1884 599 1940 12.
631 1882 753 1940 Non
799 1886 1111 1942 miserearis
1141 1884 1397 1940 omnibus
1451 1884 1544 1955 qui
1575 1890 1869 1954 operantur
1901 1881 2003 1937 ini-

2180 1883 2262 1938 12.
2290 1882 2382 1954 Μὴ
2408 1883 2751 1956 οίκτειρήσῃς
2777 1883 2984 1948 πάντας
3015 1883 3141 1947 τοὺς
3168 1883 3566 1956 ἐργαζομένους
3579 1884 3676 1956 τὴν

436 1974 723 2048 ηῳωωω.

2180 1973 2351 2045 ομίαν.

1550 2126 1922 2184 ATHANASII
1963 2125 2551 2182 INTERPRETATIO.

519 2289 935 2361 ἨΊιροκειμένη
964 2287 1244 2359 ἐπιγραφὴ
1270 2286 1512 2359 περιέχει
1538 2287 1614 2356 (1)
1636 2303 1649 2316 ·
1669 2288 1774 2352 Εἰς
1797 2284 1862 2340 τὸ
1887 2285 2081 2350 τέλος,
2103 2283 2188 2353 μὴ
2220 2283 2587 2354 διαφθείρῃς,
2617 2281 2696 2349 τῷ
2718 2284 2894 2339 Δαϐίδ
2907 2284 2995 2352 εἰς
3015 2288 3484 2359 στηλογραφίαν.
3506 2290 3682 2344 Τοῦτο

434 2382 527 2440 οὖν
547 2383 730 2453 λέγει’
753 2385 834 2447 είς
860 2384 1063 2454 ἀρετήν
1081 2399 1201 2436 τινα
1228 2380 1320 2434 τοῦ
1350 2383 1578 2451 Κυρίου,
1608 2381 1728 2450 ἥτις
1762 2379 1878 2433 ἐστὶ
1908 2378 2306 2450 στηλογραφία,
2331 2377 2419 2446 μὴ
2440 2378 2787 2447 διαφθείρῃς
2820 2379 2924 2442 ἕως
2972 2381 3206 2445 τέλους.
3242 2379 3408 2436 Εῐτιν
3471 2384 3681 2437 Ὁπότε

430 2480 750 2535 ἀπέστειλε
770 2478 989 2543 Σαοὺλ,
1019 2478 1117 2531 καὶ
1146 2477 1450 2547 ἐφύλαξεν
1479 2473 1649 2530 οἶκον
1678 2475 1885 2542 αὐτοῦ,
1919 2476 2022 2529 τοῦ
2049 2474 2388 2531 θανατῶσαι
2423 2476 2630 2538 αὐτὸν,
2655 2477 2961 2540 τουτέστιν,
2999 2476 3174 2538 οὕτως
3214 2480 3307 2532 καὶ
3356 2481 3385 2532 ὁ
3430 2480 3680 2544 διάϐολος

428 2570 747 2625 ἀποστέλλει
774 2570 1100 2641 ἐπιτηρῆσαι
1127 2569 1218 2622 τὸν
1253 2565 1396 2623 οἷκον
1424 2567 1611 2632 αὐτοῦ,
1635 2568 1727 2621 τοῦ
1756 2566 2083 2621 θανατῶσαι.
2114 2567 2204 2639 Μὴ
2241 2567 2564 2640 διαφθείρῃς
2596 2565 2689 2622 οὖν
2707 2569 2811 2632 ἕως
2844 2568 3032 2632 τέλους
3059 2568 3245 2643 [τινά]
3303 2573 3411 2626 τῶν
3444 2574 3680 2627 ἐντολῶν

426 2662 523 2716 τοῦ
549 2660 778 2733 Κυρίου,
804 2659 941 2714 ἀλλά
963 2659 1089 2730 λέγε
1110 2659 1201 2713 τὸν
1222 2659 1661 2730 ὑποτεταγμένον
1684 2657 1918 2730 ψαλμόν.
1967 2657 2234 2722 Πολλάκις
2259 2657 2368 2731 γὰρ
2402 2661 2636 2728 εἴπαμεν
2676 2659 2774 2730 τὴν
2822 2660 3118 2730 ἑρμηνείαν
3153 2660 3246 2714 τοῦ
3279 2662 3546 2734 ὀνόματος
3583 2668 3680 2717 καὶ

425 2757 536 2814 τοῦ
564 2755 784 2822 Σαοὺλ,
817 2754 911 2809 καὶ
942 2754 1048 2809 τοῦ
1073 2753 1271 2819 Δαϐίδ,
1295 2754 1383 2806 ὁτέ
1408 2754 1506 2824 μὲν
1538 2753 1618 2816 εἰς
1641 2752 1731 2806 τὸν
1752 2752 1952 2824 Κύριον
1979 2752 2074 2806 καὶ
2095 2754 2173 2816 είς
2194 2752 2322 2818 τοὺς
2345 2751 2511 2806 αὑτοῦ
2552 2752 2933 2824 ἑρμηνεύεται,
2975 2754 3063 2808 ὁτὲ
3095 2754 3152 2807 δὲ
3177 2757 3253 2819 είς
3287 2756 3376 2811 τὸν
3402 2757 3675 2812 διάϐολον.

497 2875 712 2931 Titulus
739 2873 1064 2946 praepositus
1095 2871 1379 2927 continet:
1412 2868 1478 2924 In
1511 2872 1692 2938 ﬁnem,
1736 2886 1798 2924 ne
1833 2870 2131 2939 disperdas,
2168 2868 2336 2924 David
2389 2871 2442 2924 in
2490 2870 2638 2924 tituli
2680 2871 3097 2941 inscriptionem.
3126 2870 3244 2927 Hoc
3284 2873 3447 2944 igitur
3490 2875 3632 2931 dicit
3662 2897 3674 2930 :

423 2988 488 3026 ne
515 2969 571 3024 in
602 2968 846 3040 aliquam
896 2965 1111 3021 Domini
1162 2965 1442 3027 virtutem,
1470 2980 1589 3035 qua:
1623 2973 1707 3020 est
1731 2963 1873 3019 tituli
1908 2963 2218 3035 inscriptio,
2251 2963 2525 3033 disperdas
2557 2965 2683 3035 (hoc
2704 2973 2806 3030 est,
2855 2981 2923 3020 ne
2953 2965 3166 3033 pecces)
3205 2982 3375 3036 usque
3403 2969 3455 3020 in
3488 2969 3671 3037 finem.

424 3063 670 3120 Deinde:
697 3063 831 3118 Cum
858 3061 1000 3114 misit
1028 3058 1162 3116 Saul
1183 3103 1196 3128 ,
1224 3070 1273 3114 et
1305 3061 1584 3115 custodiuit
1611 3061 1826 3114 domum
1857 3061 2004 3129 ejus,
2039 3073 2094 3114 ut
2126 3061 2442 3130 interﬁceret
2466 3076 2583 3115 eum
2607 3102 2620 3124 ,
2651 3061 2755 3116 hoc
2778 3067 2861 3116 est
2881 3100 2895 3125 ,
2926 3062 2999 3116 ita
3023 3061 3184 3118 etiam
3221 3048 3473 3117 diabolus
3508 3065 3679 3120 mittit

425 3158 699 3215 custodire
730 3158 952 3213 domum
980 3157 1100 3227 ejus
1123 3194 1138 3221 ,
1166 3165 1227 3210 ut
1262 3155 1571 3212 interﬁciat.
1601 3153 1681 3211 Ne
1709 3155 1992 3226 disperdas
2031 3156 2194 3226 igitur
2225 3170 2399 3226 usque
2443 3155 2499 3211 in
2549 3155 2711 3211 tinem
2741 3155 2963 3226 aliquod
2999 3158 3382 3214 mandatorum
3426 3156 3674 3220 Domini,

425 3255 521 3310 sed
548 3255 637 3310 die
667 3254 970 3324 subjectum
1001 3253 1090 3309 hic
1134 3253 1427 3324 psalmum.
1471 3250 1624 3324 Saepe
1648 3254 1795 3308 enim
1830 3253 2073 3310 diximus
2127 3252 2637 3324 interpretationem
2690 3251 2930 3310 nominis
2970 3262 3021 3307 et
3065 3251 3198 3309 Saul
3229 3265 3278 3307 et
3316 3253 3491 3308 David
3522 3269 3679 3309 nunc

423 3347 595 3418 accipi
617 3348 683 3403 de
711 3347 961 3413 Domino,
986 3357 1040 3403 et
1066 3348 1134 3404 de
1161 3349 1229 3404 iis
1255 3349 1348 3420 qui
1375 3347 1591 3404 Domini
1616 3358 1779 3415 sunt,
1805 3365 1952 3406 nunc
1975 3365 2104 3406 vero
2134 3351 2202 3407 de
2230 3350 2471 3407 diabolo.

488 3505 550 3570 l,
578 3504 632 3558 2.
668 3503 742 3558 De
767 3504 1190 3574 cogitationibus
1213 3505 1265 3558 in
1294 3504 1456 3560 corde
1491 3492 1633 3560 meo.

2180 3505 2216 3568 Ι,
2247 3505 2302 3558 2.
2339 3503 2458 3559 Τῶν
2489 3505 2546 3558 ἐν
2579 3503 2654 3578 (2)
2689 3503 2885 3576 καρδίᾳ
2917 3521 3019 3575 μου
3045 3503 3338 3575 λογισμῶν.

483 3597 537 3652 5.
574 3595 617 3650 Α
645 3596 1011 3666 voluptatibus
1040 3596 1398 3651 militantibus
1429 3597 1480 3651 in
1508 3596 1771 3653 membris
1820 3597 1977 3653 meis.

2180 3595 2210 3648 ἱ.
2238 3594 2357 3648 Τῶν
2385 3593 2587 3665 ἡδονῶν
2613 3593 2722 3647 τῶν
2757 3594 3201 3666 στρατευομένων
3235 3597 3292 3650 ἐν
3324 3597 3436 3661 τοῖς
3483 3595 3674 3667 βέλεσί

2132 3699 2194 3736 ου
2227 3683 2326 3738 (5).

487 3770 538 3822 ιι.
572 3767 648 3822 De
676 3767 966 3823 contrariis
997 3769 1379 3838 potestatibus.

2180 3701 2194 3736 ›
2251 3683 2284 3738 5
2312 3725 2326 3737 .

2180 3682 2362 3830 ὶ.(Τέὑν
2392 3774 2648 3828 ἐναντίων
2675 3775 2979 3846 δυνάμεων.

575 3859 846 3926 Quoniam
876 3873 1003 3914 ecce
1028 3861 1411 3931 constringunt
1437 3861 1676 3916 animam
1710 3877 1908 3916 meam.

2180 3864 2213 3920 ἰ.
2246 3865 2368 3918 Ὅτι
2404 3865 2510 3919 ἰδοὺ
2537 3865 2818 3936 συνέχουσι
2842 3867 2940 3938 τὴν
2965 3867 3142 3939 ψυχήν
3179 3885 3302 3940 μου.

487 3948 539 4000 6.
576 3949 876 4003 Daemones.

2180 3953 2210 4007 ἰ.
2241 3955 2305 4007 Οἱ
2335 3954 2606 4026 δαίμονες.

490 4040 540 4094 7.
577 4037 763 4110 Neque
804 4039 1064 4110 iniquitas
1107 4055 1226 4095 mea
1271 4039 1446 4097 dulcis
1478 4041 1613 4097 mihi
1653 4051 1776 4111 est,
1808 4059 1985 4114 neque

2180 4049 2204 4100 '.
2237 4044 2375 4100 Οὔτε
2399 4049 2432 4119 ἡ
2454 4048 2652 4120 ἀνομία
2684 4068 2783 4121 μου
2814 4051 2945 4122 ἡδέα
2980 4051 3148 4124 [ἡδεῖα
3151 4066 3172 4127 ]
3205 4056 3296 4125 μοί
3323 4056 3494 4122 ἐστιν,
3535 4056 3668 4112 οὔτε

415 4141 692 4201 peccatum
721 4146 924 4196 meum,
960 4130 1210 4188 Domine.

2181 4137 2383 4211 μαρτία
2411 4155 2534 4209 μου,
2559 4139 2754 4210 Κύριε.

481 4221 533 4276 8.
569 4221 708 4276 0dio
737 4223 945 4278 habens
983 4223 1325 4294 iniquitatem
1356 4227 1573 4282 cucurri
1618 4227 1671 4281 in
1711 4227 1982 4284 mandatis

2180 4229 2208 4280 ἰ.
2247 4229 2500 4302 Μισήτας
2529 4229 2605 4302 (4)
2631 4231 2728 4303 τὴν
2755 4231 3003 4303 ἀνομίαν,
3024 4232 3257 4305 ἔδραμον
3279 4237 3340 4290 ἐν
3366 4240 3490 4303 ταῖς
3517 4241 3667 4295 ἐντο-

411 4315 540 4379 tuis,
569 4325 622 4369 et
646 4315 818 4370 direxi
847 4317 900 4370 in
935 4316 1100 4374 corde
1135 4309 1276 4374 meo.

2180 4336 2198 4383 ;
2225 4335 2342 4384 σου,
2376 4321 2469 4375 καὶ
2493 4320 2802 4376 κατεύθυνα
2827 4323 2884 4376 ἐν
2909 4327 2973 4396 τῇ
3008 4324 3205 4398 καρδίᾳ
3231 4344 3355 4398 μου.

481 4411 534 4466 9.
567 4410 699 4466 Veni
727 4413 781 4466 in
816 4413 1082 4469 auxilium
1109 4431 1312 4470 meum.

2180 4427 2202 4466 ν.
2243 4410 2395 4464 Ἐλθέ
2425 4414 2504 4475 είς
2528 4412 2624 4484 τὴν
2661 4413 2943 4485 ἀντίληψιν
2966 4433 3090 4487 μου.

483 4503 579 4568 10,
616 4505 702 4559 Η.
733 4503 815 4558 Tu
845 4506 978 4576 ipse,
1019 4508 1266 4575 Domine,
1307 4510 1452 4575 veni,
1481 4518 1532 4563 et
1557 4525 1652 4579 per
1684 4509 1976 4564 adventum

2180 4507 2242 4570 ,0,
2269 4506 2356 4560 Η.
2393 4507 2466 4560 Σὺ
2512 4508 2690 4573 αὐτὸς,
2729 4509 2923 4581 Κύριε,
2984 4512 3124 4579 ἐλθὲ,
3182 4516 3276 4569 καὶ
3306 4515 3392 4569 διὰ
3421 4518 3522 4588 τῆς
3558 4517 3660 4588 σῆς

409 4601 561 4646 tuum
593 4609 724 4648 sana
759 4610 949 4652 omnes
976 4605 1182 4668 gentes.

2180 4600 2382 4664 novata;
2414 4599 2561 4655 fucat
2589 4601 2765 4656 πάντα
2785 4603 2856 4658 τὰ
2885 4604 3034 4678 ἔθνη.

477 4683 563 4734 19..
593 4681 896 4740 Contrariis
925 4688 1308 4755 potestatibus.

2187 4691 2238 4744 2.
2273 4692 2350 4762 (a)
2383 4692 2494 4757 Τάς
2516 4694 2763 4758 ἐναντίας
2791 4695 3066 4768 δυνάμεις.

1353 4843 1659 4905 Addenda
1689 4851 1751 4904 et
1798 4844 2173 4924 corrigenda
2201 4864 2280 4908 ex
2310 4849 2450 4910 cod.
2485 4851 2687 4914 Vatic.

475 5005 548 5094 (ι)
679 5008 895 5094 δὶᾲδτῆς
918 5007 1283 5094 κινναβάρεως
1301 5007 1568 5094 ’περιέχει
1587 5024 1601 5038 ·
1650 5008 1746 5094 Ιξίς
1776 5008 1836 5094 eo
1880 5007 1966 5094 τέ-
1993 5012 2044 5072 D
2069 5008 2242 5094 οὕτως
2270 5012 2416 5094 κα).λὸ
2441 5013 2686 5094 attrecta;
2715 5017 3031 5094 ἀποστέλλει
3059 5019 3389 5094 ἐπιτῃρῆσαι
3428 5027 3521 5094 τὸν
3556 5043 3650 5078 πι-

402 5075 604 5166 ito—ci},
630 5079 814 5166 ξλασὲδ,
929 5075 1963 5166 διαςρθείρῃςξίςῗστηλογραφίανὶὸπότε
2069 5079 2212 5166 στρν,
2241 5080 2352 5164 τοῦ.
2367 5075 2679 5166 θανατῶσαι
2704 5088 2884 5148 αὐτόν.
2925 5088 3016 5160 Μὴ
3055 5075 3387 5166 διαφθέίρίιξ
3407 5075 3511 5152 οὖν
3541 5075 3646 5159 ’ἕως

400 5133 688 5222 ἀπέστειλε
730 5133 932 5222 Sambi,
1086 5133 1431 5222 ἐφ’ύξαξεῖτὸν
1449 5133 1814 5222 οῒκῖναύτού,
1867 5149 1961 5202 τοῦ
2064 5133 2391 5222 τέλούς
2414 5154 2661 5222 ἐντολῶν,
2689 5133 2884 5213 Π.
2925 5133 3016 5160 ω.
3056 5133 3371 5167 murum“
3407 5133 3500 5152 νη
3543 5133 3642 5159 ιω,

400 5215 705 5296 θανατῶσαι
745 5214 926 5296 αύτόν.
958 5214 1137 5296 Τοᾷτο
1163 5214 1439 5296 οὖνλέγει
1476 5219 1557 5296 είς
1603 5219 1804 5296 ἀρετήν
1838 5236 1963 5296 Ιιὶινα
2353 5227 2441 5296 τῇ.

399 5287 770 5366 Κνρίουνῶις
791 5290 908 5366 ἐςἚὶ
942 5288 1330 5366 βτηλργραφίςι·
1364 5281 1457 5366 ’μὴ
1483 5281 1962 5366 ,ξιαφσῆίρὴςηειρς
2137 5281 2213 5366 l7!)
2239 5281 2444 5366 Μέλεὲί
2474 5313 2596 5366 μου-

399 5297 625 5358 ιςυριου,
650 5297 770 5412 TK
791 5297 908 5343 ἐστὶ
942 5297 1330 5360 στηλογραφῑα,
1383 5297 1457 5358 μὴ
1483 5297 1825 5374 ,διαφθείρῃς
1857 5297 1962 5351 ἕως
2135 5297 2213 5432 ἒὸ)
2239 5297 2444 5348 Μέλεσί
2474 5313 2596 5366 μου.

397 5357 598 5440 τέλουέ.
634 5361 674 5412 Ε
701 5378 787 5440 τα·
831 5360 1020 5439 Ῥπότξ
1059 5357 1338 5440 ἀπέστειλε
1373 5357 1564 5440 Σαούλ,
1605 5358 1697 5410 καὶ
1727 5358 1959 5440 ἐφυλαξε
2044 5433 2089 5440 Α-
2159 5361 2214 5432 4)
2259 5363 2557 5437 Ἐμίσησα.
2588 5408 2599 5421 .
2622 5406 2636 5421 .
2658 5406 2673 5423 .
2702 5371 2893 5438 εἰςτὰς
2917 5374 3135 5440 ἐντολάς
3160 5393 3275 5438 σου,
3308 5378 3402 5431 καὶ
3431 5377 3636 5440 κατηύι

396 5427 486 5479 τὸν
513 5424 661 5483 οἶκον
699 5429 886 5494 αὑτοῦ,
929 5429 1024 5482 τοῦ
1073 5428 1381 5484 θανατῶσαι
1424 5428 1606 5495 αὑτὸν,
1659 5424 1956 5497 τουτέστιν,
2043 5424 2221 5502 ’θηνῲ
2321 5424 2333 5435 “
2439 5424 2450 5437 ’
2760 5424 2777 5435 ”
2808 5424 2890 5438 Μ’
2921 5424 3131 5440 ””””’
3165 5424 3275 5438 ’⁷⁷⁷
3309 5424 3402 5431 ’Ἣ
3433 5424 3570 5450 "ﬂ"

465 5585 541 5652 (a)
576 5583 650 5638 N.
696 5584 760 5639 12
796 5585 952 5644 deest.
