3776 6280
104 370 182 426 831
981 365 1068 419 DE
1110 365 1389 422 TITULYS
1428 365 1875 424 PSALMORUM.
1914 398 1984 409 —
2013 368 2208 424 PSAL.
2251 368 2433 424 LVIII.
3244 370 3346 431 882

649 479 970 550 Διάψαλμα
1003 486 1099 551 (α).
1699 493 1742 546 Α

1699 493 1742 546 Α
2381 482 2709 554 Oiapsalma.

159 574 242 628 15.
287 571 741 642 Ἑπιστρέψουσιν
768 573 848 634 εἰς
896 573 1173 641 ἑσπέραν,
1228 570 1550 642 λιμώξουσιν
1597 572 1650 624 ὼε

1854 579 1937 632 15.
1970 578 2371 633 Convertentur
2405 577 2472 633 ad
2494 593 2808 646 vesperam,
2842 576 3040 632 famem
3073 587 3345 642 patientur

101 663 232 716 κύων
252 703 268 729 ,
299 661 399 715 καὶ
428 661 769 715 κυκλώσουσι
804 662 977 717 πόλιν,

1780 680 1834 724 ιιι
1858 670 2034 736 canis,
2059 679 2113 725 et
2143 670 2453 727 circuibunt
2485 671 2778 726 civitatem.

162 754 244 808 LI.
278 754 412 808 Ἰδοὺ
435 753 595 806 αὑτοὶ
606 753 1039 823 ἀποφθέγξονται
1052 755 1108 807 ὲν
1119 753 1198 826 τῷ
1215 754 1440 826 στόματι
1458 753 1638 808 αὐτῶν

1438 753 1638 808 αὐτῶν
1848 761 1934 814 14.
1965 760 2104 818 Ecce
2133 761 2234 831 ipsi
2269 763 2560 833 loquentur
2586 763 2639 816 in
2664 777 2757 817 ore
2790 775 2890 816 suo
2915 778 2929 814 :

160 847 246 901 I5.
283 845 358 918 (b)
395 845 505 899 Kal
539 844 782 916 ῥομφαία
816 845 872 898 ὲν
895 847 1006 910 τοῖς
1037 845 1270 915 χείλεσιν
1293 846 1471 899 αὐτῶν
1493 862 1505 876 ⁸

1314 846 1471 899 ιὺτῶν
1493 862 1505 876 ⁸
1843 857 1932 913 15.
1967 855 2033 911 Et
2063 855 2276 926 gladius
2303 853 2357 908 in
2387 853 2549 909 labiis
2571 868 2758 907 eorum
2792 868 2805 906 :

159 939 242 993 16.
277 939 403 993 Ὀτι
436 937 518 1001 τίς
542 938 773 1009 ἡκουσε;
809 937 921 991 Kal
947 939 1041 1006 σὺ,
1099 937 1271 1011 Κύριε
1298 977 1313 1005 ,
1355 937 1650 1008 ὲκγελάσεις

1848 949 1930 1004 16.
1965 948 2234 1014 Quoniam
2267 949 2392 1017 quis
2423 945 2669 1000 audivit?
2701 942 2767 997 Et
2791 951 2878 1007 tu,
2905 941 3164 1006 Domine,
3195 941 3339 996 deri-

98 1031 286 1095 αὖτοὺς
308 1049 324 1063 '
1335 1044 1338 1045 '

1335 1044 1338 1045 ⁷
1767 1041 1919 1097 debis
1950 1056 2044 1096 eos
2077 1057 2091 1094 :

158 1124 240 1177 I7.
287 1121 696 1189 Ἐξουδενωσεις
725 1121 904 1176 πάντα
935 1122 1004 1176 τὰ
1033 1123 1180 1195 ἔθνη.

1838 1133 1925 1188 17.
1961 1132 2042 1186 Ad
2067 1132 2299 1186 nihilum
2331 1130 2566 1185 deduces
2593 1143 2786 1184 omnes
2806 1134 3011 1198 gentes.

155 1213 239 1266 I8.
270 1214 344 1266 Τὸ
371 1214 572 1285 κράτος
613 1231 715 1284 μου
752 1214 887 1286 πρὸς
921 1215 980 1268 σὲ
1001 1215 1242 1283 φυλάξωο

1843 1225 1929 1279 18.
1966 1223 2363 1278 Fortitudinem
2394 1236 2568 1275 meam
2603 1219 2669 1274 ad
2705 1228 2754 1273 te
2781 1217 3124 1274 custodiam:

157 1303 241 1358 I9.
281 1304 404 1357 Ὅτι
432 1305 517 1372 σὺ,
556 1306 584 1357 ὁ
611 1304 764 1368 Θεὸς,
799 1305 1152 1377 ἀντιλήπτωρ
1178 1325 1281 1378 μου
1311 1302 1382 1361 εἴ.

1834 1319 1918 1373 19.
1954 1317 2090 1382 Quia
2116 1326 2195 1378 tu,
2221 1315 2382 1381 Dens,
2416 1322 2700 1382 susceptor
2725 1328 2877 1366 meus
2905 1326 2984 1365 es.

154 1396 242 1450 20.
287 1396 346 1448 '0
368 1395 502 1460 Θεός
531 1413 653 1468 μου,
681 1397 742 1450 τὸ
764 1396 911 1460 ἔλεος
932 1397 1095 1452 αὑτοῦ
1124 1399 1425 1470 προφθάσει
1453 1418 1518 1472 με
1542 1416 1556 1430 ο

1841 1408 1923 1462 20.
1956 1407 2102 1462 Deus
2131 1422 2310 1473 meus,
2351 1404 2726 1460 misericordia
2749 1411 2842 1458 tua
2886 1401 3179 1473 praeveniet
3205 1416 3291 1454 me
3320 1419 3332 1455 :

151 1487 237 1542 21.
287 1485 346 1541 ’0
379 1486 512 1551 Θεός
545 1505 647 1559 μου
678 1488 838 1555 δείξει
869 1507 959 1560 μοι
989 1491 1046 1544 ἐν
1085 1494 1196 1554 τοῖς
1218 1492 1428 1564 ἐχθροῖς
1463 1511 1586 1564 μου.

1839 1505 1918 1557 2t.
1953 1502 2098 1557 Deus
2121 1517 2273 1556 meus
2289 1499 2684 1556 ostendetmilii
2717 1497 3330 1568 superinimieosmeos.

150 1577 239 1632 22.
273 1578 366 1650 Μὴ
405 1579 736 1654 ἀποκτείνῃς
768 1582 996 1649 αὑτοὺς,
1046 1583 1253 1656 μήποτε
1297 1584 1636 1640 ἐπιλάθωντα

146 1667 172 1721 ὗ
190 1668 362 1721 νόμου
389 1685 506 1721 σου.

1842 1594 1917 1648 l2.
1955 1594 2032 1650 Ne
2059 1594 2278 1650 occidas
2299 1607 2417 1655 eos,
2444 1607 2513 1646 ne
2537 1590 2757 1661 quando
2779 1591 3172 1645 obliviscantur
3202 1587 3333 1656 legis

90 1683 172 1721 του
190 1683 362 1739 νομου
389 1685 506 1722 σου.

392 1685 506 1722 σου.
1759 1696 1883 1742 tua}.

147 1761 234 1815 25.
270 1762 668 1834 Διασκόρπισον
697 1765 894 1828 αὑτοὺς
925 1766 983 1817 ὲν
1016 1770 1082 1838 τῇ
1107 1768 1334 1839 δυνάμει
1371 1787 1463 1825 σου
1483 1787 1498 1803 ο

1371 1787 1463 1825 σου
1483 1787 1498 1803 ο
1832 1773 1922 1824 25.
1955 1768 2214 1840 Disperge
2246 1767 2366 1822 illos
2397 1767 2451 1820 in
2481 1767 2678 1820 virtute
2712 1775 2802 1820 tua
2839 1783 2849 1818 :

144 1852 235 1906 24.
271 1854 384 1906 Kal
437 1856 718 1926 κατάγαγε
760 1857 976 1924 αὑτοὺς,
1021 1860 1050 1912 ὁ
1105 1861 1514 1936 ὑπερασπιστὴς
1553 1881 1635 1934 μοι

1698 1847 1731 1898 Β
1829 1863 1918 1917 24.
1956 1862 2023 1917 Et
2057 1863 2268 1931 depone
2295 1875 2420 1923 eos,
2453 1867 2732 1930 protector
2755 1873 2910 1912 meus
2943 1855 3189 1912 Demine.

89 1945 277 2018 Κύριε.

144 2041 236 2096 25.
279 2040 553 2114 Ἀμαρτξα
593 2044 858 2114 στόματος
905 2045 1083 2100 αὑτῶν
1111 2046 1266 2117 λόγος
1299 2049 1520 2120 χειλέων
1558 2053 1635 2104 αὐ-

1842 2044 1917 2100 15.
1956 2043 2222 2100 Delictum
2254 2043 2368 2098 oris
2398 2057 2589 2096 eorum
2613 2079 2628 2105 ,
2664 2053 2846 2094 sermo
2886 2037 3152 2091 labiorum
3186 2035 3333 2116 ipso-

85 2149 216 2188 των’
926 2179 930 2183 .

926 2179 930 2183 .
1753 2153 1924 2193 "In:

138 2224 228 2278 26.
267 2225 379 2280 Kal
399 2224 860 2298 συλληφθήτωσαν
890 2229 950 2281 ὲν
977 2231 1044 2300 τῇ
1069 2229 1418 2302 ὑπερηφανίᾳ
1444 2232 1624 2286 αὑτῶν

1825 2230 1914 2286 26.
1949 2229 2014 2286 Et
2041 2228 2575 2299 comprehendantur
2601 2225 2656 2278 in
2690 2222 2941 2294 superbia
2980 2236 3077 2274 sua
3105 2220 3137 2274 z‘

142 2316 234 2371 27.
260 2317 373 2370 Kal
397 2317 456 2384 ἐξ
483 2318 622 2388 ἀρᾶς
669 2319 763 2372 κα).
805 2319 1034 2389 ψεύδους
1085 2320 1532 2393 διαγγελήσονται
1594 2328 1633 2379 ἐκ

1836 2323 1912 2378 27.
1948 2321 2016 2378 Et
2051 2324 2118 2377 de
2155 2321 2566 2381 exsecratione.
2610 2328 2666 2373 et
2705 2314 2992 2370 mendacio
3035 2311 3327 2367 annuntia-

84 2406 383 2477 συντελείᾳ,

1757 2418 1957 2473 buntur
1987 2417 2043 2470 in
2070 2413 2548 2471 consummatione
2567 2453 2582 2478 ,
3245 2421 3248 2426 ·

143 2497 233 2550 28.
277 2499 366 2552 Ἐν
389 2498 524 2569 ὀργῇ
577 2500 903 2567 συντελείας,
933 2503 1026 2556 καὶ
1055 2505 1115 2555 οὑ
1147 2504 1220 2576 μὴ
1242 2505 1542 2578 ὑπάρξωσι.

1822 2507 1912 2562 28.
1945 2505 2005 2560 1η
2038 2505 2119 2561 ira
2155 2501 2665 2567 consummationis,
2697 2508 2752 2554 et
2773 2515 2879 2554 non
2911 2505 3089 2553 erunt.

142 2587 230 2643 29.
267 2589 381 2642 Kal
414 2588 734 2657 γνώσονται,
757 2591 887 2644 ὃτιὸ
929 2592 1062 2656 Θεὸς
1099 2593 1347 2660 δεσπόζει
1388 2596 1482 2650 τοῦ
1548 2598 1633 2650 Ἰα·

1835 2598 1918 2654 29.
1953 2597 2023 2652 Et
2055 2599 2250 2665 scient,
2284 2597 2413 2667 quia
2442 2594 2583 2650 Deus
2612 2592 2926 2649 dominatur
2958 2589 3147 2656 Jacob,
3179 2595 3232 2643 et
3263 2587 3326 2640 [i-

77 2677 208 2744 κὼὸ,
237 2680 334 2734 καὶ
371 2679 478 2732 τῶν
505 2681 755 2752 περάτων
789 2683 886 2752 τῆς
911 2684 1034 2754 γῆς.

626 2681 755 2736 Ξιτων
789 2683 886 2752 τῆς
911 2684 1034 2754 γῆς.
1755 2691 1907 2746 nium
1941 2701 2117 2746 terra}.

146 2773 220 2841 (α)
246 2771 382 2828 Cod.
426 2771 600 2828 Palat.

144 2843 217 2914 (ὁ)
250 2841 409 2900 V'ers.
444 2844 530 2898 15.
560 2844 670 2898 Kal
691 2847 952 2916 ῥομφαία,
977 2856 1106 2914 etc.,
1133 2850 1355 2920 ἢκουσε.
1386 2851 1541 2909 Vers.
1565 2854 1630 2909 16

831 2847 952 2911 rata,
977 2856 1106 2914 etc.,
1133 2850 1355 2920 ἢκουσε.
1386 2851 1541 2909 Vers.
1565 2854 1650 2922 16,
1685 2855 1796 2909 Kal
1827 2855 1914 2916 σὺ,
1943 2865 2071 2917 etc.,
2104 2847 2322 2912 αὐτούς.

1219 2988 1591 3048 ATIIANASII
1630 2987 2210 3048 INTERPRETATIO.

141 3093 229 3148 13.
267 3094 561 3165 Ἐρχονται
593 3099 651 3150 ἐν
707 3097 887 3151 σκότει
940 3101 1266 3169 κυκλοῦντες
1307 3107 1403 3180 τὴν
1447 3109 1632 3182 ψυχὴν

1832 3109 1914 3163 15.
1945 3105 2184 3160 Veniunt
2232 3103 2285 3156 in
2333 3099 2571 3157 tenebris
2611 3096 3015 3154 circutndantes
3061 3094 3323 3157 animam.

77 3185 164 3239 καὶ
196 3188 506 3242 κατεσθίειν
536 3189 786 3260 ζητοῦσιν
810 3191 885 3254 ὡς
913 3193 1092 3256 κύνες.

1752 3210 1804 3256 et
1828 3201 2091 3255 devorare
2120 3203 2373 3268 quaerunt
2403 3203 2462 3249 ut
2491 3209 2674 3248 canes.

141 3279 226 3333 16.
246 3280 378 3334 Ἰδοὺ
402 3281 556 3335 αὑτό)⁸
581 3275 724 3336 οὗτοι
744 3285 1133 3361 πειθανότητάς
1149 3307 1300 3354 τινας
1317 3291 1535 3346 λαλοῦσι
1551 3294 1566 3364 (
1575 3294 1623 3364 1)

1830 3294 1915 3348 14.
1957 3292 2093 3349 Ecce
2127 3291 2183 3346 lii
2228 3291 2331 3361 ipsi
2377 3287 2686 3360 plausibilia
2722 3284 2968 3357 quaedam
3002 3284 3317 3365 loquuntur.

142 3370 229 3426 15.
259 3373 369 3424 Kal
390 3373 706 3446 ἀναιροῦσιν
731 3377 787 3430 ἐν
811 3380 923 3442 τοῖς
939 3379 1116 3448 λόγοις
1140 3383 1316 3436 αὐτῶν
1335 3386 1460 3448 τοὺς
1487 3385 1633 3439 ἁκού-

1828 3389 1908 3444 15.
1942 3385 2006 3442 Ει
2029 3385 2284 3442 occidunt
2307 3385 2358 3437 in
2387 3381 2731 3437 sermonibus
2755 3381 2870 3435 suis
2893 3378 3178 3433 audientes
3201 3392 3319 3432 eos.

72 3478 227 3528 οντας
251 3464 451 3518 αὑτῶν.

146 3554 230 3613 16.
261 3556 374 3610 Kal
409 3559 497 3623 σὺ,
525 3558 716 3631 Κύριε,
735 3561 1028 3626 ἀπελάσεις
1058 3565 1275 3630 αὑτούς.

1823 3562 1907 3617 16.
1939 3561 2007 3616 Et
2031 3571 2109 3627 tu,
2138 3559 2390 3624 Domine,
2425 3557 2646 3628 dejicies
2679 3573 2792 3612 eos.

143 3648 351 3728 17..Τὰ
386 3648 513 3720 ἔθνη
549 3651 690 3704 αὐτὰ
722 3650 917 3706 ταῦτα.

1819 3655 1906 3708 17.
1944 3654 2145 3708 Gentes
2181 3651 2517 3722 hujusmodi.

142 3739 230 3794 I8.
263 3741 377 3813 Τὴν
404 3741 654 3813 βοήθειάν
698 3761 800 3814 μου
825 3745 977 3816 παρὰ
1007 3744 1098 3799 σοῦ
1130 3748 1360 3819 αἰτήσω.

1822 3745 1909 3800 18.
1946 3743 2226 3798 Auxilium
2251 3757 2430 3796 meum
2460 3757 2489 3794 a
2513 3750 2563 3794 te
2592 3738 2895 3811 postulabo.

140 3833 227 3888 I9.
265 3835 390 3888 Ὅτι
430 3838 495 3890 σὺ
528 3839 794 3910 ὑπάρχεις
823 3838 956 3903 Θεός
979 3858 1099 3911 μου.

1822 3837 1907 3892 19.
1943 3835 2211 3902 Quoniam
2242 3843 2298 3887 tu
2328 3848 2387 3887 es
2409 3831 2551 3887 Deus
2580 3847 2754 3886 meus.

135 3926 224 3982 20.
275 3927 332 3980 Ὀ
354 3926 548 3998 ἕφορός
566 3947 666 4000 μου
698 3930 798 4000 (2),
818 3930 878 3982 τὸ
897 3931 1043 3995 ἔλεος
1066 3933 1229 3986 αὑτοῦ
1262 3933 1527 3987 σκεπάσει
1556 3951 1621 3996 με

1828 3926 1907 3982 20.
1927 3925 2250 3996 Prospector
2267 3939 2442 3987 meus,
2457 3922 2825 3978 misericordia
2842 3929 2932 3975 tua
2951 3927 3193 3989 proteget
3216 3933 3319 3972 me.

140 4020 231 4074 21.
269 4021 394 4086 Τοῖς
425 4021 645 4093 δαίμοσι
683 4022 782 4092 (5).

1811 4019 1900 4072 21.
1939 4017 2307 4073 Daentonibus.

135 4114 226 4168 22.
257 4115 350 4186 Μὴ
376 4116 655 4180 παντελῶς
673 4119 909 4190 ποιήσῃς
932 4119 1128 4183 αὐτοὺς
1154 4119 1227 4191 μὴ
1253 4115 1413 4186 εἶναι,
1439 4121 1626 4192 μήποτ]

1834 4110 1905 4164 l2.
1939 4108 2017 4166 Ne
2041 4109 2214 4166 facias
2239 4125 2334 4164 eos
2357 4123 2584 4179 prorsus
2601 4123 2709 4162 non
2726 4106 3012 4171 exsistere,
3037 4101 3325 4173 nequando

64 4205 146 4262 ὡς
175 4205 252 4277 μὴ
293 4205 630 4278 ὑπάρχοντες
659 4208 758 4262 οὑκ
791 4208 868 4262 ἔτι
897 4210 1327 4282 μνημονεύσουσι
1358 4211 1467 4265 τῶν
1489 4229 1554 4266 κο

1834 4212 1939 4259 tote
1993 4218 2103 4258 non
2137 4204 2463 4259 exsistentes
2519 4217 2629 4256 non
2681 4198 3038 4254 recordentur
3094 4194 3325 4266 amplius

65 4314 228 4360 σεων,
260 4289 338 4350 ὧν
362 4298 586 4368 ἐπάγεις
610 4300 813 4363 αὑτοῖς.

1749 4298 2144 4369 suppliciorum
2175 4311 2298 4366 qua:
2324 4294 2457 4365 ipsis
2479 4292 2669 4348 infers.

135 4391 226 4445 25.
273 4390 434 4444 ’Δλλὰ
458 4389 847 4464 διασκόρπισον
876 4394 1072 4457 αὑτοὺς
1088 4395 1168 4456 εἰς
1193 4393 1254 4447 τὸ
1283 4393 1396 4466 πῦρ
1425 4394 1487 4448 τὸ
1515 4395 1626 4449 αἰῶ·

1623 4425 1646 4437 -
1819 4390 1909 4445 25.
1941 4389 2047 4446 Sed
2079 4389 2332 4458 disperge
2370 4387 2494 4440 illos
2525 4386 2580 4440 in
2615 4386 2792 4454 ignem
2826 4391 3110 4437 aeternum.

56 4501 197 4539 νιον.
1673 4471 1720 4529 D

131 4576 225 4630 24.
262 4576 374 4628 Kal
405 4577 484 4639 εἰς
506 4576 755 4648 τάρταρα
786 4576 887 4646 τῆς
919 4576 1021 4648 γῆς
1057 4577 1337 4647 κατάγαγε
1366 4578 1580 4644 αὐτούς.

1379 4578 1580 4644 ιύτούς.
1813 4569 1906 4623 24.
1942 4568 2009 4623 Et
2034 4569 2089 4622 in
2124 4577 2326 4622 tartara
2368 4574 2528 4621 terrae
2554 4564 2728 4620 deduc
2757 4579 2870 4621 eos.

126 4669 221 4724 25.
252 4668 354 4721 Διὰ
389 4669 490 4733 τὰς
517 4668 793 4740 ἁμαρτίας
836 4667 930 4722 τοῦ
991 4670 1260 4740 στόματος
1308 4669 1484 4726 αὑτῶν
1504 4711 1524 4729 .
1554 4689 1617 4725 κα

1831 4662 1906 4717 15.
1937 4660 2169 4731 Propter
2207 4669 2429 4731 peccata
2468 4659 2582 4715 oris
2638 4659 2907 4728 ipsorum,
2947 4667 3002 4713 et
3039 4672 3322 4714 sermones

51 4763 188 4825 τοὺς
213 4760 409 4829 λόγους
444 4759 519 4832 (4)
549 4759 642 4824 οὓς
674 4760 941 4832 ἐλάλησαν
975 4762 1116 4816 κατὰ
1144 4761 1260 4815 σοῦ.

1148 4761 1260 4815 σοῦ.
1746 4769 1885 4819 quos
1908 4753 2076 4808 locuti
2111 4761 2243 4808 sunt
2273 4753 2538 4809 adversus
2568 4759 2639 4806 te.

130 4853 223 4908 26.
267 4852 378 4905 Kal
403 4851 870 4907 καταδικασθῶσιν
894 4855 951 4906 ὲν
969 4856 1036 4926 τῇ
1073 4855 1570 4926 ἀνταρσίξῢαὺτῶν.

1526 4873 1570 4908 ν,
1814 4847 1904 4902 26.
1939 4847 2004 4902 Et
2025 4846 2458 4902 condemnentur
2488 4844 2544 4899 in
2573 4844 2869 4900 rebellione
2897 4859 3017 4900 sua.

129 4945 225 4998 27.
255 4943 366 4997 Kal
391 4943 493 5013 τῆς
518 4943 761 5013 ὲκκοπῆς
792 4943 890 5014 (5),
913 4945 1011 4998 καὶ
1036 4944 1131 4998 τοῦ
1147 4945 1396 5016 ψεύδους,
1428 4941 1488 5001 οὗ
1521 4948 1618 5001 ἐλά

1830 4940 1904 4994 17.
1937 4939 2004 4994 Ει
2049 4939 2118 4994 de
2161 4937 2514 4994 eﬂ'renatione
2557 4938 2709 5002 oris,
2763 4947 2816 4992 et
2860 4935 3142 4991 mendacio
3179 4935 3321 5004 quod

49 5041 255 5113 λησαν,
291 5037 388 5092 καὶ
408 5035 654 5102 ἐδίδαξαν
687 5038 746 5091 ὲν
783 5036 859 5108 τῷ
878 5038 1084 5110 κόσμῳ.

1747 5033 1916 5090 locuti
1944 5042 2092 5097 sunt,
2119 5040 2174 5086 et
2200 5030 2510 5086 docuerunt
2533 5030 2588 5084 in
2615 5029 2834 5084 mundo.

125 5133 217 5188 28.
239 5133 352 5186 Kal
367 5133 426 5184 ὲν
523 5131 660 5202 ὀργῇ
684 5130 780 5202 τῆς
800 5131 1110 5195 συντελείας
1124 5131 1185 5184 οὑ
1212 5131 1286 5204 μὴ
1309 5132 1616 5204 ὑπάρξωσιν

1816 5126 1907 5180 28.
1941 5124 2010 5179 Et
2033 5125 2089 5179 in
2123 5125 2204 5178 ira
2234 5121 2729 5180 consummationis
2760 5136 2866 5175 non
2907 5117 3225 5175 subsistent.

127 5226 220 5281 29.
265 5225 374 5279 Kal
398 5222 522 5277 τότε
552 5222 875 5291 γνώσονται,
915 5224 996 5278 ὅτι
1030 5222 1110 5294 τῷ
1146 5223 1264 5294 Θεῷ
1307 5224 1618 5279 δουλεύσουσ

1834 5219 1907 5274 l9.
1945 5217 2010 5272 Et
2037 5226 2166 5272 tunc
2195 5224 2561 5290 cognoscent,
2611 5213 2758 5284 quod
2797 5211 2906 5266 Deo
2941 5210 3179 5264 servient
3209 5225 3325 5264 om-

50 5320 237 5375 πᾶσαι
261 5316 428 5387 φυλαί
453 5315 697 5384 γλῶσσαι
735 5315 830 5385 (6).

1748 5330 1846 5369 nes
1872 5313 2046 5368 tribus
2067 5323 2120 5368 et
2148 5313 2365 5382 linguae.

1029 5427 1333 5492 Addenda
1365 5437 1425 5492 et
1455 5431 1832 5508 corrigenda
1857 5447 1936 5492 ex
1993 5429 2130 5491 cod.
2166 5427 2367 5489 Vatic.

128 5554 206 5620 (1)
239 5552 572 5623 Λαλήσουσι.
673 5622 676 5623 ν
975 5621 992 5623 A

1824 5553 1901 5623 (4)
1932 5552 2138 5622 Λόγους
2168 5553 2499 5623 αὑτῶνηθιο.

131 5623 209 5693 (2)
233 5621 435 5677 Αὑτοῦ.
461 5625 552 5677 sed
577 5622 764 5678 melius
795 5640 917 5695 μου.
961 5621 1137 5681 Paulo
1170 5637 1283 5695 post
1333 5625 1614 5699 προφθάσε

1113 5642 1137 5681 ο
1170 5637 1283 5695 post
1333 5625 1638 5699 προφθάσει
1821 5621 1896 5699 (ᾇ)
1927 5625 2212 5699 ξῌκκοπῆς
2234 5623 2326 5699 τοῦ
2356 5621 2604 5699 ειεὺδους.

55 5686 202 5767 μεὶς
256 5765 262 5767 Α
329 5761 342 5767 ,
498 5762 511 5767 _
544 5763 554 5767 _
796 5686 808 5695 I
1170 5686 1180 5695 ’
1382 5686 1392 5699 ’
1457 5686 1467 5697 ’
1926 5695 2045 5750 Ὅτι
2089 5686 2261 5766 Ἰησοῦ
2316 5686 2391 5763 τῷ
2438 5692 2593 5765 Θεῷ.
2623 5734 2634 5747 .
2667 5730 2715 5746 ..
2757 5693 2808 5744 αἱ
2843 5689 3002 5760 φυλαὶ
3027 5689 3120 5742 καὶ
3150 5686 3324 5757 γλῶσ-

128 5763 204 5836 (5)
239 5761 473 5835 Δαίμοσι
498 5762 664 5833 λέγει.
1754 5761 1860 5822 σαι.
