3776 6280
104 383 188 440 885
992 379 1081 434 DE
1123 377 1394 435 TITULIS
1429 378 1874 438 PSALMORUM.
1911 411 1981 423 —-
2017 379 2211 436 PSAL.
2253 380 2390 436 LIX.
3232 379 3340 434 886

157 499 205 551 3.
243 492 559 566 Ὠργὶσθης,
591 491 684 546 καὶ
717 490 1058 563 ᾡκτείρησας
1086 493 1252 562 ἡμᾶς.

1702 507 1746 552 Α
1843 496 1896 549 2.
1925 494 2098 549 Iratus
2123 510 2204 560 es,
2233 504 2287 550 et
2321 496 2577 550 misertus
2602 509 2661 550 es
2696 494 2872 549 nobis.

153 589 202 641 5.
232 584 563 646 Συνέσεισας
590 582 689 653 τὴν
729 583 852 652 γῆν,
883 583 976 634 καὶ
1004 581 1364 652 συνετάραξας
1407 583 1598 655 αὑτήψ

1843 588 1898 640 5.
1935 584 2292 643 Commovisti
2321 596 2542 652 terram,
2580 596 2634 642 et
2662 584 3001 641 conturbasti
3032 598 3151 638 eam
3181 623 3193 637 .

158 679 207 732 4.
241 677 429 729 Ἰασαι
451 674 520 728 τὰ
546 673 928 744 συντρίμματα
962 673 1151 742 αὐτῆς,
1178 674 1260 727 ὅτι
1289 674 1572 746 ἐσαλεύθη.

1843 678 1896 732 4.
1929 677 2071 733 Sana
2100 679 2453 734 contritiones
2491 679 2631 749 ejus,
2662 677 2790 748 quia
2824 686 3094 734 commota
3127 682 3228 730 est.

158 771 210 825 5.
243 767 496 834 Ἐδειξας
510 765 588 837 τῷ
619 765 732 836 λαῷ
769 783 862 818 σου
885 765 1115 836 σκληρά.

1842 771 1896 826 5.
1931 770 2228 827 Ostendisti
2260 772 2459 842 populo
2489 781 2584 826 tuo
2617 759 2788 828 dura:

157 862 207 916 6.
248 860 542 922 Ἐπότισας
567 859 716 930 ἡμᾶς
746 852 889 910 οἶνον
909 855 1274 920 κατανύξεως.

1847 862 1901 918 6.
1928 861 2137 919 Potasti
2170 877 2273 918 nos
2302 863 2434 918 vino
2459 865 2915 934 conpunctionis.

164 953 215 1008 7.
250 951 502 1015 Ἔδωκας
525 953 640 1013 τοῖς
673 949 1026 1019 φοϐουμένοις
1054 965 1113 1002 σε
1144 948 1463 1020 σημείωσιν,
1482 951 1655 1022 (α)τοῐ

1847 955 1898 1011 7.
1930 954 2132 1011 Dedisti
2167 956 2534 1011 metuentibus
2568 965 2618 1011 te
2650 957 3099 1026 signiﬁcationem
3122 1001 3136 1026 ,
3165 970 3222 1015 ut
3253 960 3338 1016 iu—

102 1049 286 1117 φυγείν
320 1045 430 1099 ἀπὸ
457 1042 750 1115 προσώπου
775 1040 948 1109 τόξου.

856 1043 948 1108 ἰουο
1773 1045 1922 1117 giant
1952 1061 1986 1101 a~
2013 1045 2148 1102 facie
2169 1061 2347 1104 arcus.

161 1139 216 1195 8.
250 1139 442 1202 Ὅπως
461 1136 528 1190 ἂν
554 1135 822 1207 ρυσθῶσιν
849 1135 898 1187 οί
925 1135 1193 1206 ἀγαπητοί
1215 1151 1330 1189 σου.

1215 1151 1330 1189 σου.
1844 1136 1897 1191 8.
1939 1135 2006 1192 Ut
2025 1137 2325 1195 liberentur
2349 1139 2533 1197 dilecti
2567 1141 2643 1196 tui
2673 1158 2687 1196 :

161 1230 216 1286 9.
240 1230 424 1283 Σῶσον
452 1232 517 1300 τῇ
549 1228 700 1298 δεξιᾷ
727 1243 844 1289 σου,
883 1227 980 1280 καὶ
1004 1226 1306 1281 ὲπάκουσόν
1337 1245 1458 1298 μου.

1845 1229 1899 1284 9.
1932 1229 2152 1286 Salvum
2181 1230 2268 1287 iac
2295 1232 2517 1290 dextera
2552 1244 2664 1304 tua,
2695 1245 2748 1293 et
2774 1239 2970 1294 exaudi
3001 1254 3108 1296 me.

165 1322 253 1377 10.
298 1323 354 1375 '0
379 1320 511 1385 Θεὸς
536 1319 792 1392 ἐλάλησεν
813 1320 870 1373 ἐν
899 1317 978 1389 τῷ
1009 1319 1146 1389 ἁγίῳ
1176 1319 1362 1372 αὐτοῦ·

1848 1321 1935 1376 10.
1960 1321 2102 1378 Deus
2124 1323 2341 1381 locutus
2364 1333 2449 1381 est
2480 1327 2534 1380 in
2564 1337 2752 1383 sancto
2783 1344 2883 1384 suo
2909 1347 2923 1383 :

167 1413 257 1467 ll.
292 1411 733 1483 Ἀγαλλιάσομαι,
764 1413 857 1466 καὶ
888 1411 1152 1484 διαμεριῶ
1174 1412 1393 1483 Σίκιμα’

1846 1412 1931 1465 11.
1961 1411 2232 1482 Ιιαιιοδον,
2255 1422 2309 1470 et
2337 1417 2582 1486 partibor
2611 1417 2908 1475 Sicbimam
2937 1440 2950 1475 :

166 1507 258 1561 ιε.
293 1507 406 1559 Καὶ
431 1504 530 1576 τὴν
563 1503 784 1558 κοιλάδα
814 1504 922 1558 τῶν
951 1503 1170 1576 σκηνῶν
1201 1502 1566 1574 διαμετρήσω.

1849 1505 1938 1560 12.
1969 1503 2038 1560 Ει
2068 1507 2369 1563 convallem
2401 1510 2877 1566 tabernaculorum
2908 1513 3159 1568 metibor.

168 1600 258 1655 ‘3-
291 1597 454 1670 Ἐμός
481 1598 596 1650 ἐστι
625 1594 858 1660 Γαλαὰδ,
894 1595 988 1651 καὶ
1015 1596 1145 1668 ἐμός
1171 1597 1286 1649 ἐστι
1320 1595 1639 1665 Μανασσῆςο

1854 1597 1942 1652 15.
1969 1596 2122 1656 Meus
2146 1607 2226 1655 est
2258 1597 2482 1669 Galaad,
2511 1610 2564 1656 et
2595 1618 2750 1659 meus
2781 1613 2863 1658 est
2889 1602 3163 1660 Manasses
3183 1625 3202 1659 τί

170 1776 252 1850 (a)
280 1777 444 1833 Vere.
471 1776 527 1842 8,
559 1773 735 1830 Τοῦ...
762 1776 830 1828 Υ.
865 1772 917 1839 9,
950 1772 1158 1836 Ὅπως.

1221 1947 1600 2006 ATHANASII
1636 1947 2230 2006 .INTERPRETATIO.

106 2173 208 2225 γει,
236 2157 320 2210 ὅτι
349 2156 445 2209 ἐπὶ
472 2155 616 2211 τέλει
656 2155 706 2210 οἱ
748 2153 1141 2227 ἀλλοιούμενοι,
1173 2153 1456 2208 τουτέστιν
1494 2152 1544 2206 οἱ
1581 2151 2038 2224 μεταϐαλλόμενοι
2064 2151 2174 2207 ἀπὸ
2207 2148 2300 2203 τοῦ
2339 2147 2511 2205 κακοῦ
2567 2151 2649 2215 εἰς
2675 2147 2736 2203 τδ
2767 2149 2992 2218 ἀγαθὸν,
3039 2151 3118 2216 είς
3158 2151 3348 2222 στηλσι-

105 2249 342 2321 γραφίαν
367 2247 637 2320 ἔρχονται,
659 2247 803 2317 λέγω
829 2247 894 2320 δὴ
915 2249 994 2311 εἰς
1021 2246 1117 2317 τὴν
1142 2247 1393 2316 ἐνάρετον
1412 2245 1708 2300 πολιτείανο
1737 2241 1874 2298 alta:
1913 2243 1997 2310 Τῷ
2051 2243 2232 2300 Δαὸὶδ
2255 2245 2344 2310 εις
2388 2241 2666 2312 διδαχὴν,
2718 2241 2862 2313 φημὶ
2892 2242 2986 2296 καὶ
3019 2244 3099 2307 εἰς
3126 2241 3346 2312 διδαχὴν

105 2343 208 2396 τοῦ
231 2340 444 2395 ἱκανοῦ
471 2339 546 2409 τῇ
572 2340 742 2410 χειρὶ,
760 2341 898 2412 ὅπερ
928 2342 1007 2404 είς
1021 2339 1112 2394 τὸν
1131 2339 1334 2411 Κύριον
1365 2338 1694 2410 ἀναφέρεται
1728 2354 1743 2373 ο
1771 2338 1867 2392 καὶ
1894 2336 2076 2392 λοιπὸν
2123 2337 2441 2405 ἐνεπύρισε
2467 2335 2565 2408 τὴν
2593 2335 2822 2408 ἔπαρσιν
2847 2334 2940 2388 τοῦ
2971 2335 3345 2407 μετεωρισμοῦ

105 2431 305 2486 ὠσανεὶ
332 2430 434 2502 τὴν
466 2431 761 2503 ἁμαρτίαν,
786 2432 880 2485 καὶ
903 2431 996 2486 τὸν
1045 2431 1419 2504 μετεωρισμδν
1451 2431 1550 2501 τῆς
1579 2429 1856 2503 ἁμαρτίας
1906 2429 2003 2484 καὶ
2047 2428 2426 2496 παλαιώσεως,
2459 2427 2704 2484 τουτέστι
2736 2429 2826 2484 τὸν
2849 2428 3095 2483 θάνατον·
3122 2427 3348 2482 δώδεκα

106 2523 213 2596 γάρ
241 2524 511 2593 χιλιάδες
539 2523 824 2599 [χιλιάδας]
846 2521 966 2578 εἷπε
994 2524 1084 2578 διὰ
1115 2525 1178 2578 τὸ
1207 2526 1315 2579 πᾶν
1342 2525 1442 2596 τῆς
1469 2525 1742 2597 ἁμαρτίας
1774 2524 1868 2579 τοῦ
1902 2523 2155 2579 θανάτου.

106 2659 360 2716 feruntur
389 2675 422 2714 a
452 2659 599 2714 malo
629 2659 685 2714 in
719 2659 948 2726 bonum,
976 2658 1204 2713 veniunt
1235 2657 1291 2712 in
1325 2657 1465 2713 tituli
1501 2655 1934 2728 inscriptionem,
1963 2657 2087 2712 dico
2116 2663 2296 2712 autem
2327 2655 2397 2713 ad
2421 2656 2619 2710 bonam
2643 2654 2768 2711 vita:
2796 2654 3216 2713 institutionem.
3241 2655 3348 2711 De-

107 2757 270 2812 inde:
311 2754 480 2810 David
507 2755 564 2809 in
591 2754 910 2817 doctrinam,
935 2761 990 2808 et
1015 2753 1070 2808 in
1097 2752 1423 2818 doctrinam,
1455 2751 1702 2822 inquam,
1729 2768 1889 2807 manu
1913 2751 2106 2822 fortis;
2131 2749 2278 2822 quod
2309 2749 2377 2806 ad
2402 2748 2694 2805 Dominum
2723 2748 2975 2806 refertur.
3003 2749 3072 2806 Et
3090 2752 3306 2808 demum
3332 2773 3344 2806 :

107 2846 390 2904 Succendit
418 2845 772 2905 elevationem
794 2845 1178 2913 sublimitatis;
1207 2860 1401 2917 nempe
1421 2855 1726 2916 peccatum,
1757 2854 1813 2903 et
1843 2846 2232 2902 sublimitatem
2267 2844 2478 2917 peccati
2507 2853 2562 2900 et
2591 2845 2878 2902 vetustatis
2909 2864 2925 2902 :
2951 2844 3054 2904 hoc
3087 2856 3172 2903 est
3200 2865 3347 2906 mor-

108 2951 214 3001 tem
249 2962 264 2999 :
292 2941 594 2996 Duodecim
619 2941 757 2996 enim
782 2941 956 2996 millia
983 2940 1140 3006 dixit.
1171 2949 1394 3013 propter
1417 2956 1580 2998 omne
1605 2957 1778 3014 genus
1805 2944 2015 3015 peccati
2041 2941 2315 3000 mortalis.

176 3143 231 3200 2.
253 3143 369 3199 Οὐκ
392 3144 474 3207 είς
496 3142 653 3206 τελος
672 3142 1048 3215 ἀπεστράφης,
1071 3141 1193 3195 οὐδὲ
1217 3141 1484 3198 ἐπελάθου
1503 3143 1667 3215 ἡμῶν.

1854 3144 1908 3200 2.
1940 3144 2059 3202 Non
2098 3145 2151 3201 in
2187 3146 2348 3204 ﬁnem
2397 3154 2676 3202 aversatus
2704 3160 2784 3214 es,
2811 3159 2989 3216 neque
3032 3145 3237 3201 oblitus
3285 3161 3345 3202 es

1783 3239 1977 3294 nostri.

177 3325 234 3378 5.
258 3323 327 3376 Οἱ
353 3321 417 3386 ἐξ
436 3320 608 3374 ἐθνῶν
631 3321 708 3392 (1)
731 3319 1061 3384 ἀκούσαντες
1079 3320 1164 3374 διὰ
1185 3321 1280 3375 τού
1308 3320 1668 3394 κηρύγματοςἸ

1860 3333 1903 3388 5.
1939 3331 2043 3399 Qui
2080 3347 2146 3388 ex
2185 3332 2436 3403 gentibus
2475 3341 2603 3390 sunt
2643 3331 2927 3387 audientes
2959 3344 3054 3400 per
3091 3328 3351 3400 pradica-

107 3416 190 3469 ὅτι
220 3415 458 3486 ἐστησας
484 3412 718 3485 ἡμέραν,
734 3407 849 3486 ὲν
881 3412 1093 3484 μέλλεις
1113 3413 1293 3485 κρῖναι
1317 3413 1414 3485 τὴν
1433 3415 1598 3486 οίκουι

1993 3468 2006 3492 ,
2033 3426 2180 3496 quod
2223 3425 2460 3482 statuisti
2498 3425 2665 3492 diem,
2695 3424 2749 3477 in
2777 3437 2890 3494 quo
2916 3421 3260 3492 iudicaturus
3291 3436 3351 3477 es
3467 3489 3475 3498 7

106 3525 206 3578 νην
235 3507 294 3559 ἐν
315 3504 658 3578 δικαιοσύνῃ.

1783 3521 1970 3575 orbem
2001 3521 2055 3574 in
2081 3522 2314 3592 justitia.

173 3600 231 3656 4.
265 3601 445 3653 Ἶασαι
472 3601 542 3653 τὰ
567 3597 950 3670 συντρίμματα
970 3597 1157 3669 αὐτῆς,
1175 3598 1256 3652 ὅτι
1282 3598 1558 3670 ὑπήκουσέ
1579 3614 1661 3654 σοι

1856 3611 1903 3664 ι.
1944 3610 2085 3666 Sana
2115 3612 2466 3668 contritiones
2492 3611 2632 3681 ejus,
2659 3611 2919 3681 quoniam
2947 3608 3190 3664 obedivit
3227 3607 3347 3661 tibi.

178 3693 230 3748 5.
265 3694 450 3748 Πάντα
472 3692 543 3745 τὰ
570 3692 966 3765 προστάγματα
990 3709 1105 3748 σου.

1070 3709 1105 3748 ³ο
1856 3704 1910 3758 5.
1943 3701 2139 3758 Omnia
2164 3703 2418 3758 mandata
2453 3712 2561 3757 tua.

179 3783 231 3838 6.
263 3784 374 3854 Τὴν
399 3784 558 3854 χάριν
581 3797 674 3834 σου
698 3783 774 3847 εἰς
805 3781 1138 3853 ἐπιστροφήν

1855 3796 1906 3851 6.
1941 3795 2124 3851 Gratia
2152 3805 2243 3850 tua
2274 3796 2340 3850 ad
2374 3798 2809 3854 conversionem.

180 3874 231 3928 7.
267 3875 394 3936 Τοῖς
425 3873 502 3945 (2)
532 3875 744 3936 πιστοῖς
791 3871 1010 3941 γνῶσιν,
1058 3869 1151 3924 τοῦ
1203 3873 1394 3941 φυγεῖν
1441 3871 1550 3926 ἀπὸ
1588 3874 1671 3944 τῆς

180 3964 406 4017 ιαοτίαε.

1861 3887 1910 3944 7.
1939 3886 2214 3943 Fidelibus
2248 3888 2653 3957 cognitionem,
2690 3897 2747 3943 ut
2791 3887 3002 3957 fugiant
3039 3904 3068 3943 a
3111 3881 3349 3958 peccato.

111 3967 406 4036 ἁμαρτίας.

178 4058 232 4112 8.
277 4058 401 4110 Ἀπ’
427 4056 600 4126 αὐτῆς
620 4055 697 4127 (5)
727 4056 826 4126 τῆς
859 4055 1153 4127 ἁμαρτίας.

950 4055 1153 4126 ιρτίας.
1857 4062 1910 4116 8.
1948 4063 2030 4118 Ab
2057 4063 2176 4135 ipso
2203 4073 2441 4134 peccato.

177 4151 231 4206 9.
283 4149 616 4203 Ἐπάκουσόν
655 4166 777 4220 μου,
809 4149 903 4202 καὶ¹
938 4143 1108 4201 σῶσον
1136 4150 1192 4201 ὲν
1223 4148 1300 4220 τῷ
1329 4147 1586 4219 Υίῷςσου.

1419 4147 1586 4219 ᾐσου.
1853 4153 1907 4208 9.
1943 4153 2152 4208 Exaudi
2180 4169 2286 4221 me,
2314 4163 2369 4209 et
2392 4154 2540 4210 salva
2568 4156 2621 4210 in
2655 4156 2791 4212 Filio
2820 4165 2910 4214 tuo

175 4241 269 4296 10.
309 4239 368 4295 '0
397 4241 588 4312 Πατὴρ
618 4241 676 4293 ὲν
695 4237 772 4311 τῷ
817 4238 950 4311 Υἱῷ.

916 4239 950 4294 i.
1861 4245 1949 4301 10.
1981 4244 2142 4302 Pater
2167 4246 2220 4300 in
2247 4245 2407 4302 Filio.

182 4333 274 4387 11.
316 4333 533 4402 Σίκιμα
559 4331 919 4404 ἑρμηνεύεται
973 4331 1404 4386 ἀναϐαίνουσα.
1451 4329 1560 4401 Τὴν
1597 4325 1673 4383 of»

1864 4336 1946 4390 11.
1975 4334 2207 4390 Sichima
2233 4337 2614 4406 interpretatur
2636 4334 2938 4388 ascendens.
2965 4333 3355 4390 Ascendentmn

106 4423 502 4479 ἀναδαίνουσαν
533 4421 712 4495 ψυχὴν
753 4422 888 4493 πρὸς
910 4422 998 4494 μὲ,
1046 4421 1081 4492 ἢ
1115 4419 1282 4490 αὐτὴν
1325 4419 1400 4490 (4)
1428 4418 1525 4490 τὴν
1571 4419 1597 4471 ’1

1870 4437 1956 4481 tur
2006 4429 2243 4482 animam
2278 4426 2345 4481 ad
2371 4443 2487 4491 me,
2519 4442 2616 4482 seu
2660 4427 2834 4494 ipsam
2874 4423 3170 4480 Ecclesiam
3204 4442 3359 4497 sepa-

105 4517 342 4589 κλησιαν
369 4492 697 4588 ἀποχωρίσω
727 4492 834 4568 ἀπὸ
861 4492 952 4568 τοῦ
976 4515 1180 4584 κόσμου
1209 4510 1448 4583 ἐμαυτῷ.

899 4492 952 4568 οὗ
976 4515 1180 4584 κόσμου
1209 4510 1448 4583 ἐμαυτῷ.
1715 4492 1758 4552 c
1792 4492 1925 4575 rabo
1951 4519 2085 4573 mihi
2109 4533 2139 4572 a
2166 4517 2390 4574 mundo.

181 4611 270 4666 12.
302 4611 414 4663 Καὶ
438 4610 496 4662 ὲν
526 4611 592 4679 τῇ
629 4607 772 4678 ψυχῇ
801 4606 910 4660 τῶν
940 4606 1016 4678 (5)
1053 4603 1323 4658 ταπεινῶν
1376 4603 1672 4674 ἐμπεριπα-

1566 4620 1687 4656 ιπα-
1771 4663 1782 4670 .
1866 4612 1954 4670 12.
1988 4609 2055 4666 Et
2079 4611 2132 4665 in
2162 4611 2344 4665 anima
2376 4607 2663 4664 humilium
2689 4604 3057 4664 inambulabo.

102 4709 280 4757 τήσω.
2693 4709 2704 4724 ε

137 4704 276 4852 ήῗὲ.
315 4794 565 4850 Γαλαὰδ
623 4793 984 4866 ἑρμηνεύεται
1040 4791 1310 4846 κατοικία
1353 4790 1628 4862 μαρτυρίι

1864 4788 1953 4843 15.
2003 4785 2209 4841 Galaad
2257 4759 2642 4854 interpretatur
2685 4782 3005 4837 in/tabitatio
3051 4788 3354 4840 testimonii.

103 4889 209 4961 (6).
265 4887 609 4956 Μανασσῆς
688 4887 1050 4959 ἑρμηνεύεται
1118 4884 1594 4953 ἐπιλανθανόμεν-

1867 4896 2066 4936 anasses
2099 4880 2485 4949 interpretatur
2505 4877 2718 4933 oblitus.
2749 4876 2861 4934 Hoc
2884 4879 3048 4949 igitur
3071 4881 3358 4949 signilicat,

102 4979 282 5033 Τοῦτο
339 4974 435 5032 οὖν
477 4977 646 5047 λέγει’
693 4977 866 5046 Ἐμός
897 4975 1029 5030 ἐστι
1076 4973 1342 5039 Γαλαὰδ,
1369 4973 1397 5024 ὁ
1430 4972 1537 5026 ἀπὸ
1587 4990 1593 5005 ε

1870 4993 1944 5028 tus
1968 4983 2044 5028 est
2072 4971 2282 5028 Galaad
2305 4988 2325 5028 :
2349 4972 2442 5043 qui
2475 4987 2516 5027 a.
2534 4980 2755 5041 peccato
2797 4971 3265 5041 transmigraverit
3295 4975 3361 5026 ad

101 5071 388 5145 ἁμαρτίας
420 5071 668 5143 μέτοικος
695 5069 978 5140 γινόμενος
1027 5067 1164 5138 πρὸς
1198 5066 1298 5136 ἐμὲ
1325 5065 1384 5117 ὲν
1415 5081 1590 5135 μαρτυ

1868 5086 1879 5121 ι
1904 5068 1956 5121 in
1986 5065 2296 5120 testimonio
2323 5080 2336 5116 :
2361 5067 2444 5130 et,’
2465 5079 2607 5118 meus
2629 5071 2705 5117 est
2733 5061 2788 5115 Μ
2794 5077 3025 5126 auarus,
3051 5061 3145 5132 qui
3162 5063 3359 5119 oblitus

102 5167 205 5239 ('1)’
235 5165 335 5222 καὶ
361 5166 506 5236 ἐμός
549 5165 680 5218 ἐστι
727 5160 1089 5230 Μανασσῆς,
1132 5162 1162 5213 ὁ
1203 5157 1593 5226 ὲπιλανθανὸμε

1636 5172 1688 5219 ος
1791 5167 1877 5215 est
1906 5158 2256 5230 pristinarum
2282 5171 2505 5212 suarum
2531 5155 2795 5210 malarum
2831 5153 3127 5210 actionum.

99 5259 216 5314 τῶν
247 5258 537 5330 προτέρων
565 5255 726 5312 αὐτοῦ
752 5253 1000 5325 πονηρῶν
1032 5251 1301 5325 πράξεων.

1063 5399 1371 5462 Addenda
1409 5405 1466 5457 et
1500 5395 1882 5474 corrigenda
1915 5411 1993 5455 ex
2025 5394 2165 5454 cod.
2206 5393 2408 5454 Vatic.

167 5587 255 5664 (ε
290 5585 448 5664 ρίλὲξ
469 5587 647 5664 ἐθνῶν
660 5587 864 5642 desunt.

1970 5578 2112 5664 ῃρδς
2149 5576 2364 5664 μὲνιτὴν
2393 5575 2715 5664 adamatam.

73 5649 79 5676 ³
293 5647 544 5722 Ἔδωκας
565 5661 695 5724 τοῖς,
723 5668 826 5713 etc.
1217 5726 1221 5727 7
1348 5722 1387 5727 __
1465 5726 1474 5727 7
1560 5725 1564 5727 Α

1217 5726 1221 5727 7
1348 5722 1387 5727 __
1465 5726 1474 5727 7
1560 5725 1566 5727 7
1589 5724 1595 5727 _
1661 5723 1671 5727 _
1968 5647 2086 5727 ξςαι
2112 5647 2208 5727 τὴν
2232 5647 2406 5716 ψυχὴν
2434 5647 2566 5727 τῷν,
2594 5652 2699 5700 etc.

318 5727 426 5781 Τοῦ
472 5717 816 5798 φυγείν’ἁπὺ
868 5729 965 5797 τῆς
1023 5726 1311 5796 ἁμαρτίας.
1348 5722 1408 5780 Ν.
1453 5726 1506 5779 9.
1558 5723 1686 5777 Ἀπὸ
1968 5717 2229 5801 illa-comta
2255 5717 2577 5801 μαρτυρίας.

91 5791 295 5870 αῠτῆξ.
485 5791 498 5798 ’
560 5791 570 5798 ’
924 5791 933 5797 ’
1063 5791 1072 5796 ’
1142 5791 1152 5796 ’
1864 5791 1938 5863 (7)
1967 5792 2057 5855 Εἰς
2095 5791 2413 5862 μαρτυρίαν.
