3776 6280
236 346 348 399 889
1135 345 1222 401 DE
1262 347 1542 406 TlTULlS
1579 351 2028 410 PSALMORUM.
2067 387 2136 398 -—-
2170 358 2366 414 PSAL.
2407 360 2518 416 LX.
3396 364 3504 422 890

309 460 368 515 2.
406 459 650 534 Πρόσχες
675 464 742 535 τῇ
780 467 1054 536 προσευχῇ
1087 483 1210 538 μου.

1849 479 1898 536 Α
1993 477 2046 529 2.
2079 477 2299 533 Intende
2328 479 2564 534 orationi
2590 493 2759 536 meai:

304 553 360 609 5.
411 553 547 606 Ἀπὸ
577 553 686 608 τῶν
720 555 972 626 περάτων
997 557 1098 627 τῆς
1127 559 1231 629 γῆς
1261 558 1398 631 πρὸς
1438 560 1499 614 σὲ
1525 562 1795 636 ἐκέκραξα

2011 570 2053 624 5.
2087 571 2132 622 Α
2158 570 2360 627 finibus
2388 581 2551 627 terrae
2573 571 2640 626 ad
2671 579 2723 628 te
2751 570 3005 638 clamavi,
3032 571 3162 629 dum
3185 574 3502 630 anxiaretur

234 641 299 698 ὲν
336 643 417 715 τῷ
438 643 514 713 (a)
550 644 843 716 ἀκηδιάσαι
869 646 966 717 τὴν
995 647 1223 720 καρδίαν
1259 665 1391 719 μου·

787 663 843 699 αι
869 646 966 717 τὴν
995 647 1223 720 καρδίαν
1259 665 1391 719 μου·
1928 676 2024 716 cor
2057 678 2234 717 meum
2264 682 2277 720 :

312 735 366 789 ι.
408 735 499 789 Ἐν
529 737 708 809 πέτρᾳ
740 736 964 807 ὖψωσάς
997 757 1085 810 με.

1274 838 1308 840 η
1382 837 1392 840 _
1994 755 2048 810 4.
2079 753 2138 810 In
2168 765 2316 827 petra
2351 759 2602 816 exaltasti
2635 774 2741 816 me.

311 827 364 880 5.
413 827 716 901 Ὧδήγησάς
748 847 838 899 με,
862 831 943 884 ὅτι
977 833 1241 906 ὲγενήθης
1267 837 1424 900 ἐλπίς
1459 852 1592 907 μου,

2001 849 2052 902 5.
2081 847 2363 906 Deduxisti
2396 865 2502 917 me,
2540 853 2666 922 quia
2700 851 2878 908 factus
2902 867 2962 908 es
2987 867 3112 923 spes
3144 868 3283 918 mea,

311 920 364 974 6.
398 921 616 992 Πύργος
650 922 833 994 ἰσχύος
870 923 979 976 ἀπὸ
1005 925 1296 997 προσώπου
1327 928 1542 1002 ἐχθροῦ.

1999 938 2053 993 6.
2088 938 2278 997 Turris
2305 920 2641 998 fortitudinis
2672 959 2700 997 a
2733 942 2876 999 facie
2907 920 3137 998 inimici.

809 1017 1126 1089 Διάψαλμα
1151 1021 1249 1092 (b).

2529 1031 2868 1103 Diapsalma.

311 1105 365 1159 7.
388 1106 716 1178 Παροικήσω
729 1107 788 1161 ὲν
803 1108 882 1178 τῷ
904 1110 1221 1182 σκηνώματί
1239 1129 1332 1166 σου
1353 1115 1433 1177 εις
1447 1115 1573 1177 τοὺς
1591 1111 1796 1176 αἰῶνας

2002 1121 2052 1176 7.
2084 1121 2403 1178 lnbabitabo
2429 1123 2482 1177 in
2509 1123 2865 1179 tabernaculo
2903 1132 2998 1178 tuo
3026 1123 3081 1179 in
3111 1125 3306 1180 saecula
3331 1143 3343 1157 ·

309 1198 364 1253 8.
401 1199 862 1272 Σκεπασθήσομαι
890 1203 946 1254 ἐν
973 1207 1038 1274 τῇ
1066 1205 1240 1276 σκέπῃ
1263 1205 1373 1260 τῶν
1397 1207 1680 1278 πτερύγων
1703 1223 1795 1259 σου

1767 1224 1816 1258 υο
1993 1215 2047 1270 8.
2078 1212 2338 1285 Protegar
2366 1215 2421 1270 in
2447 1215 2750 1272 velamento
2785 1217 2991 1271 alarum
3016 1225 3255 1272 tuarum.

309 1292 364 1347 9.
401 1292 526 1345 Ὅτι
563 1293 650 1356 σὺ,
679 1294 708 1346 ὁ
744 1292 901 1360 Θεὸς,
934 1297 1257 1365 εἰσήκουσας
1288 1296 1394 1349 τῶν
1426 1297 1600 1368 εὐχῶν
1632 1315 1730 1368 μου
1752 1314 1765 1327 ·

2000 1307 2052 1361 9.
2076 1305 2344 1372 Quoniam
2376 1316 2456 1373 tu,
2480 1307 2644 1374 Deus,
2663 1310 2930 1366 exandisti
2957 1311 3258 1365 orationem
3284 1326 3491 1364 meam:

311 1384 400 1438 l0.
435 1383 683 1449 Ἔδωκας
711 1384 1075 1458 κληρονομίαν
1102 1391 1213 1452 τοῖς
1245 1389 1597 1460 φοϐουμένοις
1625 1391 1692 1442 τὸ
1705 1391 1779 1443 ὃν(

288 1475 322 1529 ἀ
358 1493 477 1529 σου.

2003 1400 2082 1454 10.
2113 1398 2316 1454 Dedisti
2347 1397 2716 1455 [nereditatem
2741 1402 3060 1456 timentibus
3089 1417 3283 1457 nomen
3321 1413 3494 1456 tuum.

237 1489 322 1548 μα
358 1493 477 1532 σου.
2127 1489 2135 1499 '

312 1569 399 1622 11.
430 1569 676 1642 Ἡμέρας
710 1571 795 1642 ἐφ’
825 1571 1037 1644 ἡμέρας
1063 1572 1157 1626 τοῦ
1186 1572 1448 1643 βασιλέως
1473 1571 1797 1644 προσθήσεις

1529 1571 1820 1644 βοαθήσας.
2001 1580 2086 1635 11.
2123 1579 2245 1636 Dies
2270 1595 2430 1650 super
2456 1580 2575 1635 dies
2599 1582 2744 1654 regis
2774 1582 3020 1652 adjicies,

311 1661 401 1716 12.
443 1660 528 1716 Τά
565 1662 663 1734 ἔτη
696 1664 861 1718 αὑτοῦ
893 1665 997 1729 ἕως
1025 1666 1239 1738 ἡμέρας
1269 1668 1462 1735 γενεᾶς
1484 1667 1578 1720 καὶ
1605 1668 1797 1734 γενεᾶς

2009 1673 2084 1728 12.
2119 1673 2304 1728 Annos
2347 1673 2467 1744 ejus
2513 1688 2689 1745 usque
2738 1674 2794 1728 in
2836 1674 2980 1728 diem
3029 1675 3395 1744 generationis
3447 1684 3500 1729 ct

1928 1765 2315 1835 generationis.

311 1839 398 1893 15.
429 1841 687 1911 Διαμενεῖ
717 1843 797 1904 είς
827 1843 918 1895 τὸν
953 1842 1123 1896 αἰῶνα
1151 1843 1377 1917 ἐνώπιον
1404 1842 1497 1896 τοῦ
1523 1843 1678 1896 Θεοῦ.

2005 1859 2087 1912 15.
2125 1857 2477 1913 Permanebit
2508 1859 2561 1912 in
2598 1866 2866 1932 tetanum
2901 1859 2956 1914 in
2989 1869 3288 1931 conspectu
3319 1859 3433 1916 Dei.

310 1929 399 1984 1-1.
433 1931 622 1996 Ἔλεος
656 1933 750 1986 καὶ
778 1932 1040 2004 ἀλήθειαν
1065 1933 1228 1988 αὑτοῦ
1264 1934 1350 1997 τίς
1384 1933 1714 2005 Each-rigeat;

2009 1951 2088 2006 14.
2107 1949 2531 2006 Misericordiam
2560 1929 2912 2006 etreritatem
2941 1951 3061 2022 ejus
3084 1929 3209 2024 quis
3227 1954 3500 2024 requiret?

313 2023 400 2078 l5.
430 2022 588 2078 υῦτω
613 2024 770 2094 ψαλῶ
805 2024 887 2096 τῷ
919 2024 1142 2096 ὀνόματί
1200 2041 1293 2079 σου
1336 2027 1418 2089 είς
1447 2027 1573 2089 τοὺς
1622 2025 1804 2087 αἰῶνας

2006 2042 2087 2097 15.
2126 2042 2217 2096 Sic
2258 2042 2529 2113 psalmum
2580 2043 2759 2098 dicam
2811 2044 3019 2099 nomini
3066 2022 3163 2100 tuo
3206 2045 3262 2100 in
3303 2022 3497 2103 saecula

238 2113 358 2188 [τὸν
383 2115 598 2188 αἰῶνα).
1934 2135 2276 2206 [saxulum]:

313 2208 403 2263 16.
449 2207 556 2262 Τοῦ
589 2207 885 2263 ἀποδοῦναί
921 2226 990 2280 με
1036 2207 1136 2274 τὰς
1168 2211 1333 2282 εὐχάς
1377 2226 1478 2281 μου
1510 2209 1726 2281 ἡμέραν

237 2301 474 2372 ἡμέρας.

1763 2208 1824 2274 ἐξ
2000 2231 2088 2285 16.
2117 2228 2188 2285 Ut
2219 2231 2442 2288 reddam
2467 2239 2594 2288 vota
2627 2247 2747 2288 mea
2778 2231 2846 2287 de
2872 2231 2960 2288 die
2985 2232 3040 2288 in
3070 2231 3234 2287 diem.

280 2319 474 2373 μερας.

308 2413 386 2486 (ιι)
421 2412 677 2486 Vers}.
703 2415 793 2468 ’Ev
825 2415 929 2485 τῷ,
956 2424 1088 2486 etc.,
1115 2413 1338 2486 ὖψωσάς
1372 2431 1460 2486 με.

311 2484 388 2555 (b)
420 2485 554 2540 Cod.
587 2482 764 2540 Palat.
809 2482 1061 2543 ut'infra.

1364 2619 1740 2676 ATHANASII
1782 2618 2374 2679 INTERPRETATIO.

239 2764 406 2837 μέχρι
435 2762 622 2826 τέλους
649 2763 730 2827 εἰς
759 2762 930 2834 ὕμνον
952 2765 1163 2836 εἴρηται
1197 2761 1276 2829 τῷ
1302 2761 1484 2830 ἱκανῷ
1512 2761 1588 2833 τῇ
1607 2763 1781 2833 χειρί,
1807 2764 2057 2820 τουτέστι
2092 2765 2169 2838 τῷ
2195 2765 2311 2836 mg)
2337 2764 2431 2820 τοῦ
2453 2761 2611 2820 Θεοῦ.
2641 2761 2820 2818 Δαόιδ
2844 2759 2954 2838 γὰρ
2990 2757 3347 2831 ἑρμηνεύεται
3376 2760 3505 2812 ἱκα-

234 2860 349 2926 νὸς
381 2859 550 2928 χειρὶ,
592 2859 670 2922 ὡς
702 2859 898 2932 εἴρηκα
925 2862 1002 2931 (1)
1031 2859 1308 2923 πολλάκις.

238 2967 372 3004 num
399 2950 579 3004 dictus
594 2959 678 3004 est
700 2948 954 3006 Psalmns
979 2969 1135 3007 manu
1164 2955 1312 3020 forti,
1334 2955 1440 3009 hoc
1467 2954 1706 3010 estFilio
1738 2953 1854 3008 Dei.
1875 2952 2044 3008 David
2064 2955 2210 3009 enim
2230 2955 2624 3024 interpretatur
2657 2968 2816 3006 manu
2868 2951 3043 3020 fortis,
3072 2959 3132 3004 ut
3152 2949 3347 3020 saepius
3365 2947 3497 3004 dixi.

312 3045 368 3100 2.
404 3044 496 3115 Μὴ
534 3045 893 3118 ἀποστραφῇς
924 3049 1023 3119 τὴν
1056 3049 1361 3121 προσευχήν
1395 3068 1514 3121 μου.

1849 3054 1893 3113 C
1997 3049 2052 3104 2.
2084 3047 2162 3106 Ne
2194 3048 2464 3104 averseris
2494 3047 2798 3104 orationem
2832 3061 3027 3101 meam.

311 3137 368 3190 ὅ.
397 3135 575 3189 Ὄλων
597 3137 704 3189 τῶν
735 3138 943 3208 γηίνων
971 3139 1080 3192 τῶν
1111 3141 1169 3194 ὲν
1193 3139 1268 3211 τῷ
1300 3140 1492 3213 κόσμῳ
1521 3139 1802 3213 καθαρίσας

2008 3143 2050 3198 5.
2081 3143 2216 3199 Cum
2240 3143 2308 3197 ab
2333 3141 2586 3197 omnibus
2611 3140 2774 3195 rebus
2797 3137 3050 3201 terrenis,
3075 3153 3196 3208 quze
3220 3136 3272 3190 in
3296 3137 3499 3191 mundo

238 3229 342 3299 τὴν
373 3228 615 3282 διάνοιάν
649 3246 750 3300 μου
771 3268 785 3293 ,
815 3229 992 3294 οὕτως
1023 3231 1250 3303 ἐδεήθην
1281 3251 1396 3288 σου.

2010 3243 2077 3299 at,
2109 3234 2434 3291 mundasses
2477 3240 2941 3298 mentem‘meam,
2983 3229 3057 3283 ita
3104 3237 3156 3284 te
3181 3228 3501 3299 deprecatus

1928 3342 2071 3382 suun

319 3403 373 3458 ι.
418 3403 506 3458 Ἐν
531 3402 610 3474 τῷ
641 3403 901 3471 νυστάξαι
934 3406 1014 3468 εἰς
1045 3404 1145 3478 τὴν
1173 3405 1446 3477 ἁμαρτίαν
1477 3405 1577 3476 τὴν
1599 3404 1810 3477 καρδίαι

2011 3416 2053 3471 ι.
2079 3414 2218 3470 Cum
2249 3412 2572 3470 dormitaret
2610 3411 2664 3466 in
2688 3419 2910 3482 peccato
2940 3424 3035 3466 cor
3056 3425 3238 3465 meum
3274 3409 3330 3464 in
3365 3423 3502 3480 pra:-

250 3512 380 3568 pnu,
412 3495 470 3547 ἐν
492 3497 613 3557 ταῖς
637 3494 879 3558 ἐντολαῖς
911 3512 1005 3548 σου
1039 3495 1406 3566 ὲθεμελίωσάς
1443 3512 1529 3566 με.

1151 3495 1406 3559 ιελίωσάς
1443 3512 1529 3566 με.
1929 3507 2101 3576 ceptis
2128 3505 2238 3560 tuis
2264 3503 2504 3558 fundasti
2536 3519 2642 3559 me.

319 3587 374 3642 5.
416 3587 505 3640 Ἐν
529 3585 614 3657 τῷ
641 3587 781 3656 φωτὶ
813 3587 910 3658 τῆς
936 3586 1157 3659 χάριτός
1187 3603 1280 3639 σου
1312 3585 1600 3656 ὣήγησάς
1631 3602 1718 3656 με.

1596 3603 1600 3641 ῑ
1631 3602 1718 3656 με.
1997 3597 2054 3651 5.
2078 3595 2138 3649 In
2164 3594 2288 3649 luce
2317 3594 2507 3664 gratiae
2539 3603 2646 3649 tua;
2679 3593 2953 3650 deduxisti
2979 3609 3087 3648 me.

323 3680 376 3741 6.
412 3680 600 3750 Τεῖχος
645 3679 861 3752 ἰσχυρόν
897 3697 986 3752 μοι
1020 3680 1097 3751 (2)
1134 3679 1399 3750 ὑπάρχεις
1432 3677 1685 3747 φεύγοντι
1721 3676 1814 3731 ἀπί

1999 3686 2053 3740 6.
2079 3682 2268 3740 Murus
2296 3683 2632 3739 fortissimus
2661 3683 2799 3738 mihi
2823 3699 2884 3740 es
2906 3682 3134 3755 fugienti
3161 3698 3192 3738 a
3217 3690 3462 3753 peccato.

239 3773 344 3844 τῆς
381 3771 679 3843 ἁμαρτίας.

317 3865 376 3916 7.
414 3863 505 3916 Ἐν
533 3865 648 3926 τοῖς
678 3863 1012 3935 δικαιῶμασί
1033 3880 1128 3917 σου
1153 3861 1398 3935 διαμένω
1422 3860 1502 3932 (5)
1540 3857 1805 3932 [διαμενῶ

2005 3865 2058 3921 7.
2089 3865 2145 3920 in
2167 3863 2658 3935 justiﬂcatiouibus
2679 3862 2793 3920 tuis
2817 3861 3150 3935 permanebo
3181 3874 3416 3930 semper.

242 3958 291 4014 ἃς
302 3955 556 4017 απαντάς.

319 4048 372 4102 8.
401 4045 820 4116 Φυλαχοήσομαι
852 4043 956 4096 ὑπὸ
1002 4041 1111 4095 τῶν
1143 4041 1238 4096 δύο
1268 4039 1558 4112 Διαθηκῶν
1589 4055 1686 4092 σου
1730 4039 1807 4110 (4)

1823 4077 1828 4091 ι
2003 4042 2058 4097 8.
2092 4041 2382 4097 Custodiar
2413 4041 2518 4096 sub
2545 4040 2762 4097 duobus
2789 4037 3153 4097 Testamentis
3187 4035 3314 4092 tuis.

321 4139 376 4193 9.
402 4135 705 4209 Πληρὼσας
736 4153 803 4207 με
831 4133 923 4188 τοῦ
954 4134 1234 4206 φωτισμοῦ
1267 4153 1382 4192 σου.

2005 4135 2059 4189 9.
2092 4131 2326 4203 Replens
2353 4149 2440 4188 me
2475 4133 2874 4188 illuminatione
2902 4140 3017 4186 tua.

319 4231 408 4288 10.
429 4231 540 4300 Τὴν
567 4228 842 4300 βασιλείαν
868 4227 974 4280 τῶν
994 4228 1237 4300 οὐρανῶν
1259 4228 1465 4293 ﬁni-ita;
1479 4231 1594 4291 τοῖς
1620 4223 1810 4280 ποιοῦσ

2014 4227 2093 4282 10.
2130 4225 2376 4298 Regnum
2421 4225 2685 4282 calorum
2720 4223 2916 4282 dedisti
2950 4219 3278 4276 facientibus
3314 4215 3505 4271 volun-

245 4325 310 4378 τὺ
344 4321 559 4393 θέλημὰ
592 4339 707 4374 σου.

1937 4326 2100 4373 tatem
2131 4327 2297 4372 tuam.

325 4416 411 4470 11.
443 4415 554 4468 Καὶ
600 4413 678 4484 τῷ
725 4411 1008 4476 ἀξιωθέντι
1037 4410 1212 4482 πιστῷ
1245 4428 1344 4466 σου
1371 4411 1484 4482 λαῷ
1533 4413 1598 4464 ἐν’
1620 4409 1700 4480 τῷ
1737 4407 1816 4463 νῦι

2016 4410 2096 4464 11.
2134 4408 2206 4462 Ει
2229 4406 2427 4478 populo
2449 4415 2542 4460 tuo
2562 4403 2728 4467 fideli,
2755 4402 2849 4474 qui
2881 4400 2936 4457 in
2966 4401 3070 4456 hoc
3091 4398 3290 4454 seculo
3310 4397 3507 4467 dignus

253 4509 412 4565 αἰῶνι
438 4506 533 4560 τοῦ
563 4505 740 4577 φωτὸς
778 4505 875 4577 τῆς
913 4503 1134 4576 χαριτὸς
1171 4520 1288 4556 σου·
1313 4502 1642 4574 προσθήσεις
1686 4502 1744 4556 αξ

2018 4511 2122 4557 :tus
2141 4511 2225 4556 est
2255 4501 2377 4554 luce
2405 4497 2593 4568 gratia:
2626 4505 2756 4562 tuae,
2788 4493 3011 4563 adjicies
3040 4492 3142 4561 ipsi
3172 4489 3336 4546 etiam
3373 4488 3509 4544 frui-

249 4602 348 4656 καὶ
370 4599 464 4654 τοῦ
487 4599 657 4658 ἀϊδίου
684 4597 861 4666 φωτὸς
888 4593 1193 4650 ἀπολαῦσαι
1215 4594 1272 4646 ὲν
1292 4593 1369 4664 τῷ
1395 4592 1638 4669 μέλλοντι
1658 4592 1740 4644 ait]

1662 4591 1835 4646 αἰῶνι.
1940 4594 2147 4649 tionem
2175 4601 2391 4647 aeternae
2421 4589 2560 4644 lucis
2591 4587 2646 4640 in
2679 4594 2910 4641 venturo
2933 4584 3153 4640 saeculo.

326 4693 415 4747 12.
451 4693 561 4747 Καὶ
590 4693 624 4762 ἡ
656 4689 768 4760 ζωὴ
789 4687 952 4741 αὑτοῦ
981 4685 1332 4759 ἀτελεύτητός
1357 4688 1502 4738 ἐστιν
1526 4685 1622 4756 (5).

1486 4704 1502 4737 ν
1526 4685 1622 4756 (5).
2017 4684 2104 4738 12.
2135 4682 2202 4736 Ει
2235 4681 2343 4735 vita
2374 4679 2493 4749 ejus
2524 4676 2854 4748 sempiterna
2877 4682 2977 4730 est.

328 4787 415 4841 15.
432 4785 540 4838 Καὶ
557 4782 860 4854 ἀχώριστός
891 4783 1008 4833 ἐστι
1023 4779 1115 4833 τοῦ
1133 4780 1268 4852 ὁρᾷν
1285 4779 1380 4849 τὴν
1402 4775 1553 4842 δόξαν
1569 4774 1662 4829 τοῦ
1679 4773 1814 4829 Θεοῦ

2017 4777 2100 4832 15.
2131 4774 2199 4828 Et
2231 4769 2606 4842 inseparabilis
2634 4776 2719 4825 est
2749 4782 2782 4823 a
2803 4766 3017 4823 visione
3045 4765 3232 4838 gloria:
3253 4763 3367 4818 Dei.

329 4879 416 4932 M.
449 4875 561 4946 Τὴν
594 4851 1005 4942 ε’ύσπλαγχνίαν
1020 4851 1187 4924 αὐτοῦ
1211 4870 1306 4924 καὶ
1330 4869 1429 4941 τὴν
1446 4867 1820 4940 δικαιοκρισίαι

2021 4869 2103 4925 li.
2137 4865 2538 4922 Miserationetn
2583 4861 2705 4935 ejus
2749 4867 2807 4919 et
2841 4859 3049 4932 justum
3093 4856 3357 4927 judicium
3389 4851 3512 4922 quis

252 4973 336 5036 τίς
367 4971 445 5039 (6)
475 4966 760 5038 καταλάϐῃ
779 4982 793 5031 ;

1943 4958 2405 5032 comprehendet?

329 5037 630 5122 6.7061(1);
657 5037 814 5128 ψαλῶ
848 5073 929 5110 σοι
961 5055 1036 5128 (7)
1062 5055 1376 5118 ἀπαύστως,
1406 5053 1480 5117 ὡς
1506 5053 1755 5123 ὀφείλων,
1780 5054 1820 5106 ἐι

2020 5054 2104 5110 15.
2138 5053 2229 5108 Sic
2253 5050 2524 5121 psalmum
2546 5049 2723 5105 dicam
2743 5046 2838 5104 tibi
2859 5045 3213 5107 incessanter,
3240 5047 3298 5094 ut
3321 5037 3511 5099 debeo.

253 5153 657 5227 εὐχαριστίαις.

1948 5147 2003 5202 in
2033 5145 2327 5217 gratiarum
2352 5142 2679 5198 actionibus.

462 5245 747 5316 Ἀνυμνεῖν
777 5259 842 5297 σι
870 5241 966 5296 καὶ
1009 5241 1068 5294 ὲν
1092 5239 1169 5311 τῷ
1218 5239 1313 5293 νῦν
1344 5237 1499 5294 αἰῶνι
1539 5238 1633 5292 καί
1671 5237 1730 5290 ὲν
1766 5235 1820 5306 τί)

2025 5239 2108 5295 16.
2138 5237 2208 5294 Ut
2233 5237 2449 5293 laudem
2484 5246 2537 5292 te
2572 5248 2626 5290 et
2655 5234 2712 5289 in
2739 5228 2994 5305 praesenti
3028 5225 3228 5285 saeculo
3252 5234 3306 5283 et
3347 5240 3400 5281 In
3431 5222 3516 5281 fu-

261 5343 537 5418 μέλλοντι.

1948 5341 2093 5386 turo.

1218 5447 1534 5514 Addenda
1561 5455 1624 5511 et
1647 5445 2029 5528 corrigenda
2073 5462 2150 5506 ex
2186 5442 2325 5504 cod.
2364 5441 2564 5502 Vatic.

327 5582 406 5650 (i)
443 5580 711 5645 Πολλάκις
747 5581 1068 5652 εἰρήκαμεν.
2007 5572 2088 5714 (5)
2115 5572 2328 5659 Ἔσται.

329 5651 406 5714 (2')
435 5652 575 5704 Μου.
2031 5644 2085 5714 6)
2124 5645 2296 5714 ᾼυτου
2323 5657 2328 5668 ί

329 5639 575 5714 (23111ου.
691 5639 708 5645 ⁷
800 5639 812 5650 ’
855 5639 866 5652 ’
947 5639 960 5652 ’
2007 5639 2085 5714 (6)
2124 5639 2296 5714 ᾼύτοῦ
2323 5639 2422 5701 τίς.

331 5705 408 5790 (ὅ)
435 5721 724 5792 Διαμείνω.

2014 5705 2093 5783 (7)
2115 5713 2204 5765 Σοι
2230 5709 2402 5776 deest,
2433 5706 2727 5771 ἀπαύστως
2752 5705 2942 5778 ὄφελον
2971 5705 3052 5771 ιν,
3087 5709 3193 5759 etc.

337 5792 390 5860 (ί
400 5809 410 5854 ,=
448 5795 547 5844 Σου
582 5793 753 5846 clccs‘t.
