3776 6280
198 259 297 316 891
408 304 416 313 .
1044 267 1105 325 S.
1145 269 1515 327 ATHANASII
1563 273 1712 331 OPP.
1755 275 1934 331 PARS
1970 276 2057 333 lll‘.
2094 303 2162 317 —
2198 277 2609 335 EXEGETICA.
3332 281 3436 336 892

405 372 472 431 In
499 376 678 447 ﬁnem,
705 395 799 448 pro
835 377 1068 434 lditlmm
1113 383 1349 450 psalmus
1385 384 1572 440 David.
1799 396 1844 452 Α
1869 392 1896 442 E

1941 413 1970 458 ς
2002 394 2065 447 τὸ
2095 392 2300 459 τέλος,
2333 392 2488 462 ὑπὲρ
2533 390 2788 461 Ἰδιθοὺμ
2828 393 3070 462 ψαλμὸς
3114 393 3195 460 τῷ
3239 398 3432 454 Δαϐίδ.

788 471 986 527 PSAL.
1027 473 1185 531 LXI.

2458 489 2633 542 ΨΑΛ.
2693 485 2835 540 ΞΑ’.

271 561 324 618 1.
353 559 542 617 Nonne
561 560 672 617 Deo
702 562 944 634 subjecta
970 566 1072 621 erit
1100 568 1281 622 anima
1308 569 1469 623 mea?

1942 579 1992 633 1.
2030 578 2163 649 Ούχὶ
2193 578 2271 649 τῷ
2303 577 2422 649 Θεῷ
2455 579 2858 650 ὑποταγήσεται
2890 579 2923 651 ὴ
2951 579 3093 652 ψυχή
3132 597 3270 652 μου;

267 654 324 708 2.
359 654 439 709 Ab
465 654 584 724 ipso
616 654 762 709 enim
795 655 1041 713 Salutare
1073 674 1274 712 meum.

1938 669 2002 744 2.
2030 668 2168 740 Παρ⁹
2202 668 2350 740 αύτῷ
2379 668 2487 741 γὰρ
2517 669 2577 722 τὸ
2610 669 2888 741 Σωτήριόν
2916 687 3038 741 μου.

269 746 326 802 5.
353 743 488 802 Nam
514 755 568 801 et
590 746 706 816 ipse
734 746 879 804 Deus
908 763 1061 804 meus
1086 758 1141 803 et
1165 748 1435 805 Salutaris
1466 765 1642 817 meus,

1941 761 1994 815 5.
2029 761 2144 814 Καὶ
2167 760 2276 832 γὰρ
2307 761 2469 824 αὐτὸς
2497 761 2628 825 Θεός
2657 779 2755 834 μου
2785 763 2878 815 καὶ
2907 764 3099 835 Σωτήρ
3128 783 3249 836 μου,

271 838 325 892 4.
356 839 650 907 Susceptor
678 855 858 904 meus,
891 855 1000 893 non
1030 839 1291 894 movebor
1320 840 1576 911 amplius.

1943 853 1998 907 4.
2039 853 2411 926 Ἀντιλήπτωρ
2443 853 2578 925 μου,
2605 855 2664 906 ού
2711 854 2785 926 μὴ
2830 855 3072 909 σαλευθῶ
3107 859 3198 910 ἐπὶ
3232 859 3433 914 πλεῖον.

276 930 330 984 5.
365 928 666 1000 Quousque
696 930 906 987 irruitis
935 932 990 986 in
1021 932 1337 987 hominem?

1941 946 1993 1000 5.
2017 946 2159 1011 Ἕως
2185 947 2313 1001 πότε
2346 945 2651 1000 ἐπιτίθεσθε
2685 948 2771 999 ἐπ’
2801 946 3120 1018 ἄνθρωπον;

273 1019 328 1075 6.
360 1021 669 1077 lnterlicitis
701 1022 940 1078 universi
971 1038 1102 1078 vos:

1946 1038 1998 1092 6.
2024 1037 2280 1092 Φονεύετε
2306 1038 2505 1103 πάντες
2537 1040 2714 1110 ὑμεῖς,

273 1113 330 1168 7.
364 1109 647 1183 Tanquam
692 1113 885 1184 parieti
938 1114 1198 1171 inclinato
1277 1122 1333 1170 et
1384 1114 1636 1170 maceriae
1681 1114 1764 1170 de-

273 1204 410 1260 ιιεωῖ

1949 1131 2000 1184 7.
2046 1130 2134 1195 Ὠς
2164 1131 2325 1202 τοίχῳ
2357 1131 2698 1206 κεκλισμένῳ
2721 1131 2814 1184 καὶ
2847 1130 3086 1203 φραγμῷ
3111 1131 3369 1204 ὠσμένῳς

200 1219 402 1277 pulsae:

277 1295 331 1349 8.
370 1291 758 1349 Verumtamen
792 1293 1026 1366 pretium
1059 1311 1239 1353 meum
1274 1298 1647 1371 cogitaverunt
1693 1312 1768 1352 re-

1948 1305 2003 1361 8.
2036 1305 2184 1379 Πλὴν
2221 1307 2319 1379 τὴν
2346 1311 2510 1380 τιμήν
2543 1325 2644 1381 μου
2675 1308 3060 1364 ἐϐουλεύσαντο
3101 1309 3439 1364 ἀπώσασθαι.

206 1385 425 1454 pellere.
1609 1415 1612 1418 ~

273 1476 328 1532 9.
355 1475 587 1532 Cucurri
615 1478 668 1532 in
705 1478 794 1533 siti
818 1520 832 1532 .

1947 1482 2000 1537 9.
2031 1482 2304 1554 Ἔδραμον
2331 1485 2389 1537 ὲν
2416 1483 2562 1556 δίψῃ.

280 1567 366 1622 10.
399 1567 505 1624 Ore
550 1584 650 1624 suo
695 1570 1106 1638 benedicebant,
1131 1571 1294 1628 corde
1314 1570 1393 1644 [et
1424 1570 1610 1637 corde,
1643 1569 1771 1641 etc.]

1953 1572 2038 1627 10.
2065 1572 2155 1642 Τῷ
2180 1575 2407 1644 στόματι
2427 1574 2603 1629 αύτῶν
2627 1575 2903 1645 εύλόγουν,
2927 1581 2995 1648 τῇ
3033 1577 3229 1650 καρδίᾳ
3267 1577 3444 1632 αὐτῶν

206 1677 306 1718 suo
329 1662 742 1718 maledicebant.

729 1702 742 1717 .
1881 1682 2019 1736 κατη
2028 1665 2215 1738 ρῶντο.

835 1752 1166 1824 Diapsalma.
1804 1759 1848 1814 Β
2016 1773 2024 1781 -

1804 1759 1848 1814 B
2016 1773 2024 1781 -
2429 1756 2746 1830 Διάψαλμα
2779 1759 2875 1829 (a).

278 1845 366 1900 ll.
399 1844 787 1901 Verumtamen
818 1846 927 1900 Deo
950 1845 1192 1914 subjecta
1218 1852 1358 1908 esto,
1392 1843 1572 1899 anima
1621 1859 1769 1899 mea:

1763 1867 1774 1899 :
1950 1848 2038 1902 11.
2067 1849 2214 1918 Πλὴν
2247 1848 2325 1920 τῷ
2358 1849 2476 1921 Θεῷ
2505 1851 2828 1924 ύποτάγηθι,
2858 1853 2892 1924 ἡ
2919 1851 3063 1924 ψυχή
3099 1868 3236 1924 μουο

279 1936 365 1990 12.
401 1935 670 2002 Quoniam
703 1937 771 1992 ab
801 1939 920 2006 ipso
949 1937 1202 2007 patientia
1237 1951 1378 1992 mea.

1948 1939 2036 1993 12.
2075 1941 2198 1995 Ὅτι
2227 1944 2355 2011 παρ’
2386 1942 2533 2013 αύτῷ
2562 1945 2596 2015 ἡ
2635 1945 2878 2015 ὑπομονὴ
2915 1962 3036 2016 μου.

278 2026 365 2080 15.
393 2025 537 2093 Quin
566 2027 678 2096 ipse
709 2025 852 2082 Deus
883 2042 1037 2082 meus
1064 2036 1118 2081 et
1147 2027 1397 2081 Salvator
1419 2041 1610 2083 meus:

1952 2034 2039 2088 l3.
2081 2035 2202 2087 Ὅτι
2227 2035 2390 2098 αὐτὸς
2421 2034 2553 2099 Θεός
2584 2054 2683 2107 μου
2709 2037 2803 2090 καὶ
2832 2038 3023 2109 Σωτήρ
3049 2054 3150 2108 μου
3173 2052 3189 2070 ⁸

277 2120 367 2175 14.
395 2120 622 2191 Adjutor
644 2136 822 2189 meus,
852 2134 959 2176 non
986 2119 1289 2216 emigrabo.

1952 2123 2040 2177 14.
2077 2124 2448 2199 Ἀντιλήπτωρ
2480 2143 2604 2198 μου,
2637 2126 2698 2179 ού
2735 2127 2807 2198 μὴ
2836 2126 3253 2198 μεταναστεύσω

281 2251 357 2324 (α)
383 2251 568 2309 Codex
594 2251 769 2308 Palat.

1331 2408 1704 2465 ATHANASII
1740 2405 2328 2465 INTERPRETATIO.

287 2564 352 2618 Ἦ
377 2564 714 2638 προκειμένη
745 2564 1025 2639 ἐπιγραφὴ
1070 2564 1314 2638 περιέχει
1360 2563 1471 2637 (1)⁶
1501 2566 1604 2632 Et;
1631 2563 1699 2618 τὸ
1727 2564 1900 2631 τέλος
1925 2604 1940 2628 ,
1976 2561 2130 2632 ὑπὲρ
2173 2561 2422 2632 Ἰδιθοὺμ
2480 2561 2724 2632 ’φα-λιμὸς
2789 2560 2870 2628 τῷ
2894 2561 3071 2616 Δαϐίδ
3092 2577 3108 2594 ο
3159 2559 3316 2615 τοῦτο
3361 2558 3456 2616 οὖν

209 2655 394 2725 λέγει·
415 2657 508 2709 ἐπὶ
525 2657 669 2709 τέλει
705 2655 814 2709 τῶν
843 2656 1055 2712 αἰώνων
1075 2657 1215 2730 ὑπὲρ
1241 2657 1349 2711 τοῦ
1374 2656 1514 2722 ἐνὸς
1535 2655 1739 2725 κριτοῦ
1760 2653 1868 2709 τοῦ
1891 2653 2220 2724 ἐρχομένου
2240 2672 2254 2686 ·
2286 2654 2444 2712 τοῦτο
2475 2653 2583 2725 γὰρ
2616 2653 2975 2725 ἑρμηνεύεται
3007 2654 3243 2726 Ἰδιθούμ
3261 2669 3276 2684 ο
3309 2652 3450 2709 εἷται

219 2748 465 2818 Ψαλμὸς
489 2748 569 2814 τῷ
593 2748 792 2813 Δαϐὶδ,
809 2749 1055 2803 τουτέστι
1079 2747 1313 2819 ψαλμὸς,
1341 2743 1421 2812 τῷ
1443 2744 1630 2811 ἱκανῷ
1654 2743 1729 2813 τῇ
1753 2747 1907 2814 χειρί
1925 2760 1938 2772 ³
1966 2743 2122 2796 τοῦτο
2150 2742 2260 2815 γὰρ
2291 2743 2652 2815 ἑρμηνεύεται
2673 2741 2854 2798 Δαὸίδ.
2874 2743 3081 2798 Οὐκοῦν
3103 2742 3285 2813 σαφῶς
3305 2743 3456 2812 λέγει

211 2845 341 2917 περὶ
359 2844 452 2898 τοῦ
480 2843 611 2897 Υἱοῦ
644 2843 737 2897 τοῦ
771 2843 927 2911 Θεοῦ,
963 2844 1057 2898 τοῦ
1089 2843 1207 2907 ὲνδς
1235 2841 1426 2914 κριτοῦ
1453 2841 1752 2914 ἐρχομένου
1780 2839 1991 2894 ἱκανοῦ
2020 2840 2170 2910 χειρὶ
2199 2839 2374 2906 ὄντος
2401 2839 2500 2910 (2).

284 2934 499 2992 Titulus
527 2937 855 3008 praepositus
887 2938 1135 2993 continet
1159 2954 1171 2992 :
1197 2935 1265 2989 In
1294 2936 1472 3004 ﬁnem,
1508 2951 1603 3004 pro
1634 2933 1876 2987 Idithum
1904 2932 2142 3001 psalmus
2164 2931 2356 2986 David.
2388 2930 2503 2986 Hoc
2535 2931 2702 3002 igitur
2728 2931 3039 3004 signiﬁcat:
3068 2931 3122 2986 in
3155 2931 3263 2986 ﬁne
3283 2946 3457 2987 saecu-

211 3027 392 3084 lorum
417 3043 516 3100 pro
539 3047 644 3084 uno
665 3029 845 3099 judice
870 3041 1120 3090 venturo;
1149 3027 1224 3082 ita
1262 3028 1408 3083 enim
1443 3027 1836 3097 interpretatur
1872 3023 2134 3080 Idithum.
2168 3023 2372 3078 Deinde
2400 3041 2413 3078 :
2447 3023 2695 3078 Psalmus
2742 3023 2936 3087 Dauid,
2973 3024 3076 3079 hoc
3100 3031 3186 3079 est
3211 3022 3459 3094 psalmus

215 3139 376 3178 mauu
399 3125 547 3194 forti,
575 3125 650 3179 ita
673 3125 818 3179 enim
851 3126 1239 3194 interpretatur
1264 3121 1457 3176 David.
1489 3123 1679 3192 Itaque
1703 3119 1994 3176 manifeste
2021 3119 2263 3190 loquitur
2299 3119 2368 3175 de
2395 3118 2534 3175 Filio
2563 3118 2678 3188 Dei,
2711 3119 2804 3190 qui
2834 3119 3032 3175 unicus
3067 3117 3241 3175 Iudex
3266 3127 3464 3176 ventu-

215 3228 315 3274 rus
344 3226 451 3286 est,
483 3226 538 3273 et
558 3234 718 3271 manu
741 3217 895 3288 furtis
917 3228 1016 3272 est.

290 3328 344 3384 1.
371 3325 558 3400 Neque
583 3329 795 3400 justum
839 3345 1016 3402 neque
1050 3331 1182 3387 utile
1201 3339 1286 3388 est
1305 3329 1502 3387 animae
1524 3345 1655 3385 mea:
1675 3329 1781 3384 ulla

1970 3327 2013 3379 Ι.
2055 3326 2129 3379 Ού
2173 3325 2379 3379 δίκαιον
2407 3326 2502 3381 καὶ
2531 3326 2808 3398 συμφέρον
2840 3327 2955 3380 ἐστὶ
2989 3327 3054 3398 τῇ
3091 3325 3234 3398 ψυχῇ
3270 3343 3370 3399 μου
3403 3327 3461 3380 ὲν

213 3419 274 3477 in
304 3437 364 3478 re
385 3422 660 3478 adversari
692 3423 824 3480 Deo.

1895 3418 2081 3489 μηδενὶ
2109 3417 2460 3472 ἀνθίστασθαι
2491 3418 2569 3490 τῷ
2601 3418 2738 3490 Θεῷ.

279 3514 337 3572 2.
365 3513 498 3569 Nam
522 3515 664 3586 apud
691 3531 816 3570 eum
843 3514 953 3570 vita
982 3528 1100 3570 mea
1123 3521 1177 3570 et
1203 3513 1257 3569 in
1283 3515 1536 3585 praesenti
1567 3516 1766 3571 saeculo

1968 3509 2016 3561 2.
2038 3509 2173 3577 Παρ⁹
2196 3507 2342 3578 αύτῷ
2364 3507 2472 3580 γὰρ
2494 3510 2527 3579 ἡ
2553 3508 2663 3580 ζωή
2691 3526 2792 3581 μου
2819 3509 2913 3564 καὶ
2935 3509 2993 3578 ἐν
3017 3508 3093 3580 τῷ
3116 3509 3210 3562 νῦν
3231 3507 3307 3579 (3)
3324 3509 3459 3562 ³ὂντι.

286 3607 341 3664 3.
370 3607 504 3663 Nam
557 3617 612 3665 et
656 3608 773 3680 ipse
824 3616 909 3665 est
961 3617 1176 3664 creator
1235 3621 1390 3664 meus
1435 3617 1489 3663 et
1541 3608 1777 3663 Salvator

1972 3602 2014 3655 5.
2051 3603 2160 3654 Καὶ
2183 3600 2293 3672 γὰρ
2313 3601 2475 3665 αὑτός
2496 3603 2611 3655 ἐστι
2638 3601 2968 3674 δημιουργός
3023 3619 3122 3673 μου
3156 3604 3250 3656 καὶ
3272 3603 3463 3674 Σωτήρ

387 3741 401 3755 .
1895 3709 2014 3755 μου.

225 3716 499 3848 ωῗῗεΝοη
527 3792 802 3848 discedam
832 3792 900 3848 ab
935 3807 1001 3847 eo
1032 3806 1206 3861 usque
1238 3789 1294 3845 in
1322 3790 1507 3846 linem.

1935 3712 2014 3750 ou.

1895 3712 1934 3764 μ
1960 3786 2013 3841 Δ.
2043 3786 2119 3839 Ού
2154 3785 2228 3856 μὴ
2268 3784 2488 3839 ἀποστῶ
2524 3784 2618 3838 ἀπ’
2649 3782 2813 3837 αύτοῦ
2849 3785 2953 3849 ἕως
2975 3787 3179 3850 τέλους.

289 3887 344 3942 5.
374 3885 672 3957 Quousque
701 3886 940 3941 humana
960 3884 1200 3956 potentia
1224 3892 1279 3938 et
1303 3884 1510 3938 auxilio
1539 3883 1780 3939 utimini?

1976 3877 2018 3934 5.
2050 3877 2193 3938 Ἕως
2215 3875 2345 3928 πότε
2371 3877 2438 3946 τῇ
2471 3873 2790 3949 ἀνθρωπίνῃ
2815 3875 3099 3946 δυναστείᾳ
3126 3878 3217 3930 καὶ
3243 3875 3467 3947 βοηθείᾳ

1976 3967 2095 4037 ἧσθε
2125 3966 2235 4037 (4)’;

287 4059 344 4118 6.
373 4059 441 4116 Et
466 4059 716 4117 occiditis
738 4059 1026 4118 inferiores
1051 4060 1208 4117 vobis
1233 4079 1247 4114 :

1892 3985 2095 4040 χρησυε
2125 3985 2235 4037 l4);

1963 4059 2014 4113 6.
2045 4060 2155 4112 Καὶ
2185 4058 2437 4127 φονεύετε
2457 4061 2584 4125 τοὺς
2605 4061 3028 4134 ὑποδεεστέρους
3061 4060 3214 4132 ὑμῶν
3239 4080 3251 4092 ·

293 4151 350 4208 7.
375 4152 553 4208 Veluti
581 4167 739 4208 muro
764 4152 996 4220 cadenti,
1028 4159 1083 4208 et
1109 4150 1357 4207 maceria:
1375 4149 1654 4223 disiectae?

1971 4151 2023 4205 7.
2066 4151 2154 4216 Ὦς
2177 4151 2341 4222 τοίχῳ
2367 4151 2620 4206 πίπτοντι
2648 4155 2742 4208 καὶ
2772 4155 3009 4226 φραγμῷ
3036 4154 3279 4226 ριφέντι;

292 4243 346 4302 8.
376 4244 453 4301 lta
477 4245 733 4300 mandata
762 4259 883 4300 mea
906 4244 1264 4314 repelluntur.

1969 4243 2022 4298 8.
2057 4242 2244 4306 Οὕτως
2275 4245 2344 4298 τὰ
2376 4247 2773 4318 προστάγματα
2803 4264 2903 4318 μου
2928 4246 3289 4301 ἀπωθοῦνται.

295 4336 350 4402 9,
384 4335 473 4394 10.
497 4334 676 4391 Veluti
711 4350 940 4391 currens
980 4336 1034 4390 in
1073 4335 1187 4398 siti,
1220 4332 1316 4404 qui
1344 4350 1440 4391 ore
1464 4336 1687 4406 quidem
1714 4337 1786 4393 ni-

1984 4338 2020 4402 l,
2056 4336 2145 4392 10.
2186 4336 2277 4400 Ὣς
2309 4340 2338 4392 ὁ
2362 4339 2569 4411 τρέχων
2598 4343 2656 4394 ὲν
2688 4344 2752 4413 τῇ
2785 4340 2863 4411 (5)
2891 4341 3018 4414 δίψῃ
3041 4341 3118 4412 τῷ
3145 4343 3244 4414 μὲν
3278 4343 3475 4413 στόμα-

223 4429 324 4492 bit.
348 4444 445 4485 cor
485 4437 667 4484 autem
713 4432 832 4498 ejus
864 4427 1001 4482 nihil
1041 4437 1200 4498 potus
1242 4427 1447 4498 excipit
1477 4446 1491 4483 :
1522 4429 1595 4484 ita
1629 4429 1714 4485 eti:

1990 4429 2155 4494 πίνει,
2179 4432 2213 4502 ἡ
2247 4431 2304 4486 δὲ
2329 4432 2524 4502 καρδία
2549 4431 2714 4485 αὐτοῦ
2747 4432 2898 4486 οὐδὲν
2939 4432 3149 4504 δέχεται
3175 4433 3266 4487 τοῦ
3296 4435 3473 4506 πόμα-

225 4521 315 4577 isti
363 4536 457 4577 ore
500 4537 690 4577 eorum
716 4521 931 4593 eloquia
979 4537 1099 4576 mea
1145 4518 1438 4589 accipiunt,
1480 4536 1576 4578 cor
1615 4532 1716 4579 aut:

1982 4537 2022 4582 ς·
2047 4520 2189 4576 οὕτω
2222 4524 2316 4576 καὶ
2345 4519 2489 4578 οὗτοι
2519 4523 2596 4595 τῷ
2617 4523 2844 4596 στόματι
2878 4526 3056 4580 αὐτῶν
3085 4529 3153 4598 τὰ
3186 4528 3342 4598 λόγιά
3368 4547 3473 4599 μου

224 4627 413 4668 eorum
448 4613 605 4683 longe
634 4613 804 4668 abest.

1984 4629 2143 4682 [ονται
2167 4653 2182 4678 ,
2235 4617 2268 4686 ἠ
2297 4613 2354 4668 δὲ
2384 4615 2580 4687 καρδία
2622 4615 2804 4670 αύτῶν
2837 4616 3119 4689 πόρρωθεν
3149 4620 3224 4687 (6)
3256 4619 3475 4691 ἀπέχει.

301 4706 387 4760 11.
423 4704 505 4759 Τιι
541 4714 745 4770 autem,
772 4706 952 4760 anima
977 4721 1120 4773 mea,
1145 4708 1254 4764 Deo
1278 4710 1522 4780 subjecta
1549 4717 1688 4764 esto.

1827 4725 1870 4779 Β
1970 4703 2055 4755 11.
2096 4705 2168 4758 Σὺ
2193 4705 2270 4770 δὲ.
2298 4705 2441 4778 ψυχή
2478 4724 2613 4777 μου,
2646 4707 2723 4778 τῷ
2756 4707 2874 4778 Θεῷ
2904 4710 3226 4780 ύποτάγηθι.

297 4797 385 4852 12.
417 4796 686 4864 Quoniam
719 4798 861 4867 apud
890 4798 1071 4868 ipsum
1100 4802 1385 4858 retributio
1417 4817 1556 4857 mea.

1974 4796 2059 4851 12.
2099 4797 2221 4851 ὐτι
2248 4801 2378 4870 παρ’
2405 4799 2552 4871 αύτῷ
2585 4803 2616 4870 ή
2650 4801 3040 4873 μισθαποδοσία
3075 4821 3195 4875 μου.

297 4890 388 4945 13.
420 4887 555 4944 Nam
583 4898 638 4944 et
665 4889 780 4961 ipse
805 4887 948 4945 Deus
971 4906 1125 4947 meus
1153 4901 1207 4947 et
1233 4893 1482 4949 Salvator
1511 4908 1686 4949 meus.

1986 4889 2064 4946 15.
2101 4891 2211 4944 Καὶ
2243 4891 2352 4962 γὰρ
2389 4892 2466 4960 (7)
2500 4892 2662 4955 αὐτὸς
2698 4893 2828 4958 Θεός
2863 4913 2964 4966 μου
2999 4897 3091 4949 καὶ
3129 4897 3319 4970 Σωτήρ
3349 4914 3477 4968 μου.

301 4979 389 5036 14.
423 4979 718 5052 Susceptor
744 4995 898 5036 meus
923 4991 1006 5037 est
1031 4998 1046 5048 ;
1075 4983 1206 5037 nulli
1235 4983 1389 5039 alteri
1417 4983 1723 5040 adhzerebo.

1990 4981 2058 5034 l4.
2103 4981 2470 5056 Ἀντιλήπτωρ
2505 4983 2605 5054 μού
2641 4985 2814 5039 ἐστιν’
2847 4986 2908 5039 ού
2951 4986 3025 5060 μὴ
3054 4986 3197 5060 ἄλλῳ
3226 4987 3332 5042 τινὶ
3355 4987 3481 5043 xciv:

1903 5073 2069 5144 ληθῶ.

1180 5246 1488 5312 Addenda
1519 5254 1581 5311 et
1626 5248 2004 5330 corrigenda
2039 5270 2113 5315 ex
2149 5256 2289 5318 cod.
2324 5256 2525 5319 Vatic.

300 5433 382 5573 Si)
420 5433 488 5490 Ἦ
511 5434 599 5489 διὰ
625 5435 724 5508 τῆς
751 5438 1118 5512 κινναϐάρεως
1152 5457 1275 5513 περ.

329 5507 388 5573 2)
424 5507 653 5570 Ὄντως.

875 5438 1118 5512 αϐάρεως
1152 5457 1275 5513 περ.
1981 5445 2058 5573 ἓ
2085 5445 2366 5573 Εὲρίὲὲῗει.

329 5507 388 5592 ἓὶ
424 5507 687 5592 12mg
817 5580 889 5592 ..
982 5507 1024 5592 ’-
1981 5507 2300 5592 (enim,

425 5577 538 5661 EGV
562 5577 717 5661 αὶᾶζνι
749 5580 841 5634 καὶ
872 5580 930 5635 ἐν
958 5579 1034 5650 τῷ
1067 5580 1330 5650 μέλλοντι.

1983 5577 2060 5658 (7)
2090 5577 2364 5661 Κάὶ’γὰρ.
2401 5596 2484 5644 ctc
2517 5627 2530 5654 ,
2561 5587 2657 5658 τῷ,
2686 5587 2904 5644 desunt.

316 5647 396 5714 (ι)
425 5648 735 5716 Κεχρῆσθαι
758 5667 772 5714 ;
