3750 6440
201 389 307 449 895
1046 393 1105 449 S.
1141 393 1523 452 ATllANASll
1553 395 1704 452 OPP.
1746 396 1926 452 PARS
1966 396 2054 452 lll.
2092 428 2164 439 —
2202 397 2611 455 EXEGETICA.
3351 397 3452 454 896

272 510 329 565 2.
361 508 544 566 Sitivit
569 519 618 566 te
647 511 827 566 anima
855 527 974 568 mea
1005 531 1020 568 :

1802 522 1853 578 Α
1947 517 2001 570 9.
2050 517 2300 588 Ἐδίψησέ
2333 535 2392 570 σε
2425 519 2458 589 ἡ
2489 518 2633 589 ψυχή
2668 532 2801 588 μου·

273 602 330 656 5.·
363 601 537 669 Quam
572 602 944 673 multipliciter
971 606 1068 661 tibi
1095 621 1226 663 caro
1255 623 1398 664 mea.

1354 623 1398 664 a.
1957 610 2010 663 5.
2039 609 2340 674 Ποσαπλῶς
2378 628 2460 664 σοι
2488 612 2521 682 ἡ
2554 610 2688 680 σάρξ
2714 625 2835 680 μου.

271 693 326 749 4.
360 693 415 748 1η
449 705 589 750 terra
617 695 854 763 deserta,
877 706 931 752 et
960 697 1126 765 invia,
1146 709 1200 756 et
1221 701 1488 771 inaquosa
1517 721 1529 755 :

1958 703 2010 755 4.
2049 703 2136 754 Ἐν
2173 705 2242 772 γῇ
2271 703 2484 773 ἐρήμῳ,
2510 703 2604 755 καὶ
2628 701 2835 770 ἀϐάτῳ,
2868 700 2963 754 καὶ
2993 698 3207 770 ἀνύδρῳ

276 787 331 842 5.
363 786 455 842 Sic
475 788 530 842 in
554 796 745 844 sancto
771 792 998 859 apparui
1036 792 1133 847 tibi
1167 810 1181 846 :

1959 796 2010 850 5.
2045 795 2232 859 Οὕτως
2264 797 2322 847 ὲν
2353 795 2430 866 τῷ
2452 796 2594 865 ἁγίῳ
2632 792 2806 866 δφθην
2837 809 2958 847 σοι’

273 877 328 934 6.
374 878 442 934 Ut
484 879 726 935 viderem
763 882 1019 938 virtutem
1064 897 1234 949 tuam,
1269 894 1324 941 et
1348 885 1576 957 gloriam
1607 896 1753 941 tuam

1961 889 2015 942 6.
2047 887 2154 942 Τοῦ
2180 888 2306 941 ἰδεῖν
2333 888 2430 958 τὴν
2459 887 2701 958 δύμαμίν
2727 902 2818 938 σου
2849 885 2942 938 καὶ
2968 883 3068 956 τὴν
3093 880 3251 946 δόξαν
3283 897 3395 934 σου.

279 972 330 1026 7.
369 971 640 1040 Quoniam
685 975 879 1030 melior
929 985 1015 1032 est
1062 979 1439 1036 misericordia
1487 990 1574 1036 tua
1621 995 1760 1050 supel

1751 996 1783 1033 tr
1962 981 2014 1037 7.
2053 981 2176 1034 Ὅτι
2207 983 2460 1051 κρεῖσσον
2488 979 2549 1032 τὸ
2579 977 2726 1042 ἔλεός
2757 994 2850 1030 σου
2883 976 3024 1047 ὑπὲρ
3057 973 3232 1038 ζωὰς·

206 1063 347 1120 vitas
375 1078 392 1118 :

175 1201 178 1204 .
279 1153 336 1209 8.
368 1152 538 1210 Labia
562 1170 682 1211 mea
711 1155 1014 1212 laudabunt
1045 1166 1116 1226 te,

1958 1161 2014 1216 8.
2046 1161 2126 1215 Τὰ
2151 1159 2300 1232 χείλη
2336 1175 2436 1230 μου
2463 1154 2809 1212 ἐπαινέσουσι
2845 1171 2923 1208 σε.

278 1248 331 1304 9.
371 1247 461 1303 Sic
485 1248 803 1304 benedicam
839 1261 890 1306 te
914 1251 970 1306 in
995 1253 1103 1306 vita
1129 1269 1245 1309 mea
1273 1273 1286 1310 :

1959 1257 2011 1312 9.
2047 1253 2234 1318 Οὕτως
2259 1253 2536 1323 εὐλογήσω
2561 1267 2618 1304 σε
2646 1253 2704 1304 ὲν
2738 1251 2802 1319 τῇ
2835 1248 2945 1317 ζωῇ
2985 1261 3086 1316 μου
3105 1260 3118 1274 ·

280 1339 370 1393 lt).
405 1337 470 1393 Et
499 1339 552 1393 in
576 1341 801 1396 nomine
825 1351 918 1397 tuo
946 1343 1138 1398 levabo
1165 1361 1360 1402 manus
1389 1362 1559 1402 meas.

1961 1347 2048 1401 l0.
2084 1346 2195 1400 Kal
2219 1346 2275 1397 ὲν
2298 1343 2374 1413 τῷ
2407 1342 2632 1412 ὀνόματί
2665 1357 2758 1392 σου
2789 1338 2906 1409 ἀρῶ
2939 1335 3037 1399 τὰς
3069 1333 3261 1406 χεῖράς
3295 1349 3416 1404 μου.

283 1427 373 1483 11.
407 1427 564 1484 Sicut
605 1430 762 1500 adipe
807 1440 860 1487 et
903 1432 1234 1502 pinguedine
1282 1435 1551 1505 repleatur
1601 1435 1764 1490 anim:

1971 1440 2052 1494 ll.
2090 1438 2177 1501 Ὠς
2225 1439 2288 1490 ὲκ
2335 1435 2556 1497 στέατος
2600 1433 2695 1486 κα)⁸
2745 1431 2997 1501 πιότητος
3047 1425 3452 1499 ὲμπλησθείηὴ

207 1535 330 1576 mea
357 1540 370 1575 ε

1930 1533 2030 1602 υχή
2067 1545 2188 1601 μου’
3405 1599 3409 1602 .

274 1614 361 1669 12.
390 1612 458 1668 Et
481 1614 644 1671 labiis
677 1617 1064 1675 exsultationis
1099 1620 1344 1676 laudabit
1373 1637 1438 1678 os
1467 1638 1676 1679 meum.

1969 1623 2047 1676 I2.
2080 1622 2188 1674 Καὶ
2225 1620 2378 1691 χείλη
2411 1617 2785 1685 ἀγαλλιάσεως
2809 1613 3012 1667 αἰνέσει
3041 1611 3100 1666 τὸ
3125 1611 3300 1682 στόμα
3331 1628 3450 1682 μου.

279 1707 366 1763 15.
401 1705 458 1762 Si
494 1723 707 1764 memor
752 1709 830 1764 lui
867 1711 943 1765 tui
985 1727 1152 1784 super
1199 1724 1429 1770 stratum
1464 1732 1680 1783 meum,
1725 1717 1760 1773 it

1969 1716 2042 1770 l5.
2080 1715 2142 1766 El
2175 1709 2578 1783 ὲμνημόνευσόν
2614 1726 2706 1762 σου
2747 1707 2840 1760 ἐπὶ
2880 1709 2980 1778 τῆς
3015 1707 3303 1778 στρωμνῆς
3335 1720 3450 1774 μου,

206 1799 491 1856 matutinis
519 1801 826 1858 meditabar
846 1804 900 1857 in
925 1814 997 1859 te.

1890 1811 1946 1862 ὲν
1968 1811 2082 1870 τοῖς
2116 1806 2332 1878 ὄρθροις
2362 1803 2632 1874 ἐμελέτων
2659 1803 2738 1865 εἰς
2768 1801 2826 1853 σέ
2845 1817 2858 1830 ·

277 1891 364 1944 ll.
397 1891 536 1958 Quia
565 1893 717 1949 fuisti
741 1896 962 1966 atljutor
989 1914 1142 1956 meus
1173 1923 1185 1956 :

1820 1883 1863 1938 Β
1965 1900 2053 1953 ll.
2093 1900 2216 1950 Ὅτι
2243 1895 2507 1966 ἐγενήθης
2543 1893 2736 1964 βοηθός
2773 1909 2903 1963 μου’
3213 1971 3217 1975 1

277 1982 366 2037 15.
401 1983 466 2038 Et
493 1985 545 2038 in
574 1987 880 2044 velamento
906 1991 1118 2046 alarum
1150 2003 1368 2050 tuarum
1405 1997 1712 2054 exsultabo.

1980 1993 2051 2047 l5.
2076 1991 2188 2044 Καὶ
2213 1993 2269 2045 ὲν
2312 1992 2378 2060 τῇ
2416 1987 2594 2059 σκέπῃ
2619 1986 2728 2038 τῶν
2765 1984 3054 2056 πτερύγων
3082 2000 3177 2036 σου
3207 1979 3461 2051 ἀγαλλιά-

1890 2105 2075 2158 σομαι.

280 2165 362 2221 16.
401 2167 639 2226 Adhaesit
672 2173 855 2228 anima
896 2190 1016 2230 mea
1062 2187 1185 2247 post
1215 2186 1266 2234 te
1296 2197 1310 2234 :

1961 2182 2050 2238 16.
2094 2176 2446 2248 Ἐκολλήθηὴ
2479 2173 2623 2244 ψυχή
2655 2187 2756 2242 μου
2775 2168 2948 2222 ὀπίσω
2982 2184 3075 2220 σου
3097 2184 3111 2198 ο

278 2257 370 2312 17.
402 2257 487 2314 Me
509 2269 693 2316 autem
725 2268 967 2336 suscepit
991 2268 1184 2324 dextra
1212 2279 1328 2325 tua.
1641 2261 1649 2268 ’

1641 2261 1649 2268 ⁸
1966 2275 2056 2329 17.
2103 2269 2268 2342 Ἐμοῦ
2302 2268 2357 2321 δὲ
2388 2263 2712 2321 ἀντελάϐετο
2741 2263 2774 2332 ἡ
2817 2260 2966 2326 δεξιά
2994 2276 3108 2312 σου.

281 2349 369 2405 18.
406 2349 515 2422 Ipsi
575 2369 706 2412 vero
768 2356 826 2412 in
882 2374 1082 2415 vanum
1151 2362 1488 2432 quaesierunt
1549 2365 1762 2422 animan

1961 2368 2047 2423 18.
2075 2365 2241 2420 Αὐτοὶ
2263 2363 2320 2416 δὲ
2348 2364 2429 2424 εἰς
2464 2356 2935 2431 μάτηκΐὲζήτησαν
2964 2351 3063 2424 τὴν
3089 2351 3270 2422 ψυχήν
3301 2364 3429 2420 μου·

207 2455 385 2496 meam
403 2460 428 2504 ,⁸

1328 2595 1703 2652 ATHANASll
1743 2589 2332 2661 INTERPRETATIQ.

208 2750 384 2800 ποντι,
422 2734 589 2789 θέλων
619 2737 943 2810 ἐπιστρέψαι
972 2741 1067 2796 καὶ
1094 2741 1269 2796 ἐλθεῖν
1292 2745 1385 2797 ἐπὶ
1407 2746 1470 2798 τὸ
1498 2746 1780 2818 βάπτισμα
1808 2790 1822 2814 ,
1859 2745 2022 2801 πάλιν
2048 2744 2187 2816 μετὰ
2221 2743 2301 2814 (1)
2332 2743 2616 2815 βάπτισμα
2641 2732 2998 2810 ἡμαρτηκὼς,
3027 2732 3122 2788 καὶ
3151 2730 3320 2785 θέλων
3375 2745 3465 2801 με·

207 2827 466 2899 τανοῆσαι
489 2828 634 2898 λέγει
668 2831 758 2884 τὸν
781 2831 998 2904 ψαλμὸν
1023 2837 1233 2890 τοῦτον.
1756 2854 1768 2863 ’

209 2918 515 2990 deﬁciente,
549 2938 672 2978 cum
701 2923 816 2979 vult
843 2927 1110 2993 converti,
1141 2937 1196 2983 et
1221 2929 1406 2984 venire
1435 2931 1500 2984 ad
1526 2931 1818 3001 baptisma,
1848 2939 1902 2986 et
1932 2944 2125 2985 rursus
2161 2936 2284 2998 post
2312 2925 2583 2997 baptisma
2621 2938 2744 2979 cum
2780 2918 3105 2992 peccaverit,
3135 2923 3190 2971 et
3211 2915 3326 2970 vult
3355 2929 3465 2984 να.»-

210 3015 493 3073 nitentiam
524 3034 707 3090 agere,
731 3021 865 3077 dicit
887 3023 1035 3079 hunc
1064 3024 1362 3094 psalmum.

276 3113 330 3166 2.
367 3113 707 3171 Desideravit
731 3125 782 3172 te
815 3118 996 3173 anima
1023 3135 1164 3175 mea.

1809 3125 1854 3187 C
1954 3123 2010 3176 2.
2045 3117 2391 3190 Ἐπεθύμησὲ
2421 3133 2480 3168 σε
2512 3115 2545 3186 ἡ
2573 3112 2718 3184 ψυχή
2754 3126 2877 3181 μου.

284 3202 339 3257 5.
382 3201 747 3274 Multipliciter
781 3208 1282 3266 innumerabiliter.

1268 3250 1282 3265 -
1957 3217 2012 3270 5.
2045 3213 2310 3283 Ποσαχῶς
2337 3206 2531 3280 ἀναριθ
2541 3206 2749 3278 μήτως.

281 3293 336 3349 4.
371 3294 641 3363 Quoniam
675 3312 935 3368 tanquam
978 3303 1114 3357 nihil
1163 3319 1286 3360 sum
1333 3319 1520 3360 coram
1555 3315 1607 3360 te
1647 3323 1661 3360 :
1709 3307 1762 3360 si

1987 3309 2014 3361 l.
2060 3308 2180 3359 Ὅτι
2223 3305 2299 3367 ὡς
2327 3301 2479 3356 οὐδέν
2535 3301 2648 3370 εἰμι
2683 3294 2912 3350 ἐνώπιόν
2947 3308 3073 3346 σου·
3123 3287 3311 3360 ἐπειδὴ
3351 3286 3468 3342 οὗτε

210 3385 433 3455 quidem
467 3402 647 3458 neque
679 3389 858 3458 radix,
888 3407 1064 3462 neque
1091 3393 1215 3461 llos,
1257 3410 1436 3466 neque
1468 3393 1676 3452 fructus

1763 3405 1790 3450 ιι
1896 3400 2043 3471 ῥίζα,
2072 3397 2194 3451 οὔτε
2230 3395 2411 3458 ἄνθος,
2444 3392 2568 3447 οὔτε
2593 3388 2804 3461 καρπός
2831 3389 2978 3439 ἐστιν
3010 3385 3067 3437 ὲν
3100 3381 3244 3454 ἐμοί.

211 3494 267 3532 ιη
302 3493 410 3535 me.

283 3571 337 3627 5.
374 3569 466 3628 Sic
484 3572 539 3628 in
568 3572 732 3629 domo
756 3585 946 3632 sancta
969 3585 1063 3633 tua
1094 3580 1300 3636 accessi
1323 3581 1391 3636 ad
1431 3591 1505 3637 te.

1982 3573 2016 3629 ἰ.
2054 3572 2240 3638 Οὕτως
2268 3575 2324 3626 ὲν
2351 3571 2430 3643 τῷ
2459 3571 2593 3642 οἴκῳ
2627 3568 2705 3641 (2)
2741 3565 2819 3637 τῷ
2847 3562 2988 3635 ἁγίῳ
3023 3579 3116 3615 σου
3162 3558 3463 3633 προσῆλθόν

1894 3685 1976 3722 σοι

286 3746 338 3801 6.
377 3745 444 3802 Ut
473 3748 745 3806 discerem
775 3755 1234 3810 resurrectionem
1294 3770 1444 3812 tuam
1495 3766 1550 3813 et
1580 3757 1764 3829 passio

1982 3758 2022 3812 Ξ.
2060 3756 2166 3811 Τοῦ
2199 3754 2388 3828 μαθεῖν
2414 3753 2513 3827 τὴν
2559 3749 2854 3808 ἀνάστασιν
2884 3749 2960 3818 (5)
3004 3765 3099 3801 σου
3141 3747 3237 3800 καὶ
3276 3746 3336 3798 τὸ
3367 3743 3463 3797 πά-

215 3853 339 3893 nem
365 3849 537 3896 tuam.

1896 3851 1988 3914 θος
2022 3867 2137 3905 σου.

288 3931 340 3987 7.
373 3932 648 3999 Quoniam
688 3936 862 3991 multo
905 3937 1097 3992 melior
1151 3949 1235 3994 est
1273 3939 1643 3996 misericordia
1703 3950 1769 3996 tu:

1987 3945 2020 3997 ἵ.
2048 3943 2171 3996 Ὅτι
2203 3940 2337 3995 πολὺ
2365 3939 2572 4010 βέλτιον
2602 3938 2661 3991 τὸ
2693 3936 2840 3999 ἔλεός
2884 3951 2975 3986 σου
3021 3931 3164 4004 ὑπὲρ
3197 3931 3297 4003 τὴν
3341 3933 3468 3986 ἀπό-

216 4039 378 4094 quam
410 4026 716 4096 voluptates
739 4037 790 4084 et
815 4028 1022 4086 divitiae
1052 4031 1216 4102 hujus
1236 4033 1444 4088 saaculi.

1895 4030 2106 4092 λαυσιν,
2133 4027 2227 4081 καὶ
2255 4026 2345 4081 τὸν
2370 4025 2599 4078 πλοῦτον
2627 4023 2721 4077 τοῦ
2758 4020 2952 4084 αἰῶνος
2986 4019 3194 4073 τούτου.

288 4115 341 4169 8.
375 4115 542 4172 Labia
562 4118 746 4174 cordis
769 4121 873 4176 mei
908 4121 1211 4178 laudabunt
1245 4133 1315 4178 te.

1968 4124 2023 4178 8.
2059 4121 2140 4175 Τὰ
2165 4120 2316 4192 χείλη
2343 4119 2444 4190 τῆς
2465 4117 2693 4189 καρδίας
2722 4133 2824 4188 μου
2847 4114 3222 4186 ἀνυμνήσουσί
3252 4131 3329 4167 σε.

292 4203 347 4259 9.
379 4203 629 4278 Semper.

1967 4215 2021 4270 9.
2055 4211 2375 4274 Διαπαντός.

294 4297 381 4352 10.
416 4298 645 4354 Intendo
679 4300 748 4355 ad
781 4310 833 4356 te
867 4315 963 4357 cor
989 4317 1195 4357 meum.

1973 4305 2061 4360 10.
2104 4304 2397 4358 Ἀνατείνω
2427 4302 2564 4374 πρὸς
2592 4303 2652 4356 σὲ
2683 4301 2782 4370 τὴν
2811 4299 3035 4370 καρδίαν
3071 4315 3193 4369 μου.

291 4389 379 4446 11.
411 4389 596 4447 Gratia
635 4401 746 4448 tua.

1973 4399 2061 4452 ll.
2093 4398 2170 4468 Τῇ
2199 4396 2382 4468 χάριτί
2411 4413 2502 4450 σου
2529 4395 2627 4466 (4).

291 4483 376 4540 12.
411 4483 588 4541 Corde
609 4488 918 4545 exsultante
953 4489 1199 4546 laudabit
1237 4500 1290 4547 te
1315 4507 1378 4548 os
1405 4509 1609 4551 meum.

1989 4490 2058 4544 l2.
2090 4490 2203 4558 Τῆς
2228 4487 2459 4559 καρδίας
2492 4484 2928 4556 ἀγαλλιωμένης,
2957 4481 3160 4535 αἰνέσει
3203 4481 3263 4534 τὸ
3299 4481 3470 4551 στόμα

1941 4601 2023 4637 Ου.

291 4658 378 4714 15.
411 4658 471 4716 Si
506 4662 808 4718 meminero
853 4666 930 4720 tui
975 4666 1028 4720 in
1069 4668 1252 4738 quiete
1295 4670 1494 4724 animae
1546 4687 1700 4740 mete,
1745 4674 1772 4728 ῑι

1991 4602 2023 4637 ›.

1991 4675 2058 4729 ι5.
2095 4673 2221 4727 Ἐὰν
2269 4667 2629 4742 μνημονεύσω
2661 4683 2754 4718 σου
2799 4665 2856 4717 ἐν
2885 4667 2950 4736 τῇ
2991 4664 3194 4735 ἡσυχίᾳ,
3238 4663 3340 4733 τῆς
3372 4662 3472 4733 ψυ.

219 4753 496 4811 mandatis
524 4756 634 4810 tuis
663 4755 988 4816 meditabor.

1901 4769 2002 4836 χῆς
2031 4782 2153 4836 μου,
2190 4766 2248 4818 ὲν
2274 4764 2388 4824 τοῖς
2417 4757 2805 4830 προστάγμασί
2839 4773 2933 4808 σου
2961 4755 3261 4827 μελετήσω.

294 4847 382 4902 ll.
412 4848 550 4915 Quia
587 4866 803 4921 semper
858 4852 912 4906 in
970 4854 1243 4910 mandatis
1289 4855 1401 4909 tuis
1449 4858 1775 4913 correborav

1990 4859 2065 4912 l-l.
2097 4859 2214 4911 Ὅτι
2246 4856 2334 4909 ἀεὶ
2366 4855 2424 4908 ὲν
2452 4856 2564 4918 τοῖς
2593 4850 2976 4924 προστάγμασι
3007 4867 3099 4902 σου
3134 4849 3471 4919 ἐνεδυνάμω-

220 4953 328 4996 me.

1906 4951 1976 5005 σὰ
1999 4967 2066 5022 με
2093 4949 2191 5020 (5).

295 5033 384 5089 l5.
413 5031 480 5088 Et
507 5025 802 5092 in‘duobus
823 5037 930 5094 tuis
955 5035 1320 5096 Testamentis
1347 5041 1654 5096 exsultabo.

1990 5043 2061 5097 [5.
2093 5042 2203 5095 Kal
2235 5042 2293 5092 ὲν
2314 5041 2437 5101 ταῖς
2463 5036 2582 5091 δυσί
2615 5052 2706 5088 σου
2732 5032 3028 5103 Διαθήκαις
3055 5031 3471 5105 ἀγαλλιάσομαι.

293 5126 381 5182 16.
415 5126 656 5200 Vestigia
680 5139 772 5186 tua
796 5141 1073 5201 sequetur.

1977 5136 2062 5190 16.
2094 5136 2220 5197 Τοῖς
2248 5131 2419 5203 ἴχνεσι
2450 5147 2544 5183 σου
2571 5125 2990 5196 ὲξακολουθήσει
3015 5123 3117 5196 (6).

297 5221 385 5278 17.
415 5221 495 5276 Tu
522 5235 705 5280 autem
733 5225 849 5295 ipse
877 5226 1154 5282 deduxisti
1187 5243 1273 5282 me
1296 5227 1519 5282 dextera
1550 5236 1660 5282 tua.

1980 5225 2066 5278 17.
2099 5223 2271 5286 Αὐτὸς
2299 5221 2356 5274 δὲ
2384 5219 2675 5292 ὡδήγησάς
2700 5233 2767 5288 με
2797 5217 2864 5286 τῇ
2885 5213 3042 5287 δεξιᾷ
3068 5231 3186 5272 σου.

293 5314 383 5372 18.
410 5313 718 5374 Daemones.

1979 5316 2065 5371 l8.
2099 5317 2161 5369 Οἱ
2183 5313 2455 5385 δαίμονες.

1174 5521 1483 5589 Addenda
1512 5528 1572 5586 et
1603 5521 1982 5602 corrigenda
2026 5536 2103 5582 ex
2133 5519 2276 5581 cod.
2312 5516 2515 5578 Vatic.

295 5677 372 5748 (l)
398 5677 556 5733 Μετὰ
586 5675 669 5740 τὸ,
707 5685 816 5732 etc.
964 5747 967 5748 ν
2221 5670 2449 5748 χάριτός
2473 5686 2588 5748 σου.

301 5740 376 5819 (2)
404 5748 554 5819 Ναῷ.
582 5748 753 5804 Paulo
785 5755 907 5818 post
939 5747 1089 5805 deest
1119 5765 1234 5802 σου.

1981 5740 2055 5819 (δ)
2097 5740 2538 5819 insanam“:
2572 5756 2663 5811 με.

304 5817 380 5890 (5)
425 5811 908 5888 Ἀνάπαυσίν,ἐι(;.

1981 5811 2057 5888 (‘5)
2099 5811 2585 5888 Ἐξακολουθήσω..
