3776 6280
231 207 337 265 89τ
1111 209 1201 269 DE
1238 210 1517 270 TITULIS
1548 214 2004 275 PSALMOBUM.
2035 246 2105 261 —-
2138 216 2336 275 PSAL.
2376 215 2561 278 LXIII.
3380 223 3487 282 898

303 323 389 378 l9.
422 323 845 380 Εἱσελεύσονταιε
866 325 948 390 εἰς
969 324 1041 381 τὰ
1060 327 1352 384 κατώτατα
1373 330 1477 403 τῆς
1511 332 1640 405 γῆς.

1536 332 1640 405 ⁸ἧς.
1826 339 1878 399 Δ
1977 334 2064 392 l9.
2097 334 2408 393 lnlroibunt
2432 336 2488 391 in
2518 333 2782 394 inferiora
2811 344 2972 395 terrae
2997 355 3027 410 ε,

296 415 387 470 20.
420 416 895 489 Παραδσθήσονται
914 419 997 484 είς
1024 422 1213 493 χεῖρας
1244 423 1522 496 ῥομφαίας
1542 441 1556 456 ·

1459 442 1522 489 ας
1542 441 1556 456 ·
1975 427 2068 484 20.
2101 426 2412 485 Tradentur
2435 429 2490 485 in
2521 445 2717 487 manus
2746 430 2910 502 gladii
2935 448 2950 486 :

205 514 208 516 ⁷
298 507 393 563 21.
421 508 659 581 Μερίδες
680 509 982 566 ἀλωπέκων
1006 511 1243 568 ἔσονται.

1973 520 2061 577 21.
2098 519 2290 578 Partes
2313 521 2563 593 vulpium
2591 529 2771 578 erunt.

233 640 244 650 .
295 600 388 655 22.
432 601 493 655 '0
517 602 575 656 δὲ
602 602 858 673 βασιλεὺς
885 605 1320 678 εὐφρανθήσεται
1344 608 1439 663 ἐπὶ
1465 608 1545 681 τῷ
1571 609 1691 682 Θεῷ
1715 628 1724 643 ·

1416 608 1439 663 ὶ
1465 608 1545 681 τῷ
1571 609 1691 682 Θεῷ
1715 628 1730 643 ⁸
1973 611 2060 666 22.
2090 610 2205 668 Rex
2230 629 2363 668 vero
2388 613 2662 669 laetabitur
2680 614 2736 668 in
2761 612 2907 669 Deo:

293 693 388 748 23.
432 690 884 766 Ἐπαινεθήσεται
912 698 1021 761 πᾶς
1042 698 1071 750 ό
1090 698 1306 769 ὀμνύων
1328 702 1386 754 ὲν
1408 701 1561 773 αὐτῷ
1576 717 1590 731 ⁸

1970 706 2061 762 23.
2092 707 2432 764 Laudabitur
2452 709 2634 765 omnis
2656 710 2749 780 qui
2785 710 2933 780 iurat
2957 709 3011 765 in
3038 725 3105 766 eo
3135 752 3150 766 .

295 783 385 837 24.
415 785 540 839 Ὅτι
565 786 845 859 ὲνεφράγη
882 788 1058 860 στόμα
1087 788 1389 847 λαλούντων
1420 791 1601 850 ἄδικα.

1986 800 2058 854 l4.
2095 800 2236 868 Quia
2282 801 2626 858 obstructum
2664 811 2747 859 est
2788 819 2851 858 os
2885 803 3221 875 loquentium
3266 801 3477 877 iniqua.

289 929 398 994 Εἰς
428 928 498 981 τὸ
538 926 740 997 τέλος,
784 930 1026 1001 ψαλμός
1063 931 1143 1000 τῷ
1179 931 1375 987 Δαϐίδ.
1412 935 1586 988 ΨΑΛ.
1613 932 1744 988 EI".

2020 934 2087 990 In
2112 937 2291 1007 ﬁnem,
2324 936 2562 1007 psalmus
2602 937 2794 1011 Dauid.
2828 938 3093 996 PSALM.
3121 939 3348 998 LXIII.

290 1039 342 1091 Ι.
381 1039 741 1106 Είσάκουσον,
775 1041 804 1093 ό
844 1040 997 1107 Θεὸς,
1028 1042 1128 1114 τῆς
1190 1041 1375 1113 φωνῆς
1434 1060 1558 1109 μου,
1610 1045 1668 1099 ὲν
1726 1041 1781 1113 si]

1985 1050 2023 1104 l.
2066 1049 2305 1118 Exaudi,
2336 1050 2481 1110 Deus
2503 1094 2520 1122 ,
2563 1070 2752 1112 vocem
2785 1070 2961 1111 meam
2982 1096 2999 1125 ,
3037 1071 3166 1113 cum
3207 1056 3476 1131 deprecor

223 1131 436 1187 δέεσθαί
474 1150 543 1204 με
574 1134 714 1206 πρὸς
754 1132 849 1188 σέ·
1255 1151 1270 1164 ⁸

598 1134 714 1206 πρὸς
754 1132 815 1188 σέ
835 1151 849 1164 ⁸
1255 1151 1270 1164 ⁸
1900 1145 1967 1198 ad
1997 1154 2046 1200 te
2073 1163 2089 1201 :

292 1227 348 1279 2.
377 1227 512 1279 Ἀπὸ
544 1226 708 1296 φόϐου
735 1227 930 1299 ἐχθροῦ
965 1228 1149 1299 ἐξέλοι)
1179 1229 1276 1301 τὴν
1309 1227 1488 1301 ψυχήν
1524 1246 1645 1300 μου.

1969 1238 2025 1299 2.
2058 1238 2103 1293 Α
2134 1238 2327 1297 timore
2358 1238 2562 1295 inimici
2593 1239 2741 1309 eripe
2761 1239 3003 1297 animam
3025 1256 3224 1299 meam.

289 1319 343 1372 3.
386 1318 671 1373 Σαιέπασόν
698 1338 765 1391 με
797 1321 908 1375 ἀπὸ
938 1322 1243 1394 συστροφῆς
1272 1322 1747 1395 πονηρευομένων,

1972 1332 2026 1386 5.
2066 1331 2293 1403 Protege
2319 1347 2407 1388 me
2440 1348 2471 1387 a
2507 1341 2774 1388 conventu
2814 1333 3258 1405 malignantium.

286 1412 342 1467 4.
358 1412 480 1466 Απὸ
505 1412 744 1484 πλήθους
774 1412 1155 1487 ἐργαζομένων
1180 1414 1413 1469 ἀδικίαν.

1971 1423 2024 1478 4.
2066 1423 2111 1477 A
2144 1424 2495 1479 multitudine
2524 1425 2865 1496 operantium
2898 1425 3265 1497 iniquitatem.

287 1506 342 1560 5.
384 1504 595 1568 Οἴτινες
617 1504 891 1578 ἠκόνησαν
912 1505 986 1571 ὡς
1009 1505 1281 1578 ῥομφαίαν
1305 1505 1404 1571 τὰς
1424 1505 1674 1576 γλώσσας
1697 1508 1778 1562 αὐ·

1972 1518 2023 1572 5.
2061 1517 2163 1585 Qui
2194 1528 2533 1574 exacuerunt
2558 1528 2615 1573 ut
2648 1519 2886 1590 gladium
2919 1519 3133 1590 linguas
3167 1535 3330 1587 suas,

215 1614 343 1662 των,

284 1689 339 1742 6.
369 1688 672 1743 Ἐνέτειναν
698 1688 851 1758 τόξον
882 1690 1080 1754 αὐτῶν,
1118 1693 1348 1764 πρᾶγμα
1375 1692 1591 1765 πικρὸν,

1839 1704 1871 1761 Β
1972 1695 2037 1750 6.
2066 1693 2425 1751 Intenderunt
2453 1711 2613 1751 suum
2650 1710 2870 1764 arcum,
2918 1711 3035 1753 rem
3065 1712 3330 1764 amaram,

284 1781 339 1842 7,
380 1781 489 1834 Τοῦ
516 1781 912 1847 κατατοξεῦσαι
944 1784 1002 1837 ὲν
1037 1784 1380 1857 ἀποκρύφοις
1408 1786 1637 1857 ἄμωμον
1656 1803 1669 1816 ⁸

1974 1786 2025 1841 7.
2062 1785 2133 1841 Ut
2166 1788 2421 1856 sagittent
2463 1787 2519 1842 in
2549 1788 2780 1843 occultis
2806 1788 3215 1845 immaculatum
3246 1808 3259 1845 :

281 1875 339 1929 8.
365 1874 627 1939 Ἐξάπινα
659 1875 1142 1943 κατατοξεύσουσιν
1172 1877 1356 1943 αὐτὸν,
1391 1878 1485 1932 καὶ
1526 1879 1587 1932 ού
1629 1878 1772 1949 φοϐη

1979 1879 2020 1935 Β.
2057 1879 2254 1934 Subito
2307 1878 2640 1951 sagittabun‘t
2667 1894 2824 1951 eum,
2857 1889 2911 1936 et
2939 1894 3047 1936 non
3079 1881 3342 1937 timebunt
3375 1880 3470 1953 [ti-

212 1958 472 2037 θήσονται
500 1965 938 2042 [φοϐηθήσεται.]

617 1966 938 2042 inmissum]
1897 1968 2108 2043 mebil].

278 2059 332 2113 9.
362 2060 770 2135 Ἐκρατειίωσαν
799 2064 1012 2126 ἑαυτοῖς
1035 2060 1191 2131 λόγον
1224 2062 1478 2133 πονηρόψ

1967 2062 2019 2117 9.
2052 2061 2440 2118 Firmaverunt
2467 2061 2571 2117 sibi
2600 2076 2908 2119 sermonem
2948 2078 3182 2135 nequam
3207 2080 3223 2120 :

284 2153 370 2212 10.
413 2159 751 2230 Διηγήσαντο
774 2156 869 2212 τοῦ
903 2156 1106 2230 κρύψαι
1137 2156 1358 2227 παγίδα.

1968 2149 2057 2204 10.
2085 2147 2459 2205 Narraverunt
2496 2158 2557 2205 ut
2599 2150 2997 2208 absconderem
3054 2153 3309 2225 laqueum
3345 2171 3360 2208 :
3441 2212 3448 2221 ,

286 2250 371 2303 Η.
413 2244 580 2302 Εἶπον
602 2264 617 2280 ⁸
646 2248 743 2312 Τίς
771 2246 959 2317 ὄψεται
991 2246 1222 2312 «orasc;

1969 2240 2058 2295 11.
2101 2240 2400 2296 Dixerunt:
2432 2239 2568 2308 Quis
2598 2240 2805 2297 Videbit
2828 2243 2963 2298 eos?

1338 2409 1717 2467 ATHANASII
1751 2407 2345 2497 lNTERPRETATIO.

282 2583 371 2637 49.
403 2581 499 2644 Εἰς
528 2576 598 2632 τὰ
618 2577 866 2651 τάρταρα
896 2574 998 2647 τῆς
1017 2573 1147 2646 γῆς’
1171 2572 1295 2629 ἐκεῖ
1317 2573 1492 2630 ἔσται
1516 2577 1550 2630 ό
1570 2574 1773 2629 κλαυθ-

1974 2570 2050 2626 l9.
2084 2568 2144 2624 ln
2187 2577 2390 2624 tartara
2434 2576 2593 2623 terra:
2634 2584 2648 2622 :
2686 2567 2762 2622 ibi
2807 2568 2907 2622 erit
2937 2569 3093 2637 ﬂetus
3167 2578 3220 2624 et
3269 2571 3465 2627 stridor

204 2676 319 2747 μὸς
331 2676 429 2730 καὶ
443 2671 717 2744 ,ϐρυγμὸς
730 2664 849 2725 τῶν
864 2667 1150 2724 ὀδόντων.

654 2671 717 2738 ὸς
730 2664 849 2725 τῶν
864 2667 1150 2724 ὀδόντων.
1888 2664 2145 2719 dentium.

275 2767 368 2823 20.
407 2768 501 2830 Είς
527 2763 750 2818 κόλασιν
786 2760 1028 2817 αἰώνιον.

1958 2755 2050 2811 20.
2084 2754 2142 2811 In
2170 2751 2501 2825 supplicium
2528 2759 2819 2807 aeternum.

274 2862 367 2916 21.
402 2858 524 2914 Τῶν
546 2854 839 2930 αἱρετικῶν
868 2855 961 2910 καὶ
994 2852 1102 2908 τῶν
1128 2851 1441 2927 ὑποκριτῶν
1459 2853 1508 2906 oi
1533 2851 1765 2922 δαίμονει

1972 2851 2046 2906 Η.
2078 2848 2473 2904 Haereticorum
2502 2853 2559 2902 et
2598 2844 3012 2917 bypocritarum
3036 2845 3311 2904 daemones
3333 2861 3463 2919 par-

208 2954 430 3029 μερίδες
452 2950 615 3007 εἰσίν.

1886 2954 1971 3000 tes
1995 2950 2142 2999 sunt.

273 3047 366 3102 22.
408 3045 469 3097 Ὃ
501 3040 696 3106 πιστὸς
721 3039 873 3104 λαός.

1955 3034 2046 3089 22.
2075 3031 2320 3103 Populus
2349 3029 2545 3088 ﬁdelis.

274 3139 367 3194 25.
399 3135 798 3208 Δοξασθήσεται
852 3133 882 3186 ό
922 3129 1193 3186 πιστεύων
1233 3127 1311 3200 τῷ
1360 3127 1580 3200 Κυρίῳ·
1621 3126 1765 3198 ὅρκοι

1971 3126 2045 3180 ιδ.
2074 3122 2482 3181 Gloriﬁcabitur
2528 3122 2756 3177 credens
2792 3122 3059 3189 Domino;
3091 3122 3462 3193 juramentum

203 3229 312 3303 γὰρ
340 3229 502 3298 λόγος
522 3223 884 3298 πιστούμενός
916 3225 1056 3279 ἔστι.

1885 3217 2032 3275 enim
2067 3226 2150 3273 est
2178 3230 2362 3272 sermo
2404 3215 2493 3271 cui
2531 3215 2665 3270 ﬁdes
2691 3215 2940 3270 habetur.

273 3323 365 3377 24.
403 3321 524 3379 Τῶν
553 3318 825 3391 δαιμόνων
846 3316 942 3371 καὶ
974 3315 1085 3375 τῶν
1106 3313 1428 3385 αἱρετικῶν.

1412 3352 1428 3368 .
1956 3309 2048 3365 24.
2080 3306 2397 3365 Daemonum
2421 3316 2475 3364 et
2494 3307 2898 3364 haereticorum.

284 3479 354 3535 Ἦ
384 3477 722 3553 προκειμένη
756 3472 1037 3549 ἐπιγραφὴ
1070 3471 1316 3547 περιέχει
1339 3469 1415 3543 (1)
1441 3487 1454 3503 ·
1490 3472 1597 3536 Εἰς
1618 3466 1883 3533 τὸτέλος
1903 3506 1919 3533 ,
1951 3465 2197 3535 ψαλμός
2237 3463 2319 3531 τῷ
2356 3464 2537 3521 Δαϐίδ
2556 3482 2574 3500 υ
2610 3466 2738 3537 περὶ
2776 3463 2884 3519 τῶν
2908 3466 3027 3520 ἐστὶ
3073 3466 3353 3539 συντελείᾳ
3386 3466 3467 3550 (2)

202 3572 311 3630 τῶν
337 3570 550 3627 αἰώνων
572 3568 844 3641 ἐσομένων
871 3569 900 3622 ό
927 3566 1143 3637 ψαλμὸς
1158 3565 1376 3634 λέγεται
1401 3562 1554 3637 παρὰ
1573 3562 1666 3618 τὸν
1688 3560 1895 3634 Κύριον
1928 3559 2019 3613 τὸν
2054 3556 2206 3632 [τῷ]
2234 3554 2399 3612 Δα6ίδ
2435 3556 2539 3628 (5).

274 3660 492 3716 Titulus
538 3656 864 3730 praepositus
908 3653 1197 3712 continet:
1253 3651 1317 3708 In
1350 3652 1546 3723 ﬁnem,
1578 3651 1813 3723 psalmus
1847 3647 2043 3705 David.
2094 3646 2171 3702 De
2215 3647 2285 3703 iis
2327 3662 2449 3717 quae
2485 3646 2673 3703 futura
2730 3657 2860 3704 sunt
2890 3648 2946 3704 in
2989 3652 3467 3712 consummatione

204 3754 535 3812 saeculorum
564 3749 808 3823 psalmus
835 3748 1041 3804 dicitur
1064 3747 1132 3803 ad
1164 3745 1460 3802 Dominum
1483 3760 1514 3801 a
1538 3744 1759 3801 Davide.

275 3848 328 3903 1.
352 3841 840 3918 Προσκαλούμενός
869 3841 947 3914 (4)
1012 3857 1077 3897 σε
1115 3840 1195 3904 εἰς
1238 3836 1495 3912 βοήθειαν
1534 3837 1766 3893 εἰσάκου-

1971 3834 2010 3891 I.
2040 3830 2307 3895 lnvocans
2339 3840 2395 3891 te
2422 3834 2481 3890 in
2500 3833 2871 3907 adiutorium,
2912 3839 3111 3896 exaudi
3158 3843 3462 3901 orationem

200 3958 293 3996 σον
316 3940 418 4010 τῆς
437 3938 676 4008 δεήσεως
707 3928 776 4007 ἦς
796 3932 1060 4005 προσάγω
1087 3948 1194 3985 σοι.

909 3932 1060 4002 σάγω
1087 3948 1194 3985 σοι.
1886 3943 2052 4000 quam
2080 3927 2179 3985 tibi
2212 3925 2400 3985 affero.

268 4031 325 4085 2.
367 4028 477 4082 Τοῦ
501 4025 772 4081 διαϐόλου.

1955 4021 2011 4077 2.
2045 4021 2274 4079 Diaboli.

269 4119 327 4173 5.
368 4115 488 4169 Τῶν
513 4113 843 4188 αίρετικῶν.’
1661 4105 1684 4133 ⁸

1661 4105 1684 4133 ⁸
1955 4113 2011 4169 5.
2052 4110 2465 4171 Ηωτθιὶοοι-υω.

269 4211 327 4266 4.
369 4208 488 4263 Τῶν
518 4206 809 4279 δαιμόνων.

1956 4209 2010 4263 4.
2048 4206 2392 4265 Daemonum.

269 4303 328 4358 5.
368 4303 432 4355 Οἱ
458 4300 712 4371 δαίμονες
740 4297 1076 4370 κατήρτισαν
1099 4296 1225 4359 τοὺς
1252 4293 1583 4367 αἱρετικούς.

1581 4338 1583 4345 ν
1959 4297 2016 4355 5.
2054 4296 2341 4354 Daemones
2367 4305 2744 4368 praepararunt
2767 4296 3072 4353 haereticos.

270 4393 327 4447 6.
368 4392 481 4444 Καὶ
510 4389 610 4461 τὴν
643 4385 988 4442 διδασκαλίαν
1012 4385 1109 4457 τῆς
1141 4382 1350 4454 πλάνης
1378 4381 1558 4439 αὐτῶν
1592 4380 1754 4435 ὲπλεό

1713 4381 1782 4435 εό-
1962 4386 2013 4442 6.
2048 4386 2117 4443 Et
2135 4388 2439 4445 doctrinam
2464 4388 2668 4444 erroris
2694 4403 2884 4444 eorum
2914 4398 3204 4444 auxerunt.

197 4503 388 4544 νασαν.

272 4579 327 4633 7.
367 4575 475 4631 Τοῦ
494 4576 718 4649 ῥήματα
740 4572 1038 4645 βλάσφημα
1050 4569 1231 4640 λέγειν
1248 4566 1392 4623 κατὰ
1412 4567 1501 4621 τὸν
1525 4565 1657 4620 Θεόν
1680 4564 1755 4637 (5)

1966 4561 2019 4620 7.
2052 4561 2135 4617 Ad
2164 4560 2393 4617 dicenda
2423 4561 2589 4617 verba
2624 4561 2940 4633 blasphema
2972 4571 3165 4621 contra
3196 4564 3386 4621 Deum.

269 4668 609 4740 8.⁹Ετοίμως
652 4667 868 4740 ῥήματα
923 4651 1178 4726 ἀσεϐείας
1224 4660 1444 4731 λέγουσι
1497 4658 1638 4713 κατὰ
1686 4658 1760 4713 τοί

1969 4654 2016 4710 Β.
2049 4653 2277 4711 Temere
2313 4654 2503 4711 dicunt
2522 4654 2686 4711 verba
2727 4654 3026 4727 impietatis
3051 4664 3240 4715 contra
3268 4657 3460 4726 Deum,

196 4761 360 4824 Θεοῦ.
395 4761 489 4816 καὶ
511 4761 571 4814 οὐ
603 4758 914 4830 φοϐοῦνται.

828 4774 914 4812 ται.
1888 4754 1943 4804 et
1970 4763 2076 4803 non
2107 4748 2319 4803 timent.

269 4854 326 4910 9.
366 4852 479 4917 Τὰς
514 4849 804 4926 ἐξηγήσεις
834 4847 1013 4901 αὐτῶν
1042 4844 1142 4910 τὰς
1164 4840 1491 4907 διαδολικάς.

1959 4840 2012 4896 9.
2051 4840 2358 4897 Diabolicas
2384 4853 2573 4896 eorum
2600 4841 2998 4900 enarrationes.

272 4943 365 5001 40.
404 4940 816 5014 Συνεγράψαντο
858 4936 1258 5006 πιθανολογίας,
1301 4934 1369 4991 δι’
1394 4927 1470 4989 ὧν
1523 4931 1763 5005 παγιδεύ·

1966 4934 2047 4991 ιο.
2084 4934 2547 5006 Conscripserunt
2584 4949 2868 4993 sermones
2896 4935 3304 5008 persuasibiles,
3337 4937 3457 5009 qui-

200 5053 357 5091 σουσι
377 5035 506 5098 τοὺς
531 5029 872 5106 ἀνθρώπους.

1889 5025 1992 5084 bus
2018 5025 2315 5097 illaqueant
2346 5027 2617 5085 homines.

274 5128 302 5183 1
317 5130 333 5181 l
348 5170 361 5183 .
380 5124 716 5196 Λογίζονται,
733 5122 907 5188 οὐδεὶς
918 5121 1137 5177 δύναται
1152 5122 1337 5185 αὐτοῖς
1347 5117 1662 5190 ἀντιστῆναι
1679 5117 1765 5190 (6).

1766 5154 1777 5171 .
1813 5139 1861 5198 ι)
1959 5118 2048 5176 11.
2082 5117 2362 5191 Cogitant,
2384 5120 2661 5177 neminem
2688 5134 2853 5193 posse
2877 5118 2959 5176 eis
2977 5118 3257 5179 resistere.

1154 5307 1464 5371 Addenda
1492 5313 1553 5370 et
1588 5302 1967 5383 corrigenda
2004 5320 2085 5365 ex
2117 5304 2259 5367 cod.
2301 5305 2508 5367 Vatic.

274 5472 355 5678 ξι)
396 5473 462 5557 Ἰξ
489 5472 580 5529 διὰ
599 5475 701 5547 τῆς
723 5476 1092 5550 κινναϐάρεως
1117 5494 1246 5549 περ.
1953 5475 2568 5678 ΣιξἭρςσκαλρυμένου.

298 5544 335 5598 2
382 5544 504 5599 Των
536 5540 630 5600 οὖν
658 5547 750 5601 ἐπὶ
782 5564 934 5603 συντ.
1978 5548 2011 5602 5
2072 5548 2178 5601 Του
2200 5547 2355 5601 Θεου,

303 5615 361 5678 5)
385 5614 546 5678 Παρὰ
569 5615 679 5672 τῶν
703 5617 843 5672 κατὰ
867 5619 959 5673 τὸν
980 5617 1144 5673 Δαϐὶδ
1174 5616 1409 5675 δικαίων.
1954 5618 2011 5678 (6
2051 5617 2379 5678 ’Δντιθῆναι.

298 5540 355 5603 2)
382 5544 504 5599 Τῶν
536 5540 630 5600 οὖν
656 5540 750 5601 ἐπὶ
782 5564 934 5603 συντ.
955 5540 967 5550 ’
1074 5540 1084 5542 ἡ
1192 5540 1205 5549 ’
1953 5540 2033 5603 (5)
2072 5540 2178 5601 Τοῦ
2200 5547 2355 5601 Θεοῦ,

303 5615 361 5687 5)
385 5614 546 5688 Παρὰ
569 5615 679 5672 τῶν
703 5617 843 5672 κατὰ
867 5619 959 5673 τὸν
980 5617 1144 5673 Δαϐὶδ
1174 5616 1409 5675 δικαίων.
1550 5682 1555 5685 _
1954 5614 2032 5689 (6)
2051 5617 2379 5689 ’Δντιθῆναι.

2012 5475 2033 5690 Ξ
