  <div class='ocr_page' id='page_1' title='image "/cluster/home/n/w/nwhite01/storage/ocr_20150623/27/hvd.32044014174452/480.png"; bbox 0 0 3776 6280; ppageno 0'>
   <div class='ocr_carea' id='block_1_1' title="bbox 251 231 3490 294">
    <p class='ocr_par' dir='ltr' id='par_1_1' title="bbox 251 231 3490 294">
     <span class='ocr_line' id='line_1_1' title="bbox 251 231 3490 294; baseline 0.002 -6"><span class='ocrx_word' id='word_1_1' title='bbox 251 231 347 289; x_wconf 83' lang='grc'><strong>901</strong></span> <span class='ocrx_word' id='word_1_2' title='bbox 1119 232 1210 287; x_wconf 86' lang='lat' dir='ltr'><strong>DE</strong></span> <span class='ocrx_word' id='word_1_3' title='bbox 1251 231 1524 289; x_wconf 83' lang='lat' dir='ltr'><strong>TITULIS</strong></span> <span class='ocrx_word' id='word_1_4' title='bbox 1559 233 2001 291; x_wconf 70' lang='lat' dir='ltr'><strong>PSALMORRM.</strong></span> <span class='ocrx_word' id='word_1_5' title='bbox 2034 267 2104 280; x_wconf 74' lang='grc' dir='ltr'><strong>σ-</strong></span> <span class='ocrx_word' id='word_1_6' title='bbox 2141 233 2306 291; x_wconf 82' lang='lat' dir='ltr'><strong>PSAI</strong></span> <span class='ocrx_word' id='word_1_7' title='bbox 2363 233 2548 292; x_wconf 80' lang='lat' dir='ltr'><strong>LXIV.</strong></span> <span class='ocrx_word' id='word_1_8' title='bbox 3385 237 3490 294; x_wconf 77' lang='lat'><strong>902</strong></span> 
     </span>
    </p>
   </div>
   <div class='ocr_carea' id='block_1_2' title="bbox 318 341 1809 422">
    <p class='ocr_par' dir='ltr' id='par_1_2' title="bbox 318 341 1710 422">
     <span class='ocr_line' id='line_1_2' title="bbox 318 341 1710 422; baseline 0.005 -25"><span class='ocrx_word' id='word_1_9' title='bbox 318 344 377 398; x_wconf 68' lang='lat'><strong>2.</strong></span> <span class='ocrx_word' id='word_1_10' title='bbox 416 343 528 396; x_wconf 77' lang='lat' dir='ltr'><strong>Kal</strong></span> <span class='ocrx_word' id='word_1_11' title='bbox 555 341 638 397; x_wconf 75' lang='lat' dir='ltr'><strong>col</strong></span> <span class='ocrx_word' id='word_1_12' title='bbox 661 343 1052 416; x_wconf 76' lang='grc' dir='ltr'><strong>ἀποδοθήσεται</strong></span> <span class='ocrx_word' id='word_1_13' title='bbox 1086 345 1218 419; x_wconf 79' lang='grc' dir='ltr'>εὐχὴ</span> <span class='ocrx_word' id='word_1_14' title='bbox 1251 348 1309 402; x_wconf 80' lang='grc' dir='ltr'><strong>ὲν</strong></span> <span class='ocrx_word' id='word_1_15' title='bbox 1341 348 1710 422; x_wconf 85' lang='grc' dir='ltr'>Ἰερουσαλήμ.</span> 
     </span>
    </p>
   </div>
   <div class='ocr_carea' id='block_1_3' title="bbox 1755 341 3246 422">
    <p class='ocr_par' dir='ltr' id='par_1_3' title="bbox 1851 348 3246 413">
     <span class='ocr_line' id='line_1_3' title="bbox 1851 348 3246 413; baseline 0 -7"><span class='ocrx_word' id='word_1_16' title='bbox 1851 359 1896 413; x_wconf 78' lang='grc' dir='ltr'>Α</span> <span class='ocrx_word' id='word_1_17' title='bbox 1991 351 2046 406; x_wconf 79' lang='grc'><strong>2.</strong></span> <span class='ocrx_word' id='word_1_18' title='bbox 2081 351 2145 405; x_wconf 86' lang='grc' dir='ltr'>Ει</span> <span class='ocrx_word' id='word_1_19' title='bbox 2173 351 2269 406; x_wconf 91' lang='lat' dir='ltr'><strong>tibi</strong></span> <span class='ocrx_word' id='word_1_20' title='bbox 2293 351 2546 407; x_wconf 79' lang='lat' dir='ltr'><strong>reddetur</strong></span> <span class='ocrx_word' id='word_1_21' title='bbox 2569 357 2754 404; x_wconf 88' lang='lat' dir='ltr'><strong>votum</strong></span> <span class='ocrx_word' id='word_1_22' title='bbox 2791 348 2848 405; x_wconf 88' lang='lat' dir='ltr'><strong>in</strong></span> <span class='ocrx_word' id='word_1_23' title='bbox 2883 349 3246 408; x_wconf 82' lang='lat' dir='ltr'><strong>Hierusalem.</strong></span> 
     </span>
    </p>
   </div>
   <div class='ocr_carea' id='block_1_4' title="bbox 319 433 1810 515">
    <p class='ocr_par' dir='ltr' id='par_1_4' title="bbox 319 433 1810 515">
     <span class='ocr_line' id='line_1_4' title="bbox 319 433 1810 515; baseline 0.005 -26"><span class='ocrx_word' id='word_1_24' title='bbox 319 433 379 489; x_wconf 73' lang='grc' dir='ltr'><strong>Ζ.</strong></span> <span class='ocrx_word' id='word_1_25' title='bbox 413 434 748 490; x_wconf 83' lang='grc' dir='ltr'>Είσάκουσον</span> <span class='ocrx_word' id='word_1_26' title='bbox 775 436 1085 508; x_wconf 81' lang='grc' dir='ltr'><strong>προσευχῆς</strong></span> <span class='ocrx_word' id='word_1_27' title='bbox 1112 454 1234 508; x_wconf 86' lang='grc' dir='ltr'>μου,</span> <span class='ocrx_word' id='word_1_28' title='bbox 1261 439 1396 512; x_wconf 81' lang='grc' dir='ltr'>πρὸς</span> <span class='ocrx_word' id='word_1_29' title='bbox 1426 441 1486 494; x_wconf 85' lang='grc' dir='ltr'>σὲ</span> <span class='ocrx_word' id='word_1_30' title='bbox 1515 441 1664 496; x_wconf 77' lang='grc' dir='ltr'>πᾶσα</span> <span class='ocrx_word' id='word_1_31' title='bbox 1689 441 1810 515; x_wconf 76' lang='grc' dir='ltr'>σὰρξ</span> 
     </span>
    </p>
   </div>
   <div class='ocr_carea' id='block_1_5' title="bbox 1993 433 3484 515">
    <p class='ocr_par' dir='ltr' id='par_1_5' title="bbox 1993 443 3484 510">
     <span class='ocr_line' id='line_1_5' title="bbox 1993 443 3484 510; baseline 0.001 -11"><span class='ocrx_word' id='word_1_32' title='bbox 1993 443 2048 499; x_wconf 79' lang='grc'><strong>5.</strong></span> <span class='ocrx_word' id='word_1_33' title='bbox 2086 443 2291 501; x_wconf 78' lang='lat' dir='ltr'><strong>Exaudi</strong></span> <span class='ocrx_word' id='word_1_34' title='bbox 2341 444 2644 500; x_wconf 87' lang='lat' dir='ltr'><strong>orationem</strong></span> <span class='ocrx_word' id='word_1_35' title='bbox 2695 457 2910 510; x_wconf 83' lang='lat' dir='ltr'><strong>meam,</strong></span> <span class='ocrx_word' id='word_1_36' title='bbox 2955 444 3024 500; x_wconf 90' lang='lat' dir='ltr'><strong>ad</strong></span> <span class='ocrx_word' id='word_1_37' title='bbox 3063 453 3117 500; x_wconf 89' lang='lat' dir='ltr'><strong>te</strong></span> <span class='ocrx_word' id='word_1_38' title='bbox 3154 443 3334 500; x_wconf 88' lang='lat' dir='ltr'><strong>omnis</strong></span> <span class='ocrx_word' id='word_1_39' title='bbox 3361 459 3484 501; x_wconf 87' lang='lat' dir='ltr'><strong>caro</strong></span> 
     </span>
    </p>
   </div>
   <div class='ocr_carea' id='block_1_6' title="bbox 247 527 1738 598">
    <p class='ocr_par' dir='ltr' id='par_1_6' title="bbox 247 527 390 598">
     <span class='ocr_line' id='line_1_6' title="bbox 247 527 390 598; baseline -0.007 -18"><span class='ocrx_word' id='word_1_40' title='bbox 247 527 390 598; x_wconf 70' lang='grc' dir='ltr'>ἥξει.</span> 
     </span>
    </p>
   </div>
   <div class='ocr_carea' id='block_1_7' title="bbox 627 527 2118 598">
    <p class='ocr_par' dir='ltr' id='par_1_7' title="bbox 1921 537 2118 592">
     <span class='ocr_line' id='line_1_7' title="bbox 1921 537 2118 592; baseline 0 -2"><span class='ocrx_word' id='word_1_41' title='bbox 1921 537 2118 592; x_wconf 79' lang='lat' dir='ltr'><strong>veniet.</strong></span> 
     </span>
    </p>
   </div>
   <div class='ocr_carea' id='block_1_8' title="bbox 315 619 1806 699">
    <p class='ocr_par' dir='ltr' id='par_1_8' title="bbox 315 619 1534 696">
     <span class='ocr_line' id='line_1_8' title="bbox 315 619 1534 696; baseline 0.005 -22"><span class='ocrx_word' id='word_1_42' title='bbox 315 619 371 674; x_wconf 70' lang='lat'><strong>4.</strong></span> <span class='ocrx_word' id='word_1_43' title='bbox 412 619 575 689; x_wconf 81' lang='grc' dir='ltr'><strong>Λόγοι</strong></span> <span class='ocrx_word' id='word_1_44' title='bbox 601 621 817 692; x_wconf 84' lang='grc' dir='ltr'><strong>ἀνόμων</strong></span> <span class='ocrx_word' id='word_1_45' title='bbox 850 621 1341 694; x_wconf 85' lang='grc' dir='ltr'>ὑπερεδυνάμωσαν</span> <span class='ocrx_word' id='word_1_46' title='bbox 1367 625 1534 696; x_wconf 75' lang='grc' dir='ltr'>ἡμᾶς.</span> 
     </span>
    </p>
   </div>
   <div class='ocr_carea' id='block_1_9' title="bbox 1896 619 3387 699">
    <p class='ocr_par' dir='ltr' id='par_1_9' title="bbox 1991 623 3387 699">
     <span class='ocr_line' id='line_1_9' title="bbox 1991 623 3387 699; baseline 0.004 -21"><span class='ocrx_word' id='word_1_47' title='bbox 1991 623 2047 678; x_wconf 73' lang='grc'><strong>4.</strong></span> <span class='ocrx_word' id='word_1_48' title='bbox 2083 623 2259 681; x_wconf 81' lang='lat' dir='ltr'><strong>Verba</strong></span> <span class='ocrx_word' id='word_1_49' title='bbox 2289 625 2600 696; x_wconf 89' lang='lat' dir='ltr'><strong>iniquorum</strong></span> <span class='ocrx_word' id='word_1_50' title='bbox 2632 627 3030 699; x_wconf 68' lang='lat' dir='ltr'><strong>praevaluerunt</strong></span> <span class='ocrx_word' id='word_1_51' title='bbox 3054 641 3218 696; x_wconf 85' lang='lat' dir='ltr'><strong>super</strong></span> <span class='ocrx_word' id='word_1_52' title='bbox 3245 641 3346 683; x_wconf 91' lang='lat' dir='ltr'><strong>nos</strong></span> <span class='ocrx_word' id='word_1_53' title='bbox 3375 644 3387 682; x_wconf 92' lang='lat'><strong>:</strong></span> 
     </span>
    </p>
   </div>
   <div class='ocr_carea' id='block_1_10' title="bbox 315 711 1806 790">
    <p class='ocr_par' dir='ltr' id='par_1_10' title="bbox 315 711 1470 790">
     <span class='ocr_line' id='line_1_10' title="bbox 315 711 1470 790; baseline 0.005 -25"><span class='ocrx_word' id='word_1_54' title='bbox 315 711 374 765; x_wconf 82' lang='lat'><strong>5.</strong></span> <span class='ocrx_word' id='word_1_55' title='bbox 412 711 524 764; x_wconf 79' lang='lat' dir='ltr'><strong>Kal</strong></span> <span class='ocrx_word' id='word_1_56' title='bbox 550 713 667 776; x_wconf 87' lang='grc' dir='ltr'>ταῖς</span> <span class='ocrx_word' id='word_1_57' title='bbox 695 712 971 776; x_wconf 77' lang='grc' dir='ltr'>ἀσεϐείαις</span> <span class='ocrx_word' id='word_1_58' title='bbox 999 714 1155 786; x_wconf 81' lang='grc' dir='ltr'>ἡμῶν</span> <span class='ocrx_word' id='word_1_59' title='bbox 1191 716 1254 768; x_wconf 83' lang='grc' dir='ltr'>σὺ</span> <span class='ocrx_word' id='word_1_60' title='bbox 1291 716 1470 790; x_wconf 81' lang='grc' dir='ltr'>ἱλάσῃ.</span> 
     </span>
    </p>
   </div>
   <div class='ocr_carea' id='block_1_11' title="bbox 1784 711 3275 790">
    <p class='ocr_par' dir='ltr' id='par_1_11' title="bbox 1993 715 3275 789">
     <span class='ocr_line' id='line_1_11' title="bbox 1993 715 3275 789; baseline 0.003 -18"><span class='ocrx_word' id='word_1_61' title='bbox 1993 715 2042 771; x_wconf 87' lang='lat'><strong>5.</strong></span> <span class='ocrx_word' id='word_1_62' title='bbox 2080 715 2145 770; x_wconf 85' lang='lat' dir='ltr'><strong>Et</strong></span> <span class='ocrx_word' id='word_1_63' title='bbox 2173 717 2538 786; x_wconf 89' lang='lat' dir='ltr'><strong>impietatibus</strong></span> <span class='ocrx_word' id='word_1_64' title='bbox 2563 719 2766 775; x_wconf 76' lang='lat' dir='ltr'><strong>nostris</strong></span> <span class='ocrx_word' id='word_1_65' title='bbox 2792 727 2850 774; x_wconf 90' lang='lat' dir='ltr'><strong>tu</strong></span> <span class='ocrx_word' id='word_1_66' title='bbox 2873 717 3275 789; x_wconf 85' lang='lat' dir='ltr'><strong>propitiaberis.</strong></span> 
     </span>
    </p>
   </div>
   <div class='ocr_carea' id='block_1_12' title="bbox 317 801 1808 882">
    <p class='ocr_par' dir='ltr' id='par_1_12' title="bbox 317 801 1606 880">
     <span class='ocr_line' id='line_1_12' title="bbox 317 801 1606 880; baseline 0.006 -25"><span class='ocrx_word' id='word_1_67' title='bbox 317 801 372 855; x_wconf 84' lang='lat'><strong>6.</strong></span> <span class='ocrx_word' id='word_1_68' title='bbox 414 803 722 874; x_wconf 83' lang='grc' dir='ltr'><strong>Μακάριος,</strong></span> <span class='ocrx_word' id='word_1_69' title='bbox 753 802 811 858; x_wconf 81' lang='grc' dir='ltr'><strong>ὃν</strong></span> <span class='ocrx_word' id='word_1_70' title='bbox 837 804 1084 872; x_wconf 76' lang='grc' dir='ltr'><strong>ἐξελέξω,</strong></span> <span class='ocrx_word' id='word_1_71' title='bbox 1114 808 1208 861; x_wconf 68' lang='grc' dir='ltr'><strong>κα)⁸</strong></span> <span class='ocrx_word' id='word_1_72' title='bbox 1239 809 1575 880; x_wconf 78' lang='grc' dir='ltr'>προσέλαὸου</span> <span class='ocrx_word' id='word_1_73' title='bbox 1594 824 1606 842; x_wconf 87' lang='grc'><strong>·</strong></span> 
     </span>
    </p>
   </div>
   <div class='ocr_carea' id='block_1_13' title="bbox 1727 801 3218 882">
    <p class='ocr_par' dir='ltr' id='par_1_13' title="bbox 1992 807 3218 882">
     <span class='ocr_line' id='line_1_13' title="bbox 1992 807 3218 882; baseline 0.004 -21"><span class='ocrx_word' id='word_1_74' title='bbox 1992 807 2044 862; x_wconf 88' lang='grc'><strong>6.</strong></span> <span class='ocrx_word' id='word_1_75' title='bbox 2080 807 2298 876; x_wconf 91' lang='lat' dir='ltr'><strong>Beatus,</strong></span> <span class='ocrx_word' id='word_1_76' title='bbox 2329 825 2491 880; x_wconf 86' lang='lat' dir='ltr'><strong>quem</strong></span> <span class='ocrx_word' id='word_1_77' title='bbox 2523 811 2733 881; x_wconf 77' lang='lat' dir='ltr'><strong>elegisti</strong></span> <span class='ocrx_word' id='word_1_78' title='bbox 2758 821 2808 866; x_wconf 91' lang='lat' dir='ltr'><strong>ct</strong></span> <span class='ocrx_word' id='word_1_79' title='bbox 2832 810 3178 882; x_wconf 87' lang='lat' dir='ltr'><strong>assumpsisti</strong></span> <span class='ocrx_word' id='word_1_80' title='bbox 3204 828 3218 866; x_wconf 91' lang='lat'><strong>:</strong></span> 
     </span>
    </p>
   </div>
   <div class='ocr_carea' id='block_1_14' title="bbox 317 890 1808 963">
    <p class='ocr_par' dir='ltr' id='par_1_14' title="bbox 317 890 1448 963">
     <span class='ocr_line' id='line_1_14' title="bbox 317 890 1448 963; baseline 0.008 -20"><span class='ocrx_word' id='word_1_81' title='bbox 317 890 370 943; x_wconf 87' lang='lat'><strong>7.</strong></span> <span class='ocrx_word' id='word_1_82' title='bbox 408 893 838 963; x_wconf 84' lang='grc' dir='ltr'>Κατασκηνώσει</span> <span class='ocrx_word' id='word_1_83' title='bbox 869 895 925 948; x_wconf 83' lang='grc' dir='ltr'><strong>ὲν</strong></span> <span class='ocrx_word' id='word_1_84' title='bbox 956 898 1077 959; x_wconf 82' lang='grc' dir='ltr'>ταῖς</span> <span class='ocrx_word' id='word_1_85' title='bbox 1109 896 1300 961; x_wconf 81' lang='grc' dir='ltr'><strong>αὐλαῖς</strong></span> <span class='ocrx_word' id='word_1_86' title='bbox 1333 915 1448 952; x_wconf 89' lang='grc' dir='ltr'>σου.</span> 
     </span>
    </p>
   </div>
   <div class='ocr_carea' id='block_1_15' title="bbox 1335 890 2826 963">
    <p class='ocr_par' dir='ltr' id='par_1_15' title="bbox 1335 901 2826 962">
     <span class='ocr_line' id='line_1_15' title="bbox 1335 901 2826 962; baseline 0.007 -11"><span class='ocrx_word' id='word_1_87' title='bbox 1335 915 1448 952; x_wconf 88' lang='grc' dir='ltr'>σου.</span> <span class='ocrx_word' id='word_1_88' title='bbox 1993 901 2043 956; x_wconf 92' lang='grc'><strong>7.</strong></span> <span class='ocrx_word' id='word_1_89' title='bbox 2074 903 2402 959; x_wconf 85' lang='lat' dir='ltr'><strong>Inhabitabit</strong></span> <span class='ocrx_word' id='word_1_90' title='bbox 2430 905 2485 960; x_wconf 90' lang='lat' dir='ltr'><strong>in</strong></span> <span class='ocrx_word' id='word_1_91' title='bbox 2517 907 2671 961; x_wconf 86' lang='lat' dir='ltr'><strong>atriis</strong></span> <span class='ocrx_word' id='word_1_92' title='bbox 2698 907 2826 962; x_wconf 91' lang='lat' dir='ltr'><strong>tuis.</strong></span> 
     </span>
    </p>
   </div>
   <div class='ocr_carea' id='block_1_16' title="bbox 316 981 1807 1066">
    <p class='ocr_par' dir='ltr' id='par_1_16' title="bbox 316 981 1766 1058">
     <span class='ocr_line' id='line_1_16' title="bbox 316 981 1766 1058; baseline 0.008 -23"><span class='ocrx_word' id='word_1_93' title='bbox 316 981 373 1036; x_wconf 91' lang='lat'><strong>8.</strong></span> <span class='ocrx_word' id='word_1_94' title='bbox 414 982 851 1056; x_wconf 85' lang='grc' dir='ltr'>Πλησθησόμεθα</span> <span class='ocrx_word' id='word_1_95' title='bbox 875 986 933 1039; x_wconf 78' lang='grc' dir='ltr'>ἐν</span> <span class='ocrx_word' id='word_1_96' title='bbox 956 989 1070 1051; x_wconf 85' lang='grc' dir='ltr'>τοῖς</span> <span class='ocrx_word' id='word_1_97' title='bbox 1095 988 1317 1058; x_wconf 79' lang='grc' dir='ltr'><strong>ἀγαθοῖς</strong></span> <span class='ocrx_word' id='word_1_98' title='bbox 1344 989 1438 1044; x_wconf 80' lang='grc' dir='ltr'>τοῦ</span> <span class='ocrx_word' id='word_1_99' title='bbox 1464 992 1612 1045; x_wconf 83' lang='grc' dir='ltr'>οῐκου</span> <span class='ocrx_word' id='word_1_100' title='bbox 1639 1009 1731 1046; x_wconf 90' lang='grc' dir='ltr'><strong>σου</strong></span> <span class='ocrx_word' id='word_1_101' title='bbox 1752 1010 1766 1023; x_wconf 76' lang='grc'><em>’</em></span> 
     </span>
    </p>
   </div>
   <div class='ocr_carea' id='block_1_17' title="bbox 1608 981 3099 1066">
    <p class='ocr_par' dir='ltr' id='par_1_17' title="bbox 1608 992 3099 1066">
     <span class='ocr_line' id='line_1_17' title="bbox 1608 992 3099 1066; baseline 0.005 -21"><span class='ocrx_word' id='word_1_102' title='bbox 1608 1011 1612 1039; x_wconf 67' lang='grc' dir='ltr'><strong>ι</strong></span> <span class='ocrx_word' id='word_1_103' title='bbox 1639 1009 1731 1046; x_wconf 90' lang='grc' dir='ltr'><strong>σου</strong></span> <span class='ocrx_word' id='word_1_104' title='bbox 1752 1010 1766 1023; x_wconf 83' lang='lat'><strong>-</strong></span> <span class='ocrx_word' id='word_1_105' title='bbox 1988 993 2038 1048; x_wconf 90' lang='lat'><strong>8.</strong></span> <span class='ocrx_word' id='word_1_106' title='bbox 2077 992 2430 1066; x_wconf 81' lang='lat' dir='ltr'><strong>Replebimur</strong></span> <span class='ocrx_word' id='word_1_107' title='bbox 2459 1001 2514 1051; x_wconf 88' lang='lat' dir='ltr'><strong>in</strong></span> <span class='ocrx_word' id='word_1_108' title='bbox 2544 997 2705 1052; x_wconf 86' lang='lat' dir='ltr'><strong>bonis</strong></span> <span class='ocrx_word' id='word_1_109' title='bbox 2732 999 2930 1053; x_wconf 84' lang='lat' dir='ltr'><strong>domus</strong></span> <span class='ocrx_word' id='word_1_110' title='bbox 2954 1005 3099 1052; x_wconf 65' lang='lat' dir='ltr'><strong>ture:</strong></span> 
     </span>
    </p>
   </div>
   <div class='ocr_carea' id='block_1_18' title="bbox 313 1072 1804 1158">
    <p class='ocr_par' dir='ltr' id='par_1_18' title="bbox 313 1072 1712 1156">
     <span class='ocr_line' id='line_1_18' title="bbox 313 1072 1712 1156; baseline 0.007 -28"><span class='ocrx_word' id='word_1_111' title='bbox 313 1072 370 1128; x_wconf 90' lang='lat'><strong>9.</strong></span> <span class='ocrx_word' id='word_1_112' title='bbox 389 1073 579 1142; x_wconf 80' lang='grc' dir='ltr'>Ἀγιος</span> <span class='ocrx_word' id='word_1_113' title='bbox 611 1077 639 1129; x_wconf 84' lang='grc' dir='ltr'>ὁ</span> <span class='ocrx_word' id='word_1_114' title='bbox 663 1077 790 1140; x_wconf 86' lang='grc' dir='ltr'>ναός</span> <span class='ocrx_word' id='word_1_115' title='bbox 812 1093 930 1143; x_wconf 84' lang='grc' dir='ltr'>σου,</span> <span class='ocrx_word' id='word_1_116' title='bbox 962 1077 1269 1150; x_wconf 83' lang='grc' dir='ltr'>θαυμαστὸς</span> <span class='ocrx_word' id='word_1_117' title='bbox 1301 1083 1359 1136; x_wconf 82' lang='grc' dir='ltr'><strong>ὲν</strong></span> <span class='ocrx_word' id='word_1_118' title='bbox 1382 1081 1712 1156; x_wconf 82' lang='grc' dir='ltr'><strong>δικαιοσύνῃ.</strong></span> 
     </span>
    </p>
   </div>
   <div class='ocr_carea' id='block_1_19' title="bbox 1994 1072 3485 1158">
    <p class='ocr_par' dir='ltr' id='par_1_19' title="bbox 1994 1085 3485 1158">
     <span class='ocr_line' id='line_1_19' title="bbox 1994 1085 3485 1158; baseline 0.001 -17"><span class='ocrx_word' id='word_1_119' title='bbox 1994 1085 2042 1142; x_wconf 88' lang='lat'><strong>9.</strong></span> <span class='ocrx_word' id='word_1_120' title='bbox 2084 1085 2345 1142; x_wconf 77' lang='lat' dir='ltr'><strong>Sanctum</strong></span> <span class='ocrx_word' id='word_1_121' title='bbox 2380 1089 2640 1158; x_wconf 87' lang='lat' dir='ltr'><strong>templum</strong></span> <span class='ocrx_word' id='word_1_122' title='bbox 2663 1098 2837 1154; x_wconf 89' lang='lat' dir='ltr'><strong>tuum,</strong></span> <span class='ocrx_word' id='word_1_123' title='bbox 2865 1087 3113 1142; x_wconf 86' lang='lat' dir='ltr'><strong>mirabile</strong></span> <span class='ocrx_word' id='word_1_124' title='bbox 3135 1086 3189 1141; x_wconf 88' lang='lat' dir='ltr'><strong>in</strong></span> <span class='ocrx_word' id='word_1_125' title='bbox 3213 1085 3485 1158; x_wconf 73' lang='lat' dir='ltr'><strong>aequitate.</strong></span> 
     </span>
    </p>
   </div>
   <div class='ocr_carea' id='block_1_20' title="bbox 317 1165 1808 1249">
    <p class='ocr_par' dir='ltr' id='par_1_20' title="bbox 317 1165 1658 1247">
     <span class='ocr_line' id='line_1_20' title="bbox 317 1165 1658 1247; baseline 0.007 -27"><span class='ocrx_word' id='word_1_126' title='bbox 317 1165 405 1220; x_wconf 88' lang='lat'><strong>10.</strong></span> <span class='ocrx_word' id='word_1_127' title='bbox 432 1168 768 1224; x_wconf 84' lang='grc' dir='ltr'>Ἐπάκουσον</span> <span class='ocrx_word' id='word_1_128' title='bbox 789 1168 968 1241; x_wconf 84' lang='grc' dir='ltr'>ήμῶν,</span> <span class='ocrx_word' id='word_1_129' title='bbox 998 1172 1027 1223; x_wconf 86' lang='grc' dir='ltr'>ὀ</span> <span class='ocrx_word' id='word_1_130' title='bbox 1053 1171 1186 1236; x_wconf 83' lang='grc' dir='ltr'><strong>Θεὸς</strong></span> <span class='ocrx_word' id='word_1_131' title='bbox 1210 1175 1238 1226; x_wconf 84' lang='grc' dir='ltr'><strong>ὁ</strong></span> <span class='ocrx_word' id='word_1_132' title='bbox 1263 1175 1454 1247; x_wconf 79' lang='grc' dir='ltr'>Σωτὴρ</span> <span class='ocrx_word' id='word_1_133' title='bbox 1479 1175 1658 1247; x_wconf 79' lang='grc' dir='ltr'><strong>ἡμῶν,</strong></span> 
     </span>
    </p>
   </div>
   <div class='ocr_carea' id='block_1_21' title="bbox 1676 1165 3167 1249">
    <p class='ocr_par' dir='ltr' id='par_1_21' title="bbox 1992 1179 3167 1249">
     <span class='ocr_line' id='line_1_21' title="bbox 1992 1179 3167 1249; baseline 0.002 -17"><span class='ocrx_word' id='word_1_134' title='bbox 1992 1179 2078 1235; x_wconf 89' lang='grc'><strong>10.</strong></span> <span class='ocrx_word' id='word_1_135' title='bbox 2118 1179 2322 1235; x_wconf 80' lang='lat' dir='ltr'><strong>Exaudi</strong></span> <span class='ocrx_word' id='word_1_136' title='bbox 2348 1197 2482 1249; x_wconf 83' lang='lat' dir='ltr'><strong>nos,</strong></span> <span class='ocrx_word' id='word_1_137' title='bbox 2521 1183 2660 1236; x_wconf 88' lang='lat' dir='ltr'><strong>Deus</strong></span> <span class='ocrx_word' id='word_1_138' title='bbox 2691 1181 2937 1236; x_wconf 81' lang='lat' dir='ltr'><strong>Salvator</strong></span> <span class='ocrx_word' id='word_1_139' title='bbox 2963 1189 3167 1247; x_wconf 87' lang='lat' dir='ltr'><strong>noster,</strong></span> 
     </span>
    </p>
   </div>
   <div class='ocr_carea' id='block_1_22' title="bbox 317 1257 1808 1342">
    <p class='ocr_par' dir='ltr' id='par_1_22' title="bbox 317 1257 1808 1338">
     <span class='ocr_line' id='line_1_22' title="bbox 317 1257 1808 1338; baseline 0.007 -27"><span class='ocrx_word' id='word_1_140' title='bbox 317 1257 404 1312; x_wconf 93' lang='lat'><strong>11.</strong></span> <span class='ocrx_word' id='word_1_141' title='bbox 431 1259 495 1311; x_wconf 82' lang='grc' dir='ltr'><em>Ἡ</em></span> <span class='ocrx_word' id='word_1_142' title='bbox 529 1259 683 1323; x_wconf 71' lang='grc' dir='ltr'>ἐλπὶς</span> <span class='ocrx_word' id='word_1_143' title='bbox 710 1260 927 1316; x_wconf 87' lang='grc' dir='ltr'>πάντων</span> <span class='ocrx_word' id='word_1_144' title='bbox 947 1261 1053 1316; x_wconf 85' lang='grc' dir='ltr'>τῶν</span> <span class='ocrx_word' id='word_1_145' title='bbox 1074 1263 1327 1336; x_wconf 83' lang='grc' dir='ltr'><strong>περάτων</strong></span> <span class='ocrx_word' id='word_1_146' title='bbox 1345 1265 1444 1338; x_wconf 85' lang='grc' dir='ltr'>τῆς</span> <span class='ocrx_word' id='word_1_147' title='bbox 1462 1269 1566 1338; x_wconf 79' lang='grc' dir='ltr'>γῆς</span> <span class='ocrx_word' id='word_1_148' title='bbox 1597 1267 1691 1322; x_wconf 76' lang='grc' dir='ltr'>καὶ</span> <span class='ocrx_word' id='word_1_149' title='bbox 1711 1268 1808 1322; x_wconf 55' lang='grc' dir='ltr'><strong>τῶν</strong></span> 
     </span>
    </p>
   </div>
   <div class='ocr_carea' id='block_1_23' title="bbox 1994 1257 3485 1342">
    <p class='ocr_par' dir='ltr' id='par_1_23' title="bbox 1994 1269 3485 1342">
     <span class='ocr_line' id='line_1_23' title="bbox 1994 1269 3485 1342; baseline 0.001 -19"><span class='ocrx_word' id='word_1_150' title='bbox 1994 1270 2072 1324; x_wconf 88' lang='lat'><strong>11.</strong></span> <span class='ocrx_word' id='word_1_151' title='bbox 2107 1269 2243 1342; x_wconf 86' lang='lat' dir='ltr'><strong>Spes</strong></span> <span class='ocrx_word' id='word_1_152' title='bbox 2267 1273 2510 1328; x_wconf 91' lang='lat' dir='ltr'><strong>omnium</strong></span> <span class='ocrx_word' id='word_1_153' title='bbox 2541 1274 2730 1328; x_wconf 81' lang='lat' dir='ltr'><strong>ﬁnium</strong></span> <span class='ocrx_word' id='word_1_154' title='bbox 2771 1282 2959 1338; x_wconf 71' lang='lat' dir='ltr'><strong>terrm,</strong></span> <span class='ocrx_word' id='word_1_155' title='bbox 2995 1282 3048 1328; x_wconf 91' lang='lat' dir='ltr'><strong>et</strong></span> <span class='ocrx_word' id='word_1_156' title='bbox 3084 1287 3275 1328; x_wconf 91' lang='lat' dir='ltr'><strong>eorum</strong></span> <span class='ocrx_word' id='word_1_157' title='bbox 3309 1269 3400 1341; x_wconf 92' lang='lat' dir='ltr'><strong>qui</strong></span> <span class='ocrx_word' id='word_1_158' title='bbox 3427 1269 3485 1325; x_wconf 89' lang='lat' dir='ltr'><strong>in</strong></span> 
     </span>
    </p>
   </div>
   <div class='ocr_carea' id='block_1_24' title="bbox 243 1349 1734 1426">
    <p class='ocr_par' dir='ltr' id='par_1_24' title="bbox 243 1349 840 1425">
     <span class='ocr_line' id='line_1_24' title="bbox 243 1349 840 1425; baseline 0.013 -24"><span class='ocrx_word' id='word_1_159' title='bbox 243 1350 300 1402; x_wconf 80' lang='grc' dir='ltr'>ἐν</span> <span class='ocrx_word' id='word_1_160' title='bbox 332 1349 574 1423; x_wconf 81' lang='grc' dir='ltr'><strong>θαλάσσῃ</strong></span> <span class='ocrx_word' id='word_1_161' title='bbox 605 1355 840 1425; x_wconf 88' lang='grc' dir='ltr'>μακράν.</span> 
     </span>
    </p>
   </div>
   <div class='ocr_carea' id='block_1_25' title="bbox 782 1349 2273 1426">
    <p class='ocr_par' dir='ltr' id='par_1_25' title="bbox 782 1359 2273 1426">
     <span class='ocr_line' id='line_1_25' title="bbox 782 1359 2273 1426; baseline 0.005 -19"><span class='ocrx_word' id='word_1_162' title='bbox 782 1359 840 1409; x_wconf 79' lang='grc' dir='ltr'>ιν.</span> <span class='ocrx_word' id='word_1_163' title='bbox 1919 1359 2056 1412; x_wconf 88' lang='lat' dir='ltr'><strong>mari</strong></span> <span class='ocrx_word' id='word_1_164' title='bbox 2095 1359 2273 1426; x_wconf 74' lang='lat' dir='ltr'><strong>longe.</strong></span> 
     </span>
    </p>
   </div>
   <div class='ocr_carea' id='block_1_26' title="bbox 313 1441 1804 1520">
    <p class='ocr_par' dir='ltr' id='par_1_26' title="bbox 313 1441 1465 1519">
     <span class='ocr_line' id='line_1_26' title="bbox 313 1441 1465 1519; baseline 0.006 -24"><span class='ocrx_word' id='word_1_165' title='bbox 313 1441 404 1496; x_wconf 77' lang='lat'><strong>12.</strong></span> <span class='ocrx_word' id='word_1_166' title='bbox 431 1442 763 1514; x_wconf 77' lang='grc' dir='ltr'>Ἐτοιμάζων</span> <span class='ocrx_word' id='word_1_167' title='bbox 795 1444 895 1517; x_wconf 76' lang='grc' dir='ltr'>ὅρη</span> <span class='ocrx_word' id='word_1_168' title='bbox 923 1447 981 1500; x_wconf 81' lang='grc' dir='ltr'>ὲν</span> <span class='ocrx_word' id='word_1_169' title='bbox 1011 1449 1080 1519; x_wconf 78' lang='grc' dir='ltr'><strong>τῇ</strong></span> <span class='ocrx_word' id='word_1_170' title='bbox 1110 1446 1253 1519; x_wconf 83' lang='grc' dir='ltr'>ίσχύῖ</span> <span class='ocrx_word' id='word_1_171' title='bbox 1279 1448 1465 1516; x_wconf 81' lang='grc' dir='ltr'>αὐτοῦ,</span> 
     </span>
    </p>
   </div>
   <div class='ocr_carea' id='block_1_27' title="bbox 1622 1441 3113 1520">
    <p class='ocr_par' dir='ltr' id='par_1_27' title="bbox 1988 1448 3113 1520">
     <span class='ocr_line' id='line_1_27' title="bbox 1988 1448 3113 1520; baseline 0.004 -18"><span class='ocrx_word' id='word_1_172' title='bbox 1988 1448 2075 1503; x_wconf 74' lang='lat'><strong>12.</strong></span> <span class='ocrx_word' id='word_1_173' title='bbox 2115 1448 2432 1520; x_wconf 57' lang='lat' dir='ltr'><strong>Praiparans</strong></span> <span class='ocrx_word' id='word_1_174' title='bbox 2459 1461 2672 1508; x_wconf 89' lang='lat' dir='ltr'><strong>montes</strong></span> <span class='ocrx_word' id='word_1_175' title='bbox 2702 1453 2756 1507; x_wconf 89' lang='lat' dir='ltr'><strong>in</strong></span> <span class='ocrx_word' id='word_1_176' title='bbox 2789 1453 2988 1508; x_wconf 90' lang='lat' dir='ltr'><strong>virtute</strong></span> <span class='ocrx_word' id='word_1_177' title='bbox 3014 1466 3113 1508; x_wconf 90' lang='lat' dir='ltr'><strong>sua</strong></span> 
     </span>
    </p>
   </div>
   <div class='ocr_carea' id='block_1_28' title="bbox 311 1532 1802 1613">
    <p class='ocr_par' dir='ltr' id='par_1_28' title="bbox 311 1533 1310 1612">
     <span class='ocr_line' id='line_1_28' title="bbox 311 1533 1310 1612; baseline 0.007 -26"><span class='ocrx_word' id='word_1_178' title='bbox 311 1533 400 1586; x_wconf 79' lang='lat'><strong>15.</strong></span> <span class='ocrx_word' id='word_1_179' title='bbox 444 1533 889 1606; x_wconf 79' lang='grc' dir='ltr'>Περιεζωσμένος</span> <span class='ocrx_word' id='word_1_180' title='bbox 921 1537 977 1590; x_wconf 81' lang='grc' dir='ltr'><strong>ἐν</strong></span> <span class='ocrx_word' id='word_1_181' title='bbox 1002 1537 1310 1612; x_wconf 78' lang='grc' dir='ltr'>δυναστείᾳ.</span> 
     </span>
    </p>
   </div>
   <div class='ocr_carea' id='block_1_29' title="bbox 1504 1532 2995 1613">
    <p class='ocr_par' dir='ltr' id='par_1_29' title="bbox 1989 1532 2995 1613">
     <span class='ocr_line' id='line_1_29' title="bbox 1989 1532 2995 1613; baseline 0.005 -19"><span class='ocrx_word' id='word_1_182' title='bbox 1989 1540 2076 1596; x_wconf 79' lang='grc'><strong>15.</strong></span> <span class='ocrx_word' id='word_1_183' title='bbox 2108 1540 2401 1598; x_wconf 82' lang='lat' dir='ltr'><strong>Accinctus</strong></span> <span class='ocrx_word' id='word_1_184' title='bbox 2430 1544 2666 1613; x_wconf 86' lang='lat' dir='ltr'><strong>potentia</strong></span> <span class='ocrx_word' id='word_1_185' title='bbox 2699 1563 2712 1598; x_wconf 90' lang='lat'><strong>:</strong></span> <span class='ocrx_word' id='word_1_186' title='bbox 2986 1532 2995 1540; x_wconf 74' lang='grc'><em>’</em></span> 
     </span>
    </p>
   </div>
   <div class='ocr_carea' id='block_1_30' title="bbox 311 1621 1802 1703">
    <p class='ocr_par' dir='ltr' id='par_1_30' title="bbox 311 1621 1641 1703">
     <span class='ocr_line' id='line_1_30' title="bbox 311 1621 1641 1703; baseline 0.01 -29"><span class='ocrx_word' id='word_1_187' title='bbox 311 1621 400 1675; x_wconf 74' lang='grc'><strong>14.</strong></span> <span class='ocrx_word' id='word_1_188' title='bbox 428 1622 486 1675; x_wconf 86' lang='lat'><strong>&#39;0</strong></span> <span class='ocrx_word' id='word_1_189' title='bbox 517 1625 904 1696; x_wconf 82' lang='grc' dir='ltr'>συνταράσσων</span> <span class='ocrx_word' id='word_1_190' title='bbox 927 1626 989 1680; x_wconf 85' lang='grc' dir='ltr'>τὸ</span> <span class='ocrx_word' id='word_1_191' title='bbox 1019 1627 1181 1692; x_wconf 85' lang='grc' dir='ltr'>κύτος</span> <span class='ocrx_word' id='word_1_192' title='bbox 1212 1630 1312 1701; x_wconf 85' lang='grc' dir='ltr'>τῆς</span> <span class='ocrx_word' id='word_1_193' title='bbox 1345 1629 1641 1703; x_wconf 83' lang='grc' dir='ltr'>θαλάσσης,</span> 
     </span>
    </p>
   </div>
   <div class='ocr_carea' id='block_1_31' title="bbox 1658 1621 3149 1703">
    <p class='ocr_par' dir='ltr' id='par_1_31' title="bbox 1851 1629 3149 1703">
     <span class='ocr_line' id='line_1_31' title="bbox 1851 1629 3149 1703; baseline 0.004 -21"><span class='ocrx_word' id='word_1_194' title='bbox 1851 1697 1882 1703; x_wconf 81' lang='lat'><strong><em>_</em></strong></span> <span class='ocrx_word' id='word_1_195' title='bbox 1984 1631 2070 1684; x_wconf 76' lang='grc'><strong>14.</strong></span> <span class='ocrx_word' id='word_1_196' title='bbox 2112 1629 2218 1698; x_wconf 84' lang='lat' dir='ltr'><strong>Qui</strong></span> <span class='ocrx_word' id='word_1_197' title='bbox 2252 1633 2548 1688; x_wconf 89' lang='lat' dir='ltr'><strong>conturbas</strong></span> <span class='ocrx_word' id='word_1_198' title='bbox 2576 1631 2906 1703; x_wconf 83' lang='lat' dir='ltr'><strong>profundum</strong></span> <span class='ocrx_word' id='word_1_199' title='bbox 2937 1635 3114 1703; x_wconf 88' lang='lat' dir='ltr'><strong>maris</strong></span> <span class='ocrx_word' id='word_1_200' title='bbox 3134 1671 3149 1696; x_wconf 90' lang='lat'><strong>,</strong></span> 
     </span>
    </p>
   </div>
   <div class='ocr_carea' id='block_1_32' title="bbox 309 1697 1800 1794">
    <p class='ocr_par' dir='ltr' id='par_1_32' title="bbox 309 1697 1646 1794">
     <span class='ocr_line' id='line_1_32' title="bbox 309 1697 1646 1794; baseline 0.009 -27"><span class='ocrx_word' id='word_1_201' title='bbox 309 1715 402 1770; x_wconf 86' lang='lat'><strong>15.</strong></span> <span class='ocrx_word' id='word_1_202' title='bbox 418 1716 623 1785; x_wconf 85' lang='grc' dir='ltr'>Ἤχους</span> <span class='ocrx_word' id='word_1_203' title='bbox 644 1719 904 1789; x_wconf 78' lang='grc' dir='ltr'>κυμάτων</span> <span class='ocrx_word' id='word_1_204' title='bbox 933 1721 1103 1792; x_wconf 76' lang='grc' dir='ltr'>αὐτῆς</span> <span class='ocrx_word' id='word_1_205' title='bbox 1127 1721 1210 1787; x_wconf 87' lang='grc' dir='ltr'>τίς</span> <span class='ocrx_word' id='word_1_206' title='bbox 1249 1697 1646 1794; x_wconf 65' lang='grc' dir='ltr'>δποστήσεταις</span> 
     </span>
    </p>
   </div>
   <div class='ocr_carea' id='block_1_33' title="bbox 1757 1697 3248 1794">
    <p class='ocr_par' dir='ltr' id='par_1_33' title="bbox 1848 1697 3248 1794">
     <span class='ocr_line' id='line_1_33' title="bbox 1848 1697 3248 1794; baseline 0.001 -19"><span class='ocrx_word' id='word_1_207' title='bbox 1848 1697 1890 1752; x_wconf 74' lang='grc' dir='ltr'>Β</span> <span class='ocrx_word' id='word_1_208' title='bbox 1988 1723 2075 1777; x_wconf 86' lang='grc'><strong>15.</strong></span> <span class='ocrx_word' id='word_1_209' title='bbox 2110 1697 2312 1778; x_wconf 90' lang='lat' dir='ltr'><strong>Sonum</strong></span> <span class='ocrx_word' id='word_1_210' title='bbox 2340 1697 2603 1780; x_wconf 79' lang='lat' dir='ltr'><strong>ﬂuctuum</strong></span> <span class='ocrx_word' id='word_1_211' title='bbox 2632 1723 2751 1794; x_wconf 88' lang='lat' dir='ltr'><strong>ejus</strong></span> <span class='ocrx_word' id='word_1_212' title='bbox 2781 1723 2904 1794; x_wconf 91' lang='lat' dir='ltr'><strong>quis</strong></span> <span class='ocrx_word' id='word_1_213' title='bbox 2925 1702 3248 1779; x_wconf 76' lang='lat' dir='ltr'><strong>sustinebit?</strong></span> 
     </span>
    </p>
   </div>
   <div class='ocr_carea' id='block_1_34' title="bbox 310 1803 1801 1888">
    <p class='ocr_par' dir='ltr' id='par_1_34' title="bbox 310 1803 1797 1887">
     <span class='ocr_line' id='line_1_34' title="bbox 310 1803 1797 1887; baseline 0.011 -31"><span class='ocrx_word' id='word_1_214' title='bbox 310 1803 398 1857; x_wconf 86' lang='lat'><strong>16.</strong></span> <span class='ocrx_word' id='word_1_215' title='bbox 437 1807 882 1879; x_wconf 83' lang='grc' dir='ltr'>Ταραχθήσονται</span> <span class='ocrx_word' id='word_1_216' title='bbox 919 1811 987 1865; x_wconf 81' lang='grc' dir='ltr'>τὰ</span> <span class='ocrx_word' id='word_1_217' title='bbox 1022 1811 1170 1885; x_wconf 76' lang='grc' dir='ltr'>ἔθνη,</span> <span class='ocrx_word' id='word_1_218' title='bbox 1221 1814 1315 1868; x_wconf 76' lang='grc' dir='ltr'><strong>καὶ</strong></span> <span class='ocrx_word' id='word_1_219' title='bbox 1347 1814 1741 1887; x_wconf 79' lang='grc' dir='ltr'>φοὸηθήσονται</span> <span class='ocrx_word' id='word_1_220' title='bbox 1769 1836 1797 1872; x_wconf 96' lang='grc' dir='ltr'><strong>ο</strong></span> 
     </span>
    </p>
   </div>
   <div class='ocr_carea' id='block_1_35' title="bbox 1993 1803 3484 1888">
    <p class='ocr_par' dir='ltr' id='par_1_35' title="bbox 1993 1811 3484 1888">
     <span class='ocr_line' id='line_1_35' title="bbox 1993 1811 3484 1888; baseline -0.001 -18"><span class='ocrx_word' id='word_1_221' title='bbox 1993 1814 2078 1870; x_wconf 90' lang='grc'><strong>16.</strong></span> <span class='ocrx_word' id='word_1_222' title='bbox 2109 1815 2501 1872; x_wconf 89' lang='lat' dir='ltr'><strong>Turbabuntur</strong></span> <span class='ocrx_word' id='word_1_223' title='bbox 2533 1826 2752 1886; x_wconf 75' lang='lat' dir='ltr'><strong>gentes,</strong></span> <span class='ocrx_word' id='word_1_224' title='bbox 2793 1825 2847 1873; x_wconf 90' lang='lat' dir='ltr'><strong>et</strong></span> <span class='ocrx_word' id='word_1_225' title='bbox 2885 1816 3155 1872; x_wconf 88' lang='lat' dir='ltr'><strong>timebunt</strong></span> <span class='ocrx_word' id='word_1_226' title='bbox 3193 1813 3289 1888; x_wconf 87' lang='lat' dir='ltr'><strong>qui</strong></span> <span class='ocrx_word' id='word_1_227' title='bbox 3330 1811 3484 1869; x_wconf 85' lang='lat' dir='ltr'><strong>habi-</strong></span> 
     </span>
    </p>
   </div>
   <div class='ocr_carea' id='block_1_36' title="bbox 237 1895 1728 1979">
    <p class='ocr_par' dir='ltr' id='par_1_36' title="bbox 237 1895 1649 1977">
     <span class='ocr_line' id='line_1_36' title="bbox 237 1895 1649 1977; baseline 0.01 -31"><span class='ocrx_word' id='word_1_228' title='bbox 237 1895 620 1961; x_wconf 80' lang='grc' dir='ltr'>κατοικοῦντες</span> <span class='ocrx_word' id='word_1_229' title='bbox 647 1898 715 1952; x_wconf 72' lang='grc' dir='ltr'>τὰ</span> <span class='ocrx_word' id='word_1_230' title='bbox 741 1899 951 1970; x_wconf 83' lang='grc' dir='ltr'>πέρατα</span> <span class='ocrx_word' id='word_1_231' title='bbox 982 1901 1090 1955; x_wconf 85' lang='grc' dir='ltr'>ἀπὸ</span> <span class='ocrx_word' id='word_1_232' title='bbox 1115 1901 1224 1956; x_wconf 84' lang='grc' dir='ltr'>τῶν</span> <span class='ocrx_word' id='word_1_233' title='bbox 1250 1904 1494 1977; x_wconf 85' lang='grc' dir='ltr'>σημείων</span> <span class='ocrx_word' id='word_1_234' title='bbox 1522 1923 1616 1960; x_wconf 90' lang='grc' dir='ltr'><strong>σου</strong></span> <span class='ocrx_word' id='word_1_235' title='bbox 1636 1923 1649 1937; x_wconf 75' lang='grc' dir='ltr'><strong>ο</strong></span> 
     </span>
    </p>
   </div>
   <div class='ocr_carea' id='block_1_37' title="bbox 1264 1895 2755 1979">
    <p class='ocr_par' dir='ltr' id='par_1_37' title="bbox 1264 1904 2755 1979">
     <span class='ocr_line' id='line_1_37' title="bbox 1264 1904 2755 1979; baseline 0.005 -23"><span class='ocrx_word' id='word_1_236' title='bbox 1264 1904 1494 1977; x_wconf 71' lang='grc' dir='ltr'>τημείων</span> <span class='ocrx_word' id='word_1_237' title='bbox 1522 1923 1616 1960; x_wconf 88' lang='grc' dir='ltr'><strong>σου</strong></span> <span class='ocrx_word' id='word_1_238' title='bbox 1636 1923 1649 1937; x_wconf 76' lang='grc' dir='ltr'><strong>ο</strong></span> <span class='ocrx_word' id='word_1_239' title='bbox 1916 1915 2035 1962; x_wconf 88' lang='lat' dir='ltr'><strong>tant</strong></span> <span class='ocrx_word' id='word_1_240' title='bbox 2063 1908 2325 1964; x_wconf 88' lang='lat' dir='ltr'><strong>terminos</strong></span> <span class='ocrx_word' id='word_1_241' title='bbox 2346 1923 2378 1963; x_wconf 89' lang='lat' dir='ltr'><strong>a</strong></span> <span class='ocrx_word' id='word_1_242' title='bbox 2401 1908 2574 1979; x_wconf 75' lang='lat' dir='ltr'><strong>signis</strong></span> <span class='ocrx_word' id='word_1_243' title='bbox 2605 1908 2714 1963; x_wconf 92' lang='lat' dir='ltr'><strong>tuis</strong></span> <span class='ocrx_word' id='word_1_244' title='bbox 2742 1925 2755 1964; x_wconf 88' lang='lat'><strong>:</strong></span> 
     </span>
    </p>
   </div>
   <div class='ocr_carea' id='block_1_38' title="bbox 309 1985 1800 2069">
    <p class='ocr_par' dir='ltr' id='par_1_38' title="bbox 309 1985 1616 2068">
     <span class='ocr_line' id='line_1_38' title="bbox 309 1985 1616 2068; baseline 0.009 -29"><span class='ocrx_word' id='word_1_245' title='bbox 309 1985 398 2040; x_wconf 92' lang='grc'><strong>17.</strong></span> <span class='ocrx_word' id='word_1_246' title='bbox 446 1988 689 2054; x_wconf 82' lang='grc' dir='ltr'>Ἐξόδους</span> <span class='ocrx_word' id='word_1_247' title='bbox 721 1991 954 2062; x_wconf 80' lang='grc' dir='ltr'>πρωῖας,</span> <span class='ocrx_word' id='word_1_248' title='bbox 984 1993 1080 2048; x_wconf 75' lang='grc' dir='ltr'><strong>καὶ</strong></span> <span class='ocrx_word' id='word_1_249' title='bbox 1114 1995 1353 2066; x_wconf 77' lang='grc' dir='ltr'>ἑσπέρας</span> <span class='ocrx_word' id='word_1_250' title='bbox 1379 1996 1616 2068; x_wconf 74' lang='grc' dir='ltr'>τέρψεις.</span> 
     </span>
    </p>
   </div>
   <div class='ocr_carea' id='block_1_39' title="bbox 1779 1985 3270 2069">
    <p class='ocr_par' dir='ltr' id='par_1_39' title="bbox 1992 1996 3270 2069">
     <span class='ocr_line' id='line_1_39' title="bbox 1992 1996 3270 2069; baseline 0.001 -18"><span class='ocrx_word' id='word_1_251' title='bbox 1992 1997 2076 2052; x_wconf 88' lang='grc'><strong>17.</strong></span> <span class='ocrx_word' id='word_1_252' title='bbox 2106 1997 2298 2054; x_wconf 76' lang='lat' dir='ltr'><strong>Exitus</strong></span> <span class='ocrx_word' id='word_1_253' title='bbox 2322 1999 2593 2062; x_wconf 88' lang='lat' dir='ltr'><strong>matutini,</strong></span> <span class='ocrx_word' id='word_1_254' title='bbox 2618 2008 2672 2054; x_wconf 90' lang='lat' dir='ltr'><strong>et</strong></span> <span class='ocrx_word' id='word_1_255' title='bbox 2701 2013 2926 2069; x_wconf 81' lang='lat' dir='ltr'><strong>vespere</strong></span> <span class='ocrx_word' id='word_1_256' title='bbox 2955 1996 3270 2054; x_wconf 88' lang='lat' dir='ltr'><strong>delectabis.</strong></span> 
     </span>
    </p>
   </div>
   <div class='ocr_carea' id='block_1_40' title="bbox 309 2078 1800 2162">
    <p class='ocr_par' dir='ltr' id='par_1_40' title="bbox 309 2078 1678 2162">
     <span class='ocr_line' id='line_1_40' title="bbox 309 2078 1678 2162; baseline 0.009 -30"><span class='ocrx_word' id='word_1_257' title='bbox 309 2078 398 2133; x_wconf 90' lang='grc'><strong>18.</strong></span> <span class='ocrx_word' id='word_1_258' title='bbox 432 2080 740 2153; x_wconf 78' lang='grc' dir='ltr'>Ἐπισκέψω</span> <span class='ocrx_word' id='word_1_259' title='bbox 764 2083 862 2156; x_wconf 80' lang='grc' dir='ltr'><strong>τὴν</strong></span> <span class='ocrx_word' id='word_1_260' title='bbox 891 2087 1014 2155; x_wconf 83' lang='grc' dir='ltr'><strong>γῆν,</strong></span> <span class='ocrx_word' id='word_1_261' title='bbox 1050 2087 1144 2140; x_wconf 74' lang='grc' dir='ltr'><strong>καὶ</strong></span> <span class='ocrx_word' id='word_1_262' title='bbox 1179 2087 1450 2158; x_wconf 80' lang='grc' dir='ltr'>ὲμέθυσας</span> <span class='ocrx_word' id='word_1_263' title='bbox 1477 2089 1646 2162; x_wconf 82' lang='grc' dir='ltr'>αὐτήν</span> <span class='ocrx_word' id='word_1_264' title='bbox 1665 2107 1678 2120; x_wconf 85' lang='grc'><em>’</em></span> 
     </span>
    </p>
   </div>
   <div class='ocr_carea' id='block_1_41' title="bbox 1700 2078 3191 2162">
    <p class='ocr_par' dir='ltr' id='par_1_41' title="bbox 1994 2088 3191 2156">
     <span class='ocr_line' id='line_1_41' title="bbox 1994 2088 3191 2156; baseline 0.001 -13"><span class='ocrx_word' id='word_1_265' title='bbox 1994 2088 2080 2144; x_wconf 90' lang='grc'><strong>18.</strong></span> <span class='ocrx_word' id='word_1_266' title='bbox 2119 2089 2367 2146; x_wconf 77' lang='lat' dir='ltr'><strong>Visitasti</strong></span> <span class='ocrx_word' id='word_1_267' title='bbox 2393 2099 2616 2156; x_wconf 91' lang='lat' dir='ltr'><strong>terram,</strong></span> <span class='ocrx_word' id='word_1_268' title='bbox 2641 2099 2696 2145; x_wconf 89' lang='lat' dir='ltr'><strong>et</strong></span> <span class='ocrx_word' id='word_1_269' title='bbox 2722 2090 3005 2145; x_wconf 88' lang='lat' dir='ltr'><strong>inebriasti</strong></span> <span class='ocrx_word' id='word_1_270' title='bbox 3027 2104 3147 2146; x_wconf 90' lang='lat' dir='ltr'><strong>eam</strong></span> <span class='ocrx_word' id='word_1_271' title='bbox 3176 2107 3191 2144; x_wconf 89' lang='lat'><strong>:</strong></span> 
     </span>
    </p>
   </div>
   <div class='ocr_carea' id='block_1_42' title="bbox 317 2168 1808 2254">
    <p class='ocr_par' dir='ltr' id='par_1_42' title="bbox 317 2168 1424 2252">
     <span class='ocr_line' id='line_1_42' title="bbox 317 2168 1424 2252; baseline 0.012 -32"><span class='ocrx_word' id='word_1_272' title='bbox 317 2168 401 2224; x_wconf 91' lang='grc'><strong>19.</strong></span> <span class='ocrx_word' id='word_1_273' title='bbox 432 2169 770 2244; x_wconf 87' lang='grc' dir='ltr'>Ἐπλήθυνας</span> <span class='ocrx_word' id='word_1_274' title='bbox 801 2173 896 2228; x_wconf 85' lang='grc' dir='ltr'><strong>τοῦ</strong></span> <span class='ocrx_word' id='word_1_275' title='bbox 924 2175 1205 2231; x_wconf 80' lang='grc' dir='ltr'>πλουτίσαι</span> <span class='ocrx_word' id='word_1_276' title='bbox 1234 2178 1424 2252; x_wconf 75' lang='grc' dir='ltr'><strong>αὐτήν.</strong></span> 
     </span>
    </p>
   </div>
   <div class='ocr_carea' id='block_1_43' title="bbox 1509 2168 3000 2254">
    <p class='ocr_par' dir='ltr' id='par_1_43' title="bbox 1989 2181 3000 2254">
     <span class='ocr_line' id='line_1_43' title="bbox 1989 2181 3000 2254; baseline 0.001 -19"><span class='ocrx_word' id='word_1_277' title='bbox 1989 2181 2076 2237; x_wconf 88' lang='grc'><strong>19.</strong></span> <span class='ocrx_word' id='word_1_278' title='bbox 2110 2181 2476 2254; x_wconf 84' lang='lat' dir='ltr'><strong>Multiplicasti</strong></span> <span class='ocrx_word' id='word_1_279' title='bbox 2507 2181 2834 2254; x_wconf 86' lang='lat' dir='ltr'><strong>locupletare</strong></span> <span class='ocrx_word' id='word_1_280' title='bbox 2856 2196 3000 2238; x_wconf 88' lang='lat' dir='ltr'><strong>eam.</strong></span> 
     </span>
    </p>
   </div>
   <div class='ocr_carea' id='block_1_44' title="bbox 1368 2356 2362 2416">
    <p class='ocr_par' dir='ltr' id='par_1_44' title="bbox 1368 2356 2362 2416">
     <span class='ocr_line' id='line_1_44' title="bbox 1368 2356 2362 2416; baseline 0.004 -5"><span class='ocrx_word' id='word_1_281' title='bbox 1368 2356 1744 2414; x_wconf 82' lang='lat' dir='ltr'><strong>ATHANASII</strong></span> <span class='ocrx_word' id='word_1_282' title='bbox 1783 2357 2362 2416; x_wconf 83' lang='lat' dir='ltr'><strong>INTERPRETATIO.</strong></span> 
     </span>
    </p>
   </div>
   <div class='ocr_carea' id='block_1_45' title="bbox 304 2511 1795 2590">
    <p class='ocr_par' dir='ltr' id='par_1_45' title="bbox 304 2511 1792 2590">
     <span class='ocr_line' id='line_1_45' title="bbox 304 2511 1792 2590; baseline 0.005 -25"><span class='ocrx_word' id='word_1_283' title='bbox 304 2512 361 2566; x_wconf 72' lang='lat'><strong>2.</strong></span> <span class='ocrx_word' id='word_1_284' title='bbox 401 2511 516 2567; x_wconf 77' lang='grc' dir='ltr'><strong>Καὶ</strong></span> <span class='ocrx_word' id='word_1_285' title='bbox 555 2513 615 2566; x_wconf 79' lang='grc' dir='ltr'>ὲν</span> <span class='ocrx_word' id='word_1_286' title='bbox 644 2514 712 2585; x_wconf 78' lang='grc' dir='ltr'><strong>τῇ</strong></span> <span class='ocrx_word' id='word_1_287' title='bbox 744 2512 889 2586; x_wconf 81' lang='grc' dir='ltr'>ψυχῇ</span> <span class='ocrx_word' id='word_1_288' title='bbox 912 2517 978 2588; x_wconf 82' lang='grc' dir='ltr'><strong>τῇ</strong></span> <span class='ocrx_word' id='word_1_289' title='bbox 1008 2515 1190 2590; x_wconf 83' lang='grc' dir='ltr'><strong>ὁρώσῃ</strong></span> <span class='ocrx_word' id='word_1_290' title='bbox 1221 2534 1280 2570; x_wconf 88' lang='grc' dir='ltr'>σε</span> <span class='ocrx_word' id='word_1_291' title='bbox 1307 2515 1698 2590; x_wconf 82' lang='grc' dir='ltr'>ἀποδοθήσεται</span> <span class='ocrx_word' id='word_1_292' title='bbox 1731 2536 1792 2573; x_wconf 92' lang='grc' dir='ltr'><strong>σο</strong></span> 
     </span>
    </p>
   </div>
   <div class='ocr_carea' id='block_1_46' title="bbox 1991 2511 3482 2590">
    <p class='ocr_par' dir='ltr' id='par_1_46' title="bbox 1991 2516 3482 2576">
     <span class='ocr_line' id='line_1_46' title="bbox 1991 2516 3482 2576; baseline 0 -2"><span class='ocrx_word' id='word_1_293' title='bbox 1991 2521 2042 2574; x_wconf 80' lang='grc'><strong>2.</strong></span> <span class='ocrx_word' id='word_1_294' title='bbox 2078 2517 2146 2575; x_wconf 86' lang='grc' dir='ltr'>Ει</span> <span class='ocrx_word' id='word_1_295' title='bbox 2170 2519 2352 2574; x_wconf 88' lang='lat' dir='ltr'><strong>anima</strong></span> <span class='ocrx_word' id='word_1_296' title='bbox 2389 2516 2608 2575; x_wconf 84' lang='lat' dir='ltr'><strong>vidente</strong></span> <span class='ocrx_word' id='word_1_297' title='bbox 2650 2527 2703 2576; x_wconf 84' lang='lat' dir='ltr'><strong>te</strong></span> <span class='ocrx_word' id='word_1_298' title='bbox 2743 2519 2996 2575; x_wconf 89' lang='lat' dir='ltr'><strong>reddetur</strong></span> <span class='ocrx_word' id='word_1_299' title='bbox 3022 2516 3117 2572; x_wconf 91' lang='lat' dir='ltr'><strong>tibi</strong></span> <span class='ocrx_word' id='word_1_300' title='bbox 3151 2517 3364 2574; x_wconf 88' lang='lat' dir='ltr'><strong>oratio:</strong></span> <span class='ocrx_word' id='word_1_301' title='bbox 3391 2517 3482 2574; x_wconf 74' lang='lat' dir='ltr'><strong>h-</strong></span> 
     </span>
    </p>
   </div>
   <div class='ocr_carea' id='block_1_47' title="bbox 234 2604 1725 2682">
    <p class='ocr_par' dir='ltr' id='par_1_47' title="bbox 234 2604 1725 2679">
     <span class='ocr_line' id='line_1_47' title="bbox 234 2604 1725 2679; baseline 0.005 -22"><span class='ocrx_word' id='word_1_302' title='bbox 234 2604 388 2676; x_wconf 79' lang='grc' dir='ltr'><strong>εὐχή·</strong></span> <span class='ocrx_word' id='word_1_303' title='bbox 417 2605 803 2676; x_wconf 76' lang='grc' dir='ltr'>Ἰερουσαλὴμ</span> <span class='ocrx_word' id='word_1_304' title='bbox 819 2606 928 2678; x_wconf 80' lang='grc' dir='ltr'>γὰρ</span> <span class='ocrx_word' id='word_1_305' title='bbox 944 2607 1303 2679; x_wconf 79' lang='grc' dir='ltr'><strong>ἑρμηνεύεται</strong></span> <span class='ocrx_word' id='word_1_306' title='bbox 1324 2608 1531 2679; x_wconf 83' lang='grc' dir='ltr'>ὅρασις</span> <span class='ocrx_word' id='word_1_307' title='bbox 1545 2609 1725 2679; x_wconf 59' lang='grc' dir='ltr'><strong>εἰρήνη</strong></span> 
     </span>
    </p>
   </div>
   <div class='ocr_carea' id='block_1_48' title="bbox 1600 2604 3091 2682">
    <p class='ocr_par' dir='ltr' id='par_1_48' title="bbox 1600 2609 3091 2682">
     <span class='ocr_line' id='line_1_48' title="bbox 1600 2609 3091 2682; baseline -0.001 -17"><span class='ocrx_word' id='word_1_308' title='bbox 1600 2609 1810 2679; x_wconf 79' lang='grc' dir='ltr'>ρήνης.</span> <span class='ocrx_word' id='word_1_309' title='bbox 1919 2613 2146 2667; x_wconf 79' lang='lat' dir='ltr'><strong>rusalem</strong></span> <span class='ocrx_word' id='word_1_310' title='bbox 2176 2612 2319 2667; x_wconf 88' lang='lat' dir='ltr'><strong>enim</strong></span> <span class='ocrx_word' id='word_1_311' title='bbox 2357 2611 2744 2682; x_wconf 85' lang='lat' dir='ltr'><strong>interpretatur</strong></span> <span class='ocrx_word' id='word_1_312' title='bbox 2767 2613 2898 2667; x_wconf 79' lang='grc' dir='ltr'>υίεὶο</span> <span class='ocrx_word' id='word_1_313' title='bbox 2923 2611 3091 2682; x_wconf 73' lang='lat' dir='ltr'><strong>pacis.</strong></span> 
     </span>
    </p>
   </div>
   <div class='ocr_carea' id='block_1_49' title="bbox 310 2696 1801 2776">
    <p class='ocr_par' dir='ltr' id='par_1_49' title="bbox 310 2696 1801 2776">
     <span class='ocr_line' id='line_1_49' title="bbox 310 2696 1801 2776; baseline 0.004 -24"><span class='ocrx_word' id='word_1_314' title='bbox 310 2699 363 2752; x_wconf 79' lang='lat'><strong>3.</strong></span> <span class='ocrx_word' id='word_1_315' title='bbox 405 2696 741 2754; x_wconf 81' lang='grc' dir='ltr'>Εἰσάκουσον</span> <span class='ocrx_word' id='word_1_316' title='bbox 771 2701 870 2773; x_wconf 81' lang='grc' dir='ltr'>τῆς</span> <span class='ocrx_word' id='word_1_317' title='bbox 903 2703 1210 2773; x_wconf 83' lang='grc' dir='ltr'>προσευχῆς</span> <span class='ocrx_word' id='word_1_318' title='bbox 1240 2719 1364 2774; x_wconf 86' lang='grc' dir='ltr'>μου,</span> <span class='ocrx_word' id='word_1_319' title='bbox 1397 2703 1480 2758; x_wconf 83' lang='grc' dir='ltr'>δτι</span> <span class='ocrx_word' id='word_1_320' title='bbox 1518 2704 1717 2768; x_wconf 87' lang='grc' dir='ltr'>πάντες</span> <span class='ocrx_word' id='word_1_321' title='bbox 1734 2703 1801 2776; x_wconf 71' lang='grc' dir='ltr'><strong>τᾷ</strong></span> 
     </span>
    </p>
   </div>
   <div class='ocr_carea' id='block_1_50' title="bbox 1992 2696 3483 2776">
    <p class='ocr_par' dir='ltr' id='par_1_50' title="bbox 1992 2703 3483 2774">
     <span class='ocr_line' id='line_1_50' title="bbox 1992 2703 3483 2774; baseline -0.001 -16"><span class='ocrx_word' id='word_1_322' title='bbox 1992 2703 2043 2758; x_wconf 83' lang='grc'><strong>5.</strong></span> <span class='ocrx_word' id='word_1_323' title='bbox 2067 2703 2274 2758; x_wconf 82' lang='lat' dir='ltr'><strong>Exaudi</strong></span> <span class='ocrx_word' id='word_1_324' title='bbox 2300 2703 2604 2760; x_wconf 90' lang='lat' dir='ltr'><strong>orationem</strong></span> <span class='ocrx_word' id='word_1_325' title='bbox 2634 2718 2838 2769; x_wconf 88' lang='lat' dir='ltr'><strong>meam,</strong></span> <span class='ocrx_word' id='word_1_326' title='bbox 2863 2705 3122 2774; x_wconf 90' lang='lat' dir='ltr'><strong>quoniam</strong></span> <span class='ocrx_word' id='word_1_327' title='bbox 3142 2716 3334 2758; x_wconf 81' lang='lat' dir='ltr'><strong>omnes</strong></span> <span class='ocrx_word' id='word_1_328' title='bbox 3356 2709 3483 2758; x_wconf 84' lang='lat' dir='ltr'><strong>ante</strong></span> 
     </span>
    </p>
   </div>
   <div class='ocr_carea' id='block_1_51' title="bbox 237 2789 1728 2864">
    <p class='ocr_par' dir='ltr' id='par_1_51' title="bbox 237 2789 1196 2864">
     <span class='ocr_line' id='line_1_51' title="bbox 237 2789 1196 2864; baseline 0.007 -23"><span class='ocrx_word' id='word_1_329' title='bbox 237 2789 447 2860; x_wconf 75' lang='grc' dir='ltr'><strong>βήματι</strong></span> <span class='ocrx_word' id='word_1_330' title='bbox 479 2807 573 2844; x_wconf 90' lang='grc' dir='ltr'><strong>σου</strong></span> <span class='ocrx_word' id='word_1_331' title='bbox 599 2793 1060 2863; x_wconf 84' lang='grc' dir='ltr'>παραστησόμεθα</span> <span class='ocrx_word' id='word_1_332' title='bbox 1099 2793 1196 2864; x_wconf 89' lang='lat'><strong>(1).</strong></span> 
     </span>
    </p>
   </div>
   <div class='ocr_carea' id='block_1_52' title="bbox 1222 2789 2713 2864">
    <p class='ocr_par' dir='ltr' id='par_1_52' title="bbox 1916 2793 2713 2850">
     <span class='ocr_line' id='line_1_52' title="bbox 1916 2793 2713 2850; baseline 0.001 -2"><span class='ocrx_word' id='word_1_333' title='bbox 1916 2793 2184 2849; x_wconf 85' lang='lat' dir='ltr'><strong>tribunale</strong></span> <span class='ocrx_word' id='word_1_334' title='bbox 2213 2803 2367 2848; x_wconf 89' lang='lat' dir='ltr'><strong>tuum</strong></span> <span class='ocrx_word' id='word_1_335' title='bbox 2391 2799 2713 2850; x_wconf 86' lang='lat' dir='ltr'><strong>statuemur.</strong></span> 
     </span>
    </p>
   </div>
   <div class='ocr_carea' id='block_1_53' title="bbox 307 2882 1798 2960">
    <p class='ocr_par' dir='ltr' id='par_1_53' title="bbox 307 2882 1798 2960">
     <span class='ocr_line' id='line_1_53' title="bbox 307 2882 1798 2960; baseline 0.004 -24"><span class='ocrx_word' id='word_1_336' title='bbox 307 2884 360 2937; x_wconf 71' lang='grc' dir='ltr'><strong>ι’.</strong></span> <span class='ocrx_word' id='word_1_337' title='bbox 390 2882 458 2936; x_wconf 80' lang='grc' dir='ltr'><strong>Ἠ</strong></span> <span class='ocrx_word' id='word_1_338' title='bbox 485 2883 672 2955; x_wconf 82' lang='grc' dir='ltr'>διδαχὴ</span> <span class='ocrx_word' id='word_1_339' title='bbox 701 2884 796 2938; x_wconf 78' lang='grc' dir='ltr'><strong>τοῦ</strong></span> <span class='ocrx_word' id='word_1_340' title='bbox 825 2884 1068 2940; x_wconf 75' lang='grc' dir='ltr'>διαϐόλου</span> <span class='ocrx_word' id='word_1_341' title='bbox 1088 2886 1309 2941; x_wconf 75' lang='grc' dir='ltr'>καὶτῶν</span> <span class='ocrx_word' id='word_1_342' title='bbox 1339 2888 1626 2960; x_wconf 81' lang='grc' dir='ltr'>ὑπουργῶν</span> <span class='ocrx_word' id='word_1_343' title='bbox 1646 2887 1798 2942; x_wconf 78' lang='grc' dir='ltr'>αὐτοῐ</span> 
     </span>
    </p>
   </div>
   <div class='ocr_carea' id='block_1_54' title="bbox 1991 2882 3482 2960">
    <p class='ocr_par' dir='ltr' id='par_1_54' title="bbox 1991 2884 3482 2957">
     <span class='ocr_line' id='line_1_54' title="bbox 1991 2884 3482 2957; baseline 0 -16"><span class='ocrx_word' id='word_1_344' title='bbox 1991 2887 2038 2941; x_wconf 80' lang='grc'><strong>1.</strong></span> <span class='ocrx_word' id='word_1_345' title='bbox 2067 2884 2325 2942; x_wconf 82' lang='lat' dir='ltr'><strong>Doctrina</strong></span> <span class='ocrx_word' id='word_1_346' title='bbox 2372 2885 2573 2941; x_wconf 87' lang='lat' dir='ltr'><strong>diaboli</strong></span> <span class='ocrx_word' id='word_1_347' title='bbox 2610 2895 2666 2942; x_wconf 92' lang='lat' dir='ltr'><strong>et</strong></span> <span class='ocrx_word' id='word_1_348' title='bbox 2703 2886 3079 2942; x_wconf 89' lang='lat' dir='ltr'><strong>ministrorum</strong></span> <span class='ocrx_word' id='word_1_349' title='bbox 3125 2884 3244 2956; x_wconf 84' lang='lat' dir='ltr'><strong>ejus</strong></span> <span class='ocrx_word' id='word_1_350' title='bbox 3275 2900 3482 2957; x_wconf 66' lang='lat' dir='ltr'><strong>praeva-</strong></span> 
     </span>
    </p>
   </div>
   <div class='ocr_carea' id='block_1_55' title="bbox 234 2972 1725 3044">
    <p class='ocr_par' dir='ltr' id='par_1_55' title="bbox 234 2972 1565 3044">
     <span class='ocr_line' id='line_1_55' title="bbox 234 2972 1565 3044; baseline 0.003 -20"><span class='ocrx_word' id='word_1_351' title='bbox 234 2972 524 3042; x_wconf 87' lang='grc' dir='ltr'>κατίσχυεν</span> <span class='ocrx_word' id='word_1_352' title='bbox 551 2973 628 3044; x_wconf 76' lang='grc'><strong>(2)</strong></span> <span class='ocrx_word' id='word_1_353' title='bbox 667 2973 842 3044; x_wconf 79' lang='grc' dir='ltr'>ἡμῶν.</span> <span class='ocrx_word' id='word_1_354' title='bbox 1537 3002 1565 3028; x_wconf 59' lang='grc' dir='ltr'><em>ι</em></span> 
     </span>
    </p>
   </div>
   <div class='ocr_carea' id='block_1_56' title="bbox 892 2972 2383 3044">
    <p class='ocr_par' dir='ltr' id='par_1_56' title="bbox 1537 2980 2383 3036">
     <span class='ocr_line' id='line_1_56' title="bbox 1537 2980 2383 3036; baseline -0.009 4"><span class='ocrx_word' id='word_1_355' title='bbox 1537 3002 1565 3028; x_wconf 66' lang='grc' dir='ltr'>σε</span> <span class='ocrx_word' id='word_1_356' title='bbox 1918 2980 2020 3036; x_wconf 89' lang='lat' dir='ltr'><strong>luit</strong></span> <span class='ocrx_word' id='word_1_357' title='bbox 2046 2989 2233 3036; x_wconf 86' lang='lat' dir='ltr'><strong>contra</strong></span> <span class='ocrx_word' id='word_1_358' title='bbox 2264 2995 2383 3034; x_wconf 91' lang='lat' dir='ltr'><strong>nos.</strong></span> 
     </span>
    </p>
   </div>
   <div class='ocr_carea' id='block_1_57' title="bbox 309 3061 1800 3142">
    <p class='ocr_par' dir='ltr' id='par_1_57' title="bbox 309 3061 1800 3139">
     <span class='ocr_line' id='line_1_57' title="bbox 309 3061 1800 3139; baseline 0.003 -23"><span class='ocrx_word' id='word_1_359' title='bbox 309 3063 362 3116; x_wconf 86' lang='grc'><strong>5.</strong></span> <span class='ocrx_word' id='word_1_360' title='bbox 381 3062 439 3116; x_wconf 85' lang='grc'><strong>’0</strong></span> <span class='ocrx_word' id='word_1_361' title='bbox 469 3061 668 3134; x_wconf 78' lang='grc' dir='ltr'>’Δμνδς</span> <span class='ocrx_word' id='word_1_362' title='bbox 710 3062 805 3117; x_wconf 81' lang='grc' dir='ltr'><strong>τοῦ</strong></span> <span class='ocrx_word' id='word_1_363' title='bbox 843 3063 976 3117; x_wconf 89' lang='grc' dir='ltr'><strong>Θεοῦ</strong></span> <span class='ocrx_word' id='word_1_364' title='bbox 1013 3065 1040 3118; x_wconf 83' lang='grc' dir='ltr'>ὁ</span> <span class='ocrx_word' id='word_1_365' title='bbox 1067 3063 1237 3135; x_wconf 77' lang='grc' dir='ltr'>αἴρων</span> <span class='ocrx_word' id='word_1_366' title='bbox 1270 3064 1368 3139; x_wconf 83' lang='grc' dir='ltr'>τὴν</span> <span class='ocrx_word' id='word_1_367' title='bbox 1404 3065 1675 3138; x_wconf 80' lang='grc' dir='ltr'><strong>ἁμαρτίαν</strong></span> <span class='ocrx_word' id='word_1_368' title='bbox 1719 3065 1800 3122; x_wconf 62' lang='lat' dir='ltr'><strong>toi</strong></span> 
     </span>
    </p>
   </div>
   <div class='ocr_carea' id='block_1_58' title="bbox 1750 3061 3241 3142">
    <p class='ocr_par' dir='ltr' id='par_1_58' title="bbox 1750 3065 3241 3142">
     <span class='ocr_line' id='line_1_58' title="bbox 1750 3065 3241 3142; baseline 0.001 -20"><span class='ocrx_word' id='word_1_369' title='bbox 1750 3065 1814 3122; x_wconf 80' lang='grc' dir='ltr'>οὔ</span> <span class='ocrx_word' id='word_1_370' title='bbox 1992 3069 2046 3126; x_wconf 82' lang='lat'><strong>5.</strong></span> <span class='ocrx_word' id='word_1_371' title='bbox 2075 3069 2264 3142; x_wconf 80' lang='lat' dir='ltr'><strong>Agnus</strong></span> <span class='ocrx_word' id='word_1_372' title='bbox 2293 3069 2388 3124; x_wconf 90' lang='lat' dir='ltr'><strong>Dei</strong></span> <span class='ocrx_word' id='word_1_373' title='bbox 2413 3069 2508 3140; x_wconf 89' lang='lat' dir='ltr'><strong>qui</strong></span> <span class='ocrx_word' id='word_1_374' title='bbox 2542 3068 2680 3124; x_wconf 92' lang='lat' dir='ltr'><strong>tollit</strong></span> <span class='ocrx_word' id='word_1_375' title='bbox 2709 3074 2993 3139; x_wconf 88' lang='lat' dir='ltr'><strong>peccatum</strong></span> <span class='ocrx_word' id='word_1_376' title='bbox 3029 3065 3241 3124; x_wconf 88' lang='lat' dir='ltr'><strong>mundi.</strong></span> 
     </span>
    </p>
   </div>
   <div class='ocr_carea' id='block_1_59' title="bbox 232 3148 1885 3226">
    <p class='ocr_par' dir='ltr' id='par_1_59' title="bbox 232 3148 1885 3226">
     <span class='ocr_line' id='line_1_59' title="bbox 232 3148 1885 3226; baseline 0.004 -18"><span class='ocrx_word' id='word_1_377' title='bbox 232 3155 465 3226; x_wconf 73' lang='grc' dir='ltr'>κόσμου.</span> <span class='ocrx_word' id='word_1_378' title='bbox 1205 3185 1208 3188; x_wconf 70' lang='lat'><strong><em>~</em></strong></span> <span class='ocrx_word' id='word_1_379' title='bbox 1837 3148 1885 3214; x_wconf 83' lang='lat' dir='ltr'><strong><em>C</em></strong></span> 
     </span>
    </p>
   </div>
   <div class='ocr_carea' id='block_1_60' title="bbox 304 3246 1795 3330">
    <p class='ocr_par' dir='ltr' id='par_1_60' title="bbox 304 3246 1795 3322">
     <span class='ocr_line' id='line_1_60' title="bbox 304 3246 1795 3322; baseline 0.004 -22"><span class='ocrx_word' id='word_1_380' title='bbox 304 3247 357 3302; x_wconf 82' lang='lat'><strong>6.</strong></span> <span class='ocrx_word' id='word_1_381' title='bbox 399 3246 683 3319; x_wconf 82' lang='grc' dir='ltr'>Μακάριος</span> <span class='ocrx_word' id='word_1_382' title='bbox 727 3246 786 3300; x_wconf 85' lang='grc' dir='ltr'><strong>ὃν</strong></span> <span class='ocrx_word' id='word_1_383' title='bbox 832 3248 1047 3320; x_wconf 78' lang='grc' dir='ltr'>ὲρῤύσω</span> <span class='ocrx_word' id='word_1_384' title='bbox 1075 3251 1139 3303; x_wconf 83' lang='grc' dir='ltr'>ὲκ</span> <span class='ocrx_word' id='word_1_385' title='bbox 1165 3249 1241 3322; x_wconf 81' lang='lat'><strong>(5)</strong></span> <span class='ocrx_word' id='word_1_386' title='bbox 1271 3250 1378 3305; x_wconf 83' lang='grc' dir='ltr'>τῶν</span> <span class='ocrx_word' id='word_1_387' title='bbox 1406 3249 1691 3322; x_wconf 84' lang='grc' dir='ltr'>ἁμαρτιῶν</span> <span class='ocrx_word' id='word_1_388' title='bbox 1720 3252 1795 3306; x_wconf 73' lang='grc' dir='ltr'>αὐ</span> 
     </span>
    </p>
   </div>
   <div class='ocr_carea' id='block_1_61' title="bbox 1990 3246 3481 3330">
    <p class='ocr_par' dir='ltr' id='par_1_61' title="bbox 1990 3256 3481 3330">
     <span class='ocr_line' id='line_1_61' title="bbox 1990 3256 3481 3330; baseline -0.003 -14"><span class='ocrx_word' id='word_1_389' title='bbox 1990 3261 2039 3316; x_wconf 85' lang='grc' dir='ltr'><strong>ὁ.</strong></span> <span class='ocrx_word' id='word_1_390' title='bbox 2071 3259 2268 3315; x_wconf 86' lang='lat' dir='ltr'><strong>Beatus</strong></span> <span class='ocrx_word' id='word_1_391' title='bbox 2313 3273 2476 3330; x_wconf 88' lang='lat' dir='ltr'><strong>quem</strong></span> <span class='ocrx_word' id='word_1_392' title='bbox 2511 3257 2752 3314; x_wconf 90' lang='lat' dir='ltr'><strong>liberasti</strong></span> <span class='ocrx_word' id='word_1_393' title='bbox 2796 3273 2827 3313; x_wconf 92' lang='lat' dir='ltr'><strong>a</strong></span> <span class='ocrx_word' id='word_1_394' title='bbox 2854 3256 3090 3328; x_wconf 89' lang='lat' dir='ltr'><strong>peccatis</strong></span> <span class='ocrx_word' id='word_1_395' title='bbox 3120 3256 3256 3325; x_wconf 84' lang='lat' dir='ltr'><strong>suis,</strong></span> <span class='ocrx_word' id='word_1_396' title='bbox 3295 3265 3349 3312; x_wconf 89' lang='lat' dir='ltr'><strong>et</strong></span> <span class='ocrx_word' id='word_1_397' title='bbox 3379 3270 3481 3313; x_wconf 86' lang='lat' dir='ltr'><strong>cu-</strong></span> 
     </span>
    </p>
   </div>
   <div class='ocr_carea' id='block_1_62' title="bbox 231 3337 1722 3411">
    <p class='ocr_par' dir='ltr' id='par_1_62' title="bbox 231 3337 982 3408">
     <span class='ocr_line' id='line_1_62' title="bbox 231 3337 982 3408; baseline 0.004 -17"><span class='ocrx_word' id='word_1_398' title='bbox 231 3337 352 3403; x_wconf 80' lang='grc' dir='ltr'><strong>τοῢ,</strong></span> <span class='ocrx_word' id='word_1_399' title='bbox 385 3341 479 3392; x_wconf 77' lang='grc' dir='ltr'><strong>καὶ</strong></span> <span class='ocrx_word' id='word_1_400' title='bbox 502 3339 773 3408; x_wconf 79' lang='grc' dir='ltr'>ὲφύλαξας</span> <span class='ocrx_word' id='word_1_401' title='bbox 799 3341 982 3394; x_wconf 86' lang='grc' dir='ltr'>αὐτόν.</span> 
     </span>
    </p>
   </div>
   <div class='ocr_carea' id='block_1_63' title="bbox 816 3337 2307 3411">
    <p class='ocr_par' dir='ltr' id='par_1_63' title="bbox 816 3341 2307 3411">
     <span class='ocr_line' id='line_1_63' title="bbox 816 3341 2307 3411; baseline 0.011 -19"><span class='ocrx_word' id='word_1_402' title='bbox 816 3341 982 3394; x_wconf 84' lang='grc' dir='ltr'>ιύτόν.</span> <span class='ocrx_word' id='word_1_403' title='bbox 1917 3352 2130 3411; x_wconf 90' lang='lat' dir='ltr'><strong>stodisti</strong></span> <span class='ocrx_word' id='word_1_404' title='bbox 2161 3369 2307 3408; x_wconf 89' lang='lat' dir='ltr'><strong>eum.</strong></span> 
     </span>
    </p>
   </div>
   <div class='ocr_carea' id='block_1_64' title="bbox 309 3428 1800 3515">
    <p class='ocr_par' dir='ltr' id='par_1_64' title="bbox 309 3428 1314 3495">
     <span class='ocr_line' id='line_1_64' title="bbox 309 3428 1314 3495; baseline 0.006 -12"><span class='ocrx_word' id='word_1_405' title='bbox 309 3430 362 3485; x_wconf 91' lang='lat'><strong>7.</strong></span> <span class='ocrx_word' id='word_1_406' title='bbox 384 3428 475 3483; x_wconf 83' lang='lat' dir='ltr'><strong>’Ev</strong></span> <span class='ocrx_word' id='word_1_407' title='bbox 502 3433 623 3494; x_wconf 84' lang='grc' dir='ltr'>ταῖς</span> <span class='ocrx_word' id='word_1_408' title='bbox 649 3431 894 3495; x_wconf 85' lang='grc' dir='ltr'>αἰωνίαις</span> <span class='ocrx_word' id='word_1_409' title='bbox 925 3432 1314 3489; x_wconf 83' lang='grc' dir='ltr'><strong>ἀναπαύσεσιν.</strong></span> 
     </span>
    </p>
   </div>
   <div class='ocr_carea' id='block_1_65' title="bbox 1222 3428 2713 3515">
    <p class='ocr_par' dir='ltr' id='par_1_65' title="bbox 1222 3443 2713 3515">
     <span class='ocr_line' id='line_1_65' title="bbox 1222 3443 2713 3515; baseline 0.008 -29"><span class='ocrx_word' id='word_1_410' title='bbox 1222 3450 1314 3489; x_wconf 73' lang='grc' dir='ltr'>τιν.</span> <span class='ocrx_word' id='word_1_411' title='bbox 1991 3447 2042 3502; x_wconf 90' lang='grc'>7.</span> <span class='ocrx_word' id='word_1_412' title='bbox 2075 3445 2133 3499; x_wconf 91' lang='lat' dir='ltr'><strong>ln</strong></span> <span class='ocrx_word' id='word_1_413' title='bbox 2153 3444 2370 3500; x_wconf 65' lang='lat' dir='ltr'><strong>aeternis</strong></span> <span class='ocrx_word' id='word_1_414' title='bbox 2397 3443 2713 3515; x_wconf 77' lang='lat' dir='ltr'><strong>refrigeriis.</strong></span> 
     </span>
    </p>
   </div>
   <div class='ocr_carea' id='block_1_66' title="bbox 307 3521 1798 3606">
    <p class='ocr_par' dir='ltr' id='par_1_66' title="bbox 307 3521 1789 3596">
     <span class='ocr_line' id='line_1_66' title="bbox 307 3521 1789 3596; baseline 0.003 -21"><span class='ocrx_word' id='word_1_415' title='bbox 307 3522 361 3577; x_wconf 89' lang='lat'><strong>8.</strong></span> <span class='ocrx_word' id='word_1_416' title='bbox 380 3521 819 3594; x_wconf 84' lang='grc' dir='ltr'>Ἐμπλησθῶμεν</span> <span class='ocrx_word' id='word_1_417' title='bbox 847 3525 958 3580; x_wconf 72' lang='grc' dir='ltr'><strong>τῶν</strong></span> <span class='ocrx_word' id='word_1_418' title='bbox 989 3525 1374 3596; x_wconf 85' lang='grc' dir='ltr'><strong>δικαιωμάτων</strong></span> <span class='ocrx_word' id='word_1_419' title='bbox 1406 3524 1501 3579; x_wconf 77' lang='grc' dir='ltr'>τοῦ</span> <span class='ocrx_word' id='word_1_420' title='bbox 1538 3526 1666 3580; x_wconf 81' lang='grc' dir='ltr'>λαοῦ</span> <span class='ocrx_word' id='word_1_421' title='bbox 1696 3543 1789 3580; x_wconf 93' lang='grc' dir='ltr'><strong>σου</strong></span> 
     </span>
    </p>
   </div>
   <div class='ocr_carea' id='block_1_67' title="bbox 1775 3521 3266 3606">
    <p class='ocr_par' dir='ltr' id='par_1_67' title="bbox 1775 3531 3266 3606">
     <span class='ocr_line' id='line_1_67' title="bbox 1775 3531 3266 3606; baseline -0.004 -15"><span class='ocrx_word' id='word_1_422' title='bbox 1775 3546 1812 3582; x_wconf 66' lang='grc' dir='ltr'>ιο</span> <span class='ocrx_word' id='word_1_423' title='bbox 1984 3535 2038 3590; x_wconf 89' lang='grc'><strong>8.</strong></span> <span class='ocrx_word' id='word_1_424' title='bbox 2067 3535 2414 3606; x_wconf 82' lang='lat' dir='ltr'><strong>Replebimur</strong></span> <span class='ocrx_word' id='word_1_425' title='bbox 2430 3532 2910 3604; x_wconf 84' lang='lat' dir='ltr'><strong>justiticationibus</strong></span> <span class='ocrx_word' id='word_1_426' title='bbox 2940 3531 3128 3601; x_wconf 90' lang='lat' dir='ltr'><strong>populi</strong></span> <span class='ocrx_word' id='word_1_427' title='bbox 3169 3531 3266 3585; x_wconf 88' lang='lat' dir='ltr'><strong>tui.</strong></span> 
     </span>
    </p>
   </div>
   <div class='ocr_carea' id='block_1_68' title="bbox 310 3608 1801 3693">
    <p class='ocr_par' dir='ltr' id='par_1_68' title="bbox 310 3610 1801 3680">
     <span class='ocr_line' id='line_1_68' title="bbox 310 3610 1801 3680; baseline 0 -11"><span class='ocrx_word' id='word_1_428' title='bbox 310 3614 365 3669; x_wconf 88' lang='lat'><strong>9.</strong></span> <span class='ocrx_word' id='word_1_429' title='bbox 386 3612 446 3668; x_wconf 85' lang='lat'><strong>&#39;0</strong></span> <span class='ocrx_word' id='word_1_430' title='bbox 471 3613 600 3676; x_wconf 81' lang='grc' dir='ltr'>λαὸς</span> <span class='ocrx_word' id='word_1_431' title='bbox 615 3614 642 3666; x_wconf 85' lang='grc' dir='ltr'>ὁ</span> <span class='ocrx_word' id='word_1_432' title='bbox 674 3614 945 3668; x_wconf 82' lang='grc' dir='ltr'>πιστεύων</span> <span class='ocrx_word' id='word_1_433' title='bbox 966 3616 1046 3678; x_wconf 88' lang='grc' dir='ltr'><strong>είς</strong></span> <span class='ocrx_word' id='word_1_434' title='bbox 1063 3615 1140 3680; x_wconf 85' lang='grc' dir='ltr'><strong>σὲ,</strong></span> <span class='ocrx_word' id='word_1_435' title='bbox 1161 3617 1216 3668; x_wconf 85' lang='grc' dir='ltr'>ὲν</span> <span class='ocrx_word' id='word_1_436' title='bbox 1233 3610 1314 3678; x_wconf 79' lang='grc' dir='ltr'><strong>οἷς</strong></span> <span class='ocrx_word' id='word_1_437' title='bbox 1334 3615 1497 3678; x_wconf 83' lang='grc' dir='ltr'>αὐτὸς</span> <span class='ocrx_word' id='word_1_438' title='bbox 1521 3619 1801 3680; x_wconf 84' lang='grc' dir='ltr'>κατοικεῖς.</span> 
     </span>
    </p>
   </div>
   <div class='ocr_carea' id='block_1_69' title="bbox 1847 3608 3338 3693">
    <p class='ocr_par' dir='ltr' id='par_1_69' title="bbox 1853 3608 3338 3693">
     <span class='ocr_line' id='line_1_69' title="bbox 1853 3608 3338 3693; baseline -0.005 -13"><span class='ocrx_word' id='word_1_439' title='bbox 1853 3615 1865 3628; x_wconf 62' lang='grc'><strong>’“</strong></span> <span class='ocrx_word' id='word_1_440' title='bbox 1987 3626 2040 3680; x_wconf 90' lang='grc'><strong>9.</strong></span> <span class='ocrx_word' id='word_1_441' title='bbox 2072 3624 2310 3693; x_wconf 79' lang='lat' dir='ltr'><strong>Papulus</strong></span> <span class='ocrx_word' id='word_1_442' title='bbox 2335 3621 2563 3678; x_wconf 84' lang='lat' dir='ltr'><strong>credens</strong></span> <span class='ocrx_word' id='word_1_443' title='bbox 2588 3623 2642 3676; x_wconf 91' lang='lat' dir='ltr'><strong>in</strong></span> <span class='ocrx_word' id='word_1_444' title='bbox 2675 3631 2747 3686; x_wconf 92' lang='lat' dir='ltr'><strong>te,</strong></span> <span class='ocrx_word' id='word_1_445' title='bbox 2775 3621 2829 3674; x_wconf 90' lang='lat' dir='ltr'><strong>in</strong></span> <span class='ocrx_word' id='word_1_446' title='bbox 2866 3608 3070 3689; x_wconf 65' lang='lat' dir='ltr'><strong>ipso&#39;tu</strong></span> <span class='ocrx_word' id='word_1_447' title='bbox 3105 3619 3338 3673; x_wconf 88' lang='lat' dir='ltr'><strong>habitas.</strong></span> 
     </span>
    </p>
   </div>
   <div class='ocr_carea' id='block_1_70' title="bbox 313 3703 1804 3785">
    <p class='ocr_par' dir='ltr' id='par_1_70' title="bbox 313 3703 1804 3778">
     <span class='ocr_line' id='line_1_70' title="bbox 313 3703 1804 3778; baseline 0.001 -19"><span class='ocrx_word' id='word_1_448' title='bbox 313 3705 398 3759; x_wconf 90' lang='lat'><strong>10.</strong></span> <span class='ocrx_word' id='word_1_449' title='bbox 442 3703 885 3777; x_wconf 80' lang='grc' dir='ltr'>Πρὸσδεξαιτοὺς</span> <span class='ocrx_word' id='word_1_450' title='bbox 915 3705 1168 3777; x_wconf 78' lang='grc' dir='ltr'>ὕμνουςή</span> <span class='ocrx_word' id='word_1_451' title='bbox 1179 3705 1315 3777; x_wconf 82' lang='grc' dir='ltr'>μῶν,</span> <span class='ocrx_word' id='word_1_452' title='bbox 1349 3704 1444 3770; x_wconf 78' lang='grc' dir='ltr'>οὓς</span> <span class='ocrx_word' id='word_1_453' title='bbox 1477 3723 1558 3760; x_wconf 92' lang='grc' dir='ltr'><strong>σοι</strong></span> <span class='ocrx_word' id='word_1_454' title='bbox 1581 3707 1804 3778; x_wconf 82' lang='grc' dir='ltr'>προσφέ-</span> 
     </span>
    </p>
   </div>
   <div class='ocr_carea' id='block_1_71' title="bbox 1986 3703 3477 3785">
    <p class='ocr_par' dir='ltr' id='par_1_71' title="bbox 1986 3709 3477 3785">
     <span class='ocr_line' id='line_1_71' title="bbox 1986 3709 3477 3785; baseline -0.002 -16"><span class='ocrx_word' id='word_1_455' title='bbox 1986 3715 2074 3770; x_wconf 90' lang='grc'><strong>10.</strong></span> <span class='ocrx_word' id='word_1_456' title='bbox 2107 3713 2308 3785; x_wconf 82' lang='lat' dir='ltr'><strong>Excipe</strong></span> <span class='ocrx_word' id='word_1_457' title='bbox 2330 3713 2561 3784; x_wconf 86' lang='lat' dir='ltr'><strong>hymnos</strong></span> <span class='ocrx_word' id='word_1_458' title='bbox 2584 3719 2821 3778; x_wconf 89' lang='lat' dir='ltr'><strong>nostros,</strong></span> <span class='ocrx_word' id='word_1_459' title='bbox 2849 3725 2992 3781; x_wconf 89' lang='lat' dir='ltr'><strong>quos</strong></span> <span class='ocrx_word' id='word_1_460' title='bbox 3034 3709 3134 3766; x_wconf 89' lang='lat' dir='ltr'><strong>tibi</strong></span> <span class='ocrx_word' id='word_1_461' title='bbox 3178 3709 3477 3766; x_wconf 77' lang='lat' dir='ltr'><strong>ollerimus.</strong></span> 
     </span>
    </p>
   </div>
   <div class='ocr_carea' id='block_1_72' title="bbox 271 3816 425 3854">
    <p class='ocr_par' dir='ltr' id='par_1_72' title="bbox 271 3816 425 3854">
     <span class='ocr_line' id='line_1_72' title="bbox 271 3816 425 3854; baseline -0.006 0"><span class='ocrx_word' id='word_1_462' title='bbox 271 3816 425 3854; x_wconf 66' lang='grc' dir='ltr'>οαεν.</span> 
     </span>
    </p>
   </div>
   <div class='ocr_carea' id='block_1_73' title="bbox 238 3816 1729 3960">
    <p class='ocr_par' dir='ltr' id='par_1_73' title="bbox 238 3816 1601 3947">
     <span class='ocr_line' id='line_1_73' title="bbox 271 3816 425 3854; baseline -0.006 0"><span class='ocrx_word' id='word_1_463' title='bbox 271 3818 300 3854; x_wconf 91' lang='grc' dir='ltr'><strong>ο</strong></span> <span class='ocrx_word' id='word_1_464' title='bbox 377 3816 425 3853; x_wconf 92' lang='grc' dir='ltr'>ν.</span> 
     </span>
     <span class='ocr_line' id='line_1_74' title="bbox 238 3816 1601 3947; baseline 0.001 -1"><span class='ocrx_word' id='word_1_465' title='bbox 238 3816 270 3874; x_wconf 51' lang='grc' dir='ltr'>ρ</span> <span class='ocrx_word' id='word_1_466' title='bbox 440 3892 562 3945; x_wconf 86' lang='grc' dir='ltr'><strong>Τῶν</strong></span> <span class='ocrx_word' id='word_1_467' title='bbox 593 3891 865 3945; x_wconf 85' lang='grc' dir='ltr'><strong>Ἰουδαίων</strong></span> <span class='ocrx_word' id='word_1_468' title='bbox 897 3889 1124 3945; x_wconf 77' lang='grc' dir='ltr'>καὶτῶν</span> <span class='ocrx_word' id='word_1_469' title='bbox 1159 3889 1330 3944; x_wconf 75' lang='grc' dir='ltr'>ἐθνῶν</span> <span class='ocrx_word' id='word_1_470' title='bbox 1363 3889 1601 3947; x_wconf 79' lang='grc' dir='ltr'>πάντων.</span> 
     </span>
    </p>
   </div>
   <div class='ocr_carea' id='block_1_74' title="bbox 1579 3816 3070 3960">
    <p class='ocr_par' dir='ltr' id='par_1_74' title="bbox 1579 3887 3070 3960">
     <span class='ocr_line' id='line_1_75' title="bbox 1579 3887 3070 3960; baseline -0.002 -13"><span class='ocrx_word' id='word_1_471' title='bbox 1579 3910 1601 3947; x_wconf 58' lang='grc' dir='ltr'>ι.</span> <span class='ocrx_word' id='word_1_472' title='bbox 1986 3891 2073 3946; x_wconf 92' lang='grc'><strong>11.</strong></span> <span class='ocrx_word' id='word_1_473' title='bbox 2108 3889 2421 3946; x_wconf 65' lang='lat' dir='ltr'><strong>Iudaeorum</strong></span> <span class='ocrx_word' id='word_1_474' title='bbox 2445 3897 2500 3944; x_wconf 90' lang='lat' dir='ltr'><strong>et</strong></span> <span class='ocrx_word' id='word_1_475' title='bbox 2528 3887 2773 3944; x_wconf 89' lang='lat' dir='ltr'><strong>omnium</strong></span> <span class='ocrx_word' id='word_1_476' title='bbox 2803 3887 3070 3960; x_wconf 80' lang='lat' dir='ltr'><strong>gentium.</strong></span> 
     </span>
    </p>
   </div>
   <div class='ocr_carea' id='block_1_75' title="bbox 310 3979 1801 4051">
    <p class='ocr_par' dir='ltr' id='par_1_75' title="bbox 310 3979 1442 4050">
     <span class='ocr_line' id='line_1_76' title="bbox 310 3979 1442 4050; baseline -0.005 -13"><span class='ocrx_word' id='word_1_477' title='bbox 310 3982 399 4037; x_wconf 72' lang='grc' dir='ltr'><strong>η.</strong></span> <span class='ocrx_word' id='word_1_478' title='bbox 441 3980 728 4035; x_wconf 87' lang='grc' dir='ltr'>Ταπεινῶν</span> <span class='ocrx_word' id='word_1_479' title='bbox 755 3979 854 4044; x_wconf 82' lang='grc' dir='ltr'><strong>τὰς</strong></span> <span class='ocrx_word' id='word_1_480' title='bbox 885 3979 1134 4043; x_wconf 77' lang='grc' dir='ltr'>ἐναντίας</span> <span class='ocrx_word' id='word_1_481' title='bbox 1167 3979 1442 4050; x_wconf 86' lang='grc' dir='ltr'>δυνάμεις.</span> 
     </span>
    </p>
   </div>
   <div class='ocr_carea' id='block_1_76' title="bbox 1601 3979 3092 4051">
    <p class='ocr_par' dir='ltr' id='par_1_76' title="bbox 1987 3979 3092 4051">
     <span class='ocr_line' id='line_1_77' title="bbox 1987 3979 3092 4051; baseline -0.004 -13"><span class='ocrx_word' id='word_1_482' title='bbox 1987 3983 2075 4038; x_wconf 74' lang='grc'><strong>12.</strong></span> <span class='ocrx_word' id='word_1_483' title='bbox 2106 3981 2412 4038; x_wconf 90' lang='lat' dir='ltr'><strong>Humilians</strong></span> <span class='ocrx_word' id='word_1_484' title='bbox 2437 3979 2740 4036; x_wconf 90' lang='lat' dir='ltr'><strong>contrarias</strong></span> <span class='ocrx_word' id='word_1_485' title='bbox 2769 3987 3092 4051; x_wconf 88' lang='lat' dir='ltr'><strong>potestates.</strong></span> 
     </span>
    </p>
   </div>
   <div class='ocr_carea' id='block_1_77' title="bbox 307 4070 1798 4144">
    <p class='ocr_par' dir='ltr' id='par_1_77' title="bbox 307 4071 1169 4144">
     <span class='ocr_line' id='line_1_78' title="bbox 307 4071 1169 4144; baseline -0.008 -14"><span class='ocrx_word' id='word_1_486' title='bbox 307 4075 396 4130; x_wconf 78' lang='lat'><strong>15.</strong></span> <span class='ocrx_word' id='word_1_487' title='bbox 416 4073 747 4144; x_wconf 82' lang='grc' dir='ltr'>Ἐρχόμενος</span> <span class='ocrx_word' id='word_1_488' title='bbox 776 4074 833 4125; x_wconf 73' lang='grc' dir='ltr'><strong>ιν</strong></span> <span class='ocrx_word' id='word_1_489' title='bbox 862 4071 1169 4142; x_wconf 82' lang='grc' dir='ltr'>δυναστείᾳ.</span> 
     </span>
    </p>
   </div>
   <div class='ocr_carea' id='block_1_78' title="bbox 1217 4070 2708 4144">
    <p class='ocr_par' dir='ltr' id='par_1_78' title="bbox 1989 4070 2708 4140">
     <span class='ocr_line' id='line_1_79' title="bbox 1989 4070 2708 4140; baseline -0.001 -14"><span class='ocrx_word' id='word_1_490' title='bbox 1989 4073 2076 4127; x_wconf 82' lang='grc'><strong>1³5.</strong></span> <span class='ocrx_word' id='word_1_491' title='bbox 2103 4070 2342 4128; x_wconf 78' lang='lat' dir='ltr'><strong>Veniens</strong></span> <span class='ocrx_word' id='word_1_492' title='bbox 2367 4070 2423 4125; x_wconf 90' lang='lat' dir='ltr'><strong>in</strong></span> <span class='ocrx_word' id='word_1_493' title='bbox 2446 4070 2708 4140; x_wconf 89' lang='lat' dir='ltr'><strong>potentia.</strong></span> 
     </span>
    </p>
   </div>
   <div class='ocr_carea' id='block_1_79' title="bbox 305 4159 1796 4240">
    <p class='ocr_par' dir='ltr' id='par_1_79' title="bbox 305 4161 1796 4240">
     <span class='ocr_line' id='line_1_80' title="bbox 305 4161 1796 4240; baseline -0.005 -18"><span class='ocrx_word' id='word_1_494' title='bbox 305 4169 396 4222; x_wconf 73' lang='grc'><strong>14.</strong></span> <span class='ocrx_word' id='word_1_495' title='bbox 423 4168 483 4221; x_wconf 84' lang='lat'><strong>&#39;0</strong></span> <span class='ocrx_word' id='word_1_496' title='bbox 500 4165 802 4240; x_wconf 74' lang='grc' dir='ltr'>συντρίϐων</span> <span class='ocrx_word' id='word_1_497' title='bbox 822 4165 883 4220; x_wconf 84' lang='grc' dir='ltr'>τὸ</span> <span class='ocrx_word' id='word_1_498' title='bbox 908 4165 1074 4237; x_wconf 81' lang='grc' dir='ltr'>κέρας</span> <span class='ocrx_word' id='word_1_499' title='bbox 1102 4164 1194 4218; x_wconf 79' lang='grc' dir='ltr'>τοῦ</span> <span class='ocrx_word' id='word_1_500' title='bbox 1221 4164 1481 4236; x_wconf 78' lang='grc' dir='ltr'>ἄρχοντος</span> <span class='ocrx_word' id='word_1_501' title='bbox 1499 4161 1592 4217; x_wconf 82' lang='grc' dir='ltr'>τοῦ</span> <span class='ocrx_word' id='word_1_502' title='bbox 1610 4162 1796 4234; x_wconf 76' lang='grc' dir='ltr'>κόσμοι</span> 
     </span>
    </p>
   </div>
   <div class='ocr_carea' id='block_1_80' title="bbox 1815 4159 3306 4240">
    <p class='ocr_par' dir='ltr' id='par_1_80' title="bbox 1980 4159 3306 4233">
     <span class='ocr_line' id='line_1_81' title="bbox 1980 4159 3306 4233; baseline -0.002 -13"><span class='ocrx_word' id='word_1_503' title='bbox 1980 4162 2070 4220; x_wconf 74' lang='grc'><strong>14.</strong></span> <span class='ocrx_word' id='word_1_504' title='bbox 2099 4163 2396 4220; x_wconf 89' lang='lat' dir='ltr'><strong>Conterens</strong></span> <span class='ocrx_word' id='word_1_505' title='bbox 2427 4177 2599 4218; x_wconf 92' lang='lat' dir='ltr'><strong>cornu</strong></span> <span class='ocrx_word' id='word_1_506' title='bbox 2621 4160 2883 4233; x_wconf 86' lang='lat' dir='ltr'><strong>principis</strong></span> <span class='ocrx_word' id='word_1_507' title='bbox 2905 4160 3095 4216; x_wconf 89' lang='lat' dir='ltr'><strong>mundi</strong></span> <span class='ocrx_word' id='word_1_508' title='bbox 3119 4159 3306 4230; x_wconf 86' lang='lat' dir='ltr'><strong>hujus.</strong></span> 
     </span>
    </p>
   </div>
   <div class='ocr_carea' id='block_1_81' title="bbox 233 4260 448 4315">
    <p class='ocr_par' dir='ltr' id='par_1_81' title="bbox 233 4260 448 4315">
     <span class='ocr_line' id='line_1_82' title="bbox 233 4260 448 4315; baseline 0 -1"><span class='ocrx_word' id='word_1_509' title='bbox 233 4260 448 4315; x_wconf 81' lang='grc' dir='ltr'>τούτου.</span> 
     </span>
    </p>
   </div>
   <div class='ocr_carea' id='block_1_82' title="bbox 308 4338 1799 4418">
    <p class='ocr_par' dir='ltr' id='par_1_82' title="bbox 308 4345 1799 4418">
     <span class='ocr_line' id='line_1_83' title="bbox 308 4345 1799 4418; baseline -0.005 -12"><span class='ocrx_word' id='word_1_510' title='bbox 308 4353 397 4407; x_wconf 87' lang='grc'><strong>15.</strong></span> <span class='ocrx_word' id='word_1_511' title='bbox 440 4351 552 4415; x_wconf 82' lang='grc' dir='ltr'><strong>Τάς</strong></span> <span class='ocrx_word' id='word_1_512' title='bbox 568 4348 834 4412; x_wconf 75' lang='grc' dir='ltr'>ὑποϐολὰς</span> <span class='ocrx_word' id='word_1_513' title='bbox 847 4347 954 4402; x_wconf 86' lang='grc' dir='ltr'>τῶν</span> <span class='ocrx_word' id='word_1_514' title='bbox 970 4346 1228 4412; x_wconf 74' lang='grc' dir='ltr'>ἐξουσιῶν</span> <span class='ocrx_word' id='word_1_515' title='bbox 1243 4345 1335 4400; x_wconf 81' lang='grc' dir='ltr'>τοῦ</span> <span class='ocrx_word' id='word_1_516' title='bbox 1362 4346 1454 4416; x_wconf 84' lang='grc' dir='ltr'><strong>ὲχθ</strong></span> <span class='ocrx_word' id='word_1_517' title='bbox 1464 4345 1554 4418; x_wconf 79' lang='grc' dir='ltr'>ροῧ</span> <span class='ocrx_word' id='word_1_518' title='bbox 1579 4345 1660 4409; x_wconf 88' lang='grc' dir='ltr'>τίς</span> <span class='ocrx_word' id='word_1_519' title='bbox 1680 4346 1799 4399; x_wconf 81' lang='grc' dir='ltr'>ὑπο·</span> 
     </span>
    </p>
   </div>
   <div class='ocr_carea' id='block_1_83' title="bbox 1922 4338 3413 4418">
    <p class='ocr_par' dir='ltr' id='par_1_83' title="bbox 1987 4338 3413 4415">
     <span class='ocr_line' id='line_1_84' title="bbox 1987 4338 3413 4415; baseline -0.005 -15"><span class='ocrx_word' id='word_1_520' title='bbox 1987 4346 2074 4402; x_wconf 77' lang='grc'><strong>15.</strong></span> <span class='ocrx_word' id='word_1_521' title='bbox 2101 4343 2333 4401; x_wconf 85' lang='lat' dir='ltr'><strong>Insidias</strong></span> <span class='ocrx_word' id='word_1_522' title='bbox 2355 4353 2681 4415; x_wconf 90' lang='lat' dir='ltr'><strong>potestatum</strong></span> <span class='ocrx_word' id='word_1_523' title='bbox 2703 4341 2911 4397; x_wconf 89' lang='lat' dir='ltr'><strong>inimici</strong></span> <span class='ocrx_word' id='word_1_524' title='bbox 2937 4339 3063 4411; x_wconf 88' lang='lat' dir='ltr'><strong>quis</strong></span> <span class='ocrx_word' id='word_1_525' title='bbox 3086 4338 3413 4395; x_wconf 79' lang='lat' dir='ltr'><strong>sustinebit?</strong></span> 
     </span>
    </p>
   </div>
   <div class='ocr_carea' id='block_1_84' title="bbox 278 4446 753 4511">
    <p class='ocr_par' dir='ltr' id='par_1_84' title="bbox 278 4446 753 4511">
     <span class='ocr_line' id='line_1_85' title="bbox 278 4446 753 4511; baseline 0 -11"><span class='ocrx_word' id='word_1_526' title='bbox 278 4446 431 4511; x_wconf 71' lang='grc' dir='ltr'>ἕρεις</span> <span class='ocrx_word' id='word_1_527' title='bbox 731 4469 753 4489; x_wconf 75' lang='grc' dir='ltr'><strong>ο</strong></span> 
     </span>
    </p>
   </div>
   <div class='ocr_carea' id='block_1_85' title="bbox 233 4463 1724 4606">
    <p class='ocr_par' dir='ltr' id='par_1_85' title="bbox 233 4463 1724 4606">
     <span class='ocr_line' id='line_1_86' title="bbox 233 4463 1724 4606; baseline -0.006 -15"><span class='ocrx_word' id='word_1_528' title='bbox 233 4463 676 4606; x_wconf 31' lang='grc' dir='ltr'><strong>φυῗὲῗίεμφοὸα</strong></span> <span class='ocrx_word' id='word_1_529' title='bbox 707 4533 943 4606; x_wconf 78' lang='grc' dir='ltr'>ἕντρομα</span> <span class='ocrx_word' id='word_1_530' title='bbox 971 4529 1047 4602; x_wconf 73' lang='grc'><strong>(4)</strong></span> <span class='ocrx_word' id='word_1_531' title='bbox 1094 4529 1414 4600; x_wconf 82' lang='grc' dir='ltr'>γενήσονται</span> <span class='ocrx_word' id='word_1_532' title='bbox 1455 4527 1524 4581; x_wconf 83' lang='grc' dir='ltr'>τὰ</span> <span class='ocrx_word' id='word_1_533' title='bbox 1558 4527 1724 4600; x_wconf 79' lang='grc' dir='ltr'><strong>ἔθνηό</strong></span> 
     </span>
    </p>
   </div>
   <div class='ocr_carea' id='block_1_86' title="bbox 1986 4463 3477 4606">
    <p class='ocr_par' dir='ltr' id='par_1_86' title="bbox 1987 4517 3477 4591">
     <span class='ocr_line' id='line_1_87' title="bbox 1987 4517 3477 4591; baseline -0.005 -13"><span class='ocrx_word' id='word_1_534' title='bbox 1987 4523 2073 4578; x_wconf 90' lang='grc'><strong>16.</strong></span> <span class='ocrx_word' id='word_1_535' title='bbox 2105 4522 2330 4577; x_wconf 67' lang='lat' dir='ltr'><strong>Timidaa</strong></span> <span class='ocrx_word' id='word_1_536' title='bbox 2368 4536 2433 4576; x_wconf 92' lang='lat' dir='ltr'><strong>ac</strong></span> <span class='ocrx_word' id='word_1_537' title='bbox 2472 4519 2695 4591; x_wconf 71' lang='lat' dir='ltr'><strong>trepida:</strong></span> <span class='ocrx_word' id='word_1_538' title='bbox 2720 4520 2850 4575; x_wconf 81' lang='lat' dir='ltr'><strong>ﬁent</strong></span> <span class='ocrx_word' id='word_1_539' title='bbox 2880 4527 3069 4591; x_wconf 79' lang='lat' dir='ltr'><strong>gentes</strong></span> <span class='ocrx_word' id='word_1_540' title='bbox 3107 4517 3179 4574; x_wconf 89' lang='lat' dir='ltr'><strong>ob</strong></span> <span class='ocrx_word' id='word_1_541' title='bbox 3209 4517 3477 4573; x_wconf 85' lang='lat' dir='ltr'><strong>mirabilia</strong></span> 
     </span>
    </p>
   </div>
   <div class='ocr_carea' id='block_1_87' title="bbox 231 4615 1722 4699">
    <p class='ocr_par' dir='ltr' id='par_1_87' title="bbox 231 4618 1278 4699">
     <span class='ocr_line' id='line_1_88' title="bbox 231 4618 1278 4699; baseline -0.009 -15"><span class='ocrx_word' id='word_1_542' title='bbox 231 4631 346 4684; x_wconf 82' lang='grc' dir='ltr'>τῶν</span> <span class='ocrx_word' id='word_1_543' title='bbox 379 4629 672 4699; x_wconf 81' lang='grc' dir='ltr'>θαυμάτων</span> <span class='ocrx_word' id='word_1_544' title='bbox 709 4642 824 4691; x_wconf 89' lang='grc' dir='ltr'>σου,</span> <span class='ocrx_word' id='word_1_545' title='bbox 853 4618 928 4679; x_wconf 86' lang='grc' dir='ltr'><strong>ὧν</strong></span> <span class='ocrx_word' id='word_1_546' title='bbox 956 4622 1278 4694; x_wconf 81' lang='grc' dir='ltr'><strong>ἀκηκόασιν.</strong></span> 
     </span>
    </p>
   </div>
   <div class='ocr_carea' id='block_1_88' title="bbox 1032 4615 2523 4699">
    <p class='ocr_par' dir='ltr' id='par_1_88' title="bbox 1032 4615 2523 4694">
     <span class='ocr_line' id='line_1_89' title="bbox 1032 4615 2523 4694; baseline -0.005 -20"><span class='ocrx_word' id='word_1_547' title='bbox 1032 4622 1278 4694; x_wconf 80' lang='grc' dir='ltr'>ηκόασιν.</span> <span class='ocrx_word' id='word_1_548' title='bbox 1916 4626 2007 4672; x_wconf 91' lang='lat' dir='ltr'><strong>tua</strong></span> <span class='ocrx_word' id='word_1_549' title='bbox 2032 4632 2152 4688; x_wconf 85' lang='lat' dir='ltr'><strong>quae</strong></span> <span class='ocrx_word' id='word_1_550' title='bbox 2179 4615 2523 4671; x_wconf 85' lang='lat' dir='ltr'><strong>audiverunt.</strong></span> 
     </span>
    </p>
   </div>
   <div class='ocr_carea' id='block_1_89' title="bbox 309 4703 1800 4790">
    <p class='ocr_par' dir='ltr' id='par_1_89' title="bbox 309 4711 1800 4790">
     <span class='ocr_line' id='line_1_90' title="bbox 309 4711 1800 4790; baseline -0.008 -15"><span class='ocrx_word' id='word_1_551' title='bbox 309 4722 394 4777; x_wconf 89' lang='lat'><strong>17.</strong></span> <span class='ocrx_word' id='word_1_552' title='bbox 416 4719 508 4773; x_wconf 85' lang='lat' dir='ltr'><strong>‘Ev</strong></span> <span class='ocrx_word' id='word_1_553' title='bbox 538 4719 615 4790; x_wconf 82' lang='grc' dir='ltr'>τῷ</span> <span class='ocrx_word' id='word_1_554' title='bbox 646 4719 785 4789; x_wconf 83' lang='grc' dir='ltr'>φωτί</span> <span class='ocrx_word' id='word_1_555' title='bbox 820 4734 911 4770; x_wconf 92' lang='grc' dir='ltr'><strong>σου</strong></span> <span class='ocrx_word' id='word_1_556' title='bbox 939 4714 1227 4783; x_wconf 80' lang='grc' dir='ltr'>ὲξαγάγεις</span> <span class='ocrx_word' id='word_1_557' title='bbox 1248 4711 1316 4765; x_wconf 82' lang='grc' dir='ltr'>τὰ</span> <span class='ocrx_word' id='word_1_558' title='bbox 1343 4711 1492 4782; x_wconf 77' lang='grc' dir='ltr'>ἔθνη,</span> <span class='ocrx_word' id='word_1_559' title='bbox 1538 4711 1632 4764; x_wconf 69' lang='grc' dir='ltr'>καὶ</span> <span class='ocrx_word' id='word_1_560' title='bbox 1660 4711 1718 4764; x_wconf 81' lang='grc' dir='ltr'>ἐν</span> <span class='ocrx_word' id='word_1_561' title='bbox 1750 4713 1800 4781; x_wconf 68' lang='grc' dir='ltr'>τῇ</span> 
     </span>
    </p>
   </div>
   <div class='ocr_carea' id='block_1_90' title="bbox 1990 4703 3481 4790">
    <p class='ocr_par' dir='ltr' id='par_1_90' title="bbox 1990 4703 3481 4774">
     <span class='ocr_line' id='line_1_91' title="bbox 1990 4703 3481 4774; baseline -0.004 -12"><span class='ocrx_word' id='word_1_562' title='bbox 1990 4709 2077 4765; x_wconf 88' lang='grc'><strong>17.</strong></span> <span class='ocrx_word' id='word_1_563' title='bbox 2105 4708 2161 4762; x_wconf 86' lang='grc' dir='ltr'>1η</span> <span class='ocrx_word' id='word_1_564' title='bbox 2190 4707 2312 4762; x_wconf 91' lang='lat' dir='ltr'><strong>luce</strong></span> <span class='ocrx_word' id='word_1_565' title='bbox 2352 4715 2445 4760; x_wconf 91' lang='lat' dir='ltr'><strong>tua</strong></span> <span class='ocrx_word' id='word_1_566' title='bbox 2473 4703 2663 4760; x_wconf 78' lang='lat' dir='ltr'><strong>educis</strong></span> <span class='ocrx_word' id='word_1_567' title='bbox 2699 4711 2906 4774; x_wconf 80' lang='lat' dir='ltr'><strong>gentes,</strong></span> <span class='ocrx_word' id='word_1_568' title='bbox 2935 4712 2992 4758; x_wconf 90' lang='lat' dir='ltr'><strong>et</strong></span> <span class='ocrx_word' id='word_1_569' title='bbox 3038 4703 3094 4758; x_wconf 92' lang='lat' dir='ltr'><strong>in</strong></span> <span class='ocrx_word' id='word_1_570' title='bbox 3133 4715 3481 4759; x_wconf 85' lang='lat' dir='ltr'><strong>consumma-</strong></span> 
     </span>
    </p>
   </div>
   <div class='ocr_carea' id='block_1_91' title="bbox 237 4796 1728 4884">
    <p class='ocr_par' dir='ltr' id='par_1_91' title="bbox 237 4803 1728 4884">
     <span class='ocr_line' id='line_1_92' title="bbox 237 4803 1728 4884; baseline -0.009 -17"><span class='ocrx_word' id='word_1_571' title='bbox 237 4813 519 4884; x_wconf 67' lang='grc' dir='ltr'>συντελείᾳ</span> <span class='ocrx_word' id='word_1_572' title='bbox 549 4811 643 4864; x_wconf 76' lang='grc' dir='ltr'>τοῦ</span> <span class='ocrx_word' id='word_1_573' title='bbox 675 4810 865 4872; x_wconf 84' lang='grc' dir='ltr'>αἰῶνος</span> <span class='ocrx_word' id='word_1_574' title='bbox 907 4807 1212 4879; x_wconf 84' lang='grc' dir='ltr'>πληρώσεις</span> <span class='ocrx_word' id='word_1_575' title='bbox 1245 4804 1386 4858; x_wconf 80' lang='grc' dir='ltr'><strong>αὺτά</strong></span> <span class='ocrx_word' id='word_1_576' title='bbox 1413 4803 1728 4873; x_wconf 62' lang='grc' dir='ltr'>ἀγαλλιάσει</span> 
     </span>
    </p>
   </div>
   <div class='ocr_carea' id='block_1_92' title="bbox 1601 4796 3092 4884">
    <p class='ocr_par' dir='ltr' id='par_1_92' title="bbox 1601 4796 3092 4867">
     <span class='ocr_line' id='line_1_93' title="bbox 1601 4796 3092 4867; baseline -0.001 -14"><span class='ocrx_word' id='word_1_577' title='bbox 1601 4803 1816 4856; x_wconf 76' lang='grc' dir='ltr'>άσεται.</span> <span class='ocrx_word' id='word_1_578' title='bbox 1921 4801 2069 4856; x_wconf 89' lang='lat' dir='ltr'><strong>tione</strong></span> <span class='ocrx_word' id='word_1_579' title='bbox 2108 4798 2291 4855; x_wconf 54' lang='lat' dir='ltr'><strong>saeculi</strong></span> <span class='ocrx_word' id='word_1_580' title='bbox 2322 4796 2571 4867; x_wconf 83' lang='lat' dir='ltr'><strong>implebis</strong></span> <span class='ocrx_word' id='word_1_581' title='bbox 2598 4811 2691 4852; x_wconf 89' lang='lat' dir='ltr'><strong>eas</strong></span> <span class='ocrx_word' id='word_1_582' title='bbox 2713 4797 3092 4852; x_wconf 81' lang='lat' dir='ltr'><strong>exsultatione.</strong></span> 
     </span>
    </p>
   </div>
   <div class='ocr_carea' id='block_1_93' title="bbox 309 4884 1800 4974">
    <p class='ocr_par' dir='ltr' id='par_1_93' title="bbox 309 4893 1800 4974">
     <span class='ocr_line' id='line_1_94' title="bbox 309 4893 1800 4974; baseline -0.01 -14"><span class='ocrx_word' id='word_1_583' title='bbox 309 4906 397 4960; x_wconf 91' lang='lat'><strong>18.</strong></span> <span class='ocrx_word' id='word_1_584' title='bbox 421 4905 547 4958; x_wconf 80' lang='grc' dir='ltr'><strong>Ἐπὶ</strong></span> <span class='ocrx_word' id='word_1_585' title='bbox 598 4903 699 4974; x_wconf 82' lang='grc' dir='ltr'>τῆς</span> <span class='ocrx_word' id='word_1_586' title='bbox 744 4901 851 4972; x_wconf 80' lang='grc' dir='ltr'>γῆς</span> <span class='ocrx_word' id='word_1_587' title='bbox 887 4899 1092 4970; x_wconf 77' lang='grc' dir='ltr'>ὤφθης,</span> <span class='ocrx_word' id='word_1_588' title='bbox 1124 4897 1218 4951; x_wconf 70' lang='grc' dir='ltr'><strong>καὶ</strong></span> <span class='ocrx_word' id='word_1_589' title='bbox 1265 4895 1445 4966; x_wconf 85' lang='grc' dir='ltr'>πάσης</span> <span class='ocrx_word' id='word_1_590' title='bbox 1485 4893 1800 4966; x_wconf 57' lang='grc' dir='ltr'>εὐφροσύνη</span> 
     </span>
    </p>
   </div>
   <div class='ocr_carea' id='block_1_94' title="bbox 1987 4884 3478 4974">
    <p class='ocr_par' dir='ltr' id='par_1_94' title="bbox 1994 4884 3478 4957">
     <span class='ocr_line' id='line_1_95' title="bbox 1994 4884 3478 4957; baseline -0.003 -12"><span class='ocrx_word' id='word_1_591' title='bbox 1994 4892 2080 4945; x_wconf 88' lang='grc'><strong>18.</strong></span> <span class='ocrx_word' id='word_1_592' title='bbox 2107 4889 2162 4944; x_wconf 90' lang='lat' dir='ltr'><strong>ln</strong></span> <span class='ocrx_word' id='word_1_593' title='bbox 2197 4898 2338 4945; x_wconf 85' lang='lat' dir='ltr'><strong>terra</strong></span> <span class='ocrx_word' id='word_1_594' title='bbox 2379 4889 2532 4945; x_wconf 89' lang='lat' dir='ltr'><strong>visus</strong></span> <span class='ocrx_word' id='word_1_595' title='bbox 2578 4904 2658 4956; x_wconf 89' lang='lat' dir='ltr'><strong>cs,</strong></span> <span class='ocrx_word' id='word_1_596' title='bbox 2695 4897 2751 4944; x_wconf 90' lang='lat' dir='ltr'><strong>et</strong></span> <span class='ocrx_word' id='word_1_597' title='bbox 2777 4890 2927 4945; x_wconf 89' lang='lat' dir='ltr'><strong>omni</strong></span> <span class='ocrx_word' id='word_1_598' title='bbox 2976 4889 3163 4944; x_wconf 70' lang='lat' dir='ltr'><strong>laetitia</strong></span> <span class='ocrx_word' id='word_1_599' title='bbox 3206 4884 3478 4957; x_wconf 89' lang='lat' dir='ltr'><strong>replevisti</strong></span> 
     </span>
    </p>
   </div>
   <div class='ocr_carea' id='block_1_95' title="bbox 236 4983 1727 5069">
    <p class='ocr_par' dir='ltr' id='par_1_95' title="bbox 236 4989 1077 5069">
     <span class='ocr_line' id='line_1_96' title="bbox 236 4989 1077 5069; baseline -0.012 -18"><span class='ocrx_word' id='word_1_600' title='bbox 236 4998 566 5069; x_wconf 78' lang='grc' dir='ltr'>ἐπλήρωσας</span> <span class='ocrx_word' id='word_1_601' title='bbox 587 4995 715 5058; x_wconf 76' lang='grc' dir='ltr'>τοὺς</span> <span class='ocrx_word' id='word_1_602' title='bbox 738 4991 834 5046; x_wconf 89' lang='grc' dir='ltr'><strong>ἀνθ</strong></span> <span class='ocrx_word' id='word_1_603' title='bbox 845 4989 1077 5063; x_wconf 86' lang='grc' dir='ltr'>ρώπους.</span> 
     </span>
    </p>
   </div>
   <div class='ocr_carea' id='block_1_96' title="bbox 690 4983 2181 5069">
    <p class='ocr_par' dir='ltr' id='par_1_96' title="bbox 690 4983 2181 5063">
     <span class='ocr_line' id='line_1_97' title="bbox 690 4983 2181 5063; baseline -0.007 -17"><span class='ocrx_word' id='word_1_604' title='bbox 690 5012 715 5058; x_wconf 89' lang='grc' dir='ltr'><strong>ς</strong></span> <span class='ocrx_word' id='word_1_605' title='bbox 738 4991 834 5046; x_wconf 88' lang='grc' dir='ltr'><strong>ἀνθ</strong></span> <span class='ocrx_word' id='word_1_606' title='bbox 845 4989 1077 5063; x_wconf 84' lang='grc' dir='ltr'>ρώπους.</span> <span class='ocrx_word' id='word_1_607' title='bbox 1916 4983 2181 5038; x_wconf 88' lang='lat' dir='ltr'><strong>homines.</strong></span> 
     </span>
    </p>
   </div>
   <div class='ocr_carea' id='block_1_97' title="bbox 314 5070 1805 5160">
    <p class='ocr_par' dir='ltr' id='par_1_97' title="bbox 314 5076 1805 5160">
     <span class='ocr_line' id='line_1_98' title="bbox 314 5076 1805 5160; baseline -0.011 -16"><span class='ocrx_word' id='word_1_608' title='bbox 314 5091 402 5146; x_wconf 85' lang='lat'><strong>19.</strong></span> <span class='ocrx_word' id='word_1_609' title='bbox 421 5085 761 5160; x_wconf 82' lang='grc' dir='ltr'>Ἐπλήθυνας</span> <span class='ocrx_word' id='word_1_610' title='bbox 775 5083 843 5137; x_wconf 89' lang='grc' dir='ltr'><strong>τά</strong></span> <span class='ocrx_word' id='word_1_611' title='bbox 858 5079 1173 5154; x_wconf 87' lang='grc' dir='ltr'>χαρίσματά</span> <span class='ocrx_word' id='word_1_612' title='bbox 1199 5097 1293 5132; x_wconf 94' lang='grc' dir='ltr'><strong>σου</strong></span> <span class='ocrx_word' id='word_1_613' title='bbox 1319 5081 1376 5133; x_wconf 81' lang='grc' dir='ltr'><strong>ὲν</strong></span> <span class='ocrx_word' id='word_1_614' title='bbox 1400 5080 1468 5150; x_wconf 81' lang='grc' dir='ltr'>τῇ</span> <span class='ocrx_word' id='word_1_615' title='bbox 1491 5076 1805 5148; x_wconf 70' lang='grc' dir='ltr'>Ἐκκλησία.</span> 
     </span>
    </p>
   </div>
   <div class='ocr_carea' id='block_1_98' title="bbox 1668 5070 3159 5160">
    <p class='ocr_par' dir='ltr' id='par_1_98' title="bbox 1668 5070 3159 5148">
     <span class='ocr_line' id='line_1_99' title="bbox 1668 5070 3159 5148; baseline -0.003 -19"><span class='ocrx_word' id='word_1_616' title='bbox 1668 5076 1814 5148; x_wconf 71' lang='grc' dir='ltr'>ησίᾳ.</span> <span class='ocrx_word' id='word_1_617' title='bbox 1992 5075 2080 5129; x_wconf 90' lang='grc'><strong>19.</strong></span> <span class='ocrx_word' id='word_1_618' title='bbox 2115 5073 2484 5145; x_wconf 83' lang='lat' dir='ltr'><strong>Multiplicasti</strong></span> <span class='ocrx_word' id='word_1_619' title='bbox 2520 5073 2663 5128; x_wconf 91' lang='lat' dir='ltr'><strong>dona</strong></span> <span class='ocrx_word' id='word_1_620' title='bbox 2696 5081 2788 5128; x_wconf 91' lang='lat' dir='ltr'><strong>tua</strong></span> <span class='ocrx_word' id='word_1_621' title='bbox 2813 5072 2867 5127; x_wconf 92' lang='lat' dir='ltr'><strong>in</strong></span> <span class='ocrx_word' id='word_1_622' title='bbox 2899 5070 3159 5129; x_wconf 86' lang='lat' dir='ltr'><strong>Ecclesia.</strong></span> 
     </span>
    </p>
   </div>
   <div class='ocr_carea' id='block_1_99' title="bbox 211 5242 2531 5332">
    <p class='ocr_par' dir='ltr' id='par_1_99' title="bbox 211 5242 2531 5332">
     <span class='ocr_line' id='line_1_100' title="bbox 211 5242 2531 5332; baseline 0.009 -30"><span class='ocrx_word' id='word_1_623' title='bbox 211 5242 220 5282; x_wconf 63' lang='grc' dir='ltr'>ι</span> <span class='ocrx_word' id='word_1_624' title='bbox 379 5259 386 5264; x_wconf 83' lang='grc'><strong>·</strong></span> <span class='ocrx_word' id='word_1_625' title='bbox 1200 5255 1508 5318; x_wconf 85' lang='lat' dir='ltr'><strong>Addenda</strong></span> <span class='ocrx_word' id='word_1_626' title='bbox 1540 5262 1601 5314; x_wconf 86' lang='lat' dir='ltr'><strong>et</strong></span> <span class='ocrx_word' id='word_1_627' title='bbox 1639 5253 2012 5332; x_wconf 80' lang='lat' dir='ltr'><strong>corrigenda</strong></span> <span class='ocrx_word' id='word_1_628' title='bbox 2048 5271 2126 5317; x_wconf 79' lang='lat' dir='ltr'><strong>ex</strong></span> <span class='ocrx_word' id='word_1_629' title='bbox 2157 5253 2296 5313; x_wconf 82' lang='lat' dir='ltr'><strong>cod.</strong></span> <span class='ocrx_word' id='word_1_630' title='bbox 2332 5252 2531 5313; x_wconf 71' lang='grc' dir='ltr'>νωιίο-</span> 
     </span>
    </p>
   </div>
   <div class='ocr_carea' id='block_1_100' title="bbox 314 5379 1805 5462">
    <p class='ocr_par' dir='ltr' id='par_1_100' title="bbox 314 5380 1805 5462">
     <span class='ocr_line' id='line_1_101' title="bbox 314 5380 1805 5462; baseline -0.011 -16"><span class='ocrx_word' id='word_1_631' title='bbox 314 5391 391 5462; x_wconf 91' lang='grc'><strong>(1)</strong></span> <span class='ocrx_word' id='word_1_632' title='bbox 411 5390 848 5462; x_wconf 60' lang='grc' dir='ltr'>Παριστὰμεθρ.</span> <span class='ocrx_word' id='word_1_633' title='bbox 865 5387 1127 5462; x_wconf 43' lang='grc' dir='ltr'><strong>Ιῃηῐῃοτς.</strong></span> <span class='ocrx_word' id='word_1_634' title='bbox 1156 5383 1279 5438; x_wconf 83' lang='lat' dir='ltr'><strong>cod.</strong></span> <span class='ocrx_word' id='word_1_635' title='bbox 1294 5381 1410 5435; x_wconf 72' lang='lat' dir='ltr'><strong>haec</strong></span> <span class='ocrx_word' id='word_1_636' title='bbox 1439 5380 1805 5462; x_wconf 40' lang='lat' dir='ltr'><strong>l&#39;egunnturneo-</strong></span> 
     </span>
    </p>
   </div>
   <div class='ocr_carea' id='block_1_101' title="bbox 965 5379 2456 5462">
    <p class='ocr_par' dir='ltr' id='par_1_101' title="bbox 965 5379 2456 5462">
     <span class='ocr_line' id='line_1_102' title="bbox 965 5379 2456 5462; baseline -0.004 -24"><span class='ocrx_word' id='word_1_637' title='bbox 965 5399 1127 5462; x_wconf 76' lang='lat' dir='ltr'><strong>marg.</strong></span> <span class='ocrx_word' id='word_1_638' title='bbox 1156 5383 1279 5438; x_wconf 82' lang='lat' dir='ltr'><strong>cod.</strong></span> <span class='ocrx_word' id='word_1_639' title='bbox 1294 5381 1410 5435; x_wconf 70' lang='lat' dir='ltr'><strong>haec</strong></span> <span class='ocrx_word' id='word_1_640' title='bbox 1439 5380 1809 5462; x_wconf 39' lang='lat' dir='ltr'><strong>l&#39;egunnturneo-</strong></span> <span class='ocrx_word' id='word_1_641' title='bbox 1985 5379 2062 5462; x_wconf 86' lang='lat'><strong>(</strong></span> <span class='ocrx_word' id='word_1_642' title='bbox 2082 5379 2456 5462; x_wconf 42' lang='grc' dir='ltr'>βατίσχυσεν.</span> 
     </span>
    </p>
   </div>
   <div class='ocr_carea' id='block_1_102' title="bbox 235 5446 1726 5532">
    <p class='ocr_par' dir='ltr' id='par_1_102' title="bbox 235 5446 1726 5532">
     <span class='ocr_line' id='line_1_103' title="bbox 235 5446 1726 5532; baseline -0.013 -12"><span class='ocrx_word' id='word_1_643' title='bbox 235 5446 387 5520; x_wconf 49' lang='lat' dir='ltr'><strong>dein,</strong></span> <span class='ocrx_word' id='word_1_644' title='bbox 412 5446 746 5524; x_wconf 65' lang='lat' dir='ltr'><strong>charactere,</strong></span> <span class='ocrx_word' id='word_1_645' title='bbox 775 5458 864 5512; x_wconf 87' lang='grc' dir='ltr'>Ἐν</span> <span class='ocrx_word' id='word_1_646' title='bbox 911 5446 1109 5532; x_wconf 54' lang='grc' dir='ltr'>άλλοιςξ</span> <span class='ocrx_word' id='word_1_647' title='bbox 1147 5446 1646 5532; x_wconf 45' lang='grc' dir='ltr'>παραστησόμεθα..</span> 
     </span>
    </p>
   </div>
   <div class='ocr_carea' id='block_1_103' title="bbox 1166 5446 2657 5532">
    <p class='ocr_par' dir='ltr' id='par_1_103' title="bbox 1166 5446 2657 5532">
     <span class='ocr_line' id='line_1_104' title="bbox 1166 5446 2657 5532; baseline 0.012 -10"><span class='ocrx_word' id='word_1_648' title='bbox 1166 5446 1646 5532; x_wconf 66' lang='grc' dir='ltr'><strong>ταραστηεξόεὲεθαο.</strong></span> <span class='ocrx_word' id='word_1_649' title='bbox 1684 5446 1809 5532; x_wconf 64' lang='grc' dir='ltr'><strong>ηερε</strong></span> <span class='ocrx_word' id='word_1_650' title='bbox 1984 5446 2236 5532; x_wconf 45' lang='lat' dir='ltr'><strong>me</strong></span> <span class='ocrx_word' id='word_1_651' title='bbox 2261 5446 2310 5532; x_wconf 74' lang='grc' dir='ltr'><strong>,ς’</strong></span> <span class='ocrx_word' id='word_1_652' title='bbox 2647 5517 2657 5532; x_wconf 90' lang='lat'><strong>.</strong></span> 
     </span>
    </p>
   </div>
   <div class='ocr_carea' id='block_1_104' title="bbox 237 5509 1728 5599">
    <p class='ocr_par' dir='ltr' id='par_1_104' title="bbox 237 5509 1728 5599">
     <span class='ocr_line' id='line_1_105' title="bbox 237 5509 1728 5599; baseline -0.013 -10"><span class='ocrx_word' id='word_1_653' title='bbox 785 5509 1021 5583; x_wconf 44' lang='lat' dir='ltr'><strong>ostendit</strong></span> <span class='ocrx_word' id='word_1_654' title='bbox 1047 5509 1398 5599; x_wconf 58' lang='lat' dir='ltr'><strong>vctustutem&#39;</strong></span> <span class='ocrx_word' id='word_1_655' title='bbox 1421 5509 1584 5599; x_wconf 58' lang='lat' dir='ltr'><strong>hujus</strong></span> <span class='ocrx_word' id='word_1_656' title='bbox 1634 5519 1728 5599; x_wconf 65' lang='lat' dir='ltr'><strong>init</strong></span> 
     </span>
    </p>
   </div>
   <div class='ocr_carea' id='block_1_105' title="bbox 1992 5509 3483 5599">
    <p class='ocr_par' dir='ltr' id='par_1_105' title="bbox 1992 5509 3483 5599">
     <span class='ocr_line' id='line_1_106' title="bbox 1992 5509 3483 5599; baseline -0.007 -26"><span class='ocrx_word' id='word_1_657' title='bbox 1992 5509 2218 5599; x_wconf 32' lang='lat' dir='ltr'><strong>{4)‘K‘al.</strong></span> <span class='ocrx_word' id='word_1_658' title='bbox 2260 5519 2495 5599; x_wconf 62' lang='grc' dir='ltr'>ἔντρομα</span> <span class='ocrx_word' id='word_1_659' title='bbox 2538 5517 2854 5599; x_wconf 67' lang='grc' dir='ltr'>γενήσονται</span> <span class='ocrx_word' id='word_1_660' title='bbox 2895 5513 2964 5599; x_wconf 74' lang='grc' dir='ltr'><strong>τά</strong></span> <span class='ocrx_word' id='word_1_661' title='bbox 3002 5509 3391 5599; x_wconf 25' lang='grc' dir='ltr'>’ἔθὶνηκκαλ-εν</span> <span class='ocrx_word' id='word_1_662' title='bbox 3417 5509 3483 5580; x_wconf 72' lang='grc' dir='ltr'>τῇ</span> 
     </span>
    </p>
   </div>
   <div class='ocr_carea' id='block_1_106' title="bbox 238 5581 1729 5676">
    <p class='ocr_par' dir='ltr' id='par_1_106' title="bbox 238 5581 1729 5676">
     <span class='ocr_line' id='line_1_107' title="bbox 238 5581 1729 5676; baseline -0.011 -17"><span class='ocrx_word' id='word_1_663' title='bbox 238 5581 734 5676; x_wconf 24' lang='grc' dir='ltr'><strong>ὖῖέῖοἶὶιῖηἶέψέειιῖ</strong></span> <span class='ocrx_word' id='word_1_664' title='bbox 765 5581 1160 5676; x_wconf 70' lang='lat' dir='ltr'><strong>commentarii,</strong></span> <span class='ocrx_word' id='word_1_665' title='bbox 1199 5593 1354 5664; x_wconf 88' lang='lat' dir='ltr'><strong>cujus</strong></span> <span class='ocrx_word' id='word_1_666' title='bbox 1389 5581 1567 5662; x_wconf 69' lang='lat' dir='ltr'><strong>plures</strong></span> <span class='ocrx_word' id='word_1_667' title='bbox 1593 5589 1729 5643; x_wconf 78' lang='lat' dir='ltr'><strong>CO&#39;Jit‘</strong></span> 
     </span>
    </p>
   </div>
   <div class='ocr_carea' id='block_1_107' title="bbox 1956 5581 3447 5676">
    <p class='ocr_par' dir='ltr' id='par_1_107' title="bbox 1956 5581 3447 5660">
     <span class='ocr_line' id='line_1_108' title="bbox 1956 5581 3447 5660; baseline -0.007 -17"><span class='ocrx_word' id='word_1_668' title='bbox 1956 5581 2194 5660; x_wconf 74' lang='grc' dir='ltr'>υντελείᾳ</span> <span class='ocrx_word' id='word_1_669' title='bbox 2223 5589 2316 5642; x_wconf 75' lang='grc' dir='ltr'><strong>τοῦ</strong></span> <span class='ocrx_word' id='word_1_670' title='bbox 2343 5581 2865 5657; x_wconf 77' lang='grc' dir='ltr'>αἰῶνοςπληρώσῃς</span> <span class='ocrx_word' id='word_1_671' title='bbox 2891 5584 3027 5638; x_wconf 83' lang='grc' dir='ltr'>αὐτά</span> <span class='ocrx_word' id='word_1_672' title='bbox 3055 5581 3447 5651; x_wconf 78' lang='grc' dir='ltr'>ἀγαλλιάσεως.</span> 
     </span>
    </p>
   </div>
   <div class='ocr_carea' id='block_1_108' title="bbox 241 5668 1156 5740">
    <p class='ocr_par' dir='ltr' id='par_1_108' title="bbox 241 5668 1156 5740">
     <span class='ocr_line' id='line_1_109' title="bbox 241 5668 1156 5740; baseline -0.014 -10"><span class='ocrx_word' id='word_1_673' title='bbox 241 5668 374 5732; x_wconf 72' lang='grc' dir='ltr'>ἱιιες.</span> <span class='ocrx_word' id='word_1_674' title='bbox 409 5675 612 5730; x_wconf 69' lang='lat' dir='ltr'><strong>saeculs</strong></span> <span class='ocrx_word' id='word_1_675' title='bbox 638 5688 689 5726; x_wconf 76' lang='lat' dir='ltr'><strong>Ix</strong></span> <span class='ocrx_word' id='word_1_676' title='bbox 716 5671 828 5740; x_wconf 82' lang='lat' dir='ltr'><strong>jam</strong></span> <span class='ocrx_word' id='word_1_677' title='bbox 854 5668 1156 5725; x_wconf 81' lang='lat' dir='ltr'><strong>exstabant.</strong></span> 
     </span>
    </p>
   </div>
  </div>
