3776 6280
229 161 326 217 905
1033 149 1092 206 S.
1129 147 1503 205 ATHANASll
1539 145 1692 202 OPP.

1976 143 2050 200 ill.
2083 171 2156 187 -·
2197 138 2613 198 ΕΧΕΕΕΤΙΟΔ.
3364 135 3467 191 901

291 280 380 335 20.
410 276 637 333 Flumen
665 274 760 330 Dei
789 274 1047 346 repletum
1074 279 1158 327 est
1185 271 1341 342 aquis
1366 288 1380 325 :

1819 276 1865 333 Α
1961 267 2050 323 20.
2089 265 2149 320 '0
2178 262 2421 335 ποταμὸς
2446 259 2540 315 τοῦ
2564 259 2699 314 Θεοῦ
2725 261 3017 335 ἐπληρώθη
3041 261 3250 316 ὑδάτων
3269 275 3283 290 ·

294 371 386 425 21.
427 367 640 424 Parasti
689 365 872 422 cibum
922 363 1176 430 illorum,
1217 362 1480 434 quoniam
1530 359 1604 417 ita
1653 374 1785 431 prae-

1978 358 2055 413 ll.
2100 357 2430 426 Ἠτοίμασας
2458 355 2560 426 τὴν
2589 354 2796 426 τροφὴν
2840 354 3043 419 αὐτῶν,
3093 355 3180 408 ὅτι
3205 349 3382 416 οὕτως
3438 351 3469 420 ἡ

229 461 460 534 paratio.

1896 449 2208 520 ὲτοιμασία.

300 552 390 606 22.
429 550 594 606 Divos
627 551 746 619 ejus
780 547 1032 604 inebria:

1965 544 2056 598 22.
2095 542 2173 612 (α)
2204 543 2316 607 Τὰς
2346 543 2590 607 αὔλακας
2622 543 2792 613 αὐτῆς
2819 541 3080 614 μέθυσον·

299 641 391 696 9.5.
419 640 712 710 Multiplica
745 637 1020 711 genimina
1047 637 1189 708 ejus.

1964 635 2054 689 25.
2081 634 2353 704 Πλήθυνον
2388 635 2456 688 τὰ
2481 636 2792 708 γεννήματα
2824 635 3015 706 αὐτῆς.

297 730 389 786 24.
421 729 477 784 in
506 730 794 786 stillicidiis
817 730 936 801 ejus
955 729 1226 785 laetabitur
1256 728 1590 800 germinans.

1982 723 2058 778 Μ.
2102 725 2189 778 Ἑν
2220 727 2340 789 ταῖς
2371 726 2628 795 σταγόσιν
2654 727 2823 798 αὐτῆς
2852 724 3288 798 εὐφρανθήσεται
3336 722 3473 777 ἀνα-

1899 815 2082 869 τέλλου
2090 833 2154 869 σα
2164 855 2177 869 .

304 903 395 958 25.
434 901 726 957 Benedices
750 916 966 958 coronae
992 901 1119 956 anni
1153 898 1506 970 benignitatis
1539 907 1646 954 tua:
1675 913 1690 952 :

1986 908 2058 964 35.
2082 907 2406 977 Εὐλογήσεις
2429 905 2521 960 τὸν
2552 906 2814 976 στέφανον
2831 904 2926 959 τοῦ
2945 905 3193 960 ἐνιαυτοῦ
3220 907 3320 977 τῆς
3338 925 3477 980 χρη-

1904 1001 2158 1074 στότητός
2193 1018 2286 1054 σου
2307 1019 2322 1032 ⁸

302 1082 390 1136 9-6-
422 1081 488 1136 Εἴ
522 1081 698 1152 campi
728 1081 806 1135 ίυί
835 1081 1206 1152 ίῐηβίθδυηίυτ
1233 1078 1500 1134 υδθτῑαία
1969 1093 2058 1148 26.
2089 1095 2198 1147 Kal
2221 1093 2290 1147 τὰ
2317 1092 2472 1146 πεδία
2498 1110 2589 1146 σου
2619 1092 3020 1166 πλησθήσονται
3050 1093 3326 1163 πιότητος.

303 1175 394 1230 27.
428 1173 789 1243 Pinguescent
819 1173 1066 1244 speciosa
1090 1171 1289 1226 deserti
1317 1189 1331 1224 :

1969 1183 2059 1238 27.
2094 1183 2487 1255 Πιανθήσονται
2507 1183 2575 1237 τά
2601 1184 2778 1256 ὡραῖα
2809 1186 2908 1255 τῆς
2941 1186 3149 1255 ὲρήμου
3170 1200 3183 1214 ·

305 1265 395 1320 ι8.
434 1265 500 1319 Ει
526 1265 883 1320 exsultatione
913 1264 1078 1319 colles
1110 1263 1486 1332 accingentur.

1971 1274 2058 1329 28.
2085 1276 2194 1329 Kal
2223 1275 2542 1344 ἀγαλλίασιν
2574 1277 2622 1329 οἱ
2664 1276 2842 1346 βουνοὶ
2876 1274 3297 1347 περιζὼσονται.

303 1355 397 1410 29.
432 1354 609 1410 Induti
640 1365 768 1410 sunt
795 1355 996 1410 arietes
1022 1355 1204 1410 ovium
1231 1373 1244 1408 ε
1971 1366 2060 1422 29.
2110 1367 2456 1422 Ἐνεδύσαντο
2488 1369 2538 1420 οἱ
2573 1368 2720 1439 κριοὶ
2752 1367 2860 1421 τῶν
2886 1368 3176 1439 προϐάτων
3198 1382 3213 1397 °

306 1451 398 1505 30.
431 1452 497 1504 Et
521 1451 687 1506 valles
715 1451 1070 1506 abundabunt
1100 1450 1373 1505 frumento
1400 1468 1413 1503 :

1972 1457 2058 1512 50.
2090 1457 2198 1510 Kal
2227 1460 2279 1510 ai
2314 1457 2558 1521 κοιλάδες
2586 1455 2918 1527 πληθυνοῦσι
2961 1459 3137 1510 σῖτον⁸

307 1541 396 1595 51.
431 1542 1006 1611 Οιαωαϋυηιιθιριιίηι
1033 1542 1295 1610 hymnum
1323 1541 1524 1594 dicent.
1971 1548 2059 1603 5-1.
2095 1549 2463 1621 Κεκράξονται
2483 1590 2498 1615 ,
2525 1550 2620 1603 καὶ
2647 1550 2756 1621 γὰρ
2778 1549 3134 1620 ὑμνήσουσινζ

392 1630 445 1684 ’n
481 1632 653 1695 finem,
694 1633 956 1685 canticum
981 1630 1176 1697 psalmi
1213 1628 1632 1683 resurrectionis.
1835 1625 1877 1680 Β

1853 1626 1877 1679 3
2039 1639 2144 1704 Είς
2170 1639 2236 1693 τὸ
2266 1637 2462 1704 τέλος,
2495 1637 2619 1706 ᾠδὴ
2653 1639 2900 1708 ψαλμοῦ
2931 1633 3344 1701 ἀναστάσεως.

833 1721 1030 1777 PSAL.
1065 1721 1162 1775 LX
1182 1719 1240 1776 V.

2522 1730 2698 1782 ΨΑΛ.
2722 1726 2850 1780 EE’.

315 1819 364 1873 1.
400 1812 635 1873 Juhi'lat'e
668 1809 918 1882 Domino,
947 1818 1130 1874 omnis
1161 1827 1304 1872 terra
1335 1833 1349 1868 :
1653 1857 1656 1860 .

1653 1857 1656 1860 .
1982 1817 2032 1870 1.
2072 1816 2394 1884 Ἀλαλάξατε
2421 1818 2499 1889 τῷ
2523 1815 2731 1889 Κυρίῳ.
2766 1819 2914 1872 πᾶσα
2937 1819 2972 1888 ἡ
2993 1818 3063 1888 γῆ
3089 1833 3101 1846 ·

310 1907 364 1961 2.
391 1907 666 1963 Psalmum
698 1909 858 1964 dicite
891 1909 1097 1964 nomini
1131 1908 1270 1977 ejus.

1980 1906 2036 1961 2.
2067 1909 2288 1963 Ψάλατε
2319 1908 2384 1980 δὴ
2407 1909 2485 1980 τῷ
2522 1908 2746 1980 ὀνόματι
2778 1907 2973 1962 αὐτοῦ’

313 2000 366 2054 5.
406 1999 537 2054 Date
567 2000 794 2070 gloriam
831 2002 884 2055 in
916 2001 1074 2055 laude
1101 2000 1244 2070 ejus.

1980 1998 2036 2055 5.
2063 2000 2193 2054 Δότε
2225 1999 2382 2067 δόξαν
2407 2002 2466 2054 ὲν
2490 2002 2691 2056 αἰνέσει
2719 2001 2906 2055 αὐτοῦ.

314 2090 368 2144 4.
405 2089 576 2145 Dicite
609 2090 755 2147 Deo:
797 2092 969 2160 Quam
1000 2091 1266 2147 terribilia
1305 2097 1434 2147 sunt
1467 2102 1633 2160 opera
1666 2089 1798 2143 tua!

1982 2091 2035 2145 ό.
2074 2091 2274 2146 Εἴπατε
2308 2091 2384 2163 τῷ
2413 2091 2568 2163 Θεῷ·
2617 2091 2706 2155 Ὠς
2737 2089 2944 2162 φοϐερὰ
2974 2087 3044 2142 τὰ
3073 2086 3212 2160 ἔργα
3245 2103 3338 2140 σου
3360 2119 3373 2140 .

320 2231 399 2302 (a)
431 2229 614 2286 Codex
639 2227 813 2285 Palat.
1824 2258 1828 2273 ι

1309 2377 1317 2390 ,
1361 2316 1738 2374 ATHANASII
1776 2311 2362 2374 INTERPRETATIO.

315 2484 408 2540 20.
455 2483 693 2555 Spiritus
739 2489 959 2538 sanctus
1014 2479 1111 2535 Dei
1153 2479 1420 2550 requievit
1465 2493 1631 2550 super
1679 2489 1806 2546 gen-

2002 2475 2074 2531 !0.
2105 2477 2176 2530 Τὸ
2203 2476 2356 2546 ἅγιον
2379 2471 2606 2546 Πνεῦμα
2633 2470 2726 2527 τοῦ
2757 2470 2890 2526 Θεοῦ
2917 2469 3262 2525 ἀνεπαύσατο
3295 2470 3388 2524 ἐπὶ
3417 2468 3493 2523 τά

250 2587 345 2632 tes.

1920 2563 2048 2635 ἔθνη
2058 2603 2070 2618 .

321 2666 412 2720 21.
448 2661 674 2732 Eloquia
703 2667 797 2713 tua
824 2657 1147 2730 praeparasti
1182 2657 1286 2712 eis.

1990 2655 2084 2710 21.
2111 2654 2194 2708 Τὰ
2216 2653 2373 2722 λόγιά
2406 2669 2499 2706 σου
2534 2653 2874 2727 ηύτρέπισας
2899 2655 3106 2720 αύτοις.

319 2757 411 2814 22.
441 2753 618 2810 Corda
650 2751 890 2807 ﬁdelium
917 2749 1067 2820 reple
1093 2749 1267 2818 gratia
1301 2755 1414 2802 tua.

2003 2747 2082 2801 22.
2111 2745 2222 2809 Τὰς
2246 2745 2473 2817 καρδίας
2499 2745 2607 2800 τῶν
2629 2746 2837 2800 πιστῶν
2882 2746 3158 2818 ἔμπλησον
3209 2745 3305 2817 τῆς
3338 2745 3494 2817 χάρι-

1922 2840 2014 2904 τός
2043 2855 2156 2892 σου.
3512 2896 3517 2900 _

325 2934 415 2989 25.
447 2931 513 2986 Et
539 2945 676 3001 auge
704 2943 870 2999 opera
891 2926 1115 3000 iustitia:
1148 2939 1362 2980 eorum.

2002 2931 2078 2984 25.
2113 2930 2224 2982 Καὶ
2253 2929 2543 2984 πλεόνασον
2563 2930 2632 2984 τὰ
2651 2930 2788 3004 ἔργα
2804 2932 2906 3003 τῆς
2929 2929 3272 3000 δικαιοσύνης
3292 2929 3493 2984 αὐτῶν.

324 3028 414 3080 21.
450 3025 585 3080 Cum
615 3023 788 3094 gratia
821 3031 917 3076 tua
956 3017 1293 3076 descenderit
1344 3031 1504 3086 super
1534 3014 1815 3085 populum,

2009 3022 2084 3075 Μ.
2129 3021 2219 3073 Ἐν
2240 3020 2442 3093 τῷτὴν
2469 3023 2626 3094 χάριν
2648 3041 2739 3076 σου
2764 3024 3010 3078 κατιέναι
3031 3024 3124 3076 ἐπὶ
3150 3023 3240 3077 τὸν
3272 3022 3419 3087 λαὸν,
3439 3022 3500 3075 ἐν

255 3121 312 3174 in
342 3117 528 3172 laatitia
560 3115 762 3170 facient
785 3112 1023 3168 fructum
1055 3108 1404 3182 paenitentiae.

1926 3114 2234 3188 εὐφροσύνῃ
2259 3116 2544 3186 ποιήσουσι
2577 3118 2785 3189 καρπὸν
2818 3117 3125 3188 μετανοίας.

323 3207 416 3262 25.
459 3206 684 3276 Populo,
718 3205 811 3275 qui
843 3203 1093 3259 credidit.

1997 3207 2087 3261 25.
2121 3205 2224 3259 Τὸν
2256 3205 2382 3260 λαὸν
2415 3207 2506 3261 τὸν
2539 3209 2962 3264 πεπιστευκότα.

328 3300 420 3354 26.
489 3298 556 3354 Ει
608 3298 877 3354 mansueti
943 3297 1107 3353 corde
1180 3295 1546 3367 implebuntur
1615 3290 1819 3363 Spiritu

2010 3299 2088 3354 26.
2118 3299 2228 3352 Kal
2266 3300 2316 3352 οἱ
2342 3303 2536 3372 πραεῖς
2675 3303 2875 3376 καρδίᾳ
2918 3302 3284 3375 πληθήσονται
3331 3298 3501 3354 Πνεῦ-

261 3407 357 3447 san
365 3399 472 3447 οιο.

1933 3407 2099 3461 ματος
2128 3391 2302 3458 ἁγίου.

331 3483 423 3536 27.
471 3477 874 3550 Participabunt
914 3477 1084 3548 gratia
1117 3483 1246 3541 tua,
1293 3488 1434 3545 quos
1474 3489 1506 3530 e
1535 3473 1739 3529 mundo
1768 3489 1822 3528 e-

2012 3483 2085 3536 27.
2125 3482 2485 3536 Μεταλάϐωσι
2504 3484 2605 3556 τῆς
2628 3484 2848 3557 χάριτός
2875 3504 2990 3551 σου,
3033 3486 3128 3550 οὒς
3168 3485 3398 3553 ἐξελέξω
3435 3487 3503 3540 ἐκ

261 3573 459 3644 legisti.

1930 3573 2022 3628 τοῦ
2049 3573 2272 3644 κόσμου.

331 3667 423 3721 28.
452 3665 518 3721 Et
544 3666 640 3721 ﬁlii
669 3665 1056 3736 prophetarum
1087 3664 1417 3737 gaudebunt.

1999 3665 2088 3719 28.
2116 3665 2227 3717 Kal
2251 3666 2301 3717 oi
2331 3665 2440 3718 υἱοὶ
2471 3665 2582 3720 τῶν
2616 3669 2906 3738 προφητῶν
2938 3669 3269 3742 χαρίσονται.

330 3756 422 3812 29.
454 3755 640 3812 Gratia
672 3758 847 3812 sancti
885 3754 1120 3826 Spiritus
1147 3755 1402 3826 apostoli.

2009 3755 2089 3811 29.
2119 3755 2229 3826 Τὴν
2257 3755 2417 3827 χάριν
2454 3757 2545 3812 τοῦ
2570 3759 2724 3826 ἁγίου
2753 3759 3068 3832 Πνεύματος
3098 3764 3147 3816 oi
3193 3758 3500 3816 ἀπόστολοι.

329 3848 417 3903 '50.
455 3850 666 3904 Animae
691 3849 922 3904 humiles
961 3847 1315 3902 abundabunt
1361 3842 1697 3917 germinibus
1739 3839 1820 3910 ju-

2013 3847 2087 3900 50.
2123 3847 2186 3899 Δί
2213 3846 2382 3919 ψυχαὶ
2414 3851 2468 3902 αἱ
2504 3851 2760 3905 ταπειναὶ
2807 3852 3138 3924 πληθυνοῦσι
3187 3855 3504 3925 γεννήματα

261 3940 442 3996 stitiae.

1932 3942 2298 4014 δικαιοσύνης.

330 4032 420 4086 51.
461 4028 872 4094 Glorilicabunt,
910 4036 962 4081 et
990 4024 1205 4096 hymnis
1239 4033 1288 4078 te
1321 4025 1641 4082 laudabunt.

2005 4030 2092 4084 51.
2125 4028 2466 4097 Δοξάζονται,
2501 4035 2597 4089 καὶ
2632 4038 3003 4111 ἀνυμνήσουσί
3031 4041 3107 4115 (1)
3139 4058 3219 4097 σε.

340 4144 406 4197 Ἦ
433 4143 766 4215 προκειμένη
799 4139 1080 4212 ἐπιγραφὴ
1103 4139 1345 4210 περιέχει
1374 4138 1448 4210 (2)
1464 4156 1479 4172 ·
1514 4140 1618 4205 Είς
1638 4141 1703 4195 τὸ
1724 4142 1919 4212 τέλος,
1949 4144 2070 4214 ᾠδὴ
2095 4145 2342 4214 ψαλμοῦ
2363 4148 2776 4220 ἀναστάσεως.
2821 4156 3134 4226 Τουτέστιν,
3162 4159 3244 4223 είς
3265 4157 3328 4212 τὸ
3351 4157 3508 4220 τέλος

260 4236 368 4290 τῶν
407 4235 618 4290 αἰώνων
646 4237 679 4306 ὴ
712 4233 821 4308 ᾠδὴ
849 4232 991 4304 αῦτη
1036 4232 1250 4303 εἴρηται
1299 4231 1438 4304 μετὰ
1460 4231 1676 4304 ψαλμοῦ
1711 4234 1787 4306 (5)
1835 4237 1964 4309 περ).
2008 4237 2108 4308 τῆς
2155 4238 2500 4307 ἀναστάσεως
2552 4244 2646 4298 τοῦ
2695 4246 2906 4317 Κυρίου
2930 4248 3041 4304 τῶν
3073 4249 3152 4321 (ό)
3184 4249 3349 4304 ἐθνῶν
3381 4251 3505 4302 ἐπι-

263 4348 294 4384 σ
297 4349 326 4384 τ
333 4344 501 4402 ροφης
510 4365 520 4380 ι

333 4447 547 4502 Titulus
578 4444 898 4516 prazpositus
924 4441 1166 4498 continet
1192 4459 1206 4495 :
1241 4439 1307 4494 In
1327 4441 1506 4511 ﬁnem,
1536 4444 1801 4498 canticum
1831 4448 2023 4514 psalmi
2055 4450 2475 4507 resurrectionis.
2506 4452 2620 4510 Hoc
2661 4464 2768 4526 est,
2805 4457 2861 4513 in
2891 4458 2997 4515 line
3042 4459 3363 4516 saeculorum
3405 4459 3507 4514 hoc

264 4544 538 4599 canticum
562 4540 757 4611 psalmi
792 4539 999 4594 dictum
1033 4546 1118 4592 est
1143 4537 1211 4591 de
1240 4538 1638 4594 resurrectione
1661 4538 1898 4609 Domini,
1922 4550 1977 4597 et
2000 4547 2354 4602 conversione
2383 4549 2645 4620 gentium.

336 4666 390 4728 1,
418 4663 472 4717 2.
513 4662 570 4716 In
601 4675 731 4716 voce
761 4659 939 4716 valida
967 4659 1184 4716 laudate
1237 4660 1524 4716 Dominum
1575 4659 1630 4714 in
1676 4662 1822 4731 psal-

2019 4667 2051 4731 Ι,
2085 4668 2139 4722 2.
2183 4670 2272 4725 Ἐν
2305 4672 2501 4745 ἰσχυρᾷ
2528 4676 2678 4747 φωνῇ
2713 4675 3065 4749 ἀνυμνήσατε
3101 4676 3192 4730 τὸν
3213 4675 3416 4746 Κύριον
3449 4677 3510 4730 ὲν

265 4760 390 4819 mis,
418 4767 609 4807 omnes
635 4760 840 4822 gentes.

1935 4755 2188 4830 ψαλμοῖς,
2226 4761 2403 4817 πάντα
2425 4764 2493 4818 τὰ
2518 4764 2665 4838 ἔθνη.

334 4845 388 4898 3.
417 4842 485 4897 Et
507 4843 565 4897 in
607 4842 712 4898 line
743 4841 1174 4915 uniuscujusque
1202 4842 1397 4912 psalmi
1427 4842 1654 4913 gloriam
1690 4858 1825 4915 pra:-

2020 4851 2060 4904 5.
2093 4853 2202 4905 Kal
2244 4856 2302 4906 ὲν
2345 4855 2424 4925 τῷ
2469 4856 2612 4911 τέλει
2657 4857 2886 4913 ἑκάστου
2935 4855 3150 4929 ψαλμοῦ
3174 4855 3329 4921 δόξαν
3359 4858 3511 4930 αὐτῷ

263 4937 383 4992 bete
414 4937 484 4991 ei.

1936 4943 2314 5014 προσαγάγετε
2343 4945 2441 5016 (5).

333 5028 388 5081 4.
420 5025 589 5081 Dicite
621 5026 772 5080 Deo:
801 5021 1089 5090 Quomodo
1137 5021 1578 5080 inenarrabiliter
1627 5040 1824 5083 conce-

2018 5035 2056 5088 ι.
2093 5036 2294 5089 Εἴπατε
2321 5037 2398 5107 τῷ
2425 5035 2543 5107 Θεῷ
2561 5051 2576 5067 ⁸
2615 5035 2703 5099 Ὧς
2721 5036 3125 5110 ἀνεκδιηγήτως
3145 5039 3509 5112 συνελήφθης,

264 5129 389 5190 plus
413 5134 493 5184 es,
523 5125 758 5184 etnatus
783 5130 844 5172 es
867 5115 922 5170 in
952 5114 1139 5170 terra?

1935 5124 2028 5178 καὶ
2049 5125 2272 5196 ἐτέχθης
2299 5127 2391 5181 ἐπὶ
2421 5128 2522 5199 τῆς
2549 5131 2685 5200 γῆςς

1211 5245 1521 5311 Addenda
1550 5255 1612 5311 et
1630 5249 2007 5330 corrigenda
2044 5276 2126 5322 ex
2156 5262 2296 5325 cod.
2336 5263 2536 5325 Vatic.

337 5395 413 5533 (ιζ
443 5391 891 5482 βαξδρξέξοντες
921 5391 1116 5462 ἀνυμνο
2009 5408 2085 5533 (4)
2126 5409 2466 5512 Κυερίουααὶ
2492 5409 2590 5472 τ”ς
2615 5408 2745 5461 τῶν.
2815 5475 2842 5488 ,⁸

337 5465 391 5533 (2
469 5465 514 5516 Η
541 5481 629 5516 οια
655 5479 756 5531 της
767 5461 1154 5533 ,κινναϐάρεως
1181 5482 1306 5533 περι
2007 5479 2062 5533 l5
2123 5480 2290 5533 A6.av
2316 5427 2668 5533 ἀναπὲιλατε
2703 5477 2842 5533 αύτω

337 5461 413 5552 (ἓ)
443 5465 514 5552 3}
541 5464 629 5552 διὰ
655 5461 1154 5552 τῇςρκξγξξιξᾴξεως
1173 5482 1306 5552 -περο
2007 5461 2082 5534 isi
2123 5461 2292 5546 me;
2312 5461 2668 5550 iniecitini—.3
2703 5475 2874 5550 αύτῷ.

340 5530 416 5606 (δ)
443 5535 667 5605 Εἴρηται
697 5530 792 5586 τοῦ
825 5530 1060 5603 ψαλμοῦ.
1173 5550 1178 5552 -
1254 5530 1268 5540 ·
2035 5530 2080 5534 ⁷⁷
