3776 6280
161 232 264 289 905

1048 226 1135 284 DE
1170 228 1448 286 TITULIS
1485 228 1937 288 Ρελωιοιιυιι.
1972 260 2039 270 --
2077 229 2273 284 PSAL.
2317 229 2479 287 LXV.

3309 235 3416 293 906

236 344 289 398 5.
332 344 425 397 Ἐν
450 344 529 416 τῷ
554 343 748 416 πλήθει
776 344 875 415 τῆς
900 344 1180 417 δυνάμεώς
1211 362 1304 398 σου
1340 344 1629 415 ψεύσονται
1679 361 1739 399 σε
1770 384 1779 409 λ

1912 346 1968 404 5.
2016 346 2073 400 in
2124 347 2473 403 multitudine
2515 344 2734 401 virtutis
2787 353 2895 402 tua:
2939 347 3268 404 mentiemur
3312 336 3409 406 tilii

160 440 207 489 oi
237 436 420 508 ἐχθροί
455 453 567 489 σου.

228 524 282 581 6.
310 527 524 599 Πᾶσαή
560 527 632 598 γῆ
667 528 1201 599 προσκυνησάτωσᾶω
1232 544 1336 591 σοι,
1369 528 1463 583 καὶ
1488 528 1743 598 ψαλάτωιι

169 617 263 671 σάν
286 635 369 671 σοι
394 635 409 650 ·

233 707 286 761 7.
309 707 656 765 Ψαλάτωσαν
687 711 752 783 δὴ
780 710 859 783 τῷ
880 711 1105 783 ὀνόματί
1133 728 1249 777 σου,
1278 712 1528 783 ’Ὕψιστῂ

233 797 285 852 8.
316 796 508 865 Δεῦτε,
538 799 635 853 καὶ
674 799 811 852 ίδετε
848 799 918 854 τά
952 798 1090 870 ἔργα
1120 797 1215 851 τοῦ
1239 797 1376 851 Θεοῦ

731 891 1053 961 Διάιίναλμα
1089 889 1190 961 (al-

230 979 287 1037 9.
319 977 415 1046 Ὧς
436 979 668 1053 φοϐερὸς
684 984 742 1037 ἐν
772 983 988 1056 βουλαῖς
1016 982 1159 1053 ὑπὲρ
1187 980 1313 1046 τοὺς
1342 984 1493 1048 υἱοὺς
1520 983 1630 1039 τῶν
1648 985 1744 1040 ἀν-

166 1065 421 1122 θοὼτοων.

371 1084 421 1125 ν.

459 1155 849 1232 μεταστρέφων
875 1157 976 1233 τὴν
1007 1158 1282 1218 θάλασσαν
1307 1165 1387 1229 εἰς
1407 1163 1599 1237 ξηράν

236 1251 322 1306 11.
371 1251 464 1305 Ἔν
496 1248 726 1322 ποταμῷ
756 1249 1123 1308 διελεύσονται
1157 1254 1299 1308 ποδί.

233 1344 323 1400 η.
366 1345 516 1398 Ἐκεῖ
542 1342 1033 1416 εὖφρανθησόμεθα
1059 1347 1147 1400 ἐπ’
1184 1347 1356 1419 αὐτῷ,

237 1437 327 1492 13.
360 1435 453 1507 Τῷ
477 1434 793 1501 δεσπόζοντι
817 1438 874 1491 ὲν
893 1438 959 1508 τῇ
989 1436 1279 1512 δυναστείᾳ
1301 1438 1464 1495 αὐτοῦ
1494 1440 1588 1496 τοῦ
1613 1441 1744 1496 αἰῶ-

164 1545 327 1677 Ἵι.
360 1620 422 1673 Oi
451 1618 723 1690 ὀφθαλμοὶ
755 1619 920 1676 αὐτοῦ
944 1622 1038 1676 ἐπὶ
1071 1622 1141 1677 τὰ
1162 1623 1290 1697 ἔθνη
1314 1624 1705 1681 mmmam
1723 1644 1739 1659 ·

239 1713 326 1771 15.
345 1715 409 1767 Oi
425 1712 958 1784 παραπικραίνοντες
973 1714 1048 1789 μὴ
1064 1715 1419 1786 ὑψούσθωσαν
1437 1720 1495 1772 ὲν
1504 1720 1740 1783 ἑαυτοῖς.
1774 1701 1818 1757 Β

238 1804 324 1859 16.
354 1802 662 1872 Εὐλογεῑτε,
692 1801 842 1874 ἔθνη,
865 1802 959 1858 τὸν
989 1802 1122 1859 Θεὸν
1148 1805 1304 1877 ἡμῶν
1321 1824 1337 1837 ο

236 1896 327 1953 17.
355 1896 466 1951 Καὶ
489 1894 813 1950 ἀκουτίσατε.
825 1895 926 1967 τὴν
947 1895 1130 1968 φωνὴν
1148 1898 1249 1968 τῆς
1263 1898 1525 1963 αἰνέσεως
1552 1899 1739 1954 αὑτοῦ.

232 1989 325 2045 18.
357 1986 467 2042 Τοῦ
501 1985 729 2058 θεμένου
752 1986 853 2058 τὴν
881 1985 1059 2058 ψυχήν
1086 2003 1187 2058 μου
1211 1988 1292 2052 είς
1324 1985 1493 2059 ζωήν.

234 2081 322 2137 19.
352 2080 463 2134 Καὶ
496 2078 571 2151 μὴ
599 2077 780 2142 δόντος
801 2079 880 2143 είς
906 2077 1064 2132 σάλον
1086 2079 1215 2143 τοὺς
1246 2078 1414 2143 πόδας
1445 2096 1567 2150 μου.

233 2171 328 2228 20.
352 2172 477 2226 Ὅτι
500 2170 827 2242 ἐδοκίμασας
846 2170 1014 2243 ἡμᾶς,
1030 2171 1059 2224 ὁ
1081 2167 1232 2237 Θεὸς,
1258 2172 1548 2244 ὲπύρωσας
1568 2172 1740 2243 ἡμᾶς,

158 2262 239 2328 ὡς
268 2262 537 2335 πυροῦται
566 2260 628 2315 τὸ
661 2261 948 2335 ἀργύριον.

236 2422 319 2496 (a)
351 2423 533 2478 Codex
565 2418 739 2478 Palat.

1846 436 2051 492 inimici
2083 437 2181 491 tui.

1914 528 1969 582 6.
2004 527 2194 584 Omnis
2219 534 2362 584 terra
2388 529 2578 584 adoret
2625 536 2678 584 te
2699 536 2754 584 et
2777 529 2974 599 psallat
3001 530 3134 585 tibi:

1917 710 1968 764 7.
2004 709 2278 765 Psalmum
2309 709 2454 766 dicat
2482 711 2692 766 nomini
2721 721 2840 779 tuo,
2871 711 3169 768 Altissime.

1914 802 1970 859 8.
2003 802 2212 869 Venite,
2247 811 2301 858 et
2327 802 2505 858 videte
2530 816 2695 873 Opera
2724 802 2820 859 Dei
2864 819 2880 860 :

2478 899 2813 972 Diapsalma.

1913 991 1969 1047 9.
2011 990 2188 1059 Quam
2238 989 2495 1048 terribilis
2544 980 2604 1046 in
2634 992 2882 1048 consiliis
2929 1004 3096 1062 super
3124 991 3265 1048 ﬁlios
3315 1004 3415 1048 no-

1845 1084 2080 1139 mitium.

1916 1176 2004 1232 10.
2031 1175 2140 1244 Qui
2172 1175 2446 1233 convertit
2474 1190 2629 1232 mare
2657 1175 2714 1231 in
2743 1175 2951 1232 aridam
2980 1196 2994 1232 :

1921 1265 2008 1321 ll.
2035 1265 2092 1320 In
2129 1263 2355 1321 ﬂumine
2377 1264 2791 1337 pertransibunt
2812 1267 2971 1338 pede.

1913 1355 2002 1414 12.
2026 1355 2101 1412 lhi
2117 1357 2422 1414 latabimur
2436 1358 2490 1412 in
2511 1358 2652 1429 ipso,

1917 1449 2005 1504 l5.
2034 1447 2477 1517 Qui‘dominatur
2514 1447 2570 1504 in
2599 1449 2801 1504 virtute
2826 1464 2927 1505 sua
2963 1449 3017 1503 in
3052 1459 3359 1509 amnium:

1918 1625 2007 1681 14.
2030 1625 2187 1680 Oculi
2218 1626 2339 1696 eius
2374 1640 2541 1697 super
2568 1634 2757 1698 gentes
2792 1617 3132 1697 respiciunt:

1917 1717 2005 1773 15.
2031 1715 2137 1784 Qui
2167 1729 2496 1789 exasperant
2523 1734 2633 1774 non
2664 1720 2973 1775 exaltentur
3000 1720 3055 1774 in
3084 1720 3413 1791 semetipsis.

1916 1802 2004 1864 16.
2045 1807 2376 1875 Benedicite,
2402 1820 2610 1881 gentes,
2641 1806 2812 1866 Deum
2842 1818 3090 1868 nostrum
3117 1827 3133 1866 :

1916 1900 2004 1955 17.
2036 1898 2102 1955 Et
2134 1900 2378 1956 auditam
2412 1899 2577 1959 facite
2597 1916 2787 1959 vocem
2818 1902 2996 1961 laudis
3022 1904 3165 1973 ejus.

1917 1990 2003 2046 18.
2031 1989 2137 2058 Qui
2165 1992 2350 2062 posuit
2372 1992 2614 2048 animam
2645 2008 2823 2050 meam
2852 1994 2923 2050 ad
2944 1994 3113 2051 vitam
3137 2013 3154 2050 :

1918 2080 2005 2139 19.
2038 2082 2105 2137 Ει
2132 2098 2242 2139 non
2269 2084 2418 2141 dedit
2448 2085 2503 2140 in
2532 2086 2955 2143 commotionem
2986 2087 3153 2158 pedes
3175 2102 3345 2144 meos.

1921 2171 2011 2229 20.
2032 2170 2304 2240 Quoniam
2334 2174 2576 2245 probasti
2600 2190 2723 2239 nos,
2750 2173 2927 2243 Deus,
2942 2177 3068 2249 igne
3087 2178 3413 2235 examinasti

1849 2276 1973 2333 nos,
2007 2264 2150 2321 sicut
2172 2267 2518 2324 examinator
2543 2275 2851 2339 argentum.
3356 2274 3359 2281 '

1308 2513 1682 2571 ATHANASII
1716 2515 2299 2577 INTERPRETATIO.

237 2668 294 2727 5.
325 2671 438 2725 Καὶ
459 2671 519 2726 ἑν
536 2664 614 2743 τῷ
639 2670 805 2725 πάθει
832 2668 929 2724 καὶ
968 2668 1045 2740 (1)
1074 2671 1142 2740 τῇ
1167 2668 1458 2723 ἀναστάσει
1500 2688 1594 2724 σου
1637 2672 1740 2743 ἀρ-

161 2763 424 2837 νήσονταί
454 2780 515 2816 σε
544 2763 675 2817 Θεὸν
695 2765 746 2816 oi
776 2762 1037 2817 Ἰουδαῖοι,

232 2856 289 2910 6.
324 2855 405 2909 Τὰ
432 2854 561 2928 ἔθνη
596 2856 773 2910 πάντα
806 2853 1180 2917 πιστεύσουσι,
1212 2851 1306 2904 καὶ
1348 2850 1632 2918 δοξάσουσί
1656 2869 1737 2909 σε.

237 2950 291 3003 7.
340 2949 733 3022 Ἀνυμνήσουσι
767 2948 827 3002 τὸ
855 2945 1266 3020 μεγαλοπρεπὲς
1286 2944 1458 3015 δνομά
1482 2962 1577 2998 σου
1604 2946 1704 3017 (2).

232 3040 291 3096 8.
319 3040 399 3112 Τῇ
419 3041 616 3113 καρδίᾳ
637 3037 794 3113 ἡμῶν
811 3040 1107 3111 προσέχετε
1130 3037 1207 3108 (3)
1242 3039 1353 3100 τοῖς
1380 3035 1742 3109 δικαιώμασιν
1768 3089 1809 3146 C

160 3148 355 3189 αυτοῦ.

234 3227 292 3281 9.
326 3225 449 3279 Ὅτι
474 3224 510 3295 ἡ
529 3221 716 3294 διδαχὴ
738 3223 835 3294 τῆς
848 3221 1071 3293 χάριτος
1100 3221 1266 3275 αὐτοῦ
1294 3220 1609 3293 ἐνδοξοτέρα
1624 3221 1741 3275 ἐστὶ

158 3317 263 3389 τῆς
299 3316 493 3387 σοφίας
519 3312 627 3369 τῶν
652 3306 977 3386 ἀνθρώπων.

235 3406 327 3462 10.
363 3409 423 3460 '0
455 3408 554 3479 τὴν
579 3407 855 3478 ἁμαρτίαν
893 3405 993 3460 τοῦ
1024 3405 1232 3475 κόσμου
1258 3403 1504 3458 θανατῶν

233 3495 324 3552 11.
367 3498 455 3550 Ἑν
483 3500 552 3568 τῇ
583 3497 768 3568 χάριτι
796 3496 891 3550 τοῦ
926 3496 1082 3565 ἁγίου
1128 3493 1442 3564 Πνεύματος
1486 3491 1741 3563 ζησουσιν

160 3588 407 3660 ἀφόϐως.

234 3680 325 3735 12.
367 3680 457 3733 Ἐν
476 3681 542 3750 τῇ
560 3678 740 3750 χάριτι
760 3677 833 3749 (4)
850 3675 944 3732 τοῦ
974 3677 1259 3749 μέλλοντος
1287 3676 1482 3740 αἰῶνος
1508 3676 1743 3749 εὐφραν-

160 3772 444 3845 θησόμεθα
463 3771 698 3843 ὁρῶντες
726 3770 824 3842 τὴν
853 3769 1009 3835 δόξαν
1033 3768 1128 3823 τοῦ
1155 3767 1311 3823 Θεοῦ.

234 3865 323 3919 15.
362 3862 553 3934 Πατὴρ
572 3862 681 3934 γάρ
700 3863 816 3925 ἐστι
846 3860 943 3915 τοῦ
980 3858 1267 3933 μέλλοντος
1289 3861 1504 3925 αἰῶνος.

234 3956 324 4010 ﬂ.
349 3956 415 4009 Ol.
455 3955 743 4009 ἀπόστολοι
764 3954 857 4007 ἐπὶ
878 3954 941 4008 τὸ
976 3954 1237 4025 κήρυγμα
1282 3952 1392 4006 τῶν
1454 3950 1626 4006 ἐθνῶν
1657 3967 1746 4007 πο-

166 4047 441 4121 ρεύονται.

236 4140 329 4196 15.
371 4139 429 4193 Ὁ
454 4137 583 4201 λαὸς
606 4136 718 4191 τῶν
752 4135 1041 4205 Ἰουδαίων,
1073 4135 1149 4208 μὴ
1174 4137 1449 4209 καυχᾶσθε
1470 4136 1737 4208 λέγοντεςο

159 4232 408 4303 Σπῷμα
448 4225 696 4300 Ἁϐραάμ
718 4229 925 4298 ἐσμεν.

235 4324 325 4379 16.
353 4324 467 4376 υύκ
488 4321 569 4374 ἔτι
593 4321 703 4392 γὰρ
732 4320 907 4392 μόνων
940 4319 1209 4374 Ἰουδαίων
1239 4320 1270 4372 δ
1296 4318 1448 4384 Θεὸς,
1474 4318 1615 4373 ἀλλά
1644 4317 1742 4372 ιιιαή⁹

157 4415 358 4471 Ξθνῶν.

235 4507 327 4561 17.
349 4504 459 4560 Καὶ
473 4499 817 4559 ὑπακούσατε
839 4502 917 4573 τῷ
932 4502 1250 4580 κηρύγματι
1264 4502 1363 4574 τῆς
1377 4501 1536 4572 δόξης
1552 4500 1740 4557 αὐτοῦ.

232 4598 323 4654 18.
346 4595 452 4651 Τοῦ
479 4596 877 4668 μεταγαγόντος
897 4598 964 4650 ὲκ
980 4595 1075 4650 τοῦ
1096 4592 1329 4648 θανάτου
1355 4594 1436 4657 είς
1451 4593 1551 4666 τὴν
1572 4592 1740 4666 ζωήν.

231 4690 320 4745 19.
350 4690 463 4743 Καὶ
488 4687 564 4760 μὴ
592 4687 854 4752 ἑάσαντός
882 4705 951 4760 με
985 4688 1095 4752 ἕως
1134 4686 1322 4750 τέλους
1384 4687 1449 4757 τῇ
1499 4685 1744 4759 ἁμαρτίᾳ

161 4778 581 4835 συναπολέσθαι.

230 4872 324 4928 20.
363 4873 484 4925 Ὅτι
507 4869 652 4943 είδης
678 4866 993 4942 [εἴδεςιίὸτι
1036 4865 1385 4937 ὑπακούομεν
1421 4867 1501 4936 (5)
1526 4866 1606 4938 τῷ
1637 4883 1737 4937 κη-

160 4962 408 5037 ρύγματι
445 4979 539 5018 σου
559 4978 574 4993 ’
603 4961 680 5034 (6)
707 4960 886 5013 πᾶσαν
924 4956 1265 5031 ἀκαθαρσίαν
1291 4954 1459 5013 οὖσαν
1496 4959 1555 5011 ἐν
1604 4958 1737 5027 ἡμῖν

156 5058 427 5128 ἐποίησας
455 5054 601 5128 ἡμᾶς
624 5051 943 5107 ἀποθέσθαι.

230 5170 280 5201 ⁷⁸
303 5167 465 5224 Joan.
498 5183 616 5230 vm,
646 5166 734 5221 55.
811 5166 857 5197 ⁷⁷
891 5145 1051 5219 Rom.
1083 5178 1167 5231 ιιι,
1189 5164 1281 5219 29.

1912 2673 1967 2727 5.
1995 2671 2062 2727 Et
2089 2674 2143 2728 in
2174 2677 2447 2746 passione,
2473 2686 2529 2734 et
2560 2677 2615 2733 in
2666 2680 3066 2738 resurrectione
3107 2691 3199 2737 tua
3248 2696 3411 2756 nega-

1844 2765 1982 2820 bunt
2013 2775 2063 2821 te
2099 2767 2267 2823 Deum
2294 2768 2488 2826 Judmi.

1914 2858 1968 2912 6.
1997 2856 2197 2916 Gentes
2221 2878 2412 2920 omnes
2437 2864 2682 2930 credent,
2717 2872 2772 2920 et
2799 2864 3181 2935 gloriﬁcabunt
3203 2878 3272 2923 te.

1919 2950 1971 3006 7.
2000 2950 2327 3009 Laudabunt
2350 2955 2695 3025 magniﬁcum
2729 2970 2927 3010 nomen
2952 2966 3126 3011 tuum.

1915 3040 1967 3094 8.
2033 3040 2303 3099 Cordihus
2363 3042 2579 3101 vestris
2625 3045 2884 3100 attendite
2928 3044 3411 3116 justiﬁcationibus

1842 3131 1982 3202 ejus.

1911 3222 1965 3278 9.
2012 3222 2279 3290 Quoniam
2323 3225 2571 3282 doctrina
2610 3229 2799 3299 gratia:
2845 3230 2965 3301 ejus
3005 3230 3289 3301 gloriosior
3327 3243 3412 3288 est

1844 3315 2082 3371 humana
2113 3316 2400 3387 sapientia.
3128 3318 3134 3324 ’
3222 3320 3229 3323 “

1913 3408 2001 3463 10.
2027 3407 2133 3476 Qui
2162 3410 2457 3466 mortiﬁcat
2485 3419 2765 3480 peccatum
2800 3410 3010 3466 mundi.

1916 3499 2005 3553 11.
2032 3498 2090 3554 1η
2115 3501 2290 3571 gratia
2321 3501 2498 3556 sancti
2525 3499 2759 3571 Spiritus
2789 3517 2981 3557 secure
3011 3502 3210 3559 vivent.

1913 3679 2003 3735 12.
2024 3678 2083 3735 1η
2128 3680 2303 3751 gratia
2344 3682 2559 3737 venturi
2602 3682 2785 3738 saeculi
2816 3682 3120 3738 latabimur
3166 3683 3408 3740 videntes

1843 3773 2069 3846 gloriam
2101 3774 2210 3829 Dei.

1915 3868 2005 3924 15.
2040 3867 2201 3925 Pater
2224 3869 2369 3924 enim
2400 3878 2484 3925 est
2513 3870 2726 3925 venturi
2755 3870 2960 3927 saeculi.

1917 3958 2003 4015 14.
2048 3959 2295 4031 Apostoli
2343 3965 2411 4017 ad
2461 3962 2900 4032 praedicationem
2951 3963 3189 4033 gentium
3241 3963 3408 4035 proli-

1842 4049 2139 4106 eiscuntur.
3264 4052 3265 4055 “

1916 4141 2002 4197 15.
2052 4141 2244 4214 Populi
2291 4141 2602 4199 Judteorum
2653 4162 2721 4202 ne
2774 4147 3076 4218 gloriemini
3130 4149 3405 4203 dicentes'

1845 4233 2030 4289 Semen
2054 4236 2472 4292 Abrahwsumus
2488 4238 2556 4294 ".

1916 4324 2004 4380 16.
2027 4323 2146 4381 Non
2178 4328 2413 4397 amplius
2432 4328 2577 4383 enim
2603 4330 2780 4384 solum
2804 4328 3115 4384 Iudaeorum
3143 4340 3225 4384 est
3242 4329 3404 4396 Deus,

1773 4428 1819 4484 ι)
1843 4417 1936 4472 sed
1965 4417 2131 4473 etiam
2163 4420 2401 4488 gentium
2427 4419 2493 4472 ⁷⁷.

1918 4508 2011 4566 17.
2044 4507 2112 4563 Et
2134 4510 2438 4566 auscultate
2461 4506 2830 4580 praedicationi
2859 4506 3044 4578 gloriae
3082 4510 3222 4580 ejus.

1917 4596 2005 4652 18.
2038 4596 2143 4664 Qui
2169 4596 2434 4653 transfert
2454 4613 2483 4651 θ
2514 4605 2689 4650 morte
2715 4594 2769 4648 in
2801 4595 2990 4649 vitam.

1918 4687 2004 4745 19.
2035 4687 2103 4746 Et
2136 4706 2245 4745 non
2272 4704 2470 4761 passus
2496 4698 2581 4745 est
2625 4703 2713 4743 me
2756 4702 2929 4757 usque
2976 4687 3028 4741 in
3077 4687 3239 4744 ﬂnem
3287 4705 3410 4745 cum

1842 4789 2069 4851 peccato
2098 4782 2294 4851 perire.

1914 4871 2005 4926 20.
2032 4870 2300 4940 Quoniam
2332 4874 2535 4942 vidisti,
2561 4872 2711 4945 quod
2745 4873 3186 4944 obtemperamus
3217 4873 3412 4943 prsidi-

1846 4962 2048 5017 cationi
2101 4971 2248 5019 tuae:
2296 4976 2512 5019 omnem
2557 4964 2978 5031 immunditiam,
3024 4979 3146 5034 quae
3188 4972 3304 5018 erat
3355 4964 3409 5017 in

1845 5052 2025 5112 nobis.
2055 5053 2230 5114 fecisti
2258 5065 2317 5113 ut
2343 5072 2445 5113 nos
2472 5056 2887 5127 deponeremus.

1116 5300 1421 5373 Addenda
1454 5308 1515 5363 et
1553 5295 1931 5381 corrigenda
1966 5314 2046 5359 ex
2079 5298 2224 5359 cod.
2257 5293 2461 5355 Vatic.

560 5432 775 5508 πλήθει,
806 5430 940 5508 καί..
1146 5496 1172 5508 __

250 5499 309 5573 2)
342 5505 418 5560 Τὸ
655 5499 750 5556 σου
783 5499 1228 5570 μεγαλοπρεπῶς.

250 5510 624 5644 sese

202 5510 641 5716 ,ἱυχέἔᾴετθ

481 5736 754 5796 Pareat.
801 5726 922 5788 Gn.
996 5726 1242 5787 l(XVII.

1912 5424 1989 5496 (5)
2014 5425 2135 5496 ’Ότι
2160 5424 2311 5496 iam,
2331 5423 2413 5496 ὅτι
2446 5418 2849 5496 ὑπακοιξσομξν.

1912 5485 1985 5567 (6)
2018 5496 2086 5567 Ν.
2111 5485 2443 5567 21.’Πᾶσαν.
2482 5500 2586 5567 etc.
2624 5485 2831 5567 @422.
2860 5489 3103 5557 Ἢγαγες
3139 5489 3287 5560 ἡμᾶς
3330 5485 3412 5549 εἰς

1839 5557 1938 5637 τὴν
1969 5557 2221 5629 σύνταξίν
2248 5579 2361 5616 σου.
2399 5560 2465 5616 Ν.
2496 5560 2585 5615 25.
2631 5557 2923 5628 Ἦλενὲας,
2945 5569 3049 5614 etc.

3040 5710 3114 5775 9.9
