3728 6402
407 313 504 369 911
1245 308 1302 364 S.
1343 305 1716 363 ATllANASll
1755 303 1906 359 OPP.
1947 301 2127 356 PARS
2169 301 2254 355 lll.
2296 331 2367 342 --
2405 300 2822 358 EXEGETICA.
3561 303 3659 357 912

436 427 503 482 In
531 430 684 497 ﬁnem
706 425 896 479 cantici
917 422 1173 493 [psalmus
1205 420 1447 492 cantici],
1484 419 1718 489 psalmus
1752 418 1908 471 Davis

2212 415 2277 468 τὸ
2305 417 2479 481 τέλος
2507 415 2668 482 ᾠδῆς
2717 414 2997 485 [ψαλμύς
3026 413 3188 482 ᾠδῆς
3214 415 3266 485 1,
3300 415 3546 484 Ίἑταῖρός
3585 415 3658 482 τῷ

949 515 1154 570 PSAL.
1187 513 1282 568 LX
1300 513 1426 567 VII.

2573 506 2770 559 Δαϐίδ.
2807 509 2982 560 ΨΑΛ.
3012 505 3138 559 ΞΖ.
3683 519 3685 524 ‘

484 613 536 665 1.
578 610 842 680 Ειειιτεαι
877 608 1038 673 Deus,
1073 617 1127 663 et
1155 606 1492 676 dissipentur
1530 603 1735 658 inimici
1775 602 1896 671 ejus
1929 619 1942 654 :

2195 638 2209 651 .
2249 598 2556 669 ’Ᾱναστήτω
2591 602 2620 653 ὁ
2649 598 2814 663 Θεος,
2858 599 2952 651 καὶ
2991 598 3574 671 διασκορπισθήτωσαν
3614 601 3659 654 oi

2083 689 2269 761 ἐχθροὶ
2298 691 2484 744 αὐτοῦ.

483 794 537 849 2.
571 791 636 846 Ει
660 791 868 862 fugiant
905 791 999 861 qui
1037 791 1268 846 oderunt
1295 805 1420 845 eum
1448 803 1479 842 a
1507 787 1646 842 facie
1671 783 1814 855 ejus.

2190 820 2210 834 ..
2238 783 2346 834 Καὶ
2375 781 2692 851 φυγέτωσαν
2722 781 2830 836 ἀπὸ
2853 781 3147 853 προσώπου
3179 782 3344 836 αὐτοῦ
3372 784 3424 835 οἱ
3454 782 3662 854 μισοῦν-

2088 888 2176 935 τες
2204 873 2391 929 αὐτόν.

482 975 535 1028 5.
565 973 717 1028 Sicut
739 972 918 1028 deficit
949 970 1154 1041 fumus,
1192 969 1448 1025 deficiant
1475 987 1488 1022 :

2157 967 2210 1021 5.
2248 967 2336 1030 Ὠς
2360 965 2598 1018 ἐκλείπει
2625 963 2834 1029 καπνὸς
2853 1005 2870 1032 ,
2905 965 3275 1020 ἐκλιπέτωσαν
3298 983 3313 997 ⁸

485 1059 541 1122 4⁵.
580 1066 732 1120 Sicut
768 1063 887 1118 duit
911 1079 1035 1120 cera
1063 1078 1094 1118 a
1127 1061 1265 1118 facie
1292 1061 1456 1133 ignis,

2155 1059 2208 1114 4.
2251 1055 2340 1122 Ὦς
2364 1059 2589 1128 τήκεται
2615 1057 2784 1130 κηρὸς
2813 1056 2920 1111 ἀπὸ
2945 1056 3236 1129 προσώπου
3264 1058 3458 1126 πυρὸς,

486 1161 540 1216 5.
571 1159 660 1217 Sic
691 1169 914 1231 pereant
942 1168 1255 1230 peccatores
1288 1175 1319 1213 a
1354 1157 1491 1213 facie
1513 1157 1629 1212 Dei.

2196 1191 2210 1205 .
2241 1149 2425 1214 υῦτως
2457 1149 2778 1205 ἀπολοῦνται
2812 1148 2891 1223 (a)
2926 1151 2979 1203 οί
3023 1150 3336 1223 ἁμαρτωλοὶ
3366 1151 3477 1205 ἀπὸ
3506 1166 3664 1222 προσο

2085 1239 2238 1296 ώπου
2266 1241 2362 1295 τοῦ
2391 1241 2546 1297 Θεοῦ.

491 1339 546 1393 6.
580 1337 646 1393 Et
676 1339 810 1409 justi
852 1339 1121 1403 laetentur,
1174 1347 1229 1392 et
1271 1337 1546 1392 exsultent
1588 1335 1643 1390 in
1690 1339 1963 1404 conspecti

2194 1365 2215 1390 ι.
2249 1334 2320 1405 (b)
2353 1336 2464 1389 Καὶ
2491 1338 2539 1390 οἱ
2571 1336 2770 1391 δίκαιοι
2791 1335 3276 1410 εύφρανθὴτωσαν,
3302 1327 3666 1392 ἀγαλλιάσθω-

419 1431 539 1498 Dei,
2090 1444 2188 1481 σαν
2214 1426 2444 1481 ἐνώπιον
2471 1427 2567 1482 τοῦ
2601 1428 2760 1494 Θεοῦ,

487 1523 542 1577 7.
578 1521 922 1578 Delectentur
955 1518 1010 1572 in
1040 1518 1248 1573 laetitia.

2161 1519 2214 1573 7.
2244 1519 2646 1591 Τερφθήτωσαν
2680 1522 2738 1574 ἐν
2769 1517 3094 1593 εὐφροσύνῃ.

497 1614 812 1681 8.,Οοηιειιε
840 1611 970 1678 Deo,
999 1609 1268 1680 psalmum
1303 1610 1468 1665 dicite
1497 1609 1705 1664 nomini
1733 1609 1852 1680 ejus
1878 1627 1892 1664 :

2159 1609 2212 1664 8.
2247 1610 2448 1682 ΙΙ’ᾼσατε
2477 1612 2555 1683 τῷ
2588 1612 2728 1686 Θεῷ.
2760 1613 2966 1684 ψάλατε
2995 1613 3073 1685 τῷ
3099 1611 3322 1684 ὀνόματι
3350 1610 3518 1664 αὐτοῦ
3537 1628 3549 1641 ο

493 1709 548 1764 9.
584 1708 693 1762 lter
750 1705 911 1760 facite
967 1703 1161 1774 eijqui
1211 1703 1457 1758 ascendit
1490 1718 1653 1774 super
1691 1717 1942 1758 occasum

2201 1744 2214 1757 .
2253 1702 2634 1776 Ὀδοποιήσατε
2668 1705 2746 1778 τῷ
2772 1706 3122 1777 ὲπιὸεϐηκὸτι
3147 1708 3240 1760 ἐπὶ
3269 1704 3493 1775 δυσμῶν
3515 1721 3527 1734 ·
3559 1701 3669 1757 K6-

419 1798 686 1853 Dominus
713 1811 909 1851 nomen
941 1795 1017 1849 illi
1046 1813 1061 1848 :

2017 1780 2064 1840 Β
2093 1809 2205 1864 ριος
2235 1793 2405 1865 ὄνομα
2432 1795 2610 1867 αὐτῷ’

492 1888 579 1943 10.
611 1887 678 1942 Ει
717 1887 983 1942 exsultate
1009 1886 1064 1939 in
1093 1892 1387 1954 conspectu
1426 1883 1565 1953 ejus.

2167 1886 2252 1940 10.
2284 1889 2394 1941 Καὶ
2418 1889 2747 1958 ἀγαλλιᾶσθε
2773 1887 3001 1943 ἐνώπιον
3026 1887 3209 1944 αὐτοῦ.

493 1981 579 2034 11.
607 1980 915 2035 Turbentur
940 1993 969 2031 a
996 1977 1132 2033 facie
1159 1976 1278 2046 ejus
1302 1993 1317 2030 :

2170 1978 2256 2034 11.
2288 1981 2728 2054 Ταραχϐήτωσαν
2759 1981 2867 2037 ἀπὸ
2889 1981 3181 2054 προσώπου
3210 1976 3380 2034 αὐτοῦ
3404 1995 3419 2010 ⁸

493 2073 581 2128 τε.
613 2072 790 2128 Patris
819 2073 1209 2142 orphanorum,
1243 2077 1297 2123 et
1316 2067 1517 2137 judicis
1549 2067 1861 2123 viduarum.

2201 2072 2253 2125 2.
2273 2073 2376 2126 Τοῦ
2402 2076 2606 2146 πατρὸς
2622 2075 2729 2130 τῶν
2745 2075 2995 2148 ὀρφανῶν
3019 2075 3112 2128 καὶ
3129 2071 3316 2145 κριτοῦ
3341 2071 3452 2124 τῶν
3467 2069 3666 2143 χη

489 2167 576 2220 1⁸5.
607 2164 752 2220 Deus
783 2165 834 2218 in
868 2165 986 2219 loco
1017 2170 1206 2219 sancto
1241 2175 1342 2216 suo
1369 2177 1382 2214 :

2167 2163 2252 2217 15.
2295 2165 2352 2216 Ὀ
2382 2165 2512 2229 Θεὸς
2541 2167 2600 2219 ὲν
2627 2166 2777 2238 τόπῳ
2807 2167 2946 2237 ἁγίῳ
2975 2164 3158 2219 αύτοῦ.

491 2259 576 2313 14.
611 2257 773 2323 Deus,
814 2257 908 2326 qui
957 2255 1262 2311 inhabitare
1314 2253 1445 2308 facit
1493 2252 1658 2308 unius
1709 2253 1880 2310 moris
1928 2254 1963 2310 il

2160 2252 2248 2307 14.
2291 2253 2350 2308 Ὀ
2378 2255 2508 2321 Θεὸς
2529 2257 2826 2324 κατοικίζει
2857 2257 3225 2330 μονοτρόπους
3252 2258 3310 2310 ἐν
3337 2257 3476 2328 οἴκῳ
3499 2272 3513 2287 ⁶

419 2354 583 2406 deum
609 2368 622 2403 :

492 2446 567 2516 (α)
604 2445 662 2516 in
694 2443 1049 2516 marg.nco_d.,
1078 2442 1378 2516 ἀπόλοιντο.

490 2510 562 2588 (b)
602 2515 752 2571 Vcrs.
787 2510 842 2568 6:
871 2513 1002 2578 Καὶ,
1036 2523 1166 2577 etc.,
1198 2510 1672 2583 εὐφρανθήτωσαν.
1729 2511 1962 2566 Διάύιαλυ

2205 2533 2230 2570 ι.
2277 2516 2332 2572 7.
2375 2516 2878 2588 Ἀγαλλιάσθωσαν,
2923 2527 3028 2576 etc.
3065 2517 3222 2576 Veis.
3258 2519 3314 2574 8.
3349 2519 3677 2592 Τερφθήτωο

415 2603 542 2651 σανν
571 2596 672 2642 είο·
1540 2649 1916 2707 ATHANASII
1955 2649 2536 2710 lNTERPRETATlO.

502 2750 565 2802 Ἦ
591 2763 922 2820 προκειμενη
952 2743 1233 2816 επιγραφὴ
1260 2743 1502 2815 περιέχει
1530 2744 1606 2814 (1)
1627 2759 1639 2772 ’
1665 2746 1772 2810 Εἰς
1805 2744 1873 2798 τὸ
1893 2745 2090 2813 τέλος,
2112 2745 2353 2815 ψωμύς
2375 2745 2536 2815 ᾠδῆς
2565 2744 2646 2812 τῷ
2684 2744 2890 2800 Δαϐίδ’
2915 2743 3185 2811 τουτέστι,
3215 2745 3347 2817 περὶ
3370 2744 3482 2800 τῶν
3511 2747 3593 2810 είς
3620 2747 3681 2798 τὸ

419 2841 570 2905 τέλος
598 2839 706 2894 τῶν
736 2837 972 2910 Χριστοῦ
1003 2835 1107 2909 [εἰς
1134 2835 1226 2888 τὸν
1260 2833 1517 2906 Χριστὸν]
1552 2832 1855 2904 μελλόντων
1887 2835 2166 2889 πιστεύειν
2197 2836 2225 2887 ὁ
2255 2834 2467 2906 ψαλμὸς
2499 2834 2681 2906 ᾄδεται
2709 2831 2791 2900 τῷ
2821 2834 3006 2902 ικανῷ
3040 2839 3220 2906 χειρί·
3248 2837 3420 2894 Δαὸὶδ
3456 2839 3567 2911 γὰρ
3589 2838 3683 2892 οῦ·-

421 2949 528 2995 τως
561 2927 940 3002 ἑρμηνεύεται,
976 2927 1035 2988 ὃς
1065 2926 1210 2980 ἐστιν
1237 2927 1264 2978 ὁ
1289 2925 1418 2989 Υἱὸς
1442 2923 1534 2978 τοῦ
1556 2925 1714 2979 Θεοῦ.

493 3028 705 3082 Titulus
739 3024 1063 3096 prtepositus
1089 3023 1332 3077 continet
1358 3037 1371 3072 :
1405 3019 1470 3074 In
1495 3022 1652 3088 ﬁnem
1673 3060 1686 3084 ,
1715 3021 1952 3091 psalmus
1992 3024 2190 3077 cantici
2218 3023 2387 3077 David
2408 3039 2427 3078 :
2458 3024 2562 3080 hoc
2589 3034 2674 3081 est
2698 3025 2766 3081 de
2791 3026 2878 3088 iis,
2911 3026 3001 3097 qui
3036 3027 3090 3081 in
3124 3027 3286 3082 finem
3315 3026 3370 3080 in
3395 3025 3680 3082 Christum

420 3119 680 3174 credituri
709 3127 837 3172 sunt
862 3115 1105 3185 psalmus
1135 3112 1349 3168 canitur
1381 3128 1539 3165 manu
1564 3111 1737 3180 forti:
1771 3110 1940 3166 David
1966 3114 2112 3169 enim
2149 3115 2221 3168 ita
2257 3114 2666 3185 interpretatur,
2694 3118 2786 3186 qui
2813 3128 2894 3173 est
2926 3116 3098 3171 Filius
3129 3116 3244 3172 Dei.

500 3209 552 3262 1.
587 3206 777 3262 Veniet
809 3205 1094 3270 Dominus,
1123 3213 1177 3258 et
1202 3209 1552 3258 conterentur
1581 3199 1878 3256 daemones.

2198 3243 2212 3257 .
2251 3204 2559 3260 Ἐλεύσεται
2592 3208 2620 3260 ὁ
2649 3207 2852 3281 Κύριος
2877 3207 2974 3279 (2),
3011 3208 3103 3261 καὶ
3131 3206 3588 3280 συντριϐήσονται
3617 3209 3668 3261 oi

2095 3295 2367 3368 δαίμονες.

494 3389 548 3443 2.
587 3387 693 3458 lpsi
720 3387 994 3441 daemones
1023 3382 1265 3438 videntes
1293 3395 1418 3435 eum
1455 3377 1771 3433 clamabunt
1797 3394 1810 3430 :
1837 3376 1966 3450 [sine

2209 3428 2222 3442 .
2281 3390 2342 3441 Οἱ
2377 3389 2530 3443 αὐτοὶ
2557 3389 2827 3460 δαίμονες,
2861 3389 3094 3462 ὁρῶντες
3126 3369 3308 3456 αύτὸν,
3357 3391 3681 3463 βοήσουσιν·

420 3483 552 3556 quid
586 3481 734 3536 nobis
764 3490 812 3534 et
847 3478 962 3544 tibi,
1017 3475 1145 3531 Jesu
1179 3473 1479 3538 Nazarene,
1519 3472 1702 3525 venisti
1725 3470 1824 3524 huc
1875 3486 1892 3522 ¢

2255 3480 2372 3553 [ἔα]
2403 3482 2480 3553 (5)
2525 3483 2581 3535 τί
2613 3482 2757 3552 ἡμῖν
2785 3484 2884 3536 καὶ
2925 3483 3047 3547 σοὶ,
3089 3483 3295 3552 Ἰησοῦ
3337 3483 3684 3553 Ναζαρηνέ;

429 3591 630 3646 tempus
659 3573 870 3646 perdere
901 3588 996 3626 nos
1016 3571 1061 3602 ⁸ο
1085 3570 1110 3624 ‘l

2099 3567 2278 3642 ἦλθες
2309 3566 2423 3626 ὦδε
2447 3573 2560 3640 πρὸ
2587 3574 3114 3643 καιροῦὰπολέσαι
3143 3573 3321 3645 ἡμᾶς.

499 3669 553 3730 5,
581 3667 634 3720 4.
669 3662 970 3720 Contraria:
998 3667 1314 3731 potestates.

2171 3662 2224 3723 5,
2255 3662 2308 3715 4.
2339 3662 2404 3715 Al
2437 3663 2678 3716 ἐναντίαι
2702 3663 2982 3733 δυνάμεις.

499 3759 552 3813 5.
585 3758 640 3812 In
667 3757 899 3811 adventu
929 3753 1048 3822 ejus
1076 3751 1322 3806 videntes
1349 3763 1474 3804 eum
1504 3751 1923 3803 consumeutur.

2259 3753 2347 3806 ’Ev
2380 3757 2445 3824 τῇ
2473 3756 2743 3826 παρουσίᾳ
2781 3755 2945 3808 αὑτοῦ
2981 3754 3216 3827 ὁρῶντες
3268 3756 3431 3811 αὑτὸν
3479 3774 3695 3812 καταν-

2098 3845 2404 3898 αλίσκονται
2421 3845 2519 3915 (4).

501 3937 555 3992 6.
584 3934 877 3991 Credentes
929 3934 983 3988 in
1023 3935 1224 4004 ipsum,
1273 3938 1328 3987 et
1368 3931 1630 3987 facientes
1661 3928 1973 3983 voluntaten

2259 3939 2319 3990 Οί
2354 3938 2696 4002 πιστεύοντες
2735 3940 2814 4002 είς
2857 3939 3040 4003 αὐτὸν,
3088 3942 3184 3995 καὶ
3223 3942 3274 3994 οἱ
3310 3942 3596 4005 ποιοῦντες
3628 3942 3700 3996 τὸ

426 4030 572 4102 ejus,
606 4028 848 4082 videntes
885 4027 1064 4096 ipsum
1094 4024 1432 4094 gaudebunt.

2105 4027 2311 4098 θέλημα
2338 4029 2523 4093 αὐτοῦ,
2561 4030 2884 4102 θεασάμενοι
2916 4033 2994 4104 (5)
3023 4033 3203 4100 αὐτὸν,
3233 4035 3577 4107 χαρίσονται.

505 4122 558 4179 7.
589 4121 826 4186 Spiritus
858 4119 1056 4181 sancti,

2174 4120 2227 4176 7.
2264 4119 2402 4174 Πνεύ
2411 4139 2578 4190 ματος
2607 4122 2788 4192 ἁγίου,

501 4213 554 4269 8·
593 4212 921 4281 Αηεειυνυιη
956 4224 1094 4280 opus
1130 4209 1367 4280 ρετειεῖιε
1394 4222 1559 4277 super
1585 4215 1816 4260 ῑθῐτθῐηο
2173 4213 2226 4267 8.
2270 4214 2537 4282 Ἀγγέλων
2563 4215 2722 4286 ἔργον
2755 4215 3102 4270 ἐπιτελέσατε
3121 4217 3214 4269 ἐπὶ
3241 4218 3344 4288 τῆς
3376 4217 3499 4288 γῆς.

481 4291 554 4358 ’9.
607 4301 911 4373 Ρναιρποιο
956 4304 1118 4357 corda
1170 4311 1351 4356 vestra
1401 4301 1452 4354 ei
1501 4299 1596 4358 aui
1651 4293 1932 4352 descendit

2270 4306 2621 4376 Ἑτοιμάσατε
2661 4307 2760 4371 τὰς
2803 4308 3032 4380 καρδίας
3068 4309 3223 4379 ὑμῶν
3267 4310 3346 4380 τῷ
3379 4309 3703 4381 καταὸεὸηο

429 4387 604 4452 caelis.

2102 4400 2222 4454 κότι
2251 4399 2358 4452 ἀπὸ
2378 4401 2484 4452 τῶν
2509 4401 2771 4472 οὐρανῶν.

503 4487 588 4540 10.
603 4483 872 4551 Quoniam
895 4482 1041 4553 digni
1064 4481 1188 4537 facti
1208 4489 1334 4535 sunt
1355 4479 1537 4533 videre
1551 4477 1844 4531 adventum
1860 4472 1975 4543 ejus

2180 4490 2266 4546 10.
2297 4492 2418 4544 ’Ὁτι
2447 4489 2758 4562 ἠξιώθησαν
2789 4489 2921 4545 ίδεῖν
2953 4489 3049 4563 τὴν
3082 4493 3388 4563 παρουσίαν
3410 4491 3599 4546 αὑτοῦ.

504 4578 591 4631 11.
625 4575 833 4630 Inimici
869 4581 1183 4643 potestates.

2039 4555 2081 4608 ο
2175 4583 2259 4638 ll.
2289 4584 2355 4636 At
2377 4555 2482 4636 ταδ’
2505 4555 2698 4655 ἐχθροῦ
2732 4583 3007 4654 δυνάμεις.

505 4664 592 4723 l2.
623 4668 967 4733 Animarum,
1013 4681 1134 4736 quae
1182 4674 1442 4735 tanquam
1485 4660 1752 4725 infantes,
1786 4667 1840 4713 et
1885 4657 1977 4714 sint

2235 4678 2267 4733 ί.
2295 4675 2414 4729 Τῶν
2437 4675 2644 4746 νηπίων
2658 4675 2976 4746 ψυχῶν,καὶ
3006 4677 3112 4730 τῶν
3138 4677 3461 4749 ἀϐοηθήτων
3483 4677 3707 4732 ούσῶν.

434 4760 702 4830 adjutorio
727 4769 874 4814 sunt.

506 4851 592 4904 15.
624 4849 766 4903 Deus
785 4847 993 4901 habitat
1027 4861 1134 4901 non
1185 4846 1358 4901 solum
1407 4845 1460 4898 in
1502 4843 1666 4908 ctelo,
1715 4841 1810 4897 sed
1841 4838 1978 4893 etiau

2247 4881 2268 4907 ι.
2304 4849 2362 4903 '0
2402 4849 2534 4914 Θεὸς
2565 4851 2705 4903 οίκεῖ
2745 4849 2806 4902 οὐ
2846 4849 3008 4920 μόνον
3049 4851 3107 4904 ὲν
3139 4852 3377 4924 οὐρανῷ,
3419 4853 3556 4907 ἀλλὰ
3596 4859 3719 4908 καὶ

435 4943 488 4998 in
521 4950 684 4995 terra.

2113 4944 2207 4997 ἐπὶ
2237 4942 2358 5013 γῆς.

511 5037 595 5090 14.
641 5033 744 5100 Qui
777 5032 1075 5088 secundum
1113 5031 1391 5086 Christum
1437 5031 1604 5085 vitam
1639 5027 1983 5084 monastican

1891 5041 2002 5081 3am
2188 5033 2270 5087 14.
2300 5033 2438 5097 Τοὺς
2469 5032 2611 5087 κατὰ
2636 5033 2869 5105 Χριστὸν
2901 5033 2978 5105 (6)
3011 5034 3363 5105 μονάζοντας.

435 5137 623 5199 agunt.

505 5241 549 5273 ⁸⁸
569 5239 755 5295 Matth.
792 5252 910 5303 vm,
939 5237 1041 5304 29;
1078 5235 1193 5292 Luc
1220 5253 1296 5304 tv,
1328 5237 1439 5291 55.1

1383 5349 1693 5410 Addenda
1724 5356 1784 5409 et
1813 5347 2192 5429 corrigenda
2224 5363 2304 5409 ex
2345 5345 2486 5408 cod.
2523 5346 2726 5408 Vatic.

509 5454 586 5520 (l)
621 5453 687 5506 Ἦ
721 5452 809 5504 διὰ
842 5453 939 5523 τῆς
971 5451 1506 5523 κινναϐάρεωςᾲπερ.
1537 5449 1674 5523 Mox
1717 5466 1815 5520 pro
1857 5451 1994 5523 _Xpt-
2274 5447 2422 5523 βξ,
2585 5446 3066 5523 καταναλίσκοντο.

440 5515 780 5593 malum
824 5515 1062 5593 χρὸνων,
1107 5515 1215 5577 etc.
1267 5520 1428 5593 Δαξιδ
1457 5515 1613 5593 ’γὰρ
1639 5515 1912 5593 ἑρμηνλεύεί

2470 5518 2963 5593 Θεασάμενοι..Αοζ(ὶ.
2999 5516 3064 5571 Ν.
3205 5515 3549 5593 Πνεύματος,
3583 5531 3727 5576 etc.

441 5585 1056 5664 lxarégAzsAtpt."‘lxa‘le
1073 5593 1128 5646 δὲ
1151 5594 1294 5664 χειρὶ
1323 5587 1443 5645 εἷπε
1469 5585 1818 5646 τὸνῪὶὸντὸῦ
1835 5591 1993 5645 Θεοῦ.
2104 5589 2169 5644 Ν.
2267 5589 2557 5664 ’Λ-γγέλῳν,
2576 5585 2678 5664 etc.
2899 5588 3285 5664 'Eromagajrg,
3309 5585 3436 5654 etc.,
3462 5588 3574 5643 τῶν
3615 5597 3728 5647 οὐ·

504 5664 577 5732 ἃ)
616 5656 855 5735 ορτθξός,
1153 5656 1184 5663 ’“
1241 5656 1253 5664 ·
1687 5721 1691 5726 1
2111 5656 2408 5735 ρανςρν-ὲπὶ
2431 5659 2530 5732 τὴν
2558 5659 2683 5730 γῆν.
2709 5656 2774 5711 Ν.
2804 5659 2893 5714 11.
2933 5656 3059 5713 Ὀτι
3086 5656 3383 5735 ἡξιώθητε,
3417 5671 3508 5716 etc

611 5730 715 5786 Δία
740 5730 890 5787 deest

2113 5729 2124 5732 ’
2175 5730 2246 5802 (6)
2276 5729 2428 5785 Θεόν.
