3776 6280
181 291 290 347 917
1049 284 1134 339 DE
1184 284 1460 342 TITULIS
1501 283 1948 341 PSALMORUM.
1987 315 2058 325 —
2096 283 2292 340 PSAL.
2331 283 2539 340 LXVII.
3320 291 3426 350 913

253 406 341 461 εδ.
370 405 518 476 Πλὴν
546 406 576 459 ὁ
616 403 748 468 Θεὸς
777 405 1060 460 συνθλάσει
1115 407 1355 476 κεφαλὰς
1403 406 1616 480 ἐχθρῶν
1655 409 1744 463 αύ-

1938 405 2020 461 18.
2055 405 2438 462 Verumtamen
2470 406 2614 463 Deus
2639 407 2946 479 confringet
2973 408 3148 480 capita
3179 409 3429 467 inimica-

180 519 304 560 του,

1857 517 1977 556 rum
2019 516 2243 556 suorum
2265 543 2279 566 ,

254 592 341 645 49.
380 590 641 662 Κορυφὴν
672 590 857 663 τριχὸς
896 592 1362 665 διαπορευομένων
1397 596 1456 648 ἐν
1499 594 1745 666 πλημμε-

1927 593 2018 647 49.
2054 591 2323 647 Verticem
2359 592 2539 662 capilli
2587 594 3078 664 perambulantium
3123 594 3177 648 in
3211 591 3417 650 delicta

183 684 356 748 λείαις
403 683 603 738 αὐτῶν.

500 683 603 738 τῶν,
1856 683 1991 740 suis.

253 773 344 826 50.
371 769 506 824 Εἷπε
538 771 741 842 Κύριος
763 789 777 802 ο
827 773 919 826 Ἐκ
951 772 1131 828 Βασὰν
1157 775 1487 847 ἐπιστρέψω,

1926 775 2017 830 50.
2072 773 2220 828 Dixit
2248 773 2514 830 Dominus
2536 793 2548 830 :
2569 777 2647 828 Ex
2677 776 2850 831 Basan
2886 789 3213 846 convertam,

251 866 339 920 51.
390 865 733 936 Ἐπιστρέῲω
754 868 810 918 ἐν
840 866 1019 936 βυθοῖς
1045 867 1338 940 Θαλάσσης.
1579 875 1596 893 ⁸

1579 875 1596 893 ⁸
1928 865 2017 920 51.
2055 865 2382 919 (Ionvertam
2415 864 2468 918 in
2505 863 2830 934 profundum
2860 867 3043 920 maris.

250 958 339 1014 52.
371 959 561 1022 Ὅπως
586 957 651 1012 ἂν
679 957 824 1030 βαφῇ
847 960 875 1011 ὁ
897 958 1030 1022 ποῦς
1057 977 1148 1015 σου
1188 962 1244 1014 ἐν
1267 963 1458 1030 αἵματι
1479 981 1492 992 ο

1925 955 2016 1012 52.
2052 955 2123 1010 Ut
2152 956 2452 1027 inlingatur
2479 971 2573 1026 pes
2607 965 2734 1012 tuus
2754 958 2807 1011 in
2836 959 3100 1027 sanguine
3125 978 3135 1012 :

246 1049 339 1106 55.
359 1051 421 1103 Ἦ
445 1049 665 1118 γλῶσσα
680 1049 786 1104 τῶν
809 1051 983 1105 κυνῶν
1003 1068 1096 1104 σου
1112 1051 1172 1117 ἐξ
1188 1053 1395 1124 ἐχθρῶν
1415 1056 1546 1127 παρ’
1561 1054 1737 1110 αὑτοῦ.

1925 1049 2014 1102 55.
2060 1047 2269 1118 Lingua
2299 1063 2498 1103 canum
2533 1058 2750 1104 tuorum
2790 1065 2855 1104 ex
2887 1049 3122 1106 inimicis
3164 1050 3232 1106 ab
3275 1052 3416 1122 ipso.

247 1141 341 1197 54.
385 1141 804 1216 Ἐθεωρήθησαν
835 1145 891 1197 αἱ
918 1146 1133 1215 πορεῖαι
1167 1163 1280 1210 σου,
1310 1149 1338 1200 ὁ
1367 1148 1519 1214 Θεὸς,

1474 1166 1519 1214 ς,
1921 1139 2010 1195 54.
2044 1138 2158 1195 Visi
2191 1150 2318 1196 sunt
2349 1141 2629 1212 ingressus
2653 1142 2753 1205 tui,
2788 1141 2965 1206 Deus,

246 1234 335 1290 55.
369 1236 437 1288 Ai
465 1237 679 1308 πορεῖαι
706 1235 798 1290 τοῦ
823 1235 956 1292 Θεοῦ
995 1255 1094 1309 μου
1123 1238 1216 1292 τοῦ
1247 1239 1528 1310 βασιλέως,
1567 1241 1662 1296 τοῦ
1691 1243 1737 1297 ἐκ

1922 1231 2012 1287 55.
2048 1230 2332 1303 Ingressus
2361 1231 2455 1288 Dei
2489 1232 2596 1290 mei
2643 1233 2807 1304 regis,
2858 1234 2954 1305 qui
2997 1243 3081 1290 est
3114 1234 3167 1290 in
3203 1245 3413 1292 sancto.

175 1327 252 1400 τῷ
275 1327 437 1399 ἁγίῳ.

241 1423 332 1480 56.
370 1423 726 1496 Προέφθασαν
744 1426 1004 1498 ἄρχοντες
1027 1426 1260 1498 ἐχόμενα
1285 1427 1594 1488 ψαλλόντων
1621 1468 1637 1493 ,

1923 1415 2007 1472 56.
2041 1415 2426 1474 Przevenerunt
2479 1418 2753 1490 principes
2805 1417 3082 1488 conjuncti
3135 1415 3414 1488 psallenti-

1846 1508 1987 1573 bus,

237 1601 334 1658 57.
379 1602 470 1657 Ἐν
507 1603 654 1674 μέσῳ
685 1603 944 1656 νεανίδων
967 1603 1436 1676 τυμπανιστριῶν.

1915 1600 2004 1655 57.
2041 1597 2100 1654 In
2128 1600 2312 1656 medio
2337 1599 2755 1670 juvencularum
2779 1601 3303 1672 tympanistriarum.

237 1693 331 1750 58.
377 1695 467 1747 Ἐν
499 1693 847 1766 Ἐκκλησίαις
868 1694 1136 1764 εὐλογεῖτε
1159 1694 1251 1750 τὸν
1275 1695 1427 1761 Θεὸν,

1391 1713 1427 1761 θ,
1774 1755 1813 1766 _
1911 1692 1998 1746 58.
2035 1691 2095 1747 In
2123 1691 2380 1749 Ecclesiis
2409 1693 2709 1750 benedicite
2740 1693 2849 1751 Deo
2868 1736 2882 1762 ,

236 1785 329 1840 59.
358 1785 564 1854 Κύριον
586 1786 650 1840 ἐκ
673 1755 862 1856 ττηγῶνν
903 1755 1139 1857 Ἰσραήλ.
1413 1755 1423 1761 ν

1913 1783 2002 1839 59.
2035 1783 2266 1840 1)οωίηο
2288 1785 2355 1839 de
2385 1783 2628 1843 fontibus
2649 1785 2836 1846 Israel.
2870 1755 2880 1762 ’
3384 1859 3403 1878 ς

233 1878 326 1934 60.
377 1878 526 1932 Ἐκεῖ
550 1877 806 1948 Βενιαμὶν
827 1878 1089 1951 νεώτερος
1124 1879 1183 1932 ἐν
1211 1879 1465 1934 ἐκστάσει

1922 1874 2006 1930 60.
2043 1873 2122 1931 lbi
2159 1875 2445 1947 Benjamin
2479 1877 2919 1939 adolescentulus
2964 1883 3017 1940 in
3071 1885 3273 1942 mentis
3316 1873 3413 1942 ex;

1842 1981 2000 2023 cessu
2020 1980 2038 2022 :

231 2056 328 2112 61.
361 2056 438 2129 (a)
468 2058 760 2129 Ἄρχοντες
800 2056 966 2112 Ἰούδα
995 2057 1261 2129 ἡγεμόνες
1295 2054 1474 2112 αὐτῶν
1503 2073 1516 2087 ο

1440 2073 1474 2110 ιν
1503 2073 1516 2087 ο
1914 2058 2000 2114 61.
2036 2057 2319 2118 Principes
2339 2057 2483 2132 Juda
2509 2062 2675 2119 duces
2707 2080 2893 2121 eorum
2921 2087 2931 2099 -

232 2213 316 2288 (α)
347 2215 400 2286 ᾖ.
433 2211 522 2282 61,
556 2213 645 2282 62,
677 2212 785 2270 Sub
820 2215 974 2271 unico
999 2231 1235 2284 numero,
1261 2216 1422 2270 sicuti
1442 2224 1492 2272 et
1526 2214 1594 2270 66
1626 2225 1676 2270 et
1710 2218 1723 2270 l

820 2215 974 2271 unico
999 2231 1235 2284 numero,
1261 2216 1422 2270 sicuti
1442 2224 1492 2272 et
1526 2214 1594 2270 66
1626 2225 1676 2270 et
1710 2215 1780 2271 67
1810 2233 1826 2284 ;
1855 2215 1981 2273 item
2008 2218 2072 2274 81
2107 2227 2158 2274 et
2196 2219 2283 2276 82.

1293 2375 1664 2436 ATHANASII
1700 2379 2282 2438 INTERPRETATIO.

231 2555 328 2612 48.
357 2555 478 2610 Τῶν
510 2557 768 2611 ἐναντίων
797 2557 1099 2629 δυνάμεων.

1906 2546 1997 2604 48.
2025 2546 2438 2603 Contrariarum
2471 2555 2819 2616 potestatum.

226 2651 324 2706 49.
359 2651 464 2705 Τὸν
495 2650 740 2707 διάϐολον
795 2654 888 2707 τὸν
915 2654 1015 2724 τὴν
1071 2652 1271 2709 κακίαν
1303 2654 1603 2728 ἐφευρόντα
1657 2657 1717 2718 εἰς

1908 2638 1996 2694 49.
2028 2637 2314 2696 Diabolum
2372 2639 2710 2696 inventorem
2740 2641 2960 2696 malitia:
3001 2641 3056 2696 in
3098 2651 3399 2713 peccatum.

161 2740 470 2795 ἁμαρτίαν.

205 2759 216 2780 ν
247 2759 285 2792 α
327 2759 470 2794 τιαν.

202 2759 325 2884 (150‘:
350 2827 485 2885 Εἷπε
513 2831 750 2904 Κύριοςο
791 2834 930 2900 Τοὺς
959 2833 1035 2905 (1)
1064 2835 1130 2891 ἐκ
1165 2837 1263 2908 τῆς
1299 2838 1561 2910 αἰσχύνης
1607 2838 1693 2890 ἐπι

1906 2821 1996 2876 50.
2037 2821 2181 2878 Dixit
2211 2822 2476 2880 Dominus
2513 2843 2526 2878 :
2555 2840 2672 2890 eos,
2705 2827 2797 2896 qui
2821 2841 2887 2881 ex
2910 2825 3233 2893 confusione
3249 2835 3395 2887 sunt.

153 2920 383 2990 στρέψω
403 2937 418 2949 ·
464 2892 674 2976 Βασάν
696 2892 827 2994 *γὰρ
880 2892 1259 2998 ἑρμηνεύεται⁷
1289 2892 1573 3001 αὶσὶύνῖιί,
1607 2933 1644 3005 ἦ

1904 2923 2144 2968 nvertam
2190 2932 2202 2968 :
2240 2914 2423 2968 Basan
2464 2915 2608 2971 enim
2655 2915 3042 2984 interpretatur
3085 2917 3395 2986 ignominia,

152 3014 307 3066 ἐστὶν
332 3014 360 3066 ό
383 3013 606 3083 κόσμος.

1833 3019 1932 3060 seu
1968 3005 2230 3074 confusio,
2264 3007 2443 3076 qualis
2474 3014 2558 3063 est
2589 3009 2847 3062 mundus.
2901 3009 2903 3013 ’

222 3104 316 3158 51.
364 3105 708 3176 Ἐπιστρέψω
737 3105 934 3170 αὐτοὺς
953 3106 1046 3160 ἐπὶ
1069 3107 1128 3161 τὸ
1165 3108 1472 3184 βάπτισμα.

1460 3152 1472 3168 ,
1903 3097 1991 3152 51.
2033 3095 2360 3152 Convertam
2387 3113 2486 3154 eos
2512 3099 2578 3154 ad
2602 3099 2951 3170 baptismum.

214 3196 308 3250 52.
348 3196 537 3260 Ὅπως
564 3196 629 3250 ἂν
663 3195 731 3250 τὰ
764 3197 1048 3251 τελευταῖα
1078 3200 1186 3254 τῶν
1209 3201 1388 3272 μελῶν
1429 3221 1545 3270 σου,
1572 3221 1705 3260 τουτι

1902 3191 1990 3246 52.
2024 3190 2096 3246 Ut
2123 3200 2398 3261 postrema
2432 3194 2677 3250 membra
2735 3207 2858 3260 tua,
2913 3195 3015 3249 hoc
3058 3202 3142 3248 est
3189 3201 3393 3265 gentes,

148 3286 269 3342 ἐστι
291 3288 361 3340 τὰ
388 3289 534 3358 ἔθνη,
565 3288 932 3358 βαπτισθῶσιν
961 3291 1018 3344 ἐν
1049 3291 1125 3363 τῷ
1151 3294 1343 3364 αἵματί
1367 3313 1480 3352 σου.
1829 3281 2174 3352 minim-mu"
2205 3283 2260 3338 in
2295 3285 2561 3356 δεηειιῖηθ
2593 3294 2706 3341 ίυοο

221 3379 312 3434 53.
351 3379 476 3432 Τῶν
501 3379 668 3432 ἐθνῶν
698 3379 896 3446 αὐτῶν,
931 3383 1024 3436 καὶ
1049 3384 1081 3453 ἠ
1107 3384 1326 3452 γλῶσσα
1357 3387 1532 3460 ἐδάφη
1564 3391 1621 3442 ἐν
1649 3389 1712 3460 τᾷ

1902 3372 1985 3427 53.
2018 3371 2264 3444 Ipsarum
2318 3375 2598 3446 gentium,
2643 3386 2699 3431 et
2751 3377 2932 3447 lingua
2987 3377 3156 3433 tincta
3207 3386 3294 3433 est
3340 3377 3393 3431 in

149 3471 348 3542 αἵματι
385 3488 480 3524 σου
521 3470 599 3542 τῷ
636 3470 850 3544 θανάτῳ
883 3473 980 3544 (2),
1008 3474 1093 3527 ὅτε
1124 3476 1480 3549 ἐπέστρεψαν,
1507 3482 1570 3533 ἐκ
1620 3499 1640 3534 ’1

1902 3463 2099 3534 nguine
2131 3473 2228 3520 tuo
2256 3481 2354 3538 per
2379 3478 2632 3535 mortem,
2665 3469 2885 3538 quando
2915 3478 3302 3525 converterunt
3335 3483 3393 3524 se

149 3563 343 3616 ἐθνῶν.

1824 3567 1892 3608 ex
1929 3555 2200 3624 gentibus.

217 3655 306 3712 54.
343 3655 426 3708 Τὰ
454 3655 798 3728 δικαιώματά
822 3675 913 3711 σου
945 3660 1387 3734 ἐπεγνώσθησαν.

1897 3641 1988 3696 54.
2022 3641 2454 3700 Justitlcationes
2484 3655 2591 3702 tua:
2617 3647 2846 3718 cognitae
2871 3658 3016 3704 sunt.

217 3746 310 3802 55.
338 3749 406 3801 ΑΞ
439 3747 650 3802 ἐντολαὶ
680 3749 774 3802 τοῦ
799 3749 928 3804 Υἱοῦ
962 3751 1056 3805 τοῦ
1088 3753 1238 3816 ὄντος
1261 3755 1318 3806 ἐν
1344 3753 1422 3825 τῷ
1452 3753 1648 3826 Πατρί.

1505 3753 1648 3826 ατρι,
1896 3735 1987 3790 55.
2021 3734 2296 3808 Praecpta
2325 3737 2469 3802 Filii,
2493 3740 2588 3808 qui
2613 3748 2696 3794 est
2735 3739 2786 3792 in
2818 3738 2996 3795 Patre.

218 3837 306 3893 56.
335 3840 399 3892 υἱ
426 3838 717 3910 ἡγούμενοι
741 3840 851 3894 τῶν
900 3843 1236 3913 μοναζὸντων
1271 3840 1432 3916 ἦλθον
1453 3847 1531 3910 εἰς
1553 3845 1709 3900 άπάν·

1900 3826 1982 3882 56.
2015 3828 2283 3886 Prmsides
2310 3831 2703 3886 monachorum
2733 3841 2998 3888 venerunt
3042 3833 3254 3888 obviam
3285 3832 3391 3886 Do-

145 3948 306 4003 τησιν
337 3931 430 3984 τοῦ
470 3929 676 4001 Κυρίου
709 3931 1029 4003 κατέχοντος
1062 3935 1139 4008 (3)
1187 3937 1315 4001 τοὺς
1361 3935 1570 3992 ἐαυτῶν
1620 3955 1636 4008 ι

1494 3935 1570 3990 ὦν
1620 3954 1716 4008 μα-
1822 3918 1974 3976 mino
1998 3936 2182 3978 secum
2215 3921 2474 3979 habentes
2508 3938 2638 3980 suos
2665 3924 2981 3996 discipulos.

145 4019 339 4091 Θητάς.

215 4110 307 4163 57.
348 4111 437 4164 Ἐν
468 4110 633 4183 μέσῳ
661 4111 780 4183 τῶνι
801 4113 988 4185 ψυχῶν
1022 4114 1130 4170 τῶν
1161 4116 1356 4171 νεωστὶ
1401 4117 1478 4188 (4)
1513 4117 1706 4172 ἀποτα-

1895 4106 1977 4162 57.
2017 4107 2075 4162 ln
2117 4109 2300 4164 medio
2333 4109 2666 4174 animarum,
2705 4111 2799 4180 qui
2832 4122 3078 4167 recenter
3107 4114 3386 4168 renuntia-

143 4199 397 4272 ξαμένων
419 4203 513 4255 καὶ
545 4205 853 4276 νεκρουσῶν
874 4205 942 4258 τὰ
973 4206 1105 4278 μέλη
1134 4207 1362 4262 ἐαυτῶν.

1894 4209 2016 4254 runt
2073 4200 2322 4266 mundo,
2369 4209 2425 4256 et
2478 4203 2945 4257 mortiﬁcaverunt
2988 4204 3228 4257 membra
3266 4219 3385 4257 sua.

213 4290 304 4345 58.
350 4292 439 4344 Ἐν
492 4296 603 4356 τοῖς
644 4293 860 4365 μέλεσιν
911 4295 1067 4365 ὑμῶν
1131 4295 1404 4365 εὐλογεῖτε
1456 4296 1548 4350 τὸν
1589 4297 1704 4352 Θεὸη

1895 4293 1984 4348 58.
2024 4296 2082 4347 In
2109 4294 2372 4349 membris
2402 4296 2601 4350 vestris
2623 4295 2924 4349 benedicite
2963 4293 3096 4360 Deo,
3123 4297 3385 4364 quemad~

139 4383 242 4452 (5),
300 4383 486 4447 καθὼς
525 4385 850 4456 γέγραπται·
887 4388 1005 4439 Ὅτι
1028 4385 1197 4456 ὑμεῖς
1213 4387 1358 4453 ναὸς
1384 4387 1530 4442 Θεοῦ
1557 4388 1630 4441 ὲσ

1892 4384 2041 4438 )dum
2074 4385 2339 4453 scriptum
2381 4394 2464 4440 est
2493 4403 2506 4438 :
2539 4386 2662 4454 quia
2702 4402 2786 4440 ros
2821 4385 3061 4455 templum
3106 4385 3204 4439 Dei
3239 4388 3383 4449 estis,

137 4473 239 4526 καὶ
270 4474 340 4526 τὸ
371 4473 615 4544 Πνεῦμα
641 4477 747 4531 τοῦ
783 4477 929 4534 Θεοῦ
968 4477 1122 4530 οἰκεῖ
1146 4477 1216 4530 ἐν
1234 4479 1398 4548 ὑμῖν.

1354 4496 1398 4532 ν’.
1818 4486 1868 4531 et
1903 4475 2137 4546 Spiritus
2166 4476 2259 4530 Dei
2293 4477 2496 4530 habitat
2522 4479 2576 4531 in
2612 4478 2753 4532 vobis
2777 4479 2845 4531 ⁸³.

211 4565 303 4621 59.
333 4567 539 4638 Κύριον
583 4570 646 4622 ἐκ
695 4570 803 4624 τῶν
853 4570 1090 4644 καρδιῶν
1128 4570 1282 4642 ὑμῶν
1341 4571 1591 4638 δοξάζετε
1621 4571 1694 4643 (6)

1896 4569 1984 4623 59.
2024 4567 2256 4622 Domino
2284 4584 2314 4624 e
2352 4569 2609 4625 cordibus
2645 4571 2841 4625 vestris
2867 4570 3387 4642 glorilicaleﬂsrcci

148 4657 394 4725 Ἰσραὴλ
425 4660 535 4731 γὰρ
569 4661 950 4732 ἑρμηνεύεται,
981 4662 1129 4728 ’νοῦς
1157 4661 1309 4731 ὀρῶν
1334 4664 1501 4718 Θεὸν.

1821 4661 1967 4717 enim
1998 4662 2412 4730 interpretatur,
2443 4677 2584 4715 mens
2613 4661 2789 4717 videns
2818 4663 3004 4718 Deum.

206 4748 299 4802 60.
328 4749 430 4803 Τὸν
453 4751 660 4806 Παῦλον
692 4753 858 4822 λέγει.

1891 4753 1980 4808 60.
2018 4752 2251 4807 Paulum
2280 4754 2565 4824 signiﬁcat.

213 4838 305 4894 61.
343 4841 406 4893 0i
428 4843 713 4897 ἀπόστολοι
743 4845 836 4898 τοῦ
866 4845 998 4900 Θεοῦ
1029 4846 1270 4901 αἰκλετοῦ·
1323 4848 1552 4917 Ἰούδας
1604 4849 1704 4920 γὰρ

1895 4845 1984 4900 61.
2019 4844 2271 4916 Apostoli
2308 4844 2400 4902 Dei
2441 4847 2731 4904 laudabilis
2767 4868 2779 4902 :
2814 4847 2986 4904 Iudas
3029 4847 3174 4904 enim
3217 4857 3385 4902 Inter-

131 4933 522 5005 ἑρμηνεύεται,
553 4937 696 5005 Θεὸς
719 4941 968 5006 αἰνετός.

1823 4945 2087 5009 pretatur,
2116 4937 2252 4992 Deus
2275 4936 2582 4997 laudabilis.

206 5107 251 5138 ⁸¹
285 5105 305 5159 1
336 5105 465 5167 Cor.
496 5122 575 5167 ιιι.
614 5109 700 5167 16.

336 5105 465 5171 Cor.
496 5122 575 5174 ιιι,
614 5109 700 5167 16.
1405 5125 1410 5134 ’

1096 5188 1404 5253 Addenda
1437 5201 1496 5256 et
1525 5192 1827 5267 corrigenl

1096 5188 1404 5253 Addenda
1437 5201 1496 5256 et
1525 5190 1901 5267 corrigenda
1949 5209 2029 5254 ex
2060 5193 2200 5256 cod.
2234 5194 2433 5256 Vatic.

234 5341 287 5431 ll
319 5341 476 5431 Ws
498 5344 651 5431 ξίδοεε
682 5363 714 5431 ἓ
747 5349 868 5431 θρα·
946 5417 964 5431 .
1339 5424 1354 5431 -
1469 5426 1483 5431 -

864 5391 868 5403 .
946 5417 964 5431 ¹
1339 5424 1354 5431 _
1469 5426 1483 5431 _
1898 5359 1975 5431 (5)
2000 5361 2355 5431 Κατέχοντες.

228 5412 378 5501 alia
408 5417 921 5501 ιεξιξιλτῷθανάτῳ.
946 5417 1006 5476 1η
1047 5437 1221 5493 marg.
1258 5424 1378 5478 cod.
1419 5426 1710 5501 adnotatur

1890 5412 1971 5496 (Ἡ
1995 5412 2207 5484 Νέώάὲἐ
2242 5412 2388 5486 deest
2415 5450 2426 5485 :
2459 5427 2619 5501 paulo
2654 5438 2771 5498 post
2800 5423 3209 5499 νεκρωσάντων.

128 5482 883 5572 ἐνξάλλοιςᾲτῶεάθανάτιρηεί
897 5507 1006 5560 quo
1027 5482 1269 5572 appaFet,
1296 5497 1438 5572 quod
1459 5511 1619 5564 super

1232 5502 1269 5556 ι,
1296 5497 1438 5572 quod
1459 5498 1708 5564 superius
2001 5482 2486 5572 τδνΓ
2501 5482 2723 5572 Κύριον.

129 5559 298 5632 etiam
328 5559 538 5615 monui,
568 5559 702 5610 tanti
733 5559 1075 5640 l'uisseszec.
1104 5578 1158 5642 ix
1207 5559 1345 5644 hanc
1385 5559 1620 5634 interpre

1889 5559 1964 5641 (6}
1992 5559 2386 5644 Κύριίόςζίειοη
2423 5559 2723 5637 δοξάζεται,
2770 5580 2901 5637 elc.;
2955 5569 3047 5626 sed
3101 5568 3220 5624 mel.
3267 5566 3380 5624 Κύ-

131 5622 363 5709 tioneni,
395 5638 492 5705 seu
524 5629 1001 5709 commentarium,
1027 5639 1084 5684 ut
1106 5631 1216 5709 jam
1244 5633 1395 5709 plura
1428 5622 1622 5689 exsiari

900 5645 1001 5692 im,
1027 5639 1084 5684 ut
1106 5631 1216 5709 jam
1244 5633 1395 5709 plura
1428 5622 1708 5692 exsiarent
1818 5622 2105 5709 pii/XT.”
2122 5622 2391 5709 δοξάζετέ.

130 5694 489 5764 exemplaria,
509 5696 708 5766 quibus
734 5701 967 5770 scriptor
991 5694 1165 5759 nostri
1198 5694 1400 5761 cadicis
1434 5721 1567 5762 usus
1601 5717 1701 5766 est.
