3728 6394
162 341 246 395 εει
1032 344 1120 398 οε
1158 343 1434 403 TITULIS
1472 350 1922 415 PSALMORUM.
1964 393 2033 403 -
2065 361 2262 418 esse.
2313 353 2545 425 L‘xvm.
2918 331 2924 333 8
3309 373 3414 426 9.22

227 459 308 513 8|.
344 459 406 512 '0
423 458 561 524 Θεὸς
596 460 809 533 Ἰσραήλ
829 475 844 490 ·
861 460 1022 524 αὐτὸς
1044 458 1203 514 δώσει
1232 458 1462 534 δύναμιν
1488 469 1580 522 καὶ
1601 487 1699 544 κρα

1949 478 1995 528 ι.
2033 475 2177 532 Deus
2211 477 2412 546 Israel;
2449 481 2566 551 ipse
2592 480 2744 536 dabit
2774 482 3054 551 virtutem,
3100 496 3155 540 et
3199 486 3413 545 fortitu-

165 550 372 604 ταίωσιν
400 549 483 620 τῷ
513 549 628 620 λαῷ
657 551 842 606 αὐτοῦ.

1835 564 2016 619 dinem
2046 567 2186 634 plebi
2215 584 2328 623 suae
2349 587 2361 622 :

228 641 317 706 82.,
349 639 664 711 Εὐλογητὸς
687 641 718 692 ὁ
747 640 899 704 Θεός.

1909 656 2000 711 82.
2033 656 2359 715 Benedictus
2392 660 2552 718 Deus.

168 737 260 802 Εις
288 736 350 790 τὸ
383 735 585 802 τέλος,
608 737 764 805 ὑπὲρ
793 736 910 790 τῶν
943 739 1544 809 ἀλλοιωθησομένων,
1580 745 1640 810 ψη

1897 746 1957 800 1η
1991 748 2150 817 ﬁnem
2176 791 2190 816 ,
2231 767 2329 820 pro
2370 754 2437 806 its
2470 754 2561 815 qui
2605 755 3094 824 commutabantur,
3135 762 3369 829 psalmus

526 829 644 898 μὸς
680 829 760 894 τῷ
799 830 995 886 Δαϐίδ.
1035 834 1207 887 ΨΑΛ.
1243 832 1366 888 EH'.

2255 840 2455 900 David.
2488 841 2692 902 PSAL.
2733 844 2830 900 LX
2847 845 3010 904 VU].

233 921 285 985 1.¹
309 919 498 974 Σῶσόν
527 936 620 992 με,
647 921 676 973 ὁ
696 920 847 986 Θεὸς,
869 923 952 976 ὅτι
979 923 1296 994 είσήλθοσαν
1323 925 1487 978 ὕδατα
1509 924 1613 988 ἐως
1633 925 1705 1001 ψυ

1954 972 1976 1008 ,ξ
2008 929 2228 986 Salvum
2265 949 2353 989 me
2400 934 2520 1000 fac,
2565 936 2741 1005 Deus,
2791 942 3047 1010 quoniam
3080 944 3414 1000 intraverunt

167 1012 259 1084 χῆς
293 1027 414 1082 μου.

1837 1035 1994 1089 aquae
2021 1038 2197 1093 usque
2226 1027 2292 1080 ad
2323 1027 2560 1082 animam
2595 1045 2794 1086 meam.

227 1104 279 1158 2.
326 1101 636 1176 Ἐνεπᾴγην
669 1105 751 1168 είς
783 1104 896 1158 ἰλὺν
935 1104 1121 1176 βυθοῦ,
1154 1107 1249 1163 καὶ
1276 1107 1376 1160 οὐκ
1415 1106 1564 1160 ἐστιν
1608 1107 1699 1160 {md

1947 1154 1960 1168 .
1998 1115 2207 1172 lntixus
2245 1133 2366 1172 sum
2397 1119 2452 1173 in
2493 1119 2626 1175 lituo
2651 1121 2931 1192 profundi,
2959 1135 3012 1180 et
3034 1140 3142 1180 non
3171 1136 3254 1182 est
3285 1129 3415 1182 sub.

172 1211 366 1258 στασις.

1837 1205 2059 1259 stantia.

233 1290 282 1345 3.
318 1285 527 1344 1Ἦλθον
549 1293 632 1356 είς
661 1291 732 1346 τὰ
771 1291 913 1363 βάθη
939 1293 1041 1363 τῆς
1075 1293 1373 1366 θαλάσσης,
1411 1296 1505 1348 καὶ
1550 1311 1705 1348 καται

1943 1326 1965 1351 ι.
2006 1297 2140 1352 Veni
2176 1299 2231 1354 in
2269 1301 2613 1358 altitudinem
2671 1307 2860 1371 maris,
2899 1319 2952 1362 e't
3000 1319 3294 1379 tempestas
3321 1311 3415 1367 de—

171 1383 246 1450 γὶς
272 1383 632 1437 κατεπόντισέ
665 1401 754 1455 με.

1840 1391 2030 1444 mersit
2061 1407 2166 1446 me.
3304 1416 3306 1420 ’

227 1473 276 1528 4.
316 1475 619 1530 Ἐκοπίασα
651 1476 891 1548 κράζων,
923 1476 1286 1549 ἐσραγχίασεν
1317 1483 1346 1533 6
1375 1480 1582 1550 λαρυγξ
1611 1497 1699 1550 μοι

1950 1520 1966 1536 .
2009 1482 2276 1540 Laboravi
2314 1487 2581 1556 clamans,
2635 1505 2815 1545 rauca:
2861 1491 3018 1546 facta:
3060 1502 3189 1548 sunt
3231 1494 3416 1552 fauces

1839 1587 1992 1627 “10$.

231 1654 280 1709 5.
322 1656 610 1722 Ἐξέλιπον
637 1658 686 1710 oi
713 1655 979 1727 ὀφθαλμοί
1017 1673 1120 1730 μου
1145 1657 1253 1711 ἀπὸ
1275 1656 1372 1710 τοῦ
1396 1657 1634 1724 ἐλπίζειν
1669 1679 1703 1730 μ

1941 1666 1970 1720 ἱ.
2003 1662 2330 1720 Det'ecerunt
2383 1667 2528 1721 oculi
2586 1668 2715 1733 mei,
2769 1662 2896 1723 dum
2941 1687 3098 1741 spero
3144 1673 3198 1726 in
3244 1673 3413 1729 Deum

169 1747 250 1800 ἐπὶ
267 1749 357 1801 τὸν
379 1748 517 1802 Θεόν
541 1767 664 1820 μου.

573 1767 664 1804 .ου.
1713 1765 1720 1770 ‘
1776 1819 1785 1820 ί
1839 1765 2045 1803 meum.

233 1841 281 1895 6.
321 1819 772 1914 Ἐπληθύνθησαν
803 1843 948 1914 ὑπὲρ
979 1842 1078 1909 τὰς
1117 1843 1310 1915 τρίχας
1357 1844 1456 1916 τῆς
1495 1843 1705 1914 κεφαλῆ

1940 1843 1972 1895 ἰ.
2005 1841 2374 1912 Multiplicataa
2409 1853 2539 1899 sunt
2569 1860 2736 1916 super
2765 1847 2990 1916 capillos
3035 1851 3226 1918 capitis
3282 1865 3412 1914 met,

174 1949 265 2001 μου
294 1935 342 1986 ot
377 1934 667 2005 μισοῦντές
701 1952 768 2004 με
799 1935 1029 2006 δωρεάν.

1843 1933 1935 2003 qui
1971 1933 2202 1987 oderunt
2239 1951 2324 1988 me
2355 1935 2541 2004 gratis.

234 2024 282 2078 7.
326 2024 809 2098 Ἐκραταιώθησαν
843 2028 892 2078 οἱ
935 2025 1120 2097 ἐχθροί
1146 2043 1270 2097 μου,
1303 2027 1352 2080 οἱ
1385 2025 1704 2081 ἐκδιώκοντέ

1945 2026 1968 2078 ⁷.
2006 2024 2312 2080 Confortati
2361 2036 2510 2092 sunt,
2570 2028 2664 2098 qui
2715 2031 2988 2099 persecuti
3015 2040 3142 2085 sunt
3173 2046 3281 2098 me,
3315 2030 3417 2087 ini-

174 2133 233 2186 με
251 2116 450 2180 ἀδίκως
473 2156 489 2171 .

1842 2116 1970 2169 mici
2002 2115 2108 2170 mei
2139 2116 2341 2186 injuste
2369 2135 2383 2173 :

231 2209 283 2266 8.
314 2210 379 2262 Ἀ
401 2210 502 2280 ούχ
529 2211 796 2282 ἥρπαζον,
824 2209 947 2262 τότε
972 2209 1313 2264 ἀπετίννυον.

1912 2208 1966 2261 8.
2000 2207 2132 2274 Qua:
2153 2224 2260 2262 non
2289 2210 2466 2279 rapui,
2503 2222 2634 2264 tunc
2662 2211 3033 2266 exsolvebam.

231 2301 282 2356 9.
319 2303 376 2355 '0
401 2302 558 2366 Θεὸς,
583 2302 647 2355 σὺ
680 2302 853 2370 ἔγνως
880 2301 976 2372 τὴν
998 2301 1310 2373 ἀφροσύνην
1347 2317 1470 2371 μου,

1911 2301 1968 2354 9.
2009 2300 2169 2367 Deus,
2203 2312 2257 2356 tu
2287 2303 2394 2358 scis
2427 2303 2794 2372 insipientiam
2824 2319 3023 2370 meam,

233 2394 316 2449 10.
347 2395 460 2447 Καὶ
481 2397 536 2448 αἱ
570 2393 942 2465 πλημμέλειαι
973 2410 1075 2464 μου
1106 2393 1213 2459 ἀπὸ
1238 2393 1332 2446 σοῦ
1363 2394 1463 2446 οὐκ
1492 2394 1705 2464 ἁπεκρύ

1913 2391 1999 2446 10.
2032 2391 2098 2446 Et
2119 2393 2316 2448 delicta
2345 2410 2462 2449 mea
2489 2411 2518 2449 a
2547 2407 2598 2450 te
2629 2411 2738 2450 non
2769 2407 2898 2451 sunt
2929 2396 3269 2451 abscondita.

170 2486 353 2557 ϐησαν.
367 2503 373 2509 ·

234 2580 316 2634 11.
347 2580 438 2650 Μὴ
469 2577 891 2650 αἰσχυνθείησαν
915 2578 1005 2630 ἐπ’
1030 2577 1130 2647 ἐμὲ
1172 2579 1219 2630 οἱ
1249 2578 1612 2648 ὑπομένοντες
1651 2594 1706 2631 σε

1950 2580 2000 2633 1.
2034 2577 2152 2632 Νοη
2185 2576 2510 2632 erubescant
2538 2577 2590 2632 in
2623 2594 2710 2632 me
2747 2594 2839 2649 qui
2864 2586 3182 2648 exspectant
3209 2586 3282 2637 te.
3308 2576 3416 2634 Do-

169 2670 348 2742 Κύριε,
383 2671 559 2744 Κύριε
579 2670 687 2724 τῶν
715 2670 1027 2741 δυνάμεων⁹

1840 2667 2005 2729 mine.
2045 2666 2270 2722 Domine
2302 2666 2562 2721 virtutum
2591 2687 2603 2724 :

1278 2763 1652 2821 ATIIANASII
1693 2761 2264 2818 ΙΝΤΕΒΡΒΕΤΑΤΙΟ

229 2856 314 2923 81,
345 2855 436 2911 82.
480 2857 538 2911 Ὀ
565 2856 697 2920 Θεὸς
735 2856 850 2909 τῶν.
913 2857 1170 2930 καθαρῶν
1200 2861 1264 2929 τῇ
1307 2857 1522 2929 καρδίᾳ,
1561 2857 1701 2910 αὐτὸς

1944 2855 2007 2920 il,
2043 2855 2132 2910 89...
2169 2855 2313 2909 Deus
2349 2870 2538 2910 eorum
2567 2855 2660 2926 qui
2696 2856 2861 2911 corde
2891 2855 3078 2910 mundi
3111 2863 3260 2918 sunt,
3301 2852 3416 2922 ipse

164 2945 312 3002 δώσει
337 2950 400 3003 τὸ
433 2949 661 3019 Πνεῦμα
690 2949 751 3002 τὸ
784 2950 938 3018 ἅγιον
982 2954 1094 3014 τοῖς
1138 2950 1528 3024 πειθαρχοῦσιν
1561 2951 1636 3003 αύλ

1933 2947 1991 3000 ιίι
2026 2945 2290 3016 Spiritum
2316 2956 2570 3002 sanctum
2601 2948 2703 3011 eis,
2735 2948 2826 3018 qui
2853 2947 2954 3016 ipsi
2979 2947 3259 3009 obediunt,
3282 2960 3405 3013 nam

164 3035 539 3112 δεδοξασμένος
564 3039 674 3112 γάρ
701 3040 848 3092 ἐστιν
880 3041 938 3092 ἐν
968 3040 1172 3107 αὐτοῖς.

1098 3043 1172 3107 ῖς.
1837 3039 2174 3111 gloriﬁcatus
2206 3048 2292 3095 est
2324 3041 2378 3096 in
2414 3041 2569 3112 ipsis.

237 3133 304 3186 Ἦ
324 3133 662 3207 προκειμένη
695 3133 977 3207 ἐπιγραφὴ
1005 3135 1250 3207 περιέχει
1282 3137 1358 3208 (1)
1379 3154 1392 3166 ·
1419 3139 1524 3200 Εἰς
1555 3136 1620 3190 τὸ
1646 3134 2016 3204 τέλος-,ὑπὲρ
2047 3136 2167 3189 τῶν
2199 3137 2799 3207 ἀλλοιωθησομένων,
2825 3134 3066 3206 ιζιιαμῑμός⁵
3100 3129 3178 3202 τῷ
3211 3131 3410 3188 Δαϐίδ-

167 3224 328 3297 Ῐοῦτο
351 3221 447 3280 οὗν
477 3225 654 3294 λέγει,
693 3225 788 3278 ἐπὶ
813 3223 956 3280 τέλει
991 3225 1103 3279 τῶν
1127 3225 1338 3279 αἰώνων
1372 3227 1513 3298 ὑπὲρ
1548 3225 1656 3280 τῶν
1685 3225 2135 3298 μεταὸληθὲντων
2178 3227 2348 3280 ἐθνῶν
2386 3228 2496 3282 ἀπὸ
2528 3229 2628 3300 τῆς
2664 3229 2938 3300 ἁμαρτίας
2961 3229 3040 3290 είς
3065 3226 3155 3279 τὸν
3182 3224 3407 3296 Κύριον,

163 3315 247 3368 καὶ
275 3315 385 3368 τῶν
424 3313 699 3368 Ἰουδαίων
721 3312 830 3366 τῶν
861 3314 1306 3386 μεταϐληθέντων
1331 3316 1439 3368 ἀπὸ
1458 3316 1566 3368 τῶν
1598 3314 1830 3368 ἐντολῶν
1859 3315 1952 3368 τοῦ
1977 3315 2112 3369 Θεοῦ
2143 3320 2223 3381 είς
2249 3317 2348 3389 τὴν
2381 3319 2686 3392 ἁμαρτίαν.
2720 3317 2966 3389 Ψαλμὺς
2999 3313 3079 3382 τῷ
3101 3315 3177 3384 (2)
3203 3314 3380 3372 Δασιδ
3401 3329 3417 3349 ⁶

159 3405 353 3460 ὡσανεὶ
379 3405 598 3478 ψαλμδς
621 3404 702 3471 τῷ
732 3403 919 3470 ικανῷ
951 3404 1027 3474 τῇ
1058 3408 1238 3476 χειρί,
1255 3407 1502 3460 τουτέστι
1532 3406 1610 3478 τῷ
1638 3405 1750 3477 Υίῴ
1783 3406 1878 3460 τοῦ
1904 3407 2062 3460 Θεοῦ.

223 3500 440 3557 Titulus
473 3498 806 3570 pnepositus
837 3499 1084 3560 continet
1113 3519 1125 3553 :
1163 3497 1230 3553 In
1255 3499 1448 3568 ﬁnem,
1475 3515 1572 3568 pro
1598 3501 1688 3562 iis,
1725 3499 1815 3569 qui
1845 3498 2340 3559 commutabuntur,
2381 3499 2620 3568 psalmus
2659 3498 2848 3551 Dat-id.
2876 3497 2991 3552 Hoc
3016 3499 3178 3569 igitur
3206 3501 3417 3570 signino

160 3607 263 3662 cat,
291 3597 345 3651 in
374 3595 486 3651 ﬁne
515 3595 846 3650 saeculorum
880 3609 986 3664 pro
1008 3595 1263 3666 gentibus
1287 3637 1308 3668 ,,
1347 3610 1470 3664 qua:
1510 3595 1788 3661 translatae
1819 3603 1948 3649 sunt
1979 3611 2007 3649 a
2040 3605 2264 3665 peccato
2311 3595 2363 3648 in
2404 3594 2694 3648 Dominum
2719 3635 2733 3656 .
2762 3603 2816 3646 et
2855 3608 2953 3662 pro
2985 3593 3187 3650 Jutlzeis
3208 3637 3221 3660 ,
3257 3597 3350 3665 qui
3383 3613 3414 3654 ο

162 3690 433 3746 mandatis
460 3687 561 3744 Dei
597 3703 658 3744 se
697 3688 1099 3758 transtulerunt
1130 3690 1184 3744 in
1217 3699 1523 3760 peccatum.
1566 3675 1822 3746 Psalmus
1862 3688 2031 3743 David
2055 3703 2074 3742 :
2101 3689 2354 3743 videlicet
2397 3688 2644 3757 psalmus
2690 3703 2849 3740 manu
2879 3687 3006 3756 forti
3028 3729 3042 3752 ,
3079 3690 3180 3742 hoc
3206 3700 3288 3744 est
3320 3690 3416 3746 Dei

157 3779 198 3840 Ρ
201 3782 292 3838 ilio

226 3873 278 3928 1.
320 3871 496 3936 Ἔλθὲ,
524 3873 553 3926 ὀ
573 3869 726 3937 Θεὸς,
753 3871 834 3935 είς
865 3871 1120 3942 βοήθειάν,
1149 3889 1272 3943 μου,
1323 3872 1407 3926 ὅτι
1443 3875 1498 3927 αἱ
1540 3875 1697 3928 ἐπιθυ

1943 3916 1956 3929 .
1989 3873 2148 3944 Veni,
2182 3874 2343 3937 Deus,
2399 3875 2455 3930 in
2511 3875 2844 3945 adiutorium
2893 3891 3098 3940 meum,
3140 3877 3409 3948 quoniam

163 3967 277 4037 μίαι
299 3965 396 4020 τοῦ
431 3965 640 4035 κόσμου
671 3964 956 4035 κατέχουσι
983 3981 1070 4036 με.

1835 3967 2164 4036 cupiditates
2193 3967 2380 4022 mundi
2415 3969 2658 4023 detinent
2687 3985 2795 4022 me.

223 4061 277 4115 9..
318 4057 670 4130 Δεδούλωμαι
697 4059 763 4130 τῇ
797 4059 1064 4130 ἁμαρτίᾳ,
1103 4059 1198 4130 καὶ
1238 4059 1341 4112 οὐκ
1381 4058 1548 4130 ἰσχύω
1593 4061 1695 4113 ἀπο

1944 4099 1958 4113 .
1995 4059 2052 4113 In
2089 4061 2403 4116 servitutem
2434 4063 2686 4118 redactus
2712 4079 2833 4118 sum
2871 4080 2900 4118 a
2942 4073 3164 4135 peccato
3186 4103 3200 4127 ,
3232 4071 3286 4119 et
3311 4079 3410 4118 ne-

161 4151 364 4222 στῆναι.

1832 4166 1975 4222 queo
1996 4152 2280 4208 absistere.

221 4243 278 4298 3.
300 4238 507 4296 Ἦλθον
534 4241 621 4306 είς.
645 4239 746 4304 τὰς
792 4239 989 4314 ἡδονὰς
1035 4241 1132 4294 καὶ
1161 4239 1261 4306 τὰς
1308 4241 1601 4312 ἐπιθυμίας
1635 4258 1693 4295 το

1943 4287 1955 4299 .
1996 4243 2131 4300 Veni
2169 4245 2223 4298 in
2254 4247 2600 4312 voluptates.
2645 4247 2700 4295 et
2742 4240 3218 4310 coneu-piscentias
3255 4261 3413 4302 man.

163 4334 381 4405 κόσμου,
416 4333 513 4388 καὶ
551 4335 586 4404 ἡ
624 4331 868 4404 ἁμαρτία
896 4333 1286 4406 κατεκυρίευσέ
1321 4350 1387 4403 με
1420 4335 1518 4402 (5).

1832 4337 1918 4403 di,
1955 4350 2010 4392 et
2031 4345 2315 4406 peceatum
2346 4334 2687 4392 dominatum
2719 4341 2804 4388 est
2833 4334 2887 4386 in
2915 4348 3022 4388 me.

224 4427 274 4481 1.
303 4427 398 4489 Et;
429 4425 742 4494 ἀπόγνωσιν
760 4423 954 4479 λοιπὸν,
980 4423 1058 4496 (ι)
1085 4423 1192 4477 ἀπὸ
1215 4423 1309 4477 τοῦ
1340 4422 1415 4495 μὴ
1447 4422 1696 4493 είσακούε

1938 4460 1964 4484 ρ.
2003 4426 2230 4480 Demum
2271 4425 2325 4479 in
2355 4424 2792 4494 desperationem
2829 4423 2950 4477 veni
2971 4464 2988 4489 ,
3020 4439 3085 4478 eo
3118 4425 3266 4495 quod
3289 4443 3410 4484 ora-

166 4516 280 4570 σθαι
311 4517 410 4588 τὴν
436 4515 624 4588 δέησίν
659 4533 781 4586 μου.

1831 4521 1909 4574 tio
1944 4533 2062 4572 mea
2091 4533 2199 4571 non
2226 4515 2597 4570 exaudiretur.

228 4611 282 4667 3.
320 4611 454 4664 Ἀπὸ
477 4609 578 4662 τοῦ
628 4608 874 4662 δακεύειν
916 4607 994 4678 (5)
1026 4625 1115 4679 με,
1163 4609 1257 4663 καὶ
1304 4609 1619 4680 περιμένειν
1673 4625 1700 4662 τ

1939 4647 1952 4662 .
1989 4607 2127 4662 Dum
2175 4608 2398 4673 aerem,
2441 4616 2498 4661 et
2547 4615 2920 4676 exspectarem
2980 4607 3411 4667 misericordiam

164 4698 297 4764 ελεος
325 4701 419 4754 τοῦ
453 4698 591 4753 Θεοῦ
620 4716 742 4770 μου.

1831 4699 1926 4756 Dei
1957 4701 2084 4756 mei.
2287 4684 2328 4693 ﬂ

225 4792 274 4850 6.
302 4792 497 4848 Πολλοί
523 4795 663 4846 είσιν
683 4794 731 4845 οί
762 4791 1017 4863 δαίμονες
1038 4793 1088 4846 oi
1117 4792 1479 4864 ἀντικείμενοι
1508 4811 1594 4862 μοι
1630 4796 1697 4866 (6]

1899 4792 1952 4847 6.
1989 4791 2139 4847 Multi
2179 4800 2307 4847 sunt
2335 4792 2635 4858 daemones,
2665 4793 2756 4863 qui
2789 4793 2924 4848 mihi
2959 4795 3337 4850 adversantur.

228 4885 280 4940 7.
313 4888 450 4958 Περὶ
475 4885 585 4939 τῶν
608 4883 787 4939 αὐτῶν
817 4885 1077 4938 ἐναντίων
1100 4885 1383 4956 δυνάμεων
1417 4886 1585 4956 λέγει.

1904 4885 1954 4939 7.
1993 4884 2068 4939 De
2103 4884 2236 4954 ipsis
2266 4885 2598 4941 adversariis
2621 4889 2984 4956 potestatibus
3008 4889 3263 4946 loquitur.

227 4976 279 5031 8.
317 4981 383 5030 Ἀ
419 4977 666 5049 ἐμίσουν,
695 4976 869 5029 ταῦτα
908 4975 1196 5047 ἔπραττον.

1899 4978 1952 5032 8.
1985 4977 2116 5043 Qua:
2144 4977 2391 5040 oderam,
2427 4977 2542 5031 haec
2573 4977 2859 5032 faciebam.

225 5069 280 5126 9.
319 5071 380 5124 '0
408 5071 566 5134 Θεὸς,
602 5071 667 5122 συ
692 5065 839 5132 οἶδας
857 5060 1252 5140 τὴνὰμαρτίαν
1285 5089 1407 5141 μου.

1901 5069 1955 5122 9.
1993 5068 2156 5132 Deus,
2182 5077 2238 5122 tu
2263 5069 2403 5123 nosti
2431 5076 2713 5138 peccatum
2739 5084 2941 5122 meum.

229 5162 313 5217 10.
338 5165 448 5217 Καὶ
469 5165 525 5217 αἱ
560 5162 779 5231 ἀνομίαι
807 5177 906 5232 μου
931 5161 1160 5230 φανεραί
1181 5163 1318 5215 εἰσιν
1349 5163 1448 5233 (7).

1903 5157 1992 5212 10.
2027 5157 2093 5210 Et
2121 5157 2439 5227 iniquitates
2476 5172 2608 5210 mea:
2644 5154 2946 5210 manifesta:
2973 5163 3119 5208 sunt.

228 5252 311 5306 11.
337 5254 450 5322 Μὴ,
472 5253 561 5306 διὰ
594 5252 655 5305 τὸ
681 5250 1015 5322 ἁμαρτάνειν
1066 5267 1153 5320 με,
1186 5251 1262 5322 (8)
1316 5251 1480 5323 ἔχωσι
1510 5256 1700 5324 mpm

1941 5251 1986 5308 l.
2025 5248 2104 5304 Ne
2151 5251 2378 5305 timeant
2421 5248 2600 5312 sancti
2642 5249 2721 5304 tui
2765 5258 2984 5319 propter
3023 5255 3242 5318 peccata
3290 5263 3404 5305 mea

166 5340 276 5396 σίαν
303 5345 351 5398 oi
382 5344 529 5412 ᾶγιοί
553 5359 648 5395 σου
676 5341 769 5395 τοῦ
801 5342 1123 5412 πρεσϐεύειν
1154 5344 1294 5415 ὑπὲρ
1311 5344 1467 5414 ἐμοῦ.

939 5342 1123 5396 ξϐεύειν
1154 5344 1294 5415 ὑπὲρ
1311 5344 1467 5414 ἐμοῦ.
1830 5358 1928 5411 pro
1952 5359 2036 5397 me
2059 5344 2411 5398 intercedere:

1118 5456 1428 5520 Addenda
1460 5462 1521 5520 et
1556 5455 1933 5535 corrigenda
1968 5472 2044 5515 ex
2073 5455 2214 5517 cod.
2248 5453 2457 5528 Vatic.

228 5560 300 5631 (1)
339 5561 402 5631 Ἦ
431 5559 522 5631 διὰ
555 5561 654 5631 τῆς
677 5559 1046 5631 κινναϐάρεως
1073 5577 1197 5631 περ.
1909 5560 1986 5630 (5)
2015 5557 2300 5631 Δακρύειν.

231 5630 302 5701 (2)
335 5630 564 5701 nam;
589 5630 647 5696 δὲ
668 5629 766 5701 τῷ,
805 5639 908 5685 etc.
1150 5629 1157 5631 ⁷

675 5629 766 5701 τῷ,
805 5639 908 5685 etc.
1150 5629 1157 5631 ⁷
1909 5631 1986 5696 (6)
2010 5629 2147 5701 Μου.

232 5699 475 5770 (5)9100.
719 5699 726 5701 ⁷
1906 5700 1984 5770 (7)
2017 5699 2108 5752 Σοί
2129 5701 2285 5754 εἰσιν.

231 5764 300 5836 (4)
324 5764 546 5826 Ἦλθον.
1906 5764 1981 5841 (8)
2015 5771 2128 5841 Μή.
