3776 6280
344 299 452 352 925
1165 305 1222 359 S.
1259 303 1634 359 ATHANASII
1673 303 1824 360 OPP.
1861 304 2040 360 PARS
2080 305 2166 360 Ill.
2215 337 2278 348 —
2316 304 2727 363 EXEGETICA.
3473 305 3582 361 92-1

413 418 500 472 12.
529 418 716 488 Neque
748 418 1152 477 confundantur
1185 440 1350 494 super
1379 441 1485 489 me,
1535 426 1629 495 qui
1659 438 1904 496 quzerunt

2090 427 2166 479 12.
2201 427 2348 496 Μηδέ
2379 427 2775 498 ἐντραπείησαν
2797 425 2884 478 ἐπ’
2912 423 3014 494 ἐμὲ
3039 423 3088 476 οἱ
3113 423 3404 494 ζητοῦντές
3437 442 3522 491 σε,
3556 424 3581 476 ι

343 518 414 574 te,
453 509 592 566 Deus
619 513 806 566 lsrael.

2015 519 2144 580 Θεὸς
2172 518 2264 571 τοῦ
2297 519 2531 590 Ἰσραήλ.

410 605 496 658 15.
539 605 807 670 Quoniam
839 614 1059 675 propter;
1093 616 1145 661 te
1172 608 1406 662 sustinui
1444 610 1795 678 opprobrium
1825 631 1836 664 :

1787 628 1795 663 I
1825 631 1836 664 :
2085 613 2167 665 15.
2198 613 2319 664 Ὅτι
2347 611 2509 664 ἐνεκά
2533 629 2624 664 σου
2645 611 2928 678 ὑπήνεγκα
2958 608 3278 679 ὀνειδισμόν.

412 696 499 750 11.
531 696 755 764 Operuit
779 697 1030 754 confusio
1065 698 1255 753 faciem
1289 715 1487 756 meam.

2087 705 2171 757 14.
2209 704 2506 772 Ἔκάλυψεν
2531 703 2763 774 ἐντροπὴ
2796 703 2856 755 τὸ
2885 703 3176 773 πρόσωπόν
3213 720 3334 772 μου.

416 788 499 841 15.
537 785 838 842 Extraneus
870 789 1045 845 factus
1079 808 1197 845 sum
1231 791 1491 848 fratribus
1521 793 1653 848 meis
1681 813 1694 847 :

2090 795 2168 847 15.
2191 793 2731 864 Ἀπηλλοτριωμένος·
2750 794 3008 866 ἐγενήθην
3031 799 3143 857 τοῖς
3165 795 3412 863 ἀδελφοῖς
3443 811 3546 866 μου
3565 810 3581 827 ·

413 879 499 931 16.
539 878 600 932 Ει
626 881 943 951 peregrinus
976 884 1100 938 filiis
1130 885 1321 938 matris
1348 901 1499 939 meae.

2086 886 2170 939 16.
2200 887 2309 939 Kal
2338 886 2484 950 ξένος
2520 889 2633 949 τοῖς
2665 888 2798 950 υἱοῖς
2833 885 2930 956 τῆς
2965 888 3166 958 μητρός
3196 905 3316 957 μου.

411 971 494 1022 17.
527 970 794 1036 Quoniam
827 976 974 1030 zelus
1007 977 1201 1032 domus
1230 987 1334 1032 tuze
1365 978 1600 1033 comedit
1634 993 1760 1032 me:

2082 977 2164 1029 17.
2199 978 2320 1030 Ὅτι
2354 981 2382 1030 ὁ
2403 976 2562 1048 ζῆλος
2583 976 2676 1029 τοῦ
2697 977 2846 1029 οἴκου
2876 994 2968 1029 σου
2996 978 3273 1046 κατέφαγε
3308 995 3374 1048 με
3396 994 3410 1009 ο

414 1064 500 1116 18.
533 1063 597 1118 Et
641 1069 930 1136 opprobria
969 1071 1416 1128 exprobrantium
1469 1073 1562 1127 tibi
1595 1073 1905 1129 ceciderunt

2090 1068 2172 1122 18.
2205 1069 2314 1122 Kal
2339 1071 2387 1122 οί
2415 1070 2710 1139 ὀνειδισμοὶ
2750 1069 2858 1122 τῶν
2889 1069 3254 1134 ὀνειδιζόντων
3284 1086 3341 1123 σε
3380 1069 3555 1123 ἐπέπε

341 1167 504 1223 Super
531 1173 636 1214 me.

2020 1177 2108 1214 σον
2139 1161 2225 1214 ἐπ’
2253 1160 2371 1230 ἐμέ.

415 1251 498 1303 19.
534 1249 599 1304 Et
632 1253 822 1322 operui
853 1253 907 1307 in
931 1255 1140 1324 jejunio
1171 1254 1408 1310 animam
1443 1236 1662 1312 meam:

2095 1253 2177 1308 19.
2211 1253 2320 1306 Kal
2350 1252 2693 1322 συνεκάλυψα
2726 1256 2785 1307 ἐν
2811 1253 3034 1325 νηστείᾳ
3065 1253 3164 1324 τὴν
3196 1251 3372 1324 ψυχήν
3407 1269 3531 1324 μου.

412 1343 502 1397 20.
530 1345 593 1398 Et
634 1343 834 1402 factum
859 1358 942 1402 est
966 1347 1165 1420 [factus
1186 1349 1333 1421 sum]
1359 1351 1415 1405 in
1438 1349 1728 1421 opprobria
1755 1349 1903 1406 mibi.

2095 1342 2172 1400 20.
2206 1342 2315 1396 Kal
2343 1342 2573 1415 ἐγενήθη
2614 1341 2923 1415 [ἐγενήθην]
2957 1345 3036 1406 εἰς
3063 1343 3397 1414 ὀνειδισμοὺς
3439 1342 3586 1414 ἐμοί.

412 1437 503 1490 21.
539 1436 606 1492 Et
632 1440 789 1508 posui
830 1441 1214 1496 vestimentum
1240 1457 1422 1498 meum
1454 1443 1690 1498 cilicium
1721 1461 1734 1497 :

2087 1435 2174 1488 21.
2203 1434 2313 1487 Kal
2349 1433 2554 1506 ἐθέμην
2579 1435 2642 1488 τὸ
2668 1435 2870 1508 ἔνδυμά
2899 1453 2998 1506 μου
3031 1436 3263 1489 σάκκον·

411 1528 501 1584 22.
540 1529 608 1584 Et
643 1531 816 1587 factus
839 1549 961 1588 sum
994 1533 1105 1590 illis
1139 1536 1190 1589 in
1224 1535 1562 1605 parabolam.

2089 1527 2179 1580 22.
2213 1527 2324 1580 Kal
2353 1527 2617 1599 ἐγενόμην
2646 1528 2830 1592 αὐτοῖς
2862 1530 2941 1591 είς
2975 1526 3306 1599 παραϐολήν.

404 1619 489 1674 25.
536 1622 836 1678 Adversum
887 1639 973 1681 me
1022 1627 1384 1688 loquebantur
1423 1629 1517 1698 qui
1564 1626 1822 1682 sedebant
1857 1627 1889 1680 ii

2095 1618 2172 1672 2'5.
2200 1619 2336 1672 Κατ’
2358 1619 2491 1688 ἐμοῦ
2522 1619 2840 1690 ὴδολέσχουν
2859 1621 2910 1672 οἱ
2937 1619 3234 1689 καθήμενοι
3264 1621 3322 1672 ἐν
3353 1617 3552 1682 πύλαις
3571 1633 3586 1649 ·

342 1711 537 1782 portis,

412 1803 502 1856 24.
536 1799 602 1854 Et
631 1801 683 1854 in
712 1815 798 1856 me
835 1801 1139 1872 psallebant
1165 1803 1258 1872 qui
1289 1803 1547 1860 bibebant
1579 1804 1784 1862 vinum.

1945 1791 1984 1843 Β
2086 1799 2176 1853 21.
2206 1783 2552 1871 Καίἐίςὲμέ
2585 1799 2813 1870 ἔψαλλον
2845 1802 2893 1854 οἱ
2930 1801 3174 1865 πίνοντες
3212 1797 3370 1855 οἶνον.

414 1893 505 1948 25.
541 1893 653 1964 Ego
679 1908 808 1948 vero
834 1895 1078 1950 oratione
1107 1911 1226 1950 mea
1263 1897 1329 1952 ad
1353 1909 1425 1962 te,
1458 1899 1719 1953 Domine:

2096 1891 2175 1945 25.
2209 1890 2353 1959 Ἐγὼ
2379 1891 2435 1944 δὲ
2469 1892 2542 1963 (α)
2573 1895 2636 1963 τῇ
2672 1897 2942 1965 προσευχῇ
2974 1911 3074 1964 μου
3105 1894 3240 1964 πρὸς
3271 1895 3349 1958 σὲ,
3378 1892 3587 1966 Κύριεο

411 1985 503 2041 26.
538 1985 776 2056 Tempus
798 1987 1142 2058 beneplaciti.

2091 1983 2180 2035 26.
2215 1981 2291 2054 (b)
2322 1984 2525 2054 Καιρὺς
2549 1985 2814 2047 εὐδοκίας.

412 2077 502 2133 27.
555 2075 721 2143 Deus,
770 2078 826 2133 in
873 2080 1220 2134 multitudine
1263 2076 1653 2134 misericordiae
1677 2083 1788 2133 tua:
1821 2093 1903 2131 cx-

2098 2075 2177 2128 27.
2221 2075 2278 2127 Ὀ
2309 2074 2458 2138 Θεὸς,
2495 2076 2552 2129 ἐν
2587 2075 2660 2145 τῷ
2683 2075 2874 2147 πλήθει
2901 2077 2994 2130 τοῦ
3019 2078 3198 2142 ἐλέους
3228 2097 3319 2133 σου
3350 2081 3589 2134 ἐπάκου-

343 2168 465 2224 audi
491 2165 604 2224 ‘me.

2025 2167 2110 2219 σόν
2158 2183 2279 2236 μου.

409 2261 499 2315 28.
528 2259 582 2313 lu
615 2259 840 2313 veritate
866 2257 1059 2312 salutis
1083 2266 1205 2312 tuae.

2083 2257 2170 2311 28.
2205 2258 2296 2311 ’Ev
2323 2257 2549 2330 ἀληθείᾳ
2578 2260 2676 2328 τῆς
2701 2259 2975 2331 σωτηρίας
3004 2277 3115 2314 σου.

408 2350 499 2403 29.
527 2349 687 2418 Eripe
717 2364 803 2403 me
827 2348 894 2402 de
928 2348 1060 2411 luto,
1101 2358 1159 2402 ut
1191 2364 1298 2402 non
1329 2348 1555 2420 infigar:

2087 2348 2175 2401 29.
2215 2348 2394 2402 Σῶσόν
2428 2368 2495 2421 με
2523 2351 2631 2404 ἀπὸ
2658 2352 2851 2422 πηλοῦ,
2886 2354 2971 2405 ἵνα
3005 2353 3079 2425 μὴ
3111 2353 3342 2423 ἐμπαγῶ
3363 2371 3377 2384 ·

409 2439 498 2496 50.
535 2439 820 2495 Liberatus
853 2455 974 2494 sum
1004 2440 1071 2494 ab
1104 2439 1191 2506 iis,
1223 2441 1314 2509 qui
1342 2440 1573 2494 oderunt
1608 2456 1714 2503 me,
1748 2449 1794 2494 et
1847 2447 1900 2492 dt‘

2099 2442 2178 2495 50.
2225 2440 2504 2512 Ῥυσθείην
2541 2444 2606 2496 ἐκ
2650 2444 2760 2498 τῶν
2806 2445 3104 2500 μισούντων
3151 2465 3217 2518 με
3249 2449 3341 2502 καὶ
3383 2449 3448 2502 ἐκ
3479 2449 3590 2502 τῶν

341 2529 626 2604 profundis
653 2545 938 2600 aquarum.

2023 2530 2230 2601 βαθέων
2259 2531 2366 2585 τῶν
2393 2531 2618 2589 ὑδάτων.

413 2661 490 2730 (τι)
524 2660 580 2714 1η
624 2678 797 2732 marg.
841 2661 965 2716 cod.
1001 2658 1193 2732 Κάγῴ.

413 2727 488 2805 (b)
521 2732 674 2790 Vers.
716 2727 802 2789 26.
855 2732 1059 2804 Καιρὸς
1086 2727 1332 2793 εὐδοκίας
1357 2731 1385 2783 ὁ
1414 2729 1562 2793 Θεός.
1620 2727 1777 2785 V'ers.
1807 2729 1896 2783 27.

855 2732 1059 2804 Καιρὸς
1086 2727 1332 2793 εὐδοκίας
1357 2731 1385 2783 ὁ
1414 2729 1562 2793 Θεός.
1620 2727 1777 2785 V'ers.
1807 2729 1896 2783 27.
1938 2729 2026 2783 Ἑν
2063 2731 2161 2802 τῷ,
2190 2742 2295 2790 etc.

1469 2849 1846 2907 ATllANASll
1889 2851 2468 2914 INTERPRETATIO.

416 2973 503 3028 12.
533 2970 599 3026 Et
624 2972 928 3042 deprecatio
976 2983 1290 3029 sanctorum
1321 2981 1563 3042 tuorum,
1597 2988 1765 3044 quam
1815 2991 1907 3045 pro

2100 2977 2173 3032 l2.
2212 2978 2320 3031 Kal
2353 2978 2460 3032 τῶν
2493 2979 2662 3048 ἁγίων
2690 2997 2782 3034 σου
2811 2980 2843 3048 1]
2878 2984 3060 3050 δέησις
3106 2993 3139 3046 η
3164 2985 3304 3033 υπεο
3335 2979 3469 3034 ἐμοῦ
3508 2981 3591 3052 μὴ

345 3081 432 3120 me
462 3064 718 3128 fundunt,
749 3065 964 3120 infirma
1002 3081 1110 3120 non
1145 3066 1259 3120 fiat.

1093 3082 1110 3119 ι
1145 3066 1259 3120 fiat.
2025 3068 2314 3139 ἀνίσχυρος
2341 3069 2582 3140 γένηται.

417 3157 504 3214 15.
535 3156 804 3224 Quoniam
852 3168 1071 3228 propter
1099 3173 1274 3228 spem,
1325 3173 1489 3230 quam
1523 3157 1696 3214 habeo
1742 3157 1796 3213 in
1847 3167 1908 3213 te

2094 3159 2179 3216 15.
2215 3159 2334 3214 ’Ὀτι
2361 3159 2448 3212 διὰ
2480 3161 2578 3230 τὴν
2605 3161 2695 3213 ἐπὶ
2727 3161 2782 3214 σὲ
2814 3161 3003 3214 ἐλπίδα
3030 3159 3282 3234 ὑπερορῶ
3311 3159 3537 3231 θλίψεις.

345 3248 588 3318 despicio
619 3249 1025 3305 tribulationes.

421 3341 508 3395 11.
541 3341 769 3396 Infamia
805 3346 1009 3412 peccati
1043 3347 1167 3402 mei.

2099 3337 2184 3394 11.
2225 3339 2288 3392 Ἥ
2315 3338 2544 3410 αἰσχύνη
2585 3341 2683 3412 τῆς
2722 3341 2995 3411 ἁμαρτίας
3029 3359 3157 3413 μου.

417 3431 504 3485 15.
535 3429 852 3500 Baptizatis.

2097 3432 2182 3486 15.
2211 3433 2336 3496 Τοῖς
2360 3434 2418 3487 ἐν
2444 3433 2522 3502 τῷ
2545 3432 2895 3503 βαπτίσματι.

421 3523 503 3579 16.
538 3525 752 3580 Ablutis
783 3525 836 3579 in
867 3525 1107 3580 lavacro.

2097 3521 2180 3576 16.
2215 3524 2339 3586 Τοῖς
2373 3525 2430 3576 ὲν
2460 3527 2524 3594 τῇ
2564 3524 2937 3596 κολυμϐήθρᾳ.

424 3617 503 3670 17.
543 3615 643 3682 Qui
674 3617 806 3670 mihi
837 3627 920 3672 est
941 3626 1130 3672 contra
1167 3629 1462 3688 peccatum.

2103 3613 2183 3668 17.
2214 3617 2275 3668 Οἱ
2310 3612 2437 3686 [Ὃς
2471 3617 2561 3686 μοὶ
2590 3615 2754 3688 κατὰ]
2789 3616 2889 3686 τῆς
2923 3615 3196 3688 ἁμαρτίας
3222 3616 3457 3690 ὑπάρχοι
3493 3621 3594 3691 (1).

417 3709 502 3761 18.
536 3709 996 3765 Ratioeinationes
1030 3711 1363 3767 daemonum.

2097 3703 2180 3757 18.
2213 3705 2274 3756 Οἱ
2307 3702 2558 3775 λογισμοὶ
2585 3704 2694 3759 τῶν
2723 3705 3008 3776 δαιμόνων.

418 3799 504 3853 19.
536 3797 602 3852 Et
635 3799 872 3854 abstinui
903 3801 971 3854 ab
1011 3800 1158 3853 omni
1194 3801 1358 3854 malo.

2096 3794 2180 3848 19.
2216 3795 2325 3848 Kal
2354 3795 2592 3866 ἀπέσχον
2619 3795 2693 3866 (2)
2727 3796 2834 3848 ἀπὸ
2865 3795 3066 3861 παντὸς
3095 3798 3285 3853 κακοῦ.

412 3892 501 3942 20.
553 3889 780 3959 Propter
834 3907 1155 3958 sermones,
1198 3892 1400 3964 quibus
1458 3891 1896 3962 exprobraverun

2106 3885 2179 3940 20.
2203 3884 2303 3938 Διὰ
2327 3885 2401 3952 (5)
2425 3884 2532 3939 τῶν
2555 3885 2849 3956 λογισμῶν,
2881 3879 2955 3941 ὧν
2996 3887 3267 3952 ὠνείδιζόν
3307 3906 3375 3960 με
3407 3890 3456 3943 οί
3483 3889 3597 3946 δαίο

351 3981 486 4034 mibi
522 3980 818 4035 daemones.

712 3995 818 4035 nes.
2025 3991 2203 4046 μονες.

422 4071 510 4126 21.
540 4069 751 4125 Fletum
788 4069 1080 4140 signiﬁcat.

2092 4067 2181 4120 21.
2219 4065 2379 4134 Λέγω
2406 4064 2470 4136 δὴ
2505 4065 2717 4127 πένθος.

418 4163 509 4218 22.
551 4163 608 4218 ln
648 4163 912 4219 derisum.

2092 4157 2182 4212 22.
2213 4158 2309 4221 Είς
2336 4157 2709 4227 καταγέλωτα.

417 4255 507 4310 25.
567 4255 872 4311 Contraria:
917 4263 1213 4325 potestates
1262 4265 1455 4311 contra
1505 4270 1594 4312 me
1643 4257 1908 4312 consulta-

2104 4248 2184 4302 25.
2219 4249 2286 4302 Αἱ
2332 4249 2566 4303 ἐναντίαι
2598 4248 2856 4320 δυνάμεις
2890 4253 3010 4304 κατ’
3053 4253 3186 4324 ἐμοῦ
3236 4252 3595 4310 ἐϐουλεύοντο.

348 4347 496 4404 bant.

425 4440 510 4496 21.
543 4438 609 4494 Et
640 4439 695 4494 in
724 4455 812 4495 me
833 4446 1164 4510 aspexerunt
1192 4439 1489 4511 gaudentes
1516 4439 1571 4494 in
1601 4440 1777 4497 malis.

2110 4427 2182 4482 Μ.
2209 4427 2320 4482 Kal
2345 4427 2425 4491 είς
2452 4427 2553 4499 ἐμὲ
2576 4424 2715 4484 εἶδον
2738 4431 2789 4484 οί
2815 4429 3227 4503 εὐφραινόμενοι
3253 4432 3346 4486 ἐπὶ
3365 4434 3477 4498 τοῖς
3503 4451 3601 4487 καθ

2023 4539 2158 4585 κοις.

421 4615 509 4672 25.
547 4615 661 4688 Ego
689 4625 869 4674 autem
903 4634 1001 4675 oro
1028 4619 1094 4674 ad
1130 4627 1202 4685 te,
1238 4618 1484 4675 Domine.

2091 4614 2180 4667 25.
2217 4614 2360 4682 Ἐγὼ
2388 4615 2446 4669 δὲ
2471 4614 2661 4687 δέομαι
2683 4614 2910 4688 πρδς’σέ
2931 4656 2946 4681 ,
2976 4615 3168 4689 Κύριε.

419 4707 512 4763 26.
544 4707 684 4765 Ecce
714 4718 926 4779 tempus
961 4711 1293 4780 acceptabile
1325 4711 1728 4780 deprecationis
1763 4727 1910 4767 meae.

2090 4704 2182 4758 26.
2204 4705 2338 4759 Ἰδοὺ
2358 4705 2432 4776 (4)
2450 4707 2638 4778 καιρὸς
2657 4706 3048 4778 εὐπρόσδεκτος
3063 4710 3162 4778 τῆς
3177 4707 3414 4778 δεήσεως
3434 4725 3558 4778 μου.

419 4799 510 4853 27.
539 4799 677 4856 Ecce
715 4816 861 4854 nunc
890 4802 1007 4856 dies
1037 4803 1231 4859 salutis
1257 4820 1391 4860 mea:
1420 4815 1640 4877 propter
1673 4807 1910 4861 multitu-

2108 4800 2185 4854 27.
2227 4799 2359 4854 Ἰδοὺ
2390 4799 2484 4854 νῦν
2509 4801 2693 4872 ἡμέρα
2722 4801 2992 4874 σωτηρίας
3023 4819 3122 4873 μου
3154 4801 3242 4856 διὰ
3287 4802 3347 4854 τὸ
3394 4801 3599 4870 πλῆθος

239 4937 250 4947 .
348 4891 529 4947 dinem
562 4895 947 4950 misericordiae
980 4905 1103 4950 tuae.

980 4905 1103 4950 tum.
2028 4890 2116 4943 τοῦ
2146 4890 2329 4954 ἐλέους
2358 4909 2470 4948 σου.

420 4985 508 5039 28.
543 4984 776 5050 Incerta
808 4987 1002 5050 salute,
1030 5002 1151 5057 qua:
1186 4986 1318 5040 mibi
1353 5003 1383 5040 a
1424 4997 1474 5042 te
1507 4998 1608 5043 est.

2098 4983 2184 5038 28.
2212 4983 2303 5036 Ἐν
2325 4987 2390 5055 τῇ
2419 4984 2649 5038 ἁπλανεῖ
2673 4985 2916 5058 σωτηρίᾳ
2943 5003 3043 5056 μου
3072 4988 3137 5057 τῇ
3175 4985 3322 5057 παρὰ
3354 4985 3437 5039 σοί
3468 4988 3565 5055 (5).

417 5077 506 5131 29.
536 5075 723 5133 Reduc
751 5093 837 5134 me
865 5095 894 5133 a
926 5087 1168 5150 peccato,
1203 5095 1270 5135 ne
1299 5095 1667 5150 permaneam.

2106 5075 2182 5129 29.
2209 5075 2348 5128 Ἀπὸ
2371 5075 2469 5147 τῆς
2490 5076 2764 5149 ἁμαρτίας
2797 5075 3038 5146 ἀνάγαγέ
3065 5093 3133 5147 με
3154 5115 3168 5142 ,
3215 5078 3303 5130 ἵνα
3344 5076 3421 5147 μὴ
3464 5078 3597 5129 ἀπο-

2029 5187 2217 5240 μεινω.

420 5254 507 5308 5ο.
545 5254 830 5312 Liberatus
857 5273 978 5312 sum
1003 5257 1071 5314 ab
1103 5257 1403 5318 immundis
1431 5258 1738 5328 spiritibus,
1771 5271 1822 5315 et
1851 5264 1911 5316 ab

2100 5262 2184 5315 50.
2215 5262 2496 5335 Ῥυσθείην
2516 5265 2578 5316 ἐκ
2599 5262 2706 5318 τῶν
2725 5263 3047 5329 ἀκαθάρτων
3068 5261 3392 5335 πνευμάτων
3413 5263 3508 5316 καὶ
3534 5263 3591 5315 ἐκ

352 5359 541 5401 eorum
571 5351 976 5421 cupiditatibus.

2024 5352 2130 5406 τῶν
2158 5353 2461 5424 ἐπιθυμιῶν
2496 5355 2693 5412 αὐτῶν.

1302 5463 1610 5527 Addenda
1638 5468 1698 5525 et
1747 5462 2122 5538 corrigenda
2159 5481 2244 5525 ex
2266 5464 2407 5525 eod.
2437 5465 2639 5530 Vatic.

428 5586 504 5664 (
535 5585 861 5664 ,Ὑπουργοῇ
2099 5595 2174 5664 (ιι)
2209 5597 2338 5650 Ἰδοὺ
2369 5594 2485 5649 νῦν.

428 5595 504 5650 (ι)
550 5595 861 5657 Τπουργοί.

426 5657 502 5735 (2)
535 5656 876 5735 ἶᾼτῑεεξκςεμυν

831 5595 861 5640 ῐ.
2099 5595 2174 5735 μζ
2209 5597 2322 5650 ’1δοί

831 5674 876 5710 ην
2097 5667 2150 5735 (5
2204 5666 2322 5721 Σοῦ.

428 5729 505 5799 (5)
536 5728 642 5780 Kal
672 5727 779 5782 διὰ.
