3776 6280
221 360 337 420 {25

301 458 393 535 3f.
419 478 511 550 Μή
541 495 607 548 με
638 491 1086 531 καταποντισατω
1102 456 1368 546 ’καταιγὶς
1395 475 1580 540 ὓδατος
1600 492 1613 506 ⁸

303 570 393 624 52.
426 569 579 638 Μηδέ
606 567 922 622 καταπιέτω
952 584 1018 637 με
1049 566 1238 637 βυθός·

299 664 390 717 55.
431 661 584 730 Μηδὲ
619 660 861 730 συσχέτω
887 661 972 712 ἐπ’
1000 659 1097 729 ἐμὲ
1126 659 1303 729 φρέαρ
1332 659 1392 710 τὸ
1417 657 1587 727 στόμα
1612 655 1796 712 αὑτοῦ.

294 755 384 809 54.
425 753 758 808 Είσακουσόν
793 769 893 823 μου
914 791 928 818 ,
963 751 1154 822 Κύριε,
1189 752 1267 804 ὃτι
1301 751 1531 822 χρηστὸν
1560 750 1620 803 τὸ
1653 749 1799 814 ἔλεός

226 864 324 901 σου
345 863 359 876 ⁸

302 935 393 990 55.
428 935 584 989 Κατὰ
618 935 677 989 τὺ
707 934 907 1006 πλῆθος
933 934 1039 988 τῶν
1063 933 1358 1006 οἰκτιρμῶν
1395 952 1484 987 σου
1511 932 1798 1002 ἐπίϐλεψον

226 1025 316 1079 ἐπ’
345 1025 446 1096 ἐμέ

298 1115 387 1172 56.
419 1117 510 1188 Μὴ
529 1117 878 1191 ἀποστρέψῃς
894 1118 956 1171 τὸ
983 1117 1269 1188 πρόσωπόν
1299 1134 1390 1170 σου
1419 1115 1524 1169 ἀπὸ
1549 1113 1644 1167 τοῦ
1674 1130 1800 1167 παι-

224 1206 316 1270 δός
349 1225 442 1260 σου
464 1225 478 1238 ·

294 1299 385 1354 57.
426 1301 545 1353 Ὅτι
575 1300 844 1371 θλίϐομαι,
878 1301 1012 1372 ταχὺ
1039 1300 1336 1354 ἐπάκουε-όν
1367 1317 1488 1370 μου.

301 1389 391 1444 58.
430 1390 673 1462 Πρόσχες
705 1393 768 1462 τῇ
818 1391 962 1462 ψυχῇ
1014 1408 1143 1462 μου,
1184 1392 1276 1444 καὶ
1304 1390 1576 1462 λύτρωσαι
1607 1387 1793 1460 αὐτήν.

293 1482 382 1538 59.
417 1485 620 1537 Ἕνεκα
649 1483 754 1536 τῶν
787 1482 994 1554 ἐχθρῶν
1031 1499 1131 1553 μου
1165 1481 1322 1552 ῥῦσαί
1358 1498 1446 1551 με.

296 1575 381 1632 40.
418 1576 490 1629 Σὺ
520 1576 627 1648 γὰρ
652 1575 937 1645 γινώσκεις
965 1575 1056 1628 τὸν
1082 1571 1380 1643 ὀνειδισμόν
1415 1589 1518 1645 μου
1540 1611 1556 1637 ,
1580 1571 1676 1626 καὶ
1701 1569 1798 1644 τὴν

226 1668 491 1738 αἰσχύνην
519 1685 644 1738 μου,
677 1669 770 1720 καὶ
799 1667 894 1738 τὴν
922 1667 1186 1736 ἐντροπήν
1225 1683 1345 1736 μου.

289 1758 382 1811 41.
417 1757 685 1811 Ἐναντίον
719 1775 808 1810 σου
842 1758 1039 1820 πάντες
1071 1757 1120 1810 of
1154 1754 1423 1820 θλίϐοντες
1451 1773 1539 1826 με.

1107 360 1214 445 om:
1251 329 1525 418 Tlruus
1559 355 2009 446 Psamtonun.
2048 387 2115 397 —-
2161 353 2353 410 esse.
2388 349 2618 408 vam.

1827 476 1874 530 A
1971 473 2059 527 3|.
2099 469 2214 524 Non
2251 485 2335 522 me
2368 467 2646 534 demergat
2676 469 2967 532 tempestas
2995 475 3189 530 aquae:

3364 339 3477 395 99.6

1975 562 2064 618 32.
2098 561 2284 630 Neque
2314 557 2605 613 absorbcat
2630 570 2716 608 me
2749 552 3073 622 profundum
3103 569 3115 604 :

1974 655 2062 708 33.
2093 651 2277 721 Neque
2320 655 2508 718 urgeat
2530 661 2693 715 super
2721 659 2805 699 me
2834 652 3030 714 puteus
3064 658 3125 697 os
3152 657 3332 698 suum.

1975 744 2064 798 54.
2099 741 2305 795 Exaudi
2362 755 2469 803 me,
2523 735 2771 798 Domine,
2803 733 3058 803 quoniam
3110 732 3340 802 benigna
3385 737 3468 787 est

1905 834 2272 891 misericordia
2301 841 2391 886 tua

1973 926 2059 981 35.
2107 925 2414 978 Secundum
2461 922 2864 977 multitudinem
2908 920 3318 976 miserationum
3350 925 3469 972 tua-

1903 1033 2024 1071 rum
2049 1015 2257 1084 rcspice
2299 1014 2351 1067 in
2379 1029 2484 1068 me.

1974 1107 2063 1161 36.
2090 1105 2166 1160 Ne
2189 1117 2400 1160 avertas
2430 1103 2620 1159 faciem
2651 1109 2800 1156 tuam
2833 1117 2861 1155 a
2895 1117 3063 1172 paero
3089 1111 3210 1154 tuo:

1972 1281 2060 1335 37.
2092 1281 2353 1347 Quoniam
2389 1279 2639 1344 tribulor,
2667 1278 2927 1334 velociter
2952 1278 3148 1332 exaudi
3181 1293 3287 1333 me.

1973 1372 2061 1426 38.
2090 1371 2313 1426 Intende
2347 1372 2542 1425 animae
2568 1386 2718 1434 mea},
2753 1379 2807 1424 et
2834 1371 3002 1423 libera
3037 1385 3154 1425 eam
3183 1389 3197 1423 :

1971 1463 2060 1518 39.
2094 1465 2330 1533 Propter
2350 1463 2602 1516 inimicos
2626 1476 2778 1516 meos
2814 1462 2960 1530 eripe
2992 1477 3097 1517 me.

1971 1553 2060 1608 40.
2098 1553 2176 1607 Tu
2211 1554 2354 1608 enim
2388 1553 2498 1608 scis
2525 1551 2912 1622 improperium
2944 1569 3145 1617 meum,
3172 1562 3226 1607 et
3269 1553 3464 1608 confu-

1902 1645 2111 1701 sionem
2143 1661 2340 1710 meam,
2378 1653 2431 1700 et
2457 1645 2815 1700 reverentiam
2845 1659 3017 1698 meam
3044 1663 3057 1697 :

1971 1737 2060 1791 41.
2083 1735 2136 1788 ln
2160 1743 2452 1806 conspectu
2473 1744 2563 1790 tuo
2586 1743 2712 1790 sunt
2731 1749 2941 1798 omnes,
2961 1735 3052 1805 qui
3076 1735 3335 1790 tribulant
3355 1751 3462 1790 me.

292 1849 384 1904 42.
422 1851 752 1921 Ὀνειδισμδν
779 1849 1174 1921 προσεδόκησεν
1208 1851 1240 1920 ἡ
1273 1848 1414 1918 ψυχή
1443 1865 1542 1918 μου
1576 1846 1675 1918 (a),
1704 1847 1799 1901 καὶ
1832 1831 1833 1884 Ῐ

1969 1848 2058 1902 42.
2111 1849 2504 1918 Improperium
2529 1849 2862 1920 exspectavit
2899 1849 3082 1904 anima
3113 1864 3252 1917 mea,
3284 1858 3337 1904 et
3367 1851 3463 1902 mi-

220 1939 624 2011 ταλαιπωρίαν.

292 2029 386 2084 45.
419 2033 527 2084 Καὶ
555 2030 821 2084 ὑπέμεινα
849 2029 1301 2102 συλλυπούμενον,
1326 2029 1419 2082 κα).
1439 2029 1536 2100 οὐχ
1559 2027 1796 2103 ὑπῆρξε·

299 2203 384 2258 44.
420 2207 529 2259 Καὶ
568 2207 1013 2278 παρακαλοῦντας
1033 2251 1048 2275 ,
1075 2208 1168 2262 καὶ
1198 2209 1295 2278 οὐχ
1326 2200 1502 2278 εὗρον.

295 2295 385 2351 45.
421 2299 529 2352 Καὶ
562 2300 766 2354 ἔδωκαν
790 2303 870 2365 είς
899 2301 958 2354 τὸ
987 2300 1180 2372 βρῶμά
1209 2318 1308 2372 μου
1343 2300 1502 2371 χολήν
1521 2317 1535 2330 ο

291 2388 386 2443 46.
418 2389 524 2442 Καὶ
555 2393 634 2454 είς
664 2391 763 2461 τὴν
792 2393 949 2462 δίψαν
982 2411 1081 2464 μου
1113 2393 1366 2447 ἐπότισάν
1393 2409 1459 2463 με
1494 2390 1634 2456 ὅξοςο

331 2480 383 2534 7.
413 2481 694 2554 Γενηθήτω
723 2484 756 2554 ἡ
782 2484 1025 2554 τράπεζα
1051 2485 1230 2538 αὐτῶν
1257 2481 1483 2536 ἐνώπιον
1512 2478 1688 2534 αὐτῶν
1710 2476 1789 2539 είς

215 2573 451 2640 παγίδα,

296 2667 371 2733 (α)
413 2662 471 2717 ln
506 2679 680 2734 marg.
714 2665 858 2730 cod.,
889 2667 924 2734 ἡ
953 2665 1146 2735 καρδία
1183 2683 1302 2736 μου.

1897 1952 2116 1995 seriam.

1966 2028 2054 2083 45.
2095 2029 2156 2083 Et
2190 2030 2426 2084 sustinui
2459 2033 2552 2102 qui
2585 2033 2746 2087 simul
2780 2035 3219 2103 contristaretur,
3257 2045 3312 2091 et
3353 2050 3464 2088 non

1903 2118 2046 2173 fuit:

1969 2211 2060 2266 44.
2097 2211 2160 2265 Ει
2185 2213 2277 2281 qui
2311 2215 2704 2280 consolaretur,
2741 2224 2796 2270 et
2825 2232 2932 2270 non
2967 2218 3166 2272 inveni.

1966 2303 2056 2357 45.
2088 2303 2151 2358 Ει
2182 2305 2449 2360 dederunt
2478 2307 2531 2360 in
2565 2323 2746 2361 escam
2779 2325 2952 2382 meam
2990 2309 3080 2363 fcl.

1963 2396 2052 2451 46.
2081 2397 2147 2452 Et
2175 2399 2228 2453 in
2253 2400 2341 2454 siti
2377 2416 2495 2455 mea
2529 2413 2858 2470 p0taverunt
2886 2419 2972 2457 me
2995 2412 3179 2468 aceto.

1965 2491 2056 2548 47.
2080 2492 2199 2549 Fiat
2231 2511 2417 2552 mensa
2441 2512 2628 2552 eorum
2655 2512 2843 2553 coram
2872 2499 3004 2568 ipsis
3033 2499 3086 2553 in
3121 2499 3398 2570 laqueum,

1340 2747 1712 2807 ATHANAS"
1749 2746 2340 2805 INTERPRETATIO.

294 2847 382 2912 3i,
406 2845 492 2900 32.
521 2843 599 2916 (1)
624 2845 715 2916 Μή
751 2861 852 2915 μου
882 2845 1366 2918 κατακυριευσάτω
1405 2845 1668 2918 ἐπιθυμία
1691 2845 1798 2900 τῶν
1825 2857 1833 2900 t

1971 2844 2060 2908 51,
2096 2845 2188 2899 32.
2218 2844 2335 2898 Non
2377 2848 2610 2917 amplius
2659 2849 2712 2904 in
2751 2864 2837 2904 me
2871 2849 3178 2903 dominetur
3206 2849 3464 2920 concupi-v

214 2957 283 2994 oc
293 2940 510 3008 ιμὸνων.

301 3031 384 3086 55.
419 3029 570 3099 Μηδὲ
600 3030 894 3106 συγκλείσῃ
927 3049 992 3102 με
1016 3033 1073 3088 ἐν
1105 3031 1281 3104 ἐαυτῷ
1317 3033 1345 3086 ὁ
1365 3031 1627 3096 διάϐολος.

293 3123 377 3176 54.
410 3121 700 3192 Ὠφὲλιμόν
734 3122 810 3194 (2)
853 3125 1020 3176 ἐστιν.

293 3215 380 3270 55.
409 3215 572 3269 Ὅσον
599 3216 864 3287 ὑπάρχεις
893 3216 1189 3287 οἰκτίρμων
1215 3256 1228 3279 ,
1277 3216 1537 3287 βοήθησον
1585 3233 1651 3286 με
1688 3216 1791 3286 (5).

292 3305 382 3359 56.
418 3304 509 3376 Μὴ
543 3305 822 3376 ὀργισθῇς,
856 3306 1118 3369 Δέσποτα,
1149 3305 1225 3374 τῷ
1260 3305 1335 3376 σῷ
1372 3305 1576 3379 οἰκέτῃ.

291 3395 377 3447 57.
414 3395 534 3447 Ὅτι
559 3395 808 3465 θλίϐομαι
835 3397 920 3449 διὰ
943 3395 1040 3467 τὴν
1068 3396 1339 3466 ἁμαρτίαν
1391 3414 1489 3467 μου
1525 3397 1661 3467 ταχὺ
1695 3397 1792 3449 ἐπ-

219 3482 460 3540 ᾶκουσόν
487 3485 561 3556 (4)
593 3498 740 3556 μου.’

288 3577 378 3630 58.
417 3577 720 3648 Προνάησον
750 3581 816 3650 τῇ
852 3578 994 3650 ψυχῇ
1033 3598 1132 3650 μου
1164 3581 1262 3650 (5).

291 3671 380 3724 39.
417 3672 479 3724 Et
509 3673 601 3725 καὶ
627 3673 737 3741 ἐγὼ
764 3673 862 3726 οὐκ
889 3673 1006 3743 εἰμὶ
1052 3674 1198 3740 ἄξιος
1233 3673 1306 3744 (6)
1343 3673 1657 3746 δυσωπῆσαι
1706 3691 1790 3740 σε,

217 3763 355 3816 ἀλλὰ
387 3763 476 3817 διὰ
510 3763 569 3817 τὸ
605 3767 786 3835 μισεῖν
819 3782 876 3818 σε
905 3765 1003 3829 τὰς
1035 3765 1280 3829 ἐναντίας
1309 3765 1585 3836 δυνάμεις.

289 3853 380 3908 40.
407 3855 479 3909 Σὺ
500 3855 610 3927 γὰρ
638 3856 930 3924 γινώσκεις
953 3858 1043 3911 τὸν
1077 3857 1378 3928 ὀνειδισμὸν
1413 3875 1514 3930 μου
1543 3859 1632 3912 τὸν
1665 3859 1794 3930 παρ’

216 3947 420 4014 αὐτῶν,
456 3949 549 4002 καὶ
575 3950 676 4020 τὴν
703 3949 962 4019 αἰσχύνην
996 3949 1063 4019 ἢν
1091 3949 1220 4020 ἔχω,
1245 3951 1338 4002 καὶ
1371 3949 1470 4019 τὴν
1502 3952 1790 4022 ἐντροπὴν.

284 4121 375 4175 41.
415 4123 480 4175 Al
513 4123 748 4175 ἐναντίαι
781 4121 1035 4192 δυνάμεις
1072 4124 1210 4176 εἰσὶν
1233 4124 1291 4178 al
1319 4124 1598 4178 θλίϐουσαί
1630 4143 1717 4196 με.

1899 2937 2104 2991 scentia
2135 2939 2463 2990 dmmonum.

1966 3025 2056 3079 33.
2091 3023 2276 3095 Neque
2303 3028 2593 3082 concludat
2622 3044 2706 3083 me
2741 3028 2793 3082 in
2823 3045 2880 3083 se
2917 3029 3033 3098 ipso
3058 3028 3323 3085 diabolus.

1940 3117 2053 3172 .34.
2089 3117 2248 3174 Utilis
2276 3129 2378 3174 est.

1966 3211 2056 3266 35.
2087 3210 2363 3278 Quantum
2398 3228 2456 3267 es
2483 3213 2799 3266 misericors
2828 3211 3022 3280 adjuva
3058 3228 3162 3267 me.

1961 3301 2049 3356 36.
2086 3300 2164 3357 Ne
2194 3303 2467 3368 irasceris,
2507 3303 2754 3368 Domine,
2788 3319 2946 3359 servo
2975 3315 3087 3358 tuo.

1963 3393 2052 3450 37.
2097 3393 2370 3459 Quoniam
2405 3395 2634 3448 tribulor
2681 3405 2900 3465 propter
2943 3405 3218 3465 peccatum
3255 3411 3459 3459 meum,

1889 3482 2148 3537 velociter
2176 3485 2372 3538 exaudi
2405 3500 2509 3538 me.

1961 3574 2050 3629 38.
2084 3573 2314 3630 Provide
2341 3579 2534 3630 animm
2565 3591 2716 3629 mete.

1961 3667 2050 3722 39.
2078 3667 2142 3721 Et
2181 3669 2225 3721 si
2255 3684 2354 3737 ego
2379 3669 2576 3737 dignus
2608 3683 2714 3721 non
2743 3666 2844 3720 sim
2875 3674 2934 3718 ut
2975 3673 3026 3719 te
3063 3679 3301 3729 exorem,
3355 3681 3448 3721 νοω

1891 3767 2203 3812 rumtamen
2241 3758 2499 3826 quoniam
2535 3757 2698 3812 odisti
2738 3756 3040 3811 contrarias
3064 3765 3376 3824 putestates.

1963 3849 2049 3902 40.
2095 3849 2174 3903 Tu
2219 3850 2362 3902 enim
2417 3849 2524 3903 scis
2574 3848 2925 3919 opprobrium
2971 3860 3176 3912 meum,
3211 3847 3355 3916 quod
3391 3847 3461 3902 ab

1889 3942 1970 3997 eis
1997 3941 2129 3996 mihi
2169 3951 2270 4008 est,
2302 3951 2357 3998 et
2396 3943 2793 4008 confusionem,
2833 3955 2998 4010 quam
3047 3939 3241 4003 habeo,
3279 3949 3330 3994 et
3357 3955 3459 4009 pu-

1891 4034 2096 4088 dorem.

1963 4126 2054 4179 41.
2088 4125 2391 4179 Contraria-
2420 4134 2715 4196 potestates
2741 4132 2889 4188 sunt,
2915 4137 3036 4192 quae
3065 4122 3323 4176 tribulant
3351 4139 3456 4178 me.

285 4211 377 4265 42.
401 4212 559 4284 Παρὰ
596 4215 760 4267 πᾶσιν
785 4213 983 4278 ὄνειδος
1007 4215 1100 4268 καὶ
1126 4213 1413 4284 βδελυκτὸς
1447 4217 1731 4288 ἐγενόμην.
1821 4209 1833 4266 Ι

1963 4213 2052 4268 42.
2090 4214 2244 4283 Apud
2277 4231 2467 4270 omnes
2515 4217 2831 4286 probrosus,
2863 4222 2917 4268 et
2950 4212 3331 4267 abominabilis
3379 4211 3460 4264 fa-

283 4389 375 4443 45.
412 4390 610 4442 Λοιπὸν
641 4392 670 4443 ὁ
697 4389 902 4462 Κύριος
948 4390 1133 4460 λέγει,
1179 4393 1260 4446 ὅτι
1303 4394 1629 4464 Περιέμεινα
1665 4396 1790 4448 ίδεῖν

211 4497 341 4534 τινα
394 4481 957 4554 συλλυπούμενονιτῷ
1018 4484 1416 4554 ἁμαρτάνοντι,
1466 4487 1560 4538 καὶ
1617 4487 1789 4551 οὐδεὶς

215 4575 376 4638 ὅλως.

288 4666 378 4720 44.
412 4667 817 4733 Νουθετοῢντας
852 4668 1153 4741 ἐξεζήτησα
1209 4667 1286 4737 (7)
1342 4665 1511 4719 ἐλθὼν
1555 4668 1648 4722 ἐπὶ
1689 4667 1789 4742 τὴν

253 4756 342 4827 ἦν,
369 4759 463 4810 καὶ
495 4758 591 4828 οὐχ
617 4752 793 4829 εὖρον.

285 4847 376 4902 45.
408 4849 532 4902 Ἐπὶ
557 4849 651 4902 τοῦ
682 4849 938 4921 σταυροῦ.

287 4940 372 4995 46.
423 4940 652 5012 Ὁμοίως
674 4941 750 5012 (8)
781 4942 873 4994 ἐπὶ
901 4940 996 4994 τοῦ
1031 4941 1288 5013 σταυροῦ.

287 5031 373 5085 47.
393 5031 456 5084 Ἦ
473 5025 670 5103 καρδία
693 5030 871 5085 αὐτῶν
885 5031 1011 5084 είτω
1031 5029 1215 5104 [ἔστω]
1248 5033 1668 5106 εὐτρεπισμένον
1705 5036 1781 5107 (9)

214 5121 294 5194 τῷ
323 5123 572 5194 διαϐόλῳ,
603 5124 697 5176 καὶ
727 5125 840 5186 τοῖς
867 5122 1119 5192 ἀγγέλοις
1146 5122 1331 5178 αὐτοῦ.

1890 4315 2011 4360 CIUS
2043 4320 2185 4360 sum.

1961 4397 2051 4452 45.
2083 4395 2312 4450 Demum
2359 4393 2624 4449 Dominus
2671 4392 2824 4455 dicit,
2855 4390 3111 4460 quoniam
3150 4387 3456 4459 exspectavi

1890 4487 2075 4542 videre
2131 4486 2368 4554 aliquem
2415 4484 2792 4540 condolentem
2841 4482 3108 4552 peccatori
3134 4519 3148 4536 .
3192 4489 3246 4534 et
3295 4493 3456 4533 nemo

1891 4578 2118 4633 omnino
2147 4577 2268 4631 fuit.

1961 4669 2053 4724 44.
2087 4669 2459 4722 Admonentes
2506 4661 2730 4733 quaesivi
2779 4663 3004 4717 veniens
3030 4661 3084 4715 in
3126 4669 3349 4729 terram,
3402 4668 3458 4716 et

1891 4778 2002 4818 non
2029 4761 2229 4816 iuveni.

1961 4855 2050 4909 45.
2082 4853 2136 4906 In
2165 4866 2345 4909 cruce.

1959 4943 2047 5000 46.
2085 4943 2347 4998 Similiter
2376 4943 2431 4998 in
2465 4956 2646 5000 cruce.

1957 5037 2046 5089 47.
2081 5037 2189 5091 Cor
2211 5051 2399 5091 eorum
2425 5037 2496 5090 sit
2520 5039 2879 5105 praeparatum
2909 5029 3144 5094 diabolo,
3174 5037 3226 5083 et
3248 5027 3454 5100 angelis

1888 5128 2028 5200 ejus.

1167 5216 1475 5280 Addenda
1515 5226 1576 5280 et
1607 5218 1987 5300 corrigenda
2009 5238 2087 5283 ex
2111 5217 2250 5281 cod.
2283 5215 2484 5277 Vatic.

288 5337 1094 5411 (1)Ν.51.Μή,ηθιε.Ν.5Ξ.
1170 5339 1525 5408 Ὀδιάϐολος.
1582 5342 1651 5397 1v.
1683 5341 1774 5404 35.

214 5410 368 5482 Μηδέ
399 5425 582 5482 usque
605 5410 802 5482 ἐαυτῷ.

287 5479 365 5546 (2t
402 5481 524 5534 Ὅτι
555 5479 830 5551 ὠφέλιμόν
860 5482 974 5534 ἐστι
1002 5480 1065 5534 τὸ
1098 5479 1244 5545 ἔλεός
1270 5499 1383 5537 σου.

287 5551 365 5622 (5)
393 5552 519 5604 Μοι.

288 5619 365 5688 (4)
397 5619 754 5674 Ἐπάκουσὸν.

289 5690 366 5762 (5)
396 5690 701 5764 Προνόησαι
731 5690 829 5762 τῆς
861 5689 1038 5762 ψυχῆς
1070 5709 1190 5763 μου,

1951 5343 2026 5414 (6)
2059 5345 2120 5396 El
2144 5341 2237 5414 κα).
2260 5336 2369 5414 ἐγὼ
2420 5335 2636 5402 ἀνάξιός
2669 5334 2803 5403 ειμι.
2847 5332 2965 5388 Mox
3004 5336 3179 5406 μισεῖν
3202 5375 3215 5390 .
3243 5375 3258 5392 .
3285 5377 3300 5393 .
3326 5377 3341 5393 .
3361 5336 3452 5394 δυο

1883 5409 2099 5486 νάμεις.
2132 5409 2417 5486 ρὖαίΔμε.

1953 5472 2028 5552 (7)
2059 5472 2169 5536 Καὶ).
2198 5472 2582 5552 νουθετορντας
2613 5473 2868 5545 ἐζήτησα.

1954 5485 2010 5552 (7
2061 5485 2169 5536 Kal.
2198 5485 2582 5537 νουθετοῦντας
2613 5485 2652 5533 ες

1977 5556 2007 5606 8
2074 5552 2306 5623 Ὁμοίως
2338 5547 2517 5606 πάλιν,
2549 5555 2652 5598 etc.

1954 5485 2034 5695 ὃ)
2068 5625 2223 5678 Ἤτω
2256 5615 2652 5688 εὑτρεπισμένη

2068 5615 2223 5678 Ἤτω
2256 5620 2346 5672 εὑτ
2356 5615 2678 5688 ρεπισμένη.
