3776 6280
281 313 388 368 927
1130 311 1188 368 S.
1241 307 1601 367 H‘HANASII
1639 306 1793 364 OPP.
1834 303 2014 361 PARS
2052 303 2138 359 lll.
2177 334 2246 352 -—.
2280 293 2690 356 EXEGE’TICA.
3431 285 3540 343 993

353 429 445 488 48.
475 430 542 484 Et
569 431 625 485 in
653 431 1092 498 retributionem,
1126 441 1180 486 et
1203 432 1256 486 in
1291 433 1634 488 scandalum.

1890 433 1938 489 Α
2036 425 2106 479 48
2161 424 2268 488 Kal
2300 424 2380 486 εις
2418 419 2794 476 ἀνταπόδοσιν,
2827 411 2923 468 καὶ
2950 413 3030 476 είς
3057 407 3370 508 σκάνδαλον.

355 523 444 578 49.
478 523 856 580 Obscurentur
882 523 1030 580 oculi
1055 539 1270 593 eorum,
1295 541 1364 580 ne
1391 525 1652 580 videant:

2056 513 2126 569 l9.
2151 512 2594 584 Σκοτισθήτωσαν
2625 509 2674 560 οἱ
2707 503 2974 575 ὀφθαλμοὶ
3005 499 3186 554 αὑτῶν
3207 496 3300 553 τοῦ
3327 495 3401 568 μὴ
3426 494 3547 567 βλέ-

1969 623 2127 659 πεινο

359 696 451 752 50.
488 697 554 752 Et
583 697 810 754 dorsum
845 713 1038 761 eorum
1068 715 1284 771 semper
1314 701 1563 763 incurva.

2052 697 2130 753 50.
2160 695 2270 749 Kal
2318 693 2408 748 τὸν
2467 691 2635 748 νῶτον
2672 687 2850 742 αὐτῶν
2878 683 3166 747 διαπαντὸς
3202 678 3543 752 σόγκαμψον.

360 791 449 845 51.
479 789 708 845 Ell‘unde
735 807 901 862 super
933 807 1027 847 eos
1055 793 1192 847 iram
1217 802 1367 848 tuam
1394 807 1410 851 :

2040 789 2128 845 51.
2163 789 2390 858 Ἔκχεον
2412 788 2497 840 ἐπ’
2527 784 2722 846 αὐτοὺς
2753 781 2851 852 τὴν
2884 780 3054 852 ὀργήν
3088 794 3253 880 cap;
3371 865 3384 880 .
3472 863 3484 880 '

361 882 451 936 59.
485 880 553 936 Et
585 881 738 938 furor
769 884 864 940 irae
892 892 998 939 tute
1023 885 1451 956 comprehendat
1475 899 1590 940 eos.

2054 881 2142 938 52.
2178 881 2288 934 Kal
2315 881 2342 933 ό
2366 876 2538 948 θυμὸς
2563 874 2660 945 τῆς
2684 872 2854 944 ὀργῆς
2885 888 2976 924 σου
3012 867 3305 923 καταλάϐοι
3326 865 3545 928 αὐτούς.

361 972 449 1027 55.
478 972 598 1027 Fiat
630 974 896 1030 habitatio
922 991 1114 1030 eorum
1139 978 1394 1033 deserta:

2044 973 2132 1028 55.
2166 969 2454 1042 Γενηθήτω
2487 970 2521 1040 ἡ
2563 966 2786 1030 ἔπαυλις
2819 963 2995 1018 αὐτῶν
3031 958 3367 1033 ἠρημωμένη

367 1066 457 1122 5t.
487 1065 554 1122 Et
595 1067 650 1121 in
699 1069 1068 1125 tabernaculis
1101 1085 1293 1125 eorum
1323 1084 1431 1124 non
1461 1068 1554 1137 sit,
1586 1067 1680 1139 qui
1711 1066 1858 1122 inhaa

2057 1065 2129 1121 54.
2164 1065 2276 1118 Kal
2313 1066 2369 1117 ὲν
2390 1063 2502 1125 τοῖς
2538 1057 2888 1131 σκηνώμασιν
2920 1054 3098 1116 αὐτῶν
3129 1052 3202 1124 μὴ
3238 1051 3424 1105 ἔστωό
3449 1066 3548 1106 κα·

291 1158 450 1215 bitet.

1972 1158 2195 1212 τοικῶν.

363 1249 451 1304 55.
475 1248 748 1316 Quoniam
768 1265 930 1320 quem
956 1257 1012 1304 tu
1041 1249 1387 1319 percussisti,
1406 1249 1678 1320 persecuti
1703 1259 1832 1305 sunt

2048 1251 2138 1307 55.
2167 1251 2288 1303 Ὅτι
2321 1248 2380 1301 δν
2414 1247 2478 1301 σὺ
2510 1243 2805 1308 ὲπάταξας,
2839 1240 2992 1294 αὐτοὶ
3019 1236 3346 1303 κατεδίωξαν
3365 1277 3377 1288 .

366 1339 456 1395 56.
506 1341 570 1395 Et
614 1355 776 1410 super
805 1341 1048 1397 dolorem
1097 1341 1382 1396 vulnerum
1428 1356 1674 1396 meorum
1711 1340 1857 1401 addi-

2061 1342 2140 1399 56.
2177 1340 2288 1395 Kal
2327 1338 2419 1393 ἐπὶ
2451 1335 2514 1392 τδ
2550 1335 2713 1404 ἄλγος
2740 1333 2850 1388 τῶν
2875 1329 3206 1403 τραυμάτων
3236 1343 3335 1397 μου
3385 1340 3552 1396 προσ-

298 1431 514 1488 derunt.

1975 1434 2193 1505 ἔθηκαν.

370 1524 455 1580 57.
478 1524 705 1596 Appone
728 1523 1070 1595 iniquitatem
1093 1539 1256 1594 super
1272 1524 1618 1594 iniquitatem
1641 1538 1834 1580 eorum
1858 1542 1861 1575 :

2050 1523 2140 1576 57.
2184 1519 2432 1592 Πρόσθες
2459 1516 2692 1588 ἀνομίαν
2725 1513 2816 1567 ἐπὶ
2844 1515 2908 1584 τῇ
2943 1509 3140 1581 ἀνομίᾳ
3179 1506 3396 1562 αὑτῶν-λ

372 1619 463 1674 58.
497 1617 562 1672 Et
595 1631 704 1672 non
732 1616 936 1673 intrent
964 1616 1018 1672 in
1040 1615 1309 1684 justitiam
1338 1625 1518 1679 tuam.

2046 1613 2136 1671 58.
2175 1612 2286 1666 Kal
2316 1611 2392 1683 μὴ
2422 1607 2814 1663 εἰσελθέτωσαν
2839 1607 2896 1658 ὲν
2929 1599 3245 1670 δικαιοσύνῃ
3277 1616 3398 1659 σου.

374 1710 462 1765 59.
494 1708 786 1764 Deleantur
814 1709 883 1761 de
905 1707 1048 1765 libro
1077 1706 1374 1766 viventium
1402 1723 1415 1759 :

1910 1773 1933 1774 ί
2053 1706 2140 1762 59.
2164 1703 2674 1774 Ἑξαλειφθήτωσαν
2705 1701 2768 1753 ὲκ
2795 1697 2976 1768 βίϐλου
3009 1694 3263 1760 ζώντων(

375 1799 464 1853 60.
496 1797 564 1854 Et
584 1813 707 1854 cum
733 1797 898 1868 justis
926 1812 1034 1852 non
1063 1796 1394 1852 scribantur.

1909 1773 1952 1830 Β
2054 1797 2143 1853 60.
2182 1796 2294 1851 Καὶ
2325 1795 2461 1867 μετά
2483 1773 2708 1848 δικαίων
2738 1791 2810 1862 μὴ
2835 1789 3219 1862 γραφήτωσαν.

373 1887 460 1942 61.
493 1885 707 1957 Pauper
737 1895 792 1942 et
819 1887 1012 1944 dolens
1043 1901 1164 1942 sum
1196 1901 1334 1954 ego:

2052 1889 2139 1946 61.
2181 1889 2403 1960 Πτωχὸς
2428 1887 2522 1942 καὶ
2551 1884 2730 1954 ἀλγῶν
2765 1885 2878 1955 εἰμι
2909 1881 3043 1951 ἐγώε

375 1980 465 2036 62.
499 1980 660 2036 Salus
692 1987 808 2047 tua,
839 1979 1014 2046 Deus,
1039 1981 1280 2050 suscepit
1312 1994 1419 2035 me.

2051 1981 2141 2037 62.
2167 1982 2232 2035 Ἦ
2259 1979 2502 2051 σωτηρία
2530 1995 2622 2031 σου
2653 1978 2681 2030 ό
2710 1976 2842 2039 Θεὸς
2866 1972 3200 2030 ἀντιλάϐοιτό
3227 1970 3300 2040 (α)
3342 1985 3463 2039 μου.

370 2073 460 2130 65.
497 2072 761 2128 Laudabo
794 2087 992 2128 nomen
1018 2071 1114 2128 Dei
1146 2072 1265 2146 [Dei
1296 2072 1432 2144 mei}
1475 2087 1601 2130 cum
1627 2072 1838 2129 cantico

2064 2074 2145 2130 65.
2186 2071 2395 2126 Αῑνέσω
2411 2069 2470 2122 τὸ
2487 2069 2659 2139 ὄνομα
2673 2066 2766 2121 τοῦ
2783 2065 2916 2120 Θεοῦ
2935 2062 3090 2136 [Θεοῦ
3111 2060 3236 2134 μου]
3256 2058 3555 2131 μετ’

375 2165 460 2221 64.
489 2166 850 2237 Magniﬁcabo
878 2180 1002 2220 eum
1027 2166 1088 2221 in.
1114 2165 1293 2222 laude.

2062 2166 2150 2223 64.
2190 2161 2491 2233 Μεγαλυνῶ
2517 2161 2675 2215 αὑτὸν
2702 2161 2759 2213 ὲν
2790 2157 3013 2213 αἰνέσει.

377 2259 466 2314 65.
498 2256 564 2313 Ει
585 2259 819 2329 placebit
842 2259 954 2314 Deo
985 2273 1152 2329 super
1177 2257 1408 2318 vitulum
1435 2254 1732 2324 novellum,
1761 2270 1868 2313 cor-

2065 2260 2146 2316 65.
2185 2258 2294 2312 Kal
2319 2254 2509 2328 ἀρέσει
2541 2251 2616 2323 τῷ
2645 2251 2763 2323 Θεῷ
2787 2249 2927 2318 ὑπὲρ
2960 2247 3155 2320 μόσχον
3179 2244 3317 2307 νέον,
3350 2242 3556 2314 κέρατα

306 2367 414 2406 nua
445 2351 838 2420 producentem
871 2362 924 2408 et
952 2352 1206 2422 ungulas.

1136 2367 1206 2408 IS.
1986 2353 2289 2425 ἐκφέροντα
2318 2350 2412 2404 καὶ
2437 2345 2627 2412 ὁπλάς.

371 2441 458 2496 66.
492 2439 724 2496 Videant
747 2457 1014 2512 pauperes
1037 2452 1091 2498 et
1118 2443 1387 2498 laetentur.

2057 2443 2147 2500 66.
2190 2442 2265 2516 (ὁ)
2293 2441 2574 2496 Ἰδέτωσαν
2604 2435 2830 2508 πτωχοὶ,
2863 2434 2958 2490 καὶ
2992 2429 3467 2502 εὐφρανθήτωσαν.

393 2551 444 2617 ιι)
468 2552 817 2606 Ἀντελάσετο
851 2568 965 2617 ms.
988 2561 1046 2608 et
1071 2553 1196 2609 cod.
1234 2552 1351 2608 Pal.

393 2552 444 2617 ιι)
468 2552 817 2606 Ἀντελάσετο
851 2568 965 2617 ms.
988 2561 1046 2608 et
1071 2553 1196 2609 cod.
1234 2552 1351 2608 Pal.

368 2552 448 2695 ἳὸ)
490 2623 552 2677 γ,
587 2623 674 2679 66.
703 2622 950 2696 Κέρατα,
981 2633 1086 2680 etc.
1119 2623 1183 2682 ν.
1219 2623 1306 2690 67.
1331 2623 1633 2691 ἰδέτωσαν,
1666 2631 1773 2680 etc.
1800 2621 1859 2683 Ἰ.

1450 2640 1633 2691 ςωσαν,
1666 2631 1773 2680 etc.
1800 2621 1870 2683 Ἰ.
1910 2621 2000 2680 68.
2025 2622 2417 2696 Ἐκζητήσατε,
2446 2629 2730 2690 etc.,usq.
2769 2616 2941 2689 ὑμῶν.

1427 2777 1810 2836 ATHANASU
1850 2771 2441 2833 INTERPRETATIO.

377 2894 465 2949 48.
500 2895 564 2949 Ει
596 2896 649 2950 in
677 2895 930 2966 praesenti
968 2897 1170 2951 saeculo
1218 2897 1695 2966 (retributionem)
1730 2894 1868 2950 acci-

2073 2889 2137 2945 l8.
2167 2889 2280 2943 Kal
2325 2889 2384 2942 ὲν
2415 2887 2495 2958 τῷ
2549 2884 2643 2940 νῦν
2677 2884 2835 2939 αἰῶνι
2875 2881 3224 2946 ἀπολάϐωσι,
3262 2881 3354 2934 καὶ
3393 2884 3451 2935 ὲν
3483 2881 3564 2962 τῷ

305 2987 476 3058 piant,
497 2987 616 3041 etin
638 2986 822 3043 futuro
837 2988 1292 3056 condemnentur,
1306 2989 1438 3060 quia
1456 2986 1718 3045 seandalo
1733 3002 1796 3044 su

1829 2995 1882 3042 ιι.
1981 2983 2236 3055 μέλλοντι
2261 2977 2686 3052 κατακριθῶσιν,
2723 2977 2800 3041 ὡς
2829 2973 3120 3029 σκάνδαλον
3152 2972 3320 3036 ὄντες.

377 3075 466 3130 49.
496 3075 651 3131 Oculi
682 3079 882 3134 mentis
912 3093 1135 3138 eorum.

2059 3074 2148 3129 49.
2173 3074 2236 3127 Οἱ
2261 3071 2528 3142 ὀφθαλμοὶ
2555 3071 2653 3142 τῆς
2687 3068 2923 3132 διανοίας
2955 3066 3152 3122 αὐτῶν.

377 3158 468 3214 50.
501 3161 566 3214 Ει
597 3175 706 3216 non
754 3163 1078 3232 resipiscam
1107 3179 1138 3219 a
1167 3164 1406 3234 peccatis
1439 3162 1783 3230 eorum,sod
1829 3161 1868 3220 il

2084 3167 2148 3224 30.
2179 3168 2290 3222 Kal
2319 3166 2395 3238 μὴ
2430 3162 2797 3220 ἀνανεύσωσιν
2820 3161 2927 3216 ἀπὸ
2947 3161 3044 3232 τῆς
3068 3158 3337 3232 ἁμαρτίας
3360 3159 3575 3222 αὐτῶν.

309 3249 443 3319 ipsis
473 3251 801 3308 moriantur.

1987 3258 2102 3315 ἀλλ’
2133 3259 2192 3312 ὲν
2220 3259 2358 3329 αὐτῇ
2387 3255 2802 3312 ἀποθανοῦνται.

373 3343 466 3400 51.
499 3342 629 3415 Igne
663 3346 909 3402 comburi
938 3345 1025 3403 fac
1053 3364 1150 3405 eos
1183 3364 1213 3405 e
1233 3349 1392 3411 cutio.

2074 3347 2577 3422 51.Πυρικαύστους
2606 3347 2801 3411 αὐτοὺς
2824 3346 2901 3418 (1)
2923 3344 3146 3416 ποίησον
3180 3343 3244 3396 ὲκ
3274 3340 3368 3395 τοῦ
3400 3341 3565 3413 οὐρα-

1997 3463 2082 3504 θον
2090 3487 2105 3501 .

383 3519 472 3575 52.
508 3518 572 3575 Et
605 3535 770 3574 nemo
798 3535 988 3576 eorum
1014 3521 1272 3579 salvetur.

2064 3537 2155 3593 52.
2191 3536 2300 3591 Kal
2339 3534 2528 3607 μηδεὶς
2558 3531 2737 3588 αὐτῶν
2763 3529 3015 3601 διασωθῇ,

379 3611 470 3667 55.
508 3609 740 3668 Mentem
776 3629 964 3670 eorum
1003 3615 1293 3687 signiﬁcat.

2061 3628 2149 3684 53.
2180 3627 2290 3699 Τὴν
2314 3626 2550 3682 διάνοιαν
2575 3625 2650 3695 (2)
2677 3622 2856 3679 αὐτῶν
2887 3621 3052 3690 λέγει.

381 3703 470 3758 54.
504 3702 634 3760 Sine
669 3706 875 3761 auxilio
901 3708 1032 3762 sint.

2062 3720 2149 3775 54.
2181 3717 2498 3791 ’Λδοήθητοι
2531 3710 2685 3770 ὦσιν.

385 3794 476 3850 55.
507 3794 802 3862 Quoniam,
828 3813 990 3867 quem
1019 3807 1081 3853 tu
1132 3798 1330 3854 misisti
1363 3798 1418 3858 in
1463 3796 1752 3864 mundum,
1782 3798 1876 3871 ipsi

2083 3813 2152 3868 i5.
2184 3813 2308 3866 Ὅτι
2350 3811 2408 3864 ὃν
2443 3810 2506 3863 σὺ
2536 3807 2856 3871 ἀπέστειλας
2886 3807 2964 3870 είς
3012 3805 3102 3871 τὸν
3144 3805 3345 3859 κόσμον
3370 3843 3385 3858 .
3412 3802 3574 3858 αὐτοὶ

312 3886 649 3941 occiderunt.

1993 3908 2182 3977 ὲφόνευ
2190 3922 2307 3960 σαν.

383 3974 470 4028 56.
501 3973 714 4031 Lancea
746 3979 1152 4035 translixerunt.

2037 3973 2149 4054 '56.
2182 3997 2364 4069 Λόγχῃ
2397 3995 2472 4068 (5)
2507 3994 2882 4066 ἐξεκέντησαν.

386 4063 476 4118 57.
509 4062 984 4130 Quemadmodum
1020 4070 1123 4140 ipsi
1152 4072 1389 4128 contenti
1423 4088 1532 4128 non
1558 4071 1780 4128 fuerunt
1803 4084 1877 4124 me

2092 4090 2150 4146 L7.
2177 4062 2572 4161 ἀότοὶ
2611 4085 2712 4141 οὐκ
2749 4062 3104 4160 ’ἠρκέσθησαν
3155 4081 3583 4158 σταυρῶσαντέςη

314 4155 674 4224 cruciﬁxisse,
721 4161 818 4217 sed
867 4161 1038 4220 aliam
1093 4165 1259 4222 etiam
1303 4165 1518 4239 plagam
1569 4165 1701 4221 mihi
1747 4163 1805 4218 in

315 4246 518 4302 lerunt.

1787 4173 1890 4217 ἰη’
1921 4237 1973 4293 D
1997 4200 2086 4255 με,
2118 4181 2256 4236 ἀλλά
2286 4155 2382 4236 καί
2411 4155 3145 4254 ὲτέρανπληγῆνεπήγαγόν
3167 4194 3278 4260 μοι.

335 4262 518 4304 erunt.

384 4341 477 4397 58.
506 4343 567 4396 In
592 4356 820 4414 regnum
853 4351 1028 4400 tuum.
1718 4385 1734 4396 μ

1718 4385 1734 4396 ί
2067 4359 2155 4416 58.
2177 4359 2269 4415 Ἐν
2292 4361 2356 4432 τῇ
2385 4357 2630 4432 βασιλείᾳ
2657 4377 2786 4421 σου.

386 4433 478 4490 59.
504 4433 548 4487 Ε
569 4435 744 4491 caelis.

2067 4455 2156 4510 59.
2182 4453 2282 4508 Ἐκ
2304 4452 2412 4507 τῶν
2439 4452 2703 4525 οὐρανῶν.

391 4525 476 4579 60.
513 4527 570 4580 1η
603 4529 779 4584 curiis.

2069 4545 2157 4602 60.
2183 4545 2275 4600 Ἐν
2305 4548 2418 4609 τοῖς
2444 4546 2724 4616 οὐρανοῖς.

387 4617 476 4672 6i.
528 4617 858 4675 Mendicavit
905 4619 958 4676 in
1012 4621 1326 4676 servitutem
1377 4621 1657 4678 redactum
1718 4638 1878 4694 genus

1797 4638 1893 4680 nus
2065 4636 2520 4707 61.Ἐπτὼχευσε
2549 4633 2813 4688 δουλωθὲν
2844 4633 2906 4688 τὸ
2937 4633 3090 4712 γένος
3114 4631 3288 4704 ἡμῶνι

318 4716 588 4763 nostrum.

389 4797 477 4852 62.
515 4799 581 4852 Et
615 4801 893 4872 sepultura
935 4812 989 4858 et
1034 4804 1364 4860 resurrectio
1403 4814 1519 4870 tua,
1558 4805 1724 4874 Deus,
1765 4824 1880 4865 sus-

2072 4813 2151 4868 62.
2190 4811 2300 4865 Kal
2332 4809 2533 4882 ἡταφὴ
2565 4809 2660 4864 καὶ
2688 4809 2722 4880 ἡ
2751 4807 3044 4871 ἀνάστασίς
3074 4823 3189 4870 σου,
3217 4807 3245 4858 ό
3283 4804 3435 4868 Θεὸς,
3465 4806 3563 4860 ἀν·-

317 4890 460 4960 cepit
491 4906 597 4946 me.

1989 4902 2244 4958 τελάϐετό
2277 4919 2399 4972 μου.

387 4979 476 5036 65.
514 4979 743 5051 Hymnis
779 4979 1067 5037 celebrabo
1099 4997 1224 5036 eum
1257 4982 1310 5037 in
1336 4985 1720 5043 exsultatione.

1645 5002 1720 5043 ne.
2063 4996 2152 5051 65.
2180 4996 2302 5048 Ἀνυ
2312 4995 2501 5067 μνήσω
2529 4994 2690 5050 αὐτὸν
2721 4995 2778 5048 ἐν
2803 4991 3136 5062 ἀγαλλιάσει.

387 5073 477 5128 64.
511 5073 841 5129 Glorilicabo
865 5089 990 5129 eum
1022 5075 1078 5128 in
1108 5074 1286 5130 laude.

2065 5086 2154 5141 64.
2196 5086 2412 5150 Δοξάσω
2441 5087 2601 5142 αὐτὸν
2630 5089 2686 5140 ὲν
2716 5086 2937 5140 αἰνέσει.

388 5165 477 5219 65.
518 5164 693 5235 Super
724 5165 986 5236 populum
1019 5163 1332 5222 Judteorum
1385 5169 1682 5240 petulcum,
1712 5178 1767 5226 et
1808 5169 1879 5226 la-

2070 5177 2155 5233 65.
2191 5178 2359 5252 ’Υπὲρ
2385 5178 2474 5234 τὸν
2502 5180 2629 5233 λαὸν
2653 5180 2762 5233 τῶν
2794 5177 3060 5233 Ἰουδαίων
3084 5177 3211 5241 τοὺς
3240 5177 3313 5248 (4)
3345 5174 3561 5246 κερατοε-

319 5257 636 5314 scivientem
666 5259 721 5314 in
751 5260 1008 5330 peccatis.

1993 5271 2202 5338 ζοντας,
2239 5275 2333 5329 καὶ
2360 5275 2694 5346 σκιρτῶντας
2725 5276 2782 5328 ὲν
2811 5276 2931 5338 ταῖς
2953 5272 3261 5347 ἁμαρτίαις.

387 5352 475 5408 66.
512 5353 786 5424 Pauperes
816 5356 1000 5420 corde,

2059 5366 2148 5422 66.
2189 5369 2252 5421 Οἱ
2285 5371 2350 5441 τῇ
2381 5367 2576 5440 καρδίᾳ
2604 5371 2830 5440 πτωχοὶ.

1270 5468 1576 5533 Addenda
1604 5477 1664 5532 et
1687 5471 2063 5553 corrigenda
2095 5497 2171 5541 ex
2202 5481 2343 5543 cod.
2367 5482 2573 5544 Vatic.

395 5570 473 5655 (fl.
509 5567 715 5655 591.923,;
745 5568 916 5626 deest.

2075 5581 2148 5651 (4)
2188 5582 2257 5655 Ν.
2306 5583 2395 5655 66.
2447 5584 2586 5648 Τοὺς
2632 5600 2776 5655 κερ.,
2815 5580 2938 5639 etc.‘
2966 5582 3034 5639 N.
3065 5581 3153 5637 67.
3186 5582 3246 5633 Oi
3290 5580 3377 5649 τῇ,
3426 5589 3551 5643 υιε..

393 5640 470 5723 (ἓ)
499 5642 574 5723 3!
607 5640 858 5723 §£“’°‘°E-.
941 5711 952 5723 .
1105 5713 1116 5723 .

947 5711 952 5723 _
1105 5713 1116 5723 ι
1995 5640 2166 5722 usque
2197 5653 2261 5708 ad
2291 5654 2438 5723 ἔθνη.

395 5710 472 5791 (5)
499 5713 576 5783 Τῇ
607 5710 776 5783 λόγχῃ
802 5711 1154 5783 ἑξεκέντησάν
1187 5729 1276 5783 με.
