3776 6280
268 229 376 287 920
1163 237 1250 293 DE
1289 230 1567 294 TITULIS
1597 233 1759 293 PSAL

2086 267 2158 280 ν-
2195 225 2394 291 PSAL.
2435 226 2621 289 LXIX.
3442 231 3545 285 910

338 353 433 427 67.
456 355 831 426 Ἐκζητήσατε
864 355 954 410 τὸν
981 358 1136 423 Θεὸν,

1121 400 1136 423 ,
1886 369 1931 422 Α
2028 360 2116 414 67.
2145 358 2383 426 Qnaarile
2417 356 2612 423 Deum,

337 445 432 502 68.
473 446 587 498 Kal
625 446 853 517 ζήσεται
879 451 913 520 ἡ
944 449 1088 522 ψυχὴ
1120 452 1292 523 ὑμῶν.

2037 455 2128 510 68.
2162 457 2229 509 Et
2257 455 2398 508 vivet
2427 451 2610 507 anima
2641 457 2840 504 vestra.

339 538 431 594 69.
452 540 577 591 Ὅτι
611 540 900 612 είσήκουσε
924 543 1031 600 τῶν
1062 546 1307 616 πενήτων
1340 547 1369 598 ὁ
1397 546 1630 618 Κύριος·

2038 548 2127 602 69.
2165 547 2436 614 Quoniam
2469 543 2749 601 exaudivit
2785 555 3052 613 pauperes
3085 538 3391 596 Dominus:

341 632 433 687 70.
474 632 586 686 Kal
604 634 731 697 τοὺς
757 636 1168 707 πεπεδημένους
1185 638 1350 693 αὐτοῦ
1367 641 1466 695 οὐκ
1483 640 1832 707 ὲξουδένωσεν

1550 641 1856 696 ουδένωσεν.
2039 639 2129 695 70.
2164 640 2228 694 Ει
2256 640 2466 694 vinctos
2493 653 2623 694 suos
2645 653 2751 691 non
2777 637 3041 706 despexit.

343 724 434 780 7i.
473 725 856 782 Αίνεσάτωσαν
885 725 1045 783 αὐτὸν
1074 732 1122 784 oi
1145 732 1362 804 οὐρανοὶ
1389 734 1481 786 καὶ
1515 735 1547 805 ἡ
1571 736 1663 805 γῆ,

1515 735 1547 805 ἡ
1571 736 1663 805 γῆ.
2037 732 2124 787 7|.
2160 730 2406 786 Laudent
2437 731 2585 785 illum
2609 729 2731 785 coeli
2753 738 2806 783 et
2834 737 2996 794 terra,

341 815 432 870 72.
475 818 732 872 Θάλασσα
753 820 848 873 καὶ
881 821 1057 875 πάντα
1083 823 1153 876 τὰ
1187 825 1425 896 ἓρποντα
1450 827 1509 880 ὲν
1541 821 1679 897 αὐτῇ
1702 842 1716 855 ’

1590 821 1679 897 5τῇ
1702 842 1716 855 ο
2038 823 2126 878 72.
2156 821 2304 877 Mare
2337 831 2390 876 et
2421 823 2606 876 omnia
2635 822 2849 891 reptilia
2890 822 2944 875 in
2972 835 3038 876 eo
3071 841 3081 874 :

341 907 430 963 73.
451 907 576 964 Ὅτι
603 911 633 964 ὁ
660 911 793 977 Θεὸς
821 912 983 968 σώσει
1014 913 1113 986 τὴν
1141 915 1281 968 Σιών
1301 933 1315 947 ·

2042 913 2131 971 75.
2169 912 2440 980 Quoniam
2474 911 2620 967 Deus
2646 913 2851 968 salvam
2891 912 3053 966 faciet
3083 909 3255 977 Sion;

338 1002 431 1057 74.
473 1004 585 1058 Καὶ
622 1005 1142 1080 οἰκοδομηθήσονται
1168 1005 1223 1063 ai
1247 1009 1430 1074 πόλεις
1448 1005 1550 1080 τῆς
1569 1009 1852 1074 Ἰουδαίαςδ
2031 1006 2125 1062 74.
2155 1007 2218 1062 Ει
2252 1007 2668 1062 τεάἰίὶοαῦιιηιω·
2696 1005 2944 1061 civitates
2982 1002 3119 1058 Iuda
3148 1019 3161 1056 :

339 1093 428 1149 75.
471 1096 581 1150 Kal
619 1099 1038 1170 κατοικήσουσιν
1077 1101 1321 1168 ὲκεῐ,καὶ
1360 1101 1830 1175 κληρονομήσουσι

2045 1095 2124 1156 75.
2156 1097 2223 1154 Et
2259 1100 2649 1155 inhabitabunt
2685 1099 2783 1168 ibi,
2810 1108 2864 1154 et
2909 1099 3224 1154 hereditate
3257 1097 3536 1169 acquirent

265 1185 465 1255 αὑτήν.

1958 1206 2104 1247 eam.

345 1276 432 1331 76.
452 1278 630 1333 Καὶιτδ
649 1281 874 1354 σπέρμα
883 1283 988 1337 τῶν
1003 1283 1205 1338 δούλων
1220 1303 1312 1340 σου
1331 1284 1649 1351 καθέξουσιν
1664 1288 1833 1360 αὑτήν

2045 1280 2122 1337 76.
2157 1279 2225 1335 Ει
2255 1297 2440 1337 semen
2479 1297 2759 1336 servorum
2791 1288 3007 1336 tuorum
3050 1280 3347 1350 possidebit
3391 1296 3536 1337 eam.

343 1368 430 1419 77.
448 1371 558 1422 Καὶ
573 1372 622 1423 οἱ
639 1372 961 1441 ἀγαπῶντες
989 1375 1052 1429 τὸ
1077 1375 1249 1448 ὄνομά
1279 1394 1373 1430 σου
1401 1377 1834 1449 κατασκηνώσου-

2044 1371 2128 1430 77.
2183 1373 2252 1428 Et
2297 1373 2402 1444 'qui
2459 1372 2693 1443 diligunt
2752 1387 2949 1427 nomen
3005 1380 3155 1426 tuum
3219 1371 3535 1426 habitabunt

265 1475 358 1514 σιν
389 1462 448 1514 ὲν
477 1462 638 1534 αὐτῇ.

635 1505 638 1515 .
1961 1464 2017 1523 in
2044 1482 2126 1523 ea.

263 1577 378 1643 Βις
400 1577 463 1631 τὸ
492 1577 686 1645 τέλος,
709 1578 790 1645 τῷ
815 1580 1015 1646 Δαϐὶδ,
1040 1584 1128 1650 εις
1156 1583 1521 1654 ἀνάμνησιν,
1547 1587 1634 1653 εἰς
1649 1586 1754 1640 τὸ(

2042 1599 2072 1637 η
2098 1583 2278 1654 ﬁnem,
2305 1581 2494 1643 David.
2535 1583 2589 1635 in
2619 1583 3105 1636 rememorationcm
3160 1583 3298 1652 quod
3327 1583 3533 1637 salvum

627 1671 734 1724 σαί
755 1689 852 1741 με,
878 1673 1110 1742 Κύριος.
1144 1677 1319 1730 ΨΑΛ.
1350 1675 1476 1730 ΞΘ’.
1887 1733 1929 1746 ,_

1887 1733 1929 1746 λ
2195 1694 2276 1732 me
2321 1677 2498 1746 fecerit
2531 1676 2808 1731 Dominus.
2847 1675 3049 1730 I’SAL.
3081 1675 3287 1732 LXIX.

347 1761 396 1815 1.
424 1760 490 1816 '0.
513 1761 666 1828 Θεὸς,
702 1733 782 1828 et;
805 1733 902 1837 την
932 1733 1183 1838 βοήθειάν
1213 1785 1314 1838 μου
1354 1767 1611 1841 πρόσχες.

1886 1733 1931 1793 Β
2029 1767 2078 1821 1.
2115 1766 2280 1830 Deus,
2316 1767 2368 1821 in
2400 1768 2732 1836 adjutorium
2773 1784 2954 1822 meum
2981 1769 3239 1822 intende:

344 1853 396 1906 2.
438 1855 635 1926 Κύριε,
665 1858 745 1919 είς
766 1857 828 1910 τὸ
859 1858 1127 1929 βοηθῆσαί
1160 1878 1250 1929 μοι
1284 1861 1534 1915 σπεῦσον.

2028 1860 2084 1915 2.
2113 1860 2361 1925 Domine,
2389 1859 2456 1914 ad
2480 1859 2848 1930 adjuvandum
2887 1875 2973 1914 me
3002 1858 3219 1914 festina.

346 1944 400 1999 5.
440 1947 920 2019 Δίσχυνθήτωσαν,
957 1952 1051 2004 καὶ
1097 1952 1525 2025 ὲντραπήτωσαν
1555 1954 1606 2007 οἱ
1635 1952 1837 2024 ζητοῦν

2046 1953 2085 2007 5.
2133 1948 2572 2016 Confundantur,
2625 1962 2681 2006 ct
2728 1960 3101 2017 revercantur,
3137 1951 3230 2020 qui
3283 1960 3537 2021 quaerunt

263 2052 366 2099 τες
389 2037 488 2109 τὴν
515 2039 692 2112 ψυχήν
734 2057 854 2111 μου.

1959 2044 2198 2099 animam
2238 2059 2437 2100 meam.

344 2129 400 2184 4.
417 2131 952 2205 Ἀποστραφητωσαν
978 2134 1057 2197 εἰς
1083 2133 1153 2187 τά
1175 2133 1372 2200 ὀπίσω,
1402 2136 1497 2191 καὶ
1522 2154 1835 2208 καταισχυν-

2044 2137 2082 2191 ι.
2111 2137 2440 2191 Avertantur
2473 2148 2796 2207 retrorsum,
2833 2149 2886 2194 et
2929 2139 3274 2206 erubescant,
3308 2138 3402 2209 qui
3433 2149 3535 2191 vo-

264 2220 525 2294 Θήτωσαν
549 2226 598 2276 ol
626 2223 940 2297 βουλόμενοί
976 2242 1066 2298 μοι
1096 2227 1260 2282 κακά.

976 2242 1066 2298 μοι
1096 2227 1260 2282 κακά.
1959 2229 2079 2284 lunt
2107 2228 2244 2283 mihi
2282 2230 2446 2285 mala.

1397 2387 1776 2446 ATHANASII
1816 2387 2383 2447 INTERPRETATIO

341 2542 433 2598 67.
472 2543 730 2598 Τουτέστι
760 2543 831 2600 τὰ
855 2544 1002 2618 ἔθνη.

2024 2547 2111 2602 67.
2140 2546 2256 2603 Hoc
2276 2556 2359 2603 est
2385 2557 2593 2620 gentes.

342 2635 432 2690 68.
471 2634 568 2700 Είς
597 2636 686 2690 τὸν
709 2636 882 2692 αίῶνα
907 2636 999 2692 τοῦ
1030 2638 1244 2706 αἰῶνος.

2024 2641 2112 2695 08.
2142 2643 2201 2695 In
2242 2643 2500 2698 saxulum
2533 2645 2744 2700 saeculi.

341 2727 434 2784 69.
476 2729 597 2782 Τῶν
628 2731 798 2800 ἁγίων
832 2731 931 2803 (Ι).

917 2773 931 2789 .
2030 2736 2118 2792 69.
2156 2734 2407 2792 Sanetos.

341 2821 430 2874 70.
473 2821 610 2885 Τοὺς
634 2823 1077 2894 προσῳεύγοντας
1097 2824 1246 2897 αὐτῷ
1269 2823 1378 2880 ἀπὸ
1401 2825 1501 2899 τῆς
1527 2824 1820 2897 ἁμαρτίας.

1635 2824 1820 2897 ιρτίας.
2035 2830 2123 2886 70.
2156 2829 2546 2900 Confugientes
2574 2829 2640 2883 ad
2665 2843 2789 2884 eum
2822 2843 2853 2884 a
2888 2829 3126 2900 peccatis

342 2915 432 2970 7|.
474 2917 536 2969 Οἱ
564 2918 876 2987 ἐπουράνιοι
903 2919 996 2971 καὶ
1020 2920 1070 2971 οἱ
1099 2918 1348 2987 ἐπίγειοι.

1283 2936 1348 2972 οι.
2035 2922 2122 2978 71.
2157 2922 2442 2988 Οωιοεῑθε,
2467 2931 2521 2977 et
2552 2920 2774 2975 terreni.

342 3008 429 3061 72.
457 3008 513 3062 Ὀ
548 3009 750 3080 κόσμος
783 3010 876 3063 καὶ
905 3013 952 3063 οἱ
986 3011 1452 3083 ἀναστρεφόμενοι
1482 3012 1541 3065 ὲν
1565 3008 1737 3083 αὐτῷ.

1656 3008 1737 3083 τῷ.
1882 3011 1929 3072 C
2029 3015 2120 3070 72.
2150 3014 2403 3079 Mundus,
2436 3023 2490 3068 et
2518 3015 2608 3083 qui
2645 3013 2698 3067 in
2733 3028 2799 3068 eo
2840 3027 3147 3070 versantur.

341 3102 427 3156 75.
473 3102 581 3173 Τὴν
608 3101 786 3174 ψυχὴν
833 3104 933 3172 τὴν
966 3103 1205 3173 διψῶσαν
1233 3105 1415 3160 αὐτόν.
1449 3103 1602 3159 Σιὼν
1630 3104 1738 3176 γὰρ
1764 3104 1832 3176 ἐρ

2042 3107 2120 3162 75.
2157 3106 2410 3161 Animam
2441 3105 2712 3161 sitientem
2744 3119 2890 3160 eum.
2923 3104 3055 3160 Sion
3094 3108 3237 3162 cnim
3273 3108 3533 3181 interpre-

271 3195 563 3266 μηνεύεται
587 3193 848 3262 διψῶσα.

1960 3208 2107 3256 tatur
2135 3199 2340 3253 sitiens.

343 3285 431 3340 74.
474 3286 584 3340 Καὶ
623 3287 1136 3359 οίκοδομηθήσονται
1184 3289 1238 3342 αἱ
1267 3288 1508 3360 καρδίαι,
1536 3288 1593 3342 αἱ
1623 3286 1700 3359 τῷ
1732 3286 1834 3359 Θειξ

2041 3294 2118 3348 74.
2156 3292 2223 3348 Et
2253 3291 2677 3348 aadilicabuntur
2724 3290 2886 3346 corda
2923 3291 3234 3348 conﬁtentia
3269 3293 3400 3352 Deo.
3435 3295 3532 3352 Ju-

269 3380 781 3452 ὲξομολογούμεναι.
801 3380 1050 3436 Ἰουδαία
1077 3381 1186 3453 γὰρ
1215 3380 1575 3453 ἑρμηνεύεται
1609 3378 1731 3446 Θεῷ
1758 3416 1760 3428 ι

1658 3378 1731 3446 sai)
1758 3379 1854 3446 ἐξ·
1961 3380 2080 3435 dam
2111 3380 2258 3435 eni‘m
2298 3379 2688 3438 interpretatur
2722 3381 2982 3448 conﬁtens
3019 3381 3149 3436 Deo.

270 3476 748 3546 ομολογούμενος
781 3475 879 3546 (2).

348 3523 447 3621 list
467 3523 740 3638 ’ἦξᾇῷ
769 3523 1150 3640 ’ίερουσαλήρη

2036 3560 2126 3616 75.
2169 3558 2475 3629 Snpernam
2498 3523 2821 3613 Jerusalem.

342 3657 431 3711 76.
472 3657 580 3710 Kal
598 3657 666 3710 τὰ
681 3656 816 3730 ἔργα
844 3657 949 3710 τῶν
965 3658 1138 3727 ἁγίων
1157 3675 1250 3712 σου
1271 3660 1643 3731 κρατήσουσιν
1664 3658 1833 3730 αὐτήν

2043 3650 2124 3705 76.
2167 3649 2234 3705 Ει
2262 3665 2426 3721 opera
2451 3659 2767 3704 sanctorum
2795 3660 3010 3704 tuornm
3045 3652 3368 3709 obtinebunt
3391 3673 3534 3714 eam.

345 3749 433 3806 77.
473 3751 586 3804 Καὶ
615 3751 768 3804 αὐτοὶ
803 3751 946 3820 ἅγιοι
981 3751 1351 3821 σκηνὼσουσιν
1381 3751 1458 3821 (5)
1486 3753 1543 3806 ὲν
1577 3753 1736 3823 αὐτῇ.

1587 3753 1736 3823 αὐτῇ.
2034 3743 2124 3798 77.
2157 3742 2223 3798 Et
2243 3743 2343 3813 ipsi
2369 3743 2542 3799 sancti
2584 3743 2909 3797 habitabunt
2939 3743 2991 3797 in
3017 3760 3078 3798 ea

355 3862 419 3916 Ἦ
454 3864 788 3936 προκειμένη
824 3865 1101 3937 ἐπιγραφὴ
1140 3861 1381 3938 περιέχει
1412 3865 1489 3939 (4)
1509 3884 1522 3898 ·
1556 3868 1658 3933 Εἰς
1686 3867 1751 3920 τὸ
1773 3863 1968 3931 τέλος,
1991 3859 2070 3927 τῷ
2100 3858 2295 3923 Δαϐὶδ,
2321 3861 2408 3926 εὶς
2440 3858 2783 3929 ἀνάμνησιν
2824 3860 2911 3925 είς
2957 3860 3022 3913 τὸ
3065 3861 3264 3914 σῶσαί
3287 3881 3382 3932 με,
3425 3866 3534 3921 Κύ-

269 3978 396 4028 ριος
426 3961 525 4032 (5).
558 3960 728 4015 Τοῦτο
756 3957 848 4015 οῦν
878 3964 1045 4027 ἐστιν,
1082 3962 1174 4016 ἐπὶ
1205 3962 1359 4028 τέλος
1391 3962 1465 4035 (6)
1509 3965 1538 4017 ὀ
1586 3961 2026 4032 ἐξουθενημένος,
2059 3958 2092 4028 ἥ
2127 3959 2253 4011 ὅταν
2284 3955 2415 4028 ἔλθῃ
2458 3959 2538 4020 είς
2585 3956 2892 4030 ἀνάμνησιν
2917 3960 2995 4020 εἰς
3020 3958 3080 4011 τὸ
3111 3961 3349 4034 σωθῆναι
3376 3966 3536 4019 αὑτὸν

270 4053 376 4108 δπὸ
404 4055 611 4126 Κυρίου
640 4054 784 4124 λέγει
806 4053 896 4108 τὸν
917 4053 1153 4126 ψαλμὸν.
1175 4055 1352 4110 Δαϐὶδ
1378 4056 1488 4128 γάρ
1512 4053 1873 4128 ἑρμηνεύεται
1895 4048 2389 4119 ἐξουθενημένος,
2424 4048 2560 4120 ὅπερ
2642 4049 2670 4100 ὁ
2693 4049 2918 4113 δίκαιος,
2939 4048 3042 4121 [ὃς]
3059 4052 3371 4122 εὑρίσκεται
3391 4058 3537 4128 παρὰ

270 4145 380 4197 τῶν
411 4147 468 4197 ἐν
500 4144 578 4216 τῷ
608 4145 797 4216 κόσμῳ
829 4143 1274 4217 ἐξουθενημένος,
1309 4145 1342 4218 ἢ
1373 4145 1402 4197 ὁ
1433 4145 1756 4217 ἁμαρτωλὸς
1785 4143 2194 4212 ὀνειδιζόμενος.

343 4237 557 4293 Titulus
593 4237 913 4309 prmposilus
942 4238 1186 4294 continet
1219 4256 1234 4293 :
1273 4237 1340 4293 In
1375 4240 1556 4308 ﬁnem,
1589 4239 1762 4293 David
1787 4239 1841 4292 in
1868 4235 2374 4302 rememorationem,
2408 4235 2547 4306 quod
2571 4236 2774 4290 salvum
2797 4253 2878 4291 me
2907 4239 3088 4306 fecerit
3125 4237 3397 4294 Dominus.
3424 4240 3536 4297 Hoc

269 4334 438 4403 igitur
468 4342 573 4397 est,
605 4335 659 4388 in
694 4337 799 4389 line
828 4343 1196 4404 contemptus,
1231 4344 1326 4390 aut
1363 4350 1486 4390 cum
1518 4333 1732 4390 venerit
1779 4333 1833 4388 in
1873 4329 2406 4392 rememorationem,
2449 4329 2596 4399 quod
2635 4329 2845 4385 salvum
2880 4343 3003 4383 eum
3048 4327 3239 4383 fecerit
3269 4329 3536 4390 Dominus

269 4427 405 4482 dicit
430 4428 722 4498 psalmum.
760 4426 929 4481 David
975 4427 1120 4482 enim
1166 4427 1555 4496 interpretatur
1586 4432 1933 4493 contemptus,
1967 4420 2145 4492 qualis
2171 4428 2252 4474 est
2281 4419 2489 4488 justus,
2529 4420 2621 4489 qui
2655 4417 2932 4472 invenitur
2966 4425 3315 4488 contemptus
3353 4422 3422 4477 ab
3470 4425 3536 4478 iis

270 4521 367 4589 qui
392 4521 444 4573 in
478 4518 684 4574 mundo
716 4527 864 4586 sunt,
897 4527 991 4573 aut
1015 4517 1194 4589 qualis
1223 4525 1312 4572 est
1341 4527 1596 4586 peccator
1621 4513 2036 4585 opprobriosus.

347 4617 399 4670 1.
429 4616 486 4668 Ὀ
509 4614 661 4680 Θεὸς,
691 4614 978 4684 εὐδόκησω
1003 4613 1083 4676 είς
1113 4612 1173 4666 τὺ
1201 4609 1583 4665 ἀντιλαϐέσθαι
1613 4626 1737 4681 μου.

1889 4611 1935 4665 D
2037 4604 2090 4658 1.
2118 4599 2465 4671 Complaceat
2493 4599 2610 4665 tibi,
2646 4599 2806 4666 Deus,
2841 4600 2973 4656 mihi
3007 4616 3164 4672 opem
3192 4603 3333 4660 ferre

343 4709 399 4764 2.
439 4707 634 4779 Κύριε,
659 4709 738 4771 είς
757 4707 820 4760 τὸ
843 4705 1108 4778 βοηθῆσαι
1127 4705 1265 4779 ὑπὲρ
1282 4702 1416 4777 ἐμοῦ
1437 4702 1740 4775 παραγίνου
1759 4700 1833 4772 (7)

2038 4696 2092 4747 2.
2141 4691 2388 4756 Domine,
2435 4691 2502 4745 ad
2552 4690 2835 4746 ferendum
2868 4707 2971 4761 pro
3002 4709 3088 4748 me
3135 4695 3400 4751 auxilium
3443 4700 3529 4752 ad-

1969 4801 2115 4841 vent.

344 4886 399 4940 3.
440 4885 532 4957 Μὴ
549 4884 818 4956 ποιήσωσι
832 4881 908 4953 (8)
926 4881 986 4935 τὸ
1003 4880 1216 4953 θέλημα
1237 4879 1417 4935 αὐτῶν
1438 4881 1494 4933 ὲν
1519 4877 1735 4950 μηδενί.

2028 4876 2084 4930 '5.
2117 4872 2461 4928 Voluntatem
2500 4887 2654 4928 suam
2688 4873 2835 4928 nulla
2864 4873 2917 4928 in
2950 4890 3009 4930 re
3042 4889 3428 4948 exsequantur.

345 4981 398 5036 4.
437 4975 618 5051 Μηδὲν
637 4975 934 5039 ἀνύσαντες
957 4974 1033 5046 (9)
1059 4974 1374 5029 παοαυτίκα
1403 4971 1782 5042 αἰσχυνόμενοι
1805 4985 1832 5021 ο

2041 4968 2090 5023 ι.
2130 4965 2277 5020 Nihil
2326 4964 2674 5036 proficientes
2727 4969 2910 5023 statim
2941 4969 3264 5025 erubescant
3295 4973 3532 5030 dicentes

271 5075 525 5148 λέγοντές
552 5089 676 5146 μοι·
710 5068 872 5142 Εὖγε,
902 5065 1047 5140 εὖγε.

1024 5089 1047 5122 ;,
1965 5059 2137 5115 mihi:
2167 5057 2334 5130 Euge,
2359 5073 2515 5130 euge.

1231 5203 1536 5268 Addenda
1569 5209 1631 5266 et
1656 5197 2036 5279 corrigenda
2065 5214 2146 5260 ex
2175 5199 2318 5260 cod.
2339 5195 2541 5258 Vatic.

377 5382 427 5453 1)
458 5379 667 5453 ᾏγίων-
686 5377 856 5446 λέγει.
875 5446 886 5453 .
2135 5364 2450 5453 Ἐπιτέλει,
2479 5375 2602 5453 etc:
2906 5363 3054 5437 ἔλθῃ,
3085 5379 3189 5426 etc.

374 5434 430 5524 2)
455 5434 982 5524 Ἐξομολογρυμένη.
1026 5515 1037 5524 ⁸
1990 5507 1992 5510 ν
2146 5436 2528 5524 ρολεμῆσαι...
2567 5434 2892 5505 παραγένον.

349 5506 427 5594 (δὶ
469 5506 1254 5594 οῖ’ίσὶὑτοῖδιγὶθιῥεξίήσουσινι
1990 5506 2107 5594 if?!
2148 5506 2502 5594 φύσει--.
2948 5579 2960 5594 .
3043 5579 3056 5594 .
3143 5578 3166 5594 .
3319 5579 3330 5592 .

349 5573 428 5664 ἃ)
457 5573 633 5647 Ἐἰ-διὰ
653 5591 750 5662 τῆς
774 5573 1142 5658 δειννασάρέως
1170 5599 1294 5658 περ⁹
2034 5573 2109 5649 (9)
2147 5573 2505 5664 Ν;.⁴’νλῖτὶδέἶ
2523 5575 2912 5664 Αάχίεῆντεςξγ
2943 5578 3533 5664 ὲμῖὶκοῦῖωίέίπελεῶ

464 5644 750 5738 mg..."
1006 5644 1018 5658 ’
1122 5644 1138 5649 ⁷
1244 5644 1256 5658 ’
1963 5644 2163 5705 σονται.
2196 5647 2265 5701 Ν.
2292 5646 2346 5701 5.
2367 5644 2791 5716 Ἀπαοάκλητοι.
2823 5662 2951 5703 εις..
2979 5644 3154 5705 αὐτὴν
3181 5649 3468 5708 ἀπώλειαν.
