3776 6280
282 217 381 272 951
1129 215 1187 272 S.
1199 215 1605 274 'ATHANASII
1643 218 1773 275 OPP

2062 219 2153 276 ιιι.
2183 201 2734 278 -ίεχεαετιωιε
2890 278 2897 285 κ
3422 211 3536 271 932

349 331 404 385 5.
462 320 1005 385 Avertanturf'stattm
1063 332 1475 402 erubescentes,
1522 334 1619 405 qui
1657 334 1840 391 dicunt

2044 338 2075 392 ἰ.
2099 336 2634 409 Ἀποστραφήτωσαν
2678 329 2991 404 παραυτίκα
3046 324 3427 398 αίσγυνόμενοι
3480 327 3535 383 οι

284 421 462 477 mihi:
502 419 670 491 Euge,
710 436 868 490 euge.
916 436 937 468 δ

1962 426 2209 495 λέγοντές
2239 442 2361 497 μοι·
2392 421 2552 494 Εὖγε,
2581 418 2730 491 εὖγε.

354 512 411 567 6.
434 510 723 568 Exsultent
770 522 825 570 et
866 514 1117 570 laetentur
1156 516 1209 569 in
1242 525 1294 570 te
1336 530 1549 581 omnes,
1586 531 1679 587 qut
1714 533 1845 587 quae

2044 519 2085 573 5.
2099 517 2579 588 .Ἀγαλλιάσθωσαν
2599 515 2694 569 καὶ
2714 510 3167 587 εύφρανθήτωσαν
3182 508 3274 563 ἐπὶ
3294 508 3376 562 σοὶ
3395 507 3535 561 πάν-

282 614 414 659 runt
438 610 491 659 te
522 602 688 659 Deus.

1960 628 2051 675 τες
2080 613 2127 665 οἱ
2160 609 2449 682 ζητοῦντές
2475 626 2556 675 σε,
2583 610 2613 661 ὁ
2633 606 2764 672 Θεός
2793 606 2890 677 (a).

357 695 409 752 7.
472 695 540 751 Et
595 697 783 753 dicant
846 712 1098 769 semper:
1159 697 1539 770 Magniﬁcetur
1598 700 1848 757 Dominus

2046 703 2085 755 7.
2125 702 2234 756 Καὶ
2260 701 2567 771 λεγέτωσαν
2591 697 2903 761 διαπαντός·
2928 693 3336 765 Μεγαλυνθῇω
3359 695 3390 747 ὁ
3418 690 3537 746 K6-

286 786 502 861 [Deus].

1965 810 2078 865 ριος
2106 792 2159 865 [ὁ
2183 792 2358 865 Θεός].

352 880 407 935 8.
434 879 537 947 Qui
560 879 800 950 diligunt
829 880 1069 935 salutare
1107 889 1287 938 tuum.

2034 887 2087 939 8.
2130 888 2194 940 Οἱ
2226 885 2545 955 ἀγαπῶντες
2568 883 2630 938 τὸ
2661 881 2927 954 σωτήριόν
2964 896 3079 934 σου.

355 969 410 1025 9.
456 968 569 1041 Ego
610 980 741 1025 vero
777 984 983 1042 egenus
1023 986 1167 1037 sum,
1204 981 1260 1027 et
1299 987 1531 1043 pauper,
1567 971 1732 1043 Deus,
1770 976 1846 1030 ad

2043 978 2088 1031 9.
2111 975 2255 1045 Ἐγὼ
2275 976 2332 1029 δὲ
2359 976 2571 1046 πτωχός
2603 976 2719 1045 εἰμι
2747 971 2843 1026 καὶ
2880 971 3070 1041 πένης,
3100 972 3129 1021 ὁ
3154 969 3305 1034 Θεὸς,
3336 968 3534 1041 βοήθη-

281 1060 417 1132 juva
442 1077 552 1117 me.

1966 1071 2055 1124 σύν
2079 1088 2187 1141 μοι.

353 1153 442 1208 10.
487 1154 717 1224 Adjutor
748 1168 924 1219 meus,
954 1161 1009 1208 et
1044 1153 1307 1210 liberator
1347 1153 1669 1230 [protector]
1710 1174 1844 1214 mem

2048 1163 2123 1217 Ιυ.
2168 1161 2365 1233 Βοηθός
2407 1178 2530 1233 μου,
2560 1158 2656 1214 καὶ
2688 1157 2889 1232 ρύστης
2917 1174 3018 1229 μου
3054 1152 3107 1211 εἴ
3126 1158 3212 1222 σὺ,
3239 1153 3431 1226 Κύριε,
3461 1151 3539 1225 μὴ

283 1260 344 1300 es
375 1254 457 1336 tu,
491 1244 759 1311 Domine;
800 1261 868 1301 ne
900 1247 1157 1302 moreris.

748 1263 759 1311 ;
800 1261 868 1301 ne
900 1247 1157 1302 moreris.
1965 1257 2239 1329 χρονίσῃς.

393 1357 644 1415 Psalmu:
667 1360 841 1414 David
866 1362 1103 1432 ﬁliorum
1132 1362 1403 1427 Ionadab,
1430 1373 1481 1418 et
1509 1366 1770 1434 priorum‘

2048 1372 2219 1443 ιλμὸς
2262 1370 2342 1437 τῷ
2388 1371 2566 1426 Δαϐὶδ
2614 1370 2733 1425 τῶν
2775 1370 2921 1425 υἱῶν
2951 1366 3241 1430 Ἰωναδὰϐ,
3274 1364 3373 1419 καί
3418 1361 3539 1415 τῶν

495 1454 857 1520 captivorum:
882 1454 999 1508 sine
1030 1454 1184 1508 titulo
1212 1456 1353 1524 apud
1384 1454 1655 1511 Hebrwos.

2046 1464 2277 1535 πρώτων
2303 1464 2895 1547 dimdium/09'th
2915 1479 2928 1492 ·
2971 1460 3373 1527 ἀνεπίγραφος
3400 1454 3537 1521 παρ’

873 1541 1080 1599 PSAL.
1121 1544 1295 1599 LXX.
2052 1558 2354 1627 Ἑϐραίοις.
2398 1560 2570 1612 ΨΑΑ.
2590 1557 2669 1613 o'.

356 1634 406 1689 ι.
441 1632 500 1688 In
551 1642 624 1700 te,
683 1634 936 1701 Domine,
984 1639 1221 1706 speravi,
1279 1654 1386 1713 non
1442 1639 1753 1696 confundar
1808 1641 1847 1694 ir

2049 1652 2099 1706 1.
2123 1650 2248 1704 Ἐπὶ
2276 1652 2379 1715 σοὶ,
2409 1650 2601 1720 Κύριε,
2630 1649 2855 1722 ἧλπισα,
2887 1648 2961 1720 μὴ
2989 1640 3434 1715 καταισχυνθείην
3459 1641 3539 1703 εἰς

285 1736 570 1783 aeternum.

1905 1736 1939 1742 ⁷
1969 1743 2060 1794 τὸν
2088 1741 2279 1795 αἰῶνα.

354 1839 411 1894 2.
438 1842 494 1896 ln
525 1840 738 1910 justitia
767 1850 858 1896 tua
889 1841 1059 1896 libera
1098 1857 1201 1907 me,
1228 1855 1283 1897 et
1314 1843 1463 1913 eripe
1489 1860 1615 1900 me:

2047 1836 2090 1888 Ξ.
2136 1836 2221 1889 Ἐν
2246 1839 2309 1908 τῇ
2345 1835 2658 1909 δικαιοσύνῃ
2688 1851 2780 1887 σου
2808 1833 2968 1906 ῥῦσαί
3002 1848 3091 1903 με,
3114 1829 3209 1883 καὶ
3231 1826 3414 1894 ἐξελοῦ
3444 1838 3538 1897 με’

353 1931 405 1988 3.
443 1932 646 1987 lnclina
681 1933 748 1987 ad
779 1948 867 1987 me
896 1949 1084 1988 aurem
1118 1944 1289 2002 tuam,
1319 1943 1373 1990 et
1399 1936 1547 1990 salva
1574 1951 1681 1990 me.

2029 1930 2063 1982 5
2119 1929 2313 1983 Κλῖνον
2348 1929 2482 2001 πρὸς
2509 1928 2576 2000 μὲ
2607 1928 2668 1981 τὸ
2694 1924 2787 1991 οὖς
2808 1943 2924 1989 σου,
2959 1924 3052 1979 καὶ
3080 1921 3248 1976 σῶσόν
3279 1936 3368 1991 με.

357 2022 414 2078 4.
441 2022 573 2076 Esto
603 2022 736 2076 mihi
768 2022 821 2075 in
855 2022 1025 2077 Deum
1054 2034 1443 2093 protectorem,

2034 2022 2087 2076 4.
2119 2023 2280 2077 Γενοῦ
2315 2040 2404 2094 μοι
2440 2025 2518 2085 εἰς
2536 2021 2667 2075 Θεὸν
2690 2016 3116 2091 ύπερασπιστὴν,

357 2112 412 2167 5.
440 2112 507 2166 Ει
529 2112 581 2166 in
612 2112 791 2167 locum
818 2114 1112 2181 munitum,
1146 2125 1205 2169 ut
1236 2117 1447 2171 salvum
1488 2133 1575 2172 me
1602 2116 1809 2174 facias:

1710 2132 1809 2174 as:
2037 2115 2087 2170 5.
2121 2116 2231 2171 Καὶ
2257 2116 2337 2180 εἰς
2367 2115 2530 2168 τόπον
2562 2114 2753 2186 ὀχυρὸν
2784 2110 2878 2165 τοῦ
2912 2108 3081 2164 σῶσαί
3115 2121 3200 2180 με’

356 2202 409 2257 6.
424 2202 693 2270 Quoniam
713 2203 1115 2260 ﬁrmamentum
1133 2222 1312 2263 meum
1330 2217 1384 2264 et
1402 2207 1669 2281 refugium
1686 2225 1847 2264 meun

2037 2208 2090 2263 6.
2124 2210 2246 2263 Ὀτι
2275 2208 2564 2282 στερέωμά
2596 2225 2699 2276 μου
2727 2207 2820 2261 καὶ⁵
2846 2204 3133 2275 καταφυγή
3180 2217 3281 2273 μου
3308 2195 3357 2252 εἶ
3380 2196 3469 2253 σύ.

289 2312 353 2352 es
381 2306 461 2353 ιιι.

360 2387 432 2462 (a)
468 2386 660 2461 Κύριε.
695 2386 762 2441 At
796 2386 849 2441 in
879 2401 1054 2457 marg.
1087 2386 1235 2456 cod.,
1268 2394 1297 2444 ὁ
1323 2392 1476 2457 Θεός,
1503 2392 1746 2447 charact.
1766 2390 1971 2446 divers.

1412 2547 1785 2607 ATHANASII
1826 2548 2419 2608 INTERPRETATIO.

352 2703 407 2760 5.
443 2703 522 2760 Re
547 2703 747 2763 infecta
783 2708 967 2763 statim
998 2710 1275 2775 recedent,
1306 2710 1397 2781 qui
1442 2709 1637 2768 dicunt
1682 2711 1815 2767 mihi

2051 2710 2090 2765 ἴ.
2119 2709 2426 2781 ’Δπρακτοι
2455 2705 2796 2778 παραχρῆμα
2818 2705 3262 2777 ἀναχωρήσουσιν
3288 2700 3338 2755 ot
3356 2699 3542 2770 λέγον-

286 2791 485 2867 Dtique
506 2797 698 2869 utique
723 2799 1009 2855 videamus
1028 2800 1149 2870 ejus
1182 2800 1482 2857 interitum.

1962 2800 2053 2867 τὲς
2086 2816 2211 2873 μοι·
2236 2800 2344 2853 Ναὶ
2369 2800 2458 2852 ναὶ
2485 2798 2683 2870 ἴδωμεν
2707 2796 2872 2851 αὐτοῦ
2897 2796 2994 2868 τὴν
3016 2794 3306 2849 ἀπώλειαν.

351 2886 406 2943 6.
439 2889 510 2944 Se
538 2891 606 2945 ad
627 2900 679 2946 te
706 2902 1110 2948 convertentes.

2033 2893 2085 2947 6.
2130 2893 2194 2946 Οἱ
2222 2890 2640 2961 ἐπιστρέφοντες
2668 2888 2803 2958 πρὸς
2836 2886 2917 2941 σέ.

358 2977 411 3033 7.
441 2978 794 3036 Glorilicetur
826 2980 990 3036 Deus.

2037 2982 2089 3037 7.
2130 2980 2452 3052 Δοξασθήτω
2485 2982 2514 3032 ὁ
2543 2978 2696 3042 Θεός.

357 3067 411 3124 8.
455 3068 754 3140 Diligentes
782 3071 1120 3124 voluntatem
1153 3075 1323 3125 tuam.

2041 3072 2095 3127 8.
2136 3072 2200 3124 Οί
2226 3069 2548 3139 ἀγαπῶντες
2576 3068 2637 3121 τὸ
2660 3068 2870 3139 Θέλημά
2896 3084 3008 3122 σου.

358 3157 413 3212 9.
450 3158 663 3228 Pauper
687 3174 808 3213 sum
836 3159 1073 3227 iustitia.

2041 3162 2096 3217 9.
2138 3163 2216 3233 Τῇ
2249 3158 2563 3231 δικαιοσύνῃ
2594 3159 2806 3229 πτωχός
2832 3160 2964 3228 εἰμι.

360 3249 445 3303 10.
478 3248 707 3319 Adjutor
741 3262 795 3305 et
839 3250 1103 3306 liberator
1151 3266 1303 3306 meus
1340 3265 1399 3305 es
1430 3261 1484 3306 tu
1531 3267 1596 3306 ex
1627 3252 1851 3310 inimicis

2054 3253 2130 3308 l0.
2171 3253 2373 3325 Βοηθὸς
2418 3252 2514 3306 καὶ
2561 3252 2762 3324 ρύστης
2796 3268 2898 3322 μου
2937 3246 2989 3303 εῐ
3022 3249 3085 3303 σὺ
3116 3250 3179 3302 ὲκ
3202 3247 3311 3303 τῶν
3335 3247 3545 3321 ἐχθρῶν

284 3340 446 3407 meis,
470 3339 717 3404 Domine,
758 3357 826 3397 ne
862 3343 1141 3397 cuncteris

1891 3358 1934 3414 ο
1972 3363 2095 3417 μου,
2126 3347 2320 3418 Κύριε,
2349 3345 2423 3417 μὴ
2453 3343 2736 3417 βραδύνῃς.

367 3481 432 3533 Ἦ
467 3479 802 3555 προκειμένη
830 3477 1110 3550 ἐπιγραφὴ
1142 3478 1493 3555 περιεχεινη)
1514 3493 1527 3507 °
1572 3476 1819 3546 Ψαλμὸς
1846 3474 1925 3541 τῷ
1951 3475 2128 3529 Δαόίδ
2156 3474 2276 3529 τῶν
2304 3474 2451 3530 υἱῶν
2481 3472 2774 3535 Ἰωναδὰϐ,
2809 3472 2907 3526 καί
2930 3472 3047 3527 τῶν
3066 3472 3309 3542 πρώτων
3331 3475 3545 3545 aluta-

282 3576 727 3633 Jamadértwr'
777 3575 1182 3644 (innimaqu
1231 3574 1366 3644 παρ’
1405 3573 1718 3642 Ἑϐραίοις.
1765 3573 1934 3627 Τοῦτο
1972 3569 2065 3628 οὖν
2112 3573 2260 3642 λέγει
2310 3571 2552 3642 ψαλμὸς
2583 3569 2664 3637 τῷ
2692 3568 2873 3623 Δαϐίδ
2914 3568 2993 3634 τῷ
3036 3567 3219 3634 ικανῷ
3255 3567 3332 3637 τῇ
3371 3568 3546 3640 χειρὶ.

286 3671 533 3726 τουτέστι
547 3670 624 3742 τῷ
636 3670 847 3743 Κυρίῳ.
868 3663 1001 3723 Εἶτα
1018 3670 1124 3724 τῶν
1140 3669 1270 3724 υίῶν
1297 3662 1554 3724 Ἰωναδὰϐ
1577 3668 1675 3741 (2),
1692 3670 1830 3741 ὅπερ
1858 3670 1974 3723 ἐστὶ
2003 3669 2111 3724 τῶν
2132 3669 2263 3724 υίῶν
2289 3669 2391 3740 τῆς
2417 3666 2665 3730 εὐδοκίας
2688 3664 2780 3721 τοῦ
2806 3664 2962 3731 Θεοῦ,
2990 3665 3189 3720 ὡσανεὶ
3215 3666 3322 3722 τῶν
3352 3668 3544 3735 ἁγίων.

283 3769 542 3824 ἰωναδὰϐ
569 3767 678 3840 γὰρ
712 3766 1077 3839 ἑρμηνεύεται
1113 3768 1261 3822 Θεοῦ
1296 3768 1673 3836 ἐκουσιότης.
1707 3764 1840 3821 Εἶτα
1869 3769 1965 3822 καὶ
1997 3768 2117 3823 τῶν
2143 3768 2388 3837 πρώτων
2412 3765 3026 3837 αἰχμαλωτισθέντων,
3057 3765 3298 3819 τουτέστι
3325 3764 3432 3819 τῶν
3464 3765 3545 3837 (5)

285 3860 662 3930 ὑποκειμένων
688 3862 755 3931 τῇ
791 3859 1035 3931 ἁμαρτίᾳ
1063 3858 1124 3911 τὸ
1150 3860 1434 3931 πρότερον,
1466 3858 1691 3930 ὓστερον
1716 3858 1773 3912 δὲ
1802 3858 2264 3931 ἐπιστρεψάντων.

356 3947 572 4003 Titulus
597 3948 923 4018 praepositus
954 3949 1198 4004 continet
1230 3967 1243 4003 :
1280 3947 1532 4002 Psalmus
1560 3948 1735 4002 David
1768 3949 2003 4017 filiorum
2026 3947 2293 4012 Ionadab,
2321 3959 2369 4004 et
2414 3949 2649 4019 priorum
2689 3948 3047 4018 captivorum;
3074 3948 3185 4001 sine
3224 3945 3377 4000 titulo
3403 3947 3546 4015 apud

288 4044 562 4100 Hebrum.
593 4043 709 4099 lloc
740 4053 924 4099 autem
953 4043 1219 4114 significat
1246 4044 1482 4114 psalmus
1510 4043 1684 4099 David
1717 4061 1880 4098 manu
1912 4044 2064 4115 forti,
2101 4045 2205 4100 hoc
2240 4053 2325 4099 est
2365 4042 2622 4100 Domino.
2650 4042 2871 4109 Deinde,
2902 4041 3133 4111 ﬁliorum
3164 4037 3428 4106 Ionadab,
3462 4038 3553 4091 vi-

284 4142 482 4198 delicet
525 4141 763 4196 ﬁliorum
813 4137 1136 4209 beneplaciti
1189 4136 1305 4203 Dei,
1346 4138 1807 4208 quemadmodum
1844 4140 2017 4194 sancti
2052 4149 2199 4195 sunt.
2229 4137 2474 4193 Ionadab
2501 4139 2644 4195 enim
2676 4139 3061 4208 interpretatur
3083 4135 3179 4189 Dei
3204 4144 3545 4205 spontanens,

284 4231 355 4288 Et
385 4231 600 4299 deinde,
630 4231 869 4301 priorum
894 4229 1239 4298 captivorum,
1274 4227 1377 4282 hoc
1414 4235 1499 4282 est
1532 4242 1746 4291 eorum,
1780 4228 1872 4297 qui
1906 4227 2059 4297 prius
2095 4227 2451 4298 subjacebant
2488 4237 2729 4299 peccato,
2760 4237 2814 4283 et
2847 4228 3041 4283 deinde
3073 4228 3320 4282 conversi
3355 4236 3505 4283 sunt.

358 4374 412 4429 Ι.
462 4372 521 4429 In
559 4381 614 4430 te
660 4372 907 4444 speravi,
956 4371 1206 4438 Domine,
1261 4373 1411 4445 quod
1459 4374 1758 4441 custodiar,
1805 4384 1849 4430 et

2053 4377 2093 4433 Ι.
2136 4375 2260 4431 Ἐπὶ
2309 4378 2393 4430 σοὶ
2443 4376 2680 4449 ἧλπισα,
2732 4374 2924 4448 Κύριε,
2975 4374 3058 4427 ὅτι
3104 4372 3544 4445 φυλαχθήσομαι,

286 4463 437 4520 nulla
463 4464 517 4517 in
545 4479 604 4517 re
635 4463 881 4518 inveniar
912 4463 1193 4518 oﬂ'cndens
1217 4479 1403 4519 coram
1436 4473 1506 4520 te.

1970 4470 2062 4523 καὶ
2089 4470 2164 4541 (4)
2196 4471 2253 4522 ὲν
2287 4468 2475 4540 μηδενὶ
2500 4465 2708 4540 εὑρεθῶ
2741 4466 2972 4530 πταίσας
3011 4464 3239 4519 ἐνώπιόν
3268 4482 3382 4520 σου.

356 4555 414 4611 2.
440 4554 496 4609 In
527 4553 663 4611 Filio
694 4566 787 4611 tuo
819 4556 989 4613 libera
1020 4572 1127 4622 me,
1158 4565 1212 4612 et
1241 4558 1395 4629 eripe
1427 4572 1516 4613 me
1553 4572 1585 4612 a
1619 4558 1847 4629 peccatis

2052 4562 2095 4615 Ξ.
2139 4562 2226 4615 Ἐν
2256 4563 2334 4632 τῷ
2365 4560 2479 4631 Υίῴ
2510 4578 2602 4615 σου
2664 4560 2825 4633 ῥῦσαί
2880 4577 2969 4631 με,
3020 4560 3116 4613 καὶ
3147 4558 3437 4630 ὲξελοῦμαι
3465 4558 3543 4629 (5)

287 4648 450 4704 meis.-

1898 4684 1943 4737 Β
1970 4653 2078 4706 ἀπὸ
2099 4653 2209 4707 τῶν
2230 4652 2509 4723 ἁμαρτιῶν
2533 4670 2652 4724 μου.

355 4740 411 4795 5.
450 4737 657 4794 Exaudi
686 4756 792 4806 me,
826 4753 881 4797 et
910 4744 1058 4799 salva
1084 4759 1194 4800 me.

2039 4739 2093 4793 5.
2134 4739 2465 4792 Ἐπάκουσόν
2495 4758 2626 4809 μου,
2665 4740 2759 4794 καὶ
2793 4739 2964 4793 σῶσόν
2996 4757 3062 4811 με
3094 4740 3189 4811 (6).

353 4830 409 4887 ι.
434 4828 565 4886 Esto
596 4830 729 4885 mihi
759 4832 812 4885 in
844 4830 1013 4887 Deum
1051 4844 1434 4904 protectorem.

2038 4830 2091 4884 4.
2118 4832 2297 4883 Ἔστω
2326 4831 2403 4900 (7)
2442 4848 2530 4902 μοι
2553 4833 2632 4895 είς
2662 4831 2794 4884 Θεὸν
2828 4833 3256 4905 ύπερασπιστήν.

356 4923 409 4978 5.
440 4921 497 4977 In
520 4938 806 4993 supernam
833 4922 1152 4979 Jerusalem.

2037 4921 2089 4976 5.
2118 4922 2212 4985 Εἰς
2236 4922 2334 4993 τὴν
2356 4922 2468 4975 ἄνω
2495 4924 2864 4995 Ἰερουσαλήμ.

355 5014 408 5070 6.
442 5013 712 5081 Quoniam
743 5016 1009 5071 auxilium
1051 5031 1228 5072 meum
1275 5027 1331 5073 et
1368 5016 1636 5091 refugium
1669 5033 1846 5075 meum

2032 5013 2085 5069 6.
2116 5014 2237 5067 Ὀτι
2258 5014 2481 5086 βοήθειά
2511 5032 2611 5086 μου
2643 5016 2736 5070 καὶ
2774 5015 3063 5088 καταφυγὴ
3093 5015 3169 5090 (8)
3197 5013 3250 5072 εί
3282 5016 3362 5074 σύ.

284 5121 344 5163 es
376 5116 458 5161 tu.

1239 5238 1551 5302 Addenda
1580 5246 1643 5303 et
1672 5237 2052 5318 corrigenda
2080 5255 2156 5301 ex
2181 5238 2323 5301 cod.
2349 5241 2547 5304 Vatic.

360 5399 438 5483 Ω)
463 5398 640 5483 Ἡδεά
661 5399 1303 5483 εῇςὲιγνασέιτέεαὶεπερ·
1356 5471 1409 5483 .-
1482 5472 1500 5483 .
1779 5479 1790 5483 _
2034 5399 2111 5483 (Ξ)
2146 5398 2361 5483 ἰξξελτὲὖ
2392 5419 2481 5483 εξε-

471 5470 900 5553 ᾼςγειδ
914 5473 1007 5553 τοῦ
1021 5470 1186 5527 Άαὸὶδ
1198 5470 1306 5527 τῶν
1320 5471 1451 5527 υίῶν
1481 5470 1848 5536 Ιωναδὰδβιε.
2139 5471 2266 5553 ςὲτι
2297 5470 2534 5538 ἀκούσας
2563 5472 2734 5529 σῶσόν
2763 5492 2852 5545 με.

380 5540 437 5612 3)
474 5540 631 5612 Λέγω
659 5541 722 5612 δὴ
749 5540 876 5608 τῶν,
911 5551 1015 5598 etc.

797 5540 876 5608 ὒν,
911 5551 1015 5598 etc.
2036 5540 2113 5612 (77)
2136 5542 2288 5612 ξΕσο.

385 5610 439 5679 ι)
476 5611 584 5665 Καί
612 5610 773 5666 deest

2031 5610 2107 5684 (8)
2134 5610 2360 5685 Βοήθεια
2386 5615 2479 5669 καὶ
2503 5616 2790 5687 καταφυγή
2814 5631 2939 5686 μου,
2970 5626 3073 5677 etC.
