3728 6380
199 255 295 310 955
1109 259 1200 314 DE
1241 260 1514 319 Tl'l'ULlS
1551 260 1722 318 PSAL

1882 262 1996 319 ΟΜ.
2049 294 2094 304 -—
2138 262 2339 319 PSAL.
2383 261 2546 319 LXX.
3336 273 3430 330 ρει

266 368 309 425 7.
347 366 408 424 ⁸0
435 371 568 436 Θεός
601 390 722 443 μου,
758 373 912 446 ῥῦσαί
944 393 1010 447 με
1033 377 1096 430 ὲκ
1125 377 1305 448 χειρὸς
1335 379 1678 450 ἀμαρτωλοῦ·

258 460 311 521 .8.
346 463 441 515 Ἐκ
469 464 652 534 χειρὸς
673 465 1108 536 παρανομοῦντος
1137 469 1232 522 καὶ
1259 469 1590 534 ἀδικοῦντος.

262 553 309 608 9.
333 555 457 607 Ὅτι
481 556 545 608 σὺ
576 553 682 628 sit)
721 557 963 630 ὑπομονή
999 577 1122 630 μου,
1158 561 1352 631 Κύριε’

264 645 339 700 10.
372 647 569 717 Κύριε,
599 648 632 720 ή
660 649 938 727 ὲλπίςμου
971 653 1035 704 ὲκ
1066 652 1312 724 νεότητός
1337 671 1458 724 μου.

259 737 343 791 11.
387 737 512 790 Ἐπὶ
549 738 609 791 σὲ
651 742 1046 814 ὲπεστηρίχθην
1075 744 1181 797 ἀπὸ
1206 748 1460 817 γαστρός·

258 826 342 881 12.
389 828 486 882 Ἐκ
516 830 725 896 κοιλίας
748 835 952 905 μητρός
979 853 1082 906 μου
1113 836 1175 889 σύ
1210 855 1312 908 μου
1344 835 1395 892 εἷ
1425 843 1760 906 σκεπαστήςο

261 1006 340 1061 15.
379 1008 468 1061 Ἐν
501 1011 582 1064 σοὶ
614 1013 646 1083 ἡ
672 1012 904 1084 ὑμνησίς
936 1031 1037 1084 μου
1065 1017 1380 1084 διαπαντός.

256 1099 340 1153 14.
383 1100 532 1154 Ὤσεὶ
559 1103 722 1174 τέρας
753 1107 1014 1178 ἐγενήθην
1041 1113 1154 1170 τοίς
1189 1111 1422 1178 πολλοῑςο

255 1189 338 1243 15.
371 1191 483 1244 Καὶ
513 1193 580 1246 σὺ
614 1193 805 1263 βοηθός
835 1212 936 1266 μου
967 1199 1242 1269 κραταιός.

250 1280 332 1338 16.
359 1283 710 1356 Πληρωθήτω
743 1287 804 1339 τὸ
842 1289 1013 1359 στόμα
1047 1308 1146 1360 μου
1175 1293 1452 1358 αἰνέσεως,

249 1373 331 1425 17.
372 1375 562 1439 Ὅπως
590 1378 814 1449 ὑμνήσω
847 1381 945 1451 τὴν
976 1382 1131 1447 δόξαν
1155 1399 1266 1437 σου·

253 1464 335 1518 18.
368 1466 537 1538 Ὅλην
563 1468 659 1540 τὴν
685 1470 897 1542 ἡμέραν
931 1472 1028 1544 τὴν
1059 1476 1529 1547 μεγαλοπρέπειαν
1571 1496 1683 1535 σου.

253 1557 336 1612 19.
367 1559 460 1629 Μὴ
493 1561 803 1633 ὰτςορρίψῃς
834 1581 901 1634 με
925 1566 1004 1629 εἰς
1027 1563 1216 1638 καιρὸν
1235 1570 1440 1641 γήρως⁶

248 1647 333 1702 20.
381 1651 467 1702 Ἐν
493 1650 572 1720 τῷ
603 1653 874 1709 ἐκλείπειν
900 1657 999 1728 τὴν
1037 1660 1190 1730 ὶσχὺν
1228 1679 1352 1732 μου,
1410 1682 1486 1736 μη
1521 1682 1756 1734 εγκατα-

185 1741 336 1810 λίπης
376 1760 465 1812 με.

243 1836 331 1890 21.
366 1837 490 1890 Ὅτι
524 1833 676 1892 εἶπον
695 1841 744 1893 oi
767 1841 948 1912 ἐχθροί
995 1861 1096 1912 μου
1119 1846 1258 1916 ὲμοιο

241 1925 326 1980 22.
358 1928 468 1980 Καὶ
493 1929 541 1980 οἱ
569 1929 931 1998 φυλάσσοντες
952 1933 1050 2004 τὴν
1082 1934 1257 2008 ψυχήν
1285 1954 1408 2007 μου,

242 2017 326 2070 25.
371 2017 797 2074 Ἐϐουλεύσαντο
828 2020 924 2074 ἐπὶ
952 2022 1013 2075 τὸ
1041 2023 1189 2088 αὑτὸ,

243 2109 330 2164 24.
362 2111 648 2180 Λέγοντεςο
695 2113 752 2166 '0
768 2113 900 2177 Θεὸς
928 2117 1283 2184 ἐγκατέλιπεν
1309 2118 1492 2175 αὑτονο

245 2200 330 2254 25.
357 2203 767 2271 Καταδιώξατε,
795 2207 888 2259 καὶ
922 2209 1255 2265 καταλάϐετε
1290 2214 1470 2266 αὑτόν·

242 2292 325 2347 26.
356 2294 478 2348 Ὅτι
501 2297 603 2350 οὑκ
624 2297 768 2352 ἐστιν
786 2301 814 2352 ὁ
844 2300 1123 2371 ῥυόμενος.

244 2383 328 2441 27.
375 2387 433 2441 '0
465 2387 598 2452 Θεός
631 2406 754 2460 μου,
787 2391 860 2464 μὴ
887 2393 1170 2466 μακρὺνῃς
1197 2396 1291 2449 ἀπ’
1317 2396 1470 2466 ἐμοῦ.

247 2475 332 2534 28.
381 2479 439 2534 '0
461 2481 596 2544 Θεός
631 2500 755 2553 μου,
783 2485 864 2549 εἰς
888 2484 985 2558 τὴν
1016 2485 1268 2558 βοήθειάν
1327 2506 1426 2558 μου
1459 2496 1714 2562 πρόσχες.

1777 385 1827 440 Α
1923 379 1975 432 7.
2012 377 2152 433 Deus
2183 395 2363 444 meus,
2392 379 2537 448 eripe
2574 395 2658 434 me
2683 381 2749 436 de
2776 397 2937 437 manu
2971 388 3270 450 peccatoris
3298 408 3311 442 :

1933 471 1986 525 8.
2021 470 2096 525 De
2122 487 2283 526 manu
2313 481 2502 526 contra
2535 473 2704 542 legem
2736 477 2944 545 agentis
2968 487 3020 532 et
3051 479 3241 550 iniqui.

1935 561 1988 617 9.
2019 560 2284 628 Quoniam
2317 572 2374 616 tu
2405 578 2464 618 es
2502 565 2759 632 patientia
2798 582 2938 630 mea,
2966 567 3226 624 Domine:

1937 653 2024 707 10.
2062 654 2310 722 Domine,
2339 669 2463 722 spes
2493 671 2608 709 mea
2638 671 2667 709 a
2687 656 2975 725 juventute
3001 676 3139 716 mea.

1935 743 2025 797 11.
2060 741 2116 796 In
2144 752 2195 798 te
2221 745 2578 801 conlirmatus
2608 761 2728 800 sum
2761 762 2828 802 ex
2857 757 3010 804 utero
3037 769 3051 804 :

1937 835 2026 889 12.
2069 833 2143 890 De
2190 845 2376 890 ventre
2412 837 2601 892 matris
2648 853 2783 894 meae
2829 850 2884 894 tu
2928 857 3084 896 meus
3141 860 3200 898 es
3253 855 3424 912 prote-

1863 937 1998 984 (ξιον.

1935 1023 2022 1076 15.
2059 1024 2117 1076 In
2140 1006 2194 1077 te
2222 1025 2463 1079 cantatio
2490 1041 2612 1080 mea
2643 1041 2879 1096 semper.

1934 1113 2020 1168 14.
2057 1113 2334 1185 Tanquam
2357 1119 2675 1188 oprodigium
2709 1118 2884 1174 factus
2910 1135 3030 1175 sum
3062 1122 3246 1176 multis
3277 1139 3287 1174 :

1930 1206 2017 1260 15.
2052 1206 2120 1261 Et
2149 1217 2202 1261 tu
2233 1209 2452 1278 adjutor
2475 1210 2658 1266 furtis.

1935 1297 2022 1352 16.
2061 1299 2352 1369 Repleatur
2385 1317 2446 1357 os
2478 1319 2656 1358 meum
2686 1305 2865 1371 laude,

1933 1390 2019 1443 17.
2054 1390 2125 1445 Ut
2155 1403 2370 1448 cantem
2407 1396 2634 1465 gloriam
2673 1407 2860 1453 tuam:

1932 1484 2019 1538 18.
2058 1483 2192 1540 Tota
2227 1486 2314 1542 die
2349 1489 2776 1557 magnitudinem
2811 1500 2980 1544 tuam.

1931 1578 2018 1634 19.
2052 1579 2129 1632 Ne
2160 1581 2416 1650 projicias
2447 1597 2533 1636 me
2556 1583 2610 1636 in
2644 1592 2884 1651 tempore
2913 1587 3205 1639 senectutis
3233 1606 3244 1638 :

1930 1669 2020 1723 20.
2053 1670 2188 1725 Cum
2242 1672 2502 1728 defecerit
2547 1676 2720 1731 virtus
2765 1692 2907 1740 mea,
2963 1694 3028 1731 ne
3079 1678 3421 1748 derelinquas

1860 1776 1967 1814 me.

1927 1850 2014 1904 2|.
2051 1851 2187 1917 Quia
2226 1853 2482 1909 dixerunt
2510 1855 2714 1911 inimici
2739 1859 2844 1913 mei
2872 1859 3038 1913 mihi:

1927 1942 2016 1996 22.
2051 1943 2118 1997 Et
2139 1945 2231 2013 qui
2262 1947 2645 2002 custodiebant
2677 1949 2912 2002 animam
2950 1967 3144 2018 meam,

1925 2035 2016 2091 25.
2050 2036 2350 2090 Consilium
2381 2037 2628 2094 fecerunt
2655 2041 2708 2095 in
2746 2057 2940 2109 unum,

1919 2125 2010 2180 24.
2039 2126 2289 2182 Dicentcs
2316 2146 2329 2182 :
2360 2128 2504 2185 Deus
2525 2132 2813 2202 dereliquit
2846 2151 2966 2187 eum

1926 2218 2016 2272 25.
2050 2217 2468 2291 Persequimini,
2495 2234 2549 2278 et
2571 2228 3011 2295 comprehendite
3036 2244 3158 2282 eum

1921 2308 2010 2362 26.
2044 2309 2179 2374 Quia
2212 2327 2318 2365 non
2345 2321 2429 2367 est
2463 2315 2555 2382 qui
2583 2315 2797 2384 eripiat.

1925 2401 2015 2454 27.
2054 2401 2194 2456 Deus
2224 2417 2397 2470 meus,
2431 2419 2499 2459 ne
2527 2405 2796 2475 elonger'rs
2821 2423 2851 2461 a
2881 2423 2998 2462 me:

1925 2488 2016 2544 28.
2051 2488 2192 2546 Deus
2221 2507 2398 2562 meus,
2423 2495 2478 2549 in
2506 2494 2771 2550 auxilium
2805 2513 2981 2552 meum
3018 2500 3238 2568 respice.

1294 2688 1670 2748 ATHANASII
1708 2692 2293 2755 INTERPRETATIO.

248 2853 294 2906 7.
325 2853 430 2908 Τοῦ
465 2856 713 2909 διαϐόλου
742 2857 820 2930 (1)
848 2859 1016 2916 λέγει.

245 2946 293 3001 8.
325 2947 430 3000 Τοῦ
456 2949 643 3006 αὑτοῦ.

247 3036 294 3091 9.
322 3039 444 3093 Ὅτι
467 3043 532 3094 σὺ
563 3039 616 3096 εἶ
641 3045 673 3115 ἡ
698 3047 1041 3121 παράκλησίς
1065 3065 1187 3119 μου,
1210 3047 1406 3121 Κύριε.

244 3126 322 3182 10.
358 3130 432 3181 Σὺ
462 3127 513 3184 εἴ
535 3132 692 3197 ἐλπίς
725 3154 826 3204 μου
860 3138 952 3207 ἀφ’
977 3131 1038 3191 οῦ
1061 3139 1384 3213 ἐνεποιήθην
1412 3138 1514 3216 (2).

239 3219 320 3273 ii.
364 3221 498 3276 Ἀπὸ
527 3225 623 3278 τοῦ
647 3225 1047 3300 βαπτίσματος.

237 3308 319 3364 12.
355 3311 448 3365 Ἐκ
480 3314 578 3384 τῆς
609 3315 1010 3390 κολυμϐήθρας.

238 3400 317 3454 15.
358 3402 424 3454 Ἡ
454 3405 754 3474 προσδοκία
788 3425 912 3477 μου.

234 3493 315 3548 14.
364 3495 509 3548 Ὠσεὶ
544 3497 793 3566 παίγνιον
820 3501 895 3568 (5)
929 3501 1041 3564 τοῖς
1069 3502 1308 3574 δαίμοσι.

235 3586 318 3640 15.
353 3589 464 3642 Καὶ
499 3591 562 3642 σὺ
591 3589 783 3659 βοηθός
811 3609 910 3662 μου
937 3594 1184 3665 ἰσχυρός.

237 3679 318 3733 16.
353 3682 464 3751 Τῆς
484 3684 708 3754 χάριτός
731 3702 844 3739 σου.

239 3772 320 3826 17.
353 3774 463 3846 Τὴν
491 3776 800 3848 ὡραιότητα
830 3780 906 3850 (4)
934 3783 1032 3853 τῆς
1055 3782 1336 3856 δυνάμεώς
1355 3802 1472 3843 σου.

235 3864 316 3919 18.
335 3866 754 3939 Κοιταζόμενος,
768 3873 861 3924 καὶ
876 3873 1306 3947 διανιστάμενος,
1328 3881 1423 3936 καὶ
1446 3882 1743 3954 πορευόμε-

172 3972 250 4020 νος
278 3958 502 4030 ὑμνήσω
525 3960 587 4012 τὸ
619 3961 848 4032 μέγεθος
885 3964 954 4031 ’τὸ
987 3966 1368 4041 ἀκατάληπτον
1397 3971 1498 4043 τῆς
1542 3975 1741 4046 εὑπρε-

174 4048 317 4112 mia;
338 4069 431 4104 σου

233 4145 316 4200 19.
346 4147 437 4218 Μὴ
492 4147 804 4222 ἀπορῤίψῃς
855 4167 944 4222 με,
998 4152 1126 4208 ὅταν
1186 4156 1351 4226 ἐγγὺς
1402 4158 1622 4231 γίνομαι
1661 4158 1738 4230 (5)

170 4234 487 4308 ἀφανισμοῦ.

232 4326 314 4383 20.
348 4332 438 4384 Ἐν
465 4332 544 4403 τῷ
568 4331 815 4387 ἀσθενεῖν
842 4334 940 4406 τὴν
966 4334 1141 4407 ψυχήν
1167 4355 1267 4408 μου
1306 4339 1380 4411 μὴ
1408 4340 1574 4412 ἐάσῃς
1608 4355 1698 4408 με.

232 4422 316 4478 21.
353 4426 474 4478 Ὅτι
508 4426 791 4480 ἀπειλοῦσί
825 4445 891 4498 με
927 4427 1001 4499 (6)
1035 4431 1083 4482 οἱ
1107 4429 1379 4499 δαίμονες.

230 4513 316 4570 22.
352 4517 464 4569 Καὶ
489 4517 537 4570 οἱ
564 4517 911 4588 ἐκδεχόμενοι
945 4519 1270 4587 παγιδεῦσαί
1294 4537 1380 4590 με.

227 4606 312 4660 25.
337 4608 618 4677 Συνταγὰς
641 4608 823 4680 ἔχουσι
856 4611 974 4663 κατ’
1005 4609 1164 4681 ἐμοῦ,

226 4696 310 4752 24.
340 4700 628 4770 Λέγοντες·
678 4701 737 4753 Ὁ
757 4701 888 4764 Θεὸς
913 4701 1094 4754 εἴασεν
1125 4701 1309 4756 αὑτόν.

228 4790 313 4845 25.
337 4794 666 4864 Κρατήσατε
702 4794 884 4858 αὑτὸν,
917 4795 1010 4847 καὶ
1030 4793 1498 4866 κατακυριεύσατε
1535 4796 1726 4853 αὑτου.

230 4881 312 4936 26.
342 4885 464 4937 Ὀτι
484 4885 662 4946 οὐδεὶς
684 4883 906 4939 δύναται
938 4887 1099 4939 αὑτὸν
1153 4886 1416 4958 ῥύσασθαι
1454 4888 1514 4953 ἐξ
1545 4887 1725 4959 ἡμῶν.

229 4971 314 5024 27.
357 4973 415 5026 Ὀ
436 4973 570 5036 Θεός
595 4991 718 5045 μου,
753 4973 827 5045 μὴ
855 4974 1022 5047 ἐάσῃς
1055 4994 1149 5046 με.

228 5061 311 5118 28.
379 5066 436 5125 '0
488 5065 683 5137 ἐφορός
732 5084 860 5136 μου,
926 5071 1232 5143 προνοητης
1285 5089 1385 5142 μου
1436 5070 1727 5142 εὑδόκησον

170 5149 312 5212 εἶναι.

1929 2872 1980 2927 7.
2012 2872 2244 2938 Diaboli,
2279 2876 2472 2946 inquit.

1929 2965 1981 3020 8.
2019 2966 2294 3036 Ejusdem.

1773 3036 1814 3092 (ἶ
1918 3055 1971 3110 9.
1999 3055 2269 3122 Quoniam
2306 3067 2360 3114 tu
2397 3074 2456 3115 es
2478 3061 2779 3117 consolatio
2806 3077 2948 3128 mea,
2985 3063 3229 3122 Domine.

1917 3147 2004 3203 10.
2036 3147 2114 3204 Tu
2145 3166 2205 3204 es
2240 3167 2365 3221 spes
2397 3170 2542 3220 mea,
2565 3172 2631 3212 ex
2659 3174 2768 3228 quo
2799 3160 3070 3232 ingenitus
3097 3178 3236 3220 sum.

1913 3237 2003 3294 11.
2029 3238 2075 3294 Α
2099 3241 2387 3311 baptismo.

1880 3408 1887 3415 ‘
1919 3330 2007 3389 12.
2046 3331 2121 3387 Ex
2154 3334 2390 3391 lavacro.

1918 3423 2006 3480 15.
2037 3425 2384 3496 Exspectatio
2410 3443 2530 3484 mea

1915 3515 2002 3570 11.
2040 3515 2320 3586 Tanquam
2349 3518 2642 3573 ludibrium
2668 3519 3026 3577 daemonibus.
3105 3541 3112 3548 '

1915 3606 2003 3661 15.
2033 3607 2098 3662 Ει
2125 3618 2180 3662 tu
2207 3609 2424 3678 adjutor
2445 3626 2601 3667 meus
2630 3613 2861 3667 validus.

1925 3695 2012 3749 16.
2045 3695 2226 3751 Gratia
2255 3708 2347 3753 tua

1912 3788 2000 3843 17.
2029 3787 2499 3848 Pulchritudinem
2531 3794 2784 3863 potentiae
2812 3803 2940 3851 tuae.

1917 3879 2001 3934 18.
2034 3879 2320 3937 Dormiens
2363 3891 2416 3938 et
2456 3899 2712 3953 surgens,
2745 3894 2799 3940 et
2844 3887 3132 3942 ambulans
3181 3889 3417 3947 laudabo

1842 3975 2273 4046 magnitudinem
2310 3977 2915 4048 incomprehensibilem
2944 3983 3156 4038 decoris
3189 3987 3287 4038 tui.

1916 4151 2003 4206 19.
2031 4150 2109 4206 Ne
2139 4153 2364 4222 abjicias
2402 4169 2489 4210 me
2515 4171 2640 4212 cum
2681 4171 2848 4228 prape
2880 4174 2959 4224 cs,
3001 4169 3057 4212 ut
3087 4161 3407 4230 dispeream.

1914 4331 2006 4384 20.
2038 4330 2117 4387 Nc
2138 4332 2377 4387 dimittas
2403 4350 2490 4390 me
2513 4350 2637 4390 cum
2672 4336 2856 4391 anima
2883 4351 3002 4391 mea
3031 4338 3354 4392 inﬁrmatur.

1907 4425 1995 4481 21.
2029 4424 2296 4491 Quoniam
2325 4428 2460 4481 mihi
2496 4429 2770 4482 minantur
2799 4429 3096 4484 daemones.

1906 4515 1995 4570 22.
2022 4515 2089 4571 Et
2121 4519 2214 4587 qui
2249 4528 2565 4588 exspectant
2595 4520 2808 4589 laqueis
2840 4536 2926 4575 me
2961 4521 3195 4575 irretire.

1906 4606 1997 4661 2'5.
2024 4607 2224 4663 Fmdus
2255 4609 2529 4665 iniverunt
2557 4620 2747 4666 contra
2778 4627 2887 4676 me,

1907 4697 1997 4753 24.
2031 4698 2284 4755 Dicentes
2311 4719 2326 4755 :
2359 4701 2501 4758 Deus
2529 4703 2739 4758 dimisit
2774 4719 2919 4759 eum.

1910 4791 2000 4846 25.
2040 4790 2240 4848 Tenete
2263 4809 2411 4859 eum,
2438 4805 2493 4850 et
2521 4795 2877 4850 dominamini
2914 4798 2968 4852 in
2999 4797 3174 4868 ipsum

1911 4882 2001 4936 26.
2034 4882 2303 4948 Quoniam
2330 4901 2491 4941 nemo
2521 4895 2694 4957 potest
2723 4887 2876 4942 illum
2907 4903 2939 4942 a
2973 4888 3126 4942 nobis
3161 4888 3408 4943 liberare.

1906 4973 1995 5026 27.
2029 4974 2170 5030 Deus
2196 4992 2371 5044 meus,
2402 4994 2472 5034 ne
2503 4979 2745 5034 dimittas
2779 4992 2885 5033 me.

1909 5065 1999 5119 28.
2029 5064 2309 5136 lnspector
2353 5085 2510 5126 meus
2549 5071 2884 5142 complaceat
2930 5068 3023 5126 tibi
3073 5078 3132 5122 ut
3163 5069 3411 5137 provisor

1843 5170 1997 5211 meus
2020 5156 2116 5211 sis.

1110 5337 1417 5400 Addenda
1449 5345 1508 5401 et
1544 5335 1921 5415 corrigenda
1953 5355 2032 5398 ex
2077 5337 2218 5398 cod.
2261 5335 2457 5398 Vatic.

233 5533 249 5594 ί
257 5530 304 5600 1)
341 5531 434 5585 Ἐκ
461 5527 763 5601 χειρδςίτοῦ
784 5527 1050 5587 διαϐόλου.
1081 5528 1242 5586 Deest
1269 5529 1434 5598 λέγει.

234 5603 304 5671 (2)
343 5600 766 5671 Ἑνεωποιήθην.

233 5669 302 5744 (5)
323 5673 574 5742 Παίγνιω
601 5669 882 5741 ἐγενΰθην,

1901 5522 1979 5590 (4)
2001 5521 2242 5592 Θεὸτητα

1903 5591 1976 5663 (5)
2009 5591 2268 5663 Γένωμαι.

1907 5664 1980 5732 te)
2011 5663 2119 5716 Mat
