3776 6280
404 246 506 301 959
1274 239 1330 296 S.
1373 232 1741 292 ATHANASII
1777 229 1925 288 OPP.
1967 223 2149 281 PARS
2184 223 2274 279 111.
2315 254 2385 265 -—
2423 221 2837 278 EXEGETICA.
3548 214 3669 271 θω

468 363 521 415 4.
554 358 616 415 Et
642 378 905 432 pauperes
937 372 1059 418 tuos
1083 359 1136 414 in
1157 354 1389 427 judicio.

1995 342 2044 400 Α
2139 338 2192 390 ό.
2231 337 2340 390 Kal
2370 337 2495 399 τοὺς
2518 333 2765 405 πτωχούς
2807 349 2901 386 σου
2925 334 2982 385 ἐν
3023 330 3220 399 κρίσει.

461 451 514 506 5.
546 419 856 523 Suscipiunt
887 463 1100 507 montes
1134 461 1320 519 pacem
1342 440 1542 515 populo
1579 458 1592 493 :

2140 427 2192 480 5.
2236 425 2573 480 Ἀναλαϐἑτω
2598 425 2664 478 τὰ
2702 425 2801 495 ὄρη
2836 423 3058 494 εἰρήνην
3102 420 3178 492 τῷ
3210 419 3325 491 λαῷ
3349 435 3365 450 ⁸

466 543 518 597 6-
560 542 625 599 Et
653 515 819 600 colles
846 515 1153 615 justitiam.-

2140 521 2194 574 6.
2222 521 2332 574 Kal
2358 521 2407 573 οἱ
2438 519 2614 589 βουνοὶ
2664 515 3029 587 δικαιοσύνην.
3132 550 3137 551 κ
3214 538 3228 547 -

467 633 519 687 7.
546 633 819 690 Judicabit
846 604 1112 706 pauperes
1145 627 1330 701 populi
1360 644 1375 683 :

2142 613 2194 665 7.
2223 613 2415 682 Κρινεῖ
2443 612 2568 673 τοὺς
2606 608 2853 678 πτωχοὺς
2871 606 2965 659 τοῦ
2986 604 3117 659 λαοῦ
3137 619 3151 634 ⁸

466 723 519 778 8.
549 723 616 778 Ει
646 729 825 781 salvos
849 700 1012 780 laciet
1046 700 1185 777 lilios
1214 729 1517 790 pauperum
1550 732 1561 768 :

2141 705 2194 759 8.
2220 704 2331 758 Kal
2357 702 2520 756 σώσει
2540 702 2666 765 τοὺς
2700 702 2851 763 υἱοὺς
2879 700 2987 754 τῶν
3018 714 3265 771 πενητων
3286 716 3301 732 ⁸

463 816 516 869 9.
553 814 618 870 Et
645 816 949 871 ltumiliabit
974 812 1447 871 calumniatorem.

2142 797 2193 851 9.
2220 796 2331 849 Kal
2352 793 2677 849 ταπεινώσει
2711 792 3072 864 συκοφάντην.

469 904 558 959 10.
586 903 652 960 Ει
679 906 1018 977 permanebit
1043 919 1167 960 cum
1200 901 1337 964 sole,

2146 886 2233 941 10.
2265 888 2376 941 Kal
2405 890 2822 972 συμπαραμενεῖ
2852 885 2929 957 τῷ
2956 885 3108 957 ἡλίῳ,

468 997 553 1052 11.
590 998 656 1053 Ει
682 976 813 1054 ante
842 999 1023 1053 lunam
1076 998 1130 1051 in
1174 990 1522 1064 generatione
1564 995 1619 1043 et
1659 983 1959 1055 generatio-

2143 977 2230 1031 11.
2257 978 2366 1031 Kal
2386 976 2492 1048 πρὸ
2519 977 2615 1041 τῆς
2639 976 2863 1039 σελήνης
2881 977 3075 1045 γενεᾶς
3107 976 3202 1030 καὶ
3222 976 3298 1049 (α)
3329 976 3558 1047 γενεῶν.

396 1105 515 1145 nes.

468 1182 555 1236 12.
595 1181 891 1236 Descendct
920 1179 1063 1235 sicut
1084 1178 1262 1249 pluvia
1299 1177 1351 1230 in
1380 1174 1553 1231 vellus
1580 1194 1593 1229 :

2004 1204 2015 1213 -
2145 1176 2230 1230 12.
2263 1175 2644 1249 Καταὸήσεται
2673 1175 2746 1240 ὡς
2774 1175 2926 1240 ὑετὸς
2959 1176 3051 1228 ἐπὶ
3085 1175 3250 1229 πόκον
3275 1194 3288 1207 ·

467 1271 554 1325 15.
588 1268 654 1323 Et
686 1271 828 1326 sicut
857 1279 1005 1341 gutta
1037 1269 1251 1324 stillans
1278 1282 1443 1337 super
1462 1275 1680 1321 terram.

2145 1266 2231 1321 15.
2263 1267 2373 1319 Kal
2389 1265 2522 1318 ὡσεὶ
2556 1264 2767 1334 σταγὼν
2796 1268 2827 1336 ἡ
2855 1266 3124 1330 στάζουσα
3163 1268 3256 1319 ἐπὶ
3286 1267 3384 1338 τὴν
3413 1268 3547 1339 γῆν.

464 1360 554 1415 14.
581 1359 802 1416 Orietur
827 1361 882 1415 iu
915 1361 1106 1416 diebus
1132 1359 1253 1429 ejus
1271 1356 1509 1427 justitia,

2147 1356 2233 1410 14.
2280 1357 2549 1411 Ἀνατελεῖ
2585 1359 2642 1411 ὲν
2670 1359 2787 1421 ταῖς
2815 1358 3050 1430 ἡμέραις
3087 1357 3252 1413 αὐτοῦ
3275 1358 3626 1434 δικαιοσύνη,

467 1450 555 1507 15.
583 1450 651 1504 Ει
693 1450 1023 1506 abundantia
1066 1450 1238 1519 pacis,
1283 1448 1457 1502 donec
1494 1444 1773 1501 auferatur
1820 1445 1958 1500 luna.

2162 1452 2231 1507 [5.
2258 1453 2368 1506 Kal
2395 1451 2597 1523 πλῆθος
2634 1452 2874 1524 εἰρήνης,
2906 1452 3011 1518 ἕως
3069 1447 3129 1507 οὗ
3188 1455 3559 1528 ἀνταναιρεθῇ
3618 1460 3653 1528 ἡ

2078 1544 2301 1616 σελήνη.

467 1630 554 1686 16.
578 1630 645 1686 Ει
666 1631 1094 1702 άοωίηοιιὶιιιιτξιι
1126 1632 1265 1687 mari
1287 1646 1460 1703 usque
1486 1631 1554 1687 ad
1586 1645 1759 1695 mare,

2166 1635 2234 1689 l6.
2267 1634 2377 1687 Kal
2405 1632 2828 1706 κατακυριεύσει
2855 1633 2962 1688 ἀπὸ
3001 1634 3275 1710 θαλάσσης
3310 1638 3418 1701 ἓως
3446 1636 3657 1692 θαλάσ-

2083 1745 2203 1800 σης.

470 1813 556 1868 17.
582 1812 648 1869 Ει
669 1829 699 1868 a
733 1812 1049 1868 ﬂuminibus
1084 1827 1258 1884 usque
1291 1813 1358 1869 ad
1390 1812 1660 1868 terminos
1686 1811 1838 1868 orbis
1858 1819 1961 1866 ter-

2162 1819 2233 1873 l7.
2265 1818 2375 1874 Kal
2410 1817 2517 1873 ἀπὸ
2543 1816 2800 1891 ποταμῶν
2829 1817 2935 1883 ἓως
2971 1820 3223 1892 περάτων
3257 1821 3359 1892 τῆς
3391 1822 3653 1895 οἰκουμέ-

398 1920 608 1961 rarunn.

2074 1929 2192 1976 νης.

471 1929 785 2051 1ἒιῗιίὶοιλιιι
809 1995 902 2049 illo
926 1994 1211 2065 procident
1230 1993 1521 2065 Aitbiopes
1555 2012 1572 2050 :

2074 1929 2193 1984 νης.

2145 2000 2232 2056 18.
2274 1999 2530 2054 Ἐνὼπιον
2563 2001 2726 2054 αὐτου
2758 2000 3156 2073 προπεσοῦνται
3193 2003 3475 2068 Αἰθίοπες·

471 2084 557 2139 19.
587 2084 653 2141 Ει
687 2085 892 2140 inimiei
921 2086 1041 2155 ejus
1075 2093 1277 2141 terram
1306 2085 1537 2155 lingent.

2146 2090 2234 2147 19.
2260 2092 2368 2147 Καὶ
2398 2093 2448 2145 οἱ
2475 2091 2659 2164 ἐχθροὶ
2687 2092 2854 2147 αὐτοῦ
2894 2093 3023 2164 χοῦν
3052 2093 3305 2160 λείξουσι.

464 2177 554 2233 20.
592 2176 765 2247 Reges
797 2177 1046 2241 Tharsis,
1092 2183 1147 2232 et
1187 2178 1381 2234 insulae
1419 2191 1644 2233 munera
1693 2176 1922 2232 offerent

2161 2184 2230 2238 ΞΟ.
2270 2185 2515 2249 Βασιλεῖς
2546 2185 2778 2257 Θαρσεῖς
2808 2187 2903 2239 καὶ
2925 2186 3078 2257 νῆσοι
3099 2187 3247 2260 δῶρα
3275 2190 3652 2262 προσοίσουσιο

466 2268 558 2324 21.
592 2268 765 2339 Reges
790 2268 1027 2325 Arabum
1055 2275 1109 2325 et
1133 2267 1275 2325 Saba
1302 2269 1445 2325 dona
1477 2268 1770 2324 adducent.

2155 2275 2237 2332 21.
2265 2276 2510 2341 Βασιλεῖς
2549 2277 2793 2350 Ἀράϐων
2817 2278 2909 2332 καὶ
2942 2278 3090 2333 Σαϐᾶ
3118 2279 3265 2352 δῶρα
3290 2282 3646 2354 προσάξουσι.

458 2402 547 2480 ,(α)
578 2405 686 2459 Καί
718 2406 889 2461 deest.

1510 2498 1878 2555 ATIIANASII
1920 2499 2514 2557 INTERPRETATIO.

463 2660 618 2717 ‘4.’Et
638 2674 903 2730 pauperes
934 2658 1127 2729 spiritu
1158 2658 1213 2713 in
1234 2656 1482 2713 veritate.

2144 2657 2196 2711 4.
2231 2657 2340 2710 Kal
2367 2656 2495 2721 τοὺς
2535 2659 2781 2728 πτωχοὺς
2810 2657 2886 2729 τῷ
2915 2658 3182 2730 πνεύματι
3218 2658 3276 2714 ἐν
3294 2660 3541 2734 ἀληθείᾳ.

466 2754 524 2808 5.
561 2749 840 2822 Propheta:
866 2748 1241 2820 praedicabunt
1268 2746 1482 2802 Domini
1507 2745 1822 2801 adventum.

2143 2750 2196 2805 5.
2222 2751 2284 2803 Οἱ
2308 2750 2581 2821 προφῆται
2610 2748 2905 2820 κηρύξουσι
2941 2750 3033 2803 τὸν
3058 2750 3262 2822 Κύριον
3285 2753 3598 2825 ἐρχόμενον.

469 2843 523 2898 6.
553 2840 621 2897 Ει
650 2841 879 2911 apostoli
902 2842 1079 2911 ipsum
1110 2840 1400 2895 Dominum
1423 2839 1849 2894 annuntiabnnt.

1996 2874 2042 2930 ρ
2143 2841 2196 2896 6.
2224 2841 2335 2895 Kal
2357 2843 2404 2894 οἱ
2426 2840 2713 2895 ἀπόστολοι
2745 2841 2838 2896 τὸν
2862 2842 3025 2897 αὑτὸν
3053 2844 3401 2917 κηρύξουσιν.

470 2936 523 2991 7.
558 2933 803 2988 Adducet
830 2947 1097 3003 pauperes
1121 2931 1336 3002 spiritu.

2146 2934 2201 2990 7.
2237 2933 2457 3003 Ἀγάγει
2483 2935 2609 2998 τοὺς
2631 2933 2884 3005 πτωχοὺς
2919 2935 2998 3005 τῷ
3024 2936 3315 3007 πνεύματι.

470 3024 524 3078 8.
554 3022 622 3080 Ει
645 3023 826 3078 salvos
853 3022 1011 3081 faciet
1038 3022 1422 3093 apostolorum
1448 3021 1771 3092 discipulos.

2142 3025 2197 3082 8.
2226 3025 2335 3078 Kal
2363 3025 2526 3078 σώσει
2558 3026 2684 3090 τοὺς
2711 3026 2959 3098 μαθητὰς
2981 3028 3088 3082 τῶν
3113 3030 3444 3087 ἀποστόλων.

468 3114 522 3170 9.
554 3111 864 3169 Diabolum.

2144 3118 2197 3175 9.
2224 3118 2331 3173 Τὸν
2362 3117 2629 3173 διάϐολον.

471 3205 561 3260 10.
589 3203 656 3259 Ει
685 3202 1023 3274 permanebit
1050 3218 1173 3257 cum
1209 3206 1439 3259 sanctis.

2147 3210 2231 3266 10.
2265 3209 2339 3282 (a)
2363 3211 2471 3264 Kal
2493 3214 2915 3282 συμπαραμενεί
2939 3215 3051 3275 τοῖς
3084 3212 3282 3281 ἁγίοις.

471 3299 555 3352 11.
587 3296 652 3349 Ει
679 3305 805 3351 ante
841 3296 1103 3354 mundum
1138 3296 1302 3366 elegit
1328 3310 1449 3351 eos.

2147 3304 2233 3357 11.
2267 3304 2377 3356 Kal
2417 3303 2521 3375 πρὸ
2552 3300 2645 3357 τοῦ
2674 3304 2878 3374 κόσμου
2915 3304 3194 3371 ἐξελέξατο
3221 3304 3435 3369 αὐτούς.

471 3391 557 3443 12.
592 3389 891 3445 Descendet
923 3406 954 3445 e
991 3390 1144 3446 ccelis
1185 3390 1492 3445 emundans
1524 3404 1743 3447 omnem
1773 3388 1962 3459 iniqui-

2156 3394 2232 3449 12.
2264 3394 2644 3467 Καταϐήσεται
2678 3394 2784 3448 ἀπὸ
2810 3395 2919 3449 τῶν
2945 3395 3191 3467 οὐρανῶν
3232 3396 3508 3469 καθαίρων
3539 3399 3647 3453 πᾶ·-

397 3488 588 3537 tatem.

2078 3504 2177 3542 σαν
2202 3487 2449 3558 ἀνομίαν.

473 3575 557 3630 15.
588 3573 737 3629 Dona
776 3591 874 3631 sua
904 3577 960 3631 in
996 3576 1276 3646 apostolis.

2147 3579 2234 3633 15.
2270 3578 2352 3632 Τὰ
2377 3579 2688 3650 χαρίσματα
2707 3578 2875 3634 αύτοῦ
2904 3581 2963 3636 ἐν
3003 3584 3113 3646 τοῖς
3136 3583 3473 3648 ἀποστόλοις.

472 3667 556 3721 14.
590 3663 799 3721 Sancti.

2148 3669 2234 3725 14.
2274 3671 2337 3723 Ol
2368 3669 2533 3739 ἅγιοι.

470 3757 554 3816 15.
590 3756 700 3813 Pax
731 3757 901 3812 multa
924 3756 1027 3812 erit
1056 3757 1110 3810 in
1143 3754 1223 3810 eis
1244 3767 1417 3824 usque
1448 3753 1515 3808 ad
1540 3752 1948 3809 consummatio

2156 3762 2233 3816 15.
2272 3763 2336 3815 Ἠ
2363 3761 2437 3833 (1)
2461 3762 2649 3832 εἰρήνη
2680 3761 2849 3834 πολλὴ
2876 3763 3028 3819 ἔσται
3076 3767 3133 3818 ἐν
3165 3766 3347 3831 αὐτοῖς
3394 3768 3501 3832 ἕως
3549 3768 3647 3839 τῆς

397 3870 521 3911 nem
557 3852 763 3909 saaculi.

2080 3854 2386 3917 συντελείας
2416 3853 2512 3907 τοῦ
2546 3853 2758 3917 αἰῶνος.

471 3944 558 4000 16.
591 3945 638 3997 Α
657 3941 925 4014 principio
959 3938 1144 3994 mundi
1180 3952 1353 4007 usque
1372 3936 1440 3991 ad
1470 3935 1654 3991 ﬁnem.

2153 3947 2232 4002 16.
2281 3946 2413 3999 Ἀπὸ
2436 3946 2609 4017 ἀρχῆς
2630 3946 2725 3999 τοῦ
2751 3946 2957 4018 κόσμου
2986 3948 3089 4012 ἕως
3128 3949 3415 4024 ιὲσχάτης]
3449 3951 3644 4023 ἀρχῆς.

457 4037 557 4093 17.
590 4034 657 4090 Ει
699 4050 731 4090 a
775 4033 1027 4104 gentibus
1052 4044 1227 4100 usque
1279 4028 1345 4083 ad
1384 4027 1626 4097 reliquos
1649 4040 1841 4082 omnes
1869 4040 1948 4097 po

2153 4038 2230 4093 l7.
2263 4036 2371 4091 Kal
2394 4036 2470 4107 (2)
2494 4036 2601 4090 ἀπὸ
2619 4035 2728 4090 τῶν
2747 4035 2915 4092 ἐθνῶν
2931 4038 3036 4103 ἕως
3054 4038 3164 4092 τῶν
3179 4040 3381 4095 λοιπῶν
3408 4041 3644 4096 πάντων.

441 4130 577 4185 ulos.

441 4145 577 4185 unos.

398 4145 434 4203 Ρ
470 4221 556 4277 18.
586 4218 874 4277 Procident
896 4230 1079 4272 coram
1104 4229 1170 4270 eo
1195 4212 1462 4285 denigrati
1488 4228 1517 4266 a
1555 4213 1812 4284 peccatis.

2157 4207 2236 4263 18.
2266 4208 2675 4281 Προσπὼουσιν
2717 4209 2794 4284 (5)
2825 4212 2976 4284 αὐτῷ
3005 4215 3055 4267 οἱ
3099 4215 3500 4285 μελανωθέντες
3541 4216 3648 4271 ἀπὸ

2079 4300 2188 4354 τῶν
2209 4302 2509 4375 ἁμαρτιῶν.

470 4398 559 4454 19.
577 4397 898 4454 Daemones.

2150 4394 2235 4450 19.
2265 4397 2327 4449 Οί
2356 4396 2624 4469 δαίμονες.

464 4486 558 4541 ‘20.
593 4485 856 4556 Apostoli,
890 4494 944 4539 et
973 4483 1208 4554 populus
1247 4480 1490 4536 ﬁdelium
1542 4481 1814 4537 adducent
1853 4484 1942 4538 ani

2158 4485 2237 4541 ΞΟ.
2270 4489 2332 4541 Οἱ
2363 4489 2647 4545 ἀπόστολοι
2677 4493 2769 4547 καὶ
2797 4495 2825 4548 ὁ
2854 4490 2985 4555 λαὸς
3012 4490 3122 4544 τῶν
3150 4490 3359 4546 πιστῶν
3389 4492 3490 4557 τὰς
3524 4494 3649 4547 ἑαυ-

397 4593 519 4633 mas
568 4593 717 4632 suas.
760 4575 1013 4631 Dicemus
1057 4587 1237 4629 autem
1277 4582 1332 4627 et
1360 4572 1522 4626 aliam
1571 4574 1888 4642 interpretat

2158 4595 2183 4631 ν
2211 4577 2390 4650 ψυχὰς
2412 4584 2857 4654 προσαγάγωσιν.
2885 4584 3139 4654 Λέξωμεν
3165 4582 3220 4636 δὲ
3242 4583 3336 4636 καὶ
3356 4583 3530 4648 άλλως
3551 4586 3649 4655 τὴν

397 4684 546 4724 nem.
592 4668 809 4722 Tharsis
852 4668 1239 4736 interpretatur
1273 4663 1527 4734 inspectio
1565 4664 1772 4735 gaudii,
1823 4682 1888 4736 qu

2160 4671 2371 4741 ιηνείαν
2396 4686 2409 4699 ·
2446 4674 2695 4743 Θαρσεῖς
2731 4674 3092 4748 ἑρμηνεύεται
3140 4675 3496 4743 κατασκοπὴ
3547 4691 3651 4745 χιι-

397 4762 653 4817 eonvenit
678 4758 957 4829 apostolis,
977 4773 1042 4811 eo
1061 4756 1207 4828 quod
1234 4757 1522 4812 visitarent
1544 4756 1663 4826 ejus
1687 4758 1888 4827 popqu

2156 4779 2204 4824 ς,
2232 4759 2369 4832 ὅπερ
2390 4756 2531 4832 ἦσαν
2561 4764 2609 4816 οἱ
2637 4764 2944 4829 ἀπόστολοι,
2994 4764 3083 4818 διὰ
3115 4765 3176 4819 τὸ
3223 4766 3647 4820 ἐπισκέπτεσθαι

402 4848 601 4905 Insqu
649 4863 778 4903 vero
825 4846 1076 4901 Ecclesia
1121 4846 1278 4903 dicta
1319 4854 1469 4911 sunt,
1504 4846 1631 4916 quia
1679 4862 1871 4902 onmes

2158 4850 2241 4903 τοῦ
2272 4851 2349 4921 (ό)
2379 4852 2471 4906 τὸν
2498 4852 2647 4909 λαόν.
2684 4855 2879 4926 Νῆσοι
2905 4856 2962 4909 δὲ
2988 4858 3408 4925 αίῈκκλησίιιι
3441 4860 3649 4931 είρήνε-

397 4942 532 5014 ipsis
556 4942 858 4996 salvantur.

2074 4958 2184 5007 ται,
2215 4942 2302 4996 διά
2331 4944 2393 4996 τὸ
2420 4944 2625 5011 πάντας
2652 4950 2710 5001 ὲν
2744 4949 2937 5013 αὐταῖς
2964 4947 3248 5012 σώζεσθαι.

466 5036 556 5089 21.
590 5033 718 5088 ltem
769 5032 1019 5088 similiter
1066 5032 1322 5098 apostoli,
1385 5040 1440 5086 et
1494 5045 1552 5085 se
1594 5040 1957 5085 convertentet

2157 5033 2235 5087 21.
2286 5035 2514 5106 Ὁμοίως
2574 5037 2737 5092 πάλιν
2773 5040 2821 5092 oi
2868 5039 3154 5095 ἀπόστολοι
3186 5041 3278 5094 καὶ
3311 5042 3359 5093 οἱ
3398 5041 3648 5113 ἐπιστρέ-

396 5127 665 5182 adducent
708 5140 767 5179 se
832 5123 980 5194 ipsos
1041 5123 1094 5178 in
1149 5125 1354 5180 donum
1410 5121 1660 5177 Domino.
1714 5122 1887 5178 Dicat:

2156 5140 2266 5189 ντες
2290 5128 2711 5198 προσαγάγωσιν
2741 5131 2966 5195 ἑαυτοὺς
3011 5132 3158 5204 δῶρα
3189 5132 3266 5203 τῷ
3308 5131 3516 5205 Κυρίῳ.
3559 5131 3647 5187 Εἰ-

1314 5280 1623 5346 Addenda
1666 5288 1729 5346 et
1777 5283 2155 5364 corrigenda
2187 5302 2266 5346 ex
2300 5303 2442 5351 eoa.
2474 5289 2671 5350 Vattc.

572 5408 683 5495 Kal
720 5410 893 5495 prof).
2254 5406 2847 5495 pponecoiiuratueth
2877 5412 2977 5481 τῆς
2996 5409 3299 5495 Δἁμαρτίας.

565 5480 674 5532 Καί
705 5471 875 5533 ἆοοειζ

2143 5471 2220 5548 (4)
2244 5471 2473 5547 Δύτούς,
2514 5488 2644 5545 etc.,
2667 5471 3064 5551 εἴρηνταιξειε.

460 5620 537 5693 (a)
571 5619 635 5675 Ν.
672 5620 755 5679 10.
788 5618 966 5677 Deest.
