3776 6280
2549 88 2571 118 Ι

233 295 336 349 951
1149 293 1235 348 DE
1273 293 1543 352 TITULIS
1581 293 2026 351 PSALMORUM.
2067 327 2134 336 ~-—-
2151 295 2348 353 PSAL.
2390 297 2574 352 LXXI.
3305 297 3442 353 9-12

307 417 397 470 22.
431 415 541 469 Καὶ
572 416 1029 487 προσκυνήσουσιν
1057 416 1201 487 αὐτῷ
1238 417 1434 482 πάντες
1460 418 1509 472 οἱ
1550 418 1788 488 βασιλεῖς

1739 419 1788 480 ἴς
1821 423 1868 479 Α
1961 418 2049 474 22.
2083 419 2147 474 Et
2179 419 2478 474 adorabunt
2499 435 2622 475 eum
2647 433 2836 476 omnes
2859 433 3014 485 reges
3034 427 3230 473 terrae:

237 525 334 575 της
358 522 462 576 γης
480 521 494 535 ⁸

307 599 394 651 25.
419 598 604 650 Πάντα
637 595 703 649 τὰ
731 595 854 667 ἔθνη
880 597 1248 651 δουλεύσουσιν
1274 597 1440 670 αὐτῷ.

1351 597 1440 670 τῷ.
1956 595 2048 650 25.
2079 594 2278 651 Omnes
2303 605 2488 664 gentes
2515 595 2752 650 servient
2773 597 2842 650 ei.

305 688 395 740 24.
426 689 550 740 Ὅτι
584 688 846 758 ὲρῤύσατο
867 690 1077 758 πτωχὸν
1104 691 1166 743 ἐκ
1203 689 1484 754 δυνάστου,

1960 685 2049 740 24.
2079 684 2217 752 Quia
2237 684 2485 740 liberabit
2506 699 2794 754 pauperem
2822 699 2853 736 a
2885 688 3127 752 potente,
3221 683 3223 685 ’

305 778 395 831 25.
426 779 535 830 Καὶ
562 779 785 850 πένητα,
813 773 857 846 ᾧ
885 782 980 850 οὐχ
1005 783 1213 852 ὑπῆρχε
1241 781 1457 854 βσηθός.

1957 775 2047 831 25.
2077 775 2144 830 Ει
2169 790 2476 846 pauperem,
2502 774 2588 829 cui
2622 789 2729 829 non
2765 782 2882 828 erat
2902 772 3135 841 adjutor.

302 869 393 922 26.
421 871 666 922 Φείσεται
696 871 908 941 πτωχοῦ
933 873 1027 925 καὶ
1060 873 1322 944 πένητος’

1282 885 1322 932 εο
1955 862 2044 919 26.
2068 862 2256 917 Parcet
2275 863 2494 933 pauperi
2514 869 2567 917 et
2587 862 2732 933 inopi
2758 878 2773 917 :

305 960 394 1013 27.
425 962 533 1014 Καὶ
564 961 739 1031 ψυχὰς
763 965 1006 1034 πενήτων
1030 963 1210 1020 σώσει.

1958 954 2046 1008 27.
2077 954 2142 1008 Et
2168 955 2378 1010 animas
2401 968 2696 1026 pauperum
2723 954 2898 1009 salvas
2919 951 3096 1008 faciet.

301 1050 392 1103 28.
432 1052 526 1103 Ἐκ
548 1052 836 1119 τόκου,κα“ι
857 1053 916 1118 ἐξ
937 1053 1146 1118 ἀδικίας
1181 1053 1515 1126 λυτρώσεται
1559 1055 1660 1120 τὰς
1683 1055 1790 1127 ψυ-

1953 1044 2042 1100 28.
2072 1043 2148 1098 Ex
2193 1045 2393 1111 usuris,
2436 1055 2489 1100 et
2530 1045 2810 1115 iniquitate
2847 1043 3074 1099 redimet
3104 1040 3312 1096 animas
3339 1052 3433 1093 eo-

229 1141 332 1210 χὰς
361 1143 542 1195 αὐτῶν
567 1160 581 1174 ·

536 1162 542 1187 ι
567 1160 581 1174 ⁸
1890 1151 2027 1192 rum.

301 1233 391 1288 29.
424 1234 534 1286 Καὶ
564 1234 775 1305 ἔντιμον
800 1235 858 1287 τὸ
879 1236 1046 1306 ὄνομα
1072 1236 1232 1290 αὐτοῦ
1266 1235 1493 1290 ἐνώπιον
1516 1235 1716 1293 αὐτῶν.

1957 1229 2045 1282 29.
2074 1226 2139 1282 Ει
2164 1226 2480 1281 honorabile
2505 1240 2699 1280 nomen
2726 1224 2845 1294 ejus
2875 1237 3056 1278 coram
3086 1222 3211 1276 illis.

297 1323 388 1377 50.
423 1326 532 1377 Καὶ
562 1325 802 1395 ζήσεται,
831 1328 924 1379 καὶ
953 1327 1234 1398 δοθήσεται
1260 1327 1406 1398 αὐτῴ
1437 1329 1501 1381 ἐκ
1528 1327 1623 1381 τοῦ
1656 1345 1788 1401 χρυ-

1958 1321 2044 1375 50.
2084 1319 2150 1374 Ει
2180 1320 2340 1386 vivet,
2367 1328 2422 1374 et
2452 1319 2669 1374 dabitur
2695 1319 2745 1373 ei
2775 1317 2840 1372 de
2872 1331 3008 1371 auro
3039 1314 3253 1369 Arabiae
3272 1339 3285 1358 ι

228 1411 344 1464 σίου
377 1413 477 1482 τῆς
513 1414 765 1484 Ἀραϐίας
800 1432 816 1447 ο

296 1503 388 1556 51.
419 1505 526 1556 Καὶ
561 1507 944 1575 προσεύξονται
973 1510 1100 1578 περὶ
1123 1507 1285 1561 αὐτοῦ
1311 1508 1601 1572 διαπαντός
1627 1527 1641 1541 ·

1506 1509 1601 1572 σός
1627 1527 1641 1541 ·
1956 1499 2043 1554 51.
2071 1497 2137 1551 Ει
2161 1496 2464 1552 adorabunt
2488 1494 2553 1550 de
2586 1495 2704 1564 ipso
2741 1508 2954 1564 semper
2982 1511 2997 1549 :

288 1596 382 1650 52.
409 1596 575 1666 Ὅλην
596 1597 689 1668 τὴν
715 1600 925 1670 ἡμέραν
959 1599 1345 1670 εύλογήσουσιν
1377 1600 1556 1652 αὐτόν.

1285 1617 1345 1652 τιν
1377 1600 1556 1652 αὐτόν.
1956 1590 2043 1646 52.
2071 1587 2206 1643 'l‘ota
2238 1587 2324 1642 die
2357 1587 2673 1641 benedicent
2708 1585 2776 1639 ei.

292 1685 384 1737 55.
415 1685 603 1737 Ἔσται
643 1669 916 1758 στήριγμα
967 1691 1023 1742 ἐν
1079 1691 1142 1758 τῇ
1191 1691 1260 1759 γῇ
1322 1688 1408 1742 ἐπ’
1448 1689 1630 1759 ἄκρων
1679 1687 1783 1742 τῶν

1955 1682 2043 1736 55.
2081 1679 2148 1734 Ει
2193 1679 2296 1734 erit
2354 1677 2750 1731 ﬁrmamentum
2799 1674 2855 1729 in
2905 1682 3046 1728 terra
3104 1671 3160 1725 in
3210 1669 3441 1724 summis

215 1773 396 1844 ὁρέων
417 1793 431 1805 ·

1525 1748 1537 1759 ’
1817 1748 1860 1804 Β
1889 1774 2152 1830 montium
2180 1789 2194 1825 :

289 1861 382 1914 54.
433 1863 898 1936 Ὑπεραρθήσεται
943 1867 1083 1939 ὑπὲρ
1114 1867 1204 1920 τὸν
1232 1869 1462 1923 Λίϐανον
1505 1870 1533 1921 ὁ
1559 1867 1780 1939 καρπὸς

1962 1868 2049 1923 54.
2085 1863 2545 1937 Superextolletur
2564 1875 2725 1930 Super
2758 1858 3023 1914 Libanum
3047 1853 3257 1909 fructus
3280 1850 3398 1921 ejus
3427 1868 3439 1902 :

215 1968 409 2002 αυτουο

286 2042 379 2095 53.
410 2044 520 2095 Καὶ
543 2045 926 2118 ὲξανθήσουσιν
950 2050 1013 2102 ἐκ
1043 2049 1248 2113 πόλεως
1279 2050 1411 2104 ὡσεὶ
1452 2049 1641 2122 χόρτος
1683 2050 1777 2120 τῆς

1954 2047 2041 2103 55.
2075 2045 2140 2101 Et
2171 2044 2434 2100 ﬂorebunt
2461 2043 2526 2098 de
2548 2041 2766 2098 civitate
2799 2040 2941 2094 sicut
2969 2036 3154 2092 fenum
3182 2043 3339 2090 terrae
3368 2050 3383 2087 ε

213 2149 343 2202 γης-

287 2225 379 2279 56.
415 2227 604 2280 Ἔσται
641 2228 699 2281 τὸ
732 2228 902 2301 ὄνομα
935 2231 1099 2284 αὐτοῦ
1146 2232 1502 2306 εὐλογημένον
1548 2236 1626 2298 είς
1657 2235 1778 2299 τοὺς

1769 2253 1782 2299 ;
1959 2224 2046 2280 56.
2078 2225 2194 2280 Erit
2214 2239 2407 2279 nomen
2437 2222 2556 2292 ejus
2579 2219 2920 2276 benedictum
2942 2218 2997 2271 in
3018 2215 3215 2272 saecula
3245 2231 3260 2267 :

211 2317 442 2380 αἰῶνας·

285 2407 377 2460 57.
415 2408 528 2479 Πρὸ
552 2409 645 2462 τοῦ
679 2409 829 2482 ἡλίου
856 2412 1098 2483 διαμένει
1122 2414 1182 2467 τὸ
1213 2414 1380 2484 ὄνομα
1411 2412 1596 2467 αὑτοῦ.

1956 2407 2045 2461 57.
2078 2405 2216 2458 Ante
2238 2403 2404 2458 solem
2432 2407 2712 2471 permanet
2743 2412 2939 2453 nomen
2962 2395 3100 2466 ejus.

285 2498 377 2552 58.
411 2499 522 2552 Καὶ
543 2490 1051 2574 ἐνευλογηθήσονται
1077 2506 1132 2557 ὲν
1164 2505 1312 2576 αὐτῷ
1334 2507 1503 2558 πᾶσαι
1527 2506 1581 2558 αἱ
1615 2501 1776 2574 φυλαὶ

1954 2497 2043 2553 58.
2072 2495 2138 2550 Ει
2160 2494 2546 2550 benedicentur
2574 2492 2627 2544 in
2665 2491 2782 2560 ipso
2809 2502 2999 2542 omnes
3027 2485 3206 2541 tribus
3227 2497 3381 2539 terra:
3420 2500 3435 2538 :

205 2603 476 2662 τηςγης’

1329 2727 1699 2784 ATHANASII
1738 2717 2323 2780 INTERPRETATIO.

208 2853 411 2907 πωμεν
434 2837 491 2890 δὲ
515 2839 606 2890 καὶ
627 2839 801 2904 ἄλλως
826 2843 924 2911 τὴν
952 2844 1268 2914 ἑρμηνείαν.
1291 2843 1450 2900 Σαϐᾶ
1488 2846 1691 2916 ὲρμηνε

1950 2845 2065 2890 item
2093 2841 2146 2888 et
2177 2833 2336 2886 aliam
2381 2830 2903 2900 interpretationem.
2936 2826 3080 2882 Saba
3120 2828 3441 2896 interpreta-

207 2946 303 2980 ται
327 2929 680 2998 ὲπιστροφήσ
699 2933 957 3001 Ἀράϐων
976 2935 1031 2988 δὲ
1047 2937 1403 3006 ἑρμηνεύεται
1425 2935 1489 2990 τὸ
1505 2935 1622 2989 τῶν
1647 2935 1698 2988 Ἰ‹

1948 2943 1972 2981 r
1997 2928 2259 2979 conversio
2291 2940 2307 2977 :
2340 2921 2538 2977 Arabes
2576 2929 2756 2975 autem
2793 2936 2914 2992 gens
2943 2918 3271 2984 Judreorum,
3302 2932 3439 2988 quo-

201 3020 394 3073 δτιίων
423 3022 614 3088 ἔθνος,
647 3025 832 3096 ἐπειδὴ
858 3028 916 3080 ὲν
947 3027 1022 3097 τῷ
1056 3030 1186 3098 Σινᾷ
1210 3028 1324 3098 ὄρει
1347 3029 1440 3081 τὸν
1466 3028 1626 3098 νόμον
1662 3028 1692 3078 ὲκ

1946 3035 2028 3074 am
2060 3019 2113 3072 in
2140 3025 2323 3071 monte
2354 3013 2483 3069 Sina
2505 3013 2673 3082 legem
2699 3021 3026 3082 acceperunt
3055 3009 3224 3077 ;Sina
3257 3017 3437 3064 autem

203 3113 390 3206 ξαντο.
423 3114 496 3166 Τὸ
526 3115 582 3167 δὲ
605 3116 734 3168 Σινᾶ
766 3117 888 3188 ὅρος
909 3121 965 3171 ὲν
981 3122 1046 3190 τῇ
1083 3121 1310 3192 Ἀραϐίᾳ
1333 3121 1468 3175 ἐστί.
1505 3120 1601 3173 Διὰ
1619 3119 1694 3172 τοξ

1947 3127 2034 3166 )ns
2060 3110 2113 3163 in
2136 3108 2334 3162 Arabia
2366 3115 2466 3161 est.
2503 3105 2626 3159 Ideo
2652 3103 2814 3174 igitur
2839 3101 3146 3158 Iudaeorum
3183 3102 3438 3172 populum

198 3199 298 3257 οὖν
349 3206 476 3268 τοὺς
536 3205 642 3259 ἀπὸ
695 3208 802 3260 τῶν
839 3209 1104 3263 Ἰουδαίων
1178 3210 1348 3281 στόμα
1397 3207 1589 3283 [Σαϐᾶ
1645 3227 1689 3262 κε

1082 3227 1104 3263 ν
1178 3210 1348 3281 στόμα
1397 3207 1589 3283 [Σαϐᾶ
1645 3206 1771 3279 καὶ]
1808 3197 1842 3206 ’
1877 3202 2019 3258 Saba
2047 3211 2101 3256 et
2121 3201 2318 3254 Arabes
2341 3197 2573 3253 vocavit.

202 3297 461 3363 Ἄραϐας
491 3298 565 3368 (1)
600 3299 843 3354 ἐκάλεσε.

271 3388 364 3442 22.
403 3388 468 3443 Οἱ
501 3390 866 3459 βασιλεύοντες
899 3393 1036 3446 κατὰ
1069 3395 1169 3464 τῆς
1197 3394 1491 3466 ἁμαρτίας.

1432 3413 1491 3458 ες,
1951 3379 2041 3434 22.
2068 3379 2372 3458 ξξθεηοηιθε
2397 3385 2585 3431 contra
2619 3384 2923 3446 peccatum.

271 3477 365 3531 25.
416 3478 971 3552 Ἐξαγορασθήσονται
1007 3483 1096 3536 ὑπ’
1121 3483 1196 3553 (2)
1223 3482 1408 3536 αὑτοῦ.

1223 3482 1408 3536 αὑτοῦ.
1947 3472 2038 3526 25.
2077 3469 2433 3524 Redimentur
2462 3467 2530 3522 ab
2564 3469 2698 3536 ipso.

269 3567 364 3622 24.
401 3568 537 3633 Τοὲς
569 3573 816 3642 πτωχοὺς
840 3573 913 3644 (5)
946 3575 1010 3626 ἐκ
1043 3574 1135 3626 τοῦ
1164 3575 1432 3629 διαὸόλου.
1476 3641 1478 3644 ν

1164 3575 1432 3629 διαϐόλου,
1476 3641 1478 3644 ν
1945 3563 2036 3616 24.
2065 3563 2337 3632 Pauperes
2365 3577 2392 3614 a
2424 3559 2652 3614 diabolo.

267 3659 361 3714 25.
396 3662 498 3713 Τὸν
525 3664 842 3718 πιστεύοντα
874 3665 1097 3721 παλαιόν
1122 3666 1218 3738 (4).

1122 3666 1218 3738 (4).
1947 3655 2040 3708 25.
2073 3653 2314 3707 Fidelem
2340 3660 2594 3707 veterem.

265 3751 358 3807 26.
391 3751 511 3804 Τῶν
543 3754 734 3822 ἁγίων.
1209 3783 1217 3796 ι

1209 3783 1217 3796 ι
1947 3748 2036 3803 26.
2073 3747 2312 3802 Sanctis.

268 3841 357 3894 27.
387 3841 505 3894 Τῶν
535 3846 986 3914 προσφευγόντων
1014 3848 1106 3901 ἐπὶ
1133 3849 1191 3901 τὸ
1213 3848 1357 3912 ἔλεος
1383 3848 1569 3902 αὐτοῦ.

1941 3841 2030 3896 27.
2057 3839 2256 3894 Eorum
2283 3837 2377 3908 qui
2400 3835 2466 3891 ad
2491 3835 2610 3906 ejus
2638 3831 3062 3889 misericordiam
3093 3829 3414 3902 confugiunt

266 3931 358 3984 28.
397 3933 491 3984 Ἐκ
514 3933 612 4003 τῆς
646 3936 1098 4008 προϋπαρχούσης
1129 3938 1306 3991 αύτῶν
1337 3937 1630 4009 ἁμαρτίας.

1595 3955 1630 4001 ;.
1936 3932 2026 3988 28.
2050 3931 2129 3986 Ex
2152 3928 2580 4003 praecedentibus
2609 3942 2797 3982 eorum
2832 3926 3086 3996 peccatis.

266 4020 356 4075 29.
392 4023 785 4094 Δεδοξασμένον
852 4027 912 4079 τὸ
991 4027 1162 4098 ὄνομα.
1219 4027 1378 4082 αὐτοῦ
1456 4031 1514 4082 ὲν
1576 4028 1757 4093 αὐτοῖς

1709 4029 1760 4093 ἴς
1943 4023 2032 4078 29.
2065 4021 2435 4079 Gloriﬁcatum
2467 4027 2553 4074 est
2580 4033 2776 4072 nomen
2802 4017 2920 4087 ejus
2957 4017 3012 4071 in
3046 4011 3200 4087 ipsis.

189 4115 346 4166 ἐστιν
375 4112 473 4180 (5).

265 4208 355 4262 50.
390 4209 452 4260 Οἱ
475 4206 756 4260 ἀπόστολοι
783 4206 1004 4260 δοθῶσιν
1029 4207 1179 4278 αὐτῷ
1215 4210 1277 4261 ὲκ
1306 4207 1400 4261 τοῦ
1435 4207 1619 4270 ἔθνους
1655 4206 1756 4260 τῶν

1944 4203 2032 4257 50.
2067 4204 2311 4273 Apostoli
2349 4202 2555 4256 dabunt
2605 4194 2928 4270 [dabuntur]
2967 4194 3019 4249 ei
3052 4209 3117 4249 ex
3157 4201 3313 4264 gente
3340 4189 3433 4245 Ju-

198 4299 494 4353 Ἰουδαίων.

1869 4295 2132 4351 decorum.

262 4390 351 4443 51.
381 4389 699 4452 ’Λπαύστως
733 4389 1024 4460 κηρύξουσι
1049 4391 1176 4461 περ).
1199 4389 1362 4442 αὐτοῦ
1381 4427 1397 4443 .

1941 4388 2029 4441 51.
2066 4389 2411 4440 lncessanter
2439 4385 2506 4438 de
2525 4397 2592 4437 eo
2620 4379 3013 4451 prtedicabunt.

261 4480 353 4533 '52.
389 4479 772 4544 Ἀδιαλείπτως
799 4479 1113 4544 δοξὰσουσιν
1144 4481 1330 4534 αὐτόν.

1791 4483 1838 4538 D
1940 4479 2027 4534 52.
2064 4478 2442 4533 lndcsinenter
2462 4477 2636 4544 ipsum
2667 4471 3065 4545 gloriﬁcabunt.

258 4573 348 4625 55.
383 4572 575 4623 Ἔσται
615 4571 904 4642 βεϐαίωσις
931 4572 1036 4624 τῶν
1071 4571 1422 4644 προφητικῶν
1454 4570 1628 4640 λόγων
1675 4570 1749 4644 (6)

1939 4572 2028 4625 55.
2060 4568 2176 4622 Erit
2223 4565 2562 4622 conﬁrmatio
2609 4562 3051 4634 propheticorum
3114 4572 3423 4615 sermonum

181 4662 249 4714 τὸ
275 4662 538 4731 κήρυγμα
558 4661 666 4715 τῶν
686 4661 1022 4715 ἀποστόλων.

1865 4660 2178 4733 praedicatio
2206 4658 2597 4729 apostolorum.

250 4752 341 4806 54.
379 4753 438 4805 Ὀ
467 4752 592 4816 λαὸς
612 4753 640 4804 ὁ
670 4752 858 4814 πιστὸς
891 4754 1027 4824 ὑπὲρ
1055 4752 1143 4806 τὸν
1170 4751 1296 4804 λαὸν
1315 4751 1424 4806 τῶν
1458 4748 1741 4804 Ἰουδαίων.

1936 4753 2025 4807 54.
2057 4751 2298 4820 Populus
2322 4749 2494 4803 ﬁdelis
2526 4763 2692 4818 super
2721 4761 2981 4818 poputum
3001 4743 3335 4800 Judzeornm.

253 4844 343 4898 55.
377 4843 482 4896 Καὶ
513 4844 588 4915 (7)
623 4843 989 4913 ἐκλάμψουσιν
1037 4845 1093 4898 ἐν
1128 4848 1191 4916 τῇ
1222 4844 1333 4898 ἄνω
1373 4841 1744 4913 Ἰερουσαλήμ.

1700 4859 1751 4896 1..
1935 4845 2024 4899 55.
2060 4843 2126 4897 Ει
2157 4841 2490 4912 aﬂ'ulgebunt
2522 4841 2575 4894 in
2610 4853 2844 4909 superna
2867 4836 3191 4894 Jerusalem.

255 4935 344 4992 56.
368 4937 462 4998 Εἰς
482 4937 608 4999 τοὺς
635 4937 1022 5005 ἀτελευτήτους
1053 4937 1278 5000 αἰῶνας.

1114 4937 1278 5000 ῶνας.
1935 4933 2025 4987 56.
2061 4931 2115 4986 In
2147 4932 2355 4986 inﬁnita
2390 4933 2605 4986 saecula.

247 5026 340 5079 57.
369 5026 644 5096 Ἀνάρχως
668 5027 761 5079 καὶ
790 5027 1186 5098 ἀπερινοήτως.

1930 5028 2018 5082 57.
2054 5025 2184 5079 Sine
2212 5024 2497 5095 principio,
2527 5035 2582 5080 et
2611 5022 3248 5095 incompreltensibiliter.

254 5117 344 5172 58.
378 5119 467 5169 Ἐν
504 5119 582 5188 τῷ
615 5118 836 5188 ὀνόματι
878 5118 1041 5172 αὐτοῦ
1087 5118 1513 5190 ἁγιασθήσονται
1575 5117 1624 5169 οἱ
1669 5134 1745 5169 πι‹

1936 5116 2026 5171 58.
2056 5114 2114 5169 1η
2148 5115 2370 5171 nomine
2389 5115 2508 5186 ejus
2527 5118 2807 5174 credentes
2835 5118 2889 5170 in
2915 5116 3093 5186 ipsum
3118 5113 3423 5170 sanctiﬁca-

180 5208 464 5270 στεύοντες
484 5207 558 5277 (8)
591 5207 761 5278 αὐτῷ.

591 5207 761 5278 αὐτῷ.
1859 5207 2077 5261 buntur.

1097 5359 1401 5422 Addenda
1448 5370 1510 5423 et
1550 5362 1928 5441 corrigenda
1985 5380 2062 5423 ex
2123 5362 2263 5423 cod.
2311 5360 2512 5423 Vatic.

251 5481 332 5551 (1)
371 5479 638 5532 Ἰουδαίων
675 5478 1001 5543 ἀποστόλους
1031 5476 1294 5545 Ἀωῇας,
1337 5488 1444 5535 etc.

933 5495 1001 5543 ιυς
1031 5476 1294 5545 Ἀωῇας,
1337 5488 1444 5535 etc.
1922 5482 1999 5550 (5)
2036 5485 2235 5536 Ἐστιν
2255 5483 2424 5537 deest.

275 5555 330 5626 2)
358 5550 470 5626 [ἀρ
508 5551 620 5626 ὑπ’.
1916 5552 1994 5626 ¹((ξ)
2022 5553 2134 5626 Τῶν
2175 5554 2349 5626 λόγων
2382 5552 2489 5606 τῶν
2520 5552 2832 5626 προφητῶν.

273 5619 327 5692 5)
365 5619 615 5692 Πιστούς.

1923 5619 2000 5692 (7)
2023 5625 2133 5677 Καί
2160 5619 2330 5677 deest.

253 5691 331 5764 (4)
354 5690 516 5744 Λαόν.
949 5721 953 5728 -
1929 5690 2006 5764 (8)
2040 5692 2454 5757 Πιστεύσαντες.
