3776 6280
182 269 286 323 945

252 385 311 438 6.
351 381 461 436 Καὶ
492 382 776 456 στερέωμα
799 384 856 436 ὲν
887 385 952 454 τῇ
983 383 1205 454 μάστιγι
1228 385 1426 439 αὐτῶν.

253 472 311 527 7.
347 472 438 526 Ἐν
472 472 663 536 κόποις
685 470 988 542 ἀνθρώπων
1013 473 1112 526 οὐκ
1131 474 1236 527 είσί
1256 491 1268 503 ·

256 563 312 620 8.
348 565 461 618 Καὶ
491 564 627 635 μετὰ
656 563 960 636 ἀνθρώπων
992 565 1053 618 οὐ
1090 565 1614 636 μαστιγωθήσονται.

259 656 316 711 9.
350 656 451 709 Διὰ
479 656 637 710 τοῦτο
671 658 972 729 ἐκράτησεν
992 659 1188 721 αὐτοὺς
1223 659 1258 729 ὴ
1295 657 1639 730 ὑπερηφανία
1663 660 1756 712 αὑο

185 742 295 794 τῶν
322 745 402 806 εἰς
429 743 579 807 τέλος
607 745 706 813 (a)-

259 832 350 886 10.
387 833 782 904 Περιεϐάλοντο
805 835 1018 889 ἀδικίαν
1045 835 1139 889 καὶ
1168 837 1420 890 ἀσέϐειαν
1452 837 1678 892 ἑαυτῶν.

261 922 352 979 11.
405 924 774 990 Ἐξελεύσεται
797 926 872 989 ὡς
897 929 960 978 ἐκ
991 927 1206 991 στέατος
1229 930 1261 998 ἡ
1302 927 1484 982 ἀδικία
1501 927 1699 981 αὐτῶν·

266 1013 356 1069 12.
389 1015 686 1087 Διήλθοσαν
713 1019 792 1080 είς
822 1017 1058 1071 διάθεσιν
1091 1019 1336 1091 καρδίας.

261 1103 351 1160 15.
384 1106 768 1178 Διενοήθησαν,
803 1109 895 1162 καὶ
924 1109 1187 1180 ἐλάλησαν
1214 1112 1270 1163 ὲν
1295 1111 1548 1185 πονηρίᾳ⁸

262 1193 352 1250 14.
391 1197 627 1251 Ἀδικίαν
663 1200 742 1262 είς
767 1199 827 1252 τὸ
853 1199 983 1270 ὕψος
1013 1200 1297 1272 ἐλάλησαν,

264 1287 354 1344 15.
391 1290 614 1344 Ἐθεντο
638 1293 717 1356 είς
744 1293 971 1362 οὐρανὸν
1005 1294 1064 1346 τὸ
1089 1294 1260 1365 στόμα
1289 1296 1467 1348 αὐτῶν
1499 1311 1515 1326 ⁸

266 1379 357 1436 16.
386 1383 496 1435 Καὶ
523 1387 555 1454 ἡ
586 1383 804 1452 γλῶσσα
838 1385 1015 1438 αὐτῶν
1036 1385 1249 1456 διῆλθεν
1285 1389 1377 1440 ἐπὶ
1405 1390 1502 1459 τῆς
1531 1389 1654 1459 γῆς.

265 1471 356 1527 17.
393 1474 490 1527 Διά
515 1474 672 1528 τοῦτο
703 1477 1016 1547 ἐπιστρέψει
1043 1479 1071 1530 ὁ
1102 1477 1228 1542 λαός
1257 1496 1357 1550 μου
1392 1479 1654 1534 ἐνταῦθα’

263 1564 361 1621 18.
393 1567 500 1619 Καὶ
533 1568 736 1638 ἡμέραι
760 1569 985 1642 πλήρεις
1013 1571 1398 1644 εὑρεθήσονται
1427 1573 1485 1625 ὲν
1507 1573 1710 1638 αὐτοῖς.

263 1658 356 1712 19.
391 1661 499 1712 Kal
529 1656 711 1714 εἷπον⁸
751 1663 875 1727 Πῶς
903 1664 1043 1733 ἔγνω
1076 1665 1103 1717 ὁ
1135 1664 1300 1731 Θεός;

260 1750 358 1806 20.
392 1752 503 1805 Καὶ
533 1755 580 1806 εί
615 1753 730 1808 ἔστι
763 1755 964 1825 γνῶσις
994 1757 1050 1808 ἐν
1080 1755 1156 1826 τῷ
1198 1756 1457 1829 ’Υψίστῳ;

258 1843 358 1900 21.
403 1845 538 1900 Ἰδοὺ
571 1839 715 1900 οὗτοι
741 1848 789 1900 οἱ
822 1848 1135 1921 ἁμαρτωλοὶ
1169 1849 1263 1904 καὶ
1297 1849 1656 1922 εὐθηνοῦντες

264 1928 362 1993 92.
391 1939 485 2003 El;
511 1940 601 1993 τὸν
623 1941 791 1996 αἰῶνα
817 1943 1079 2012 κατέσχον
1112 1941 1364 1998 πλούτου.

259 2033 358 2088 25.
394 2033 505 2086 Καὶ
531 2028 660 2088 εἶπα
682 2051 695 2065 ⁸
726 2029 872 2105 ’Λρα
907 2037 1152 2106 ματαίως
1179 2036 1474 2092 ἐδικαίωσα
1513 2037 1612 2109 τὴν
1637 2053 1764 2109 καρ-

188 2125 312 2181 δίαν
346 2143 445 2196 μου
463 2143 479 2192 ;

263 2249 346 2321 (a)
380 2247 589 2304 Αὐτῶν
601 2252 686 2315 είς
702 2249 874 2315 τέλος
895 2252 1108 2308 desum.

1045 263 1133 318 DE
1177 263 1461 320 TI'IL'LIS
1501 262 1951 321 PSALMORUM.
1995 293 2055 303 —
2096 262 2289 318 PSAL.
2332 258 2543 316 LXXII.

1787 385 1835 442 Α
1931 382 1983 436 6.
2018 379 2083 436 Et
2115 381 2513 437 ﬁrmamentum
2549 378 2602 431 in
2634 377 2786 447 plaga
2813 385 3026 430 eorum.

3315 247 3422 314 916

1943 474 1996 528 7.
2028 473 2086 528 In
2110 473 2389 528 laboribus
2425 472 2714 528 hominum
2744 485 2852 524 non
2881 479 3004 524 sunt
3038 486 3050 524 τ

1936 567 1988 622 8.
2019 565 2086 618 Ει
2111 582 2234 620 cum
2263 565 2574 620 hominibus
2603 580 2709 619 non
2738 563 3169 634 ﬂagellabantur.

1940 659 1994 713 9.
2025 655 2151 712 Ideo
2181 656 2354 712 tenuit
2375 671 2474 712 eos
2500 653 2752 713 superbia
2781 669 2969 709 eorum
3001 654 3054 707 in
3085 651 3284 707 ﬁnem:

1942 838 2028 891 10.
2054 835 2235 906 Operti
2266 846 2392 892 sunt
2433 835 2719 905 iniquitate
2748 844 2801 888 et
2830 834 3102 904 impietate
3133 847 3264 887 sua.

1939 930 2026 983 11.
2072 929 2312 984 Prodibit
2336 928 2490 999 quasi
2511 944 2576 981 ex
2609 926 2765 996 adipe
2798 926 3058 994 iniquitas
3082 937 3271 979 eorum
3306 937 3332 980 :‘

1940 1023 2026 1077 12.
2059 1021 2415 1076 Transierunt
2448 1022 2500 1074 in
2525 1019 2773 1074 allectum
2807 1016 3011 1072 cordis.

1941 1115 2027 1169 15.
2059 1113 2461 1184 Cogitaverunt,
2492 1122 2546 1167 et
2578 1111 2743 1167 locuti
2774 1119 2900 1165 sunt
2927 1111 2980 1163 in
3009 1107 3252 1179 nequitia
3279 1121 3297 1163 :

1939 1207 2023 1262 11.
2053 1207 2390 1277 lniquitatem
2422 1206 2475 1259 in
2523 1205 2738 1260 excelso
2767 1201 2932 1257 locuti
2968 1209 3114 1256 sunt.

1942 1299 2029 1354 15.
2065 1298 2371 1353 Posuerunt
2402 1298 2456 1351 in
2485 1298 2680 1352 coelum
2706 1311 2768 1350 os
2793 1309 2952 1350 suum
2980 1312 3011 1347 ιι
3119 1324 3122 1328 -

1939 1389 2024 1445 16.
2049 1389 2115 1444 Et
2140 1390 2320 1460 lingua
2345 1403 2532 1443 eorum
2555 1387 2805 1442 transivit
2835 1387 2888 1438 in
2916 1393 3081 1438 terra.

1941 1481 2028 1542 17.
2057 1483 2184 1537 ideo
2212 1489 2556 1536 convertetur
2581 1478 2812 1549 populus
2841 1491 2994 1532 meus
3020 1476 3108 1530 hic
3137 1494 3151 1529 :

1945 1575 2032 1630 18.
2061 1573 2128 1628 Et
2158 1575 2275 1629 dies
2308 1573 2452 1643 pleni
2486 1572 2827 1626 invenientur
2860 1571 2915 1623 in
2953 1569 3051 1623 eis.

1940 1668 2029 1727 19.
2061 1666 2127 1722 Et
2148 1667 2436 1723 dixerunt:
2470 1666 2754 1734 Quomodo
2786 1663 2942 1720 scivit
2969 1660 3154 1716 Deus?

1801 1747 1844 1802 Β
1942 1761 2032 1817 20.
2070 1761 2136 1818 Et
2162 1763 2206 1818 si
2237 1771 2320 1818 est
2346 1761 2570 1817 scientia
2597 1761 2648 1815 in
2673 1758 2898 1814 Exeelso
2927 1757 2950 1808 ?

1945 1855 2038 1910 21.
2073 1853 2212 1910 Ecce
2241 1854 2344 1924 ipsi
2367 1863 2699 1924 peccatores,
2733 1860 2786 1904 et
2813 1847 3189 1904 abundantes:

1948 1947 2041 2002 22.
2075 1945 2132 2001 In
2167 1947 2367 2001 saeculo
2392 1945 2748 2000 obtinuerunt
2769 1941 3007 1998 divitias.

1947 2041 2039 2096 ‘25.
2071 2039 2139 2094 Et
2184 2039 2296 2095 dixi
2353 2057 2367 2094 :
2422 2037 2563 2108 Ergo
2606 2039 2724 2093 sine
2771 2049 2937 2091 causa
2998 2029 3290 2104 justiilcavi
3346 2043 3438 2082 cor

1877 2132 2102 2189 meum?
2118 2139 2120 2142 '

1332 2367 1708 2425 ATHANASII
1746 2367 2324 2426 INTERPRETATIO.

267 2480 328 2536 6.
361 2482 472 2534 Kal
495 2481 810 2552 ἐπιμένουσι
834 2487 898 2554 τῇ
924 2485 1166 2558 ἁμαρτίᾳ
1191 2487 1290 2558 (1).

272 2572 330 2629 7.
364 2573 441 2626 Οὐ
479 2571 788 2641 λογίζονται
822 2576 1046 2639 ἑαυτοὺς
1074 2577 1160 2629 ἵνα
1185 2577 1260 2641 ὠς
1283 2577 1513 2643 ἕκαστος
1540 2579 1646 2634 τῶν
1673 2582 1770 2634 άν-

192 2664 458 2738 θρὼπων.

267 2755 326 2810 8.
353 2755 488 2809 Οὐδὲ
536 2757 619 2810 ὅτι
666 2757 803 2828 μετὰ
844 2757 952 2810 τῶν
995 2757 1298 2830 ἀνθρώπων
1350 2762 1600 2832 μέλλουσι
1655 2765 1774 2836 κρί-

194 2847 410 2904 νεσθαι.
1039 2885 1043 2888 -

268 2940 326 2995 9.
353 2939 453 2994 Δια
484 2939 638 2994 τοῦτο
660 2941 720 2994 οὐ
757 2943 1202 3017 μετεμελήθησαν
1227 2946 1321 3000 ἐπὶ
1348 2950 1415 3020 τῇ
1442 2948 1672 3021 σπάρσει
1697 2948 1773 3021 (2)

195 3031 304 3103 τῆς
326 3030 555 3102 καρδίας
575 3030 775 3086 αὐτῶν.
1342 3086 1344 3088 ,

271 3121 365 3177 10.
403 3121 536 3184 Ταῖς
569 3119 780 3175 ἑαυτῶν
805 3121 1103 3194 ἁμαρτίαις
1133 3122 1226 3177 καὶ
1254 3121 1487 3188 ἀδικίαις
1519 3125 1775 3195 σφίγγον-

194 3235 316 3273 ται.

275 3311 365 3366 11.
396 3312 486 3364 Ἐν
517 3314 583 3382 τῇ
608 3313 803 3384 ἡμέρᾳ·
825 3312 924 3381 τῆς
964 3312 1196 3383 κρίσεως
1230 3310 1424 3382 ἰσχυρά
1457 3311 1492 3382 ἡ
1534 3309 1778 3383 ἁμαρτία

196 3404 388 3458 αὐτῶν
416 3403 701 3475 ἀναδειχθῇ
732 3405 832 3475 (5).

279 3495 371 3550 12.
401 3496 883 3568 Ἑξηκολούθησαν.

245 3609 250 3612 ·
281 3585 372 3642 15.
408 3586 762 3657 Ἐσκέψαντο,
809 3587 905 3641 κα)⁸
955 3585 1221 3657 ἐλάλησαν
1261 3583 1474 3656 πονηρά
1506 3582 1646 3638 κατὰ
1683 3581 1777 3637 τοῦ

198 3679 364 3735 Θεοῦ.

281 3771 373 3826 14.
416 3770 660 3842 Ῥήματα
691 3769 985 3840 βλάσφημα
1012 3766 1156 3822 κατὰ
1205 3765 1299 3820 τοῦ
1328 3763 1526 3838 Κυρίου
1555 3764 1628 3836 (4)
1659 3763 1782 3819 ἐλά-

199 3864 273 3939 λη
281 3882 397 3918 σαν.

280 3958 370 4013 15.
403 3957 825 4028 Δυσφημοῦντες
854 3953 994 4009 κατὰ
1021 3952 1116 4007 τοῦ
1147 3951 1303 4007 Θεοῦ.

283 4051 373 4107 16.
407 4052 516 4105 Καὶ
549 4050 789 4122 ἡδιδαχὴ
824 4048 1002 4104 αὐτῶν
1036 4047 1298 4117 κατέσχεν
1333 4045 1424 4099 ἐπὶ
1448 4046 1546 4116 τῆς
1573 4045 1696 4115 γῆς.

286 4145 375 4200 17.
405 4143 505 4196 Διὰ
537 4143 696 4196 τοῦτο
735 4142 825 4195 τὸν
865 4141 990 4194 λαόν
1025 4156 1124 4208 μου
1159 4137 1536 4209 έπισυναγάγῃ
1564 4134 1627 4206 [ὁ
1653 4134 1780 4200 λαός
1811 4177 1856 4232 D

207 4253 316 4311 μου
347 4232 854 4305 ὲπισυναγάγηται]
891 4235 948 4286 έν
983 4233 1057 4303 (5)
1102 4228 1347 4300 βασιλείᾳ
1383 4245 1502 4299 μου.

283 4328 372 4384 18.
423 4327 528 4383 Καὶ
582 4326 732 4382 οὐδὲν
791 4325 1063 4379 σκοτεινὸν
1109 4323 1268 4395 ἔργον
1304 4321 1361 4374 ὲν
1409 4320 1614 4384 αὐτοῖς,
1650 4319 1784 4374 ἀλλὰ

204 4423 304 4480 τοῦ
333 4422 510 4492 φωτὸς
534 4421 748 4475 πάντιυν
783 4415 1033 4492 [πάντα]
1088 4414 1185 4486 (6).

284 4511 372 4565 19.
411 4511 520 4564 Καὶ
579 4505 739 4562 εἶπαν
780 4511 830 4564 οἱ
874 4506 1121 4569 ἀσεϐεῖς·
1173 4501 1346 4557 Πόθεν
1405 4496 1545 4555 οἶδεν
1593 4504 1621 4554 ὁ
1654 4500 1786 4565 Θεός

202 4615 266 4656 τι
294 4600 424 4672 περὶ
457 4597 588 4669 ἐμοῦ
621 4599 696 4668 (7)
724 4615 738 4664 ;

280 4690 371 4746 20.
403 4689 506 4743 Καὶ
531 4692 578 4742 εί
609 4689 744 4752 ὅλως
769 4685 885 4740 ἐστὶ
912 4685 1130 4758 φροντὶς
1160 4683 1511 4756 περὶτούτων
1535 4682 1614 4754 τῷ
1629 4682 1779 4755 Θεῷς

281 4782 376 4838 21.
401 4783 493 4835 Ἐν
525 4780 602 4851 τῷ
633 4781 823 4850 κόσμῳ
845 4778 1198 4850 εὐθηνοῦντες
1220 4777 1320 4847 (8).

285 4875 379 4931 22.
409 4875 504 4938 Είς
528 4873 620 4926 τὸν
638 4873 809 4926 αίῶνα
828 4871 919 4924 τὸν
951 4870 1044 4924 νῦν
1068 4870 1168 4941 (9).

283 4965 376 5019 25.
414 4966 524 5018 Καὶ
551 4963 881 5034 ἐλογισάμην
903 4961 1023 5015 καθ’
1056 4961 1244 5015 ἑαυτόν
1262 4976 1277 4992 ⁸
1304 4956 1450 5032 Ἀρα
1475 4960 1549 5033 μὴ
1578 4963 1658 5026 είς
1684 4961 1786 5033 μά-

210 5070 316 5128 την
341 5057 442 5110 οὐκ
477 5055 714 5121 ἐξέδωκα
753 5056 833 5118 εἰς
885 5055 976 5107 τὸν
1023 5053 1250 5109 πλοῦτον
1299 5053 1392 5108 τοῦ
1424 5053 1627 5126 κόσμου
1659 5053 1756 5126 τὴν

208 5149 444 5223 καρδίαν
478 5164 578 5219 μου
599 5163 615 5212 ;

1952 2491 2004 2546 6.
2034 2489 2100 2544 Et
2127 2497 2350 2546 manent
2377 2489 2431 2543 in
2460 2496 2706 2559 peccato.

1949 2585 2000 2638 7.
2035 2583 2154 2639 Non
2185 2583 2535 2640 considerant
2576 2582 2787 2654 seipsos
2805 2579 2972 2636 veluti
2997 2577 3235 2648 reliquos
3265 2569 3443 2630 homi-

1881 2691 1994 2732 πρε.

1953 2766 2005 2820 8.
2035 2763 2221 2836 Neque
2271 2764 2417 2835 quod
2467 2779 2589 2819 cum
2641 2761 2762 2816 aliis
2807 2757 3118 2814 hominibus
3165 2755 3439 2821 iudicandi

1881 2865 2027 2912 sunt.

1951 2946 2004 3000 9.
2039 2941 2328 3013 Propterea
2357 2956 2454 2996 eos
2475 2955 2584 2995 non
2619 2937 2872 3011 paenituit
2905 2945 3126 3008 propter
3153 2933 3443 2991 elationem

1879 3037 2062 3092 cordis
2091 3050 2303 3090 eorum.

1951 3129 2039 3184 10.
2071 3127 2531 3199 Constringuntur
2558 3120 2818 3196 peccatis,
2837 3130 2890 3177 et
2905 3118 3281 3192 iniquitatibus
3307 3119 3442 3174 suis.

1956 3313 2042 3366 11.
2077 3309 2137 3364 In
2169 3309 2257 3364 die
2282 3305 2474 3379 iudicii
2506 3318 2668 3374 grave
2698 3301 3014 3359 ostendetur
3039 3316 3228 3357 eorum
3259 3318 3448 3372 peccao

1881 3412 2016 3460 tum.

1953 3495 2042 3550 12.
2071 3492 2254 3549 Seeuli
2288 3501 2437 3548 sunt.

1956 3589 2043 3643 15.
2069 3587 2592 3656 Consideraverunt,
2618 3598 2673 3644 et
2701 3589 2868 3645 locuti
2896 3595 3024 3644 sunt
3043 3586 3291 3657 improba
3320 3599 3449 3640 eon-

1880 3688 1964 3733 tra
1993 3677 2179 3733 Deum.

1959 3768 2045 3825 11.
2082 3766 2257 3824 Verba
2297 3766 2612 3838 blasphema
2657 3767 2826 3822 locuti
2869 3774 2997 3822 sunt
3020 3774 3214 3821 contra
3263 3762 3448 3821 Domi-

1883 3875 2034 3916 DUHL

1964 3951 2052 4008 15.
2085 3949 2490 4005 Murmurantes
2512 3955 2702 4003 contra
2725 3944 2917 4003 Deum.

1952 4042 2041 4098 16.
2079 4037 2146 4096 Et
2169 4040 2416 4096 doctrina
2441 4054 2630 4095 eorum
2662 4039 2896 4094 obtinuit
2917 4054 3082 4111 super
3105 4048 3328 4097 terram.

1959 4136 2050 4190 1'7.
2095 4134 2389 4204 Propterea
2439 4134 2672 4205 populus
2720 4148 2876 4189 meus
2924 4135 3345 4205 congregabitur
3396 4134 3451 4190 in

1885 4242 2050 4300 regno
2079 4242 2222 4282 meo.

1955 4319 2044 4374 18.
2075 4319 2143 4374 Ει
2171 4319 2378 4375 nullum
2404 4334 2544 4392 opus
2567 4320 2913 4375 tenebrosum
2943 4318 2998 4373 in
3033 4319 3187 4390 ipsis,
3218 4318 3310 4373 sed
3337 4333 3456 4372 om-

1885 4413 1976 4467 nia
2007 4413 2096 4467 lux
2131 4418 2314 4467 erunt.
3353 4443 3362 4452 ,

1957 4504 2043 4560 19.
2078 4503 2146 4559 Et
2169 4505 2428 4560 dixerunt
2458 4503 2608 4573 impii
2642 4520 2654 4556 :
2685 4499 2841 4557 Unde
2885 4500 3044 4556 scivit
3077 4499 3222 4557 Deus
3250 4499 3456 4572 aliquid

1884 4597 1951 4654 de
1975 4599 2114 4654 me?
3374 4586 3382 4595 ’

1958 4689 2048 4746 20.
2084 4688 2150 4745 Et
2171 4689 2216 4745 si
2247 4688 2356 4743 ulla
2386 4694 2470 4742 est
2499 4701 2631 4742 cura
2655 4686 2721 4741 de
2755 4686 2843 4742 bis
2873 4684 2983 4742 Deo
3008 4685 3034 4739 2

1959 4783 2053 4838 21.
2081 4780 2140 4837 In
2175 4780 2380 4835 mundo
2404 4794 2661 4850 prospere
2685 4787 2924 4851 agentes.

1956 4875 2048 4931 22.
2078 4876 2136 4928 In
2171 4875 2277 4929 hoc
2306 4873 2525 4930 smeulo.

1962 4967 2048 5022 25.
2073 4966 2138 5021 Et
2156 4965 2298 5037 apud
2328 4980 2414 5020 me
2441 4965 2620 5035 ipsum
2657 4962 2889 5035 cogitavi
2915 4985 2928 5019 :
2951 4959 3320 5033 Ergorfrustra
3343 4961 3463 5016 abs‘

1897 5059 2036 5115 tinui
2069 5075 2164 5115 cor
2192 5073 2372 5114 meum
2398 5076 2429 5113 a
2455 5058 2645 5113 mundi
2672 5055 2915 5112 divitiis?

1171 5259 1480 5323 Addenda
1531 5267 1594 5324 et
1624 5260 1999 5342 corrigenda
2032 5278 2110 5324 ex
2141 5258 2284 5323 cod.
2309 5257 2492 5321 Vatic

283 5387 367 5461 (1)
393 5388 682 5461 γἈμαρτ-ίᾳ
709 5384 906 5441 αὐτῶν.

306 5460 364 5519 Ξ)
390 5459 676 5531 Ἐπάρσει.

313 5531 365 5601 5)
389 5528 783 5601 Ἀναδειχθείη.

311 5600 367 5670 4)
400 5600 559 5655 Θεοῦ.

307 5669 362 5734 5)
399 5671 820 5739 Ἐπισυναγάγω
846 5687 904 5724 εν
934 5669 1024 5740 τῇ.

1970 5384 2048 5456 (6)
2073 5381 2236 5440 Ἀλλὰ
2253 5385 2434 5456 πλήρη
2460 5380 2552 5435 τοῦ
2575 5379 2759 5456 φωτὸς
2785 5380 2988 5437 πάντα.

1999 5452 2054 5523 7)
2095 5459 2152 5510 '0
2182 5455 2334 5518 Θεὸς,
2349 5452 2432 5510 τί
2447 5452 2601 5505 ποιοῦ
2611 5469 2730 5522 μεν.

1999 5461 2054 5523 7)
2095 5461 2152 5510 Ὀ
2182 5461 2334 5518 Θεὸς,
2363 5461 2416 5510 τί

1975 5461 2034 5599 ἶ8
2085 5525 2441 5596 Εὑθηνοῦσιν.

1975 5526 2056 5671 [9)
2085 5597 2201 5652 Νῦν
2222 5595 2441 5666 κατέσχε

1966 5591 2056 5671 (9)
2085 5597 2201 5652 Νῦν
2222 5591 2485 5666 κατέσχον
2510 5591 2761 5647 πλούτου.
