3728 6368
276 308 391 379 947
1124 317 1179 373 S.
1226 317 1593 376 ATHANASII
1632 322 1784 379 OPP.
1824 322 1863 377 P

2051 321 2128 379 ιιι.
2162 354 2233 367 -
2277 304 2702 379 EXECETICA.’
3414 324 3539 381 ats‘

358 429 452 485 24.
482 430 548 488 Et
578 432 683 489 lavi
710 434 852 492 inter
877 435 1195 494 innocentes
1227 455 1424 497 manus
1453 458 1621 501 meas.

2051 446 2108 499 ιι.
2140 446 2248 499 Kal
2284 445 2555 515 ἐνιψάμην
2586 445 2644 497 ἐν
2670 440 2867 504 ἀθώοις
2893 442 2992 508 τὰς
3016 443 3199 515 χεῖράς
3224 460 3346 515 μου.

359 521 452 577 ‘25.
477 520 544 578 Et
573 522 649 579 fui
674 525 972 595 llagellatus
992 536 1104 583 tota
1132 528 1220 585 die
1246 548 1262 584 :

2051 538 2119 591 l5.
2149 539 2258 591 Kal
2301 537 2569 609 ἐγενόμην
2617 535 3102 608 μεμαστιγωμένος
3140 536 3268 608 ὅλην
3311 539 3414 610 τὴν
3453 536 3519 612 ἠ-

1964 629 2137 684 ιιέοαν
2159 648 2175 663 ·

360 699 450 754 26.
499 699 561 756 Et
583 703 865 774 castigatio
899 721 1017 763 mea
1050 708 1105 762 in
1132 710 1436 767 matutinis.

2051 649 2137 685 Dav
2159 649 2175 663 ·

2051 692 2117 777 l6.
2147 723 2256 776 Kal
2284 724 2313 776 ὁ
2348 722 2564 792 ἔλεγχός
2600 739 2699 793 μου
2731 723 2808 785 εἰς
2834 720 2932 785 τὰς
2959 722 3185 793 πρωίας.

359 791 449 846 27.
502 790 558 847 Si
588 793 854 861 dicebam,
885 799 1118 855 narrabo
1150 801 1232 857 sic
1265 817 1279 853 :

2051 814 2119 867 Π.
2154 815 2218 867 El
2244 790 2455 882 ἔλεγον.
2474 790 2803 886 διηγήσομαι
2826 790 3027 877 οὓτως-ο

352 882 442 976 58.
506 883 646 941 Ecce
676 887 952 945 nationem
989 892 1225 948 ﬁliorum
1267 902 1481 949 tuorum
1512 895 1815 965 reprobavi.

2051 904 2117 958 l8.
2158 905 2286 958 Ἰδοὺ
2311 907 2378 976 τῇ
2408 882 2857 975 γενεᾷιτῶννυῐῶν
2889 921 2979 956 σου
3007 903 3367 975 ὴσυνθὲτηκα.

353 972 443 1028 29.
494 975 561 1032 Et
599 977 978 1037 existimabam
1025 994 1083 1039 ut
1119 1000 1549 1056 cognoscerem:

2051 996 2113 1050 l9.
2150 994 2260 1049 Kal
2288 996 2556 1049 ὑπέλαϐον
2579 994 2672 1049 τοῦ
2702 994 2932 1064 γνῶναι·

360 1065 451 1122 50.
495 1065 609 1125 Hoc
636 1070 789 1127 labor
816 1081 902 1129 est
940 1084 1064 1131 ante
1093 1092 1202 1132 me.

2051 1085 2121 1139 50.
2154 1086 2324 1139 Τοῦτο
2351 1087 2518 1150 κόπος
2548 1089 2695 1142 ἐστὶν
2719 1087 2944 1149 ἐνώπιόν
2979 1106 3079 1159 μου
3111 1088 3205 1159 (α).

359 1160 448 1217 51.
495 1162 676 1221 Donec
702 1166 898 1222 intrem
944 1168 998 1222 in
1032 1172 1398 1227 sanctuarium
1437 1171 1529 1226 Dei
1562 1190 1575 1225 :

2051 1178 2119 1231 il.
2151 1177 2300 1241 Ἕως
2327 1170 2387 1231 οὗ
2413 1179 2639 1233 εἰσέλθω
2670 1184 2750 1245 εἰς
2780 1182 2839 1235 τὺ
2866 1184 3215 1254 ἀγιαστήριον
3236 1177 3330 1232 τοῦ
3355 1176 3519 1232 Θεοῧο

359 1251 449 1307 52.
500 1253 568 1309 Et
598 1255 894 1328 intelligam
948 1259 1003 1312 in
1046 1262 1358 1318 novissimis
1382 1279 1589 1318 eorum.

2051 1268 2119 1322 52.
2158 1270 2268 1322 Kal
2295 1270 2436 1323 συνῶ
2465 1273 2543 1335 εὶς
2577 1270 2645 1324 τὰ
2671 1271 2872 1342 ἔσχατα
2898 1251 3095 1326 αὐτῶν.

321 1435 333 1447 .
359 1343 449 1399 55.
482 1343 881 1491 ‘Verumtamen
922 1363 1142 1423 propter
1181 1355 1336 1410 dolos
1382 1370 1570 1410 eorum
1624 1354 1854 1424 posuisti

321 1451 366 1490 IS
392 1451 479 1491 ma
504 1452 531 1491 a
558 1457 573 1491 :

2051 1361 2112 1413 ὶ5.
2164 1361 2310 1434 Πλὴν
2348 1362 2437 1416 διὰ
2470 1362 2569 1427 τὰς
2624 1363 2933 1436 δολιότητας
2964 1363 3137 1419 αὐτῶν
3184 1362 3306 1416 ἔθου
3339 1360 3521 1424 αὐτοῖς

2051 1450 2099 1491 νά
2121 1467 2135 1480 -

287 1450 366 1490 ets
392 1450 531 1492 mata
558 1457 573 1493 ε

2051 1450 2135 1503 ια’

359 1526 449 1580 54.
505 1526 758 1599 Dejecisti
801 1547 896 1589 eos
928 1534 1058 1590 dum
1087 1537 1473 1591 allevarentur.

2051 1541 2113 1596 4.
2142 1542 2454 1607 Κατέϐαλες
2479 1542 2676 1609 αὐτοὺς
2706 1547 2763 1599 ὲν
2787 1545 2864 1616 τῷ
2888 1546 3206 1618 ἐπαρθῆναι.

360 1618 450 1673 55.
502 1618 786 1686 Quomodo
815 1623 943 1681 facti
980 1637 1107 1683 sunt
1140 1628 1193 1681 in
1220 1626 1648 1683 desolationem?

2051 1629 2109 1685 ὅ.
2143 1629 2267 1695 Πῶς
2285 1631 2356 1704 (b)
2380 1632 2626 1701 ἐγένοντο
2655 1636 2735 1697 εἰς
2763 1636 3069 1705 ὲρήμωσιν;

361 1709 447 1763 56.
503 1708 696 1767 Subito
723 1713 1060 1787 defecerunt,
1088 1721 1369 1789 perierunt
1397 1727 1617 1790 propter
1649 1715 1850 1787 iniqui-

2051 1720 2116 1775 56.
2163 1722 2422 1788 Ἐξάπινα
2452 1724 2712 1789 ἐξέλιπον,
2747 1725 3020 1780 ἀπώλοντο
3058 1726 3145 1780 διὰ
3174 1725 3271 1796 τὴν
3299 1723 3525 1794 ἀνομίαν

295 1808 457 1855 tatem
488 1817 666 1858 suam.

2051 1811 2157 1868 τῶν.

341 1893 450 1947 .57.
491 1895 649 1951 Velut
675 1898 947 1955 somnium
981 1904 1271 1972 surgentis,

2051 1903 2118 1958 i7.
2161 1905 2307 1958 Ὦσεὶ
2335 1907 2583 1962 ἐνύπνιον
2610 1908 3035 1982 ὲξεγειρομένου,

360 1982 451 2037 58.
501 1983 747 2054 Domine,
778 1989 835 2044 in
880 1992 1097 2049 civitate
1142 2004 1234 2051 tua
1284 1993 1572 2066 imaginem
1604 1991 1845 2061 ipsorum

2051 1995 2119 2049 38.
2170 1997 2376 2069 Κύριε,
2421 2001 2478 2053 ὲν
2521 2003 2586 2071 τῇ
2639 2002 2791 2055 πόλει
2835 2019 2926 2055 σου
2978 2002 3075 2073 τὴν
3119 2001 3305 2054 εἰκόνα
3349 1998 3529 2053 αὐτῶν

291 2077 358 2131 ad
389 2078 617 2135 nihilum
645 2082 874 2154 rediges.

2051 2084 2341 2152 θδενώσεις.

369 2170 455 2226 59.
502 2172 641 2239 Quia
685 2173 1077 2232 inﬂammatum
1105 2186 1188 2233 est
1229 2192 1323 2233 cor
1354 2190 1559 2239 meum,
1603 2182 1657 2228 et
1692 2184 1849 2226 renes

2051 2174 2115 2233 i9.
2148 2178 2270 2231 Ὅτι
2298 2180 2561 2254 ἐξεκαύθη
2597 2185 2629 2255 ἡ
2654 2183 2847 2257 καρδία
2874 2202 2994 2255 μου,
3021 2184 3112 2237 καὶ
3136 2183 3186 2236 οἱ
3211 2180 3403 2255 νεφροί
3430 2197 3526 2253 μου

295 2260 398 2314 mei
425 2263 743 2319 commutati
780 2271 928 2320 sunt.

2052 2266 2336 2340 οιὼθησαν.

366 2369 442 2446 (ᾳ)
472 2372 744 2446 Ἐνάντιόν
774 2393 895 2446 μου.
931 2377 1000 2430 At
1033 2378 1084 2431 in
1118 2392 1316 2446 marg.,
1350 2375 1578 2431 ἐνώπιόν
1614 2393 1733 2446 μου.

365 2438 439 2512 (ὁ)
472 2438 628 2498 Vers.
654 2445 743 2510 55,
771 2438 913 2512 Πῶς,
946 2456 1074 2513 eta.,
1101 2438 1345 2512 ὲξάπῖνα.
1380 2446 1532 2503 Vers.
1559 2438 1649 2512 56,
1688 2443 1861 2511 Ἐξέλι

2051 2453 2119 2500 lc.

1413 2566 1785 2623 ATHANASII
1819 2564 2405 2625 INTERPRETATIO.

362 2673 454 2730 24.
487 2673 551 2731 Et
579 2678 869 2735 emundavi
898 2694 1135 2739 mentem
1167 2700 1340 2739 meam
1368 2685 1436 2740 ab
1460 2684 1612 2755 ipsis.

2051 2683 2134 2739 24.
2169 2684 2272 2738 Kal
2298 2686 2598 2758 ἐκαθάρισα
2624 2687 2719 2759 τὴν
2745 2683 2981 2740 διάνοιάν
3008 2699 3108 2753 μου
3142 2681 3236 2734 ἀπ’
3257 2678 3458 2733 αὐτῶν.

299 2858 333 2912 b
365 2764 548 2913 255.13:
573 2770 728 2842 plaga
774 2775 959 2830 statim
1005 2778 1151 2832 venit
1189 2793 1352 2849 super
1393 2792 1500 2842 me,
1529 2777 1705 2832 solum
1734 2773 1862 2845 quia

338 2873 403 2914 oc
466 2876 560 2914 nu.

2051 2777 2129 2832 25.
2160 2780 2269 2832 Kal
2302 2778 2481 2852 πληγὴ
2508 2781 2708 2844 εὐθέως
2732 2776 2893 2850 ἦλθεν
2925 2778 3012 2829 ἐπ’
3039 2773 3159 2846 ἐμὲ,
3206 2772 3368 2843 μόνον
3402 2771 3531 2825 εἶπα

2051 2888 2141 2914 rm-

542 2898 560 2913 ο
1967 2887 2142 2923 τουτο.

366 2947 457 3003 26.
495 2948 562 3005 Ει
589 2951 873 3023 evigilans,
899 2970 994 3010 cor
1020 2971 1108 3011 me
1132 2957 1431 3017 damnavit.

2051 2962 2125 3017 26.
2157 2962 2267 3016 Kal
2295 2963 2637 3035 ἀνανήφουσα
2656 3003 2671 3027 ,
2700 2959 3064 3029 κατεγίνωσκὲ
3103 2976 3204 3030 μου
3244 2959 3279 3028 ἡ
3315 2955 3526 3028 καρδία.

362 3040 462 3108 27,
496 3042 588 3100 28.
634 3043 703 3099 Et
749 3044 992 3100 dicebam
1043 3045 1188 3103 Deo:
1236 3046 1479 3104 Narrabo
1526 3046 1858 3120 generationi

2051 3054 2124 3117 27,
2157 3053 2247 3110 28.
2283 3056 2393 3108 Kal
2438 3056 2617 3125 ἔλεγον
2659 3056 2735 3126 (1)
2785 3053 2862 3124 τῷ
2908 3052 3027 3123 Θεῷ
3046 3052 3086 3091 ’ἶ
3101 3051 3439 3119 Διηγήσομαι
3466 3050 3563 3119 τῇ·

300 3139 537 3194 ﬁliorum
566 3149 808 3203 tuorum,
851 3140 938 3195 cui
978 3149 1241 3209 praecepta
1272 3138 1488 3203 dedisti,
1520 3100 1664 3209 auod
1713 3139 1758 3193 si
1789 3139 1862 3193 ita

2051 3147 2126 3215 ιεᾷ
2157 3144 2263 3199 τῶν
2296 3145 2426 3199 υἱῶν
2454 3100 2568 3208 σου,
2658 3100 2924 3209 ὲνετείλω,
2946 3106 3048 3207 ὅτι,
3081 3143 3165 3194 ἵνα
3196 3140 3340 3212 [ἐὰν]
3365 3138 3533 3201 οὕτως

301 3230 557 3301 cegitavi,
604 3237 659 3284 et
704 3231 992 3286 aemulatus
1047 3246 1168 3285 sum
1224 3240 1571 3302 peccatorum
1619 3230 1858 3295 divitias,

2051 3237 2294 3308 'icmpat,
2329 3238 2419 3290 καὶ
2453 3236 2679 3307 ζηλὼσω
2720 3235 3071 3307 [ἐλογισάμην
3093 3272 3109 3295 ,
3140 3232 3234 3284 καὶ
3266 3226 3533 3302 ἐζήλωσα]

302 3324 466 3378 etiam
500 3319 799 3391 ﬂagellatus
836 3338 957 3379 sum
983 3338 1015 3378 a
1042 3321 1170 3379 Deo.

2051 3344 2056 3370 ν
2085 3327 2311 3381 πλοῦτον
2339 3327 2446 3381 τῶν
2473 3326 2827 3399 ἁμαρτωλῶν,
2855 3328 2948 3379 xal
2972 3323 3356 3397 ὲμαστιγώθην
3388 3322 3535 3394 παρὰ

373 3496 465 3562 29,
507 3497 596 3552 50.
636 3497 989 3554 Consideravi
1039 3509 1093 3554 et
1117 3500 1369 3570 cognovi,
1399 3499 1544 3570 quod
1590 3497 1863 3554 tribulatio

2051 3419 2056 3469 ἱ
2091 3419 2243 3474 Θεοῦ.

2051 3512 2124 3576 l9,
2154 3511 2242 3568 50.
2282 3510 2668 3582 Ἐνεθυμήθην,
2708 3512 2801 3566 καὶ
2843 3509 3004 3579 ἔγνω,
3046 3510 3127 3562 ὅτι
3173 3506 3352 3576 θλίψις
3384 3503 3533 3556 σύνε-

306 3588 551 3645 constitit
588 3590 642 3644 in
670 3590 874 3644 mundo
904 3591 1164 3647 adversus
1198 3606 1302 3646 me.

2051 3629 2052 3636 η
2094 3603 2372 3677 [συνέστη]
2400 3606 2460 3658 ὲν
2489 3602 2568 3674 τῷ
2604 3602 2789 3673 κόσμῳ
2814 3600 2892 3672 τῷ
2916 3600 3198 3656 κατέναντι
3247 3598 3325 3670 (2)
3360 3596 3539 3669 [κατέ-

1973 3700 2121 3753 ναντε
2159 3716 2257 3769 μου
2274 3697 2316 3769 ].

2041 3789 2128 3844 51.
2158 3791 2302 3852 Ἕως
2329 3784 2389 3844 οὗ
2413 3787 2663 3842 ἀναλύσω
2688 3785 2823 3857 πρὸς
2852 3785 2944 3839 τὸν
2974 3784 3108 3837 Θεόν
3139 3801 3263 3855 μου.
3367 3803 3370 3807 ’

2042 3878 2131 3932 52.
2188 3878 2299 3931 Kal
2358 3878 2478 3930 τότε
2528 3876 2638 3949 ὀρῶ
2695 3876 2747 3929 τί
2787 3875 2939 3929 ἔσται
2983 3875 3159 3928 πάντα
3228 3872 3296 3927 τὰ
3342 3871 3544 3943 ἔσχατα

1972 3969 2079 4022 τῶν
2108 3970 2182 4039 (5)
2210 3968 2569 4041 ἁμαρτωλῶν.

2041 4061 2129 4114 55.
2178 4062 2362 4131 Ὅμως
2430 4061 2509 4129 (4)
2545 4059 2632 4113 διὰ
2700 4057 2799 4122 τὰς
2844 4057 3120 4130 ἁμαρτίας
3169 4055 3350 4109 αὐτῶν
3418 4054 3538 4107 εὐτε

1980 4152 2207 4226 ρέπισας
2223 4152 2404 4215 αὐτοῖς
2434 4151 2679 4215 κολάσεις
2709 4151 2932 4213 αἰωνίας

2053 4243 2141 4297 54.
2170 4243 2564 4314 Διεσκόρπισας
2605 4242 2800 4305 αὐτοὺς
2840 4240 2950 4293 ἀπὸ
2998 4238 3091 4293 σοῦ
3124 4239 3216 4293 διὰ
3250 4238 3348 4310 τὴν
3379 4237 3571 4307 ὑπερ-.

375 3765 467 3819 51.
512 3764 694 3820 Donec
721 3775 962 3823 revertar
985 3768 1053 3823 ad
1080 3767 1246 3824 Deum
1279 3783 1482 3823 meum.

376 3855 467 3909 52.
515 3856 584 3910 Ει
618 3863 747 3911 tunc
776 3857 993 3922 videbo,
1022 3875 1143 3932 quae
1166 3868 1329 3914 erunt
1356 3858 1539 3914 omnia
1573 3855 1869 3911 novissima

308 3954 680 4016 peccatorum.

377 4037 469 4091 55.
509 4034 892 4091 Verumtamen
927 4044 1147 4105 propter
1186 4042 1406 4103 peccata
1447 4049 1638 4089 eorum
1666 4051 1873 4106 orepa-

308 4128 442 4182 rasti
484 4127 566 4183 eis
589 4128 855 4199 supplicia
883 4139 1103 4182 aeterna.

379 4217 469 4274 54.
517 4217 833 4289 Dispersisti
860 4233 957 4274 eos
980 4234 1011 4273 a
1040 4227 1092 4272 te
1116 4226 1338 4288 propter
1360 4217 1670 4288 superbiam
1695 4216 1884 4274 cordis.

307 4325 534 4404 “Tm:
735 4402 750 4404 _
1029 4401 1040 4404 A
1146 4401 1156 4404 A
1978 4332 2242 4404 ηφάνειαν
2273 4332 2370 4400 τῆς
2400 4331 2624 4402 καρδίας
2648 4330 2841 4384 αὐτῶν.

379 4402 469 4457 55.
502 4402 787 4469 Quomodo
815 4401 1158 4457 exterminati
1188 4404 1358 4457 sunt?

2052 4425 2138 4480 55.
2170 4423 2292 4486 Πῶς
2319 4401 2562 4489 ἐγένοντο
2587 4423 2665 4481 εἰς
2692 4419 2993 4490 ἀφανισμόν
3017 4435 3032 4484 ;

380 4494 473 4549 56.
517 4494 714 4548 Mortui
764 4503 912 4556 sunt,
961 4502 1016 4550 et
1057 4494 1339 4564 perierunt
1377 4502 1597 4565 propter
1648 4494 1863 4564 injustas

383 4600 502 4636 rum
528 4584 767 4639 divitias.

2051 4518 2138 4572 56.
2177 4514 2501 4580 Ἀπέθανον,
2530 4514 2622 4568 καὶ
2644 4510 2920 4566 ἀπώλοντο
2950 4510 3039 4564 διὰ
3060 4508 3149 4563 τὸν
3175 4508 3356 4562 ἄδικον
3389 4505 3543 4560 πλοῦ-

2051 4629 2069 4639 ..
2092 4607 2268 4639 ...ι-..Ἃιι

312 4598 502 4637 eorum
528 4594 767 4640 divitias.

381 4675 473 4729 57.
515 4673 983 4740 Quemadmodum
1031 4672 1310 4728 dormiens
1339 4683 1486 4728 amat
1524 4689 1665 4744 saepe
1700 4690 1760 4731 se
1799 4674 1882 4746 ip-

312 4783 436 4824 Sum
473 4768 528 4820 in
561 4766 767 4822 divitiis
797 4782 940 4830 esse,
975 4764 1390 4836 expergefactus
1417 4775 1597 4820 autem
1632 4766 1767 4821 nihil
1797 4767 1881 4821 in-

310 4858 480 4920 venit,
523 4859 596 4912 ita
628 4858 859 4927 contigit
889 4858 1054 4912 etiam
1085 4856 1169 4910 his
1192 4856 1337 4910 circa
1375 4856 1592 4911 divitias
1622 4872 1770 4912 suas.

397 4950 487 5005 58.
534 4948 786 5015 Domine,
835 4950 889 5002 in
917 4963 1154 5018 superna
1197 4945 1497 5002 Jerusalem
1528 4948 1753 5018 abjicies
1786 4963 1881 5004 eos

314 5056 343 5094 a
369 5042 505 5097 faeie
533 5050 647 5095 tua.

387 5134 474 5187 59.
521 5131 793 5199 Quoniam
845 5130 1140 5185 tribulatus
1171 5145 1291 5185 sum
1324 5129 1378 5182 in
1420 5131 1643 5193 mundo,
1674 5140 1726 5184 et
1765 5147 1882 5186 om-

316 5222 447 5276 nino
480 5229 857 5291 consumptus.

1979 4627 2069 4664 τον
2092 4607 2290 4662 αὐτῶν.

2056 4701 2145 4754 57.
2176 4700 2385 4769 ’Ὠσπερ
2447 4699 2475 4750 ὁ
2519 4696 2971 4765 ὲνυπνιαζόμενος
3025 4694 3127 4765 ἐρᾷ
3174 4692 3252 4764 (5)
3294 4690 3545 4751 πολλάκις

1983 4790 2172 4845 ἑαυτὸν
2203 4791 2259 4841 ἐν
2301 4786 2514 4857 πλούτῳ
2539 4786 2686 4849 ὄντα,
2715 4786 2781 4838 δι’
2819 4783 3104 4857 ὑπρισθεὶς
3133 4784 3189 4836 δὲ
3230 4784 3382 4836 οὐδὲν
3417 4782 3541 4851 ἔχει,

1985 4882 2126 4937 οὕτω
2154 4882 2344 4950 γέγονε
2373 4878 2466 4931 καὶ
2495 4877 2702 4940 τούτοις
2735 4880 2762 4930 ὁ
2791 4875 3018 4939 πλοῦτος
3045 4874 3245 4928 αὐτῶν.

2057 4974 2145 5030 58.
2176 4972 2371 5044 Κύριε,
2405 4972 2460 5022 ὲν
2484 4972 2550 5040 τῇ
2582 4971 2691 5025 ἄνω
2726 4966 3076 5038 Ἰερουσαλὴμ
3110 4963 3427 5036 ἀπορρίψας
3449 4959 3542 5013 αὑ-

1983 5070 2109 5132 τοὺς
2143 5066 2246 5120 ἀπὸ
2281 5065 2351 5135 (6)
2380 5060 2670 5134 προσώπου
2698 5077 2811 5113 σου.

2058 5161 2145 5215 59.
2164 5159 2289 5209 "Ott
2320 5152 2610 5224 ὲθλιϐόμην
2638 5154 2694 5204 ὲν
2714 5149 2790 5220 τῷ
2815 5150 3026 5219 κόσμῳ,
3053 5147 3146 5201 καὶ
3174 5147 3374 5217 sccian
3396 5144 3542 5205 ὅλως.
3576 5186 3583 5193 .

1262 5311 1571 5373 Addenda
1602 5322 1662 5374 et
1699 5318 2076 5398 corrigenda
2103 5334 2183 5380 ex
2228 5310 2369 5373 cod.
2403 5309 2603 5372 Vatic.

387 5419 462 5493 (l)
491 5419 601 5472 Kal
642 5418 703 5493 εἰΔ
736 5418 941 5493 ξλεγον,
970 5426 1098 5479 etc.,
1130 5417 1212 5470 ὅτι
1246 5415 1418 5480 οὕτως
1443 5417 1747 5488 λογίσομαι,
1779 5431 1863 5478 etc

2064 5422 2139 5493 (.i)
2176 5416 2426 5493 Ὁμοίως,
2480 5422 2609 5475 εις..
2645 5411 2968 5481 εὐτρέπισα,
2997 5418 3125 5475 elc.,
3156 5407 3249 5465 sed
3283 5406 3445 5461 altera
3468 5401 3548 5455 le-

320 5486 703 5559 Uitimumacarl
729 5485 921 5559 deeSt.
1164 5557 1171 5559 Α
1238 5557 1245 5559 _
1472 5558 1477 5559 γ
1990 5485 2098 5548 οιίὸ
2129 5485 2479 5559 praeferenda.

389 5536 1034 5644 {é)"i{&i';'év§65{.¥,en_v.
1093 5557 1423 5644 ..εει-ιηετνωμ,
1465 5558 1546 5610 δτι
1586 5558 1760 5630 θλίψις
1792 5563 1885 5618 νῦν
1991 5536 2653 5644 ””ὧ)¹’”ῷέίᾷ,ἐιρ-ς,ιηοι
2696 5546 3049 5615 διυπνισθείςι
3083 5556 3223 5611 etc»
3460 5536 3554 5610 τέ·

317 5623 463 5701 ἐστιν
601 5626 676 5694 τῷ
703 5623 900 5701 adsilui
920 5623 997 5697 τῷ
1024 5626 1163 5701 κατὰ
1188 5627 1484 5701 Θεὸνῃὸντι.
1683 5623 1693 5630 ’
1740 5623 1752 5626 ⁷
1986 5623 2142 5701 γονεν
2168 5623 2315 5701 οὐδὲν
2342 5623 2454 5701 καί,
2485 5634 2586 5678 etc.

386 5696 467 5765 (5)
498 5691 688 5749 Ἔσται
714 5695 784 5747 τὰ
807 5691 1011 5766 ἔσχατα
1043 5698 1256 5750 πάντων
1282 5696 1409 5762 τῶν,
1440 5706 1545 5753 etc.
2000 5691 2011 5701 ’
2061 5701 2139 5773 (6)
2183 5695 2315 5750 ’Λπὸ
2340 5691 2431 5746 τοῦ
2452 5725 2466 5737 ι
