3776 6280
141 291 241 348 939

198 408 292 462 40.
321 405 491 477 Κάγὼ
517 406 959 476 ὲξουδενωμένος,
990 406 1084 459 καὶ
1111 407 1211 459 οὐκ
1234 404 1403 474 ἔγνων
1421 423 1436 435 ·

204 496 297 551 41.
322 495 617 567 Κτηνώδης
644 495 907 566 ἐγενήθην
946 493 1095 565 παρὰ
1129 493 1228 548 σοί.

203 584 297 641 42.
328 585 499 655 Κάγὼ
525 585 815 648 διαπαντὸς
846 586 983 655 μετὰ
1012 584 1104 636 σοῦ
1125 600 1139 613 ο

202 675 294 731 45.
339 677 679 748 Ἐκράτησας
706 676 805 746 τῆς
832 676 1011 747 χειρὸς
1032 677 1131 745 τῆς
1153 674 1330 740 δεξιᾶς
1363 694 1461 747 μου
1482 694 1495 708 ο

203 766 295 821 44.
320 768 432 820 Kal
465 770 524 821 ὲν
544 770 612 838 τῇ
646 767 805 838 βουλῇ
837 785 930 820 σου
959 767 1246 839 manu;
1275 784 1373 839 με·

203 856 296 911 45.
324 858 435 910 Kal
467 858 604 927 μετὰ
629 856 784 928 δόξης
813 856 1147 924 προσελάὸου
1181 873 1267 927 με.

205 950 296 1003 46.
329 950 396 1003 Τί
420 949 532 1021 γάρ
565 967 655 1020 μοι
678 949 915 1019 ὑπάρχει
947 950 1004 1001 ἐν
1032 949 1108 1019 τῷ
1139 948 1377 1021 οὐρανῷ;

205 1041 297 1095 47.
330 1042 441 1094 Kal
465 1041 614 1113 παρὰ
642 1040 735 1094 σοῦ
764 1040 817 1093 τί
845 1040 1083 1110 ἠθέλησα
1112 1042 1204 1093 ἐπὶ
1233 1042 1330 1113 τῆς
1355 1041 1490 1112 γῆςς

204 1133 293 1189 48.
337 1133 614 1199 Ἐξέλιπεν
664 1136 696 1204 ἡ
731 1133 926 1205 καρδία
960 1149 1060 1203 μου
1096 1132 1189 1186 xal
1234 1134 1266 1204 ἡ
1314 1132 1447 1205 σάρξ
1490 1151 1588 1206 μου
1614 1173 1628 1198 ,
1677 1134 1706 1186 ὁ

135 1223 265 1289 Θεὸς
294 1225 373 1295 (α)
400 1225 501 1296 τῆς
526 1224 751 1295 καρδίας
784 1240 886 1295 μου
908 1240 924 1255 ’

200 1316 291 1370 49.
318 1316 430 1368 Καὶ
456 1317 489 1387 ἡ
524 1316 681 1387 μερίς
709 1333 808 1386 μον
836 1316 864 1368 ὁ
888 1313 1020 1378 Θεὸς
1050 1316 1130 1378 είς
1154 1315 1246 1369 τὸν
1270 1317 1459 1371 αἰῶνα.

199 1406 289 1461 50.
338 1406 464 1460 Ὀτι
515 1407 624 1460 ἰδοὺ
679 1408 730 1460 οἱ
782 1405 1146 1478 μακρύνοντες
1187 1409 1414 1474 ἑαυτοὺς
1453 1410 1560 1463 ἀπὸ
1610 1410 1704 1464 σοῦ

132 1494 459 1553 ἀπολοῦνται
475 1513 489 1527 ·

202 1587 291 1641 51.
337 1585 772 1658 Ἐξωλόθρευσας
799 1588 974 1642 πάντα
992 1588 1083 1642 τὸν
1112 1589 1438 1662 πορνεύοντα
1460 1589 1568 1643 ἀπὸ
1589 1589 1704 1647 σοῦ.

194 1678 287 1735 52.
322 1679 481 1749 Ἐμοὶ
506 1677 561 1732 δὲ
586 1678 648 1731 τὸ
670 1678 1103 1750 προσκολλᾶςοαι
1119 1680 1196 1750 τῷ
1214 1679 1330 1751 Θεῷ
1352 1679 1555 1750 ἀγαθόν
1569 1683 1702 1734 ἐστι·

195 1768 287 1825 55.
314 1769 577 1823 Τίθεσθαι
601 1771 657 1823 ὲν
682 1770 761 1841 τῷ
787 1771 974 1843 Κυρίῳ
1002 1773 1099 1844 τὴν
1132 1773 1319 1826 ἐλπίδα
1352 1791 1474 1844 μου.

197 1858 289 1913 54.
318 1859 427 1912 Τοῦ
451 1858 760 1929 ἐξαγγεῖλαι
794 1878 861 1931 με
891 1861 1069 1926 πάσας
1097 1861 1195 1925 τὰς
1225 1863 1457 1927 αἰνέσεις
1483 1880 1600 1927 σου,

196 1947 289 2003 55.
334 1949 566 2014 Ἐνταίς
590 1951 783 2016 πύλαις
807 1952 909 2023 τῆς
940 1951 1207 2021 θυγατρὸς
1232 1950 1390 2006 Σιών.

198 2122 278 2198 ea)
311 2122 586 2192 Vers.49,
627 2127 685 2179 '0
708 2125 860 2192 Θεός,
894 2139 1023 2192 οεο..
1052 2128 1143 2183 τὸν
1166 2128 1357 2185 αἰῶνα.

995 285 1080 339 οε
1129 286 1405 344 mnus
1444 264 1893 341 PSALMORUM.
1950 318 2018 327 -
2056 284 2248 340 PSAL.
2291 281 2497 339 Lxxn.

1730 421 1774 473 Α
1884 403 1974 459 40.
2034 401 2101 457 Ει
2133 418 2233 474 ego
2265 403 2331 457 ad
2357 400 2590 456 nihilum
2619 396 2870 453 redactus
2896 411 3040 463 sum,
3064 404 3117 449 et
3145 392 3383 451 nescivi:

3281 275 3382 332 930

1891 497 1980 551 41.
2041 494 2355 551 Jumentum
2388 493 2564 548 factus
2591 507 2712 546 sum
2741 490 2880 560 apud
2909 496 2977 543 lc.

1888 589 1977 643 42.
2031 589 2097 643 Et
2133 603 2234 659 ego
2271 601 2486 656 semper
2509 594 2684 639 tecum
2715 600 2729 637 :

1891 678 1981 732 45.
2038 676 2283 732 Tenuisti
2313 689 2533 729 manum
2564 673 2835 728 dexteram
2862 684 3036 724 meam
3065 687 3079 702 ·

1883 771 1974 825 44.
2031 768 2096 824 Et
2126 769 2183 822 in
2215 766 2445 822 consilio
2474 774 2566 819 tuo
2591 763 2859 820 deduxisti
2901 777 3026 817 me:

1887 860 1974 915 45.
2032 857 2099 914 Et
2125 873 2248 914 cum
2279 856 2449 927 gloria
2480 854 2766 924 suscepisti
2801 869 2906 908 me.

1887 951 1980 1006 46.
2039 950 2179 1018 Quid
2206 949 2348 1004 enim
2383 947 2516 1002 milii
2546 956 2625 1003 est
2659 946 2712 1001 in
2740 945 2911 1001 caelo?

1898 1043 1988 1099 47.
2049 1042 2111 1098 Et
2142 1059 2173 1096 a
2215 1050 2267 1097 te
2296 1041 2427 1112 quid
2454 1040 2602 1095 volui
2634 1054 2797 1109 super
2829 1037 3067 1093 terram?

1897 1135 1987 1191 48.
2040 1133 2246 1189 Deiecit
2271 1148 2399 1189 caro
2444 1147 2564 1188 mea
2595 1141 2648 1186 et
2679 1145 2773 1185 cor
2804 1144 3007 1188 meum.
3034 1126 3176 1183 Deus
3208 1128 3382 1183 cordis

1813 1229 1917 1283 ntei
1951 1244 1967 1283 :

1894 1318 1985 1373 49.
2042 1315 2110 1372 Et
2138 1333 2265 1388 pars
2289 1333 2409 1373 mea
2445 1317 2587 1373 Deus
2631 1317 2683 1371 in
2716 1324 2998 1371 aeternum.

1899 1408 1989 1464 50.
2046 1406 2183 1474 Quia
2230 1423 2355 1464 ecce
2385 1407 2477 1478 qui
2522 1407 2774 1478 clongant
2813 1420 2871 1460 se
2898 1421 2927 1458 a
2975 1412 3049 1465 te.
3087 1401 3379 1474 peribunt:

1893 1587 1982 1643 51.
2033 1585 2320 1644 Perdidisti
2357 1601 2547 1642 onmes
2578 1585 2670 1653 qui
2708 1584 3043 1640 fornicamur
3084 1585 3182 1639 abs
3211 1594 3280 1639 te.

1900 1679 1998 1734 52.
2046 1678 2175 1733 Mihi
2206 1688 2385 1736 autem
2420 1679 2695 1734 adhaerere
2719 1677 2851 1747 Deo,
2881 1679 3083 1733 bonum
3116 1687 3234 1733 est:

1737 1793 1779 1847 Β
1893 1771 1983 1827 55.
2030 1771 2252 1827 Ponere
2283 1773 2336 1826 in
2368 1771 2600 1827 Domino
2627 1772 2738 1827 Deo
2764 1788 2912 1844 spem
2949 1786 3149 1826 meam.

1889 1864 1980 1920 54.
2035 1864 2108 1921 Ut
2134 1867 2446 1921 annunticm
2483 1881 2674 1921 omnes
2702 1867 2887 1922 laudes
2928 1874 3071 1931 tuas,

1891 1956 1980 2011 55.
2033 1958 2092 2013 ln
2132 1959 2305 2030 portis
2336 1957 2458 2015 ﬁlia:
2493 1959 2644 2016 Sion.

1261 2283 1640 2341 ATHANASII
1685 2285 2265 2343 INTERPRETATIO.

194 2433 291 2489 40.
328 2434 442 2489 Kal
464 2432 883 2507 ἐξουδενωμένος
910 2437 1056 2508 ήμην
1090 2436 1218 2508 παρ’
1247 2438 1430 2503 αὐτοῖς
1448 2480 1463 2505 ,
1491 2439 1584 2493 καὶ
1615 2440 1714 2494 οὐκ

368 2543 440 2581 οι.

368 2543 440 2581 οι.

130 2525 297 2675 ἔμέῗ
328 2544 441 2673 Kal
465 2619 542 2683 ὡς
567 2618 764 2689 κτῆνος
788 2619 936 2691 ήμην
996 2617 1149 2691 παρὰ
1183 2620 1264 2673 σοὶ
1303 2619 1381 2691 τῷ
1412 2621 1710 2696 βουλήματι

132 2710 459 2783 ἐπιθέμενος
482 2709 661 2784 πάντῃ
690 2710 789 2784 (1).

199 2801 298 2856 42.
330 2803 389 2855 '0
419 2800 624 2874 Κύριος
646 2801 792 2872 λέγει
812 2802 949 2874 πρὸς
973 2802 1135 2857 αὐτόν
1156 2821 1169 2834 ·
1191 2804 1301 2859 Kal
1324 2804 1434 2875 ἐγὼ
1455 2805 1542 2860 διὰ
1561 2806 1721 2861 τοῦτο

134 2897 283 2970 ἥμην
320 2894 609 2959 διαπαντὸς
644 2894 782 2967 μετὰ
806 2894 922 2950 σοῦ.

199 2988 298 3054 45,
328 2986 419 3042 44.
445 2987 555 3041 Kal
585 2988 661 3051 ὼς
704 2989 937 3060 κτῆνος,
979 2988 1115 3042 ὅπου
1147 2988 1241 3042 ἐὰν
1268 2989 1517 3062 ὡδήγησέ
1546 2990 1621 3064 (2)
1652 3008 1718 3064 με

136 3078 168 3148 ἡ
194 3077 327 3148 χείρ
358 3093 451 3130 σου
483 3078 659 3130 καὶτὸ
685 3076 896 3148 ϐέλημὰ
928 3095 1042 3141 σου,
1072 3080 1431 3151 ἐπορευόμην.

196 3169 298 3223 45.
333 3167 443 3222 Kal
472 3167 567 3223 νῦν
593 3171 652 3224 ὲν
690 3172 755 3242 τῇ
786 3169 1031 3243 βασιλείᾳ
1066 3188 1158 3224 σου
1201 3173 1338 3243 μετὰ
1364 3173 1522 3246 δόξης
1548 3191 1717 3247 προα-

130 3259 331 3315 ιλάϐου
357 3277 446 3332 με.

197 3350 300 3407 46.
337 3351 404 3405 Τί
423 3350 531 3424 γάρ
565 3352 655 3423 μοί
676 3353 823 3407 ἐστιν
856 3352 981 3406 ἄλλο
1010 3353 1068 3407 ὲν
1090 3352 1168 3425 τῷ
1196 3354 1428 3425 οὐρανῷ,
1456 3356 1504 3408 εἰ
1536 3354 1610 3427 μὴ
1627 3353 1714 3408 διὰ

128 3442 226 3514 τῆς
249 3441 480 3514 χάριτός
500 3460 592 3497 σου
614 3442 1009 3516 δοξασθήσομαι
1039 3445 1117 3516 (5)
1145 3445 1249 3498 ὑπὸ
1282 3445 1410 3513 σοῦ;

197 3535 300 3589 47.
328 3536 441 3589 Kal
465 3535 544 3589 ἔτι
572 3534 648 3590 ὢν
672 3539 728 3591 ὲν
759 3539 825 3609 τῇ
858 3540 928 3608 γῇ
958 3536 1117 3590 τοῦτο
1142 3537 1382 3609 ἠθέλησα
1411 3537 1564 3610 παρὰ
1594 3537 1710 3594 σοῦ.

195 3624 297 3680 48.
333 3626 498 3680 Οὐδὲν
536 3626 750 3700 θέλημα
778 3630 878 3699 τῆς
902 3629 1127 3702 καρδίας
1158 3647 1282 3701 μου,
1318 3629 1352 3703 ἢ
1387 3630 1484 3703 τῆς
1515 3631 1715 3702 σαρκός

130 3732 235 3787 μου
265 3715 454 3771 ὲποιού
461 3735 590 3790 μην.

200 3810 300 3866 49.
352 3809 489 3864 Ἀλλ’
523 3813 582 3865 ὲν
613 3811 690 3884 (4)
726 3811 888 3866 παντὶ
936 3813 1027 3867 καὶ
1066 3813 1126 3868 ὲν
1178 3814 1342 3867 πᾶσιν
1375 3813 1404 3867 ὁ
1445 3813 1576 3877 θεός
1611 3830 1713 3885 μου

128 3899 396 3957 ﬁndant.

201 3918 245 3955 xz
324 3918 396 3957 ει.

201 3918 321 4056 55.x
329 3991 421 4047 51.
456 3993 519 4046 Οἱ
565 3993 1034 4065 ἀποσχοινίζοντες
1078 3995 1303 4059 ἑαυτοὺς
1341 3994 1450 4049 ἀπὸ
1500 3994 1593 4051 σοῦ
1636 3994 1712 4067 (5)

129 4083 484 4139 ἀπολοῦνται.
1394 4108 1401 4117 ·

193 4175 289 4230 52.
327 4177 481 4249 Ἐμοὶ
507 4176 565 4232 δὲ
590 4178 652 4232 τὸ
678 4178 979 4253 ἀχώριστον
1006 4175 1144 4234 εἶναι
1170 4177 1265 4234 τοῦ
1288 4179 1423 4233 Θεοῦ
1446 4179 1715 4252 ἐπιθυμη-

130 4266 256 4321 τέον
291 4267 371 4339 (6)
401 4267 538 4322 ἐστί.

203 4359 301 4414 55.
347 4360 537 4415 Πᾶσαν
574 4360 674 4433 τὴν
725 4360 995 4434 μέριμναν
1043 4377 1135 4414 σου
1180 4360 1257 4432 (7)
1297 4358 1582 4430 ὲπίρῤιψον
1624 4359 1712 4412 ἐπ’

132 4450 325 4503 αὐτόν.

205 4541 298 4595 54.
332 4542 441 4596 Τοῦ
470 4544 772 4616 διηγεῖσθαι
797 4544 872 4618 (8)
906 4560 974 4615 με
997 4543 1097 4606 τὰς
1126 4542 1443 4615 εὐεργεσίας
1473 4558 1587 4595 σου.

204 4634 301 4690 55.
342 4637 663 4704 ’Δπαύστως
693 4636 1033 4710 ἀωμνοῦντά
1073 4654 1132 4690 σε
1163 4639 1221 4690 ἐν
1262 4638 1327 4708 τῇ
1362 4636 1473 4691 ἅνω
1519 4634 1715 4708 Ἰερου-

133 4725 274 4800 σαλή
281 4745 341 4799 μ.

224 4911 274 4942 ⁸⁸
326 4908 535 4965 Psalm.
568 4926 678 4977 LIV,
704 4911 795 4967 25.

1742 4409 1788 4464 D

1900 2440 1992 2497 40.
2014 2460 2019 2465 ·
2042 2441 2109 2497 Ει
2136 2448 2485 2513 contemptus
2516 2441 2592 2497 fui
2626 2442 2694 2498 ab
2724 2442 2878 2514 ipsis,
2905 2448 2962 2499 et
2983 2441 3215 2515 neglexi.

1887 2615 1977 2670 41.
2036 2613 2105 2671 Et
2130 2617 2296 2673 veluti
2325 2618 2636 2689 iumentum
2664 2618 2741 2674 fui
2765 2619 2911 2690 apud
2941 2627 3013 2687 te,
3036 2617 3186 2674 omni
3200 2619 3389 2676 volun-

1819 2706 1918 2761 tati
1949 2715 2055 2763 tuae
2086 2708 2325 2766 deditus.

1884 2797 1976 2857 42.
2022 2801 2090 2857 Ει
2122 2801 2389 2860 Dominus
2418 2805 2553 2862 dicit
2588 2807 2657 2863 ad
2687 2822 2835 2871 eum,
2880 2816 2935 2862 et
2968 2821 3070 2877 ego
3103 2814 3390 2877 propterea

1816 2895 1895 2950 fui
1923 2911 2140 2968 semper
2172 2905 2377 2954 tecum.
3193 2918 3198 2929 ε

1885 2990 1979 3058 45,
2017 2991 2108 3046 44.
2152 2989 2222 3046 Ει
2250 2991 2420 3047 veluti
2441 2990 2772 3063 iumentum,
2805 3004 3134 3062 quocunque
3165 2989 3392 3046 deduxit

1742 3066 1785 3126 (ἶ
1818 3095 1907 3136 me
1935 3095 2134 3138 manus
2162 3088 2278 3148 tua,
2312 3091 2366 3138 et
2389 3083 2645 3138 voluntas
2668 3091 2781 3149 tua,
2812 3082 3193 3154 procedebam.

1884 3169 1976 3224 45.
2019 3169 2086 3226 Et
2130 3186 2277 3227 nunc
2300 3170 2357 3226 in
2402 3186 2570 3243 regno
2602 3181 2697 3228 tuo
2737 3187 2863 3226 cum
2893 3171 3066 3243 gloria
3106 3166 3392 3240 suscepisti

1816 3276 1922 3316 me.

1886 3353 1978 3407 46.
2027 3352 2169 3420 Quid
2199 3352 2345 3408 enim
2378 3353 2512 3408 mihi
2552 3361 2637 3409 est
2674 3353 2822 3408 aliud
2863 3354 2918 3409 in
2966 3355 3126 3421 coelo,
3180 3356 3289 3412 nisi
3335 3365 3396 3412 ut

1814 3461 1913 3516 per
1942 3446 2174 3517 gratiam
2209 3453 2357 3500 tuam
2392 3462 2422 3500 a
2449 3454 2500 3501 te
2532 3438 2840 3516 gloriﬁcer?

1886 3534 1980 3591 47.
2027 3533 2094 3589 Et
2123 3534 2302 3589 adhuc
2331 3535 2518 3590 vivens
2550 3536 2605 3591 in
2642 3543 2783 3591 terra
2823 3536 2928 3591 hoc
2963 3536 3106 3592 volui
3141 3545 3265 3593 ate.

1888 3626 1980 3684 48.
2028 3624 2243 3682 Nullam
2298 3628 2632 3684 voluntatem
2688 3628 2872 3684 cordis
2928 3628 3055 3697 mei,
3112 3638 3164 3685 et
3213 3629 3393 3685 carnis

1813 3735 1952 3775 meae
1981 3718 2157 3776 eil‘eci.

1895 3812 1989 3869 49.
2039 3811 2147 3868 Sed
2172 3813 2319 3868 omni
2364 3813 2418 3867 in
2454 3828 2532 3880 re,
2579 3821 2632 3867 ct
2678 3812 2732 3868 in
2764 3811 3021 3867 omnibus
3068 3809 3211 3867 Deus
3240 3828 3393 3869 meus
3454 3792 3465 3802 ’

1814 3915 1920 3962 est.

1906 4002 1997 4072 50,
2049 4003 2137 4060 51.
2171 4002 2529 4076 Sejungentes
2553 4005 2765 4076 seipsos
2794 4020 2825 4061 a
2847 4015 2898 4061 te
2924 4006 3200 4076 peribunt.

1898 4182 1987 4239 52.
2040 4181 2173 4237 Mihi
2204 4191 2387 4239 autem
2419 4197 2528 4239 non
2559 4181 2805 4253 separari
2838 4197 2870 4236 a
2894 4180 3007 4236 Deo
3036 4181 3091 4235 in
3129 4180 3268 4237 votis
3290 4186 3375 4236 est

1903 4363 1993 4419 55.
2037 4360 2265 4419 Omnem
2296 4377 2485 4418 curam
2525 4370 2675 4416 tuam
2701 4359 2846 4430 jacta
2872 4373 3036 4430 super
3070 4372 3194 4414 eum
3224 4359 3289 4411 ⁸⁵.

1896 4541 1986 4598 54.
2042 4539 2114 4597 Ut
2140 4556 2388 4596 enarrem
2412 4538 2816 4595 bencﬁcientias
2837 4543 2979 4593 tuas.

1899 4634 1987 4689 55.
2040 4631 2411 4689 lndesinenter
2461 4641 2514 4687 te
2558 4631 2789 4687 laudans
2820 4629 2874 4685 in
2907 4642 3140 4701 superna
3181 4625 3374 4682 Jerusa

1825 4724 1954 4781 lem.

1096 5070 1407 5134 Addenda
1442 5077 1504 5132 et
1527 5064 1903 5146 corrigenda
1945 5080 2026 5126 ex
2068 5061 2210 5126 cod.
2244 5059 2445 5122 Vatic.

208 5237 287 5311 (1)
442 5238 741 5311 βουλήματί
771 5256 865 5294 σου
925 5236 1190 5309 ἐπιθόμην
1223 5233 1421 5288 πάντα.

236 5309 292 5380 ‘2)
337 5307 642 5380 σέι.

233 5377 290 5451 5)
323 5377 658 5451 Δοξάσθῆναί
680 5396 773 5451 μευ

519 5449 590 5504 τὰ
615 5449 795 5521 πάντα
820 5450 898 5510 ὲν.
928 5458 1032 5505 elc.

213 5512 292 5591 (5)
324 5518 389 5574 Ν.
424 5520 515 5578 50.
554 5522 677 5576 Ὅτι
721 5520 829 5576 ἰδοὺ
866 5521 915 5574 οἱ
967 5514 1438 5589 ἁποσχοινίζοντες
1472 5512 1578 5568 ἀπὺ
1624 5528 1716 5566 σου

1827 5230 2074 5295 ἑαυτούς,
2111 5237 2216 5283 etc.
2243 5226 2311 5281 N.
2349 5224 2440 5280 51.
2479 5222 2613 5297 Περὶ
2642 5220 2874 5278 εἰδώλων
2903 5218 3075 5291 λέγει.

1901 5304 1978 5371 (6)
2022 5297 2404 5370 Ἐπιθυμητόν.

1920 5373 1974 5426 7)
2009 5373 2151 5426 Μου.

1920 5374 1951 5425 7
2009 5374 2151 5426 Μου.

1898 5374 1974 5516 ἷὸζ
2004 5435 2397 5515 Διηγήσασθαί.
