3776 6280
370 291 467 348 951
1287 296 1345 355 S.
1383 299 1751 357 ATHANASII
1790 303 1861 360 Οῐ

2106 305 2162 362 lS
2199 302 2286 361 Ill.
2324 337 2396 350 —
2435 306 2839 364 EXEGETICA.
3490 319 3597 374 952

538 410 846 471 Intellectus
886 415 1084 486 Asaplz.
1163 416 1430 473 PSALH.
1494 419 1766 475 LXXIII.
1964 431 2010 485 Α

1964 431 2010 485 Α
2313 424 2621 493 Συνέσεως
2646 424 2724 492 τῷ
2753 424 2962 494 Ἀσάφ.
2996 427 3174 480 ΨΑΛ.
3196 426 3325 480 οιν.

442 506 494 560 l.
550 505 621 562 Ut
647 506 798 576 quid,
837 505 998 572 Deus,
1028 510 1271 580 repulisti
1298 512 1350 564 in
1383 511 1584 568 linem?

2114 515 2166 572 l.
2195 515 2312 569 Ἵνα
2344 517 2416 582 τί,
2450 520 2478 569 ὁ
2505 517 2654 584 Θεὸς,
2678 517 2881 572 ἀπώσω
2911 519 2990 581 εἰς
3015 516 3196 585 τέλοςς

442 597 495 652 2.
556 596 730 654 Iratus
778 608 863 654 est
911 597 1066 655 furor
1129 610 1256 658 tuus
1309 619 1474 674 super
1537 620 1664 659 oves
1724 619 1933 674 pascuae

2125 606 2166 659 ξ.
2205 607 2457 679 Ὤργίσθη
2489 611 2516 662 ὁ
2548 609 2716 680 θυμός
2748 627 2840 663 σου
2867 610 2956 662 ἐπὶ
2986 610 3231 682 πρόϐατα
3271 613 3440 685 νομῆς
3476 617 3616 682 cui;

374 688 516 744 tum?

440 780 494 834 ὅ.
542 777 748 835 Memor
774 790 894 836 esto
928 785 1365 856 congregationis
1396 796 1522 854 tua,
1554 805 1717 858 quam
1753 802 1931 860 posse

2127 787 2170 839 5.
2199 787 2478 858 Μνήσοητι
2520 788 2619 858 τῆς
2653 790 2974 859 συναγωγῆς
3005 805 3097 843 σου
3120 829 3134 853 ,
3164 786 3233 863 ἧς
3272 792 3486 863 ἐκτήσω
3516 791 3618 846 ἀπ’

375 872 499 926 disti
535 873 602 926 ab
633 872 790 928 initio
818 891 832 928 :

757 889 790 928 ο
818 891 832 928 :
2042 877 2245 948 ἀρχῆς·

445 965 500 1018 4.
558 964 857 1022 Redemisli
897 969 1104 1040 virgam
1135 968 1465 1024 limredilatis
1495 979 1600 1025 tua:
1632 991 1644 1024 :

2116 970 2169 1022 4.
2209 969 2526 1041 Ἐλυτρώσω
2553 970 2746 1043 ῥάϐδον
2767 970 3125 1043 κληρονομίας
3153 989 3244 1027 σου
3264 990 3278 1004 ·

455 1058 507 1114 5.
557 1059 712 1116 Mons
757 1061 910 1127 Sion,
943 1061 996 1114 in
1031 1077 1140 1132 quo
1173 1062 1428 1117 liabilasti
1464 1063 1516 1116 in
1561 1079 1646 1118 co.

2121 1060 2172 1114 5.
2202 1062 2363 1131 Ὄρος
2394 1060 2530 1114 Σιὼν
2553 1061 2728 1129 τοῦτο,
2761 1062 2790 1116 ὃ
2817 1065 3236 1134 κατεσκήνωσας
3257 1066 3314 1118 ὲν
3333 1065 3503 1136 αὐτῷ.

460 1153 513 1206 6.
559 1152 700 1208 Leva
735 1170 932 1210 manus
979 1164 1099 1210 luas
1147 1157 1199 1210 in
1249 1158 1533 1226 superbias
1567 1173 1754 1213 eorum
1801 1159 1854 1212 in
1883 1159 1944 1212 tl-

2135 1154 2164 1206 ἰ.
2201 1155 2442 1225 Ἔπαρον
2478 1154 2577 1217 τὰς
2613 1151 2799 1227 χεῖρὰς
2835 1172 2926 1208 σου
2970 1156 3063 1208 ἐπὶ
3103 1157 3201 1222 τὰς
3241 1157 3626 1230 ὑπερηφανίας

382 1261 503 1300 nem
536 1264 548 1298 τ

2047 1244 2224 1298 αὐτῶν
2253 1247 2332 1308 εἰς
2355 1245 2527 1308 τέλος.

453 1338 499 1392 7.
559 1339 773 1406 Quanta
817 1345 1146 1415 malignatus
1218 1356 1300 1401 est
1353 1345 1604 1402 inimicus
1657 1346 1710 1399 in
1759 1353 1944 1400 sancto

2137 1337 2320 1391 l."0~3a.
2347 1338 2512 1407 ὲπονη
2524 1336 2750 1408 ρεύσατο
2773 1341 2801 1393 δ
2828 1338 3018 1412 ἐχθρὸς
3039 1342 3096 1394 ἑν
3117 1341 3193 1413 τῷ
3218 1341 3357 1412 ἁγίῳ
3386 1358 3480 1395 σου
3504 1342 3584 1411 ζα)
3610 1381 3628 1409 ,

384 1432 522 1485 luo?

453 1522 506 1577 8.
571 1521 636 1575 Et
661 1523 877 1592 gloriati
901 1534 1049 1588 sunt,
1083 1524 1176 1594 qui
1209 1526 1440 1580 oderunt
1474 1535 1546 1588 te,
1577 1525 1627 1580 in
1662 1525 1838 1580 medio
1859 1540 1944 1580 so-

2139 1535 2173 1589 l.
2205 1535 2314 1588 Καὶ
2347 1535 2777 1607 ὲνεκαυχήσαντο
2799 1538 2847 1590 οἱ
2869 1537 3150 1608 μισοῦντές
3177 1555 3234 1590 σε
3263 1539 3320 1590 ἐν
3351 1537 3504 1608 μέσῳ
3521 1538 3630 1607 τῆς

384 1616 681 1671 lemuitatis
712 1625 837 1672 tuas.

2052 1626 2244 1696 ἑορτῆς
2273 1642 2386 1680 σου.

456 1709 508 1762 9.
557 1707 866 1764 Posuerunt
910 1710 1065 1781 signa
1113 1726 1212 1767 sua
1247 1711 1422 1782 signa,
1453 1719 1644 1767 etnon
1687 1725 1947 1781 cognove-

2140 1717 2177 1773 ).
2223 1717 2445 1772 Ἕϐεντο
2501 1717 2571 1772 τὰ
2617 1721 2818 1791 σημεῖα
2864 1718 3041 1773 αὐτῶν
3093 1721 3326 1790 σημεῖα,
3377 1729 3470 1773 και
3525 1719 3631 1772 οὐκ

385 1806 546 1863 runt,

1986 1811 2028 1864 B
2057 1806 2314 1875 ἔγνωσαν,

457 1893 544 1947 l0.
582 1889 733 1944 Sicut
762 1888 814 1942 in
854 1885 1003 1941 exitu
1037 1898 1201 1954 super
1227 1899 1521 1938 summum.

2125 1898 2210 1952 l0.
2263 1901 2352 1966 Ὠς
2389 1903 2466 1966 εἰς
2500 1902 2596 1972 τὴν
2627 1902 2800 1968 ἔξοδον
2833 1904 3103 1972 ὑπεράνω.

459 1985 545 2038 ll.
580 1980 748 2048 Quasi
794 1980 848 2034 in
883 1981 1014 2034 silva
1072 1979 1366 2049 lignorum,
1414 1979 1699 2038 securibus
1742 1979 1950 2035 excide-

2144 1992 2207 2044 .l.
2251 1973 2339 2055 '0:
2365 1995 2424 2046 ἐν
2451 1994 2641 2066 δρυμῷ
2677 1994 2866 2058 ξύλων,
2897 1994 3106 2059 ἀξίναις
3134 1993 3393 2062 ἐξέκοψαν
3415 1999 3518 2058 τὰς
3538 1993 3635 2047 Θύ-

388 2085 517 2130 runt
549 2075 746 2145 januas
771 2075 928 2143 ejus:

2055 2100 2154 2155 ρας
2187 2081 2261 2154 (ιι)
2288 2086 2481 2156 αὐτῆς·

460 2167 548 2221 12.
583 2165 640 2218 In
696 2164 927 2230 idipsum
975 2163 1029 2216 in
1083 2161 1301 2224 securi,
1347 2170 1400 2214 et
1450 2161 1594 2215 ascia
1647 2161 1951 2229 deiecerunt

2141 2173 2217 2226 I2.
2245 2174 2367 2229 Ἐπὶ
2395 2176 2455 2228 τὸ
2487 2177 2617 2230 αὐτὸ
2639 2179 2694 2230 ὲν
2719 2177 2934 2230 πελέκει
2954 2179 3048 2231 καὶ
3065 2177 3403 2248 λαξευτηριῳ
3431 2178 3632 2247 κατέρ-

387 2274 531 2312 eam.

2061 2263 2227 2344 ραξαν
2262 2267 2450 2338 αὑτήν.

459 2353 546 2406 l3.
588 2352 952 2406 lncenderunt
981 2351 1034 2404 in
1065 2351 1188 2421 igne
1218 2348 1586 2403 sanctuarium
1615 2356 1764 2402 tuum
1794 2369 1808 2403 :

2135 2355 2222 2410 l3.
2252 2358 2608 2430 Ἐνεπύρισαν
2636 2360 2693 2411 ἐν
2721 2360 2854 2430 πυρὶ
2883 2360 2940 2413 τὸ
2971 2360 3202 2432 ἁγιαστή
3214 2362 3323 2432 ριόν
3353 2379 3447 2414 σου
3477 2361 3549 2430 (c)
3578 2373 3592 2389 '

462 2443 549 2499 14.
609 2442 664 2498 1η
720 2454 859 2499 terra
905 2444 1217 2514 polluerunt
1270 2441 1676 2498 tabernaculum
1721 2442 1953 2498 nominis

2143 2446 2218 2502 14.
2252 2449 2345 2511 Εἰς
2373 2449 2468 2520 τὴν
2507 2449 2610 2520 γῆν
2639 2450 2980 2521 ὲὸεϐήλωσαν
3006 2452 3066 2504 τὸ
3091 2454 3354 2524 σκήνωμα
3388 2451 3481 2505 τοῦ
3515 2447 3634 2504 ὀνό-

391 2535 492 2590 tui.

2067 2537 2233 2606 ματος
2263 2554 2377 2591 σου.

459 2676 534 2752 (α)
587 2677 800 2752 ιξνιίτοῖς
823 2677 998 2752 ἁγίοις
1027 2693 1140 2730 σου.
1167 2677 1236 2730 At
1267 2677 1319 2730 in
1348 2691 1518 2752 marg.
1539 2675 1659 2752 cod.
1685 2676 1950 2752 chartich

953 2695 998 2740 ις
1027 2693 1140 2730 σου.
1167 2677 1236 2730 At
1267 2677 1319 2730 in
1348 2691 1518 2752 marg.
1539 2675 1659 2752 cod.
1685 2676 1950 2752 chartich
1991 2678 2048 2730 ὲν
2072 2679 2148 2749 τῷ
2171 2680 2310 2752 ἁγίῳ
2333 2697 2444 2735 σου.

463 2744 540 2813 (1))
587 2744 789 2816 Ῥίζας.
853 2746 910 2799 lu
937 2763 1112 2816 marg.
1147 2757 1329 2801 autem
1359 2744 1488 2800 eod.
1511 2748 1750 2802 cbaract.
1775 2744 1964 2816 θύρας.

463 2816 536 2888 (c)
572 2815 678 2869 Τοῦ
703 2816 836 2870 Θεοῦ
867 2832 965 2890 pro
1009 2815 1101 2870 σου

1510 2959 1884 3016 ATHANASH
1922 2958 2504 3016 INTERPRETATIO.

474 3077 539 3131 Ἦ
570 3078 905 3149 προκειμένη
932 3078 1210 3150 ἐπιγραφὴ
1245 3079 1485 3150 περιέχει
1523 3076 1632 3144 (ι)·
1662 3077 1976 3144 Συνέσεως
2008 3074 2088 3142 τῷ
2133 3075 2335 3146 Ἀσάφ.
2375 3075 2543 3130 Τοῦτο
2573 3071 2664 3130 οὖν
2698 3075 2845 3144 λέγει
2883 3076 3012 3148 περὶ
3045 3075 3151 3131 τῶν
3190 3077 3269 3139 εἰς
3300 3075 3514 3129 σύνεσιν
3545 3078 3642 3148 ὲρ-

393 3171 638 3242 χομένων
667 3173 732 3224 ὲκ
761 3188 856 3225 του
880 3171 1010 3226 λαοῦ
1034 3173 1142 3226 τῶν
1175 3173 1462 3237 Ἰουδαίων,
1482 3173 1575 3227 καὶ
1601 3173 2039 3244 ἐπιστρεφόντων
2067 3175 2160 3228 ἐπὶ
2187 3174 2278 3227 τὸν
2300 3173 2527 3245 Κύριον.
2573 3173 2752 3242 Ἀσάφ
2783 3172 2892 3246 γὰρ
2917 3173 3274 3246 ἑρμηνεύεται
3296 3174 3642 3244 συναγωγή,

467 3264 681 3320 Titulus
712 3267 1036 3336 prapositus
1061 3266 1302 3321 continet
1334 3283 1346 3318 :
1382 3265 1686 3320 Intellectus
1727 3267 1927 3336 Asaph.
1960 3265 2074 3322 lloc
2106 3267 2270 3335 igitur
2312 3267 2582 3337 signiﬁcat
2617 3287 2629 3321 :
2661 3267 2726 3321 de
2755 3266 3094 3320 venientibus
3127 3267 3180 3320 in
3209 3266 3541 3320 intellectum
3575 3283 3644 3322 ex

394 3359 596 3430 populo
620 3357 952 3425 Iudaeorum,
986 3370 1040 3415 et
1063 3376 1123 3444 se
1147 3361 1588 3417 convertentibus
1620 3360 1686 3418 ad
1719 3361 2029 3418 Dominum.
2068 3362 2244 3432 Asaph
2270 3364 2414 3416 enim
2452 3364 2835 3433 interpretatur
2862 3377 3149 3432 synagoga.

467 3453 517 3507 l.
564 3452 790 3508 Gentem
817 3452 1150 3509 Judteorum.

1991 3459 2038 3519 C
2140 3455 2192 3509 l.
2229 3455 2301 3508 Τὸ
2333 3455 2480 3518 ἔθνος
2506 3454 2612 3508 τῶν
2651 3453 2935 3508 Ἰουδαίων.

466 3544 520 3598 2.
566 3544 802 3601 Minatus
850 3561 911 3601 es
953 3545 1126 3601 iratus
1171 3561 1237 3601 eo
1279 3547 1424 3618 quod
1462 3547 1563 3617 ipsi
1616 3546 1957 3618 epularentur

2154 3547 2194 3618 ζ.
2237 3545 2564 3617 Ἦπείλησας
2597 3543 2867 3617 Θυμωθεὶς
2897 3541 3284 3597 ἑπιϐὁσκεσθαι
3317 3541 3514 3605 αὐτοὺς
3545 3541 3645 3595 ἐπὶ

397 3652 558 3705 supra
586 3648 818 3701 montes,
851 3648 904 3692 et
953 3638 1055 3692 sub
1087 3637 1311 3693 arbores
1343 3637 1774 3694 idololatrantcs.

2069 3636 2138 3691 τὰ
2162 3637 2260 3708 ὅρη
2284 3679 2298 3702 ,
2328 3637 2420 3690 καὶ
2451 3635 2520 3689 τὰ
2550 3635 2740 3705 δένδρα
2770 3632 3305 3706 εἰδωλολατροῦντας.

467 3729 519 3782 3.
565 3729 768 3784 Memor
815 3739 956 3795 este,
1003 3731 1148 3801 quod
1199 3731 1266 3785 ab
1305 3731 1460 3785 initio
1492 3740 1710 3800 propter
1752 3729 1958 3783 miseri-

2153 3732 2188 3784 5.
2224 3729 2537 3800 Μνήσθητι,
2579 3731 2661 3782 ὅτι
2717 3729 2809 3782 ἀπ’
2855 3727 3033 3798 ἀρχῆς
3097 3725 3182 3778 διὰ
3245 3724 3308 3778 τὸ
3366 3724 3512 3788 ἔλεός
3549 3739 3644 3780 σου

397 3819 640 3874 rordiam
679 3831 825 3874 tuam
856 3821 1148 3890 possedisti
1182 3837 1298 3887 eos,
1326 3830 1385 3876 ut
1421 3822 1662 3879 salvares
1701 3835 1768 3875 ex
1798 3818 1888 3890 Ᾱίε

1927 3835 1968 3866 τ·
2072 3823 2287 3895 ἐκτήσω
2315 3823 2509 3885 αὐτοὺς
2533 3822 2591 3886 ἐξ
2615 3821 2888 3890 Αἰγύπτου
2917 3818 3010 3874 ἐπὶ
3040 3816 3100 3872 τὸ
3124 3816 3200 3887 (2)
3229 3816 3418 3876 σῶσαι.

400 3922 513 3982 pto.

473 4004 530 4059 4.
581 4003 817 4057 Sanctos
846 4012 990 4058 tuos.

2140 4003 2196 4057 4.
2225 4002 2362 4061 Τοὺς
2395 4003 2582 4070 ἁγίους
2609 4017 2721 4060 σου.

477 4093 531 4148 5.
575 4093 633 4147 ln
671 4092 840 4148 choro
889 4101 1224 4148 sanctorum.

2143 4093 2195 4147 5.
2237 4094 2323 4146 Ἐν
2355 4093 2431 4164 τῷ
2463 4091 2606 4164 χορῷ
2635 4092 2740 4145 τῶν
2767 4093 2952 4161 ἁγίων.

465 4186 517 4238 6.
559 4185 760 4240 Contra
795 4184 1088 4240 daemones.

2144 4185 2198 4240 6.
2230 4184 2387 4238 Κατὰ
2412 4186 2516 4238 τῶν
2543 4185 2828 4256 δαιμόνων.

472 4277 524 4330 7.
568 4275 829 4331 Diabolus
863 4285 1052 4332 contra
1075 4278 1336 4348 populum
1366 4278 1599 4333 ﬁdelem.

2146 4278 2198 4332 7.
2239 4279 2297 4330 '0
2317 4277 2557 4342 διάϐολος
2582 4277 2722 4332 κατὰ
2745 4277 2837 4330 τοῦ
2865 4273 3056 4330 πιστοῦ
3088 4273 3239 4328 λαοῦ.

470 4371 524 4425 8.
577 4369 749 4426 ιιιόωὶ
783 4373 877 4441 qui
911 4379 961 4426 te
996 4372 1406 4427 crueiﬁxerunt.

2143 4373 2195 4426 8.
2225 4374 2286 4424 υἱ
2322 4370 2561 4424 Ἰουδαῖοι
2598 4369 3007 4442 σταυρώσαντὲς
3031 4386 3111 4423 σε.

470 4465 524 4519 9.
573 4465 959 4535 Cognoverunt
1005 4480 1167 4520 voces
1215 4467 1598 4536 prophetarum
1631 4478 1788 4520 veras
1827 4480 1961 4530 esse,

2163 4465 2200 4514 λ.
2237 4461 2521 4529 Ἐγνωσαν
2554 4463 2650 4523 τὰς
2679 4460 2861 4528 φωνὰς
2899 4460 3006 4513 τῶν
3046 4452 3360 4529 προφητῶν,
3403 4455 3487 4508 ὅτι
3516 4454 3654 4528 ἀλη-

402 4569 452 4611 et
486 4557 622 4612 falso
659 4572 752 4613 eas
784 4557 1120 4628 interpretali
1155 4568 1303 4613 sunt.

2075 4549 2187 4616 Θεῖς
2217 4554 2342 4612 εἱσι.
2376 4553 2469 4606 καὶ
2500 4551 2923 4622 παρελογίσαντο
2945 4549 3130 4613 αὐτάς.

473 4648 559 4700 l0.
605 4649 887 4702 Auxerunt
921 4665 1066 4704 nunc
1093 4659 1335 4720 peccata.
1371 4665 1492 4720 qua:
1528 4658 1888 4720 peccaverunt
1915 4649 1964 4704 in

2153 4644 2230 4698 l0.
2265 4645 2434 4700 Πλέον
2466 4645 2558 4700 νῦν
2587 4645 2850 4716 ἥμαρτον,
2883 4634 2958 4695 ὧν
2984 4643 3229 4715 ἥμαρτον
3250 4642 3330 4716 εἰς
3352 4639 3454 4709 τὴν
3474 4637 3644 4708 ἔξοδοι

405 4738 552 4791 exitu
589 4736 805 4809 Egypli

2009 4803 2038 4809 _
2075 4736 2369 4804 Αἰγύπτου.

477 4829 562 4884 ll.
598 4803 854 4900 Uti—iligna
901 4829 1240 4885 infi'uctil’era
1294 4830 1360 4885 ad
1408 4831 1836 4887 comburendum
1879 4847 1968 4901 pa-

2162 4828 2236 4881 ll.
2288 4829 2375 4892 Ὣς
2401 4829 2530 4894 ξύλα
2559 4828 2780 4899 ἄκαρπα
2810 4831 2890 4892 εἰς
2932 4827 3126 4881 καῦσιν
3163 4826 3312 4894 ὄντα,
3339 4824 3511 4889 οὕτως
3539 4821 3653 4891 ὲγέ·

405 4929 544 4983 rata,
575 4919 648 4972 ila
678 4919 803 4974 facti
839 4929 966 4974 sunt
995 4937 1185 4974 eorum
1219 4924 1510 4990 principes.

1325 4926 1510 4990 icipes.
2071 4937 2224 4972 νοντο
2255 4921 2305 4972 οξ
2329 4919 2584 4990 ἄρχοντες
2617 4918 2816 4972 αὐτῶν.

478 5012 564 5064 l2.
598 5013 657 5064 lu
695 5010 951 5080 peccatis,
981 5020 1036 5064 et
1065 5012 1443 5080 iniquitatibus
1477 5015 1799 5070 exsistcntes
1837 5029 1969 5069 con-

2158 5011 2235 5065 l‘2.
2254 5010 2341 5064 Ἐν
2368 5011 2660 5082 ἁμαρτίαις
2681 5011 2772 5064 καὶ
2796 5013 3044 5083 ἀνομίαις
3062 5011 3213 5074 ὄντες
3233 5009 3531 5063 κατέπσον
3554 5005 3649 5078 (5).

400 5103 670 5158 cideruut.

475 5195 565 5250 l5.
603 5194 1132 5250 Contaminavm'uut
1161 5204 1383 5264 peccalo
1412 5197 1667 5265 templum
1702 5195 1816 5250 Dei.

2157 5190 2236 5243 l3.
2273 5187 2370 5241 Διὰ
2395 5187 2493 5257 τῆς
2516 5186 2786 5258 ἁμαρτίας
2806 5185 3070 5255 ἐμόλυναν
3091 5185 3184 5237 τὸν
3219 5181 3344 5236 ναὸν
3378 5177 3472 5232 τοῦ
3493 5175 3648 5230 Θεοῦ.

478 5289 568 5342 Η.
604 5286 932 5343 Carnalilius
973 5287 1454 5357 concupiscentiis,
1505 5303 1644 5357 quas
1695 5296 1969 5358 perpetra-

2164 5283 2240 5337 ll.
2275 5283 2353 5334 Δι’
2378 5275 2452 5334 ὧν
2476 5279 2744 5352 ἔπραττον
2777 5279 3052 5350 σαρκικῶν
3079 5272 3380 5345 ἐπιθυμιῶν
3413 5269 3655 5344 βλασφη-

406 5391 552 5444 runt,
584 5395 658 5434 ita
694 5395 750 5436 ut
782 5383 1248 5441 blasphemaretur
1282 5378 1446 5434 Deus.

1211 5397 1248 5434 ιι·
1282 5378 1446 5434 Deus.
2085 5372 2295 5447 μεῖσθαι
2327 5371 2418 5425 τὸν
2447 5371 2577 5424 Θεόν
2603 5373 2702 5443 (ι).

1357 5514 1664 5577 Addenda
1695 5522 1756 5576 et
1794 5510 2165 5590 corrigenda
2203 5525 2280 5570 ex
2317 5510 2462 5570 cod.
2497 5506 2700 5568 Velie.

473 5662 547 5737 (ί)
591 5664 664 5737 Ἤρ
688 5663 775 5737 an.
807 5664 904 5734 τῆς
932 5663 1299 5733 κινναβάρεως
1329 5679 1453 5734 περ.
2265 5657 2612 5737 βιατίπεσαν.
2831 5717 2870 5737 '7
2895 5717 2920 5737 ν

474 5723 547 5806 l2)
585 5736 679 5787 Διᾶ
710 5735 786 5788 τό.
862 5723 893 5734 ’Ὗ
1166 5723 1174 5733 ’
1282 5723 1291 5725 ’
1404 5723 1416 5734 ’
2161 5723 2230 5799 ll)
2265 5725 2366 5777 Τὸν
2399 5723 2528 5777 Θεὸν
2575 5723 3002 5791 παρεσκεύαζον.
