3776 6280
295 264 401 319 935
1109 258 1167 316 S.
1211 257 1585 314 ATHANASII
1626 256 1777 312 OPP.
1817 254 1998 311 PARS
2035 255 2123 311 111.
2166 285 2233 295 -—
2270 254 2678 311 EXEGETICA.
3432 251 3546 309 956

366 377 455 432 '54.
487 372 756 429 Estatem
790 382 844 429 et
871 389 965 428 ver
992 382 1049 429 tu
1086 375 1363 445 plasmasti
1391 389 1476 435 ea.

1890 376 1938 432 Α
2034 371 2123 426 54.
2157 371 2326 444 Θέρος
2358 373 2452 426 καὶ
2478 371 2579 443 ἔαρ
2612 372 2676 424 σὺ
2710 369 2949 434 ἔπλασας
2972 370 3142 435 αὐτὰ,

363 469 453 523 55.
488 467 696 522 Memor
726 475 843 522 esto
876 467 1059 536 hujus.

2039 463 2130 518 55.
2164 465 2286 535 Μνή
2295 463 2449 534 σθητι
2478 462 2700 534 ταύτης.

364 560 456 617 56.
490 560 754 617 Inimicus
792 558 1184 629 improperavit
1224 556 1496 611 Domino:

2040 554 2130 609 56.
2172 554 2393 626 Ἐχθρὸς
2415 554 2655 608 ὠνείδισε
2679 554 2771 608 τὸν
2797 554 3000 625 Κύριον
3017 569 3032 585 ⁸

365 653 455 708 57.
486 651 552 706 Ει
583 651 814 722 populus
847 650 1109 719 insipiens
1155 648 1399 703 incitavit
1426 662 1621 702 nomen
1653 655 1828 702 tuum.

2036 648 2125 701 57.
2159 647 2270 700 Καὶ
2302 647 2430 712 λαὸς
2458 648 2647 719 ἄφρων
2678 644 2961 719 παρώξυνε
2990 645 3051 698 τὸ
3074 643 3245 716 ὄνομά
3269 659 3385 699 σου.

364 743 454 799 58.
486 741 565 799 Ne
593 743 778 798 tradas
808 741 993 797 bestiis
1018 742 1257 795 animam
1289 739 1634 795 confitentem
1662 739 1757 794 tibi
1786 758 1798 794 :

2061 738 2125 793 i8.
2150 739 2241 810 Μὴ
2265 740 2524 811 παραδῷς
2547 742 2660 804 τοῖς
2687 739 2895 811 Θηρίοις
2920 736 3096 808 ψυχὴν
3118 735 3552 807 ἐξομολογούμε-

1967 848 2064 902 νην
2105 848 2205 884 σοι.

368 923 457 979 59.
482 923 705 978 Animas
747 937 1042 993 pauperum
1079 931 1299 979 tuorum
1333 938 1402 978 ne
1429 923 1774 978 obliviscaris
1809 923 1859 977 in

2060 921 2128 976 i9.
2163 920 2284 977 Τῶν
2313 920 2500 993 ψυχῶν
2536 920 2645 975 τῶν
2679 920 2927 991 πενήτων
2961 934 3055 971 σου
3091 916 3164 989 μὴ
3195 915 3430 989 ὲπιλάθῃ
3466 917 3551 978 είς

299 1018 481 1072 linem.

1968 1018 2140 1080 τέλος.

366 1108 456 1163 40.
485 1109 713 1179 Respice
748 1109 800 1163 in
834 1118 1217 1164 testamentum
1244 1118 1397 1164 tuum
1426 1128 1440 1165 :

2037 1108 2125 1163 40.
2170 1104 2485 1176 Ἐπίϐλεψον
2513 1108 2595 1169 είς
2625 1105 2724 1177 τὴν
2753 1104 3015 1175 διαθήκην
3043 1119 3135 1156 σου
3153 1119 3167 1134 ·

365 1203 456 1259 4l.
499 1201 634 1268 Quia
684 1203 869 1271 repleti
917 1211 1045 1273 sunt
1085 1203 1178 1273 qui
1226 1202 1504 1259 obscurati
1552 1210 1680 1256 sunt
1709 1213 1856 1255 terrae

2064 1204 2123 1256 si.
2160 1204 2281 1255 ’Ότι
2330 1201 2723 1274 ἐπληρώθησαν
2775 1202 2823 1253 οἱ
2866 1197 3240 1269 ἐσκοτωμένοι
3290 1190 3555 1273 ﬁeri;

295 1294 552 1352 domibus
598 1294 972 1362 iniquitatium.

928 1309 972 1349 1.
1965 1294 2129 1349 οἴκων
2162 1293 2419 1365 ἀνομιῶν.

367 1386 458 1441 42.
494 1384 572 1441 Ne
595 1395 870 1440 avertatur
904 1383 1127 1439 humilis
1156 1380 1357 1448 factus,
1392 1391 1445 1437 et
1471 1382 1736 1438 confusus
1765 1401 1781 1438 :

2064 1386 2124 1440 ἃ.
2152 1385 2244 1457 Μὴ
2275 1386 2677 1458 ἀποστραφήτω
2703 1381 3186 1453 τεταπεινωμένος,
3203 1379 3298 1432 καὶ
3324 1377 3403 1449 (a)
3420 1393 3555 1430 κατ-

1965 1494 2103 1550 ῃσχυ
2111 1497 2149 1550 μ
2157 1478 2314 1549 μένος
2335 1495 2348 1507 °

362 1565 455 1622 45.
485 1564 721 1636 Pauper,
758 1575 814 1621 et
842 1566 1002 1636 inops
1024 1565 1325 1621 laudabunt
1359 1579 1554 1621 nomen
1582 1577 1757 1621 tuum.

2037 1573 2127 1627 45.
2169 1570 2393 1641 Πτωχὸς
2418 1570 2514 1624 καὶ
2552 1570 2723 1640 πένης
2748 1569 3020 1623 αίνέσουσι
3052 1568 3113 1621 τὸ
3138 1564 3308 1636 ὄνομά
3336 1580 3452 1616 σου.

366 1660 458 1716 44.
488 1661 754 1732 Exsurge,
781 1660 946 1724 Deus,
981 1660 1165 1730 judica
1192 1676 1414 1715 causam
1444 1668 1589 1715 tuam
1617 1660 1857 1732 [meam]:

2061 1664 2129 1718 Η.
2159 1664 2426 1741 θἈνάστα,
2457 1666 2486 1717 ὁ
2507 1663 2659 1729 Θεὸς,
2691 1662 2910 1716 δίκασον
2939 1660 3036 1731 τὴν
3053 1659 3207 1729 δίκην
3238 1673 3334 1709 σου
3364 1650 3552 1725 [μουγ

365 1753 460 1807 45.
492 1721 697 1807 Memor
718 1721 837 1808 esto
869 1721 1325 1823 improperiorum
1360 1761 1598 1820 tuorum,
1617 1721 1753 1824 quae
1798 1721 1856 1809 ab

2065 1756 2127 1810 ὦ.
2159 1721 2447 1827 Μνήσθητι
2483 1755 2579 1809 τοῦ
2606 1721 2910 1826 ύνειδισμοῦ
2941 1721 3032 1806 σου
3053 1795 3068 1819 ,
3103 1721 3197 1804 τού
3231 1750 3329 1803 ύπὲ
3367 1721 3556 1819 dippe-

295 1842 586 1913 insipiente
621 1852 750 1899 sunt
780 1851 894 1898 tota
926 1844 1034 1898 dic.

1967 1866 2057 1913 νος
2089 1848 2218 1919 ὃλην
2248 1846 2348 1919 τὴν
2381 1848 2617 1919 ἡμέραν.

362 1931 454 2007 46.
487 1931 565 1988 Ne
586 1932 929 1988 obliviscaris
952 1949 1140 1989 vocem
1171 1949 1455 1989 servorum
1486 1942 1702 1988 tuorum
1731 1953 1746 1990 :

2040 1939 2127 1994 46.
2156 1938 2246 2009 Μὴ
2283 1937 2513 2011 ὲπιλάθῃ
2544 1938 2643 2009 τῆς
2665 1936 2847 2006 φωνῆς
2873 1934 2982 1988 τῶν
3014 1931 3238 1987 οἰκετῶν
3262 1947 3355 1984 σου
3374 1946 3387 1958 ·

360 2025 452 2080 47.
508 2024 770 2096 Superbia
817 2040 1032 2090 eorum,
1084 2028 1178 2096 qui
1234 2028 1468 2081 oderunt
1522 2035 1594 2092 te,
1625 2028 1843 2084 ascendi

2061 2029 2131 2083 Π.
2177 2029 2242 2082 Ἠ
2274 2026 2621 2098 ὑπερηφανία
2653 2024 2763 2078 τῶν
2800 2023 3098 2095 μισούντων
3134 2037 3192 2073 σε
3229 2018 3395 2089 ἀνέϐη
3429 2016 3552 2069 δια-

292 2131 506 2188 semper
537 2116 813 2188 [ascendit
837 2118 903 2171 ad
937 2127 988 2174 te
1009 2118 1266 2190 semper].

1972 2121 2173 2185 παντός
2199 2118 2389 2192 [ἀνέϐη
2420 2118 2557 2190 πρὸς
2581 2118 2642 2170 σὲ
2677 2114 2874 2188 διαπ.].

450 2207 521 2264 In
548 2209 744 2279 ﬁnem:
779 2226 841 2264 ne
864 2225 1187 2273 corrumpas.
1224 2210 1476 2265 Psalmus
1506 2210 1701 2265 cantici

2063 2210 2169 2275 :td
2199 2209 2406 2277 τέλος-ο
2444 2208 2531 2279 μὴ
2558 2209 2924 2278 διαφθείρῃς.
2991 2203 3239 2276 Ψαλμὸς
3279 2199 3441 2270 ᾠδῆς
3470 2193 3554 2266 τῷ

687 2299 889 2370 Asaph.
921 2299 1176 2354 PSALM.
1210 2299 1474 2355 LXXIV.

2438 2298 2649 2369 Ἀσάφ.
2697 2296 2930 2353 ΨΑΛΜ.
2958 2298 3085 2349 ων.

363 2387 417 2443 1.
447 2385 844 2444 Conﬁtebimur
867 2390 989 2455 tibi,
1019 2389 1158 2445 Deus
1185 2405 1197 2442 :

2042 2395 2096 2450 1.
2139 2393 2678 2467 Ἐξομολογησόμεοά
2709 2409 2810 2458 σοι,
2840 2394 2867 2445 ὁ
2891 2390 3021 2454 Θεός
3043 2406 3055 2421 ’

366 2506 440 2579 (a)
472 2508 582 2563 Καί
606 2508 777 2564 deest.

1430 2667 1811 2727 ATHANASII
1850 2668 2437 2728 INTERPRETATIO.

364 2828 455 2886 54.
488 2827 718 2882 Sanctos
755 2832 881 2880 tuos
913 2824 968 2879 in
1021 2825 1221 2894 quibus
1266 2828 1465 2883 crescit
1510 2830 1604 2884 lux
1653 2839 1770 2898 tua,
1809 2838 1855 2886 el

2067 2830 2125 2885 ‘4.
2161 2830 2288 2894 Τοῖς
2319 2827 2495 2898 ἁγίοις
2521 2825 2684 2898 [Τοὺς
2716 2820 2925 2894 ἁγίους]
2972 2839 3061 2875 σου
3081 2861 3096 2884 ,
3124 2821 3181 2877 ὲν
3207 2815 3288 2883 οἷς
3311 2818 3462 2888 αὔξει
3490 2818 3558 2873 τδ

298 2921 605 2995 germinant
624 2917 786 2973 ﬂores
815 2917 1088 2972 donorum
1120 2923 1365 2984 tuorum,
1399 2930 1454 2975 tu
1484 2919 1685 2977 fecisti.

2068 2938 2093 2985 ς
2126 2938 2220 2974 σου
2246 2959 2262 2985 ,
2298 2917 2394 2973 καὶ
2438 2914 2725 2988 βλαστάνει
2756 2912 2826 2966 τὰ
2863 2912 2999 2982 ἄνθη
3045 2911 3152 2964 τῶν
3199 2911 3559 2984 χαρισμάτων

338 3034 339 3037 ‘
1979 3029 2095 3075 σου,
2126 3013 2190 3065 σὺ
2224 3010 2505 3081 ἐποίησας.

366 3101 459 3156 55.
489 3098 695 3153 Memor
721 3106 840 3153 esto
878 3096 1044 3169 igitur
1075 3100 1384 3154 testamenti
1418 3099 1601 3170 hujus.

2047 3102 2137 3157 '55.
2178 3100 2463 3172 Μνήσθητι
2488 3094 2580 3152 οὖν
2610 3098 2710 3167 τῆς
2731 3095 2986 3167 τοιαύτης
3016 3094 3293 3167 διαθήκης.

366 3191 456 3248 56.
492 3190 771 3244 Diabolus.

2048 3193 2141 3249 56.
2187 3194 2245 3247 'O
2275 3191 2538 3255 διάϐολος.

364 3282 454 3337 57.
491 3279 803 3336 Judzeorum
832 3278 1086 3348 populus.

2047 3285 2136 3340 57.
2180 3285 2239 3338 '0
2267 3283 2395 3346 λαὸς
2425 3282 2533 3335 τῶν
2557 3280 2848 3335 Ἰουδαίων.

366 3372 455 3429 53.
486 3370 565 3426 Ne
598 3370 781 3426 tradas
810 3369 1147 3425 daemonibus
1189 3371 1461 3441 supplices
1511 3387 1571 3425 sc
1605 3370 1697 3427 tibi
1741 3388 1839 3443 pro

2068 3376 2138 3432 53-
2172 3376 2266 3447 Μὴ
2296 3372 2552 3448 παραδῷς
2580 3375 2693 3436 τοῖς
2713 3372 2928 3443 δαίμοσι
2959 3368 3086 3434 τοῦς
3119 3368 3559 3442 προσπίπτοντὰς

296 3476 514 3520 stcrnen
522 3472 600 3518 tes
607 3503 621 3517 .

591 3479 621 3517 ὗ.
1981 3488 2082 3526 σοι.

365 3553 454 3608 59.
491 3552 814 3608 Sanctorum
849 3560 1088 3605 tuorum.

2027 3563 2135 3618 '59.
2169 3558 2291 3613 Τῶν
2325 3560 2495 3629 ἁγίων
2525 3575 2640 3612 σου.

366 3643 456 3700 40.
489 3642 548 3698 ιη
587 3643 805 3699 eosdem
830 3653 1049 3699 sanctos
1083 3652 1227 3698 tuos.

2046 3653 2135 3708 40.
2165 3654 2261 3716 Είς
2293 3652 2420 3716 τοὺς
2448 3651 2645 3714 αὐτοὺς
2676 3647 2860 3717 ἁγίους
2901 3664 3014 3701 σου.

365 3732 457 3788 4i.
493 3731 777 3788 Daemones
810 3734 915 3788 sibi
949 3730 1375 3787 adhaerentibus.

2047 3744 2138 3803 41.
2166 3746 2228 3798 Oi
2266 3743 2519 3814 δαίμονες
2542 3741 2649 3795 τῶν
2675 3739 3030 3810 κολλωμένων
3062 3736 3241 3791 αὐτῶν
3270 3735 3366 3808 (1).

364 3821 456 3875 η.
484 3819 562 3877 Ne
590 3822 815 3891 abjicias
842 3822 1241 3892 confugientcin
1266 3820 1332 3873 ad
1361 3832 1433 3876 te.

2047 3836 2136 3890 42.
2171 3836 2264 3907 Μὴ
2294 3833 2574 3906 ἀποϐάλλῃ
2603 3832 2695 3886 τὸν
2730 3829 3140 3903 προσφεύγοντὰ
3171 3844 3274 3881 σοι.

366 3913 456 3968 45.
487 3912 761 3984 Paupercs
787 3914 971 3968 corde.

2048 3928 2138 3982 45.
2163 3929 2225 3980 Oi
2260 3928 2469 3999 πτωχοὶ
2495 3930 2562 3998 τῇ
2588 3925 2802 3998 καρδίᾳ.

367 4004 460 4069 44,
504 4003 594 4058 45.
652 4003 916 4074 Exsurge,
952 4015 1005 4059 et
1058 4018 1268 4059 memor
1321 4011 1438 4057 esto
1490 4017 1702 4071 eorum,
1750 4021 1858 4075 qua

2069 4018 2138 4081 i4,
2173 4017 2262 4071 45.
2296 4015 2371 4087 (2)
2402 4017 2691 4087 ’Λνὰστηθι
2717 4057 2731 4080 ,
2764 4017 2857 4069 καὶ
2882 4012 3149 4085 μνήσθητι
3175 4001 3251 4063 ὧν
3302 4004 3560 4078 ἐποίησεν

297 4095 424 4152 fecit
452 4096 683 4151 Satanas
710 4097 764 4151 in
800 4096 907 4150 hoc
940 4097 1159 4151 saeculo.

1977 4111 2008 4160 ὁ
2041 4109 2285 4172 Σατανᾶς
2311 4109 2368 4161 ὲν
2405 4108 2486 4178 τῷ
2522 4107 2675 4161 αἰῶνι
2700 4105 2891 4176 τούτῳ.

372 4186 460 4241 46.
499 4188 824 4242 Sanctorum
856 4199 1095 4242 tuorum.

1906 4195 1952 4251 D
2050 4199 2141 4254 46.
2175 4200 2295 4253 Τῶν
2330 4200 2500 4270 ἁγίων
2536 4217 2646 4253 σου.

373 4279 462 4334 47.
494 4280 760 4351 Superbia
792 4280 1127 4347 daemonum,
1157 4291 1212 4335 et
1243 4279 1625 4335 haereticorum
1654 4282 1864 4354 cognita

2069 4291 2144 4346 ιγ.
2190 4292 2254 4345 Ἠ
2288 4291 2635 4364 ὑπερηφανία
2663 4292 2771 4345 τῶν
2803 4287 3068 4360 δαιμόνων
3097 4286 3192 4340 καὶ
3215 4283 3324 4339 τῶν
3356 4282 3560 4354 αἱρετι-

300 4370 397 4425 tibi
434 4381 536 4427 est.
1518 4416 1525 4425 ι
1983 4380 2095 4435 κῶν
2123 4382 2440 4455 ὲγνωσμένη
2478 4383 2560 4436 σοί
2583 4384 2752 4437 ἐστιν.

377 4483 444 4537 Ἦ
480 4485 813 4558 προκειμένη
853 4483 1135 4557 ἐπιγραφὴ
1166 4483 1410 4557 περιέχει
1432 4481 1509 4553 (5)
1528 4497 1543 4513 ’
1574 4484 1681 4548 Εἰς
1701 4483 1769 4537 τὸ
1800 4485 2010 4556 τέλος,
2036 4490 2123 4561 μὴ
2162 4492 2512 4562 διαφθείρῃς
2531 4509 2544 4523 ·
2581 4491 2742 4559 ᾠδῆς
2762 4488 2841 4555 τῷ
2883 4487 3075 4557 Ἀσὰςρ
3094 4487 3355 4557 ψαλμός.
3388 4481 3565 4537 Τοῦτο

300 4573 392 4633 οὖν
438 4581 692 4641 παραινεῖ
729 4579 757 4629 ὁ
788 4576 1033 4647 ψαλμός’
1057 4576 1267 4649 Μηδεὶς
1312 4573 1604 4647 διαφθείρῃ
1646 4574 1720 4645 (4)
1749 4575 1855 4643 ἕως
1890 4582 2078 4648 τέλους
2116 4584 2225 4638 τῶν
2270 4585 2499 4639 ἐντολῶν
2539 4585 2630 4639 τοῦ
2671 4585 2827 4640 Θεοῦ.
2871 4585 3100 4655 Ψαλμὸς
3134 4584 3192 4636 δὲ
3232 4580 3308 4647 τῷ
3350 4580 3561 4649 Ἀσάφ,

302 4674 440 4743 ὅπερ
474 4671 829 4741 ἑρμηνεύεται
851 4670 1193 4739 συναγωγὴ,
1222 4670 1317 4723 καὶ
1341 4667 1679 4749 συλλέγων.
1698 4670 1886 4728 Ταῦτα
1920 4677 1978 4731 δὲ
2005 4680 2086 4743 εἰς
2107 4681 2199 4735 τὸν
2223 4680 2430 4753 Κύριον
2472 4681 2865 4754 έρμηνεύονται
2890 4681 2991 4754 (5),
3012 4681 3073 4734 τὸ
3100 4675 3437 4749 συλλέγων,
3468 4679 3567 4733 καὶ

297 4765 379 4827 είς
418 4767 509 4816 τὸν
549 4761 784 4830 κόσμον,
829 4758 905 4829 τῷ
925 4761 1263 4832 συναγωγή.

370 4853 588 4908 Titulus
617 4851 941 4921 praepositus
962 4853 1242 4907 continet:
1282 4851 1349 4906 In
1376 4854 1556 4921 ﬁnem,
1588 4869 1652 4907 ne
1686 4868 2016 4925 corrumpas,
2045 4857 2295 4912 Psalmus
2330 4862 2524 4914 cantici
2554 4862 2751 4930 Asaph.
2790 4862 2904 4919 Hoc
2940 4864 3103 4933 igitur
3148 4865 3393 4934 psalmus
3430 4881 3566 4921 sua--

299 4953 408 5015 det,
439 4960 500 5005 ut
528 4962 688 5003 nemo
721 4954 1037 5015 corrumpat
1060 4962 1229 5017 usque
1259 4948 1312 5001 in
1342 4950 1504 5003 linem
1538 4950 1759 5018 aliquod
1792 4950 1887 5003 Dei
1919 4967 2275 5023 praeceptum.
2313 4952 2563 5012 Psalmus
2608 4966 2790 5011 autem
2826 4958 3027 5027 Asaph,
3062 4959 3207 5027 quod
3243 4960 3566 5029 interpreta-

300 5061 388 5104 tur
417 5044 779 5117 congregatio,
809 5051 864 5099 et
899 5059 1236 5115 congregans.
1271 5042 1399 5099 Haec
1446 5055 1628 5114 autem
1674 5061 1996 5118 congregans
2032 5050 2423 5121 interpretatur
2468 5053 2536 5107 de
2588 5053 2831 5120 Domino,
2893 5055 3223 5125 congregatio
3269 5063 3447 5109 autem
3495 5053 3565 5108 de

297 5139 520 5195 mundo.

370 5232 420 5285 i.
450 5229 863 5300 Conﬁtebimur,
905 5228 1070 5300 Deus,
1092 5244 1194 5288 nos
1230 5228 1452 5287 servitio
1485 5235 1582 5282 tuo
1622 5226 1861 5282 addictos

2070 5231 2104 5285 ι.
2123 5231 2562 5306 Ὀμολογήσομεν
2586 5232 2814 5297 ἑαυτοὺς
2837 5231 3193 5289 δεδουλῶσθαι
3222 5249 3325 5300 σοι,
3357 5235 3386 5291 ὁ
3406 5232 3561 5302 θεός.

297 5336 441 5381 0580.

1244 5418 1551 5481 Addenda
1599 5425 1662 5479 et
1693 5417 2071 5499 corrigenda
2120 5438 2200 5482 ex
2232 5420 2374 5483 cod.
2408 5421 2607 5481 Vatic.

394 5519 836 5596 υέτῦτρῗςκωη
1239 5595 1247 5596 ί
1444 5591 1454 5596 _
1562 5591 1574 5596 ,
1737 5590 1749 5596 _
1977 5524 2152 5596 Ἀσᾲφ
2193 5524 2354 5596 ᾠδῆς-

390 5590 541 5665 2)ῌΝ.
694 5590 849 5665 ξΕλθὲ
876 5592 1129 5665 ,λ-Κύριεῇ
1166 5595 1348 5662 κρῖνον
1407 5591 1506 5663 τὴν
1527 5590 1853 5664 οἰκουμένην
2048 5590 2243 5665 (4)ήΜὴ
2271 5590 2608 5665 διαφθείρῃς.

370 5598 447 5663 (Ξ)
476 5598 541 5646 Ν.
572 5598 662 5645 44.
695 5598 849 5645 Ἐλθὲ
876 5632 890 5652 ,
925 5598 1094 5663 Κύριε
1118 5609 1129 5622 ⁸
1166 5598 1348 5662 κρῖνον
1407 5598 1506 5663 τὴν
1527 5598 1853 5664 οἰκουμένην
2048 5598 2103 5660 (4
2153 5598 2243 5665 Μὴ
2271 5598 2608 5665 διαφθείρης.

303 5658 808 5737 -Μνῄσθητι
849 5662 954 5715 τῶν
994 5662 1243 5737 εποίησεν
1271 5672 1443 5737 etc.__
1568 5733 1577 5737 _
1629 5732 1640 5737 Α
1707 5731 1717 5737 μ
1846 5733 1850 5737 η
2048 5598 2125 5736 (δῖ
2167 5654 2582 5737 Ἑρμηνεύεταί.
2632 5662 2750 5717 Mox
2778 5662 2838 5715 τὸ
2871 5659 3183 5732 συναγωγῦ.

385 5733 459 5805 (ὅ)
508 5734 571 5787 Ἢ
604 5731 690 5789 διὰ
714 5734 810 5804 τῆς
842 5731 1205 5803 κινναϐάρεως
1229 5750 1352 5805 περ.
1395 5733 1513 5790 Mox
1551 5731 1762 5805 ψαλμδς
1803 5733 1880 5802 τῳ
