3776 6280
138 255 220 315 97.7
986 251 1075 306 DE
1124 251 1397 308 TITULIS
1433 250 1875 309 PSALMORUM.
1910 280 1980 291 —
2003 249 2194 306 PSAL.
2227 250 2458 307 LXXIV.
3227 252 3332 305 958

190 368 239 421 2.
274 362 809 437 Ἐξομολογησόμεθα
825 381 928 430 σοι,
944 366 1038 421 καὶ
1063 365 1494 437 ὲπικαλεσὸμεθα
1524 364 1598 437 (a)
1619 363 1680 417 τὸ

1848 363 1904 417 2.
1954 363 2352 419 Contitebimur
2413 362 2548 429 tibi,
2596 371 2650 419 et
2711 363 3082 420 invocabimus
3135 376 3329 416 nomen

131 459 283 531 ὄνομά
316 476 437 511 σου.

1778 466 1952 513 tuum.

190 551 241 605 3.
278 548 620 618 Διηγήσομαι
643 546 710 601 τὰ
733 546 1011 618 θαυμάσια
1033 563 1122 600 σου
1146 563 1161 577 ⁶

1844 548 1904 604 5.
1966 546 2209 602 Narrabo
2249 554 2519 601 mirabilia
2546 556 2638 601 tua
2665 564 2680 603 :

193 640 431 696 ι.¹ὐταν
458 638 605 693 λάϐω
630 635 843 709 καιρὸν,
871 637 980 706 ἐγὼ
1005 637 1301 708 εὐθύτητας
1333 635 1521 708 κρινῶ.

1852 642 1907 696 4.
1957 640 2092 694 Cum
2119 655 2376 710 accepero
2402 649 2637 710 tempus,
2669 657 2771 712 ego
2793 641 3034 710 justitias
3053 641 3329 710 judicabn.

191 734 242 787 5.
262 732 466 803 Ἐτάκη
497 734 532 804 ἡ
555 732 648 803 γῆ,
684 738 777 784 καὶ
806 731 1003 794 πάντες
1036 732 1083 783 οἱ
1116 729 1486 793 κατοικοῦντες
1505 731 1563 782 ἐν
1582 730 1680 783 αὑ-

1850 731 1905 785 5.
1954 729 2269 801 Liquefacta
2305 742 2389 786 est
2421 739 2584 797 terra,
2638 741 2693 786 et
2732 746 2921 787 omnes
2956 735 3052 802 qui
3092 732 3334 787 habitam

131 824 218 893 τῇ.

1780 822 1833 879 ln
1858 837 1966 882 ea:

729 908 1061 980 Διάψ-αλμα.
2394 914 2725 986 Diapsalma.

192 1000 241 1057 6.
263 1000 410 1069 Ἐγὼ
436 1001 740 1074 ὲστερέωσα
767 1003 892 1066 τοὺς
925 1002 1143 1066 στύλους
1168 1003 1366 1072 αὗτῆς.’

1848 1006 1901 1061 6.
1954 1006 2069 1078 Ego
2091 1007 2407 1063 confirmavi
2437 1008 2717 1063 columnas
2752 1008 2889 1077 ejus.

192 1096 242 1149 7.
282 1093 431 1148 Bina
459 1098 569 1159 τοῖς
602 1095 1006 1168 παρανομοῦσι·
1034 1098 1124 1167 Μὴ
1161 1100 1551 1168 παρανομεῖτε’

1489 1112 1551 1148 ε·
1849 1097 1903 1155 7.
1954 1098 2077 1153 Dixi
2104 1100 2340 1169 iniquis:
2365 1098 2542 1155 Nolite
2578 1099 2761 1169 inique
2786 1113 2980 1169 agere:

191 1185 240 1240 8.
276 1187 390 1239 Καὶ
423 1190 536 1248 τοῖς
568 1187 936 1259 ἁμαρτάνουσι
955 1203 969 1217 ⁸
998 1188 1088 1258 Μὴ
1122 1187 1314 1256 ὑψοῦτε
1343 1187 1526 1258 κέρας.

1852 1191 1906 1245 8.
1960 1190 2027 1244 Et
2047 1191 2524 1261 delinquentibus:
2570 1188 2745 1244 Nolite
2767 1190 3007 1245 exaltare
3036 1203 3226 1244 cornu.

194 1276 244 1331 9.
280 1274 374 1346 Μὴ
412 1276 668 1347 ἐπαίρετε
698 1278 775 1339 εἰς
801 1275 931 1346 ὕψος
953 1277 1013 1329 τὸ
1041 1277 1203 1347 κέρας
1234 1276 1385 1345 ὑμῶν
1406 1293 1418 1307 ο

1850 1279 1906 1334 9.
1952 1276 2127 1334 Nolite
2164 1279 2422 1334 extollere
2459 1280 2515 1333 in
2543 1280 2712 1334 altum
2750 1295 2920 1335 cornu
2952 1286 3188 1333 vestrum
3218 1295 3232 1344 ;

192 1368 272 1422 10.
310 1367 424 1420 Καὶ
456 1368 531 1439 μὴ
564 1368 770 1422 λαλεῖτε
797 1369 937 1422 κατὰ
960 1368 1053 1422 τοῦ
1078 1369 1210 1423 Θεοῦ
1240 1370 1466 1423 ἀδικίαν.

1856 1367 1947 1422 10.
1996 1367 2062 1423 Et
2084 1369 2248 1423 nolite
2294 1369 2442 1438 loqui
2471 1370 2731 1425 adversus
2765 1369 2931 1423 Deum
2971 1368 3328 1438 iniquitatem.

192 1458 415 1514 11.”Οτι
442 1456 563 1511 οὔτε
594 1458 651 1525 ἐξ
678 1458 890 1525 ἐξόδων,
917 1458 1037 1512 οὔτε
1069 1460 1173 1512 ἀπὸ
1199 1459 1434 1530 δυσμῶν,

1857 1459 1945 1513 11.
1992 1458 2131 1525 Quia
2155 1474 2329 1529 neque
2356 1460 2425 1514 ab
2460 1461 2695 1525 oriente,
2733 1475 2908 1529 neque
2935 1459 3002 1513 ab
3030 1459 3330 1522 occidente,

190 1549 270 1604 l2.
311 1549 453 1603 Οὔτε
500 1550 607 1603 ἀπὸ
658 1552 878 1621 ἐρήμων
923 1552 1110 1623 ὀρέων,
1141 1553 1221 1605 ὅτι
1264 1551 1293 1603 ὁ
1331 1551 1461 1615 Θεὸς
1489 1553 1679 1624 κριτής

1850 1553 1940 1607 12.
1987 1550 2170 1622 Neque
2196 1567 2228 1607 a
2275 1552 2508 1608 desertis
2551 1552 2847 1616 montibus,
2890 1551 3145 1621 quoniam
3191 1549 3332 1604 Dcus

132 1642 251 1694 ἐστι.

1708 1692 1749 1714 η
1778 1643 1943 1714 Iudex
1970 1652 2072 1698 est.

192 1733 269 1787 15.
310 1732 516 1786 Τοῦτον
544 1735 805 1797 ταπεινοῖ,
844 1732 936 1786 καὶ
959 1730 1144 1785 τοῦτον
1170 1732 1312 1802 ὑψοῑ.

1708 1692 1797 1749 θ’
1851 1735 1936 1790 is.
1999 1733 2156 1790 Hunc
2191 1735 2463 1800 bumiliat,
2491 1734 2711 1789 ethunc
2740 1734 2985 1788 exaltat:

189 1824 269 1877 M.
287 1825 413 1877 ’Ὁτι
449 1824 704 1895 ποτήριον
729 1826 786 1876 ὲν
815 1824 956 1895 χειρὶ
985 1823 1211 1895 Κυρῖου,
1237 1823 1381 1877 οἴνου
1411 1822 1484 1894 (b)
1514 1823 1680 1894 ἀκρά-

1851 1826 1938 1880 11.
1986 1823 2123 1891 Quia
2190 1827 2331 1882 calix
2376 1827 2433 1880 in
2484 1842 2649 1881 manu
2723 1824 2965 1890 Domini,
3027 1823 3138 1878 vini
3196 1820 3333 1876 meri

130 1931 210 1967 του
249 1916 459 1988 πλῆρες
486 1918 846 1987 κεράσματος.

712 1933 846 1979 ιτος.
1779 1915 1972 1986 plenus
2018 1916 2203 1971 misto.

189 2005 268 2059 15.
317 2007 433 2058 Καὶ
480 2007 685 2060 ἑκλινεν
710 2008 773 2059 ἐκ
813 2005 999 2059 τούτου
1023 2007 1104 2070 εἰς
1125 2005 1300 2072 τοῦτο,
1336 2005 1473 2077 πλὴν
1505 2009 1533 2059 ὁ
1559 2022 1680 2076 τρυ-

1850 2007 1939 2062 15.
1979 2005 2047 2061 Et
2092 2006 2376 2062 inclinavit
2416 2021 2483 2060 ex
2536 2004 2643 2060 boc
2689 2006 2742 2059 in
2797 2006 2918 2071 hoc,
2969 2012 3334 2059 verumtamen

131 2096 247 2162 γίας
273 2096 444 2149 αὐτοῦ
474 2098 573 2150 οὐκ
599 2095 896 2166 ὲξεκενώθη
916 2113 929 2127 °

1780 2095 1883 2153 faex
1917 2098 2036 2167 ejus
2069 2113 2178 2151 non
2213 2104 2299 2152 est
2323 2096 2598 2152 exinanita
2625 2115 2639 2151 :

193 2187 270 2241 l6.
310 2190 552 2242 Πίωνται
582 2188 779 2252 πάντες
800 2190 848 2241 οἱ
874 2188 1183 2259 ἁμαρτωλοὶ
1209 2188 1306 2260 τῆς
1331 2189 1452 2260 γῆς.

1853 2187 1941 2243 16.
1996 2188 2187 2243 Bibent
2218 2203 2409 2243 omnes
2454 2196 2764 2257 peccatores
2812 2195 2984 2241 terrae.

188 2279 250 2335 17
291 2280 442 2350 Ἐγὼ
466 2280 524 2334 δὲ
558 2280 952 2351 ἀγαλλιάσομαι
980 2284 1060 2345 είς
1085 2282 1174 2337 τὸν
1202 2282 1405 2336 αίῶναο

1847 2284 1934 2338 17.
1987 2282 2101 2354 Ego
2135 2294 2316 2337 autem
2348 2282 2591 2352 gaudebo
2622 2281 2678 2335 in
2730 2280 2984 2335 saeculum
3016 2298 3029 2334 :

189 2370 270 2425 18.
308 2370 486 2426 Ψαλῶ
508 2370 586 2442 τῷ
610 2370 729 2442 Θεῷ
749 2370 963 2425 Ἰακώϐ.

1852 2375 1940 2429 18.
1992 2375 2237 2430 Cantabo
2268 2373 2378 2429 Deo
2399 2371 2586 2428 Jacob.

205 2512 259 2589 ᾳ)
283 2511 443 2589 Vera.
469 2512 1138 2589 2.__Kal_émxal.eo§ps_ﬂa,
1160 2523 1273 2589 etc.
1307 2513 1472 2589 γεγε.
1497 2515 1550 2571 5.
1580 2518 1696 2589 Ann

907 2513 1138 2589 πόμεθα,
1160 2523 1273 2589 etc.
1307 2513 1472 2589 γεγε.
1497 2515 1550 2571 5.
1580 2517 1916 2589 Διηγήίσομαι
1938 2514 2126 2589 πάντα,
2161 2514 2249 2577 τά,
2295 2522 2398 2589 e_t_c.

208 2582 258 2654 ὁ)
302 2585 457 2638 Vers.
490 2583 576 2648 15,
611 2584 785 2648 Οίνου,
813 2597 915 2640 etc.
951 2582 1009 2638 V.
1036 2585 1102 2639 16
1159 2586 1269 2639 Καὶ
1304 2584 1529 2653 ἔκλινεν,
1559 2582 1699 2644 etc."

1414 2602 1529 2653 ,νεν,
1559 2582 1782 2644 ειοῖν.
1821 2582 1907 2654 17,
1936 2587 2079 2659 Πλὴν
2106 2587 2154 2652 ὁ,
2177 2594 2280 2641 etc.
2313 2583 2377 2638 V.
2408 2582 2492 2648 18,
2520 2582 2774 2646 Πίωνται,
2803 2588 2905 2636 etc.

1244 2740 1615 2800 ATHANASII
1652 2738 2213 2799 INTERPRETATIO

184 2857 238 2913 2.
269 2855 563 2928 Δεηθῶμεν
588 2854 975 2925 ἐπικεκλῆσθαι
1001 2855 1060 2909 τὸ
1082 2855 1251 2926 ὅνομά
1279 2875 1372 2913 σου
1396 2860 1479 2930 ἐφ’
1506 2861 1673 2933 ἡμᾶς.

1845 2857 1903 2913 2.
1948 2855 2257 2920 Orabimus,
2294 2863 2355 2908 ut
2402 2852 2683 2906 invocetur
2730 2862 2927 2903 nomen
2977 2854 3129 2901 tuum
3178 2860 3336 2916 super

1781 2960 1903 3002 nos.
2966 3000 2969 3003 .

186 3033 240 3090 3.
278 3032 523 3106 Κηρύξω
552 3030 621 3085 τὰ
644 3028 1176 3101 θαυματουργήματά
1200 3046 1314 3083 σου.

1852 3037 1907 3091 5.
1957 3033 2272 3090 Ριιιεὰἱεεδο
2300 3029 2568 3087 mirabilia
2595 3031 2776 3099 Iopera
2813 3036 2925 3082 tua.

188 3126 240 3179 1.
258 3125 352 3180 Ἐν
389 3128 455 3197 τῇ
489 3121 759 3194 παρουσίᾳ
796 3138 893 3192 μου
918 3120 1063 3189 λέγει
1090 3122 1119 3174 ὁ
1148 3120 1369 3193 Κύριος,

1852 3127 1907 3181 4.
1950 3126 2009 3181 ln
2040 3127 2274 3183 adventu
2312 3140 2435 3181 meo
2467 3123 2601 3180 dicit
2643 3121 2926 3178 Dominus.

187 3217 237 3272 5.
260 3217 403 3272 Ὑπὸ
433 3216 512 3287 (1)
542 3215 643 3285 τῆς
666 3213 954 3284 ἁμαρτίας.

785 3213 954 3284 ρτίαςο
1848 3218 1903 3273 5.
1952 3218 1998 3272 A
2033 3226 2273 3288 peccato.

189 3308 240 3365 6.
278 3311 423 3372 Τοὺς
449 3307 796 3369 ἀποστόλους.

781 3347 796 3361 .
1852 3309 1907 3364 6.
1955 3308 2266 3379 Apostolos.

185 3399 237 3455 7.
275 3399 373 3470 Τῷ
392 3396 507 3468 λαῷ
533 3397 642 3450 τῶν
662 3395 950 3449 Ἰουδαίων.

1854 3401 1905 3456 7.
1945 3400 2154 3471 Populo
2181 3396 2514 3454 Iudaeorum.

186 3489 237 3544 8.
274 3492 408 3552 Τοῖς
432 3490 616 3551 αὐτοῖς
642 3486 788 3556 λέγει
820 3484 1113 3549 Ἰουδαίοις.

1855 3489 1909 3545 8.
1958 3489 2152 3545 Iisdem
2184 3488 2387 3544 Judaeis
2425 3485 2685 3556 loquitur.

189 3582 239 3636 9.
278 3584 377 3652 Μὴ
401 3581 607 3649 λέγετε,
642 3581 723 3633 ὅτι
759 3579 942 3632 Τέκνα
971 3575 1216 3646 Ἀϐραάμ
1239 3576 1443 3645 ἐσμεν.

1852 3580 1905 3635 9.
1948 3578 2124 3634 Nolite
2156 3580 2355 3642 dicere,
2384 3577 2517 3630 Filii
2543 3574 2767 3628 Abraluz
2788 3587 2968 3625 sumus
2996 3570 3061 3623 ".

188 3674 269 3728 10.
309 3674 425 3727 Καὶ
460 3670 534 3743 μὴ
562 3671 746 3739 λέγετε
777 3667 854 3739 τῷ
880 3667 1014 3739 Υίῷ,
1040 3668 1124 3721 ὅτι
1160 3668 1487 3735 Ἄνθρωπος
1516 3660 1575 3719 εἷ
1604 3665 1679 3737 (2)

1849 3670 1934 3725 10.
1969 3669 2038 3725 Ει
2088 3669 2256 3724 nolite
2297 3669 2480 3724 dicere
2512 3664 2674 3732 Filio,
2708 3663 2877 3717 Homo
2925 3675 2983 3714 tu
3024 3676 3098 3725 es,
3145 3669 3196 3713 et
3242 3674 3340 3711 non

126 3764 335 3831 σὺ,καὶ
367 3763 502 3831 οὐχὶ
539 3764 682 3829 Θεός
712 3778 724 3790 ο
1784 3759 1926 3816 Deus
1968 3761 2035 3815 ⁸⁷.

190 3857 274 3921 11,
304 3856 393 3911 12.
436 3854 571 3908 Οὔτε
602 3852 711 3905 τῶν
737 3851 843 3906 ἀπὸ
869 3848 1137 3905 ἀνατολῶν
1170 3846 1469 3920 ἀνθρώπων
1486 3846 1562 3919 (ὃ)
1591 3846 1681 3900 καὶ

1855 3854 1944 3920 11,
1983 3854 2069 3909 12.
2113 3851 2297 3923 Neque
2328 3851 2609 3927 hominum
2647 3850 2716 3905 ab
2742 3856 2866 3905 ortu
2895 3862 3070 3918 usque
3091 3846 3156 3901 ad
3187 3860 3345 3901 occa-

131 3947 276 4019 μέχρι
312 3946 555 4017 δυσμῶν,
583 3945 617 4013 ἢ
655 3944 761 3997 τῶν
793 3942 1047 3997 ἐναντίων
1076 3938 1358 4012 δυνάμεών
1385 3956 1468 4003 τις
1494 3954 1622 4009 κριτ

1854 3963 1928 4013 m,
1960 3956 2054 4001 aut
2081 3943 2521 4001 adversariarutn
2568 3949 2897 4011 potestatum
2946 3938 3143 4007 aliquis
3179 3935 3343 4006 judex

128 4038 261 4093 ἐστιν
294 4040 329 4111 ἢ
369 4039 528 4109 μόνος
559 4039 587 4089 ὁ
613 4035 764 4098 Θεός.

1785 4042 1889 4103 est,
1918 4044 2278 4106 praeterquam
2308 4034 2459 4089 solus
2484 4031 2646 4087 Deus.

190 4130 272 4184 15.
305 4128 415 4182 Τὸν
450 4127 548 4198 μὲν
580 4126 654 4195 (1)
677 4127 755 4189 εἰς
785 4125 960 4197 γῆρας
992 4124 1135 4192 ἄγει,
1160 4124 1249 4179 τὸν
1276 4123 1333 4177 δὲ
1358 4124 1681 4196 προκόπτειν

1860 4127 1952 4181 15.
2002 4125 2159 4182 Hunc
2204 4126 2422 4196 quidem
2454 4124 2520 4179 ad
2547 4133 2878 4179 senectutem
2920 4119 3160 4185 adducit,
3193 4116 3343 4171 illum

125 4225 184 4293 τῇ
215 4222 398 4293 ἡλικίᾳ
426 4219 535 4292 [οὐ]
565 4222 726 4272 ποιεῖ.

1716 4215 1758 4235 ν
1786 4226 1966 4274 autem
1995 4225 2154 4274 aetate
2178 4218 2428 4289 progredi
2470 4232 2577 4271 non
2608 4215 2752 4269 facit.

191 4316 421 4370 14.Ὅτι
468 4315 497 4366 ὁ
540 4312 767 4374 θάνατος
801 4310 1017 4363 πάντων
1061 4309 1119 4361 ἐν
1156 4310 1221 4377 τῇ
1259 4306 1475 4378 ἐξουσίᾳ
1518 4303 1681 4359 αὐτοῦ

1858 4307 1947 4361 11.
1987 4305 2257 4373 Quoniam
2281 4322 2429 4360 mors
2460 4304 2703 4359 omnium
2727 4303 2780 4356 in
2809 4302 2929 4371 ejus
2955 4306 3217 4370 potestate
3242 4306 3344 4361 est,

131 4407 258 4471 ἐστι,
306 4406 402 4460 καὶ
444 4404 537 4458 τοῦ
571 4402 646 4474 (5)
695 4402 945 4473 βρέτρους,
1003 4398 1225 4453 καὶτοῦ
1273 4397 1415 4463 νέου,
1460 4396 1553 4451 καὶ
1587 4413 1622 4449 τ⁴

1504 4396 1553 4450 ι).
1587 4394 1681 4449 τοῦ
1785 4407 1840 4454 et
1872 4398 2116 4463 infantis,
2156 4405 2211 4453 et
2237 4395 2475 4466 juvenis,
2508 4403 2563 4450 et
2583 4394 2707 4460 viri,
2744 4402 2798 4448 et
2829 4392 2995 4449 senis.

127 4497 342 4561 τελείου,
368 4497 462 4549 xai.
492 4494 584 4549 τοῦ
613 4496 693 4559 εἰς
717 4494 893 4565 γῆρας
925 4492 1090 4554 ὄντος.

189 4588 275 4643 15.
296 4589 409 4643 Καὶ
434 4588 640 4657 ἢγαγεν
668 4585 828 4638 αὐτὸν
848 4585 913 4636 ἐκ
933 4582 1026 4637 τοῦ
1056 4579 1358 4653 πρεσϐύτου
1384 4581 1462 4642 εἰς
1482 4577 1542 4631 τὸ
1562 4576 1680 4648 βρέ-

1866 4589 1952 4643 15.
1996 4587 2060 4642 Et
2089 4587 2461 4643 adduxiteum
2493 4602 2523 4641 a
2549 4601 2678 4642 sene
2716 4601 2892 4657 usque
2935 4586 3002 4643 ad
3041 4585 3298 4642 infantem
3332 4605 3346 4641 :

126 4694 247 4749 (ρος⁸
266 4680 415 4750 ὅμως
444 4677 605 4741 αὐτὸς
633 4677 662 4729 ὁ
694 4675 920 4738 θάνατος
951 4674 1133 4746 ἀκμὴν
1166 4673 1336 4744 πέρας
1360 4671 1459 4724 οὐκ
1478 4668 1617 4723 ἔλαϐε

1861 4689 2168 4734 rumtamen
2202 4679 2320 4748 ipsa
2361 4692 2511 4733 mors
2542 4678 2721 4734 adhuc
2764 4678 2925 4732 tinem
2969 4693 3076 4732 non
3124 4676 3346 4747 accepit.

190 4772 274 4827 16·
287 4771 433 4835 Ἕως
462 4786 554 4823 σου
584 4767 712 4840 ἔλθῃ
739 4770 818 4831 εἰς
839 4768 1044 4830 πάντας
1068 4767 1192 4829 τοὺς
1217 4762 1569 4836 ἁμαρτωλοὺς
1589 4764 1681 4833 τῆς

1867 4766 1953 4822 16.
2014 4765 2314 4836 Usquequo
2340 4766 2596 4820 veniatin
2629 4782 2820 4822 omnes
2844 4775 3154 4836 peccatores
3177 4774 3350 4820 terrae.

125 4878 276 5011 mli.
314 4956 408 5020 Εἰς
440 4955 531 5009 τὸν
562 4954 820 5025 μέλλοντα
848 4949 1018 5005 αἰῶνα
1041 4948 1208 5019 λέγει.
1390 4908 1393 4911 Ι

1390 4908 1393 4911 Ι
1863 4945 1951 4999 17.
2003 4945 2061 4999 1η
2095 4946 2339 5002 futurum
2370 4948 2628 5004 saeculum
2652 4948 2785 5003 dicit
2830 4968 2834 4979 ε

190 5048 495 5119 18.”Υμνον
522 5044 828 5115 ἀναπέμψω
857 5041 933 5113 τῷ
958 5040 1075 5112 Θεῷ
1104 5038 1321 5094 Ἰακώϐ.

1874 5034 1962 5089 18.
2020 5033 2289 5107 Hymnum
2326 5038 2544 5093 reddam
2572 5036 2682 5093 Deo
2706 5036 2889 5093 Jacob.

187 5189 233 5218 ⁸⁸
279 5184 436 5242 Joan.
490 5199 608 5249 Vltl,
662 5183 732 5237 55
765 5182 854 5237 57.
945 5180 990 5211 ἰ’
1031 5177 1193 5233 Joan.
1225 5194 1279 5244 ι,
1313 5177 1403 5232 55.

1066 5293 1376 5355 Addenda
1409 5300 1470 5354 et
1503 5286 1879 5367 corrigenda
1908 5303 1987 5348 ex
2018 5287 2158 5350 cod.
2193 5288 2375 5350 Vatic

188 5427 264 5493 (1)
286 5426 591 5497 Ἐτάκησαν
624 5427 748 5489 ὑπο,
772 5434 880 5497 etc.
1037 5490 1060 5497 _
1972 5416 2399 5497 μὲνγαρηειοτ
2436 5412 2760 5497 προκόπτειν
2772 5411 2878 5492 ξῆν
2905 5408 3320 5497 διάνοιανπιοτιεξ,

301 5478 978 5568 .·7’Ᾱνοριιοποε
1008 5490 1091 5568 εἶ,Δ
1119 5503 1249 5568 etc._
1275 5560 1300 5568 _
1560 5557 1606 5568 η

1863 5478 1952 5568 (15).
2026 5526 2038 5539 .
2062 5478 2146 5540 15.
2169 5478 2281 5568 και
2300 5483 2419 5568 τοῦ,
2440 5478 2543 5536 etc.
2556 5478 2889 5568 κκαιτοῦἳιγη
2902 5480 3177 5568 εξσαντος.
3197 5478 3240 5531 Ν
3247 5479 3354 5568 .l‘ti.

192 5498 264 5564 (2)
301 5498 390 5568 Τῷ
421 5496 598 5568 Ἰησοῦ
619 5513 632 5527 ’
661 5496 978 5565 Ἀνθρωπος
1008 5496 1076 5553 εἶ,
1119 5503 1223 5545 etc.

192 5568 266 5636 (5)
303 5568 422 5622 Τῶν
454 5565 754 5637 ἀνθρώπων
782 5565 889 5619 τῶν
924 5563 1031 5618 ἀπὸ
1070 5560 1363 5625 ἀνατολῶν,
1403 5570 1505 5615 etc.
1560 5557 1677 5613 Mox

1861 5496 1939 5553 (5)
1970 5496 2038 5539 Ν.
2062 5496 2146 5540 15.
2171 5496 2279 5538 Καὶ
2300 5501 2416 5543 του,
2440 5496 2569 5543 ctc.,
2596 5496 2689 5535 και
2709 5500 2799 5534 του
2828 5498 2889 5551 γη
2902 5496 3177 5603 {acati-tog.
3197 5496 3352 5535 uno.

1861 5554 2355 5639 tiﬁtﬁy‘apev'aR-E‘b
2405 5555 2474 5639 ὲκ
2512 5552 2626 5618 τοῦ,
2659 5563 2763 5608 etc.
2797 5552 2865 5605 Ν.
2935 5551 2985 5603 7.
3011 5552 3218 5621 Ὅμως,
3250 5558 3352 5605 etc.

131 5638 172 5687 εἱ
307 5640 481 5709 μόνος,
509 5622 612 5693 etc.
1350 5622 1357 5625 ν

1350 5622 1357 5625 ν
1786 5626 1856 5678 Ν.
1897 5622 2137 5688 18.’²Εως
2164 5622 2223 5679 οὗ
2251 5623 2397 5694 ἔλθῃ,
2428 5632 2530 5676 etc.
