3776 6280
210 269 329 330 955
1101 268 1188 327 DE
1225 264 1498 329 TITULIS
1526 268 1967 328 PSALMORUM.
2000 303 2060 314 -
2089 271 2281 332 PSAL.
2324 272 2557 330 LXXVI.
2680 264 2690 271 ⁷
3335 266 3442 321 966

286 390 379 447 18.
416 388 521 444 Kal
548 385 675 445 εἶπα
706 406 720 421 ·
756 390 870 443 Νῦν
889 388 1141 462 ἠρξάμην
1166 407 1182 422 ·

1952 391 2037 446 18.
2064 392 2128 448 ΕΙ
2165 394 2276 448 dixi
2303 413 2316 449 :
2354 393 2511 448 Nunc
2536 392 2675 463 coepi
2706 412 2720 446 :

289 483 381 538 19.
415 481 565 553 Αὕτη
585 484 619 554 ή
646 482 924 546 ἀλλοίωσις
954 483 1052 553 τῆς
1084 483 1261 548 δεξιᾶς
1288 477 1382 538 τόῢ
1423 483 1698 554 Ὑψίστου.

1954 482 2037 538 19.
2062 483 2184 540 Haec
2213 485 2442 539 mutatio
2469 485 2706 540 dexterae
2733 482 2965 538 Excelsi.

283 572 379 627 20.
409 573 718 644 Ἐμνήσοην
744 571 851 626 τῶν
876 571 1048 643 ἔργων
1069 571 1266 644 Κυρίου
1290 589 1304 603 ο
1477 561 1481 564 ’

1946 575 2036 630 20.
2070 575 2274 631 Memor
2304 575 2380 630 fui
2410 591 2632 646 operum
2667 574 2917 628 Domini:

283 665 379 720 21.
411 664 530 717 Ὅτι
559 663 936 736 μνησθήσομαι
968 663 1075 717 ἀπὸ
1101 664 1199 734 τῆς
1235 666 1408 738 ἀρχῆς
1434 665 1539 719 τῶν
1573 666 1769 736 θαυμα-

1948 666 2038 720 2i.
2066 666 2204 733 Quia
2221 682 2427 723 memor
2450 679 2545 723 ero
2560 667 2630 721 ab
2645 665 2799 721 initio
2829 662 3157 720 mirabilium
3186 671 3427 717 tuorum.

213 754 353 809 σίων
380 770 497 808 σου·

280 845 375 899 22.
412 842 517 896 Kal
547 843 828 914 μελετήσω
871 844 929 897 ἐν
964 845 1098 897 πᾶσι
1126 847 1239 908 τοῖς
1267 844 1443 916 ἔργοις
1476 861 1568 897 σου
1588 860 1602 874 ο

280 935 378 989 25.
404 934 515 986 Kal
543 936 602 987 ὲν
622 936 733 996 τοῖς
755 934 1154 1004 ἐπιτηδεύμασί
1190 952 1283 987 σου
1309 934 1668 1005 ἁδολεσχήσω.

277 1025 372 1080 24.
418 1026 475 1077 '0
507 1025 659 1089 Θεὸς,
695 1026 753 1077 ἐν
783 1024 859 1095 τῷ
895 1026 1033 1095 ἁγίῳ
1067 1027 1098 1094 ὴ
1126 1026 1242 1088 ὁδός
1272 1043 1364 1078 σου
1392 1043 1405 1056 ·

282 1115 376 1171 25.
407 1116 503 1179 Τίς
526 1115 657 1178 Θεὸς
685 1115 855 1186 μέγας
883 1116 957 1179 ὼς
984 1118 1013 1168 ὁ
1037 1115 1167 1179 Θεὸς
1194 1116 1382 1187 ὴμῶνς

276 1206 371 1261 26.
396 1207 470 1259 Σὺ
487 1202 539 1258 εἴ
559 1207 588 1258 ὁ
610 1206 741 1270 Θεὸς
765 1209 792 1260 ὀ
826 1206 987 1260 ποιῶν
1023 1206 1322 1278 θαυμάσια.

278 1298 373 1352 27.
405 1295 736 1368 Ἑγνώρισας
767 1298 825 1349 ὲν
852 1300 964 1360 τοῖς
993 1296 1141 1359 λαοῖς
1164 1297 1261 1368 τὴν
1290 1296 1517 1367 δύναμίν
1553 1313 1645 1349 σου
1670 1313 1684 1326 ο

278 1389 376 1444 28.
408 1387 729 1458 Ἐλυτρώσω
754 1390 810 1440 ὲν
835 1386 910 1457 τῷ
942 1386 1183 1458 βραχίονι
1206 1405 1298 1441 σου
1326 1389 1416 1441 τὸν
1440 1387 1566 1441 λαόν
1590 1404 1705 1449 σου,

280 1480 371 1535 29.
404 1480 543 1543 Τοὺς
575 1480 725 1542 υἱοὺς
760 1478 953 1532 Ἰακὼϐ
986 1481 1079 1533 καὶ
1111 1481 1332 1552 Ἰωσήφ.

1947 844 2036 898 22.
2067 843 2135 899 Et
2172 844 2473 899 meditabor
2501 843 2556 898 in
2590 842 2843 898 omnibus
2870 839 3125 911 operibus
3157 839 3296 894 tuis:

1947 936 2036 992 25.
2066 935 2132 991 Ει
2157 937 2210 990 in
2246 935 2722 990 adinventionibus
2750 933 2858 988 tuis
2882 931 3194 988 exercebar.

1948 1025 2227 1091 2i..Deus,
2263 1026 2315 1079 in
2344 1035 2533 1081 sancto
2567 1024 2654 1078 via
2683 1031 2774 1078 tua
2804 1040 2818 1077 :

1950 1116 2039 1170 25.
2074 1115 2209 1182 Quis
2234 1115 2374 1171 Deus
2401 1130 2631 1185 magnus
2653 1114 2792 1170 sicut
2814 1113 2956 1170 Deus
2981 1112 3199 1169 noster?

1948 1204 2036 1258 26.
2071 1205 2148 1258 'l‘u
2175 1220 2235 1260 es
2259 1204 2418 1269 Deus,
2443 1205 2535 1274 qui
2569 1204 2701 1259 facis
2732 1204 3030 1259 mirabilia:

1946 1297 2034 1351 27.
2062 1296 2252 1352 Notam
2284 1297 2458 1353 fecisti
2491 1296 2544 1350 in
2570 1296 2783 1366 populis
2810 1295 3061 1350 virtutem
3102 1303 3252 1350 tuam
3273 1309 3294 1350 ξ

1947 1389 2037 1443 28.
2076 1390 2367 1446 Redemisti
2399 1391 2450 1443 in
2470 1389 2695 1443 brachio
2719 1396 2811 1442 tuo
2836 1389 3093 1458 populum
3119 1397 3295 1453 tuum,

1947 1481 2036 1534 29.
2067 1480 2235 1536 Filios
2263 1480 2432 1536 Jacob
2466 1490 2522 1535 et
2552 1478 2775 1548 Joseph.

280 1571 374 1627 50.
407 1570 633 1625 eaeam
658 1587 717 1624 σε
749 1569 935 1637 ὕδατα,
961 1573 991 1624 ὁ
1013 1571 1143 1634 Θεός
1167 1589 1179 1603 ·

1947 1573 2034 1628 50.
2064 1574 2324 1629 Viderunt
2347 1582 2400 1628 te
2426 1588 2599 1643 aqum,
2627 1571 2804 1626 Deus:

279 1663 371 1717 51.
398 1662 623 1716 Εἴδοσάν
649 1678 708 1715 σε
737 1660 926 1724 ὕδατα,
958 1663 1051 1715 καὶ
1075 1661 1441 1735 ἐφοϐήθησαν.

1951 1663 2038 1718 51.
2071 1664 2335 1719 Viderunt
2364 1673 2415 1719 te
2445 1678 2598 1735 aquae
2624 1670 2678 1717 et
2701 1662 3016 1716 timuerunt.

278 1752 371 1808 52.
418 1752 822 1825 Ἐταράχθησαν
844 1753 1089 1819 ἄϐυσσοι,
1115 1729 1317 1825 πλῆθος
1339 1753 1503 1825 ἠχοῦς
1549 1752 1769 1807 ὑδάτωνι

1953 1754 2040 1808 52.
2068 1753 2290 1810 Turbati
2321 1762 2449 1810 sunt
2475 1729 2676 1825 abyssi,
2703 1751 2990 1807 multitudo
3029 1750 3240 1807 sonitus
3265 1765 3440 1821 aqua-

279 1927 372 1980 55.
406 1927 590 1997 Φωνὴν
620 1927 825 1982 ἔδωκαν
858 1928 913 1982 αἱ
944 1928 1183 1998 νεφέλαι,
1884 1861 2046 1990 mg;

280 2017 373 2071 54.
408 2018 516 2070 Kal
550 2019 657 2090 γὰρ
689 2019 756 2071 τὰ
786 2018 913 2089 βέλη
953 2036 1044 2072 σου
1070 2019 1502 2092 διαπορεύονται·

282 2112 373 2166 55.
407 2113 559 2185 Φωνὴ
589 2115 685 2186 τῆς
710 2114 935 2187 βροντῆς
968 2131 1059 2168 σου
1084 2116 1141 2167 ἐν
1175 2113 1252 2186 τῷ
1273 2114 1473 2186 τροχῷ.

1954 1938 2041 1990 55.
2079 1933 2273 1989 Vocem
2296 1932 2561 1989 dederunt
2584 1932 2776 1999 nubes,

1953 2028 2042 2082 54.
2069 2025 2279 2081 Etenim
2310 2025 2517 2095 sagittae
2541 2030 2649 2079 tua:
2676 2032 2958 2080 transeunt
2984 2043 2997 2078 :

1952 2118 2042 2173 55.
2076 2115 2193 2171 Vox
2222 2115 2446 2170 tonitrui
2471 2114 2550 2169 tui
2584 2114 2639 2169 in
2670 2124 2810 2171 rota.

1329 2230 1703 2288 ATIIANASII
1742 2231 2325 2317 lNTERPIlETATIO.

1953 2346 2037 2402 lS.
2079 2346 2146 2400 Et
2193 2346 2344 2401 dixi:
2378 2343 2627 2408 Domine,
2657 2340 2824 2398 veluti
2853 2355 2998 2396 nunc
3028 2338 3316 2411 incipiente
3351 2353 3439 2394 me

1877 2439 2152 2493 adhaerere
2183 2437 2300 2502 tibi,
2319 2444 2440 2492 esto
2469 2433 2846 2490 misericordia
2877 2447 3018 2487 mea.
3078 2474 3091 2480 -

1951 2532 2037 2587 19.
2066 2530 2134 2585 Ει
2180 2531 2255 2584 ita
2298 2544 2385 2583 me
2436 2526 2723 2583 transferri
2771 2541 2801 2580 a
2846 2537 3067 2596 peccato
3105 2523 3159 2578 in
3186 2523 3438 2577 timorem

1877 2626 2052 2686 tuum,
2088 2619 2275 2690 gratia:
2300 2627 2406 2673 tua:
2436 2625 2538 2672 est.

1944 2710 2034 2766 20.
2063 2709 2128 2764 Et
2151 2712 2367 2764 demum
2391 2708 2447 2762 in
2472 2714 2652 2763 mente
2672 2705 2877 2776 accepi,
2900 2704 3046 2776 quod
3075 2713 3159 2760 est
3186 2702 3435 2775 benepla-

1875 2818 2005 2859 cens
2036 2801 2289 2857 Domino.

1940 2894 2031 2949 2|.
2060 2892 2328 2960 Quoniam
2354 2889 2423 2944 ab
2446 2888 2606 2944 initio
2634 2900 2843 2941 memor
2862 2898 2959 2941 ero
2982 2884 3437 2956 justiﬁeationuai

284 2341 373 2396 18.
402 2341 510 2394 Kal
530 2335 692 2394 εἶπαο
728 2342 922 2413 Κύριε,
946 2342 1021 2406 ὡς
1051 2340 1144 2396 νῦν
1177 2340 1481 2413 ἀρξαμένου
1523 2360 1623 2413 μου
1649 2342 1773 2397 κολ-

208 2432 414 2488 λᾶσθαί
450 2448 554 2495 σοι,
584 2431 730 2495 ἔλεός
764 2449 862 2503 μου
883 2430 1062 2502 γενοῦ.

280 2524 367 2579 19.
397 2522 502 2577 Kal
526 2525 587 2577 τὸ
619 2523 790 2587 οὕτως
816 2524 1213 2595 μεταϐληθῆναι
1245 2541 1310 2595 με
1335 2524 1443 2577 ἀπὸ
1469 2524 1567 2595 τῆς
1600 2524 1775 2596 ἁμαρ-

206 2617 335 2681 τίας
365 2619 445 2680 εἰς
468 2616 558 2670 τὸν
584 2616 746 2685 φόϐον
775 2632 866 2669 σου
890 2618 987 2688 τῆς
1015 2616 1234 2688 χάριτός
1261 2615 1353 2669 σού
1377 2618 1546 2669 ἐστιν.

296 2708 390 2763 20.
422 2709 531 2761 Καὶ
563 2705 747 2761 λοιπὸν
778 2709 835 2761 ὲν
875 2706 950 2778 νῷ
980 2706 1166 2761 ἔλαϐον
1214 2707 1267 2760 τί
1311 2710 1425 2761 ἐστι
1478 2707 1540 2760 τὸ
1591 2706 1780 2780 εὐάρε-

209 2818 335 2853 στον
356 2799 431 2869 (1)
460 2799 537 2870 τῷ
562 2799 776 2870 Κυρίῳ.

281 2891 373 2944 21.
409 2891 533 2944 Ὅτι
570 2890 632 2955 ἐξ
666 2891 841 2964 ἀρχῆς
899 2892 1277 2966 μνησθήσομαι
1319 2891 1428 2946 τῶν
1468 2892 1775 2964 δικαιωμά-

206 2998 319 3033 των
344 2997 437 3033 σου
446 3019 459 3033 ο

281 3070 373 3124 22.
409 3072 517 3125 Kal
545 3071 785 3143 ὲπιμενῶ
811 3074 976 3126 πᾶσιν
1005 3073 1208 3137 αὐτοῖς.

278 3163 369 3216 25.
400 3163 510 3215 Kal
533 3165 590 3216 ὲν
617 3167 728 3227 τοῖς
743 3163 923 3235 ἔργοις
943 3164 1042 3228 τῆς
1057 3164 1403 3230 δικαιοσύνης
1429 3182 1522 3220 σου
1540 3173 1778 3239 τερφθη-

211 3271 397 3324 σομαι.

280 3343 373 3397 24.
414 3344 471 3397 ’0
505 3344 657 3410 Θεὸς,
686 3347 743 3398 ὲν
773 3344 848 3417 τῷ
877 3344 992 3417 Υἱῷ
1019 3364 1112 3399 σου
1142 3348 1175 3417 ἠ
1200 3346 1381 3410 πίστις
1415 3363 1529 3399 σου.

278 3434 371 3487 25.
397 3436 533 3507 Περὶ
557 3431 616 3491 οὗ
656 3436 866 3500 Παῦλος
894 3437 997 3506 ἔφη
1025 3455 1039 3467 ·
1078 3437 1189 3491 Τοῦ
1218 3436 1483 3508 μεγάλου
1508 3440 1654 3491 Θεου
1678 3455 1776 3491 και

207 3526 486 3595 Σωτῆρος
518 3528 685 3596 ἡμῶν
725 3529 927 3595 Ἰησοῦ
966 3529 1245 3597 Χριστοῦ,
1269 3529 1376 3583 τοῦ
1404 3529 1612 3596 δόντος
1639 3529 1776 3585 ἑαυ-

212 3616 328 3670 τὸν
353 3619 709 3689 ἀντίλυτρον
729 3622 883 3690 ὑπὲρ
914 3621 1173 3676 πάντων.

279 3706 374 3762 26.
407 3708 479 3760 Σὺ
507 3703 557 3761 εἴ
581 3712 609 3762 ὁ
632 3711 764 3777 Θεὸς
813 3714 842 3764 ὁ
885 3713 1175 3783 ἰασάμενος
1207 3713 1265 3766 ἐν
1299 3711 1375 3782 (2)
1407 3715 1472 3783 τῇ
1511 3714 1779 3787 παρουσίᾳ

209 3815 305 3852 σου
346 3799 550 3865 πάντας
581 3804 705 3867 τοὺς
734 3804 1368 3875 καταδυναστευομένους
1396 3805 1499 3859 ὑπὸ
1532 3805 1627 3859 τοῦ
1659 3806 1779 3860 δια-

212 3890 394 3945 ϐόλου.

276 3982 369 4037 27.
415 3985 793 4056 Ἐφανὲρωσας
816 3989 926 4051 τοῖς
955 3986 1260 4060 ἀνθρώποις
1290 3991 1380 4044 τὸν
1408 3991 1640 4063 Χριστόν
1660 4009 1773 4048 σου.

276 4071 369 4125 28.
404 4073 491 4125 Ἐν
520 4072 668 4144 αὐτῷ
705 4074 783 4145 τῷ
813 4074 928 4145 Υίῷ
958 4092 1076 4128 σου.

268 4161 361 4215 29.
398 4163 533 4226 Τοὺς
563 4163 672 4217 τῶν
729 4165 989 4219 Ἰουδαίων
1021 4166 1115 4220 καὶ
1166 4166 1275 4221 τῶν
1322 4167 1514 4223 ἐθνῶν.
1554 4167 1777 4236 Ἰωσὴφ

200 4254 316 4324 γὰρ
371 4252 730 4323 ἑρμηνεύεται
789 4256 1025 4311 ὀνείδου
1087 4255 1393 4330 [ὀνείδους]
1437 4259 1773 4327 ἀφαίρεσις,

198 4346 344 4416 ὅπερ
370 4345 476 4396 εἰσὶ
504 4345 573 4398 τὰ
604 4346 679 4415 (5)
706 4346 855 4418 ἔθνη.

272 4436 365 4490 50.
392 4436 736 4505 Ἐπέγνωσάν
768 4456 827 4492 σε
859 4440 909 4493 oi
936 4440 1211 4511 δαίμονες.

1873 2993 2115 3042 tuarum.

1801 3056 1844 3114 ο
1944 3076 2035 3132 22.
2066 3075 2132 3130 Et
2159 3074 2214 3129 in
2248 3071 2503 3128 omnibus
2522 3069 2655 3136 ipsis
2678 3066 3025 3139 permanebo.

1943 3167 2036 3226 25.
2072 3166 2140 3221 Ει
2170 3163 2482 3221 delectahor
2511 3163 2564 3216 in
2595 3160 2851 3231 operibus
2872 3158 3102 3231 justitiaa
3127 3167 3254 3214 tum.

1943 3345 2035 3400 24.
2066 3343 2227 3407 Deus,
2266 3342 2319 3396 in
2350 3340 2485 3395 Filio
2512 3345 2608 3394 tuo
2632 3338 2765 3393 tides
2791 3346 2909 3391 tua.

1941 3437 2033 3491 25.
2064 3436 2141 3490 De
2167 3449 2276 3506 quo
2306 3433 2510 3487 Paulus
2541 3430 2755 3485 dicebat
2783 3447 2797 3482 :
2830 3426 3011 3498 Magni
3046 3426 3144 3481 Dei
3168 3434 3218 3480 et
3247 3423 3424 3480 Salva-

1877 3531 2007 3584 toris
2035 3529 2202 3583 nostri
2228 3526 2356 3581 Iesu
2405 3525 2630 3588 Christi,
2666 3523 2756 3594 qui
2791 3520 2933 3575 dedit
2978 3521 3205 3590 δείρουσι
3234 3519 3426 3573 redem-

1794 3624 1797 3627 ’
1873 3622 2103 3692 ptionem
2124 3636 2218 3689 pro
2242 3618 2481 3671 omnibus
2506 3617 2573 3668 ⁹¹.

1947 3711 2037 3765 26.
2075 3709 2156 3764 Tu
2192 3725 2251 3765 es
2280 3708 2445 3771 Deus,
2473 3708 2565 3776 qui
2613 3705 2817 3762 sanasti
2849 3705 2905 3759 in
2931 3703 3162 3759 adventu
3202 3707 3297 3757 tuo
3322 3716 3411 3756 om

1877 3819 1974 3858 nes
2001 3802 2095 3873 qui
2123 3810 2277 3858 erant
2304 3799 2407 3855 sub
2428 3797 2799 3854 dominatione
2831 3793 3055 3849 diaboli.

1942 3980 2034 4037 27.
2064 3977 2424 4035 Manifestasti
2450 3976 2728 4032 Christum
2765 3980 2919 4028 tuum
2949 3968 3281 4027 hominibus.

1944 4073 2037 4128 28.
2073 4072 2129 4126 In
2162 4072 2280 4142 ipso
2309 4069 2446 4124 Filio
2468 4074 2585 4123 tuo.

1945 4165 2035 4221 29.
2066 4163 2282 4218 Judaeos
2319 4175 2372 4217 et
2410 4167 2619 4232 gentes.
2659 4155 2851 4226 Joseph
2880 4153 3027 4210 enim
3055 4150 3430 4219 interpretatur

1875 4256 2073 4312 ablatio
2102 4254 2388 4326 opprobrii,
2414 4252 2605 4322 quales
2634 4257 2789 4304 erant
2815 4253 3022 4316 gentes.

1799 4396 1848 4454 Β
1945 4430 2034 4486 50.
2064 4429 2448 4499 Cognoverunt
2474 4434 2526 4481 te
2554 4424 2848 4479 daemones.

1946 4521 2034 4575 51.
2064 4520 2326 4575 Dicebant
2358 4516 2502 4572 enim
2543 4515 2815 4570 daemones
2842 4528 2854 4563 :
2881 4505 3023 4574 Quid
3067 4504 3214 4561 nobis
3242 4511 3291 4557 et
3317 4500 3432 4566 tibi,

1877 4624 2005 4678 etc.,
2031 4612 2254 4668 Sanctus
2285 4610 2377 4662 Dei
2397 4608 2483 4661 "‘1
3064 4606 3069 4615 '

1945 4706 2033 4759 52.
2069 4703 2456 4757 Clamavcrunt
2492 4698 2637 4753 enim
2687 4696 2791 4751 hoc
2832 4694 3051 4765 ipsum:
3090 4690 3432 4747 Obsecremus

1875 4804 1922 4848 te
1956 4811 2017 4847 ne
2042 4802 2281 4862 torqueas
2312 4806 2402 4844 nos
2425 4788 2469 4819 "
2491 4806 2503 4842 :
2532 4785 2825 4841 multitudo
2851 4782 3081 4855 legionis
3103 4779 3433 4837 descendens

1875 4887 1926 4943 in
1950 4888 2234 4956 abyssum.

1938 4979 2027 5033 55.
2056 4976 2338 5045 Propheta:
2363 4972 2862 5043 pramuntiaverunt
2891 4968 2957 5025 de
2979 4968 3116 5038 ipso.

1935 5068 2024 5122 5i.
2059 5064 2284 5134 Eloquia
2314 5071 2407 5118 tua
2435 5062 2621 5117 audita
2654 5067 2800 5116 sunt.

1943 5159 2032 5215 '55.
2062 5155 2383 5212 Praedicatio
2410 5165 2502 5210 tua
2530 5155 2584 5208 in
2616 5153 2839 5208 mundo.

271 4524 363 4579 51.
402 4525 623 4594 Ἔλεγον
649 4527 756 4598 γὰρ
781 4530 830 4583 οἱ.
847 4527 1097 4599 δαίμονες
1119 4545 1132 4559 ⁸
1171 4528 1229 4580 Τί
1255 4543 1351 4581 σοι
1384 4526 1403 4599 [
1432 4528 1534 4582 Ἔα
1566 4528 1618 4582 τί
1639 4531 1770 4600 ἡμῖν

197 4616 295 4669 καὶ
321 4617 423 4672 σοί.
457 4627 560 4672 etc.
582 4617 601 4690 ]
631 4619 845 4688 όᾶγιος
871 4620 977 4673 τοῦ
1000 4618 1147 4673 Θεοῦ
1168 4618 1278 4689 (4);

267 4706 359 4761 52.
387 4709 655 4781 Ἐκραζον
688 4710 794 4781 γὰρ
812 4710 942 4764 αὐτό
960 4711 1035 4782 (ὅ)
1069 4710 1247 4783 [τοῦτο
1274 4709 1431 4782 αὐτό]
1452 4728 1466 4741 ·
1509 4711 1768 4780 Δεόμεθά

196 4815 338 4861 σου.
362 4800 447 4869 μὴ
468 4802 819 4870 βασανίσῃς
850 4801 1027 4871 ἡμᾶς’
1062 4803 1121 4857 τὸ
1151 4801 1351 4875 πλῆθος
1384 4800 1476 4856 τοῦ
1503 4801 1766 4872 λεγεῶνος

193 4887 260 4940 τὸ
302 4888 383 4950 είς
405 4891 502 4959 τὴν
537 4892 769 4945 ἄϐυσσον
791 4892 1042 4948 ἀπελθόν.

269 4977 359 5031 55.
392 4980 453 5031 Οἱ
475 4982 744 5050 προφῆται
766 4982 1221 5057 προανεφώνησαν
1250 4984 1378 5054 περὶ
1405 4980 1587 5037 αὐτοῦ.

268 5071 359 5125 54.
390 5072 469 5124 Τὰ
494 5072 649 5141 λόγιὰ
682 5091 775 5127 σου
801 5074 1168 5145 ἡκούσθησαν.

264 5163 355 5218 55.
389 5164 462 5217 Τὸ
487 5165 747 5236 κήρυγμά
769 5181 861 5218 σου
889 5167 947 5219 ὲν
983 5168 1060 5237 τῷ
1085 5166 1295 5238 κόσμῳ.

251 5295 304 5381 ,υ
341 5292 449 5349 Tit.
473 5310 535 5359 tl,
563 5294 660 5361 l5;
696 5293 717 5348 Ι
756 5294 897 5349 Tim.
926 5310 987 5362 tt,
1030 5294 1083 5349 6.
1160 5297 1206 5329 "
1239 5294 1429 5350 Matth.
1455 5310 1569 5361 VIII,
1606 5294 1715 5360 29;

1933 5330 1949 5348 .
1987 5309 2023 5359 ι,
2057 5290 2157 5356 24ς
2198 5287 2333 5345 Luc.
2370 5304 2445 5355 tv,
2476 5285 2566 5342 54.
2607 5283 2833 5337 "Marc.
2859 5297 2914 5345 ν,
2951 5278 3167 5346 7;Luc.
3198 5294 3313 5347 \‘lll,
3338 5279 3426 5335 28.

1134 5403 1440 5465 Addenda
1468 5412 1530 5465 et
1561 5403 1937 5481 corrigenda
1973 5419 2053 5464 ex
2078 5401 2219 5463 cod.
2253 5399 2456 5461 Vatia.

258 5506 335 5578 (1)
371 5506 640 5576 Ἀρεστόν.
1928 5504 2001 5644 Et)
2029 5504 2092 5556 Οἱ
2117 5502 2394 5572 δαίμονες·
2421 5498 2654 5569 Οἴδαμεν
2678 5515 2759 5564 σε,
2784 5497 2867 5561 τίς
2893 5491 2943 5549 εἷ
2962 5495 3114 5564 ἆγιος
3131 5493 3224 5547 τοῦ
3269 5494 3423 5547 Θεοῦ.

260 5576 339 5644 (2)
376 5577 470 5628 ’ίὶν
496 5578 664 5631 deest.
1607 5632 1618 5637 _
1952 5574 2003 5643 5)
2033 5571 2211 5641 Αὐτῷ.
3390 5600 3395 5607 ι

260 5574 339 5646 (2)
376 5574 470 5628 Ἐν
496 5578 664 5646 deest.
1246 5645 1251 5646 ί
1379 5644 1386 5646 _
1607 5632 1618 5637 -

1933 5574 2003 5644 (ὅ)
2033 5574 2211 5641 Αὐτῷ.
3390 5600 3395 5607 ι

259 5644 337 5716 (5)
384 5645 615 5699 Ὀνείόου
653 5646 938 5716 ἀφαίρεσις
968 5647 1115 5717 ὅπερ,
1149 5645 1297 5699 ἐστὶν
1329 5644 1416 5709 τά,
1450 5654 1553 5699 etc.

3532 3424 3547 3457 Ι
