  <div class='ocr_page' id='page_1' title='image "/cluster/home/n/w/nwhite01/storage/ocr_20150623/27/hvd.32044014174452/515.png"; bbox 0 0 3776 6280; ppageno 0'>
   <div class='ocr_carea' id='block_1_1' title="bbox 349 285 447 342">
    <p class='ocr_par' dir='ltr' id='par_1_1' title="bbox 349 285 447 342">
     <span class='ocr_line' id='line_1_1' title="bbox 349 285 447 342; baseline -0.02 -1"><span class='ocrx_word' id='word_1_1' title='bbox 349 285 447 342; x_wconf 81' lang='lat' dir='ltr'><strong>97l</strong></span> 
     </span>
    </p>
   </div>
   <div class='ocr_carea' id='block_1_2' title="bbox 427 412 1636 470">
    <p class='ocr_par' dir='ltr' id='par_1_2' title="bbox 427 412 1636 470">
     <span class='ocr_line' id='line_1_2' title="bbox 427 412 1636 470; baseline 0.002 -4"><span class='ocrx_word' id='word_1_2' title='bbox 427 413 516 468; x_wconf 84' lang='lat'><strong>26.</strong></span> <span class='ocrx_word' id='word_1_3' title='bbox 554 412 674 468; x_wconf 80' lang='lat' dir='ltr'><strong>Non</strong></span> <span class='ocrx_word' id='word_1_4' title='bbox 698 413 1077 470; x_wconf 93' lang='lat' dir='ltr'><strong>custodierunt</strong></span> <span class='ocrx_word' id='word_1_5' title='bbox 1106 421 1494 469; x_wconf 78' lang='lat' dir='ltr'><strong>testamentum</strong></span> <span class='ocrx_word' id='word_1_6' title='bbox 1523 414 1636 470; x_wconf 88' lang='lat' dir='ltr'><strong>Dei.</strong></span> 
     </span>
    </p>
   </div>
   <div class='ocr_carea' id='block_1_3' title="bbox 425 504 1635 576">
    <p class='ocr_par' dir='ltr' id='par_1_3' title="bbox 425 504 1635 576">
     <span class='ocr_line' id='line_1_3' title="bbox 425 504 1635 576; baseline 0.001 -17"><span class='ocrx_word' id='word_1_7' title='bbox 425 504 516 559; x_wconf 81' lang='grc'><strong>2⁵1.</strong></span> <span class='ocrx_word' id='word_1_8' title='bbox 542 504 609 560; x_wconf 89' lang='lat' dir='ltr'><strong>Et</strong></span> <span class='ocrx_word' id='word_1_9' title='bbox 633 507 686 560; x_wconf 90' lang='lat' dir='ltr'><strong>in</strong></span> <span class='ocrx_word' id='word_1_10' title='bbox 717 505 834 576; x_wconf 86' lang='lat' dir='ltr'><strong>lege</strong></span> <span class='ocrx_word' id='word_1_11' title='bbox 860 505 980 575; x_wconf 84' lang='lat' dir='ltr'><strong>ejus</strong></span> <span class='ocrx_word' id='word_1_12' title='bbox 1011 505 1308 561; x_wconf 87' lang='lat' dir='ltr'><strong>noluerunt</strong></span> <span class='ocrx_word' id='word_1_13' title='bbox 1335 506 1635 561; x_wconf 86' lang='lat' dir='ltr'><strong>ambulare.</strong></span> 
     </span>
    </p>
   </div>
   <div class='ocr_carea' id='block_1_4' title="bbox 424 663 1558 758">
    <p class='ocr_par' dir='ltr' id='par_1_4' title="bbox 424 663 1558 758">
     <span class='ocr_line' id='line_1_4' title="bbox 424 663 1558 758; baseline -0.003 -14"><span class='ocrx_word' id='word_1_14' title='bbox 424 687 520 744; x_wconf 98' lang='lat'><strong>28.</strong></span> <span class='ocrx_word' id='word_1_15' title='bbox 551 686 618 742; x_wconf 85' lang='lat' dir='ltr'><strong>Et</strong></span> <span class='ocrx_word' id='word_1_16' title='bbox 641 687 796 744; x_wconf 88' lang='lat' dir='ltr'><strong>obliti</strong></span> <span class='ocrx_word' id='word_1_17' title='bbox 821 697 951 743; x_wconf 84' lang='lat' dir='ltr'><strong>sunt</strong></span> <span class='ocrx_word' id='word_1_18' title='bbox 977 663 1385 746; x_wconf 72' lang='lat' dir='ltr'><strong>benefactorum</strong></span> <span class='ocrx_word' id='word_1_19' title='bbox 1416 689 1558 758; x_wconf 87' lang='lat' dir='ltr'><strong>ejus,</strong></span> 
     </span>
    </p>
   </div>
   <div class='ocr_carea' id='block_1_5' title="bbox 423 778 1698 858">
    <p class='ocr_par' dir='ltr' id='par_1_5' title="bbox 423 778 1698 858">
     <span class='ocr_line' id='line_1_5' title="bbox 423 778 1698 858; baseline -0.002 -24"><span class='ocrx_word' id='word_1_20' title='bbox 423 779 516 836; x_wconf 89' lang='lat'><strong>29.</strong></span> <span class='ocrx_word' id='word_1_21' title='bbox 547 778 614 835; x_wconf 89' lang='lat' dir='ltr'><strong>Et</strong></span> <span class='ocrx_word' id='word_1_22' title='bbox 646 780 979 835; x_wconf 88' lang='lat' dir='ltr'><strong>mirabilium</strong></span> <span class='ocrx_word' id='word_1_23' title='bbox 1009 780 1152 858; x_wconf 84' lang='lat' dir='ltr'><strong>ejus,</strong></span> <span class='ocrx_word' id='word_1_24' title='bbox 1185 795 1308 851; x_wconf 74' lang='lat' dir='ltr'><strong>quae</strong></span> <span class='ocrx_word' id='word_1_25' title='bbox 1334 779 1575 835; x_wconf 88' lang='lat' dir='ltr'><strong>ostendit</strong></span> <span class='ocrx_word' id='word_1_26' title='bbox 1597 778 1698 834; x_wconf 88' lang='lat' dir='ltr'><strong>cis.</strong></span> 
     </span>
    </p>
   </div>
   <div class='ocr_carea' id='block_1_6' title="bbox 422 956 1864 1030">
    <p class='ocr_par' dir='ltr' id='par_1_6' title="bbox 422 956 1864 1030">
     <span class='ocr_line' id='line_1_6' title="bbox 422 956 1864 1030; baseline -0.003 -16"><span class='ocrx_word' id='word_1_27' title='bbox 422 957 509 1014; x_wconf 85' lang='lat'><strong>30.</strong></span> <span class='ocrx_word' id='word_1_28' title='bbox 539 958 737 1014; x_wconf 87' lang='lat' dir='ltr'><strong>Coram</strong></span> <span class='ocrx_word' id='word_1_29' title='bbox 763 959 1010 1030; x_wconf 83' lang='lat' dir='ltr'><strong>patribus</strong></span> <span class='ocrx_word' id='word_1_30' title='bbox 1029 975 1244 1024; x_wconf 76' lang='lat' dir='ltr'><strong>eorum,</strong></span> <span class='ocrx_word' id='word_1_31' title='bbox 1269 973 1391 1029; x_wconf 74' lang='lat' dir='ltr'><strong>quae</strong></span> <span class='ocrx_word' id='word_1_32' title='bbox 1418 957 1545 1013; x_wconf 81' lang='lat' dir='ltr'><strong>fecit</strong></span> <span class='ocrx_word' id='word_1_33' title='bbox 1571 956 1864 1020; x_wconf 77' lang='lat' dir='ltr'><strong>mirabilia,</strong></span> 
     </span>
    </p>
   </div>
   <div class='ocr_carea' id='block_1_7' title="bbox 383 1052 407 1086">
    <p class='ocr_par' dir='ltr' id='par_1_7' title="bbox 383 1052 407 1086">
     <span class='ocr_line' id='line_1_7' title="bbox 383 1052 407 1086; baseline 0 0"><span class='ocrx_word' id='word_1_34' title='bbox 383 1052 407 1086; x_wconf 68' lang='grc' dir='ltr'><strong>δ</strong></span> 
     </span>
    </p>
   </div>
   <div class='ocr_carea' id='block_1_8' title="bbox 423 1132 1594 1207">
    <p class='ocr_par' dir='ltr' id='par_1_8' title="bbox 423 1132 1594 1207">
     <span class='ocr_line' id='line_1_8' title="bbox 423 1132 1594 1207; baseline 0 -19"><span class='ocrx_word' id='word_1_35' title='bbox 423 1134 514 1190; x_wconf 85' lang='grc'><strong>51.</strong></span> <span class='ocrx_word' id='word_1_36' title='bbox 545 1132 603 1188; x_wconf 91' lang='lat' dir='ltr'><strong>ln</strong></span> <span class='ocrx_word' id='word_1_37' title='bbox 630 1144 771 1190; x_wconf 86' lang='lat' dir='ltr'><strong>terra</strong></span> <span class='ocrx_word' id='word_1_38' title='bbox 804 1134 1045 1207; x_wconf 66' lang='lat' dir='ltr'><strong>Egypti,</strong></span> <span class='ocrx_word' id='word_1_39' title='bbox 1073 1135 1129 1190; x_wconf 89' lang='lat' dir='ltr'><strong>in</strong></span> <span class='ocrx_word' id='word_1_40' title='bbox 1159 1151 1355 1206; x_wconf 90' lang='lat' dir='ltr'><strong>campo</strong></span> <span class='ocrx_word' id='word_1_41' title='bbox 1375 1135 1594 1191; x_wconf 85' lang='lat' dir='ltr'><strong>Taneos</strong></span> 
     </span>
    </p>
   </div>
   <div class='ocr_carea' id='block_1_9' title="bbox 421 1225 1561 1300">
    <p class='ocr_par' dir='ltr' id='par_1_9' title="bbox 421 1225 1561 1300">
     <span class='ocr_line' id='line_1_9' title="bbox 421 1225 1561 1300; baseline 0.001 -20"><span class='ocrx_word' id='word_1_42' title='bbox 421 1225 511 1280; x_wconf 86' lang='grc'><strong>52.</strong></span> <span class='ocrx_word' id='word_1_43' title='bbox 538 1225 834 1297; x_wconf 87' lang='lat' dir='ltr'><strong>Interrupit</strong></span> <span class='ocrx_word' id='word_1_44' title='bbox 860 1243 1032 1291; x_wconf 84' lang='lat' dir='ltr'><strong>mare,</strong></span> <span class='ocrx_word' id='word_1_45' title='bbox 1060 1239 1116 1283; x_wconf 85' lang='lat' dir='ltr'><strong>et</strong></span> <span class='ocrx_word' id='word_1_46' title='bbox 1148 1229 1521 1300; x_wconf 77' lang='lat' dir='ltr'><strong>perduxitcos</strong></span> <span class='ocrx_word' id='word_1_47' title='bbox 1548 1245 1561 1281; x_wconf 91' lang='lat'>:</span> 
     </span>
    </p>
   </div>
   <div class='ocr_carea' id='block_1_10' title="bbox 425 1319 1430 1392">
    <p class='ocr_par' dir='ltr' id='par_1_10' title="bbox 425 1319 1430 1392">
     <span class='ocr_line' id='line_1_10' title="bbox 425 1319 1430 1392; baseline 0.003 -18"><span class='ocrx_word' id='word_1_48' title='bbox 425 1321 515 1374; x_wconf 98' lang='lat'><strong>33.</strong></span> <span class='ocrx_word' id='word_1_49' title='bbox 542 1319 608 1375; x_wconf 88' lang='lat' dir='ltr'><strong>Et</strong></span> <span class='ocrx_word' id='word_1_50' title='bbox 631 1323 824 1376; x_wconf 87' lang='lat' dir='ltr'><strong>statuit</strong></span> <span class='ocrx_word' id='word_1_51' title='bbox 845 1337 1018 1392; x_wconf 91' lang='lat' dir='ltr'><strong>aquas</strong></span> <span class='ocrx_word' id='word_1_52' title='bbox 1046 1321 1206 1390; x_wconf 86' lang='lat' dir='ltr'><strong>quasi</strong></span> <span class='ocrx_word' id='word_1_53' title='bbox 1231 1330 1430 1377; x_wconf 87' lang='lat' dir='ltr'><strong>utrem.</strong></span> 
     </span>
    </p>
   </div>
   <div class='ocr_carea' id='block_1_11' title="bbox 421 1413 1423 1472">
    <p class='ocr_par' dir='ltr' id='par_1_11' title="bbox 421 1413 1423 1472">
     <span class='ocr_line' id='line_1_11' title="bbox 421 1413 1423 1472; baseline 0 -4"><span class='ocrx_word' id='word_1_54' title='bbox 421 1414 512 1469; x_wconf 77' lang='grc'><strong>54.</strong></span> <span class='ocrx_word' id='word_1_55' title='bbox 543 1413 610 1470; x_wconf 85' lang='grc' dir='ltr'>Ει</span> <span class='ocrx_word' id='word_1_56' title='bbox 640 1416 866 1471; x_wconf 84' lang='lat' dir='ltr'><strong>deduxit</strong></span> <span class='ocrx_word' id='word_1_57' title='bbox 895 1432 991 1472; x_wconf 93' lang='lat' dir='ltr'><strong>eos</strong></span> <span class='ocrx_word' id='word_1_58' title='bbox 1022 1417 1076 1470; x_wconf 89' lang='lat' dir='ltr'><strong>in</strong></span> <span class='ocrx_word' id='word_1_59' title='bbox 1107 1419 1254 1471; x_wconf 82' lang='lat' dir='ltr'><strong>nube</strong></span> <span class='ocrx_word' id='word_1_60' title='bbox 1279 1415 1423 1469; x_wconf 89' lang='lat' dir='ltr'><strong>diei:</strong></span> 
     </span>
    </p>
   </div>
   <div class='ocr_carea' id='block_1_12' title="bbox 424 1503 1650 1576">
    <p class='ocr_par' dir='ltr' id='par_1_12' title="bbox 424 1503 1650 1576">
     <span class='ocr_line' id='line_1_12' title="bbox 424 1503 1650 1576; baseline 0 -18"><span class='ocrx_word' id='word_1_61' title='bbox 424 1504 515 1560; x_wconf 83' lang='lat'><strong>35.</strong></span> <span class='ocrx_word' id='word_1_62' title='bbox 549 1503 616 1560; x_wconf 86' lang='lat' dir='ltr'><strong>Et</strong></span> <span class='ocrx_word' id='word_1_63' title='bbox 638 1514 750 1560; x_wconf 84' lang='lat' dir='ltr'><strong>tota</strong></span> <span class='ocrx_word' id='word_1_64' title='bbox 785 1517 946 1561; x_wconf 91' lang='lat' dir='ltr'><strong>nocte</strong></span> <span class='ocrx_word' id='word_1_65' title='bbox 975 1507 1028 1560; x_wconf 91' lang='lat' dir='ltr'><strong>in</strong></span> <span class='ocrx_word' id='word_1_66' title='bbox 1058 1505 1458 1560; x_wconf 84' lang='lat' dir='ltr'><strong>iiluminatione</strong></span> <span class='ocrx_word' id='word_1_67' title='bbox 1487 1503 1650 1576; x_wconf 80' lang='lat' dir='ltr'><strong>ignis.</strong></span> 
     </span>
    </p>
   </div>
   <div class='ocr_carea' id='block_1_13' title="bbox 420 1596 1511 1668">
    <p class='ocr_par' dir='ltr' id='par_1_13' title="bbox 420 1596 1511 1668">
     <span class='ocr_line' id='line_1_13' title="bbox 420 1596 1511 1668; baseline 0.002 -16"><span class='ocrx_word' id='word_1_68' title='bbox 420 1596 512 1652; x_wconf 89' lang='lat'><strong>36.</strong></span> <span class='ocrx_word' id='word_1_69' title='bbox 544 1599 841 1668; x_wconf 86' lang='lat' dir='ltr'><strong>Interrupit</strong></span> <span class='ocrx_word' id='word_1_70' title='bbox 872 1607 1078 1668; x_wconf 86' lang='lat' dir='ltr'><strong>petram</strong></span> <span class='ocrx_word' id='word_1_71' title='bbox 1104 1599 1158 1652; x_wconf 89' lang='lat' dir='ltr'><strong>in</strong></span> <span class='ocrx_word' id='word_1_72' title='bbox 1181 1613 1366 1652; x_wconf 92' lang='lat' dir='ltr'><strong>eremo</strong></span> <span class='ocrx_word' id='word_1_73' title='bbox 1392 1615 1407 1654; x_wconf 91' lang='lat'><strong>:</strong></span> <span class='ocrx_word' id='word_1_74' title='bbox 1510 1603 1511 1606; x_wconf 67' lang='grc'><em>“</em></span> 
     </span>
    </p>
   </div>
   <div class='ocr_carea' id='block_1_14' title="bbox 419 1687 1784 1762">
    <p class='ocr_par' dir='ltr' id='par_1_14' title="bbox 419 1687 1784 1762">
     <span class='ocr_line' id='line_1_14' title="bbox 419 1687 1784 1762; baseline 0 -20"><span class='ocrx_word' id='word_1_75' title='bbox 419 1688 511 1744; x_wconf 84' lang='lat'><strong>37.</strong></span> <span class='ocrx_word' id='word_1_76' title='bbox 542 1687 610 1742; x_wconf 85' lang='lat' dir='ltr'><strong>Et</strong></span> <span class='ocrx_word' id='word_1_77' title='bbox 635 1689 930 1759; x_wconf 80' lang='lat' dir='ltr'><strong>adaquavit</strong></span> <span class='ocrx_word' id='word_1_78' title='bbox 955 1705 1052 1745; x_wconf 84' lang='lat' dir='ltr'><strong>eos</strong></span> <span class='ocrx_word' id='word_1_79' title='bbox 1080 1690 1229 1745; x_wconf 88' lang='lat' dir='ltr'><strong>velut</strong></span> <span class='ocrx_word' id='word_1_80' title='bbox 1255 1691 1310 1748; x_wconf 91' lang='lat' dir='ltr'><strong>in</strong></span> <span class='ocrx_word' id='word_1_81' title='bbox 1337 1689 1541 1762; x_wconf 85' lang='lat' dir='ltr'><strong>abysso</strong></span> <span class='ocrx_word' id='word_1_82' title='bbox 1573 1689 1742 1743; x_wconf 87' lang='lat' dir='ltr'><strong>multa</strong></span> <span class='ocrx_word' id='word_1_83' title='bbox 1773 1706 1784 1743; x_wconf 89' lang='lat'><strong>:</strong></span> 
     </span>
    </p>
   </div>
   <div class='ocr_carea' id='block_1_15' title="bbox 420 1781 1366 1854">
    <p class='ocr_par' dir='ltr' id='par_1_15' title="bbox 420 1781 1366 1854">
     <span class='ocr_line' id='line_1_15' title="bbox 420 1781 1366 1854; baseline 0.003 -18"><span class='ocrx_word' id='word_1_84' title='bbox 420 1782 512 1838; x_wconf 90' lang='lat'><strong>38.</strong></span> <span class='ocrx_word' id='word_1_85' title='bbox 544 1781 612 1837; x_wconf 86' lang='lat' dir='ltr'><strong>Et</strong></span> <span class='ocrx_word' id='word_1_86' title='bbox 635 1784 826 1838; x_wconf 91' lang='lat' dir='ltr'><strong>eduxit</strong></span> <span class='ocrx_word' id='word_1_87' title='bbox 848 1798 1050 1854; x_wconf 90' lang='lat' dir='ltr'><strong>aquam</strong></span> <span class='ocrx_word' id='word_1_88' title='bbox 1080 1783 1148 1838; x_wconf 92' lang='lat' dir='ltr'><strong>de</strong></span> <span class='ocrx_word' id='word_1_89' title='bbox 1172 1793 1324 1854; x_wconf 85' lang='lat' dir='ltr'><strong>petra</strong></span> <span class='ocrx_word' id='word_1_90' title='bbox 1349 1800 1366 1840; x_wconf 90' lang='lat'><strong>:</strong></span> 
     </span>
    </p>
   </div>
   <div class='ocr_carea' id='block_1_16' title="bbox 421 1873 1608 1946">
    <p class='ocr_par' dir='ltr' id='par_1_16' title="bbox 421 1873 1608 1946">
     <span class='ocr_line' id='line_1_16' title="bbox 421 1873 1608 1946; baseline -0.003 -15"><span class='ocrx_word' id='word_1_91' title='bbox 421 1877 514 1931; x_wconf 84' lang='lat'><strong>39.</strong></span> <span class='ocrx_word' id='word_1_92' title='bbox 553 1874 620 1931; x_wconf 80' lang='lat' dir='ltr'><strong>Et</strong></span> <span class='ocrx_word' id='word_1_93' title='bbox 639 1873 828 1930; x_wconf 80' lang='lat' dir='ltr'><strong>eduxit</strong></span> <span class='ocrx_word' id='word_1_94' title='bbox 863 1884 1124 1946; x_wconf 86' lang='lat' dir='ltr'><strong>tanquam</strong></span> <span class='ocrx_word' id='word_1_95' title='bbox 1155 1874 1384 1930; x_wconf 78' lang='lat' dir='ltr'><strong>ﬂumina</strong></span> <span class='ocrx_word' id='word_1_96' title='bbox 1412 1888 1608 1945; x_wconf 89' lang='lat' dir='ltr'><strong>aquas.</strong></span> 
     </span>
    </p>
   </div>
   <div class='ocr_carea' id='block_1_17' title="bbox 419 1965 1573 2037">
    <p class='ocr_par' dir='ltr' id='par_1_17' title="bbox 419 1965 1573 2037">
     <span class='ocr_line' id='line_1_17' title="bbox 419 1965 1573 2037; baseline 0.002 -17"><span class='ocrx_word' id='word_1_97' title='bbox 419 1966 510 2021; x_wconf 70' lang='grc'><strong>40.</strong></span> <span class='ocrx_word' id='word_1_98' title='bbox 535 1965 599 2021; x_wconf 84' lang='lat' dir='ltr'><strong>Et</strong></span> <span class='ocrx_word' id='word_1_99' title='bbox 625 1977 1000 2037; x_wconf 77' lang='lat' dir='ltr'><strong>apposuerunt</strong></span> <span class='ocrx_word' id='word_1_100' title='bbox 1027 1968 1206 2022; x_wconf 92' lang='lat' dir='ltr'><strong>adhuc</strong></span> <span class='ocrx_word' id='word_1_101' title='bbox 1230 1981 1458 2037; x_wconf 87' lang='lat' dir='ltr'><strong>peccare</strong></span> <span class='ocrx_word' id='word_1_102' title='bbox 1489 1967 1538 2020; x_wconf 90' lang='lat' dir='ltr'><strong>ei</strong></span> <span class='ocrx_word' id='word_1_103' title='bbox 1559 1984 1573 2022; x_wconf 89' lang='lat'><strong>:</strong></span> 
     </span>
    </p>
   </div>
   <div class='ocr_carea' id='block_1_18' title="bbox 417 2029 1930 2125">
    <p class='ocr_par' dir='ltr' id='par_1_18' title="bbox 417 2029 1930 2125">
     <span class='ocr_line' id='line_1_18' title="bbox 417 2029 1930 2125; baseline -0.001 -16"><span class='ocrx_word' id='word_1_104' title='bbox 417 2055 508 2110; x_wconf 61' lang='lat' dir='ltr'><strong>«tl.</strong></span> <span class='ocrx_word' id='word_1_105' title='bbox 542 2055 599 2110; x_wconf 91' lang='lat' dir='ltr'><strong>In</strong></span> <span class='ocrx_word' id='word_1_106' title='bbox 634 2029 771 2111; x_wconf 64' lang='lat' dir='ltr'><strong>iraiu</strong></span> <span class='ocrx_word' id='word_1_107' title='bbox 807 2056 1192 2112; x_wconf 87' lang='lat' dir='ltr'><strong>excitaverunt</strong></span> <span class='ocrx_word' id='word_1_108' title='bbox 1218 2029 1512 2119; x_wconf 63' lang='lat' dir='ltr'><strong>Excelsum</strong></span> <span class='ocrx_word' id='word_1_109' title='bbox 1541 2055 1596 2110; x_wconf 91' lang='lat' dir='ltr'><strong>in</strong></span> <span class='ocrx_word' id='word_1_110' title='bbox 1636 2054 1930 2125; x_wconf 87' lang='lat' dir='ltr'><strong>inaquoso.</strong></span> 
     </span>
    </p>
   </div>
   <div class='ocr_carea' id='block_1_19' title="bbox 421 2147 1722 2212">
    <p class='ocr_par' dir='ltr' id='par_1_19' title="bbox 421 2147 1722 2212">
     <span class='ocr_line' id='line_1_19' title="bbox 421 2147 1722 2212; baseline 0 -10"><span class='ocrx_word' id='word_1_111' title='bbox 421 2147 513 2203; x_wconf 71' lang='grc'><strong>42.</strong></span> <span class='ocrx_word' id='word_1_112' title='bbox 545 2147 611 2203; x_wconf 85' lang='grc' dir='ltr'>Ει</span> <span class='ocrx_word' id='word_1_113' title='bbox 635 2157 980 2204; x_wconf 87' lang='lat' dir='ltr'><strong>tentaverunt</strong></span> <span class='ocrx_word' id='word_1_114' title='bbox 1002 2149 1171 2204; x_wconf 89' lang='lat' dir='ltr'><strong>Deum</strong></span> <span class='ocrx_word' id='word_1_115' title='bbox 1207 2149 1263 2206; x_wconf 91' lang='lat' dir='ltr'><strong>in</strong></span> <span class='ocrx_word' id='word_1_116' title='bbox 1289 2149 1549 2206; x_wconf 87' lang='lat' dir='ltr'><strong>cordibus</strong></span> <span class='ocrx_word' id='word_1_117' title='bbox 1581 2147 1722 2212; x_wconf 83' lang='lat' dir='ltr'><strong>suis,</strong></span> 
     </span>
    </p>
   </div>
   <div class='ocr_carea' id='block_1_20' title="bbox 422 2346 1590 2420">
    <p class='ocr_par' dir='ltr' id='par_1_20' title="bbox 422 2346 1590 2420">
     <span class='ocr_line' id='line_1_20' title="bbox 422 2346 1590 2420; baseline 0.002 -20"><span class='ocrx_word' id='word_1_118' title='bbox 422 2346 501 2419; x_wconf 73' lang='grc' dir='ltr'><strong>(ιι)</strong></span> <span class='ocrx_word' id='word_1_119' title='bbox 530 2346 872 2420; x_wconf 39' lang='grc' dir='ltr'>ἬθελονίΑι</span> <span class='ocrx_word' id='word_1_120' title='bbox 900 2347 955 2404; x_wconf 91' lang='lat' dir='ltr'><strong>in</strong></span> <span class='ocrx_word' id='word_1_121' title='bbox 985 2363 1162 2420; x_wconf 89' lang='lat' dir='ltr'><strong>marg.</strong></span> <span class='ocrx_word' id='word_1_122' title='bbox 1186 2346 1590 2420; x_wconf 67' lang='grc' dir='ltr'>ἠϐουλήθησαν.</span> 
     </span>
    </p>
   </div>
   <div class='ocr_carea' id='block_1_21' title="bbox 426 2416 1350 2488">
    <p class='ocr_par' dir='ltr' id='par_1_21' title="bbox 426 2416 1350 2488">
     <span class='ocr_line' id='line_1_21' title="bbox 426 2416 1350 2488; baseline 0.002 -19"><span class='ocrx_word' id='word_1_123' title='bbox 426 2416 500 2487; x_wconf 79' lang='grc' dir='ltr'><strong>(ὁ)</strong></span> <span class='ocrx_word' id='word_1_124' title='bbox 530 2419 636 2472; x_wconf 81' lang='grc' dir='ltr'>Τοῦ</span> <span class='ocrx_word' id='word_1_125' title='bbox 661 2418 820 2473; x_wconf 83' lang='grc' dir='ltr'>Θεοῦ.</span> <span class='ocrx_word' id='word_1_126' title='bbox 855 2418 912 2472; x_wconf 89' lang='lat' dir='ltr'><strong>In</strong></span> <span class='ocrx_word' id='word_1_127' title='bbox 949 2416 1135 2488; x_wconf 62' lang='lat' dir='ltr'><strong>marg:</strong></span> <span class='ocrx_word' id='word_1_128' title='bbox 1160 2416 1350 2471; x_wconf 75' lang='grc' dir='ltr'>αὑτοῦ.</span> 
     </span>
    </p>
   </div>
   <div class='ocr_carea' id='block_1_22' title="bbox 422 2488 1352 2561">
    <p class='ocr_par' dir='ltr' id='par_1_22' title="bbox 422 2488 1352 2561">
     <span class='ocr_line' id='line_1_22' title="bbox 422 2488 1352 2561; baseline -0.001 -19"><span class='ocrx_word' id='word_1_129' title='bbox 422 2490 494 2559; x_wconf 85' lang='lat' dir='ltr'><strong>(c)</strong></span> <span class='ocrx_word' id='word_1_130' title='bbox 535 2491 795 2544; x_wconf 83' lang='grc' dir='ltr'>Ἔδωκεν.</span> <span class='ocrx_word' id='word_1_131' title='bbox 825 2489 883 2544; x_wconf 86' lang='lat' dir='ltr'><strong>in</strong></span> <span class='ocrx_word' id='word_1_132' title='bbox 920 2505 1095 2561; x_wconf 85' lang='lat' dir='ltr'><strong>marg.</strong></span> <span class='ocrx_word' id='word_1_133' title='bbox 1127 2488 1352 2557; x_wconf 77' lang='grc' dir='ltr'>ἔδειξεν.</span> 
     </span>
    </p>
   </div>
   <div class='ocr_carea' id='block_1_23' title="bbox 1188 286 2769 347">
    <p class='ocr_par' dir='ltr' id='par_1_23' title="bbox 1188 286 2769 347">
     <span class='ocr_line' id='line_1_23' title="bbox 1188 286 2769 347; baseline 0 -1"><span class='ocrx_word' id='word_1_134' title='bbox 1188 289 1245 346; x_wconf 88' lang='lat' dir='ltr'><strong>S.</strong></span> <span class='ocrx_word' id='word_1_135' title='bbox 1287 287 1660 345; x_wconf 78' lang='lat' dir='ltr'><strong>ATHANASII</strong></span> <span class='ocrx_word' id='word_1_136' title='bbox 1697 286 1849 345; x_wconf 79' lang='lat' dir='ltr'><strong>OPP.</strong></span> <span class='ocrx_word' id='word_1_137' title='bbox 1890 287 2070 347; x_wconf 82' lang='lat' dir='ltr'><strong>PARS</strong></span> <span class='ocrx_word' id='word_1_138' title='bbox 2125 287 2215 346; x_wconf 87' lang='grc'><strong>111.</strong></span> <span class='ocrx_word' id='word_1_139' title='bbox 2253 320 2322 332; x_wconf 89' lang='grc'><strong><em>-</em></strong></span> <span class='ocrx_word' id='word_1_140' title='bbox 2359 288 2769 347; x_wconf 78' lang='lat' dir='ltr'><strong>EXEGETICA.</strong></span> 
     </span>
    </p>
   </div>
   <div class='ocr_carea' id='block_1_24' title="bbox 1962 408 3379 487">
    <p class='ocr_par' dir='ltr' id='par_1_24' title="bbox 1962 408 3379 487">
     <span class='ocr_line' id='line_1_24' title="bbox 1962 408 3379 487; baseline -0.002 -16"><span class='ocrx_word' id='word_1_141' title='bbox 1962 423 2006 479; x_wconf 83' lang='grc' dir='ltr'><strong>Α</strong></span> <span class='ocrx_word' id='word_1_142' title='bbox 2103 415 2190 470; x_wconf 89' lang='grc'><strong>26.</strong></span> <span class='ocrx_word' id='word_1_143' title='bbox 2219 415 2332 470; x_wconf 85' lang='grc' dir='ltr'>Οὐκ</span> <span class='ocrx_word' id='word_1_144' title='bbox 2368 415 2646 487; x_wconf 79' lang='grc' dir='ltr'><strong>ἐφύλαξαν</strong></span> <span class='ocrx_word' id='word_1_145' title='bbox 2673 415 2774 487; x_wconf 78' lang='grc' dir='ltr'>τὴν</span> <span class='ocrx_word' id='word_1_146' title='bbox 2805 412 3072 486; x_wconf 78' lang='grc' dir='ltr'><strong>διαθήκην</strong></span> <span class='ocrx_word' id='word_1_147' title='bbox 3101 411 3194 466; x_wconf 90' lang='grc' dir='ltr'><strong>τοῦ</strong></span> <span class='ocrx_word' id='word_1_148' title='bbox 3218 408 3379 468; x_wconf 97' lang='grc' dir='ltr'>Θεοῦ.</span> 
     </span>
    </p>
   </div>
   <div class='ocr_carea' id='block_1_25' title="bbox 3510 286 3622 344">
    <p class='ocr_par' dir='ltr' id='par_1_25' title="bbox 3510 286 3622 344">
     <span class='ocr_line' id='line_1_25' title="bbox 3510 286 3622 344; baseline -0.018 0"><span class='ocrx_word' id='word_1_149' title='bbox 3510 286 3622 344; x_wconf 73' lang='lat'><strong>972</strong></span> 
     </span>
    </p>
   </div>
   <div class='ocr_carea' id='block_1_26' title="bbox 2106 504 3626 580">
    <p class='ocr_par' dir='ltr' id='par_1_26' title="bbox 2106 504 3626 580">
     <span class='ocr_line' id='line_1_26' title="bbox 2106 504 3626 580; baseline -0.003 -18"><span class='ocrx_word' id='word_1_150' title='bbox 2106 508 2196 562; x_wconf 89' lang='lat'><strong>27.</strong></span> <span class='ocrx_word' id='word_1_151' title='bbox 2225 509 2334 562; x_wconf 89' lang='lat' dir='ltr'><strong>Kal</strong></span> <span class='ocrx_word' id='word_1_152' title='bbox 2388 510 2447 563; x_wconf 86' lang='grc' dir='ltr'><strong>ἐν</strong></span> <span class='ocrx_word' id='word_1_153' title='bbox 2495 509 2574 580; x_wconf 75' lang='grc' dir='ltr'>τῷ</span> <span class='ocrx_word' id='word_1_154' title='bbox 2627 509 2777 579; x_wconf 83' lang='grc' dir='ltr'>νόμῳ</span> <span class='ocrx_word' id='word_1_155' title='bbox 2805 506 2970 561; x_wconf 89' lang='grc' dir='ltr'>αὐτοῦ</span> <span class='ocrx_word' id='word_1_156' title='bbox 2997 507 3098 560; x_wconf 85' lang='grc' dir='ltr'>οὐκ</span> <span class='ocrx_word' id='word_1_157' title='bbox 3129 504 3511 578; x_wconf 67' lang='grc' dir='ltr'>ἠϐουλήθησαν</span> <span class='ocrx_word' id='word_1_158' title='bbox 3546 504 3626 576; x_wconf 81' lang='grc' dir='ltr'><strong>(α)</strong></span> 
     </span>
    </p>
   </div>
   <div class='ocr_carea' id='block_1_27' title="bbox 2037 599 2385 671">
    <p class='ocr_par' dir='ltr' id='par_1_27' title="bbox 2037 599 2385 671">
     <span class='ocr_line' id='line_1_27' title="bbox 2037 599 2385 671; baseline 0.003 -20"><span class='ocrx_word' id='word_1_159' title='bbox 2037 599 2385 671; x_wconf 88' lang='grc' dir='ltr'>πορεύεσθαι.</span> 
     </span>
    </p>
   </div>
   <div class='ocr_carea' id='block_1_28' title="bbox 2109 689 3480 765">
    <p class='ocr_par' dir='ltr' id='par_1_28' title="bbox 2109 689 3480 765">
     <span class='ocr_line' id='line_1_28' title="bbox 2109 689 3480 765; baseline 0 -20"><span class='ocrx_word' id='word_1_160' title='bbox 2109 692 2198 749; x_wconf 91' lang='lat'><strong>28.</strong></span> <span class='ocrx_word' id='word_1_161' title='bbox 2228 694 2337 747; x_wconf 68' lang='lat' dir='ltr'><strong>Kal</strong></span> <span class='ocrx_word' id='word_1_162' title='bbox 2363 693 2690 748; x_wconf 84' lang='grc' dir='ltr'>ἐπελάθοντο</span> <span class='ocrx_word' id='word_1_163' title='bbox 2707 692 2816 746; x_wconf 83' lang='grc' dir='ltr'><strong>τῶν</strong></span> <span class='ocrx_word' id='word_1_164' title='bbox 2839 692 3169 765; x_wconf 78' lang='grc' dir='ltr'><strong>εὐεργεσιῶν</strong></span> <span class='ocrx_word' id='word_1_165' title='bbox 3188 692 3354 746; x_wconf 81' lang='grc' dir='ltr'>αὑτοῦ</span> <span class='ocrx_word' id='word_1_166' title='bbox 3381 689 3480 764; x_wconf 73' lang='grc' dir='ltr'><strong>(ι),</strong></span> 
     </span>
    </p>
   </div>
   <div class='ocr_carea' id='block_1_29' title="bbox 2107 779 3627 858">
    <p class='ocr_par' dir='ltr' id='par_1_29' title="bbox 2107 779 3627 858">
     <span class='ocr_line' id='line_1_29' title="bbox 2107 779 3627 858; baseline 0 -20"><span class='ocrx_word' id='word_1_167' title='bbox 2107 785 2196 841; x_wconf 83' lang='grc'><strong>29.</strong></span> <span class='ocrx_word' id='word_1_168' title='bbox 2262 785 2369 839; x_wconf 87' lang='lat' dir='ltr'><strong>Kal</strong></span> <span class='ocrx_word' id='word_1_169' title='bbox 2421 786 2530 841; x_wconf 85' lang='grc' dir='ltr'><strong>τῶν</strong></span> <span class='ocrx_word' id='word_1_170' title='bbox 2579 785 2896 858; x_wconf 81' lang='grc' dir='ltr'>Θαυμασίων</span> <span class='ocrx_word' id='word_1_171' title='bbox 2950 785 3138 850; x_wconf 83' lang='grc' dir='ltr'>αὑτοῦ,</span> <span class='ocrx_word' id='word_1_172' title='bbox 3191 779 3266 840; x_wconf 82' lang='grc' dir='ltr'><strong>ὧν</strong></span> <span class='ocrx_word' id='word_1_173' title='bbox 3303 784 3505 850; x_wconf 74' lang='grc' dir='ltr'>ἔδειξεν</span> <span class='ocrx_word' id='word_1_174' title='bbox 3551 785 3627 856; x_wconf 76' lang='grc' dir='ltr'><strong>(ε)</strong></span> 
     </span>
    </p>
   </div>
   <div class='ocr_carea' id='block_1_30' title="bbox 2039 877 2242 942">
    <p class='ocr_par' dir='ltr' id='par_1_30' title="bbox 2039 877 2242 942">
     <span class='ocr_line' id='line_1_30' title="bbox 2039 877 2242 942; baseline 0 -10"><span class='ocrx_word' id='word_1_175' title='bbox 2039 877 2242 942; x_wconf 83' lang='grc' dir='ltr'>αὐτοῖς.</span> 
     </span>
    </p>
   </div>
   <div class='ocr_carea' id='block_1_31' title="bbox 2107 971 3626 1044">
    <p class='ocr_par' dir='ltr' id='par_1_31' title="bbox 2107 971 3626 1044">
     <span class='ocr_line' id='line_1_31' title="bbox 2107 971 3626 1044; baseline 0.001 -20"><span class='ocrx_word' id='word_1_176' title='bbox 2107 971 2196 1025; x_wconf 85' lang='grc'><strong>50.</strong></span> <span class='ocrx_word' id='word_1_177' title='bbox 2268 971 2540 1026; x_wconf 87' lang='grc' dir='ltr'>Ἐναντίον</span> <span class='ocrx_word' id='word_1_178' title='bbox 2595 972 2704 1026; x_wconf 87' lang='grc' dir='ltr'><strong>τῶν</strong></span> <span class='ocrx_word' id='word_1_179' title='bbox 2737 973 2990 1044; x_wconf 86' lang='grc' dir='ltr'>πατέρων</span> <span class='ocrx_word' id='word_1_180' title='bbox 3042 973 3243 1039; x_wconf 82' lang='grc' dir='ltr'>αὐτῶν,</span> <span class='ocrx_word' id='word_1_181' title='bbox 3305 973 3344 1028; x_wconf 75' lang='grc' dir='ltr'><strong>ἃ.</strong></span> <span class='ocrx_word' id='word_1_182' title='bbox 3396 971 3626 1043; x_wconf 70' lang='grc' dir='ltr'>ἐποίησε</span> 
     </span>
    </p>
   </div>
   <div class='ocr_carea' id='block_1_32' title="bbox 2039 1061 2336 1131">
    <p class='ocr_par' dir='ltr' id='par_1_32' title="bbox 2039 1061 2336 1131">
     <span class='ocr_line' id='line_1_32' title="bbox 2039 1061 2336 1131; baseline 0 -16"><span class='ocrx_word' id='word_1_183' title='bbox 2039 1061 2336 1131; x_wconf 85' lang='grc' dir='ltr'>θαυμάσια,</span> 
     </span>
    </p>
   </div>
   <div class='ocr_carea' id='block_1_33' title="bbox 2107 1153 3311 1228">
    <p class='ocr_par' dir='ltr' id='par_1_33' title="bbox 2107 1153 3311 1228">
     <span class='ocr_line' id='line_1_33' title="bbox 2107 1153 3311 1228; baseline 0.002 -21"><span class='ocrx_word' id='word_1_184' title='bbox 2107 1153 2196 1207; x_wconf 89' lang='grc'><strong>51.</strong></span> <span class='ocrx_word' id='word_1_185' title='bbox 2243 1154 2332 1206; x_wconf 84' lang='grc' dir='ltr'>Ἐν</span> <span class='ocrx_word' id='word_1_186' title='bbox 2354 1155 2424 1225; x_wconf 79' lang='grc' dir='ltr'><strong>γῇ</strong></span> <span class='ocrx_word' id='word_1_187' title='bbox 2456 1154 2742 1227; x_wconf 77' lang='grc' dir='ltr'>Αἰγύπτῳ,</span> <span class='ocrx_word' id='word_1_188' title='bbox 2776 1157 2834 1210; x_wconf 90' lang='grc' dir='ltr'><strong>ἐν</strong></span> <span class='ocrx_word' id='word_1_189' title='bbox 2867 1155 3039 1228; x_wconf 79' lang='grc' dir='ltr'>πεδίῳ</span> <span class='ocrx_word' id='word_1_190' title='bbox 3067 1155 3311 1220; x_wconf 87' lang='grc' dir='ltr'>Τάνεως.</span> 
     </span>
    </p>
   </div>
   <div class='ocr_carea' id='block_1_34' title="bbox 2108 1245 3517 1320">
    <p class='ocr_par' dir='ltr' id='par_1_34' title="bbox 2108 1245 3517 1320">
     <span class='ocr_line' id='line_1_34' title="bbox 2108 1245 3517 1320; baseline 0.001 -22"><span class='ocrx_word' id='word_1_191' title='bbox 2108 1245 2195 1298; x_wconf 87' lang='lat'><strong>32.</strong></span> <span class='ocrx_word' id='word_1_192' title='bbox 2228 1245 2492 1317; x_wconf 75' lang='grc' dir='ltr'>Διέρρηξε</span> <span class='ocrx_word' id='word_1_193' title='bbox 2527 1245 2827 1313; x_wconf 83' lang='grc' dir='ltr'>Θάλασσαν,</span> <span class='ocrx_word' id='word_1_194' title='bbox 2857 1247 2952 1302; x_wconf 69' lang='grc' dir='ltr'>καὶ</span> <span class='ocrx_word' id='word_1_195' title='bbox 2985 1247 3245 1320; x_wconf 72' lang='grc' dir='ltr'>διήγαγεν</span> <span class='ocrx_word' id='word_1_196' title='bbox 3281 1245 3480 1310; x_wconf 86' lang='grc' dir='ltr'>αύτούς</span> <span class='ocrx_word' id='word_1_197' title='bbox 3502 1255 3517 1274; x_wconf 74' lang='grc'><strong>⁸</strong></span> 
     </span>
    </p>
   </div>
   <div class='ocr_carea' id='block_1_35' title="bbox 2108 1337 3173 1409">
    <p class='ocr_par' dir='ltr' id='par_1_35' title="bbox 2108 1337 3173 1409">
     <span class='ocr_line' id='line_1_35' title="bbox 2108 1337 3173 1409; baseline 0.003 -18"><span class='ocrx_word' id='word_1_198' title='bbox 2108 1337 2194 1391; x_wconf 88' lang='grc'><strong>55.</strong></span> <span class='ocrx_word' id='word_1_199' title='bbox 2229 1338 2580 1409; x_wconf 84' lang='grc' dir='ltr'>Παρέστησεν</span> <span class='ocrx_word' id='word_1_200' title='bbox 2615 1339 2786 1394; x_wconf 77' lang='grc' dir='ltr'>ὕδατα</span> <span class='ocrx_word' id='word_1_201' title='bbox 2818 1340 2952 1394; x_wconf 74' lang='grc' dir='ltr'>ὡσεὶ</span> <span class='ocrx_word' id='word_1_202' title='bbox 2985 1340 3173 1396; x_wconf 87' lang='grc' dir='ltr'>ἀσκόν.</span> 
     </span>
    </p>
   </div>
   <div class='ocr_carea' id='block_1_36' title="bbox 2109 1428 3448 1505">
    <p class='ocr_par' dir='ltr' id='par_1_36' title="bbox 2109 1428 3448 1505">
     <span class='ocr_line' id='line_1_36' title="bbox 2109 1428 3448 1505; baseline 0.01 -23"><span class='ocrx_word' id='word_1_203' title='bbox 2109 1428 2178 1483; x_wconf 70' lang='grc'><strong>54</strong></span> <span class='ocrx_word' id='word_1_204' title='bbox 2230 1429 2338 1482; x_wconf 90' lang='lat' dir='ltr'><strong>Kal</strong></span> <span class='ocrx_word' id='word_1_205' title='bbox 2358 1429 2638 1502; x_wconf 73' lang='grc' dir='ltr'>ὡδήγησεν</span> <span class='ocrx_word' id='word_1_206' title='bbox 2661 1433 2858 1497; x_wconf 82' lang='grc' dir='ltr'>αὐτοὺς</span> <span class='ocrx_word' id='word_1_207' title='bbox 2882 1433 2939 1486; x_wconf 90' lang='grc' dir='ltr'><strong>ἐν</strong></span> <span class='ocrx_word' id='word_1_208' title='bbox 2967 1432 3167 1505; x_wconf 71' lang='grc' dir='ltr'>νεφέλῃ</span> <span class='ocrx_word' id='word_1_209' title='bbox 3200 1432 3414 1502; x_wconf 79' lang='grc' dir='ltr'>ἡμέρας</span> <span class='ocrx_word' id='word_1_210' title='bbox 3433 1447 3448 1461; x_wconf 83' lang='grc'><em>’</em></span> 
     </span>
    </p>
   </div>
   <div class='ocr_carea' id='block_1_37' title="bbox 2108 1519 3408 1595">
    <p class='ocr_par' dir='ltr' id='par_1_37' title="bbox 2108 1519 3408 1595">
     <span class='ocr_line' id='line_1_37' title="bbox 2108 1519 3408 1595; baseline 0.003 -22"><span class='ocrx_word' id='word_1_211' title='bbox 2108 1519 2197 1574; x_wconf 84' lang='grc'><strong>55.</strong></span> <span class='ocrx_word' id='word_1_212' title='bbox 2222 1521 2331 1574; x_wconf 80' lang='grc' dir='ltr'><strong>Καὶ</strong></span> <span class='ocrx_word' id='word_1_213' title='bbox 2352 1522 2480 1593; x_wconf 81' lang='grc' dir='ltr'>ὃλην</span> <span class='ocrx_word' id='word_1_214' title='bbox 2502 1521 2601 1594; x_wconf 83' lang='grc' dir='ltr'>τὴν</span> <span class='ocrx_word' id='word_1_215' title='bbox 2632 1524 2804 1578; x_wconf 82' lang='grc' dir='ltr'>νύκτα</span> <span class='ocrx_word' id='word_1_216' title='bbox 2826 1525 2886 1578; x_wconf 89' lang='grc' dir='ltr'><strong>ἐν</strong></span> <span class='ocrx_word' id='word_1_217' title='bbox 2920 1524 3186 1595; x_wconf 81' lang='grc' dir='ltr'>φωτισμῷ</span> <span class='ocrx_word' id='word_1_218' title='bbox 3215 1523 3408 1595; x_wconf 86' lang='grc' dir='ltr'>πυρός.</span> 
     </span>
    </p>
   </div>
   <div class='ocr_carea' id='block_1_38' title="bbox 2108 1614 3096 1692">
    <p class='ocr_par' dir='ltr' id='par_1_38' title="bbox 2108 1614 3096 1692">
     <span class='ocr_line' id='line_1_38' title="bbox 2108 1614 3096 1692; baseline -0.002 -18"><span class='ocrx_word' id='word_1_219' title='bbox 2108 1614 2198 1673; x_wconf 76' lang='lat'><strong>36.</strong></span> <span class='ocrx_word' id='word_1_220' title='bbox 2235 1615 2498 1689; x_wconf 79' lang='grc' dir='ltr'>Διέρῤηξε</span> <span class='ocrx_word' id='word_1_221' title='bbox 2528 1617 2736 1691; x_wconf 86' lang='grc' dir='ltr'>πέτραν</span> <span class='ocrx_word' id='word_1_222' title='bbox 2773 1619 2832 1673; x_wconf 85' lang='grc' dir='ltr'><strong>ἐν</strong></span> <span class='ocrx_word' id='word_1_223' title='bbox 2868 1621 3096 1692; x_wconf 73' lang='grc' dir='ltr'>ἐρήμῳο</span> 
     </span>
    </p>
   </div>
   <div class='ocr_carea' id='block_1_39' title="bbox 2113 1705 3513 1778">
    <p class='ocr_par' dir='ltr' id='par_1_39' title="bbox 2113 1705 3513 1778">
     <span class='ocr_line' id='line_1_39' title="bbox 2113 1705 3513 1778; baseline -0.001 -16"><span class='ocrx_word' id='word_1_224' title='bbox 2113 1708 2202 1762; x_wconf 84' lang='grc'><strong>57.</strong></span> <span class='ocrx_word' id='word_1_225' title='bbox 2239 1709 2352 1762; x_wconf 77' lang='lat' dir='ltr'><strong>Kal</strong></span> <span class='ocrx_word' id='word_1_226' title='bbox 2378 1709 2630 1764; x_wconf 77' lang='grc' dir='ltr'>ἐπότισεν</span> <span class='ocrx_word' id='word_1_227' title='bbox 2650 1711 2850 1775; x_wconf 77' lang='grc' dir='ltr'>αὐτοὺς</span> <span class='ocrx_word' id='word_1_228' title='bbox 2871 1712 2947 1774; x_wconf 82' lang='grc' dir='ltr'>ὡς</span> <span class='ocrx_word' id='word_1_229' title='bbox 2971 1713 3031 1766; x_wconf 86' lang='grc' dir='ltr'><strong>ἐν</strong></span> <span class='ocrx_word' id='word_1_230' title='bbox 3060 1709 3286 1778; x_wconf 51' lang='lat' dir='ltr'><strong>assam?</strong></span> <span class='ocrx_word' id='word_1_231' title='bbox 3321 1705 3513 1776; x_wconf 79' lang='grc' dir='ltr'>πολλῇ.</span> 
     </span>
    </p>
   </div>
   <div class='ocr_carea' id='block_1_40' title="bbox 2110 1798 3187 1874">
    <p class='ocr_par' dir='ltr' id='par_1_40' title="bbox 2110 1798 3187 1874">
     <span class='ocr_line' id='line_1_40' title="bbox 2110 1798 3187 1874; baseline 0.004 -22"><span class='ocrx_word' id='word_1_232' title='bbox 2110 1798 2200 1852; x_wconf 90' lang='lat'><strong>38.</strong></span> <span class='ocrx_word' id='word_1_233' title='bbox 2231 1800 2345 1854; x_wconf 88' lang='lat' dir='ltr'><strong>Kal</strong></span> <span class='ocrx_word' id='word_1_234' title='bbox 2371 1799 2642 1873; x_wconf 79' lang='grc' dir='ltr'>ἐξήγαγεν</span> <span class='ocrx_word' id='word_1_235' title='bbox 2681 1800 2826 1874; x_wconf 80' lang='grc' dir='ltr'>ὕδωρ</span> <span class='ocrx_word' id='word_1_236' title='bbox 2849 1802 2915 1856; x_wconf 87' lang='grc' dir='ltr'><strong>ἐκ</strong></span> <span class='ocrx_word' id='word_1_237' title='bbox 2944 1801 3152 1874; x_wconf 81' lang='grc' dir='ltr'>πέτρας</span> <span class='ocrx_word' id='word_1_238' title='bbox 3172 1817 3187 1832; x_wconf 83' lang='lat'><strong><em>°</em></strong></span> 
     </span>
    </p>
   </div>
   <div class='ocr_carea' id='block_1_41' title="bbox 2110 1888 3295 1965">
    <p class='ocr_par' dir='ltr' id='par_1_41' title="bbox 2110 1888 3295 1965">
     <span class='ocr_line' id='line_1_41' title="bbox 2110 1888 3295 1965; baseline 0.001 -22"><span class='ocrx_word' id='word_1_239' title='bbox 2110 1888 2199 1944; x_wconf 87' lang='lat'><strong>39.</strong></span> <span class='ocrx_word' id='word_1_240' title='bbox 2226 1891 2339 1944; x_wconf 88' lang='lat' dir='ltr'><strong>Kal</strong></span> <span class='ocrx_word' id='word_1_241' title='bbox 2367 1893 2683 1964; x_wconf 83' lang='grc' dir='ltr'>κατήγαγεν</span> <span class='ocrx_word' id='word_1_242' title='bbox 2703 1892 2778 1957; x_wconf 84' lang='grc' dir='ltr'>ὡς</span> <span class='ocrx_word' id='word_1_243' title='bbox 2804 1891 3081 1965; x_wconf 78' lang='grc' dir='ltr'>ποταμοὺς</span> <span class='ocrx_word' id='word_1_244' title='bbox 3108 1892 3295 1947; x_wconf 76' lang='grc' dir='ltr'>ὕδατα.</span> 
     </span>
    </p>
   </div>
   <div class='ocr_carea' id='block_1_42' title="bbox 2113 1977 3515 2058">
    <p class='ocr_par' dir='ltr' id='par_1_42' title="bbox 2113 1977 3515 2058">
     <span class='ocr_line' id='line_1_42' title="bbox 2113 1977 3515 2058; baseline -0.005 -19"><span class='ocrx_word' id='word_1_245' title='bbox 2113 1981 2203 2039; x_wconf 67' lang='grc'><strong>40.</strong></span> <span class='ocrx_word' id='word_1_246' title='bbox 2240 1985 2352 2039; x_wconf 81' lang='lat' dir='ltr'><strong>Kal</strong></span> <span class='ocrx_word' id='word_1_247' title='bbox 2390 1985 2720 2057; x_wconf 87' lang='grc' dir='ltr'>προσέθεντο</span> <span class='ocrx_word' id='word_1_248' title='bbox 2745 1986 2825 2040; x_wconf 83' lang='grc' dir='ltr'><strong>ἐτι</strong></span> <span class='ocrx_word' id='word_1_249' title='bbox 2857 1985 2954 2040; x_wconf 93' lang='grc' dir='ltr'><strong>τοῦ</strong></span> <span class='ocrx_word' id='word_1_250' title='bbox 2993 1984 3333 2058; x_wconf 81' lang='grc' dir='ltr'>ἁμαρτάνειν</span> <span class='ocrx_word' id='word_1_251' title='bbox 3365 1977 3515 2050; x_wconf 81' lang='grc' dir='ltr'><strong>αύτῷ</strong></span> 
     </span>
    </p>
   </div>
   <div class='ocr_carea' id='block_1_43' title="bbox 2113 2074 3425 2152">
    <p class='ocr_par' dir='ltr' id='par_1_43' title="bbox 2113 2074 3425 2152">
     <span class='ocr_line' id='line_1_43' title="bbox 2113 2074 3425 2152; baseline 0.002 -24"><span class='ocrx_word' id='word_1_252' title='bbox 2113 2074 2203 2131; x_wconf 72' lang='grc'><strong>41.</strong></span> <span class='ocrx_word' id='word_1_253' title='bbox 2240 2077 2669 2152; x_wconf 84' lang='grc' dir='ltr'>Παρεπίκραναν</span> <span class='ocrx_word' id='word_1_254' title='bbox 2698 2081 2789 2135; x_wconf 84' lang='grc' dir='ltr'>τὸν</span> <span class='ocrx_word' id='word_1_255' title='bbox 2813 2079 3077 2150; x_wconf 77' lang='grc' dir='ltr'>Ὕψιστον</span> <span class='ocrx_word' id='word_1_256' title='bbox 3102 2080 3161 2132; x_wconf 90' lang='grc' dir='ltr'><strong>ἐν</strong></span> <span class='ocrx_word' id='word_1_257' title='bbox 3189 2076 3425 2148; x_wconf 84' lang='grc' dir='ltr'>ἀνύδρῳ.</span> 
     </span>
    </p>
   </div>
   <div class='ocr_carea' id='block_1_44' title="bbox 2117 2163 3631 2246">
    <p class='ocr_par' dir='ltr' id='par_1_44' title="bbox 2117 2163 3631 2246">
     <span class='ocr_line' id='line_1_44' title="bbox 2117 2163 3631 2246; baseline -0.002 -25"><span class='ocrx_word' id='word_1_258' title='bbox 2117 2167 2206 2222; x_wconf 77' lang='grc'><strong>42.</strong></span> <span class='ocrx_word' id='word_1_259' title='bbox 2243 2171 2352 2225; x_wconf 88' lang='lat' dir='ltr'><strong>Kal</strong></span> <span class='ocrx_word' id='word_1_260' title='bbox 2376 2171 2740 2246; x_wconf 80' lang='grc' dir='ltr'>ἐξεπείρασαν</span> <span class='ocrx_word' id='word_1_261' title='bbox 2764 2174 2857 2228; x_wconf 84' lang='grc' dir='ltr'>τὸν</span> <span class='ocrx_word' id='word_1_262' title='bbox 2879 2173 3012 2226; x_wconf 75' lang='grc' dir='ltr'>Θεὸν</span> <span class='ocrx_word' id='word_1_263' title='bbox 3038 2176 3096 2228; x_wconf 87' lang='grc' dir='ltr'><strong>ἐν</strong></span> <span class='ocrx_word' id='word_1_264' title='bbox 3120 2175 3240 2236; x_wconf 85' lang='grc' dir='ltr'>ταῖς</span> <span class='ocrx_word' id='word_1_265' title='bbox 3260 2167 3514 2242; x_wconf 77' lang='grc' dir='ltr'>καρδίαις</span> <span class='ocrx_word' id='word_1_266' title='bbox 3535 2163 3631 2220; x_wconf 78' lang='grc' dir='ltr'>αύ-</span> 
     </span>
    </p>
   </div>
   <div class='ocr_carea' id='block_1_45' title="bbox 2045 2273 2176 2324">
    <p class='ocr_par' dir='ltr' id='par_1_45' title="bbox 2045 2273 2176 2324">
     <span class='ocr_line' id='line_1_45' title="bbox 2045 2273 2176 2324; baseline 0.015 -14"><span class='ocrx_word' id='word_1_267' title='bbox 2045 2273 2176 2324; x_wconf 80' lang='grc' dir='ltr'>των,</span> 
     </span>
    </p>
   </div>
   <div class='ocr_carea' id='block_1_46' title="bbox 1485 2598 2490 2659">
    <p class='ocr_par' dir='ltr' id='par_1_46' title="bbox 1485 2598 2490 2659">
     <span class='ocr_line' id='line_1_46' title="bbox 1485 2598 2490 2659; baseline -0.002 -3"><span class='ocrx_word' id='word_1_268' title='bbox 1485 2601 1865 2659; x_wconf 79' lang='lat' dir='ltr'><strong>ATHANASII</strong></span> <span class='ocrx_word' id='word_1_269' title='bbox 1904 2598 2490 2657; x_wconf 81' lang='lat' dir='ltr'><strong>INTERPRETATIO.</strong></span> 
     </span>
    </p>
   </div>
   <div class='ocr_carea' id='block_1_47' title="bbox 423 2765 1937 2840">
    <p class='ocr_par' dir='ltr' id='par_1_47' title="bbox 423 2765 1937 2840">
     <span class='ocr_line' id='line_1_47' title="bbox 423 2765 1937 2840; baseline -0.003 -18"><span class='ocrx_word' id='word_1_270' title='bbox 423 2767 512 2824; x_wconf 88' lang='lat'><strong>26.</strong></span> <span class='ocrx_word' id='word_1_271' title='bbox 537 2767 594 2822; x_wconf 90' lang='lat' dir='ltr'><strong>ln</strong></span> <span class='ocrx_word' id='word_1_272' title='bbox 618 2767 686 2824; x_wconf 89' lang='lat' dir='ltr'><strong>iis</strong></span> <span class='ocrx_word' id='word_1_273' title='bbox 709 2782 832 2840; x_wconf 64' lang='lat' dir='ltr'><strong>quae</strong></span> <span class='ocrx_word' id='word_1_274' title='bbox 850 2767 918 2824; x_wconf 89' lang='lat' dir='ltr'><strong>de</strong></span> <span class='ocrx_word' id='word_1_275' title='bbox 939 2767 1172 2824; x_wconf 89' lang='lat' dir='ltr'><strong>Domino</strong></span> <span class='ocrx_word' id='word_1_276' title='bbox 1189 2767 1334 2824; x_wconf 91' lang='lat' dir='ltr'><strong>dicta</strong></span> <span class='ocrx_word' id='word_1_277' title='bbox 1361 2773 1490 2823; x_wconf 89' lang='lat' dir='ltr'><strong>sunt</strong></span> <span class='ocrx_word' id='word_1_278' title='bbox 1507 2780 1606 2838; x_wconf 87' lang='lat' dir='ltr'><strong>per</strong></span> <span class='ocrx_word' id='word_1_279' title='bbox 1621 2765 1937 2838; x_wconf 86' lang='lat' dir='ltr'><strong>prophetas.</strong></span> 
     </span>
    </p>
   </div>
   <div class='ocr_carea' id='block_1_48' title="bbox 422 2938 1790 3012">
    <p class='ocr_par' dir='ltr' id='par_1_48' title="bbox 422 2938 1790 3012">
     <span class='ocr_line' id='line_1_48' title="bbox 422 2938 1790 3012; baseline 0 -18"><span class='ocrx_word' id='word_1_280' title='bbox 422 2939 514 2994; x_wconf 85' lang='grc'><strong>27.</strong></span> <span class='ocrx_word' id='word_1_281' title='bbox 551 2938 616 2995; x_wconf 82' lang='grc' dir='ltr'><strong>Εῑ</strong></span> <span class='ocrx_word' id='word_1_282' title='bbox 642 2955 705 2995; x_wconf 89' lang='lat' dir='ltr'><strong>ea</strong></span> <span class='ocrx_word' id='word_1_283' title='bbox 739 2955 860 3011; x_wconf 73' lang='lat' dir='ltr'><strong>qua:</strong></span> <span class='ocrx_word' id='word_1_284' title='bbox 885 2941 1020 3012; x_wconf 89' lang='lat' dir='ltr'><strong>legis</strong></span> <span class='ocrx_word' id='word_1_285' title='bbox 1052 2950 1230 3007; x_wconf 87' lang='lat' dir='ltr'><strong>erant,</strong></span> <span class='ocrx_word' id='word_1_286' title='bbox 1259 2941 1554 2997; x_wconf 88' lang='lat' dir='ltr'><strong>noluerunt</strong></span> <span class='ocrx_word' id='word_1_287' title='bbox 1589 2939 1790 2996; x_wconf 81' lang='lat' dir='ltr'><strong>facere.</strong></span> 
     </span>
    </p>
   </div>
   <div class='ocr_carea' id='block_1_49' title="bbox 422 3029 1936 3104">
    <p class='ocr_par' dir='ltr' id='par_1_49' title="bbox 422 3029 1936 3104">
     <span class='ocr_line' id='line_1_49' title="bbox 422 3029 1936 3104; baseline -0.003 -18"><span class='ocrx_word' id='word_1_288' title='bbox 422 3030 518 3094; x_wconf 86' lang='lat'><strong>28.</strong></span> <span class='ocrx_word' id='word_1_289' title='bbox 547 3032 639 3086; x_wconf 87' lang='lat'><strong>29.</strong></span> <span class='ocrx_word' id='word_1_290' title='bbox 693 3030 860 3086; x_wconf 88' lang='lat' dir='ltr'><strong>Obliti</strong></span> <span class='ocrx_word' id='word_1_291' title='bbox 905 3041 1032 3086; x_wconf 88' lang='lat' dir='ltr'><strong>sunt</strong></span> <span class='ocrx_word' id='word_1_292' title='bbox 1087 3034 1366 3103; x_wconf 90' lang='lat' dir='ltr'><strong>quomodo</strong></span> <span class='ocrx_word' id='word_1_293' title='bbox 1415 3031 1767 3104; x_wconf 84' lang='lat' dir='ltr'><strong>pertranslvit</strong></span> <span class='ocrx_word' id='word_1_294' title='bbox 1801 3029 1936 3101; x_wconf 89' lang='lat' dir='ltr'><strong>ipsis</strong></span> 
     </span>
    </p>
   </div>
   <div class='ocr_carea' id='block_1_50' title="bbox 355 3120 1936 3195">
    <p class='ocr_par' dir='ltr' id='par_1_50' title="bbox 355 3120 1936 3195">
     <span class='ocr_line' id='line_1_50' title="bbox 355 3120 1936 3195; baseline -0.002 -18"><span class='ocrx_word' id='word_1_295' title='bbox 355 3122 612 3178; x_wconf 88' lang='lat' dir='ltr'><strong>omnibus</strong></span> <span class='ocrx_word' id='word_1_296' title='bbox 648 3120 1020 3188; x_wconf 75' lang='lat' dir='ltr'><strong>benefaciens,</strong></span> <span class='ocrx_word' id='word_1_297' title='bbox 1055 3133 1109 3178; x_wconf 92' lang='lat' dir='ltr'><strong>et</strong></span> <span class='ocrx_word' id='word_1_298' title='bbox 1143 3140 1347 3181; x_wconf 85' lang='lat' dir='ltr'><strong>sanans</strong></span> <span class='ocrx_word' id='word_1_299' title='bbox 1383 3142 1574 3182; x_wconf 87' lang='lat' dir='ltr'><strong>omnes</strong></span> <span class='ocrx_word' id='word_1_300' title='bbox 1613 3123 1716 3195; x_wconf 85' lang='lat' dir='ltr'><strong>qui</strong></span> <span class='ocrx_word' id='word_1_301' title='bbox 1756 3121 1936 3193; x_wconf 77' lang='lat' dir='ltr'><strong>possi-</strong></span> 
     </span>
    </p>
   </div>
   <div class='ocr_carea' id='block_1_51' title="bbox 356 3214 953 3270">
    <p class='ocr_par' dir='ltr' id='par_1_51' title="bbox 356 3214 953 3270">
     <span class='ocr_line' id='line_1_51' title="bbox 356 3214 953 3270; baseline 0.003 -2"><span class='ocrx_word' id='word_1_302' title='bbox 356 3214 626 3270; x_wconf 85' lang='lat' dir='ltr'><strong>debantur</strong></span> <span class='ocrx_word' id='word_1_303' title='bbox 653 3229 683 3268; x_wconf 87' lang='lat' dir='ltr'><strong>a</strong></span> <span class='ocrx_word' id='word_1_304' title='bbox 715 3215 953 3270; x_wconf 89' lang='lat' dir='ltr'><strong>diabolo.</strong></span> 
     </span>
    </p>
   </div>
   <div class='ocr_carea' id='block_1_52' title="bbox 431 3304 1939 3378">
    <p class='ocr_par' dir='ltr' id='par_1_52' title="bbox 431 3304 1939 3378">
     <span class='ocr_line' id='line_1_52' title="bbox 431 3304 1939 3378; baseline -0.001 -17"><span class='ocrx_word' id='word_1_305' title='bbox 431 3305 522 3361; x_wconf 92' lang='lat'><strong>30.</strong></span> <span class='ocrx_word' id='word_1_306' title='bbox 552 3305 752 3362; x_wconf 87' lang='lat' dir='ltr'><strong>Coram</strong></span> <span class='ocrx_word' id='word_1_307' title='bbox 785 3307 1126 3378; x_wconf 84' lang='lat' dir='ltr'><strong>principibus</strong></span> <span class='ocrx_word' id='word_1_308' title='bbox 1155 3304 1492 3372; x_wconf 69' lang='lat' dir='ltr'><strong>JudzeOrum,</strong></span> <span class='ocrx_word' id='word_1_309' title='bbox 1522 3321 1645 3377; x_wconf 86' lang='lat' dir='ltr'><strong>quae</strong></span> <span class='ocrx_word' id='word_1_310' title='bbox 1674 3306 1801 3362; x_wconf 84' lang='lat' dir='ltr'><strong>fecit</strong></span> <span class='ocrx_word' id='word_1_311' title='bbox 1832 3306 1939 3360; x_wconf 89' lang='lat' dir='ltr'><strong>mi-</strong></span> 
     </span>
    </p>
   </div>
   <div class='ocr_carea' id='block_1_53' title="bbox 357 3399 575 3454">
    <p class='ocr_par' dir='ltr' id='par_1_53' title="bbox 357 3399 575 3454">
     <span class='ocr_line' id='line_1_53' title="bbox 357 3399 575 3454; baseline -0.009 0"><span class='ocrx_word' id='word_1_312' title='bbox 357 3399 575 3454; x_wconf 81' lang='lat' dir='ltr'><strong>rabilia.</strong></span> 
     </span>
    </p>
   </div>
   <div class='ocr_carea' id='block_1_54' title="bbox 427 3491 1940 3565">
    <p class='ocr_par' dir='ltr' id='par_1_54' title="bbox 427 3491 1940 3565">
     <span class='ocr_line' id='line_1_54' title="bbox 427 3491 1940 3565; baseline -0.001 -19"><span class='ocrx_word' id='word_1_313' title='bbox 427 3491 520 3546; x_wconf 86' lang='lat'><strong>3|.</strong></span> <span class='ocrx_word' id='word_1_314' title='bbox 552 3491 607 3545; x_wconf 92' lang='lat' dir='ltr'><strong>In</strong></span> <span class='ocrx_word' id='word_1_315' title='bbox 645 3499 790 3546; x_wconf 85' lang='lat' dir='ltr'><strong>terra</strong></span> <span class='ocrx_word' id='word_1_316' title='bbox 829 3492 1184 3548; x_wconf 87' lang='lat' dir='ltr'><strong>obtenebrata</strong></span> <span class='ocrx_word' id='word_1_317' title='bbox 1228 3510 1282 3548; x_wconf 77' lang='lat' dir='ltr'><strong>in</strong></span> <span class='ocrx_word' id='word_1_318' title='bbox 1317 3503 1496 3564; x_wconf 88' lang='lat' dir='ltr'><strong>gente,</strong></span> <span class='ocrx_word' id='word_1_319' title='bbox 1522 3509 1645 3565; x_wconf 77' lang='lat' dir='ltr'><strong>qua:</strong></span> <span class='ocrx_word' id='word_1_320' title='bbox 1679 3491 1813 3546; x_wconf 89' lang='lat' dir='ltr'><strong>nihil</strong></span> <span class='ocrx_word' id='word_1_321' title='bbox 1844 3508 1940 3545; x_wconf 88' lang='lat' dir='ltr'><strong>su-</strong></span> 
     </span>
    </p>
   </div>
   <div class='ocr_carea' id='block_1_55' title="bbox 359 3583 1940 3657">
    <p class='ocr_par' dir='ltr' id='par_1_55' title="bbox 359 3583 1940 3657">
     <span class='ocr_line' id='line_1_55' title="bbox 359 3583 1940 3657; baseline 0.001 -20"><span class='ocrx_word' id='word_1_322' title='bbox 359 3584 524 3638; x_wconf 86' lang='lat' dir='ltr'><strong>blime</strong></span> <span class='ocrx_word' id='word_1_323' title='bbox 547 3585 678 3656; x_wconf 83' lang='lat' dir='ltr'><strong>agit.</strong></span> <span class='ocrx_word' id='word_1_324' title='bbox 719 3583 911 3638; x_wconf 71' lang='lat' dir='ltr'><strong>Tantis</strong></span> <span class='ocrx_word' id='word_1_325' title='bbox 948 3586 1093 3640; x_wconf 88' lang='lat' dir='ltr'><strong>enim</strong></span> <span class='ocrx_word' id='word_1_326' title='bbox 1135 3587 1526 3657; x_wconf 84' lang='lat' dir='ltr'><strong>interpretatur</strong></span> <span class='ocrx_word' id='word_1_327' title='bbox 1560 3587 1790 3640; x_wconf 78' lang='lat' dir='ltr'><strong>humilia</strong></span> <span class='ocrx_word' id='word_1_328' title='bbox 1821 3585 1940 3655; x_wconf 81' lang='lat' dir='ltr'><strong>jus-</strong></span> 
     </span>
    </p>
   </div>
   <div class='ocr_carea' id='block_1_56' title="bbox 357 3676 932 3740">
    <p class='ocr_par' dir='ltr' id='par_1_56' title="bbox 357 3676 932 3740">
     <span class='ocr_line' id='line_1_56' title="bbox 357 3676 932 3740; baseline 0.002 -9"><span class='ocrx_word' id='word_1_329' title='bbox 357 3695 472 3740; x_wconf 72' lang='lat' dir='ltr'><strong>sus.</strong></span> <span class='ocrx_word' id='word_1_330' title='bbox 503 3679 607 3734; x_wconf 90' lang='lat' dir='ltr'><strong>hoc</strong></span> <span class='ocrx_word' id='word_1_331' title='bbox 631 3687 716 3734; x_wconf 85' lang='lat' dir='ltr'><strong>est</strong></span> <span class='ocrx_word' id='word_1_332' title='bbox 736 3676 932 3734; x_wconf 70' lang='lat' dir='ltr'><strong>Judaei.</strong></span> 
     </span>
    </p>
   </div>
   <div class='ocr_carea' id='block_1_57' title="bbox 429 3770 1941 3842">
    <p class='ocr_par' dir='ltr' id='par_1_57' title="bbox 429 3770 1941 3842">
     <span class='ocr_line' id='line_1_57' title="bbox 429 3770 1941 3842; baseline -0.002 -16"><span class='ocrx_word' id='word_1_333' title='bbox 429 3771 521 3826; x_wconf 87' lang='grc'><strong>52.</strong></span> <span class='ocrx_word' id='word_1_334' title='bbox 554 3770 781 3842; x_wconf 81' lang='lat' dir='ltr'><strong>Aperuit</strong></span> <span class='ocrx_word' id='word_1_335' title='bbox 809 3771 974 3826; x_wconf 88' lang='lat' dir='ltr'><strong>corda</strong></span> <span class='ocrx_word' id='word_1_336' title='bbox 1007 3786 1222 3838; x_wconf 87' lang='lat' dir='ltr'><strong>eorum,</strong></span> <span class='ocrx_word' id='word_1_337' title='bbox 1251 3781 1312 3826; x_wconf 92' lang='lat' dir='ltr'><strong>ut</strong></span> <span class='ocrx_word' id='word_1_338' title='bbox 1345 3781 1626 3827; x_wconf 89' lang='lat' dir='ltr'><strong>cessarent</strong></span> <span class='ocrx_word' id='word_1_339' title='bbox 1655 3787 1683 3824; x_wconf 87' lang='lat' dir='ltr'><strong>a</strong></span> <span class='ocrx_word' id='word_1_340' title='bbox 1715 3770 1941 3840; x_wconf 83' lang='lat' dir='ltr'><strong>pristina</strong></span> 
     </span>
    </p>
   </div>
   <div class='ocr_carea' id='block_1_58' title="bbox 359 3864 1030 3919">
    <p class='ocr_par' dir='ltr' id='par_1_58' title="bbox 359 3864 1030 3919">
     <span class='ocr_line' id='line_1_58' title="bbox 359 3864 1030 3919; baseline 0.003 -2"><span class='ocrx_word' id='word_1_341' title='bbox 359 3877 551 3918; x_wconf 88' lang='lat' dir='ltr'><strong>eorum</strong></span> <span class='ocrx_word' id='word_1_342' title='bbox 591 3864 1030 3919; x_wconf 81' lang='lat' dir='ltr'><strong>conversatione.</strong></span> 
     </span>
    </p>
   </div>
   <div class='ocr_carea' id='block_1_59' title="bbox 429 3955 1848 4028">
    <p class='ocr_par' dir='ltr' id='par_1_59' title="bbox 429 3955 1848 4028">
     <span class='ocr_line' id='line_1_59' title="bbox 429 3955 1848 4028; baseline 0.001 -18"><span class='ocrx_word' id='word_1_343' title='bbox 429 3955 518 4011; x_wconf 77' lang='lat'><strong>33.</strong></span> <span class='ocrx_word' id='word_1_344' title='bbox 549 3955 617 4009; x_wconf 88' lang='lat' dir='ltr'><strong>Et</strong></span> <span class='ocrx_word' id='word_1_345' title='bbox 643 3956 931 4010; x_wconf 84' lang='lat' dir='ltr'><strong>advocavit</strong></span> <span class='ocrx_word' id='word_1_346' title='bbox 957 3965 1149 4028; x_wconf 80' lang='lat' dir='ltr'><strong>gentes</strong></span> <span class='ocrx_word' id='word_1_347' title='bbox 1172 3966 1418 4012; x_wconf 88' lang='lat' dir='ltr'><strong>mortuas</strong></span> <span class='ocrx_word' id='word_1_348' title='bbox 1445 3956 1515 4011; x_wconf 92' lang='lat' dir='ltr'><strong>ob</strong></span> <span class='ocrx_word' id='word_1_349' title='bbox 1541 3964 1848 4027; x_wconf 84' lang='lat' dir='ltr'><strong>peccatum.</strong></span> 
     </span>
    </p>
   </div>
   <div class='ocr_carea' id='block_1_60' title="bbox 433 4134 912 4192">
    <p class='ocr_par' dir='ltr' id='par_1_60' title="bbox 433 4134 912 4192">
     <span class='ocr_line' id='line_1_60' title="bbox 433 4134 912 4192; baseline 0 0"><span class='ocrx_word' id='word_1_350' title='bbox 433 4136 524 4192; x_wconf 84' lang='grc'><strong>54.</strong></span> <span class='ocrx_word' id='word_1_351' title='bbox 550 4134 608 4190; x_wconf 82' lang='grc' dir='ltr'><strong>1η</strong></span> <span class='ocrx_word' id='word_1_352' title='bbox 641 4136 760 4192; x_wconf 91' lang='lat' dir='ltr'><strong>luce</strong></span> <span class='ocrx_word' id='word_1_353' title='bbox 789 4152 912 4192; x_wconf 86' lang='lat' dir='ltr'><strong>sua.</strong></span> 
     </span>
    </p>
   </div>
   <div class='ocr_carea' id='block_1_61' title="bbox 427 4226 1949 4298">
    <p class='ocr_par' dir='ltr' id='par_1_61' title="bbox 427 4226 1949 4298">
     <span class='ocr_line' id='line_1_61' title="bbox 427 4226 1949 4298; baseline -0.001 -16"><span class='ocrx_word' id='word_1_354' title='bbox 427 4227 517 4282; x_wconf 84' lang='lat'><strong>35.</strong></span> <span class='ocrx_word' id='word_1_355' title='bbox 549 4226 614 4282; x_wconf 87' lang='lat' dir='ltr'><strong>Et</strong></span> <span class='ocrx_word' id='word_1_356' title='bbox 637 4242 858 4283; x_wconf 89' lang='lat' dir='ltr'><strong>omnem</strong></span> <span class='ocrx_word' id='word_1_357' title='bbox 895 4227 1242 4284; x_wconf 88' lang='lat' dir='ltr'><strong>tenebrosam</strong></span> <span class='ocrx_word' id='word_1_358' title='bbox 1274 4228 1512 4298; x_wconf 92' lang='lat' dir='ltr'><strong>priorem</strong></span> <span class='ocrx_word' id='word_1_359' title='bbox 1541 4228 1787 4298; x_wconf 89' lang='lat' dir='ltr'><strong>ipsorum</strong></span> <span class='ocrx_word' id='word_1_360' title='bbox 1823 4244 1949 4283; x_wconf 86' lang='lat' dir='ltr'><strong>con-</strong></span> 
     </span>
    </p>
   </div>
   <div class='ocr_carea' id='block_1_62' title="bbox 362 4320 1946 4392">
    <p class='ocr_par' dir='ltr' id='par_1_62' title="bbox 362 4320 1946 4392">
     <span class='ocr_line' id='line_1_62' title="bbox 362 4320 1946 4392; baseline 0.002 -20"><span class='ocrx_word' id='word_1_361' title='bbox 362 4320 728 4376; x_wconf 77' lang='lat' dir='ltr'><strong>versationem</strong></span> <span class='ocrx_word' id='word_1_362' title='bbox 775 4329 1162 4386; x_wconf 82' lang='lat' dir='ltr'><strong>commutans,</strong></span> <span class='ocrx_word' id='word_1_363' title='bbox 1207 4321 1261 4374; x_wconf 90' lang='lat' dir='ltr'><strong>in</strong></span> <span class='ocrx_word' id='word_1_364' title='bbox 1310 4320 1712 4376; x_wconf 88' lang='lat' dir='ltr'><strong>illuminatione</strong></span> <span class='ocrx_word' id='word_1_365' title='bbox 1758 4321 1946 4392; x_wconf 66' lang='lat' dir='ltr'><strong>gratim</strong></span> 
     </span>
    </p>
   </div>
   <div class='ocr_carea' id='block_1_63' title="bbox 361 4413 871 4470">
    <p class='ocr_par' dir='ltr' id='par_1_63' title="bbox 361 4413 871 4470">
     <span class='ocr_line' id='line_1_63' title="bbox 361 4413 871 4470; baseline -0.008 0"><span class='ocrx_word' id='word_1_366' title='bbox 361 4428 476 4470; x_wconf 72' lang='lat' dir='ltr'><strong>sua:</strong></span> <span class='ocrx_word' id='word_1_367' title='bbox 501 4413 726 4468; x_wconf 88' lang='lat' dir='ltr'><strong>deduxit</strong></span> <span class='ocrx_word' id='word_1_368' title='bbox 753 4427 871 4468; x_wconf 89' lang='lat' dir='ltr'><strong>eos.</strong></span> 
     </span>
    </p>
   </div>
   <div class='ocr_carea' id='block_1_64' title="bbox 430 4505 1511 4576">
    <p class='ocr_par' dir='ltr' id='par_1_64' title="bbox 430 4505 1511 4576">
     <span class='ocr_line' id='line_1_64' title="bbox 430 4505 1511 4576; baseline 0 -16"><span class='ocrx_word' id='word_1_369' title='bbox 430 4505 522 4564; x_wconf 89' lang='lat'><strong>36.</strong></span> <span class='ocrx_word' id='word_1_370' title='bbox 552 4505 722 4561; x_wconf 81' lang='lat' dir='ltr'><strong>Latus</strong></span> <span class='ocrx_word' id='word_1_371' title='bbox 752 4520 915 4562; x_wconf 87' lang='lat' dir='ltr'><strong>suum</strong></span> <span class='ocrx_word' id='word_1_372' title='bbox 948 4505 1004 4561; x_wconf 90' lang='lat' dir='ltr'><strong>in</strong></span> <span class='ocrx_word' id='word_1_373' title='bbox 1033 4505 1240 4561; x_wconf 90' lang='lat' dir='ltr'><strong>mundo</strong></span> <span class='ocrx_word' id='word_1_374' title='bbox 1274 4505 1511 4576; x_wconf 86' lang='lat' dir='ltr'><strong>aperuit.</strong></span> 
     </span>
    </p>
   </div>
   <div class='ocr_carea' id='block_1_65' title="bbox 431 4594 1944 4668">
    <p class='ocr_par' dir='ltr' id='par_1_65' title="bbox 431 4594 1944 4668">
     <span class='ocr_line' id='line_1_65' title="bbox 431 4594 1944 4668; baseline 0 -18"><span class='ocrx_word' id='word_1_375' title='bbox 431 4595 522 4650; x_wconf 81' lang='lat'><strong>37.</strong></span> <span class='ocrx_word' id='word_1_376' title='bbox 552 4594 831 4668; x_wconf 88' lang='lat' dir='ltr'><strong>Sanguine</strong></span> <span class='ocrx_word' id='word_1_377' title='bbox 859 4611 962 4652; x_wconf 92' lang='lat' dir='ltr'><strong>suo</strong></span> <span class='ocrx_word' id='word_1_378' title='bbox 1003 4595 1301 4667; x_wconf 87' lang='lat' dir='ltr'><strong>adaquavit</strong></span> <span class='ocrx_word' id='word_1_379' title='bbox 1329 4595 1757 4667; x_wconf 83' lang='lat' dir='ltr'><strong>justillcationes</strong></span> <span class='ocrx_word' id='word_1_380' title='bbox 1793 4611 1944 4652; x_wconf 87' lang='lat' dir='ltr'><strong>suas.</strong></span> 
     </span>
    </p>
   </div>
   <div class='ocr_carea' id='block_1_66' title="bbox 433 4772 988 4829">
    <p class='ocr_par' dir='ltr' id='par_1_66' title="bbox 433 4772 988 4829">
     <span class='ocr_line' id='line_1_66' title="bbox 433 4772 988 4829; baseline 0.004 -2"><span class='ocrx_word' id='word_1_381' title='bbox 433 4772 521 4827; x_wconf 91' lang='lat'><strong>38.</strong></span> <span class='ocrx_word' id='word_1_382' title='bbox 555 4772 632 4826; x_wconf 87' lang='lat' dir='ltr'><strong>Ex</strong></span> <span class='ocrx_word' id='word_1_383' title='bbox 663 4773 834 4828; x_wconf 80' lang='lat' dir='ltr'><strong>latere</strong></span> <span class='ocrx_word' id='word_1_384' title='bbox 867 4789 988 4829; x_wconf 89' lang='lat' dir='ltr'><strong>suo.</strong></span> 
     </span>
    </p>
   </div>
   <div class='ocr_carea' id='block_1_67' title="bbox 430 4863 1944 4941">
    <p class='ocr_par' dir='ltr' id='par_1_67' title="bbox 430 4863 1944 4941">
     <span class='ocr_line' id='line_1_67' title="bbox 430 4863 1944 4941; baseline 0 -23"><span class='ocrx_word' id='word_1_385' title='bbox 430 4865 521 4921; x_wconf 85' lang='lat'><strong>39.</strong></span> <span class='ocrx_word' id='word_1_386' title='bbox 558 4864 624 4920; x_wconf 86' lang='lat' dir='ltr'><strong>Et</strong></span> <span class='ocrx_word' id='word_1_387' title='bbox 649 4866 765 4936; x_wconf 80' lang='lat' dir='ltr'><strong>ipsa</strong></span> <span class='ocrx_word' id='word_1_388' title='bbox 814 4883 977 4938; x_wconf 82' lang='lat' dir='ltr'><strong>aqua,</strong></span> <span class='ocrx_word' id='word_1_389' title='bbox 1009 4883 1131 4941; x_wconf 65' lang='lat' dir='ltr'><strong>quat</strong></span> <span class='ocrx_word' id='word_1_390' title='bbox 1168 4867 1326 4925; x_wconf 81' lang='lat' dir='ltr'><strong>ﬂuxit</strong></span> <span class='ocrx_word' id='word_1_391' title='bbox 1365 4885 1433 4924; x_wconf 89' lang='lat' dir='ltr'><strong>ex</strong></span> <span class='ocrx_word' id='word_1_392' title='bbox 1467 4867 1637 4922; x_wconf 85' lang='lat' dir='ltr'><strong>latere</strong></span> <span class='ocrx_word' id='word_1_393' title='bbox 1665 4880 1787 4936; x_wconf 82' lang='lat' dir='ltr'><strong>ejus</strong></span> <span class='ocrx_word' id='word_1_394' title='bbox 1815 4863 1944 4919; x_wconf 90' lang='lat' dir='ltr'><strong>illu-</strong></span> 
     </span>
    </p>
   </div>
   <div class='ocr_carea' id='block_1_68' title="bbox 363 4960 820 5032">
    <p class='ocr_par' dir='ltr' id='par_1_68' title="bbox 363 4960 820 5032">
     <span class='ocr_line' id='line_1_68' title="bbox 363 4960 820 5032; baseline 0.007 -18"><span class='ocrx_word' id='word_1_395' title='bbox 363 4960 589 5014; x_wconf 87' lang='lat' dir='ltr'><strong>minavit</strong></span> <span class='ocrx_word' id='word_1_396' title='bbox 615 4971 820 5032; x_wconf 91' lang='lat' dir='ltr'><strong>gentes.</strong></span> 
     </span>
    </p>
   </div>
   <div class='ocr_carea' id='block_1_69' title="bbox 431 5051 1047 5112">
    <p class='ocr_par' dir='ltr' id='par_1_69' title="bbox 431 5051 1047 5112">
     <span class='ocr_line' id='line_1_69' title="bbox 431 5051 1047 5112; baseline 0.002 -3"><span class='ocrx_word' id='word_1_397' title='bbox 431 5054 523 5110; x_wconf 76' lang='grc'><strong>40.</strong></span> <span class='ocrx_word' id='word_1_398' title='bbox 555 5054 823 5112; x_wconf 85' lang='lat' dir='ltr'><strong>increduli</strong></span> <span class='ocrx_word' id='word_1_399' title='bbox 851 5051 1047 5110; x_wconf 62' lang='lat' dir='ltr'><strong>Judaei.</strong></span> 
     </span>
    </p>
   </div>
   <div class='ocr_carea' id='block_1_70' title="bbox 430 5143 1943 5216">
    <p class='ocr_par' dir='ltr' id='par_1_70' title="bbox 430 5143 1943 5216">
     <span class='ocr_line' id='line_1_70' title="bbox 430 5143 1943 5216; baseline -0.003 -14"><span class='ocrx_word' id='word_1_400' title='bbox 430 5149 520 5202; x_wconf 70' lang='grc'><strong>41.</strong></span> <span class='ocrx_word' id='word_1_401' title='bbox 549 5146 1027 5203; x_wconf 85' lang='lat' dir='ltr'><strong>Contristaverunt</strong></span> <span class='ocrx_word' id='word_1_402' title='bbox 1072 5143 1338 5216; x_wconf 88' lang='lat' dir='ltr'><strong>Spiritum</strong></span> <span class='ocrx_word' id='word_1_403' title='bbox 1367 5154 1618 5200; x_wconf 89' lang='lat' dir='ltr'><strong>sanctum</strong></span> <span class='ocrx_word' id='word_1_404' title='bbox 1645 5145 1702 5202; x_wconf 88' lang='lat' dir='ltr'><strong>in</strong></span> <span class='ocrx_word' id='word_1_405' title='bbox 1735 5144 1943 5201; x_wconf 81' lang='lat' dir='ltr'><strong>sterili-</strong></span> 
     </span>
    </p>
   </div>
   <div class='ocr_carea' id='block_1_71' title="bbox 363 5240 945 5295">
    <p class='ocr_par' dir='ltr' id='par_1_71' title="bbox 363 5240 945 5295">
     <span class='ocr_line' id='line_1_71' title="bbox 363 5240 945 5295; baseline 0 -3"><span class='ocrx_word' id='word_1_406' title='bbox 363 5247 470 5292; x_wconf 83' lang='lat' dir='ltr'><strong>tate</strong></span> <span class='ocrx_word' id='word_1_407' title='bbox 503 5240 699 5294; x_wconf 83' lang='lat' dir='ltr'><strong>animae</strong></span> <span class='ocrx_word' id='word_1_408' title='bbox 730 5255 945 5295; x_wconf 89' lang='lat' dir='ltr'><strong>eorum.</strong></span> 
     </span>
    </p>
   </div>
   <div class='ocr_carea' id='block_1_72' title="bbox 433 5328 1381 5387">
    <p class='ocr_par' dir='ltr' id='par_1_72' title="bbox 433 5328 1381 5387">
     <span class='ocr_line' id='line_1_72' title="bbox 433 5328 1381 5387; baseline 0.003 -6"><span class='ocrx_word' id='word_1_409' title='bbox 433 5330 521 5382; x_wconf 68' lang='lat'><strong>42.</strong></span> <span class='ocrx_word' id='word_1_410' title='bbox 560 5328 757 5385; x_wconf 84' lang='lat' dir='ltr'><strong>Filium</strong></span> <span class='ocrx_word' id='word_1_411' title='bbox 787 5329 881 5386; x_wconf 90' lang='lat' dir='ltr'><strong>Dei</strong></span> <span class='ocrx_word' id='word_1_412' title='bbox 907 5333 963 5387; x_wconf 93' lang='lat' dir='ltr'><strong>in</strong></span> <span class='ocrx_word' id='word_1_413' title='bbox 989 5331 1222 5386; x_wconf 86' lang='lat' dir='ltr'><strong>adventu</strong></span> <span class='ocrx_word' id='word_1_414' title='bbox 1259 5345 1381 5385; x_wconf 90' lang='lat' dir='ltr'><strong>suo.</strong></span> 
     </span>
    </p>
   </div>
   <div class='ocr_carea' id='block_1_73' title="bbox 2116 2759 3638 2834">
    <p class='ocr_par' dir='ltr' id='par_1_73' title="bbox 2116 2759 3638 2834">
     <span class='ocr_line' id='line_1_73' title="bbox 2116 2759 3638 2834; baseline 0.001 -17"><span class='ocrx_word' id='word_1_415' title='bbox 2116 2761 2206 2817; x_wconf 86' lang='lat'><strong>26.</strong></span> <span class='ocrx_word' id='word_1_416' title='bbox 2234 2759 2344 2814; x_wconf 88' lang='lat' dir='ltr'><strong>Kal</strong></span> <span class='ocrx_word' id='word_1_417' title='bbox 2366 2760 2477 2824; x_wconf 87' lang='grc' dir='ltr'>τοῖς</span> <span class='ocrx_word' id='word_1_418' title='bbox 2509 2759 2818 2831; x_wconf 72' lang='grc' dir='ltr'>εἰρημένοις</span> <span class='ocrx_word' id='word_1_419' title='bbox 2849 2761 2977 2832; x_wconf 75' lang='grc' dir='ltr'>περὶ</span> <span class='ocrx_word' id='word_1_420' title='bbox 3009 2760 3105 2815; x_wconf 91' lang='grc' dir='ltr'><strong>τοῦ</strong></span> <span class='ocrx_word' id='word_1_421' title='bbox 3164 2761 3370 2834; x_wconf 82' lang='grc' dir='ltr'>Κυρίου</span> <span class='ocrx_word' id='word_1_422' title='bbox 3397 2761 3487 2817; x_wconf 75' lang='grc' dir='ltr'>διὰ</span> <span class='ocrx_word' id='word_1_423' title='bbox 3520 2763 3638 2818; x_wconf 81' lang='grc' dir='ltr'><strong>τῶν</strong></span> 
     </span>
    </p>
   </div>
   <div class='ocr_carea' id='block_1_74' title="bbox 2047 2849 2360 2925">
    <p class='ocr_par' dir='ltr' id='par_1_74' title="bbox 2047 2849 2360 2925">
     <span class='ocr_line' id='line_1_74' title="bbox 2047 2849 2360 2925; baseline -0.01 -19"><span class='ocrx_word' id='word_1_424' title='bbox 2047 2849 2360 2925; x_wconf 81' lang='grc' dir='ltr'>προφητῶν.</span> 
     </span>
    </p>
   </div>
   <div class='ocr_carea' id='block_1_75' title="bbox 1965 2935 3450 3014">
    <p class='ocr_par' dir='ltr' id='par_1_75' title="bbox 1965 2935 3450 3014">
     <span class='ocr_line' id='line_1_75' title="bbox 1965 2935 3450 3014; baseline 0.004 -23"><span class='ocrx_word' id='word_1_425' title='bbox 1965 2935 2008 2991; x_wconf 88' lang='lat' dir='ltr'><strong><em>C</em></strong></span> <span class='ocrx_word' id='word_1_426' title='bbox 2109 2943 2200 2996; x_wconf 87' lang='lat'><strong>27.</strong></span> <span class='ocrx_word' id='word_1_427' title='bbox 2233 2940 2344 2994; x_wconf 82' lang='lat' dir='ltr'><strong>Kal</strong></span> <span class='ocrx_word' id='word_1_428' title='bbox 2371 2937 2441 2992; x_wconf 82' lang='grc' dir='ltr'>τὰ</span> <span class='ocrx_word' id='word_1_429' title='bbox 2467 2938 2561 2992; x_wconf 87' lang='grc' dir='ltr'><strong>τοῦ</strong></span> <span class='ocrx_word' id='word_1_430' title='bbox 2591 2939 2757 3011; x_wconf 86' lang='grc' dir='ltr'>νόμου</span> <span class='ocrx_word' id='word_1_431' title='bbox 2786 2941 2886 2993; x_wconf 82' lang='grc' dir='ltr'><strong>ούκ</strong></span> <span class='ocrx_word' id='word_1_432' title='bbox 2910 2941 3181 3012; x_wconf 70' lang='grc' dir='ltr'>ἠθέλησαν</span> <span class='ocrx_word' id='word_1_433' title='bbox 3205 2942 3450 3014; x_wconf 81' lang='grc' dir='ltr'>ποιῆσαι.</span> 
     </span>
    </p>
   </div>
   <div class='ocr_carea' id='block_1_76' title="bbox 2109 3032 3638 3108">
    <p class='ocr_par' dir='ltr' id='par_1_76' title="bbox 2109 3032 3638 3108">
     <span class='ocr_line' id='line_1_76' title="bbox 2109 3032 3638 3108; baseline 0.001 -20"><span class='ocrx_word' id='word_1_434' title='bbox 2109 3034 2200 3100; x_wconf 90' lang='lat'><strong>28,</strong></span> <span class='ocrx_word' id='word_1_435' title='bbox 2235 3034 2325 3089; x_wconf 88' lang='lat'><strong>29.</strong></span> <span class='ocrx_word' id='word_1_436' title='bbox 2371 3032 2728 3086; x_wconf 85' lang='grc' dir='ltr'>Ἐπελάθοντο</span> <span class='ocrx_word' id='word_1_437' title='bbox 2767 3033 2885 3098; x_wconf 91' lang='grc' dir='ltr'><strong>πῶς</strong></span> <span class='ocrx_word' id='word_1_438' title='bbox 2940 3035 3153 3106; x_wconf 78' lang='grc' dir='ltr'>διῆλθεν</span> <span class='ocrx_word' id='word_1_439' title='bbox 3200 3037 3506 3108; x_wconf 73' lang='grc' dir='ltr'>εὐεργετῶν</span> <span class='ocrx_word' id='word_1_440' title='bbox 3537 3039 3638 3091; x_wconf 82' lang='grc' dir='ltr'>αύ-</span> 
     </span>
    </p>
   </div>
   <div class='ocr_carea' id='block_1_77' title="bbox 2037 3121 3638 3195">
    <p class='ocr_par' dir='ltr' id='par_1_77' title="bbox 2037 3121 3638 3195">
     <span class='ocr_line' id='line_1_77' title="bbox 2037 3121 3638 3195; baseline 0.002 -17"><span class='ocrx_word' id='word_1_441' title='bbox 2037 3125 2164 3188; x_wconf 81' lang='grc' dir='ltr'>τοὺς</span> <span class='ocrx_word' id='word_1_442' title='bbox 2186 3123 2415 3188; x_wconf 83' lang='grc' dir='ltr'>πάντας,</span> <span class='ocrx_word' id='word_1_443' title='bbox 2450 3123 2544 3176; x_wconf 76' lang='grc' dir='ltr'>καὶ</span> <span class='ocrx_word' id='word_1_444' title='bbox 2602 3121 2830 3195; x_wconf 73' lang='grc' dir='ltr'>ἰώμενος</span> <span class='ocrx_word' id='word_1_445' title='bbox 2882 3125 3092 3190; x_wconf 83' lang='grc' dir='ltr'>πάντας</span> <span class='ocrx_word' id='word_1_446' title='bbox 3139 3128 3264 3192; x_wconf 82' lang='grc' dir='ltr'>τοὺς</span> <span class='ocrx_word' id='word_1_447' title='bbox 3325 3127 3638 3182; x_wconf 72' lang='grc' dir='ltr'>καταδυνα-</span> 
     </span>
    </p>
   </div>
   <div class='ocr_carea' id='block_1_78' title="bbox 2043 3215 2950 3286">
    <p class='ocr_par' dir='ltr' id='par_1_78' title="bbox 2043 3215 2950 3286">
     <span class='ocr_line' id='line_1_78' title="bbox 2043 3215 2950 3286; baseline 0.002 -18"><span class='ocrx_word' id='word_1_448' title='bbox 2043 3215 2397 3286; x_wconf 87' lang='grc' dir='ltr'>στευομένους</span> <span class='ocrx_word' id='word_1_449' title='bbox 2429 3215 2534 3268; x_wconf 82' lang='grc' dir='ltr'><strong>ὑπὸ</strong></span> <span class='ocrx_word' id='word_1_450' title='bbox 2562 3215 2656 3269; x_wconf 86' lang='grc' dir='ltr'><strong>τοῦ</strong></span> <span class='ocrx_word' id='word_1_451' title='bbox 2683 3215 2950 3271; x_wconf 76' lang='grc' dir='ltr'>διαῦὸλου.</span> 
     </span>
    </p>
   </div>
   <div class='ocr_carea' id='block_1_79' title="bbox 2111 3307 3641 3382">
    <p class='ocr_par' dir='ltr' id='par_1_79' title="bbox 2111 3307 3641 3382">
     <span class='ocr_line' id='line_1_79' title="bbox 2111 3307 3641 3382; baseline 0.004 -20"><span class='ocrx_word' id='word_1_452' title='bbox 2111 3308 2204 3362; x_wconf 86' lang='grc'><strong>50.</strong></span> <span class='ocrx_word' id='word_1_453' title='bbox 2234 3308 2582 3380; x_wconf 84' lang='grc' dir='ltr'>Ἐμπροσθεν</span> <span class='ocrx_word' id='word_1_454' title='bbox 2629 3307 2740 3362; x_wconf 87' lang='grc' dir='ltr'><strong>τῶν</strong></span> <span class='ocrx_word' id='word_1_455' title='bbox 2769 3310 3046 3382; x_wconf 83' lang='grc' dir='ltr'>ἀρχόντων</span> <span class='ocrx_word' id='word_1_456' title='bbox 3076 3311 3185 3366; x_wconf 88' lang='grc' dir='ltr'><strong>τῶν</strong></span> <span class='ocrx_word' id='word_1_457' title='bbox 3236 3312 3511 3366; x_wconf 82' lang='grc' dir='ltr'>Ἰουδαίων</span> <span class='ocrx_word' id='word_1_458' title='bbox 3531 3353 3546 3376; x_wconf 84' lang='grc'><em>,</em></span> <span class='ocrx_word' id='word_1_459' title='bbox 3605 3315 3641 3368; x_wconf 70' lang='grc'><strong>5.</strong></span> 
     </span>
    </p>
   </div>
   <div class='ocr_carea' id='block_1_80' title="bbox 2043 3397 2596 3471">
    <p class='ocr_par' dir='ltr' id='par_1_80' title="bbox 2043 3397 2596 3471">
     <span class='ocr_line' id='line_1_80' title="bbox 2043 3397 2596 3471; baseline 0.002 -19"><span class='ocrx_word' id='word_1_460' title='bbox 2043 3399 2268 3471; x_wconf 86' lang='grc' dir='ltr'>ἐποίησε</span> <span class='ocrx_word' id='word_1_461' title='bbox 2299 3397 2596 3469; x_wconf 83' lang='grc' dir='ltr'>θαυμάσια.</span> 
     </span>
    </p>
   </div>
   <div class='ocr_carea' id='block_1_81' title="bbox 2110 3491 3641 3570">
    <p class='ocr_par' dir='ltr' id='par_1_81' title="bbox 2110 3491 3641 3570">
     <span class='ocr_line' id='line_1_81' title="bbox 2110 3491 3641 3570; baseline 0.005 -24"><span class='ocrx_word' id='word_1_462' title='bbox 2110 3492 2202 3546; x_wconf 80' lang='grc'><strong>51.</strong></span> <span class='ocrx_word' id='word_1_463' title='bbox 2247 3491 2334 3544; x_wconf 87' lang='grc' dir='ltr'>Ἐν</span> <span class='ocrx_word' id='word_1_464' title='bbox 2366 3494 2434 3563; x_wconf 82' lang='grc' dir='ltr'>τῇ</span> <span class='ocrx_word' id='word_1_465' title='bbox 2457 3495 2527 3564; x_wconf 75' lang='grc' dir='ltr'>γῇ</span> <span class='ocrx_word' id='word_1_466' title='bbox 2557 3492 2634 3564; x_wconf 85' lang='grc'><strong>(1)</strong></span> <span class='ocrx_word' id='word_1_467' title='bbox 2669 3494 3034 3568; x_wconf 79' lang='grc' dir='ltr'>ἐσκοτισμένῃ</span> <span class='ocrx_word' id='word_1_468' title='bbox 3056 3498 3113 3550; x_wconf 87' lang='grc' dir='ltr'><strong>ἐν</strong></span> <span class='ocrx_word' id='word_1_469' title='bbox 3136 3496 3215 3568; x_wconf 85' lang='grc' dir='ltr'>τῷ</span> <span class='ocrx_word' id='word_1_470' title='bbox 3243 3497 3386 3553; x_wconf 72' lang='grc' dir='ltr'>ἔθνει</span> <span class='ocrx_word' id='word_1_471' title='bbox 3414 3498 3498 3570; x_wconf 79' lang='grc' dir='ltr'><strong>τῷ</strong></span> <span class='ocrx_word' id='word_1_472' title='bbox 3534 3518 3641 3570; x_wconf 86' lang='grc' dir='ltr'>μη-</span> 
     </span>
    </p>
   </div>
   <div class='ocr_carea' id='block_1_82' title="bbox 2043 3583 3640 3662">
    <p class='ocr_par' dir='ltr' id='par_1_82' title="bbox 2043 3583 3640 3662">
     <span class='ocr_line' id='line_1_82' title="bbox 2043 3583 3640 3662; baseline 0.006 -24"><span class='ocrx_word' id='word_1_473' title='bbox 2043 3583 2130 3638; x_wconf 87' lang='grc' dir='ltr'><strong>δέν</strong></span> <span class='ocrx_word' id='word_1_474' title='bbox 2162 3583 2366 3638; x_wconf 75' lang='grc' dir='ltr'>τέλειον</span> <span class='ocrx_word' id='word_1_475' title='bbox 2396 3585 2660 3639; x_wconf 86' lang='grc' dir='ltr'>ποιοῦντι.</span> <span class='ocrx_word' id='word_1_476' title='bbox 2687 3586 2860 3654; x_wconf 76' lang='grc' dir='ltr'>Τάνις</span> <span class='ocrx_word' id='word_1_477' title='bbox 2893 3589 3002 3660; x_wconf 83' lang='grc' dir='ltr'><strong>γὰρ</strong></span> <span class='ocrx_word' id='word_1_478' title='bbox 3022 3591 3390 3662; x_wconf 77' lang='grc' dir='ltr'>ἑρμηνεύεται</span> <span class='ocrx_word' id='word_1_479' title='bbox 3422 3592 3640 3648; x_wconf 61' lang='grc' dir='ltr'>ἐπα-τελε</span> 
     </span>
    </p>
   </div>
   <div class='ocr_carea' id='block_1_83' title="bbox 2044 3675 3309 3746">
    <p class='ocr_par' dir='ltr' id='par_1_83' title="bbox 2044 3675 3309 3746">
     <span class='ocr_line' id='line_1_83' title="bbox 2044 3675 3309 3746; baseline 0.004 -16"><span class='ocrx_word' id='word_1_480' title='bbox 2044 3675 2301 3746; x_wconf 71' lang='grc' dir='ltr'>λόμενος</span> <span class='ocrx_word' id='word_1_481' title='bbox 2339 3677 2611 3740; x_wconf 82' lang='grc' dir='ltr'>ταπεινὰ,</span> <span class='ocrx_word' id='word_1_482' title='bbox 2646 3677 2925 3732; x_wconf 86' lang='grc' dir='ltr'>τουτέστιν</span> <span class='ocrx_word' id='word_1_483' title='bbox 2956 3681 3005 3732; x_wconf 91' lang='grc' dir='ltr'>οἱ</span> <span class='ocrx_word' id='word_1_484' title='bbox 3050 3681 3309 3735; x_wconf 82' lang='grc' dir='ltr'>Ἰουδαῖοι.</span> 
     </span>
    </p>
   </div>
   <div class='ocr_carea' id='block_1_84' title="bbox 2121 3767 3644 3840">
    <p class='ocr_par' dir='ltr' id='par_1_84' title="bbox 2121 3767 3644 3840">
     <span class='ocr_line' id='line_1_84' title="bbox 2121 3767 3644 3840; baseline 0.003 -18"><span class='ocrx_word' id='word_1_485' title='bbox 2121 3768 2211 3823; x_wconf 84' lang='grc'><strong>52.</strong></span> <span class='ocrx_word' id='word_1_486' title='bbox 2244 3767 2486 3838; x_wconf 79' lang='grc' dir='ltr'>Διήνοιξε</span> <span class='ocrx_word' id='word_1_487' title='bbox 2537 3768 2637 3832; x_wconf 81' lang='grc' dir='ltr'><strong>τὰς</strong></span> <span class='ocrx_word' id='word_1_488' title='bbox 2679 3769 2918 3840; x_wconf 83' lang='grc' dir='ltr'>καρδίας·</span> <span class='ocrx_word' id='word_1_489' title='bbox 2958 3771 3170 3836; x_wconf 78' lang='grc' dir='ltr'>αὐτῶν,</span> <span class='ocrx_word' id='word_1_490' title='bbox 3200 3772 3293 3826; x_wconf 89' lang='grc' dir='ltr'><strong>τοῦ</strong></span> <span class='ocrx_word' id='word_1_491' title='bbox 3319 3772 3644 3828; x_wconf 81' lang='grc' dir='ltr'>παύσασθαι</span> 
     </span>
    </p>
   </div>
   <div class='ocr_carea' id='block_1_85' title="bbox 2057 3855 3192 3934">
    <p class='ocr_par' dir='ltr' id='par_1_85' title="bbox 2057 3855 3192 3934">
     <span class='ocr_line' id='line_1_85' title="bbox 2057 3855 3192 3934; baseline 0.006 -25"><span class='ocrx_word' id='word_1_492' title='bbox 2057 3855 2135 3928; x_wconf 80' lang='grc'><strong>(2)</strong></span> <span class='ocrx_word' id='word_1_493' title='bbox 2167 3857 2267 3928; x_wconf 80' lang='grc' dir='ltr'>τῆς</span> <span class='ocrx_word' id='word_1_494' title='bbox 2314 3857 2589 3930; x_wconf 86' lang='grc' dir='ltr'>προτέρας</span> <span class='ocrx_word' id='word_1_495' title='bbox 2616 3858 2796 3913; x_wconf 84' lang='grc' dir='ltr'>αὐτῶν</span> <span class='ocrx_word' id='word_1_496' title='bbox 2825 3861 3192 3934; x_wconf 82' lang='grc' dir='ltr'>ἀναστροφῆς.</span> 
     </span>
    </p>
   </div>
   <div class='ocr_carea' id='block_1_86' title="bbox 2117 3950 3643 4030">
    <p class='ocr_par' dir='ltr' id='par_1_86' title="bbox 2117 3950 3643 4030">
     <span class='ocr_line' id='line_1_86' title="bbox 2117 3950 3643 4030; baseline 0.005 -26"><span class='ocrx_word' id='word_1_497' title='bbox 2117 3950 2207 4004; x_wconf 86' lang='grc'><strong>55.</strong></span> <span class='ocrx_word' id='word_1_498' title='bbox 2241 3951 2349 4004; x_wconf 91' lang='lat' dir='ltr'><strong>Kal</strong></span> <span class='ocrx_word' id='word_1_499' title='bbox 2383 3950 2824 4022; x_wconf 84' lang='grc' dir='ltr'>προσεκαλέσατο</span> <span class='ocrx_word' id='word_1_500' title='bbox 2865 3953 2934 4007; x_wconf 82' lang='grc' dir='ltr'>τὰ</span> <span class='ocrx_word' id='word_1_501' title='bbox 2961 3954 3088 4027; x_wconf 74' lang='grc' dir='ltr'>ἔθνη</span> <span class='ocrx_word' id='word_1_502' title='bbox 3124 3957 3513 4030; x_wconf 85' lang='grc' dir='ltr'>νενεκρωμένα</span> <span class='ocrx_word' id='word_1_503' title='bbox 3562 3957 3643 4028; x_wconf 80' lang='lat'><strong>(3)</strong></span> 
     </span>
    </p>
   </div>
   <div class='ocr_carea' id='block_1_87' title="bbox 2051 4039 2604 4114">
    <p class='ocr_par' dir='ltr' id='par_1_87' title="bbox 2051 4039 2604 4114">
     <span class='ocr_line' id='line_1_87' title="bbox 2051 4039 2604 4114; baseline 0.007 -21"><span class='ocrx_word' id='word_1_504' title='bbox 2051 4040 2156 4094; x_wconf 81' lang='grc' dir='ltr'><strong>ὑπὸ</strong></span> <span class='ocrx_word' id='word_1_505' title='bbox 2183 4039 2282 4111; x_wconf 83' lang='grc' dir='ltr'>τῆς</span> <span class='ocrx_word' id='word_1_506' title='bbox 2308 4042 2604 4114; x_wconf 80' lang='grc' dir='ltr'>ἁμαρτίας.</span> 
     </span>
    </p>
   </div>
   <div class='ocr_carea' id='block_1_88' title="bbox 2121 4132 2852 4205">
    <p class='ocr_par' dir='ltr' id='par_1_88' title="bbox 2121 4132 2852 4205">
     <span class='ocr_line' id='line_1_88' title="bbox 2121 4132 2852 4205; baseline 0.005 -18"><span class='ocrx_word' id='word_1_507' title='bbox 2121 4132 2212 4188; x_wconf 60' lang='lat'><strong>31.</strong></span> <span class='ocrx_word' id='word_1_508' title='bbox 2259 4134 2348 4188; x_wconf 88' lang='lat' dir='ltr'><strong>&#39;Ev</strong></span> <span class='ocrx_word' id='word_1_509' title='bbox 2384 4133 2466 4205; x_wconf 82' lang='grc' dir='ltr'>τῷ</span> <span class='ocrx_word' id='word_1_510' title='bbox 2490 4135 2630 4203; x_wconf 74' lang='grc' dir='ltr'><strong>φωτ)⁵</strong></span> <span class='ocrx_word' id='word_1_511' title='bbox 2663 4135 2852 4193; x_wconf 84' lang='grc' dir='ltr'>αὑτοῦ.</span> 
     </span>
    </p>
   </div>
   <div class='ocr_carea' id='block_1_89' title="bbox 2125 4223 3638 4297">
    <p class='ocr_par' dir='ltr' id='par_1_89' title="bbox 2125 4223 3638 4297">
     <span class='ocr_line' id='line_1_89' title="bbox 2125 4223 3638 4297; baseline -0.002 -19"><span class='ocrx_word' id='word_1_512' title='bbox 2125 4223 2216 4278; x_wconf 81' lang='grc'><strong>55.</strong></span> <span class='ocrx_word' id='word_1_513' title='bbox 2250 4225 2362 4278; x_wconf 83' lang='lat' dir='ltr'><strong>Kal</strong></span> <span class='ocrx_word' id='word_1_514' title='bbox 2425 4223 2554 4295; x_wconf 83' lang='grc' dir='ltr'>ὅλην</span> <span class='ocrx_word' id='word_1_515' title='bbox 2604 4224 2704 4296; x_wconf 74' lang='grc' dir='ltr'><strong>τὴν</strong></span> <span class='ocrx_word' id='word_1_516' title='bbox 2745 4224 3026 4296; x_wconf 78' lang='grc' dir='ltr'>σκοτεινὴν</span> <span class='ocrx_word' id='word_1_517' title='bbox 3082 4225 3156 4296; x_wconf 68' lang='grc'><strong>(4)</strong></span> <span class='ocrx_word' id='word_1_518' title='bbox 3206 4225 3307 4297; x_wconf 79' lang='grc' dir='ltr'>τὴν</span> <span class='ocrx_word' id='word_1_519' title='bbox 3359 4223 3638 4296; x_wconf 78' lang='grc' dir='ltr'>προτέραν</span> 
     </span>
    </p>
   </div>
   <div class='ocr_carea' id='block_1_90' title="bbox 2050 4313 3643 4388">
    <p class='ocr_par' dir='ltr' id='par_1_90' title="bbox 2050 4313 3643 4388">
     <span class='ocr_line' id='line_1_90' title="bbox 2050 4313 3643 4388; baseline 0 -20"><span class='ocrx_word' id='word_1_520' title='bbox 2050 4315 2232 4369; x_wconf 82' lang='grc' dir='ltr'>αὐτῶν</span> <span class='ocrx_word' id='word_1_521' title='bbox 2262 4317 2608 4388; x_wconf 82' lang='grc' dir='ltr'>ἀναστροφὴν</span> <span class='ocrx_word' id='word_1_522' title='bbox 2643 4316 2966 4388; x_wconf 77' lang='grc' dir='ltr'>μεταϐαλὼν</span> <span class='ocrx_word' id='word_1_523' title='bbox 2985 4356 3000 4380; x_wconf 86' lang='grc'><strong><em>,</em></strong></span> <span class='ocrx_word' id='word_1_524' title='bbox 3037 4320 3094 4371; x_wconf 89' lang='grc' dir='ltr'><strong>ἐν</strong></span> <span class='ocrx_word' id='word_1_525' title='bbox 3132 4317 3206 4382; x_wconf 78' lang='grc' dir='ltr'><strong>τῷ</strong></span> <span class='ocrx_word' id='word_1_526' title='bbox 3237 4313 3506 4385; x_wconf 74' lang='grc' dir='ltr'>φωτισμῷ</span> <span class='ocrx_word' id='word_1_527' title='bbox 3538 4315 3643 4385; x_wconf 79' lang='grc' dir='ltr'>τῆς</span> 
     </span>
    </p>
   </div>
   <div class='ocr_carea' id='block_1_91' title="bbox 2051 4407 3006 4480">
    <p class='ocr_par' dir='ltr' id='par_1_91' title="bbox 2051 4407 3006 4480">
     <span class='ocr_line' id='line_1_91' title="bbox 2051 4407 3006 4480; baseline -0.003 -19"><span class='ocrx_word' id='word_1_528' title='bbox 2051 4407 2272 4480; x_wconf 87' lang='grc' dir='ltr'>χάριτος</span> <span class='ocrx_word' id='word_1_529' title='bbox 2300 4408 2465 4461; x_wconf 81' lang='grc' dir='ltr'>αὑτοῦ</span> <span class='ocrx_word' id='word_1_530' title='bbox 2491 4408 2776 4479; x_wconf 83' lang='grc' dir='ltr'>ὡδήγησεν</span> <span class='ocrx_word' id='word_1_531' title='bbox 2807 4407 3006 4468; x_wconf 83' lang='grc' dir='ltr'>αύτούς</span> 
     </span>
    </p>
   </div>
   <div class='ocr_carea' id='block_1_92' title="bbox 2123 4495 3494 4590">
    <p class='ocr_par' dir='ltr' id='par_1_92' title="bbox 2123 4495 3494 4590">
     <span class='ocr_line' id='line_1_92' title="bbox 2123 4495 3494 4590; baseline -0.003 -36"><span class='ocrx_word' id='word_1_532' title='bbox 2123 4500 2212 4554; x_wconf 86' lang='grc'><strong>56.</strong></span> <span class='ocrx_word' id='word_1_533' title='bbox 2241 4500 2352 4572; x_wconf 80' lang='grc' dir='ltr'><strong>Τὴν</strong></span> <span class='ocrx_word' id='word_1_534' title='bbox 2373 4499 2613 4571; x_wconf 75' lang='grc' dir='ltr'>πλευρὰν</span> <span class='ocrx_word' id='word_1_535' title='bbox 2639 4499 2804 4554; x_wconf 82' lang='grc' dir='ltr'>αὑτοῦ</span> <span class='ocrx_word' id='word_1_536' title='bbox 2826 4501 2884 4552; x_wconf 82' lang='grc' dir='ltr'><strong>ἐν</strong></span> <span class='ocrx_word' id='word_1_537' title='bbox 2907 4497 2986 4568; x_wconf 76' lang='grc' dir='ltr'>τῷ</span> <span class='ocrx_word' id='word_1_538' title='bbox 3017 4495 3494 4590; x_wconf 40' lang='grc' dir='ltr'>κόσμῳκδιήννοιξε.</span> 
     </span>
    </p>
   </div>
   <div class='ocr_carea' id='block_1_93' title="bbox 2123 4567 3646 4670">
    <p class='ocr_par' dir='ltr' id='par_1_93' title="bbox 2123 4567 3646 4670">
     <span class='ocr_line' id='line_1_93' title="bbox 2123 4567 3646 4670; baseline -0.005 -17"><span class='ocrx_word' id='word_1_539' title='bbox 2123 4599 2212 4653; x_wconf 84' lang='grc'><strong>57.</strong></span> <span class='ocrx_word' id='word_1_540' title='bbox 2241 4567 2340 4651; x_wconf 63' lang='grc' dir='ltr'>Δια</span> <span class='ocrx_word' id='word_1_541' title='bbox 2366 4596 2461 4650; x_wconf 92' lang='grc' dir='ltr'><strong>τοῦ</strong></span> <span class='ocrx_word' id='word_1_542' title='bbox 2499 4567 2731 4670; x_wconf 82' lang='grc' dir='ltr'>αἵματος</span> <span class='ocrx_word' id='word_1_543' title='bbox 2768 4595 2934 4651; x_wconf 83' lang='grc' dir='ltr'>αὐτοῦ</span> <span class='ocrx_word' id='word_1_544' title='bbox 2961 4567 3179 4648; x_wconf 82' lang='grc' dir='ltr'>ἐπότισε</span> <span class='ocrx_word' id='word_1_545' title='bbox 3316 4567 3646 4648; x_wconf 47' lang='lat' dir='ltr'><strong>“£3.6th-</strong></span> 
     </span>
    </p>
   </div>
   <div class='ocr_carea' id='block_1_94' title="bbox 2058 4688 2416 4762">
    <p class='ocr_par' dir='ltr' id='par_1_94' title="bbox 2058 4688 2416 4762">
     <span class='ocr_line' id='line_1_94' title="bbox 2058 4688 2416 4762; baseline -0.003 -19"><span class='ocrx_word' id='word_1_546' title='bbox 2058 4707 2202 4762; x_wconf 71' lang='grc' dir='ltr'>ματα</span> <span class='ocrx_word' id='word_1_547' title='bbox 2228 4688 2416 4743; x_wconf 83' lang='grc' dir='ltr'>αὑτοῦ.</span> 
     </span>
    </p>
   </div>
   <div class='ocr_carea' id='block_1_95' title="bbox 2125 4778 3270 4854">
    <p class='ocr_par' dir='ltr' id='par_1_95' title="bbox 2125 4778 3270 4854">
     <span class='ocr_line' id='line_1_95' title="bbox 2125 4778 3270 4854; baseline -0.002 -19"><span class='ocrx_word' id='word_1_548' title='bbox 2125 4781 2211 4835; x_wconf 82' lang='grc'><strong>58.</strong></span> <span class='ocrx_word' id='word_1_549' title='bbox 2261 4781 2356 4834; x_wconf 86' lang='grc' dir='ltr'>Ἐκ</span> <span class='ocrx_word' id='word_1_550' title='bbox 2403 4783 2506 4853; x_wconf 81' lang='grc' dir='ltr'>τῆς</span> <span class='ocrx_word' id='word_1_551' title='bbox 2533 4780 2778 4854; x_wconf 79' lang='grc' dir='ltr'>πλευρᾶς</span> <span class='ocrx_word' id='word_1_552' title='bbox 2812 4778 3002 4833; x_wconf 80' lang='grc' dir='ltr'>αὐτοῦ.</span> <span class='ocrx_word' id='word_1_553' title='bbox 3261 4815 3270 4820; x_wconf 62' lang='grc' dir='ltr'><em>υ</em></span> 
     </span>
    </p>
   </div>
   <div class='ocr_carea' id='block_1_96' title="bbox 2128 4870 3645 4946">
    <p class='ocr_par' dir='ltr' id='par_1_96' title="bbox 2128 4870 3645 4946">
     <span class='ocr_line' id='line_1_96' title="bbox 2128 4870 3645 4946; baseline -0.003 -18"><span class='ocrx_word' id='word_1_554' title='bbox 2128 4875 2216 4928; x_wconf 86' lang='grc'><strong>59.</strong></span> <span class='ocrx_word' id='word_1_555' title='bbox 2245 4874 2354 4926; x_wconf 88' lang='lat' dir='ltr'><strong>Kal</strong></span> <span class='ocrx_word' id='word_1_556' title='bbox 2379 4875 2437 4928; x_wconf 91' lang='grc' dir='ltr'><strong>ἐν</strong></span> <span class='ocrx_word' id='word_1_557' title='bbox 2470 4874 2619 4946; x_wconf 81' lang='grc' dir='ltr'>αύτῷ</span> <span class='ocrx_word' id='word_1_558' title='bbox 2647 4873 2725 4945; x_wconf 82' lang='grc' dir='ltr'>τῷ</span> <span class='ocrx_word' id='word_1_559' title='bbox 2752 4873 2906 4927; x_wconf 85' lang='grc' dir='ltr'>ῦδατι</span> <span class='ocrx_word' id='word_1_560' title='bbox 2939 4872 3016 4944; x_wconf 80' lang='grc' dir='ltr'><strong>τῷ</strong></span> <span class='ocrx_word' id='word_1_561' title='bbox 3043 4874 3107 4926; x_wconf 86' lang='grc' dir='ltr'><strong>ἐκ</strong></span> <span class='ocrx_word' id='word_1_562' title='bbox 3137 4871 3238 4943; x_wconf 84' lang='grc' dir='ltr'>τῆς</span> <span class='ocrx_word' id='word_1_563' title='bbox 3268 4870 3511 4943; x_wconf 77' lang='grc' dir='ltr'>πλευρᾶς</span> <span class='ocrx_word' id='word_1_564' title='bbox 3540 4873 3645 4926; x_wconf 81' lang='grc' dir='ltr'>αύ-</span> 
     </span>
    </p>
   </div>
   <div class='ocr_carea' id='block_1_97' title="bbox 2053 4965 2680 5041">
    <p class='ocr_par' dir='ltr' id='par_1_97' title="bbox 2053 4965 2680 5041">
     <span class='ocr_line' id='line_1_97' title="bbox 2053 4965 2680 5041; baseline 0.006 -22"><span class='ocrx_word' id='word_1_565' title='bbox 2053 4965 2150 5020; x_wconf 90' lang='grc' dir='ltr'><strong>τοῦ</strong></span> <span class='ocrx_word' id='word_1_566' title='bbox 2185 4965 2416 5035; x_wconf 76' lang='grc' dir='ltr'>ἐφώτισε</span> <span class='ocrx_word' id='word_1_567' title='bbox 2438 4967 2508 5022; x_wconf 83' lang='grc' dir='ltr'><strong>τὰ</strong></span> <span class='ocrx_word' id='word_1_568' title='bbox 2529 4968 2680 5041; x_wconf 83' lang='grc' dir='ltr'>ἔθνη.</span> 
     </span>
    </p>
   </div>
   <div class='ocr_carea' id='block_1_98' title="bbox 2127 5057 3001 5122">
    <p class='ocr_par' dir='ltr' id='par_1_98' title="bbox 2127 5057 3001 5122">
     <span class='ocr_line' id='line_1_98' title="bbox 2127 5057 3001 5122; baseline 0 -12"><span class='ocrx_word' id='word_1_569' title='bbox 2127 5057 2216 5110; x_wconf 68' lang='grc'><strong>40.</strong></span> <span class='ocrx_word' id='word_1_570' title='bbox 2250 5059 2314 5110; x_wconf 85' lang='lat' dir='ltr'><strong>Ui.</strong></span> <span class='ocrx_word' id='word_1_571' title='bbox 2339 5057 2694 5122; x_wconf 79' lang='grc' dir='ltr'>ἀπειθοῦντες</span> <span class='ocrx_word' id='word_1_572' title='bbox 2738 5057 3001 5111; x_wconf 75' lang='grc' dir='ltr'>Ἰουδαῖοι.</span> 
     </span>
    </p>
   </div>
   <div class='ocr_carea' id='block_1_99' title="bbox 2126 5145 3583 5222">
    <p class='ocr_par' dir='ltr' id='par_1_99' title="bbox 2126 5145 3583 5222">
     <span class='ocr_line' id='line_1_99' title="bbox 2126 5145 3583 5222; baseline -0.003 -20"><span class='ocrx_word' id='word_1_573' title='bbox 2126 5149 2215 5203; x_wconf 69' lang='grc'><strong>41.</strong></span> <span class='ocrx_word' id='word_1_574' title='bbox 2263 5149 2570 5222; x_wconf 83' lang='grc' dir='ltr'>Ἑλύπησαν</span> <span class='ocrx_word' id='word_1_575' title='bbox 2600 5152 2660 5204; x_wconf 65' lang='grc' dir='ltr'>τὸ</span> <span class='ocrx_word' id='word_1_576' title='bbox 2690 5150 2915 5220; x_wconf 80' lang='grc' dir='ltr'>Πνεῦμα</span> <span class='ocrx_word' id='word_1_577' title='bbox 2934 5150 2993 5202; x_wconf 81' lang='grc' dir='ltr'>τὸ</span> <span class='ocrx_word' id='word_1_578' title='bbox 3023 5148 3178 5218; x_wconf 75' lang='grc' dir='ltr'>ἅγιον</span> <span class='ocrx_word' id='word_1_579' title='bbox 3203 5165 3261 5201; x_wconf 87' lang='grc' dir='ltr'><strong>εν</strong></span> <span class='ocrx_word' id='word_1_580' title='bbox 3293 5150 3358 5216; x_wconf 76' lang='grc' dir='ltr'>τῇ</span> <span class='ocrx_word' id='word_1_581' title='bbox 3391 5145 3583 5217; x_wconf 78' lang='grc' dir='ltr'>ἁκαρπ</span> 
     </span>
    </p>
   </div>
   <div class='ocr_carea' id='block_1_100' title="bbox 2057 5241 2586 5314">
    <p class='ocr_par' dir='ltr' id='par_1_100' title="bbox 2057 5241 2586 5314">
     <span class='ocr_line' id='line_1_100' title="bbox 2057 5241 2586 5314; baseline 0.006 -19"><span class='ocrx_word' id='word_1_582' title='bbox 2057 5241 2156 5313; x_wconf 77' lang='grc' dir='ltr'>τῆς</span> <span class='ocrx_word' id='word_1_583' title='bbox 2181 5242 2359 5314; x_wconf 73' lang='grc' dir='ltr'>ψυχῆς</span> <span class='ocrx_word' id='word_1_584' title='bbox 2387 5243 2586 5298; x_wconf 81' lang='grc' dir='ltr'>αὐτῶν.</span> 
     </span>
    </p>
   </div>
   <div class='ocr_carea' id='block_1_101' title="bbox 2131 5329 3501 5407">
    <p class='ocr_par' dir='ltr' id='par_1_101' title="bbox 2131 5329 3501 5407">
     <span class='ocr_line' id='line_1_101' title="bbox 2131 5329 3501 5407; baseline 0.001 -19"><span class='ocrx_word' id='word_1_585' title='bbox 2131 5335 2214 5390; x_wconf 71' lang='grc' dir='ltr'>ιε.</span> <span class='ocrx_word' id='word_1_586' title='bbox 2246 5336 2350 5389; x_wconf 87' lang='grc' dir='ltr'><strong>Τὸν</strong></span> <span class='ocrx_word' id='word_1_587' title='bbox 2379 5337 2506 5391; x_wconf 81' lang='grc' dir='ltr'>Υίὸν</span> <span class='ocrx_word' id='word_1_588' title='bbox 2534 5337 2629 5390; x_wconf 88' lang='grc' dir='ltr'><strong>τοῦ</strong></span> <span class='ocrx_word' id='word_1_589' title='bbox 2660 5335 2794 5390; x_wconf 86' lang='grc' dir='ltr'>Θεοῦ</span> <span class='ocrx_word' id='word_1_590' title='bbox 2829 5337 2888 5390; x_wconf 82' lang='grc' dir='ltr'><strong>ἐν</strong></span> <span class='ocrx_word' id='word_1_591' title='bbox 2909 5337 2974 5407; x_wconf 78' lang='grc' dir='ltr'>τῇ</span> <span class='ocrx_word' id='word_1_592' title='bbox 3007 5329 3280 5406; x_wconf 77' lang='grc' dir='ltr'>παρουσίᾳ</span> <span class='ocrx_word' id='word_1_593' title='bbox 3309 5329 3501 5388; x_wconf 75' lang='grc' dir='ltr'>αυτοῦ.</span> 
     </span>
    </p>
   </div>
   <div class='ocr_carea' id='block_1_102' title="bbox 1320 5462 2656 5550">
    <p class='ocr_par' dir='ltr' id='par_1_102' title="bbox 1320 5462 2656 5550">
     <span class='ocr_line' id='line_1_102' title="bbox 1320 5462 2656 5550; baseline 0.01 -26"><span class='ocrx_word' id='word_1_594' title='bbox 1320 5462 1633 5526; x_wconf 80' lang='lat' dir='ltr'><strong>Addenda</strong></span> <span class='ocrx_word' id='word_1_595' title='bbox 1665 5472 1725 5526; x_wconf 91' lang='lat' dir='ltr'><strong>et</strong></span> <span class='ocrx_word' id='word_1_596' title='bbox 1754 5469 2130 5550; x_wconf 83' lang='lat' dir='ltr'><strong>corrigenda</strong></span> <span class='ocrx_word' id='word_1_597' title='bbox 2165 5491 2243 5536; x_wconf 84' lang='lat' dir='ltr'><strong>ex</strong></span> <span class='ocrx_word' id='word_1_598' title='bbox 2277 5476 2418 5538; x_wconf 91' lang='lat' dir='ltr'><strong>cod.</strong></span> <span class='ocrx_word' id='word_1_599' title='bbox 2453 5475 2656 5538; x_wconf 84' lang='lat' dir='ltr'><strong>Vatic.</strong></span> 
     </span>
    </p>
   </div>
   <div class='ocr_carea' id='block_1_103' title="bbox 434 5588 1571 5665">
    <p class='ocr_par' dir='ltr' id='par_1_103' title="bbox 434 5588 1571 5665">
     <span class='ocr_line' id='line_1_103' title="bbox 434 5588 1571 5665; baseline 0.005 -22"><span class='ocrx_word' id='word_1_600' title='bbox 434 5588 509 5665; x_wconf 63' lang='grc'><strong>(1)</strong></span> <span class='ocrx_word' id='word_1_601' title='bbox 539 5588 617 5665; x_wconf 60' lang='grc' dir='ltr'><strong>Τῇ</strong></span> <span class='ocrx_word' id='word_1_602' title='bbox 645 5593 716 5663; x_wconf 79' lang='grc' dir='ltr'>γῇ</span> <span class='ocrx_word' id='word_1_603' title='bbox 739 5593 828 5663; x_wconf 82' lang='grc' dir='ltr'><strong>τῇ,</strong></span> <span class='ocrx_word' id='word_1_604' title='bbox 859 5600 989 5665; x_wconf 83' lang='lat' dir='ltr'><strong>etc.,</strong></span> <span class='ocrx_word' id='word_1_605' title='bbox 1022 5610 1146 5647; x_wconf 81' lang='lat' dir='ltr'><strong>mox</strong></span> <span class='ocrx_word' id='word_1_606' title='bbox 1180 5593 1571 5665; x_wconf 80' lang='grc' dir='ltr'>ἐντελλόμενοι.</span> 
     </span>
    </p>
   </div>
   <div class='ocr_carea' id='block_1_104' title="bbox 366 5657 1944 5786">
    <p class='ocr_par' dir='ltr' id='par_1_104' title="bbox 366 5657 1944 5786">
     <span class='ocr_line' id='line_1_104' title="bbox 431 5657 1944 5783; baseline 0.008 -72"><span class='ocrx_word' id='word_1_607' title='bbox 431 5659 516 5783; x_wconf 46' lang='grc' dir='ltr'><strong>ἐξ)</strong></span> <span class='ocrx_word' id='word_1_608' title='bbox 542 5657 924 5733; x_wconf 73' lang='lat' dir='ltr'><strong>interpretatio</strong></span> <span class='ocrx_word' id='word_1_609' title='bbox 972 5666 1134 5731; x_wconf 83' lang='lat' dir='ltr'><strong>hujus</strong></span> <span class='ocrx_word' id='word_1_610' title='bbox 1174 5665 1312 5718; x_wconf 67' lang='lat' dir='ltr'><strong>vet‘s.</strong></span> <span class='ocrx_word' id='word_1_611' title='bbox 1342 5657 1530 5736; x_wconf 58' lang='lat' dir='ltr'><strong>incipit</strong></span> <span class='ocrx_word' id='word_1_612' title='bbox 1561 5684 1589 5720; x_wconf 86' lang='lat' dir='ltr'><strong>a</strong></span> <span class='ocrx_word' id='word_1_613' title='bbox 1621 5667 1787 5723; x_wconf 86' lang='lat' dir='ltr'><strong>verbo</strong></span> <span class='ocrx_word' id='word_1_614' title='bbox 1808 5669 1944 5722; x_wconf 82' lang='grc' dir='ltr'>παύ-</span> 
     </span>
     <span class='ocr_line' id='line_1_105' title="bbox 366 5744 637 5786; baseline 0.011 -3"><span class='ocrx_word' id='word_1_615' title='bbox 366 5745 424 5783; x_wconf 81' lang='grc' dir='ltr'><strong>σε</strong></span> <span class='ocrx_word' id='word_1_616' title='bbox 497 5747 574 5786; x_wconf 86' lang='grc' dir='ltr'>αι.</span> <span class='ocrx_word' id='word_1_617' title='bbox 603 5744 637 5764; x_wconf 81' lang='grc'><em>⁴</em></span> 
     </span>
    </p>
   </div>
   <div class='ocr_carea' id='block_1_105' title="bbox 2132 5603 2564 5675">
    <p class='ocr_par' dir='ltr' id='par_1_105' title="bbox 2132 5603 2564 5675">
     <span class='ocr_line' id='line_1_106' title="bbox 2132 5603 2564 5675; baseline 0.005 -18"><span class='ocrx_word' id='word_1_618' title='bbox 2132 5603 2207 5674; x_wconf 85' lang='grc'><strong>(5)</strong></span> <span class='ocrx_word' id='word_1_619' title='bbox 2246 5603 2398 5658; x_wconf 81' lang='grc' dir='ltr'>Νικὼ</span> <span class='ocrx_word' id='word_1_620' title='bbox 2406 5621 2564 5675; x_wconf 88' lang='grc' dir='ltr'>μενα.</span> 
     </span>
    </p>
   </div>
   <div class='ocr_carea' id='block_1_106' title="bbox 2132 5673 3298 5747">
    <p class='ocr_par' dir='ltr' id='par_1_106' title="bbox 2132 5673 3298 5747">
     <span class='ocr_line' id='line_1_107' title="bbox 2132 5673 3298 5747; baseline -0.003 -21"><span class='ocrx_word' id='word_1_621' title='bbox 2237 5675 2348 5746; x_wconf 75' lang='grc' dir='ltr'><strong>Τὴν</strong></span> <span class='ocrx_word' id='word_1_622' title='bbox 2366 5673 2625 5747; x_wconf 72' lang='grc' dir='ltr'>σκοτίαν,</span> <span class='ocrx_word' id='word_1_623' title='bbox 2643 5673 2712 5747; x_wconf 77' lang='grc' dir='ltr'>ἢν</span> <span class='ocrx_word' id='word_1_624' title='bbox 2736 5675 2835 5747; x_wconf 75' lang='grc' dir='ltr'>τὴν</span> <span class='ocrx_word' id='word_1_625' title='bbox 2863 5674 3160 5746; x_wconf 81' lang='grc' dir='ltr'>προτέραν,</span> <span class='ocrx_word' id='word_1_626' title='bbox 3190 5676 3298 5725; x_wconf 88' lang='lat' dir='ltr'><strong>etc.</strong></span> 
     </span>
    </p>
   </div>
   <div class='ocr_carea' id='block_1_107' title="bbox 2128 5745 2903 5815">
    <p class='ocr_par' dir='ltr' id='par_1_107' title="bbox 2128 5745 2903 5815">
     <span class='ocr_line' id='line_1_108' title="bbox 2128 5745 2903 5815; baseline 0.004 -17"><span class='ocrx_word' id='word_1_627' title='bbox 2128 5745 2204 5815; x_wconf 74' lang='grc' dir='ltr'><strong>(ὅ)</strong></span> <span class='ocrx_word' id='word_1_628' title='bbox 2248 5745 2525 5798; x_wconf 64' lang='grc' dir='ltr'>Ἑπύτισεν</span> <span class='ocrx_word' id='word_1_629' title='bbox 2553 5745 2770 5810; x_wconf 74' lang='grc' dir='ltr'>αὐτούς,</span> <span class='ocrx_word' id='word_1_630' title='bbox 2792 5745 2903 5801; x_wconf 69' lang='lat' dir='ltr'><strong>etc.</strong></span> 
     </span>
    </p>
   </div>
  </div>
