3776 6280
178 277 297 336 975

257 392 354 447 43.
378 387 487 444 Τοῦ
509 386 728 459 αἰτῆσαι
755 383 1018 459 βρώματα
1045 388 1166 450 ταῖς
1187 384 1385 457 ψυχαῖς
1417 383 1617 439 αὐτῶν.

256 481 463 560 44._(a)
494 481 605 534 Kal
628 478 1005 549 κατελάλησαν
1034 477 1128 531 τοῦ
1155 477 1290 530 Θεοῦ
1312 493 1325 506 ο

257 575 351 629 45.
389 571 509 626 Κᾶν
539 569 727 626 εἷπον⁶
778 571 870 642 Μὴ
915 569 1200 642 δυνήσεται
1229 571 1256 622 ὁ
1306 567 1436 632 Θεὸς
1486 567 1768 638 ἑτοιμάσαι

193 664 468 739 τράπεζαν
491 667 547 717 ὲν
587 664 778 735 ἐρήμῳ
804 679 819 728 ;

255 757 349 813 46.
400 757 553 810 Ἐπεὶ
577 756 816 822 ἐπάταξε
845 754 1073 827 πέτραν,
1103 756 1197 809 καὶ
1227 754 1502 826 ὲρῤύησαν
1530 754 1715 810 ὕδατα.

255 849 348 901 47.
384 846 497 900 Kal
520 843 812 917 χείμαρῤοι
842 845 1308 917 κατεκλύσθησαν.

252 939 348 994 48.
383 939 476 1012 Μὴ
506 939 602 992 καὶ
627 938 789 1010 ἄρτον
819 932 1040 991 δύναται
1073 937 1289 1004 δοῦναις

256 1029 350 1084 49.
387 1030 458 1081 Ἦ
495 1029 780 1098 ἑτοιμάσαι
809 1029 1088 1100 τράπεζαν
1112 1028 1189 1100 τῷ
1220 1027 1334 1099 λαῷ
1365 1028 1530 1083 αὑτοῦ
1556 1048 1570 1096 ;

259 1119 352 1174 50.
385 1119 486 1173 Διὰ
519 1121 675 1174 τοῦτο
702 1121 899 1191 ἢκουσε
927 1120 1152 1194 Κύριος,
1189 1121 1282 1174 καὶ
1308 1121 1626 1175 ἀνεϐάλετο·

261 1211 352 1267 51.
382 1213 492 1264 Kal
514 1211 626 1282 πῦρ
656 1211 874 1283 ἀνήφθη
912 1213 968 1264 ὲν
1013 1211 1226 1266 Ἰακώϐ.

258 1298 352 1357 59..
389 1303 500 1355 Kal
528 1303 666 1374 ὀργὴ
699 1303 868 1374 ἀνέϐη
903 1304 994 1357 ἐπὶ
1019 1304 1108 1357 τὸν
1155 1303 1386 1377 Ἰσραήλ.

264 1396 354 1451 55.
385 1397 508 1449 Ὅτι
532 1397 633 1449 οὐκ
656 1395 982 1451 ἐπίστευσαν
1011 1397 1067 1449 ἐν
1106 1395 1179 1466 (b)
1206 1395 1284 1466 τῷ
1317 1394 1453 1465 Θεῷ.

265 1487 356 1542 54.
397 1488 533 1542 Οὐδὲ
565 1488 800 1560 ἡλπισαν
823 1483 916 1541 ἐπὶ
939 1489 1000 1541 τὸ
1035 1490 1298 1560 σωτήριον
1334 1487 1518 1540 αὑτοῦ.

261 1577 356 1633 55.
383 1580 496 1631 Kal
521 1578 824 1632 ἐνετείλατο
849 1579 1100 1649 νεφέλαις
1134 1578 1481 1651 ὑπεράνωθεν
1503 1596 1514 1608 ·

261 1669 353 1726 56.
382 1671 493 1724 Kal
522 1670 690 1742 θύρας
720 1671 951 1743 ούρανοῦ
982 1671 1204 1742 ἀνέῳξε.

263 1761 356 1817 57.
397 1763 510 1816 Kal
548 1761 766 1834 ἔϐρεξεν
797 1763 978 1827 αὐτοῖς
1011 1763 1184 1834 μάννα
1233 1766 1425 1833 φαγεῖν
1447 1779 1458 1792 ο

264 1853 354 1908 58.
387 1853 502 1908 Kal
534 1853 698 1926 ἄρτον
729 1854 962 1926 οὐρανοῦ
989 1851 1190 1908 ἔδωκεν
1219 1857 1424 1917 αὐτοῖς.

265 1946 355 2002 59.
385 1947 582 2019 Ἀρτον
611 1947 856 2017 ἀγγέλων
897 1946 1097 2018 ἔφαγεν
1123 1948 1436 2019 ἄνθρωπος’

295 2157 346 2229 b)
391 2158 532 2211 Ἐπί.
559 2157 615 2214 In
641 2174 818 2229 marg.
847 2159 925 2210 ὲν.

1043 268 1134 324 DE
1172 267 1446 326 TITULIS
1483 267 1938 326 PSALMORUH.
1983 299 2052 315 -
2087 269 2286 326 PSAL.
2328 267 2594 326 LXXVII.

3347 265 3457 325 974

1792 394 1842 452 Α
1939 386 2026 442 43.
2060 387 2194 442 Cum
2225 396 2468 457 peterent
2491 401 2646 441 escas
2674 383 2963 442 animabus
2994 387 3130 445 suis.
3181 432 3184 434 η

1939 481 2028 534 44.
2058 479 2122 534 Et
2156 481 2296 534 male
2329 480 2492 534 locuti
2530 490 2659 534 sunt
2681 479 2747 533 de
2777 477 2922 534 Deo:

1940 572 2030 628 45.
2068 571 2136 628 Et
2173 574 2432 628 dixerunt
2469 588 2482 624 ε
2531 571 2786 642 Nunquid
2832 572 3029 643 poterit
3071 571 3214 629 Deus
3259 588 3460 644 parare

1871 679 2114 719 mensam
2145 665 2198 718 in
2227 665 2477 720 deserto?

1944 754 2033 809 46.
2066 753 2335 822 Quoniam
2365 756 2630 828 percussit
2659 766 2865 827 petram
2882 766 2932 813 el
2960 757 3235 814 ﬂuxerunt
3259 773 3418 830 aqua!
3445 777 3458 791 ο

1943 846 2032 901 47.
2067 845 2133 902 Et
2156 857 2426 904 torrentes
2451 849 2875 904 inundavernnt.

1943 936 2033 991 48.
2060 936 2317 1008 Nunquid
2351 949 2405 994 et
2427 954 2620 1009 panem
2645 939 2843 1009 poterit
2867 940 3035 994 dare?

1943 1026 2033 1082 49.
2061 1029 2168 1082 Aut
2201 1045 2394 1099 parare
2425 1045 2668 1086 mensam
2697 1031 2897 1100 populo
2921 1031 3067 1086 suo!

1943 1119 2034 1175 50.
2065 1119 2188 1175 Ideo
2214 1120 2420 1176 audivit
2445 1119 2710 1176 Dominus
2737 1132 2791 1176 et
2813 1123 3022 1178 distulit
3047 1143 3062 1191 ;

1947 1211 2036 1266 51.
2069 1211 2132 1266 Et
2158 1212 2298 1282 ignis
2324 1227 2591 1268 accensus
2626 1223 2709 1268 est
2738 1213 2791 1267 in
2813 1211 2982 1270 Jacub
3008 1233 3021 1268 :

1945 1303 2036 1358 5‘2.
2073 1301 2142 1357 Et
2177 1304 2258 1359 ira
2289 1305 2537 1359 ascendit
2559 1305 2613 1358 in
2644 1303 2830 1361 Israel.

1947 1393 2035 1449 55.
2070 1392 2209 1460 Quia
2238 1409 2347 1448 non
2382 1395 2733 1450 crediderunt
2764 1398 2817 1450 in
2847 1395 2956 1452 Deo
2982 1416 2994 1451 :

1951 1485 2038 1539 54.
2072 1483 2183 1540 Nec
2205 1495 2565 1556 speraverunt
2601 1488 2653 1541 in
2687 1489 2912 1542 salutari
2937 1490 3078 1559 ejus.

1944 1575 2032 1630 55.
2062 1575 2129 1630 Et
2159 1577 2437 1631 mandavit
2464 1579 2703 1633 nubibus
2735 1578 2999 1650 desuper:

1952 1668 2037 1722 56.
2074 1669 2138 1724 Et
2161 1669 2360 1739 januas
2389 1671 2514 1726 caeli
2541 1672 2770 1740 aperuit.

1811 1763 1851 1817 Β
1952 1763 2040 1817 57.
2080 1762 2144 1817 Et
2173 1764 2310 1833 pluit
2337 1763 2444 1819 illis
2473 1779 2673 1818 manna
2696 1765 2762 1818 ad
2793 1765 3236 1821 manducandum

1952 1854 2038 1908 58.
2073 1854 2139 1908 Et
2164 1871 2357 1925 panem
2387 1856 2511 1911 caeli
2541 1857 2687 1911 dedit
2717 1857 2817 1911 eis.
2899 1908 2902 1910 .

1950 1948 2041 2003 59.
2079 1947 2282 2003 Panem
2313 1949 2632 2019 angelorum
2666 1950 3017 2006 manducavit
3039 1951 3240 2008 homo:

265 2083 346 2229 (a3
371 2085 527 2142 Vers.
546 2087 635 2142 44.
667 2087 799 2152 Kal,
825 2096 954 2156 etc.,
997 2104 1169 2159 usque
1200 2089 1266 2144 ad
1297 2083 1468 2142 εἷπον.
1500 2085 1562 2141 ν.
1599 2087 1686 2140 45.
1719 2089 1808 2160 Μὴ

295 2157 322 2208 b
391 2158 532 2211 Ἐπί.
559 2157 615 2214 In
641 2174 818 2229 marg.
847 2159 925 2210 ὲν.

1946 2091 2152 2162 ήσεται,
2190 2106 2294 2146 etc.

1329 2313 1702 2368 ATHANASH
1742 2307 2326 2371 INTERPRETATIO.

265 2472 357 2530 43.
404 2473 596 2545 Ἐντῷ
640 2472 718 2546 (1)
769 2472 1056 2545 ἐπιθυμεῖν
1109 2473 1302 2538 αὐτοὺς
1359 2475 1457 2537 τὰς
1507 2475 1776 2546 σαρκικὰς

191 2567 354 2624 ιπιθυ
363 2567 511 2640 μίας.
1005 2595 1008 2597 λ

266 2661 357 2716 44.
394 2662 525 2715 Ὅτε
553 2663 785 2734 ἦρχοντσ
812 2652 873 2727 ἐξ
900 2659 1194 2732 Αἰγύπτου.

267 2754 358 2811 45.
407 2755 690 2820 Ἀδύνατος
719 2755 813 2808 τοῦ
845 2754 922 2826 (2)
965 2756 1188 2826 ποιῆσαι
1227 2755 1386 2809 τοῦτο
1413 2757 1616 2826 ελεγον.

263 2847 353 2912 46,
381 2848 470 2902 47.
504 2848 576 2919 (ὅ)
613 2849 853 2947 Νόμισον
893 2850 958 2901 ὲκ
997 2849 1095 2919 τῆς
1153 2849 1358 2920 πέτρας
1409 2850 1639 2921 ἐδυνήθη
1686 2847 1776 2915 ἐξ·
1807 2890 1848 2947 C

191 2940 425 3006 αγαγεῖν
450 2937 617 3010 ὕδωρ,
653 2935 902 3005 διέξοδον,
938 2937 1140 3010 πλῆθος
1183 2939 1388 2992 ὑδάτων
1413 2955 1426 2968 °

263 3030 356 3084 48.
386 3031 480 3103 Μὴ
507 3029 563 3083 δὲ
596 3031 672 3102 (4)
713 3030 878 3103 ἄρτον
921 3031 1056 3102 ἔχει,
1085 3030 1248 3085 πόθεν
1278 3031 1411 3096 Θεὸς
1433 3029 1612 3084 δοῦναι
1633 3033 1690 3084 ὲν
1713 3033 1779 3102 τῇ

192 3121 425 3194 imitus;

265 3213 357 3270 49.
392 3215 625 3286 Ἀρτους
646 3214 742 3268 καὶ
763 3213 936 3287 κρέα;

266 3303 357 3359 50.
390 3305 489 3359 Διὰ
510 3306 672 3360 τοῦτο
702 3306 944 3371 ἀκούσας
973 3306 1152 3361 αὐτῶν
1173 3297 1294 3360 τότε
1321 3298 1350 3360 ὁ
1381 3306 1608 3378 Κύριος,
1640 3306 1781 3377 μετὰ

193 3397 371 3450 ταῦτα
402 3398 698 3470 ἑχόρτασεν
729 3400 928 3463 αὐτοὺς
968 3401 1024 3452 ὲν
1085 3400 1358 3471 παρουσία
1410 3399 1572 3452 αὑτοῦ
1625 3400 1683 3451 ὲν
1714 3401 1782 3469 τῇ

192 3491 296 3563 ὲρή
303 3509 411 3563 μῳ,
429 3493 517 3546 ὅτε
528 3495 653 3558 τοὺς
668 3484 873 3547 δώδεκα
885 3494 1136 3562 κοφίνους
1152 3489 1324 3564 [ἦραν
1340 3491 1404 3546 τὸ
1417 3491 1784 3561 περισσεῦον

195 3582 319 3636 τῶν
344 3584 731 3655 κλασμάτων,
768 3583 995 3638 δώδεκα
1019 3568 1310 3653 κοφίνους
1357 3581 1660 3654 πλήρεις],
1689 3582 1783 3636 καὶ

194 3677 293 3740 τὰς
332 3677 473 3731 ἑπτὰ
523 3678 807 3750 σπυρίδας,
846 3677 933 3732 ἴνα
974 3677 1124 3750 δείξῃ
1170 3677 1375 3744 αὐτοῖς,
1430 3677 1512 3730 ὅτι
1562 3674 1782 3728 δύναται

195 3770 488 3841 ἑτοιμάσαι
514 3769 795 3844 τράπεζαν
824 3771 884 3824 ὲν
901 3772 968 3841 τῇ
996 3768 1070 3841 (5)
1102 3770 1316 3840 ἐρήμῳ.

266 3861 360 3918 51.
396 3863 509 3918 Kal
566 3862 875 3935 θυμωθεὶς,
925 3864 1005 3926 εἰς
1043 3861 1356 3932 ἀφανισμὸν
1419 3859 1622 3915 ἔδωκεν
1685 3858 1782 3911 αὐ-

199 3954 323 4019 τούς
352 3955 449 4025 (6).

267 4047 359 4103 52.
388 4047 499 4100 Kal
519 4044 830 4117 κατέφαγεν
863 4043 1065 4117 πλῆθος
1092 4043 1150 4112 ἐξ
1170 4043 1374 4099 αὐτῶν.

271 4139 360 4204 55,
388 4139 476 4196 54.
503 4140 626 4194 Ὀτι
651 4138 773 4192 οὔτε
801 4139 862 4193 τὸ
893 4139 1155 4210 πρότερον
1176 4137 1300 4191 οὔτε
1319 4138 1376 4191 ὲν
1407 4139 1472 4210 τῇ
1509 4137 1781 4210 παρουσία

200 4226 368 4281 αὑτοῦ
401 4232 726 4288 ὶπίστευσαν
751 4231 830 4303 τῷ
858 4231 973 4302 Υἱῷ
1004 4231 1097 4284 τοῦ
1135 4230 1292 4285 Θεοῦ.

272 4313 360 4368 55.
393 4315 517 4378 Τοῖς
567 4320 703 4387 μετὰ
749 4320 922 4374 ταῦτα
951 4321 1256 4391 προφήταις
1292 4322 1404 4383 τοῖς
1457 4314 1581 4392 [οἷς]
1622 4338 1780 4392 περι-

201 4406 417 4472 έλαϐον,
462 4409 661 4480 μηκέτι
691 4409 768 4482 (7)
802 4414 986 4476 αὐτοῖς
1023 4410 1322 4483 λαληθῆναι
1363 4411 1455 4465 τὸν
1497 4411 1653 4479 λόγον
1682 4412 1782 4484 τῆς

195 4501 370 4572 ζωῆς.

275 4591 364 4646 56.
390 4592 529 4657 Τοὺς
566 4593 917 4663 ἀποστόλους,
943 4597 1010 4652 δι’
1043 4591 1119 4653 ὧν
1164 4595 1398 4669 ἀνέῳξεν
1439 4595 1516 4670 (8)
1541 4637 1558 4662 ,
1600 4596 1781 4670 εἰσέρ-

203 4700 392 4756 χονται
418 4686 499 4749 εἰς
521 4687 786 4757 οὐρανοὺς
821 4689 872 4742 οἱ
900 4690 1103 4746 πιστοί.

273 4775 365 4830 57.
395 4777 498 4830 Τὸν
527 4777 655 4833 Υῑὸν
680 4781 846 4834 αὐτοῦ
873 4781 1258 4848 ἐξαπέστειλεν
1290 4782 1497 4847 αὐτοῖς.

276 4869 365 4924 58.
382 4870 485 4924 Τὸν
502 4871 664 4926 αὑτὸν
681 4873 884 4945 Κύριον
899 4874 1106 4946 Ἰησοῦν
1123 4878 1237 4940 τοῖς
1252 4873 1600 4928 πιστεύουσιν
1613 4871 1782 4944 αὐτῷ.

277 4960 366 5016 59.
391 4963 494 5015 Τὸν
542 4963 916 5028 ζωοποιοῦντα
945 4968 1074 5032 τοὺς
1115 4965 1440 5039 ἀνθρώπους
1468 4965 1546 5037 (9)
1584 4965 1786 5036 ἔφαγεν

202 5052 436 5118 ἕκαστος
459 5055 567 5108 τῶν
594 5059 957 5112 πιστευόντων
985 5057 1153 5130 αὐτῷ,
1190 5060 1273 5112 ὅτι
1302 5058 1417 5112 ἔστι
1439 5058 1594 5122 Θεός.

277 5171 324 5205 ’⁸
347 5170 538 5228 Matth.
572 5191 664 5244 xv,
693 5176 763 5232 57
786 5193 802 5245 ;
825 5175 995 5233 Marc.
1025 5192 1102 5245 v1,
1132 5177 1235 5245 45;
1263 5193 1386 5242 VIII,
1418 5176 1472 5231 8.

1953 2477 2040 2529 ιδ.
2073 2478 2206 2530 Cum
2259 2477 2361 2547 ipsi
2409 2477 2861 2547 concupiscerent
2907 2479 3152 2533 carnales
3197 2479 3457 2554 concupi-

1877 2568 2136 2623 scentias.

1950 2659 2040 2714 44.
2078 2657 2309 2724 Quando
2344 2662 2608 2711 venerunt
2636 2665 2702 2709 ex
2731 2653 2988 2726 Egypto.

1951 2751 2042 2806 45.
2080 2726 2365 2820 lmpofens'
2407 2759 2509 2816 est,
2549 2748 2835 2812 dicebant,
2869 2748 2937 2801 ad
2970 2749 3074 2802 hoc
3126 2745 3461 2804 faciendum.

1953 2837 2041 2908 46,
2077 2835 2164 2896 47.
2199 2841 2358 2905 Puta,
2385 2842 2644 2912 quoniam
2693 2857 2756 2896 ex
2804 2850 2954 2911 petra
3003 2840 3180 2909 potuit
3231 2839 3461 2895 educere

1881 2950 2076 3006 aquas,
2109 2934 2336 2995 exitum,
2368 2931 2774 2986 multitudinem
2809 2944 3112 3000 aquarum:

1946 3025 2035 3080 48.
2066 3023 2317 3094 Nunquid
2341 3034 2522 3078 autem
2546 3039 2739 3094 panem
2769 3024 2952 3086 habet,
2978 3037 3141 3093 quem
3166 3019 3310 3076 Deus
3331 3017 3462 3074 dare

1883 3117 2054 3188 possit
2085 3119 2140 3170 in
2159 3117 2419 3171 deserto?

1952 3211 2040 3264 49.
2069 3211 2266 3263 Panem
2291 3216 2344 3262 et
2366 3205 2626 3261 carnem?

1956 3303 2044 3358 50.
2074 3302 2199 3358 ideo
2225 3317 2349 3357 cum
2376 3300 2674 3356 audivisset
2687 3316 2782 3356 eos
2799 3307 2930 3357 tunc
2954 3299 3245 3367 Dominus,
3273 3311 3461 3373 postea

1883 3395 2102 3452 satiavit
2152 3395 2301 3464 ipsos
2353 3394 2408 3447 in
2465 3394 2700 3448 adventu
2751 3409 2853 3447 suo
2887 3394 2940 3448 in
2982 3391 3218 3459 deserto,
3246 3393 3465 3464 quando

1885 3486 2140 3560 [tulerunt
2171 3485 2424 3556 reliquias
2462 3485 2738 3538 duodecim
2765 3486 3014 3557 cophinos
3043 3487 3465 3557 fragmentorun:

1883 3575 2082 3645 plenos,
2106 3585 2156 3628 et
2176 3585 2370 3644 septem
2405 3584 2612 3644 sporta:
2635 3575 2725 3646 ⁸⁸],
2747 3568 2811 3630 ιιι¹
2838 3577 3149 3632 ostenderet
3187 3578 3287 3643 eis,
3317 3579 3466 3648 quod

1883 3677 2063 3739 potest
2091 3684 2288 3738 parare
2314 3681 2563 3722 mensam
2589 3670 2643 3722 in
2672 3668 2910 3722 deserto.

1955 3845 2044 3901 51.
2082 3845 2146 3900 Et
2172 3846 2346 3902 iratus
2374 3846 2429 3900 in
2461 3845 2742 3902 interitum
2777 3845 2922 3905 dedit
2947 3865 3065 3906 eos.

1955 4044 2046 4100 52.
2073 4044 2141 4101 Et
2167 4061 2234 4102 ex
2264 4047 2346 4104 eis
2377 4047 2784 4104 multitudinem
2810 4050 3107 4107 devoravit.

1954 4141 2044 4210 53,
2080 4143 2170 4198 54.
2203 4142 2472 4210 Quoniam
2509 4161 2685 4215 neque
2723 4155 2868 4213 ante,
2902 4161 3078 4202 neoue
3119 4146 3175 4200 in
3229 4147 3470 4204 adventu

1813 4243 1858 4299 Ι)
1887 4232 2062 4306 ipsius
2096 4217 2238 4290 Filio
2269 4233 2362 4290 Dei
2395 4236 2768 4291 crediderunt.

1958 4327 2048 4381 55.
2078 4325 2208 4380 Post
2232 4327 2346 4380 haec
2395 4329 2698 4412 prephetis,
2729 4342 2868 4396 quos
2911 4327 3467 4396 comprehenderunt,

1891 4434 1957 4473 ne
1983 4416 2216 4486 amplius
2238 4417 2317 4471 eis
2342 4417 2948 4485 loquerenturverbum
2971 4417 3114 4472 vitae.

1961 4593 2050 4648 56.
2085 4593 2393 4664 Apostolos,
2423 4611 2519 4664 per
2548 4609 2689 4662 quos
2730 4596 2963 4666 aperuit,
2997 4595 3142 4652 unde
3175 4596 3362 4653 ﬁdeles
3415 4597 3468 4651 in

1891 4687 2059 4742 celos
2094 4685 2486 4759 ingrediantur.

1959 4778 2048 4832 57.
2080 4775 2278 4830 Filium
2311 4791 2472 4830 suum
2505 4776 2573 4832 ad
2598 4792 2695 4832 eos
2721 4777 2890 4834 misit.

1965 4869 2051 4923 58.
2088 4866 2268 4938 Ipsum
2300 4866 2589 4923 Dominum
2625 4868 2812 4927 Jesum
2858 4872 3205 4930 credentibus
3230 4873 3289 4928 in
3318 4888 3471 4928 eum.

1961 4961 2052 5015 59.
2086 4957 2455 5013 Viviﬁcantem
2487 4961 2756 5027 homines,
2783 4964 3135 5020 manducavit
3171 4965 3472 5034 unusquis-

1895 5070 2000 5124 que
2024 5053 2361 5109 credentium
2385 5053 2457 5119 ci,
2484 5054 2632 5125 quod
2661 5066 2744 5111 est
2770 5055 2932 5114 Deus.

1158 5293 1473 5357 Addenda
1502 5299 1565 5356 et
1592 5278 1971 5371 corrigenda
2007 5293 2113 5360 ex?
2139 5291 2279 5354 cod.
2309 5292 2518 5357 Vatic.

308 5438 359 5502 l)
391 5437 487 5502 Εἰς
511 5437 596 5494 τό.

300 5438 359 5578 ἐξ
730 5511 847 5566 ἐστι
880 5509 998 5579 τοῦ,
1027 5520 1157 5575 etc.,
1180 5509 1340 5565 τοῦτο
1362 5525 1471 5566 non
1505 5507 1735 5580 legitur.'

246 5577 356 5656 2(3)
388 5577 456 5656 NI:
489 5579 578 5656 46;
620 5581 859 5656 Νόμισρν
889 5585 954 5656 ἐκ
986 5577 1215 5656 Ϊπέτραςε
1239 5581 1480 5656 ἠδυνήθη
1497 5577 1786 5649 ἐξάτασγεῖν

513 5651 601 5707 47.
633 5649 866 5718 Διέξοδοι
898 5649 1136 5724 πλήθους
1166 5649 1396 5709 ὑδάτων.

281 5668 376 5776 mf.
411 5668 476 5703 ιν.
513 5668 601 5707 41.
633 5668 866 5718 Διεςοοοι
898 5668 1136 5724 πληυους
1166 5668 1188 5707 ι]

281 5723 302 5794 (
340 5727 358 5794 )
384 5721 460 5776 At?
488 5724 584 5777 καὶ
608 5724 751 5790 Θεός
782 5739 886 5779 non
917 5726 1188 5798 leguntur.

1963 5438 2041 5580 (5)
2067 5440 2144 5512 Τῇ
2175 5441 2342 5496 deest.

1988 5511 2043 5578 6‘)
2070 5513 2278 5576 Αὐτοὺς
2303 5512 2342 5564 ἕὶ

1988 5511 2043 5578 6)
2070 5513 2278 5576 Αὐτοὺς
2303 5512 2528 5568 ἔδωκεν.

1967 5582 2047 5657 (7)
2073 5582 2201 5657 Τοῖς
2227 5583 2355 5657 περὶ
2397 5583 2656 5652 νΑγαὸον,
2689 5585 2907 5657 μηκέτι,
2931 5595 3037 5644 etc.

1996 5652 2051 5729 ξ)
2086 5652 2344 5729 ’ᾼνὲῳξεν
2397 5670 2502 5710 non
2535 5652 2762 5729 legituri
2792 5659 2872 5720 εἰς
2901 5658 3030 5729 τοὺς
3062 5657 3345 5729 οὐρανούς,
3366 5663 3472 5714 etc.

1996 5721 2050 5794 9)
2097 5721 2402 5794 Ἀγγὲλους,
2446 5735 2550 5783 etc.
2589 5721 2932 5795 Βροδιαὺτῷ
2956 5729 3051 5784 καὶ
3093 5721 3264 5796 Θεός.
