3776 6280
323 293 427 350 975

1155 285 1214 342 S.
1254 278 1624 337 ATllANASll
1662 275 1791 333 OPP

393 413 482 471 60.
505 411 722 469 Cibaria
749 409 897 466 misit
923 406 1002 463 eis
1026 405 1078 460 in
1108 402 1463 460 abundantia.

393 505 481 560 6|.
513 501 814 559 Transtulit
834 506 1080 555 austrum
1110 497 1173 550 de
1203 495 1341 550 cazlo
1369 511 1383 551 :

393 596 482 649 62.
511 592 577 648 Et
600 593 814 648 induxit
835 591 889 647 in
921 590 1117 644 virtute
1145 601 1243 642 sua
1271 584 1521 639 africum.

393 691 480 745 63.
510 689 576 744 Et
603 688 738 758 pluit
765 702 929 758 super
959 700 1054 739 eos
1076 684 1220 740 sicut
1251 682 1526 751 pulverem
1551 693 1744 730 carnes
1775 694 1785 728 :

392 784 480 837 64.
518 783 584 836 Et
613 781 756 836 sicut
776 793 996 834 arenam
1026 775 1194 830 maris
1223 773 1464 827 volatilia
1489 779 1751 841 pennata.

394 877 482 932 65.
515 873 583 928 Et
607 871 920 928 ceciderunt
945 869 998 922 in
1033 867 1210 923 medio
1237 873 1547 921 castrorum
1576 877 1791 922 eorum,

389 968 477 1024 66.
505 967 662 1022 Circa
695 961 1048 1018 tabernacula
1072 974 1290 1014 eorum.

390 1058 480 1112 67.
510 1056 578 1111 Et
598 1053 1063 1110 manducaverunt
1086 1060 1140 1105 et
1165 1047 1398 1106 saturati
1433 1052 1563 1102 sunt
1589 1043 1752 1100 nimis
1777 1062 1790 1098 :

395 1147 484 1203 68.
514 1145 581 1200 Et
615 1142 944 1200 desiderium
981 1156 1167 1195 eorum
1204 1137 1389 1194 attulit
1420 1137 1540 1191 eis:

396 1237 485 1292 69.
515 1234 631 1290 Non
659 1241 786 1292 sunt
809 1229 1041 1287 fraudati
1068 1245 1098 1284 a
1125 1228 1397 1285 desiderio
1425 1241 1551 1282 suo.

398 1329 484 1384 70.
521 1328 712 1383 Adhuc
739 1341 865 1381 esca
894 1331 1012 1380 erat
1039 1323 1090 1378 in
1125 1337 1222 1377 ore
1250 1321 1520 1391 ipsorum,

401 1422 486 1475 71.
519 1419 582 1474 Et
612 1418 691 1474 ira
716 1417 808 1473 Dei
836 1416 1083 1471 ascendit
1111 1429 1274 1482 super
1306 1426 1427 1467 eos.

399 1511 488 1565 79.
515 1510 580 1564 Et
600 1509 798 1565 occidit
821 1506 1090 1577 plurimos
1109 1519 1298 1562 eorum
1322 1519 1336 1555 :

402 1605 487 1660 75.
518 1595 585 1658 Et
611 1602 814 1658 electos
847 1599 1014 1655 Israel
1044 1595 1398 1667 compedivit.

400 1695 490 1752 74.
522 1695 578 1751 1η
609 1693 865 1750 omnibus
891 1691 979 1747 his
1004 1693 1370 1762 peccaverunt
1401 1683 1580 1738 adhuc
1607 1699 1621 1736 :

400 1789 492 1846 75.
521 1787 586 1842 Ει
607 1802 714 1842 nou
749 1784 1098 1841 crediderunt
1131 1781 1186 1835 in
1223 1774 1570 1833 mirabilibus
1599 1770 1743 1841 ejus.

405 1881 491 1936 76.
525 1881 589 1935 Et
612 1877 930 1935 defecerunt
952 1875 1008 1930 in
1039 1873 1278 1929 vanitate
1314 1871 1430 1926 dies
1453 1880 1642 1923 eorum
1669 1881 1683 1919 :

406 1975 495 2029 77.
531 1972 599 2028 Et
627 1971 755 2027 anni
783 1982 974 2026 eorum
1005 1980 1132 2022 cum
1157 1960 1527 2019 festinatione.

417 2066 501 2122 .8.
531 2064 668 2122 Cum
698 2062 972 2119 occideret
999 2073 1125 2123 eos,
1162 2066 1292 2112 tunc
1317 2051 1637 2124 quaerebant
1666 2059 1792 2102 eum
1819 2061 1832 2096 :

407 2160 496 2216 79.
528 2158 595 2214 Et
633 2156 1068 2218 revertebantur,
1117 2161 1170 2206 et
1217 2145 1459 2205 diluculo
1507 2141 1798 2199 veniebant
1838 2136 1906 2191 ad

336 2252 509 2309 Deum
521 2291 534 2304 .

402 2515 493 2572 60.
527 2512 705 2568 Vitam
735 2511 1146 2581 sempiternam.

404 2609 495 2666 6|.
524 2605 829 2663 Transtulit
866 2603 1124 2675 populum
1163 2597 1474 2654 Judazorum
1522 2592 1590 2649 de
1628 2587 1916 2663 promissis

343 2701 480 2759 suis.

411 2793 501 2849 62.
534 2791 599 2846 Et
619 2787 846 2846 adduxit
871 2785 951 2842 eis
980 2799 1044 2839 ex
1079 2779 1369 2836 Occidente
1393 2773 1808 2846 Vespasianum.

413 2965 504 3032 6‘5,
531 2963 621 3018 64.
654 2957 1054 3016 Multitudinem
1087 2953 1384 3010 exercitus.

410 3058 501 3114 65.
535 3055 668 3111 Pars
693 3067 882 3108 eorum
913 3048 1194 3106 descendit
1220 3047 1272 3101 in
1300 3055 1476 3102 castra
1511 3042 1846 3098 Iudaeorum.

417 3233 506 3289 66.
535 3229 1027 3286 Circumdederunt
1053 3240 1168 3280 eos.

418 3323 510 3388 67.
533 3320 712 3390 Plagis
731 3319 799 3374 ab
825 3332 893 3372 eo
911 3315 1096 3371 illatis.

421 3415 510 3470 68.
543 3413 609 3468 Et
630 3373 944 3469 zermonem
973 3421 1134 3480 quem
1167 3401 1335 3460 locuti
1371 3409 1500 3456 sunt
1543 3373 1925 3468 cruciﬁgentes

1798 315 1813 333 .
1857 275 2036 331 rans
2073 273 2162 330 ιιι.
2205 305 2272 315 -
2308 266 2720 328 EXEGETICA.
2880 228 2888 236 ’
3462 258 3568 316 οτε

1919 407 1960 458 Α
2062 393 2150 448 60.
2187 388 2559 458 Ἐπισιτισμὸν
2581 383 2895 440 ἀπέστειλεν
2922 382 3102 446 αὑτοῖς
3126 383 3207 446 εἰς
3229 380 3567 452 πλησμονήν.

2074 487 2155 540 61.
2203 485 2409 556 Ἀπῆρε
2429 482 2578 536 νότον
2607 479 2664 546 ἐξ
2690 476 2943 549 οὐρανοῦ’

2070 578 2157 631 6'2.
2188 577 2296 629 Kal
2325 575 2602 646 ἐπήγαγεν
2635 572 2692 624 ἐν
2717 572 2782 640 τῇ
2805 567 3029 638 δυνάμει
3058 565 3222 619 αὑτοῦ
3250 563 3398 619 λίϐα.

2069 667 2154 720 65.
2193 666 2300 719 Kal
2325 663 2542 737 ἔϐρεξεν
2567 663 2654 716 ἐπ’
2677 661 2872 723 αὐτοὺς
2892 659 3023 713 ὡσεὶ
3049 656 3177 728 χοῦν
3218 658 3428 730 σάρκας
3445 672 3461 684 ⁶

2071 759 2156 812 64.
2193 759 2300 810 Kal
2324 758 2454 809 ὡσεὶ
2480 757 2660 826 ἄμμον
2696 751 2981 806 θαλασσῶν
3008 751 3234 804 πετεινὰ
3267 748 3543 822 πτερωτά.

2069 849 2156 904 65.
2181 851 2290 902 Kal
2313 847 2577 900 ἐπέπεσον
2601 846 2659 897 ἐν
2695 844 2842 915 μέσῳ
2867 842 2971 914 τῆς
2999 860 3111 912 παρ
3148 841 3348 913 μϐολῆς
3376 841 3580 905 αὐτῶν,

2069 940 2158 994 66.
2191 939 2390 1009 Κύκλῳ
2419 937 2526 990 τῶν
2554 935 2928 1006 σκηνωμάτων
2960 933 3157 986 αὐτῶν.

2073 1032 2161 1086 67.
2193 1032 2304 1084 Kal
2336 1030 2559 1099 ἔφαγον,
2587 1028 2681 1081 xal
2720 1026 3131 1098 ἐνεπλήσθησαν
3163 1024 3366 1096 σφόδρα
3386 1041 3398 1054 ·

2072 1121 2160 1175 68.
2199 1120 2308 1173 Kal
2340 1119 2438 1186 τὴν
2470 1117 2766 1188 ἐπιθυμίαν
2800 1115 2978 1170 αὐτῶν
3007 1117 3233 1187 ἤνεγκεν
3257 1115 3460 1177 αὑτῖῖς.

2071 1213 2158 1269 69.
2191 1213 2305 1266 Οὐκ
2330 1211 2701 1283 ἐστερήθησαν
2731 1209 2837 1263 ἀπὸ
2859 1209 2957 1280 τῆς
2979 1207 3272 1278 ἐπιθυμίας
3305 1205 3510 1260 αὐτῶν.

2071 1305 2158 1360 70.
2200 1306 2320 1358 Ἔτι
2345 1305 2444 1375 τῆς
2471 1303 2724 1374 βρώσεως
2753 1301 2920 1372 οὔσης
2942 1302 2999 1353 ἐν
3028 1299 3104 1371 τῷ
3133 1299 3358 1368 στόματι
3382 1297 3584 1351 αὐτῶν.

2071 1398 2158 1450 71.
2196 1398 2304 1450 Kal
2329 1397 2464 1469 ὀργὴ
2488 1395 2581 1450 τοῦ
2613 1394 2748 1449 Θεοῦ
2773 1393 2942 1464 ἀνέϐη
2971 1393 3059 1445 ἐπ’
3096 1389 3319 1454 αὐτούς.

2071 1489 2160 1543 72.
2189 1489 2303 1542 Kal.
2337 1487 2659 1541 ἀπέκτεινεν
2692 1488 2750 1540 ἐν
2777 1488 2889 1549 τοῖς
2922 1484 3164 1537 πλείοσιν
3197 1480 3405 1535 αὐτῶν·

2073 1579 2159 1633 75.
2198 1580 2308 1632 Kal
2337 1580 2462 1642 τοὺς
2485 1579 2773 1641 ἐκλεκτοὺς
2805 1575 2898 1630 τοῦ
2935 1574 3152 1647 Ἰσραὴλ
3183 1572 3553 1627 συνεπόδισεν.

2077 1671 2164 1726 74.
2204 1672 2292 1724 Ἑν
2332 1671 2466 1723 πᾶσι
2494 1669 2708 1732 τούτοις
2739 1669 2984 1739 ἥμαρτον
3014 1667 3127 1720 ἔτιο

1936 1780 1982 1840 η
2079 1763 2166 1818 75.
2199 1763 2308 1817 Kal
2335 1763 2436 1816 οὐκ
2465 1762 2793 1815 ἐπίστευσαν
2821 1762 2879 1814 ἐν
2908 1762 3022 1822 τοῖς
3053 1758 3378 1830 θαυμασίοις
3399 1754 3590 1810 αὑτοῦ.

2081 1855 2169 1912 76.
2206 1856 2315 1910 Kal
2344 1853 2592 1920 ἐξέλιπον
2625 1855 2682 1907 ἐν
2719 1852 3040 1925 ματαιότητι
3067 1853 3123 1904 al
3147 1852 3352 1923 ἡμέραι
3383 1849 3588 1904 αὗτῶψ

2083 1950 2172 2003 77.
2209 1948 2320 2002 Kal
2340 1948 2408 2002 τὰ
2440 1947 2534 2018 ἐτη
2564 1946 2743 2001 αὐτῶν
2773 1945 2910 2018 μετὰ
2938 1945 3197 2014 σπουδῆς.

2082 2039 2172 2094 78.
2207 2039 2372 2093 Ὅταν
2392 2037 2708 2092 ἀπέκτεινεν
2731 2038 2948 2099 αὐτοὺς,
2963 2037 3083 2089 τότε
3103 2035 3388 2106 ὲξεζήτουν
3403 2029 3591 2085 αὐτόν·

2079 2131 2169 2185 79.
2236 2129 2345 2183 Καὶ
2407 2128 2779 2201 ἐπέστρεφον,
2849 2129 2944 2186 καὶ
2994 2126 3260 2200 ὦρθριζον
3313 2126 3450 2197 πρδς
3501 2121 3597 2178 τὸν

2015 2221 2169 2277 Θεόν.

1455 2350 1842 2412 ATHANASII
1881 2341 2468 2403 lNTEBPRETATIO.

2091 2487 2180 2542 60.
2217 2485 2369 2558 Ζωὴν
2393 2481 2746 2554 ἀτελεύτητον
2766 2482 2876 2564 ,(1).

2085 2578 2173 2634 61.
2218 2577 2534 2646 Μετέστησε
2586 2573 2679 2627 τὸν
2722 2573 2851 2627 λαὸν
2907 2571 3014 2626 τῶν
3055 2571 3319 2624 Ἰουδαίων
3373 2572 3439 2623 ἐκ
3485 2568 3598 2624 τῶν

2023 2667 2364 2738 ἐπαγγελιῶν
2393 2664 2558 2719 αὐτοῦ
2587 2663 2683 2736 (Ξ).

2090 2759 2178 2814 62.
2206 2757 2317 2812 Kal
2335 2759 2544 2829 ἢγαγεν
2571 2754 2755 2818 αὐτοῖς
2788 2756 2852 2807 ἐκ
2873 2753 2971 2823 τῆς
3000 2751 3218 2816 Δύσεως
3249 2749 3594 2804 Οὐεσπασια-

2023 2853 2110 2906 νόν
2134 2851 2233 2922 (δ).

2086 2943 2176 3009 65,
2205 2941 2294 2996 64.
2326 2939 2402 3011 (4)
2423 2939 2497 2992 Τὸ
2525 2936 2732 3008 πλῆθος
2765 2935 2861 2990 τοῦ
2898 2935 3352 3010 στρατευομένου.

2094 3035 2180 3090 65.
2211 3033 2293 3086 Τὰ
2325 3032 2460 3104 μέλη
2491 3029 2674 3084 αὐτῶν
2707 3027 2978 3100 κατῆλθον
3014 3030 3095 3092 εἰς
3117 3028 3214 3100 τὴν
3249 3025 3605 3099 παρεμϐολὴν

2021 3125 2130 3180 τῶν
2168 3124 2457 3179 Ἰουδαίων.

2095 3219 2184 3274 66.
2228 3215 2577 3272 Ἐκὺκλωσαν
2605 3211 2822 3276 αὐτούς.

2091 3312 2182 3366 67.
2211 3309 2323 3374 Τὰς
2359 3308 2572 3379 πληγὰς
2599 3305 2700 3370 τὰς
2751 3305 3070 3376 ἐναχθείσας
3101 3302 3176 3375 (5)
3225 3300 3363 3375 [ὑπ’]
3409 3301 3606 3356 αὑτοῦ.

2095 3401 2184 3457 68.
2211 3402 2323 3454 Kal
2343 3400 2436 3454 τὸν
2460 3399 2639 3468 λόγον,
2661 3399 2718 3453 δν
2745 3398 2930 3467 ἔλεγον
2974 3393 3337 3468 σταυροῦντες
3368 3393 3467 3446 τὸν
3491 3391 3612 3446 Κύ-

348 3509 645 3564 Dominum
696 3505 938 3562 dicentes
971 3519 984 3556 :
1023 3498 1136 3554 Nos
1175 3496 1402 3551 Caesaris
1449 3508 1630 3547 summ
1651 3492 1720 3560 ",
1746 3491 1908 3545 attuli

2090 3512 2166 3561 ον,
2192 3495 2276 3549 ὅτι
2310 3492 2511 3564 Ἡμεῖς
2542 3492 2649 3548 τοῦ
2687 3490 2990 3560 Καίσαρός
3017 3489 3224 3559 ἐσμεν,
3251 3488 3485 3557 ἧνεγκεν
3507 3484 3612 3539 αὓ-

348 3618 450 3659 ωε.

422 3693 513 3748 69.
541 3691 694 3758 Quod
720 3687 1132 3759 exquisivcrunt
1148 3693 1201 3738 et
1217 3681 1396 3753 adepti
1425 3688 1576 3737 sunt.

425 3785 516 3840 70.
549 3783 629 3838 Ex
656 3797 766 3852 quo
799 3779 1053 3835 dicebant
1087 3776 1188 3830 hoc
1223 3774 1275 3828 in
1311 3789 1406 3828 ore
1429 3788 1552 3830 suo.

425 3873 514 3928 7|.
548 3869 674 3924 Fuit
696 3871 814 3940 ipsa
847 3868 930 3922 ira
963 3881 991 3920 a
1016 3865 1126 3919 Deo
1161 3879 1324 3933 super
1352 3879 1469 3919 eos.

428 3963 517 4016 72.
548 3961 612 4016 Et
638 3960 838 4015 occidit
863 3957 1266 4013 multitudinem
1293 3971 1506 4009 eorum.

427 4053 514 4108 73.
548 4051 615 4106 Et
640 4065 828 4106 corum
852 4049 1114 4120 reliquos,
1141 4047 1233 4117 qui
1259 4046 1625 4102 censebantur
1655 4058 1776 4114 pios
1809 4057 1932 4096 esse

356 4144 579 4201 tradidit
603 4145 656 4198 in
682 4143 1021 4199 servitutem.

428 4238 516 4293 74.
547 4236 613 4290 Et
643 4249 843 4290 rursus
866 4238 1285 4304 permanserunt
1314 4228 1366 4283 in
1400 4235 1642 4298 peccato.

426 4331 517 4386 75.
553 4329 620 4385 Et
647 4343 754 4384 non
785 4326 1131 4383 crediderunt
1165 4323 1280 4387 eis,
1327 4336 1449 4392 quae
1499 4319 1639 4374 facta
1672 4327 1800 4375 sunt
1825 4317 1926 4387 ipsi

359 4431 389 4472 a
424 4416 553 4471 Deo.

432 4509 520 4561 76.
550 4505 616 4560 Et
641 4505 696 4559 in
730 4501 968 4558 vanitate
997 4497 1198 4554 mentis
1224 4509 1416 4552 eorum
1453 4493 1749 4565 perierunt.

431 4683 519 4738 77.
556 4680 620 4736 Et
649 4679 776 4735 anni
807 4692 996 4734 eorum
1039 4690 1164 4732 eum
1209 4671 1556 4728 festinatione
1597 4668 1930 4725 defecerunt.

435 4772 529 4827 78.
549 4771 685 4826 Cum
715 4768 988 4825 occideret
1011 4782 1106 4821 eos
1137 4765 1345 4821 scilicet
1368 4761 1682 4832 quaerebant
1707 4775 1855 4815 cum.

433 4941 524 4998 79.
543 4941 622 4998 -Ει
651 4939 960 5004 veniebant.
983 4948 1038 4994 et
1064 4936 1459 4994 conﬁtebantur
1488 4949 1637 4990 eum.

439 5085 487 5120 ’τ
505 5083 661 5140 Joau.
695 5098 810 5149 xu,
837 5081 928 5136 15.

2029 3590 2162 3652 τοῖς.
2780 3613 2784 3620 ~

2103 3677 2192 3732 69.
2229 3677 2295 3729 Ὅ
2329 3673 2695 3746 ἐπεζήτησαν,
2721 3673 2816 3725 καὶ
2848 3670 3041 3740 ἔλαχον
3075 3669 3175 3739 (6).

2105 3769 2195 3823 70.
2237 3768 2354 3837 Ἀφ’
2379 3761 2444 3821 οὗ
2475 3766 2662 3835 ελεγον
2694 3763 2854 3816 τοῦτο
2881 3766 2940 3816 ἐν
2964 3761 3044 3834 τῷ
3073 3761 3303 3832 στόματι
3333 3759 3536 3813 αὐτῶν.

2101 3861 2192 3916 71.
2217 3856 2325 3914 Ἦν
2351 3859 2488 3930 αὐτὴ
2515 3859 2548 3928 ἡ
2573 3859 2710 3929 ὀργὴ
2738 3857 2824 3910 ἐπ’
2856 3855 3056 3918 αὐτοὺς
3085 3855 3214 3925 περὶ
3237 3853 3314 3924 (7)
3342 3851 3504 3905 Θεοῦ.

2103 3952 2194 4008 72.
2224 3953 2334 4006 Kal
2357 3951 2419 4003 τὸ
2439 3949 2644 4022 πλῆθος
2677 3947 2856 4002 αὐτῶν
2882 3946 3190 4002 ἀπέκτεινε.

2104 4044 2198 4097 75..
2230 4043 2342 4096 Kal
2385 4042 2512 4104 τοὺς
2543 4039 2766 4102 λοιποὺς
2818 4037 2999 4092 αὐτῶν
3049 4037 3174 4099 τοὺς
3218 4033 3620 4108 νομιζομένους

2037 4131 2306 4195 θεοσεϐεῖς
2339 4125 2484 4184 εἶναι
2502 4131 2582 4194 είς
2605 4127 2848 4182 δουλείαν
2870 4126 3092 4180 ἔδωκεν.

1963 4245 2010 4304 ο
2105 4223 2195 4277 74.
2226 4222 2336 4276 Kal
2364 4220 2525 4274 πάλιν
2554 4219 2822 4290 ἐπέμενον
2854 4221 2922 4290 τῇ
2951 4215 3218 4289 ἁμαρτίᾳ.

2105 4313 2193 4368 75.
2223 4313 2332 4367 Kal
2352 4313 2455 4366 οὐκ
2482 4310 2810 4365 ἐπίστευσαν
2846 4311 2959 4372 τοῖς
2989 4301 3378 4379 γεγενημένοις
3421 4300 3616 4366 αὐτοῖς

2037 4403 2143 4459 ὑπὸ
2164 4403 2259 4457 τοῦ
2293 4401 2451 4457 Θεοῦ.

2108 4494 2198 4550 76.
2231 4495 2343 4549 Kal
2394 4497 2452 4547 ἐν
2498 4509 2816 4566 ματαιοτητι
2868 4489 2962 4545 τοῦ
2995 4487 3116 4553 νοδς
3152 4483 3333 4540 αὐτῶν
3363 4483 3605 4539 ἀπώλον.

2039 4602 2101 4638 το
2139 4584 2237 4656 (8).

2111 4677 2205 4730 77.
2233 4675 2345 4729 Kal
2364 4674 2432 4730 τὰ
2456 4673 2550 4745 ἐτη
2578 4673 2759 4727 αὐτῶν
2788 4671 2928 4744 μετὰ
2966 4667 3198 4739 σπουδῆς
3229 4665 3478 4730 ἐξέλιπεν
3515 4667 3621 4734 (9).

2111 4761 2202 4815 78.
2240 4761 2410 4814 Ὅταν
2436 4761 2753 4816 ἀπέκτεινεν
2776 4761 2889 4832 (10)
2921 4758 3118 4820 αὐτοὺς
3143 4755 3300 4827 δῆθεν
3329 4753 3625 4825 εξεζήτουν

2045 4852 2208 4908 αὐτόν

2115 4941 2203 4998 79.
2231 4944 2340 4997 Kal
2376 4945 2626 5016 ἤρχοντο,
2663 4944 2758 4999 καὶ
2789 4940 3220 5013 ἐξωμολογοῦπο
3246 4938 3413 4993 αὐτόν
3446 4935 3585 5008 (Η).

1315 5145 1626 5209 Addenda
1652 5154 1714 5208 et
1743 5151 2124 5233 corrigenda
2160 5176 2238 5220 ex
2270 5160 2414 5223 cod.
2461 5160 2665 5222 Vatic.

439 5279 514 5348 (l)
552 5276 864 5348 Ἂνεκλιττῆ2

436 5339 511 5493 (Ξ)
549 5349 644 5401 Ἐκ
666 5347 774 5400 τῶν
814 5339 986 5399 ἐθνῶν
1016 5342 1131 5398 τῶν
1157 5343 1427 5418 πατρῴων
1452 5339 1645 5398 αὑτοῦ.

459 5421 514 5493 5)
541 5415 1105 5493 Ῑδνρὺεεξπαςεοξνόν·
1185 5484 1210 5493 -
1475 5484 1488 5493 .

459 5415 514 5489 5)
543 5420 660 5489 Τὸν
677 5415 1105 5489 Οὐεσπασιανόν.

441 5484 518 5559 (4)
541 5486 607 5543 Ν.
638 5488 726 5559 65.
761 5487 834 5559 Τὸ
870 5487 1091 5559 πλῆθος
1120 5484 1215 5559 τοῦ
1259 5484 1698 5559 στρατεύματος.
1748 5485 1812 5544 Ν.
1845 5487 1937 5543 64.

367 5553 458 5615 Ti
481 5553 608 5630 βέλη
651 5558 830 5630 ab“:th
852 5596 868 5620 ,
924 5553 1020 5611 καὶ
1042 5553 1206 5628 ἦλθον
1225 5553 1416 5620 εῑςζΝ.
1441 5553 1532 5627 65,
1554 5553 1782 5619 66.7Kal
1813 5561 1940 5614 ἐκύ-

369 5627 583 5688 κλωσαν
597 5627 827 5690 αὐτούς.

439 5700 518 5771 (5)
559 5699 845 5770 Ἐνεδήσας
875 5699 1078 5761 αὐτοῖς.

2119 5283 2192 5356 (6)
2227 5285 2484 5344 Ἕλαϐον.

2117 5357 2194 5428 (7)
2226 5357 2407 5428 Παρά-

2117 5427 2192 5498 (8)
2235 5427 2576 5498 Ἀπολοῖνθτο.

2117 5497 2414 5637 (ἳὸιιδτῶν
2452 5498 2699 5570 ματαίως
2732 5500 2998 5569 ἐξέλιπον.

2157 5635 2165 5637 4
2217 5569 2234 5636 )
2292 5568 2621 5626 Δπέκτενεν.

2147 5566 2234 5636 10)
2278 5566 2621 5626 ’Δπέκὲενθη

2123 5635 2238 5709 (11)
2264 5638 2440 5709 Αὐτῷ.
