3776 6280
172 307 273 363 977
1050 305 1126 360 Ι)1⁴
1184 306 1460 364 TITULIS
1506 308 1663 366 PSAI

1948 353 1959 367 .
1998 341 2069 352 —
2096 307 2292 365 PSAL.
2333 305 2587 362 LXXVII.
2715 310 2730 317 “
2789 255 2802 270 ο
2893 315 2896 318 ’
3337 301 3439 355 978

239 425 329 481 80.
361 427 468 481 Kal
511 427 883 498 ἐμνήσθησαν,
900 427 982 480 ὅτι
1008 429 1036 482 ὁ
1055 427 1186 494 Θεὸς
1201 427 1394 502 βοηθὸς
1411 430 1589 483 αὐτῶν
1613 433 1728 485 ἐστι

1944 433 2017 488 ιο.
2057 431 2126 488 Ει
2154 431 2502 487 rememorati
2562 436 2693 484 sunt
2739 425 2868 498 quia
2924 423 3067 480 Deus
3103 423 3318 492 adjutor
3353 430 3435 479 est

1858 541 2046 582 eorum
2079 544 2093 581 ε

237 623 327 678 81.
363 623 474 676 Kal
504 623 534 677 ὁ
564 622 698 687 Θεὸς
726 624 754 676 ὁ
787 622 1007 692 ὕψιστος
1046 624 1324 696 λυτρωτὴς
1356 624 1536 678 αὐτῶν
1563 629 1698 680 ἐστι.

1929 620 2018 674 81.
2056 617 2122 674 Et
2167 616 2310 672 Deus
2337 613 2588 671 excelsus
2617 612 2926 681 redemptor
2945 624 3132 665 eorum
3163 614 3264 663 est.

238 715 328 768 82.
362 716 474 768 Kal
503 714 800 786 ἠγάπησαν
833 715 995 770 αὐτὸν
1036 718 1094 769 ἐν
1131 715 1209 787 τῷ
1244 717 1470 788 στόματι
1503 717 1714 770 αὐτῶν·

1461 735 1470 769 ι
1503 717 1682 770 αὐτῶν
1701 735 1714 748 ο
1929 710 2018 766 82.
2048 709 2114 764 Et
2136 709 2444 764 dilexerunt
2463 723 2586 762 eum
2613 706 2666 759 iu
2693 720 2788 759 ore
2813 718 2914 758 suo
2939 723 2952 758 ;

239 806 327 860 85.
359 807 471 860 Kal
503 809 568 880 τῇ
606 805 830 880 γλώσσῃ
858 807 1038 860 αὐτῶν
1067 807 1366 878 ἐψεύσαντο
1389 809 1560 880 αὐτῷ.
1611 845 1628 866 ..

1464 809 1560 880 τῷ.
1611 845 1628 866 ..
1927 805 2017 859 85.
2054 802 2119 858 Et
2147 803 2333 873 lingua
2362 817 2462 857 sua
2488 799 2701 854 mentiti
2731 805 2860 854 sunt
2881 796 2950 851 ei.

239 900 328 955 84.
375 902 441 954 Ἥ
475 901 533 954 δὲ
567 901 765 973 καρδία
796 900 975 954 αὐτῶν
1004 901 1104 955 ούκ
1142 901 1325 955 εὐθεῖα
1360 905 1476 974 μετ’
1504 901 1668 955 αὑτοῦ
1691 919 1705 933 ·

1928 897 2018 951 84.
2048 895 2155 950 Cor
2175 904 2357 949 autem
2395 908 2587 948 eorum
2623 906 2731 945 non
2766 899 2973 944 rectum
3010 905 3134 944 cum
3162 904 3263 944 eo:

237 994 328 1049 85.
365 994 503 1047 Ούδὲ
532 994 910 1065 ἐπιστώθησαν
945 996 1002 1047 ἐν
1038 997 1103 1066 τῇ
1128 994 1372 1069 Διαθήκῃ
1401 994 1584 1048 αὑτοῦ.

1929 988 2018 1044 85.
2051 986 2160 1042 Nec
2198 986 2384 1040 ﬁdeles
2422 983 2594 1038 habiti
2633 991 2761 1037 sunt
2793 983 2847 1037 in
2875 982 3229 1038 Testamento
3257 981 3393 1049 ejus.

238 1087 330 1142 86.
366 1088 540 1152 Αὐτὸς
573 1086 630 1140 δέ
673 1088 752 1156 (a)
785 1088 934 1140 ἐστιν
957 1087 1289 1158 οἰκτίρμων·

1927 1078 2016 1134 86.
2055 1079 2174 1146 Ipse
2200 1085 2380 1132 autem
2414 1085 2498 1131 est
2525 1074 2869 1130 misericors:

239 1178 331 1233 87.
364 1180 478 1232 Kal
503 1178 749 1233 ίλάσεται
779 1181 901 1243 ταῖς
923 1179 1221 1250 ἁμαρτίαις
1254 1179 1432 1234 αὐτῶν
1451 1197 1466 1210 ·

1929 1168 2019 1224 87.
2056 1167 2122 1223 Et
2154 1167 2424 1239 propitius
2453 1166 2543 1220 ﬂet
2565 1166 2808 1234 peccatis
2835 1180 3027 1220 eorum
3055 1180 3068 1220 :

239 1267 330 1323 88.
370 1269 482 1323 Kal
509 1270 572 1323 οὐ
606 1269 906 1342 διαφθερεῖ.

1929 1261 2020 1317 88.
2052 1259 2118 1316 Et
2143 1276 2252 1316 non
2277 1261 2573 1331 disperdet.

239 1358 328 1416 89.
351 1363 464 1416 Kal
482 1362 766 1434 πληθυνεῖ,
789 1362 884 1415 τοῦ
903 1363 1243 1435 ἀποστρέψαι
1262 1363 1354 1416 τὸν
1379 1362 1549 1435 θυμὸν
1571 1360 1730 1414 αὑτοῦ

1929 1354 2020 1409 89.
2055 1352 2121 1406 Et
2153 1352 2476 1417 abundabit,
2512 1362 2572 1408 ut
2607 1361 2876 1409 averteret
2903 1354 3040 1408 iram
3066 1367 3262 1406 suam:

241 1453 330 1510 90.
363 1456 473 1510 Kal
503 1458 624 1528 οὐχὶ
659 1459 921 1512 ἐκκαύσει
943 1459 1124 1512 πᾶσαν
1149 1459 1246 1529 τὴν
1273 1458 1441 1530 ὀργὴν
1467 1456 1653 1511 αὑτοῦ.

1933 1443 2021 1499 90.
2057 1442 2123 1499 Ει
2150 1460 2256 1498 non
2287 1445 2547 1500 accendet
2573 1459 2792 1500 omnem
2816 1444 2950 1499 iram
2986 1459 3161 1499 suam.

239 1543 330 1599 91.
359 1546 470 1599 Kal
494 1548 763 1621 ἐμνήσθη,
795 1551 880 1602 ὅτι
908 1549 1045 1620 σάρξ
1069 1551 1197 1615 εἰσι,

1931 1537 2020 1594 91.
2056 1536 2122 1590 Ει
2148 1537 2473 1592 recordatus
2496 1547 2610 1602 est,
2635 1537 2764 1608 quia
2796 1552 2926 1592 caro
2959 1544 3116 1601 sunt,

240 1634 332 1688 9‘2.
368 1635 597 1708 Πνεῦμα
627 1639 1018 1711 πορευόμενον,
1043 1639 1138 1692 καὶ
1167 1639 1267 1692 οὐκ
1305 1638 1649 1709 ἐπιστρέφον.

1533 1655 1649 1706 φον,
1933 1627 2022 1682 92.
2054 1629 2292 1702 Spiritus
2318 1629 2545 1693 vadens,
2570 1637 2624 1685 et
2647 1645 2753 1683 non
2782 1629 3016 1685 rediens.

241 1727 332 1782 95.
362 1730 603 1795 nosam;
642 1732 1064 1803 παρεπίκραναν
1087 1731 1247 1785 αὑτὸν
1280 1732 1336 1784 ὲν
1359 1733 1424 1802 τῇ
1448 1731 1671 1802 ὲρήμῳ;

1823 1783 1836 1803 .
1932 1719 2021 1773 95.
2055 1718 2280 1786 Quaties
2303 1723 2772 1776 exacerbaverunt
2809 1737 2933 1776 eum
2967 1721 3022 1774 in
3053 1718 3266 1772 deserto
3280 1717 3314 1772 ἲς

243 1780 330 1872 9ὶέ
361 1780 1238 1894 άάρἒῦᾗέιςέᾲζζέὲὲξὶζῖ,ξω
1262 1780 1622 1893 ,πέλ-ευ
1659 1780 1671 1793 ν

1952 1811 2028 1865 Η.
2071 1813 2130 1865 lu
2197 1812 2331 1866 iram
2412 1813 2825 1869 concitaverunt
2874 1828 3000 1867 eum
3055 1811 3108 1865 iu
3160 1821 3300 1865 terra
3360 1810 3443 1863 in-

1870 1919 2076 1973 aquosa
2095 1905 2146 1958 1"-

243 2004 334 2060 95.
367 2003 479 2056 Kal
511 2000 879 2070 ἐπέστρεψαν,
917 2002 1013 2055 καὶ
1051 2001 1350 2071 ἐπείρασαν
1378 2001 1468 2052 τὸν
1489 1999 1621 2051 Θεὸν
1645 2016 1658 2028 ·

1940 1999 2029 2054 95.
2065 1999 2132 2054 Ει
2165 2001 2415 2057 conversi
2439 2011 2586 2069 sunt,
2616 2011 2670 2057 et
2704 2011 3050 2056 teutaverunt
3085 2000 3254 2055 Deum
3287 2000 3319 2032 ί

243 2093 335 2150 96.
365 2094 477 2149 Kal
503 2093 596 2148 τὸν
620 2094 812 2162 Ἃγιον
855 2091 950 2146 τοῦ
992 2091 1210 2164 Ἰσραὴλ
1243 2091 1590 2163 παρώξυναν.

1939 2089 2028 2144 96.
2063 2089 2127 2143 Et
2155 2089 2414 2147 Sanctum
2442 2091 2607 2148 Israel
2639 2092 3129 2148 exacerbaverunt.

244 2185 334 2241 97.
374 2185 486 2238 Kal
516 2185 588 2255 (ε)
616 2185 716 2237 οὐκ
735 2183 1087 2255 ἐμνήσθησαν
1117 2183 1216 2254 τῆς
1235 2182 1415 2254 χειρὸς
1450 2179 1637 2243 αύτοῦ,

1609 2180 1637 2243 ὲ,
1943 2180 2032 2240 97.
2066 2181 2129 2236 Et
2158 2198 2266 2237 non
2292 2185 2560 2240 recordati
2585 2194 2714 2242 sunt
2735 2201 2932 2242 manus
2951 2186 3070 2256 ejus
3087 2224 3100 2248 υ

245 2280 332 2335 98.
384 2277 650 2350 Ἡμέρας,
674 2272 742 2349 ἧς
774 2275 1118 2348 ὲλυτρώσατο
1141 2275 1338 2338 αὐτοὺς
1366 2272 1444 2342 (d)
1477 2275 1544 2327 ὲκ
1585 2271 1736 2344 χειρὸ

1945 2274 2036 2329 98.
2074 2274 2191 2344 Die,
2217 2293 2324 2348 qua
2357 2278 2580 2334 redemit
2605 2293 2701 2334 eos
2727 2281 2795 2334 de
2818 2296 2980 2335 manu
3008 2278 3321 2334 tribulantis

182 2372 475 2436 θλίΰοντος.
2987 2367 2994 2374 ’

248 2506 326 2642 (a)
359 2505 494 2578 Γάρ.
524 2508 584 2560 In
613 2520 785 2574 marg.
817 2503 898 2557 δέ.

249 2580 300 2642 (b
351 2577 431 2642 Γῇ
461 2578 616 2632 deest
641 2577 695 2629 in
727 2585 898 2640 textu;

249 2573 323 2647 (ὁ)
351 2573 616 2647 Γῇᾘθεει
639 2577 695 2647 in
727 2573 903 2647 textu;
928 2581 983 2626 at
1012 2573 1116 2642 leg.
1152 2573 1206 2626 in
1238 2588 1408 2642 marg.

247 2645 322 2716 (ι)
354 2645 468 2700 Kal
497 2662 606 2700 non
638 2645 856 2714 legitur.

349 2716 558 2781 Αὑτούς
575 2712 728 2772 deest
755 2716 807 2768 in
834 2722 979 2768 textu
1007 2729 1022 2779 ;
1052 2712 1246 2784 legitur
1280 2712 1334 2766 in
1376 2729 1545 2782 marg.
1569 2732 1584 2779 ;
1619 2728 1738 2768 mox

1200 2728 1246 2766 ιι·
1280 2712 1334 2766 in
1376 2729 1584 2782 marg.;
1619 2728 1742 2768 mox
1779 2712 2086 2777 θλιϐόιτων,
2114 2715 2165 2768 in
2200 2733 2368 2786 marg.
2399 2717 2687 2781 ολίϐοντος.

1312 2859 1352 2910 Α
1364 2855 1598 2912 ΤΙΙΑΝΑ
1611 2855 1697 2912 Sil
1735 2855 2324 2917 INTERPRETATIO.

252 2997 346 3062 80,
383 2995 474 3051 81.
510 2995 623 3048 Kal
677 2993 845 3066 ἀνέϐη
900 2994 992 3047 ἐπὶ
1025 2993 1129 3064 τὴν
1155 2992 1379 3065 καρδίαν
1429 2991 1607 3046 αὐτῶν
1668 2991 1743 3045 ὂσι

1968 2993 2039 3059 ΞΟ,
2073 2994 2162 3049 81.
2197 2994 2261 3051 Et
2301 2997 2552 3052 ascendit
2588 2995 2646 3050 in
2677 3011 2771 3052 eor
2804 3012 2994 3051 eorum
3027 2997 3292 3069 quidquid
3331 2997 3459 3056 fecit

188 3085 410 3157 ἐποίησε
448 3087 561 3147 τοῖς
595 3084 718 3137 δυσὶ
780 3082 1059 3153 βασιλεῦσι
1109 3082 1215 3135 τῶν
1261 3083 1626 3154 Ἀμορραίων,
1678 3102 1679 3107 η

1894 3084 2094 3142 luobus
2125 3088 2348 3158 regibus
2373 3088 2799 3156 Amorraeorum,
2837 3100 2891 3142 et
2912 3090 3132 3144 Amalec
3178 3091 3233 3146 in
3274 3092 3385 3147 via.

183 3178 293 3233 τῶν
338 3176 589 3248 Ἀμαλὴκ
616 3176 673 3228 ὲν
712 3177 778 3246 τῇ
804 3173 934 3244 ὁδῷ,
1801 3209 1844 3248 η
3277 3189 3283 3194 .

257 3269 350 3325 82.
386 3269 498 3324 Kal
523 3265 858 3320 συνετίθεντο
883 3268 995 3329 τοῖς
1019 3265 1440 3338 προστάγμασιν
1495 3263 1660 3318 αὑτοῦ
1695 3264 1748 3332 τί

1770 3287 1776 3313 ι
1813 3263 1841 3266 ’
1953 3268 2046 3326 82.
2084 3268 2149 3324 Et
2181 3273 2392 3329 assensi
2431 3283 2558 3328 sunt
2581 3273 2849 3330 mandatis
2877 3276 2996 3346 ejus
3021 3292 3115 3330 ore
3141 3290 3261 3330 suo.

188 3358 423 3430 στόματι
458 3356 660 3411 αὐτῶν.

257 3451 348 3507 s5.
397 3449 566 3521 Ἦρνή
579 3463 740 3502 σαντο
759 3446 944 3501 αὐτόν.
1951 3441 2040 3500 85.
2077 3443 2357 3515 Νρκαιιτιιιι
2387 3465 2532 3504 etin).

258 3543 350 3598 84.
395 3543 460 3595 Ἢ
491 3541 548 3594 δὲ
596 3538 792 3611 καρδία
822 3539 1006 3593 αὐτῶν
1044 3539 1235 3611 πόρῤω
1268 3540 1499 3609 ἀπεῖχεν
1536 3539 1632 3592 ἀπ’
1677 3539 1745 3590 αὑ

1756 3567 1777 3578 -
1951 3535 2040 3589 84.
2077 3535 2186 3591 Cor
2209 3548 2393 3593 autem
2428 3555 2618 3595 eorum
2654 3543 2812 3614 longe
2847 3545 3035 3598 aberat
3062 3543 3131 3598 ab
3162 3557 3247 3596 eo.

189 3636 299 3690 τῶν
340 3635 442 3706 (ι).

261 3728 353 3783 85.
387 3704 523 3782 Ούδὲ
571 3725 850 3798 ἠνείχοντο
890 3723 1173 3778 ἐπιθέσθαι
1231 3721 1306 3793 (‘2)
1350 3724 1450 3795 τῆς
1507 3723 1750 3796 Διαθήκη

1975 3717 2045 3774 l5.
2079 3716 2266 3788 Neque
2333 3721 2714 3777 sustinuerunt
2770 3704 3078 3778 intendere
3116 3721 3466 3776 Testamento

192 3819 385 3878 αὑτοῦ.

1884 3807 2023 3878 ejus.

262 3915 354 3971 86.
385 3915 550 3975 Αὐτὸς
588 3911 646 3966 δὲ
685 3909 1039 3983 μακρόθύμὸς
1065 3910 1234 3963 ἐστιν.

1958 3902 2048 3956 86.
2087 3903 2204 3972 Ipse
2232 3913 2415 3958 autem
2451 3905 2778 3973 longanimis
2802 3916 2900 3961 est.

264 4006 356 4061 87.
386 4005 498 4058 Kal
527 4000 760 4055 ἰλατεύει
791 4003 913 4062 ταῖς
942 4000 1240 4069 ἁμαρτίαις
1275 3997 1478 4053 αὐτῶν.

1958 3995 2050 4052 87.
2086 3995 2148 4050 Et
2186 3997 2451 4067 propitius
2475 3999 2718 4054 redditur
2746 3998 2982 4070 peccatis
3007 4015 3219 4054 eorum.

265 4097 356 4151 88.
391 4095 505 4148 Kal
524 4095 625 4147 οὐκ
673 4091 896 4146 ἁπόλλει
928 4091 1002 4161 (5)
1055 4093 1254 4156 αὐτοὺς
1298 4091 1652 4162 ἐκδεχόμενος
1685 4090 1752 4160 τὴ

1979 4089 2048 4142 l8.
2079 4087 2141 4143 Et
2177 4106 2284 4144 non
2327 4091 2504 4161 perdit
2525 4107 2620 4146 eos
2641 4102 2964 4162 exspectans
2989 4109 3176 4148 eorum
3201 4091 3470 4162 paniten-

200 4189 488 4259 μετάνοιαν
522 4184 724 4240 αὐτῶν.

550 4184 724 4240 mam.
1889 4180 2041 4235 tiam.

269 4277 360 4332 89.
395 4277 506 4330 Kal
543 4277 637 4333 ἐπὶ
680 4274 816 4329 πολὺ
846 4277 1100 4345 ὲπιμενεῖ
1127 4274 1205 4344 (4)
1237 4277 1303 4345 τῇ
1339 4273 1636 4345 ἁγαοότητι
1692 4273 1758 4325 αύ

1959 4275 2049 4328 89.
2090 4273 2153 4328 Et
2185 4275 2413 4328 multum
2445 4276 2788 4344 exspectabit
2822 4277 2890 4329 ob
2921 4293 3076 4329 suam
3115 4274 3433 4330 bonitatem.

196 4388 294 4424 του
305 4408 318 4421 ο

268 4461 360 4514 90.
400 4458 511 4513 Kal
529 4459 630 4513 οὐκ
656 4459 866 4532 ὸργίζει
902 4457 1143 4522 τελείως.

1966 4449 2053 4502 90.
2092 4448 2155 4504 Ει
2180 4465 2288 4504 nou
2322 4449 2576 4504 irascitur
2612 4466 2784 4520 usque
2819 4451 2870 4503 in
2897 4451 3079 4504 tinem.

269 4552 361 4608 91.
395 4551 740 4623 Μνημονεύει
774 4552 904 4624 γὰρ,
935 4552 1018 4606 ὅτι
1051 4549 1255 4621 πλῆθός
1288 4552 1414 4603 είσι.

1823 4567 1865 4620 ι)
1966 4541 2055 4596 91.
2092 4539 2431 4596 Recordatur
2457 4541 2627 4608 enim,
2655 4541 2802 4612 quod
2829 4542 3124 4597 multitudo
3158 4553 3304 4598 sunt.

269 4643 361 4698 99..
398 4643 519 4696 ’Ὁτι
561 4640 639 4714 (5)
675 4643 769 4696 ἐὰν
826 4643 1160 4715 ἀναχωρήσῃ
1199 4640 1384 4694 αὐτῶν
1442 4639 1760 4713 ὴψυχὴ.ούτ

1989 4631 2058 4686 l2.
2091 4632 2245 4698 Quod
2274 4633 2318 4688 si
2346 4633 2636 4689 recesserit
2661 4635 2731 4689 ab
2763 4634 2844 4691 eis
2875 4636 3080 4702 anima,
3113 4651 3220 4691 non
3245 4636 3480 4707 amplius

199 4737 282 4791 ἔτι
313 4735 568 4789 δύνανται
598 4735 952 4806 μετανοῆσαι.

943 4775 952 4789 ,
1898 4737 2126 4797 possunt
2155 4730 2434 4798 pmnitere.

272 4829 363 4891 95,
399 4827 488 4881 94.
527 4826 861 4898 Παρώξυναν
887 4827 945 4878 ἐν
970 4829 1036 4897 τῇ
1059 4826 1256 4898 καρδίᾳ
1288 4827 1488 4883 αὐτῶν.

1966 4822 2057 4888 95,
2083 4821 2172 4876 94.
2201 4823 2558 4878 lrritaverunt
2591 4824 2644 4880 in
2669 4825 2832 4880 corde
2865 4839 3077 4880 eorum.

270 4919 363 4985 95,
387 4919 476 4973 96.
509 4919 619 4972 Kal
641 4918 858 4972 ἐποίουν
885 4919 1110 4980 ἑαυτοὺς
1136 4919 1265 4981 τοὺς
1304 4914 1716 4989 μετανοοῦντας.

1970 4913 2060 4976 95,
2095 4913 2183 4970 96.
2220 4914 2283 4968 Et
2314 4915 2588 4970 ﬁnxerunt
2619 4933 2678 4972 se
2703 4919 2846 4987 ipsos
2879 4917 3222 4986 pmnitentes.

268 5005 361 5061 97.
395 5007 511 5058 Ούκ
543 5006 851 5077 ἐμέμνηντο
879 5005 979 5075 τῆς
1009 5005 1192 5076 ἰσχύος
1219 5005 1408 5060 αὑτοῦ.

1974 5005 2060 5060 97.
2093 5003 2211 5060 Non
2244 5008 2511 5062 recordati
2539 5019 2668 5063 sunt
2692 5008 3022 5078 pwnitentia:
3044 5007 3182 5076 ejus.

272 5096 365 5149 98.
403 5097 528 5148 Ὅτι
558 5095 722 5161 αὐτὸς
744 5099 891 5150 ἐστιν
919 5098 946 5149 ὀ
976 5095 1340 5168 λυτρούμενος
1366 5097 1565 5160 αὐτοὺς
1587 5098 1651 5150 ἐκ
1679 5113 1760 5167 χει

1989 5095 2061 5149 l8.
2093 5095 2251 5162 Quod
2279 5098 2393 5167 ipse
2418 5112 2518 5164 est,
2543 5101 2635 5170 qui
2666 5100 2914 5155 liberavit
2937 5112 3032 5151 eos
3057 5096 3124 5151 de
3151 5111 3314 5156 manu
3340 5095 3480 5149 Plia-

204 5191 300 5261 ρῖις
324 5187 546 5261 Φαραώ.

1898 5190 2100 5244 raonis.

1174 5351 1482 5415 Addenda
1517 5359 1574 5414 et
1621 5348 1997 5430 corrigenda
2038 5367 2116 5410 ex
2153 5348 2294 5412 cod.
2329 5349 2531 5410 Vatic.

277 5505 622 5593 «125.6321.
751 5580 837 5593 -.
913 5578 968 5593 ..
1144 5586 1155 5593 .

1999 5506 2061 5593 5)¹
2087 5502 2151 5588 Ν.
2175 5505 2265 5559 9‘2.
2311 5505 2726 5593 Batavum};
2772 5499 2841 5593 β.
3139 5495 3485 5593 ’μα-ρεξονξὲ

394 5575 687 5668 ῌΑείθεσθιαι
715 5581 783 5650 τῇ
810 5578 1075 5653 Διαθήκῃ,
1109 5586 1212 5636 cle.

2002 5562 2394 5668 i'legjtgr.-N.
2429 5575 2530 5631 95Γ
2569 5562 2705 5638 Καί,
2737 5583 2841 5628 etc.
2900 5562 2975 5626 Ν.
2997 5570 3085 5628 96.
3139 5562 3348 5641 Ἰησοῦν
3394 5562 3489 5620 rb!

407 5645 708 5770 :émlo'tdet.
757 5645 782 5650 ’⁷
965 5645 976 5653 ’
1029 5645 1056 5652 ”
1905 5646 2147 5701 Υἱὺντού
2179 5646 2336 5701 Θεοῦ.

281 5732 300 5789 ί
443 5733 702 5789 λπιμενει.
