3728 6384
138 325 229 383 981
1013 323 1100 376 DE
1142 322 1416 380 TITULIS
1449 323 1898 382 PSALMOBUM.
1937 357 2007 368 —-
2043 325 2235 381 PSAL.
2277 327 2529 386 LXXVII.
3288 333 3421 391 982*

210 444 324 499 118.
373 442 656 515 Ἀπαρχήν
689 445 887 508 παντὸς
910 444 1070 497 πόνου
1101 445 1300 510 αὐτῶν,
1344 448 1401 498 ὲν
1440 451 1551 512 τοῖς
1578 465 1682 520 σκη

1927 449 2010 504 18.
2045 449 2320 506 Primitias
2363 451 2545 506 omnis
2577 451 2782 506 laboris
2811 465 3001 505 eorum
3045 453 3096 505 in
3142 454 3395 511 taberna-

143 532 345 608 νὼμασι
378 537 534 607 Χάμ.

1817 542 1956 597 culis
1984 542 2176 597 (Iliam.

207 629 326 684 119.
363 629 477 682 Kal
513 628 728 700 ἀπῆρεν
747 628 821 693 ὼς
851 628 1098 704 πρόϐατα
1129 630 1222 683 τὸν
1248 630 1375 686 λαὸν
1399 632 1582 687 αὑτοῦ.

1891 632 2015 686 119.
2047 631 2112 687 Ει
2141 632 2364 687 abstulit
2397 631 2543 686 sicut
2565 645 2696 686 oves
2731 631 2987 700 populum
3013 647 3172 687 suum
3201 651 3215 688 :

207 721 327 777 120.
354 723 468 776 Kal
490 723 771 795 ἀνήγαγεν
791 724 987 787 αὐτοὺς
1007 723 1139 778 ὡσεὶ
1162 724 1480 796 ποίμνιονὲν
1502 726 1679 799 ἐρήμη

1927 723 2016 780 20.
2051 723 2118 778 Ει
2166 725 2420 796 perduxit
2470 739 2566 781 eos
2609 735 2868 795 tanquam
2923 741 3138 797 gregem
3188 725 3244 780 in
3299 725 3397 782 de-

1817 827 1966 873 serto
1997 836 2009 870 :

207 900 328 957 121.
356 900 472 955 Kal
503 900 786 974 ὡδήγησεν
847 901 1043 968 αὐτοὺς
1100 903 1186 956 ἐπ’
1225 902 1424 967 ἑλπίδι,
1463 904 1557 957 καὶ
1617 906 1676 958 οὐ

1893 909 2016 965 121.
2054 909 2122 964 Et
2140 907 2368 965 deduxit
2397 923 2505 966 eos.
2525 909 2580 964 in
2608 924 2731 979 spe.
2750 917 2802 963 et
2837 923 2944 964 non
2974 913 3276 966 timuerunt
3306 928 3319 962 :

142 993 458 1049 ἑδειλίασαν.

207 1088 327 1142 122.
368 1088 483 1140 Kal
506 1087 634 1152 τοὺς
662 1087 889 1160 ἐχθροὺς
921 1088 1099 1142 αὐτῶν
1129 1089 1365 1160 ἐκάλυψε
1395 1090 1659 1145 θάλασσα.

1588 1108 1659 1145 πα.
1897 1090 2020 1144 122.
2055 1089 2119 1144 Ει
2146 1089 2396 1146 inimicos
2422 1105 2610 1146 eorum
2643 1087 2859 1160 operuit
2894 1103 3060 1144 mare.

209 1181 326 1236 125.
368 1180 481 1234 Kal
505 1181 796 1253 εἰσήγαγεν
845 1181 1041 1244 αὐτοὺς
1091 1183 1168 1246 είς
1213 1181 1337 1253 ὅρος
1383 1183 1681 1254 ἀγιάσματο

1931 1184 2021 1239 25.
2063 1183 2127 1238 Et
2173 1184 2386 1239 induxit
2422 1199 2519 1238 eos
2560 1183 2612 1236 in
2660 1191 2900 1236 montem
2944 1179 3396 1236 sanctiﬁcationis

143 1269 322 1333 αὐτοῦ.
1819 1290 1932 1328 sure
1947 1315 1960 1337 ,

206 1365 330 1426 124.
350 1366 519 1437 Ὅρος
547 1364 725 1430 τοῦτο,
756 1363 785 1417 δ
807 1364 1080 1436 ἐκτήσατο
1107 1368 1140 1438 ὴ
1165 1365 1316 1434 δεξιά
1340 1368 1526 1422 αὑτοῦ.

1933 1367 2024 1420 24.
2062 1365 2297 1420 Montem
2357 1365 2544 1432 hune,
2603 1380 2762 1434 quem
2824 1362 3112 1432 acquisivit
3173 1362 3393 1416 dextera

1875 1478 1957 1514 IIS.

207 1543 332 1598 125.
374 1543 489 1603 Kal
509 1542 764 1611 ἐξέϐαλεν
798 1544 908 1598 ἀπὸ
934 1543 1228 1616 προσώπου
1254 1547 1448 1600 αὐτῶν.
1466 1545 1589 1618 ἔθνη
1611 1565 1624 1577 ·

1817 1478 1847 1513 (ἒ
1875 1478 1957 1514 IIS.

1569 1565 1624 1618 τι·
1787 1561 1794 1570 ‘
1845 1479 1864 1530 J
1893 1553 2016 1606 1‘25.
2062 1551 2123 1604 Et
2159 1551 2321 1621 ejecit
2347 1543 2544 1604 a‘l‘acie
2586 1565 2776 1604 eorum
2809 1557 2994 1619 gentes
3029 1566 3041 1601 :

211 1633 328 1694 126.
371 1629 484 1688 Kal
520 1635 946 1706 ὲκληροδάτησεν
974 1635 1168 1700 αὐτοὺς
1195 1639 1253 1690 ὲν
1278 1637 1494 1708 σχοινίῳ
1521 1637 1683 1708 κληρο

1929 1646 2020 1698 26.
2058 1643 2123 1698 Et
2155 1653 2303 1698 sorte
2322 1642 2510 1697 divisit
2528 1641 2679 1696 cisin
2703 1640 2947 1695 funiculo
2972 1636 3395 1694 distributionis.

141 1723 335 1790 δοσίας.

208 1818 330 1871 127.
371 1820 484 1879 Καὶ
517 1821 931 1891 κατεσκήνωσεν
955 1820 1010 1874 ὲν
1031 1822 1142 1884 τοῖς
1165 1820 1518 1893 σκηνώμασιν
1543 1821 1680 1876 αὑτῶ

1925 1821 2010 1874 27.
2045 1820 2108 1874 Et
2144 1821 2390 1876 habitare
2419 1820 2547 1875 fecit
2579 1821 2632 1875 in
2681 1818 3042 1874 tabernaculis
3073 1831 3264 1872 eorum
3299 1814 3397 1868 tri-

143 1911 234 1975 τὰς
261 1910 434 1979 φυλὰς
462 1911 558 1964 τοῦ
596 1912 832 1984 Ἰσραήλ.

655 1912 832 1984 πραήλ.
1816 1912 1918 1968 bus
1945 1911 2127 1966 Israel.

208 2002 330 2056 128.
372 2004 484 2056 Kal
526 2004 848 2076 ἐπείρασαν,
895 2005 988 2060 καὶ
1017 2004 1429 2080 παρεπίκραναν
1459 2006 1550 2059 τὸν
1588 2005 1680 2060 Θεὲ

1927 2002 2012 2056 28.
2063 2000 2131 2056 Ει
2165 2010 2542 2065 tentaveruut,
2601 2011 2654 2055 et
2708 2008 3173 2055 exaceroaverunt
3228 1995 3399 2050 Deum

141 2095 225 2155 τὸν
254 2095 479 2165 ὕψιστον
497 2113 512 2127 ο

1815 2095 2092 2151 excelsum
2130 2113 2143 2148 :

209 2187 332 2242 1&9.
375 2187 488 2240 Kal
521 2188 591 2242 τά
627 2189 903 2262 μαρτύρια
929 2189 1220 2250 αὐτοῦούκ
1249 2188 1598 2259 ἐφυλάξαντο.

1890 2187 2010 2242 129.
2048 2185 2111 2241 Ει
2145 2186 2456 2242 testimonia
2485 2185 2607 2254 ejus
2651 2200 2759 2239 non
2788 2184 3187 2240 custodierunt.

211 2279 330 2333 130.
371 2281 483 2334 Kal
515 2281 885 2352 ἀπέστρεψαν,
920 2283 1014 2336 καὶ
1045 2281 1339 2353 ἠθέτησαν,
1392 2280 1572 2344 καθὼς
1625 2298 1683 2335 κο

1927 2278 2015 2333 50.
2051 2277 2118 2336 Et
2143 2285 2456 2332 averterunt
2474 2293 2554 2340 se,
2571 2285 2626 2331 et
2649 2292 2755 2330 non
2780 2281 3137 2330 servaverunt
3157 2280 3398 2342 pactum,

143 2366 188 2418 οἱ
213 2365 448 2439 πατέρες
477 2367 658 2421 αὐτῶν
679 2386 692 2398 ·

1826 2371 2290 2440 quemadmodum
2311 2378 2366 2424 et
2394 2379 2576 2438 patres
2608 2361 2802 2422 eorum
2828 2385 2839 2422 :

213 2457 334 2512 13I.
375 2461 849 2534 Μετεστράφησαν
877 2465 956 2528 εἰς
982 2463 1134 2530 τόξον
1166 2463 1437 2535 πρεόλόν.

1901 2461 2020 2513 151.
2057 2459 2318 2518 Conversi
2347 2470 2475 2514 sunt
2505 2460 2558 2512 in
2597 2473 2784 2513 arcum
2817 2470 3067 2528 pravum.

210 2550 328 2610 152.
371 2552 485 2606 Kal
510 2553 871 2628 παρώργισαν
891 2556 1052 2612 αὑτὸν
1075 2558 1132 2609 ὲν
1154 2559 1263 2619 τοῖς
1291 2556 1498 2627 βουνοῖς
1519 2554 1682 2608 adn?»

1933 2553 2020 2605 52.
2055 2551 2120 2606 Ει
2154 2553 2206 2606 in
2255 2553 2391 2606 iram
2431 2556 2844 2608 concitaverunt
2890 2565 3014 2608 eum
3066 2549 3121 2604 in
3171 2545 3403 2602 collibus

1825 2662 1941 2702 SUIS
1976 2665 1989 2700 Ζ

1269 2817 1650 2876 ATHANASH
1687 2817 2276 2876 INTERPRETATIO.

210 3022 328 3078 118.
370 3023 504 3078 ’Δπὸ
551 3023 647 3078 τοῦ
681 3025 926 3097 ἀρχηγοῦ
956 3025 1136 3080 αὐτῶν
1168 3025 1262 3080 τοῦ
1309 3026 1558 3080 διαϐόλου
1585 3067 1600 3093 ,
1633 3045 1682 3080 κι

1938 3026 2021 3080 18.
2055 3025 2104 3080 Α
2131 3025 2374 3098 principe
2405 3039 2592 3079 eorum
2622 3021 2858 3088 diabolo,
2893 3029 2947 3075 et
2975 3020 3125 3074 omni
3157 3017 3278 3089 ejus
3299 3033 3404 3088 po-

147 3114 318 3188 πάσης
372 3117 543 3170 αὑτοῦ
581 3117 683 3189 τῆς
739 3116 1046 3189 δυνάμεως.
1091 3118 1221 3189 Χὰμ
1265 3121 1374 3191 γὰρ
1428 3123 1619 3188 τολμη

1588 3119 1728 3187 ηρὸς
1827 3127 2039 3173 testate.
2067 3117 2406 3173 Citam-enim
2436 3117 2823 3185 interpretatur
2859 3113 3060 3167 audax.

147 3204 520 3278 ἑρμηνεύεται.

212 3299 332 3354 119.
363 3301 476 3354 Kal
505 3301 777 3372 ἐρρύσατο
791 3299 867 3364 ὼς
895 3301 990 3355 ἀπ’
1020 3301 1171 3355 ὲλὲου
1207 3301 1283 3374 (1)
1303 3301 1430 3365 τοὺς
1451 3301 1684 3355 πιστεύω

1935 3300 2021 3356 19.
2061 3299 2126 3354 Et
2147 3298 2314 3355 veluti
2343 3293 2832 3368 ριοωπιίεοηιίοηο
2847 3291 3100 3349 liberavit
3119 3289 3406 3346 credentes

147 3407 236 3454 τας
264 3391 434 3462 αὐτῷ.

1749 3430 1798 3493 c
1827 3392 1883 3446 in
1909 3391 2109 3460 ipsum.

215 3485 332 3540 120.
363 3486 474 3540 Kal
520 3487 798 3558 ἀνήγαγεν
843 3487 1040 3550 αὐτοὺς
1085 3486 1192 3541 ἀπὸ
1241 3487 1341 3560 τῆς
1376 3487 1581 3558 φθορας
1623 3485 1687 3556 τῆ

1937 3482 2025 3537 20.
2061 3481 2126 3537 Ει
2157 3482 2372 3537 reduxit
2426 3495 2521 3534 eos
2574 3495 2605 3534 a
2653 3479 3005 3547 corruptione
3054 3474 3264 3546 peccati
3315 3489 3409 3543 per

149 3576 414 3648 ἁμαρτίας
441 3577 537 3630 τοῦ
575 3579 651 3649 (2)
677 3578 1070 3650 βαπτίσματος.

1827 3574 2180 3645 baptismum.
2972 3595 2974 3599 ·

216 3668 333 3722 121.
363 3669 477 3722 Kal
497 3668 786 3741 ὼδήγησαν
817 3670 893 3736 (3)
915 3671 1111 3733 αὐτοὺς
1160 3672 1235 3723 ὲν.
1261 3669 1464 3737 πίστει,
1506 3669 1600 3722 καὶ
1624 3669 1686 3722 ού

1937 3667 2026 3722 21.
2064 3667 2130 3722 Et
2156 3665 2382 3723 deduxit
2424 3681 2521 3721 eos
2563 3665 2616 3720 in
2664 3664 2802 3727 ﬁde,
2844 3675 2908 3718 et
2951 3676 3062 3717 non
3108 3660 3408 3716 timuerunt

151 3762 490 3834 1φο6ήΘησαν
517 3764 616 3833 τὴν
645 3763 944 3834 ἁμαρτίαν.

657 3763 944 3834 Ειμαρτίαν.
1827 3768 2129 3830 peccatum.

214 3855 332 3909 122.
349 3855 464 3920 Tac;
479 3855 730 3919 ἐναντίας
745 3855 1326 3927 δυνάμεις-ἐθανάτωσε
1343 3855 1404 3908 τὸ
1421 3855 1686 3927 βάπτισμα

1937 3847 2023 3903 22.
2057 3846 2417 3903 Adversarias
2473 3855 2770 3920 potestates
2821 3841 3174 3900 mortiﬁcavit
3231 3840 3409 3910 bapti-

1827 3955 2002 3995 smus.

215 4035 332 4090 123.
352 4037 451 4099 Είς
474 4035 574 4102 τὴν
602 4035 931 4107 Ἐκκλησίαν
961 4035 1059 4108 (4).

992 4037 1059 4108 1).
1900 4031 2020 4085 125.
2056 4029 2114 4085 In
2140 4029 2464 4086 Ecclesiam.

218 4129 336 4184 124.
379 4130 444 4182 Ἥ
479 4129 779 4201 Ἐκκλησία
821 4129 886 4200 ἠν
928 4129 1005 4200 (5)
1062 4132 1457 4203 περιποιήσατο
1499 4131 1590 4184 διὰ
1631 4149 1690 4184 το

1940 4121 2024 4178 24.
2060 4119 2382 4186 Ecclesiam,
2431 4136 2596 4191 quam
2641 4117 2980 4188 comparavit
3026 4117 3248 4188 proprio
3282 4128 3412 4170 san-

154 4215 274 4270 Ia‘loo
297 4221 530 4290 αἳματος
558 4223 586 4273 ὁ
623 4221 918 4291 μονογενὴς
947 4221 1074 4285 Υἱὸς
1100 4221 1192 4274 τοῦ
1221 4222 1374 4278 Θεοῦ.

1221 4222 1374 4278 Θεοῦ,
1829 4213 1991 4283 guine
2019 4212 2333 4283 unigenitus
2364 4211 2538 4267 Filius
2571 4211 2685 4266 Dei.

218 4311 336 4366 125.
379 4313 520 4375 Τοὺς
545 4312 807 4382 δαίμονας
832 4314 893 4364 ἐκ
925 4312 1034 4364 τῶν
1059 4313 1294 4383 καρδιῶν
1315 4313 1512 4368 αὐτῶν.

1483 4332 1512 4368 ρ,
1903 4305 2026 4359 125.
2066 4303 2349 4358 Dzemones
2370 4319 2434 4358 ex
2467 4303 2722 4358 cordibus
2743 4318 2955 4357 eorum.

223 4401 652 4474 126.Ἐμέρισεν
686 4403 868 4466 αὐτοῖς
907 4403 973 4455 τὰ
1007 4403 1322 4473 χαρίσματα
1374 4404 1471 4474 τῆς
1506 4402 1695 4474 χάριτο

1425 4405 1471 4474 ἧς
1506 4402 1727 4474 χάριτος
1906 4395 2029 4452 126.
2062 4394 2257 4449 Divisit
2285 4394 2367 4450 eis
2386 4395 2525 4450 dona
2548 4397 2736 4465 gratia:
2767 4411 2897 4448 suae.

154 4492 327 4547 αὐτοῦ.

224 4585 341 4640 127.
382 4585 760 4656 Καὶήγεῖσθαι
778 4587 1031 4658 ἐποίησεν
1047 4586 1225 4640 αὐτῶν
1241 4585 1724 4650 τοὺςάποστόλους.
1901 4574 2026 4629 η’Ῐο
2056 4573 2122 4627 EI
2151 4573 2437 4626 οοιιδῑίιυίῑ
2463 4571 2632 4626 duces
2653 4586 2844 4626 eorum
2871 4568 3172 4639 ³Ρ⁰8ί⁶)¹⁰⁸⁶

220 4677 339 4732 128.
383 4679 448 4731 Ol
481 4679 556 4749 μὴ
589 4679 981 4742 πιστεύσαντες
1016 4679 1166 4750 αὐτῷ
1196 4679 1461 4733 Ἰουδαῖοι.

1904 4662 2028 4717 128.
2065 4659 2262 4726 Judtei,
2285 4660 2380 4731 qui
2411 4661 2510 4730 ipsi
2543 4675 2652 4714 non
2685 4659 3055 4715 crediderunt.

217 4767 335 4820 129.
377 4747 492 4832 Τὰς
515 4747 824 4840 μαρτυρίας
849 4770 946 4834 τὰς
975 4747 1272 4843 είρημνένας
1299 4771 1428 4842 περὶ
1453 4770 1619 4825 αὐτοῦ
1641 4771 1689 4824 δι

1797 4780 1806 4819 ι
1902 4755 2029 4810 129.
2063 4752 2400 4810 Testimonia
2427 4752 2569 4807 dicta
2603 4751 2671 4806 de
2692 4751 2811 4823 ipso
2835 4765 2931 4807 oer
2956 4747 3269 4818 prophetas.

150 4861 250 4911 τῶν
284 4861 603 4932 προφητῶν.

221 4927 343 5005 150.
378 4927 488 5006 Kal
500 4955 811 5025 ἠρνήσαντο
823 4955 1004 5021 αὑτὸν,
1019 4955 1200 5021 καθὼς
1209 4957 1256 5010 οἱ
1271 4955 1503 5029 πατέρες
1523 4956 1693 5010 αὐτῶν

1942 4932 2031 4986 50.
2065 4929 2130 4984 Ει
2159 4939 2495 5000 negaverunt
2523 4944 2649 4984 eum
2670 4967 2687 4994 ,
2727 4927 3190 4998 quemadmoaum
3231 4933 3414 4996 patres

223 5107 340 5164 151.
379 5109 476 5174 Είς
503 5109 852 5165 διδασκαλίαν
878 5111 977 5165 οὐκ
1009 5112 1196 5184 ὀρθήν.

1831 5041 2042 5080 eorum.

1906 5114 2033 5170 151.
2066 5112 2123 5166 1η
2151 5113 2456 5168 doctrinam
2488 5127 2821 5182 perversam.

225 5197 344 5266 152,
382 5201 504 5258 133.
523 5201 618 5256 Ἐν
645 5203 770 5266 ταῖς
794 5201 1045 5274 καρδίαις
1072 5204 1269 5259 αὐτῶν.

1909 5205 2034 5271 152,
2072 5206 2195 5262 133.
2219 5205 2275 5258 In
2297 5204 2556 5260 cordibus
2580 5219 2795 5260 eorum.

1111 5390 1425 5467 Addenda
1455 5399 1516 5457 et
1541 5391 1926 5471 corrigenda
1956 5409 2038 5455 ex
2071 5399 2213 5456 cod.
2254 5390 2459 5455 Vatic.

222 5592 292 5678 (ι)
333 5599 463 5678 tm
487 5597 702 5678 eam:
1915 5603 1992 5678 <4)
2036 5603 2148 5678 Τὴν
2183 5601 2512 5678 ῖιεκκλησξαν
2543 5601 2709 5678 λέγει·

320 5669 622 5811 ᾼὸῗήτζτῗᾶεν
2031 5666 2142 5748 Τῆν
2180 5666 2530 5745 Ἐκκλησίαν,
2558 5666 2643 5745 ἦν,
2673 5683 2785 5730 etc.
