  <div class='ocr_page' id='page_1' title='image "/cluster/home/n/w/nwhite01/storage/ocr_20150623/27/hvd.32044014174452/523.png"; bbox 0 0 3728 6370; ppageno 0'>
   <div class='ocr_carea' id='block_1_1' title="bbox 331 275 3573 342">
    <p class='ocr_par' dir='ltr' id='par_1_1' title="bbox 331 275 3573 342">
     <span class='ocr_line' id='line_1_1' title="bbox 331 275 3573 342; baseline 0.003 -11"><span class='ocrx_word' id='word_1_1' title='bbox 331 277 434 332; x_wconf 79' lang='lat'><strong>987</strong></span> <span class='ocrx_word' id='word_1_2' title='bbox 1175 275 1231 330; x_wconf 88' lang='lat' dir='ltr'><strong>S.</strong></span> <span class='ocrx_word' id='word_1_3' title='bbox 1281 276 1654 333; x_wconf 80' lang='lat' dir='ltr'><strong>ATHANASII</strong></span> <span class='ocrx_word' id='word_1_4' title='bbox 1707 282 1862 339; x_wconf 82' lang='lat' dir='ltr'><strong>OPP.</strong></span> <span class='ocrx_word' id='word_1_5' title='bbox 1905 283 2090 342; x_wconf 80' lang='lat' dir='ltr'><strong>PARS</strong></span> <span class='ocrx_word' id='word_1_6' title='bbox 2126 284 2214 340; x_wconf 89' lang='grc'><strong>111.</strong></span> <span class='ocrx_word' id='word_1_7' title='bbox 2256 315 2325 325; x_wconf 91' lang='lat'><strong><em>—</em></strong></span> <span class='ocrx_word' id='word_1_8' title='bbox 2363 281 2770 340; x_wconf 77' lang='lat' dir='ltr'><strong>EXEGETICA.</strong></span> <span class='ocrx_word' id='word_1_9' title='bbox 3479 287 3573 341; x_wconf 69' lang='lat'><strong>9258</strong></span> 
     </span>
    </p>
   </div>
   <div class='ocr_carea' id='block_1_2' title="bbox 406 388 1878 472">
    <p class='ocr_par' dir='ltr' id='par_1_2' title="bbox 406 388 1875 466">
     <span class='ocr_line' id='line_1_2' title="bbox 406 388 1875 466; baseline 0.007 -22"><span class='ocrx_word' id='word_1_10' title='bbox 406 391 457 444; x_wconf 75' lang='grc'><strong>5.</strong></span> <span class='ocrx_word' id='word_1_11' title='bbox 492 388 795 445; x_wconf 86' lang='lat' dir='ltr'><strong>Posuerunt</strong></span> <span class='ocrx_word' id='word_1_12' title='bbox 820 389 1152 446; x_wconf 76' lang='lat' dir='ltr'><strong>Hierusalem</strong></span> <span class='ocrx_word' id='word_1_13' title='bbox 1179 394 1326 448; x_wconf 82' lang='lat' dir='ltr'><strong>velut</strong></span> <span class='ocrx_word' id='word_1_14' title='bbox 1357 394 1460 466; x_wconf 91' lang='lat' dir='ltr'><strong>[in]</strong></span> <span class='ocrx_word' id='word_1_15' title='bbox 1499 413 1782 466; x_wconf 80' lang='lat' dir='ltr'><strong>pomorum</strong></span> <span class='ocrx_word' id='word_1_16' title='bbox 1811 415 1875 454; x_wconf 90' lang='lat' dir='ltr'><strong>cu</strong></span> 
     </span>
    </p>
   </div>
   <div class='ocr_carea' id='block_1_3' title="bbox 2097 388 3569 472">
    <p class='ocr_par' dir='ltr' id='par_1_3' title="bbox 2097 399 3569 472">
     <span class='ocr_line' id='line_1_3' title="bbox 2097 399 3569 472; baseline 0 -17"><span class='ocrx_word' id='word_1_17' title='bbox 2097 402 2141 455; x_wconf 79' lang='grc'><strong>5.</strong></span> <span class='ocrx_word' id='word_1_18' title='bbox 2181 401 2404 454; x_wconf 83' lang='grc' dir='ltr'>Ἐθεντο</span> <span class='ocrx_word' id='word_1_19' title='bbox 2457 400 2808 472; x_wconf 75' lang='grc' dir='ltr'>Ἰερουσαλὴμ</span> <span class='ocrx_word' id='word_1_20' title='bbox 2834 401 2908 464; x_wconf 79' lang='grc' dir='ltr'>ὡς</span> <span class='ocrx_word' id='word_1_21' title='bbox 2941 399 3069 472; x_wconf 79' lang='grc' dir='ltr'>[είς]</span> <span class='ocrx_word' id='word_1_22' title='bbox 3106 402 3569 472; x_wconf 72' lang='grc' dir='ltr'>ὀπωροφυλὰκιον·</span> 
     </span>
    </p>
   </div>
   <div class='ocr_carea' id='block_1_4' title="bbox 337 483 616 540">
    <p class='ocr_par' dir='ltr' id='par_1_4' title="bbox 337 483 616 540">
     <span class='ocr_line' id='line_1_4' title="bbox 337 483 616 540; baseline -0.011 0"><span class='ocrx_word' id='word_1_23' title='bbox 337 483 566 540; x_wconf 76' lang='lat' dir='ltr'><strong>Stodiam</strong></span> <span class='ocrx_word' id='word_1_24' title='bbox 603 501 616 537; x_wconf 91' lang='lat'><strong>:</strong></span> 
     </span>
    </p>
   </div>
   <div class='ocr_carea' id='block_1_5' title="bbox 407 573 1879 652">
    <p class='ocr_par' dir='ltr' id='par_1_5' title="bbox 407 573 1879 632">
     <span class='ocr_line' id='line_1_5' title="bbox 407 573 1879 632; baseline 0.003 -5"><span class='ocrx_word' id='word_1_25' title='bbox 407 575 458 627; x_wconf 74' lang='grc'><strong>4.</strong></span> <span class='ocrx_word' id='word_1_26' title='bbox 490 573 794 627; x_wconf 85' lang='lat' dir='ltr'><strong>Posuerunt</strong></span> <span class='ocrx_word' id='word_1_27' title='bbox 829 574 1131 628; x_wconf 91' lang='lat' dir='ltr'><strong>morticinia</strong></span> <span class='ocrx_word' id='word_1_28' title='bbox 1169 591 1450 630; x_wconf 81' lang='lat' dir='ltr'><strong>servorum</strong></span> <span class='ocrx_word' id='word_1_29' title='bbox 1499 584 1717 630; x_wconf 91' lang='lat' dir='ltr'><strong>tuorum</strong></span> <span class='ocrx_word' id='word_1_30' title='bbox 1757 592 1879 632; x_wconf 86' lang='lat' dir='ltr'><strong>esca</strong></span> 
     </span>
    </p>
   </div>
   <div class='ocr_carea' id='block_1_6' title="bbox 2104 573 3576 652">
    <p class='ocr_par' dir='ltr' id='par_1_6' title="bbox 2104 577 3576 652">
     <span class='ocr_line' id='line_1_6' title="bbox 2104 577 3576 652; baseline 0.004 -23"><span class='ocrx_word' id='word_1_31' title='bbox 2104 577 2139 629; x_wconf 84' lang='lat' dir='ltr'><strong>l.</strong></span> <span class='ocrx_word' id='word_1_32' title='bbox 2171 577 2393 631; x_wconf 87' lang='grc' dir='ltr'>Ἕθεντο</span> <span class='ocrx_word' id='word_1_33' title='bbox 2413 577 2482 631; x_wconf 89' lang='grc' dir='ltr'><strong>τὰ</strong></span> <span class='ocrx_word' id='word_1_34' title='bbox 2509 578 2805 650; x_wconf 80' lang='grc' dir='ltr'>θνησιμαῖα</span> <span class='ocrx_word' id='word_1_35' title='bbox 2837 579 2943 632; x_wconf 85' lang='grc' dir='ltr'><strong>τῶν</strong></span> <span class='ocrx_word' id='word_1_36' title='bbox 2973 577 3173 633; x_wconf 89' lang='grc' dir='ltr'>δούλων</span> <span class='ocrx_word' id='word_1_37' title='bbox 3207 597 3301 632; x_wconf 91' lang='grc' dir='ltr'>σου</span> <span class='ocrx_word' id='word_1_38' title='bbox 3327 579 3576 652; x_wconf 80' lang='grc' dir='ltr'>βρώματα</span> 
     </span>
    </p>
   </div>
   <div class='ocr_carea' id='block_1_7' title="bbox 337 665 1809 742">
    <p class='ocr_par' dir='ltr' id='par_1_7' title="bbox 337 665 855 718">
     <span class='ocr_line' id='line_1_7' title="bbox 337 665 855 718; baseline 0 0"><span class='ocrx_word' id='word_1_39' title='bbox 337 666 648 718; x_wconf 75' lang='lat' dir='ltr'><strong>volatilibus</strong></span> <span class='ocrx_word' id='word_1_40' title='bbox 681 665 804 718; x_wconf 62' lang='lat' dir='ltr'><strong>caeli</strong></span> <span class='ocrx_word' id='word_1_41' title='bbox 843 683 855 718; x_wconf 90' lang='lat'>:</span> 
     </span>
    </p>
   </div>
   <div class='ocr_carea' id='block_1_8' title="bbox 1349 665 2821 742">
    <p class='ocr_par' dir='ltr' id='par_1_8' title="bbox 2010 669 2821 742">
     <span class='ocr_line' id='line_1_8' title="bbox 2010 669 2821 742; baseline 0.002 -22"><span class='ocrx_word' id='word_1_42' title='bbox 2010 670 2122 731; x_wconf 81' lang='grc' dir='ltr'>τοῖς</span> <span class='ocrx_word' id='word_1_43' title='bbox 2155 673 2416 732; x_wconf 85' lang='grc' dir='ltr'>πετεινοῖς</span> <span class='ocrx_word' id='word_1_44' title='bbox 2437 670 2530 722; x_wconf 81' lang='grc' dir='ltr'>τοῦ</span> <span class='ocrx_word' id='word_1_45' title='bbox 2557 669 2786 742; x_wconf 79' lang='grc' dir='ltr'>ούρανοῦ</span> <span class='ocrx_word' id='word_1_46' title='bbox 2807 688 2821 702; x_wconf 85' lang='grc'><strong>·</strong></span> 
     </span>
    </p>
   </div>
   <div class='ocr_carea' id='block_1_9' title="bbox 406 756 1878 837">
    <p class='ocr_par' dir='ltr' id='par_1_9' title="bbox 406 756 1717 814">
     <span class='ocr_line' id='line_1_9' title="bbox 406 756 1717 814; baseline 0.004 -4"><span class='ocrx_word' id='word_1_47' title='bbox 406 758 458 810; x_wconf 80' lang='grc'><strong>5.</strong></span> <span class='ocrx_word' id='word_1_48' title='bbox 490 756 696 810; x_wconf 83' lang='lat' dir='ltr'><strong>Carnes</strong></span> <span class='ocrx_word' id='word_1_49' title='bbox 726 763 1040 810; x_wconf 90' lang='lat' dir='ltr'><strong>sanctorum</strong></span> <span class='ocrx_word' id='word_1_50' title='bbox 1071 763 1288 808; x_wconf 92' lang='lat' dir='ltr'><strong>tuorum</strong></span> <span class='ocrx_word' id='word_1_51' title='bbox 1321 756 1509 811; x_wconf 76' lang='lat' dir='ltr'><strong>bestiis</strong></span> <span class='ocrx_word' id='word_1_52' title='bbox 1541 766 1717 814; x_wconf 62' lang='lat' dir='ltr'><strong>terra).</strong></span> 
     </span>
    </p>
   </div>
   <div class='ocr_carea' id='block_1_10' title="bbox 2102 756 3574 837">
    <p class='ocr_par' dir='ltr' id='par_1_10' title="bbox 2102 762 3574 837">
     <span class='ocr_line' id='line_1_10' title="bbox 2102 762 3574 837; baseline 0.002 -21"><span class='ocrx_word' id='word_1_53' title='bbox 2102 763 2133 816; x_wconf 74' lang='grc' dir='ltr'><strong>ἲ.</strong></span> <span class='ocrx_word' id='word_1_54' title='bbox 2169 762 2280 825; x_wconf 80' lang='grc' dir='ltr'><strong>Τάς</strong></span> <span class='ocrx_word' id='word_1_55' title='bbox 2301 764 2509 834; x_wconf 79' lang='grc' dir='ltr'><strong>σάρκας</strong></span> <span class='ocrx_word' id='word_1_56' title='bbox 2534 764 2643 818; x_wconf 85' lang='grc' dir='ltr'>τῶν</span> <span class='ocrx_word' id='word_1_57' title='bbox 2663 765 2824 818; x_wconf 82' lang='grc' dir='ltr'>ὁσίων</span> <span class='ocrx_word' id='word_1_58' title='bbox 2849 782 2941 818; x_wconf 92' lang='grc' dir='ltr'>σου</span> <span class='ocrx_word' id='word_1_59' title='bbox 2964 767 3075 828; x_wconf 82' lang='grc' dir='ltr'>τοῖς</span> <span class='ocrx_word' id='word_1_60' title='bbox 3103 765 3314 837; x_wconf 76' lang='grc' dir='ltr'><strong>θηρίοις</strong></span> <span class='ocrx_word' id='word_1_61' title='bbox 3337 766 3438 830; x_wconf 82' lang='grc' dir='ltr'>τῆς</span> <span class='ocrx_word' id='word_1_62' title='bbox 3465 767 3574 836; x_wconf 80' lang='grc' dir='ltr'><strong>τῆς.</strong></span> 
     </span>
    </p>
   </div>
   <div class='ocr_carea' id='block_1_11' title="bbox 408 845 1880 930">
    <p class='ocr_par' dir='ltr' id='par_1_11' title="bbox 408 845 1880 922">
     <span class='ocr_line' id='line_1_11' title="bbox 408 845 1880 922; baseline 0.004 -22"><span class='ocrx_word' id='word_1_63' title='bbox 408 846 459 900; x_wconf 89' lang='grc'><strong>6.</strong></span> <span class='ocrx_word' id='word_1_64' title='bbox 490 845 808 900; x_wconf 76' lang='lat' dir='ltr'><strong>Eﬂ’uderunt</strong></span> <span class='ocrx_word' id='word_1_65' title='bbox 846 845 1162 916; x_wconf 82' lang='lat' dir='ltr'><strong>sanguinem</strong></span> <span class='ocrx_word' id='word_1_66' title='bbox 1208 863 1396 901; x_wconf 89' lang='lat' dir='ltr'><strong>eorum</strong></span> <span class='ocrx_word' id='word_1_67' title='bbox 1427 856 1682 920; x_wconf 79' lang='lat' dir='ltr'><strong>tanquam</strong></span> <span class='ocrx_word' id='word_1_68' title='bbox 1711 867 1880 922; x_wconf 65' lang='lat' dir='ltr'><strong>aquati</strong></span> 
     </span>
    </p>
   </div>
   <div class='ocr_carea' id='block_1_12' title="bbox 2103 845 3575 930">
    <p class='ocr_par' dir='ltr' id='par_1_12' title="bbox 2103 854 3575 930">
     <span class='ocr_line' id='line_1_12' title="bbox 2103 854 3575 930; baseline 0.003 -23"><span class='ocrx_word' id='word_1_69' title='bbox 2103 854 2140 908; x_wconf 73' lang='grc' dir='ltr'><strong>ἲ.</strong></span> <span class='ocrx_word' id='word_1_70' title='bbox 2175 854 2427 925; x_wconf 81' lang='grc' dir='ltr'>Ἐξέχεαν</span> <span class='ocrx_word' id='word_1_71' title='bbox 2478 855 2540 908; x_wconf 80' lang='grc' dir='ltr'><strong>τὸ</strong></span> <span class='ocrx_word' id='word_1_72' title='bbox 2571 854 2713 928; x_wconf 76' lang='grc' dir='ltr'><strong>αἷμα</strong></span> <span class='ocrx_word' id='word_1_73' title='bbox 2739 856 2917 910; x_wconf 78' lang='grc' dir='ltr'>αὐτῶν</span> <span class='ocrx_word' id='word_1_74' title='bbox 2943 857 3076 910; x_wconf 64' lang='grc' dir='ltr'><strong>ιῖιισεὶ⁸</strong></span> <span class='ocrx_word' id='word_1_75' title='bbox 3109 858 3252 930; x_wconf 76' lang='grc' dir='ltr'>ὕδωρ</span> <span class='ocrx_word' id='word_1_76' title='bbox 3297 859 3481 930; x_wconf 84' lang='grc' dir='ltr'><strong>κύκλῳ</strong></span> <span class='ocrx_word' id='word_1_77' title='bbox 3512 859 3575 930; x_wconf 84' lang='grc' dir='ltr'><strong>(α)</strong></span> 
     </span>
    </p>
   </div>
   <div class='ocr_carea' id='block_1_13' title="bbox 337 936 1809 1019">
    <p class='ocr_par' dir='ltr' id='par_1_13' title="bbox 337 936 1052 994">
     <span class='ocr_line' id='line_1_13' title="bbox 337 936 1052 994; baseline 0.003 -3"><span class='ocrx_word' id='word_1_78' title='bbox 337 940 389 992; x_wconf 89' lang='lat' dir='ltr'><strong>in</strong></span> <span class='ocrx_word' id='word_1_79' title='bbox 425 938 656 992; x_wconf 80' lang='lat' dir='ltr'><strong>circuitu</strong></span> <span class='ocrx_word' id='word_1_80' title='bbox 692 936 1052 994; x_wconf 83' lang='lat' dir='ltr'><strong>Hierusalem.</strong></span> 
     </span>
    </p>
   </div>
   <div class='ocr_carea' id='block_1_14' title="bbox 926 936 2398 1019">
    <p class='ocr_par' dir='ltr' id='par_1_14' title="bbox 928 940 2398 1019">
     <span class='ocr_line' id='line_1_14' title="bbox 928 940 2398 1019; baseline 0.007 -27"><span class='ocrx_word' id='word_1_81' title='bbox 928 940 1030 993; x_wconf 91' lang='lat' dir='ltr'><strong>lem</strong></span> <span class='ocrx_word' id='word_1_82' title='bbox 1040 982 1052 994; x_wconf 98' lang='lat'><strong>.</strong></span> <span class='ocrx_word' id='word_1_83' title='bbox 2025 948 2089 1001; x_wconf 80' lang='lat' dir='ltr'><strong>&#39;le</strong></span> <span class='ocrx_word' id='word_1_84' title='bbox 2097 965 2191 1019; x_wconf 87' lang='grc' dir='ltr'>ρου</span> <span class='ocrx_word' id='word_1_85' title='bbox 2199 947 2330 1019; x_wconf 77' lang='grc' dir='ltr'><strong>σαλή</strong></span> <span class='ocrx_word' id='word_1_86' title='bbox 2340 966 2398 1018; x_wconf 84' lang='grc' dir='ltr'><strong>μ.</strong></span> 
     </span>
    </p>
   </div>
   <div class='ocr_carea' id='block_1_15' title="bbox 411 1027 1883 1109">
    <p class='ocr_par' dir='ltr' id='par_1_15' title="bbox 411 1027 1270 1100">
     <span class='ocr_line' id='line_1_15' title="bbox 411 1027 1270 1100; baseline 0.007 -20"><span class='ocrx_word' id='word_1_87' title='bbox 411 1028 462 1082; x_wconf 92' lang='grc'><strong>7.</strong></span> <span class='ocrx_word' id='word_1_88' title='bbox 495 1027 562 1082; x_wconf 88' lang='lat' dir='ltr'><strong>Et</strong></span> <span class='ocrx_word' id='word_1_89' title='bbox 590 1042 696 1082; x_wconf 93' lang='lat' dir='ltr'><strong>non</strong></span> <span class='ocrx_word' id='word_1_90' title='bbox 727 1038 845 1084; x_wconf 86' lang='lat' dir='ltr'><strong>erat</strong></span> <span class='ocrx_word' id='word_1_91' title='bbox 867 1030 961 1100; x_wconf 88' lang='lat' dir='ltr'><strong>qui</strong></span> <span class='ocrx_word' id='word_1_92' title='bbox 992 1032 1270 1100; x_wconf 87' lang='lat' dir='ltr'><strong>sepeliret.</strong></span> 
     </span>
    </p>
   </div>
   <div class='ocr_carea' id='block_1_16' title="bbox 1374 1027 2846 1109">
    <p class='ocr_par' dir='ltr' id='par_1_16' title="bbox 2086 1033 2846 1109">
     <span class='ocr_line' id='line_1_16' title="bbox 2086 1033 2846 1109; baseline 0.007 -20"><span class='ocrx_word' id='word_1_93' title='bbox 2086 1037 2136 1091; x_wconf 90' lang='lat'><strong>7.</strong></span> <span class='ocrx_word' id='word_1_94' title='bbox 2179 1036 2284 1090; x_wconf 76' lang='grc' dir='ltr'><strong>Καὶ</strong></span> <span class='ocrx_word' id='word_1_95' title='bbox 2317 1039 2418 1091; x_wconf 84' lang='grc' dir='ltr'>οὐκ</span> <span class='ocrx_word' id='word_1_96' title='bbox 2446 1033 2514 1109; x_wconf 76' lang='grc' dir='ltr'>ἦν</span> <span class='ocrx_word' id='word_1_97' title='bbox 2545 1039 2574 1092; x_wconf 99' lang='lat'><strong>6</strong></span> <span class='ocrx_word' id='word_1_98' title='bbox 2606 1039 2846 1100; x_wconf 79' lang='grc' dir='ltr'><strong>θάπτων.</strong></span> 
     </span>
    </p>
   </div>
   <div class='ocr_carea' id='block_1_17' title="bbox 407 1115 1879 1207">
    <p class='ocr_par' dir='ltr' id='par_1_17' title="bbox 407 1115 1768 1192">
     <span class='ocr_line' id='line_1_17' title="bbox 407 1115 1768 1192; baseline 0.007 -23"><span class='ocrx_word' id='word_1_99' title='bbox 407 1117 460 1171; x_wconf 82' lang='grc'><strong>8.</strong></span> <span class='ocrx_word' id='word_1_100' title='bbox 496 1115 642 1173; x_wconf 83' lang='lat' dir='ltr'><strong>Facti</strong></span> <span class='ocrx_word' id='word_1_101' title='bbox 675 1135 868 1174; x_wconf 89' lang='lat' dir='ltr'><strong>sumus</strong></span> <span class='ocrx_word' id='word_1_102' title='bbox 897 1122 1255 1192; x_wconf 80' lang='lat' dir='ltr'><strong>Opprobrium</strong></span> <span class='ocrx_word' id='word_1_103' title='bbox 1292 1122 1489 1179; x_wconf 88' lang='lat' dir='ltr'><strong>vicinis</strong></span> <span class='ocrx_word' id='word_1_104' title='bbox 1512 1123 1714 1180; x_wconf 88' lang='lat' dir='ltr'><strong>nostris</strong></span> <span class='ocrx_word' id='word_1_105' title='bbox 1754 1141 1768 1178; x_wconf 90' lang='lat'><strong>:</strong></span> 
     </span>
    </p>
   </div>
   <div class='ocr_carea' id='block_1_18' title="bbox 1909 1115 3381 1207">
    <p class='ocr_par' dir='ltr' id='par_1_18' title="bbox 2085 1130 3381 1207">
     <span class='ocr_line' id='line_1_18' title="bbox 2085 1130 3381 1207; baseline 0.006 -24"><span class='ocrx_word' id='word_1_106' title='bbox 2085 1130 2141 1183; x_wconf 91' lang='lat'><strong>8.</strong></span> <span class='ocrx_word' id='word_1_107' title='bbox 2173 1130 2540 1202; x_wconf 79' lang='grc' dir='ltr'>Ἐγενήθημεν</span> <span class='ocrx_word' id='word_1_108' title='bbox 2562 1131 2762 1197; x_wconf 79' lang='grc' dir='ltr'>ὄνειδος</span> <span class='ocrx_word' id='word_1_109' title='bbox 2789 1136 2901 1198; x_wconf 85' lang='grc' dir='ltr'>τοῖς</span> <span class='ocrx_word' id='word_1_110' title='bbox 2927 1133 3161 1203; x_wconf 78' lang='grc' dir='ltr'><strong>γείτοσιν</strong></span> <span class='ocrx_word' id='word_1_111' title='bbox 3192 1135 3381 1207; x_wconf 82' lang='grc' dir='ltr'><strong>ἡμῶν·</strong></span> 
     </span>
    </p>
   </div>
   <div class='ocr_carea' id='block_1_19' title="bbox 408 1210 1880 1301">
    <p class='ocr_par' dir='ltr' id='par_1_19' title="bbox 408 1210 1880 1288">
     <span class='ocr_line' id='line_1_19' title="bbox 408 1210 1880 1288; baseline 0.005 -23"><span class='ocrx_word' id='word_1_112' title='bbox 408 1211 461 1265; x_wconf 89' lang='grc'><strong>9.</strong></span> <span class='ocrx_word' id='word_1_113' title='bbox 498 1210 867 1268; x_wconf 86' lang='lat' dir='ltr'><strong>Subsannatio</strong></span> <span class='ocrx_word' id='word_1_114' title='bbox 895 1223 947 1269; x_wconf 85' lang='lat' dir='ltr'><strong>et</strong></span> <span class='ocrx_word' id='word_1_115' title='bbox 986 1215 1169 1272; x_wconf 88' lang='lat' dir='ltr'><strong>illusio</strong></span> <span class='ocrx_word' id='word_1_116' title='bbox 1198 1218 1302 1283; x_wconf 90' lang='lat' dir='ltr'><strong>his,</strong></span> <span class='ocrx_word' id='word_1_117' title='bbox 1342 1217 1435 1288; x_wconf 92' lang='lat' dir='ltr'><strong>qui</strong></span> <span class='ocrx_word' id='word_1_118' title='bbox 1465 1218 1519 1272; x_wconf 91' lang='lat' dir='ltr'><strong>in</strong></span> <span class='ocrx_word' id='word_1_119' title='bbox 1555 1218 1784 1274; x_wconf 87' lang='lat' dir='ltr'><strong>circuitu</strong></span> <span class='ocrx_word' id='word_1_120' title='bbox 1812 1234 1880 1272; x_wconf 92' lang='lat' dir='ltr'><strong>no</strong></span> 
     </span>
    </p>
   </div>
   <div class='ocr_carea' id='block_1_20' title="bbox 2103 1210 3575 1301">
    <p class='ocr_par' dir='ltr' id='par_1_20' title="bbox 2103 1223 3575 1301">
     <span class='ocr_line' id='line_1_20' title="bbox 2103 1223 3575 1301; baseline 0.005 -25"><span class='ocrx_word' id='word_1_121' title='bbox 2103 1223 2139 1276; x_wconf 77' lang='grc'><strong>1.</strong></span> <span class='ocrx_word' id='word_1_122' title='bbox 2175 1223 2574 1295; x_wconf 80' lang='grc' dir='ltr'>Μυκτηρισμδς</span> <span class='ocrx_word' id='word_1_123' title='bbox 2607 1224 2702 1278; x_wconf 74' lang='grc' dir='ltr'>καὶ</span> <span class='ocrx_word' id='word_1_124' title='bbox 2729 1225 3033 1297; x_wconf 82' lang='grc' dir='ltr'><strong>χλευασμὸς</strong></span> <span class='ocrx_word' id='word_1_125' title='bbox 3055 1229 3167 1292; x_wconf 86' lang='grc' dir='ltr'>τοῖς</span> <span class='ocrx_word' id='word_1_126' title='bbox 3191 1227 3378 1299; x_wconf 81' lang='grc' dir='ltr'>κύκλῳ</span> <span class='ocrx_word' id='word_1_127' title='bbox 3409 1229 3575 1301; x_wconf 81' lang='grc' dir='ltr'>ἡμῶν.</span> 
     </span>
    </p>
   </div>
   <div class='ocr_carea' id='block_1_21' title="bbox 337 1312 641 1358">
    <p class='ocr_par' dir='ltr' id='par_1_21' title="bbox 337 1312 641 1358">
     <span class='ocr_line' id='line_1_21' title="bbox 337 1312 641 1358; baseline -0.003 -1"><span class='ocrx_word' id='word_1_128' title='bbox 337 1312 456 1357; x_wconf 86' lang='lat' dir='ltr'><strong>stro</strong></span> <span class='ocrx_word' id='word_1_129' title='bbox 490 1312 641 1358; x_wconf 88' lang='lat' dir='ltr'><strong>sunt.</strong></span> 
     </span>
    </p>
   </div>
   <div class='ocr_carea' id='block_1_22' title="bbox 411 1395 1883 1480">
    <p class='ocr_par' dir='ltr' id='par_1_22' title="bbox 411 1395 1770 1466">
     <span class='ocr_line' id='line_1_22' title="bbox 411 1395 1770 1466; baseline 0.001 -18"><span class='ocrx_word' id='word_1_130' title='bbox 411 1395 495 1449; x_wconf 98' lang='grc'><strong>10.</strong></span> <span class='ocrx_word' id='word_1_131' title='bbox 534 1396 850 1466; x_wconf 82' lang='lat' dir='ltr'><strong>Usquequo,</strong></span> <span class='ocrx_word' id='word_1_132' title='bbox 889 1397 1138 1464; x_wconf 88' lang='lat' dir='ltr'><strong>Domine,</strong></span> <span class='ocrx_word' id='word_1_133' title='bbox 1175 1397 1432 1452; x_wconf 89' lang='lat' dir='ltr'><strong>irasceris</strong></span> <span class='ocrx_word' id='word_1_134' title='bbox 1467 1398 1519 1450; x_wconf 94' lang='lat' dir='ltr'><strong>in</strong></span> <span class='ocrx_word' id='word_1_135' title='bbox 1557 1397 1714 1451; x_wconf 88' lang='lat' dir='ltr'><strong>linem</strong></span> <span class='ocrx_word' id='word_1_136' title='bbox 1747 1397 1770 1449; x_wconf 67' lang='grc' dir='ltr'>ί</span> 
     </span>
    </p>
   </div>
   <div class='ocr_carea' id='block_1_23' title="bbox 1978 1395 3450 1480">
    <p class='ocr_par' dir='ltr' id='par_1_23' title="bbox 2086 1402 3450 1480">
     <span class='ocr_line' id='line_1_23' title="bbox 2086 1402 3450 1480; baseline 0.005 -25"><span class='ocrx_word' id='word_1_137' title='bbox 2086 1402 2172 1456; x_wconf 93' lang='grc'><strong>10.</strong></span> <span class='ocrx_word' id='word_1_138' title='bbox 2216 1403 2360 1469; x_wconf 88' lang='grc' dir='ltr'>Ἕως</span> <span class='ocrx_word' id='word_1_139' title='bbox 2391 1403 2543 1465; x_wconf 85' lang='grc' dir='ltr'>πότε,</span> <span class='ocrx_word' id='word_1_140' title='bbox 2581 1403 2775 1476; x_wconf 82' lang='grc' dir='ltr'>Κύριε,</span> <span class='ocrx_word' id='word_1_141' title='bbox 2811 1404 3114 1480; x_wconf 81' lang='grc' dir='ltr'>ὀργισθήσῃ</span> <span class='ocrx_word' id='word_1_142' title='bbox 3147 1407 3228 1472; x_wconf 86' lang='grc' dir='ltr'>είς</span> <span class='ocrx_word' id='word_1_143' title='bbox 3261 1407 3450 1475; x_wconf 74' lang='grc' dir='ltr'>τέλοςς</span> 
     </span>
    </p>
   </div>
   <div class='ocr_carea' id='block_1_24' title="bbox 411 1487 1883 1569">
    <p class='ocr_par' dir='ltr' id='par_1_24' title="bbox 411 1487 1601 1559">
     <span class='ocr_line' id='line_1_24' title="bbox 411 1487 1601 1559; baseline 0.001 -19"><span class='ocrx_word' id='word_1_144' title='bbox 411 1487 498 1540; x_wconf 92' lang='grc'><strong>11.</strong></span> <span class='ocrx_word' id='word_1_145' title='bbox 535 1487 880 1543; x_wconf 78' lang='lat' dir='ltr'><strong>Accendetur</strong></span> <span class='ocrx_word' id='word_1_146' title='bbox 905 1490 1052 1544; x_wconf 69' lang='lat' dir='ltr'><strong>velut</strong></span> <span class='ocrx_word' id='word_1_147' title='bbox 1084 1490 1220 1559; x_wconf 81' lang='lat' dir='ltr'><strong>ignis</strong></span> <span class='ocrx_word' id='word_1_148' title='bbox 1255 1492 1404 1545; x_wconf 87' lang='lat' dir='ltr'><strong>zelus</strong></span> <span class='ocrx_word' id='word_1_149' title='bbox 1429 1490 1601 1543; x_wconf 86' lang='lat' dir='ltr'><strong>tuus?</strong></span> 
     </span>
    </p>
   </div>
   <div class='ocr_carea' id='block_1_25' title="bbox 1788 1487 3260 1569">
    <p class='ocr_par' dir='ltr' id='par_1_25' title="bbox 2086 1494 3260 1569">
     <span class='ocr_line' id='line_1_25' title="bbox 2086 1494 3260 1569; baseline 0.006 -22"><span class='ocrx_word' id='word_1_150' title='bbox 2086 1494 2174 1548; x_wconf 89' lang='grc'><strong>11.</strong></span> <span class='ocrx_word' id='word_1_151' title='bbox 2203 1494 2639 1567; x_wconf 80' lang='grc' dir='ltr'>Ἐκκαυθήσεται</span> <span class='ocrx_word' id='word_1_152' title='bbox 2663 1495 2738 1559; x_wconf 81' lang='grc' dir='ltr'><strong>ὡς</strong></span> <span class='ocrx_word' id='word_1_153' title='bbox 2763 1495 2874 1569; x_wconf 79' lang='grc' dir='ltr'>πῦρ</span> <span class='ocrx_word' id='word_1_154' title='bbox 2899 1499 2926 1550; x_wconf 88' lang='lat'><strong>6</strong></span> <span class='ocrx_word' id='word_1_155' title='bbox 2949 1496 3107 1569; x_wconf 77' lang='grc' dir='ltr'><strong>ζῆλός</strong></span> <span class='ocrx_word' id='word_1_156' title='bbox 3135 1516 3260 1565; x_wconf 78' lang='grc' dir='ltr'>σους</span> 
     </span>
    </p>
   </div>
   <div class='ocr_carea' id='block_1_26' title="bbox 417 1577 1889 1672">
    <p class='ocr_par' dir='ltr' id='par_1_26' title="bbox 417 1577 1889 1651">
     <span class='ocr_line' id='line_1_26' title="bbox 417 1577 1889 1651; baseline 0.001 -22"><span class='ocrx_word' id='word_1_157' title='bbox 417 1577 502 1631; x_wconf 69' lang='grc' dir='ltr'>ιε.</span> <span class='ocrx_word' id='word_1_158' title='bbox 537 1577 765 1633; x_wconf 79' lang='lat' dir='ltr'><strong>Etfunde</strong></span> <span class='ocrx_word' id='word_1_159' title='bbox 817 1579 954 1634; x_wconf 86' lang='lat' dir='ltr'><strong>iram</strong></span> <span class='ocrx_word' id='word_1_160' title='bbox 994 1588 1147 1634; x_wconf 87' lang='lat' dir='ltr'><strong>tuam</strong></span> <span class='ocrx_word' id='word_1_161' title='bbox 1194 1579 1247 1633; x_wconf 91' lang='lat' dir='ltr'><strong>in</strong></span> <span class='ocrx_word' id='word_1_162' title='bbox 1293 1589 1503 1649; x_wconf 76' lang='lat' dir='ltr'><strong>gentes,</strong></span> <span class='ocrx_word' id='word_1_163' title='bbox 1548 1594 1670 1651; x_wconf 65' lang='lat' dir='ltr'><strong>qua:</strong></span> <span class='ocrx_word' id='word_1_164' title='bbox 1709 1586 1763 1632; x_wconf 91' lang='lat' dir='ltr'><strong>te</strong></span> <span class='ocrx_word' id='word_1_165' title='bbox 1805 1591 1889 1631; x_wconf 84' lang='lat' dir='ltr'><strong>nul</strong></span> 
     </span>
    </p>
   </div>
   <div class='ocr_carea' id='block_1_27' title="bbox 2107 1577 3579 1672">
    <p class='ocr_par' dir='ltr' id='par_1_27' title="bbox 2107 1587 3579 1672">
     <span class='ocr_line' id='line_1_27' title="bbox 2107 1587 3579 1672; baseline 0.006 -33"><span class='ocrx_word' id='word_1_166' title='bbox 2107 1587 2175 1640; x_wconf 74' lang='lat'><strong>12.</strong></span> <span class='ocrx_word' id='word_1_167' title='bbox 2211 1587 2438 1658; x_wconf 82' lang='grc' dir='ltr'>Ἔκχεον</span> <span class='ocrx_word' id='word_1_168' title='bbox 2468 1587 2568 1658; x_wconf 81' lang='grc' dir='ltr'><strong>τὴν</strong></span> <span class='ocrx_word' id='word_1_169' title='bbox 2594 1587 2762 1659; x_wconf 83' lang='grc' dir='ltr'>ὀργήν</span> <span class='ocrx_word' id='word_1_170' title='bbox 2798 1604 2889 1641; x_wconf 90' lang='grc' dir='ltr'>σου</span> <span class='ocrx_word' id='word_1_171' title='bbox 2916 1591 3007 1644; x_wconf 76' lang='grc' dir='ltr'><strong>ἐπὶ</strong></span> <span class='ocrx_word' id='word_1_172' title='bbox 3035 1590 3104 1645; x_wconf 82' lang='grc' dir='ltr'>τὰ</span> <span class='ocrx_word' id='word_1_173' title='bbox 3131 1591 3283 1663; x_wconf 79' lang='grc' dir='ltr'>ἔθνη,</span> <span class='ocrx_word' id='word_1_174' title='bbox 3313 1590 3482 1672; x_wconf 56' lang='grc' dir='ltr'><strong>τὰμὴ</strong></span> <span class='ocrx_word' id='word_1_175' title='bbox 3503 1610 3579 1662; x_wconf 83' lang='grc' dir='ltr'><strong>γι-</strong></span> 
     </span>
    </p>
   </div>
   <div class='ocr_carea' id='block_1_28' title="bbox 339 1676 1811 1734">
    <p class='ocr_par' dir='ltr' id='par_1_28' title="bbox 339 1676 630 1729">
     <span class='ocr_line' id='line_1_28' title="bbox 339 1676 630 1729; baseline 0.003 -9"><span class='ocrx_word' id='word_1_176' title='bbox 339 1676 630 1729; x_wconf 77' lang='lat' dir='ltr'><strong>noverunt,</strong></span> 
     </span>
    </p>
   </div>
   <div class='ocr_carea' id='block_1_29' title="bbox 926 1676 2398 1734">
    <p class='ocr_par' dir='ltr' id='par_1_29' title="bbox 2015 1677 2398 1734">
     <span class='ocr_line' id='line_1_29' title="bbox 2015 1677 2398 1734; baseline 0.008 -3"><span class='ocrx_word' id='word_1_177' title='bbox 2015 1677 2294 1733; x_wconf 86' lang='grc' dir='ltr'>νώσκοντά</span> <span class='ocrx_word' id='word_1_178' title='bbox 2321 1697 2398 1734; x_wconf 89' lang='grc' dir='ltr'>σε.</span> 
     </span>
    </p>
   </div>
   <div class='ocr_carea' id='block_1_30' title="bbox 415 1744 1887 1849">
    <p class='ocr_par' dir='ltr' id='par_1_30' title="bbox 415 1756 1882 1828">
     <span class='ocr_line' id='line_1_30' title="bbox 415 1756 1882 1828; baseline 0 -19"><span class='ocrx_word' id='word_1_179' title='bbox 415 1757 500 1811; x_wconf 81' lang='grc'><strong>15.</strong></span> <span class='ocrx_word' id='word_1_180' title='bbox 539 1758 608 1813; x_wconf 80' lang='lat' dir='ltr'><strong>Et</strong></span> <span class='ocrx_word' id='word_1_181' title='bbox 650 1757 704 1811; x_wconf 91' lang='lat' dir='ltr'><strong>in</strong></span> <span class='ocrx_word' id='word_1_182' title='bbox 737 1772 924 1828; x_wconf 78' lang='lat' dir='ltr'><strong>regna,</strong></span> <span class='ocrx_word' id='word_1_183' title='bbox 955 1773 1078 1827; x_wconf 76' lang='lat' dir='ltr'><strong>qua:</strong></span> <span class='ocrx_word' id='word_1_184' title='bbox 1115 1771 1311 1811; x_wconf 90' lang='lat' dir='ltr'><strong>nomen</strong></span> <span class='ocrx_word' id='word_1_185' title='bbox 1355 1765 1510 1812; x_wconf 90' lang='lat' dir='ltr'><strong>tuum</strong></span> <span class='ocrx_word' id='word_1_186' title='bbox 1555 1772 1662 1810; x_wconf 93' lang='lat' dir='ltr'><strong>non</strong></span> <span class='ocrx_word' id='word_1_187' title='bbox 1692 1756 1882 1810; x_wconf 82' lang='lat' dir='ltr'><strong>invoca</strong></span> 
     </span>
    </p>
   </div>
   <div class='ocr_carea' id='block_1_31' title="bbox 2109 1744 3581 1849">
    <p class='ocr_par' dir='ltr' id='par_1_31' title="bbox 2109 1771 3581 1849">
     <span class='ocr_line' id='line_1_31' title="bbox 2109 1771 3581 1849; baseline 0.006 -26"><span class='ocrx_word' id='word_1_188' title='bbox 2109 1771 2180 1824; x_wconf 79' lang='lat' dir='ltr'><strong>l3.</strong></span> <span class='ocrx_word' id='word_1_189' title='bbox 2206 1772 2318 1826; x_wconf 78' lang='grc' dir='ltr'>Καὶ</span> <span class='ocrx_word' id='word_1_190' title='bbox 2347 1772 2440 1826; x_wconf 76' lang='grc' dir='ltr'><strong>ἐπὶ</strong></span> <span class='ocrx_word' id='word_1_191' title='bbox 2472 1774 2764 1846; x_wconf 78' lang='grc' dir='ltr'><strong>βασιλείας,</strong></span> <span class='ocrx_word' id='word_1_192' title='bbox 2795 1776 2852 1829; x_wconf 82' lang='grc' dir='ltr'><strong>αἶ</strong></span> <span class='ocrx_word' id='word_1_193' title='bbox 2879 1774 2941 1830; x_wconf 81' lang='grc' dir='ltr'>τὺ</span> <span class='ocrx_word' id='word_1_194' title='bbox 2970 1775 3140 1849; x_wconf 74' lang='grc' dir='ltr'>ὄνομά</span> <span class='ocrx_word' id='word_1_195' title='bbox 3160 1795 3253 1831; x_wconf 89' lang='grc' dir='ltr'>σου</span> <span class='ocrx_word' id='word_1_196' title='bbox 3275 1777 3581 1841; x_wconf 62' lang='grc' dir='ltr'>οὐκεπεκα-</span> 
     </span>
    </p>
   </div>
   <div class='ocr_carea' id='block_1_32' title="bbox 339 1857 1811 1917">
    <p class='ocr_par' dir='ltr' id='par_1_32' title="bbox 339 1857 555 1904">
     <span class='ocr_line' id='line_1_32' title="bbox 339 1857 555 1904; baseline 0 -2"><span class='ocrx_word' id='word_1_197' title='bbox 339 1857 555 1904; x_wconf 68' lang='lat' dir='ltr'><strong>Verunt.</strong></span> 
     </span>
    </p>
   </div>
   <div class='ocr_carea' id='block_1_33' title="bbox 792 1857 2264 1917">
    <p class='ocr_par' dir='ltr' id='par_1_33' title="bbox 2021 1861 2264 1917">
     <span class='ocr_line' id='line_1_33' title="bbox 2021 1861 2264 1917; baseline 0.016 -4"><span class='ocrx_word' id='word_1_198' title='bbox 2021 1861 2077 1914; x_wconf 81' lang='grc' dir='ltr'><strong>λέ</strong></span> <span class='ocrx_word' id='word_1_199' title='bbox 2085 1879 2264 1917; x_wconf 86' lang='grc' dir='ltr'>σαντο.</span> 
     </span>
    </p>
   </div>
   <div class='ocr_carea' id='block_1_34' title="bbox 412 1934 1884 2030">
    <p class='ocr_par' dir='ltr' id='par_1_34' title="bbox 412 1934 1880 2007">
     <span class='ocr_line' id='line_1_34' title="bbox 412 1934 1880 2007; baseline -0.005 -13"><span class='ocrx_word' id='word_1_200' title='bbox 412 1940 500 1995; x_wconf 68' lang='grc'><strong>11.</strong></span> <span class='ocrx_word' id='word_1_201' title='bbox 532 1940 672 2007; x_wconf 87' lang='lat' dir='ltr'><strong>Quia</strong></span> <span class='ocrx_word' id='word_1_202' title='bbox 705 1936 1061 1993; x_wconf 86' lang='lat' dir='ltr'><strong>comederunt</strong></span> <span class='ocrx_word' id='word_1_203' title='bbox 1092 1935 1284 2001; x_wconf 87' lang='lat' dir='ltr'><strong>Jacob,</strong></span> <span class='ocrx_word' id='word_1_204' title='bbox 1311 1945 1364 1990; x_wconf 91' lang='lat' dir='ltr'><strong>et</strong></span> <span class='ocrx_word' id='word_1_205' title='bbox 1392 1937 1573 1991; x_wconf 90' lang='lat' dir='ltr'><strong>locum</strong></span> <span class='ocrx_word' id='word_1_206' title='bbox 1611 1935 1730 2005; x_wconf 84' lang='lat' dir='ltr'><strong>ejus</strong></span> <span class='ocrx_word' id='word_1_207' title='bbox 1751 1934 1880 1988; x_wconf 87' lang='lat' dir='ltr'><strong>deso</strong></span> 
     </span>
    </p>
   </div>
   <div class='ocr_carea' id='block_1_35' title="bbox 2108 1934 3580 2030">
    <p class='ocr_par' dir='ltr' id='par_1_35' title="bbox 2108 1954 3580 2030">
     <span class='ocr_line' id='line_1_35' title="bbox 2108 1954 3580 2030; baseline 0.007 -24"><span class='ocrx_word' id='word_1_208' title='bbox 2108 1954 2181 2008; x_wconf 72' lang='grc' dir='ltr'><strong>[Δ.</strong></span> <span class='ocrx_word' id='word_1_209' title='bbox 2214 1956 2336 2010; x_wconf 88' lang='grc' dir='ltr'>Ὅτι</span> <span class='ocrx_word' id='word_1_210' title='bbox 2370 1958 2676 2030; x_wconf 80' lang='grc' dir='ltr'><strong>κατέφαγον</strong></span> <span class='ocrx_word' id='word_1_211' title='bbox 2701 1960 2790 2014; x_wconf 82' lang='grc' dir='ltr'>τδν</span> <span class='ocrx_word' id='word_1_212' title='bbox 2811 1961 3022 2021; x_wconf 77' lang='grc' dir='ltr'><strong>Ἰακὼϐ.</strong></span> <span class='ocrx_word' id='word_1_213' title='bbox 3059 1963 3151 2016; x_wconf 74' lang='grc' dir='ltr'><strong>καὶ</strong></span> <span class='ocrx_word' id='word_1_214' title='bbox 3179 1964 3272 2017; x_wconf 85' lang='grc' dir='ltr'><strong>τὸν</strong></span> <span class='ocrx_word' id='word_1_215' title='bbox 3300 1963 3466 2028; x_wconf 69' lang='grc' dir='ltr'>τόπον</span> <span class='ocrx_word' id='word_1_216' title='bbox 3492 1965 3580 2024; x_wconf 82' lang='grc' dir='ltr'><strong>αὺ-</strong></span> 
     </span>
    </p>
   </div>
   <div class='ocr_carea' id='block_1_36' title="bbox 340 2031 1812 2120">
    <p class='ocr_par' dir='ltr' id='par_1_36' title="bbox 340 2031 1557 2087">
     <span class='ocr_line' id='line_1_36' title="bbox 340 2031 1557 2087; baseline -0.007 0"><span class='ocrx_word' id='word_1_217' title='bbox 340 2031 612 2087; x_wconf 81' lang='lat' dir='ltr'><strong>laverunt.</strong></span> <span class='ocrx_word' id='word_1_218' title='bbox 1553 2065 1557 2078; x_wconf 81' lang='lat'><strong>.</strong></span> 
     </span>
    </p>
   </div>
   <div class='ocr_carea' id='block_1_37' title="bbox 998 2031 2470 2120">
    <p class='ocr_par' dir='ltr' id='par_1_37' title="bbox 1553 2045 2470 2120">
     <span class='ocr_line' id='line_1_37' title="bbox 1553 2045 2470 2120; baseline 0.009 -23"><span class='ocrx_word' id='word_1_219' title='bbox 1553 2065 1557 2078; x_wconf 68' lang='grc' dir='ltr'><strong>ι</strong></span> <span class='ocrx_word' id='word_1_220' title='bbox 2022 2045 2116 2099; x_wconf 82' lang='grc' dir='ltr'>τοῦ</span> <span class='ocrx_word' id='word_1_221' title='bbox 2149 2049 2470 2120; x_wconf 78' lang='grc' dir='ltr'>ὴρήμωσαν.</span> 
     </span>
    </p>
   </div>
   <div class='ocr_carea' id='block_1_38' title="bbox 412 2124 1884 2218">
    <p class='ocr_par' dir='ltr' id='par_1_38' title="bbox 412 2124 1882 2197">
     <span class='ocr_line' id='line_1_38' title="bbox 412 2124 1882 2197; baseline -0.001 -17"><span class='ocrx_word' id='word_1_222' title='bbox 412 2127 501 2182; x_wconf 80' lang='grc'><strong>15.</strong></span> <span class='ocrx_word' id='word_1_223' title='bbox 529 2125 607 2182; x_wconf 90' lang='lat' dir='ltr'><strong>Ne</strong></span> <span class='ocrx_word' id='word_1_224' title='bbox 645 2127 964 2183; x_wconf 87' lang='lat' dir='ltr'><strong>memineris</strong></span> <span class='ocrx_word' id='word_1_225' title='bbox 1008 2125 1358 2197; x_wconf 90' lang='lat' dir='ltr'><strong>iniquitatum</strong></span> <span class='ocrx_word' id='word_1_226' title='bbox 1407 2132 1722 2180; x_wconf 87' lang='lat' dir='ltr'><strong>nostrarum</strong></span> <span class='ocrx_word' id='word_1_227' title='bbox 1769 2124 1882 2178; x_wconf 90' lang='lat' dir='ltr'><strong>anti</strong></span> 
     </span>
    </p>
   </div>
   <div class='ocr_carea' id='block_1_39' title="bbox 1874 2124 3346 2218">
    <p class='ocr_par' dir='ltr' id='par_1_39' title="bbox 1874 2124 3346 2218">
     <span class='ocr_line' id='line_1_39' title="bbox 1874 2124 3346 2218; baseline 0.005 -26"><span class='ocrx_word' id='word_1_228' title='bbox 1874 2124 1914 2178; x_wconf 70' lang='lat' dir='ltr'><strong>i‘</strong></span> <span class='ocrx_word' id='word_1_229' title='bbox 2095 2139 2180 2194; x_wconf 80' lang='grc'><strong>15.</strong></span> <span class='ocrx_word' id='word_1_230' title='bbox 2206 2142 2296 2213; x_wconf 79' lang='grc' dir='ltr'><strong>Μὴ</strong></span> <span class='ocrx_word' id='word_1_231' title='bbox 2330 2143 2572 2216; x_wconf 77' lang='grc' dir='ltr'>μνησθῇς</span> <span class='ocrx_word' id='word_1_232' title='bbox 2605 2145 2760 2216; x_wconf 76' lang='grc' dir='ltr'><strong>ἡμῶν</strong></span> <span class='ocrx_word' id='word_1_233' title='bbox 2788 2146 3024 2217; x_wconf 80' lang='grc' dir='ltr'><strong>ἀνομιῶν</strong></span> <span class='ocrx_word' id='word_1_234' title='bbox 3056 2147 3346 2218; x_wconf 76' lang='grc' dir='ltr'>ἀρχαίωνο-</span> 
     </span>
    </p>
   </div>
   <div class='ocr_carea' id='block_1_40' title="bbox 338 2233 618 2288">
    <p class='ocr_par' dir='ltr' id='par_1_40' title="bbox 338 2233 618 2288">
     <span class='ocr_line' id='line_1_40' title="bbox 338 2233 618 2288; baseline 0.014 -19"><span class='ocrx_word' id='word_1_235' title='bbox 338 2233 572 2288; x_wconf 89' lang='lat' dir='ltr'><strong>quarum</strong></span> <span class='ocrx_word' id='word_1_236' title='bbox 604 2237 618 2273; x_wconf 89' lang='lat'><strong>:</strong></span> 
     </span>
    </p>
   </div>
   <div class='ocr_carea' id='block_1_41' title="bbox 411 2305 1883 2400">
    <p class='ocr_par' dir='ltr' id='par_1_41' title="bbox 411 2305 1883 2376">
     <span class='ocr_line' id='line_1_41' title="bbox 411 2305 1883 2376; baseline -0.001 -14"><span class='ocrx_word' id='word_1_237' title='bbox 411 2308 501 2364; x_wconf 89' lang='grc'><strong>16.</strong></span> <span class='ocrx_word' id='word_1_238' title='bbox 529 2308 651 2364; x_wconf 81' lang='lat' dir='ltr'><strong>Cito</strong></span> <span class='ocrx_word' id='word_1_239' title='bbox 691 2307 988 2376; x_wconf 88' lang='lat' dir='ltr'><strong>anticipent</strong></span> <span class='ocrx_word' id='word_1_240' title='bbox 1038 2321 1140 2362; x_wconf 91' lang='lat' dir='ltr'><strong>nos</strong></span> <span class='ocrx_word' id='word_1_241' title='bbox 1193 2305 1582 2362; x_wconf 66' lang='lat' dir='ltr'><strong>misericordiae</strong></span> <span class='ocrx_word' id='word_1_242' title='bbox 1635 2315 1761 2371; x_wconf 67' lang='lat' dir='ltr'><strong>tuae,</strong></span> <span class='ocrx_word' id='word_1_243' title='bbox 1805 2305 1883 2360; x_wconf 94' lang='lat' dir='ltr'><strong>Do</strong></span> 
     </span>
    </p>
   </div>
   <div class='ocr_carea' id='block_1_42' title="bbox 2113 2305 3585 2400">
    <p class='ocr_par' dir='ltr' id='par_1_42' title="bbox 2113 2317 3585 2400">
     <span class='ocr_line' id='line_1_42' title="bbox 2113 2317 3585 2400; baseline 0.007 -31"><span class='ocrx_word' id='word_1_244' title='bbox 2113 2317 2181 2370; x_wconf 80' lang='lat' dir='ltr'><strong>l6.</strong></span> <span class='ocrx_word' id='word_1_245' title='bbox 2218 2317 2367 2388; x_wconf 83' lang='grc' dir='ltr'><strong>Ταχὺ</strong></span> <span class='ocrx_word' id='word_1_246' title='bbox 2409 2322 2971 2391; x_wconf 78' lang='grc' dir='ltr'>προκαταλαϐἐτωσαν</span> <span class='ocrx_word' id='word_1_247' title='bbox 3025 2325 3174 2396; x_wconf 80' lang='grc' dir='ltr'><strong>ἡμᾶς</strong></span> <span class='ocrx_word' id='word_1_248' title='bbox 3223 2325 3272 2378; x_wconf 86' lang='grc' dir='ltr'>οί</span> <span class='ocrx_word' id='word_1_249' title='bbox 3324 2325 3585 2400; x_wconf 57' lang='grc' dir='ltr'>οἰκτιρμοί</span> 
     </span>
    </p>
   </div>
   <div class='ocr_carea' id='block_1_43' title="bbox 340 2400 1812 2478">
    <p class='ocr_par' dir='ltr' id='par_1_43' title="bbox 340 2400 526 2454">
     <span class='ocr_line' id='line_1_43' title="bbox 340 2400 526 2454; baseline 0 0"><span class='ocrx_word' id='word_1_250' title='bbox 340 2400 486 2454; x_wconf 89' lang='lat' dir='ltr'><strong>mine</strong></span> <span class='ocrx_word' id='word_1_251' title='bbox 513 2418 526 2454; x_wconf 94' lang='lat'><strong>:</strong></span> 
     </span>
    </p>
   </div>
   <div class='ocr_carea' id='block_1_44' title="bbox 899 2400 2371 2478">
    <p class='ocr_par' dir='ltr' id='par_1_44' title="bbox 2022 2407 2371 2478">
     <span class='ocr_line' id='line_1_44' title="bbox 2022 2407 2371 2478; baseline 0.009 -20"><span class='ocrx_word' id='word_1_252' title='bbox 2022 2424 2137 2470; x_wconf 86' lang='grc' dir='ltr'>σου,</span> <span class='ocrx_word' id='word_1_253' title='bbox 2169 2407 2340 2478; x_wconf 81' lang='grc' dir='ltr'>Κύριε</span> <span class='ocrx_word' id='word_1_254' title='bbox 2359 2426 2371 2440; x_wconf 93' lang='grc'><strong>·</strong></span> 
     </span>
    </p>
   </div>
   <div class='ocr_carea' id='block_1_45' title="bbox 411 2485 1883 2577">
    <p class='ocr_par' dir='ltr' id='par_1_45' title="bbox 411 2485 1558 2561">
     <span class='ocr_line' id='line_1_45' title="bbox 411 2485 1558 2561; baseline -0.008 -13"><span class='ocrx_word' id='word_1_255' title='bbox 411 2492 500 2548; x_wconf 90' lang='grc'><strong>17.</strong></span> <span class='ocrx_word' id='word_1_256' title='bbox 535 2491 674 2559; x_wconf 84' lang='lat' dir='ltr'><strong>Quia</strong></span> <span class='ocrx_word' id='word_1_257' title='bbox 696 2506 965 2561; x_wconf 83' lang='lat' dir='ltr'><strong>pauperes</strong></span> <span class='ocrx_word' id='word_1_258' title='bbox 997 2489 1126 2544; x_wconf 84' lang='lat' dir='ltr'><strong>facti</strong></span> <span class='ocrx_word' id='word_1_259' title='bbox 1154 2502 1347 2543; x_wconf 89' lang='lat' dir='ltr'><strong>sumus</strong></span> <span class='ocrx_word' id='word_1_260' title='bbox 1371 2485 1558 2540; x_wconf 90' lang='lat' dir='ltr'><strong>nimis.</strong></span> 
     </span>
    </p>
   </div>
   <div class='ocr_carea' id='block_1_46' title="bbox 1575 2485 3047 2577">
    <p class='ocr_par' dir='ltr' id='par_1_46' title="bbox 2096 2498 3047 2577">
     <span class='ocr_line' id='line_1_46' title="bbox 2096 2498 3047 2577; baseline 0.009 -27"><span class='ocrx_word' id='word_1_261' title='bbox 2096 2498 2182 2551; x_wconf 89' lang='grc'><strong>17.</strong></span> <span class='ocrx_word' id='word_1_262' title='bbox 2221 2499 2342 2553; x_wconf 81' lang='grc' dir='ltr'>Ὅτι</span> <span class='ocrx_word' id='word_1_263' title='bbox 2375 2502 2796 2574; x_wconf 80' lang='grc' dir='ltr'>ὲπτωχεύσαμεν</span> <span class='ocrx_word' id='word_1_264' title='bbox 2828 2505 3047 2577; x_wconf 80' lang='grc' dir='ltr'><strong>σφόδρα.</strong></span> 
     </span>
    </p>
   </div>
   <div class='ocr_carea' id='block_1_47' title="bbox 412 2580 1884 2669">
    <p class='ocr_par' dir='ltr' id='par_1_47' title="bbox 412 2580 1613 2653">
     <span class='ocr_line' id='line_1_47' title="bbox 412 2580 1613 2653; baseline -0.003 -18"><span class='ocrx_word' id='word_1_265' title='bbox 412 2583 500 2636; x_wconf 88' lang='grc'><strong>18.</strong></span> <span class='ocrx_word' id='word_1_266' title='bbox 533 2582 742 2653; x_wconf 81' lang='lat' dir='ltr'><strong>Adjuva</strong></span> <span class='ocrx_word' id='word_1_267' title='bbox 777 2598 899 2644; x_wconf 89' lang='lat' dir='ltr'><strong>nos,</strong></span> <span class='ocrx_word' id='word_1_268' title='bbox 931 2581 1074 2636; x_wconf 89' lang='lat' dir='ltr'><strong>Deus</strong></span> <span class='ocrx_word' id='word_1_269' title='bbox 1103 2580 1359 2635; x_wconf 88' lang='lat' dir='ltr'><strong>salutaris</strong></span> <span class='ocrx_word' id='word_1_270' title='bbox 1379 2587 1565 2632; x_wconf 88' lang='lat' dir='ltr'><strong>noster</strong></span> <span class='ocrx_word' id='word_1_271' title='bbox 1598 2596 1613 2632; x_wconf 88' lang='lat'><strong>:</strong></span> 
     </span>
    </p>
   </div>
   <div class='ocr_carea' id='block_1_48' title="bbox 1917 2580 3389 2669">
    <p class='ocr_par' dir='ltr' id='par_1_48' title="bbox 2093 2588 3389 2669">
     <span class='ocr_line' id='line_1_48' title="bbox 2093 2588 3389 2669; baseline 0.008 -28"><span class='ocrx_word' id='word_1_272' title='bbox 2093 2588 2181 2642; x_wconf 88' lang='grc'><strong>18.</strong></span> <span class='ocrx_word' id='word_1_273' title='bbox 2209 2590 2484 2662; x_wconf 82' lang='grc' dir='ltr'>Βοήθησον</span> <span class='ocrx_word' id='word_1_274' title='bbox 2513 2594 2674 2663; x_wconf 79' lang='grc' dir='ltr'><strong>ἡμῖν,</strong></span> <span class='ocrx_word' id='word_1_275' title='bbox 2707 2597 2736 2648; x_wconf 91' lang='lat'><strong>6</strong></span> <span class='ocrx_word' id='word_1_276' title='bbox 2763 2595 2892 2658; x_wconf 84' lang='grc' dir='ltr'>Θεὸς</span> <span class='ocrx_word' id='word_1_277' title='bbox 2922 2598 2951 2649; x_wconf 88' lang='lat'><strong>6</strong></span> <span class='ocrx_word' id='word_1_278' title='bbox 2972 2597 3160 2669; x_wconf 80' lang='grc' dir='ltr'>Σωτὴρ</span> <span class='ocrx_word' id='word_1_279' title='bbox 3191 2597 3389 2669; x_wconf 58' lang='grc' dir='ltr'><strong>ήμῶνθ-</strong></span> 
     </span>
    </p>
   </div>
   <div class='ocr_carea' id='block_1_49' title="bbox 413 2669 1885 2761">
    <p class='ocr_par' dir='ltr' id='par_1_49' title="bbox 413 2669 1884 2746">
     <span class='ocr_line' id='line_1_49' title="bbox 413 2669 1884 2746; baseline -0.003 -20"><span class='ocrx_word' id='word_1_280' title='bbox 413 2672 500 2729; x_wconf 90' lang='grc'><strong>19.</strong></span> <span class='ocrx_word' id='word_1_281' title='bbox 527 2673 755 2745; x_wconf 86' lang='lat' dir='ltr'><strong>Propter</strong></span> <span class='ocrx_word' id='word_1_282' title='bbox 789 2674 1014 2746; x_wconf 77' lang='lat' dir='ltr'><strong>gloriam</strong></span> <span class='ocrx_word' id='word_1_283' title='bbox 1053 2671 1292 2726; x_wconf 89' lang='lat' dir='ltr'><strong>nominis</strong></span> <span class='ocrx_word' id='word_1_284' title='bbox 1332 2671 1433 2735; x_wconf 93' lang='lat' dir='ltr'><strong>tui,</strong></span> <span class='ocrx_word' id='word_1_285' title='bbox 1459 2669 1708 2735; x_wconf 88' lang='lat' dir='ltr'><strong>Domine,</strong></span> <span class='ocrx_word' id='word_1_286' title='bbox 1748 2669 1884 2724; x_wconf 89' lang='lat' dir='ltr'><strong>liber</strong></span> 
     </span>
    </p>
   </div>
   <div class='ocr_carea' id='block_1_50' title="bbox 2111 2669 3583 2761">
    <p class='ocr_par' dir='ltr' id='par_1_50' title="bbox 2111 2680 3583 2761">
     <span class='ocr_line' id='line_1_50' title="bbox 2111 2680 3583 2761; baseline 0.006 -29"><span class='ocrx_word' id='word_1_287' title='bbox 2111 2680 2181 2734; x_wconf 92' lang='lat' dir='ltr'><strong>l9.</strong></span> <span class='ocrx_word' id='word_1_288' title='bbox 2222 2682 2445 2736; x_wconf 85' lang='grc' dir='ltr'>Ἕνεκεν</span> <span class='ocrx_word' id='word_1_289' title='bbox 2479 2685 2578 2756; x_wconf 82' lang='grc' dir='ltr'>τῆς</span> <span class='ocrx_word' id='word_1_290' title='bbox 2605 2685 2762 2758; x_wconf 79' lang='grc' dir='ltr'><strong>δόξης</strong></span> <span class='ocrx_word' id='word_1_291' title='bbox 2789 2685 2882 2739; x_wconf 79' lang='grc' dir='ltr'>τοῦ</span> <span class='ocrx_word' id='word_1_292' title='bbox 2930 2687 3190 2758; x_wconf 83' lang='grc' dir='ltr'><strong>ὀνόματός</strong></span> <span class='ocrx_word' id='word_1_293' title='bbox 3236 2705 3364 2755; x_wconf 84' lang='grc' dir='ltr'>σου,</span> <span class='ocrx_word' id='word_1_294' title='bbox 3400 2687 3583 2761; x_wconf 82' lang='grc' dir='ltr'>Κύριε,</span> 
     </span>
    </p>
   </div>
   <div class='ocr_carea' id='block_1_51' title="bbox 339 2771 1811 2844">
    <p class='ocr_par' dir='ltr' id='par_1_51' title="bbox 339 2780 482 2821">
     <span class='ocr_line' id='line_1_51' title="bbox 339 2780 482 2821; baseline 0 -1"><span class='ocrx_word' id='word_1_295' title='bbox 339 2780 444 2821; x_wconf 83' lang='lat' dir='ltr'><strong>nos</strong></span> <span class='ocrx_word' id='word_1_296' title='bbox 469 2783 482 2820; x_wconf 75' lang='grc' dir='ltr'><strong><em>Ζ</em></strong></span> 
     </span>
    </p>
   </div>
   <div class='ocr_carea' id='block_1_52' title="bbox 927 2771 2399 2844">
    <p class='ocr_par' dir='ltr' id='par_1_52' title="bbox 2025 2771 2399 2844">
     <span class='ocr_line' id='line_1_52' title="bbox 2025 2771 2399 2844; baseline 0.008 -20"><span class='ocrx_word' id='word_1_297' title='bbox 2025 2771 2187 2842; x_wconf 76' lang='grc' dir='ltr'>ῥῦσαι</span> <span class='ocrx_word' id='word_1_298' title='bbox 2220 2775 2370 2844; x_wconf 78' lang='grc' dir='ltr'><strong>ἡμᾶς</strong></span> <span class='ocrx_word' id='word_1_299' title='bbox 2387 2792 2399 2807; x_wconf 88' lang='grc'><strong>·</strong></span> 
     </span>
    </p>
   </div>
   <div class='ocr_carea' id='block_1_53' title="bbox 410 2851 1882 2944">
    <p class='ocr_par' dir='ltr' id='par_1_53' title="bbox 410 2851 1882 2927">
     <span class='ocr_line' id='line_1_53' title="bbox 410 2851 1882 2927; baseline -0.001 -15"><span class='ocrx_word' id='word_1_300' title='bbox 410 2857 502 2912; x_wconf 73' lang='lat'><strong>20.</strong></span> <span class='ocrx_word' id='word_1_301' title='bbox 538 2855 605 2910; x_wconf 88' lang='lat' dir='ltr'><strong>Et</strong></span> <span class='ocrx_word' id='word_1_302' title='bbox 633 2854 901 2927; x_wconf 91' lang='lat' dir='ltr'><strong>propitius</strong></span> <span class='ocrx_word' id='word_1_303' title='bbox 924 2861 1043 2908; x_wconf 87' lang='lat' dir='ltr'><strong>esto</strong></span> <span class='ocrx_word' id='word_1_304' title='bbox 1070 2851 1308 2923; x_wconf 84' lang='lat' dir='ltr'><strong>peccatis</strong></span> <span class='ocrx_word' id='word_1_305' title='bbox 1338 2852 1542 2907; x_wconf 88' lang='lat' dir='ltr'><strong>nostris</strong></span> <span class='ocrx_word' id='word_1_306' title='bbox 1573 2865 1794 2924; x_wconf 86' lang='lat' dir='ltr'><strong>propter</strong></span> <span class='ocrx_word' id='word_1_307' title='bbox 1819 2872 1882 2910; x_wconf 84' lang='lat' dir='ltr'><strong>no</strong></span> 
     </span>
    </p>
   </div>
   <div class='ocr_carea' id='block_1_54' title="bbox 2116 2851 3588 2944">
    <p class='ocr_par' dir='ltr' id='par_1_54' title="bbox 2116 2863 3588 2944">
     <span class='ocr_line' id='line_1_54' title="bbox 2116 2863 3588 2944; baseline 0.006 -28"><span class='ocrx_word' id='word_1_308' title='bbox 2116 2863 2179 2919; x_wconf 70' lang='grc' dir='ltr'><strong>ΞΟ.</strong></span> <span class='ocrx_word' id='word_1_309' title='bbox 2215 2868 2323 2919; x_wconf 77' lang='grc' dir='ltr'>Καὶ</span> <span class='ocrx_word' id='word_1_310' title='bbox 2358 2867 2604 2940; x_wconf 80' lang='grc' dir='ltr'>ίλάσθητι</span> <span class='ocrx_word' id='word_1_311' title='bbox 2632 2874 2751 2935; x_wconf 85' lang='grc' dir='ltr'>ταῖς</span> <span class='ocrx_word' id='word_1_312' title='bbox 2786 2872 3081 2944; x_wconf 82' lang='grc' dir='ltr'><strong>ἁμαρτίαις</strong></span> <span class='ocrx_word' id='word_1_313' title='bbox 3113 2873 3271 2944; x_wconf 83' lang='grc' dir='ltr'>ἡμῶν</span> <span class='ocrx_word' id='word_1_314' title='bbox 3300 2873 3485 2932; x_wconf 70' lang='grc' dir='ltr'>ἕνεκεν</span> <span class='ocrx_word' id='word_1_315' title='bbox 3501 2872 3588 2929; x_wconf 77' lang='grc' dir='ltr'><strong>τοῦ</strong></span> 
     </span>
    </p>
   </div>
   <div class='ocr_carea' id='block_1_55' title="bbox 340 2955 1812 3026">
    <p class='ocr_par' dir='ltr' id='par_1_55' title="bbox 340 2959 670 3003">
     <span class='ocr_line' id='line_1_55' title="bbox 340 2959 670 3003; baseline -0.003 0"><span class='ocrx_word' id='word_1_316' title='bbox 340 2965 464 3003; x_wconf 88' lang='lat' dir='ltr'><strong>men</strong></span> <span class='ocrx_word' id='word_1_317' title='bbox 493 2959 670 3003; x_wconf 93' lang='lat' dir='ltr'><strong>tuum.</strong></span> 
     </span>
    </p>
   </div>
   <div class='ocr_carea' id='block_1_56' title="bbox 951 2955 2423 3026">
    <p class='ocr_par' dir='ltr' id='par_1_56' title="bbox 2023 2955 2423 3026">
     <span class='ocr_line' id='line_1_56' title="bbox 2023 2955 2423 3026; baseline 0.018 -21"><span class='ocrx_word' id='word_1_318' title='bbox 2023 2955 2285 3026; x_wconf 82' lang='grc' dir='ltr'>ὀνόματός</span> <span class='ocrx_word' id='word_1_319' title='bbox 2315 2977 2423 3012; x_wconf 90' lang='grc' dir='ltr'>σου.</span> 
     </span>
    </p>
   </div>
   <div class='ocr_carea' id='block_1_57' title="bbox 412 3035 1702 3111">
    <p class='ocr_par' dir='ltr' id='par_1_57' title="bbox 412 3035 1702 3111">
     <span class='ocr_line' id='line_1_57' title="bbox 412 3035 1702 3111; baseline -0.003 -17"><span class='ocrx_word' id='word_1_320' title='bbox 412 3040 490 3111; x_wconf 85' lang='grc' dir='ltr'><strong>(α)</strong></span> <span class='ocrx_word' id='word_1_321' title='bbox 513 3037 672 3096; x_wconf 78' lang='lat' dir='ltr'><strong>Vers.</strong></span> <span class='ocrx_word' id='word_1_322' title='bbox 699 3037 750 3092; x_wconf 87' lang='lat'><strong>7.</strong></span> <span class='ocrx_word' id='word_1_323' title='bbox 777 3038 998 3109; x_wconf 80' lang='grc' dir='ltr'>Κύκλῳ,</span> <span class='ocrx_word' id='word_1_324' title='bbox 1021 3048 1154 3101; x_wconf 89' lang='lat' dir='ltr'><strong>etc.,</strong></span> <span class='ocrx_word' id='word_1_325' title='bbox 1176 3050 1351 3106; x_wconf 89' lang='lat' dir='ltr'><strong>usque</strong></span> <span class='ocrx_word' id='word_1_326' title='bbox 1371 3035 1440 3089; x_wconf 88' lang='lat' dir='ltr'><strong>ad</strong></span> <span class='ocrx_word' id='word_1_327' title='bbox 1463 3035 1702 3091; x_wconf 85' lang='grc' dir='ltr'>θάπτων.</span> 
     </span>
    </p>
   </div>
   <div class='ocr_carea' id='block_1_58' title="bbox 1465 3127 2474 3194">
    <p class='ocr_par' dir='ltr' id='par_1_58' title="bbox 1465 3127 2474 3194">
     <span class='ocr_line' id='line_1_58' title="bbox 1465 3127 2474 3194; baseline 0.013 -14"><span class='ocrx_word' id='word_1_328' title='bbox 1465 3127 1839 3181; x_wconf 75' lang='lat' dir='ltr'><strong>ATHANASII</strong></span> <span class='ocrx_word' id='word_1_329' title='bbox 1883 3128 2474 3194; x_wconf 72' lang='lat' dir='ltr'><strong>INTERPRETATIO.</strong></span> 
     </span>
    </p>
   </div>
   <div class='ocr_carea' id='block_1_59' title="bbox 301 3217 1773 3307">
    <p class='ocr_par' dir='ltr' id='par_1_59' title="bbox 301 3217 1773 3289">
     <span class='ocr_line' id='line_1_59' title="bbox 301 3217 1773 3289; baseline 0.001 -17"><span class='ocrx_word' id='word_1_330' title='bbox 301 3263 306 3272; x_wconf 89' lang='lat'><strong>.</strong></span> <span class='ocrx_word' id='word_1_331' title='bbox 415 3220 467 3273; x_wconf 75' lang='grc'><strong>5.</strong></span> <span class='ocrx_word' id='word_1_332' title='bbox 499 3219 609 3274; x_wconf 88' lang='lat' dir='ltr'><strong>Cor</strong></span> <span class='ocrx_word' id='word_1_333' title='bbox 651 3227 903 3274; x_wconf 88' lang='lat' dir='ltr'><strong>nostrum</strong></span> <span class='ocrx_word' id='word_1_334' title='bbox 941 3217 1132 3273; x_wconf 80' lang='lat' dir='ltr'><strong>videns</strong></span> <span class='ocrx_word' id='word_1_335' title='bbox 1181 3229 1483 3289; x_wconf 89' lang='lat' dir='ltr'><strong>posuerunt</strong></span> <span class='ocrx_word' id='word_1_336' title='bbox 1528 3221 1583 3274; x_wconf 92' lang='lat' dir='ltr'><strong>in</strong></span> <span class='ocrx_word' id='word_1_337' title='bbox 1627 3221 1773 3276; x_wconf 89' lang='lat' dir='ltr'><strong>desol</strong></span> 
     </span>
    </p>
   </div>
   <div class='ocr_carea' id='block_1_60' title="bbox 2120 3217 3592 3307">
    <p class='ocr_par' dir='ltr' id='par_1_60' title="bbox 2120 3233 3592 3307">
     <span class='ocr_line' id='line_1_60' title="bbox 2120 3233 3592 3307; baseline 0.001 -22"><span class='ocrx_word' id='word_1_338' title='bbox 2120 3235 2143 3285; x_wconf 57' lang='grc' dir='ltr'><strong>ὲ.</strong></span> <span class='ocrx_word' id='word_1_339' title='bbox 2171 3233 2280 3303; x_wconf 81' lang='grc' dir='ltr'>Τὴν</span> <span class='ocrx_word' id='word_1_340' title='bbox 2312 3233 2539 3304; x_wconf 79' lang='grc' dir='ltr'>καρδίαν</span> <span class='ocrx_word' id='word_1_341' title='bbox 2590 3235 2748 3306; x_wconf 76' lang='grc' dir='ltr'>ἡμῶν</span> <span class='ocrx_word' id='word_1_342' title='bbox 2787 3235 2884 3306; x_wconf 82' lang='grc' dir='ltr'>τὴν</span> <span class='ocrx_word' id='word_1_343' title='bbox 2913 3235 3127 3307; x_wconf 79' lang='grc' dir='ltr'>ὁρῶσαν</span> <span class='ocrx_word' id='word_1_344' title='bbox 3175 3235 3251 3306; x_wconf 88' lang='grc'><strong>(1)</strong></span> <span class='ocrx_word' id='word_1_345' title='bbox 3297 3235 3481 3290; x_wconf 68' lang='grc' dir='ltr'>ἔθεντο</span> <span class='ocrx_word' id='word_1_346' title='bbox 3519 3235 3592 3299; x_wconf 84' lang='grc' dir='ltr'>είς</span> 
     </span>
    </p>
   </div>
   <div class='ocr_carea' id='block_1_61' title="bbox 343 3325 1815 3394">
    <p class='ocr_par' dir='ltr' id='par_1_61' title="bbox 343 3327 491 3366">
     <span class='ocr_line' id='line_1_61' title="bbox 343 3327 491 3366; baseline -0.007 0"><span class='ocrx_word' id='word_1_347' title='bbox 343 3327 491 3366; x_wconf 90' lang='lat' dir='ltr'><strong>nem.</strong></span> 
     </span>
    </p>
   </div>
   <div class='ocr_carea' id='block_1_62' title="bbox 849 3325 2321 3394">
    <p class='ocr_par' dir='ltr' id='par_1_62' title="bbox 2025 3325 2321 3394">
     <span class='ocr_line' id='line_1_62' title="bbox 2025 3325 2321 3394; baseline 0.014 -20"><span class='ocrx_word' id='word_1_348' title='bbox 2025 3326 2046 3374; x_wconf 84' lang='grc' dir='ltr'>ἐ</span> <span class='ocrx_word' id='word_1_349' title='bbox 2058 3325 2321 3394; x_wconf 71' lang='grc' dir='ltr'>ρήμωσιν.</span> 
     </span>
    </p>
   </div>
   <div class='ocr_carea' id='block_1_63' title="bbox 412 3399 1884 3490">
    <p class='ocr_par' dir='ltr' id='par_1_63' title="bbox 412 3399 1884 3470">
     <span class='ocr_line' id='line_1_63' title="bbox 412 3399 1884 3470; baseline -0.001 -14"><span class='ocrx_word' id='word_1_350' title='bbox 412 3401 467 3456; x_wconf 70' lang='grc'><strong>4.</strong></span> <span class='ocrx_word' id='word_1_351' title='bbox 500 3401 840 3456; x_wconf 73' lang='lat' dir='ltr'><strong>Adversaria:</strong></span> <span class='ocrx_word' id='word_1_352' title='bbox 867 3409 1161 3470; x_wconf 83' lang='lat' dir='ltr'><strong>potestates</strong></span> <span class='ocrx_word' id='word_1_353' title='bbox 1191 3399 1409 3454; x_wconf 75' lang='lat' dir='ltr'><strong>Judzcns</strong></span> <span class='ocrx_word' id='word_1_354' title='bbox 1436 3409 1680 3454; x_wconf 88' lang='lat' dir='ltr'><strong>mortuos</strong></span> <span class='ocrx_word' id='word_1_355' title='bbox 1698 3401 1768 3454; x_wconf 84' lang='lat' dir='ltr'><strong>ob</strong></span> <span class='ocrx_word' id='word_1_356' title='bbox 1794 3418 1884 3468; x_wconf 77' lang='lat' dir='ltr'><strong>pet:</strong></span> 
     </span>
    </p>
   </div>
   <div class='ocr_carea' id='block_1_64' title="bbox 2121 3399 3593 3490">
    <p class='ocr_par' dir='ltr' id='par_1_64' title="bbox 2121 3418 3593 3490">
     <span class='ocr_line' id='line_1_64' title="bbox 2121 3418 3593 3490; baseline 0.002 -21"><span class='ocrx_word' id='word_1_357' title='bbox 2121 3451 2150 3470; x_wconf 60' lang='grc' dir='ltr'><strong>ρ.</strong></span> <span class='ocrx_word' id='word_1_358' title='bbox 2188 3418 2412 3472; x_wconf 87' lang='grc' dir='ltr'>Ἐθεντο</span> <span class='ocrx_word' id='word_1_359' title='bbox 2440 3421 2520 3483; x_wconf 88' lang='grc' dir='ltr'><strong>είς</strong></span> <span class='ocrx_word' id='word_1_360' title='bbox 2544 3420 2810 3474; x_wconf 77' lang='grc' dir='ltr'>ἀνάλωσιν</span> <span class='ocrx_word' id='word_1_361' title='bbox 2839 3422 2894 3474; x_wconf 81' lang='grc' dir='ltr'><strong>αἱ</strong></span> <span class='ocrx_word' id='word_1_362' title='bbox 2928 3420 3166 3474; x_wconf 78' lang='grc' dir='ltr'><strong>ἐναντίαι</strong></span> <span class='ocrx_word' id='word_1_363' title='bbox 3191 3420 3450 3490; x_wconf 82' lang='grc' dir='ltr'>δυνάμεις</span> <span class='ocrx_word' id='word_1_364' title='bbox 3476 3419 3593 3481; x_wconf 81' lang='grc' dir='ltr'>τοὺς</span> 
     </span>
    </p>
   </div>
   <div class='ocr_carea' id='block_1_65' title="bbox 341 3494 1813 3584">
    <p class='ocr_par' dir='ltr' id='par_1_65' title="bbox 341 3494 1466 3564">
     <span class='ocr_line' id='line_1_65' title="bbox 341 3494 1466 3564; baseline -0.001 -15"><span class='ocrx_word' id='word_1_365' title='bbox 341 3502 523 3549; x_wconf 88' lang='lat' dir='ltr'><strong>catum</strong></span> <span class='ocrx_word' id='word_1_366' title='bbox 547 3503 848 3564; x_wconf 90' lang='lat' dir='ltr'><strong>posuerunt</strong></span> <span class='ocrx_word' id='word_1_367' title='bbox 885 3495 938 3547; x_wconf 92' lang='lat' dir='ltr'><strong>in</strong></span> <span class='ocrx_word' id='word_1_368' title='bbox 971 3494 1466 3562; x_wconf 77' lang='lat' dir='ltr'><strong>consuinptioncin.</strong></span> 
     </span>
    </p>
   </div>
   <div class='ocr_carea' id='block_1_66' title="bbox 1942 3494 3414 3584">
    <p class='ocr_par' dir='ltr' id='par_1_66' title="bbox 2037 3512 3414 3584">
     <span class='ocr_line' id='line_1_66' title="bbox 2037 3512 3414 3584; baseline -0.001 -19"><span class='ocrx_word' id='word_1_369' title='bbox 2037 3513 2320 3576; x_wconf 76' lang='grc' dir='ltr'>Ἰουδαίους</span> <span class='ocrx_word' id='word_1_370' title='bbox 2346 3513 2473 3576; x_wconf 80' lang='grc' dir='ltr'>τοὺς</span> <span class='ocrx_word' id='word_1_371' title='bbox 2500 3513 2872 3583; x_wconf 82' lang='grc' dir='ltr'>νεκρωθέντας</span> <span class='ocrx_word' id='word_1_372' title='bbox 2894 3512 2980 3565; x_wconf 81' lang='grc' dir='ltr'>διὰ</span> <span class='ocrx_word' id='word_1_373' title='bbox 3006 3513 3106 3582; x_wconf 80' lang='grc' dir='ltr'>τῆς</span> <span class='ocrx_word' id='word_1_374' title='bbox 3139 3512 3414 3584; x_wconf 80' lang='grc' dir='ltr'>ἁμαρτίας</span> 
     </span>
    </p>
   </div>
   <div class='ocr_carea' id='block_1_67' title="bbox 413 3584 1885 3675">
    <p class='ocr_par' dir='ltr' id='par_1_67' title="bbox 413 3584 1885 3655">
     <span class='ocr_line' id='line_1_67' title="bbox 413 3584 1885 3655; baseline -0.001 -15"><span class='ocrx_word' id='word_1_375' title='bbox 413 3587 466 3642; x_wconf 87' lang='grc'><strong>5.</strong></span> <span class='ocrx_word' id='word_1_376' title='bbox 505 3585 673 3642; x_wconf 88' lang='lat' dir='ltr'><strong>Filios</strong></span> <span class='ocrx_word' id='word_1_377' title='bbox 699 3585 1069 3651; x_wconf 83' lang='lat' dir='ltr'><strong>Abraham,et</strong></span> <span class='ocrx_word' id='word_1_378' title='bbox 1091 3585 1260 3651; x_wconf 86' lang='lat' dir='ltr'><strong>Isaac,</strong></span> <span class='ocrx_word' id='word_1_379' title='bbox 1289 3595 1338 3640; x_wconf 91' lang='lat' dir='ltr'><strong>et</strong></span> <span class='ocrx_word' id='word_1_380' title='bbox 1359 3584 1527 3640; x_wconf 86' lang='lat' dir='ltr'><strong>Jacob</strong></span> <span class='ocrx_word' id='word_1_381' title='bbox 1546 3584 1885 3655; x_wconf 68' lang='lat' dir='ltr'><strong>ipsosJudmo</strong></span> 
     </span>
    </p>
   </div>
   <div class='ocr_carea' id='block_1_68' title="bbox 2122 3584 3594 3675">
    <p class='ocr_par' dir='ltr' id='par_1_68' title="bbox 2122 3600 3594 3675">
     <span class='ocr_line' id='line_1_68' title="bbox 2122 3600 3594 3675; baseline 0.001 -23"><span class='ocrx_word' id='word_1_382' title='bbox 2122 3606 2146 3655; x_wconf 71' lang='grc' dir='ltr'><strong>ι.</strong></span> <span class='ocrx_word' id='word_1_383' title='bbox 2189 3605 2326 3668; x_wconf 79' lang='grc' dir='ltr'>Τοὺς</span> <span class='ocrx_word' id='word_1_384' title='bbox 2357 3605 2506 3667; x_wconf 76' lang='grc' dir='ltr'>υἱοὺς</span> <span class='ocrx_word' id='word_1_385' title='bbox 2549 3604 2829 3675; x_wconf 77' lang='grc' dir='ltr'>Ἀϐραάμ,</span> <span class='ocrx_word' id='word_1_386' title='bbox 2889 3603 2982 3655; x_wconf 78' lang='grc' dir='ltr'><strong>καὶ</strong></span> <span class='ocrx_word' id='word_1_387' title='bbox 3017 3602 3203 3656; x_wconf 85' lang='grc' dir='ltr'>Ἰσαὰκ</span> <span class='ocrx_word' id='word_1_388' title='bbox 3227 3641 3243 3667; x_wconf 85' lang='grc'><em>,</em></span> <span class='ocrx_word' id='word_1_389' title='bbox 3275 3604 3385 3656; x_wconf 72' lang='grc' dir='ltr'>καὶ.</span> <span class='ocrx_word' id='word_1_390' title='bbox 3413 3600 3594 3655; x_wconf 77' lang='grc' dir='ltr'>Ἰακὼϐ</span> 
     </span>
    </p>
   </div>
   <div class='ocr_carea' id='block_1_69' title="bbox 343 3676 3591 3768">
    <p class='ocr_par' dir='ltr' id='par_1_69' title="bbox 343 3676 3591 3768">
     <span class='ocr_line' id='line_1_69' title="bbox 343 3676 3591 3768; baseline 0 -23"><span class='ocrx_word' id='word_1_391' title='bbox 343 3676 643 3730; x_wconf 68' lang='lat' dir='ltr'><strong>immundis</strong></span> <span class='ocrx_word' id='word_1_392' title='bbox 669 3676 977 3746; x_wconf 62' lang='grc' dir='ltr'><strong>δΡίΓίῑίυυδο</strong></span> <span class='ocrx_word' id='word_1_393' title='bbox 1990 3682 1996 3697; x_wconf 73' lang='grc'><em>’</em></span> <span class='ocrx_word' id='word_1_394' title='bbox 2034 3697 2149 3758; x_wconf 75' lang='grc' dir='ltr'>τοὺς</span> <span class='ocrx_word' id='word_1_395' title='bbox 2182 3697 2378 3760; x_wconf 82' lang='grc' dir='ltr'>αὐτοὺς</span> <span class='ocrx_word' id='word_1_396' title='bbox 2423 3696 2708 3759; x_wconf 85' lang='grc' dir='ltr'>Ἰουδαίους</span> <span class='ocrx_word' id='word_1_397' title='bbox 2757 3698 2868 3759; x_wconf 78' lang='grc' dir='ltr'>τοῖς</span> <span class='ocrx_word' id='word_1_398' title='bbox 2899 3695 3230 3768; x_wconf 84' lang='grc' dir='ltr'>ἀκαθάρτοις</span> <span class='ocrx_word' id='word_1_399' title='bbox 3275 3695 3591 3766; x_wconf 82' lang='grc' dir='ltr'>πνεύμασιν.</span> 
     </span>
    </p>
   </div>
   <div class='ocr_carea' id='block_1_70' title="bbox 414 3767 1886 3858">
    <p class='ocr_par' dir='ltr' id='par_1_70' title="bbox 414 3767 1697 3840">
     <span class='ocr_line' id='line_1_70' title="bbox 414 3767 1697 3840; baseline 0.005 -20"><span class='ocrx_word' id='word_1_400' title='bbox 414 3767 469 3820; x_wconf 89' lang='grc'><strong>6.</strong></span> <span class='ocrx_word' id='word_1_401' title='bbox 492 3767 720 3823; x_wconf 81' lang='lat' dir='ltr'><strong>Animas</strong></span> <span class='ocrx_word' id='word_1_402' title='bbox 748 3784 940 3824; x_wconf 86' lang='lat' dir='ltr'><strong>eorum</strong></span> <span class='ocrx_word' id='word_1_403' title='bbox 975 3770 1028 3823; x_wconf 95' lang='lat' dir='ltr'><strong>in</strong></span> <span class='ocrx_word' id='word_1_404' title='bbox 1054 3770 1431 3840; x_wconf 80' lang='lat' dir='ltr'><strong>perditionem.</strong></span> <span class='ocrx_word' id='word_1_405' title='bbox 1693 3823 1697 3827; x_wconf 82' lang='lat'><em>.</em></span> 
     </span>
    </p>
   </div>
   <div class='ocr_carea' id='block_1_71' title="bbox 1656 3767 3128 3858">
    <p class='ocr_par' dir='ltr' id='par_1_71' title="bbox 1693 3785 3128 3858">
     <span class='ocr_line' id='line_1_71' title="bbox 1693 3785 3128 3858; baseline 0 -18"><span class='ocrx_word' id='word_1_406' title='bbox 1693 3823 1697 3827; x_wconf 84' lang='grc'><strong>-</strong></span> <span class='ocrx_word' id='word_1_407' title='bbox 2095 3787 2148 3840; x_wconf 85' lang='grc'><strong>6.</strong></span> <span class='ocrx_word' id='word_1_408' title='bbox 2177 3787 2286 3850; x_wconf 81' lang='grc' dir='ltr'><strong>Τὰς</strong></span> <span class='ocrx_word' id='word_1_409' title='bbox 2318 3786 2495 3858; x_wconf 74' lang='grc' dir='ltr'>ψυχὰς</span> <span class='ocrx_word' id='word_1_410' title='bbox 2531 3787 2708 3840; x_wconf 82' lang='grc' dir='ltr'>αὐτῶν</span> <span class='ocrx_word' id='word_1_411' title='bbox 2733 3788 2811 3850; x_wconf 88' lang='grc' dir='ltr'>είς</span> <span class='ocrx_word' id='word_1_412' title='bbox 2833 3785 3128 3840; x_wconf 83' lang='grc' dir='ltr'>ἀπώλειαν.</span> 
     </span>
    </p>
   </div>
   <div class='ocr_carea' id='block_1_72' title="bbox 416 3856 1888 3957">
    <p class='ocr_par' dir='ltr' id='par_1_72' title="bbox 416 3856 1888 3930">
     <span class='ocr_line' id='line_1_72' title="bbox 416 3856 1888 3930; baseline 0.002 -20"><span class='ocrx_word' id='word_1_413' title='bbox 416 3856 470 3914; x_wconf 88' lang='grc'><strong>7.</strong></span> <span class='ocrx_word' id='word_1_414' title='bbox 499 3859 561 3913; x_wconf 87' lang='lat' dir='ltr'><strong>In</strong></span> <span class='ocrx_word' id='word_1_415' title='bbox 587 3860 846 3915; x_wconf 89' lang='lat' dir='ltr'><strong>universo</strong></span> <span class='ocrx_word' id='word_1_416' title='bbox 869 3860 1076 3916; x_wconf 89' lang='lat' dir='ltr'><strong>mundo</strong></span> <span class='ocrx_word' id='word_1_417' title='bbox 1101 3877 1210 3916; x_wconf 91' lang='lat' dir='ltr'><strong>non</strong></span> <span class='ocrx_word' id='word_1_418' title='bbox 1245 3872 1331 3916; x_wconf 89' lang='lat' dir='ltr'><strong>est</strong></span> <span class='ocrx_word' id='word_1_419' title='bbox 1354 3861 1690 3916; x_wconf 81' lang='lat' dir='ltr'><strong>mortilirans</strong></span> <span class='ocrx_word' id='word_1_420' title='bbox 1731 3877 1888 3930; x_wconf 83' lang='lat' dir='ltr'><strong>pccca</strong></span> 
     </span>
    </p>
   </div>
   <div class='ocr_carea' id='block_1_73' title="bbox 2120 3856 3592 3957">
    <p class='ocr_par' dir='ltr' id='par_1_73' title="bbox 2120 3856 3592 3957">
     <span class='ocr_line' id='line_1_73' title="bbox 2120 3856 3592 3957; baseline -0.001 -25"><span class='ocrx_word' id='word_1_421' title='bbox 2120 3881 2150 3931; x_wconf 59' lang='grc' dir='ltr'><strong>ν.</strong></span> <span class='ocrx_word' id='word_1_422' title='bbox 2178 3879 2265 3932; x_wconf 86' lang='grc' dir='ltr'>Ἐν</span> <span class='ocrx_word' id='word_1_423' title='bbox 2291 3856 2492 3950; x_wconf 18' lang='grc' dir='ltr'><strong>ὅλῳν</strong></span> <span class='ocrx_word' id='word_1_424' title='bbox 2509 3879 2696 3952; x_wconf 82' lang='grc' dir='ltr'>κόσμῳ</span> <span class='ocrx_word' id='word_1_425' title='bbox 2715 3881 2812 3933; x_wconf 79' lang='grc' dir='ltr'>οὐκ</span> <span class='ocrx_word' id='word_1_426' title='bbox 2827 3878 2973 3933; x_wconf 78' lang='grc' dir='ltr'>ἔστιν</span> <span class='ocrx_word' id='word_1_427' title='bbox 2990 3880 3019 3932; x_wconf 90' lang='lat'><strong>6</strong></span> <span class='ocrx_word' id='word_1_428' title='bbox 3035 3879 3284 3934; x_wconf 84' lang='grc' dir='ltr'>θανατῶν</span> <span class='ocrx_word' id='word_1_429' title='bbox 3307 3878 3404 3950; x_wconf 75' lang='grc' dir='ltr'>τὴν</span> <span class='ocrx_word' id='word_1_430' title='bbox 3426 3878 3592 3957; x_wconf 71' lang='grc' dir='ltr'>ἁμαρ-</span> 
     </span>
    </p>
   </div>
   <div class='ocr_carea' id='block_1_74' title="bbox 340 3956 1812 4024">
    <p class='ocr_par' dir='ltr' id='par_1_74' title="bbox 340 3956 478 4004">
     <span class='ocr_line' id='line_1_74' title="bbox 340 3956 478 4004; baseline -0.007 0"><span class='ocrx_word' id='word_1_431' title='bbox 340 3956 478 4004; x_wconf 63' lang='lat' dir='ltr'><strong>tum.</strong></span> 
     </span>
    </p>
   </div>
   <div class='ocr_carea' id='block_1_75' title="bbox 693 3956 2165 4024">
    <p class='ocr_par' dir='ltr' id='par_1_75' title="bbox 2027 3971 2165 4024">
     <span class='ocr_line' id='line_1_75' title="bbox 2027 3971 2165 4024; baseline 0 0"><span class='ocrx_word' id='word_1_432' title='bbox 2027 3971 2165 4024; x_wconf 83' lang='grc' dir='ltr'>τίαν.</span> 
     </span>
    </p>
   </div>
   <div class='ocr_carea' id='block_1_76' title="bbox 409 4043 1881 4134">
    <p class='ocr_par' dir='ltr' id='par_1_76' title="bbox 409 4043 1250 4114">
     <span class='ocr_line' id='line_1_76' title="bbox 409 4043 1250 4114; baseline 0.002 -16"><span class='ocrx_word' id='word_1_433' title='bbox 409 4043 463 4098; x_wconf 87' lang='grc'><strong>8.</strong></span> <span class='ocrx_word' id='word_1_434' title='bbox 496 4043 843 4099; x_wconf 81' lang='lat' dir='ltr'><strong>Adversariis</strong></span> <span class='ocrx_word' id='word_1_435' title='bbox 866 4046 1250 4114; x_wconf 78' lang='lat' dir='ltr'><strong>potestatibus.</strong></span> 
     </span>
    </p>
   </div>
   <div class='ocr_carea' id='block_1_77' title="bbox 1457 4043 2929 4134">
    <p class='ocr_par' dir='ltr' id='par_1_77' title="bbox 2095 4062 2929 4134">
     <span class='ocr_line' id='line_1_77' title="bbox 2095 4062 2929 4134; baseline 0.002 -18"><span class='ocrx_word' id='word_1_436' title='bbox 2095 4063 2148 4116; x_wconf 92' lang='lat'><strong>8.</strong></span> <span class='ocrx_word' id='word_1_437' title='bbox 2186 4063 2320 4126; x_wconf 88' lang='grc' dir='ltr'>Ταῖς</span> <span class='ocrx_word' id='word_1_438' title='bbox 2348 4062 2620 4128; x_wconf 76' lang='grc' dir='ltr'>ἐναντίαις</span> <span class='ocrx_word' id='word_1_439' title='bbox 2651 4063 2929 4134; x_wconf 84' lang='grc' dir='ltr'>δυνάμεσι.</span> 
     </span>
    </p>
   </div>
   <div class='ocr_carea' id='block_1_78' title="bbox 414 4133 1886 4224">
    <p class='ocr_par' dir='ltr' id='par_1_78' title="bbox 414 4133 948 4222">
     <span class='ocr_line' id='line_1_78' title="bbox 414 4133 948 4222; baseline 0.002 -34"><span class='ocrx_word' id='word_1_440' title='bbox 414 4133 467 4188; x_wconf 91' lang='lat'><strong>9.</strong></span> <span class='ocrx_word' id='word_1_441' title='bbox 503 4133 646 4202; x_wconf 83' lang='lat' dir='ltr'><strong>Ipsis</strong></span> <span class='ocrx_word' id='word_1_442' title='bbox 672 4133 948 4222; x_wconf 69' lang='lat' dir='ltr'><strong>similiter.</strong></span> 
     </span>
    </p>
   </div>
   <div class='ocr_carea' id='block_1_79' title="bbox 1521 4133 2993 4224">
    <p class='ocr_par' dir='ltr' id='par_1_79' title="bbox 2099 4152 2993 4224">
     <span class='ocr_line' id='line_1_79' title="bbox 2099 4152 2993 4224; baseline -0.001 -17"><span class='ocrx_word' id='word_1_443' title='bbox 2099 4153 2152 4207; x_wconf 91' lang='lat'><strong>9.</strong></span> <span class='ocrx_word' id='word_1_444' title='bbox 2187 4153 2312 4214; x_wconf 76' lang='grc' dir='ltr'>Τοῖς</span> <span class='ocrx_word' id='word_1_445' title='bbox 2340 4152 2523 4215; x_wconf 81' lang='grc' dir='ltr'>αὐτοῖς</span> <span class='ocrx_word' id='word_1_446' title='bbox 2554 4152 2630 4224; x_wconf 73' lang='grc'><strong>(2)</strong></span> <span class='ocrx_word' id='word_1_447' title='bbox 2663 4153 2863 4224; x_wconf 84' lang='grc' dir='ltr'>ὁμοίως</span> <span class='ocrx_word' id='word_1_448' title='bbox 2897 4153 2993 4224; x_wconf 86' lang='lat' dir='ltr'><strong>(a).</strong></span> 
     </span>
    </p>
   </div>
   <div class='ocr_carea' id='block_1_80' title="bbox 413 4221 1885 4316">
    <p class='ocr_par' dir='ltr' id='par_1_80' title="bbox 413 4221 1288 4291">
     <span class='ocr_line' id='line_1_80' title="bbox 413 4221 1288 4291; baseline 0.001 -12"><span class='ocrx_word' id='word_1_449' title='bbox 413 4221 502 4280; x_wconf 87' lang='grc'><strong>10.</strong></span> <span class='ocrx_word' id='word_1_450' title='bbox 532 4223 718 4291; x_wconf 86' lang='lat' dir='ltr'><strong>Quare</strong></span> <span class='ocrx_word' id='word_1_451' title='bbox 742 4221 972 4281; x_wconf 90' lang='lat' dir='ltr'><strong>omnino</strong></span> <span class='ocrx_word' id='word_1_452' title='bbox 1003 4225 1178 4282; x_wconf 88' lang='lat' dir='ltr'><strong>iratus</strong></span> <span class='ocrx_word' id='word_1_453' title='bbox 1208 4243 1288 4282; x_wconf 90' lang='lat' dir='ltr'><strong>es.</strong></span> 
     </span>
    </p>
   </div>
   <div class='ocr_carea' id='block_1_81' title="bbox 1485 4221 2957 4316">
    <p class='ocr_par' dir='ltr' id='par_1_81' title="bbox 2098 4221 2957 4316">
     <span class='ocr_line' id='line_1_81' title="bbox 2098 4221 2957 4316; baseline 0.003 -20"><span class='ocrx_word' id='word_1_454' title='bbox 2098 4243 2184 4296; x_wconf 90' lang='grc'><strong>10.</strong></span> <span class='ocrx_word' id='word_1_455' title='bbox 2214 4239 2312 4296; x_wconf 73' lang='grc' dir='ltr'><strong>Διὰ</strong></span> <span class='ocrx_word' id='word_1_456' title='bbox 2341 4242 2392 4296; x_wconf 90' lang='grc' dir='ltr'><strong>τί</strong></span> <span class='ocrx_word' id='word_1_457' title='bbox 2419 4221 2640 4308; x_wconf 81' lang='grc' dir='ltr'>τελείως</span> <span class='ocrx_word' id='word_1_458' title='bbox 2665 4221 2957 4316; x_wconf 61' lang='grc' dir='ltr'>ὀργισθῇςξ</span> 
     </span>
    </p>
   </div>
   <div class='ocr_carea' id='block_1_82' title="bbox 415 4316 1887 4407">
    <p class='ocr_par' dir='ltr' id='par_1_82' title="bbox 415 4316 1068 4373">
     <span class='ocr_line' id='line_1_82' title="bbox 415 4316 1068 4373; baseline 0 -4"><span class='ocrx_word' id='word_1_459' title='bbox 415 4317 502 4370; x_wconf 82' lang='grc'><strong>11.</strong></span> <span class='ocrx_word' id='word_1_460' title='bbox 540 4316 744 4372; x_wconf 90' lang='lat' dir='ltr'><strong>Contra</strong></span> <span class='ocrx_word' id='word_1_461' title='bbox 767 4318 1068 4373; x_wconf 69' lang='lat' dir='ltr'><strong>dazmones.</strong></span> 
     </span>
    </p>
   </div>
   <div class='ocr_carea' id='block_1_83' title="bbox 1364 4316 2836 4407">
    <p class='ocr_par' dir='ltr' id='par_1_83' title="bbox 2100 4335 2836 4407">
     <span class='ocr_line' id='line_1_83' title="bbox 2100 4335 2836 4407; baseline 0.004 -18"><span class='ocrx_word' id='word_1_462' title='bbox 2100 4336 2186 4392; x_wconf 92' lang='grc'><strong>11.</strong></span> <span class='ocrx_word' id='word_1_463' title='bbox 2221 4336 2378 4390; x_wconf 84' lang='grc' dir='ltr'>Κατὰ</span> <span class='ocrx_word' id='word_1_464' title='bbox 2409 4335 2518 4389; x_wconf 83' lang='grc' dir='ltr'><strong>τῶν</strong></span> <span class='ocrx_word' id='word_1_465' title='bbox 2550 4336 2836 4407; x_wconf 84' lang='grc' dir='ltr'><strong>δαιμόνων.</strong></span> 
     </span>
    </p>
   </div>
   <div class='ocr_carea' id='block_1_84' title="bbox 409 4407 1881 4502">
    <p class='ocr_par' dir='ltr' id='par_1_84' title="bbox 409 4407 1328 4477">
     <span class='ocr_line' id='line_1_84' title="bbox 409 4407 1328 4477; baseline 0.005 -18"><span class='ocrx_word' id='word_1_466' title='bbox 409 4407 495 4461; x_wconf 76' lang='grc'><strong>12.</strong></span> <span class='ocrx_word' id='word_1_467' title='bbox 530 4408 590 4461; x_wconf 85' lang='grc' dir='ltr'><strong>1η</strong></span> <span class='ocrx_word' id='word_1_468' title='bbox 616 4408 767 4477; x_wconf 91' lang='lat' dir='ltr'><strong>ipsos</strong></span> <span class='ocrx_word' id='word_1_469' title='bbox 796 4409 1072 4466; x_wconf 80' lang='lat' dir='ltr'><strong>exercitus</strong></span> <span class='ocrx_word' id='word_1_470' title='bbox 1096 4409 1328 4465; x_wconf 92' lang='lat' dir='ltr'><strong>inimici.</strong></span> 
     </span>
    </p>
   </div>
   <div class='ocr_carea' id='block_1_85' title="bbox 1876 4407 3348 4502">
    <p class='ocr_par' dir='ltr' id='par_1_85' title="bbox 2099 4429 3348 4502">
     <span class='ocr_line' id='line_1_85' title="bbox 2099 4429 3348 4502; baseline 0.002 -20"><span class='ocrx_word' id='word_1_471' title='bbox 2099 4429 2184 4484; x_wconf 72' lang='grc'><strong>12.</strong></span> <span class='ocrx_word' id='word_1_472' title='bbox 2231 4431 2353 4484; x_wconf 75' lang='grc' dir='ltr'>Ἐπὶ</span> <span class='ocrx_word' id='word_1_473' title='bbox 2384 4431 2483 4494; x_wconf 81' lang='grc' dir='ltr'><strong>τὰς</strong></span> <span class='ocrx_word' id='word_1_474' title='bbox 2509 4430 2678 4494; x_wconf 75' lang='grc' dir='ltr'>αὐτὰς</span> <span class='ocrx_word' id='word_1_475' title='bbox 2715 4429 2807 4483; x_wconf 80' lang='grc' dir='ltr'>τοῦ</span> <span class='ocrx_word' id='word_1_476' title='bbox 2833 4429 3029 4502; x_wconf 76' lang='grc' dir='ltr'>ἐχθροῦ</span> <span class='ocrx_word' id='word_1_477' title='bbox 3067 4431 3348 4502; x_wconf 83' lang='grc' dir='ltr'>στρατιάς.</span> 
     </span>
    </p>
   </div>
   <div class='ocr_carea' id='block_1_86' title="bbox 408 4499 1880 4592">
    <p class='ocr_par' dir='ltr' id='par_1_86' title="bbox 408 4499 1090 4559">
     <span class='ocr_line' id='line_1_86' title="bbox 408 4499 1090 4559; baseline 0.01 -7"><span class='ocrx_word' id='word_1_478' title='bbox 408 4499 498 4556; x_wconf 79' lang='grc'><strong>15.</strong></span> <span class='ocrx_word' id='word_1_479' title='bbox 525 4499 833 4557; x_wconf 84' lang='lat' dir='ltr'><strong>Potestates</strong></span> <span class='ocrx_word' id='word_1_480' title='bbox 867 4503 1090 4559; x_wconf 88' lang='lat' dir='ltr'><strong>diaboli.</strong></span> 
     </span>
    </p>
   </div>
   <div class='ocr_carea' id='block_1_87' title="bbox 1529 4499 3001 4592">
    <p class='ocr_par' dir='ltr' id='par_1_87' title="bbox 1956 4499 3001 4592">
     <span class='ocr_line' id='line_1_87' title="bbox 1956 4499 3001 4592; baseline 0.005 -20"><span class='ocrx_word' id='word_1_481' title='bbox 1956 4589 1981 4592; x_wconf 21' lang='grc' dir='ltr'><strong>μ</strong></span> <span class='ocrx_word' id='word_1_482' title='bbox 2100 4521 2189 4577; x_wconf 74' lang='lat'><strong>13.</strong></span> <span class='ocrx_word' id='word_1_483' title='bbox 2222 4523 2288 4574; x_wconf 76' lang='grc' dir='ltr'>Αι</span> <span class='ocrx_word' id='word_1_484' title='bbox 2317 4521 2412 4574; x_wconf 81' lang='grc' dir='ltr'>τοῦ</span> <span class='ocrx_word' id='word_1_485' title='bbox 2445 4521 2690 4574; x_wconf 75' lang='grc' dir='ltr'><strong>διαϐόλου</strong></span> <span class='ocrx_word' id='word_1_486' title='bbox 2724 4499 3001 4592; x_wconf 54' lang='grc' dir='ltr'>δυνάμεις.</span> 
     </span>
    </p>
   </div>
   <div class='ocr_carea' id='block_1_88' title="bbox 415 4589 1887 4685">
    <p class='ocr_par' dir='ltr' id='par_1_88' title="bbox 415 4591 1690 4666">
     <span class='ocr_line' id='line_1_88' title="bbox 415 4591 1690 4666; baseline 0.005 -20"><span class='ocrx_word' id='word_1_487' title='bbox 415 4593 504 4648; x_wconf 75' lang='grc'><strong>11.</strong></span> <span class='ocrx_word' id='word_1_488' title='bbox 537 4591 852 4648; x_wconf 64' lang='lat' dir='ltr'><strong>Iudaeorum</strong></span> <span class='ocrx_word' id='word_1_489' title='bbox 885 4596 1168 4665; x_wconf 89' lang='lat' dir='ltr'><strong>populum,</strong></span> <span class='ocrx_word' id='word_1_490' title='bbox 1194 4605 1250 4651; x_wconf 87' lang='lat' dir='ltr'><strong>et</strong></span> <span class='ocrx_word' id='word_1_491' title='bbox 1282 4596 1445 4666; x_wconf 77' lang='lat' dir='ltr'><strong>corda</strong></span> <span class='ocrx_word' id='word_1_492' title='bbox 1478 4612 1690 4653; x_wconf 89' lang='lat' dir='ltr'><strong>eorum.</strong></span> 
     </span>
    </p>
   </div>
   <div class='ocr_carea' id='block_1_89' title="bbox 2113 4589 3585 4685">
    <p class='ocr_par' dir='ltr' id='par_1_89' title="bbox 2113 4589 3585 4685">
     <span class='ocr_line' id='line_1_89' title="bbox 2113 4589 3585 4685; baseline -0.004 -19"><span class='ocrx_word' id='word_1_493' title='bbox 2113 4614 2185 4666; x_wconf 73' lang='grc'><strong>14.</strong></span> <span class='ocrx_word' id='word_1_494' title='bbox 2214 4615 2316 4666; x_wconf 85' lang='grc' dir='ltr'><strong>Τὸν</strong></span> <span class='ocrx_word' id='word_1_495' title='bbox 2332 4613 2460 4666; x_wconf 78' lang='grc' dir='ltr'>λαὸν</span> <span class='ocrx_word' id='word_1_496' title='bbox 2477 4614 2584 4667; x_wconf 83' lang='grc' dir='ltr'><strong>τῶν</strong></span> <span class='ocrx_word' id='word_1_497' title='bbox 2614 4589 2903 4678; x_wconf 83' lang='grc' dir='ltr'><strong>Ἰουδαίων,</strong></span> <span class='ocrx_word' id='word_1_498' title='bbox 2931 4614 3024 4667; x_wconf 75' lang='grc' dir='ltr'><strong>καὶ</strong></span> <span class='ocrx_word' id='word_1_499' title='bbox 3046 4614 3144 4676; x_wconf 82' lang='grc' dir='ltr'>τὰς</span> <span class='ocrx_word' id='word_1_500' title='bbox 3164 4613 3390 4685; x_wconf 81' lang='grc' dir='ltr'>καρδίας</span> <span class='ocrx_word' id='word_1_501' title='bbox 3407 4609 3585 4666; x_wconf 84' lang='grc' dir='ltr'>αὐτῶν.</span> 
     </span>
    </p>
   </div>
   <div class='ocr_carea' id='block_1_90' title="bbox 414 4684 1886 4778">
    <p class='ocr_par' dir='ltr' id='par_1_90' title="bbox 414 4684 1886 4760">
     <span class='ocr_line' id='line_1_90' title="bbox 414 4684 1886 4760; baseline 0.001 -20"><span class='ocrx_word' id='word_1_502' title='bbox 414 4685 501 4740; x_wconf 76' lang='grc'><strong>15.</strong></span> <span class='ocrx_word' id='word_1_503' title='bbox 515 4684 646 4751; x_wconf 69' lang='lat' dir='ltr'><strong>Quae</strong></span> <span class='ocrx_word' id='word_1_504' title='bbox 663 4695 760 4753; x_wconf 87' lang='lat' dir='ltr'><strong>tot,</strong></span> <span class='ocrx_word' id='word_1_505' title='bbox 779 4689 1056 4757; x_wconf 87' lang='lat' dir='ltr'><strong>tantisque</strong></span> <span class='ocrx_word' id='word_1_506' title='bbox 1069 4690 1404 4758; x_wconf 90' lang='lat' dir='ltr'><strong>temporibus</strong></span> <span class='ocrx_word' id='word_1_507' title='bbox 1417 4701 1755 4760; x_wconf 70' lang='lat' dir='ltr'><strong>congregatae</strong></span> <span class='ocrx_word' id='word_1_508' title='bbox 1772 4701 1886 4744; x_wconf 85' lang='lat' dir='ltr'><strong>sunl</strong></span> 
     </span>
    </p>
   </div>
   <div class='ocr_carea' id='block_1_91' title="bbox 1956 4684 3428 4778">
    <p class='ocr_par' dir='ltr' id='par_1_91' title="bbox 2105 4684 3428 4778">
     <span class='ocr_line' id='line_1_91' title="bbox 2105 4684 3428 4778; baseline 0.001 -18"><span class='ocrx_word' id='word_1_509' title='bbox 2105 4708 2188 4762; x_wconf 85' lang='grc'><strong>15.</strong></span> <span class='ocrx_word' id='word_1_510' title='bbox 2223 4707 2343 4761; x_wconf 87' lang='grc' dir='ltr'><strong>Τῶν</strong></span> <span class='ocrx_word' id='word_1_511' title='bbox 2376 4707 2467 4760; x_wconf 72' lang='grc' dir='ltr'>ἐπὶ</span> <span class='ocrx_word' id='word_1_512' title='bbox 2499 4705 2769 4762; x_wconf 82' lang='grc' dir='ltr'>τοσούτων</span> <span class='ocrx_word' id='word_1_513' title='bbox 2797 4707 3003 4778; x_wconf 86' lang='grc' dir='ltr'>χρόνων</span> <span class='ocrx_word' id='word_1_514' title='bbox 3042 4684 3428 4778; x_wconf 85' lang='grc' dir='ltr'>συναχθεισῶν.</span> 
     </span>
    </p>
   </div>
   <div class='ocr_carea' id='block_1_92' title="bbox 411 4781 1883 4876">
    <p class='ocr_par' dir='ltr' id='par_1_92' title="bbox 411 4781 1716 4852">
     <span class='ocr_line' id='line_1_92' title="bbox 411 4781 1716 4852; baseline 0.004 -16"><span class='ocrx_word' id='word_1_515' title='bbox 411 4781 502 4836; x_wconf 90' lang='grc'><strong>16.</strong></span> <span class='ocrx_word' id='word_1_516' title='bbox 533 4781 836 4852; x_wconf 80' lang='lat' dir='ltr'><strong>Antequam</strong></span> <span class='ocrx_word' id='word_1_517' title='bbox 874 4784 1224 4840; x_wconf 83' lang='lat' dir='ltr'><strong>absolvamns</strong></span> <span class='ocrx_word' id='word_1_518' title='bbox 1256 4784 1419 4839; x_wconf 84' lang='lat' dir='ltr'><strong>vitam</strong></span> <span class='ocrx_word' id='word_1_519' title='bbox 1454 4796 1716 4841; x_wconf 86' lang='lat' dir='ltr'><strong>nostram.</strong></span> 
     </span>
    </p>
   </div>
   <div class='ocr_carea' id='block_1_93' title="bbox 1955 4781 3427 4876">
    <p class='ocr_par' dir='ltr' id='par_1_93' title="bbox 2101 4801 3427 4876">
     <span class='ocr_line' id='line_1_93' title="bbox 2101 4801 3427 4876; baseline -0.002 -18"><span class='ocrx_word' id='word_1_520' title='bbox 2101 4804 2187 4858; x_wconf 89' lang='grc'><strong>16.</strong></span> <span class='ocrx_word' id='word_1_521' title='bbox 2219 4803 2333 4876; x_wconf 81' lang='grc' dir='ltr'>Πρὸ</span> <span class='ocrx_word' id='word_1_522' title='bbox 2357 4801 2450 4856; x_wconf 83' lang='grc' dir='ltr'><strong>τοῦ</strong></span> <span class='ocrx_word' id='word_1_523' title='bbox 2484 4802 2770 4874; x_wconf 84' lang='grc' dir='ltr'>πληρῶσαι</span> <span class='ocrx_word' id='word_1_524' title='bbox 2795 4804 2945 4874; x_wconf 78' lang='grc' dir='ltr'>ἡμᾶς</span> <span class='ocrx_word' id='word_1_525' title='bbox 2979 4803 3069 4856; x_wconf 81' lang='grc' dir='ltr'><strong>τὸν</strong></span> <span class='ocrx_word' id='word_1_526' title='bbox 3110 4802 3224 4873; x_wconf 80' lang='grc' dir='ltr'>βίον</span> <span class='ocrx_word' id='word_1_527' title='bbox 3253 4801 3427 4873; x_wconf 75' lang='grc' dir='ltr'><strong>ἡμῶν.</strong></span> 
     </span>
    </p>
   </div>
   <div class='ocr_carea' id='block_1_94' title="bbox 415 4872 1887 4966">
    <p class='ocr_par' dir='ltr' id='par_1_94' title="bbox 415 4872 1882 4955">
     <span class='ocr_line' id='line_1_94' title="bbox 415 4872 1882 4955; baseline -0.001 -27"><span class='ocrx_word' id='word_1_528' title='bbox 415 4873 504 4955; x_wconf 86' lang='grc'><strong>17,</strong></span> <span class='ocrx_word' id='word_1_529' title='bbox 544 4873 630 4928; x_wconf 88' lang='grc'><strong>18.</strong></span> <span class='ocrx_word' id='word_1_530' title='bbox 655 4872 926 4939; x_wconf 89' lang='lat' dir='ltr'><strong>Quoniam</strong></span> <span class='ocrx_word' id='word_1_531' title='bbox 954 4877 1178 4930; x_wconf 91' lang='lat' dir='ltr'><strong>omnino</strong></span> <span class='ocrx_word' id='word_1_532' title='bbox 1203 4877 1460 4930; x_wconf 83' lang='lat' dir='ltr'><strong>denudati</strong></span> <span class='ocrx_word' id='word_1_533' title='bbox 1493 4893 1684 4932; x_wconf 88' lang='lat' dir='ltr'><strong>sumus</strong></span> <span class='ocrx_word' id='word_1_534' title='bbox 1718 4875 1882 4930; x_wconf 76' lang='lat' dir='ltr'><strong>auxili</strong></span> 
     </span>
    </p>
   </div>
   <div class='ocr_carea' id='block_1_95' title="bbox 2119 4872 3591 4966">
    <p class='ocr_par' dir='ltr' id='par_1_95' title="bbox 2130 4872 3591 4966">
     <span class='ocr_line' id='line_1_95' title="bbox 2130 4872 3591 4966; baseline 0 -17"><span class='ocrx_word' id='word_1_535' title='bbox 2130 4898 2182 4960; x_wconf 89' lang='lat'><strong>7,</strong></span> <span class='ocrx_word' id='word_1_536' title='bbox 2225 4872 2311 4950; x_wconf 69' lang='grc'><strong>18.</strong></span> <span class='ocrx_word' id='word_1_537' title='bbox 2353 4896 2475 4949; x_wconf 87' lang='grc' dir='ltr'>Ὅτι</span> <span class='ocrx_word' id='word_1_538' title='bbox 2489 4872 2700 4966; x_wconf 61' lang='grc' dir='ltr'><strong>γυμνοὶι</strong></span> <span class='ocrx_word' id='word_1_539' title='bbox 2717 4872 3023 4966; x_wconf 71' lang='grc' dir='ltr'>γεγύναμεν</span> <span class='ocrx_word' id='word_1_540' title='bbox 3054 4872 3231 4964; x_wconf 85' lang='grc' dir='ltr'>πάντη</span> <span class='ocrx_word' id='word_1_541' title='bbox 3263 4893 3370 4946; x_wconf 79' lang='grc' dir='ltr'>ἀπὸ</span> <span class='ocrx_word' id='word_1_542' title='bbox 3386 4892 3478 4960; x_wconf 84' lang='grc' dir='ltr'>τῆς</span> <span class='ocrx_word' id='word_1_543' title='bbox 3501 4888 3591 4956; x_wconf 83' lang='grc' dir='ltr'>σῆς</span> 
     </span>
    </p>
   </div>
   <div class='ocr_carea' id='block_1_96' title="bbox 337 4953 1809 5060">
    <p class='ocr_par' dir='ltr' id='par_1_96' title="bbox 337 4953 1783 5036">
     <span class='ocr_line' id='line_1_96' title="bbox 337 4953 1783 5036; baseline -0.001 -16"><span class='ocrx_word' id='word_1_544' title='bbox 337 4961 460 5036; x_wconf 53' lang='lat' dir='ltr'><strong>Quo,</strong></span> <span class='ocrx_word' id='word_1_545' title='bbox 487 4953 645 5020; x_wconf 87' lang='lat' dir='ltr'><strong>nunc</strong></span> <span class='ocrx_word' id='word_1_546' title='bbox 672 4965 907 5035; x_wconf 73' lang='lat' dir='ltr'><strong>elargire</strong></span> <span class='ocrx_word' id='word_1_547' title='bbox 929 4967 1088 5022; x_wconf 88' lang='lat' dir='ltr'><strong>nobis</strong></span> <span class='ocrx_word' id='word_1_548' title='bbox 1141 4967 1308 5032; x_wconf 89' lang='lat' dir='ltr'><strong>istud,</strong></span> <span class='ocrx_word' id='word_1_549' title='bbox 1347 4966 1490 5022; x_wconf 90' lang='lat' dir='ltr'><strong>Deus</strong></span> <span class='ocrx_word' id='word_1_550' title='bbox 1529 4968 1783 5022; x_wconf 83' lang='lat' dir='ltr'><strong>Salvator</strong></span> 
     </span>
    </p>
   </div>
   <div class='ocr_carea' id='block_1_97' title="bbox 2135 4953 3607 5060">
    <p class='ocr_par' dir='ltr' id='par_1_97' title="bbox 2136 4953 3607 5060">
     <span class='ocr_line' id='line_1_97' title="bbox 2136 4953 3607 5060; baseline 0.003 -19"><span class='ocrx_word' id='word_1_551' title='bbox 2136 4953 2307 5053; x_wconf 78' lang='grc' dir='ltr'>θείας,</span> <span class='ocrx_word' id='word_1_552' title='bbox 2335 4988 2430 5042; x_wconf 79' lang='grc' dir='ltr'>νῦν</span> <span class='ocrx_word' id='word_1_553' title='bbox 2458 4953 2701 5060; x_wconf 62' lang='grc' dir='ltr'><strong>δὲ.ρῆσαὶ</strong></span> <span class='ocrx_word' id='word_1_554' title='bbox 2729 4953 2860 5059; x_wconf 59' lang='grc' dir='ltr'><strong>Σιιιίίν</strong></span> <span class='ocrx_word' id='word_1_555' title='bbox 2885 4953 3109 5056; x_wconf 74' lang='grc' dir='ltr'>ταύτην,</span> <span class='ocrx_word' id='word_1_556' title='bbox 3133 4987 3161 5037; x_wconf 92' lang='lat'><strong>6</strong></span> <span class='ocrx_word' id='word_1_557' title='bbox 3190 4953 3322 5049; x_wconf 67' lang='grc' dir='ltr'>έεὸς</span> <span class='ocrx_word' id='word_1_558' title='bbox 3351 4986 3394 5042; x_wconf 85' lang='lat'><em>6.</em></span> <span class='ocrx_word' id='word_1_559' title='bbox 3416 4953 3607 5049; x_wconf 30' lang='grc' dir='ltr'><strong>έωτὴ-ρσ</strong></span> 
     </span>
    </p>
   </div>
   <div class='ocr_carea' id='block_1_98' title="bbox 344 5065 479 5112">
    <p class='ocr_par' dir='ltr' id='par_1_98' title="bbox 344 5065 479 5112">
     <span class='ocr_line' id='line_1_98' title="bbox 344 5065 479 5112; baseline 0.007 -1"><span class='ocrx_word' id='word_1_560' title='bbox 344 5065 479 5112; x_wconf 82' lang='lat' dir='ltr'><strong>ster.</strong></span> 
     </span>
    </p>
   </div>
   <div class='ocr_carea' id='block_1_99' title="bbox 413 5083 1885 5242">
    <p class='ocr_par' dir='ltr' id='par_1_99' title="bbox 413 5083 1204 5218">
     <span class='ocr_line' id='line_1_99' title="bbox 413 5083 479 5112; baseline 0.045 -3"><span class='ocrx_word' id='word_1_561' title='bbox 413 5083 479 5112; x_wconf 74' lang='grc' dir='ltr'><strong>π.</strong></span> 
     </span>
     <span class='ocr_line' id='line_1_100' title="bbox 413 5147 1204 5218; baseline 0.001 -19"><span class='ocrx_word' id='word_1_562' title='bbox 413 5147 500 5202; x_wconf 89' lang='grc'><strong>19.</strong></span> <span class='ocrx_word' id='word_1_563' title='bbox 528 5148 800 5213; x_wconf 86' lang='lat' dir='ltr'><strong>Quoniam</strong></span> <span class='ocrx_word' id='word_1_564' title='bbox 829 5147 1098 5218; x_wconf 82' lang='lat' dir='ltr'><strong>benignus</strong></span> <span class='ocrx_word' id='word_1_565' title='bbox 1124 5162 1204 5203; x_wconf 85' lang='lat' dir='ltr'><strong>es.</strong></span> 
     </span>
    </p>
   </div>
   <div class='ocr_carea' id='block_1_100' title="bbox 1587 5083 3059 5242">
    <p class='ocr_par' dir='ltr' id='par_1_100' title="bbox 1587 5083 3059 5242">
     <span class='ocr_line' id='line_1_101' title="bbox 2028 5083 2204 5134; baseline 0 -1"><span class='ocrx_word' id='word_1_566' title='bbox 2028 5083 2058 5133; x_wconf 56' lang='grc' dir='ltr'><strong>’ἐκ</strong></span> <span class='ocrx_word' id='word_1_567' title='bbox 2111 5083 2204 5134; x_wconf 76' lang='grc' dir='ltr'><strong>ὧν.</strong></span> 
     </span>
     <span class='ocr_line' id='line_1_102' title="bbox 1587 5101 3059 5242; baseline 0.001 -21"><span class='ocrx_word' id='word_1_568' title='bbox 1587 5239 1588 5242; x_wconf 15' lang='grc' dir='ltr'><strong>η</strong></span> <span class='ocrx_word' id='word_1_569' title='bbox 1690 5237 1700 5242; x_wconf 94' lang='lat'><em>_</em></span> <span class='ocrx_word' id='word_1_570' title='bbox 1822 5236 1855 5242; x_wconf 44' lang='grc' dir='ltr'>μ</span> <span class='ocrx_word' id='word_1_571' title='bbox 2049 5101 2185 5224; x_wconf 40' lang='lat'><strong>#19.</strong></span> <span class='ocrx_word' id='word_1_572' title='bbox 2218 5171 2340 5223; x_wconf 83' lang='grc' dir='ltr'>Ὅτι</span> <span class='ocrx_word' id='word_1_573' title='bbox 2368 5170 2748 5242; x_wconf 84' lang='grc' dir='ltr'>φιλάνθρωπος</span> <span class='ocrx_word' id='word_1_574' title='bbox 2777 5169 3059 5241; x_wconf 84' lang='grc' dir='ltr'>ὑπάρχεις.</span> 
     </span>
    </p>
   </div>
   <div class='ocr_carea' id='block_1_101' title="bbox 413 5236 1885 5332">
    <p class='ocr_par' dir='ltr' id='par_1_101' title="bbox 413 5236 1885 5304">
     <span class='ocr_line' id='line_1_103' title="bbox 413 5236 1885 5304; baseline -0.001 -14"><span class='ocrx_word' id='word_1_575' title='bbox 413 5237 508 5294; x_wconf 78' lang='grc'><strong>20.</strong></span> <span class='ocrx_word' id='word_1_576' title='bbox 547 5237 817 5304; x_wconf 86' lang='lat' dir='ltr'><strong>Quoniam</strong></span> <span class='ocrx_word' id='word_1_577' title='bbox 848 5241 1182 5302; x_wconf 88' lang='lat' dir='ltr'><strong>misericors,</strong></span> <span class='ocrx_word' id='word_1_578' title='bbox 1206 5248 1259 5293; x_wconf 87' lang='lat' dir='ltr'><strong>et</strong></span> <span class='ocrx_word' id='word_1_579' title='bbox 1283 5238 1489 5293; x_wconf 79' lang='lat' dir='ltr'><strong>faciens</strong></span> <span class='ocrx_word' id='word_1_580' title='bbox 1521 5236 1885 5291; x_wconf 84' lang='lat' dir='ltr'><strong>misericordia</strong></span> 
     </span>
    </p>
   </div>
   <div class='ocr_carea' id='block_1_102' title="bbox 1851 5236 3323 5332">
    <p class='ocr_par' dir='ltr' id='par_1_102' title="bbox 1851 5236 3323 5332">
     <span class='ocr_line' id='line_1_104' title="bbox 1851 5236 3323 5332; baseline 0.001 -22"><span class='ocrx_word' id='word_1_581' title='bbox 1851 5238 1924 5289; x_wconf 65' lang='lat' dir='ltr'><strong>ias</strong></span> <span class='ocrx_word' id='word_1_582' title='bbox 2099 5259 2188 5314; x_wconf 74' lang='grc'><strong>20.</strong></span> <span class='ocrx_word' id='word_1_583' title='bbox 2234 5262 2292 5313; x_wconf 91' lang='lat' dir='ltr'><strong>&#39;O</strong></span> <span class='ocrx_word' id='word_1_584' title='bbox 2319 5236 2578 5332; x_wconf 38' lang='grc' dir='ltr'><strong>ἐλεήμων.</strong></span> <span class='ocrx_word' id='word_1_585' title='bbox 2594 5263 2688 5314; x_wconf 81' lang='grc' dir='ltr'>καὶ</span> <span class='ocrx_word' id='word_1_586' title='bbox 2715 5236 3012 5331; x_wconf 44' lang='grc' dir='ltr'>οἰκτίρμων</span> <span class='ocrx_word' id='word_1_587' title='bbox 3040 5257 3323 5330; x_wconf 82' lang='grc' dir='ltr'>ὀνομάζει.</span> 
     </span>
    </p>
   </div>
   <div class='ocr_carea' id='block_1_103' title="bbox 346 5340 2648 5476">
    <p class='ocr_par' dir='ltr' id='par_1_103' title="bbox 346 5340 2648 5476">
     <span class='ocr_line' id='line_1_105' title="bbox 346 5340 672 5383; baseline 0.009 -3"><span class='ocrx_word' id='word_1_588' title='bbox 346 5340 672 5383; x_wconf 77' lang='lat' dir='ltr'><strong>nominans.</strong></span> 
     </span>
     <span class='ocr_line' id='line_1_106' title="bbox 1293 5393 2648 5476; baseline -0.004 -15"><span class='ocrx_word' id='word_1_589' title='bbox 1293 5398 1601 5461; x_wconf 84' lang='lat' dir='ltr'><strong>Addenda</strong></span> <span class='ocrx_word' id='word_1_590' title='bbox 1636 5405 1698 5458; x_wconf 86' lang='lat' dir='ltr'><strong>et</strong></span> <span class='ocrx_word' id='word_1_591' title='bbox 1727 5395 2106 5476; x_wconf 81' lang='lat' dir='ltr'><strong>corrigenda</strong></span> <span class='ocrx_word' id='word_1_592' title='bbox 2138 5412 2214 5455; x_wconf 80' lang='lat' dir='ltr'><strong>ex</strong></span> <span class='ocrx_word' id='word_1_593' title='bbox 2249 5393 2391 5455; x_wconf 79' lang='lat' dir='ltr'><strong>cod.</strong></span> <span class='ocrx_word' id='word_1_594' title='bbox 2449 5393 2648 5455; x_wconf 83' lang='lat' dir='ltr'><strong>Vatic.</strong></span> 
     </span>
    </p>
   </div>
   <div class='ocr_carea' id='block_1_104' title="bbox 419 5496 3271 5572">
    <p class='ocr_par' dir='ltr' id='par_1_104' title="bbox 419 5496 3271 5572">
     <span class='ocr_line' id='line_1_107' title="bbox 419 5496 3271 5572; baseline -0 -21"><span class='ocrx_word' id='word_1_595' title='bbox 419 5496 499 5570; x_wconf 84' lang='grc'><strong>(1)</strong></span> <span class='ocrx_word' id='word_1_596' title='bbox 545 5499 792 5572; x_wconf 83' lang='grc' dir='ltr'>Ὀρῶσάν</span> <span class='ocrx_word' id='word_1_597' title='bbox 826 5521 905 5557; x_wconf 84' lang='grc' dir='ltr'>σε.</span> <span class='ocrx_word' id='word_1_598' title='bbox 2105 5501 2182 5571; x_wconf 77' lang='lat'><strong>(‘2)</strong></span> <span class='ocrx_word' id='word_1_599' title='bbox 2212 5500 2337 5562; x_wconf 79' lang='grc' dir='ltr'>Τοῖς</span> <span class='ocrx_word' id='word_1_600' title='bbox 2365 5499 2551 5562; x_wconf 79' lang='grc' dir='ltr'>αὐτοῖς</span> <span class='ocrx_word' id='word_1_601' title='bbox 2578 5499 2909 5571; x_wconf 82' lang='grc' dir='ltr'>ἀκαθάρτοις</span> <span class='ocrx_word' id='word_1_602' title='bbox 2946 5497 3271 5570; x_wconf 83' lang='grc' dir='ltr'>πνεύμασιν.</span> 
     </span>
    </p>
   </div>
   <div class='ocr_carea' id='block_1_105' title="bbox 422 5604 3598 5690">
    <p class='ocr_par' dir='ltr' id='par_1_105' title="bbox 422 5604 3598 5690">
     <span class='ocr_line' id='line_1_108' title="bbox 422 5604 3598 5690; baseline -0.001 -28"><span class='ocrx_word' id='word_1_603' title='bbox 422 5607 662 5690; x_wconf 56' lang='grc' dir='ltr'>(ιηξρει</span> <span class='ocrx_word' id='word_1_604' title='bbox 711 5626 854 5690; x_wconf 71' lang='lat' dir='ltr'><strong>pag._</strong></span> <span class='ocrx_word' id='word_1_605' title='bbox 890 5614 994 5690; x_wconf 70' lang='grc'><strong>112</strong></span> <span class='ocrx_word' id='word_1_606' title='bbox 1050 5631 1170 5684; x_wconf 70' lang='lat' dir='ltr'><strong>qua:</strong></span> <span class='ocrx_word' id='word_1_607' title='bbox 1210 5615 1455 5683; x_wconf 72' lang='lat' dir='ltr'><strong>sequitur</strong></span> <span class='ocrx_word' id='word_1_608' title='bbox 1517 5613 1712 5690; x_wconf 76' lang='lat' dir='ltr'><strong>pagina</strong></span> <span class='ocrx_word' id='word_1_609' title='bbox 1770 5609 2115 5690; x_wconf 77' lang='lat' dir='ltr'><strong>desideratur</strong></span> <span class='ocrx_word' id='word_1_610' title='bbox 2144 5607 2159 5674; x_wconf 69' lang='grc' dir='ltr'><strong>ξ</strong></span> <span class='ocrx_word' id='word_1_611' title='bbox 2188 5610 2280 5690; x_wconf 54' lang='grc' dir='ltr'>ὀί)</span> <span class='ocrx_word' id='word_1_612' title='bbox 2339 5609 2502 5690; x_wconf 72' lang='lat' dir='ltr'><strong>idque</strong></span> <span class='ocrx_word' id='word_1_613' title='bbox 2548 5609 2722 5690; x_wconf 44' lang='lat' dir='ltr'><strong>deest.</strong></span> <span class='ocrx_word' id='word_1_614' title='bbox 2746 5617 2932 5666; x_wconf 81' lang='lat' dir='ltr'><strong>textus</strong></span> <span class='ocrx_word' id='word_1_615' title='bbox 2979 5618 3033 5666; x_wconf 83' lang='lat' dir='ltr'><strong>et</strong></span> <span class='ocrx_word' id='word_1_616' title='bbox 3085 5604 3519 5667; x_wconf 82' lang='lat' dir='ltr'><strong>commentarius</strong></span> <span class='ocrx_word' id='word_1_617' title='bbox 3568 5612 3598 5650; x_wconf 70' lang='grc' dir='ltr'><strong>ι</strong></span> 
     </span>
    </p>
   </div>
   <div class='ocr_carea' id='block_1_106' title="bbox 345 5681 2772 5756">
    <p class='ocr_par' dir='ltr' id='par_1_106' title="bbox 345 5681 2772 5756">
     <span class='ocr_line' id='line_1_109' title="bbox 345 5681 2772 5756; baseline 0 -23"><span class='ocrx_word' id='word_1_618' title='bbox 345 5693 489 5736; x_wconf 65' lang='grc' dir='ltr'>τοι-ε.</span> <span class='ocrx_word' id='word_1_619' title='bbox 527 5681 588 5734; x_wconf 72' lang='lat' dir='ltr'><strong>l2</strong></span> <span class='ocrx_word' id='word_1_620' title='bbox 621 5681 816 5752; x_wconf 85' lang='lat' dir='ltr'><strong>psalmi</strong></span> <span class='ocrx_word' id='word_1_621' title='bbox 842 5684 1005 5756; x_wconf 86' lang='lat' dir='ltr'><strong>hujus</strong></span> <span class='ocrx_word' id='word_1_622' title='bbox 1038 5681 1407 5752; x_wconf 55' lang='lat' dir='ltr'><strong>numnunc</strong></span> <span class='ocrx_word' id='word_1_623' title='bbox 1445 5681 1566 5738; x_wconf 84' lang='lat' dir='ltr'><strong>cum</strong></span> <span class='ocrx_word' id='word_1_624' title='bbox 1607 5683 2053 5752; x_wconf 72' lang='lat' dir='ltr'><strong>interpretatione</strong></span> <span class='ocrx_word' id='word_1_625' title='bbox 2081 5681 2218 5736; x_wconf 90' lang='lat' dir='ltr'><strong>tituli</strong></span> <span class='ocrx_word' id='word_1_626' title='bbox 2252 5681 2446 5746; x_wconf 85' lang='lat' dir='ltr'><strong>psalmi</strong></span> <span class='ocrx_word' id='word_1_627' title='bbox 2477 5681 2772 5743; x_wconf 75' lang='lat' dir='ltr'><strong>sequentis.</strong></span> 
     </span>
    </p>
   </div>
  </div>
