3728 6374
130 304 221 362 989
1013 315 1104 374 DE
1145 318 1431 379 TITULIS
1466 322 1595 380 PSA

1909 368 1915 382 .
1956 360 2025 369 —
2060 329 2257 391 PSAL.
2295 335 2530 393 LXX!X.
3277 335 3381 390 990

163 421 278 569 ἐξ.
313 423 552 494 Μήποτε
605 427 803 484 εἴπωσι
840 425 909 485 τὰ
941 430 1067 505 ἔθνη
1093 449 1108 464 ο
1158 433 1269 489 Ποῦ
1320 436 1466 491 ἐστιν
1509 439 1539 491 6
1574 437 1635 491 Θε

193 533 335 569 tow:

1912 442 1969 495 ιι.
1996 440 2073 499 Ne
2100 444 2238 500 forte
2262 447 2449 504 dicant
2473 458 2659 518 gentes
2696 467 2710 503 :
2747 447 2850 506 Ubi
2875 456 2958 504 est
2981 447 3127 503 Deus
3150 444 3384 503 eorum!

134 533 295 569 ιυτων
319 533 335 582 ;

193 606 277 661 22.
312 609 424 662 Καὶ
475 610 779 684 γνωσθήτω
823 615 881 668 ὲν
917 617 1031 681 τοῖς
1074 616 1283 674 ἔθνεσιν
1317 621 1547 676 ἐνώπιον
1595 622 1665 677 τῶ

1913 597 1969 650 .2.
2001 597 2066 652 Et
2099 602 2403 658 innotescat
2433 605 2486 658 in
2524 602 2839 660 nationibus
2865 619 3050 660 coram
3082 601 3257 660 oculis
3289 614 3385 655 no-

133 699 416 770 ὐφθαλμῶν
455 701 640 772 ἡμῶν,

486 728 489 771 ἱ
500 701 640 772 μῶν,
1807 690 1958 755 stris,

192 788 278 843 25.
321 791 385 843 'H
419 791 702 867 ἐκδίκησις
728 795 821 850 τοῦ
859 799 1092 870 αἵματος
1117 802 1227 857 τῶν
1255 804 1456 859 δούλων
1486 823 1580 861 σου
1610 823 1664 860 το

1910 782 1972 835 ιδ.
2015 780 2163 839 Ultio
2203 786 2486 855 sanguinis
2522 802 2802 844 servorum
2838 795 3078 853 tuorum,
3120 781 3216 855 qui
3246 780 3382 836 ellu-

128 880 320 950 ὲκκεχυ
328 881 516 951 μένου.

1804 887 1901 935 sus
1921 880 2023 930 θεῖ.

192 972 280 1027 24.
312 974 621 1031 Εἰσελθέτω
644 977 873 1034 ἐνώπιόν
903 999 997 1037 σου
1020 985 1050 1038 6
1077 988 1378 1059 στεναγμὸς
1405 987 1516 1043 τῶν
1544 1007 1664 1045 πεπι

1907 963 1970 1020 :4.
2007 963 2247 1021 lntroeat
2286 967 2340 1021 in
2370 977 2668 1039 conspectu
2699 976 2794 1021 tuo
2823 966 3057 1038 gemitus
3101 961 3379 1032 compedi-

126 1063 185 1136 δη
192 1067 389 1133 μένων.

1805 1063 2008 1110 tarum.

192 1157 280 1213 25.
324 1159 483 1215 Κατὰ
516 1159 613 1234 τὴν
656 1164 1045 1239 μεγαλωσύνην
1071 1168 1165 1223 τοῦ
1207 1169 1489 1243 βραχίονός
1516 1190 1630 1241 σου,

1877 1145 1970 1199 25.
2009 1144 2320 1199 Secundum
2357 1144 2760 1199 multitudinem
2796 1142 3004 1197 brachii
3035 1141 3135 1206 tui,

192 1246 281 1303 26.
324 1250 693 1325 Περιποίησαι
735 1258 860 1321 τοὺς
893 1235 1043 1323 υἰους
1074 1260 1182 1314 τῶν
1207 1235 1664 1336 ’τεθανατωμένωι

1444 1235 1699 1336 τὼμένῷν.
1874 1236 1966 1291 26.
2001 1235 2229 1291 Posside
2260 1236 2401 1291 lilios
2439 1236 2916 1290 mortiﬁcatorum.

190 1340 281 1396 27.
324 1343 547 1408 Ἀπόδος
572 1348 684 1411 τοῖς
722 1348 958 1417 γείτοσιν
988 1351 1149 1424 ήμῶν
1180 1326 1584 1413 ἑπταπλασίονα
1623 1361 1662 1412 εἰ

1906 1329 1967 1384 l7.
2002 1327 2187 1384 Redde
2227 1328 2422 1383 vicinis
2445 1329 2650 1383 nostris
2692 1327 3001 1397 septuplum
3033 1326 3089 1381 in
3138 1326 3262 1382 sinu
3286 1341 3378 1382 eo-

126 1432 213 1485 τδν
244 1433 444 1489 κόλπον
475 1438 657 1494 αὐτῶν
677 1480 693 1507 ,

477 1438 657 1494 αὐτῶν
677 1480 693 1507 ,
1804 1435 1949 1485 rum,

190 1523 280 1581 28.
305 1525 411 1579 Τὸν
438 1527 741 1602 ὀνειδισμὸν
766 1533 965 1601 αὐτῶν,
997 1535 1057 1590 ὃν
1088 1536 1372 1593 ὠνείδισάν
1399 1557 1478 1603 σε,
1508 1541 1662 1615 Κύριε

1955 1551 1963 1559 .
2001 1508 2396 1581 lmproperium
2431 1509 2697 1580 ipsarum,
2735 1510 2882 1579 quod
2912 1508 3380 1580 exprobraverunt
3418 1520 3420 1525 ‘

189 1615 278 1672 29.
327 1617 520 1688 Ἡμεῖς
547 1619 605 1674 δὲ
630 1598 759 1686 λαός
796 1641 889 1678 σου
919 1598 1015 1682 καὶ
1048 1628 1297 1698 πρόϐατα
1326 1598 1496 1704 νομῆξ
1533 1598 1646 1692 σου.

743 1640 759 1686 ἶ
796 1641 889 1678 σου
919 1598 1015 1682 ἰαὶ
1048 1628 1297 1698 πρόδατα
1326 1598 1496 1704 vovi;
1533 1598 1646 1692 σος).
1685 1598 1699 1603 ⁷
1804 1598 1945 1704 tibi:
1962 1599 2215 1704 Domine.

1873 1694 1971 1753 29.
2002 1696 2113 1750 Nos
2140 1703 2322 1750 autem
2351 1693 2586 1764 populus
2608 1702 2758 1757 tuus,
2776 1702 2828 1747 et
2856 1707 2986 1749 oves
3015 1708 3230 1761 pascua:
3248 1703 3378 1760 tua.

189 1768 279 1824 50.
308 1770 884 1848 ’Δνθομολογησόμεθόι
906 1796 1008 1842 σοι.
1038 1783 1067 1834 6
1099 1780 1253 1850 Θεὸς,
1275 1786 1356 1849 είς
1382 1786 1472 1841 τὸν
1496 1789 1661 1843 αἰῶνα

1683 1807 1695 1821 ’
1877 1793 1967 1846 50.
1995 1788 2409 1850 Conﬁtebimur,
2432 1787 2549 1850 tibi,
2572 1786 2736 1850 Deus,
2768 1785 2822 1839 in
2854 1786 3112 1841 saeculum
3141 1805 3155 1841 :

189 1859 278 1915 ὃν.
311 1862 408 1926 Εἰς
440 1867 636 1931 γενεὰν
659 1867 753 1920 καὶ
785 1870 976 1935 γενεὰν
1004 1871 1404 1948 ἐξαγγελοῦμεν
1422 1878 1522 1952 τὴν
1558 1882 1661 1935 αι’νε

1920 1886 1966 1937 l.
1997 1881 2054 1936 ln
2087 1880 2488 1952 generationem
2514 1886 2569 1935 et
2604 1878 3007 1950 generationem
3037 1874 3383 1933 aununtiabic

127 1952 206 2007 σίν
236 1969 351 2008 σου.

1802 1990 1925 2030 mus
1950 1973 2165 2027 laudem
2198 1981 2368 2025 tuam.

124 2047 226 2113 Εἲς
255 2048 320 2100 τὸ
350 2048 550 2118 τέλος,
591 2053 744 2123 ὑπὲρ
772 2055 892 2111 τῶν
924 2058 1523 2133 ἀλλοιωθησομένων,
1559 2084 1596 2136 μ

1908 2064 1975 2119 In
2003 2064 2156 2137 ﬁnem
2190 2079 2207 2116 :
2242 2078 2336 2133 pro
2364 2061 2469 2127 his,
2499 2060 2589 2130 qui
2614 2059 3097 2124 rammutabuntur,
3128 2062 3275 2116 testi-

168 2140 372 2210 τύριον
400 2144 481 2210 τῷ
514 2146 722 2218 Ἀσάφ,
741 2151 985 2221 ψαλμὸς
1006 2153 1158 2224 ὑπὲρ
1191 2156 1297 2211 τοῦ
1336 2157 1640 2229 Ἀσσυρίοι

2037 2155 2276 2208 monium
2300 2153 2499 2222 Asaph,
2530 2152 2764 2221 psalmus
2794 2170 2889 2222 pro
2914 2150 3155 2223 Assyrio.

742 2245 906 2300 ΨΑΛ.
948 2249 1040 2301 ΟΘ
1056 2253 1088 2301 ’.

2343 2244 2550 2301 PSAL.
2582 2244 2839 2299 LXXIX.

191 2334 245 2392 ι.
278 2327 338 2381 ὐ
374 2331 681 2402 ποιμαίνων
711 2333 803 2387 τὸν
845 2330 1082 2409 Ἰσραὴλ,
1116 2338 1383 2411 πρόσχεςο

1277 2356 1383 2411 (εςο
1876 2341 1928 2397 ι.
1961 2340 2065 2410 Qui
2088 2341 2233 2412 regis
2263 2339 2450 2405 Israel,
2483 2341 2703 2394 intende
2734 2357 2749 2395 :

1252 2496 1635 2554 ATHANASII
1671 2495 2260 2555 lNTERPRETATIO.

183 2648 275 2703 21.
301 2649 383 2705 τὰ
414 2651 708 2723 πνεύματα
746 2652 814 2707 τὰ
844 2653 1151 2727 ἀκάθαρτα.

1074 2672 1151 2710 τα.
1728 2675 1773 2733 ο
1879 2654 1969 2711 21.
1999 2654 2271 2711 Immundi
2302 2655 2546 2725 spiritus.

185 2738 278 2795 22.
304 2741 415 2796 Καὶ
447 2742 747 2812 ὲπιγνῶσιν
794 2748 849 2799 αἱ
875 2747 1037 2800 αὑταὶ
1068 2746 1327 2817 δυνάμεις
1355 2744 1449 2799 τοῦ
1479 2744 1657 2816 ἐχθροί

1911 2745 1966 2800 2.
1993 2744 2061 2800 Et
2102 2755 2439 2816 cognoscant
2478 2745 2611 2815 ipsa:
2652 2754 2951 2816 potestates
2986 2746 3195 2806 inimici
3234 2746 3383 2820 quod

119 2831 196 2901 ᾆι.
225 2832 479 2905 ὁρώντων
515 2836 677 2908 ἡμῶν
708 2840 880 2902 ποιεῖς
913 2838 1013 2910 τὴν
1048 2838 1346 2910 ἐκδίκησιν.

1803 2838 1963 2894 nobis
1985 2839 2361 2909 spectantibus
2382 2839 2678 2894 vindictam
2695 2838 2852 2896 facis.

183 2926 273 2986 25.
305 2927 478 3000 ’Υπὲρ
499 2928 611 2983 τῶν
633 2929 987 3002 ἀπολομένων
1013 2930 1204 3003 ψυχῶν
1225 2932 1333 2986 τῶν
1354 2932 1554 2987 δούλων
1582 2948 1655 2985 σοι

1908 2930 1963 2984 5.
1998 2929 2071 2983 De
2098 2929 2299 2985 animis
2333 2945 2619 2985 servorum
2645 2941 2890 3000 tuorum,
2927 2948 3050 3003 qua:
3084 2932 3380 3004 perierunt.

181 3017 272 3073 24.
299 3019 630 3093 Καταξιωθῇ
676 3022 936 3077 εἰσελθεῖν
970 3024 1107 3098 πρὸς
1139 3024 1199 3078 σὲ
1247 3027 1280 3097 ἡ
1315 3024 1652 3097 ὲξομολόγησ

1911 3022 1965 3076 4.
1995 3019 2167 3093 Digna
2201 3020 2295 3076 ﬁat
2323 3020 2536 3092 ingredi
2561 3022 2628 3078 ad
2659 3030 2713 3078 te
2738 3023 3016 3080 confessio
3043 3038 3256 3088 eorum,
3288 3023 3381 3093 qui

120 3110 223 3173 ⁴ζιῖιν
247 3111 548 3184 δεδεμένων
575 3113 682 3167 ὑπὸ
712 3116 810 3186 τῆς
837 3116 1133 3188 ἁμαρτίας.

1111 3136 1133 3171 ι.
1805 3122 1934 3170 sunt
1959 3115 2241 3171 constricti
2279 3130 2308 3168 a
2336 3123 2583 3185 peccato.

183 3202 271 3260 25.
306 3204 467 3259 Κατά
493 3206 597 3278 τὴν
626 3208 781 3278 ἰσχὺν
807 3208 901 3261 τοῦ
930 3207 1060 3262 Υίοῦ
1095 3225 1212 3262 σου.

1875 3202 1967 3257 25.
1998 3198 2311 3258 Secundum
2344 3200 2718 3257 fortitudinem
2745 3200 2868 3256 Filii
2894 3202 2995 3256 tui.

183 3298 271 3353 26.
306 3299 673 3372 Περιποίησαι
703 3301 790 3355 διὰ
812 3301 907 3355 τοῦ
949 3303 1181 3374 αἵματος
1208 3301 1375 3356 αὐτοῦ
1415 3303 1495 3367 είς
1523 3318 1655 3354 σωττ

1916 3293 1967 3348 6.
1993 3291 2224 3349 Posside
2258 3293 2526 3365 sanguine
2550 3302 2646 3348 tuo
2683 3294 2737 3347 in
2769 3295 3001 3349 salutem
3039 3291 3181 3347 ﬁlios
3206 3300 3388 3346 trans-

124 3392 238 3462 ρίαν
260 3393 385 3457 τοὺς
410 3393 573 3458 ὄντας
600 3393 753 3458 υἱοὺς
784 3393 895 3448 τῶν
925 3394 1416 3467 παραπτωμάτων.
1805 3385 2176 3456 ετεεείοηιιῐηο

184 3482 272 3545 27.
314 3485 705 3549 Ἀδιαλείπτως
730 3486 830 3557 τὴν
856 3486 1081 3542 κόλασιν
1112 3486 1433 3558 εὐτρέπισον
1461 3491 1582 3552 ταῖς
1609 3476 1721 3543 ⁸τοῦ⁸
1873 3477 1966 3533 Ἧι
2000 3476 2329 3550 ΡθιῬθιυυῐη
2379 3477 2710 3549 ευρριίεἰιιιη
2751 3492 2997 3549 ρικιερπθ
3026 3474 3389 3546 Ροιθδιόιῖιὶηε

120 3570 356 3629 διαϐόλου
393 3576 714 3649 δυνάμεσιν.
1078 3642 1081 3643 ν

553 3594 714 3634 ιεσιν.
1078 3642 1081 3643 ν
1804 3568 2025 3623 diaboli.

184 3663 273 3720 28.
306 3668 432 3721 Ὅτι
462 3670 886 3742 κατεκαυχῶντο
912 3670 990 3735 ὡς
1016 3669 1265 3742 ἀνίκητοι
1292 3671 1466 3735 ὄντες.

1912 3658 1979 3715 l8.
1998 3658 2269 3726 Quoniam
2293 3659 2507 3731 gloriati
2532 3669 2661 3714 sunt
2687 3669 2945 3731 tanquam
2964 3656 3384 3729 insuperabiles.

183 3758 269 3823 29.
311 3761 507 3832 Ἡμεῖς
540 3762 599 3815 δὲ
629 3762 833 3835 κλῆρός
865 3781 992 3829 σου,
1049 3763 1147 3817 καὶ
1195 3764 1446 3834 πρόὸατά
1480 3781 1574 3817 σου
1607 3780 1655 3817 τι

1917 3748 1964 3804 9.
1996 3747 2106 3804 Nos
2136 3758 2319 3804 autem
2343 3750 2635 3805 haereditas
2660 3760 2775 3815 tua,
2803 3759 2858 3805 et
2882 3764 3012 3805 oves
3041 3758 3169 3815 tua),
3204 3748 3300 3821 qui
3327 3762 3389 3803 es

120 3848 364 3920 ἀληθινοῦ
395 3852 679 3925 ποιμένος.
717 3855 812 3908 καὶ
839 3855 948 3909 τῶν
976 3855 1086 3910 σῶν
1120 3854 1318 3911 αὐλῶν.

1148 3854 1318 3909 ιὺλῶν,
1804 3839 2002 3897 Pastor
2029 3856 2214 3905 verus,
2238 3850 2292 3896 et
2328 3842 2405 3895 tui
2438 3842 2620 3897 ovilis.

183 3942 268 4003 30.
286 3944 564 4018 ’Δλλήλοις
582 3945 981 4020 διηγησόμεθα,
999 3949 1095 4003 καὶ
1113 3946 1259 4003 κατὰ
1289 3949 1469 4002 πᾶσαν
1485 3946 1655 4018 γενεά

1915 3933 1968 3987 0.
2000 3933 2240 3989 Invicem
2286 3933 2674 4001 narrabimus,
2728 3944 2785 3989 et
2830 3934 2886 3989 in
2947 3933 3101 3991 omni
3157 3946 3387 4005 genera-

1731 4023 1774 4077 D
1802 4027 1975 4083 tione.
2781 4048 2787 4055 δ

182 4121 270 4178 51.
300 4123 415 4197 Τὴν
438 4125 601 4193 δόξαν
629 4126 731 4198 τῆς
759 4126 1172 4200 φιλανθρωπίας
1203 4145 1317 4182 σου.

1308 4170 1317 4182 ,
1879 4120 1967 4176 5|.
2001 4119 2240 4175 Gloriam
2274 4120 2624 4192 benignitatis
2653 4131 2780 4176 tum.

194 4239 260 4301 Ἦ
289 4243 633 4315 προκειμένη
672 4243 954 4317 ἐπιγραφὴ
989 4244 1232 4318 περιέχει
1252 4261 1266 4274 ο
1290 4245 1394 4310 Eli;
1425 4242 1490 4295 τὸ
1522 4240 1718 4307 τέλος,
1749 4240 1904 4309 ὑπὲρ
1932 4238 2053 4294 τῶν
2071 4237 2682 4308 ἀλλοιωθησομένων,
2708 4238 3038 4308 μαρτύριον
3066 4233 3148 4299 τῷ
3173 4229 3389 4298 Ἀσάφ,

122 4334 352 4405 ψαλμὸς
372 4335 530 4407 ὑπὲρ
556 4337 667 4393 τοῦ
710 4337 1031 4407 Ἀσσυρίου
1053 4354 1066 4368 ·
1097 4337 1401 4402 τουτέστιν,
1427 4336 1571 4408 ὑπὲρ
1618 4335 1699 4405 τῷ
1735 4333 1882 4387 τέλει
1915 4333 2316 4403 ὰλλοιουμένων
2344 4331 2455 4384 ἀπὸ
2502 4331 2603 4401 τῆς
2638 4334 2882 4404 πονηρᾶς
2913 4323 3260 4397 ἀναστροφῆς
3297 4318 3393 4373 ἐπὶ

122 4423 214 4496 τὴν
236 4425 402 4500 ὀρθὴν
428 4430 525 4483 καὶ
552 4429 844 4501 ἄμεμπτον
873 4426 1172 4482 πολιτείαν.
1220 4423 1353 4480 Εἶτα
1380 4426 1710 4495 μαρτύριον
1742 4421 1823 4489 τῷ
1864 4422 2055 4491 Ἀσάφ
2082 4462 2096 4483 ,
2121 4423 2259 4493 ὅπερ
2290 4421 2439 4473 ἐστὶν
2477 4420 2913 4491 ἑρμηνευόμενον
2946 4419 3041 4471 καὶ
3063 4413 3390 4487 δηλούμενον

121 4526 441 4593 μαρτύριον
466 4518 548 4588 τῷ
579 4522 971 4592 συλλέγοντι,
998 4521 1246 4574 τουτέστι
1285 4519 1394 4574 τοῦ
1452 4518 1593 4572 Υίοῦ
1633 4515 1734 4589 [τῷ
1766 4514 1905 4588 Υἱῷ]
1932 4516 2041 4569 τοῦ
2073 4514 2241 4568 Θεοῦ.
2278 4508 2410 4566 Εἶτα
2439 4511 2686 4581 ψαλμὸς
2714 4511 2868 4580 ὑπὲρ
2904 4511 3010 4564 τοῦ
3051 4505 3389 4585 Ἀσσυρίου⁹

123 4619 253 4693 ὅπερ
280 4622 378 4676 καὶ
397 4620 558 4675 τοῦτο
586 4619 951 4692 ἑρμηνεύεται
977 4617 1132 4687 ὑπὲρ
1171 4616 1280 4672 τοῦ
1308 4616 1806 4681 κατευθύνοντος,
1841 4612 2042 4666 ὡσανεὶ
2067 4610 2162 4664 τοῦ
2188 4608 2613 4671 κατευθύνοντος
2637 4607 2737 4679 τὴν
2767 4604 2997 4677 καρδίαν
3034 4619 3150 4656 σου.

192 4760 405 4819 Titulus
432 4763 760 4833 przepositus
774 4761 1023 4817 continet
1043 4779 1057 4816 :
1077 4760 1141 4814 In
1160 4760 1338 4830 ﬁnem,
1353 4774 1448 4827 pro
1466 4758 1556 4823 iis,
1574 4757 1663 4828 qui
1679 4754 2164 4817 commutabumur,
2185 4750 2542 4804 testimonium
2563 4747 2759 4818 Amph.
2780 4746 3017 4818 psalmus
3031 4759 3124 4813 pro
3137 4739 3392 4810 Assyrio:

122 4857 223 4914 hoc
244 4870 327 4915 est
349 4875 452 4931 pro
482 4860 573 4922 iis,
598 4859 693 4929 qui
720 4858 774 4912 in
799 4858 958 4914 linem
981 4856 1465 4914 commutabuntur
1482 4854 1550 4909 ab
1570 4854 1818 4923 improba
1838 4851 1960 4906 vita:
1988 4849 2405 4905 conversatione
2434 4848 2489 4901 in
2522 4853 2729 4899 rectam
2762 4854 2816 4899 et
2839 4834 3390 4931 irreprehensibilem.

123 4954 321 5009 Deinde
351 4927 713 5008 testimoni—um
740 4953 943 5023 Amph,
978 4952 1124 5024 quod
1161 4967 1225 5008 ea
1268 4951 1668 5023 signiﬁcatione
1710 4955 1990 5017 sumptum
2034 4953 2140 5006 est,
2179 4943 2407 5014 perinde
2451 4958 2515 4997 ac
2555 4940 2802 4995 diceret:
2834 4934 3217 4993 Testimonium
3241 4927 3394 5024 colli}

122 5048 276 5115 genti,
305 5047 410 5102 hoc
436 5055 544 5112 est,
574 5044 675 5100 Dei
704 5020 873 5101 Filio.
906 5020 1102 5102 Postea
1137 5020 1379 5116 psalmos
1404 5062 1501 5105 pro
1532 5042 1773 5113 Assyrio,
1802 5041 1949 5113 quod
1972 5040 2137 5095 etiam
2170 5039 2563 5107 interpretatur
2616 5050 2713 5103 pro
2753 5034 3011 5102 dirigente
3043 5037 3236 5093 nempe
3260 5020 3392 5076 diri-

122 5154 273 5209 grnte
299 5157 393 5197 cor
421 5151 603 5197 tuum.

201 5281 245 5337 ι.
281 5281 340 5336 '0
369 5281 679 5353 ποιμαίνων
703 5281 830 5344 τοὺς
872 5280 1117 5354 ὁρῶντας
1156 5296 1217 5332 σε
1248 5278 1341 5332 τὸν
1368 5278 1576 5350 Κύριον
1607 5277 1673 5348 (1]

1928 5320 1941 5332 .
1979 5276 2083 5343 Qui
2142 5276 2288 5346 regis
2338 5274 2583 5329 videntes
2628 5278 2681 5324 te
2735 5266 3061 5330 Dominum,
3113 5268 3167 5317 et
3220 5256 3391 5314 Deum

123 5373 214 5427 καὶ
230 5371 362 5428 Θεὸν
380 5378 451 5446 τῇ
473 5374 688 5445 διανοίᾳ
702 5390 715 5403 ·
748 5371 905 5427 τοῦτο
924 5372 1034 5445 γὰρ
1058 5369 1420 5446 ἑρμηνεύεται
1446 5372 1595 5425 Ἰσοα

1499 5369 1706 5437 mam.
1820 5378 2004 5424 mente
2032 5388 2047 5424 :
2080 5369 2154 5423 ita
2182 5368 2328 5422 enim
2362 5366 2752 5433 interpretatur
2778 5356 2971 5413 Israel.

1087 5524 1393 5612 Addenda
1428 5551 1489 5606 et
1514 5542 1895 5624 corrigenda
1926 5562 2004 5607 ex
2037 5546 2178 5608 cod.
2239 5541 2437 5605 Vatic.

205 5670 277 5744 (l)
309 5672 538 5745 Κύριον,
564 5670 663 5728 καὶ
689 5670 905 5727 desunt.
1440 5680 1443 5682 ’
