3728 6368
360 324 460 381 991

420 440 479 496 2.
513 439 618 507 Qui
651 441 878 499 deducis
909 443 1059 499 velut
1094 460 1248 500 ovem
1272 446 1494 519 Joseph.

423 532 478 587 5.
506 533 608 601 Qui
638 534 794 588 sedes
815 551 979 605 super
1004 537 1310 605 cherubim,
1345 542 1718 605 manifestare.

419 623 475 679 4.
501 626 697 679 Coram
731 623 990 696 Ephraim
1020 637 1074 683 et
1101 630 1380 700 Benjamin
1421 645 1475 690 et
1503 635 1775 691 Manasse.

419 718 475 773 5.
531 716 721 773 Excila
778 722 1075 791 potentiam
1123 731 1294 791 tuam,
1345 736 1401 782 et
1436 730 1580 795 veni,
1632 740 1691 785 ut
1745 733 1925 786 salvos

351 795 520 855 facias
553 815 678 857 nos.

419 886 472 945 6.
506 890 674 959 Deus,
703 908 960 952 converte
981 914 1105 963 nos,

415 983 472 1043 7.
504 984 569 1040 Et
597 990 824 1045 ostende
858 989 1055 1047 faciem
1085 1004 1255 1059 tuam,
1285 1004 1339 1050 et
1367 996 1505 1051 salvi
1536 998 1761 1055 erimus.

416 1166 473 1224 8.
508 1167 737 1224 Domine
771 1170 915 1227 Deus
937 1172 1225 1239 virtutum,

417 1261 474 1314 9.
508 1258 809 1333 Quousque
837 1264 1096 1321 irasceris
1117 1283 1284 1338 super
1305 1271 1607 1327 orationem
1638 1290 1921 1331 servorum

346 1357 508 1408 Suoru
518 1368 567 1406 m
596 1353 620 1407 ?

423 1443 509 1498 10.
540 1444 763 1501 Cibabis
799 1461 898 1501 nos
930 1463 1069 1517 pane
1102 1448 1464 1521 laerymarum
1494 1471 1509 1507 :

421 1535 507 1589 11.
545 1535 609 1591 Et
654 1548 844 1607 potum
877 1539 1035 1595 dabis
1071 1541 1231 1596 nobis
1281 1541 1336 1596 in
1382 1543 1638 1615 lacrymis
1687 1545 1739 1598 in
1772 1562 1925 1601 men-

348 1641 499 1683 sura.

421 1720 510 1777 12.
545 1721 787 1780 Posuisti
835 1742 937 1783 nos
973 1726 1028 1781 in
1060 1728 1551 1785 contradictionem
1598 1731 1795 1787 vicinis
1822 1746 1922 1785 no-

348 1812 475 1866 stris
509 1830 523 1867 :

420 1903 507 1958 15.
550 1902 619 1958 Et
649 1903 859 1961 inimici
891 1907 1068 1963 nostri
1097 1909 1574 1966 subsannaverunt
1601 1926 1721 1965 nos.

422 1996 513 2051 14.
556 1994 790 2052 Domine
818 1997 961 2055 Deus
999 2002 1285 2069 virtutum,
1318 2012 1574 2059 converte
1603 2019 1745 2059 nos:

418 2088 507 2144 15.
549 2087 617 2144 Ει
646 2091 876 2146 ostende
900 2091 1096 2148 faciem
1129 2103 1300 2161 tuam,
1338 2104 1392 2150 et
1421 2095 1557 2150 salvi
1588 2095 1815 2151 erimus.

962 2271 1300 2343 Diapsalma.

417 2360 768 2417 i6.’Vineam
803 2372 871 2417 oe
899 2362 1135 2436 Aigypto
1168 2369 1519 2428 transtulisti.

419 2454 506 2509 17.
538 2452 761 2525 Ejecisti
791 2467 999 2527 gentes,
1029 2468 1085 2515 et
1112 2461 1364 2531 plantasti
1394 2478 1539 2518 eain.

1241 329 1301 387 S.
1342 332 1711 391 ATllANASll
1751 334 1901 392 CPP.
1939 333 2121 390 PARS
2158 334 2246 391 111.
2288 365 2357 376 --
2395 329 2784 388 EXEGETICA

1955 455 1996 510 A
2096 452 2154 505 2.
2202 451 2263 506 '0
2296 450 2508 524 ὁδηγῶν
2539 448 2671 502 ὡσεὶ
2703 444 2970 518 πρόϐατον
2996 443 3087 497 τὸν
3123 444 3322 515 Ἰωσὴφ

3501 327 3608 384 992

2099 546 2158 600 5.
2196 546 2254 598 '0
2279 545 2587 617 καθήμενος
2611 541 2706 595 ἑπὶ
2737 539 2845 593 τῶν
2878 537 3163 610 χερουῶμ,
3203 535 3525 609 ἑμφάνηθιη

2096 636 2151 693 4.
2187 636 2459 691 Ἐναντίον
2500 633 2740 707 Ἐφραῒμ
2775 632 2871 687 καὶ
2905 632 3161 702 Βενιαμὶν
3189 631 3282 684 καὶ
3319 630 3605 703 Μανασσῆ.

2098 729 2151 784 5.
2200 729 2503 803 Ἔξέγειρον
2526 729 2625 800 τὴν
2659 724 2976 781 δυναστείαν
3002 740 3116 787 σου,
3160 723 3257 777 καὶ
3291 721 3415 776 ἑλθὲ
3448 723 3527 784 εἰς
3551 722 3609 775 τὸ

2026 819 2194 874 σῶσαι
2219 823 2387 894 ἡμᾶς.

2095 913 2147 968 6.
2191 914 2250 966 '0
2276 913 2429 977 Θεὸς,
2459 910 2782 983 ἑπίστρεψον
2803 910 2973 981 ἡμᾶς,

2095 1009 2150 1064 7.
2201 1008 2313 1062 Καὶ
2362 1007 2627 1077 ἑπίφανον
2686 1006 2749 1061 τὸ
2800 999 3090 1076 πρόσωπόν
3119 1015 3237 1061 σου,
3285 997 3378 1051 καὶ
3439 998 3610 1070 σωθη-

2027 1099 2248 1171 σόμεθα.

2093 1192 2145 1247 8.
2180 1191 2352 1263 Κύριε
2379 1190 2407 1244 δ
2428 1189 2563 1253 Θεὸς
2589 1188 2697 1243 τῶν
2727 1187 3029 1259 δυνάμεων,

2089 1284 2146 1340 9.
2182 1283 2329 1347 Ἕως
2360 1282 2489 1336 πότε
2515 1279 2707 1353 ὀργίζῃ
2741 1280 2833 1333 ἐπὶ
2876 1278 2975 1351 τὴν
3027 1275 3334 1351 προσευχὴν
3360 1274 3469 1329 τῶν
3492 1272 3608 1328 δού-

2022 1375 2128 1430 λων
2152 1393 2245 1430 σου
2266 1392 2281 1442 ;

2095 1467 2185 1521 10.
2216 1468 2468 1538 Ψωμιεῖς
2491 1465 2640 1536 ἡμᾶς
2672 1464 2835 1536 ἄρτον
2862 1461 3128 1538 δακρύωνο

2092 1560 2180 1619 11.
2212 1560 2322 1615 Καὶ
2351 1560 2555 1623 ποτιεῖς
2577 1558 2725 1629 ἡμᾶς
2753 1558 2810 1611 ἑν
2837 1555 3100 1625 δάκρυσιν
3124 1554 3182 1605 ὲν
3209 1551 3414 1623 μέτρῳ.

2098 1740 2185 1795 12.
2208 1738 2376 1793 Ἔθου
2410 1737 2560 1810 ἡμᾶς
2589 1736 2668 1801 εἰς
2695 1733 3001 1804 ἀντιλογίαν
3029 1733 3140 1796 τοῖς
3164 1731 3402 1802 γείτοσιν
3430 1728 3579 1802 ἡμῶν

2095 1915 2183 1970 15.
2213 1914 2323 1969 Καὶ
2355 1916 2404 1969 οί
2431 1914 2615 1987 ἑχθροὶ
2638 1915 2671 1984 ἡ
2682 1911 2797 1984 μῶν
2818 1911 3191 1985 ἑμυκτὴρισαν
3214 1908 3382 1979 ἡμᾶς.

2096 2008 2182 2062 14.
2200 2007 2374 2081 Κύριε
2405 2006 2434 2061 ὁ
2461 2007 2594 2072 Θεὸς
2620 2006 2729 2059 τῶν
2759 2005 3060 2075 δυνάμεων,
3091 1999 3417 2073 ἑπίστρεψον
3437 1999 3597 2071 ἡμᾶς·

2098 2100 2186 2154 15.
2220 2099 2331 2159 Καὶ
2388 2098 2652 2170 ἑπίφανον
2698 2096 2759 2151 τὸ
2791 2093 3080 2170 πρόσωπόν
3134 2110 3253 2153 σου,
3296 2092 3393 2148 καὶ
3434 2089 3602 2160 σωθη-

2021 2190 2247 2264 σόμεθα.

2660 2279 2993 2351 Διὰψιαλμα.

2098 2370 2186 2427 16.
2226 2370 2506 2441 ’Ἄμπελον
2534 2370 2594 2436 ἑξ
2619 2371 2893 2439 Αἰγύπτου
2916 2371 3179 2440 μετῆρας.

2099 2460 2185 2515 17.
2221 2457 2503 2525 Ἐξὲὄαλις
2536 2460 2685 2531 ἔθνη,
2720 2459 2815 2513 καὶ
2841 2457 3246 2528 κατεφύτευσας
3270 2456 3463 2528 αὑτήν.

1466 2661 1841 2719 ATHANASII
1883 2660 2466 2718 INTERPRETATIO.

410 2871 467 2926 2.
501 2872 915 2931 Convertentem
942 2890 1023 2943 se,
1051 2884 1106 2930 et
1136 2875 1421 2931 liberatum
1459 2891 1491 2931 a
1516 2874 1751 2946 peccatis
1775 2873 1911 2933 suis.
1941 2878 1986 2936 C

2090 2872 2140 2927 2.
2178 2871 2282 2925 Τὸν
2302 2869 2721 2943 ἐπιστρέφοντα,
2749 2868 2844 2922 καὶ
2873 2866 3142 2941 ρυσθέντα
3170 2864 3281 2918 τῶν
3320 2859 3610 2936 ἁμαρτιῶν

340 2962 536 3036 Ioseph
562 2969 707 3023 enim
731 2969 1119 3039 interpretatur
1149 2970 1348 3023 ablatio
1381 2968 1674 3040 opprobrii.

413 3058 468 3113 5.
500 3057 642 3113 Deus
669 3056 906 3114 Verbum
937 3075 1158 3129 appare.

413 3141 468 3197 ι.
501 3140 700 3194 Coram
733 3141 1081 3198 al'ferentibus
1132 3141 1393 3209 fructum,
1422 3151 1478 3198 et
1524 3143 1652 3199 [iliis
1685 3144 1921 3199 dexterae

329 3244 472 3295 'tme,
503 3243 558 3287 et
581 3232 1031 3289 obliviscentibus
1055 3235 1297 3303 priorum
1327 3234 1590 3289 malarum
1617 3235 1916 3290 actionum.

346 3321 600 3392 Ephraim
633 3324 1022 3395 interpretatur
1050 3326 1282 3395 fructum
1311 3327 1501 3396 ferens.
1532 3327 1811 3393 Beniamin
1836 3327 1920 3383 in-

344 3424 671 3485 terpretatur
703 3416 914 3473 oblivio.

413 3506 467 3561 5.
506 3505 697 3562 Divina
731 3510 1001 3564 cbaritate
1043 3521 1225 3565 motus
1254 3519 1474 3581 propter
1498 3511 1796 3568 humanum
1828 3528 1920 3583 ge-

341 3613 445 3655 nus
477 3601 597 3655 veni
629 3602 694 3655 all
730 3601 1049 3657 salvaudum
1090 3618 1208 3659 nos.

409 3694 463 3748 6.
497 3693 570 3747 Ex
598 3705 842 3765 peccato.

409 3785 465 3842 7.
507 3785 573 3841 Et
618 3786 907 3842 manifesta
951 3786 1147 3842 Filium
1198 3798 1352 3844 tuum
1386 3806 1548 3861 super
1590 3802 1813 3851 terram.
1863 3800 1918 3845 et

339 3875 475 3931 salvi
500 3875 725 3929 erimus.

408 3968 464 4031 8,
496 3966 550 4021 9.
579 3964 863 4034 Propheta:
885 3966 1091 4042 dicunt.

411 4058 500 4114 10.
533 4056 588 4111 In
621 4059 973 4115 tribulatione
1004 4068 1090 4116 est
1119 4060 1231 4114 vita
1259 4069 1464 4117 nostra.

412 4150 499 4204 11.
533 4147 589 4204 ln
617 4151 806 4207 dolore
832 4152 1071 4206 assidue.

410 4240 498 4295 12.
531 4239 668 4297 Nam
703 4257 896 4299 omnes
942 4242 1196 4299 homines
1228 4245 1606 4301 contradicunt
1652 4246 1913 4316 pradica-
1946 4228 1993 4285 θ

339 4331 473 4388 tioni
502 4344 720 4389 nostrae.

410 4426 503 4480 15.
523 4424 635 4482 Nos
657 4426 842 4482 irrisui
878 4426 1100 4483 habent.

410 4517 498 4571 11.
539 4517 617 4571 Ex
653 4530 896 4587 peccato.

408 4606 496 4661 15.
529 4609 740 4676 Appare
769 4624 934 4679 super
964 4618 1190 4676 terram,
1224 4621 1277 4668 et
1313 4613 1447 4667 salvi
1470 4613 1697 4669 erimus.

411 4695 500 4750 16.
547 4696 813 4768 P0pulum
843 4698 1178 4768 Judaeorum,
1215 4713 1276 4759 ut
1318 4714 1557 4760 cessaret
1604 4721 1634 4759 a
1667 4713 1910 4776 peceato,

338 4786 594 4846 hortatus
626 4807 686 4847 es
712 4808 809 4861 per
832 4793 1025 4863 legem.

411 4881 497 4936 17.
547 4884 591 4935 Α
631 4884 896 4941 doctrinis
944 4887 1184 4958 gentium
1231 4905 1327 4946 eos
1356 4906 1573 4945 cessare
1618 4889 1815 4953 fecisti,
1862 4898 1915 4946 et

337 4970 591 5045 plantasti
622 4973 676 5030 in
712 4975 830 5047 lege
859 4976 971 5032 tua.

2021 2965 2208 3019 αὐτοῦ.
2244 2964 2458 3034 Ἰωσὴφ
2482 2963 2592 3035 γὰρ
2617 2959 2976 3036 ἑρμηνεύεται
3001 2958 3243 3014 ὀνείδου
3266 2958 3595 3029 ἀφαίρεσις.

2086 3056 2140 3112 5.
2183 3057 2243 3109 '0
2274 3055 2406 3119 Θεδς
2436 3055 2606 3125 Λόγος
2625 3052 2902 3127 ὼρὰσθητι
2925 3051 3024 3123 (1).

2094 3148 2143 3204 4.
2186 3147 2445 3202 Ἐνώπιον
2473 3146 2584 3201 τῶν
2616 3143 3132 3219 καρποφορούντων,
3185 3142 3282 3199 καὶ
3332 3141 3443 3195 τῶν
3470 3139 3609 3195 υἱῶν.

2017 3240 2117 3312 τῆς
2138 3238 2315 3306 δεξιᾶς
2348 3256 2464 3304 σου,
2486 3237 2583 3292 καὶ
2609 3236 2720 3292 τῶν
2747 3234 3205 3290 ἑπιλανθανὸντων
3224 3233 3303 3305 (2)
3326 3232 3603 3305 προτέρων

2019 3329 2273 3401 πονηρῶν
2295 3328 2568 3400 πράξεων.
2615 3325 2854 3395 Ἐφραῒμ
2898 3323 3259 3396 ἑρμηνεύεται
3303 3337 3597 3394 καρποφο-

2008 3418 2156 3488 ρῶν.
2196 3418 2479 3488 Βενιαμὶν
2502 3414 2863 3489 ἑρμηνεύεται
2880 3414 3286 3484 ἐπιλησμονή.

2092 3511 2146 3565 5.
2180 3510 2316 3582 Θείᾳ
2347 3510 2535 3581 ἀγάπῃ
2570 3506 2888 3578 κινούμενος
2917 3504 3006 3563 διὰ
3050 3507 3113 3560 τὸ
3154 3506 3313 3581 γένος
3359 3507 3469 3559 τῶν
3513 3505 3607 3558 ἀνθ

2017 3602 2252 3676 θρὼπων
2276 3602 2397 3658 ἑλθὲ
2417 3605 2497 3667 εἰς
2520 3601 2582 3655 τὸ
2605 3600 2774 3654 σῶσαι
2796 3601 2942 3673 ἡμᾶς
2969 3600 3046 3670 (5)

2087 3697 2141 3754 6.
2188 3698 2283 3751 Ἐκ
2302 3697 2403 3767 τῆς
2428 3695 2719 3768 ἁμαρτίας.

2084 3789 2140 3843 7.
2166 3790 2275 3843 Καὶ
2305 3788 2382 3858 (4)
2438 3789 2752 3860 φανέρωσον
2804 3790 2896 3842 τὸν
2928 3787 3055 3841 Υίὸν
3090 3804 3183 3840 σου
3212 3787 3305 3841 ἐπὶ
3356 3786 3454 3857 τῆς
3477 3785 3605 3854 γῆιτμ

2015 3879 2110 3934 καὶ
2137 3878 2512 3951 σωθησόμεθα.

2084 3972 2138 4037 8,
2169 3972 2221 4027 9.
2242 3972 2306 4026 0i
2328 3971 2604 4044 προφῆται
2633 3972 2902 4041 λέγουσιν.

2086 4063 2171 4118 10.
2214 4065 2304 4117 Ἐν
2325 4064 2503 4134 θλίψει
2530 4064 2676 4118 ἑστιν
2701 4064 2832 4134 ἡμῖν
2858 4063 2894 4132 ἠ
2930 4061 3063 4132 ζωή.

2083 4157 2171 4211 11.
2215 4157 2304 4210 Ἐν
2334 4156 2408 4227 (5)
2440 4156 2601 4230 ὀδύνῃ
2629 4154 3007 4217 ἀδιαλείπτως.

2098 4247 2182 4302 12.
2230 4247 2593 4321 ’Δντιλέγουσι
2626 4246 2736 4321 γάρ
2779 4246 2976 4309 πάντες
3004 4245 3054 4298 οἱ
3082 4242 3359 4315 ἄνθρωποι
3391 4239 3466 4311 τῷ
3495 4255 3593 4309 xm

2019 4339 2260 4411 ρύγματι

2088 4433 2175 4488 15.
2209 4431 2580 4501 Καταγέλωτα
2605 4431 2682 4500 (6)
2711 4431 2925 4502 ἔχουσιν
2951 4430 3118 4501 ἡμᾶς.

2093 4525 2176 4580 14.
2219 4525 2316 4579 Ἐκ
2344 4525 2443 4597 τῆς
2461 4525 2753 4597 ἁμαρτίας.

2087 4616 2175 4672 15.
2211 4612 2466 4689 Ὀράθητι
2497 4617 2590 4670 tm
2609 4616 2708 4687 τῆς
2736 4616 2860 4686 γῆς,
2883 4615 2977 4670 καὶ
3011 4612 3390 4686 σωθησόμεθα.

2094 4707 2180 4763 16.
2213 4708 2316 4762 Τὸν
2339 4707 2467 4761 λαὸν
2497 4707 2606 4761 τῶν
2645 4706 2916 4761 Ἰουδαίων
2950 4706 3051 4778 τῆς
3081 4706 3355 4779 ἁμαρτίας
3387 4702 3584 4759 παύσα-

2023 4801 2147 4854 σθαι
2173 4798 2437 4873 παρῄνεις
2465 4798 2542 4869 (7)
2574 4798 2662 4852 διὰ
2688 4796 2780 4851 τοῦ
2802 4799 2990 4871 νόμον.

2105 4892 2190 4949 17.
2223 4893 2335 4957 Τὰς
2359 4891 2468 4945 τῶν
2494 4889 2661 4944 ἐθνῶν
2688 4890 3034 4953 διδασκαλίας
3061 4889 3369 4943 παύσασθαι
3403 4887 3591 4951 αὐτοὺς

2024 4985 2351 5057 πεποίηκας,
2380 4984 2476 5040 καὶ
2504 4986 2562 5039 ἑν
2594 4983 2671 5058 τῷ
2696 4983 2846 5057 νόμῳ
2878 5001 2972 5038 σου
2994 4981 3422 5052 κατεφύτευσας.

1288 5226 1596 5290 Addenda
1621 5234 1683 5290 et
1712 5231 2093 5312 corrigenda
2143 5250 2222 5295 ex
2266 5234 2408 5296 cod.
2443 5234 2642 5297 Vatic.

432 5454 483 5511 1)
518 5453 796 5511 Ὀοάθητι.

432 5454 483 5527 1)
518 5454 796 5527 Ὀράθητι.

427 5525 484 5605 2)
527 5526 1084 5605 Ἐ’πιλανθανομένων,
1112 5540 1216 5605 etc.
1249 5530 1484 5605 Ἐφραίμ
1513 5533 1643 5605 γάρ.
1663 5542 1781 5591 etc.
1808 5535 1906 5589 Βε-

336 5597 525 5680 νιαμὶν
573 5597 932 5680 ἑρμηνεύεται
958 5601 1089 5680 plot;
1110 5597 1362 5669 δεξιᾶς-ζ’
1389 5597 1690 5676 Μανασσῆς
1738 5606 1909 5680 ἑρμη-

332 5663 552 5738 νεύεται
588 5663 997 5738 -ἐᾴαησμονήο
1064 5663 1081 5667 ⁷
1197 5663 1210 5667 ⁷
1291 5663 1308 5669 ’
1644 5663 1685 5676 ’⁷
1760 5663 1782 5680 ⁴
1807 5663 1819 5677 ’
1868 5663 1894 5685 ”

411 5736 488 5803 (ὅ)
528 5736 677 5791 me:
698 5739 776 5803 εἰς
808 5736 866 5795 τὸ
901 5740 1072 5795 σῶσαι
1096 5742 1240 5811 ὑμᾶς
1272 5741 1411 5808 θεία,
1436 5755 1537 5801 etc.

2087 5467 2165 5540 (5)
2184 5468 2295 5522 Καί
2316 5469 2486 5525 abest.

2083 5541 2158 5611 (5)
2194 5541 2311 5611 Kal.
2345 5541 2423 5594 ἑν.

2086 5610 2164 5680 (6)
2195 5610 2306 5664 Καὶ
2340 5625 2538 5678 καταγ.

2089 5681 2165 5756 (7)
2196 5681 2503 5754 Παραινεῖς.
