3728 6374
129 324 256 382 ιοοι
975 313 1064 373 ne
1093 315 1368 375 'l‘lTULlS
1403 315 1851 376 PSALMORUM.
1893 302 1963 355 —'-
1999 312 2196 371 PSAL.
2237 312 2503 370 Lxxxu.
3236 316 3376 374 mos

197 440 248 495 9.
283 437 362 510 (α)
395 437 514 493 Οὐκ
537 438 802 508 ἔγνωσαν,
830 432 951 491 οὐδὲ
981 434 1221 508 συνῆκαν
1240 455 1254 469 ⁶

1731 446 1780 501 Α
1877 436 1931 490 9.
1966 432 2286 491 Nescierunt
2313 432 2416 506 (a),
2448 448 2624 504 neque
2655 433 3076 493 intellexerunt:

195 533 279 588 10.
319 532 409 584 Ἐν
440 531 625 584 σκότει
660 529 1070 602 διαπορεύονται
1093 547 1109 563 ·

1878 527 1965 584 10.
2002 524 2059 582 ln
2089 528 2328 584 tenebris
2352 528 2673 583 ambulant:

200 624 284 679 11.
319 622 745 695 Σαλευθήτωσαν
769 623 948 677 πάντα
979 623 1050 677 τὰ
1074 620 1298 694 θεμέλια
1327 623 1424 695 τῆς
1458 624 1586 694 γῆς.

1874 622 1963 676 11.
2000 620 2362 677 Movebuntur
2390 621 2574 678 omnia
2610 619 2962 679 fundamenta
2993 633 3168 680 terrm.

195 715 280 769 12.
317 713 466 784 Ἐγὼ
496 710 630 768 εἶπα
649 731 662 745 ο
687 713 814 767 Θεοί
841 713 987 781 ὲστε,
1022 715 1118 769 καὶ
1149 716 1255 769 υἱοὶ
1289 715 1544 786 Ὑψίστου
1577 715 1667 771 πάι

1880 715 1966 771 12.
2005 715 2118 787 Ego
2147 716 2296 772 dixi:
2323 714 2407 770 Dii
2436 715 2602 783 estis,
2634 721 2692 770 et
2711 714 2810 770 ﬁlii
2840 713 3050 773 Excelsi
3073 731 3302 773 omnes:

131 825 216 862 τερ
243 825 257 838 ·

191 843 285 953 15.
331 899 532 970 Ὑμεῖς
555 898 613 951 δὲ
637 899 713 962 ὡς
743 894 1018 970 ἄνθρωποι
1050 900 1422 973 ἀποθνήσκετε

1877 895 1968 950 15.
1999 894 2110 950 Vos
2138 903 2319 950 autem
2341 895 2486 950 sicut
2503 895 2750 951 homines
2771 895 3051 952 morimini
3077 915 3090 951 :

200 991 282 1045 M.
312 991 424 1046 Kai.
445 990 522 1056 ὡς
542 987 623 1056 εἷς
651 991 759 1044 τῶν
790 992 1067 1064 ἀρχόντων
1097 992 1352 1048 πίπτετε.

1878 987 1965 1042 14.
2001 987 2068 1042 Et
2096 989 2239 1043 sicut
2263 1003 2407 1044 unus
2438 988 2505 1044 de
2534 989 2873 1060 principibus
2913 989 3129 1048 caditis.

201 1083 283 1138 15.
315 1081 576 1148 Ἀνάστα,
612 1085 641 1136 6
667 1083 819 1149 Θεὸς,
853 1081 1038 1156 κρῖνον
1069 1085 1170 1156 τὴν
1195 1085 1322 1156 γῆν.

1877 1079 1966 1136 15.
2005 1079 2201 1152 Surge,
2235 1081 2400 1149 Deus,
2427 1081 2616 1151 judica
2651 1091 2892 1138 terram:

200 1177 283 1233 16.
322 1178 447 1232 Ὀτι
479 1178 546 1232 σὺ
576 1175 1148 1249 κατακληρονομήσεις
1175 1178 1234 1232 ὲν
1262 1175 1396 1232 πᾶσι
1423 1177 1537 1240 τοῖς
1561 1175 1672 1234 ἔθνε

1913 1173 1967 1229 6.
2001 1173 2275 1242 Quoniam
2328 1185 2385 1232 tu
2436 1176 2783 1232 haereditabis
2836 1177 2890 1232 in
2939 1178 3196 1236 omnibus
3244 1195 3377 1250 gen-

137 1291 232 1327 σιν.

1807 1266 1974 1322 tibus.

306 1406 448 1477 ’ῼδὴ
480 1405 728 1477 ψαλμοῦ
763 1405 843 1471 τῷ
877 1406 1083 1477 Ἀσάφ.
1128 1408 1364 1464 ΨΑΛΜ.
1400 1409 1532 1462 HB'.

1907 1400 2187 1456 Canticum
2225 1403 2422 1475 psalmi
2456 1407 2653 1475 Asaph.
2697 1405 2966 1466 PSALM.
2999 1409 3292 1466 LXXXII.

200 1523 250 1578 1.
291 1522 349 1577 Ὀ
375 1523 531 1587 Θεὸς,
553 1523 637 1588 τίς
666 1523 1066 1596 ὁμοιωθήσεται
1091 1541 1210 1590 σοις

1883 1517 1936 1571 1.
1974 1515 2141 1585 Deus,
2163 1519 2286 1590 quis
2309 1519 2506 1576 similis
2529 1522 2632 1576 erit
2661 1522 2799 1579 tibi?

196 1614 248 1668 2.
280 1615 373 1687 Μὴ
403 1609 657 1689 σιγήσῃς,
690 1617 825 1688 μηδὲ
848 1618 1262 1690 καταπραΰνῃς,
1298 1620 1327 1670 6
1359 1617 1513 1683 Θεός.

1878 1609 1936 1665 2.
1971 1608 2050 1666 Ne
2075 1620 2279 1678 taceas,
2315 1627 2494 1684 neque
2520 1619 2910 1686 compescaris,
2942 1619 3107 1676 Deus.

198 1706 249 1760 5.
279 1705 402 1760 Ὅτι
432 1706 541 1770 ἰδοὺ
569 1708 618 1760 οἱ
643 1705 829 1780 ἐχθροί
863 1725 954 1762 σου
989 1709 1222 1780 ἤχησανσ

1884 1703 1940 1758 3.
1974 1701 2244 1770 Quoniam
2267 1720 2397 1761 ecce
2425 1705 2637 1764 inimici
2670 1711 2748 1765 tui
2777 1722 3117 1768 sonuerunt:

201 1799 250 1853 4.
277 1799 390 1854 Καὶ
418 1801 469 1854 οἱ
503 1801 788 1872 μισοῦντές
819 1819 879 1856 σε
911 1796 1054 1874 ἦραν
1092 1803 1352 1875 κεφαλήν.

1737 1810 1782 1866 Β
1884 1796 1940 1851 4.
1972 1795 2038 1852 Et
2070 1797 2166 1868 qui
2195 1797 2429 1853 oderunt
2460 1807 2512 1855 te
2548 1803 2862 1860 extulerunt
2891 1816 3073 1876 caput.

201 1892 249 1946 5.
286 1892 411 1946 Ἐπὶ
431 1892 526 1946 τὸν
549 1892 675 1946 λαόν
698 1910 790 1946 σου
821 1894 1432 1966 κατεπανουργεύσαντο
1457 1899 1673 1968 γνωμην

1926 1929 1939 1942 .
1980 1888 2155 1961 Super
2205 1891 2466 1962 populum
2513 1902 2669 1951 tuum
2731 1899 3169 1971 malignaverunt
3203 1902 3397 1960 consi-

1814 1981 1949 2038 lium
1992 2003 2006 2040 :

201 2071 253 2126 6.
283 2072 395 2126 Καὶ
426 2071 820 2126 ἐϐουλεύσαντο
852 2073 994 2128 κατὰ
1023 2074 1133 2127 τῶν
1175 2075 1346 2144 ἁγίων
1381 2093 1495 2130 σου.

1881 2075 2035 2148 6.ξΕι
2067 2081 2443 2150 cogitaverunt
2470 2084 2733 2140 adversus
2760 2094 2981 2141 sanctos
3012 2095 3136 2143 tuos
3162 2105 3177 2144 :

202 2162 250 2218 7.
281 2160 451 2218 Εἶπον
481 2165 556 2238 (b)
579 2180 594 2196 ο
625 2164 790 2219 Δεῦτε
809 2209 824 2232 ,
870 2167 966 2220 καὶ
1004 2167 1480 2240 ὲξολοθρεύσωμεν
1512 2171 1611 2223 αὐτ

139 2255 192 2322 ἐξ
217 2253 404 2323 ἔθνους

1923 2210 1936 2224 .
1971 2169 2235 2230 Dixerunt
2283 2175 2566 2243 :Venite,
2633 2186 2687 2232 et
2738 2179 3120 2248 disperdamus
3174 2195 3270 2238 eos
3327 2183 3395 2240 de

1923 2273 1968 2319 te

224 2439 275 2506 α)
306 2437 464 2512 Yers.
500 2439 554 2512 9,
579 2439 668 2504 10,
697 2440 801 2496 sub
840 2440 1004 2512 unico
1027 2441 1186 2512 vers.)

224 2473 275 2506 ιι]
322 2473 464 2494 vc-a.
502 2473 554 2506 υ,
583 2473 668 2504 ιν,
697 2473 801 2496 auu
842 2473 1000 2497 υιιιιιυ

201 2473 268 2582 ἰὸ)
298 2506 496 2566 Εἶπαν.
533 2511 590 2564 In
621 2527 792 2582 marg.
828 2507 1000 2565 εἶπον.

1261 2589 1635 2659 ATHANASll
1677 2601 2260 2659 lNTEllPRETATIO.

203 2760 251 2816 9.
280 2763 417 2818 Οὐδὲ
459 2763 540 2831 (1)
571 2764 892 2832 ἐπέγνωσαν
933 2762 1054 2817 οὐδὲ
1099 2762 1340 2835 συνῆκαν
1379 2764 1568 2838 ὥσπερ
1604 2765 1671 2818 αὖ

1921 2805 1930 2819 .
1969 2762 2596 2848 Νθηιιθοοοεηονθτυηι,
2625 2779 2802 2837 neque
2841 2765 3229 2821 intellexerunt
3254 2780 3393 2836 quo-

137 2851 239 2918 τοῖς
264 2851 583 2926 προσέταξα
596 2871 610 2886 ·

1810 2857 1974 2912 modo
2003 2855 2136 2926 ipsis
2166 2856 2436 2926 praecepi;

199 2945 280 2999 10.
315 2945 484 3000 Ἀλλὰ
511 2948 571 3000 ὲν
601 2950 669 3019 τῇ
698 2949 945 3022 ἁμαρτιᾳ
969 2949 1316 3021 πορεύονται.

1313 2991 1316 3001 .
1882 2947 1972 3002 tu.
2009 2947 2116 3002 Sed
2146 2947 2199 3002 in
2225 2956 2452 3018 peccato
2481 2946 2785 3002 ambulant.

201 3037 282 3095 11.
315 3039 793 3111 Μετατεθήτωσαν
827 3042 1005 3096 πάντα
1032 3042 1102 3096 τὰ
1134 3041 1264 3113 ἔθνη
1308 3043 1389 3106 εις
1429 3042 1531 3106 τὰς
1564 3043 1673 3096 ὲντι

1923 3038 1971 3093 1.
2010 3028 2442 3095 Transferantur
2477 3051 2669 3093 omnes
2701 3044 2891 3108 gentes
2921 3036 2973 3092 in
3005 3046 3272 3108 praecepta
3298 3033 3395 3091 Ju~

140 3127 228 3190 λὰς
256 3131 368 3185 τῶν
408 3130 707 3188 Ἰουδαίων.
785 3167 790 3173 -

606 3130 707 3188 ἱυν.
785 3167 790 3173 ~
1739 3175 1784 3234 ο
1815 3133 2078 3191 ᾶωοτιιῐη.

205 3223 286 3280 12.
312 3224 460 3294 Ἐγὼ
483 3222 615 3280 εἶπα
636 3223 774 3281 εἶναι
799 3229 944 3299 ὑμᾶς
967 3228 1121 3293 θεοὺς
1136 3229 1233 3300 τῆς
1244 3229 1466 3301 χάριτός
1490 3224 1591 3300 μου
1611 3229 1677 3302 (2]

1923 3228 1978 3286 9..
2011 3227 2125 3302 Ego
2153 3229 2302 3297 dixi,
2333 3243 2454 3286 esse
2482 3244 2580 3287 vos
2620 3229 2752 3286 deos
2783 3229 2957 3301 gratia
2992 3245 3144 3296 mea,
3171 3238 3226 3285 et
3253 3229 3395 3283 lilios

143 3317 225 3370 καὶ
253 3319 404 3382 υἱοὺς
428 3319 526 3371 τοῦ
560 3320 774 3393 Πατρός
804 3339 927 3394 μου.

685 3320 774 3393 ρός
804 3339 927 3394 μου.
1818 3315 1998 3378 Patris
2028 3323 2157 3379 mei.

203 3410 286 3467 15.
320 3403 514 3483 Ὑμεῖς
545 3413 602 3468 δὲ
623 3414 700 3478 ὡς
716 3413 788 3484 γῆ
811 3415 905 3469 καὶ
929 3415 1120 3480 σποδὸς
1140 3417 1199 3469 ὲν
1220 3417 1340 3480 ταῖς
1355 3415 1573 3487 γηίναις
1598 3416 1672 3468 ἐπ

1927 3415 1976 3471 5.
2013 3414 2124 3471 Vos
2150 3423 2333 3473 autem
2383 3416 2551 3470 veluti
2597 3418 2744 3472 terra
2786 3432 2841 3473 ε.
2886 3431 3025 3472 Cinis
3069 3416 3399 3485 permanetis

143 3499 349 3572 θυμίαις
381 3507 778 3578 ὲναπομένετε.

1818 3508 1875 3564 in
1905 3508 2141 3562 terrenis
2172 3507 2655 3578 concupiscentiis.

204 3592 284 3650 M.
316 3597 429 3649 Kal.
449 3595 528 3662 ὡς
561 3599 590 3652 6
623 3597 868 3664 διάϐολος
901 3599 1132 3655 πίπτετε
1166 3599 1274 3654 ἀπὸ
1302 3597 1413 3653 τῶν
1449 3596 1676 3671 οὐρανία

1928 3600 1980 3655 4.
2014 3599 2080 3654 Et
2113 3608 2377 3672 tanquam
2407 3600 2660 3655 diabolus
2687 3613 2717 3654 a
2754 3600 3072 3656 coelestibus
3113 3601 3398 3672 praeceptis

143 3683 357 3740 ἐντολῶν
388 3691 473 3753 εἰς
505 3689 702 3760 γηίναν
728 3691 827 3761 (3).

1819 3691 2014 3748 caditis
2046 3692 2103 3746 in
2133 3701 2367 3747 terrena.

205 3777 286 3834 15.
310 3783 390 3853 Τῇ
422 3782 502 3854 (4)
526 3783 690 3858 τρίτῃ
716 3783 924 3858 ἡμέρᾳ,
955 3785 1050 3841 καὶ
1075 3784 1250 3841 σῶσον
1275 3784 1368 3840 τὸν
1397 3785 1622 3856 κόσμον.

1442 3785 1622 3856 6σμον.
1889 3785 1978 3840 15.
2016 3780 2199 3839 Tertia
2235 3784 2342 3852 die,
2375 3793 2431 3841 et
2453 3782 2601 3840 salva
2627 3784 2914 3838 mundum.

204 3872 286 3930 16.
327 3875 457 3928 Ὅτι
507 3876 573 3929 σὺ
627 3879 1008 3950 περιποιήσεις
1069 3878 1147 3951 (5)
1191 3881 1272 3944 εἰς
1316 3878 1589 3951 σωτηρίαν
1640 3895 1676 3932 τι

1927 3878 1976 3934 6.
2008 3873 2283 3946 Quoniam
2333 3886 2393 3932 tu
2453 3877 2678 3947 proprio
2735 3886 2828 3931 tuo
2880 3878 3144 3947 sanguine
3208 3892 3399 3942 omnes

148 3963 246 4036 ἰδίῳ
275 3985 369 4023 σου
393 3969 590 4040 αἵματι
625 3971 806 4025 πάντα
835 3970 904 4025 τὰ
931 3971 1081 4044 ἔθνη.

1817 3979 2006 4041 gentes
2036 3970 2104 4025 ad
2137 3985 2232 4026 eas
2265 3969 2560 4026 salvandas
2591 3970 2862 4040 acquircs.

215 4100 274 4153 Ἦ
307 4103 647 4174 προκειμένη
673 4104 955 4176 ἐπιγραφὴ
983 4107 1224 4179 περιέχει
1248 4124 1263 4139 ο
1290 4106 1368 4180 (6)
1409 4105 1611 4179 ὁμοίως
1651 4102 1744 4159 τοῦ
1785 4103 2002 4176 πρώτου
2033 4104 2251 4176 ψαλμοῦ
2281 4103 2378 4177 τὴν
2398 4103 2694 4177 ἑρμηνείαν
2725 4104 2931 4174 ἕχειεῐς
2965 4103 3055 4156 τὸν
3078 4105 3279 4176 Κύριον
3310 4104 3403 4160 καὶ

144 4197 214 4260 εἰς
242 4201 364 4264 τοὺς
394 4200 704 4264 Ἰουδαίους.

205 4319 415 4377 Titulus
458 4320 790 4392 praepositus
838 4322 1084 4378 continet
1114 4339 1129 4377 :
1159 4321 1413 4378 similiter
1447 4336 1512 4378 ac
1549 4319 1878 4376 antecedens
1922 4318 2172 4390 psalmus
2227 4317 2735 4387 interpretationem
2774 4321 2936 4375 habet
2979 4320 3031 4372 in
3077 4317 3400 4385 Dominum,

144 4423 194 4467 et
218 4414 452 4472 Judmos.

209 4508 258 4562 1.
291 4509 404 4562 Οὐκ
437 4506 583 4560 ἐστιν
610 4505 786 4570 οὕτως
804 4505 1029 4570 δυνατὸς
1055 4506 1148 4560 καὶ
1167 4506 1400 4571 δίκαιος.

1747 4509 1790 4563 D
1891 4506 1942 4559 1.
1974 4504 2094 4558 Νοη
2125 4510 2210 4560 est
2233 4505 2431 4574 aliquis
2459 4505 2528 4559 ita
2553 4514 2748 4574 potens
2773 4514 2825 4559 et
2855 4505 3059 4574 justus.

207 4599 256 4654 2.
281 4600 372 4672 Μὴ
401 4599 835 4672 μακροθυμήσῃς
858 4599 951 4652 ἐπὶ
967 4602 1082 4663 τοῖς
1104 4599 1431 4671 γινομένοις.

1887 4597 1942 4651 2.
1980 4597 2055 4653 Ne
2079 4599 2285 4655 diutius
2315 4595 2459 4652 feras
2481 4613 2603 4667 quae
2633 4608 2844 4667 patrata
2869 4611 3016 4653 sunt.

209 4690 258 4746 '5.
287 4692 347 4745 Οἱ
375 4691 631 4762 δαίμονες
653 4689 950 4762 ὑψώθησαν
983 4691 1082 4762 (7).

1888 4691 1941 4746 3.
1981 4690 2260 4746 Daemones
2287 4690 2503 4745 exaltati
2538 4700 2685 4746 sunt.

208 4783 256 4837 4.
289 4785 398 4838 Καὶ
417 4787 467 4838 οἱ
505 4783 750 4837 Ἰουδαῖοι
776 4783 1202 4856 κατεπήρθησάν
1229 4800 1343 4837 σου.

1889 4783 1943 4837 4.
1980 4781 2046 4835 Et
2073 4781 2247 4838 Judaei
2280 4791 2468 4837 contra
2508 4791 2560 4837 te
2589 4783 2783 4838 clevati
2814 4793 2959 4838 sunt.

212 4874 260 4929 5.
292 4875 414 4928 Ἐπὶ
447 4873 538 4928 τὸν
557 4873 688 4926 λαόν
711 4889 803 4926 σου
827 4872 1221 4926 ὲδολιεύσαντο.

1893 4876 1942 4930 5.
1973 4877 2173 4930 Contra
2203 4875 2465 4945 populum
2494 4885 2647 4930 tuum
2689 4877 2878 4933 dolose
2905 4885 3129 4949 egerunt

209 4967 258 5020 6.
290 4967 446 5021 Κατὰ
469 4967 576 5020 τῶν
611 4965 930 5035 προφητῶν.

1895 4967 1948 5022 6.
1983 4967 2183 5021 Contra
2214 4968 2531 5038 prophetas.

213 5057 260 5111 7.
294 5060 354 5111 Oi
379 5060 632 5128 δαίμονες
664 5055 806 5109 κατὰ
827 5056 936 5109 τῶν
960 5056 1130 5124 ἁγίων
1163 5054 1352 5110 εἶπαν·
1382 5054 1566 5118 Δεῦτε,
1614 5071 1684 5107 κα

1936 5097 1950 5111 .
1985 5057 2268 5115 Dmmones
2294 5060 2554 5115 dixerunt
2595 5072 2785 5116 contra
2815 5067 3036 5115 sanctos
3070 5077 3082 5112 :
3112 5057 3321 5126 Venite,
3351 5063 3404 5114 et

144 5147 350 5221 ἄρωμεν
373 5151 554 5204 αὐτῶν
587 5150 689 5220 τὴν
721 5148 940 5219 μνήμην
962 5149 1070 5202 ἀπὸ
1102 5148 1202 5218 τῆς
1227 5149 1348 5220 γῆς.

1822 5152 2080 5208 tollamus
2109 5168 2302 5208 eorum
2330 5156 2653 5210 memoriam
2692 5172 2722 5211 e
2757 5165 2919 5209 terra.

1095 5318 1404 5379 Addenda
1436 5321 1498 5382 et
1535 5317 1913 5396 corrigenda
1946 5327 2025 5381 ex
2060 5320 2201 5382 cod.
2241 5320 2439 5382 Vatic.
2550 5364 2554 5368 -

301 5481 623 5566 ρξιτεδριε..
659 5477 781 5535 οὔτε
813 5480 1083 5536 συνιοῦσιν
1109 5482 1252 5555 ειπερ
1291 5483 1498 5552 αὐτοῖς,
1532 5492 1640 5542 etc.

1936 5485 2207 5566 6)
2239 5487 2343 5566 τῆς
2383 5485 2752 5566 κινναϐάρεως
2777 5485 3064 5566 ,περιεχειο
3117 5482 3242 5566 ’ρδῂ
3271 5481 3408 5566 daal:

405 5554 599 5627 Χάριτί
630 5571 763 5629 μουο,
865 5623 876 5629 _
971 5623 980 5629 ,
1220 5551 1232 5555 “
1484 5551 1489 5552 ί
1836 5551 1938 5629 μοῦ
1964 5551 2044 5629 τῷ
2067 5558 2240 5627 Ἀσάφ
2265 5574 2277 5587 ·
2298 5551 2518 5628 ’ὁμοίως
2552 5551 2644 5609 τοῦ
2696 5557 2803 5629 πρὸ
2837 5551 3028 5612 τούτου
3064 5551 3160 5611 τοῦ
3190 5551 3408 5609 ψαλμοῦ

304 5623 520 5688 Πίπτει,
555 5623 690 5697 ριο..
710 5624 798 5697 εἰς
827 5623 890 5675 τὰ
921 5623 1102 5697 γήινα.

1832 5623 2088 5697 τὴν,εὶο.
2216 5623 2226 5627 ’
2354 5623 2364 5628 ’
2742 5623 2752 5642 ⁷

203 5693 546 5771 ’ᾼνάστα,
575 5695 605 5746 6
633 5693 784 5756 Θεὸς,
820 5697 883 5744 1%
909 5693 1082 5765 τοξτῃ,
1112 5703 1215 5752 etc.
2016 5701 2284 5771 ’Ἢχηηιη

199 5765 270 5834 (5)
301 5768 692 5840 Περιποίησαι.

578 5883 854 5941 PnnoL.
891 5881 1006 5941 (in.
1040 5882 1160 5942 XX
1175 5881 1298 5944 νυ.

2645 5862 2656 5875 ⁸
3053 5881 3132 5942 aa
