3776 6280
295 287 434 345 1005

362 403 414 458 8.
454 400 521 455 Et
551 414 658 455 non
698 404 1030 454 memoratur
1069 410 1269 451 nomen
1296 393 1463 450 Israel
1494 392 1658 448 ultra.

365 490 419 545 9.
459 485 733 556 Quoniam
762 484 1144 556 cogitaverunt
1169 480 1504 538 unanimiter
1527 479 1689 535 simul
1713 517 1729 542 ,

365 579 456 636 10.
485 578 788 634 Adversum
811 583 864 632 te
895 582 1284 630 testamentum
1307 572 1717 642 disposuerunt.

365 672 453 728 11.
484 669 860 728 Tabernacula
881 667 1272 732 Idumaeorum,
1295 673 1350 720 et
1371 662 1664 720 lsmaelitae

367 855 457 914 l2.
491 853 681 921 Moab,
719 860 776 910 et
803 851 1076 922 Agareni,

365 947 457 1002 15.
495 944 694 1011 Gebal,
733 953 788 1000 et
815 943 1074 1008 Ammon,
1105 953 1160 998 et
1191 939 1453 1006 Amalec,

360 1035 451 1090 14.
491 1033 822 1104 Alienigena:
855 1047 981 1089 cum
1007 1029 1382 1088 habitantibus
1413 1028 1620 1100 Tyrum

365 1126 454 1182 15.
489 1126 701 1182 Etenim
723 1133 778 1181 et
809 1124 987 1182 Assur
1007 1123 1158 1180 venit
1188 1138 1313 1179 cum
1339 1121 1485 1177 illis:

368 1221 456 1279 16.
490 1219 641 1276 Facti
669 1229 798 1276 sunt
821 1219 877 1274 in
906 1217 1237 1289 adjutorium
1265 1215 1391 1271 ﬁliis
1433 1213 1558 1271 Lot.

366 1313 455 1368 17.
491 1311 600 1368 Fac
627 1311 735 1368 illis
765 1311 909 1368 sicut
936 1309 1152 1366 Madian
1185 1317 1240 1364 et
1270 1307 1510 1376 Sisara,

363 1405 451 1462 18.
493 1404 649 1461 Sicut
673 1403 836 1460 Jabin
865 1403 922 1458 in
955 1411 1199 1458 torrente
1232 1401 1430 1457 Cissou
1453 1417 1472 1456 :

365 1499 455 1556 19.
488 1497 868 1568 Disperierunt
901 1496 954 1550 in
993 1493 1215 1550 Endor:

364 1591 454 1648 20.
494 1590 645 1648 Facti
686 1599 817 1647 sunt
844 1599 904 1646 ut
928 1599 1140 1646 stercus
1175 1596 1354 1643 terrae.

365 1682 456 1738 21.
492 1681 641 1738 Pone
665 1681 938 1753 principes
964 1695 1155 1737 eorum
1187 1680 1332 1738 sicut
1360 1674 1510 1737 Oreb
1527 1715 1548 1748 ,
1573 1684 1630 1734 et
1651 1673 1765 1733 Zeb
1786 1714 1802 1742 ,
1823 1680 1880 1731 et
1907 1709 1952 1766 Β

298 1773 492 1841 Zebee,
523 1784 579 1831 et
608 1773 867 1830 Salmana
898 1795 912 1830 :

369 1868 461 1923 22.
491 1866 694 1924 Omnes
717 1866 993 1938 principes
1027 1880 1236 1921 eorum.

370 2001 450 2072 (α)
480 1998 639 2057 Vers.
672 1999 764 2055 22.
791 1999 905 2054 Kal
935 1997 1068 2069 Ζὴϐ,
1092 2007 1201 2053 etc.

1137 279 1194 336 S.
1232 272 1613 334 ATHANASII
1651 271 1800 329 OPP.
1844 268 2025 354 PAR$
2059 267 2146 324 lli.
2190 299 2257 310 —-—
2293 265 2707 324 EXEGETICA.

1896 395 1943 452 Α
2041 389 2094 443 8.
2126 387 2236 441 Kal
2265 387 2325 440 ού
2363 386 2439 456 μὴ
2476 385 2689 456 μνησθῇ
2710 383 2770 437 τὸ
2791 382 2962 452 ὄνομα
3009 372 3228 448 Ἰσραὴλ
3257 377 3357 435 ἔτι.

3414 258 3560 315 1004

2046 481 2097 534 9.
2128 480 2251 532 Ὅτι
2279 477 2668 530 ἐϐουλεύσαντο
2689 478 2746 528 ὲν
2770 473 2996 545 ὁμονοίᾳ
3028 471 3124 524 ἐπὶ
3146 471 3208 522 τὸ
3235 469 3366 522 αὐτὸ

2047 572 2135 626 10.
2174 570 2332 626 Κατὰ
2365 571 2458 624 σοῦ
2481 569 2748 642 διαθήκην
2773 566 3027 622 διέθεντο.

2050 665 2137 718 11.
2171 663 2252 717 Τὰ
2286 661 2622 735 σκηνώματα
2647 661 2757 716 τῶν
2793 657 3131 730 Ἰδουμαίων,
3154 656 3247 710 καὶ
3259 656 3311 710 oi
3340 654 3566 727 Ἰσμαη-

1978 758 2119 809 λίται
2141 795 2154 819 ,

2052 847 2137 902 12.
2176 845 2374 908 Μωάϐ,
2403 844 2498 898 καὶ
2515 843 2566 896 οί
2602 842 2933 912 Ἀγαρηνοι,

2052 940 2139 995 15.
2165 937 2358 1004 Γεϐὰλ,
2386 937 2480 990 καὶ
2537 932 2786 1006 Ἀμμὼν,
2810 948 2904 986 και
2950 931 3207 1003 Αμαλὴκ,

2084 1033 2138 1086 4.
2169 1029 2480 1100 Ἀλλόφυλοι
2511 1026 2650 1099 μετὰ
2679 1025 2788 1080 τῶν
2818 1023 3216 1079 κατοικούντων
3241 1023 3445 1095 Τύρον⁶

2052 1125 2136 1179 15.
2154 1123 2382 1195 Καὶγὰρ
2398 1121 2496 1176 καὶ
2511 1119 2704 1174 Ἀσσοὺ
2711 1137 2742 1191 ρ
2759 1135 2822 1172 συ
2831 1117 3205 1189 μπαρεγένετο
3225 1118 3340 1188 μετ’
3353 1116 3563 1170 αὐτῶν·

2053 1215 2140 1269 16.
2176 1212 2549 1284 Ἐγενήθησαν
2581 1211 2663 1274 είς
2693 1206 2978 1278 ἀντίληψιν
3000 1208 3114 1269 τοῖς
3139 1207 3276 1268 υἱοῖς
3305 1204 3452 1258 Λώτ.

2054 1306 2141 1360 17.
2170 1305 2406 1376 Ποίησον
2433 1303 2618 1365 αὐτοῖς
2643 1301 2719 1365 ὡς
2744 1303 2810 1372 τῇ
2840 1298 3069 1370 Μαδιάμ
3098 1298 3193 1352 καὶ
3221 1295 3300 1368 τῷ
3328 1297 3561 1368 Σισάρᾳ,

2052 1398 2139 1454 18.
2167 1399 2255 1462 Ὠς
2268 1397 2346 1468 τῷ
2368 1392 2818 1467 Ἰαϐεὶμ[’1αϐὴν]
2837 1394 2894 1447 ἐν
2913 1390 2989 1464 τῷ
3006 1391 3292 1464 χειμάρρῳ
3312 1390 3562 1445 Κισσῶν.

2059 1490 2145 1546 19.
2181 1487 2691 1561 Ἐξωλοθρεύθησαν
2725 1489 2782 1540 ὲν
2811 1483 3046 1556 Ἀενδώρ
3071 1501 3086 1518 ο

2048 1583 2141 1638 20.
2171 1581 2543 1653 Ἐγενήθησαν
2569 1579 2702 1632 ὡσεὶ
2722 1578 2927 1649 κόπρος
2949 1579 3016 1648 τῇ
3049 1579 3142 1649 γῇ.

2051 1675 2141 1730 21.
2167 1672 2272 1728 Θοῦ
2314 1674 2444 1736 τοὺς
2481 1672 2748 1743 ἄρχοντας
2790 1668 2972 1722 αὐτῶν
3011 1668 3087 1732 ὡς
3125 1668 3217 1722 τὸν
3259 1666 3425 1741 Ὠρὴϐ
3468 1667 3568 1720 καὶ

1980 1767 2094 1840 Ζὴϐ
2127 1765 2226 1837 (a),
2273 1765 2368 1819 καί
2397 1763 2583 1830 Ζεϐεὲ,
2617 1762 2712 1816 καὶ
2743 1760 3034 1833 Σαλμανᾶν
3055 1777 3073 1792 ο

2053 1856 2145 1910 22.
2178 1856 2394 1918 Πάντας
2425 1855 2552 1918 τοὺς
2581 1853 2848 1926 ἄρχοντας
2877 1851 3074 1906 αὐτῶν.

1426 2104 1802 2163 ATHANASII
1842 2105 2429 2164 INTERPRETATIO.

373 2253 427 2309 8.
457 2251 774 2310 Videntium
803 2251 978 2309 Deum
1003 2261 1208 2310 mente.

371 2349 426 2412 9,
459 2347 549 2403 10.
579 2345 647 2401 Ει
674 2346 950 2403 daemones
988 2361 1114 2402 cum
1145 2343 1350 2401 Judaeis
1379 2344 1675 2402 consilium
1701 2343 1884 2414 .iuive-

302 2449 435 2496 runt
462 2450 653 2496 contra
686 2449 758 2496 te.

376 2531 465 2587 11.
507 2529 830 2587 Dellcientes
897 2529 1171 2587 daemones
1197 2570 1214 2599 ,
1277 2539 1332 2586 et
1387 2528 1742 2586 exaudientes
1791 2544 1889 2586 eos

304 2623 502 2682 Judaei.

379 2715 472 2780 12,
497 2715 585 2770 15.
627 2713 694 2770 Ει
732 2713 1075 2786 liospitantes
1123 2715 1177 2770 in
1221 2723 1467 2787 peccato.
1515 2713 1680 2770 Gebat
1719 2727 1889 2770 mter-

2051 2250 2104 2307 8.
2128 2249 2250 2304 Τῶν
2271 2248 2522 2324 ὁρώντων
2549 2245 2682 2301 Θεὸν
2709 2243 2789 2317 (1)
2823 2246 2890 2316 τῇ
2916 2240 3146 2314 διανοίᾳ.

2051 2343 2109 2408 9,
2133 2341 2221 2398 10.
2253 2341 2333 2414 (2)
2365 2339 2477 2395 Kal
2498 2342 2546 2394 οἱ
2580 2337 2835 2409 δαίμονες
2861 2335 2977 2406 ἅμα
2998 2335 3112 2399 τοῖς
3147 2331 3425 2396 Ἰουδαίοις
3443 2347 3571 2385 συν-

1984 2433 2378 2490 εϐουλεύσαντο
2405 2427 2738 2504 συμϐουλίαν
2761 2426 2903 2483 κατὰ
2929 2423 3047 2480 σοῦ.

2057 2527 2146 2583 11.
2183 2527 2247 2580 Oi
2276 2523 2622 2588 ἐκλείποντες
2661 2521 2932 2592 δαίμονες,
2977 2517 3074 2572 καὶ
3111 2518 3161 2571 oi
3195 2514 3574 2579 είσακούοντες

1913 2653 1961 2717 c
1989 2619 2188 2684 αὐτοὺς
2209 2617 2288 2690 (5)
2315 2617 2588 2673 Ἰουδαῖοι.

2061 2712 2150 2778 12,
2188 2711 2272 2766 15.
2309 2709 2388 2783 (4)
2425 2708 2538 2764 Kal
2574 2710 2626 2763 oi.
2673 2705 3168 2780 προσηλυτεύοντες
3197 2705 3265 2775 τῇ
3303 2699 3575 2772 ἁμαρτίᾳ.

307 2812 553 2875 pretatur
591 2802 812 2874 populus
858 2802 1139 2874 deﬁciens,
1179 2820 1304 2877 qua:
1347 2804 1533 2862 omnia
1552 2800 1642 2863 'de
1685 2803 1890 2862 Iudaeis

2052 2802 2191 2858 εϐὰλ
2219 2799 2578 2873 ἑρμηνεύεται
2599 2799 2752 2865 λαὸς
2775 2799 3093 2862 ἐκλείπων,
3114 2795 3258 2864 ἅπερ
3279 2790 3578 2863 ἀμφότερα

308 2893 759 2964 interpretantur.
1674 2969 1679 2974 .

379 2982 469 3039 14.
502 2982 675 3041 Judaei
704 3000 830 3040 cum
859 2985 1200 3043 daemonibus
1249 2986 1623 3045 habitantibus
1655 2988 1888 3045 idolola-

311 3075 473 3130 triam
505 3095 519 3132 :
549 3076 728 3147 qualis
753 3087 837 3132 est
864 3093 998 3148 gens
1025 3076 1361 3135 Iudaeorum.
1400 3079 1572 3150 Tyrus
1603 3091 1786 3136 autem
1808 3081 1893 3135 in-

312 3177 642 3240 terpretatur
672 3171 954 3239 angustia,
987 3171 1147 3240 quale
1180 3179 1264 3226 est
1300 3180 1608 3242 peccatum.

387 3355 474 3410 15.
509 3353 652 3408 Asur
683 3351 1071 3422 interpretatur
1115 3353 1361 3422 insidiae,
1407 3352 1557 3425 quod
1585 3339 1664 3410 ide
1688 3353 1893 3424 populo

312 3444 541 3502 Iudaico
567 3445 772 3502 dictum
807 3453 913 3502 est.

386 3537 474 3594 16.
507 3538 798 3609 Adjutores
827 3537 1052 3594 fuerunt
1090 3537 1219 3594 ﬁliis
1245 3535 1470 3594 diaboli.
1499 3535 1600 3593 Lat
1630 3551 1776 3594 enim
1803 3552 1892 3597 al-

314 3637 641 3701 tcrprctatur
671 3629 938 3698 exclusus,
972 3627 1150 3701 qualis
1174 3636 1260 3684 est
1291 3625 1563 3683 diabolus;

389 3809 478 3876 17,
508 3810 594 3865 18.
626 3807 737 3866 Fac
761 3808 870 3866 illis
899 3809 1042 3865 sicut
1069 3807 1369 3879 iniquitati,
1399 3815 1454 3862 et
1477 3806 1715 3862 diabolo.
1742 3805 1898 3862 Sisar

317 3901 462 3956 cnim
494 3901 882 3969 interpretatur
913 3901 1119 3956 elevans
1153 3899 1390 3956 rebelles.
1423 3898 1586 3954 Jabin
1624 3900 1896 3970 interpre-

320 4001 468 4049 tatur
497 3993 784 4063 ignominia
817 3993 1084 4048 exsiccata
1112 3993 1167 4048 in
1197 3993 1399 4048 duritia
1432 4007 1648 4048 eorum.

392 4167 481 4224 19.
514 4167 773 4239 Disperiit
832 4168 1188 4240 intelligentia
1262 4168 1629 4241 generationis
1686 4184 1898 4227 eorum.

323 4258 510 4314 Endor
536 4262 684 4316 enim
710 4260 1099 4332 interpretatur
1128 4260 1311 4317 oculus
1341 4262 1718 4334 generationis.

388 4351 480 4407 20.
510 4351 748 4407 Perditio
772 4352 900 4409 facti
934 4362 1064 4409 sunt
1087 4353 1142 4408 in
1176 4353 1405 4409 mundo.

389 4443 480 4498 21.
520 4441 592 4500 Ut
634 4461 845 4499 corvum
895 4444 1144 4513 aridum,
1190 4444 1267 4501 ita
1319 4445 1465 4501 enim
1515 4445 1902 4516 interpretatur

321 4535 481 4600 Oreb,
512 4545 568 4592 et
597 4546 650 4592 ul
681 4538 885 4607 lupum,
938 4546 994 4594 et
1031 4547 1093 4594 ut
1136 4539 1437 4606 uictimam,
1469 4548 1522 4594 et
1557 4547 1618 4594 ut
1660 4540 1903 4593 umbram

319 4626 708 4696 ﬂuctuationis.
753 4627 879 4684 Haec
916 4637 1001 4686 est
1034 4629 1180 4685 enim
1232 4629 1451 4686 illorum
1492 4630 1779 4685 nominum
1817 4629 1904 4684 in-

321 4718 664 4786 terpretatio.

391 4809 483 4866 22.
517 4809 575 4866 lu
603 4812 785 4884 gladio
808 4827 1072 4871 consume
1093 4823 1154 4870 ut
1179 4813 1301 4872 illos

1995 2883 2077 2962 ε’ίς
2099 2896 2224 2959 τοὺς
2253 2891 2539 2956 Ἰουδαίους
2568 2891 2983 2964 ὲρμηνεύονται.

2063 2988 2154 3044 14.
2188 2989 2251 3041 υί
2271 2986 2515 3040 Ἰουδαῖοι
2548 2983 2687 3056 μετὰ
2705 2983 2815 3039 τῶν
2843 2981 3244 3038 κατοικούντων
3276 2978 3352 3051 (5)
3380 2975 3580 3049 δαιμό-

1991 3099 2100 3138 νων
2144 3080 2244 3152 τὴν
2267 3076 2714 3148 είδωλολατρείαν
2745 3093 2761 3108 ο
2795 3076 3140 3148 άλποτήματι
3184 3074 3321 3144 ὅπερ
3365 3071 3485 3123 ἐστὶ
3515 3067 3582 3120 τὸ

1994 3173 2148 3236 ἔθνος
2176 3170 2286 3226 τῶν
2304 3169 2594 3226 Ἰουδαίων.
2629 3169 2814 3238 Τύρος
2837 3168 2894 3222 δὲ
2923 3165 3162 3237 συνοχὴ
3192 3161 3578 3236 ἑρμηνεύεται,

1997 3266 2138 3337 ὅπερ
2173 3262 2321 3317 ἐστὶν
2349 3263 2384 3334 ἡ
2416 3260 2678 3332 ἁμαρτία.

2067 3357 2156 3413 15.
2181 3355 2392 3424 Ἀσοὺρ
2433 3353 2796 3427 ἑρμηνεύεται
2840 3351 3116 3421 ἐνεδρον,
3165 3351 3302 3421 ὅπερ
3348 3349 3431 3412 είς
3487 3346 3582 3401 τὸν

1996 3449 2249 3506 Ἰουδαῖον
2280 3446 2357 3520 (6)
2390 3445 2626 3518 εἴρηται.

2068 3539 2158 3596 16.
2191 3538 2388 3610 Βοηθοὶ
2420 3537 2676 3606 γεγόνασι
2701 3538 2813 3600 τοῖς
2847 3535 2983 3598 υἱοῖς
3027 3533 3121 3587 τοῦ
3146 3530 3414 3587 διαϐόλου.
3448 3527 3585 3582 Λὼτ

1997 3631 2108 3702 γὰρ
2134 3626 2684 3698 ἀποκεκλεισμένος
2729 3619 3113 3698 ἑρμηνεύεται,
3170 3624 3305 3693 ὅπερ
3349 3619 3494 3674 ἐστὶν
3549 3619 3584 3671 ὁ

1998 3722 2267 3786 διάϐολος.

2071 3817 2160 3881 17,
2200 3815 2287 3871 18.
2333 3813 2410 3886 (7)
2455 3812 2688 3884 Ποίησον
2731 3811 2915 3874 αὐτοῖς
2951 3809 3028 3873 ὡς
3051 3811 3118 3880 τῇ
3147 3806 3331 3878 ἀδικία
3360 3805 3452 3859 καὶ
3500 3803 3584 3875 τῷ

2000 3908 2249 3978 διαϐόλῳ.
2289 3904 2520 3974 Σισάρα
2547 3904 2655 3976 γὰρ
2688 3901 3050 3975 ἑρμηνεύεται
3091 3899 3275 3969 αἴρων
3308 3898 3580 3953 ἀποστα-

1928 4032 1974 4089 D
2002 3997 2199 4066 σίους.
2239 3997 2428 4067 Ἰαϐὶμ
2471 3994 2830 4089 ἑρμηνεύεται
2860 3993 3122 4062 αίσχύνη
3175 3987 3581 4058 ξηραινομένη

2003 4093 2062 4144 ὲν
2090 4093 2156 4162 τῇ
2185 4089 2510 4161 σκληρότητι
2536 4087 2736 4143 αὐτῶν.

2073 4179 2164 4237 19.
2195 4176 2602 4252 Ἐξωλοθρεύθη
2656 4178 2690 4250 ή
2737 4177 2951 4232 διάνοια
2993 4176 3092 4246 τῆς
3138 4175 3334 4244 γενεᾶς
3373 4171 3577 4227 αὐτῶν.

2001 4271 2258 4341 Ἀενδὼρ
2291 4270 2401 4342 γάρ
2433 4269 2798 4343 ἑρμηνεύεται
2832 4267 3142 4338 ὀφθαλμὸς
3168 4264 3399 4336 γενεᾶς.

2071 4362 2162 4416 20.
2187 4359 2459 4415 Ἀπώλεια
2485 4361 2774 4433 γεγόνασιν
2796 4360 2854 4413 ὲν
2879 4359 2958 4430 τῷ
2987 4359 3201 4430 κόσμῳ.

2069 4454 2158 4508 21.
2197 4453 2273 4525 (8)
2320 4454 2407 4518 Ὠς
2436 4455 2662 4524 κόρακα
2687 4453 2895 4523 ξηρὸν,
2929 4451 3088 4506 τοῦτο
3135 4449 3244 4522 γάρ
3282 4446 3588 4521 ἑρμηνεύε-

2001 4563 2093 4600 ται
2122 4544 2319 4614 Ὠρὴϐ,
2356 4546 2451 4598 καὶ
2469 4546 2544 4610 ὼς
2577 4545 2760 4612 λύκον,
2792 4544 2886 4598 καὶ
2921 4544 2996 4608 ὡς
3018 4540 3318 4613 θυσιασμὺν
3350 4538 3580 4611 [θυσία-

2005 4636 2153 4710 σμα]
2180 4676 2194 4700 ,
2231 4639 2326 4692 καὶ
2345 4637 2420 4702 ὡς
2449 4636 2633 4691 σκιὰν
2655 4635 3027 4706 σάλον.Ᾱύτη
3055 4635 3164 4706 γὰρ
3193 4631 3457 4706 ἑρμηνεία
3471 4633 3586 4686 τῶν

2005 4724 2306 4795 ὀνομάτων.

2077 4817 2168 4872 22.
2207 4817 2299 4870 Ἐν
2330 4817 2577 4889 ῥομφαίᾳ
2602 4816 2879 4872 ἀνάλωσον
2901 4818 2976 4882 ὡς
3009 4817 3269 4881 ἐκείνους.

1279 4977 1590 5040 Addenda
1638 4985 1699 5042 et
1727 4977 2108 5060 corrigenda
2147 4994 2223 5039 ex
2255 4977 2397 5039 cod.
2427 4981 2632 5040 Vatic.

401 5114 448 5185 (1
463 5118 485 5183 )·
513 5115 617 5170 Τὸν
649 5115 800 5170 Θεὸν.

398 5185 474 5266 (2)
505 5185 660 5266 Νκθ.
708 5188 832 5241 Ὅτι
859 5188 909 5266 οί
935 5187 1186 5266 δαίμονες
1227 5185 1736 5242 συνεϐουλεύσαντο.
1769 5186 1906 5258 Συμ-

315 5255 543 5310 ’ϐούλιον
570 5257 755 5312 Εθεντο
775 5259 915 5312 κατὰ
945 5255 1061 5311 σοῦ.

401 5329 482 5400 (5)
500 5327 690 5400 Αὐτῶν
709 5328 952 5383 Ἰουδαῖοι
977 5346 991 5359 ο
1021 5327 1181 5382 τοῦτο
1205 5328 1315 5400 γάρ
1338 5326 1491 5398 δηλοῖ
1511 5329 1544 5400 ἡ
1581 5327 1692 5381 τῶν
1715 5328 1907 5399 ὀνομά-

329 5415 439 5452 των
463 5397 749 5470 ἑρμηνεία.

405 5416 846 5542 (ᾍξρὲίῇῖἓΤἙκ
880 5469 974 5524 τοῦ
1006 5469 1233 5542 πατρὸς,
1272 5469 1368 5542 καὶ
1391 5470 1447 5542 o_l
1473 5468 1902 5542 τεροσηλυτεύον-

330 5549 446 5605 τες,
475 5539 750 5600 τουτέστιν
772 5543 839 5611 τῇ
872 5538 1135 5612 ἁμαρτίᾳ.
1282 5541 1368 5594 15.
1407 5538 1583 5612 Γεϐὰλ
1609 5538 1906 5612 ἑρμηνεύετ

328 5598 666 5680 “ibxsz
680 5598 966 5682 παλᾶιόῖθι
977 5598 1155 5682 ’Ἀμὼν
1170 5611 1226 5664 δὲ
1245 5612 1351 5682 ὲρμ

328 5628 666 5680 ταισχισμα
680 5628 966 5676 έιττιικαιον·ι
982 5628 1033 5664 Ἀ
1041 5628 1155 5682 μων
1170 5628 1226 5664 οε
1245 5628 1601 5733 ερμὲνευεται
1613 5628 1744 5676 υιος
1754 5628 1902 5664 καου

328 5700 470 5756 μου.
521 5681 779 5756 ξᾼμαλὴκ-
797 5680 854 5734 δὲ
877 5681 1242 5756 ἑρμηνεύεται
1255 5685 1350 5756 *λα
1386 5700 1420 5756 ς
1446 5681 1768 5756 ἐκλείπων,
1789 5693 1902 5756 _e_tc_.

409 5753 482 5824 (5)
517 5751 954 5808 κατοικούντων
979 5751 1149 5810 deest.
1185 5751 1660 5808 Είδωλο).ατηείαν.
1729 5751 1904 5805 Ἀλλό-

1389 5609 1601 5663 νεύεται
1613 5609 1908 5676 υἱὸςλαοῦ

2005 5118 2163 5241 ερυλὶοι
2198 5117 2303 5241 765:9
2347 5119 2742 5190 ὲρμηνεύονται
2782 5122 3073 5184 πίπτοντες
3115 5119 3412 5188 ποτήματι,
3449 5120 3590 5192 ὅπερ

2005 5206 2099 5241 εστ
2132 5206 2179 5241 ν.
2273 5205 2321 5241 c.

2005 5191 2120 5243 ἐστὶ
2132 5206 2179 5251 ν,
2215 5196 2321 5242 etc.

2075 5259 2153 5328 (6)
2191 5257 2414 5328 Ἰούδαν.

2075 5327 2153 5401 (ἶ)
2185 5327 2248 5382 Ν.
2270 5329 2358 5387 17.
2378 5331 2633 5401 Ποίησον,
2655 5341 2784 5397 etc.,
2799 5334 2986 5401 αἴρων
2997 5328 3472 5401 ἁποστασίαν.Ν.
3499 5330 3589 5384 18.

2017 5400 2205 5474 Ἰαϐίν,
2237 5410 2368 5474 etc.,
2403 5400 2819 5474 ξῃρίιινομένη.
2857 5400 3179 5474 Κισσὼνᾼδε
3228 5400 3596 5474 ἑρμηνεύεται

2009 5472 2373 5545 σκληρότης.
2415 5471 2692 5545 Ὡσαύτως
2726 5471 3328 5545 οἱίἸουδαῖοιῌὺπῆρχον
3358 5471 3591 5545 αἰσχύνη

2014 5539 2380 5615 ξηρᾳίνρμέγῃ
2409 5544 2561 5615 tua?)
2599 5543 2928 5615 σκληρότητι
2957 5541 3157 5597 αὐτῶν.

2090 5560 2380 5664 parvitatem
2409 5560 2467 5594 εν
2494 5560 2561 5614 τῃ
2599 5560 2928 5615 σκληροτητι
2957 5560 3157 5597 αυτων.

2090 5613 2173 5685 (βξ
2237 5652 2274 5685 Α.
2309 5611 2403 5685 21.
2583 5614 2832 5685 κόρακα,
2899 5623 3006 5685 etc.
3062 5628 3235 5685 usque
3287 5611 3368 5685 ad
3401 5612 3592 5685 Ὠρήϐ.

2017 5681 2082 5734 Ν.
2110 5681 2200 5734 22.
2234 5682 2340 5734 Kal
2375 5682 2452 5744 ὡς
2481 5681 2662 5750 λύκον,
2682 5684 2776 5738 καὶ
2796 5684 2870 5749 ὡς
2891 5681 3209 5756 θυσιασμὸν,
3227 5685 3320 5736 καὶ
3340 5682 3417 5746 ὡς
3436 5681 3599 5738 σκιαί

2017 5751 2197 5806 σάλου.
2219 5751 2387 5806 Αὕτη.
2411 5764 2514 5806 etc.

2016 5764 2197 5806 σάλου.
2219 5764 2387 5824 Λυτη,
2411 5764 2514 5810 clc.
