3776 6280
200 301 356 362 ιοοδ
1065 299 1153 354 DE
1192 296 1469 355 TITULIS
1499 293 1957 354 PSALMORUM.
1997 323 2068 335 --
2105 290 2302 348 PSAL.
2331 289 2618 347 LXXXIII.
3347 283 3484 341 1006

277 418 372 472 23.
403 415 616 479 Οἴτινες
661 409 818 469 εἶπον
853 431 867 446 ο
922 416 1437 489 κληρονομήσωμεν
1481 417 1695 479 ἑαυτοῖς
1738 433 1768 468 τ

1991 411 2068 468 ιδ.
2100 411 2204 475 Qui
2235 411 2494 467 dixerunt
2519 429 2533 464 :
2567 407 2890 464 ﬂacreditate
2917 404 3297 478 possideamus
3325 405 3482 463 nobis

200 510 570 584 ἁγιαστήριον
591 512 687 566 τοῦ
718 511 876 565 Θεοῦ.

1895 504 2270 560 sanctuarium
2300 504 2415 564 Dei.

276 605 369 659 24.
415 607 472 658 '0
501 605 636 670 Θεός
664 623 790 676 μου,
817 603 911 658 Θοῦ
934 604 1134 669 αὐτοὺς
1151 605 1233 669 ὡς
1261 603 1485 677 τροχόν·

1965 597 2057 652 24.
2095 595 2240 651 Deus
2272 611 2453 663 meus,
2473 609 2612 666 pone
2637 595 2759 650 illos
2782 601 2846 649 ut
2869 601 3045 648 rotam
3071 611 3084 646 :

274 698 370 752 25.
420 698 508 762 Ὠς
539 698 797 770 καλάμην
821 699 962 752 κατὰ
996 699 1286 771 πρόσωπον
1309 699 1542 769 ἀνέμου.

1965 686 2058 741 25.
2096 686 2162 742 Ει
2192 687 2336 743 sicut
2367 686 2619 755 stipulam
2658 693 2784 740 ante
2809 683 3000 738 faciem
3035 682 3201 738 venti.

276 790 369 845 26.
408 791 554 844 Ὢσεὶ
585 790 718 863 πῦρ,
747 791 777 845 ὃ
799 790 1074 861 διαφλέξει
1105 791 1310 864 δρυμόν
1337 807 1353 824 ο

1973 776 2067 833 26.
2103 776 2259 834 Sicut
2288 777 2451 849 ignis,
2480 778 2574 848 qui
2605 777 2893 833 coniburet
2924 775 3121 832 silvam
3149 793 3161 829 :

273 880 367 934 27.
407 881 553 934 Ὠσεὶ
575 880 727 952 φλὸξ,
756 881 791 952 ἢ
823 880 900 952 (α)
927 875 1262 935 κατακαύσει
1291 881 1418 953 ὅρη.
1557 887 1560 890 ’

1970 870 2063 925 27.
2095 869 2160 926 Et
2193 872 2338 927 sicut
2363 869 2603 937 flamma,
2627 886 2751 940 quae
2787 871 3072 925 comburet
3109 878 3341 922 montes.

273 970 368 1027 28.
391 969 548 1024 Οὕτω
574 970 927 1035 καταδιώξεις
952 970 1149 1034 αὐτοὺς
1185 973 1244 1023 ὲν
1280 973 1347 1043 τῇ
1378 968 1646 1038 καταιγίδι
1677 985 1764 1022 σου

1969 962 2060 1020 28.
2098 963 2175 1018 Ita
2216 964 2560 1033 persequeris
2588 963 2710 1018 illos
2744 962 2797 1016 iu
2833 968 3156 1032 tempestate
3197 968 3294 1015 tua
3327 977 3340 1013 :

272 1061 367 1117 29.
399 1063 511 1117 Kal
540 1063 601 1116 ἐν
630 1065 694 1134 τῇ
719 1063 856 1134 ὀργῇ
891 1079 985 1115 σου
1020 1060 1374 1132 συνταράξεις
1406 1060 1624 1124 αὐτούς.

1529 1060 1624 1124 δύς.
1968 1053 2060 1110 29.
2094 1053 2162 1110 Ει
2189 1055 2242 1110 in
2274 1055 2354 1110 ira
2383 1065 2476 1110 tua
2515 1053 2870 1110 conturbabis
2905 1067 3020 1109 eos.

273 1151 365 1209 30.
403 1152 697 1226 Πλήρωσον
721 1151 792 1206 τὰ
818 1152 1085 1224 πρόσωπα
1114 1151 1295 1206 αὐτῶν
1320 1151 1562 1224 ἀτιμίας·

1973 1147 2063 1204 50.
2095 1148 2265 1219 Imple
2299 1147 2471 1203 facies
2499 1163 2687 1202 eorum
2719 1144 3053 1216 ignominia:

270 1245 362 1300 31.
395 1247 507 1300 Kal
535 1246 832 1318 ζητήσουσι
864 1244 926 1300 τὸ
946 1245 1117 1317 ὄνομά
1151 1262 1269 1309 σου,
1304 1244 1499 1317 Κύριε.

1971 1244 2060 1298 31.
2095 1241 2164 1297 Et
2193 1251 2443 1313 quaerent
2477 1257 2676 1298 nomen
2714 1251 2892 1309 tuum,
2921 1239 3169 1295 Domine.

270 1326 364 1389 52.
426 1336 903 1410 Δίσχυνθήτωσαν,
960 1338 1054 1391 καὶ
1108 1336 1539 1411 ταραχθήτωσαν
1586 1338 1667 1400 εἰς
1707 1335 1761 1389 τὸ

1986 1335 2059 1390 52.
2095 1335 2456 1403 Erubescant,
2483 1343 2537 1392 et
2563 1335 2960 1392 conturbentur
2993 1334 3048 1388 in
3078 1331 3336 1388 sacculum
3374 1345 3477 1387 sae-

196 1426 377 1481 αίῶνα
406 1429 499 1483 τοῦ
529 1429 750 1496 αίῶνοςο
859 1451 861 1454 ‘

558 1429 750 1496 ιίῶνος·
859 1451 861 1454 ‘
1897 1429 2010 1485 culi
2037 1447 2049 1482 :

268 1521 363 1576 3'5.
400 1521 510 1574 Kal
538 1523 985 1595 ὲντραπήτωσαν,
1015 1521 1108 1576 καὶ
1140 1521 1547 1576 ἀπολέσθωσαν.

1436 1538 1547 1574 σαν.
1970 1520 2060 1575 35.
2096 1518 2164 1573 Et
2190 1517 2596 1574 confundantur
2620 1527 2675 1574 et
2704 1527 2927 1589 pereant

267 1611 360 1665 δι.
394 1612 504 1664 Kal
533 1611 850 1681 γνώτωσαν,
875 1614 958 1666 ὅτι
988 1612 1161 1684 δνομά
1195 1630 1277 1666 σοι
1306 1611 1532 1684 Κύριος·

1971 1613 2062 1668 54.
2099 1611 2165 1667 Et
2199 1619 2555 1682 cognoscant,
2582 1611 2710 1681 quia
2734 1627 2933 1667 nomen
2969 1611 3064 1665 tibi
3101 1609 3364 1664 Dominus
3392 1647 3405 1662 .

267 1702 362 1760 55.
387 1703 460 1756 Σὺ
502 1703 661 1774 μόνος
682 1704 905 1776 ὕψιστος
934 1705 1028 1759 ἐπὶ
1050 1707 1227 1760 πᾶσαν
1254 1703 1354 1777 τὴν
1387 1705 1512 1776 γῆν.

1974 1702 2065 1760 55.
2099 1701 2184 1757 Tu
2221 1701 2374 1758 solus
2403 1699 2708 1756 altissimus
2740 1699 2799 1755 in
2827 1701 2975 1756 omni
2999 1711 3166 1755 terra.

190 1814 305 1880 Εἰς
324 1815 394 1870 τὸ
415 1814 610 1884 τέλος,
659 1817 813 1887 ὑπὲρ
861 1816 982 1871 τῶν
1002 1815 1210 1886 ληνῶν
1264 1815 1390 1884 τοῖς
1436 1815 1590 1883 υἱοῖς
1640 1819 1681 1870 Κ

2004 1815 2072 1872 In
2096 1817 2274 1887 ﬁnem,
2303 1831 2401 1886 pro
2427 1815 2784 1889 torcularibus
2808 1815 2938 1885 ﬁliis
2966 1814 3100 1870 Core
3145 1813 3402 1882 psalmus.

641 1911 904 1980 ψαλμός.
941 1912 1173 1964 ΨΑΑΜ.
1196 1911 1335 1963 Im.

2355 1907 2622 1964 PSALM.
2666 1906 3001 1964 LXXXIII.

271 1999 325 2055 1.
364 2000 453 2066 Ὠς
485 2001 747 2072 ἀγαπητὰ
793 2001 862 2056 τὰ
916 2000 1254 2074 σκηνώματα
1305 2019 1418 2069 σου,
1478 2001 1652 2072 Κύριε
1680 2001 1762 2055 τῶπ

1986 2009 2017 2056 l.
2052 2001 2228 2070 Quam
2260 2001 2456 2060 dilecta
2481 2003 2834 2060 tabernacula
2861 2013 2952 2058 tua
2974 2044 2988 2069 ,
3037 2002 3268 2057 Domine
3300 1999 3477 2056 virtu‘

189 2089 482 2164 δυνάμεων
502 2093 516 2146 ι

1897 2103 2013 2152 tum
2046 2097 2061 2152 !

269 2207 350 2279 (ι)
379 2207 456 2261 Ἤ
485 2207 636 2265 deest
665 2209 722 2266 in
758 2217 931 2278 textu,
967 2209 1167 2282 legitur
1205 2209 1262 2267 in
1291 2224 1464 2280 marg.
1499 2209 1870 2266 κατακαῦσαι.

1299 2370 1682 2429 ATHANASII
1734 2369 2322 2431 INTERPRETA'I‘IO.

267 2524 357 2582 23.
388 2527 892 2600 Αίχμαλωτίσωμεν
924 2531 1016 2585 τὸν
1040 2531 1169 2585 λαδν
1192 2528 1381 2595 αὐτοῦ,
1417 2529 1512 2583 καὶ
1540 2528 1631 2582 τὸν
1659 2527 1758 2583 vae

1987 2531 2050 2585 ιδ.
2087 2528 2146 2586 In
2177 2531 2543 2602 captivitatem
2579 2535 2918 2592 abducamus
2952 2533 3212 2606 populum
3245 2535 3387 2608 ejus,
3419 2528 3478 2593 ει

183 2617 366 2671 αὐτοῦ
390 2617 470 2688 (1)
490 2617 902 2692 διαρπάσωμεν.

1887 2622 2150 2692 templum
2180 2622 2302 2694 ejus
2328 2624 2677 2697 diripiamus.

265 2709 361 2764 24.
405 2709 816 2783 Κιλιονμένους¹
851 2713 929 2786 (2)
987 2713 1093 2768 ὑπὸ
1131 2712 1240 2768 τῶν
1280 2712 1547 2768 ἑλκόντων
1588 2714 1752 2768 αὐτού

1986 2715 2046 2770 ιιι.
2079 2716 2140 2771 In
2177 2717 2363 2774 orbem
2391 2728 2644 2776 versatos
2672 2736 2705 2777 a
2741 2721 3086 2778 trahentibus
3126 2736 3224 2779 eos
3261 2722 3318 2777 in
3346 2735 3477 2794 pec-

189 2802 279 2865 είς
302 2803 604 2874 ἁμαρτίαν.

598 2843 604 2857 .
1886 2816 2089 2864 catum.

261 2893 356 2950 25.
388 2891 520 2949 Ὧδε
552 2891 714 2950 κᾶκεῖ
746 2898 1212 2972 περιφερομένους
1255 2898 1361 2955 ὑπὸ
1386 2899 1499 2953 τῶν
1543 2901 1746 2957 καταδυ

1952 2901 2044 2958 25.
2075 2899 2195 2959 Huc
2225 2903 2351 2960 illos
2387 2905 2810 2964 circumdelatos
2835 2922 2868 2963 a
2897 2907 3331 2965 dominantibus.

184 2988 612 3060 ναστεύομένων
636 2989 736 3061 (3).

264 3079 362 3135 26.
405 3080 495 3145 Ὠς
527 3079 660 3146 ξύλα
689 3081 916 3154 ἄκαρπα
953 3085 1235 3140 ἁνάλωσον
1267 3085 1492 3152 αὐτούς.

1952 3079 2043 3136 26.
2079 3079 2151 3138 Ut
2177 3082 2324 3153 ligna
2353 3084 2698 3144 infructifera
2727 3101 2993 3145 consume
3016 3103 3129 3145 eos.

261 3171 352 3226 27.
391 3173 483 3237 Ὦς
511 3175 546 3246 ἡ
575 3173 912 3246 θειότηςλσου
944 3179 1238 3234 κατακαίει
1274 3180 1373 3252 τὴν
1417 3180 1666 3236 ἐναντίαν
1692 3180 1752 3234 δύ

1979 3171 2046 3228 l7.
2083 3171 2239 3230 Sicut
2268 3175 2531 3234 divinitas
2578 3186 2672 3235 tua
2715 3180 2990 3236 comburit
3019 3180 3349 3236 contrariam
3377 3195 3470 3252 po-

185 3279 257 3317 να
263 3281 359 3334 μιν

1833 3336 1848 3337 ἡ
1887 3271 2159 3322 Iestatem.

259 3354 354 3410 28.
395 3336 483 3411 τεν
505 3357 585 3429 τῷ
608 3358 764 3432 θυμῷ
793 3376 906 3418 σου,

1817 3336 1860 3394 ϐ
1962 3357 2052 3413 28.
2093 3357 2151 3414 In
2179 3359 2553 3432 indignatione
2581 3368 2694 3417 tua.

260 3448 355 3505 9.9.
374 3450 511 3516 Ταῖς
533 3453 786 3525 ἀνομίαις
817 3453 998 3510 αὐτῶν
1050 3455 1436 3524 συναπολέσεις
1469 3457 1546 3531 (5)
1567 3457 1751 3524 αὐτούς

1738 3477 1786 3524 ς,
1894 3473 1896 3476 ν
1959 3450 2049 3505 29.
2081 3450 2221 3507 Cum
2253 3468 2448 3509 eorum
2483 3453 2865 3524 iniquitatibus
2894 3455 3088 3526 perdes
3113 3471 3228 3513 eos.

262 3543 356 3599 '50.
387 3545 500 3610 Τὰς
537 3547 768 3621 καρδίας
793 3548 994 3604 αὐτῶν.
1441 3597 1444 3600 .

1441 3597 1444 3600 .
1887 3587 1907 3614 ι
1957 3545 2047 3601 50.
2077 3545 2258 3601 Corda
2281 3560 2494 3602 eorum.

255 3634 354 3689 5i.
381 3637 494 3691 Kal.
522 3638 663 3709 μετὰ
711 3639 888 3695 ταῦτα
933 3641 1329 3712 ὲπιγνὼσονται
1382 3641 1460 3716 (6)
1512 3643 1612 3716 τὴν
1656 3643 1746 3717 βοή

1982 3635 2046 3690 il.
2071 3635 2151 3690 Et
2177 3645 2301 3706 post
2332 3651 2396 3693 ea
2426 3649 2758 3710 cognoscent
2789 3639 3054 3696 auxilium
3082 3648 3260 3708 tuum,
3289 3649 3344 3697 et
3375 3639 3473 3697 be-

186 3722 346 3780 θειάν
376 3746 472 3783 σου
497 3731 591 3784 καὶ
623 3731 722 3798 τὰς
750 3735 1072 3806 εὐεργεσίας
1102 3753 1218 3791 σου.

750 3735 1072 3806 εὐεργεσίας
1102 3753 1218 3791 σου.
1885 3727 2080 3784 neficia
2115 3736 2227 3784 tua.

261 3821 354 3878 52.
385 3824 690 3890 Διαπαντὸς
717 3828 767 3881 oi
804 3828 879 3900 μὴ
907 3829 1217 3902 πειθόμενοι
1251 3848 1344 3885 σου
1374 3831 1476 3903 (7).

1961 3821 2052 3876 52.
2089 3819 2336 3892 Semper,
2367 3821 2461 3894 qui
2488 3820 2585 3878 tibi
2617 3837 2729 3881 non
2760 3823 3041 3880 obediunt.

259 3914 352 3968 53.
395 3915 484 3970 Ἐν
503 3919 572 3988 τῇ
605 3917 790 3990 ἡμέρᾳ
808 3919 908 3991 τῆς
930 3921 1186 3994 κρίσεως.
1573 3966 1580 3970 -

1011 3921 1186 3986 ίσεως.
1573 3966 1580 3970 .
1961 3918 2052 3973 35.
2084 3916 2145 3972 In
2176 3917 2265 3974 die
2288 3916 2502 3988 judicii.

260 4006 355 4072 54,
387 4007 478 4064 35.
509 4009 598 4064 Ἐν
619 4012 686 4082 τῇ
706 4009 832 4083 δόξῃ
876 4012 977 4083 τῆς
1013 4015 1317 4086 παρουσίας
1339 4032 1433 4069 σου
1463 4015 1538 4088 (8)
1563 4015 1751 4086 ὲπιγνᾶ

1984 4012 2056 4079 Li,
2082 4011 2172 4067 55.
2206 4011 2262 4066 ln
2293 4010 2464 4083 gloria
2504 4011 2770 4069 adventus
2813 4013 2891 4069 tui
2938 4019 3295 4084 cegnoscant,
3325 4008 3475 4082 quod

193 4111 301 4161 σιν,
330 4097 414 4152 ὅτι
441 4098 502 4152 ὃν
523 4099 840 4168 ἐξουθένουν
885 4104 1013 4159 Υἱδν
1040 4105 1354 4177 ἀνθρώπου,
1381 4101 1536 4171 οὗτος
1585 4107 1684 4181 Κύι

1986 4119 2054 4160 ιω
2086 4111 2537 4176 contempserunt
2563 4104 2762 4162 Filium
2789 4107 3028 4163 hominis
3049 4146 3065 4172 ,
3092 4105 3182 4160 hic
3209 4103 3477 4159 Dominus

193 4187 416 4244 πάντων
447 4192 588 4258 ἐστὶ,
621 4195 719 4248 καὶ
741 4195 889 4267 αὐτῷ
941 4200 1091 4253 πᾶσα
1122 4198 1346 4268 γλῶσσα
1394 4199 1684 4272 ὲξομολογή

1990 4197 2142 4253 nium
2169 4205 2272 4263 est,
2306 4205 2362 4253 et
2387 4197 2491 4268 ipsi
2519 4199 2700 4254 omnis
2721 4199 2904 4270 lingua
2931 4196 3304 4260 conﬁtebitur,
3339 4208 3481 4264 quo-

190 4296 306 4350 ται,
338 4282 422 4337 ὅτι
447 4286 511 4339 σὺ
531 4281 584 4340 εἷ
611 4287 815 4359 Κύριος
839 4288 1062 4360 ὕψιστος
1083 4292 1165 4356 είς
1192 4291 1353 4361 δόξαν
1375 4293 1513 4348 Θεοῦ
1542 4296 1681 4367 Πατε

1989 4310 2043 4350 m
2074 4308 2133 4350 tu
2157 4308 2218 4350 es
2243 4292 2510 4349 Dominus
2541 4293 2844 4349 altissimus
2875 4293 2929 4347 in
2955 4290 3126 4362 gloria
3155 4275 3248 4345 Déi
3274 4287 3475 4343 Patris.

210 4372 407 4448 Ἀμήν.
1810 4383 1866 4444 ι)
1891 4387 2085 4442 Amen.

279 4512 348 4566 Ἦ
383 4519 721 4590 προκειμένη
753 4521 1036 4594 ἐπιγραφὴ
1061 4521 1306 4596 περιέχει
1335 4523 1434 4597 (9)·
1459 4525 1565 4590 Εἰς
1602 4524 1667 4578 τὸ
1696 4524 1892 4592 τέλος,
1919 4523 2072 4593 ὑπὲρ
2100 4523 2222 4579 τῶν
2249 4518 2457 4592 ληνῶν
2485 4519 2610 4587 τοῖς
2633 4519 2785 4587 υἱοῖς
2837 4517 2992 4588 Κορὲ
3048 4517 3312 4588 ψαλμὸς,
3345 4516 3466 4585 ὄπεζ

196 4605 585 4678 ἑρμηνεύεται·
624 4615 705 4677 είς
733 4613 793 4666 τὸ
819 4613 970 4679 τέλος
1003 4614 1110 4669 τῶν
1134 4615 1347 4670 αἰώνων
1372 4617 1515 4689 ὑπὲρ
1538 4617 1649 4670 τῶν
1677 4617 1911 4690 ἐχόντων
1930 4619 1989 4670 ὲν
2017 4620 2136 4680 ταῖς
2160 4615 2411 4686 καρδίαις
2431 4614 2542 4686 (I0)
2588 4614 2681 4667 τὸν
2728 4609 2870 4667 οἶνον
2896 4612 2997 4684 τῆς
3025 4610 3370 4683 εὐφροσύνης
3387 4607 3460 4662 τδι

196 4701 404 4774 Κύριον
435 4707 594 4779 ήμῶν
630 4706 859 4780 Ἰησοῦν.
893 4705 1027 4765 Εἶτα
1059 4711 1183 4780 τοῖς
1203 4713 1355 4781 υἱοῖς
1377 4712 1529 4784 Κορὲ
1556 4715 1818 4785 dia/1M9.
1841 4715 1989 4786 Κορὲ
2022 4712 2133 4786 γὰρ
2162 4710 2523 4785 ἑρμηνεύεται
2551 4710 2881 4782 φαλακρός·
2903 4711 2932 4764 ὁ
2954 4709 3013 4763 δὲ
3035 4708 3311 4781 φαλακρὸς
3332 4707 3488 4781 παρὰ

190 4793 276 4866 τῷ
304 4797 456 4871 νόμῳ
484 4804 742 4872 καθαρός
758 4806 929 4862 ἐστιν.

268 4888 487 4949 Titulus
515 4898 843 4968 praepositus
878 4899 1124 4957 continet
1153 4917 1170 4958 :
1207 4898 1276 4956 In
1308 4902 1501 4972 ﬁnem‘,
1532 4919 1628 4974 pro
1652 4905 2012 4960 torcularibus
2041 4904 2171 4977 ﬁliis
2199 4903 2335 4960 Core
2360 4903 2630 4974 psalmus,
2675 4903 2824 4976 quod
2870 4903 3261 4975 interpretatur
3290 4901 3344 4956 in
3375 4900 3488 4964 line

193 4985 525 5043 saeculorum
565 5006 666 5061 pro
708 4992 1035 5050 habentibus
1077 4994 1134 5050 in
1176 4997 1436 5055 cordibus
1462 4999 1650 5054 vinum
1682 4999 1883 5056 laetitia;
1909 4999 2201 5056 Dominum
2247 5007 2503 5056 nostrum
2535 4997 2747 5057 Jesum.
2775 4998 2979 5055 Deinde
3010 4995 3142 5066 ﬁliis
3185 4993 3320 5050 Core
3341 4991 3488 5064 psal-

197 5094 339 5133 mus.
369 5080 503 5138 Core
531 5085 678 5140 enim
705 5087 1092 5160 interpretatur
1114 5092 1316 5148 calvus.
1343 5092 1546 5152 Calvus
1569 5105 1752 5154 autem
1783 5099 2090 5154 secundum
2119 5100 2294 5171 legem
2329 5097 2560 5152 mundus
2604 5107 2708 5152 est.

271 5171 322 5226 1.
349 5172 416 5227 Al
445 5174 660 5233 αίώνιαί
701 5197 795 5234 σου
827 5181 1184 5250 ἀναπαύσεις.

1971 5193 2022 5247 l.
2060 5192 2289 5249 IEterna
2323 5202 2413 5249 tua
2442 5191 2747 5264 refrigeria.

1159 5297 1470 5363 Addenda
1493 5307 1556 5364 et
1602 5303 1983 5387 corrigenda
2014 5326 2094 5370 ex
2141 5272 2286 5372 cod.
2321 5308 2526 5371 Vatic.

296 5388 348 5444 ll
374 5390 586 5444 Αὐτῶν.
1962 5408 2042 5444 Hi
2075 5409 2159 5444 νη.

272 5388 350 5516 (ἐξ
374 5390 586 5516 illi“
627 5463 655 5518 ἐ
1962 5408 2042 5474 (⁷)
2075 5409 2184 5502 23"
2947 5435 2951 5440 “
2987 5479 3000 5494 ·

378 5481 970 5592 Κατιέἕυμνανιξὲεῗόντων
996 5538 1209 5602 αὐτούς.
2120 5481 2194 5535 Εν
2249 5483 2318 5553 τῇ
2367 5479 2561 5552 ἐνδόξῳ
2619 5495 2716 5533 σου
2760 5493 3060 5553 παρουσιῇ
3113 5489 3218 5538 αθ.
3275 5480 3490 5555 nam“

332 5531 350 5623 )
378 5531 970 5623 ἰξαταδύναστευόντων
996 5538 1209 5623 αὐτούς.
1228 5611 1252 5623 _
1333 5613 1346 5623 .
1891 5531 2071 5623 ὴμῖὗν.

385 5674 736 5755 ξεναπολείς.
765 5674 768 5675 ν
1168 5674 1179 5676 ἡ
1361 5674 1373 5684 ’
1461 5674 1475 5678 ⁷
1968 5674 2086 5748 ι(10)
2114 5674 2606 5755 Καοδίαιξ

384 5603 610 5726 gadium,
645 5618 776 5693 etc”
809 5609 906 5673 τὰς
940 5593 1500 5684 ἐναντίας-δυνάμεις.
1899 5593 2150 5693 “Elui!
2178 5619 2265 5674 διὰ
2298 5621 2399 5692 τῆς
2429 5622 2799 5687 κινναϐάοεως
2829 5640 2956 5693 περ.

427 5677 736 5742 υναπολεις.
1975 5691 2086 5742 (10)
2115 5692 2380 5742 Καοδίαιε
2408 5692 2606 5742 αὐτῶν.

271 5603 351 5815 (Α)
384 5603 610 5677 Θεότης,
645 5618 751 5663 etc.

296 5672 330 5725 5
385 5674 736 5742 Συναπολείς.

293 5742 349 5816 6)
373 5745 751 5821 -Ἐπιγειῶσιν.
