3728 6372
184 323 331 384 ’1015
1056 329 1146 383 DE
1186 330 1465 388 TITULIS
1496 333 1656 390 PSAl

1991 370 2060 377 —
2093 336 2286 393 PSAL.
2323 339 2574 399 LXXXV.
3311 345 3449 403 10H

252 440 340 495 24.
375 440 488 494 Καὶ
523 440 631 514 γάρ
656 444 685 497 ὁ
707 442 911 514 Κύριος
933 442 1092 496 δώσει
1117 445 1462 518 χρηστότητα
1480 465 1495 481 ο

1793 452 1842 509 Α
1939 450 2031 504 24.
2065 449 2277 506 Etenim
2310 451 2578 508 Dominus
2598 453 2750 509 dabit
2771 455 3155 527 benignitatem
3189 475 3202 512 :

255 533 343 590 25.
373 536 488 590 Kal.
503 535 538 605 ἡ
570 534 644 605 γῆ
668 535 821 607 ὑμῶν
840 536 894 609 [ἡ
905 536 1044 609 μῶν]
1060 537 1219 592 δώσει
1236 539 1328 593 τὸν
1343 541 1553 614 καρπὸν
1571 543 1727 615 αὐτῆς

1691 546 1763 615 ἧς.
1943 542 2034 604 25.
2064 541 2130 598 Et
2161 552 2308 599 terra
2327 553 2512 600 nostra
2541 544 2697 600 dabit
2713 546 2950 604 fructum
2980 565 3163 606 suum.

251 625 340 680 26.
371 626 699 698 Δικαιοσύνη
729 627 957 682 ἐνώπιον
986 629 1152 684 αὑτοῦ
1184 634 1619 706 προπορεύσεται
1644 655 1656 668 ·

1489 653 1619 690 ιεται
1644 655 1656 668 ·
1941 634 2034 690 26.
2062 633 2280 690 Iustitia
2311 645 2436 692 ante
2457 651 2582 692 eum
2615 638 2917 694 ambulabit
2943 658 2961 696 :

251 717 338 771 27.
366 718 480 772 Καὶ
508 718 666 790 θήσει
694 721 776 784 εἰς
799 719 917 774 ὁδὸν
944 722 1014 776 τὰ
1047 722 1368 798 διαδήματα
1398 727 1585 786 αὐτοῦ.

1465 727 1585 786 τοῦ.
1944 725 2036 780 27.
2074 724 2138 781 Et
2167 736 2332 797 ponet
2360 727 2417 782 in
2441 728 2529 782 via
2553 744 2774 799 gressus
2798 745 2937 790 suos.

415 834 740 903 Προσευχὴ
765 832 846 900 τῷ
877 835 1074 891 Δαϐίδ.
1117 841 1350 895 ΨΑΛΜ.
1392 844 1527 901 IIE'.

2159 837 2348 894 Oratio
2372 839 2566 895 David.
2593 839 2857 897 PSA'LM.
2884 841 3157 898 LXXXV.

253 924 304 978 1.
334 924 556 994 Κλῖνον,
592 925 788 997 Κύριε,
819 927 880 980 τὸ
903 922 997 992 οὖς
1027 946 1142 996 σου,
1171 933 1266 986 καὶ
1308 933 1613 990 ἐπάκουσόν
1639 955 1725 1009 μοι

1987 973 2002 986 .
2044 927 2283 1000 Inclina,
2349 931 2617 998 Domine,
2668 949 2857 991 aurem
2909 945 3090 1004 tuam,
3145 942 3200 992 et
3250 938 3446 993 exaudi

1865 1040 1998 1080 me:

247 1102 300 1156 2.
333 1102 458 1156 Ὅτι
487 1105 705 1176 πτωχὸς
737 1107 836 1159 καὶ
867 1108 1036 1180 πένης
1059 1111 1176 1182 εἰμὶ
1203 1112 1334 1182 ἐγὼ.
1621 1169 1624 1172 .

1621 1169 1624 1172 .
1939 1119 1998 1172 2.
2027 1118 2299 1187 Quoniam
2330 1121 2488 1191 inops
2515 1133 2569 1177 et
2593 1138 2799 1194 pauper
2831 1140 2952 1180 sum
2973 1141 3091 1197 ego.

247 1194 299 1250 3.
329 1195 572 1264 Φύλαξον
607 1198 707 1268 τὴν
730 1199 910 1272 ψυχήν
935 1219 1058 1273 μου,
1083 1204 1165 1258 ὃτι
1204 1206 1348 1271 ὅσιός
1376 1209 1494 1280 εἰμι
1513 1226 1528 1240 ⁸

1970 1239 1993 1265 ι.
2021 1212 2249 1268 Custodi
2266 1213 2505 1269 animam
2531 1231 2732 1281 meam,
2751 1219 3011 1286 quoniam
3037 1225 3261 1274 sanctus
3285 1233 3442 1273 sum:

246 1286 298 1340 4.
330 1289 515 1342 Σῶσον
565 1290 658 1345 τὸν
697 1291 884 1348 δοῦλόν
919 1311 1035 1362 σου,
1068 1297 1097 1350 ὁ
1145 1297 1278 1364 Θεός
1319 1319 1443 1374 μου,
1491 1305 1580 1359 τὸν
1613 1306 1714 1360 ὲλπ

1973 1305 2006 1364 ι.
2037 1303 2258 1360 Salvum
2287 1304 2372 1361 fac
2401 1321 2620 1362 servum
2639 1317 2816 1375 tuum,
2839 1308 2984 1366 Deus
3011 1326 3190 1377 meus,
3218 1325 3445 1380 speran-

179 1377 337 1442 ζοντα
369 1382 465 1435 ἐπὶ
494 1383 555 1435 σὲ
595 1383 748 1456 [eoi].

672 1383 748 1456 ii].
1863 1404 1971 1451 tem
2001 1395 2055 1450 in
2093 1404 2144 1451 te

248 1471 298 1526 5.
347 1473 603 1567 ’iﬂléncdv
635 1494 725 1548 με,
773 1479 969 1552 Κύριε,
1015 1481 1099 1536 ὅτι
1129 1487 1269 1556 πρὸς
1316 1488 1375 1542 σὲ
1420 1492 1720 1567 κεκράξομι

1981 1528 1996 1544 .
2028 1487 2287 1546 Miserere
2312 1489 2722 1558 mei,.Domine.
2752 1493 3011 1563 quoniam
3041 1492 3112 1548 ad
3133 1501 3183 1550 te
3213 1493 3445 1550 clamavi

177 1561 302 1634 ὃλην
327 1562 429 1634 τὴν
455 1565 694 1636 ἡμέραν.
1526 1561 1537 1564 τ

647 1584 694 1623 ν.
1526 1561 1537 1564 ⁷
1662 1561 1674 1567 ⁷
1864 1589 1974 1635 tota
2009 1581 2119 1638 die.

245 1655 298 1710 6.
327 1655 616 1729 Εὖφρανον
637 1660 735 1732 τὴν
756 1662 938 1735 ψυχὴν
969 1665 1065 1720 τοῦ
1085 1664 1270 1724 δούλου
1306 1688 1398 1726 σου
1425 1690 1438 1704 ο

1387 1691 1398 1725 ι
1425 1690 1438 1704 ο
1937 1674 1991 1728 6.
2031 1675 2267 1731 Laetiﬁca
2295 1675 2535 1732 animam
2566 1677 2709 1732 servi
2740 1678 2818 1732 tui
2845 1698 2859 1732 :

245 1746 292 1799 7.
321 1747 447 1802 Ὅτι
484 1750 624 1822 πρὸς
651 1752 710 1805 σὲ
733 1749 844 1826 ἦρα
874 1755 974 1828 τὴν
998 1757 1330 1832 ψυχήν.μου.

1789 1808 1834 1832 ,,
1940 1765 1992 1820 7.
2022 1764 2294 1832 Quoniam
2331 1767 2400 1822 ad
2430 1775 2484 1823 te
2516 1768 2756 1822 animam
2786 1783 2962 1822 meam
2999 1767 3194 1822 levavi.

1789 1808 1835 1866 Β

244 1842 296 1894 8.
329 1841 454 1896 ’Ότι
480 1843 568 1907 σὺ,
596 1845 794 1916 Κύριε,
826 1851 1064 1921 χρηστὸς
1089 1856 1180 1908 καὶ
1199 1857 1470 1929 ἐπιεικὴς,

1791 1841 1835 1866 ⁸³
1934 1857 1990 1914 8.
2023 1857 2295 1925 Quoniam
2324 1869 2403 1927 tu,
2427 1859 2682 1921 Domine.
2708 1860 2893 1915 suavis
2927 1869 2985 1914 et
3008 1859 3177 1927 mitis,

241 1934 294 1987 9.
322 1933 432 1989 Καὶ
463 1935 750 2003 πλυέλεος
793 1942 925 1996 πᾶσι
958 1947 1072 2009 τοῖς
1100 1947 1549 2021 ἐπικαλουμένοις
1583 1971 1662 2009 σε.

1972 1951 2076 2006 ,Ει
2129 1953 2315 2008 multa:
2362 1953 2752 2009 misericordiae
2815 1953 3070 2010 omnibus
3141 1952 3443 2008 invocantio

1862 2043 1966 2100 bus
1991 2052 2060 2099 te.

382 2113 692 2180 Ἐνώτισαι,
730 2117 925 2190 Κύριε,
959 2121 1058 2192 τὴν
1101 2127 1583 2200 προσευχήνιμου·

1969 2140 2022 2195 0.
2053 2137 2296 2195 Auribus
2325 2139 2565 2209 percipe,
2593 2138 2842 2204 Domine,
2875 2137 3184 2194 orationem
3220 2150 3398 2191 meam
3424 2151 3441 2189 :

247 2201 334 2256 11.
361 2204 475 2258 Καὶ
504 2208 746 2278 πρόσχες
776 2214 841 2282 τῇ
869 2215 1021 2285 φωνῇ
1048 2214 1149 2285 τῆς
1175 2217 1266 2289 δεή
1280 2219 1412 2284 sub;
1440 2238 1564 2292 μου.

1934 2233 2023 2287 11.
2057 2232 2124 2287 Ει
2155 2201 2374 2288 intende
2403 2201 2523 2287 voci
2549 2201 2952 2301 deprecationis
2974 2245 3130 2285 meae.

241 2294 328 2349 12.
371 2297 462 2351 Ἐν
493 2301 678 2374 ἡμέρᾳ
711 2303 945 2375 θλίψεώς
975 2325 1078 2378 μου
1111 2311 1385 2384 ἐκέκραξα
1412 2315 1550 2388 πρὸς
1573 2317 1652 2382 σὲ,
1677 2319 1713 2373 ὃν

1969 2325 2020 2380 2.
2049 2323 2110 2380 In
2143 2324 2231 2380 die
2259 2294 2790 2380 tribulationistcac
2814 2321 3048 2378 clamavi
3088 2320 3156 2377 ad
3200 2330 3275 2386 te,
3312 2318 3441 2389 quia

175 2384 482 2458 ἶπήκουσάς
523 2410 650 2463 μου.
1860 2418 2138 2474 exaudisti‘
2159 2434 2279 2474 me..
3243 2439 3250 2446 ’

1296 2606 1670 2667 ATHANASII
1705 2612 2295 2674 INTERPBETATIO.

234 2769 322 2825 24.
355 2769 431 2825 Τὸ
461 2772 686 2844 Πνεῦμα
726 2777 891 2832 αὐτοῦ
919 2781 981 2833 τὸ
1007 2780 1160 2850 ἅγιον
1201 2785 1296 2837 καὶ
1336 2786 1544 2854 ἀγαθὸν
1584 2789 1706 2862 δωρτ

1969 2795 2016 2849 ι.
2046 2792 2311 2866 Spiritum
2363 2811 2524 2850 suum
2563 2803 2837 2862 sanctum,
2868 2798 2924 2849 et
2967 2792 3175 2848 bonum
3213 2791 3441 2849 donabit

172 2877 316 2915 σεται
346 2865 506 2934 ἡμῖν,

1667 2895 1694 2912 ’θ
1857 2888 2043 2944 nobis.

215 2954 322 3060 ⁸25.
353 2957 430 3012 Τὸ
462 2959 621 3027 γένος
648 2961 758 3018 τῶν
785 2963 1091 3036 ἀνθρώπων
1122 2968 1192 3022 τὰ
1226 2968 1375 3041 ἔργα
1413 2973 1515 3045 τῆς
1548 2973 1687 3028 δικαι

1573 2979 1755 3028 ἰικαιο-
1923 2981 2013 3036 25.
2043 2982 2228 3040 Genus
2257 2983 2562 3038 humanum
2587 2997 2752 3053 opera
2779 2979 3045 3053 iustitiae...

171 3063 350 3120 συνης.
823 3079 835 3088 ι

231 3140 320 3197 26.
366 3142 622 3218 Ἰωάννης
659 3149 688 3200 ὁ
724 3147 1034 3222 Βαπτιστὴς
1062 3192 1090 3220 ,.
1130 3155 1223 3208 καὶ
1275 3155 1336 3209 τὸ
1384 3157 1588 3230 πλῆθος
1639 3157 1703 3213 τᾶ

1983 3166 2015 3218 i.
2053 3168 2294 3222 Joannes
2327 3163 2592 3236 Baptista,
2624 3172 2681 3220 et
2709 3161 3006 3219 multitudo
3029 3158 3455 3232 prophetatum-

168 3248 481 3304 προφητων.
2645 3299 2650 3304 .

208 3249 481 3308 ροφητων.

229 3327 320 3384 27.
353 3330 467 3384 Καὶ
499 3331 795 3388 ἐντελεῖται
814 3335 873 3388 ὲν
899 3336 1080 3392 πίστει
1097 3338 1168 3394 τά
1189 3341 1536 3414 δικαιώματα
1561 3344 1680 3399 αὑτι

1928 3343 2017 3397 27.
2049 3341 2117 3399 Et
2145 3343 2504 3415 praecipieLin
2536 3342 2640 3399 ﬁde
2667 3341 3088 3414 iustiﬁcationes
3115 3339 3256 3413 ejus.

239 3447 677 3526 Ἦοπροκειμένη
709 3455 991 3527 ἐπιγραφὴ
1027 3459 1272 3531 περιέχει
1308 3462 1420 3532 (1)ο
1457 3460 1782 3532 Προσευχὴ
1819 3459 1900 3526 τῷ
1927 3458 2126 3523 Δαϐὶδ,
2146 3459 2398 3514 τουτέστι
2444 3459 2527 3525 τῷ
2565 3454 2752 3525 ἱκανῷ
2789 3457 2866 3528 τῇ
2898 3456 3056 3528 χειρί
3066 3469 3086 3490 ”
3142 3453 3303 3509 τοῦτο
3331 3450 3441 3522 γὰρ

166 3537 525 3612 ἑρμηνεύεται
546 3544 732 3610 Δαὸὶδ.
772 3547 912 3620 ὅπερ
945 3549 1096 3604 ἐστὶν
1135 3552 1164 3604 ὁ
1193 3551 1320 3617 Υἱὸς
1343 3553 1437 3608 τοῦ
1467 3553 1626 3608 Θεοῦ.

227 3629 447 3692 Titulus
503 3637 836 3707 praepositus
884 3641 1129 3698 continet
1158 3660 1170 3695 :
1204 3641 1394 3699 Oratio
1431 3645 1626 3713 David,
1692 3644 1802 3700 hoc
1857 3651 1962 3707 est,
1992 3642 2326 3712 manu-forti,-
2363 3642 2439 3698 ita
2467 3643 2614 3698 enim
2645 3642 3037 3714 interpretatur
3073 3639 3267 3706 David,
3298 3654 3437 3712 qua-

166 3727 227 3782 lis
249 3739 332 3787 est
358 3729 537 3789 Filius
571 3732 692 3790 Dei.

229 3822 280 3877 1.
315 3825 568 3897 Εὐμενές
593 3845 686 3898 μοι
733 3829 959 3904 ποίησον
991 3835 1054 3890 τὸ
1083 3833 1178 3903 οὖς
1225 3855 1343 3904 σου,
1388 3840 1483 3896 καὶ
1507 3839 1701 3896 ὲπάκοι

1959 3833 2302 3906 .Benignam
2353 3831 2489 3887 mihi
2538 3830 2625 3887 fac
2676 3845 2881 3887 aurem.
2917 3837 3088 3897 tuam,
3122 3837 3177 3885 et
3230 3825 3431 3885 exaudi

165 3931 249 3971 σον
276 3918 378 3988 τῆς
410 3922 724 3994 προσευχῆς
751 3940 854 3996 μου
895 3925 994 4000 (2).

915 3927 994 4000 2)·
1852 3928 2162 3984 orationem
2188 3939 2387 3981 meam.

225 4003 279 4059 2.
314 4005 395 4078 Τῇ
429 4007 652 4080 καρδίᾳ.

1920 4019 1976 4073 2.
2009 4018 2205 4075 Corde.

226 4095 278 4188 ε.
322 4099 649 4188 Ἀσφάλισαι
672 4102 771 4176 τὴν
803 4104 984 4182 ψυχήν
1008 4128 1132 4182 μου,
1158 4114 1327 4170 ὃτι.σε
1349 4115 1460 4185 ἐγὼ
1496 4115 1698 4188 σέὁομα

1922 4108 1978 4164 5.
2011 4108 2162 4164 Muni
2189 4109 2431 4164 animam
2461 4122 2665 4173 meam,
2703 4105 2964 4177 quoniam
2995 4119 3097 4175 ego
3133 4112 3185 4158 te
3216 4117 3357 4160 εοιο.

227 4185 279 4240 1.
314 4187 620 4262 Σῶσόνιμε.
644 4191 736 4249 τὸν
766 4194 955 4254 δοῦλόν
988 4217 1106 4272 σου,
1143 4206 1186 4257 6‘
1201 4204 1335 4269 Θεὸς
1359 4245 1374 4271 ,
1403 4207 1485 4259 ὅτι
1520 4185 1699 4270 ὲλπέζιι

2011 4200 2187 4258 Salva
2216 4217 2306 4258 me
2345 4217 2567 4257 servum
2606 4195 2785 4268 tuum,
2814 4197 2980 4265 Deus,
3011 4195 3272 4267 quoniam
3305 4207 3453 4265 spe-—

163 4275 238 4330 ὅτι
261 4279 455 4347 σώζεις
489 4301 580 4355 με.

1849 4312 1913 4351 ro
1959 4295 2112 4368 quod
2145 4311 2234 4351 me
2265 4295 2528 4352 salvabis.

226 4371 277 4426 5.
320 4374 711 4446 Ἀδιαλείπτως
744 4383 1120 4457 προσεύχομαι
1167 4385 1226 4440 ὲν
1276 4387 1472 4460 καρδίᾳ
1507 4406 1694 4460 πεφωτ

1580 4406 1745 4460 φωτι-
1919 4388 1973 4443 5.
2004 4386 2382 4444 lndesinenter
2405 4401 2505 4443 oro
2526 4386 2691 4444 corde
2721 4386 3047 4442 illuminato.

165 4477 194 4512 σ
200 4465 353 4539 μένῃ.

226 4554 276 4609 6.
304 4557 404 4611 Διά
441 4560 542 4631 τῆς
565 4561 789 4634 χάριτός
818 4583 933 4622 σου.

1918 4570 1970 4623 6.
2004 4567 2107 4624 Per
2141 4567 2371 4640 gratiam
2401 4576 2574 4624 tuam.
2681 4597 2686 4604 -

228 4645 276 4699 7.
308 4648 401 4721 Τῷ
441 4650 711 4724 θελήματι
745 4656 1023 4730 (3)ιαὺτὴν
1053 4659 1345 4733 ἀνεθέμην.

1919 4659 1970 4713 7.
2009 4660 2065 4714 In
2100 4661 2383 4714 voluntate
2416 4669 2508 4714 tua
2541 4673 2662 4714 eam
2690 4669 2929 4726 reposta;

228 4738 280 4794 8.
326 4741 560 4812 Ἀγαθὸς
586 4747 682 4800 καὶ
702 4749 901 4818 πραΰς.

1916 4751 1968 4805 8.
2003 4751 2207 4817 Bonus,
2237 4760 2293 4807 et
2319 4751 2488 4807 mitis.

225 4828 276 4884 9.
305 4833 416 4888 Καὶ
440 4835 750 4909 ἀμέτρητος
795 4840 860 4893 σὺ
896 4843 954 4895 ὲν
991 4842 1069 4914 τῷ
1096 4843 1266 4898 ἐλεεῖν
1297 4845 1422 4908 τοὺς
1462 4847 1697 4920 καταφεέ

2002 4843 2068 4898 Et
2091 4845 2361 4901 immensa
2393 4852 2480 4900 est
2501 4843 2879 4901 misericordia
2913 4849 3008 4898 tua
3031 4855 3162 4912 erga
3187 4853 3305 4906 eos,
3327 4834 3447 4909 qui».

159 4933 347 4989 γοντας
373 4924 470 4977 ἐπὶ
499 4927 582 4980 σέ.

1843 4936 2172 5008 confugiunt
2205 4938 2274 4993 ad
2305 4946 2375 4994 te.

226 5017 308 5074 10.
343 5021 647 5077 Ἄκουσον-

1917 5029 2003 5085 10.
2031 5029 2193 5086 Audi.

341 5111 446 5168 Kal
484 5114 652 5186 ἔργον
680 5117 1004 5175 ἀποτέλεσον
1026 5122 1124 5196 τὴν
1145 5129 1456 5199 προσευχήν
1500 5147 1602 5201 μου
1635 5130 1699 5202 (4]

1519 5147 1602 5183 ιου
1635 5130 1732 5202 (4),
1768 5198 1797 5202 _
1913 5121 2002 5176 Η.
2034 5122 2100 5178 Ει
2127 5139 2269 5194 opus
2296 5125 2446 5182 eliice
2469 5125 2770 5181 oralionem
2793 5135 2991 5177 meam.

220 5200 303 5257 12,
349 5205 437 5258 Ἐν
467 5207 551 5277 τῷ
579 5208 757 5281 καιρῷ
776 5209 874 5263 τοῦ
892 5213 1186 5269 ἀπολέσθαι
1212 5234 1279 5287 με
1314 5198 1420 5272 ὑπο
1435 5198 1534 5290 τῆς
1548 5198 1692 5291 ἁμαρ

1952 5215 2001 5269 2.
2036 5213 2091 5270 ln
2122 5225 2388 5286 tempore,
2431 5232 2542 5288 quo
2583 5215 2719 5288 perii
2761 5231 2791 5269 a
2840 5218 3064 5284 peccato
3094 5207 3424 5280 deprecatus

157 5289 264 5358 τίας
291 5295 518 5374 ἐδεήθην
544 5317 663 5368 σου,
697 5303 884 5374 ἐπειδὴ
916 5306 1008 5359 καὶ
1036 5306 1223 5364 ἄλλοτε
1257 5289 1570 5382 ἐπήκουσὰς
1592 5289 1629 5384 Vp

1592 5289 1726 5384 pou.
1840 5327 1962 5368 sum
1997 5323 2069 5381 lc,
2101 5314 2362 5385 quoniam
2397 5322 2452 5369 et
2472 5313 2609 5369 alias
2640 5327 2725 5368 me
2759 5305 3051 5368 exaudisti.

1117 5495 1516 5558 Addenda'et
1545 5497 1933 5576 corrigenda:
1973 5517 2051 5562 ex
2084 5501 2224 5566 cod.
2264 5499 2468 5562 Vatic.

218 5645 290 5716 (1)
333 5648 396 5706 Ἦ
430 5651 519 5706 διὰ
547 5651 648 5722 τῆς
686 5653 1052 5725 κινναϐάρεως
1088 5675 1236 5728 περ.,
1262 5667 1366 5714 etc.
1405 5659 1568 5715 Δαὸὶδ
1612 5663 1736 5718 ἱκα-
1917 5665 1972 5732 (5
2020 5662 2296 5734 Θελήματί
2332 5680 2444 5717 σου.

201 5717 794 5805 δεκξφιτρπερκθιοι
829 5796 851 5805 _
969 5798 981 5805 .
1275 5800 1284 5805 .
1917 5666 1994 5805 (ιίῖ
2022 5736 2100 5805 τῇ
2136 5736 2409 5805 προσευχῇ

160 5723 794 5806 νόςΊχξιρὶ,Λόπερ,Ιθῑο.
829 5796 851 5806 _
918 5723 927 5725 _
969 5798 981 5806 .
1163 5723 1172 5728 τ
1275 5800 1284 5806 _
2022 5736 2100 5806 Τῇ
2136 5723 2409 5806 ἐξΡοσευχῇ
2445 5751 2565 5805 im"-

223 5789 292 5855 (2)
331 5789 687 5861 Ἐπιθυμὴτὴ
707 5811 801 5850 σου
825 5796 936 5860 ἤτω
961 5798 991 5863 ἡ
1021 5800 1293 5867 προσευχὴ
1328 5817 1447 5867 μου.
