3776 6280
343 241 484 309 1019
1126 245 1183 300 S.
1222 244 1595 302 ATHANAS’II
1633 244 1787 302 OPP.
1829 246 1834 301 Ξ

2168 244 2242 286 “-
2281 241 2694 301 ΕΧΕΟΕΤΙΟᾹ.
3476 235 3659 291 τωο

410 363 463 422 6.
495 363 668 420 Mater
695 364 850 428 Sion,
877 363 1020 420 dicet
1044 363 1212 418 homo
1246 383 1262 419 :

1938 366 1982 423 Α
2079 363 2133 416 6ο
2166 363 2364 433 Μήτηρ
2391 359 2550 423 Σιὼν,
2581 359 2695 430 ἐρεῖ
2717 356 3042 429 ἄνθρωπος’-

411 459 463 515 7.
493 457 561 514 Et
588 458 755 513 homo
782 467 946 513 natus
973 465 1059 513 est
1086 458 1142 512 in
1173 472 1238 513 ea

2103 455 2154 507 7.
2189 453 2293 508 Καὶ
2327 453 2612 525 ἄνθρωπος
2643 449 2878 521 ἐγενήθη
2905 449 2963 501 ἐν
2987 447 3155 518 αὐτῇ·

408 551 462 607 8.
496 549 566 605 Ει
597 532 714 621 ipse
739 547 992 604 fundavit
1011 564 1132 605 eam
1158 548 1498 607 Altissimus.

2099 545 2152 601 8.
2187 547 2299 599 Καὶ
2332 545 2495 608 αὐτὸς
2519 542 2883 613 ἐθεμελίωσεν
2918 539 3087 610 αὐτὴν
3120 540 3149 591 6
3175 536 3465 608 "YKIILCTOC.

408 644 464 700 9.
492 642 760 698 Dominus
789 641 1035 698 narrabit
1063 641 1118 696 in
1152 642 1441 712 scripturis
1472 642 1825 713 populorum,
1867 655 1896 696 c

2185 637 2388 710 Κύριος
2416 637 2737 708 διηγήσεται
2764 635 2822 688 ἐν
2847 637 3033 704 γραφῇ
3073 631 3239 697 λαῶν,
3279 631 3374 685 καὶ
3417 630 3649 701 ἀρχόν-

338 735 645 807 principum
673 734 891 800 horum,
922 734 1016 805 qui
1042 733 1263 790 fuerunt
1294 735 1349 789 in
1377 749 1462 789 ea.

2024 749 2134 785 των
2165 729 2392 795 τούτων,
2425 728 2534 782 τῶν
2561 727 2949 799 γεγενημένων
2981 727 3039 778 ὲν
3064 725 3223 796 αὐτῇ.

411 825 500 882 19.
533 824 690 884 Sicut
719 826 1021 882 laetantium
1054 827 1301 882 omnium
1341 826 1606 881 habitatio
1635 833 1720 880 est
1754 823 1808 879 in
1845 831 1902 880 te

2145 827 2191 883 [).
2236 828 2323 892 Ὦς
2355 826 2798 899 εὐφραινομένων
2831 823 3049 878 πάντων
3076 823 3109 893 ή
3138 820 3388 875 κατοικία
3417 821 3475 872 ἐν
3511 818 3636 875 σοί.

339 939 620 996 Canticum
658 939 851 1010 psalmi
877 940 1007 1009 ﬁliis
1045 940 1198 1006 Core,
1225 942 1282 995 in
1310 942 1467 1011 ﬁnem
1505 958 1600 1011 pro
1633 939 1830 993 Mahele

2149 941 2176 1009 ὴ
2199 939 2446 1010 ψαλμοῦ
2481 937 2606 1006 τοῖς
2639 936 2794 1004 υἱοῖς
2833 935 2986 1004 Κορὲ
3003 974 3018 1000 ,
3048 936 3136 1000 εὶς
3162 933 3228 986 τὸ
3256 932 3434 999 τέλος
3461 934 3640 1002 ὑπὲρ

407 1033 481 1112 ad
539 1033 961 1104 respondendum
1016 1051 1309 1089 sermonem
1348 1035 1648 1090 intellectus
1694 1032 1898 1088 zEthan

2150 1032 2332 1090 ἀελὲθ
2351 1073 2366 1098 ,
2432 1032 2540 1087 τοῦ
2603 1029 3004 1100 ἀποκριθῆναι
3053 1028 3239 1095 λόγον
3300 1027 3641 1092 συνέσεως

407 1123 698 1182 Israelitte.
732 1124 1002 1182 PSALM.
1033 1125 1239 1181 LXXX
1259 1125 1389 1182 VII.

2094 1128 2283 1195 Αίθὰμ
2317 1125 2398 1191 τῷ
2444 1124 2806 1194 Ἰσραηλίτῃ.
2842 1124 3018 1177 ΨΑΛ.
3050 1124 3194 1176 ΠΖν.

411 1218 465 1275 1.
494 1218 728 1276 Domine
759 1217 906 1276 Deus
929 1220 1124 1276 salutis
1156 1235 1314 1286 meae,

1951 1235 1954 1238 ’
2097 1219 2150 1276 1.
2178 1217 2351 1290 Κύριε
2379 1219 2408 1272 6
2437 1219 2569 1283 θεὸς
2600 1217 2702 1289 τῆς
2727 1215 3004 1288 σωτηρίας
3033 1232 3134 1284 μου
3155 1255 3171 1280 ,

407 1309 468 1366 9.
492 1309 592 1367 Die
621 1311 859 1367 clamavi
886 1319 942 1367 et
967 1320 1127 1369 nocte
1155 1327 1343 1369 coram
1375 1321 1450 1366 te.

2094 1309 2149 1365 2.
2198 1310 2440 1383 Ἡμέρας
2467 1309 2743 1382 ἐκέκραξα
2775 1309 2872 1363 καὶ
2900 1310 2957 1361 ἐν
2987 1306 3144 1362 νυκτὶ
3171 1307 3415 1361 ἐναντίον
3445 1322 3558 1358 σου.

409 1401 467 1458 3.
499 1401 671 1459 Intret
705 1401 763 1457 in
790 1412 1090 1473 conspectu
1117 1413 1214 1459 tuo
1240 1402 1418 1458 oratio
1447 1415 1566 1456 mea
1593 1419 1607 1455 :

2097 1402 2153 1458 3.
2182 1402 2487 1457 Είσελθέτω
2516 1401 2746 1456 ἐνώπιόν
2769 1418 2862 1454 σου
2889 1402 2924 1472 ἡ
2951 1398 3224 1471 προσευχή
3261 1415 3363 1468 μου
3383 1413 3398 1427 ⁶

408 1493 466 1550 4.
497 1491 706 1549 Inclina
739 1507 929 1548 aurem
963 1502 1110 1549 tuam
1144 1494 1210 1549 ad
1238 1508 1455 1564 precem
1487 1505 1688 1547 meam.

2093 1491 2148 1546 4.
2180 1493 2377 1547 Κλῖνον
2397 1492 2458 1546 τὸ
2480 1487 2574 1556 οὖς
2608 1508 2700 1544 σου
2737 1492 2817 1555 είς
2838 1491 2935 1562 τὴν
2959 1489 3141 1562 δέησίν
3175 1506 3296 1559 μου.

413 1585 467 1642 5.
492 1583 632 1651 Quia
656 1585 860 1656 repleta
884 1595 970 1640 est
996 1586 1158 1641 malis
1183 1587 1365 1640 anima
1395 1601 1514 1640 mea
1546 1603 1560 1639 :

1946 1655 1961 1656 γ
2095 1583 2148 1638 5.
2185 1585 2308 1638 Ὅτι
2334 1583 2580 1656 ἐπλήσθη
2603 1583 2790 1637 κακῶν
2823 1584 2856 1654 ἡ
2884 1582 3031 1653 ψυχή
3069 1596 3203 1653 μουο

414 1675 468 1734 6.
500 1675 568 1733 Et
597 1677 711 1734 vita
738 1692 861 1734 mea
890 1676 1107 1734 inferno
1137 1678 1616 1750 appropinquavit.

1600 1719 1616 1733 .
1941 1655 1992 1716 Β
2087 1674 2142 1730 6.
2165 1677 2330 1749 Καὶή
2357 1655 2469 1749 ζωή
2508 1655 2608 1748 μου
2641 1675 2719 1747 τῷ
2753 1675 2856 1750 ᾅδῃ
2898 1675 3091 1746 ἧγγισε

1483 1831 1854 1889 ATHANASII
1884 1830 2484 1892 INTERPRETATIO.

343 1973 600 2050 [populus
624 1973 969 2047 Ethiopum]
1003 1975 1226 2031 humilis
1257 1975 1574 2048 denigratus
1612 1991 1643 2031 a
1672 1990 1834 2047 pecca

2129 1996 2162 2047 ι,
2190 1976 2286 2032 καὶ
2319 1975 2447 2039 λαδς
2481 1973 2638 2048 [λαὸς
2669 1973 2777 2028 τῶν
2801 1971 3157 2043 Αἰθιόπων)μό
3188 1971 3443 2036 ταπεινὸς
3461 1974 3620 2043 ὀμε-

340 2065 398 2122 hi
425 2082 617 2124 omnes
648 2067 707 2122 in
733 2068 953 2124 lavacro
983 2069 1229 2124 renovati
1258 2078 1407 2124 sunt.

2125 2070 2409 2142 ,ανωμένος
2447 2068 2554 2122 ὑπὸ
2589 2070 2690 2139 τῆς
2724 2067 3018 2139 ἁμαρτίας,
3051 2061 3195 2142 οὗτοι
3217 2065 3423 2129 ’πάντες
3454 2068 3518 2119 ἐν-
3546 2069 3616 2136 τῇ

2026 2161 2154 2215 κολυ
2163 2161 2308 2233 μϐήο
2320 2178 2388 2232 ρᾳ
2409 2158 2809 2231 ἀνενεώθησαν.

379 2240 432 2295 6.
495 2243 718 2301 Matrem
761 2257 958 2303 vocant
985 2246 1307 2316 Ecclesiam,
1350 2248 1442 2304 ubi
1489 2247 1764 2305 confessio
1801 2248 1870 2305 εῑι

2124 2260 2147 2307 ι.
2177 2253 2410 2325 Μητέρα
2443 2251 2670 2306 καλοῦσι
2703 2250 2802 2323 τὴν
2837 2250 3193 2322 Ἐκκλησίαν,
3229 2251 3361 2304 ὅπου
3400 2249 3615 2320 ὴιόμο-

342 2335 592 2406 gulorum
613 2336 876 2395 fidelium.

2025 2345 2182 2415 λογία
2202 2347 2436 2399 ἑκάστου
2467 2344 2578 2398 τῶν
2604 2343 2850 2398 πιστῶν..

411 2428 465 2497 7,
495 2429 549 2485 8.
572 2429 640 2486 Et
662 2431 979 2489 Altissimus
1007 2433 1174 2489 homo
1207 2432 1426 2488 advenit
1457 2432 1509 2487 in
1541 2448 1687 2498 eam,
1722 2441 1775 2488 et
1802 2433 1902 2503 ipse

2137 2479 2152 2502 ,
2175 2437 2229 2491 8.
2267 2436 2344 2509 (1)
2375 2437 2486 2491 Καὶ
2523 2437 2551 2489 6
2602 2437 2865 2507 Ὗψιστος
2914 2434 3201 2507 ἄνθρωπος
3239 2433 3620 2505 παραγέγονεν

340 2519 588 2579 fundavit
614 2538 760 2580 eam.

2023 2531 2080 2583 ἐν
2113 2529 2276 2600 αὐτῇ,
2309 2527 2406 2582 καὶ
2436 2529 2599 2593 αὐτὸς
2623 2529 2986 2600 ἐθεμελίωσεν
3010 2529 3202 2597 αὑτήν.

411 2612 467 2670 9.
493 2613 761 2673 Dominus
787 2616 904 2674 haec
943 2617 1060 2689 ipsa
1108 2617 1353 2673 narrabit
1384 2619 1439 2673 in
1475 2617 1774 2687 Scripturis
1814 2615 1902 2671 Ju-

2132 2659 2145 2670 .
2188 2617 2248 2671 '0
2269 2617 2476 2690 Κύριος
2505 2619 2644 2673 αὐτὰ
2667 2618 2842 2672 ταῦτα
2873 2617 3193 2689 διηγήσεται
3222 2619 3278 2669 ἐν
3309 2619 3378 2686 τῇ
3405 2615 3618 2685 Γραφῇ

340 2704 606 2776 deorum,
645 2716 701 2764 et
747 2711 1140 2780 apostolorum,
1192 2719 1247 2766 et
1289 2711 1771 2780 evangelistarum,
1823 2729 1831 2763 ‹

2137 2709 2458 2773 ἶίουδαίων,
2490 2711 2584 2764 καῖ
2609 2709 2716 2763 τῶν
2745 2708 3077 2774 ἀποστόλων,
3101 2710 3196 2761 καὶ
3213 2707 3621 2777 εὐαγγελιστῶν

339 2807 472 2854 sunt
498 2800 554 2854 in
584 2799 831 2870 Ecclesia
870 2802 1133 2859 ﬁdelium.

2021 2800 2132 2855 τῶν
2168 2801 2338 2856 ὅντων
2363 2804 2422 2857 ἐν
2443 2807 2512 2875 τῇ
2560 2802 2858 2876 Ἐκκλησία
2888 2803 2997 2856 τῶν
3025 2801 3253 2856 πιστῶν.

412 2889 500 2946 10.
530 2891 690 2950 Sicut
713 2894 988 2952 exercitus
1018 2904 1335 2951 sanctorum
1365 2895 1682 2968 angelorum
1704 2910 1903 2952 semoci

2133 2894 2188 2950 0.
2235 2895 2325 2961 Ὠς
2363 2897 2421 2951 αἱ
2448 2896 2558 2951 τῶν
2599 2897 2773 2967 ἁγίων
2815 2898 3068 2967 ἀγγέλων
3113 2895 3361 2968 στρατιαὶ
3389 2894 3498 2947 τῶν
3529 2895 3623 2946 ἀεὶ

339 2980 662 3054 laetantium,
692 2987 766 3042 ita
791 2998 874 3044 est
908 2988 1176 3045 habitatio
1201 2991 1255 3045 in
1288 2999 1363 3046 te.

1950 2983 1995 3044 C
2027 2989 2352 3062 χαιρόντων,
2387 2988 2563 3054 οὕτως
2593 2991 2742 3044 ἐστὶν
2772 2993 2806 3062 ἡ
2838 2990 3086 3045 κατοικία
3120 2991 3177 3044 ἐν
3209 2990 3311 3044 σοί.

423 3075 489 3130 Ἡ
516 3079 854 3151 προκειμένη
882 3081 1163 3153 ἐπιγραφὴ
1195 3082 1443 3154 περιέχει
1475 3082 1551 3156 (2)
1573 3098 1587 3112 ’
1631 3081 1771 3152 ᾨδὴ
1801 3082 2046 3152 ψαλμοῦ
2073 3080 2198 3148 τοῖς
2226 3081 2380 3148 υἱοῖς
2413 3081 2587 3151 Κορὲ,
2613 3083 2702 3151 εὶς
2729 3083 2798 3138 τὸ
2843 3082 3022 3148 τέλος
3044 3081 3198 3150 ὑπὲρ
3222 3082 3479 3144 Μαελὲθ,
3507 3082 3622 3137 τοῦ

337 3167 732 3239 ἀποκριθῆναι
763 3173 950 3241 λόγον
975 3173 1286 3241 συνέσεως
1318 3175 1506 3245 Αιθὰμ
1532 3173 1613 3240 τῷ
1654 3175 2023 3244 Ἰσραηλιτῃ.
2059 3172 2208 3246 Αὕτη
2237 3167 2332 3228 οὖν
2368 3173 2637 3246 ἑρμηνεία
2669 3173 2765 3229 τοῦ
2793 3174 3236 3246 ἐπιγράμματος.
3269 3171 3421 3241 Κορὲ
3446 3173 3621 3227 ἀντι-

338 3263 590 3333 λοπκύς
621 3265 913 3337 γεγένηται
961 3269 1099 3340 πρὸς
1131 3269 1223 3322 τὸν
1271 3269 1427 3324 Θεόν.
1486 3269 1727 3325 Μαελὲθ
1773 3269 1833 3324 δὲ
1879 3269 2248 3342 ἑρμηνεύεται
2282 3270 2551 3339 ἀπαρχὴ.
2611 3271 2803 3341 Διθὰμ
2844 3270 2902 3324 δέ
2945 3268 3306 3342 ἑρμηνεύεται
3349 3271 3620 3338 ὑψηλός.

353 3353 738 3428 Ἰσραηλιτης
763 3357 1203 3433 δέἐρμηνεύεται
1255 3360 1413 3430 ἀνὴρ
1441 3361 1599 3430 ὀρῶν
1631 3360 1740 3415 τὸν
1774 3361 1943 3416 Geor.
1991 3362 2056 3415 Ἦ
2082 3361 2194 3433 ᾠδὴ
2217 3359 2312 3416 οὖν
2341 3361 2437 3416 τοῦ
2465 3360 2683 3434 ψαλμοῦ
2714 3365 2828 3428 τοῖς
2857 3363 3215 3432 ἁντιλογικοῖς
3236 3364 3338 3429 ἐτι,
3366 3361 3622 3418 τουτέστι

338 3443 420 3514 τῷ
452 3443 570 3517 λαῷ
596 3445 706 3500 τῶν
736 3447 1007 3502 Ἰουδαίων
1035 3449 1177 3522 ὑπὲρ
1204 3450 1304 3522 τῆς
1329 3450 1610 3521 ἀπαρχῆς.
1651 3450 1854 3504 ὡσανεὶ
1875 3449 1970 3504 τοῦ
1991 3450 2241 3523 Χριστοῦ
2269 3452 2663 3524 ἀποκρίνοντος
2691 3455 2774 3518 εἰς
2796 3453 3011 3508 σύνεσιν
3045 3454 3195 3526 αύτῷ
3216 3454 3294 3526 τῷ
3319 3455 3509 3527 ὑψηλῷ
3537 3455 3622 3527 τῷ

339 3531 459 3604 Υίῷ
482 3534 578 3590 τοῦ
599 3535 736 3591 Θεοῦ
764 3536 844 3610 τῷ
870 3539 1066 3611 δρῶντι
1092 3539 1187 3594 τὸν
1225 3540 1470 3612 Πατέρα.
1507 3539 1721 3607 οὐδεὶς
1750 3537 1973 3609 ἑώρακε
2000 3539 2111 3595 τὸν
2142 3541 2380 3611 Πατέρα
2403 3543 2457 3596 εὶ
2475 3541 2563 3612 μὴ
2596 3547 2631 3598 ὁ
2661 3543 2768 3598 τοῦ
2805 3544 3037 3613 Πατρὸς
3057 3545 3161 3610 ὢν,
3187 3545 3369 3610 καθὼς
3395 3547 3623 3618 εἴρηκεν

338 3629 400 3683 ἐν
427 3625 766 3701 Εὒαγγελίῳ.
794 3628 891 3684 Ἐκ
916 3630 1212 3704 προσώπου
1238 3627 1332 3686 οὖν
1360 3631 1469 3687 τῶν
1498 3632 1777 3688 Ἰουδαίων
1805 3633 1915 3687 τῶν
1944 3633 2387 3705 ἐπιστρεφόντων
2425 3637 2507 3698 είς
2531 3634 2624 3689 τὸν
2651 3635 2856 3708 Κύριόν
2895 3638 3042 3690 ἐστιν
3069 3639 3098 3691 ὁ
3130 3638 3346 3710 ψαλμός

409 3715 624 3778 Titulus
644 3725 970 3795 praepositus
1004 3727 1252 3784 continet
1275 3746 1290 3784 :
1313 3727 1597 3784 Canticum
1633 3729 1830 3799 psalmi
1853 3729 1985 3800 ﬁliis
2031 3730 2187 3790 Core.
2214 3731 2270 3784 in
2300 3732 2460 3801 ﬁnem
2495 3747 2591 3802 pro
2625 3731 2915 3800 Malieleth,
2955 3734 3025 3787 ad
3055 3736 3471 3804 respondendum
3499 3754 3616 3790 ser-

341 3827 546 3867 monem
577 3815 876 3874 intellectus
908 3821 1138 3877 .Etham
1163 3822 1450 3880 Israelita.
1483 3823 1610 3881 Han:
1635 3825 1803 3896 igitur
1830 3835 1912 3881 est
1938 3825 2324 3897 interpretatio
2352 3827 2747 3899 inscriptionis.
2774 3827 2908 3884 Core
2939 3831 3304 3886 contradictor
3330 3832 3506 3888 factus
3530 3846 3619 3887 est

341 3914 532 3960 contra
573 3905 770 3966 Deum.
803 3910 1070 3968 Maheleth
1099 3925 1284 3972 autem
1329 3919 1720 3989 interpretatur
1761 3919 2038 3987 primitiae.
2070 3919 2298 3977 Etham
2339 3929 2523 3976 autem
2557 3922 2955 3995 interpretatur
2999 3925 3318 3982 altissimus.
3359 3926 3619 3982 Israelita

342 4003 526 4094 autem
554 3999 951 4094 interpretatur
997 4006 1088 4062 Vir
1113 4011 1293 4066 uidens
1317 4011 1506 4066 Deum.
1540 4011 1827 4068 Canticum
1859 4014 2026 4085 igitur
2052 4015 2249 4085 psalmi
2276 4025 2361 4072 est
2387 4017 2690 4073 etiamnum
2715 4021 3241 4088 contradicentibus,
3279 4024 3382 4079 hoc
3412 4034 3496 4078 est
3517 4040 3617 4094 ρυ-

341 4085 471 4180 pulo
493 4086 807 4150 Judaeorum
842 4112 944 4167 pro
969 4100 1250 4169 primitiis,
1272 4119 1469 4173 nempe
1498 4103 1721 4160 Christo
1750 4106 2116 4176 respondente
2156 4106 2214 4161 in
2251 4105 2613 4175 intellectum,
2643 4110 2748 4180 ipsi
2779 4109 3065 4169 Altissimo
3104 4111 3200 4168 Dei
3229 4085 3370 4168 Filio
3407 4085 3614 4168 videnti

342 4179 583 4278 l_’atrem.
622 4183 795 4243 Nemo
825 4191 955 4244 vidit
989 4191 1228 4260 Patrem,
1254 4196 1361 4250 nisi
1385 4197 1474 4267 qui
1503 4196 1687 4252 Patris
1712 4208 1792 4252 est
1822 4212 1840 4252 :
1865 4198 2332 4270 quemadmodum
2361 4200 2503 4258 dixit
2549 4201 2606 4257 in
2654 4202 2953 4276 Evangelio
2980 4206 3024 4261 ⁸.
3060 4204 3138 4261 Ex
3174 4222 3409 4278 persona
3450 4207 3617 4278 igitur

341 4274 658 4335 Judzeorum
692 4285 1133 4342 convertentium
1160 4303 1221 4345 se
1253 4289 1323 4345 ad
1352 4289 1647 4347 Dominum
1681 4297 1769 4347 est
1802 4291 2072 4362 psalmus.

415 4375 467 4429 1.
503 4373 732 4434 Domine
764 4377 909 4437 Deus
929 4380 1057 4438 vita:
1091 4399 1250 4440 meae.

1951 4389 2002 4447 ι)
2099 4387 2155 4442 1.
2189 4387 2365 4462 Κύριε
2393 4389 2423 4443 6
2444 4389 2578 4456 Θεδς
2612 4391 2712 4462 τῆς
2749 4391 2895 4462 ζωῆς
2932 4411 3055 4464 μου.

414 4464 468 4518 2.
503 4465 862 4527 lncessanter.

2099 4481 2156 4535 2.
2185 4481 2529 4549 ’Δπαύστως.

413 4554 618 4652 5._Non
661 4563 1032 4632 prohibebunt
1079 4580 1299 4640 peccata
1343 4585 1462 4629 mea
1492 4586 1564 4629 nc
1593 4570 1663 4629 ad
1690 4578 1744 4629 te
1769 4587 1904 4630 accc

2121 4573 2152 4627 ἱ.
2183 4573 2276 4646 Μὴ
2295 4574 2631 4630 κωλύσουσιν
2652 4577 2709 4631 al
2729 4577 2996 4650 ἁμαρτίαι
3019 4598 3122 4652 μου
3141 4581 3234 4634 τοῦ
3257 4578 3612 4651 προσεγγίσαι

343 4645 437 4700 dat
463 4646 773 4719 deprecatio
809 4672 952 4713 mea.

1165 4751 1168 4752 ν
2029 4683 2116 4722 σοι
2145 4665 2246 4739 τὴν
2267 4645 2455 4739 δέησίν
2485 4685 2606 4740 μου.

497 4737 754 4835 Dibenter
783 4749 973 4818 excipe
996 4751 1451 4821 supplicationem
1485 4756 1711 4827 meam.)

2007 4816 2010 4819 ,
2099 4759 2155 4813 4.
2199 4737 2404 4824 Ἥδέως
2433 4737 2536 4831 μου
2559 4761 2708 4827 δέξαι
2737 4762 2836 4834 τὴν
2868 4762 3076 4818 ἱκεσίαν
3107 4763 3203 4835 (ὅ).

417 4830 472 4926 ξ».
505 4831 646 4926 Quia
675 4838 880 4908 repleta
905 4851 989 4897 est
1015 4845 1252 4912 peccatis
1276 4847 1458 4902 anima
1484 4864 1625 4904 mea.

2102 4848 2158 4903 5.
2194 4849 2318 4904 Ὅτι
2347 4830 2594 4923 ἐπλήσθη
2621 4830 2974 4926 ἁμαρτιῶνή
3002 4830 3303 4925 ψυχὴ-μου.

383 4923 471 5028 .6.
502 4923 569 4980 Et
589 4937 881 5028 propterea
918 4931 1028 4987 vita
1053 4949 1175 4990 mea
1201 4935 1459 5007 Christus
1483 4938 1700 4997 inferno
1728 4956 1874 5014 appr:

2120 4940 2159 4995 5.
2201 4940 2313 4994 Καὶ
2338 4940 2428 4994 διὰ
2457 4941 2616 4997 τοῦτο
2642 4946 2676 5015 ἡ
2705 4923 2816 5009 ζ’ωῆ
2846 4963 2946 5000 μου
2963 4923 2999 4999 ⁷ὁ
3020 4923 3256 5018 Χριστὸς
3279 4943 3357 5016 τῷ
3383 4944 3484 5016 ᾄδῃ
3512 4944 3611 5016 ἦγ-

345 5020 648 5088 pinquavit,
679 5029 740 5077 ut
771 5021 1030 5080 liberaret
1056 5041 1166 5082 me.

2030 5049 2205 5101 γισεν,
2231 5033 2321 5088 ἴνα
2346 5031 2578 5106 ρύσηταί
2607 5053 2697 5106 με.
2732 5060 2735 5065 ·

457 5177 482 5211 ⁸
519 5177 649 5212 lnan
685 5193 702 5212 I
761 5178 861 5212 ΑΩ.

511 5175 650 5235 Joan
685 5193 726 5247 ι,
761 5178 863 5251 18;
896 5197 972 5252 νι,
1009 5181 1098 5240 46.

570 5329 574 5334 _
1295 5257 1607 5323 Addenda
1637 5268 1700 5324 et
1744 5266 2122 5345 corrigenda
2155 5285 2234 5331 ex
2263 5270 2406 5333 cod.
2447 5266 2651 5331 Vatic.

381 5413 554 5506 ιυὲς
585 5416 896 5506 5-1916;
920 5420 1140 5506 αξιοιΝο.
1170 5423 1223 5479 8-
1261 5423 1340 5506 ἐξ.
1373 5425 1779 5506 “monete-2
1810 5430 1872 5506 τῇ

2122 5431 2288 5506 βῆναι
2311 5434 2599 5506 συνέσεως,
2631 5442 2759 5498 etc.,
2782 5437 2896 5500 τοῖς
2913 5433 3270 5505 ἀντιλογικοῇς
3289 5435 3457 5506 ἐστιν,
3481 5445 3613 5502 etc.,

359 5484 1092 5582 Ioﬁalwxi._lj.‘£l_.sl(gttqtv
1117 5484 1680 5582 amced}tov,'etc.'N.
1717 5484 1798 5553 10.
1836 5501 1925 5564 Ὠς
2032 5484 2124 5582 τοῦ

347 5557 668 5650 αιδξξεκρχ
685 5560 1003 5650 {Sasiam
1018 5557 1448 5650 λζερουσαλήμε’
1746 5640 1814 5650 η,
1906 5557 1923 5564 ⁷
2032 5557 2287 5650 ῶνμςείρν..
2317 5557 3394 5650 ut...saepesaemétéig‘atam...

426 5628 503 5700 (ᾖ)
533 5629 594 5685 Ἡ
623 5630 710 5686 διὰ
733 5628 1234 5716 τῆξ’κινναϐάρεως⁴
1256 5628 1522 5715 περιέχει,
1539 5640 1772 5711 οιο.,τοῦ
1792 5643 1925 5698 ἁπο-
2105 5628 2204 5712 (ὃ)
2223 5628 2437 5718 Δέησιν.
