3728 6382
151 310 276 369 me],
995 302 1087 359 DE
1121 302 1398 361 TlTHLlS
1431 303 1884 363 PSALMORUM.
1925 336 1997 349 —
2028 307 2225 375 PSAL.
2266 310 2575 372 LXXXVI].
3263 323 3405 382 1022

207 431 262 484 ἳ.
279 423 738 501 Προσεὶογὲσθην
752 420 892 495 μετά
913 419 1021 476 τῶν
1045 418 1480 475 καταϐαινόντων
1503 419 1584 484 είς
1603 418 1679 474 λάτ

1933 422 1957 476 ‘.
1984 419 2312 506 Estimatus
2359 440 2483 482 sum
2529 443 2655 485 cum
2709 430 3172 493 descendentibus.
3212 437 3267 492 in
3319 439 3405 496 la-

144 539 238 580 κον
250 538 267 555 ⁹
1826 527 1951 568 cum
1973 531 1991 569 ε

211 614 260 669 8.
288 609 598 682 Ἐγενήθην
619 603 756 661 ὡσεὶ
772 602 1057 675 ἄνθρωπος
1074 599 1396 673 ἀϐοήθητος,
1426 599 1487 656 ὲν
1513 603 1683 673 νεκροῑ

1933 645 1947 660 .
1977 604 2179 664 Factus
2221 623 2346 664 sum
2395 611 2540 668 sicut
2571 613 2738 670 homo
2772 616 2890 674 sine
2930 619 3226 692 adiutorio,
3260 621 3402 678 inter

149 708 454 780 ἐλεύθερος.

1822 704 2073 754 mortuos
2096 697 2253 755 liber.

209 805 260 858 9.
304 799 451 852 Ὧσεὶ
476 792 814 870 τραυματίαι
847 789 1202 854 καθεύδοντες
1241 789 1300 844 ὲν
1331 787 1487 860 τάφῳ
1517 788 1617 860 (α),
1643 784 1681 848 ὧ

1928 801 1951 844 ι.
1989 789 2145 848 Sicut
2191 793 2466 849 vulnerati
2512 795 2844 856 dormientes
2877 800 2933 856 in
2962 804 3234 875 sepulcro,
3263 822 3400 878 quo-

145 897 236 950 οὗκ
265 890 548 966 ἐμνήσθης
577 889 660 944 ἐτι
677 904 696 919 ο

1821 895 1944 936 rum
1969 897 2078 938 non
2102 897 2162 939 es
2184 899 2397 941 memor
2419 888 2653 958 amplius
2679 908 2693 946 :

212 985 294 1039 10.
325 983 436 1037 Καὶ
468 981 626 1036 αὐτοὶ
660 980 726 1033 ἐκ
753 978 852 1050 τῆς
878 976 1060 1050 χειρός
1090 992 1188 1030 σου.
1213 973 1568 1047 ἀπώσθησαν.

1898 973 1990 1029 10.
2022 973 2088 1030 Et
2112 977 2215 1047 ipsi
2246 977 2314 1033 de
2339 994 2506 1036 manu
2540 989 2631 1038 tua
2658 985 2861 1054 repulsi
2893 979 3052 1044 sunt:

207 1071 292 1126 11.
329 1068 559 1123 Ἔθεντό
595 1085 662 1140 με
693 1069 752 1121 ὲν
783 1066 973 1138 λάκκῳ
1005 1066 1333 1137 κατωτάτω,

1891 1064 1980 1120 11.
2011 1065 2322 1127 Posuerunt
2356 1087 2446 1126 me
2473 1073 2527 1128 in
2565 1075 2686 1131 lacu
2713 1077 2982 1145 inferiori,

209 1161 288 1216 12.
317 1160 410 1213 Ἐν
441 1158 741 1220 σκοτεινοῖς
774 1155 870 1210 καὶ⁸
892 1156 955 1209 ἐν
976 1157 1104 1228 σκιᾷ
1131 1157 1385 1213 θανάτου.

1889 1156 1980 1211 12.
2019 1155 2078 1211 ln
2110 1160 2416 1220 tenebrosis
2449 1172 2503 1219 et
2533 1164 2590 1219 in
2623 1169 2814 1224 umbra
2845 1173 3055 1228 mortis.

122 1303 126 1311 .
207 1255 291 1309 15.
326 1253 446 1306 Ἐπ’
479 1250 585 1322 ἐμὲ
611 1248 977 1321 ὲπεστηρίχθη
1011 1251 1040 1303 ὁ
1069 1247 1240 1320 θυμός
1266 1265 1392 1304 σουα

1892 1247 1983 1305 15.
2022 1247 2200 1322 Super
2232 1267 2323 1308 me
2353 1255 2711 1314 conﬁrmatus
2743 1269 2827 1315 est
2859 1259 3014 1317 furor
3036 1272 3164 1320 tuus
3191 1281 3206 1319 :

120 1357 124 1361 ’
205 1345 292 1398 14.
320 1341 436 1396 Καὶ
462 1340 673 1405 πάντας
699 1337 828 1404 τοὺς
865 1337 1279 1412 μετεωρισμούς
1313 1355 1408 1392 σου
1439 1337 1592 1411 ἐπήγι

141 1437 222 1490 ἐπ’
251 1431 375 1506 ἐμέ.

1925 1339 1980 1396 4.
2011 1341 2080 1398 Et
2096 1357 2289 1401 omnes
2305 1345 2638 1406 elevationes
2659 1359 2786 1406 tuas
2809 1351 3073 1411 induxi‘sti
3100 1369 3264 1427 super
3285 1370 3392 1412 me.

170 1448 222 1490 π’
251 1448 375 1490 ειιε.
3231 1448 3235 1451 ,

204 1528 288 1583 15.
322 1525 674 1598 Ἐμάκρυνας
696 1540 824 1588 τους
855 1520 1130 1593 γνωστοΰς
1161 1538 1262 1593 μου
1298 1520 1394 1576 ἀπ’
1427 1520 1565 1593 ἐμοῦ
1585 1541 1600 1554 ·

1522 1520 1565 1576 ,ὖ
1585 1541 1600 1554 -
1889 1518 1977 1575 15.
2015 1518 2206 1594 Longe
2238 1521 2417 1580 fecisti
2439 1535 2601 1584 notos
2627 1544 2780 1586 meos
2806 1545 2839 1586 a
2869 1547 2958 1588 me
2976 1553 2994 1588 :

202 1620 287 1675 16.
321 1617 550 1673 Ἐθεντό
579 1633 648 1688 με
675 1615 953 1686 βδέλυγμα
980 1614 1215 1676 ἑαυτοῖς.

1883 1609 1977 1666 16.
2004 1611 2315 1670 Posuerunt
2335 1631 2422 1673 me
2452 1618 2918 1679 abominationem
2947 1624 3074 1682 sibi.

203 1711 289 1767 17.
315 1708 655 1782 Παρεδόθην,
681 1707 779 1761 καὶ
809 1707 911 1760 οὐκ
933 1705 1336 1778 ἐξεπορευόμην
1355 1721 1370 1735 ο

1879 1703 1969 1759 1Ἱ.
2001 1703 2260 1764 Traditus
2293 1723 2416 1764 sum
2448 1720 2503 1766 et
2531 1726 2644 1767 non
2670 1714 3028 1784 egrediebar:
3077 1697 3088 1719 ’

204 1803 284 1860 18.
310 1804 374 1858 οι
394 1801 670 1872 ὀφθαλμοί
700 1817 804 1872 μου
836 1799 1143 1871 ἡσθένησαν
1165 1799 1274 1852 ἀπὺ
1306 1799 1596 1870 πτωχείας.

1551 1817 1596 1862 ς.
1737 1791 1788 1847 Β
1879 1795 1970 1851 18.
1994 1794 2152 1853 Oculi
2174 1801 2283 1856 mei
2312 1801 2642 1874 languerunt
2666 1819 2779 1874 pra
2812 1805 3019 1877 inopia.

202 1899 286 1956 19.
312 1894 624 1968 Ἐκέκραξα
657 1893 794 1968 πρὸς
827 1892 918 1962 σὲ,
946 1890 1118 1966 Κύριε
1135 1931 1155 1959 ,
1179 1891 1305 1963 ὃλην
1341 1891 1414 1963 (b)
1435 1892 1536 1962 τὴν
1565 1890 1674 1963 ήμέ

1573 1890 1705 1963 mu:-
1885 1885 1979 1945 19.
2009 1888 2252 1948 Clamavi
2278 1892 2348 1949 ad
2380 1902 2454 1962 te,
2489 1894 2744 1963 Domine,
2766 1904 2883 1953 tota
2914 1897 3002 1954 die
3023 1914 3045 1956 :

137 2009 259 2066 ραν.
1126 2019 1134 2028 .

193 2083 280 2140 20.
315 2081 627 2138 Διεπὲτασα
659 2077 798 2151 πρὸς
825 2075 886 2131 σὲ
914 2075 1014 2141 τὰς
1042 2074 1229 2148 χεῖράς
1263 2091 1384 2146 μου.

1881 2065 1974 2123 20.
2004 2065 2250 2139 Expandi
2276 2070 2350 2127 ad
2377 2080 2429 2127 te
2459 2089 2658 2131 manus
2684 2091 2858 2133 meas.
2915 2133 2922 2141 ,

195 2177 282 2233 21.
314 2176 410 2248 Μὴ
437 2178 553 2239 τοῖς
574 2176 790 2247 νεκροῖς
820 2172 1066 2244 ποιήσεις
1092 2167 1402 2239 θαυμάσιας

1881 2156 1972 2212 21.
2006 2156 2266 2231 Nunquid
2299 2162 2534 2218 mortuis
2561 2163 2734 2221 facies
2770 2166 3042 2222 mirabilia
3061 2168 3097 2242 Ἰ,

738 2265 1078 2334 Διάψαλμαη.
1627 2275 1633 2280 ’

1378 2353 1395 2361 _‘
1573 2350 1588 2361 .
1627 2275 1633 2280 ’
1893 2359 1907 2361 _
1933 2360 1938 2361 γ
2419 2275 2759 2347 Diapsalma.

195 2361 282 2416 22.
305 2362 378 2415 Ἦ
403 2363 489 2415 ῐατ
498 2361 581 2432 pol.
591 2360 978 2430 ἀναστήσουσι,
993 2356 1087 2410 καὶ
1103 2353 1397 2425 ἐξομολογή
1406 2350 1588 2405 σονταί
1601 2368 1667 2404 σοι

1922 2360 1974 2414 2.
2000 2361 2108 2418 Aut
2132 2365 2330 2421 medici
2361 2369 2708 2425 suscitabunt
2738 2377 2793 2425 et
2825 2371 3229 2427 conﬁtebuntur
3262 2373 3394 2428 tibi?

193 2455 285 2514 23.
318 2455 411 2527 Μὴ
442 2453 767 2525 διηγήσεταί
801 2469 886 2516 τις
917 2453 974 2504 ὲν
1007 2449 1085 2521 τῷ
1115 2448 1296 2502 σκότει
1330 2445 1399 2500 τὰ
1429 2445 1665 2499 θαυιιάσι

1918 2452 1972 2507 5.
2007 2452 2261 2528 Nunquid
2295 2460 2543 2516 narrabit
2569 2462 2774 2534 aliquis
2795 2461 2850 2516 in
2900 2463 3142 2520 tenebris
3166 2464 3390 2520 mirabi-

133 2551 278 2616 cou;‘

1809 2541 1881 2599 lia
1905 2548 2033 2602 tua?

179 2662 272 2733 .(a)
305 2662 396 2716 ’Ev
422 2657 747 2733 τάφοιςᾌῘῐι
783 2672 957 2729 marg.
1006 2657 1077 2733 év_
1099 2655 1275 2733 ταφῳ.
1358 2670 1360 2673 ·

199 2678 272 2733 (a)
310 2678 396 2716 Ἐν
422 2678 638 2787 sagax.
689 2678 747 2712 In
783 2678 957 2729 marg.
1006 2678 1063 2709 εν
1099 2678 1275 2726 ταφῳ.

197 2733 272 2806 (b)
304 2733 464 2789 Vers.
572 2773 586 2786 .
612 2730 809 2800 Ὅλην,
835 2739 967 2794 ctc.,
991 2727 1180 2798 χεῖράς
1211 2742 1332 2797 μου.

1251 2861 1629 2918 ATHANASll
1666 2863 2256 2924 INTERPRETATIO.

188 3015 239 3069 7.
267 3014 377 3068 Καὶ
413 3007 816 3086 προσελογίσθη
840 3009 868 3062 δ
895 3006 1099 3080 Κύριος
1133 3006 1390 3079 μετὰτῶν
1412 3004 1660 3060 ἀσθενούπ

1921 3045 1933 3059 .
1966 3005 2031 3060 Et
2063 3016 2344 3077 reputatus
2367 3016 2451 3065 est
2472 3008 2738 3065 Dominus
2766 2989 2896 3065 cum.
2929 3008 3163 3065 inﬁris
3195 3018 3252 3066 et
3275 3025 3393 3067 mo-

130 3126 228 3162 των
255 3109 347 3162 καὶ
376 3108 454 3179 (1)
485 3103 964 3175 ἀποθνησκόντων.

625 3103 964 3175 ίνησκόντων.
1804 3096 2097 3153 ﬂentibus.

192 3200 242 3254 8.
276 3199 387 3254 Καὶ
416 3198 636 3267 ἐγένετο
662 3196 691 3248 ὁ
716 3193 922 3265 Κύριος
948 3192 1023 3255 ὡς
1047 3191 1336 3264 ἄνθρωπος
1358 3190 1436 3263 (2)
1470 3189 1664 3260 ἀὸοήθτ

1921 3186 2026 3242 .Et
2075 3187 2254 3244 factus
2299 3198 2382 3245 est
2433 3189 2700 3245 Dominus
2746 3197 3011 3261 tanquam
3063 3192 3228 3246 homo
3273 3194 3393 3247 sine

130 3309 212 3356 τος
244 3292 303 3344 ἐν
333 3289 550 3360 νεκροῖς
577 3283 884 3355 ἐλεύθερος,
912 3281 1161 3336 τουτέστι
1193 3280 1269 3353 μὴ
1301 3279 1592 3352 χρεωστῶν

1921 3279 2078 3334 Itorio
2125 3281 2268 3334 inter
2313 3290 2564 3336 mortuos
2607 3280 2766 3346 liber,
2794 3281 2899 3337 hoc
2937 3289 3023 3337 est
3046 3297 3154 3337 non
3189 3281 3393 3339 debens

131 3403 220 3441 νατ
223 3402 298 3440 ον.

1279 3461 1308 3466 Α
1735 3403 1783 3466 c
1813 3379 2067 3466 mortem.

195 3479 244 3533 9.
262 3479 350 3542 Ὠς
368 3478 421 3532 οἱ
443 3473 760 3549 ἁμαρτωλοὶ
787 3473 837 3525 οἱ
863 3469 1243 3536 ἀποθανόντες,
1271 3461 1346 3524 ὧν
1365 3469 1466 3522 οὐκ
1490 3467 1606 3522 ἔστι
1627 3468 1667 3539 (Ξ

1924 3506 1932 3518 .
1969 3464 2122 3519 Sicut
2153 3474 2470 3536 peccatores
2502 3467 2824 3536 morientes,
2856 3483 3096 3538 quorum
3129 3468 3283 3524 nulla
3310 3477 3396 3524 est

131 3588 230 3644 μνη
239 3574 512 3644 μόνευσις.

1810 3556 2099 3610 memoria.

314 3664 682 3735 Ἀπὼσθησαν
707 3662 815 3735 γὰρ
841 3660 1041 3727 ζῶντες
1070 3661 1135 3713 ὲκ
1175 3660 1275 3730 τῆς
1311 3655 1561 3730 βοηθείας
1590 3672 1666 3708 σοι

1883 3646 1970 3702 10.
2008 3644 2262 3700 Viventes
2294 3644 2439 3698 enim
2462 3643 2675 3714 depulsi
2705 3655 2834 3702 sunt
2864 3648 2932 3706 de
2962 3650 3169 3706 auxilio
3202 3659 3321 3706 tuo.

195 3759 279 3815 11.
311 3759 377 3814 Οἱ
407 3758 670 3829 δαίμονες
698 3756 757 3809 ὲν
783 3757 850 3826 τῇ
885 3752 1150 3824 ἁμαρτία.

1879 3737 1966 3791 11.
1993 3735 2276 3791 Daemones
2305 3735 2358 3789 in
2385 3742 2633 3805 peccato.

196 3852 281 3907 12.
303 3853 394 3907 Ἐν
410 3825 532 3914 ταῖς
553 3825 874 3919 ἐπιθυμίαις
890 3846 984 3900 τοῦ
1002 3845 1206 3916 κόσμου
1229 3843 1321 3898 καὶ
1343 3841 1436 3895 τοῦ
1456 3840 1668 3895 θανάτοι

1624 3856 1703 3892 ου,
1883 3829 1971 3883 12.
1999 3827 2057 3882 ln
2087 3827 2542 3897 concupiscentiis
2573 3825 2764 3882 mundi
2793 3834 2849 3883 et
2877 3825 3093 3885 mortis.

199 3941 284 3997 15.
310 3939 609 4013 Ὠργίσθης
646 3955 758 4010 μοι.

1881 3921 1968 3975 15.
2002 3919 2176 3974 lratus
2201 3935 2261 3975 es
2288 3919 2444 3976 mihi.

196 4035 282 4090 14.
309 4034 423 4099 Τάς
447 4030 680 4095 ἀπειλάς
710 4049 829 4088 σου.

1884 4014 1973 4068 11.
2007 4014 2186 4068 Minas
2212 4023 2353 4068 tuas.

193 4127 281 4181 15.
307 4126 449 4191 Τοὺς
473 4125 783 4199 προφήτας.

1883 4106 1975 4162 15.
2005 4104 2325 4174 Prophetas.

194 4220 280 4275 16.
310 4197 728 4292 Μεμισημένον.

1886 4198 1974 4252 16.
2001 4197 2289 4253 Odiosum.

196 4311 282 4367 1³7.
308 4291 697 4385 Ἐκρατούμην
726 4308 834 4364 ἀπὸ
857 4305 960 4377 τῆς
989 4301 1262 4377 ἁμαρτίας
1283 4340 1299 4367 ,
1326 4303 1422 4356 καὶ
1448 4300 1550 4354 οὐκ
1582 4301 1668 4370 ἡδυ

1921 4293 1971 4347 7.
2000 4292 2260 4347 Detcntus
2307 4307 2428 4347 sum
2471 4308 2500 4346 a
2545 4301 2790 4363 peccato,
2828 4299 2886 4348 et
2925 4308 3033 4347 non
3061 4291 3212 4364 potui
3244 4291 3390 4347 absi—

129 4407 302 4480 νάμην
327 4405 652 4476 ἀποστῆναι.

507 4405 652 4476 ῆναι.
1817 4393 1979 4443 stere.

332 4500 396 4554 Οἱ
430 4472 702 4568 ὀφθαλμοὶ
736 4494 836 4564 τῆς
868 4491 1104 4554 διανοίας
1145 4506 1246 4561 μου
1288 4487 1596 4559 ἡσθένησαν
1633 4485 1671 4556 (-1

1919 4477 1972 4533 8.
2009 4475 2164 4531 Oculi
2201 4477 2402 4532 mentis
2446 4491 2579 4531 mea:
2625 4475 2887 4531 inﬁrmati
2921 4481 3071 4542 sunt,
3098 4473 3245 4545 quod
3276 4472 3391 4529 sine

129 4593 236 4649 ἀπὸ
263 4593 358 4649 τοῦ
382 4589 688 4663 ἀϐοήθητόν
723 4605 790 4660 με
821 4581 983 4640 εἶναι.

843 4581 983 4640 μῐναι.
1815 4573 2090 4644 adjutorio
2117 4587 2315 4627 essem.

198 4684 282 4740 19.
314 4681 517 4756 Δέομαί
550 4698 668 4746 σου,

1887 4667 1976 4723 19.
2014 4665 2287 4737 Deprecor
2317 4673 2390 4731 te,

194 4776 283 4831 20.
313 4755 430 4849 Τὴν
458 4773 690 4847 καρδίαν
727 4789 829 4843 μου
857 4771 1106 4826 ἀνέτεινα
1138 4767 1276 4839 πρὸς
1312 4764 1391 4818 σέ.
1662 4853 1665 4854 ν

1312 4764 1391 4818 σέ.
1662 4853 1665 4854 ν
1694 4852 1700 4854 λ
1737 4794 1791 4854 D
1885 4761 1977 4854 20.
2007 4757 2114 4854 (lor
2148 4773 2330 4854 meum
2355 4756 2420 4810 ad
2447 4764 2499 4810 te
2538 4755 2764 4809 intendi.

193 4867 280 4922 21.
305 4843 398 4940 Μή
434 4843 575 4940 μετά
603 4865 663 4918 τὸ
699 4863 990 4920 ἀποθανεῖν
1019 4878 1088 4934 με
1119 4860 1368 4930 ποιήσεις
1398 4856 1489 4908 ἐπ’
1508 4854 1608 4926 ἐμὲ
1633 4853 1665 4925 (Ξ

1917 4854 1976 4907 :l.
2015 4849 2271 4920 Nunquid
2306 4859 2597 4919 postquam
2627 4855 2879 4902 mortuus
2909 4843 3066 4901 fuero
3089 4843 3274 4916 ~facies
3296 4858 3389 4898 su-

125 4958 196 5014 τά
221 4960 516 5034 ’θαυμάσιά
559 4977 653 5013 σου
676 4976 692 5025 ;

1817 4961 1914 5018 per
1951 4960 2038 5000 me
2067 4943 2338 4998 mirabilia
2368 4949 2459 4996 tua
2484 4943 2507 4994 ?

196 5051 283 5106 22.
408 5053 587 5125 ἰατροὶ
612 5024 866 5106 δύνανται
893 5046 1196 5119 ἀναστῆσαί
1238 5062 1325 5118 με,
1352 5044 1438 5098 ἵνα
1463 5039 1668 5112 ὲξομολι

1925 5037 1980 5090 2.
2007 5035 2117 5091 Aut
2141 5033 2338 5090 medici
2362 5039 2594 5104 possunt
2619 5046 2706 5087 me
2729 5029 2999 5088 suscitare
3043 5034 3101 5081 ut
3132 5024 3394 5080 conﬁtear

129 5146 382 5218 γήσωμαί
417 5161 544 5212 σοι;

486 5164 504 5200 ι
525 5161 544 5212 ;
1818 5129 1914 5184 tibi
1935 5129 1958 5183 ‘l

197 5207 407 5312 Μὴ
435 5241 498 5293 ὲν
519 5207 602 5310 τῷ
639 5237 798 5308 τάφῳ
827 5235 1063 5309 δωρήσει
1094 5250 1186 5306 μοι
1221 5227 1570 5301 συγχώρησιν
1604 5224 1669 5278 τᾶ

1923 5223 1983 5278 5.
2010 5219 2268 5292 Nunquid
2301 5219 2358 5276 in
2393 5217 2647 5290 sepulcro
2677 5214 2830 5272 dabit
2861 5211 2996 5269 mihi
3031 5207 3243 5266 veniam
3272 5220 3395 5278 pec-

129 5310 544 5404 ἁμαρτημάτων
575 5347 680 5401 μου
705 5328 782 5401 (6)
803 5348 820 5397 ;

1820 5321 2069 5370 catorum
2097 5310 2391 5368 meorum?

1084 5415 1392 5530 Addenda
1427 5467 1488 5525 et
1521 5455 1900 5537 corrigenda
1955 5472 2037 5518 ex
2069 5459 2210 5518 cod.
2244 5453 2448 5517 Vatic.

200 5617 246 5683 (1
299 5617 424 5671 Τῶν
457 5614 852 5680 ἀσθενούντων,
883 5615 976 5668 καὶ
999 5614 1213 5672 desunt.

201 5618 274 5754 (21
311 5688 369 5742 'O
391 5689 603 5754 κόσμος
632 5684 935 5754 ἄνθρωπος.

1919 5599 1972 5742 η
2005 5601 2070 5652 0i
2103 5597 2372 5669 ὀφθαλμοί
2408 5615 2508 5668 μου
2544 5596 2642 5668 τῆς
2667 5594 2901 5662 διανοίας
2929 5593 3254 5668 ἠσθένησαν,
3287 5600 3391 5650 etc.

1919 5671 1966 5754 ξ
2122 5669 2245 5739 ἐμὲ,
2273 5668 2431 5754 deest
2453 5669 2542 5754 τά.
2585 5737 2611 5749 η

632 5668 935 5757 hormie”.

202 5757 273 5811 15)
304 5759 449 5811 Ἔτι.

1143 5668 1166 5670 θ’
1907 5668 1971 5742 5)
1999 5671 2094 5732 Ei;
2122 5668 2245 5739 ἐμὲ,
2273 5668 2426 5724 deest
2453 5669 2542 5722 τὰ.

1893 5674 1970 5811 16)
1993 5740 2103 5809 Τὴν
2135 5755 2288 5808 συγχ.
2319 5755 2367 5794 τ.
2409 5739 2460 5793 ἁ.
2497 5737 2610 5801 ἣν.ιῖ

67 5791 98 5814 .-
304 5739 600 5815 ea?“
639 5739 647 5740 ί
737 5739 748 5757 ’
781 5739 784 5740 7
825 5739 850 5740 ﬂ
897 5739 913 5748 ⁷
1893 5739 1970 5811 (6)
1993 5740 2103 5809 Τὴν
2135 5755 2288 5808 συγχ.
2319 5755 2367 5794 τ.
2409 5739 2460 5793 ἁ.
2497 5739 2689 5801 ἡμῶνς
