3776 6280
140 291 296 347 I025
969 292 1057 346 DE
1095 291 1369 349 TITULIS
1405 291 1854 350 PSALMORUM.
1887 325 1960 336 ——
1986 293 2184 351 PSAL.
2227 291 2557 348 LXXXVIII.
3266 293 3402 348 I026

215 409 278 462 2.
320 407 414 472 Είς
435 406 628 476 γενεάν
669 408 760 460 καὶ
798 409 988 476 γενεὰν
1019 411 1312 481 ἀπαγγελῶ
1341 413 1437 484 τὴν
1469 413 1706 486 ἀλήθειά

1912 415 1956 470 2.
1999 415 2056 469 In
2085 414 2489 487 generationem
2540 420 2588 466 et
2626 408 3026 482 generationem
3067 410 3403 465 annuntiabo

143 517 248 552 σου
282 501 346 552 ἐν
367 500 445 570 τῷ
475 499 704 571 στόματί
736 518 856 570 μου.

1833 507 2112 560 veritatem
2136 515 2282 562 tuam
2312 505 2364 559 in
2391 519 2486 558 ore
2511 518 2650 557 meo.

221 593 274 645 5.
295 592 418 644 ’Ὁτι
454 588 613 658 εἶπας
632 610 646 624 ·
694 595 788 658 Εἰς
817 595 907 648 τὸν
939 595 1109 650 αἰῶνα
1134 595 1277 662 ἔλεος
1313 599 1712 670 οἰκοδομηθήσε-

1932 602 1961 651 ἱ.
1984 598 2253 664 Quoniam
2275 598 2462 653 dixisti
2483 617 2494 652 ς
2518 595 2574 651 In
2592 595 3254 667 aeternummisericordia
3277 589 3423 652 καῖέ

140 702 241 736 ται
261 701 275 713 ⁵

1836 691 2090 746 Iicabitu-r
2115 707 2128 744 :

219 776 276 830 4.
309 777 396 830 Ἐν
423 778 538 842 τοῖς
557 778 805 849 οὐρανοῖς
831 778 1281 852 ἑτοιμασθήσεται
1314 781 1346 852 ἡ
1369 780 1594 852 ἀλήθειά
1618 797 1709 833 σου

1542 781 1594 834 ιά
1618 797 1732 834 σου.
1904 785 1958 838 4.
1989 782 2048 836 1η
2074 783 2230 838 caelis
2262 781 2658 853 praeparabitur
2689 788 2892 835 veritas
2917 789 3031 838 tua.

221 873 276 924 5.
320 870 586 942 Διεθέμην
623 871 887 944 διαθήκην
921 876 1031 939 τοῖς
1062 874 1334 938 ἐκλεκτοῖς
1367 891 1469 946 μου
1490 889 1504 904 ο

1906 875 1960 930 5.
1992 874 2248 945 Disposui
2277 882 2666 929 testamentum
2701 871 2888 926 electis
2913 871 3051 927 meis
3077 890 3090 926 :

221 962 280 1018 6.
301 963 514 1032 Ὠμοσα
537 964 702 1018 Δαὸὶδ
727 964 807 1037 τῷ
834 965 1005 1038 δούλῳ
1034 985 1157 1038 μου.

1905 965 1958 1021 6.
1985 965 2171 1021 Juravi
2205 965 2371 1020 David
2405 981 2564 1021 servo
2597 979 2741 1017 meo.

224 1052 441 1115 7.Ἕω;
472 1053 565 1106 τοῦ
591 1053 784 1119 αίῶνος
813 1055 1088 1126 ἑτοιμάσω
1108 1056 1170 1110 τὸ
1204 1057 1421 1128 σπέρμα
1463 1073 1554 1108 σου
1579 1073 1592 1088 ο

1911 1060 1960 1114 7.
1993 1058 2176 1128 Usque
2222 1059 2276 1112 in
2317 1068 2580 1113 aeternum
2627 1059 2946 1128 przeparabo
2980 1071 3166 1112 semen
3201 1062 3358 1111 tuum
3393 1077 3402 1110 :

219 1143 277 1197 8.
320 1144 428 1196 Καὶ
453 1144 792 1217 οἰκοδομήσω
829 1147 908 1211 εἰς
936 1147 1129 1216 γενεὰν
1163 1150 1253 1201 καὶ
1279 1147 1470 1216 γενεάν
1499 1147 1586 1202 τὸν
1614 1147 1710 1220 θρὸ

1908 1151 1959 1206 8.
1989 1149 2055 1204 Ει
2082 1150 2359 1205 aediﬁcabo
2384 1149 2436 1204 in
2479 1151 2880 1218 generationem
2911 1159 2965 1204 et
2996 1149 3399 1221 generationem

146 1256 242 1291 νον
269 1255 360 1290 σου
370 1279 385 1294 ο

1839 1242 2022 1297 sedem
2053 1251 2224 1298 tuam.

763 1332 1100 1402 Διάψαλμα.
1603 1355 1608 1358 ·

1603 1355 1608 1358 ·
2459 1333 2683 1405 Diapsal
2689 1353 2793 1390 ma.

225 1422 282 1476 9.
317 1419 836 1492 Ἐξομολογήσονται
874 1425 921 1477 οἱ
955 1423 1174 1497 οὐρανοὶ
1205 1423 1274 1477 τὰ
1309 1423 1588 1495 Θαυμάσιά
1625 1440 1716 1476 σου

1912 1423 1964 1479 9.
1997 1423 2416 1480 Confitebuntur
2445 1427 2568 1481 coeli
2601 1425 2869 1480 mirabilia
2906 1433 2993 1479 tua
3015 1465 3028 1490 ,
3062 1423 3289 1480 Domine
3319 1442 3331 1477 :

149 1511 330 1584 Κύριε
345 1531 360 1544 °

221 1602 313 1657 I0.
358 1604 468 1660 Καὶ
499 1605 609 1676 γὰρ
641 1604 739 1676 τὴν
770 1604 1024 1676 ἀλήθειάν
1047 1623 1140 1658 σου
1164 1603 1534 1676 ὲνἘκκλησία
1550 1602 1712 1671 ἁγίων

1918 1596 2002 1650 10.
2033 1595 2239 1651 Etenim
2263 1597 2545 1652 veritatem
2566 1607 2715 1652 tuam
2741 1598 2793 1652 in
2810 1597 3052 1653 Ecclesia
3073 1605 3409 1654 sanctorum.

224 1693 315 1747 11.
336 1694 462 1747 ’Ότι
487 1694 572 1758 τίς
609 1696 666 1747 ὲν
697 1694 946 1764 νεφέλαις
977 1695 1302 1766 ίσωθήσεται
1332 1693 1408 1764 τῷ
1446 1693 1671 1764 Κυρίῳ;

1926 1689 2002 1743 Η.
2027 1687 2293 1754 Quoniam
2323 1690 2448 1760 quis
2477 1691 2530 1744 in
2555 1691 2791 1746 nubibus
2820 1691 3124 1760 aequabitur
3148 1689 3417 1746 Domino?

224 1784 314 1839 19..
343 1785 774 1857 Ὀμοιωθήσεται
801 1785 878 1857 τῷ
904 1786 1095 1858 Κυρίῳ
1127 1787 1184 1838 ὲν
1207 1787 1340 1849 υἱοῖς
1373 1785 1507 1837 Θεοῦ
1529 1801 1542 1849 ;

1540 1803 1542 1842 ;
1770 1787 1812 1841 Β
1911 1781 2000 1837 I2.
2028 1781 2236 1837 Similis
2265 1783 2368 1837 erit
2399 1781 2630 1837 Domino
2661 1784 2718 1837 in
2743 1783 2869 1838 [iliis
2902 1782 3031 1837 Dei?

223 1875 314 1928 I3.
344 1876 402 1929 '0
441 1876 592 1943 Θεὸς,
633 1879 662 1930 ὁ
691 1876 1102 1947 ὲνδοξαζόμενος
1131 1879 1188 1930 ὲν
1219 1877 1378 1947 βουλῇ
1408 1873 1598 1944 ἁγίων,

1924 1875 1998 1928 l5.
2029 1874 2190 1940 Deus,
2218 1875 2310 1944 qui
2353 1875 2688 1946 gloriﬁcatur
2726 1875 2782 1929 iu
2821 1875 3054 1930 consilio
3077 1883 3415 1939 sanctorum,

222 1969 239 2028 Ι
263 1967 316 2022 4.
359 1968 550 2038 Μέγας
574 1969 667 2022 καὶ
690 1968 921 2040 φοϐερός
940 1971 1089 2022 ἐστιν
1117 1970 1208 2023 ἐπὶ
1229 1969 1436 2032 πάντας
1464 1967 1591 2031 τοὺς
1613 1983 1713 2039 περ

1926 1965 2004 2020 II.
2037 1965 2266 2035 Magnus
2289 1973 2342 2020 et
2376 1966 2635 2021 terribilis
2681 1981 2848 2037 super
2875 1977 3071 2021 omnes
3103 1965 3197 2036 qui
3227 1964 3281 2018 in
3312 1965 3417 2018 cir-

152 2058 342 2130 κύκλῳ
375 2060 562 2113 αὑτοῦ.

1844 2057 1994 2112 cuitu
2021 2057 2140 2127 ejus
2160 2064 2306 2112 sunt.

228 2149 319 2203 15.
363 2150 534 2220 Κύριε
559 2151 586 2202 ὁ
618 2150 749 2214 Θεὸς
781 2151 887 2207 τῶν
921 2151 1220 2223 δυνάμεων,
1248 2149 1331 2213 τίς
1366 2150 1550 2220 ὅμοιός
1586 2166 1704 2216 σοι;

1918 2149 2005 2203 I5.
2035 2147 2282 2212 Domine,
2319 2147 2459 2202 Deus
2491 2145 2781 2213 virtutum,
2812 2147 2936 2216 quis
2972 2146 3169 2202 similis
3201 2148 3344 2202 tibi?

226 2240 314 2294 I6.
336 2243 571 2306 Δυνατὸς
591 2238 660 2313 εἶ,
682 2242 874 2314 Κύριε,
893 2245 988 2300 καὶ
1008 2246 1040 2317 ὴ
1057 2242 1284 2316 ἀλήθειά
1299 2258 1390 2295 σου
1407 2239 1606 2295 κύκλου
1625 2259 1717 2294 σου

1928 2241 2009 2297 16.
2042 2239 2243 2296 Potens
2267 2257 2346 2309 es,
2378 2239 2626 2305 Domine,
2657 2248 2710 2294 et
2747 2241 2945 2296 veritas
2981 2251 3072 2296 tua
3099 2243 3154 2296 in
3187 2241 3419 2297 circuitu

1853 2345 1965 2390 tuo.

225 2421 317 2474 I7.
360 2421 433 2475 Σὺ
457 2421 736 2487 δεσπόζεις
768 2420 862 2473 τοῦ
892 2421 1124 2492 κράτους
1162 2418 1262 2488 τῆς
1295 2415 1565 2486 θαλάσσης
1586 2432 1598 2444 ·

1492 2432 1598 2486 Γτις·
1920 2425 2005 2479 I7.
2047 2423 2126 2479 Tu
2162 2424 2462 2481 dominaris
2490 2423 2743 2494 potestati
2777 2423 2983 2478 maris:

231 2514 319 2568 18.
362 2514 466 2568 Τὸν
490 2513 547 2567 δὲ
574 2515 733 2568 σάλον
751 2514 860 2568 τῶν
881 2513 1141 2585 κυμάτων
1161 2511 1331 2581 αὐτῆς
1350 2509 1413 2562 σὺ
1432 2506 1721 2578 καταπραΰ

1931 2517 2016 2572 18.
2055 2517 2260 2572 Motum
2295 2527 2475 2573 autem
2509 2515 2770 2571 ﬂuctuum
2797 2515 2916 2586 ejus
2939 2522 2994 2568 tu
3024 2513 3263 2585 mitigas.

154 2622 292 2668 νεις.

1296 2769 1670 2829 A'I‘HANASII
1708 2766 2301 2824 INTERPIIETATIO.

226 2979 282 3033 2.
328 2978 411 3032 Τὰ
435 2978 833 3050 προστάγματά
862 2996 954 3032 σου
984 2976 1225 3051 κηρύξω.

1922 2968 1977 3023 2.
2003 2967 2281 3038 Praecepta
2311 2977 2402 3022 tua
2428 2966 2749 3038 praedicabo.

225 3073 283 3126 5.
299 3072 425 3125 Ὅτι
463 3073 778 3144 ἐπηγγείλω
808 3072 1165 3137 ἀδιαλείπτως
1187 3071 1279 3126 τὸν
1299 3068 1598 3142 ἡλεημένον
1617 3067 1715 3122 λαὸ

1931 3064 1976 3117 5.
2011 3062 2150 3128 Quia
2183 3060 2550 3115 indesinenter
2598 3055 2928 3114 denuntiasti
2973 3053 3232 3126 populum
3258 3051 3422 3105 mise-

154 3165 520 3236 περιποιῆσαι
548 3165 624 3236 (1)
658 3167 736 3229 εἰς
763 3165 1074 3237 οἰκοδομήν.

1855 3155 2146 3211 ricordiam
2174 3153 2426 3223 adeptum
2461 3153 2737 3223 possidere
2769 3151 2821 3204 in
2849 3145 3279 3204 aediﬁcationem.

227 3256 286 3309 4.
313 3254 404 3308 Ἐν
426 3258 540 3320 τοῖς
567 3257 744 3326 ἁγίοις
769 3258 802 3328 ἡ
829 3256 1010 3321 πίστις
1040 3257 1137 3328 (2).

996 3274 1010 3321 ς
1040 3257 1137 3328 (2).
1924 3249 1980 3303 4.
2011 3247 2074 3301 In
2096 3246 2303 3302 sanctis
2336 3243 2487 3300 fides.

228 3349 286 3402 5.
316 3347 764 3420 Ἑπηγγειλάμην
781 3352 892 3412 τοῖς
907 3350 1081 3418 ἁγίοις
1109 3349 1208 3422 τὴν
1235 3347 1508 3420 βασιλείαν
1531 3363 1628 3416 μου
1647 3345 1719 3415 ('5)

1582 3345 1745 3415 29(5).
1777 3365 1820 3422 ρ
1924 3344 1976 3399 5.
2009 3341 2346 3398 Annuntiavi
2369 3339 2573 3396 sanctis
2606 3352 2831 3409 regnum
2869 3351 3073 3392 meum.

227 3438 286 3493 6.
329 3439 454 3504 Τοῖς
479 3439 622 3494 κατὰ
656 3440 749 3494 τὸν
782 3441 944 3494 Δαὸὶδ
972 3443 1165 3512 πραεῖς
1207 3437 1456 3512 [πραέσι]
1497 3440 1564 3508 τῇ
1621 3453 1718 3507 καε

1340 3437 1456 3508 ,ἐσι]
1497 3440 1564 3508 τῇ
1621 3453 1754 3507 καρ-
1926 3433 1978 3490 6.
2011 3433 2172 3488 Juxta
2200 3433 2367 3488 David
2399 3431 2622 3486 mitibus
2647 3430 2831 3485 corde.

158 3537 250 3607 as;
271 3536 374 3608 (4).

234 3605 292 3682 Ἰ.
332 3605 641 3699 Προαγάγω
675 3629 736 3681 ὲν
765 3605 848 3698 τῷ
871 3627 1084 3697 κόσμῳ.

1933 3612 1984 3667 7.
2015 3609 2323 3666 Producam
2357 3609 2411 3663 in
2446 3607 2672 3662 mundo.

234 3722 293 3777 8.
333 3718 454 3791 Τὴν
474 3721 749 3792 βασιλείαν
774 3738 890 3775 σου.

1926 3712 1979 3767 8.
2014 3711 2260 3782 Regnum
2289 3720 2461 3765 tuum.

233 3811 288 3867 9.
330 3814 686 3886 Διηγήσονται
731 3815 780 3866 oi
827 3810 1112 3866 ἀπόστολοι
1144 3810 1236 3863 καὶ
1275 3808 1356 3879 (5)
1402 3807 1452 3859 οἱ
1499 3805 1642 3874 ἆγιοι
1686 3820 1724 3857 τς

1929 3806 1981 3861 9.
2011 3802 2320 3858 Narrabunt
2349 3799 2583 3872 apostoli
2615 3807 2668 3854 et
2702 3799 2879 3854 sancti
2904 3797 3175 3852 mirabilia
3208 3806 3322 3852 tua.

163 3905 452 3976 θαυμάσιά
486 3922 602 3962 σου.

235 3996 326 4052 10.
366 3997 479 4050 Καὶ
497 3997 608 4070 γὰρ
630 3999 731 4068 τὴν
748 3997 928 4052 πίστιν
947 4014 1042 4050 σου
1059 3997 1117 4050 ὲν
1132 3995 1209 4067 τῷ
1227 3994 1417 4065 πλήθει
1432 3992 1541 4046 τῶν
1560 3991 1726 4060 ἁγίων

1940 3987 2016 4043 l0.
2043 3985 2254 4042 Etenim
2277 3984 2435 4040 Iidem
2459 3993 2606 4038 tuam
2635 3982 2692 4036 in
2719 3980 3064 4036 multitudine
3094 3985 3431 4034 sanctorum.

239 4089 330 4153 II,
361 4089 446 4143 I2.
481 4090 556 4162 (6)
592 4091 687 4154 Τίς
715 4090 822 4144 τῶν
850 4088 1143 4161 προφητῶν
1169 4088 1201 4159 ἢ
1228 4087 1337 4140 τῶν
1377 4085 1546 4155 ἁγίων
1582 4083 1723 4138 ίσοδύ

1944 4081 2020 4148 II,
2050 4080 2137 4134 I2.
2175 4079 2309 4146 Quis
2353 4077 2740 4148 prophetarum
2770 4085 2864 4129 aut
2903 4081 3217 4129 sanctorum
3248 4082 3435 4140 aequa-

164 4197 326 4233 ναται
371 4176 508 4233 εἶναι
548 4179 643 4234 τοῦ
691 4180 895 4251 Κυρίου
925 4180 1038 4252 [τῷ
1073 4177 1335 4249 Κυρίῳ];
1384 4177 1612 4229 Ἐκεῖνοι
1647 4192 1655 4204 ·

1955 4189 2078 4230 esse
2125 4181 2302 4243 potest
2351 4169 2622 4224 Domino?
2650 4168 2730 4222 Illi
2777 4167 2923 4222 enim
2966 4164 3140 4236 gratia
3187 4161 3431 4232 ejusdem

167 4269 312 4324 κατὰ
345 4269 504 4342 χάριν
537 4270 702 4325 αὑτοῦ
732 4271 826 4325 τοῦ
874 4270 1046 4341 Ἰησοῦ
1081 4271 1185 4322 εἰσι
1213 4269 1318 4321 υἱοὶ
1345 4266 1438 4320 τοῦ
1470 4265 1628 4332 Θεοῦ,
1654 4288 1658 4316 ι

1532 4265 1628 4332 ;οῦ,
1654 4265 1752 4318 αὺ-
1857 4266 1984 4323 Jesu
2012 4275 2140 4322 sunt
2165 4264 2256 4318 Dei
2288 4263 2404 4328 lilii,
2443 4263 2559 4332 ipse
2591 4269 2771 4315 autem
2809 4269 3023 4312 natura.

166 4362 261 4425 τὸς
286 4362 344 4415 δὲ
375 4361 514 4416 κατὰ
543 4362 722 4432 φύσιν.

242 4455 333 4509 13.
354 4456 443 4509 Ἐν
474 4459 593 4522 ταῖς
624 4456 872 4529 καρδίαις
906 4455 1104 4510 αὐτῶν.

1927 4445 2014 4498 15.
2042 4441 2098 4495 In
2127 4439 2388 4496 cordibus
2421 4450 2635 4491 eorum.

241 4548 331 4604 14.
351 4521 761 4622 Ἀκατάληπτος
782 4551 874 4604 καὶ
900 4547 1306 4618 παντοδύναμός
1329 4547 1475 4599 ἐστιν
1499 4543 1592 4596 ἐπὶ
1615 4541 1732 4595 πάν

1950 4536 2017 4590 l4.
2055 4525 2622 4599 lncomprehensibilis
2669 4531 2722 4579 et
2758 4521 3105 4591 omnipotens
3154 4525 3237 4573 est
3277 4527 3441 4586 super

167 4659 269 4707 τας
295 4643 421 4706 τοὺς
450 4618 854 4713 ἁγίουῖαὑτοῦ.

1860 4644 2056 4686 omnes
2079 4634 2302 4684 sanctos
2333 4637 2487 4678 SUOS.

244 4736 332 4790 15.
372 4709 754 4817 φιλάνθρωπος
780 4738 874 4792 καὶ
899 4737 1167 4809 ἐλεήμων.

1792 4728 1836 4786 D
1936 4723 2025 4779 I5.
2061 4719 2337 4789 Benignus
2357 4724 2410 4770 et
2435 4709 2767 4769 misericors.

245 4827 334 4882 I6.
378 4811 444 4880 o‘i
462 4809 616 4898 una:
637 4811 770 4884 ἐνδυ.

1937 4813 2020 4868 I6.
2050 4810 2234 4866 Sancti
2260 4809 2357 4863 tui.

245 4919 333 4975 I7.
374 4888 561 4992 HdO'fj';
595 4921 729 4991 ὁμοῦ
765 4921 862 4993 τῆς
888 4919 1210 4990 οἰκουμένης
1232 4913 1477 4982 ἐξουσίαν
1509 4911 1588 4983 (7)
1613 4910 1736 4981 ἕχειι

1953 4907 2019 4961 .7.
2057 4903 2250 4958 Totius
2301 4897 2465 4955 simul
2510 4896 2756 4952 universi
2801 4899 3125 4966 potestatem
3176 4888 3342 4942 habes
3383 4892 3444 4941 ut

169 5012 252 5075 ὡς
277 5011 609 5083 δημιουργὸς
635 5013 826 5084 αὐτῆς.

1863 4996 2108 5070 ejusdem
2145 4998 2387 5048 creator.

245 5105 333 5161 18·
374 5106 513 5168 Τοὺς
539 5108 876 5176 πειρασμοὺς
900 5106 1069 5176 αὐτῆς
1100 5102 1422 5174 ἀνισχύρους
1448 5098 1644 5160 ποιεῖς.

1523 5098 1644 5160 ιεῖς.
1936 5090 2023 5145 18.
2058 5085 2412 5142 Tentationes
2438 5081 2558 5152 ejus
2583 5080 2830 5135 inﬁrmas
2857 5076 3007 5131 facis.

1137 5325 1443 5388 Addenda
1474 5329 1535 5387 et
1582 5317 1964 5400 corrigenda
1994 5334 2073 5379 ex
2108 5312 2251 5377 cod.
2285 5311 2486 5372 Vatic.

249 5523 786 5599 (1)Περιποιεῖσθαι.

249 5599 327 5668 (2)
366 5598 553 5660 Πίστις
586 5613 701 5648 σου.

1954 5505 2008 5574 5)
2047 5503 2108 5556 Οἱ
2135 5498 2444 5563 ἀπόστολοι,
2468 5495 2562 5547 καὶ
2585 5495 2803 5548 desunt.
3154 5560 3176 5571 ~
3421 5565 3426 5568 _

2048 5575 2127 5668 1i.)
2153 5573 2236 5658 II,
2269 5571 2383 5632 Τίς.
2405 5607 2494 5668 ..ν
2514 5564 3052 5668 ἱζσριςΰδὶνξιὲιμιΐὲιναι
3091 5575 3180 5612 του
3213 5549 3445 5627 Κυρίου.

269 5602 327 5668 2)
366 5602 553 5660 Πίστις
586 5613 701 5648 σου.
1931 5602 2009 5649 νη
2048 5602 2115 5664 ι).
2159 5602 2236 5658 ιι,
2281 5602 2383 5632 υς.
2407 5609 2421 5621 .
2447 5607 2494 5648 ,ν
2515 5602 2884 5662 ..ίγςηνυτηνῖ
2914 5602 2964 5640 Ζ.

229 5602 327 5740 ,ξω
366 5669 489 5721 Σου,
626 5733 653 5740 _
861 5735 869 5740 .
952 5735 962 5740 _
1152 5732 1196 5740 ῃ
1859 5645 2497 5740 Ν.¹-1ξὶ,νξᾷ>ξεένοι.ι.ἐιτου
2523 5637 2553 5692 ι
2574 5654 2652 5692 ιου
2682 5651 2776 5688 του
2805 5633 2964 5687 Θςου.

249 5711 330 5813 ἰώ
371 5741 570 5810 Πραεῖς
597 5733 713 5792 οὖσι
745 5735 885 5794 κατὰ
912 5735 1009 5807 τὴν
1040 5732 1262 5806 καρδίαν
1292 5748 1412 5801 μου.
1933 5718 2010 5789 (7)
2050 5716 2120 5768 Σὺ
2152 5711 2420 5778 ἐξουσίαν·
