3728 6370
339 291 478 348 1027

410 407 500 464 19.
532 405 613 461 Tu
637 405 936 461 humiliasti
962 403 1104 461 sicut
1131 404 1478 461 vulneratum
1506 403 1832 474 superbum:

408 498 500 554 20.
544 498 605 554 In
651 497 875 554 brachio
909 497 1124 553 virtutis
1171 505 1279 552 tua:
1323 495 1628 567 dispersisti
1657 495 1909 551 inimicos

340 599 486 646 tuos.

410 683 500 738 21.
529 680 632 736 Tui
667 689 796 737 sunt
819 679 945 737 caeli
979 687 1032 735 et
1057 690 1150 736 tua
1177 691 1259 738 est
1283 691 1431 737 terra
1461 696 1475 732 :

407 775 499 832 22.
524 774 726 831 Orbem
778 782 935 830 terrae
981 781 1036 830 et
1077 774 1473 845 plenitudinem
1516 747 1647 842 ejus
1685 779 1746 826 tu
1785 769 1912 827 l‘uu-

339 867 500 923 dasti.

408 961 501 1014 25.
528 957 854 1030 Aquilonem
885 964 940 1012 et
967 970 1122 1012 mare
1145 965 1205 1012 tu
1230 955 1432 1012 creasti
1461 973 1477 1010 :

406 1049 498 1104 26.
533 1025 754 1104 Tbabor
797 1057 851 1104 et
895 1045 1136 1103 Hermon
1181 1047 1238 1101 in
1268 1025 1626 1103 nomine‘tuo
1666 1043 1910 1100 exsulta-

336 1143 513 1198 bunt:

406 1231 498 1287 25.
535 1229 713 1286 Tuum
741 1227 1030 1284 brachium
1059 1243 1185 1284 cum
1216 1227 1484 1298 potentia.

410 1321 500 1378 26.
535 1321 810 1376 Firmetur
854 1335 1050 1375 manus
1097 1329 1223 1389 tua,
1273 1331 1328 1376 et
1378 1320 1648 1377 exaltetur
1690 1321 1913 1378 dextera

338 1427 454 1471 tua.

406 1509 499 1567 27.
528 1507 750 1564 Iustitia
779 1517 833 1563 et
855 1505 1147 1578 judicium,
1178 1507 1509 1576 praeparatio
1538 1507 1685 1563 sedis
1713 1515 1840 1563 tuae.

407 1601 500 1657 28.
546 1599 920 1656 Misericordia
979 1605 1034 1654 et
1077 1597 1280 1653 veritas
1341 1597 1650 1668 prmedent
1708 1597 1911 1655 faciem

342 1699 728 1839 tua21;..Beatus
761 1783 996 1853 populus
1025 1781 1120 1851 qui
1156 1781 1261 1838 scit
1282 1780 1688 1852 jubilationem.

408 1874 502 1928 50.
534 1873 785 1941 Domine,
808 1874 862 1928 in
894 1873 1101 1927 lumine
1123 1872 1306 1928 vultus
1345 1871 1423 1926 tui
1447 1871 1843 1928 ambulabunt:

409 2075 498 2130 51.
532 2073 598 2130 Et
625 2075 681 2130 in
710 2075 932 2132 nomine
960 2083 1054 2131 tuo
1087 2076 1438 2133 exsultabunt
1461 2085 1573 2134 tota
1603 2077 1692 2134 die
1720 2095 1737 2133 :

409 2232 500 2289 52.
535 2233 602 2290 Et
631 2234 686 2288 in
716 2235 926 2306 iustitia
951 2243 1041 2292 tua
1063 2238 1474 2294 exaltabuntur.

410 2323 498 2378 55.
530 2322 798 2390 Quoniam
829 2327 998 2397 gloria
1028 2327 1243 2384 virtutis
1271 2343 1462 2383 eorum
1491 2333 1550 2382 tu
1577 2341 1638 2383 es
1664 2343 1679 2382 :

412 2417 502 2472 54.
538 2415 605 2473 Et
634 2417 687 2472 in
733 2419 1076 2491 beneplacito
1122 2431 1218 2476 tuo
1255 2419 1582 2476 exaltabitur
1607 2434 1779 2476 cornu
1809 2431 1911 2514 no:

340 2516 539 2564 strum.

1177 289 1235 346 s.
1275 274 1648 348 ATHANASll
1685 291 1837 350 OPP.
1872 289 2056 348 PARS
2090 279 2286 350 111.2-
2322 267 2744 351 tax-names.

1935 406 1984 466 Α
2080 401 2169 458 19.
2208 401 2280 455 Σὺ
2308 401 2677 466 ὲταπείνωσας
2699 399 2776 464 ὡς
2799 399 3136 470 τραυματίαν
3159 402 3511 476 ὑπερήφανον
3534 424 3550 440 .
3577 407 3587 415 ο

3446 290 3592 350 1028

2079 493 2171 549 20.
2196 493 2286 548 Ἐν
2321 493 2400 565 τῷ
2439 494 2684 566 βραχίονι
2713 492 2815 563 τῆς
2837 493 3119 565 δυνάμεώς
3150 512 3244 550 σου
3270 497 3590 570 διεσκόρπι-

2013 602 2111 649 σας
2139 585 2268 648 τοὺς
2292 583 2520 656 ἐχθρούς
2552 601 2668 638 σου.

2080 673 2172 729 2|.
2212 673 2302 727 Σοί
2339 676 2476 728 εἰσιν
2501 674 2552 728 oi
2577 672 2816 746 οὐρανοὶ,
2846 674 2941 728 καὶ
2970 674 3036 746 σή
3071 675 3218 730 ἐστιν
3247 679 3281 750 ἡ
3309 678 3383 750 γῆ
3401 694 3418 709 ο

2078 766 2171 822 22.
2211 767 2324 839 Τὴν
2345 767 2670 840 οἰκουμένην
2697 765 2874 822 καὶτὸ
2894 765 3166 840 πλήρωμα
3191 769 3363 840 αὐτῆς
3392 771 3458 824 σὺ
3481 771 3591 825 ἐθε-

2015 854 2312 927 μελίωσας.

2079 947 2170 1002 25.
2211 949 2314 1002 Τὸν
2341 949 2542 1022 βορρᾶν
2565 948 2660 1004 καὶ
2685 948 2784 1021 τὴν
2813 947 3088 1004 Θάλασσαν
3111 951 3176 1005 σὺ
3207 949 3430 1017 ἔκτισας
3449 971 3463 984 ·

2081 1039 2172 1094 24.
2213 1039 2409 1113 Θασὼρ
2433 1041 2528 1095 καὶ
2557 1041 2772 1113 Ἑρμὼν
2792 1043 2854 1096 ὲν
2877 1041 2955 1113 τῷ
2981 1041 3205 1115 ὀνόματί
3227 1061 3319 1099 σου
3337 1045 3594 1114 ἀγαλλιά-

2015 1148 2198 1186 σονται
2217 1148 2231 1163 ⁶

2079 1224 2172 1280 25.
2211 1224 2310 1289 Σὸς
2341 1225 2370 1278 6
2403 1224 2639 1297 βραχίων
2672 1228 2810 1298 μετὰ
2830 1227 3164 1292 δυναστείας.

2080 1315 2172 1372 26.
2211 1317 2624 1389 Κραταιωθήτω
2646 1319 2680 1390 ἠ
2701 1318 2819 1390 χείρ
2837 1337 2952 1385 σου,
2972 1319 3286 1392 ὑψωθῆτωὴ
3305 1319 3461 1386 δεξιά
3477 1338 3590 1377 σου.

2079 1496 2170 1552 27.
2211 1498 2530 1570 Δικαιοσύνη
2548 1498 2644 1552 καὶ
2661 1499 2837 1571 κρῖμα
2852 1500 3134 1571 ὲτοιμασία
3147 1501 3242 1554 τοῦ
3259 1500 3454 1573 θρόνου
3476 1519 3593 1558 σου.

2080 1589 2172 1644 28.
2190 1589 2377 1654 Ἔλεος
2414 1590 2510 1644 καὶ
2541 1590 2768 1662 ἀλήθεια
2808 1592 3402 1666 προπορεύσονταιοπρὸ
3426 1613 3595 1668 προσ-

2011 1681 2162 1735 ώπου
2192 1698 2285 1734 σου
2305 1697 2318 1711 ·

1941 1773 1986 1830 Β
2082 1775 2172 1830 29.
2214 1773 2499 1844 Μακάριος
2523 1775 2552 1826 6
2583 1774 2710 1841 λαὸς
2738 1777 2767 1830 6
2795 1777 3078 1847 γινώσκων
3106 1779 3452 1850 ἁλαλαγμόν.

2085 1866 2174 1922 50.
2215 1866 2408 1938 Κύριε,
2427 1867 2482 1920 ὲν
2501 1865 2578 1937 τῷ
2605 1869 2745 1937 φωτὶ
2762 1869 2856 1926 τοῦ
2873 1871 3166 1944 προσώπου
3187 1890 3282 1927 σου
3300 1871 3595 1945 πορεύσον-

2013 1976 2128 2014 ταιο

2068 2035 2177 2109 ⁸51.
2215 2055 2324 2110 Kal
2353 2057 2410 2110 ὲν
2433 2055 2512 2128 τῷ
2539 2057 2763 2129 ὀνόματί
2783 2074 2876 2110 σου
2911 2057 3331 2128 ἀγαλλιάσονται
3349 2059 3480 2131 ὃλην
3496 2058 3596 2131 τὴν

2014 2145 2226 2218 ἡμέραν
2244 2162 2260 2179 ο

2085 2239 2176 2295 52.
2214 2239 2327 2294 Kal
2359 2242 2418 2294 ὲν
2445 2243 2511 2312 τῇ
2538 2241 2850 2314 δικαιοσύνῃ
2885 2259 2977 2296 σου
3007 2241 3410 2314 ὐψωθήσονται.

2085 2331 2312 2386 55.”οτι
2337 2333 2598 2405 καύχημα
2621 2335 2718 2405 τῆς
2746 2333 3024 2406 δυνάμεως
3048 2335 3227 2388 αὐτῶν
3260 2335 3326 2387 σὺ
3357 2328 3430 2388 εἴ.

2085 2422 2174 2476 54.
2217 2424 2327 2477 Καὶ
2369 2425 2428 2477 ὲν
2466 2427 2533 2495 τῇ
2578 2425 2796 2496 εὐδοκία
2835 2442 2927 2478 σου
2957 2423 3305 2497 ὑψωθήσεται
3337 2424 3402 2479 τὸ
3427 2423 3596 2496 κέρας

2015 2512 2197 2584 ἡμῶν.

1454 2664 1836 2724 ATHANASII
1868 2664 2450 2724 INTERPRETATIO.

407 2768 515 2831 19Ϊ⁹
528 2760 838 2835 Diabolum.

401 2867 488 2921 20.
519 2869 578 2923 In
634 2870 955 2928 fortitudine
987 2871 1113 2928 Filii
1153 2874 1231 2929 tui
1280 2874 1567 2946 perdidisti
1610 2875 1914 2933 contrarias

339 2966 657 3026 potestates.

2079 2784 2168 2840 19.
2208 2785 2313 2838 Τὸν
2342 2782 2603 2839 διάϐολον.

2081 2876 2172 2931 20.
2192 2875 2284 2932 Ἐν
2309 2880 2377 2949 τῇ
2406 2876 2552 2949 ἰσχύϊ
2578 2875 2672 2931 τοῦ
2702 2873 2833 2931 Υίοῦ
2863 2892 2957 2930 σου
2978 2873 3272 2957 ,ἀπώλεσας
3299 2872 3403 2940 τὰς
3436 2875 3594 2930 ἐναν-

2011 2969 2133 3034 τίας
2156 2969 2437 3041 δυνάμεις.

409 3047 498 3104 21.
535 3047 638 3103 Tui
684 3058 813 3105 sunt
841 3051 1016 3107 sancti
1049 3053 1126 3107 tui
1169 3053 1224 3107 in
1271 3055 1430 3120 caelo,
1462 3063 1519 3110 et
1561 3065 1749 3127 gentes
1790 3071 1887 3113 cre'

2084 3033 2176 3118 21.
2333 3033 2470 3115 εἰσιν
2495 3061 2570 3133 (1)
2594 3062 2645 3115 οἱ
2676 3061 2734 3115 ὲν
2755 3060 2834 3132 τῷ
2858 3059 3068 3132 οὐρανῷ
3093 3058 3239 3129 ἆγιοί
3263 3075 3381 3125 σου,
3406 3061 3504 3114 καὶ
3523 3059 3595 3114 τὰ

337 3140 528 3196 dentes
561 3142 616 3195 in
643 3149 736 3197 te:
767 3142 1019 3199 similiter
1059 3153 1116 3200 et
1145 3145 1348 3202 coelum
1376 3154 1432 3202 et
1463 3155 1612 3204 terra
1644 3156 1736 3204 tua
1763 3157 1912 3216 sunt,

336 3232 468 3302 quia
496 3247 559 3287 ea
590 3234 816 3289 creasti.

407 3321 500 3376 22.
529 3321 733 3379 Omnes
760 3323 926 3379 simul
955 3323 1206 3381 homines
1236 3325 1480 3386 fundasti
1511 3330 1568 3386 in
1591 3330 1697 3388 ﬁde
1727 3341 1840 3388 tua.

408 3499 500 3555 25.
531 3499 896 3558 Adversantes
921 3499 1020 3558 tibi
1043 3500 1283 3573 Judaeos,
1314 3512 1370 3560 et
1397 3507 1664 3563 mundum
1692 3516 1762 3578 ,ω
1785 3524 1912 3564 rur-

338 3607 434 3650 sus
457 3595 758 3650 renovasti.

406 3687 498 3743 24.
533 3685 701 3745 Electi
731 3687 811 3744 tui
839 3696 893 3746 et
921 3695 1236 3760 peccatores
1264 3689 1317 3746 in
1349 3692 1572 3748 nomine
1592 3701 1686 3750 tuo
1709 3695 1911 3766 gaude-

339 3782 496 3834 bunt.

405 3867 498 3924 25.
531 3866 704 3925 Filius
733 3877 862 3927 tuus
884 3871 979 3942 qui
1004 3878 1201 3942 potens
1227 3882 1334 3929 est.

2014 3149 2140 3224 ἔθνη
2180 3151 2250 3204 τὰ
2283 3149 2604 3205 πιστεύοντα
2641 3152 2720 3215 είς
2756 3151 2816 3204 σέ
2835 3167 2850 3181 ·
2883 3150 3083 3222 ὁμοίως
3110 3149 3207 3202 καὶ
3235 3149 3382 3203 κατὰ
3413 3149 3477 3204 τὸ
3504 3149 3596 3220 δη-

2018 3245 2405 3319 μιουργητικὸν
2443 3243 2609 3299 αὐτοῦ
2642 3247 2780 3298 εἰσιν
2808 3244 2858 3297 οί
2885 3243 3102 3315 οὐρανοὶ
3133 3242 3229 3295 καὶ
3255 3245 3290 3313 ἡ
3319 3242 3417 3312 γῆ.

2083 3337 2174 3393 22.
2214 3337 2430 3400 Πάντας
2458 3336 2593 3408 ὁμοῦ
2628 3337 2751 3400 τοὺς
2788 3333 3103 3408 ἀνθρώπους
3137 3333 3508 3406 ἐθεμελίωσας
3533 3334 3594 3386 ὲν

2012 3431 2078 3501 τῇ
2114 3429 2295 3482 πίστει
2326 3415 2441 3484 σου.

2079 3521 2170 3574 25.
2211 3521 2349 3583 Τοὺς
2373 3519 2812 3591 ἐναντιουμένους
2837 3536 2918 3572 σοι
2953 3517 3236 3581 Ἰουδαίους
3269 3518 3367 3572 καὶ
3384 3518 3477 3572 τὸν
3506 3518 3594 3573 κό-

2021 3630 2156 3684 σμον
2190 3612 2256 3664 σὺ
2286 3609 2447 3666 πάλιν
2475 3612 2841 3674 ἀνεκαίνισας.

2080 3705 2170 3759 24.
2212 3705 2276 3758 υἱ
2307 3704 2550 3758 ἐκλεκτοί
2583 3721 2674 3758 σου
2706 3704 2800 3758 καὶ
2831 3704 2880 3757 οἱ
2914 3701 3227 3775 ἁμαρτωλοὶ
3276 3704 3337 3757 ὲν
3368 3702 3448 3775 τῷ
3475 3702 3593 3758 ὀνό-

2015 3797 2145 3870 ματί
2171 3814 2264 3850 σου
2290 3797 2620 3869 χαρίσονται.

2078 3891 2170 3944 25.
2213 3891 2312 3954 Σὸς
2338 3891 2366 3942 6
2399 3890 2526 3953 Υἱὸς
2553 3892 2581 3942 6
2605 3889 2832 3953 δυνατός
2864 3888 2964 3960 (2).

347 3969 349 3971 ‘
406 3960 499 4018 26.
534 3959 742 4034 Reguet
782 3961 955 4018 Filius
981 3972 1131 4032 tuus,
1161 3972 1216 4020 et
1253 3964 1587 4034 gloriﬁcetur
1617 3975 1744 4024 tuus
1772 3966 1911 4046 Uni-

338 4055 571 4126 genitus.

402 4147 494 4202 27.
523 4145 796 4206 Severitas
827 4157 883 4206 et
905 4150 1138 4221 aequitas
1168 4151 1224 4206 in
1250 4162 1345 4208 tuo
1377 4151 1657 4208 tribunali.

2078 3980 2169 4036 26.
2208 3979 2547 4035 Βασιλευέτω
2577 3979 2652 4052 (5)
2700 3981 2729 4034 6
2759 3981 2889 4046 Υίός
2935 3997 3052 4047 σου,
3084 3981 3182 4036 καὶ
3221 3979 3532 4054 δοξασθήτω
3560 3981 3592 4034 6

2009 4073 2323 4144 Μονογενής
2351 4089 2466 4125 σου.

2006 4206 2041 4235 ,
2081 4165 2170 4220 27.
2209 4164 2512 4236 Αίσηράτης
2542 4163 2619 4236 (4)
2646 4165 2739 4219 καὶ
2768 4166 3231 4238 απροσωποληψία
3269 4168 3333 4223 ὲν
3376 4165 3456 4238 τῷ
3493 4165 3589 4238 βή-

2013 4255 2144 4327 ματι
2179 4273 2296 4311 σου.
2445 4319 2450 4324 _

2077 4349 2166 4404 28.
2197 4347 2286 4402 ’Ev
2321 4348 2378 4402 δὲ
2403 4347 2482 4420 τῷ
2519 4348 2612 4402 νῦν
2637 4347 2791 4404 αίῶνι
2820 4349 2997 4414 πίστις
3024 4350 3118 4405 καὶ
3143 4350 3481 4422 ἐλεημοσύνη
3498 4349 3586 4404 δε-

2007 4439 2134 4493 κταὶ
2157 4437 2310 4510 παρὰ
2339 4437 2442 4492 σοί.

2077 4529 2168 4584 29.
2194 4529 2252 4583 '0
2275 4529 2341 4584 ἐκ
2361 4530 2461 4602 τῆς
2483 4530 2707 4602 καρδίας
2732 4531 2898 4585 αὑτοῦ
2929 4531 3116 4586 πενθεῖ
3143 4532 3242 4604 (5).

2076 4621 2168 4678 50.
2198 4621 2286 4678 Ἐν
2313 4625 2379 4695 τῇ
2411 4624 2593 4695 χάριτι
2619 4623 2713 4677 τοῦ
2743 4623 2875 4677 Υἱοῦ
2902 4642 3018 4679 σου.

2078 4713 2164 4768 51.
2192 4712 2576 4779 Ἀδιαλείπτως
2617 4715 2676 4768 ἐν
2725 4713 2804 4784 τῷ
2850 4715 3006 4786 ἀϊδίῳ
3042 4716 3182 4784 φωτὶ
3218 4716 3299 4787 τῷ
3340 4716 3589 4788 μέλλοντι

2008 4805 2340 4876 καρίσονται.

2077 4893 2165 4949 52.
2207 4896 2317 4948 Καὶ
2353 4897 2411 4948 ὲν
2447 4896 2524 4968 τῷ
2557 4895 2670 4967 Υἱῷ
2698 4914 2791 4950 σου
2824 4896 3265 4970 δοξασθήσονται.

2078 4984 2168 5038 55.
2189 4985 2310 5039 Ὅτι
2345 4986 2404 5040 ὲν
2442 4988 2525 5040 σοὶ
2551 4988 2859 5058 καυχῶνται
2883 4990 2978 5044 καὶ
2999 4989 3381 5062 δυναμοῢνται.

2078 5073 2166 5130 54.
2207 5077 2318 5130 Kal
2355 5080 2413 5131 ὲν
2449 5079 2528 5149 τῷ
2575 5079 2838 5151 θελήματι
2887 5098 2997 5148 σου,
3035 5083 3131 5136 καὶ
3169 5082 3264 5136 τοῦ
3311 5081 3441 5136 Υίοῦ
3488 5099 3582 5136 σου

2003 5167 2442 5240 ἀνορθωθήσεται
2471 5171 2545 5242 (6)
2575 5173 2608 5242 ἡ
2655 5171 2871 5239 ἐξουσία
2903 5174 3078 5246 ἡμῶν,
3121 5175 3190 5246 ἢν
3231 5177 3368 5247 ἡμῖν
3396 5175 3455 5242 ἐξ
3479 5177 3582 5245 ἀρ-

2007 5259 2109 5328 χῆς
2135 5259 2394 5326 δέδωκας.

1274 5365 1584 5429 Addenda
1633 5376 1694 5430 et
1727 5371 2106 5452 corrigenda
2143 5392 2222 5438 ex
2243 5379 2386 5441 cod.
2423 5380 2624 5446 Vatic.

506 5484 602 5578 2οί
633 5487 737 5541 εἰσι
766 5490 862 5544 καὶ
890 5490 961 5557 οἱ,
992 5493 1291 5564 θιο.”ομως
1317 5491 1430 5559 διαί,
1467 5505 1570 5551 etc.
1607 5493 1736 5566 Leg.
1762 5495 1887 5564 vid.,

2078 5500 2157 5578 (ἐ)
2194 5504 2558 5578 Αὐσῖτηρότης.

400 5500 473 5553 (ι)
513 5500 600 5538 λοι
633 5500 737 5541 εισι
766 5500 862 5544 καὶ
890 5500 961 5557 οι,
992 5500 1291 5564 θιο.”ομως
1317 5500 1430 5559 διαί,
1467 5505 1570 5551 etc.
1607 5500 1736 5566 Leg.
1762 5500 1898 5564 vid.,
2078 5501 2135 5570 (4
2194 5504 2429 5578 Αὐστηρέ

324 5554 556 5640 ὁμοίαις.
623 5625 638 5640 ‘
704 5628 788 5640 un
863 5631 885 5640 Α
1035 5635 1046 5640 Α
2075 5500 2157 5640 (5i
2193 5576 2429 5632 Πενθῶν.

502 5625 829 5718 ’ΞῌσδςΥίδς
857 5631 1096 5699 δυνατός.
2173 5624 2576 5718 inﬁmam.

395 5696 472 5767 (5)
510 5697 902 5756 Βασιλευσάτω.

403 4327 496 4383 28.
519 4326 578 4384 In
611 4331 867 4400 praesenti
895 4340 1078 4388 autem
1112 4335 1312 4390 saeculo
1339 4335 1471 4392 ﬁdes
1501 4345 1554 4392 et
1587 4337 1903 4394 miscricor-

333 4418 422 4474 dia
451 4431 685 4492 acceptae
709 4423 852 4493 apud
889 4434 962 4480 te.

402 4509 495 4567 29.
524 4511 629 4578 Qui
661 4529 729 4568 ex
753 4515 919 4570 corde
951 4531 1052 4571 suo
1074 4518 1260 4588 gemit.

400 4603 493 4659 50.
525 4605 587 4658 In
619 4607 791 4675 gratia
810 4606 936 4662 Filii
961 4609 1061 4663 tui.

401 4693 491 4750 5i.
523 4695 895 4755 lndesinenter
915 4701 971 4755 in
990 4710 1194 4758 aeterna
1215 4701 1399 4760 futura
1423 4704 1546 4761 luce
1567 4705 1902 4775 gaudebunt.

1938 4393 1984 4449 D

398 4877 490 4933 52.
522 4879 590 4933 Et
619 4878 673 4934 in
703 4879 844 4936 Filio
876 4890 970 4938 tuo
1001 4883 1472 4955 gloriﬁcabuntur.

395 4970 486 5024 55.
511 4970 777 5037 Quoniam
809 4975 862 5029 in
889 4984 943 5030 te
964 4976 1265 5046 gloriantur
1293 4987 1348 5032 et
1372 4978 1824 5037 corroborantur.

397 5060 486 5115 54.
516 5061 582 5117 Et
611 5063 664 5118 in
693 5065 968 5123 voluntate
999 5078 1091 5123 tua
1117 5078 1171 5124 et
1200 5068 1324 5125 Filii
1356 5072 1445 5126 'tui
1493 5073 1754 5144 dirigetur
1792 5089 1896 5146 po-

328 5160 497 5211 testas
527 5166 736 5225 nostra,
767 5175 932 5230 quam
965 5161 1122 5217 nobis
1152 5163 1221 5218 ab
1246 5163 1402 5220 initio
1425 5164 1646 5228 dedisti.
