3776 6280
353 263 484 320 1051
1203 251 1261 308 S.
1305 247 1682 306 ATHANASII
1723 245 1844 302 OPP

2162 242 2230 298 ιι.
2271 272 2341 281 -
2380 225 2813 297 ΕΧΕοΕΤιοΑ.
3495 238 3653 295 1052

419 376 508 432 56.
545 376 603 429 In
622 381 882 429 aeternum
904 369 1130 425 servabo
1149 367 1224 423 illi
1252 365 1682 424 misericordiam
1703 376 1880 418 meam
1905 380 1910 413 τ

2097 359 2186 413 56.
2215 359 2307 422 Εἰς
2342 358 2431 412 τὸν
2465 358 2635 411 αἰῶνα
2665 353 2885 426 φυλάξω
2915 352 3062 423 αὐτῷ
3095 352 3158 407 τὸ
3191 352 3335 419 ἔλεός
3370 373 3493 425 μου·

420 468 509 524 57.
539 466 605 520 Et
632 471 1015 521 testamentum
1042 477 1225 516 meum
1258 459 1413 515 ﬁdele
1441 459 1565 528 ipsi.

2103 451 2193 504 57.
2232 451 2398 520 Καὶή
2431 449 2664 519 διαθήκη
2699 464 2800 518 μου
2837 445 3006 514 πιστὴ
3032 444 3202 516 αὐτῷ.

419 559 512 617 58.
550 557 616 613 Ει
642 571 840 628 ponam
871 557 924 610 in
954 554 1214 610 saeculum
1241 551 1428 608 sareuli
1457 565 1642 606 semen
1668 549 1788 618 ejus
1813 566 1828 604 :

2162 547 2190 596 ἰ.
2245 543 2354 598 Kal
2405 543 2642 614 ϐήσομαι
2698 543 2777 605 εἰς
2828 540 2918 596 τὸν
2949 542 3121 631 αἰῶνα
3167 539 3264 595 τοῦ
3320 540 3519 605 αἰῶνος
3583 553 3653 595 το

2031 640 2256 711 σπέρμα
2279 638 2464 693 αὐτοῦ’

425 740 612 801 59..Et
637 741 895 796 thronum
923 737 1044 808 ejus
1067 737 1209 793 sicut
1233 736 1350 791 dies
1384 735 1508 792 coeli
1537 751 1551 788 :

2151 731 2201 784 9.
2237 729 2347 784 Kal
2374 727 2464 782 τὸν
2488 727 2675 798 θρόνον
2703 726 2868 781 αὑτοῦ
2924 726 3000 791 ὡς
3030 725 3133 790 τὰς
3163 725 3377 797 ἡμέρας
3407 723 3507 778 τοῦ
3538 725 3642 777 ού-

2036 839 2219 897 ρανου.

428 921 517 977 60.
546 920 605 976 Si
637 927 818 975 autem
837 915 1234 987 dereliquerint
1264 913 1358 968 ﬁlii
1395 911 1514 982 ejus
1535 911 1707 981 legem
1727 925 1919 976 meam,

2151 917 2189 972 ).
2261 914 2387 970 Ἐὰν
2446 912 2883 984 ἐγκαταλίπωσιν
2939 913 2989 966 οἱ
3043 912 3150 966 υἱοὶ
3212 910 3376 965 αὑτοῦ
3421 911 3519 966 τὸν
3550 911 3642 963 νό-

2037 1027 2136 1082 μον
2172 1025 2274 1080 μου
2293 1050 2310 1076 ,

421 1107 510 1162 61.
545 1105 612 1160 Ει
646 1104 700 1159 in
724 1101 945 1174 judiciis
973 1099 1113 1156 meis
1147 1113 1255 1154 non
1289 1093 1697 1152 ambulaverint

2101 1101 2189 1156 6|.
2222 1100 2332 1156 Kal
2352 1103 2467 1165 τοῖς
2491 1101 2724 1173 κρίμασί
2759 1117 2861 1172 μου
2897 1098 2972 1170 μὴ
3001 1095 3360 1168 πορευθῶσινο

423 1201 512 1256 62.
550 1201 608 1255 Si
629 1198 870 1270 justitias
889 1211 1040 1251 meas
1063 1190 1508 1266 profanaverint:

2104 1195 2194 1250 6‘2.
2242 1195 2369 1250 Ἐὰν
2392 1194 2463 1248 τὰ
2484 1193 2829 1265 δικαιώματά
2859 1209 2961 1263 μου
2994 1189 3362 1262 βεϐηλὼσωσι·

423 1294 512 1349 65.
546 1291 612 1346 Ει
645 1291 898 1346 mandata
925 1302 1045 1344 mea
1077 1301 1186 1341 non
1214 1280 1600 1346 custodierint,

2102 1286 2192 1341 65.
2229 1288 2340 1340 Kal
2362 1286 2463 1351 τὰς
2493 1285 2712 1349 ἐντολάς
2741 1301 2844 1356 μου
2876 1283 2950 1354 μὴ
2975 1280 3301 1351 φυλάξωσιψ

420 1387 511 1441 64.
545 1384 794 1440 Visitabo
829 1383 884 1436 in
917 1381 1070 1449 virga
1098 1377 1418 1448 iniquitates
1448 1385 1640 1428 eorum
1670 1411 1684 1426 .

2106 1378 2632 1454 64.,⁹Επισκέψομαι
2657 1379 2714 1431 ἐν
2747 1365 2927 1448 ῥάϐδῳ
2959 1374 3059 1438 τὰς
3091 1373 3321 1444 ἀνομίας
3351 1373 3559 1436 αὐτῶν,

423 1478 512 1534 65.
539 1477 604 1532 Et
631 1475 685 1530 in
719 1473 1037 1530 verberibus
1067 1479 1291 1542 peccata
1321 1482 1537 1523 eorum.

2107 1473 2194 1528 65.
2231 1474 2338 1526 Kal
2358 1474 2416 1525 ἐν
2441 1470 2659 1543 μάστιξι
2687 1469 2788 1533 τὰς
2815 1467 3032 1531 ἀδικίας
3062 1463 3238 1520 αὐτῶν

423 1569 512 1625 66.
547 1568 977 1625 Misericordiam
1029 1573 1212 1620 autem
1255 1575 1436 1618 meam
1486 1575 1596 1617 uon
1625 1555 1914 1631 dispergau

2149 1567 2196 1622 6.
2228 1567 2302 1620 Τὸ
2322 1563 2378 1620 δὲ
2406 1564 2554 1627 ἔλεός
2587 1582 2690 1636 μου
2717 1563 2777 1617 οὐ
2805 1562 2881 1633 μὴ
2918 1558 3260 1616 διασκεδάσω
3293 1559 3388 1613 ἀπ’
3423 1557 3640 1612 αὐτῶν

351 1665 423 1720 ab
453 1663 553 1719 eis.

423 1755 510 1810 67.
535 1753 722 1824 Neque
750 1750 956 1807 nocebo
989 1749 1041 1804 in
1072 1747 1301 1804 veritate
1327 1758 1468 1799 mea.

1960 1746 2006 1804 Β
2103 1745 2191 1801 67.
2209 1744 2342 1830 ,Οὐδ’
2364 1745 2426 1798 ού
2466 1744 2540 1816 μὴ
2575 1743 2816 1815 ἀδικήσω
2843 1744 2900 1796 ἐν
2929 1745 2995 1814 τῇ
3017 1740 3247 1814 ἀληθεία
3277 1759 3398 1812 μου.

423 1844 513 1901 68.
547 1842 733 1914 Neque
758 1841 1054 1914 profanabo
1077 1844 1461 1894 testamentum
1490 1847 1708 1890 meum:

2099 1840 2188 1895 68.
2212 1839 2334 1894 Οὐδ’
2367 1839 2427 1892 ού
2463 1839 2537 1910 μὴ
2569 1837 2864 1910 βεϐηλῶσω
2884 1838 2982 1909 τὴν
3021 1836 3288 1908 διαθήκην
3324 1849 3445 1905 μου’

422 1938 512 1996 69.
548 1937 612 1993 Et
637 1951 759 2008 qua:
788 1933 1092 2005 procedunt
1113 1931 1180 1986 de
1207 1928 1372 1986 labiis
1396 1926 1559 1994 meis,
1589 1940 1700 1982 non
1734 1922 1913 1980 facian

2139 1933 2187 1988 9.
2217 1931 2328 1986 Kal
2349 1930 2419 1984 τὰ
2451 1929 2864 2001 ἐκπορευόμενα
2891 1928 2980 1981 διὰ
3024 1927 3133 1981 τῶν
3165 1926 3390 1996 χειλέων
3437 1942 3544 1995 μου
3569 1925 3630 1977 οὐ

352 2032 528 2087 irrita.

2033 2026 2108 2098 μὴ
2144 2024 2418 2096 ἀθετήσω.

421 2123 509 2176 70.
545 2119 725 2176 Semel
764 2116 945 2189 juravi
971 2116 1027 2171 in
1060 2122 1251 2172 sancto
1296 2127 1445 2181 meo,
1488 2113 1536 2170 si
1570 2111 1735 2167 David
1781 2125 1906 2165 men

2138 2117 2190 2172 0.
2223 2113 2408 2180 Ἀπαξ
2466 2113 2656 2185 ὤμοσα
2701 2115 2760 2167 ἐν
2806 2111 2886 2183 τῷ
2914 2112 3055 2183 ἁγίῳ
3086 2128 3213 2183 μου,
3261 2111 3310 2163 εἰ
3355 2109 3434 2180 τῷ
3461 2109 3629 2163 Δαϐὶδ

351 2211 496 2270 Har?

2032 2208 2304 2280 ψεύσομαι
2329 2223 2343 2275 ;

423 2308 510 2362 7i.
543 2306 738 2361 Semen
764 2303 886 2374 ejus
912 2303 970 2359 in
993 2309 1260 2358 asternum
1294 2299 1538 2356 manebit
1566 2297 1796 2372 [manet]
1823 2316 1835 2350 :

2134 2303 2199 2356 Ἰ.
2227 2301 2300 2355 Τὸ
2324 2300 2545 2374 σπέρμα
2568 2300 2732 2355 αὐτοῦ
2764 2303 2843 2364 είς
2876 2299 2966 2354 τὸν
2997 2299 3170 2353 αἰῶνα
3201 2301 3352 2370 μενεί
3383 2295 3590 2368 [μένει]
3611 2314 3625 2327 ·

422 2402 512 2456 72.
551 2401 616 2455 Et
646 2399 878 2454 thronus
899 2396 1019 2466 ejus
1057 2395 1200 2452 sicut
1233 2395 1317 2451 sol
1351 2396 1406 2449 in
1447 2399 1745 2462 conspectu
1781 2405 1913 2446 meo.

2111 2394 2199 2448 7‘2.
2225 2393 2336 2448 Kal
2357 2395 2386 2446 ὁ
2409 2394 2598 2466 Θρόνος
2637 2393 2797 2448 αύτοῦ
2825 2391 2901 2456 ὡς
2941 2393 2969 2445 ὁ
2999 2393 3149 2463 ἥλιος
3188 2391 3430 2446 ἐναντίον
3464 2407 3584 2460 μου.

426 2495 512 2549 75.
547 2493 612 2549 Ει
643 2492 782 2549 sicut
812 2491 940 2545 luna
963 2487 1204 2559 perfecta
1234 2487 1289 2541 in
1323 2490 1630 2542 aeternum:

2130 2489 2195 2542 ’5.
2223 2487 2334 2542 Kal
2361 2487 2438 2552 ὡς
2465 2489 2498 2560 ἠ
2521 2488 2714 2560 σελήνη
2744 2489 3154 2561 κατηρτισμὲνη
3189 2490 3266 2552 εἰς
3306 2486 3396 2540 τὸν
3429 2485 3621 2538 αἰῶνα·

944 2580 1286 2653 Diapsalma.

2646 2576 2963 2648 Διάψαλμα

435 2680 513 2736 14-.
543 2678 611 2734 Et
640 2678 794 2735 testis
819 2677 873 2731 in
910 2675 1049 2730 cmlo
1079 2673 1278 2729 ﬁdelis.

2105 2669 2194 2726 74.
2221 2673 2332 2726 Kal
2361 2672 2391 2726 ὁ
2423 2672 2628 2744 μάρτυς
2655 2673 2711 2725 ἐν
2735 2671 2948 2744 οὐρανῷ
2976 2670 3175 2735 πιστός.

1483 2799 1858 2861 ATHANASII
1897 2803 2483 2863 INTERPRETATIO.

423 2926 513 2981 56.
540 2923 934 2982 lndesiuenter.

2105 2921 2195 2978 56.
2242 2923 2634 2979 Ἀδιάλειπτον.

423 3021 514 3076 57.
544 3018 608 3074 Et
639 3021 924 3089 passiones
961 3015 1148 3073 ﬁdeles
1173 3012 1306 3086 ipsi.

2108 3014 2197 3070 57.
2227 3015 2337 3068 Kal
2370 3015 2439 3069 τὰ
2471 3015 2773 3088 παθήματα
2799 3017 2875 3086 (1)
2905 3017 3072 3071 πιστὰ
3108 3015 3276 3087 αὐτῷ.

425 3113 515 3168 58.
547 3112 723 3183 Opera
744 3113 972 3183 justitiae
999 3111 1141 3182 ejus.

2105 3105 2194 3160 58.
2226 3106 2306 3160 Τὰ
2327 3106 2461 3178 ἔργα
2483 3107 2583 3178 τῆς
2608 3107 2952 3177 δικαιοσύνης
2984 3107 3167 3164 αὑτοῦ.

425 3207 515 3262 59.
552 3206 619 3262 Et
649 3221 878 3277 regnum
913 3205 1086 3276 ipsius
1115 3203 1541 3260 interminabile.

2105 3197 2194 3253 59.
2229 3199 2341 3251 Kal
2364 3199 2463 3271 τὴν
2497 3199 2776 3270 βασιλείαν
2798 3199 2965 3254 αὑτοῦ
2995 3199 3369 3270 ἀτελεύτητον.

423 3297 513 3353 60.
543 3296 601 3352 ln
627 3297 1088 3370 concupiscentiis
1118 3299 1370 3354 cordium
1394 3310 1585 3354 eorum
1613 3303 1909 3366 sequentur

2139 3293 2190 3349 0.
2239 3293 2328 3346 Ἑν
2354 3297 2477 3358 ταῖς
2522 3295 2840 3366 ἐπιθυμίαις
2878 3295 2986 3349 τῶν
3039 3295 3276 3367 καρδιῶν
3321 3293 3500 3347 αὐτῶν
3545 3295 3630 3360 ἐξ·

1956 3374 2000 3433 C
2032 3385 2472 3458 ακολουθήσουσι.

427 3477 518 3534 61.
545 3478 612 3532 Ει
639 3478 930 3534 declinabit
957 3493 1054 3535 cor
1083 3492 1276 3535 eorum
1311 3493 1367 3532 in
1395 3475 1714 3532 vanitatem.

2107 3478 2197 3534 6i.
2233 3478 2342 3532 Kal
2365 3477 2644 3552 ἐκκλίνῃή
2671 3479 2872 3552 καρδία
2898 3479 3078 3533 αὐτῶν
3118 3479 3199 3542 είς
3232 3477 3589 3551 ματαιότητα.

427 3571 517 3627 62.
545 3572 602 3626 ln
629 3573 1076 3644 intemperantias
1097 3580 1509 3630 convertentur.
1709 3605 1712 3607 λ

1709 3605 1712 3607 μ
2109 3568 2200 3622 62.
2247 3569 2334 3622 Ἑν
2357 3569 2667 3638 ἀσελγείαις
2695 3570 3089 3643 τραπήσονται.

429 3665 520 3720 65.
548 3663 614 3720 Et
634 3665 859 3720 omnino
888 3681 918 3720 a
944 3680 1032 3720 me
1061 3665 1368 3722 discedent.

2107 3665 2195 3721 65.
2228 3665 2338 3720 Kal
2370 3665 3070 3738 nawehbcﬁnoatﬁaouaw
3104 3664 3180 3738 (2)
3205 3664 3298 3719 ἀπ’
3327 3663 3481 3735 ἐμοῦ.

426 3756 516 3811 64.
547 3755 721 3821 Quem
743 3757 891 3811 enim
914 3757 1102 3826 diligo,
1135 3757 1354 3827 corrigo
1378 3763 1434 3811 et
1464 3755 1695 3827 castigo.

2108 3757 2198 3812 64.
2234 3761 2329 3813 Ὃν
2359 3759 2468 3831 γὰρ
2487 3759 2712 3826 ἀγαπῶ,
2753 3755 2963 3830 ἐλέγχω
2988 3759 3079 3812 καὶ
3114 3756 3374 3812 παιδεύω.

427 3850 518 3904 65.
551 3850 792 3920 Flagello
825 3860 1006 3906 autem
1055 3852 1110 3905 in
1152 3850 1467 3906 inﬁrmitate
1491 3859 1546 3906 et
1571 3848 1918 3904 tribulatione

2139 3851 2201 3905 i5.
2235 3852 2498 3915 Μαστίζω
2541 3852 2598 3904 δέ
2657 3853 2714 3904 ἐν
2768 3851 3051 3924 ἀρρωστίᾳ
3087 3851 3181 3905 καὶ
3227 3849 3426 3920 ouem,
3455 3850 3630 3903 πάντα

359 3952 578 3994 omnem
615 3941 789 3995 ﬁlium
822 3951 1150 4011 exspectans
1181 3943 1248 3997 ad
1283 3941 1690 4012 paenitentiam.

1568 3942 1690 3996 iam.
2042 3944 2156 3996 υἱὸν
2186 3933 2266 4007 είς
2293 3942 2578 4014 μετάνοιαν
2608 3941 3059 4013 ἀπεκδεχόμενος.

440 4031 521 4088 66.
555 4033 842 4106 Castigans
870 4044 1053 4091 autem
1079 4050 1175 4091 eos
1199 4051 1309 4091 non
1339 4035 1502 4090 morti
1530 4037 1764 4090 tradam.

2113 4037 2204 4091 66.
2246 4036 2524 4091 Παιδεύων
2555 4037 2612 4090 δὲ
2641 4036 2837 4099 αὐτοὺς
2856 4037 2917 4089 ού
2942 4036 3018 4106 μὴ
3052 4035 3362 4091 θανατὼσω.

436 4125 522 4180 67.
553 4124 741 4198 Neque
782 4129 1071 4199 projiciam
1105 4144 1201 4186 eos
1223 4138 1602 4185 convertentes
1639 4145 1698 4184 se
1723 4130 1774 4183 in
1808 4143 1927 4198 prze'

2140 4126 2206 4182 Π.
2251 4125 2384 4180 Ούδέ
2427 4126 2501 4197 μὴ
2544 4124 2620 4197 (5)
2652 4123 2942 4196 ἀπορρίψω
2969 4123 3166 4188 αὐτοὺς
3205 4125 3631 4196 ἐπιστρέφοντας

369 4217 544 4289 ceptis
571 4221 731 4276 meis.

2045 4221 2104 4272 ἐν
2124 4221 2234 4282 τοῖς
2257 4217 2639 4292 προστάγμασι
2673 4235 2794 4290 μου.

433 4312 524 4368 68.
561 4311 748 4385 Neque
773 4313 1000 4370 omnino
1032 4315 1566 4372 exterminabuutur.

2116 4311 2204 4366 68.
2233 4311 2369 4366 Οὐδὲ
2412 4311 2486 4384 μὴ
2517 4311 2735 4374 τελείως
2769 4311 2849 4374 είς
2887 4311 3195 4382 ἀφανισμον
3217 4315 3429 4366 ἔσονται
3459 4312 3552 4382 (ι).

433 4405 521 4462 69.
554 4405 622 4462 Et
653 4409 1065 4487 ouQaszromitto
1084 4424 1195 4465 non
1225 4408 1486 4466 destituo.

2144 4405 2226 4468 i9.
2263 4405 2374 4458 Kal
2430 4403 2573 4475 ειπερ
2624 4401 3046 4475 ἐπαγγείλομαι,
3097 4405 3158 4457 ού
3216 4405 3290 4476 μὴ
3342 4403 3635 4458 παοεκλείά

2050 4515 2136 4551 πω
2161 4497 2260 4568 (5).

435 4586 522 4642 70.
587 4587 770 4646 Semel
815 4591 1074 4646 constitui
1123 4591 1177 4645 in
1209 4591 1320 4646 ﬁlio
1354 4606 1506 4661 meo
1564 4589 1735 4648 David
1763 4633 1776 4658 ,
1833 4604 1926 4646 nor

2141 4588 2416 4653 l0."A1ta§
2464 4588 2639 4660 ὥρισα
2683 4587 2744 4643 ἐν
2783 4585 2865 4662 τῷ
2915 4589 3020 4662 υἱῷ
3056 4606 3154 4661 μου
3189 4589 3266 4659 τῷ
3325 4589 3507 4654 Δαεὶδ,
3571 4591 3632 4644 ού

364 4680 619 4736 mentiar.

1965 4733 2020 4756 ﬁ
2047 4682 2335 4756 ψεύσομαι.

440 4733 531 4828 ᾖ.
542 4733 769 4829 Sancti.

1965 4733 2021 4794 D
2054 4733 2468 4847 "5:31....
2505 4777 2600 4847 (6).

436 4866 529 4922 72.
561 4865 811 4938 Regnum
839 4866 1083 4938 ipsorum
1109 4869 1408 4941 eﬁ‘ulgebit.

2122 4870 2210 4922 72.
2254 4870 2318 4921 'H
2353 4869 2594 4939 βασιλεία
2616 4868 2796 4923 αὐτῶν
2819 4869 2896 4941 (7)
2918 4869 3203 4943 ἐκλάμψει.

433 4961 524 5017 75.
560 4959 827 5015 Similiter
855 4975 1081 5031 regnum
1109 4961 1278 5031 ipsius
1307 4961 1594 5016 fundatum
1621 4970 1727 5016 est.

2125 4960 2214 5016 75.
2247 4959 2696 5031 Τεοεμελιωμένη
2728 4959 2928 5031 ὁμοίως
2962 4965 2994 5033 ὴ
3027 4961 3267 5033 βασιλεία
3290 4959 3472 5019 αὐτοῦ.

435 5051 526 5110 74.
557 5051 673 5108 Hoc
706 5052 905 5108 dicitur
919 5025 1011 5109 -de
1036 5025 1214 5121 Pal-re,
1253 5064 1308 5108 et
1347 5054 1414 5108 de
1445 5053 1608 5119 Filio,
1640 5061 1694 5108 et
1725 5052 1790 5105 dc
1822 5050 1926 5120 Spi-

2139 5053 2210 5106 ιιι.
2238 5025 2466 5120 Λέγεται
2525 5025 2696 5104 τὸῦτό
2733 5025 2824 5104 kal
2864 5054 2942 5124 (8)
2983 5025 3084 5106 ’τὸῡ
3118 5054 3346 5125 Πατρὸς,
3396 5053 3489 5107 καὶ
3541 5055 3630 5106 τοῦ

363 5142 475 5201 τίω
522 5155 754 5236 sapcto:
789 5147 856 5202 de
906 5146 1066 5204 Patre
1121 5148 1380 5220 quidem,
1430 5149 1689 5220 quoniam
1736 5161 1767 5200 e
1805 5161 1854 5198 Ct

2139 5142 2210 5206 δῦ,
2235 5145 2328 5196 καὶ
2355 5143 2447 5196 τοῦ
2480 5145 2634 5212 ἁγίου
2668 5144 3002 5214 Πνεύματοςο
3029 5146 3120 5197 ἐπὶ
3151 5145 3249 5214 μὲν
3277 5145 3369 5198 τοῦ
3396 5147 3630 5217 Πατρὸς,

369 5235 539 5293 dixit:
569 5230 674 5293 Hic
707 5248 784 5294 est
815 5238 988 5295 Filius
1014 5259 1156 5298 meus
1185 5242 1477 5298 dilectus":
1505 5242 1570 5296 de
1603 5239 1741 5296 Filio
1763 5247 1860 5293 aut

2142 5235 2240 5306 ειδὴ
2301 5235 2410 5288 ἀπὸ
2457 5235 2565 5290 τῶν
2617 5235 2863 5307 οὐρανῶν
2905 5230 3078 5290 εἶπεν*
3141 5233 3329 5304 Οὗτός
3383 5238 3553 5292 ἐστιν
3601 5242 3633 5292 d

450 5334 475 5368 '
499 5333 692 5392 Matth.
715 5354 874 5406 ,xvu,
903 5338 958 5394 5.

1322 5408 1634 5475 Addenda
1679 5408 1741 5470 et
1774 5405 2151 5484 corrigenda
2184 5421 2263 5465 ex
2298 5402 2438 5464 eod.
2474 5403 2676 5465 Vatic.

357 5577 362 5584 .
437 5505 523 5646 il;
551 5505 858 5578 Παθήματὰ
886 5529 1005 5582 μου,
1331 5529 1336 5536 ·
2012 5521 2020 5534 ·
2129 5505 2206 5574 (5)
2241 5503 2695 5574 Ἐπαγγὲλλομαι,
2739 5507 2798 5559 ού
2829 5526 2899 5577 μη
2931 5510 3268 5581 παραλείπω.

462 5576 499 5632 2
555 5578 721 5631 Παντὶ
747 5581 1072 5641 ἀποστῶσιν.
2131 5577 2207 5645 (6)
2235 5575 2516 5646 Τουτέστιν
2545 5577 2591 5626 οἱ
2621 5576 2780 5642 517W-

462 5575 523 5645 2)
555 5575 724 5631 Παντῖ
747 5575 1072 5641 ἀποστῶσιν,
2131 5577 2207 5645 (6)
2235 5575 2516 5627 Τουτέστιν
2545 5577 2591 5626 οἱ
2621 5576 2780 5642 ἆγιοι.

443 5648 522 5730 l7?)
553 5649 674 5730 935'
702 5651 762 5702 οὐ
785 5655 859 5722 μή
2131 5649 2210 5730 3.?)
2245 5645 2438 5730 ἑῦἰεοδο
2511 5718 2522 5730 .
2562 5717 2571 5726 .

441 5718 520 5791 μ)
557 5717 858 5777 Ἔστωσαν.
1339 5717 1374 5737 ”
1570 5793 1572 5796 ν
1594 5745 1598 5749 ι

1339 5717 1374 5737 .n
1570 5745 1598 5796 γ,
2125 5719 2202 5788 (8)
2245 5717 2413 5769 Τοῦτο
2440 5718 2532 5769 καὶ
2559 5717 2671 5784 ἐπὶ,
2711 5726 2809 5772 etc.
