3728 6370
122 220 258 285 ,1055
920 220 1009 277 DE
1051 220 1322 278 TITULIS
1358 220 1808 278 PSALMORUM.
1845 252 1914 261 —
1952 221 2151 277 PSAL.
2186 221 2517 278 LXXXVIII.
3194 228 3336 288 {03].

187 339 272 393 75.
296 338 368 392 Σὺ
399 337 457 390 δὲ
488 335 694 392 ἀπώσω
720 337 814 393 καὶ
833 336 1219 405 ’ὲξουδένωσας,

1702 348 1751 401 Α
1846 340 1934 396 75.
1969 338 2052 395 Tu
2077 355 2207 395 vero
2233 340 2478 411 repulisti
2507 348 2560 395 et
2592 339 2908 411 despexisti,

188 428 274 481 76.
315 425 604 479 Ἀνεϐάλου
631 426 723 479 τὸν
757 426 990 498 Χριστόν
1028 444 1120 481 σου
1141 467 1155 492 ,

1856 427 1944 483 76.
1975 427 2240 485 Distulisti
2270 427 2548 485 Christum
2576 436 2753 493 tuum,

185 518 270 573 77.
302 516 690 589 Κατέστρεψας
708 517 806 588 τὴν
833 516 1093 590 διαθήκην
1117 517 1208 571 τοῦ
1238 515 1423 571 δούλου
1457 530 1572 569 σουο
1632 504 1635 505 ν

1483 530 1572 569 του*
1632 504 1635 505 ⁷
1856 519 1944 574 77.
1975 517 2228 575 Evertisti
2260 526 2639 575 testamentum
2664 519 2807 575 servi
2838 519 2914 574 tui
2942 538 2955 574 :

187 612 271 666 78.
312 611 690 679 Ἐὀεϐήλωσας
716 612 796 674 είς
837 611 934 681 τὴν
962 610 1066 682 γῆν
1096 611 1157 664 τὸ
1187 612 1431 682 ἁγίασμα
1457 609 1642 666 αὐτοῦ.

1628 651 1642 666 .
1856 609 1944 665 78.
1978 609 2283 667 Profanasti
2317 612 2370 666 in
2400 620 2543 667 terra
2572 611 2941 668 sanctuarium
2965 613 3100 682 ejus.

188 703 270 759 79.
298 702 563 765 Καθεῖλες
592 701 798 767 πάντας
827 702 951 767 τοὺς
975 703 1258 775 φραγμοὺς
1286 702 1469 757 αὐτοῦ·

1856 701 1944 756 79.
1974 700 2296 759 Destruxisti
2330 718 2520 759 omnes
2540 719 2696 774 sepes
2720 705 2872 775 ejus:
2955 754 2962 763 ,

183 796 268 852 80.
299 795 458 848 Ἕθου
479 795 551 848 τὰ
580 792 910 865 ὀχυρώματα
948 794 1110 848 αὐτοῦ
1143 795 1365 850 δειλίαν.

1851 793 1940 850 80.
1974 794 2211 852 Posuisti
2233 795 2632 852 ﬁrmamentum
2664 797 2785 868 ejus
2814 796 3176 853 formidinem.

185 887 270 941 81.
291 886 599 964 Διήρτιαζον
620 885 779 939 αὐτὸν
806 886 1003 951 πάντες
1025 888 1075 941 οἱ
1095 886 1418 951 διοδεύοντες
1447 887 1564 939 ὁδόν
1582 885 1655 956 (a)

1853 885 1942 939 8i.
1972 885 2316 957 Diripuerunt
2342 902 2465 941 eum
2498 901 2689 943 omnes
2719 895 3062 943 transeuntes
3092 888 3263 942 viam:

187 977 270 1032 82.
313 976 576 1048 Ἐγενήθη
606 975 801 1040 ὄνειδος
825 979 936 1041 τοῖς
963 977 1194 1047 γείτοσιν
1218 977 1401 1032 αὐτοῦ.

1853 977 1943 1032 82.
1970 977 2170 1034 Factus
2197 988 2280 1035 est
2306 979 2655 1050 opprobrium
2685 979 2882 1035 vicinis
2905 981 3039 1036 suis.

184 1066 272 1122 85.
305 1067 569 1137 ’Ύψωσας
597 1068 696 1138 τὴν
725 1065 899 1132 δεξιὰν
918 1067 1024 1123 τῶν
1048 1068 1335 1124 θλιϐόντων
1361 1069 1540 1123 αὐτόν·

1851 1069 1940 1124 85.
1974 1068 2235 1125 Exaltasti
2268 1069 2543 1126 dexteram
2565 1070 2981 1141 deprimentium
2999 1086 3159 1127 eum:

192 1156 277 1211 84.
300 1156 597 1229 Εὖςορανας
620 1155 827 1220 πάντας
852 1157 977 1219 τοὺς
1005 1157 1230 1230 ἐχθροὺς
1258 1155 1443 1211 αὐτοῦ.

1854 1158 1943 1213 84.
1975 1158 2281 1215 Laetiﬁcasti
2314 1176 2505 1216 omnes
2526 1160 2777 1217 inimicos
2807 1160 2947 1231 ejus.

189 1248 274 1303 85.
336 1247 711 1319 Ἀπέστρεψας
774 1246 874 1319 τὴν
934 1246 1185 1320 βοήθειαν
1247 1248 1346 1319 τῆς
1411 1247 1661 1319 ῥομφαίω

1490 1247 1683 1317 mata;
1850 1250 1941 1308 85.
1978 1252 2232 1307 Avertisti
2263 1251 2585 1322 adjutorium
2613 1251 2775 1323 gladii
2801 1251 2920 1322 ejus
2947 1268 2962 1306 :

110 1339 278 1395 ,αὐτοῦ
298 1356 311 1370 ο

187 1430 273 1485 86.
295 1432 404 1485 Καὶ
430 1431 532 1485 οὐκ
553 1431 846 1486 ἀντελάϐου
874 1430 1037 1487 αὐτοῦ
1079 1434 1139 1485 ἐν
1169 1431 1247 1503 τῷ
1279 1431 1518 1503 πολέμῳ.

1443 1449 1518 1502 ιῳ.
1852 1428 1941 1484 86.
1974 1428 2040 1483 Ει
2067 1445 2171 1484 non
2192 1445 2250 1485 es
2272 1430 2564 1486 auxiliatus
2593 1430 2644 1485 ei
2674 1431 2727 1485 in
2752 1430 2915 1485 bello.

184 1521 274 1578 87.
304 1524 626 1588 Κατέλυσας
675 1524 783 1578 ἀπὸ
825 1523 1166 1597 καθαρισμοῦ
1198 1521 1363 1577 αὐτοῦ
1390 1540 1404 1552 ’

1851 1521 1941 1579 87.
1974 1521 2296 1578 Destruxisti
2326 1522 2395 1577 ab
2418 1523 2802 1578 emundatione
2823 1538 2957 1579 sua:

188 1613 274 1668 88.
303 1615 406 1669 Τὸν
437 1615 627 1688 θρόνον
659 1616 820 1670 αὐτοῦ
847 1618 927 1681 εἰς
948 1616 1047 1689 τὴν
1075 1616 1180 1687 γῆν
1210 1614 1572 1687 κατέρραξας.

1471 1615 1572 1680 iac.
1852 1613 1942 1668 88.
1974 1614 2041 1668 Et
2069 1615 2247 1670 sedem
2280 1614 2398 1684 ejus
2430 1615 2483 1669 in
2509 1622 2650 1668 terra
2679 1615 2943 1670 collisisti.

184 1710 270 1767 89.
313 1712 680 1783 Ἐσμίκρυνας
707 1711 807 1776 τὰς
834 1711 1046 1786 ἡμέρας
1086 1710 1176 1765 τοῦ
1210 1710 1399 1782 χρόνου
1443 1707 1604 1762 αὐτοῦ
1626 1726 1639 1736 ·

1384 1727 1399 1763 J
1443 1707 1604 1762 αὐτοῦ
1626 1726 1639 1736 ·
1713 1688 1754 1744 8
1851 1706 1941 1763 89.
1964 1705 2246 1762 linorasti
2273 1709 2389 1762 dies
2418 1708 2677 1777 temporis
2701 1707 2820 1776 ejus
2843 1726 2856 1761 :

186 1801 273 1859 90.
303 1803 586 1874 Κατέχεας
617 1801 781 1858 αὐτοῦ
812 1801 1003 1874 [αὐτῷ]
1045 1802 1326 1875 αἰσχύνην.

1299 1820 1326 1859 ι.
1848 1798 1936 1854 90.
1959 1798 2254 1855 Perfudisti
2279 1816 2403 1855 eum
2433 1799 2771 1855 confusione.

747 1893 1079 1964 Διάψαλμα.

2409 1890 2738 1960 Diapsalma.

189 1982 274 2038 91.
302 1984 447 2050 Ἕως
470 1985 623 2047 πότε,
655 1986 847 2058 Κύριε,
883 1986 1199 2060 ἀποστρέφῃ
1231 1986 1310 2050 είς
1336 1986 1521 2048 τέλος;

1851 1982 1940 2039 9i.
1975 1981 2288 2054 Usquequo,
2313 1982 2563 2049 Domine,
2592 1983 2791 2038 avertis
2822 1983 2878 2038 in
2911 1983 3110 2039 tinem?

188 2076 277 2132 92.
318 2078 751 2151 Ἐκκαυθήσεται
785 2079 859 2142 ὡς
893 2078 1003 2149 πῦρ
1029 2080 1063 2149 ἡ
1086 2079 1222 2149 ὀργή
1254 2095 1385 2143 σου;

1849 2076 1939 2131 92.
1970 2074 2299 2131 Exardescet
2326 2074 2468 2130 sicut
2499 2076 2639 2146 ignis
2671 2075 2751 2130 ira
2784 2076 2920 2130 tua?

186 2170 273 2226 93.
297 2170 585 2243 Μνήσθητι
616 2171 703 2235 τίς
737 2187 838 2242 μου
873 2173 906 2242 η
931 2171 1226 2235 ὑπόστασις
1246 2187 1261 2202 ·
1494 2170 1503 2177 ’

1494 2170 1503 2177 '
1862 2166 1950 2222 9'5.
1986 2164 2285 2222 Memorare
2312 2180 2433 2235 quae
2466 2180 2585 2234 mea
2617 2166 2916 2220 substantia
2942 2184 2955 2220 :

190 2307 261 2380 (α)
292 2309 354 2363 Οί
384 2308 885 2381 παραπορευόμενοι
918 2309 1017 2381 τὴν
1054 2308 1191 2363 ὁδόν.
1226 2307 1296 2362 At
1323 2306 1379 2361 in
1401 2321 1594 2376 ωλι-8.,
1624 2305 1674 2359 ὀί
1710 2302 2031 2368 διοδεύοντες
2058 2302 2194 2356 ὀδόν.

1260 2422 1628 2478 ATHANASII
1664 2420 2239 2477 INTEBPRETATIO.

134 2540 393 2612 ηόςμου
445 2544 751 2614 ἀγαπητός
775 2544 875 2617 (1)ο
918 2547 1045 2618 περὶ
1089 2546 1147 2601 δὲ
1173 2545 1267 2600 τοῦ
1300 2545 1453 2611 Υἱοῦ,
1502 2547 1600 2599 ἐπε

1869 2545 1911 2600 ia
1984 2559 2179 2616 passus
2240 2551 2325 2599 est
2393 2543 2448 2598 in
2510 2550 2688 2608 terra;
2763 2541 2833 2596 de
2902 2550 3092 2597 sancto
3163 2553 3341 2597 autem

126 2632 377 2687 πέπονθεν
403 2634 497 2688 ἐπὶ
535 2636 633 2706 τῆς
665 2637 785 2708 γῆς’
815 2636 942 2709 περὶ
970 2638 1026 2691 δὲ
1058 2638 1151 2691 τοῦ
1171 2636 1324 2706 ἁγίου
1354 2635 1598 2708 Πνεύματ

1868 2637 2028 2702 iritu,
2082 2635 2210 2706 quia
2270 2634 2638 2690 testimonium
2706 2632 2980 2704 perhibuit
3049 2633 3117 2689 de
3183 2632 3340 2697 FIIIO,

126 2722 300 2795 ιπειδὴ
320 2724 672 2798 ἐμαρτύρησε
697 2726 825 2799 περὶ
886 2725 979 2780 τοῦ
1023 2725 1175 2789 Υίοῦ,
1202 2726 1384 2790 καθὼς
1427 2728 1456 2779 ὁ
1488 2725 1598 2797 Κὺε

1870 2725 2241 2782 emadmodum
2289 2723 2553 2780 Dominus
2582 2725 2757 2779 dixit:
2785 2722 2912 2779 Cum
2954 2733 3125 2778 autem
3152 2735 3342 2778 venerat

126 2807 297 2868 εἷπεν’
328 2815 514 2870 Ὅταν
553 2816 623 2870 δὲ
645 2816 792 2886 ἔλθῃ
849 2821 882 2872 ό
913 2817 1301 2887 Παράκλητος
1334 2818 1400 2871 τὸ
1447 2816 1598 2871 ΙΙνεὶ

1875 2818 2101 2872 racletus
2127 2814 2357 2887 Spiritus
2387 2818 2647 2882 veritatis,
2674 2815 2762 2872 ille
2793 2816 3144 2872 testimonium
3169 2816 3342 2886 per/ti-

127 2904 224 2973 τῆς
244 2907 548 2974 ἀληθείας,
577 2909 806 2976 ἐκεῖνος
830 2909 1192 2980 μαρτυρήσει
1226 2910 1356 2978 περὶ
1381 2909 1545 2979 ἐμοῦ.

720 2927 806 2976 ρος
830 2909 1192 2980 μαρτυρήσει
1226 2910 1356 2978 περὶ
1381 2909 1545 2979 ἐμοῦ.
1714 2948 1757 3005 C
1790 2910 1923 2966 bebit
1953 2911 2018 2966 de
2049 2911 2192 2980 me}.

185 2994 270 3049 75.
319 2997 392 3050 Σὺ
425 2996 503 3060 δὲ,
551 2999 580 3051 ὁ
631 2997 760 3062 λαὸς
817 2997 923 3053 τῶν
991 2999 1276 3062 Ἰουδαίων,
1328 2998 1555 3062 ἀπώσω,
1592 3015 1657 3052 κα

1869 3004 1946 3060 75.
1980 3003 2061 3059 Tu
2105 3014 2306 3070 autem,
2356 3004 2556 3075 popule
2609 3002 2940 3069 Iudaeorum,
2971 3001 3238 3073 repulisti,
3286 3009 3341 3056 et

128 3085 470 3154 ἔξουδένωσας
487 3089 581 3142 τὸν
608 3090 737 3143 Υίδν
758 3091 853 3143 τοῦ
884 3090 1017 3144 Θεοῦ
1050 3092 1139 3145 τὸν
1169 3091 1392 3161 βασιλέα
1427 3108 1542 3145 σου.

1359 3109 1392 3144 α
1427 3108 1542 3145 σου.
1786 3093 2077 3166 despexisti
2102 3095 2296 3151 Filium
2321 3095 2416 3151 Dei
2446 3111 2626 3167 regem
2654 3104 2831 3151 tuum.

183 3174 267 3229 76.
290 3176 395 3230 Τὸν
415 3176 652 3249 Χριστὸν
681 3178 866 3247 ἕτερον
900 3182 1028 3251 παρ’
1045 3181 1206 3233 αὑτὸν
1231 3180 1655 3251 ἀπεκδεχόμενος

1858 3185 1944 3241 76.
1973 3185 2152 3241 Alium
2175 3185 2453 3243 Christum
2485 3195 2680 3259 praeter
2704 3200 2828 3242 eum
2861 3193 3198 3257 exspectans.

186 3266 269 3323 77.
301 3268 408 3323 Τοῦ
438 3269 568 3324 λαοῦ
595 3270 705 3323 τῶν
751 3271 1035 3326 Ἰουδαίων.

1853 3275 1939 3333 77.
1972 3276 2162 3349 Populi
2188 3277 2518 3335 Iudaeorum.

186 3356 270 3411 78.
318 3359 560 3428 Ἀφείλου
594 3360 672 3431 (2)
724 3361 823 3433 τὴν
850 3362 1007 3434 χάριν
1039 3380 1131 3417 σου
1155 3363 1261 3417 ἀπὸ
1285 3362 1379 3416 τοῦ
1403 3363 1658 3434 ἀγιάσμαι

1869 3369 1946 3424 78.
1975 3371 2259 3427 Ahstuiisti
2290 3374 2517 3440 gratiam
2551 3380 2695 3427 tuam
2727 3388 2758 3428 a
2787 3372 3097 3428 sanctuario
3131 3385 3341 3427 eorum.

126 3461 206 3511 τος
228 3451 424 3504 αὐτῶν.
1118 3505 1131 3520 ,

186 3539 271 3595 79.
307 3542 535 3608 Ἐλασες
563 3544 660 3615 τὴν
694 3543 941 3616 βοήθειάν
967 3563 1058 3600 σου
1091 3548 1186 3600 ἀπ’
1210 3547 1415 3601 αὐτῶν.

1856 3548 1945 3604 79.
1976 3550 2260 3605 Abstulisti
2285 3550 2614 3621 adjutorium
2638 3559 2789 3607 tuum
2815 3553 2883 3606 ab
2908 3553 3056 3623 ipsis.

186 3632 268 3687 80.
294 3633 365 3686 Τὸ
388 3632 588 3705 θράσος
618 3636 796 3690 αὐτῶν
817 3635 894 3707 (5)
920 3638 1211 3709 μετέϐαλες
1243 3642 1322 3703 είς
1350 3638 1571 3694 δειλίαν.

1868 3641 1946 3696 30.
1974 3640 2268 3697 Audaciam
2310 3657 2498 3697 eorum
2539 3644 2851 3700 convenisti
2897 3644 2951 3699 in
2977 3643 3340 3703 formidinem.

185 3721 267 3777 81.
315 3725 773 3798 ᾘχμαλώτευσαν
804 3730 1001 3796 αὐτοὺς
1020 3732 1090 3785 τὰ
1113 3732 1261 3805 ἔθνη.

1888 3732 1940 3786 1.
1970 3732 2027 3787 lu
2066 3732 2433 3802 captivitatem
2459 3733 2801 3789 abduxerunt
2827 3750 2923 3790 eos
2957 3741 3163 3807 gentes.

186 3811 267 3866 82.
299 3814 393 3880 Εἰς
429 3816 675 3871 δουλείαν
700 3820 954 3888 γεγόνασι
982 3824 1097 3886 τοῖς
1128 3821 1303 3877 ἔθνεσι
1339 3822 1437 3896 (4).

1854 3822 1942 3878 82.
1975 3822 2033 3877 In
2056 3824 2366 3879 servitutem
2393 3821 2520 3879 facti
2547 3832 2674 3880 sunt
2709 3823 2979 3898 gentibus.

185 3905 269 3961 83.
291 3910 797 3983 Κατακυριεύεσθαι
829 3912 1023 3978 αὐτοὺς
1046 3913 1429 3987 συνεχώρησας
1451 3915 1556 3970 ὑπὸ
1576 3916 1657 3969 τῶ

1872 3915 1940 3970 ιε.
1974 3914 2274 3971 Permisisti
2311 3922 2372 3970 ut
2409 3916 2658 3972 homines
2686 3917 2742 3972 in
2785 3931 2881 3974 eos
2908 3916 3344 3977 dominarentur.

125 3994 437 4070 ἀνθρώπων.

185 4088 267 4145 80.
298 4093 500 4158 Είασας
525 4096 725 4161 αὐτοὺς
759 4097 1078 4169 σαλευθῆναι
1109 4098 1186 4168 (5)
1218 4100 1310 4154 ὑπ’
1334 4099 1534 4154 αὐτῶν.
1600 4092 1604 4096 ’

1278 4100 1310 4153 ι’
1334 4099 1534 4154 αὐτῶν.
1600 4092 1604 4096 ’
1853 4092 1941 4150 84.
1975 4093 2161 4150 Sivisti
2187 4110 2282 4151 eos
2310 4096 2379 4152 ab
2408 4097 2538 4167 ipsis
2557 4098 2750 4169 jactari

183 4179 266 4237 85.
305 4185 610 4260 ’Δνίσχυροι
632 4189 937 4257 γεγόνασιν.

1854 4183 1946 4239 85.
1969 4182 2171 4240 Inﬁrmi
2197 4184 2326 4240 facti
2348 4196 2494 4241 sunt.

184 4270 266 4327 86.
294 4273 558 4345 Πρόνοιαν
591 4277 770 4330 αὐτῶν
801 4280 899 4332 οὐκ
926 4278 1007 4333 ἔτι
1030 4281 1271 4352 ἐποιήσω
1302 4280 1397 4351 (6).

1710 4281 1765 4342 D‘
1852 4272 1943 4328 86.
1978 4272 2096 4329 Non
2127 4276 2360 4345 amplius
2392 4292 2577 4332 curam
2601 4279 2667 4335 de
2689 4279 2795 4335 illis
2819 4281 3051 4351 gessisti.

183 4362 268 4419 87.
292 4366 402 4437 Τὴν
438 4369 740 4439 περιτομὴν
777 4370 988 4429 ἑαυτῶν
1009 4371 1300 4440 κατέλεγεν
1330 4372 1430 4443 (7).

1857 4360 1947 4416 87.
1977 4358 2182 4416 Eorum
2209 4364 2676 4422 circumcisionem
2702 4369 3020 4438 reprobasti.

184 4453 265 4511 88.
291 4457 400 4530 Τὴν
424 4457 582 4524 δόξαν
602 4460 782 4515 αὐτῶν
806 4462 898 4515 καὶ
917 4464 1015 4534 τὴν
1040 4464 1420 4534 ὑπερηφανίαν
1444 4466 1527 4528 είς
1549 4481 1656 4519 σπο

1869 4454 1945 4509 i8.
1972 4452 2210 4509 Gloriam
2238 4469 2427 4511 eorum
2454 4467 2508 4511 et
2536 4460 2844 4530 superbiam
2870 4460 2923 4515 in
2948 4460 3221 4531 pulverem
3248 4463 3341 4519 de-

124 4543 201 4601 δδν
223 4550 552 4621 κατήγαγες.
1360 4616 1369 4629 Γ

527 4571 552 4607 τ.
1360 4616 1369 4629 ν
1780 4545 1999 4603 duxisti.

183 4635 263 4693 89.
294 4640 407 4711 Τῆς
442 4640 664 4695 αἰωνίου
697 4643 841 4714 ζωῆς
863 4645 1259 4718 ἐστερήθησαν.

1849 4637 1937 4695 89.
1971 4637 2198 4695 Ειεινιιο
2228 4638 2341 4694 via
2371 4639 2570 4709 privati
2598 4648 2743 4695 sunt.

185 4726 263 4785 90.
288 4733 398 4786 Καὶ
418 4735 477 4787 ὲν
507 4733 586 4805 τῷ
609 4734 723 4798 νῦν,
757 4736 850 4790 καὶ
875 4740 932 4790 ὲν
961 4737 1037 4809 τῷ
1066 4737 1310 4810 μέλλοντι
1349 4738 1527 4792 αἰῶνι.

1850 4730 1939 4786 90.
1966 4732 2035 4786 Ει
2058 4732 2114 4787 in
2148 4733 2400 4802 praesenti
2429 4740 2484 4789 et
2509 4731 2562 4787 in
2594 4732 2777 4790 futuro
2804 4735 3018 4792 saeculo.

151 4819 263 4905 .91.
304 4824 361 4876 Ὀ
394 4826 681 4898 προφήτης
703 4827 878 4881 δέεται
909 4829 1050 4901 ὑπὲρ
1093 4827 1275 4883 αὐτῶν
1301 4845 1314 4858 ·
1350 4830 1453 4884 Διά
1489 4829 1547 4883 τι
1581 4846 1623 4882 τι

1870 4822 1940 4877 ll.
1967 4823 2239 4894 Propheta
2270 4840 2371 4896 pro
2402 4825 2535 4896 ipsis
2576 4826 2936 4896 deprecatur:
2966 4827 3141 4894 Quare
3159 4843 3342 4899 perpo-

120 4909 281 4978 Jelwc
300 4914 654 4985 ἀποστρέφῃ
678 4919 900 4985 αὐτούς
912 4930 941 4982 ’,'

834 4920 941 4985 ὐςῖ
1779 4924 1871 4971 tuo
1896 4918 2148 4972 averseris
2175 4920 2306 4973 eos?

186 4996 268 5053 92.
315 5001 433 5055 Ἐπ’
457 5002 657 5067 αὐτοὺς
689 5005 747 5058 ὲν
770 5009 837 5079 τῇ
861 5010 1135 5083 παρουσίᾳ
1158 5028 1254 5064 σου

1850 5006 1939 5063 92.
1973 5004 2145 5078 Super
2172 5021 2266 5064 eos
2296 5008 2352 5062 in
2377 5008 2610 5063 adventu
2644 5016 2753 5063 tuo.

182 5086 263 5143 95.
291 5090 414 5144 Ὀτι
433 5094 506 5163 γῆ
531 5093 627 5147 καὶ
649 5095 841 5160 σποδός
868 5099 1003 5169 είμι.

1850 5097 1939 5154 95.
1973 5096 2131 5165 Quod
2157 5108 2302 5155 terra
2333 5108 2389 5156 et
2418 5100 2597 5170 pulvis
2620 5115 2761 5177 sum.

194 5200 217 5234 ⁸
237 5201 392 5260 Joan.
425 5221 517 5273 xv,
549 5205 645 5262 26.

1064 5303 1371 5367 Addenda
1403 5311 1466 5367 et
1499 5302 1879 5382 corrigenda
1903 5322 1985 5379 ex
2014 5307 2154 5368 cod.
2192 5306 2393 5370 Vatic.

178 5392 250 5476 (1)
279 5396 344 5476 ξς)
365 5398 672 5476 ἀϊριπητός-

1851 5406 1929 5476 (5)
1962 5406 2340 5476 Σκυλευθῆναι.

179 5463 251 5561 S32
279 5463 597 5561 ’ᾼῖξῖὶιξᾲ
1855 5463 1934 5561 ἐξ)
1965 5478 2202 5561 ῑιριήσω·

180 5537 251 5620 Sil
294 5537 597 5620 19.0de
627 5539 811 5620 ρῦτρῦο

1852 5537 1927 5617 (7)
1960 5537 2144 5602 Αὐτῶν
2165 5544 2458 5600 κατέλυσαν

183 5603 255 5673 (ι)
294 5603 544 5665 Ἕθνεσιν
580 5608 770 5664 αὐτοῦ.

419 5700 700 5761 Parnm"
726 5700 843 5762 Gn.
880 5701 1140 5764 xxvn.
1776 5786 1783 5787 ί
2153 5778 2183 5789 ι
2280 5784 2307 5790 Δ
2978 5698 3057 5759 33

2153 5778 2183 5789 Δ»
