3776 6280
397 190 539 245 1055
1227 194 1286 249 S.
1326 193 1693 250 ATIIANASII
1732 195 1880 250 OPP.
1921 194 2101 251 PARS
2141 195 2225 252 Ill.
2263 225 2334 237 —
2371 198 2778 257 EXEGETICA.
3475 210 3626 266 1055

468 311 557 367 9i.
587 310 834 382 Nunquid
855 316 1004 370 enim
1023 329 1156 371 vane
1197 316 1529 373 constituisti
1561 332 1749 373 omnes
1797 317 1943 373 ﬁlios

2132 319 2203 374 l4.
2237 320 2330 389 Μὴ
2367 321 2473 392 γὰρ
2517 323 2760 392 ματαίως
2795 323 3016 387 ἔκτισας
3052 325 3258 389 πάντας
3296 326 3424 390 τοὺς
3457 329 3623 393 υἱοὺς

397 401 723 456 hominum?

2050 414 2156 466 τῶν
2185 412 2280 465 ἁνο
2291 409 2482 483 ρώπων
2503 431 2516 480 ;

468 491 556 546 95.
586 489 718 557 Quis
763 500 845 546 εει
898 492 1060 548 homo
1099 496 1192 565 qui
1244 497 1425 563 vivet,
1476 507 1529 553 et
1590 512 1696 552 non
1747 496 1951 552 videbit

2142 505 2208 557 l5.
2243 506 2337 568 Τίς
2369 509 2514 560 ἐστιν
2546 506 2848 578 ἄνθρωπος,
2883 505 2940 569 ὃς
2967 505 3210 576 ζήσεται,
3245 510 3338 561 καὶ
3365 508 3469 562 οὐκ
3494 509 3633 578 ὅψε-

397 581 665 636 mortem?

2050 612 2138 647 ται
2159 594 2382 648 θάνατον
2399 612 2413 661 ;

467 669 553 725 96.
585 669 746 726 Eruet
765 671 996 728 animam
1027 688 1182 729 suam
1203 674 1272 730 de
1299 690 1459 728 manu
1491 673 1670 728 inferi.

2117 686 2204 741 96.
2247 686 2496 740 Ῥύσεται
2524 687 2624 758 τὴν
2649 687 2827 761 ψυχὴν
2851 687 3013 742 αὑτοῦ
3043 690 3106 742 ἐκ
3142 687 3320 759 χειρὸς
3343 687 3494 760 ᾅδου.

467 761 554 816 97.
590 759 688 816 Ubi
741 773 867 818 sunt
919 765 1308 822 miser’cordiae
1363 775 1468 821 tum
1520 765 1789 834 antiquae,
1843 762 1950 816 Do-

1937 793 1950 802 '
2116 775 2200 830 97.
2240 776 2347 829 Ποῢ
2374 779 2473 829 εἱσι
2502 778 2569 830 ei
2605 778 2726 848 ἑλέη
2761 759 2852 832 σου
2880 778 2948 831 τὰ
2975 778 3196 848 ἀρχαῖα,
3223 759 3428 848 Κύριε,

397 867 542 905 mine
561 891 574 916 ,

465 942 554 996 98.
585 942 730 1009 Quas
747 944 942 1014 jurasti
967 943 1134 1000 David
1163 944 1219 998 in
1248 943 1476 1000 veritate
1505 945 1636 998 tua?

2112 954 2198 1008 98.
2238 957 2304 1008 Ἀ
2331 955 2547 1026 ὤμοσας
2572 957 2650 1026 τῷ
2673 959 2833 1012 Δαϐὶδ
2876 961 2934 1013 ὲν
2964 962 3030 1031 τῇ
3068 959 3294 1030 ἀληθείᾳ
3323 973 3459 1024 σούς

467 1031 556 1087 99.
590 1031 793 1089 Memor
844 1044 961 1090 esto
986 1074 1002 1099 ,
1050 1033 1298 1100 Domine,
1333 1031 1614 1103 opprobrii
1670 1045 1948 1086 servorum

2137 1044 2200 1100 l9.
2229 1045 2530 1115 Μνήσθητι,
2572 1047 2742 1116 Κύριε
2768 1086 2783 1111 ,
2815 1047 2908 1100 τοῦ
2939 1048 3240 1116 ὁνειδισμοῦ
3267 1048 3374 1102 τῶν
3403 1046 3628 1101 δούλων

396 1131 636 1189 tuorum,

2048 1155 2140 1190 σου

460 1213 589 1270 100.
620 1213 774 1280 Quod
799 1217 1038 1272 continui
1076 1218 1129 1271 in
1173 1216 1296 1273 sinu
1328 1229 1452 1287 meo
1491 1213 1783 1270 multarum
1816 1227 1913 1284 gen

2135 1179 2231 1285 00.
2261 1224 2334 1284 υῦ
2357 1229 2592 1301 ὑπέσχου
2624 1229 2903 1304 [ὑπέσχον]
2932 1232 2988 1285 ὲν
3019 1231 3097 1300 τῷ
3133 1230 3317 1299 κόλπῳ
3342 1246 3446 1300 μου
3477 1228 3626 1282 πολ-

394 1313 553 1358 tium.
1052 1367 1055 1369 _

1052 1367 1055 1369 _
2044 1321 2150 1375 λῶν
2183 1319 2368 1375 ἐθνῶν.

465 1393 586 1448 101.
625 1392 777 1459 Quod
816 1392 1274 1463 exprobraverunt
1323 1393 1529 1449 inimici
1569 1393 1666 1459 tui,
1697 1392 1943 1455 Domine,

1826 1392 1943 1485 lin?»
2081 1396 2094 1407 ’
2116 1410 2235 1465 101.
2269 1404 2344 1464 Οὗ
2369 1412 2646 1468 ὼνείδισαν
2679 1415 2725 1466 οἱ
2748 1413 2928 1485 ἐχθροί
2960 1431 3073 1479 σου,
3112 1414 3317 1484 Κύριε,

472 1484 594 1539 102.
621 1483 777 1551 Quod
799 1485 1260 1554 exprobraverunt
1283 1485 1762 1543 commutationem
1789 1482 1946 1539 Chri-

2125 1499 2235 1553 102.
2267 1494 2342 1554 Οὗ
2364 1500 2644 1556 ὠνείδιταν
2668 1504 2732 1557 τὸ
2747 1482 3093 1575 ἀντάλλαγμα
3112 1482 3463 1574 τοῦ-Χριστοῦ
3491 1517 3616 1556 σου.

427 1578 461 1631 ιί
498 1577 596 1631 tui.

395 1589 461 1632 stt
498 1589 596 1632 ιυι.

466 1668 584 1723 105.
613 1667 932 1724 Benedictus
957 1667 1219 1725 Dominus
1248 1670 1302 1723 in
1332 1680 1597 1725 aeternum
1626 1684 1640 1724 :
1673 1667 1784 1730 ﬂat,
1827 1667 1886 1719 lia

2112 1651 2231 1706 105.
2265 1652 2564 1726 Εὐλογητὸς
2589 1653 2792 1725 Κύριος
2814 1655 2892 1719 εἰς
2917 1653 3009 1708 τὸν
3029 1653 3217 1708 αἰῶνα.
3250 1652 3486 1714 Γένοιτο,
3504 1651 3603 1721 γέ-

2050 1759 2207 1796 νοιτο.

483 1841 668 1896 Oratio
703 1841 874 1912 Moysi
904 1843 1131 1900 hominis
1153 1843 1275 1900 Dei.
1315 1842 1519 1900 PSAL.
1557 1837 1872 1896 LXXXIX.

2150 1835 2466 1905 Προσευχὴ
2501 1834 2725 1904 Μωυσῇ
2753 1835 3064 1905 ἀνθρώπου
3096 1835 3170 1906 (a)
3191 1835 3297 1894 τοῦ
3329 1833 3481 1889 Θεοῦ

2630 1908 2859 1962 ΨΑΛΜ.
2888 1907 3020 1960 118⁸.

464 2009 513 2046 ι.
544 1990 795 2057 Domine,
833 1993 1097 2066 refugium
1139 1995 1314 2053 factus
1347 2011 1405 2051 es
1443 1993 1595 2050 nobis
1623 1993 1678 2047 in
1716 2007 1943 2064 genera-

2119 1999 2170 2055 1.
2200 2001 2390 2074 Κύριε,
2417 2001 2705 2072 καταφυγὴ
2759 1987 3024 2073 ἐγενήθης
3052 2003 3181 2074 ἡμῖν
3219 2001 3277 2056 ἐν
3309 2003 3474 2057 "avsi
3511 2000 3607 2055 καὶ

388 2081 537 2137 tione
567 2091 621 2138 et
647 2085 1009 2154 generatione.

734 2085 1009 2142 teratione.
2048 2094 2225 2163 γενεᾷ.

461 2212 535 2285 (a)
581 2215 872 2287 Ἀνθεώπῳ
903 2219 955 2272 in
989 2219 1073 2274 ed.

1497 2331 1868 2388 ATHANASll
1907 2322 2488 2388 INTERPRETATIO.

458 2484 547 2539 9t.
591 2483 846 2556 Nunquid
875 2485 1048 2544 fecisti
1079 2489 1346 2558 homines,
1374 2498 1434 2545 ut
1471 2488 1771 2562 perderes?

2115 2486 2204 2542 94.
2237 2484 2329 2557 Μὴ
2359 2483 2468 2554 γὰρ
2493 2484 2584 2538 ὲπὶ
2612 2484 2672 2538 τὸ
2715 2485 2976 2540 ἀπολέσαι
3003 2487 3306 2557 πεποίηκας
3344 2488 3472 2552 τοὺς
3510 2488 3604 2542 ἀν-

2049 2577 2078 2632 θ
2087 2576 2296 2642 ρώπους
2321 2593 2336 2642 ;

450 2667 537 2735 95,
561 2667 649 2724 96.
693 2668 826 2736 Quis
861 2670 1138 2728 hominum
1186 2680 1360 2743 potest
1397 2672 1600 2740 vivere,
1639 2680 1694 2726 et
1723 2685 1831 2744 pon
1864 2671 1941 2725 vi-

2112 2594 2264 2630 ›ωπου
2321 2593 2336 2642 ;

2117 2668 2205 2732 95,
2228 2593 2315 2722 9;.
2347 2667 2441 2731 Τίς
2464 2665 2684 2722 δύναται
2713 2667 2821 2721 τῶν
2848 2665 3147 2738 ἀνθρώπων
3174 2667 3333 2738 ζῆσαι
3355 2707 3370 2732 ,
3407 2669 3502 2722 καὶ
3529 2670 3603 2740 μὴ

386 2760 514 2814 dere
564 2761 835 2816 mortem?
879 2761 944 2817 Et
992 2763 1038 2818 si
1086 2763 1280 2818 viderit
1323 2772 1572 2826 mortem,
1603 2763 1727 2832 quis
1770 2769 1877 2832 pott

2111 2765 2175 2815 εῖν
2202 2760 2462 2828 θάνατον;
2492 2761 2601 2814 Καὶ
2627 2760 2721 2814 ἐὰν
2764 2760 2848 2833 ἴδῃ
2881 2759 3130 2828 Θάνατον,
3153 2759 3236 2824 τίς
3266 2760 3483 2814 δύναται
3507 2763 3602 2830 ρύ-

387 2865 577 2905 eruere
603 2851 840 2905 animam
871 2867 1048 2918 suam,
1073 2853 1178 2908 uisi
1205 2863 1263 2907 tu
1290 2853 1460 2917 solus,
1483 2853 1576 2922 qui
1602 2859 1818 2921 propter
1847 2866 1878 2904 n

2112 2853 2242 2908 ,σθαι
2272 2854 2371 2924 τὴν
2393 2852 2581 2906 ἑαυτοῦ
2603 2851 2806 2925 ψυχὴν,
2838 2853 2886 2905 εἰ
2927 2851 3002 2923 μὴ
3047 2851 3111 2904 σὺ
3156 2851 3234 2922 (1)
3268 2852 3423 2923 μόνος
3470 2856 3498 2906 ὁ
3535 2853 3603 2905 δι’

390 2938 550 2994 homo
572 2938 747 2996 factus
768 2944 870 2996 es?
898 2939 1107 2996 Etenim
1137 2956 1245 2996 non
1271 2941 1445 2997 solum
1475 2956 1534 2996 se
1560 2941 1736 3011 ipsum
1769 2954 1881 2994 SUSt

2114 2948 2189 3009 ιᾶς
2217 2945 2504 3015 γενόμενος
2525 2942 2837 3014 ᾶνθρωπος;
2863 2943 2936 2996 Οὐ
2962 2943 3119 3013 μόνον
3144 2943 3252 3014 γὰρ
3302 2945 3487 2997 ἑαυτὸν
3518 2948 3605 2999 ἁν-

386 3033 541 3096 tavit,
583 3032 679 3088 sed
711 3033 879 3090 multa
929 3049 1150 3104 corpora
1203 3042 1505 3087 sanctorum
1531 3073 1545 3100 ,
1589 3033 1676 3102 qui
1729 3031 1874 3082 dorm

2115 3051 2289 3105 τησεν,
2301 3034 2435 3088 ἀλλὰ
2451 3032 2548 3088 καὶ
2564 3033 2763 3089 πολλὰ
2777 3032 3016 3102 σώματα
3037 3031 3151 3087 τῶν
3165 3035 3606 3104 κεκοιμημένω-

389 3135 511 3178 rant
534 3127 576 3180 ’.

2044 3126 2229 3196 ἁγίων
2261 3124 2517 3195 ἤγειρεν.

455 3213 544 3277 97,
569 3211 656 3267 98.
691 3213 792 3268 Ubi
831 3222 959 3269 sunt
1001 3211 1420 3278 misericordiae,
1467 3224 1606 3282 quas
1650 3206 1946 3279 promisisti

2115 3217 2204 3280 97,
2240 3215 2327 3270 98.
2365 3215 2472 3268 Ποῦ
2502 3216 2660 3281 εἰσιν,
2682 3215 2719 3270 ἃ
2743 3215 3050 3285 ἑπηγγείλω
3071 3215 3146 3286 τῷ
3172 3215 3284 3288 Υἱῷ
3314 3234 3406 3270 σου
3433 3218 3603 3271 ποιεῖν

387 3303 526 3358 Filio
555 3311 646 3358 tuo
672 3303 850 3360 facere
870 3318 1032 3374 super
1056 3319 1246 3358 omnes
1268 3303 1292 3358 ἵ

1070 3303 1292 3358 )mnes‘!
1970 3296 2013 3353 C
2044 3307 2136 3361 ἐπὶ
2168 3307 2372 3370 πάντας
2403 3306 2561 3378 neq;

459 3393 546 3460 99,
581 3393 700 3449 100.
730 3392 1056 3462 Recordare,
1090 3393 1337 3458 Domine,
1361 3392 1505 3464 quod
1531 3388 1836 3462 opprobriis
1863 3385 1942 3442 af-

2112 3399 2196 3464 99,
2228 3398 2348 3455 100.
2374 3397 2650 3471 Μνήσθητι
2678 3438 2692 3463 ,
2725 3396 2894 3468 Κύριε
2916 3438 2930 3462 ,
2966 3397 3047 3450 ὅτι
3099 3397 3460 3470 ὀνειδιζόμεθα
3497 3399 3603 3453 ὑπὸ

387 3486 600 3542 {icimur
629 3487 697 3542 ab
726 3487 1051 3543 adversariis
1081 3485 1440 3558 potestatibus
1468 3484 1806 3540 dicentibus:
1840 3481 1878 3537 U

2112 3510 2146 3547 »ν
2179 3491 2434 3544 ἐναντίων
2464 3476 2744 3560 δυνάμεων
2777 3487 3038 3556 λεγόντων
3056 3505 3068 3518 ο
3089 3489 3196 3542 Ποῦ
3224 3489 3408 3543 εἰσινᾶ
3435 3492 3603 3560 ἐπηγ-

387 3587 534 3645 sunt,
570 3595 690 3649 qua:
715 3578 962 3650 promisit
986 3577 1128 3634 Deus
1153 3577 1436 3634 ostendere
1465 3577 1614 3647 genti
1642 3575 1854 3630 David?

2037 3584 2250 3654 γείλατο
2267 3585 2296 3636 ὁ
2322 3583 2452 3645 Θεὸς
2476 3579 2781 3634 δείκνυσθαι
2811 3578 2950 3633 ἔθνει
2979 3579 3072 3634 τοῦ
3102 3581 3263 3634 Δαὸίδ
3287 3580 3362 3650 (2)
3389 3597 3404 3645 ;

457 3669 578 3724 101.
602 3668 792 3726 Judaei.

2111 3677 2233 3732 101.
2267 3679 2330 3730 Οἱ
2371 3675 2607 3730 Ἰουδαῖοι
2638 3673 2735 3745 (ὅ).

457 3762 580 3818 102.
606 3762 830 3829 Quando
874 3763 1160 3818 conviciati
1205 3769 1332 3817 sunt
1375 3759 1512 3816 Filio
1537 3769 1652 3827 tuo,
1682 3762 1772 3833 qui
1796 3761 1943 3817 dedit

2119 3769 2239 3823 102.
2268 3769 2394 3822 Ὅτε
2425 3767 2704 3823 ὼνείδισαν
2756 3769 2846 3822 τὸν
2896 3771 3020 3824 Υῐόν
3061 3786 3151 3823 σου
3193 3770 3284 3823 τὸν
3339 3767 3602 3822 δεδωκότα

389 3868 446 3908 se
475 3853 650 3923 ipsum
696 3855 1175 3910 commutationem
1215 3868 1314 3923 pro
1344 3853 1545 3922 populo
1576 3863 1687 3918 tuo,
1720 3853 1813 3924 qui
1843 3869 1875 3908 ιι

2106 3858 2235 3914 ,υτὸν
2258 3856 2608 3924 ἀντάλλαγμα
2624 3858 2762 3928 ὑπὲρ
2777 3857 2870 3912 τοῦ
2890 3858 3018 3912 λαοῦ
3043 3876 3135 3912 σου
3152 3858 3243 3912 τοῦ
3270 3858 3597 3929 χρισθέντος.

387 3951 508 3996 etus
539 3951 643 3997 est.

462 4033 580 4086 105.
611 4033 804 4101 Amen,
836 4050 1012 4090 amen.

2118 4031 2238 4086 105.
2278 4029 2470 4102 Ἀμὴν,
2505 4032 2673 4103 ἀμήν.

469 4146 533 4198 Ἠ
572 4147 899 4219 προκειμένη
926 4146 1199 4218 ἐπιγραφὴ
1225 4144 1464 4216 περιέχει
1485 4143 1853 4214 σαπροσευχὴ
1875 4142 1955 4209 τῷ
1974 4143 2217 4199 Μωυσεῖ
2235 4141 2550 4212 ἀνθρώπου
2591 4143 2666 4215 (4)
2691 4143 2798 4198 τοῦ
2825 4143 2991 4199 Θεοῦ.
3021 4143 3166 4215 Αὕτη
3198 4139 3290 4198 οὖν
3339 4144 3602 4214 ἑρμηνεία

389 4238 640 4311 ὑπάρχει.
671 4241 928 4311 Μωλῡσῆς
954 4241 1258 4310 ἀνάληψις
1283 4239 1659 4312 ἑρμηνεύεται.
1690 4239 1806 4302 Πᾶς
1835 4234 1926 4293 οὖν
1953 4239 2236 4310 ἄνθρωπος
2262 4237 2356 4291 τοῦ
2394 4238 2530 4292 Θεοῦ
2558 4239 2915 4311 προσεύχεται
2943 4239 3034 4292 τὸν
3077 4239 3430 4310 προκείμενον
3460 4238 3569 4308 ψαλ
3591 4269 3602 4278 -

391 4333 489 4401 μὸν
514 4336 578 4404 τῇ
600 4334 882 4406 ἀναλήψει,
910 4336 1154 4389 τουτέστι
1190 4335 1269 4406 τῷ
1316 4333 1428 4403 fit?)
1475 4331 1570 4386 τοῦ
1613 4332 1768 4386 Θεοῦ.
1798 4333 1870 4386 Od

2118 4350 2185 4397 τε,
2218 4332 2529 4401 προσευχὴ
2579 4332 2874 4399 Μωυσέως
2905 4332 3005 4404 (5),
3061 4332 3194 4386 ἀλλὰ
3240 4331 3318 4398 τῷ
3372 4333 3609 4387 Musaei

387 4427 582 4482 ὡσανεὶ
606 4430 672 4499 τῇ
699 4428 957 4500 ἀναλήψει
979 4429 1266 4502 [τουτέστι]
1291 4428 1366 4499 τῷ
1394 4427 1504 4497 Υἱῷ
1524 4426 1617 4480 τοῦ
1640 4425 1796 4491 Θεοῦ,
1827 4423 2008 4489 καθὼς
2045 4426 2122 4497 (6)
2157 4426 2518 4497 προείπαμεν,
2541 4428 2621 4480 ὅτι
2641 4426 2867 4490 ἕκαστος
2897 4425 3006 4479 τῶν
3025 4425 3119 4478 τοῦ
3149 4425 3282 4479 Θεοῦ
3302 4423 3602 4494 ἀνθρώπων

386 4515 556 4581 οὕτως
580 4521 958 4590 προσεύχεται,
991 4522 1171 4585 καθὼς
1193 4524 1222 4576 ὁ
1263 4520 1474 4591 eam;
1500 4519 1766 4590 περιέχει.

458 4629 668 4688 Titulus
698 4638 1020 4706 praepositus
1042 4637 1318 4693 continet:
1351 4635 1536 4692 Oratio
1565 4635 1738 4704 Moysi
1764 4634 1988 4688 hominis
2017 4633 2137 4688 Dei.
2169 4635 2295 4690 Haec
2345 4635 2508 4706 igitur
2549 4634 2919 4704 interpretatio
2956 4641 3056 4689 est.
3089 4631 3292 4702 Moyses
3316 4633 3600 4700 assumptio

386 4727 792 4796 interpretatur.
824 4731 1013 4789 Omnis
1037 4733 1200 4803 igitur
1221 4733 1387 4786 homo
1416 4730 1508 4786 Dei
1535 4739 1656 4785 orat
1689 4730 1996 4800 appositum
2026 4729 2293 4799 psalmum
2344 4729 2729 4801 assumptioni,
2755 4729 2856 4784 hoc
2887 4737 2967 4783 est
3004 4726 3142 4780 Filio
3168 4723 3283 4780 Dei.
3314 4723 3432 4779 Non
3458 4724 3600 4778 enim

384 4819 544 4885 dixit,
570 4821 740 4873 oratio
761 4818 986 4889 Moysis,
1013 4822 1105 4876 sed
1141 4821 1335 4892 Moysi,
1365 4819 1588 4891 perinde
1615 4835 1678 4875 ac
1707 4821 1753 4873 si
1781 4819 2015 4890 dixisset
2041 4822 2421 4890 assumptioni,
2454 4823 2555 4876 hoc
2573 4827 2657 4876 est
2675 4819 2810 4874 Filio
2841 4818 2954 4885 Dei,
2990 4817 3130 4872 sicut
3159 4825 3317 4871 antea
3344 4815 3600 4880 diximus,

383 4915 532 4985 quod
564 4915 940 4985 unusquisque
967 4917 1126 4971 homo
1159 4916 1249 4972 Dei
1276 4917 1348 4971 ita
1377 4925 1496 4970 orat
1529 4915 1988 4986 quemadmodum
2026 4915 2270 4986 psalmus
2297 4916 2559 4970 continet:

452 5009 504 5061 1.
526 5007 624 5083 Ab
650 5007 804 5074 Abel,
827 5014 880 5063 et
916 5008 970 5062 in
999 5007 1224 5078 singulis
1258 5008 1714 5081 generationibus.

2107 5007 2158 5062 1.
2207 5008 2338 5060 Ἀπὸ
2367 5007 2551 5071 Ἀϐελ,
2584 5008 2678 5060 καὶ
2711 5006 2789 5076 (7)
2811 5005 2932 5059 καθ’
2961 5005 3194 5073 ἑκάστην
3226 4998 3434 5070 γενεάν.

454 5123 474 5153 ⁹
503 5118 689 5174 Matth.
726 5136 896 5184 xxvu,
927 5120 1013 5176 52.

1334 5213 1641 5278 Addenda
1669 5219 1731 5275 et
1759 5215 2133 5294 corrigenda
2185 5230 2261 5274 ex
2298 5211 2440 5274 cod.
2470 5213 2670 5277 Vatic.

457 5352 532 5427 (1)
564 5356 624 5427 Εἰ
662 5357 736 5426 μὴ
777 5358 1054 5427 μόνοςκσύ»
1088 5369 1190 5414 etc-

1971 5361 2015 5416 D
2043 5356 2286 5412 Μωῠσεῖ
2301 5357 2604 5425 ἀνθρώπῳ,
2638 5366 2740 5414 etc.

561 5422 1007 5499 :Avas'ei'xvucﬂat
1034 5429 1160 5499 ἔθνη
1181 5429 1272 5482 τοῦ
1297 5427 1432 5481 Θεοῦ
1460 5444 1474 5493 ;
2121 5427 2196 5499 (5)
2228 5427 2330 5479 Τοῦ
2361 5422 2657 5499 Μῳῦσέως·

456 5493 531 5562 (3)
559 5492 713 5548 Deest
739 5500 790 5549 οἱ
842 5499 1120 5552 Ἰουδαῖοι.
1150 5492 1160 5499 ”
1463 5492 1466 5493 ν
2234 5496 2514 5566 Ἀναλήψει
2536 5502 2587 5554 τ.
2629 5498 2694 5555 Υ.
2726 5515 2776 5553 τ.
2802 5496 2861 5550 Θ.
2888 5496 3048 5559 καθά,
3075 5503 3181 5550 etc.

456 5557 531 5638 (4)
571 5564 632 5616 Ἦ
655 5565 742 5618 διὰ
776 5567 871 5638 τῆς
903 5570 1267 5638 κινναϐάρεως
1293 5568 1567 5638 περιέχει·
1621 5567 1935 5635 Προσευχὴ
2119 5501 2197 5638 (7)
2228 5568 2336 5620 Καί
2370 5569 2533 5622 deest.

455 5557 531 5638 (4)
571 5564 632 5616 Ἦ
655 5565 742 5618 διὰ
776 5567 871 5638 τῆς
903 5570 1267 5641 κινναϐάρεως
1293 5568 1567 5639 περιέχει·
1621 5567 1935 5635 Προσευχὴ
2228 5568 2336 5620 Καί
2370 5557 2533 5622 deest.
