3776 6280
137 255 280 308 1037

1013 248 1103 304 DE
1141 247 1415 304 TITULIS
1450 247 1896 305 PSALMORUM.
1922 280 1990 291 —
2012 249 2205 306 PSAL.
2251 248 2536 304 LXXXIX.

3239 253 3375 310 1038

206 368 267 422 2.
299 367 414 438 Πρὸ
433 366 528 418 τοῦ
552 366 653 437 ὅρη
677 364 990 437 γενηθῆναι,
1015 365 1112 420 καὶ
1134 364 1435 436 πλασθῆναι
1461 365 1558 438 τὴν
1585 367 1708 436 γῆν,

1885 366 1940 420 2.
1972 363 2294 438 Priusquam
2323 376 2532 423 montes
2556 367 2766 433 tierent,
2793 374 2847 420 et
2877 363 3202 421 iormaretur
3234 374 3377 424 terra

131 459 228 512 καὶ
266 458 372 529 τὴν
400 456 750 528 οἰκουμένην,

202 550 264 605 3.
294 550 404 604 Καὶ
433 548 542 602 ἀπὸ
569 546 662 602 τοῦ
693 546 888 612 αἰῶνος
917 547 1012 602 καί
1044 548 1150 612 ἕως
1174 545 1268 602 τοῦ
1301 546 1494 611 αἰῶνος
1523 546 1585 599 σὺ
1614 542 1681 600 εῐ.

201 640 264 693 4.
293 639 384 710 Μὴ
427 637 778 710 ἁποστρέψῃς
805 637 1089 710 ἄνθρωπον
1119 640 1198 702 εἰς
1227 636 1550 692 ταπείνωσιν
1570 654 1584 667 ο

204 732 263 786 5.
301 731 412 785 Καὶ
440 725 601 794 εἴπας
623 746 638 760 ·
685 730 1099 802 Ἐπιστρέψατε,
1128 731 1232 785 uio}.
1248 730 1354 784 τῶν
1384 729 1706 802 ἀνθρώπων.

215 823 272 878 6.
305 824 427 877 Ὅτι
450 822 596 893 χίλια
628 821 720 892 ἔτη
745 823 802 876 ὲν
827 822 1122 894 ὀφθαλμοῖς
1162 840 1279 890 σου,
1318 821 1511 894 Κύριε,
1541 822 1708 893 dig-(rt)

126 914 341 978 ἡμέρα,

148 932 240 967 me
283 932 341 978 α,

148 969 181 985 Η
198 932 280 1061 7.p
302 1007 364 1059 Ἦ
393 1005 568 1077 ἐχθὲς,
591 1005 712 1076 ἥτις
736 1005 940 1077 διῆλθε,
974 1006 1068 1062 καὶ
1097 1005 1312 1078 φυλακὴ
1337 1009 1395 1061 ὲν
1425 1007 1599 1073 νυκτὶ,

199 1183 256 1238 8.
289 1183 368 1237 Τὰ
393 1183 800 1256 ὲξουδενώματα
831 1187 1011 1242 αὐτῶν
1035 1186 1129 1259 ἐτη
1163 1186 1400 1242 ἔσονται.

198 1277 256 1333 9.
292 1277 364 1330 Τὸ
395 1263 538 1347 πρὶυι
567 1277 699 1330 ὡσεὶ
731 1278 860 1350 χλόη
892 1278 1184 1352 παρέλθοι·

199 1367 291 1422 10.
323 1368 399 1420 Τὸ
422 1368 568 1442 πρωὶ
591 1369 842 1440 ἀνθήσαι,
874 1372 969 1425 καὶ
1008 1371 1297 1442 παρέλθοιο

199 1458 290 1512 11.
321 1458 397 1511 Τὸ
418 1459 653 1532 ἑσπέρας
680 1461 964 1527 ἀποπέσοι,
989 1461 1368 1534 σκληρυνθείη,
1394 1463 1486 1516 καὶ
1502 1461 1701 1534 ξηραν-

128 1550 270 1625 θείη.

197 1642 287 1699 12.
323 1643 447 1697 Ὀτι
485 1643 802 1715 ὲξελίπομεν
829 1645 886 1698 ὲν
907 1647 972 1717 τῇ
1003 1645 1140 1716 ὀργῇ
1173 1662 1264 1698 σου
1288 1661 1302 1674 ·

197 1734 287 1788 15.
320 1735 434 1788 Καὶ
467 1736 525 1788 ἐν
554 1735 631 1806 τῷ
657 1735 814 1806 θυμῷ
837 1754 930 1790 σου
965 1737 1366 1809 ἐταράχθημεν.

195 1824 284 1878 14.
308 1826 474 1880 Ἐθου
490 1826 588 1891 τὰς
602 1828 827 1898 ἀνομίας
841 1827 996 1899 ἡμῶν
1023 1829 1262 1884 ἐναντίον
1279 1829 1554 1904 [ἐνώπιόν]
1581 1845 1696 1884 σου·

198 1919 288 1973 15.
336 1920 396 1973 '0
426 1919 561 1995 αἰὼν
579 1920 735 1991 ἡμῶν
755 1922 835 1984 εἰς
857 1919 1134 1992 φωτισμὸν
1159 1920 1251 1976 τοῦ
1271 1921 1559 1994 προσώπου
1579 1938 1696 1977 σου.

192 2122 272 2192 (a)
303 2120 459 2177 Vers.
505 2150 550 2177 ο.
588 2122 700 2186 Ὦς,
729 2131 859 2186 etc.,
891 2120 1066 2178 νυκτί.

1817 468 1870 515 et
1899 458 2066 522 orbis.

1884 552 1936 607 5.
1977 551 2040 604 Et
2070 565 2100 605 a
2130 549 2350 615 saeculo,
2386 557 2440 605 et
2469 533 2642 620 usque
2669 547 2723 603 in
2751 548 3007 603 smcuium
3048 557 3105 603 tu
3135 564 3215 604 es.

1884 641 1936 696 4.
1971 640 2049 696 Ne
2081 651 2294 698 avertas
2322 642 2598 696 hominem
2632 639 2685 695 in
2715 639 3112 694 humilitatem:

1883 735 1934 789 5.
1969 733 2030 788 Et
2053 733 2237 788 dixisti
2265 751 2278 787 :
2303 731 2716 797 Convertimini,
2747 731 2841 800 tilii
2873 731 3177 786 hominum.

1879 825 1932 879 6.
1966 823 2229 892 Quoniam
2264 825 2411 880 mille
2431 825 2557 879 anni
2580 831 2705 878 ante
2734 821 2924 876 oculos
2956 829 3097 886 tuos,
3124 813 3374 881 Domine.

1809 929 2063 991 tanquam
2092 919 2209 976 dies
2242 917 2529 992 [tanquam
2557 917 2612 980 in
2643 913 2850 987 nocte],

1883 1009 1935 1064 7.
1967 1009 2092 1066 Dies
2122 1011 2398 1078 hesterna,
2431 1019 2553 1081 quae
2586 1004 2878 1078 fpraeteriit,
2914 1011 2972 1060 et
3014 1002 3266 1060 custodia
3315 1004 3371 1060 in

1809 1111 1992 1166 nocte,

1873 1193 1927 1248 8.
1959 1192 2091 1258 Qua:
2122 1205 2220 1260 pro
2252 1187 2424 1243 nihilo
2447 1183 2716 1242 habentur
2744 1201 2933 1243 eorum
2957 1185 3088 1243 anui
3115 1196 3296 1243 erunt.

1875 1287 1926 1342 9.
1959 1283 2112 1338 Mane
2134 1283 2276 1339 sicut
2299 1281 2466 1336 herba
2492 1287 2734 1338 transeat
2760 1299 2774 1334 :

1877 1376 1960 1432 l0.
1992 1375 2147 1431 Mane
2174 1374 2364 1429 ﬂoreat
2390 1383 2444 1428 et
2475 1379 2760 1428 transeat:

1871 1469 1958 1522 11.
1986 1465 2220 1537 Vespere
2241 1461 2472 1528 decidat,
2505 1461 2720 1517 induret
2739 1459 2793 1517 et
2813 1469 3046 1518 arescat.

1871 1645 1957 1699 12.
1992 1643 2133 1710 Quia
2165 1639 2472 1698 defecimus
2498 1639 2554 1694 in
2591 1637 2669 1694 ira
2697 1649 2787 1694 tua
2819 1657 2832 1692 :

1735 1747 1778 1802 Β
1873 1737 1960 1790 15.
2002 1735 2066 1790 Et
2088 1735 2140 1790 in
2165 1732 2349 1788 furore
2372 1743 2466 1788 tuo
2490 1730 2690 1787 turbati
2722 1745 2933 1786 sumus.

1877 1827 1964 1883 14.
1995 1824 2234 1883 Posuisti
2257 1824 2569 1896 iniquitates
2595 1831 2814 1879 nostras
2845 1822 2900 1878 in
2922 1825 3212 1895 conspectu
3239 1829 3364 1880 tuo:

1909 1920 1963 1975 5.
1991 1915 2262 1978 Saeculum
2282 1934 2524 1981 nostrum
2551 1926 2605 1980 in
2628 1925 3028 1984 iiiuminatione
3049 1925 3232 1983 vultus
3262 1923 3366 1982 tui.

1252 2275 1632 2378 ATilANASll
1672 2320 2252 2382 INTERPRETATIO.

196 2523 251 2587 2,
287 2522 342 2578 5.
367 2522 443 2592 (1)
477 2521 565 2585 Ὠς
589 2520 696 2594 γὰρ
715 2521 883 2586 ἀΐδιος
904 2521 1032 2586 Θεὸς
1054 2521 1269 2577 πάντων
1299 2523 1690 2595 προϋπάρχων,

117 2616 198 2680 ὡς
243 2615 468 2668 πάντων
500 2613 856 2685 Δημιουργὸς,
909 2611 1032 2667 οὔτε
1065 2613 1238 2686 ἀρχὴν
1265 2615 1486 2686 ἡμερῶν
1519 2613 1692 2684 ἔχετο,

121 2707 248 2761 οὔτε
280 2707 432 2778 ζωῆς
462 2707 634 2770 τέλος.

189 2800 245 2854 4.
275 2799 370 2871 Μὴ
396 2798 568 2863 οὕτως
597 2799 762 2873 ἐάσῃς
787 2801 933 2870 ἡμᾶς
969 2799 1027 2851 ὲν
1049 2798 1347 2870 ἁμαρτίαις
1381 2800 1540 2863 ὄντας
1563 2799 1696 2853 ἀπο-

125 2893 356 2965 στρέψαι
394 2893 475 2956 είς
503 2894 626 2963 γῆν,
652 2891 712 2956 ἐξ
740 2886 807 2963 ἧς
837 2889 1172 2962 ὲλήφθημεν.

193 2985 246 3039 5.
281 2985 396 3040 Καὶ
447 2981 626 3049 εἶπας·
667 2987 750 3038 Οὐ
790 2985 1094 3054 ,ϐούλομαι
1142 2986 1249 3041 τὸν
1293 2985 1550 3041 θάνατον
1593 2983 1699 3038 τοῦ

121 3076 497 3148 ἁμαρτωλοῦ,
531 3078 612 3144 ὡς
643 3077 707 3132 τὸ
739 3077 1112 3148 ἐπιστρέψαι,
1143 3079 1241 3134 καὶ
1272 3077 1379 3148 ζῇν
1405 3075 1611 3132 αὐτόν.

190 3169 244 3226 6.
289 3171 356 3224 Ἦ
378 3170 560 3242 ἡμέρα
584 3170 682 3242 τῆς
707 3171 958 3242 κρίσεως.

191 3264 245 3318 7.
295 3263 384 3326 Ὦς
414 3265 447 3334 ἡ
479 3261 824 3335 παρελθοῦσα
861 3264 1066 3336 ἡμέρα,
1099 3263 1270 3327 οὕτως
1308 3263 1577 3332 διερχεται
1602 3259 1697 3314 καὶ

127 3356 159 3426 ἠ
194 3355 382 3426 ἡμέρα
411 3355 509 3426 τῆς
541 3355 802 3426 κρίσεωςο
842 3355 935 3408 καὶ
967 3354 1156 3427 ὥσπερ
1202 3357 1257 3408 ὲν
1306 3353 1460 3406 νυκτὶ
1490 3352 1566 3424 (2)
1598 3369 1698 3422 φυ-

121 3447 259 3518 λακή
296 3449 464 3512 ἐστιν,
492 3446 662 3510 οὕτως
689 3448 782 3501 καὶ
807 3446 945 3518 μετὰ
974 3446 1070 3518 τὴν
1098 3447 1309 3518 ἡμέραν
1333 3445 1432 3516 τῆς
1457 3444 1692 3516 κρίσεως

122 3537 394 3608 ἀσφάλεια
417 3538 618 3605 ἔσεται,
660 3539 872 3610 καὶτῆς
899 3537 1114 3592 αἰωνίου
1135 3537 1300 3608 ζωῆς,
1334 3536 1540 3606 καὶτῆς
1566 3536 1695 3588 αἰω-

123 3629 234 3682 νίου
275 3629 571 3694 κολᾶσεως.

191 3721 246 3777 8.
281 3723 347 3776 Ai
368 3722 615 3787 κολάσεις
633 3724 830 3789 αὐτῶν,
885 3725 943 3778 ὲν
1002 3720 1092 3788 αῖς
1144 3721 1500 3796 ἀναρίθμητοι
1547 3721 1696 3776 ἔσον-

123 3831 214 3868 ται
242 3814 347 3886 (3).

195 3907 250 3962 2.
295 3908 360 3961 Ἠ
392 3909 655 3981 νηπιότης
685 3909 761 3974 ὡς
799 3909 926 3981 χλόη
959 3911 1234 3984 παρέλθοι.

197 3999 287 4054 10.
323 4001 433 4054 Καὶ
473 4001 634 4056 πάλιν
664 4002 864 4068 εὐθέως
895 4004 1212 4076 ήνηπιὸτης
1232 4004 1452 4077 ἀνθήσει
1473 4005 1552 4066 είς
1578 4001 1693 4056 νεό-

122 4110 283 4164 τητα,
311 4093 406 4146 καὶ
435 4093 572 4165 αὐτὴ
595 4093 794 4164 ὁμοίως
833 4095 1240 4165 παρελεύσεται.

193 4185 282 4240 11.
320 4187 486 4240 Ὅταν
514 4187 573 4240 δὲ
595 4187 834 4262 γηράσῃ,
856 4189 1339 4260 συγκαμφθήσεται
1369 4191 1462 4243 καὶ
1508 4189 1693 4242 τελευ-

125 4279 300 4351 τήσει.

195 4369 286 4424 12.
321 4371 444 4424 Ὅτι
473 4371 874 4444 ἡμαρτηκότων
925 4369 1084 4444 ἡμῶν
1125 4371 1212 4426 διὰ
1261 4371 1361 4442 τῆς
1413 4375 1697 4445 παρακοῆς

123 4461 424 4533 ὼργίσθης,
448 4463 542 4515 καὶ
569 4463 914 4536 ἀπέστρεψας
939 4466 1087 4537 ἡμᾶς
1114 4465 1211 4537 (4).

198 4555 286 4610 13.
325 4554 446 4608 Ὅτι
485 4554 693 4626 ἐλήφθη
718 4573 806 4626 με,
839 4556 930 4610 καὶ
950 4556 1024 4627 (5)
1057 4554 1399 4626 θυμωθέντος
1429 4574 1524 4611 σου
1553 4560 1696 4628 ἀφα-

124 4647 317 4718 νισμὺς
356 4645 674 4717 ἐγενόμεθα.

196 4739 286 4796 ﬂ.
335 4739 840 4812 Ἀναγεγραμμέναι
878 4740 1014 4794 εἰσὶν
1039 4738 1198 4812 ἡμῶν
1228 4739 1286 4794 ai
1329 4741 1550 4812 ἀνομίαι
1605 4743 1691 4796 ὲν-

123 4833 301 4888 ὡπιόν
327 4849 446 4888 σου.

197 4917 396 4982 15.’⁴Η
424 4925 536 4996 ζωὴ
565 4923 720 4996 ἡμῶν
748 4924 969 4996 γένηται
1000 4923 1410 4997 ,πεφωτισμινη
1458 4925 1544 4980 διὰ
1593 4927 1694 4998 τῆς

128 5021 432 5096 παρουσίας
462 5037 578 5075 σου.

183 5137 228 5169 ³⁸
258 5134 453 5192 Ezech.
485 5149 684 5198 xxxm,
720 5134 804 5188 11.

1867 2524 1925 2592 2,
1952 2525 2005 2580 5.
2039 2523 2175 2580 Nam
2226 2526 2370 2582 sicut
2407 2525 2553 2585 Deus
2584 2535 2818 2585 aeternus
2852 2541 2975 2586 ante
3006 2544 3184 2586 omnia
3217 2533 3362 2589 exsi-

1800 2618 1982 2675 stens,
2030 2618 2091 2665 ut
2134 2609 2378 2665 omnium
2418 2611 2666 2676 Creator,
2711 2627 2887 2683 neque
2932 2612 3121 2670 habuit
3149 2614 3359 2670 dierum

1802 2701 2149 2774 principium,
2183 2717 2356 2772 neque
2394 2702 2612 2758 habebit
2640 2704 2765 2757 vitae
2793 2704 2976 2760 tinem.

1871 2796 1924 2853 1.
1951 2793 2030 2850 Ne
2055 2795 2130 2850 ita
2158 2796 2310 2852 sinas
2338 2811 2438 2852 nos
2469 2797 2523 2852 in
2552 2798 2788 2868 peccatis
2813 2798 3140 2854 exsistentes
3165 2798 3356 2854 reverti

1723 2921 1766 2980 ο
1800 2890 1856 2944 in
1884 2897 2102 2956 terram,
2127 2903 2195 2944 ex
2219 2901 2328 2960 qua
2351 2890 2553 2962 sumpti
2582 2905 2795 2946 sumus.

1873 2981 1925 3036 5.
1956 2981 2022 3036 Et
2049 2982 2234 3037 dixisti
2268 3000 2282 3037 :
2316 2981 2457 3036 Nolo
2483 2991 2701 3038 mortem
2729 2982 3041 3052 peccatoris,
3077 2981 3167 3038 sed
3191 2984 3356 3054 magis

1800 3082 1858 3128 ut
1890 3082 2223 3128 convertatur
2249 3083 2300 3128 et
2327 3075 2465 3128 uiuat
2497 3075 2561 3130 ¹⁰.

1868 3167 1924 3222 6.
1955 3166 2082 3224 Dies
2098 3167 2316 3239 judicii,

1867 3260 1921 3313 7.
1961 3257 2112 3316 Sicut
2149 3255 2287 3325 dies,
2319 3274 2442 3330 quas
2494 3259 2774 3330 praeteriit,
2809 3259 2884 3314 ita
2926 3259 3121 3315 transit
3161 3267 3215 3314 et
3241 3257 3358 3314 dies

1793 3350 2106 3422 judicii:et
2157 3350 2614 3422 quemadmodum
2661 3351 2716 3406 in
2761 3360 2919 3407 nocte
2956 3350 3202 3408 custodia
3252 3361 3356 3414 est,

1798 3445 1871 3499 ita
1915 3451 1969 3499 et
2021 3452 2142 3514 post
2189 3444 2332 3500 diem
2380 3443 2570 3514 judicii
2603 3444 2868 3501 securitas
2901 3444 3024 3509 erit,
3049 3453 3104 3500 et
3147 3452 3358 3499 aeterne

1797 3538 1918 3592 vitae
1945 3545 1999 3592 et
2023 3537 2213 3593 aeterni
2242 3537 2513 3607 supplicii.

1866 3710 1922 3766 8.
1949 3709 2224 3782 Supplicia
2257 3724 2472 3773 eorum,
2504 3709 2560 3764 in
2583 3708 2784 3779 quibus
2815 3707 2934 3765 sine
2962 3709 3071 3764 ulla
3096 3709 3357 3778 temporis

1797 3817 2049 3858 mensura
2072 3801 2484 3872 permanebunt.

1800 3888 1809 3894 ”
1866 3893 1920 3948 9.
1954 3892 2184 3948 infantia
2215 3887 2356 3949 sicut
2392 3891 2559 3948 herba
2585 3881 2850 3947 transeat.

1869 3985 1952 4040 10.
1981 3984 2049 4040 Ει
2075 3999 2268 4042 rursus
2297 3983 2480 4041 statim
2510 3981 2875 4040 adolescentia
2899 3981 3171 4040 adolescet
3196 3982 3252 4037 in
3267 3982 3361 4054 ju-

1795 4084 2091 4142 ventutem,
2124 4083 2178 4132 et
2207 4075 2328 4147 ipsa
2353 4075 2604 4132 similiter
2631 4073 3004 4144 pertransibit.

1868 4168 1954 4225 11.
1987 4167 2125 4225 Cum
2157 4178 2338 4225 autem
2382 4168 2624 4225 senuerit
2662 4167 3038 4225 incurvabitur
3064 4173 3120 4221 et
3159 4165 3356 4219 morie-

1727 4275 1772 4334 ι)
1799 4269 1908 4317 tur.

1873 4355 1960 4411 12.
1984 4354 2253 4422 Quoniam
2271 4349 2801 4423 peccantibuuobis
2819 4363 2916 4420 per
2941 4346 3356 4403 inobedientiam

1799 4448 1970 4504 iratus
2001 4462 2060 4502 es
2093 4455 2148 4501 et
2174 4443 2417 4500 avertisti
2441 4457 2560 4498 nos.

1866 4540 1954 4595 15.
1987 4538 2254 4607 Quoniam
2287 4533 2558 4606 reliquisti
2585 4547 2699 4601 me,
2723 4540 2779 4589 et
2802 4539 3142 4589 tetrascente
3179 4541 3358 4588 exter-

1795 4631 1986 4688 minati
2015 4645 2225 4687 sumus.

1870 4725 1960 4779 M.
1993 4723 2287 4792 Descripta:
2328 4727 2456 4777 sunt
2476 4717 2795 4791 iniquitates
2825 4727 3028 4774 nostra:
3069 4731 3255 4774 coram
3281 4724 3356 4772 te.

1871 4929 1960 4986 is;
1989 4928 2109 4984 Vita
2139 4936 2325 4983 nostra
2347 4926 2684 4984 illuminetur
2706 4927 2938 4984 adventu
2965 4933 3076 4982 tuo.

1077 5288 1396 5352 Addenda
1434 5295 1494 5352 et
1524 5287 1901 5369 corrigenda
1929 5304 2003 5350 ex
2035 5285 2173 5348 cod.
2207 5286 2410 5348 Vatic.

197 5455 276 5527 (1)
308 5457 378 5512 Ν.
401 5457 458 5511 2.
500 5455 618 5527 Ὡςζ
635 5463 762 5519 etc.,
791 5452 1183 5526 προῦπάρχεις,
1211 5461 1314 5508 etc.
1349 5453 1417 5507 N.
1461 5453 1516 5506 5.
1553 5452 1690 5506 Οὔτε

127 5523 372 5601 αρκῇνᾉὴ
381 5525 562 5601 μερῶν
595 5523 770 5601 ἔχεις,Δ
793 5523 898 5601 etc.

308 5590 782 5670 Ilipé'pxeea't"xai
820 5595 856 5665 ἡ
897 5592 1268 5670 Δτεὲἱεςιριρίςιέως
1324 5590 1537 5664 ἡμέραο
1600 5593 1694 5648 καὶ

125 5663 317 5738 ὥσπερ
345 5663 412 5722 ἐν’
433 5663 698 5739 τῇνυκτί,
727 5663 853 5729 etc.,
886 5663 1152 5734 ἀσφάλειά
1175 5665 1338 5717 ἐστιν.

1925 5450 1945 5592 ζ
1973 5447 2071 5516 AT;
2098 5451 2564 5525 παραδοθήσονται
2592 5449 2753 5522 ἀναρ.

1984 5524 2177 5592 Ἦμᾶς,
2206 5518 2681 5592 ὃθενγέλήφθημεν.

1891 5518 1944 5592 4)
1984 5518 2326 5594 Ἦμᾶς,’ὂθεν
2349 5518 2554 5642 meo?
2563 5536 2681 5590 μεν.
2702 5518 2711 5522 ⁷

1896 5595 1946 5642 5i
1977 5595 2165 5642 N313-
2198 5593 2307 5642 Καὶ
2331 5589 2517 5642 θυμωθ
2550 5607 2670 5642 ντος
2688 5607 2781 5642 σου

1871 5585 1946 5666 ζ5)
1976 5585 2173 5650 ΝέΙὸ.
2198 5593 2307 5647 Καὶ
2331 5585 2670 5663 θυμωθέντος
2688 5607 2781 5646 σου
2810 5589 2890 5654 είς
2918 5585 3237 5661 ἀφανισμόν,
3255 5596 3365 5649 eteo
