3776 6280
411 235 556 290 1059

487 345 574 402 16.
609 347 888 412 Quoniam-
903 357 1089 400 omnes
1118 344 1233 400 dies
1262 348 1434 403 nos1ri
1459 347 1808 406 defecerunt:

485 438 574 492 17.
598 435 666 491 Ει
685 437 740 491 ἱη
767 436 845 491 ira
873 445 960 491 tua
986 435 1306 494 defecimus.

484 529 552 585 18
610 529 752 584 Anni
772 529 941 584 nostri
969 529 1109 584 sicut
1130 545 1326 585 aranea
1359 531 1796 588 meditabuntur:

487 623 574 678 19.
604 621 728 678 Dies
750 636 1016 677 annorum
1043 631 1357 677 nostrorum
1387 625 1444 678 in
1473 623 1608 694 ipsis
1631 625 1969 696 septuaginta

414 715 541 772 anni
562 733 576 770 :

489 807 578 864 20.
613 806 669 863 Si
695 817 872 863 autem
898 802 955 862 in
985 808 1348 876 potentatibus
1380 808 1654 878 octoginta
1684 807 1814 863 anni
1849 826 1862 862 :

484 893 576 947 21.
615 893 679 946 Ει
711 893 940 962 amplius
967 906 1157 948 eorum
1191 893 1363 960 labor,
1395 902 1449 949 et
1486 893 1664 950 dolor.

478 985 568 1040 22.
598 985 864 1053 Quoniam
895 986 1206 1056 supervenit
1242 987 1606 1044 mansuetudo
1651 1001 1815 1057 super
1845 1001 1968 1055 nos,

410 1086 464 1134 et
498 1077 882 1146 corripiemur.

481 1169 572 1224 23.
599 1167 733 1234 Quis
759 1166 907 1222 n0vit
931 1173 1253 1236 potestatem
1279 1164 1375 1221 ira:
1406 1165 1556 1222 tum?

480 1261 569 1315 21.
599 1260 666 1314 Ει
697 1275 803 1315 orae
835 1259 1027 1313 timore
1061 1267 1155 1313 tuo
1206 1258 1344 1314 iram
1393 1267 1543 1314 tuam
1582 1257 1970 1314 dinumerare?

480 1443 568 1496 25.
601 1441 884 1497 Dexteram
918 1448 1066 1496 tuam
1099 1440 1180 1496 sic
1210 1448 1394 1496 notam
1428 1440 1516 1495 fac
1543 1437 1678 1494 mihi
1708 1458 1721 1493 :

479 1533 568 1587 26.
605 1531 670 1585 Et
699 1531 940 1587 eruditos
971 1531 1136 1587 corde
1169 1531 1223 1585 in
1256 1531 1546 1602 sapientia.

479 1624 568 1679 27.
594 1624 939 1688 Convertere,
979 1621 1228 1685 Domine,
1259 1623 1587 1695 usquequo?

453 1693 567 1770 ’28.
602 1715 668 1768 Ει
692 1712 1048 1783 deprecabilis
1073 1703 1192 1769 esto
1216 1693 1378 1784 super
1408 1693 1597 1770 servos
1627 1719 1774 1768 tuos.

470 1808 562 1864 29.
595 1807 801 1877 Repleti
839 1821 1028 1863 sumus
1071 1821 1232 1862 mane
1272 1805 1648 1863 misericordia
1689 1813 1812 1868 tua,
1864 1803 1968 1860 Do-

408 1901 585 1956 mine:

477 1992 568 2046 50.
601 1991 668 2047 Ει
697 1990 1107 2055 exsultavimus,
1141 1999 1196 2046 et
1223 1989 1469 2046 delectati
1502 2006 1692 2048 sumus

479 2086 568 2141 51.
601 2085 661 2140 In
689 2086 942 2142 omnibus
968 2085 1161 2141 diebus
1190 2083 1410 2140 nostris.

479 2180 567 2236 52.
599 2179 788 2235 Laetati
819 2195 1032 2236 sumus.

480 2269 570 2324 33.
600 2268 706 2323 Pro
735 2268 924 2324 diebus
947 2267 1147 2339 quibus
1172 2282 1274 2323 nos
1309 2266 1643 2323 humiliasti:

480 2359 570 2416 34.
595 2359 766 2416 Annis
796 2360 995 2431 quibus
1022 2359 1258 2416 vidimus
1290 2357 1454 2414 mala.

487 2516 561 2586 (α)
601 2517 777 2586 Κύριε
805 2531 911 2571 non
943 2515 1162 2586 legitur.

487 2534 537 2584 pa
601 2517 777 2586 Κύριε
805 2531 911 2571 non
943 2516 1162 2586 legitur.

483 2516 561 2658 ibi
600 2587 753 2642 Vers.
787 2587 877 2651 51,
912 2586 1002 2653 52,
1034 2587 1137 2642 sub
1165 2584 1328 2642 unico
1355 2599 1508 2640 num.

1251 232 1307 286 S.
1345 232 1714 288 ATHANASII
1755 233 1903 290 OPP.
1946 233 2126 289 PARS
2165 235 2250 289 lll.
2295 265 2360 274 ——
2398 235 2785 292 EXEGETICA

3503 251 3681 308 1010

1997 369 2048 427 Α
2145 348 2230 404 16.
2249 350 2367 403 Ὅτι
2398 352 2566 404 πᾶσαι
2593 353 2648 405 αἱ
2677 353 2878 424 ἡμέραι
2901 354 2932 424 ἡ
2943 353 3058 423 μῶν
3087 353 3360 422 ἐξέλιπον·

2147 442 2234 495 17.
2274 443 2382 495 Καὶ
2415 446 2472 496 ὲν
2505 447 2572 516 τῇ
2597 446 2731 516 ὀργῇ
2765 464 2857 498 σου
2884 445 3222 517 ὲξελίπομεν.

2142 533 2230 588 18.
2270 533 2349 588 Τὰ
2382 533 2475 606 ἔτη
2501 536 2656 608 ἡμῶν
2682 537 2812 589 ώσεὶ
2838 537 3045 608 ἀράχνη
3075 538 3364 608 ἐμελέτων·

2144 625 2231 680 19.
2272 626 2337 679 Αἱ
2380 627 2584 700 ἡμέραι
2627 628 2734 684 τῶν
2767 630 2901 683 ὲτών
2927 629 3084 700 ἡμῶν
3113 631 3170 684 ὲν
3197 633 3382 697 αὐτοῖς
3413 633 3676 706 ὲῧδομή-

2073 734 2235 771 κοντα
2264 718 2358 791 ἐτη
2380 735 2393 750 ·

2139 809 2230 865 20.
2251 810 2377 864 Ἐὰν
2405 811 2461 866 δὲ
2487 813 2544 868 ὲν
2575 812 2912 878 δυναστείαις
2941 814 3264 885 ὀγδοήκοντα
3288 817 3382 889 ἔτη
3404 835 3418 848 ·

2140 900 2230 957 21.
2270 903 2382 956 Καὶ
2409 904 2470 957 τὺ
2499 905 2682 958 πλεῖον
2703 905 2878 960 αὐτῶν
2911 907 3076 970 κόπος
3107 909 3197 962 καὶ
3227 910 3404 974 πόνος.

2139 991 2229 1047 22.
2249 994 2368 1048 Ὅτι
2399 994 2599 1067 ἐπῆλθε
2636 996 2877 1068 πραότης
2902 997 2984 1065 ἐφ’
3014 1000 3181 1068 ἡμᾶς,
3225 1001 3316 1052 καὶ
3360 999 3669 1071 παιδευθη-

2075 1085 2297 1156 σόμεθα.

2140 1177 2228 1232 25.
2269 1177 2366 1241 Τίς
2391 1178 2647 1247 γινώσκει
2672 1177 2730 1232 τὺ
2752 1177 2952 1249 κράτος
2979 1180 3078 1251 τῆς
3109 1181 3277 1252 ὀργῆς
3316 1200 3410 1235 σου
3439 1200 3454 1249 ;

2136 1268 2225 1323 21.
2265 1270 2375 1324 Καὶ
2420 1270 2527 1325 ἀπὸ
2569 1270 2662 1323 τοῦ
2710 1270 2874 1339 φόϐου
2925 1289 3018 1324 σου
3063 1272 3154 1325 τὸν
3203 1273 3372 1344 θυμόν
3423 1292 3519 1329 σου
3576 1276 3664 1342 ἐξ-

2072 1357 2508 1430 αριθμήσασθαι;

2140 1447 2228 1503 25.
2271 1449 2381 1522 Τὴν
2404 1451 2584 1517 δεξιάν
2614 1468 2709 1504 σου
2739 1451 2880 1506 οὕτω
2901 1453 3165 1526 γνώρισόν
3195 1473 3316 1526 μοι’

2139 1540 2228 1595 26.
2268 1542 2377 1595 Καὶ
2407 1544 2530 1606 τοὺς
2564 1545 3026 1617 πεπαιδευμένους
3057 1550 3122 1618 τῇ
3149 1547 3344 1620 καρδίᾳ
3381 1549 3441 1602 ὲν
3466 1549 3655 1620 σοφίᾳ.

2142 1634 2230 1690 27.
2251 1635 2626 1707 Ἐπίστρεψον,
2657 1637 2850 1709 Κύριε,
2879 1637 2984 1701 ἕως
3008 1638 3172 1706 πότε;

2138 1725 2228 1779 28.
2268 1726 2378 1779 Καὶ
2401 1728 2782 1800 παρακλήθητι
2807 1729 2900 1783 ἐπὶ
2922 1731 3036 1794 τοῖς
3059 1729 3266 1794 δούλοις
3289 1749 3404 1786 σου.

2141 1819 2232 1873 29.
2250 1817 2584 1890 Ἐνεπλήσθη
2593 1837 2690 1890 μεν
2703 1820 2764 1873 τὸ
2780 1821 2924 1892 πρωὶ
2935 1821 3029 1876 τοῦ
3043 1821 3222 1886 ὲλέους
3236 1839 3350 1887 σου,
3362 1821 3540 1896 Κύριε
3550 1823 3652 1895 (ar

2143 1994 2232 2048 50.
2272 1993 2381 2047 Καὶ
2408 1995 2874 2070 ὴγαλλιασάμεθα,
2902 1999 2994 2053 καὶ
3019 1999 3424 2073 εὐφράνθημεν,

2143 2087 2232 2142 51.
2275 2087 2350 2156 (b)
2382 2086 2472 2142 Ἐν
2496 2089 2698 2155 πάσαις
2724 2095 2844 2157 ταῖς
2865 2093 3095 2166 ἡμέραις
3128 2094 3302 2166 ἡμῶν.

2146 2177 2235 2234 52.
2277 2178 2725 2255 Εὐφρανθείημεν
2756 2184 3203 2259 [εὐφράνθημεν]·

2143 2270 2234 2328 55.
2256 2269 2400 2326 Ἀνθ’
2423 2265 2498 2328 ὧν
2523 2274 2745 2346 ἡμερῶν
2767 2275 3137 2342 ὲταπείνωσας
3159 2277 3334 2350 ἡμᾶς’

2146 2361 2235 2417 54.
2260 2361 2451 2433 Ἐτῶν,
2477 2357 2551 2423 ὧν
2580 2366 2790 2438 εἴδομεν
2821 2368 2985 2424 κακά.

1530 2737 1904 2795 ATHANASII
1942 2739 2526 2801 INTERPRETATIO.

485 2889 570 2943 16.
604 2886 871 2954 Quoniam
897 2885 1007 2955 jam
1044 2883 1374 2953 completum
1400 2892 1483 2938 est
1506 2882 1920 2941 boc'saaculum.
2010 2889 2038 2950 ε

2157 2887 2243 2942 16.
2264 2888 2386 2941 Ὅτι
2410 2887 2592 2942 λοιπὸν
2625 2890 2978 2963 πεπλήρωται
3005 2894 3034 2946 ὁ
3061 2893 3194 2947 αίὼν
3217 2884 3390 2957 οὗτος.

485 2981 571 3036 17.
597 2977 730 3033 Nam
755 2978 920 3048 priori
950 2976 1145 3031 saeculo
1168 2984 1565 3046 nongentorum
1601 2982 1720 3029 erat
1746 2973 1856 3028 vita
1883 2975 1978 3028 ho-

412 3072 644 3137 mitium,
668 3083 813 3124 nunc
849 3074 1027 3121 autem
1079 3065 1347 3120 diminuta
1402 3074 1486 3120 est
1532 3064 1589 3118 in
1625 3071 1846 3119 centum
1899 3063 1984 3118 vi-

414 3163 548 3235 ginti
578 3176 772 3216 annos.

489 3256 574 3310 18.
609 3253 745 3307 Anni
781 3253 951 3307 nostri
991 3250 1326 3305 miserabiles
1353 3258 1404 3304 et
1430 3248 1632 3303 inﬁrmi
1670 3248 1800 3304 facti
1831 3257 1977 3304 sunt.

490 3346 670 3404 19-21.
703 3344 837 3400 Nam
880 3345 947 3400 ad
991 3342 1328 3415 septuaginta
1372 3350 1428 3398 et
1468 3343 1749 3415 octoginta
1808 3357 1980 3397 annos

415 3440 762 3511 pervenimus
790 3458 802 3493 :
831 3440 877 3494 si
910 3447 1089 3494 autem
1131 3435 1344 3505 longius
1376 3435 1574 3491 vixerit
1616 3437 1802 3503 homo,
1829 3435 1982 3490 labor

414 3541 519 3598 est,
541 3541 595 3589 et
621 3532 773 3588 dolor
796 3539 1012 3602 propter
1041 3538 1343 3600 peccatum,
1373 3527 1520 3599 quod
1549 3535 1634 3584 est
1669 3527 1724 3582 in
1749 3527 1977 3582 mundo.

482 3727 571 3782 22.
603 3725 870 3793 Quoniam
915 3723 1089 3780 Filius
1135 3722 1232 3778 Dei
1279 3723 1448 3788 venit,
1478 3729 1534 3778 et
1565 3721 1745 3778 edocti
1791 3736 1980 3776 sumus

414 3828 763 3874 contemnere
788 3818 927 3871 lianc
961 3817 1148 3870 vitam.

481 3910 572 3963 23.
599 3908 733 3974 Quis
755 3908 906 3962 novit
923 3917 1122 3961 aeterna
1151 3904 1459 3974 supplicia?

484 4003 576 4057 24.
604 4000 820 4057 l-labens
847 4000 1110 4071 .timorem
1144 4008 1295 4052 tuum
1325 4005 1503 4068 potest
1534 4013 1863 4070 cognoscere
1888 3998 1982 4068 ju-

417 4091 619 4146 dicium
645 4099 821 4145 tuum.
945 4160 953 4168 ι

486 4180 575 4235 25.
608 4178 908 4235 Potentiam
955 4186 1101 4234 tuam
1149 4194 1246 4249 per
1285 4178 1536 4235 timorem
1579 4187 1734 4234 tuum
1779 4179 1865 4235 fac
1895 4196 1981 4235 me

419 4274 736 4345 intelligere.

485 4365 578 4422 26.
609 4365 674 4421 Et
713 4365 943 4420 humiles
977 4363 1140 4420 corde
1173 4363 1402 4435 repletos
1425 4363 1599 4435 gratia
1641 4370 1734 4417 tua
1777 4361 1864 4418 fac
1900 4378 1987 4418 me

419 4475 727 4531 agnoscere.

490 4551 576 4605 27.
610 4549 744 4606 Veni
780 4552 848 4607 ad
881 4567 999 4618 nos,
1036 4549 1282 4606 Domine.

489 4644 580 4698 28.
607 4643 683 4698 De
704 4645 1067 4700 anterioribus
1096 4644 1432 4714 temporibus
1457 4643 1689 4713 peccati.

485 4734 579 4788 29.
609 4733 894 4788 Excriente
919 4745 991 4801 te,
1026 4735 1230 4805 impleti
1265 4751 1456 4791 sumus
1483 4735 1656 4806 gratia
1690 4741 1806 4790 tua.

488 4915 577 4968 30.
612 4915 670 4967 In
701 4911 904 4982 Spiritu
934 4920 1142 4968 sancto.

500 5005 588 5059 51.
626 5004 682 5060 1η
711 5005 862 5060 omni
893 5020 1055 5075 opere
1073 5005 1236 5060 bono.

500 5097 590 5152 52.
618 5097 675 5152 In
707 5096 956 5168 praesenti
989 5096 1206 5152 saeculo.

501 5189 590 5254 33,
618 5189 706 5244 51.
738 5189 1001 5260 Tempore
1029 5188 1252 5260 peccati.

2154 2980 2238 3036 l7.
2270 2982 2326 3034 '0
2357 2981 2464 3053 γὰρ
2512 2981 2775 3055 πρότερος
2808 2984 2940 3039 αἰὼν
2971 2984 3046 3058 (1)
3084 2987 3404 3041 ἐννακοσίων
3427 2987 3565 3040 ὲτῶν
3585 2983 3654 3061 ἦν

2079 3076 2114 3147 ἠ
2145 3074 2255 3146 ζωὴ
2298 3075 2404 3129 τῶν
2446 3077 2765 3149 ἀνθρώπων,
2791 3078 2889 3132 νῦν
2932 3078 2988 3132 δὲ
3036 3079 3422 3150 ἠλαττώθησαν
3456 3081 3537 3143 είς
3567 3088 3652 3153 ρκ’

2081 3165 2175 3236 ἔτη
2185 3206 2196 3219 .

2150 3257 2236 3311 18.
2277 3256 2356 3310 Τὰ
2385 3256 2478 3328 ἔτη
2507 3257 2660 3330 ἡμῶν
2681 3259 2871 3330 οἰκτρὰ
2898 3259 2994 3313 καὶ
3019 3259 3282 3332 ἁνίσχυρα
3307 3260 3614 3329 γεγόνασιν.

2151 3349 2217 3405 19
2236 3379 2262 3389 -
2283 3348 2371 3404 21.
2423 3350 2514 3414 Εἰς
2544 3349 2907 3422 ἑϐδομήκοντα
2939 3351 3047 3423 γὰρ
3078 3353 3171 3406 καὶ
3199 3353 3523 3425 ὀγδοήκοντα
3556 3355 3650 3426 ἐτη

2082 3440 2426 3512 ἐφθάσαμεν⁸
2481 3441 2574 3494 ἐὰν
2625 3442 2682 3496 δὲ
2729 3443 2946 3496 πλείονα
2990 3444 3130 3516 ζήσῃ
3155 3444 3455 3516 ἄνθρωπος,
3486 3446 3653 3510 κόπος

2081 3531 2196 3586 ἐστὶ
2237 3533 2330 3585 καὶ
2378 3532 2536 3597 πόνος
2580 3531 2667 3585 διὰ
2706 3532 2803 3605 τὴν
2847 3533 3117 3605 ἁμαρτίαν
3154 3533 3250 3605 τὴν
3293 3529 3455 3588 οὖσαν
3485 3536 3542 3586 ἐν
3574 3534 3652 3605 τῷ

2081 3625 2293 3696 κόσμῳ.

2080 3740 2085 3748 ί
2150 3717 2242 3774 22.
2262 3718 2382 3771 Ὅτι
2410 3717 2538 3780 Υἱὸς
2563 3715 2656 3770 τοῦ
2683 3715 2819 3769 Θεοῦ
2847 3711 2998 3787 ἦλθε,
3034 3716 3127 3769 καὶ
3164 3715 3524 3787 παιδευόμεθα
3549 3735 3652 3770 κα-

2081 3812 2366 3881 ταφρονεῖν
2399 3811 2498 3880 τῆς
2527 3808 2672 3879 ζωῆς
2700 3807 2922 3878 ταύτης.

2150 3899 2242 3953 25.
2284 3899 2378 3962 Τίς
2399 3895 2505 3952 οἶδε
2533 3898 2601 3952 τὰ
2626 3899 2849 3952 αἰωνίου
2880 3897 3181 3963 κολάσεωςς

2152 3991 2242 4045 24.
2269 3992 2326 4044 '0
2355 3991 2491 4061 ἔχων
2516 3990 2606 4044 τὸν
2633 3990 2795 4059 φόϐον
2841 4006 2932 4042 σου
2976 3988 3195 4043 δύναται
3226 3986 3517 4056 ἐπιγνῶναι
3552 3986 3649 4058 τὴν

2083 4083 2262 4155 κρίσιν
2287 4100 2400 4136 σου.

2153 4175 2241 4230 25.
2272 4175 2345 4228 Τὸ
2375 4174 2597 4229 δυνατόν
2633 4191 2723 4228 σου
2745 4173 2834 4228 διὰ
2856 4173 2949 4227 τοῦ
2978 4173 3142 4243 φόϐου
3180 4189 3271 4226 σου
3320 4169 3544 4241 ποίησόν
3571 4170 3649 4242 (2)

2015 4259 2059 4313 Ῐ)
2089 4285 2155 4338 με
2185 4267 2400 4321 εἰδέναι.

2161 4360 2247 4415 26.
2279 4361 2388 4414 Καὶ
2415 4360 2538 4423 τοὺς
2565 4360 2848 4422 ταπεινοὺς
2884 4360 2948 4428 τῇ
2978 4356 3173 4428 καρδίᾳ
3202 4357 3329 4419 τοὺς
3366 4355 3649 4427 πεπληρω-

2092 4453 2282 4525 μένους
2313 4455 2376 4523 τῇ
2411 4451 2590 4524 χάριτί
2616 4467 2706 4504 σου
2743 4451 2817 4521 (5)
2843 4449 3062 4520 ποίησόν
3095 4465 3162 4517 με
3194 4446 3409 4501 εἰδέναι.

2155 4545 2244 4600 27.
2268 4544 2421 4598 Ἐλθὲ
2453 4544 2588 4616 πρὸς
2616 4544 2782 4614 ἡμᾶς,
2815 4542 3006 4612 Κύριε.

2159 4637 2245 4691 28.
2286 4637 2421 4708 Περὶ
2450 4638 2556 4688 τῶν
2587 4634 2860 4706 προτέρων
2890 4633 3094 4704 χρόνων
3122 4631 3219 4702 τῆς
3246 4631 3534 4702 ἁμαρτιας.

2161 4729 2251 4784 29.
2274 4727 2670 4789 Ἀνατείλαντός
2703 4741 2830 4791 σου,
2869 4721 3262 4795 ἐπληρώθημεν
3299 4721 3398 4793 τῆς
3435 4720 3645 4794 χάριτός

2094 4839 2208 4875 σου.

2161 4913 2249 4968 50.
2270 4912 2360 4965 Ἐν
2387 4910 2661 4980 Πνεύματι
2690 4909 2847 4980 ἁγίῳ.

2157 5005 2245 5059 51.
2287 5003 2362 5073 (4)
2386 5001 2476 5054 Ἐν
2503 5001 2662 5054 παντὶ
2686 5001 2829 5070 ἔργῳ
2848 4997 3054 5068 ἀγαθῷ.

2159 5096 2248 5150 52.
2273 5093 2363 5148 Ἐν
2395 5093 2471 5164 τῷ
2500 5092 2594 5148 νῦν
2631 5092 2805 5146 αἰῶνι.

2160 5187 2249 5253 55,
2277 5186 2364 5242 54.
2393 5185 2483 5240 Ἐν
2506 5186 2584 5257 τῷ
2612 5183 2787 5256 καιρῷ
2811 5184 2909 5255 τῆς
2933 5184 3223 5254 ἁμαρτιας.

1367 5342 1672 5407 Addenda
1719 5351 1779 5408 et
1809 5342 2184 5425 corrigenda
2213 5359 2293 5405 ex
2322 5342 2463 5405 cod.
2497 5341 2695 5403 Vatic.

717 5509 820 5582 γὰρ
849 5511 1108 5582 πρότερον
1136 5511 1165 5564 ὁ
1189 5509 1343 5578 αἰών,
1370 5522 1474 5567 etc.

521 5579 575 5650 2»)
613 5579 911 5650 Ποιήσομαι
937 5579 1152 5635 εἰδέναι.

519 5648 571 5721 5)
611 5650 721 5721 Τῆς
736 5648 960 5720 χάριτός
1000 5668 1110 5704 σου.

2160 5506 2244 5590 μ)
2381 5505 2470 5590 ,
2612 5502 2702 5585 Ἰοξν
2735 5501 2927 5584 παντί,
2947 5510 3078 5590 etc.
3119 5501 3188 5556 N.
3219 5501 3310 5567 55,
3342 5495 3434 5554 Ἐν
3459 5497 3536 5570 τῷ
3555 5496 3645 5552 νῦν

2093 5574 2267 5633 αἰῶνι.
2291 5577 2361 5636 Ν.
2386 5575 2474 5643 54,
2500 5574 2589 5631 Ἐν
2610 5574 2687 5644 τῷ
2715 5574 2907 5646 καιρῷ,
2939 5581 3042 5630 etc.
