3776 6280
398 331 538 389 1015
1245 328 1303 382 S.
1340 323 1712 383 ATHANASII
1753 323 1880 381 OPP

2181 326 2246 373 11.
2280 349 2350 360 —-
2389 323 2566 376 [Sle
2576 322 2795 374 L'l'tCA.
3495 323 3672 378 1044

467 448 522 502 6.
552 446 619 503 Et
642 462 673 502 a
697 446 860 502 verbo
881 461 1092 516 aspero.

1981 450 2029 506 Α
2123 441 2176 494 6.
2217 439 2326 494 Kal.
2354 439 2460 494 ἀπὸ
2483 438 2640 509 λόγου
2668 433 3025 509 ταραχώδους.

465 541 521 596 ’1.
555 537 803 608 Scapulis
825 539 941 593 suis
962 535 1307 592 obnmbrabit
1332 535 1427 590 tibi
1454 553 1466 588 :

2126 533 2181 590 7.
2203 531 2293 586 Ἐν
2315 534 2426 595 τοῖς
2453 529 2812 602 μεταφρένοις
2837 527 3000 582 αὐτοῦ
3030 526 3337 581 ἐπισκιάσει
3365 542 3486 581 σοι·

466 630 524 687 8.
552 629 619 684 Et
645 629 747 684 sub
774 628 966 698 pennis
991 627 1109 699 ejus
1139 625 1401 698 sperabis.

2126 623 2180 679 8.
2222 622 2332 676 Kal.
2361 622 2465 676 ὑπὸ
2494 622 2591 687 τὰς
2623 620 2898 692 πτέρυγας
2931 617 3091 672 αὑτοῦ
3118 617 3341 682 ὲλπιεῖς.

466 721 522 776 9.
554 718 720 775 Scuto
747 717 1104 774 circumdabit
1127 725 1178 772 te
1198 717 1397 772 veritas
1429 715 1549 786 ejus
1575 735 1588 770 ε

2129 713 2181 768 9.
2201 712 2388 783 Ὀπλῳ
2410 711 2674 765 κυκλώσει
2706 727 2763 763 σε
2795 711 2827 781 ἡ
2853 710 3077 781 ἀλήθεια
3100 708 3263 762 αὑτοῦ
3294 726 3308 739 ⁸

468 811 557 865 10.
581 808 699 865 Non
725 810 942 864 timebis
967 825 998 863 a
1022 809 1214 863 timore
1237 817 1523 863 nocturno.

2129 803 2216 860 10.
2258 805 2332 857 Οὐ
2358 803 2640 877 φοϐηθήσῃ
2670 802 2777 856 ἀπὸ
2804 801 2966 871 φόϐου
2999 798 3329 872 νυκτερινοῦ.

469 901 558 956 11.
594 901 643 954 Α
668 900 861 970 sagitta
890 901 1104 955 volante
1133 899 1307 962 indie
1335 917 1350 953 :

2131 895 2216 949 11.
2242 895 2374 948 Ἀπὸ
2414 895 2599 965 βέλους
2631 891 2925 964 πετομένου
2955 892 3193 963 ἡμέρας·

465 993 556 1049 12.
581 991 630 1048 Δ
657 993 874 1064 negotio
900 993 1313 1064 perambulante
1336 993 1388 1047 in
1420 992 1680 1048 tenebris.

2133 986 2219 1040 12.
2245 986 2380 1040 Ἀπὸ
2419 986 2738 1057 πράγματος
2763 988 2820 1039 ὲν
2861 984 3039 1039 σκότει
3065 982 3550 1055 διαπορευομένου,

469 1083 558 1138 15.
579 1083 662 1138 Ab
685 1084 908 1139 incursu
937 1093 993 1140 et
1024 1084 1293 1139 daemonio
1327 1084 1649 1139 meridiano.

2168 1077 2219 1132 5.
2246 1078 2378 1130 Ἀπὸ
2418 1077 2816 1148 συμπτώματος
2833 1079 2926 1131 καὶ
2939 1077 3213 1148 δαιμονίου
3237 1073 3659 1148 μεσημϐρινοῦ.

465 1166 558 1228 1ιέ
588 1172 800 1242 Cadent
818 1190 851 1230 a
872 1175 1038 1232 latere
1066 1185 1163 1232 tuo
1192 1175 1362 1242 mille,

2133 1169 2220 1223 M.
2263 1171 2513 1223 Πεσεῖται
2541 1172 2604 1222 ἐκ
2629 1168 2722 1222 τοῦ
2749 1171 2962 1234 κλίτους
2996 1186 3088 1222 σου
3116 1168 3309 1240 χιλιὰς,

473 1267 560 1322 15.
595 1265 665 1322 Et
682 1267 867 1324 decem
899 1266 1069 1334 millia
1091 1282 1121 1321 a
1148 1267 1357 1325 dextris
1383 1267 1494 1324 tuis
1520 1286 1532 1321 :

2134 1259 2222 1314 15.
2263 1260 2373 1314 Kal.
2408 1260 2606 1332 μυριὰς
2629 1263 2692 1314 ὲκ
2723 1260 2912 1326 δεξιῶν
2941 1278 3034 1314 σου
3053 1277 3067 1292 ·

472 1358 562 1412 16.
596 1358 678 1415 Ad
709 1368 762 1415 te
787 1369 965 1426 autem
1001 1376 1108 1415 non
1143 1359 1629 1432 appropinquabit.
1821 1378 1824 1380 ‘

1432 1359 1629 1431 [uabit.
1821 1378 1824 1380 τ
2134 1351 2219 1406 16.
2264 1351 2406 1423 Πρὸς
2437 1353 2495 1406 σὲ
2519 1352 2576 1406 δὲ
2611 1353 2708 1406 οὐκ
2733 1354 2923 1420 ὲγγιετ.

474 1450 562 1505 17.
591 1450 972 1508 Verumtamen
1001 1453 1175 1507 oculis
1208 1453 1315 1508 tuis
1344 1453 1748 1509 considerabis:

2133 1443 2220 1496 17.
2264 1443 2410 1514 Πλὴν
2437 1446 2550 1508 τοῖς
2573 1443 2868 1515 οφθαλμοῖς
2902 1460 2995 1498 σου
3021 1446 3377 1517 κατανοήσεις
3395 1459 3411 1476 ο

474 1542 560 1595 18.
590 1541 656 1596 Ει
689 1542 1097 1597 retributionem
1126 1553 1472 1613 peccatorum
1501 1542 1728 1598 videbis.

2133 1533 2220 1587 18.
2259 1534 2370 1587 Καὶ
2394 1534 2744 1588 ἀνταπόδοσιν
2778 1535 3118 1609 ἁμαρτωλῶν
3146 1534 3283 1605 ὕψει.

474 1633 561 1686 19.
593 1631 861 1699 Quoniam
887 1644 943 1688 tu
973 1648 1052 1697 es,
1083 1617 1328 1698 Dumine,
1361 1649 1485 1704 spes
1514 1649 1633 1690 mea
1665 1653 1677 1688 :

1665 1653 1677 1688 ;
2136 1624 2221 1680 19.
2261 1625 2382 1678 Ὀτι
2423 1625 2512 1692 σὺ,
2543 1625 2737 1698 Κύριε,
2771 1628 2806 1697 ἡ
2836 1625 2990 1690 ἐλπίς
3019 1643 3119 1695 μου
3141 1643 3153 1656 ·

472 1723 563 1777 20.
593 1711 931 1779 Al'tissimum
961 1725 1190 1796 posuisti
1217 1725 1485 1797 refugium
1525 1735 1700 1781 tuum.

2137 1715 2226 1770 20.
2265 1716 2368 1770 Τὸν
2394 1717 2656 1787 ’Ὕψιστον
2688 1718 2810 1772 ἔθου
2845 1719 3166 1789 καταφυγήν
3203 1735 3311 1773 σου.

472 1811 562 1866 2i.
593 1810 711 1867 Non
745 1814 964 1868 accedet
992 1815 1058 1870 ad
1091 1825 1141 1870 te
1172 1815 1374 1870 malum
1402 1836 1414 1869 :

1998 1799 2040 1858 Β
2137 1807 2227 1862 21.
2264 1809 2338 1862 Οὑ
2374 1809 2796 1878 προσελεύσεται
2824 1810 2958 1880 πρὸς
2989 1810 3047 1864 σὲ
3072 1811 3216 1864 κακά
3241 1825 3253 1838 ·

471 1903 563 1957 22.
611 1903 678 1958 Et
727 1904 996 1977 ﬂagellum
1048 1922 1155 1960 non
1209 1907 1663 1977 annropinquabit
1720 1907 1962 1963 taberna-

2164 1899 2222 1952 :2.
2256 1899 2367 1954 Καὶ
2394 1900 2588 1971 μάστιξ
2630 1901 2728 1954 οὐκ
2777 1903 2953 1970 ὲγγιεῖ
2987 1902 3044 1953 ὲν
3090 1899 3164 1971 (a)
3206 1899 3284 1970 τῷ
3321 1899 3655 1973 σκηνώματι

406 1993 528 2048 culo
556 2002 670 2050 tuo.

2073 2006 2188 2044 σου.
3087 2003 3089 2006 ⁴

472 2083 564 2140 25.
591 2082 862 2151 Quoniam
895 2086 1102 2158 angelis
1134 2087 1252 2144 suis
1279 2085 1556 2142 mandavit
1587 2087 1653 2143 de
1681 2096 1752 2156 te,

2156 2103 2226 2158 15.
2262 2105 2385 2160 Ὀτι
2412 2110 2526 2170 τοῖς
2548 2108 2805 2176 ἀγγέλοις
2837 2107 3002 2162 αὐτοῦ
3032 2107 3320 2160 ἐντελεῖται
3348 2107 3476 2178 περὶ
3501 2099 3610 2160 σοῦ’
3632 2149 3647 2168 ,

472 2177 564 2232 24.
592 2174 664 2232 Ut
695 2179 1005 2235 custodiant
1030 2189 1082 2235 te
1111 2180 1166 2234 in
1191 2181 1444 2236 omnibus
1475 2181 1578 2238 viis
1613 2185 1742 2239 tuis.

2139 2195 2227 2251 24.
2269 2197 2374 2251 Τοῦ
2403 2174 2725 2268 διαφυλάξαι
2763 2216 2822 2252 σε
2851 2200 2908 2253 ὲν
2950 2199 3148 2263 πάσαις
3183 2201 3300 2262 ταῖς
3326 2174 3466 2263 ὁδοίς
3495 2215 3619 2252 σου.

471 2267 559 2323 25.
599 2266 658 2324 In
686 2270 936 2332 manibus
958 2271 1247 2341 portabunt
1272 2283 1361 2328 te:

2137 2287 2227 2343 25.
2276 2291 2399 2345 Ἐπὶ
2427 2266 2624 2364 χειρῶν
2654 2291 2845 2362 ἀροῦσί
2870 2309 2928 2346 σε
2950 2309 2965 2324 ο

475 2386 551 2456 (α)
591 2386 687 2440 Ἐν
707 2386 874 2442 deeSt.

1525 2576 1902 2639 ATHANASII
1937 2579 2522 2639 INTERPRETATIO.

475 2729 530 2786 6.
559 2731 625 2787 Et
649 2733 720 2787 ab
740 2735 889 2788 omni
921 2733 1184 2814 diabolica
1210 2735 1479 2803 doctrina:

2142 2745 2194 2800 6.
2237 2747 2347 2799 Kal.
2370 2745 2477 2798 ἀπὸ
2508 2744 2688 2816 πάσης
2713 2741 3056 2809 διδασκαλίας
3088 2745 3367 2800 διαὸόλων.

479 2821 530 2873 7.
557 2819 616 2876 1n
637 2823 796 2880 donis
824 2824 938 2880 suis
967 2823 1292 2881 refocillabit
1321 2835 1393 2881 te.

2146 2839 2194 2893 7.
2220 2839 2310 2892 Ἐν
2342 2841 2454 2901 τοῖς
2482 2838 2814 2909 χαρίσμασιν
2846 2838 3146 2892 ἀναπαύσει
3173 2855 3253 2892 σε.

469 2912 524 2970 8.
549 2914 618 2970 Et
659 2916 717 2970 in
749 2915 960 2972 duobus
999 2914 1358 2974 Testamentis
1390 2916 1510 2988 ejus
1537 2918 1766 2980 credens
1795 2918 1899 2990 sals

408 3005 526 3060 ﬁes.

2161 2933 2194 2987 ς.
2235 2930 2344 2984 Καὶ
2388 2930 2444 2981 ὲν
2486 2931 2603 2992 ταῖς
2631 2928 2781 2980 δυσὶν
2827 2926 2989 2981 αὐτοῦ
3031 2927 3322 3000 Διαθῆκαις
3352 2921 3652 2986 πιστεύσας

2161 3020 2294 3060 ἢῆηηη

445 3023 526 3062 es.

2077 3020 2317 3074 σωθήση.

480 3023 526 3062 s.

480 3100 532 3156 9.
561 3100 1011 3158 Invulnerabilem
1040 3111 1094 3158 te
1126 3103 1389 3160 custodiet
1415 3102 1588 3175 gratia
1617 3103 1811 3181 ipsius.

2000 3142 2044 3204 ο
2077 3023 2490 3182 σωὲῗὶ¹¹σιξιτρωτόν
2520 3128 2578 3164 σε
2603 3110 2825 3181 φυλάξει
2849 3110 2974 3182 (ηὴ
2998 3111 3156 3183 χάρις
3177 3109 3361 3165 αὐτοῦ,

481 3191 569 3246 10.
597 3192 682 3248 Ab
703 3193 851 3260 omni
877 3194 1304 3250 comminatione
1329 3194 1552 3254 diaboli.

2007 3191 2044 3204 ⁷
2153 3204 2238 3260 10.
2261 3204 2395 3257 Ἀπὸ
2434 3204 2610 3276 πάσης
2635 3204 2865 3275 ἀπειλῆς
2886 3203 2978 3258 τοῦ
3007 3202 3247 3258 διαϐόλου
3285 3201 3378 3272 (2).

479 3285 569 3338 11.
599 3283 683 3338 Ab
711 3293 834 3341 astu
858 3285 1214 3342 daemoniaco.

2155 3298 2240 3351 11.
2265 3295 2401 3349 Ἀπὸ
2441 3297 2514 3368 (5)
2551 3297 2808 3368 λογισμοῦ
2834 3295 3232 3368 δαιμονιώδους.

481 3373 569 3429 12.
598 3376 681 3430 Ab
702 3376 850 3430 omni
879 3376 1154 3447 voluptate
1179 3378 1404 3436 diaboli.

2155 3386 2242 3440 i2.
2265 3387 2401 3440 Ἀπὸ
2437 3386 2617 3458 πάσης
2654 3388 2844 3459 ἡδονῆς
2874 3387 2951 3459 (4)
2978 3385 3071 3441 τοῦ
3098 3385 3358 3440 ansam.

479 3468 567 3523 15.
591 3469 675 3525 Ab
727 3471 878 3527 omni
930 3481 1153 3542 peccato
1194 3479 1569 3545 permanente,
1617 3482 1673 3529 et
1711 3473 1970 3530 daemonia

2158 3479 2244 3535 15.
2269 3478 2401 3532 Ἀπὸ
2439 3479 2618 3551 πάσης
2640 3480 2906 3554 ἁμαρτίας
2935 3477 3314 3548 ἐπιμενούσης,
3343 3475 3435 3530 καὶ
3456 3475 3649 3543 δαιμο⁹

410 3557 723 3618 eﬂ'undente
749 3562 807 3618 in
826 3573 878 3619 te
905 3565 1379 3634 concupiscentias
1409 3581 1626 3636 pravas.

2086 3570 2196 3624 νίου
2229 3570 2510 3642 ἐκχέοντος
2537 3573 2617 3635 εἰς
2649 3551 2939 3643 ἐπιθυμίας
2969 3569 3227 3642 πονηράς.

481 3653 572 3708 14.
603 3651 830 3724 Signato
861 3664 914 3712 te
943 3655 1100 3726 signo
1126 3657 1306 3714 crucis
1330 3672 1462 3714 suae.

2156 3662 2242 3716 14.
2284 3663 2358 3735 (α)
2375 3662 2828 3736 Σημειωσαμένου
2849 3679 2943 3716 σου
2965 3661 3024 3716 τὸ
3041 3663 3260 3732 σημεῖον
3272 3658 3366 3714 τοῦ
3392 3654 3642 3729 σταυροῦ.

476 3747 568 3803 15.
600 3747 802 3816 Omnes
826 3749 1150 3807 adversariae
1179 3761 1476 3822 potestates
1506 3760 1879 3829 conterentur.

2157 3757 2243 3810 15.
2284 3756 2462 3809 Πᾶσαι
2489 3757 2544 3810 αἱ
2577 3754 2814 3810 ἐναντίαι
2838 3754 3092 3826 δυνάμεις
3117 3751 3571 3826 συντριϐήσονται.

481 3837 573 3894 1⁷6.
606 3840 674 3896 Ει
707 3857 893 3904 earum
931 3844 1082 3900 nulla
1111 3846 1518 3914 approximabit
1545 3846 1665 3903 tibi.

2157 3849 2244 3902 16.
2284 3849 2393 3908 Καὶ
2419 3847 2590 3910 οὐδεὶς
2618 3845 2795 3901 αὐτῶν
2818 3845 3103 3920 πλησιάσει
3126 3862 3226 3901 σοι.

483 3929 575 3984 17.
604 3929 782 4000 Vigila
805 3941 988 3989 tamen
1004 3936 1202 3990 mentis
1226 3937 1418 3992 oculis.

2157 3940 2451 4012 17.”Ομως
2473 3939 2610 4010 νῆφε
2641 3941 2752 4004 τοῖς
2777 3939 2876 4011 τῆς
2908 3936 3140 4004 διανοίας
3167 3936 3474 4007 ὀφθαλμοῖς.

486 4021 576 4079 18.
608 4022 674 4078 Et
703 4023 761 4078 in
797 4024 883 4082 die
908 4024 1097 4094 iudicii
1123 4027 1332 4084 videbis
1359 4038 1622 4083 aeternum
1651 4031 1977 4101 supplicium

2156 4033 2242 4089 18.
2275 4033 2383 4086 Καὶ
2415 4034 2472 4085 ὲν
2513 4035 2577 4104 τῇ
2611 4033 2796 4106 ἡμέρᾳ
2827 4033 2926 4103 τῆς
2961 4031 3192 4104 κρίσεως
3371 4030 3466 4099 τὴν
3509 4024 3641 4082 alti)-

416 4115 644 4182 diaboli,
670 4124 728 4171 et
755 4116 1073 4188 angelorum
1098 4118 1240 4190 ejus,
1277 4135 1601 4191 eorumque,
1642 4123 1736 4192 qui
1779 4122 1858 4178 eis
1885 4137 1907 4177 ο

2146 4143 2199 4179 ον
2229 4124 2448 4179 κόλασιν
2481 4123 2576 4177 τοῦ
2615 4124 2884 4188 διαϐόλου,
2924 4124 3020 4178 καὶ
3051 4122 3160 4176 τῶν
3190 4121 3434 4192 ἀγγέλων
3459 4117 3637 4182 αὑτοῦ,

413 4219 806 4280 temperarunt.

2089 4217 2181 4270 καὶ
2209 4234 2315 4270 των
2339 4216 2518 4279 αὐτοῖς
2547 4215 2881 4287 πειθομένων

485 4300 674 4358 19-21.
707 4300 831 4358 Non
866 4303 1110 4358 accedent
1140 4304 1210 4358 ad
1242 4314 1291 4358 te
1324 4303 1486 4371 mala,
1511 4311 1566 4359 et
1580 4303 1708 4359 dic:
1743 4303 1786 4357 Τ
1790 4321 1843 4370 ιι,
1871 4303 1976 4357 Do-

2157 4307 2345 4364 19-21.
2382 4309 2464 4362 Οὐ
2476 4307 2947 4376 προσελεύσεται
2964 4304 3113 4374 πρὸς
3131 4303 3206 4358 σὲ
3221 4301 3394 4366 κακὰ,
3418 4299 3506 4354 καὶ
3520 4297 3640 4367 λέγε

414 4393 576 4460 mine,
627 4410 745 4465 spes
793 4411 952 4450 mea:
989 4394 1252 4451 Dominus
1293 4406 1474 4452 autem
1518 4397 1585 4452 ad
1637 4412 1761 4453 eum
1810 4396 1905 4452 dici

2153 4404 2201 4471 >⁰
2238 4401 2344 4466 Σὺ,
2379 4401 2575 4469 Κύριε,
2601 4401 2640 4469 ἠ
2668 4398 2843 4464 ἐλπίς
2871 4414 2991 4467 μου
3016 4415 3029 4428 ·
3079 4399 3107 4450 ὁ
3153 4396 3209 4449 δὲ
3241 4394 3474 4465 Κύριος⁸
3512 4390 3644 4461 Ἐμὲ

415 4486 563 4541 Pone
584 4503 663 4541 me
695 4487 993 4557 adjutorem
1019 4496 1188 4556 tuum,
1219 4504 1320 4542 non
1349 4489 1740 4561 approximabit
1768 4486 1906 4560 aliqu

1917 4488 1982 4543 οά
2018 4513 2060 4567 ο
2091 4496 2197 4551 θοῦ
2223 4495 2456 4562 ,ϐοηθόν
2484 4509 2621 4558 σου,
2653 4493 2725 4547 οὐ
2759 4489 3085 4558 πλησιάσει
3116 4489 3300 4543 κακόν
3331 4505 3403 4541 τι.

417 4579 639 4634 malum.
2874 4619 2878 4622 ·

486 4668 584 4725 22.
612 4669 678 4724 Et
697 4679 940 4741 potestas
967 4673 1166 4728 diaboli
1198 4672 1252 4727 in
1285 4685 1334 4728 te
1363 4688 1469 4728 non
1495 4671 1889 4728 dominabitur.

2159 4671 2246 4724 22.
2271 4672 2380 4724 Kal
2392 4665 2676 4722 δυναστεία
2694 4666 2785 4720 τοῦ
2803 4665 3043 4722 διαόόλου
3067 4663 3127 4717 ού
3154 4659 3427 4734 κυριεύσει
3441 4675 3531 4712 σου
3544 4657 3637 4728 (7).

487 4761 696 4829 25,24.
728 4761 1001 4828 Quoniam
1043 4765 1318 4835 praecipiet
1364 4765 1569 4840 angelis
1616 4765 1752 4829 suis,
1805 4771 1864 4818 ut
1917 4763 1978 4817 ab

2164 4764 2256 4827 23,
2286 4763 2376 4817 24.
2397 4761 2472 4833 (8)
2503 4765 2623 4818 ’Ὀτι
2646 4758 2934 4835 προστάξει
2947 4759 3060 4820 τοῖς
3073 4754 3320 4825 ἀγγέλοις
3344 4750 3503 4805 αὐτοῦ
3522 4751 3638 4803 λυτ-

420 4854 570 4912 omni
603 4853 921 4925 deceptione
953 4866 1005 4910 te
1035 4857 1285 4912 liberent.

2100 4854 2324 4926 ροῦσθαί
2357 4871 2416 4908 σε
2442 4855 2549 4908 ἀπὸ
2577 4856 2752 4925 πάσης
2774 4852 2999 4922 πλάνης.

493 4947 584 5003 25.
625 4945 692 5001 Ει
722 4955 770 5001 te
803 4946 1073 5002 deducant
1102 4949 1157 5001 in
1191 4962 1353 5003 omne
1386 4961 1527 5006 onus
1552 4947 1779 5002 bonum.

2161 4946 2249 5000 25.
2279 4945 2389 4999 Kal
2416 4944 2668 5012 ὁδηγοῦσί
2692 4961 2750 4997 σε
2773 4945 2864 5015 {sic
2892 4943 3001 4997 πᾶν
3033 4941 3192 5013 ἔργον
3221 4936 3439 5008 ἀγαθόν.

1384 5107 1688 5167 Addenda
1721 5111 1780 5166 et
1810 5103 2182 5182 corrigenda
2210 5120 2289 5165 ex
2319 5103 2459 5165 cod.
2504 5101 2702 5164 Vatic.
2793 5084 2810 5114 ’

492 5273 569 5342 (ί)
607 5272 948 5342 Διαφυλάεει.
1280 5341 1291 5342 ί
1376 5340 1399 5342 _
2091 5268 2154 5342 Νὴ.
2189 5269 2400 5342 20,21.
2443 5270 2500 5323 'o
2541 5269 2596 5322 δὲ
2624 5266 3212 5342 K6panb;_aQ16V'
3259 5261 3406 5335 Ἐμέ,
3432 5270 3532 5317 etc.
3582 5260 3640 5313 ού

592 5337 733 5397 Ἀπὸ
759 5345 941 5411 πάσης
965 5343 1170 5413 πλάνης
1206 5340 1425 5414 ἐχθροῦ.

2092 5341 2382 5414 πλησιάσει
2415 5357 2498 5395 σοι
2519 5337 2719 5395 κακόνξ
2752 5343 2812 5393 Τι
2847 5337 2954 5394 non
2987 5337 3200 5409 legitur.

517 5358 573 5411 2)
597 5358 726 5397 Ἀπο
759 5358 941 5411 πασης
965 5358 1170 5413 πλανης
1206 5358 1425 5414 εχυρου.

517 5413 571 5485 ξ)
591 5415 726 5485 ᾉξεό
759 5427 868 5469 non
899 5414 1110 5485 legitur.

887 5360 941 5411 τις
965 5358 1170 5413 πλανης
1206 5358 1425 5414 εχυρου.
2092 5358 2378 5463 πΑη⁷σιασει

899 5414 1110 5485 legitur.
2161 5410 2239 5485 (Α)
2270 5412 2378 5485 ἕξοι.

517 5470 571 5553 4)
602 5483 844 5553 Πλάνης·
950 5470 980 5485 ”

2167 5470 2342 5553 (QN.
2368 5480 2636 5553 25._"Qtt,
2665 5489 2780 5553 etc._
2900 5477 2987 5532 24,
3011 5470 3406 5550 Λυτρώσασθαί
3440 5488 3519 5536 σε,
3539 5478 3640 5526 etc.

516 5548 570 5626 ξ)
601 5551 706 5626 Kal.
733 5548 869 5626 πξῖσι
897 5553 1433 5626 τοῖςίιιιειθομδὲνοις.Δ
1805 5619 1820 5626 _
1921 5620 1932 5626 Α
2096 5548 2280 5626 Νξ2ξ.
2317 5551 2481 5607 Αὐτοὶ
2503 5550 2559 5606 δὲ
2588 5548 2840 5621 ὁδηγοῦσι
2875 5564 2954 5613 σε,
2989 5558 3093 5605 etc.

519 5619 575 5696 6)
604 5622 669 5680 Ν.
734 5624 822 5679 19.
867 5626 976 5680 Καὶ
1020 5619 1352 5693 λέγε,ὀιο.,
1403 5623 1600 5681 desunt
1616 5619 1991 5695 praecedentia.

495 5743 570 5817 (ιι)
612 5744 673 5800 Ν.
709 5745 796 5815 11,
826 5745 912 5814 l5,
942 5745 1030 5812 16,
1060 5762 1199 5804 unus
1238 5753 1530 5804 comment.
