3776 6280
124 312 248 367 10ίὸ
1026 312 1112 366 DE
1151 311 1427 368 TlTULlS
1467 313 1615 368 PSA]

1826 313 1914 368 IM.
1953 345 2022 356 —
2059 313 2249 368 PSAL.
2287 315 2416 371 XCI.
3185 317 3317 372 {046

185 423 272 478 26.
305 425 531 497 Μήποτε
565 425 877 498 προσκόψῃς
909 427 1043 499 πρὸς
1074 429 1220 483 λίθον
1241 430 1331 483 τὸν
1365 431 1498 484 πόδα
1524 449 1634 484 σου.

1847 429 1937 486 26.
1966 429 2042 486 Ne
2070 431 2209 487 forte
2243 431 2479 487 oll‘endas
2503 431 2569 486 ad
2598 431 2825 502 lapidem
2862 431 3047 502 pedem
3083 439 3255 487 tuum.

184 515 273 568 27.
315 515 438 568 Ἐπὶ
465 515 668 571 άσπίδα
692 519 784 572 καὶ
809 518 1116 588 βασιλίσκον
1143 522 1382 595 ἐπιϐήσῃ
1405 539 1418 552 '

1846 522 1937 577 27.
1972 521 2142 593 Super
2167 525 2428 594 aspidem,
2456 532 2509 579 et
2534 519 2844 582 basiliscum
2875 524 3215 580 ambulabis:

189 608 279 663 28.
315 609 428 662 Kal
454 612 863 683 καταπατήσεις
889 611 1074 666 λέοντα
1104 615 1197 667 καὶ
1217 614 1502 685 δράκοντα.

1845 615 1936 670 28.
1975 615 2040 670 Ει
2068 617 2409 674 concul‘cabis
2439 618 2644 672 leonem
2671 626 2724 672 et
2752 619 3057 672 draconem.

187 700 275 755 29.
307 699 430 753 Ὅτι
453 702 539 754 ἐπ’
569 701 668 772 ἐμὲ
701 703 914 772 ἧλπισε,
944 705 1036 758 καὶ
1065 704 1296 776 ῥύσομαι
1332 707 1492 758 αὐτόν

1850 707 1943 761 29.
1981 707 2254 772 Quoniam
2275 709 2327 762 in
2369 723 2452 763 me
2484 709 2740 778 speravit,
2773 719 2824 766 et
2852 707 3089 764 liberabo
3119 723 3244 763 eum

189 791 274 847 50.
309 792 574 847 Σκεπάσω
595 795 776 862 αὐτὸν,
807 796 888 849 ὅτι
915 796 1055 864 ἔγνω
1086 797 1146 850 τὸ
1179 797 1350 867 δνομά
1381 813 1505 865 μου.

1851 795 1939 850 50.
1986 795 2266 860 Ριοοιθαοω
2310 814 2468 866 eum,
2522 799 2778 868 quoniam
2823 798 3074 870 cognovit
3128 815 3323 855 nomen

1865 903 1976 942 um.

192 970 279 1027 51.
313 970 653 1043 Κεκράξεται
703 971 838 1043 πρὸς
885 972 971 1043 μὲ,
1004 971 1099 1026 καὶ
1148 949 1259 1041 ἐγὼ
1301 968 1678 1033 ὲπακούσομαι

1777 903 1976 943 meum.

1672 1006 1678 1021 -
1863 976 1950 1031 51.
1982 977 2246 1033 Clamabit
2273 994 2338 1034 aa
2362 995 2465 1046 me,
2493 989 2545 1035 et
2573 996 2671 1051 ego
2699 982 2983 1037 exaudiam
3009 997 3163 1038 eum:

127 1063 284 1119 αὑτοῦ
307 1082 321 1098 ’

195 1158 281 1214 52.
311 1158 444 1212 Μετ’
472 1155 639 1212 αὑτοῦ
659 1159 774 1228 είμι
806 1158 866 1210 ἐν
891 1156 1095 1226 θλίψειτ

1852 1153 1942 1208 52.
1972 1153 2107 1210 Cum
2140 1157 2256 1226 ipso
2283 1171 2400 1211 sum
2434 1157 2486 1210 in
2523 1158 2898 1215 tribulatione:

193 1248 282 1303 55.
316 1248 631 1320 Ἐξελοῦμαι
661 1248 844 1312 αὐτὸν,
878 1247 974 1302 καὶ
996 1247 1202 1311 δοξάσω
1231 1246 1413 1336 αδτόν.

1853 1245 1943 1300 55.
1973 1244 2207 1316 Eripiam
2242 1262 2386 1312 eum,
2422 1257 2474 1302 et
2499 1249 2807 1319 gloriﬁcabo
2833 1267 2975 1306 eum.

196 1339 283 1395 54.
318 1340 655 1412 Μακρότητα
682 1339 902 1411 ἡμερῶν
935 1339 1200 1410 ἐμπλήσω
1223 1333 1383 1392 αὐτόν
1403 1355 1418 1370 ο

1850 1336 1940 1388 54.
1974 1333 2328 1406 Longitutllne
2349 1339 2556 1393 dierum
2587 1342 2803 1410 replebo
2827 1357 2978 1398 eum:

195 1431 282 1486 55.
308 1432 420 1485 Kal
451 1430 608 1498 δείξω
631 1431 780 1502 αὐτῷ
808 1430 870 1484 τὸ
902 1429 1178 1502 Σωτήριόν
1214 1447 1335 1501 μου.

1851 1425 1939 1480 55.
1971 1424 2036 1480 Et
2063 1427 2340 1481 ostendam
2383 1429 2460 1482 illi
2490 1427 2736 1486 Salutare
2771 1447 2968 1488 meum.

189 1522 421 1594 ίαλμὸς
454 1507 631 1593 ᾠδῆς,
665 1523 752 1590 εις
779 1520 892 1591 τὴν
918 1521 1145 1591 ἡμέραν
1171 1522 1278 1576 τοῦ
1307 1521 1626 1574 Σαϐϐατου.

1855 1517 2060 1573 'salmus
2097 1519 2308 1584 cantici,
2341 1521 2396 1573 in
2425 1521 2562 1574 diem
2595 1520 2834 1578 Sabbati.
2863 1524 3128 1586 ΡεΑιΜ.
3149 1527 3302 1585 Χϐ-.
3339 1527 3346 1600 ξ

815 1609 942 1666 ΛΜ.
984 1615 1103 1666 ιιΛ’.

713 1614 942 1667 ΨΑΛΜ.
984 1615 1103 1678 ιιΛ’.

108 1753 118 1768 ι
202 1705 248 1760 1.
291 1704 519 1774 Ἀγαθὸν
542 1703 603 1758 τὸ
624 1703 1057 1776 ἐξομολογεῖσθαι
1081 1701 1160 1774 τῷ
1186 1702 1400 1772 Κυρίῳ,

1327 1704 1400 1772 ίῳ,
1858 1696 1906 1750 1.
1938 1695 2145 1751 Bonum
2181 1707 2263 1754 est
2296 1700 2537 1756 confiteri
2572 1702 2818 1770 Domino,

197 1792 251 1848 Ξ.
281 1794 392 1848 Kal
421 1793 640 1864 ψάλλειν
666 1791 742 1864 τῷ
769 1792 990 1864 ὀνόματί
1025 1809 1139 1855 σου,
1173 1790 1421 1860 Ὗψιστε.

1713 1853 1756 1864 ﬁ
1855 1788 1908 1843 2.
1941 1791 2007 1844 Et
2038 1790 2266 1861 psallere
2293 1793 2499 1848 nomini
2525 1804 2639 1862 tuo,
2668 1796 2963 1854 Altissime.

195 1886 247 1940 δ.
280 1883 386 1938 Τοῦ
415 1853 762 1954 ἀναγγέλλεὶν
788 1885 848 1938 τδ
864 1853 1017 1957 ’πρωὶ
1039 1885 1099 1938 τδ
1123 1853 1270 1947 ελεάξ
1289 1899 1404 1948 σου,

1860 1882 1914 1936 5.
1947 1880 2027 1935 Ad
2062 1884 2488 1939 annuntiandum
2528 1903 2684 1942 mane
2719 1890 3141 1947 misericordiam
3165 1901 3335 1957 tuam,

199 1975 251 2030 4.
284 1976 397 2030 Καὶ
423 1974 521 2051 τὴν
549 1975 804 2047 ἀλήθειάν
835 1992 925 2029 σου
953 1975 1094 2029 κατὰ
1116 1974 1304 2038 νύκτα,

1859 1971 1914 2025 4.
1946 1969 2012 2025 Et
2042 1971 2320 2028 veritatem
2351 1984 2496 2030 tuam
2524 1992 2617 2046 per
2645 1988 2874 2049 noctem,

195 2067 248 2122 5.
288 2067 376 2120 'Ev
402 2067 707 2141 δεκαχόρδῳ
725 2068 1024 2140 ψαλτηρίῳ,
1055 2067 1171 2139 μετ’
1199 2067 1343 2139 ᾠδῆς
1371 2067 1430 2122 ὲν
1461 2064 1680 2138 κιθάρᾳ.

1859 2061 1914 2118 5.
1943 2061 2000 2116 ln
2021 2063 2356 2120 decachordo
2375 2068 2629 2135 psalterio
2647 2085 2767 2124 cum
2789 2072 3001 2127 cantico
3028 2073 3083 2127 in
3109 2073 3333 2130 cithara.

197 2157 250 2214 6.
277 2159 400 2214 Ὅτι
423 2158 693 2233 εὖφρανάς
716 2178 805 2233 με,
835 2161 1030 2233 Κύριε,
1061 2161 1118 2214 ὲν
1148 2159 1228 2232 τῷ
1257 2158 1518 2232 ποιήματί
1551 2172 1675 2211 σου·

1859 2154 1911 2209 6.
1948 2152 2086 2221 Quia
2120 2155 2397 2214 delectasti
2439 2173 2546 2225 me,
2587 2159 2832 2231 Domine,
2858 2162 2913 2217 in
2946 2162 3153 2221 factura
3181 2174 3272 2220 tua
3301 2185 3314 2219 :

1229 2267 1606 2347 ATHANASII
1643 2289 2227 2348 INTEBPRETATIO.

193 2410 284 2467 28.
311 2412 539 2481 Μήποτε
590 2414 734 2467 κατὰ
765 2413 897 2468 Θεὸν
950 2413 1320 2476 ὲπιτελοῦντός
1357 2413 1432 2484 (1)
1467 2430 1559 2466 σου
1593 2412 1684 2485 ἐρ-

1863 2413 1950 2468 26.
1979 2413 2058 2469 Ne
2085 2412 2225 2469 forte
2253 2413 2487 2468 abeunte
2506 2423 2560 2469 te
2590 2428 2726 2484 opus
2753 2414 3050 2471 secundum
3081 2413 3248 2470 Deum
3278 2429 3340 2470 ea

127 2519 222 2571 τον
252 2502 580 2575 ὲνθυμηθῇς,
613 2505 697 2569 τίς
741 2505 1002 2577 ἐπιθυμία
1039 2505 1134 2559 τοῦ
1170 2504 1435 2571 διαϐόλου,
1469 2506 1614 2557 καὶὲ

1852 2506 2019 2576 ιείιεε,
2053 2522 2173 2577 quae
2204 2515 2332 2561 sunt
2381 2505 2820 2576 concupiscentia
2861 2507 3083 2572 diaboli,
3129 2507 3223 2563 sed
3251 2507 3343 2562 de-

128 2590 314 2661 κλίνῃς
331 2590 426 2643 ἀπ’
448 2591 634 2664 αὐτῆς.

1791 2597 1960 2653 clines
1983 2597 2050 2651 ab
2084 2597 2221 2667 ipsa.

196 2681 286 2736 27.
319 2680 444 2735 Ἐπὶ
468 2682 564 2754 τὴν
589 2683 789 2738 ἰοϐόλον
819 2686 912 2740 καὶ
942 2684 1268 2759 τυραννικὴν
1294 2682 1574 2756 ἐνέργειαν
1597 2686 1687 2739 τοῦ

1863 2687 1955 2742 27.
1995 2687 2170 2757 Super
2197 2695 2537 2754 venenatam,
2560 2696 2613 2743 et
2632 2687 2966 2757 tyrannicam
2990 2687 3188 2743 diaboli
3219 2701 3349 2757 ope-

128 2771 375 2826 διαϐόλου
422 2774 786 2846 κατισχύσεις.

1796 2780 2062 2835 rationem
2097 2779 2431 2849 praevalebis.

199 2864 289 2918 28.
324 2865 433 2918 Kal
467 2865 526 2919 τὺ
550 2867 748 2937 κράτος
777 2868 953 2922 αυτῶν
987 2867 1293 2941 συντρίψεις

1415 2911 1424 2924 .
1863 2869 1955 2924 28.
1989 2866 2057 2923 Et
2095 2883 2285 2924 eorum
2316 2869 2612 2940 potentiam
2640 2878 2906 2926 conteres.

199 2954 290 3009 29.
323 2956 446 3009 Ὀτι
474 2959 574 3028 ἐμὲ
604 2958 794 3030 βοηθὸν
826 2959 976 3014 ἔθετο
1000 2961 1058 3016 ὲν
1089 2962 1156 3033 τῇ
1182 2959 1378 3034 καρδίᾳ
1404 2959 1590 3016 αὐτοῦ.

1861 2959 1953 3014 29.
1995 2957 2265 3025 Quoniam
2292 2974 2378 3015 me
2397 2955 2711 3030 adiutorem
2740 2962 2920 3031 posuit
2950 2961 3003 3014 in
3030 2959 3190 3015 corde
3226 2970 3344 3014 suo.

201 3046 292 3101 50.
320 3047 541 3112 Φυλάξω
573 3051 754 3122 αὑτὸν,
789 3052 870 3108 ὅτι
898 3052 1258 3110 πεπίστευκεν
1291 3054 1372 3120 ei;
1405 3051 1525 3126 ἐμὲ.

1862 3051 1955 3110 5θ.
1998 3051 2315 3108 Eustudiam
2338 3067 2484 3120 eum,
2513 3053 2773 3124 quoniam
2800 3052 3028 3109 credidit
3054 3053 3110 3107 in
3137 3066 3242 3108 me.

198 3139 288 3194 51.
321 3139 395 3196 To
423 3139 635 3214 θέλημα
665 3144 828 3198 αὑτοῦ
863 3147 1092 3217 ποιήσω.

1861 3145 1953 3201 51.
1982 3143 2327 3200 Voluntatem
2355 3143 2472 3214 ejus
2502 3143 2721 3200 faciam.

198 3233 288 3286 52.
319 3233 519 3304 Βοηθὸς
539 3236 698 3289 αὐτοῦ
721 3237 910 3308 ἔσομαι
931 3241 986 3291 ὲν
1001 3241 1066 3310 τῇ
1083 3239 1262 3310 ἡμέρᾳ
1276 3239 1373 3310 τῆς
1384 3237 1689 3306 ἀπολογίας.

1572 3237 1694 3304 πίας.
1723 3234 1765 3294 C
1866 3238 1955 3294 52.
1983 3238 2212 3309 Adjutor
2246 3236 2363 3307 ejus
2393 3251 2487 3292 ero
2517 3236 2572 3291 in
2601 3237 2688 3293 die
2714 3236 3063 3294 defensionis.

205 3324 296 3378 55.
329 3326 426 3378 Ἐκ
458 3327 556 3396 τῆς
601 3330 820 3383 αἰωνίου
851 3330 1122 3394 κολάσεως
1152 3329 1567 3401 λυτρωσάμενος
1599 3329 1696 3382 αὑ-

1876 3331 1958 3387 55.
1986 3332 2029 3386 Ε
2065 3330 2330 3400 supplicio
2363 3337 2564 3384 aeterno
2609 3329 2844 3386 liberans
2875 3345 2999 3384 eum
3033 3328 3367 3386 transferam.

134 3413 245 3477 τὸν,
286 3419 610 3489 μεταστήσω
645 3420 806 3474 αὐτὸν
841 3422 896 3474 ὲν
927 3424 991 3493 τῇ
1028 3421 1271 3492 βασιλείᾳ
1294 3438 1414 3492 μου.

1028 3421 1271 3492 βασιλείᾳ
1294 3438 1414 3492 μου.
1801 3440 1926 3481 eum
1954 3424 2008 3478 in
2033 3440 2262 3494 regnum
2301 3439 2500 3478 meum.

198 3505 290 3560 54.
323 3508 419 3571 Εἰς
447 3509 523 3581 (5)
569 3510 669 3576 τὰς
735 3512 1018 3577 αίωνίουςι
1044 3512 1378 3577 ἀναπαύσεις
1424 3512 1689 3583 εἰσαγάγω

1690 3530 1698 3562 ι
1871 3515 1963 3571 54.
1993 3517 2055 3569 In
2084 3523 2283 3570 aeterna
2307 3513 2586 3583 refrigeria
2610 3513 2949 3570 introducam
2978 3515 3181 3571 insum.

137 3596 322 3651 αὐτόν.

207 3689 299 3745 55.
329 3691 441 3761 Τὴν
469 3692 818 3749 άνταπόδοσίν
852 3713 973 3767 μου.

1873 3691 1961 3748 55.
1991 3691 2418 3748 Retributionem
2444 3707 2642 3748 meam.

219 3809 287 3862 Ἦ
317 3812 649 3882 προκειμένη
685 3812 961 3885 ἐπιγραφὴ
984 3813 1226 3886 περιέχει
1253 3813 1330 3886 (4)
1356 3830 1370 3846 ⁸
1408 3811 1653 3882 Ψαλμὸς
1678 3808 1858 3879 ᾠδῆς,
1897 3812 1984 3877 εις
2009 3811 2125 3880 τὴν
2149 3809 2375 3881 ἡμέραν
2413 3809 2521 3867 τοῦ
2548 3809 2870 3876 Σαϐϐάτου,
2903 3810 3036 3882 ὅπερ
3065 3805 3359 3881 ἑρμηνεύε-

137 3901 227 3956 tiu
255 3903 346 3966 είς
379 3900 495 3968 τὴν
523 3902 902 3959 συντέλειαν.
929 3904 1098 3959 Τοῦτο
1129 3905 1239 3976 γὰρ
1265 3905 1413 3977 δηλοῖ
1440 3904 1500 3958 τὸ
1527 3903 1848 3968 Σάϐϐατον,
1883 3901 2018 3975 ὅπερ
2047 3903 2474 3976 ἑρμηνευόμενον
2513 3901 2730 3972 λέγεται
2757 3901 3150 3966 κατάπαυσις.

209 4016 427 4072 Titulus
456 4015 779 4086 praepositus
812 4018 1092 4074 continet:
1123 4017 1373 4074 Psalmus
1401 4018 1617 4084 cantici,
1644 4018 1700 4072 in
1724 4017 1862 4071 diem
1891 4015 2134 4083 Sabbau,
2171 4017 2318 4090 quod
2341 4018 2727 4090 interpretatur
2754 4018 2812 4071 in
2839 4013 3356 4072 consummationem.

138 4112 259 4171 Hoc
291 4113 435 4168 enim
473 4115 708 4171 declarat
735 4116 902 4172 dictio
929 4114 1020 4170 illa
1053 4113 1342 4171 Sabbatum
1371 4116 1518 4185 quod
1554 4114 1941 4183 interpretatur
1974 4115 2198 4186 requies.

211 4233 270 4286 1.
303 4231 385 4286 Τὰ
411 4232 632 4302 κρυπτὰ
653 4232 751 4302 τῆς
775 4230 1000 4302 καρδίας
1013 4231 1277 4301 διηγεῖται
1297 4230 1374 4301 τῷ
1394 4230 1582 4300 Κυρίῳ
1610 4229 1702 4301 (5).

1575 4251 1582 4280 ›
1610 4229 1706 4301 (5).
1741 4234 1786 4289 D
1885 4233 1937 4288 1.
1967 4231 2296 4289 Abscondita
2324 4231 2506 4287 cordis
2535 4245 2791 4286 enarrare
2819 4228 3066 4285 Domino.

209 4325 268 4379 2.
301 4323 391 4376 'Ev
420 4322 617 4394 μελέτῃ
645 4323 939 4378 ὲπαίνουσά
957 4321 1291 4395 [ὲπαίνεσίν]
1323 4339 1403 4374 σοι
1430 4321 1506 4392 (6)
1539 4337 1700 4392 προσ-

1539 4337 1709 4392 προσ-
1883 4325 1936 4380 2.
1972 4322 2028 4378 In
2058 4324 2410 4379 meditatione
2434 4323 2647 4378 laudem
2677 4319 2771 4374 tibi
2805 4318 3017 4374 aﬂ‘erre.

184 4417 361 4472 ἐοειν.

140 4433 413 4566 φεῗιέοὖ
443 4506 744 4580 διηγεῖσθαι
774 4507 1023 4579 φανερῶς
1052 4507 1113 4561 τὸ
1139 4505 1257 4571 πῶς
1289 4504 1523 4577 ἠλεήθης
1556 4501 1631 4575 (7)

1887 4502 1940 4557 5,
1976 4501 2056 4555 Ad
2088 4499 2543 4556 manifestandum
2575 4497 2848 4569 quomodo
2877 4493 3133 4552 misertus
3162 4509 3237 4550 es.

93 4593 108 4604 ’
211 4602 273 4657 4.
305 4601 416 4656 Kal
443 4601 588 4656 κατὰ
626 4599 702 4672 (8)
743 4601 920 4672 πάσης
957 4599 1233 4673 ἁμαρτίας
1259 4597 1584 4671 προσφέρειν

1889 4593 1943 4648 4.
1991 4593 2058 4648 Et
2090 4593 2158 4648 ad
2208 4590 2586 4662 proferendam
2634 4597 2822 4643 contra
2879 4601 3038 4643 omne
3090 4592 3377 4657 peccatum

137 4693 412 4767 ἀλήθειαν
436 4694 544 4748 τῶν
570 4695 1003 4767 προσταγμάτων
1028 4712 1143 4748 σου.

1812 4687 2095 4742 veritatem
2133 4693 2525 4755 praceptorum
2555 4687 2797 4736 tuorum.

218 4788 277 4844 5.
316 4788 407 4842 Ἐν
432 4789 554 4850 ταῖς
575 4787 705 4840 δέκα
730 4786 969 4852 ἐντολαῖς
992 4784 1272 4860 νεκρώσας
1303 4783 1365 4838 τὸ
1387 4782 1545 4855 σῶμα
1571 4783 1630 4836 ἐν
1651 4783 1709 4853 τῇ

1888 4778 1940 4833 5.
1972 4777 2028 4832 In
2055 4777 2239 4832 decem
2264 4774 2549 4846 praeceptis
2581 4772 2904 4830 mortiﬁcata
2933 4785 3157 4842 corpore
3178 4782 3370 4826 canere

137 4878 364 4951 διανοίᾳ
397 4880 455 4933 ὲν
483 4878 718 4950 ψαλμοῖς
741 4878 885 4950 ᾄδειν
911 4877 988 4949 τῷ
1021 4876 1212 4949 Κυρίῳ
1243 4875 1344 4946 (9).

1048 4876 1212 4949 Κυρίῳ
1243 4875 1344 4946 (9).
1817 4880 1998 4926 mente
2023 4868 2260 4939 psalmos
2290 4865 2539 4920 Domino.

213 4971 274 5027 6.
300 4971 413 5042 Τὴν
442 4968 666 5043 καρδίαν
701 4987 801 5040 μου
834 4969 921 5024 διὰ
941 4968 1047 5023 τῶν
1075 4967 1301 5022 ἐντολῶν
1337 4982 1454 5020 σου.

1337 4982 1454 5020 σου.
1893 4961 1948 5016 6.
1979 4959 2087 5016 Cor
2113 4973 2292 5014 meum
2321 4957 2375 5012 in
2400 4956 2670 5011 mandatis
2693 4957 2815 5010 tuis.

1060 5099 1363 5163 Addenda
1399 5104 1460 5159 et
1494 5093 1868 5174 corrigenda
1918 5112 1996 5157 ex
2025 5092 2165 5156 eod.
2200 5089 2405 5154 Vatic.

220 5229 307 5302 (1)
360 5225 783 5302 ξΕνθυμηρέντ-ος
836 5242 928 5279 σου
984 5223 1141 5296 ἔργον
1168 5264 1188 5302 ,
1267 5220 1563 5292 ἐνθύμησις
1620 5217 1720 5289 τῆς
1825 5214 2198 5302 μέν-οςὲτοῦτο
2224 5216 2354 5302 γάρ,
2385 5222 2597 5302 eteae"
2619 5300 2630 5302 _
2658 5279 2950 5302 LMALAN
2982 5278 3052 5302 ’,ἡ
3090 5275 3198 5302 ΩΑ

144 5276 1335 5372 ινέῥίτειξξ’έοῖξιᾶϐᾀᾷουὲὸναάτὶποᾶττει.
1399 5276 1412 5292 ’
1461 5276 1473 5289 ’
1542 5276 1559 5284 ’
1677 5276 1716 5289 ’⁷
1825 5276 1838 5290 ’
2109 5276 2253 5372 κατά
2279 5276 2379 5372 τῆς
2407 5283 2637 5372 καρδίας
2651 5279 2967 5372 διηγεῖσθαι
2981 5278 3057 5352 τῷ
3090 5276 3228 5348 Θεῷ.

225 5354 309 5440 (2)
336 5354 512 5440 Αὐτῷ
547 5366 849 5440 συνῃ-ίψὲ.
1119 5433 1132 5440 _
1199 5431 1210 5440 _
1386 5429 1399 5440 _
1456 5429 1469 5440 .
1605 5428 1620 5440 ‘
1641 5427 1656 5440 ‘
2127 5356 2266 5440 ἐλέει
2295 5354 2549 5418 ἐπαίνους
2583 5369 2685 5421 σοι,
2714 5362 2817 5409 etc.

811 5385 828 5419 ι

224 5427 402 5513 (5)-Ν.
431 5437 523 5502 52,
547 5436 618 5490 55
662 5427 766 5492 54.’
788 5437 904 5500 Εἰς.
941 5442 1072 5501 etc.,
1109 5431 1301 5502 ἀγάγω
1341 5429 1523 5493 αὐτόν,
1555 5427 1715 5482 addu-

807 5437 904 5500 Ξίς.
941 5442 1072 5501 etc.,
1109 5431 1301 5502 ἀγάγω
1341 5429 1523 5493 αὐτόν,
1555 5427 1725 5482 addu-
2009 5427 2298 5513 ξῌλεῄθην.

142 5492 522 5576 οοῖιι’ἰρειιζηξ
605 5573 628 5576 ῃ
865 5492 888 5576 ί
1056 5492 1070 5501 ⁷
1158 5492 1170 5502 ’
1233 5492 1244 5502 ’
1438 5569 1451 5576 _

1233 5492 1244 5502 ’
1438 5569 1451 5576 _
1511 5492 1515 5493 ί
1650 5565 1663 5576 ,
2009 5492 2187 5576 [(ατᾶ,
2221 5492 2352 5567 etc.,
2386 5495 2543 5553 deest
2561 5492 2680 5547 καί.

227 5565 414 5652 (103*!
444 5573 530 5652 δεδι
570 5573 669 5652 τῆς
702 5574 1071 5652 κρῖναξάρεως
1098 5591 1246 5652 περιρ
1285 5565 1725 5652 ειεοιὲρμηνξύε-
1902 5565 1976 5640 (9)
2007 5569 2143 5640 Θεῳο

149 5671 184 5706 τ
210 5639 534 5716 ιὶ.’Ψαλμδς
557 5639 658 5715 τῆς
686 5646 829 5717 ᾠδῆς
850 5639 1047 5718 εἰς’τὴν
1074 5639 1378 5701 συντέλειάν
1405 5639 1720 5710 ἐστινείρη-
