3776 6280
434 330 574 386 1047
1270 331 1309 384 S
1370 331 1734 388 ATHANAS"
1775 336 1926 391 OPP.
1959 337 2136 392 PARS
2175 335 2264 392 111.
2308 365 2371 378 -
2403 333 2818 393 EXEGETICA.
3486 339 3645 399 1058

497 445 548 500 7.
569 434 719 501 Et‘in
754 446 1006 516 operibus
1035 463 1293 504 manuum
1322 458 1537 506 tuarum
1565 454 1868 509 exsultabo.

2154 455 2190 507 1.
2226 454 2337 508 Kal
2361 455 2418 507 ὲν
2445 457 2558 518 τοῖς
2569 456 2748 528 ἔργοις
2765 452 2874 507 τῶν
2887 455 3080 524 χειρῶν
3104 470 3195 506 σου
3208 454 3645 529 ἀγαλλιάσομαι.

494 534 550 592 8.
581 535 754 602 Quam
779 537 1117 608 magniﬁcata
1153 548 1280 596 sunt
1312 557 1477 611 opera
1507 556 1619 608 tua,
1656 543 1881 600 Domine
1909 564 1920 598 :

1854 559 1881 600 e
1909 564 1920 598 :
2144 545 2197 600 8.
2241 545 2330 608 Ὠς
2363 545 2700 616 ὲμεγαλύνθη
2729 545 2797 598 τὰ
2820 544 2957 615 ἔργα
2990 563 3102 612 σου,
3135 544 3303 616 Κύριε
3333 564 3345 577 ·

496 627 550 682 9.
580 625 752 684 Nimis
780 628 1061 699 profunda:
1089 631 1241 687 facta:
1272 641 1399 688 sunt
1425 621 1777 705 cogitationes
1808 647 1933 693 tuaa.

1923 678 1933 693 .
2148 637 2202 691 9.
2231 636 2441 707 Σφόδρα
2475 636 2839 704 ὲϐαθύνθησαν
2868 637 2918 688 oi
2940 635 3270 706 διαλογισμοί
3302 655 3414 695 σου.

495 717 584 773 10.
622 717 718 772 Vir
751 720 1014 791 insipiens
1043 737 1153 778 non
1177 734 1504 796 cognoscet:

2151 727 2234 782 10.
2279 727 2440 799 ’Δνὴρ
2471 728 2656 798 ἄφρων
2677 729 2748 798 οὐ
2776 727 3075 796 γνώσεται·

494 807 582 861 11.
611 805 679 862 Et
705 809 903 865 stultus
933 825 1040 866 non
1069 811 1330 884 intelliget
1357 813 1492 869 haec.

2154 818 2241 871 11.
2277 820 2386 872 Kal
2412 817 2666 882 activam;
2697 820 2754 871 οὐ
2783 820 3001 890 συνήσει
3028 819 3215 875 ταῦτα.

493 896 580 952 12.
610 898 746 953 Cum
795 901 971 956 exorti
1018 901 1218 958 fuerint
1242 915 1553 974 peccatores
1586 908 1729 963 sicut
1769 908 1974 973 fenum,

2149 909 2234 963 12.
2280 910 2368 962 Ἐν
2394 909 2470 980 τῷ
2494 910 2764 964 ἀνατεῖλαι
2792 911 3142 983 ἁμαρτωλοὺς
3173 913 3302 966 ὡσεὶ
3333 915 3545 986 χόρτον,

495 989 581 1044 15.
612 988 677 1044 Et
705 993 1054 1061 apparuerint
1096 1009 1306 1060 omnes,
1342 996 1436 1067 qui
1459 1009 1750 1069 operantur
1777 1000 1976 1071 iniqui-

2155 1000 2241 1055 15.
2269 1001 2379 1054 Kal
2398 1001 2654 1072 διέκυψαν
2692 1003 2889 1065 πάντες
2920 1004 2968 1055 οἱ
2998 1003 3345 1074 ἐργαζόμενοι
3376 1007 3475 1079 τὴν
3506 1009 3640 1062 ἀνο-

391 1087 394 1091 ’
425 1092 607 1136 tatem.
1431 1115 1438 1121 ο

1431 1115 1438 1121 ο
2083 1091 2230 1161 μίαν.

493 1173 578 1228 14.
611 1173 682 1231 Ut
710 1177 974 1232 intereant
999 1177 1054 1232 in
1081 1177 1334 1232 sazculum
1363 1177 1568 1235 saeculi.

2154 1183 2239 1236 14.
2275 1182 2462 1248 Ὅπως
2491 1184 2558 1241 ἂν
2595 1185 3038 1256 ἐξολοθρευθῶσιν
3083 1189 3162 1252 είς
3199 1189 3290 1242 τὸν
3316 1189 3486 1243 αίῶνα
3536 1187 3637 1245 τοῦ

2078 1272 2286 1338 αἰῶνος.

494 1351 580 1404 15.
623 1350 702 1405 Tu
736 1361 914 1409 autem
943 1353 1256 1410 Altissimus
1289 1352 1343 1409 in
1377 1365 1660 1419 aeternum,
1705 1354 1948 1410 Domine.

1865 1370 1948 1410 ne.
2155 1364 2238 1420 15.
2272 1365 2346 1418 Σὺ
2365 1365 2422 1419 δὲ
2446 1367 2704 1437 ’Υψιστος
2725 1369 2805 1430 είς
2831 1368 2923 1421 τὸν
2950 1369 3137 1434 αίῶνα,
3169 1370 3356 1442 Κύριε.

493 1440 580 1495 16.
609 1441 878 1508 Quoniam
913 1459 1038 1499 ecce
1067 1444 1272 1500 inimici
1303 1446 1403 1511 tui,
1434 1445 1682 1514 Domine,
1713 1447 1971 1517 quoniam

2150 1455 2235 1510 16.
2265 1456 2385 1509 Ὅτι
2419 1457 2527 1510 ἰδοὺ
2563 1459 2613 1510 οι
2641 1458 2822 1530 ἐχθροί
2842 1475 2956 1525 σου,
2991 1460 3180 1532 Κύριε,
3215 1440 3294 1514 ὅτι
3324 1459 3400 1532 (α)
3428 1461 3538 1516 teat.
3580 1462 3633 1516 οε

421 1546 546 1586 ecce
569 1533 774 1589 inimici
802 1535 879 1589 tui
920 1535 1192 1604 peribunt.

2076 1547 2262 1620 ἐχθροί
2297 1565 2390 1603 σου
2415 1549 2755 1605 ἀπολοῦνται.

494 1624 580 1676 17.
621 1623 686 1678 Ει
723 1624 1100 1689 disoergentur
1150 1640 1358 1690 omnes,
1406 1627 1498 1696 qui
1533 1637 1826 1697 operantur
1869 1630 1968 1684 ini~

2144 1640 2230 1692 17.
2271 1641 2381 1694 Kal
2403 1641 2976 1715 διασκορπισθήσονται
3009 1645 3207 1710 πάντες
3238 1647 3285 1699 οἱ
3327 1647 3633 1718 ἐργαζόμε-

422 1717 704 1784 quitatem.

2075 1743 2156 1783 νοι
2188 1728 2288 1800 τὴν
2321 1729 2565 1800 ἀνομίαν.

495 1808 580 1862 18.
608 1807 672 1862 Ει
705 1808 1029 1863 exaltabitur
1071 1810 1212 1864 sicut
1248 1810 1530 1866 unicornis
1563 1825 1730 1866 cornu
1754 1826 1973 1879 meum;

2145 1818 2232 1874 18.
2263 1820 2373 1874 Kal
2401 1820 2744 1893 ὑψωθήσεται
2765 1823 2839 1887 ὡς
2861 1827 3220 1897 μονοκὲρωτος
3241 1827 3297 1880 τὸ
3322 1828 3485 1900 κέρας
3503 1847 3627 1899 μουο

495 1900 582 1954 19.
625 1899 690 1954 Et
719 1910 971 1956 senectus
1002 1917 1118 1956 mea
1149 1901 1206 1955 in
1240 1902 1362 1956 oleo
1399 1902 1571 1957 uberi.
1957 1981 1960 1986 _

1957 1981 1960 1986 _
2141 1910 2228 1967 19.
2259 1913 2371 1966 Kal
2397 1913 2458 1966 τὸ
2481 1913 2657 1985 γῆράς
2692 1933 2790 1986 μου
2823 1919 2880 1970 ὲν
2909 1917 3070 1987 ἐλαίῳ
3105 1919 3262 1973 πίονι.

491 1991 579 2046 20.
610 1991 676 2046 Et
703 1993 945 2063 despexit
970 1995 1158 2049 oculus
1198 2009 1352 2050 meus
1384 1994 1636 2050 inimicos
1660 2010 1810 2052 meos
1836 2016 1851 2054 :
1951 1987 1958 1996 ’

2143 2005 2232 2060 20.
2265 2004 2374 2061 Kal
2392 2007 2602 2060 ἐπεῖδεν
2621 2010 2650 2060 ό
2665 2007 2937 2078 ὀφθαλμός
2959 2027 3057 2080 μου
3079 2011 3133 2062 ἐν
3149 2012 3257 2073 τοῖς
3272 2010 3482 2082 ἐχθροῖς
3504 2029 3627 2080 μου-

494 2083 582 2138 21.
629 2083 696 2139 Et
749 2085 802 2138 in
854 2084 1259 2156 insurgentibus
1314 2086 1366 2140 in
1415 2100 1501 2140 me
1556 2086 1972 2159 malignantibus

2145 2093 2235 2149 21.
2263 2095 2370 2148 Kal
2392 2097 2448 2148 ὲν
2475 2098 2587 2160 τοῖς
2611 2098 3059 2168 ὲπανισταμένοις
3088 2100 3171 2151 ἐπ’
3203 2101 3300 2169 ἐμὲ
3335 2117 3631 2170 πονηρευο-

421 2176 603 2230 audiet
640 2176 791 2232 auris
825 2193 965 2232 mea.

2080 2182 2262 2255 μένοις
2285 2185 2574 2239 ἀκούσεται
2595 2188 2656 2239 τὸ
2680 2183 2771 2250 οὖς
2799 2205 2921 2257 μου.

493 2265 584 2319 22.
611 2265 798 2323 Justus
832 2277 891 2322 ut
922 2269 1098 2338 palma
1127 2267 1337 2323 ﬂorebit
1366 2286 1380 2321 :

2150 2273 2241 2329 22.
2274 2275 2490 2339 Δίκαιος
2514 2275 2590 2340 ὡς
2617 2277 2788 2345 φοῖνιξ
2813 2277 3033 2348 ἀνθήσει
3059 2293 3072 2307 °

488 2360 577 2414 25.
621 2358 772 2415 Sicut
795 2361 988 2416 cedrus
1020 2361 1074 2414 in
1105 2359 1311 2414 Libano
1345 2361 1803 2432 multiplicabitur.

2151 2365 2240 2420 25.
2279 2365 2423 2419 Ὠσεὶ
2455 2367 2696 2439 κέδροςή
2740 2371 2796 2420 ἐν
2827 2367 2902 2439 τῷ
2933 2369 3145 2440 Λιϐάνῳ
3177 2369 3626 2440 πληθυνθήσεται.

490 2453 577 2506 24.
614 2452 845 2508 Plantati
877 2453 929 2507 in
956 2453 1118 2508 domo
1140 2452 1378 2513 Domini.

2152 2456 2242 2511 24.
2277 2458 2681 2530 Πεφυτευμένοι
2702 2461 2758 2513 ὲν
2786 2459 2860 2530 τῷ
2885 2460 3014 2531 οἴκῳ
3048 2462 3266 2532 Κυρίου,

492 2590 564 2658 (n)
599 2589 746 2674 γεγε.
779 2593 863 2674 17.
889 2593 1031 2656 Ὅτι,
1055 2603 1182 2656 etc.,
1212 2592 1549 2649 ἀπολοῦνται.
1585 2592 1648 2647 ν.
1676 2593 1758 2646 18.
1803 2594 1911 2646 Kal
1933 2593 1980 2647 δι

2142 2597 2534 2669 >πισθήσονται,
2569 2607 2672 2652 etc.
2713 2595 2776 2650 Υ.
2804 2597 2887 2651 19.
2915 2595 3016 2651 Kal
3039 2596 3378 2668 ὑψωθήσεται
3411 2598 3488 2662 ὡς
3536 2614 3633 2668 μο-

423 2673 753 2732 νοκερωτων,
775 2673 876 2718 etc.

1527 2755 1897 2812 ATHANASII
1939 2754 2518 2811 INTERPRETATIO.

491 2872 541 2926 7.
576 2874 633 2926 In
662 2875 938 2943 praeceptis
972 2873 1204 2945 Spiritus
1234 2875 1333 2929 tui.

2149 2874 2197 2927 7.
2247 2875 2334 2926 Ἑν
2373 2875 2483 2935 τοῖς
2510 2873 2887 2943 προστάγμασι
2917 2871 3008 2924 τοῦ
3043 2869 3347 2940 Πνεῦματὸς
3375 2886 3485 2924 σου.

493 2961 544 3016 8.
573 2962 880 3019 Glorilicata
913 2974 1039 3020 sunt
1067 2966 1272 3036 judicia
1303 2977 1416 3021 tua.

2145 2964 2196 3016 8.
2227 2963 2301 3034 (α)
2349 2961 2740 3033 Ἐδοξάσθησαν
2765 2963 2829 3015 τὰ
2859 2962 3101 3032 κρίματά
3124 2978 3236 3016 σου.

491 3052 546 3106 9.
582 3052 988 3124 lnvestigabiles
1024 3064 1149 3110 sunt
1185 3056 1491 3110 voluntates
1527 3064 1648 3110 tuae.

2144 3053 2194 3106 9.
2235 3053 2650 3123 Ἀνεξιχνίαστοί
2681 3054 2755 3122 (-1)
2787 3055 2921 3106 εἰσιν
2953 3055 3012 3105 at
3041 3051 3223 3121 βουλαί
3254 3069 3364 3104 σου.

496 3141 583 3195 10.
621 3144 883 3199 Animalis
908 3146 1059 3200 homo
1087 3163 1186 3198 non
1217 3147 1436 3216 percipit
1461 3164 1523 3199 ea
1553 3162 1668 3217 qua:
1703 3155 1824 3198 sunt
1856 3144 1976 3215 Spi-

2149 3146 2232 3200 10.
2264 3146 2338 3218 (2)
2379 3145 2637 3214 Ψυχικὸς
2670 3145 2974 3214 ἅνθρωπος
3025 3146 3097 3198 οὐ
3148 3143 3379 3212 δέχεται
3415 3142 3486 3196 τὰ
3529 3143 3639 3196 τοῦ

425 3238 556 3291 ritus
596 3235 695 3290 Dei
721 3240 786 3294 η.

2079 3239 2420 3307 Πνεύματος
2446 3237 2550 3291 τοῦ
2593 3237 2757 3291 Θεοῦ.

497 3331 581 3384 11.
619 3329 750 3386 Nam
799 3333 890 3403 qui
940 3334 991 3386 in
1051 3333 1250 3388 divitiis
1293 3341 1345 3388 et
1413 3330 1766 3403 dignitatibus
1817 3341 1974 3396 sunt,

2150 3330 2236 3385 11.
2273 3330 2358 3382 Ἐν
2382 3329 2592 3400 πλούτῳ
2611 3329 2716 3400 γὰρ
2742 3327 2834 3380 καὶ
2862 3327 3098 3396 ὑπεροχῇ
3130 3325 3279 3388 όντες
3303 3322 3640 3395 συγχωροῦν-

424 3421 804 3489 perturbantur
831 3423 977 3479 curis
1017 3424 1216 3480 saeculi.

2079 3438 2167 3474 ται
2196 3419 2582 3491 [Ὅυγχεοῦνται
2606 3418 2626 3490 ]
2653 3417 2754 3470 ὑπὸ
2776 3417 2874 3487 τῆς
2906 3415 2997 3470 τοῦ
3024 3417 3138 3488 βίου
3173 3415 3459 3488 μερίμνης.

500 3510 588 3565 12.
631 3511 742 3568 Visi
775 3523 904 3568 sunt
933 3514 1105 3569 solum
1134 3513 1414 3584 gloriﬁcati
1443 3515 1496 3568 in
1522 3517 1740 3571 mundo.

2155 3513 2242 3568 12.
2285 3511 2636 3584 Ἐωράθησαν
2662 3510 2820 3580 μόνον
2848 3509 3217 3580 δεδοξασμένοι
3239 3509 3296 3562 ὲν
3321 3505 3398 3578 τῷ
3426 3504 3635 3577 κόσμῳ.

495 3603 584 3658 13.
617 3604 677 3657 in
705 3602 886 3659 futuro
920 3605 1145 3674 judicio.

2151 3604 2238 3657 15.
2273 3604 2366 3665 Είς
2392 3601 2491 3673 τὴν
2525 3599 2816 3672 μέλλουσαν
2845 3600 3041 3671 κρίσιν.

495 3695 586 3750 14.
611 3694 671 3750 1n
699 3697 822 3767 igne
853 3706 1073 3751 aeterno.

2147 3693 2231 3746 14.
2266 3695 2359 3756 El;
2382 3692 2442 3745 τὸ
2468 3690 2577 3762 πῦρ
2605 3690 2664 3744 τὸ
2697 3690 2928 3744 αἰώνιον.

497 3785 584 3842 15.
610 3786 978 3843 lndesinenter
1006 3789 1331 3858 gloriﬁcatus
1363 3805 1442 3844 es.

2153 3780 2239 3834 15.
2268 3778 2662 3850 Δεδοξασμένος
2693 3774 2743 3831 εἶ
2761 3780 3069 3842 ἀπαύστως.

497 3877 582 3932 16.
624 3876 923 3933 Daemones.

2150 3871 2236 3926 16.
2270 3873 2332 3924 Οἱ
2359 3871 2627 3941 δαίμονες.

449 3951 453 3958 ’
498 3967 584 4020 17.
613 3966 716 4033 Qui
747 3968 1008 4024 obediunt
1032 3971 1182 4039 ipsis,
1215 3981 1375 4026 erunt
1407 3972 1461 4026 in
1502 3970 1874 4042 perditionem.

2154 3963 2241 4016 17.
2274 3964 2336 4016 Οί
2371 3961 2680 4032 πειθόμενοι
2714 3963 2892 4024 αὐτοῖς
2924 3963 3003 4024 εἰς
3032 3960 3306 4014 ἀπώλειαν
3327 3960 3561 4015 ἔσονται.

499 4057 591 4112 18.
622 4057 680 4111 In
707 4061 860 4115 caelis
890 4061 992 4115 erit
1019 4062 1368 4117 subsistentia
1399 4078 1539 4117 mea.

2155 4051 2241 4105 18.
2275 4051 2363 4104 Ἐν
2390 4054 2500 4115 τοῖς
2527 4051 2773 4123 οὐρανοῖς
2807 4051 2956 4106 ἔσται
2983 4055 3014 4123 ή
3043 4051 3272 4124 ὕπαρξίς
3305 4070 3424 4124 μου.

498 4147 582 4203 19.
616 4147 684 4204 Ει
711 4165 830 4205 mea
858 4151 1150 4206 novissima
1183 4153 1238 4206 in
1265 4155 1435 4208 multo
1469 4152 1771 4222 refrigerio.

2155 4142 2242 4197 19.
2273 4143 2382 4196 Kal
2410 4141 2479 4195 τὰ
2500 4143 2626 4214 τέλη
2658 4161 2759 4214 μου
2788 4145 2844 4196 ὲν
2865 4143 3165 4198 ἀναπαύσει
3199 4145 3383 4215 πολλῇ.

494 4237 583 4293 20.
609 4237 676 4294 Et
719 4241 853 4296 vidit
898 4242 1087 4298 oculus
1137 4259 1312 4312 meus,
1365 4242 1640 4314 quomodo
1687 4244 1788 4300 viri
1832 4244 1984 4315 impii

2153 4233 2243 4289 20.
2274 4235 2381 4287 Καὶ
2402 4229 2538 4287 εἶδεν
2558 4237 2586 4287 ὁ
2601 4233 2868 4305 ὀφθαλμός
2896 4252 2995 4305 μου
3017 4235 3133 4299 πῶς
3152 4235 3532 4308 παραδίδονται
3561 4239 3639 4296 είς

425 4331 710 4391 tradantur
740 4332 792 4387 in
825 4334 1158 4403 punitionem
1187 4345 1465 4390 aeternam.

2086 4325 2303 4379 κόλασιν
2336 4323 2548 4380 αἰώνιον
2568 4327 2616 4379 οἱ
2647 4327 2862 4390 ἀσεϐεῖς
2887 4326 3097 4399 ἄνδρες.

497 4422 584 4476 21.
628 4422 691 4478 Ει
747 4425 960 4478 audiam
1010 4427 1332 4481 sententiam
1369 4427 1632 4496 prolatam
1681 4444 1712 4483 a
1758 4426 1984 4482 Domino

2153 4417 2243 4470 21.
2278 4417 2386 4469 Kal
2419 4417 2558 4472 κατὰ
2586 4418 2692 4470 τῶν
2732 4417 2985 4471 ἐναντΐων
3025 4419 3302 4490 δυνάμεων
3339 4418 3639 4489 ὲκφερομέυ

428 4519 614 4565 contra
638 4512 977 4570 adversarias
1001 4524 1313 4585 potestates.

2087 4527 2181 4581 νην
2209 4509 2309 4581 τὴν
2341 4510 2612 4580 ἀπόφασιν
2643 4511 2748 4564 ὑπὸ
2771 4510 2865 4563 τοῦ
2897 4511 3100 4581 Κυρίου
3129 4511 3360 4565 ἀκούσω.

497 4595 588 4648 22.
624 4595 856 4654 Mundus
887 4600 1049 4656 corde
1075 4601 1376 4657 invenietur
1408 4601 1464 4656 in
1494 4617 1660 4672 regno
1700 4602 1981 4658 caelorum.

2159 4599 2246 4652 22.
2279 4600 2533 4672 Καθαρὸς
2576 4600 2924 4672 εὑρεθήσεται
2965 4603 3031 4670 τῇ
3074 4600 3269 4672 καρδίᾳ
3298 4601 3356 4652 ἐν
3382 4602 3447 4651 τε
3485 4598 3639 4651 ϐασι-

2089 4689 2206 4761 λείᾳ
2227 4690 2335 4744 τῶν
2357 4691 2618 4763 οὐρανῶν.

493 4773 583 4830 25.
616 4774 672 4829 In
704 4776 1128 4848 incorruptibilia
1157 4781 1353 4836 saecula
1379 4779 1732 4850 permanebit.

2158 4781 2248 4836 25.
2279 4783 2374 4846 Et;
2394 4783 2700 4854 ἀφθάρτους
2720 4783 2920 4847 αἰῶνας
2941 4783 3183 4853 διαμενεῖ
3212 4782 3303 4850 (5).

491 4858 584 4920 24.
613 4863 670 4919 In
697 4882 927 4936 superna
955 4866 1272 4925 Jerusalem.

2161 4873 2250 4927 24.
2285 4875 2373 4926 Ἐν
2407 4874 2481 4946 (4)
2506 4877 2571 4946 τῇ
2597 4875 2706 4929 ἀνω
2737 4874 3102 4946 Ἰερουσαλήμ.

500 4979 584 5033 “1
617 4980 741 5036 Cor.
785 4985 952 5048 11,1-1γ.

1326 5101 1632 5162 Addenda
1685 5110 1744 5161 et
1795 5100 2168 5178 corrigenda
2210 5117 2287 5162 ex
2341 5098 2479 5161 cod.
2539 5101 2737 5162 Vatic.

522 5202 572 5282 1)
596 5201 1028 5282 ζβνξξικγίρισετξί
1059 5205 1194 5282 εἰσιν
1219 5203 1275 5255 αε
1297 5200 1690 5282 Matutam;
1789 5270 1806 5282 .
1865 5269 1876 5282 .
2155 5201 2232 5282 ςξ»)
2261 5199 2864 5282 ῑᾼφρειρῖεςδεαμείγη·
3115 5269 3138 5282 .
3352 5266 3365 5282 ,
3454 5264 3498 5282 ..

522 5205 543 5257 1
612 5205 1028 5273 Ἀνεξιχνίαστοί
1059 5205 1194 5256 εἰσιν
1219 5205 1275 5255 αἱ
1309 5205 1518 5253 ὲντολαί
1542 5218 1656 5253 σου.
2177 5205 2232 5266 5)
2261 5205 2567 5272 Ἀςρθαρτος
2594 5205 2864 5272 διαμείνῃ.
3590 5265 3617 5282 ν

495 5205 658 5352 ί2ζΑΝ.
699 5275 783 5336 10,
827 5273 1210 5352 11.”Ψυχικός,
1257 5269 1496 5352 ἔμω-Ν..
1504 5270 1596 5352 12.
1749 5269 1981 5352 πλούτῳ,
2096 5211 2329 5352 ⁸..ίιξλΝι
2359 5270 2448 5324 24.
2485 5272 2844 5352 Ἐνᾉτῇκιειεε
2895 5284 3070 5352 usque
3110 5266 3417 5352 διαπαντός.
3454 5264 3520 5352 Ν..
3551 5265 3638 5352 2ο.

425 5335 532 5396 nte.
555 5335 638 5394 Ὀὐ
671 5335 1099 5413 συγχωροῦνται,
1130 5335 1232 5396 etc.
1257 5339 1323 5393 N.
1361 5341 1445 5394 15.
1465 5340 1852 5410 ςἙωράθησαν,
1879 5350 1916 5393 el

425 5410 488 5463 Ν.
515 5410 603 5464 14.
628 5413 720 5465 Εἰς
739 5415 860 5465 τήν.
895 5423 997 5465 etc.
1018 5412 1080 5465 N.
1109 5412 1196 5465 15.
1228 5409 1642 5465 Δεδοεασμένος.
1667 5421 1769 5462 etc.
1794 5408 1858 5462 N.
1895 5409 1916 5461 1

2155 5335 2302 5413 κλάμ
2343 5358 2515 5408 ουσιν,
2540 5335 2742 5395 ειοΪΝι
2773 5339 2863 5393 26.
2907 5335 3009 5405 Εὶξ-
3035 5339 3202 5393 deest.
3235 5335 3641 5396 ’Arslauzrtou;

2150 5411 2283 5465 ὦναξ
2302 5341 2652 5465 *διαμείνωσιν
2680 5409 3048 5465 εὐθηνοῦντες.
3081 5407 3146 5464 Ν.
3166 5407 3254 5463 27.
3284 5408 3368 5460 Ἐν
3397 5369 3638 5465 ἀγαθοῖς.

421 5410 488 5464 Ν.
515 5410 603 5482 14.
628 5413 720 5474 Εἰς
739 5407 875 5482 τήνξ
895 5423 997 5466 etc.
1018 5412 1080 5466 N.
1109 5412 1196 5466 15.
1228 5407 1642 5482 Δεδοξασμένος.
1667 5407 1769 5482 etc.
1794 5408 1861 5482 ΝΖ
1895 5408 1983 5482 10.
2081 5407 2283 5482 αἰῶνας
2307 5407 2652 5482 διαμείνωσιν
2680 5409 3048 5482 ειῖρθηνοῦντες.
3081 5407 3146 5464 Ν.
3166 5407 3254 5463 27.
3284 5408 3368 5482 Ἑν
3397 5407 3638 5482 calceatis:

423 5483 485 5533 Οἱ
514 5473 882 5551 δαίμονες.’Ν.
913 5483 1000 5536 17.
1027 5483 1120 5544 Εἰς
1140 5481 1201 5533 τὸ
1217 5480 1328 5549 πῦρ
1352 5473 1412 5533 τὸ
1439 5473 1673 5551 αἰώνιον.
1698 5478 1762 5532 Ν.
1800 5477 1886 5551 18.
1923 5479 1985 5531 Οἱ
2083 5491 2188 5536 etc.
2217 5473 2281 5536 Ν.
2316 5473 2413 5551 28]
2439 5479 2656 5550 Ἐπειδὴ
2685 5473 2890 5550 ἀληθὴς
2912 5479 3133 5550 Κύριος,
3177 5489 3281 5533 etc.
3313 5475 3377 5531 N.
3411 5475 3503 5532 29.
3536 5473 3640 5530 Καὶ

422 5548 732 5622 πειθόμενοι
753 5552 954 5618 αὐτῶν,
980 5563 1084 5608 etc.
1101 5551 1162 5605 Ν.
1195 5551 1280 5604 19.
1301 5548 1402 5604 ⁷Ἐν
1429 5551 1540 5612 τοῖς
1565 5550 1812 5620 οὐρανοῖς
1835 5548 1986 5602 ἔσται
2085 5552 2233 5605 οὐδὲν
2264 5549 2476 5622 ψεῦδος,
2501 5559 2605 5604 etc.

421 5623 456 5692 ἠ
490 5618 718 5691 ὕμνησίς
749 5639 870 5692 μου.

494 5738 569 5811 (α)
600 5738 758 5797 DeeSt
781 5739 1202 5796 commentarius
1226 5737 1325 5794 istc
1358 5738 1409 5792 in
1442 5736 1586 5807 cod.,
1633 5737 1727 5794 sed
1758 5750 1906 5793 num.
1944 5733 1976 5790 8
2016 5744 2068 5792 et
2096 5732 2129 5789 9
2157 5739 2282 5789 sunt
2317 5728 2416 5789 sub
2449 5727 2608 5785 unico
2641 5736 2931 5785 comment.
2968 5744 3024 5784 η.
3050 5727 3100 5783 9.
