3776 6280
365 247 498 306 1051
1237 251 1294 306 S.
1337 251 1704 310 ATHANASII
1742 255 1889 312 OPP.
1931 259 2113 315 PARS
2151 259 2237 317 Ill.
2277 291 2347 304 —
2386 213 2814 316 EXEGETICA.‘
3435 261 3589 322 1052

432 366 484 420 9.
513 366 556 419 A
584 367 805 422 vocibus
838 383 1100 437 aquarum
1134 371 1454 428 multarum.

1943 387 1990 442 Α
2090 382 2140 437 9.
2183 383 2314 438 Ἀπὸ
2334 383 2527 454 φωνῶν
2553 384 2758 437 ὑδάτων
2787 361 3011 436 πολλῶν.

433 461 523 514 10.
559 459 831 516 Mirabiles
859 460 1121 517 elationes
1149 465 1348 519 maris:

2090 475 2173 530 10.
2205 476 2518 547 Θαυμαστοὶ
2545 479 2593 529 oi
2621 475 2985 547 μετεωρισμοὶ
3015 475 3115 544 τῆς
3141 475 3414 548 θαλάσσης
3437 493 3451 508 ο

429 551 515 606 11.
550 551 814 610 Mirabilis
848 555 904 610 in
933 556 1056 612 altis
1084 555 1366 614 Dominus.

2090 566 2175 620 11.
2205 566 2528 638 Θαυμαστὸς
2552 570 2610 620 ἐν
2637 567 2855 638 ὑψηλοῖς
2882 567 2912 618 6
2943 565 3162 638 Κύριος.

433 643 521 699 12.
565 643 895 702 Testimonia
933 656 1024 704 tua
1061 650 1335 706 credibilia
1371 650 1512 706 facta
1541 661 1666 707 sunt
1703 653 1908 708 nimis:

1900 673 1908 707 :
2090 656 2176 710 12.
2210 656 2291 709 Τά
2323 657 2598 729 μαρτύριά
2630 674 2722 710 σου
2753 656 3123 728 ἐπιστώθησαν
3156 657 3356 728 σφόδρα
3377 675 3391 688 ·

430 736 516 791 13.
549 735 780 791 Domum
814 746 961 794 tuam
1008 741 1160 796 decet
1205 741 1532 809 sanctitudo,
1573 742 1818 810 Domine,
1859 745 1911 798 in

2094 749 2172 804 I3.
2205 750 2294 820 Τῷ
2317 750 2450 822 οἴκῳ
2482 768 2575 804 σου
2597 750 2794 822 πρέπει
2827 751 3088 820 άγίασμα,
3112 748 3301 819 Κύριε,
3353 751 3436 812 είς
3479 767 3585 820 μα-

357 823 747 896 longitudinem
783 829 1016 886 dierum.

2017 839 2254 912 κρότητα
2284 841 2525 912 ἡμερῶν.

427 936 675 993 Psalmus
715 939 882 995 David
904 951 1095 1011 quarta
1120 941 1359 998 Sabbati.
1387 942 1586 999 PSAL.
1624 942 1842 999 XCIII.

2195 931 2441 1002 Ψαλμὸς
2478 931 2558 998 τῷ
2593 931 2774 1056 Διῒ-ἷὶῇ
2802 930 3031 1068 τῐτιρρίδι
3073 929 3391 985 Σαόϐἀτου.

429 1093 480 1147 1.
510 1093 651 1149 Deus
676 1095 944 1151 ultionum‘
967 1095 1247 1162 Dominus,
1275 1097 1416 1154 Deus
1445 1098 1712 1153 ultionum
1744 1085 1914 1154 libere

2087 1093 2137 1146 1.
2174 1091 2305 1157 Θεὸς
2333 1093 2660 1166 ἐκδικήσεων
2703 1093 2905 1165 Κύριος
2926 1133 2942 1159 ,
2969 1092 3102 1156 Θεὸς
3135 1094 3212 1164 (a)
3239 1093 3578 1164 ἐκδικήσεων

360 1182 490 1253 egit.
1825 1223 1831 1229 ι

1825 1223 1831 1229 .
2014 1183 2477 1255 ἐπαρρησιάσατο.
3242 1183 3262 1208 ⁹

427 1273 482 1326 ‘2.
515 1272 788 1339 Exaltare,
816 1276 908 1344 qui
942 1277 1150 1346 iudicas
1177 1288 1374 1332 terram
1407 1297 1418 1331 :

2085 1274 2137 1326 2.
2181 1271 2468 1344 ’Υψὼθητι,
2493 1276 2522 1327 6
2547 1274 2742 1344 κρίνων
2768 1275 2864 1344 τὴν
2891 1274 2992 1344 γῆν
3011 1291 3025 1306 ⁸

427 1364 480 1420 5.
513 1363 698 1420 Redde
726 1367 1133 1423 retributionem
1167 1369 1435 1437 superbis.

2086 1363 2138 1417 5.
2183 1362 2403 1425 Ἀπόδος
2429 1362 2776 1416 ἀνταπόδοσιν
2805 1365 2915 1426 τοῖς
2939 1363 3320 1434 ύπερηφανοις.

423 1457 478 1511 4.
516 1453 809 1527 Usquequo
846 1469 1180 1528 peccatores,
1207 1458 1478 1514 Domine?

2085 1449 2137 1502 4.
2172 1449 2318 1512 Ἕως
2349 1449 2477 1502 πότε
2511 1450 2845 1522 ἁμαρτωλοὶ,
2874 1452 3075 1524 Κύριε;

429 1544 483 1599 5.
525 1544 816 1616 Usquequo
847 1557 1154 1616 peccatores
1183 1548 1594 1618 gloriabuntur?

2083 1538 2134 1592 5.
2166 1539 2311 1601 Ἕως
2348 1539 2478 1592 πότε
2508 1539 2820 1611 ἁμαρτωλοὶ
2861 1541 3249 1612 καυχήσονταις

426 1635 480 1690 6.
517 1636 833 1693 Eﬂ‘abuntur
861 1649 912 1693 et
940 1641 1228 1710 loquentur
1253 1641 1591 1709 iniquitatem

2081 1630 2133 1684 6.
2165 1623 2488 1700 Φθέγξονται
2514 1632 2606 1685 καὶ
2634 1631 2951 1703 λαλήσουσιν
2983 1632 3225 1698 ἀδικίαν;

423 1724 477 1780 7.
515 1725 829 1797 Loquentur
859 1744 1066 1796 omnes,
1107 1731 1200 1800 qui
1233 1741 1528 1801 operantur
1567 1729 1902 1800 iniustitiam.

2086 1727 2139 1778 7.
2173 1727 2477 1798 Λαλήσουσι
2508 1728 2706 1792 πάντες
2735 1729 2782 1780 οἱ
2816 1727 3166 1798 ἐργαζόμενοι
3196 1725 3292 1798 τὴν
3314 1743 3567 1798 ανομιιιν.

424 1814 481 1870 8.
517 1815 776 1888 Populum
815 1830 986 1887 tuum,
1023 1821 1269 1890 Domine,
1306 1824 1764 1880 liumiliaveruut:

1751 1842 1764 1877 ε
2082 1816 2134 1870 8.
2171 1817 2274 1871 Τὸν
2310 1818 2436 1871 λαόν
2465 1836 2580 1885 σου,
2609 1817 2803 1890 Κύριε,
2839 1817 3198 1872 ἐταπείνωσαν
3223 1834 3234 1846 ’

421 1905 475 1960 9.
509 1905 575 1961 Et
602 1908 963 1966 hereditatem
991 1922 1135 1966 tuam
1165 1923 1508 1969 vexaverunt.

2082 1915 2132 1968 9.
2165 1913 2274 1965 Καὶ
2303 1912 2398 1984 τὴν
2433 1912 2794 1985 κληρονομίαν
2827 1930 2917 1967 σου
2947 1913 3247 1968 ἐκάκωσαν.

427 1994 515 2051 10.
549 1997 798 2067 Viduam,
831 2009 884 2056 et
915 2003 1170 2072 pupillum
1203 2005 1584 2060 interfecerunt
1613 2024 1624 2058 :

2087 2003 2171 2057 10.
2203 2005 2391 2075 Χήραν
2419 2004 2513 2058 καὶ
2546 2004 2775 2075 ὀρφανὸν
2804 2005 3124 2059 ἀπέκτειναν
3146 2021 3159 2034 ·

426 2130 500 2203 (a)
530 2129 683 2188 Vers.
719 2133 774 2188 2.
811 2133 867 2187 Ὀ
897 2134 1047 2201 Θεὸς,
1074 2145 1177 2190 etc.

1459 2243 1828 2301 ATHANASII
1869 2243 2452 2300 INTERPRETATIO.

428 2395 480 2451 9.
513 2396 559 2450 A
599 2397 844 2454 doctrina
889 2398 1054 2469 hujus
1087 2401 1294 2468 mundi,
1327 2401 1530 2456 scilicet
1573 2417 1602 2455 a
1647 2399 1908 2472 sapientia

2081 2398 2134 2453 9.
2187 2397 2316 2451 ’Διπὺ
2348 2397 2445 2468 τῆς
2475 2396 2696 2468 διδαχῆς
2739 2399 2836 2468 τῆς
2867 2397 2922 2452 ἐν
2951 2396 3026 2467 τῷ
3073 2396 3289 2468 κόσμῳ,
3324 2397 3563 2451 τουτέστι

350 2487 647 2543 mundana.

2006 2491 2104 2563 τῆς
2135 2491 2323 2559 σοφίας
2343 2489 2442 2560 τῆς
2467 2490 2525 2542 ἐν
2552 2487 2629 2559 τῷ
2661 2488 2865 2560 κόσμῳ.

421 2579 506 2634 10.
537 2578 831 2636 Gloriticati
867 2583 1042 2638 sancti
1083 2584 1136 2638 in
1165 2583 1387 2640 mundo.

2082 2584 2167 2638 10.
2197 2581 2578 2652 Δεδοξασμένοι
2601 2583 2650 2635 οί
2673 2582 2815 2651 ἅγιοι
2843 2582 2900 2636 ἐν
2932 2581 3007 2653 τῷ
3027 2583 3213 2654 κόσμῳ

425 2671 509 2725 11.
549 2669 891 2729 Glorilicatus
921 2675 978 2730 iu
1011 2676 1212 2732 sanctis
1246 2675 1526 2732 Dominus.

2084 2674 2165 2726 11.
2199 2673 2585 2744 Δεδοξασμένος
2606 2675 2664 2727 ἐν
2687 2677 2798 2737 τοῖς
2821 2674 2994 2742 ἁγίοις
3017 2677 3046 2728 ὁ
3067 2674 3281 2745 Κύριος.

419 2761 502 2815 12.
535 2752 826 2822 Passiones
858 2775 964 2822 tuae
1001 2768 1219 2823 creditze
1241 2777 1369 2822 sunt
1395 2767 1452 2822 in
1484 2766 1705 2822 mundo.

2081 2764 2165 2818 12.
2197 2765 2277 2818 Τὰ
2309 2764 2606 2835 παθήματά
2626 2782 2718 2818 σου
2752 2765 3144 2838 ἐπιστεύθησαν
3165 2767 3222 2819 ἐν
3253 2765 3330 2836 τῷ
3351 2766 3561 2837 κόσμῳ.

418 2851 502 2906 15.
549 2852 815 2924 Populum
865 2866 1017 2912 tuum
1064 2857 1216 2912 decet
1261 2857 1433 2928 gratia
1478 2865 1566 2912 tua
1601 2857 1653 2910 in
1696 2854 1903 2910 inﬁnita

2078 2854 2161 2907 15.
2189 2851 2277 2923 Τῷ
2306 2852 2418 2923 λαῷ
2449 2871 2540 2906 σου
2580 2853 2774 2924 πρέπει
2812 2856 2845 2925 ἡ
2878 2854 3035 2927 χάρις
3085 2873 3176 2908 σου
3217 2857 3295 2918 είς
3317 2855 3445 2918 τοὺς
3481 2854 3565 2927 (1)

346 2943 565 2998 saecula.

2009 2943 2394 3013 ἀτελευτήτους
2419 2943 2638 3007 αἰῶνας.

426 3039 490 3089 Ἦ
517 3040 849 3110 προκειμένη
879 3040 1154 3110 ἐπιγραφὴ
1179 3041 1420 3110 περιέχει
1443 3039 1519 3108 (2)
1543 3041 1575 3070 ·’
1594 3040 1836 3106 Ψαλμύς
1864 3037 1942 3101 τῷ
1965 3035 2142 3089 Δαϐὶδ
2170 3035 2401 3104 τετράδι
2427 3036 2729 3093 Σαϐϐάτου
2753 3054 2766 3067 ·
2812 3039 2886 3103 ὡς
2920 3040 3175 3105 πολλάκις
3223 3042 3521 3114 είρήκαμεν
3544 3059 3560 3072 ο

351 3133 596 3200 Ψαλμὸς
627 3132 728 3204 [τῷ
748 3135 943 3201 Δαϐίδ,
983 3135 1245 3207 τουτέστι]
1274 3133 1351 3200 τῷ
1377 3133 1556 3200 ἱκανῷ
1587 3134 1662 3202 τῇ
1684 3134 1851 3204 χειρὶ,
1880 3133 2122 3187 τουτέστι
2146 3132 2223 3202 τῷ
2246 3132 2357 3203 Υἰῷ
2387 3134 2479 3186 τοῦ
2502 3133 2657 3189 Θεοῦ.
2683 3132 2812 3188 Εἶτα
2843 3136 3070 3204 τετράδι
3090 3136 3409 3203 Σαὸϐἁτου,
3427 3139 3564 3209 ὅπερ

344 3228 513 3300 δηλοῖ,
548 3229 630 3280 ὃτι
663 3229 792 3300 περὶ
819 3230 1076 3300 νηστειῶν
1097 3231 1188 3284 καὶ
1221 3231 1542 3302 ἐγκρατείας
1585 3230 1733 3301 δηλοῖ⁹
1764 3231 1791 3282 ὁ
1841 3227 2051 3299 ψαλμός
2070 3244 2084 3258 ·
2113 3225 2282 3288 οὕτως
2298 3223 2406 3297 γὰρ
2430 3225 2502 3296 (5)
2529 3225 2648 3291 ἔθος
2686 3226 2828 3297 ἔχειν
2858 3227 2954 3299 τὴν
2985 3228 3238 3298 τετράδα.
3273 3230 3379 3284 Τοῦ
3405 3231 3460 3286 δὲ
3485 3229 3564 3301 (ὁ)

345 3321 648 3375 Σαϐϐάτου
679 3321 948 3392 σημαίνει,
983 3322 1062 3376 ὅτι
1099 3324 1192 3375 καὶ
1214 3323 1341 3393 περὶ
1373 3322 1473 3392 τῆς
1509 3321 1803 3392 μελλούσης
1831 3321 2062 3393 κρίσεως
2094 3319 2123 3372 6
2143 3316 2352 3387 ψαλμὸς
2377 3316 2590 3388 εἴρηται
2616 3319 2716 3390 (5).
2739 3319 3090 3383 Κατάπαυσις
3121 3320 3226 3393 γὰρ
3255 3321 3315 3375 τὸ
3347 3323 3563 3378 Σάϐϐα-

344 3433 436 3470 τον
465 3414 696 3470 εῐοηται.

417 3431 994 3572 ἓῗιυιῗίλυῗὲτωροείῳε
1019 3499 1258 3553 continet
1285 3514 1300 3562 ;
1335 3497 1581 3552 Psalmus
1617 3497 1782 3552 David
1808 3508 2001 3568 quarta
2031 3496 2283 3552 Sabbati:
2307 3510 2365 3554 ut
2395 3501 2592 3570 saepius
2621 3501 2898 3558 diximus:
2930 3500 3179 3559 Paalmus
3221 3503 3410 3572 David,
3454 3509 3564 3566 hoc

346 3605 448 3656 est.
483 3615 642 3651 manu
666 3596 818 3666 forti,
846 3609 1037 3664 nempe
1076 3592 1168 3648 Dei
1202 3592 1358 3649 Filio.
1400 3591 1601 3648 Deinde
1623 3603 1814 3664 quarta
1852 3593 2091 3658 Sabbati,
2125 3594 2268 3662 quod
2311 3595 2598 3666 significat,
2639 3598 2907 3666 psalmum
2935 3613 3094 3669 agere
3116 3600 3181 3656 de
3229 3601 3470 3672 jejuniis,
3506 3618 3564 3662 et

345 3689 706 3752 continentia;
761 3688 833 3740 ita
874 3687 1018 3740 enim
1071 3699 1187 3740 mos
1229 3695 1312 3740 est
1351 3684 1594 3754 accipere
1659 3701 1942 3740 numerum
1994 3685 2422 3756 quaternarium.
2468 3685 2642 3742 Dictio
2685 3698 2862 3744 autem
2923 3689 3012 3744 illa
3049 3687 3268 3746 Sabbati
3318 3695 3558 3761 indicat,

347 3784 490 3852 quod
520 3783 680 3835 etiam
719 3781 783 3835 de
816 3777 994 3833 futuro
1035 3778 1240 3847 judicio
1270 3778 1509 3848 psalmus
1548 3779 1725 3833 dictus
1753 3788 1852 3833 est.
1893 3778 2186 3834 Sabbatum
2226 3779 2371 3834 enim
2406 3780 2618 3849 requies
2647 3780 3027 3851 interpretatur

417 3875 469 3928 1.
523 3871 841 3941 Unigenitus
893 3870 985 3925 Dei
1033 3869 1220 3931 Filius,
1272 3871 1487 3940 quando
1535 3871 1684 3926 visus
1720 3880 1802 3925 est
1850 3872 1902 3925 in

2076 3873 2125 3926 1.
2170 3874 2228 3927 ⁸0
2266 3874 2553 3946 μονογενὴς
2569 3874 2695 3939 Υἱὸς
2720 3875 2810 3929 τοῦ
2835 3875 2988 3940 Θεοῦ,
3012 3876 3097 3937 ὅτε
3124 3875 3198 3948 (6)
3224 3875 3313 3930 ἐπὶ
3341 3878 3438 3949 τῆς
3452 3880 3559 3950 γῆς

347 3973 511 4029 terra,
533 3972 586 4017 et
619 3977 740 4016 cum
769 3961 1076 4016 hominibus
1105 3971 1452 4016 conversatus
1489 3969 1572 4016 est
1597 3962 1662 4025 "‘,
1699 3961 1838 4016 dicel

2066 3965 2154 4036 ρθη
2186 3968 2277 4019 καὶ
2305 3968 2415 4030 τοῖς
2437 3965 2744 4038 ἀνθρώποις
2771 3967 3193 4039 συνανεστράφη,
3237 3966 3416 4038 ἔλεγεν
3444 3973 3557 4035 τοῖς

345 4054 656 4109 Judteorum
694 4052 1058 4107 sacerdotibus
1084 4069 1096 4106 :
1126 4049 1236 4121 Ego
1267 4050 1445 4120 palam
1474 4049 1676 4105 locutus
1704 4067 1818 4106 sum

2068 4058 2109 4110 iv
2154 4057 2417 4110 Ἰουδαίων
2463 4057 2836 4130 ἀρχιερεῦσιν·
2896 4057 3035 4128 Ἐγὼ
3076 4061 3376 4130 παρῤησίᾳ
3417 4062 3559 4119 ἐλά-

349 4146 539 4216 templo
567 4145 633 4197 ¹⁸ρ
1366 4187 1373 4194 .

1366 4187 1373 4194 .
2000 4150 2167 4215 λησα
2190 4147 2259 4200 ἐν
2280 4145 2357 4212 τῷ
2399 4147 2549 4217 ἱερῷ.

415 4238 470 4292 2.
504 4237 833 4299 Gloriilcarc,
859 4235 959 4290 Fili
991 4235 1105 4292 Dei.
1248 4297 1252 4303 ,

2069 4237 2125 4291 2.
2160 4237 2474 4308 Δοξάσθητι,
2508 4240 2536 4292 6
2569 4238 2695 4302 Υίὺς
2725 4239 2816 4292 τοῦ
2851 4238 3005 4296 Θεοῦ.

414 4332 468 4386 5.
502 4331 561 4384 In
601 4328 687 4383 die
715 4318 924 4398 iudicii.

2073 4327 2126 4383 5.
2175 4329 2260 4380 Ἐν
2289 4331 2354 4398 τῇ
2386 4328 2566 4400 ἡμέρᾳ
2589 4329 2687 4399 τῆς
2716 4329 2963 4400 κρίσεως.

311 4485 318 4504 ,
417 4423 470 4476 4.
510 4421 916 4476 Deliciabuntur
948 4420 1001 4473 in
1029 4418 1269 4473 mundo?

2071 4420 2126 4475 4.
2173 4420 2503 4493 Ἐντρυφῶσι
2525 4420 2602 4490 τῷ
2630 4421 2817 4492 κόσμῳ
2844 4438 2857 4487 ;

417 4515 471 4569 5.
512 4513 568 4568 In
596 4513 874 4583 iactantia,
911 4521 964 4568 et
991 4513 1193 4582 rapinis
1219 4513 1353 4568 suis.

2072 4513 2126 4567 5.
2167 4512 2288 4564 Ἐπὶ
2317 4515 2380 4582 τῇ
2405 4511 2689 4583 ἀλαζονεία
2721 4512 2815 4566 καὶ
2841 4515 3055 4586 ἁρπαγῇ
3097 4512 3288 4567 αὐτῶν.

419 4604 472 4660 6.
503 4603 704 4658 Contra
735 4613 806 4670 te,
849 4603 1092 4659 Domine.
1238 4588 1242 4590 Ὗ

2069 4600 2122 4654 6.
2156 4599 2310 4653 Κατὰ
2349 4599 2462 4665 σοῦ,
2494 4599 2664 4671 Κύριε
2697 4601 2794 4670 (7).

418 4695 471 4750 7.
502 4694 887 4749 Gloriahuntur
918 4695 970 4748 in
1004 4695 1282 4764 jactantiis
1323 4695 1456 4752 suis.

2067 4689 2117 4744 7.
2154 4692 2524 4762 Καυχήσονται
2555 4693 2611 4745 ἐν
2638 4694 2758 4756 ταῖς
2786 4691 3116 4758 ἀλαζονείαις
3140 4693 3334 4748 αὐτῶν.

419 4784 472 4839 8.
505 4783 792 4839 Credentes
831 4784 885 4837 in
918 4796 968 4838 te
996 4784 1323 4839 occiderunt.

2072 4781 2126 4834 8.
2163 4781 2300 4845 Τοὺς
2327 4783 2673 4848 πιστεύοντας
2700 4787 2778 4848 είς
2806 4785 2862 4837 σὲ
2883 4783 3220 4840 ἀπέκτειναν.

419 4877 471 4931 9.
509 4876 736 4932 Sanctos
764 4886 882 4931 tuos
913 4875 965 4930 in
1003 4877 1310 4931 carceribus
1335 4876 1730 4932 concluseruut.

2073 4873 2126 4927 9.
2159 4873 2296 4936 Τοὺς
2329 4873 2514 4941 ἁγίους
2546 4892 2638 4928 σου
2669 4878 2725 4929 ἐν
2751 4875 3011 4945 φυλακαῖς
3043 4876 3410 4932 κατέκλεισαν.

417 4967 506 5024 10.
543 4967 750 5039 Egenos
787 4967 968 5038 populi
1003 4967 1101 5022 tui.

2077 4965 2162 5020 10.
2198 4966 2334 5029 Τοὺς
2365 4967 2608 5037 πτωχοὺς
2639 4967 2732 5021 τοῦ
2758 4967 2883 5021 λαοῦ
2916 4984 3025 5022 σου.

348 5175 375 5232 ³
418 5105 465 5139 ⁸⁵
499 5107 706 5162 Baruch
733 5123 846 5234 231,
894 5105 983 5164 58.
1090 5109 1131 5140 ⁸⁸
1168 5107 1278 5178 Ego
1324 5105 1501 5176 palam
1535 5107 1737 5160 locutus
1773 5119 1892 5160 sum
1923 5103 2117 5157 mundo
2143 5119 2163 5157 :
2202 5119 2294 5173 ego
2325 5119 2526 5172 semper
2557 5105 2713 5160 docui
2757 5107 2811 5160 in
2845 5114 3209 5174 synagoga,.ct
3242 5106 3296 5157 in
3342 5105 3551 5174 tempto.

383 5191 505 5233 oan.
542 5193 692 5234 xvm.
811 5219 824 5233 .

383 5191 505 5233 oan.
542 5193 692 5242 xvm,
733 5191 824 5234 zu.

1288 5269 1594 5334 Addenda
1617 5275 1678 5333 et
1701 5266 2072 5348 corrigenda
2105 5283 2183 5328 ex
2211 5264 2346 5328 cod.
2378 5266 2572 5329 Vatic.

481 5393 498 5462 )
531 5393 596 5445 N.
636 5395 720 5449 14.
753 5397 846 5460 El;
867 5397 1008 5461 τούς,
1037 5405 1139 5454 etc.
1929 5400 1972 5458 D

482 5463 496 5527 )
538 5463 599 5514 'H
625 5463 709 5517 διὰ
739 5467 835 5527 τῆς
863 5468 1221 5527 κινναϐάιτως
1253 5486 1375 5527 περ.

1929 5400 1975 5458 D
2075 5395 2149 5479 (ἒξ)
2190 5393 2247 5445 '0
2273 5393 2484 5516 ἓαλμὺς
2521 5392 2754 5464 εἴρηκεν.

1263 5486 1375 5527 περ.
2077 5465 2150 5527 ((ι)
2182 5465 2247 5516 Ν.
2320 5505 2332 5518 .
2371 5465 2518 5524 Ὅτε,
2572 5474 2675 5517 etc.
2738 5464 2754 5482 '

444 5393 498 5462 ι)
531 5393 596 5480 ιν.
636 5395 720 5449 ιι.
753 5397 846 5477 et;
867 5397 1008 5461 τούς,
1037 5405 1139 5454 etc.
1929 5400 1975 5458 D
2075 5395 2149 5479 (εξ)
2190 5393 2247 5445 '0
2273 5393 2484 5516 ξαλμδς
2521 5393 2760 5482 εἴρηκενι
3118 5448 3137 5472 κ
3185 5463 3208 5478 ,

533 5463 709 5540 κῌ-διὰ
739 5483 835 5540 της
863 5468 1221 5539 κινναϐἀιτως
1253 5486 1375 5540 περ.
2075 5465 2150 5540 ςδ)
2182 5465 2247 5516 Ν.
2320 5505 2332 5518 .
2371 5465 2518 5540 ἶφτξ,
2572 5474 2686 5540 cui.-
2735 5462 2925 5540 -Ekye
2975 5461 3081 5535 γὰρ
3126 5478 3235 5526 τοις
3273 5477 3326 5517 τ.
3392 5459 3454 5519 Ἰ.
3481 5457 3558 5521 18⁸

437 5531 498 5606 ἦ)
533 5533 702 5606 Τρῦζτο
734 5531 860 5606 γάρ»
891 5548 995 5594 etc.
1090 5531 1102 5539 ⁷
1327 5531 1337 5540 ’

2010 5531 2212 5606 ρεῦσιν,
2247 5543 2350 5606 etc.
2379 5532 2444 5587 N.
2473 5534 2524 5587 5.
2543 5531 2872 5606 ΔΔοξάσθητι,
2897 5542 2996 5587 etc.

435 5601 498 5672 μ)
525 5601 595 5656 Δέ
618 5601 783 5660 deost.
814 5601 823 5606 ’

2010 5601 2020 5606 ⁷
2085 5603 2154 5675 (7)
2182 5605 2374 5669 Κύριε,
2403 5619 2509 5656 non
2543 5603 2749 5670 lcgilur.
