3776 6280
182 297 326 355 1055
1112 295 1199 348 DE
1243 293 1514 350 TlTULlS
1551 287 1995 347 PSALMORUM.
2027 317 2096 327 —
2127 284 2320 340 PSAL.
2361 279 2542 337 XCIII.
3261 269 3398 330 1054

1716 454 1724 460 .
1774 419 1820 474 Α
1919 411 2004 465 11.
2032 408 2098 463 Et
2126 409 2384 463 advenam
2411 402 2744 460 occiderunt.

1917 503 2004 556 12.
2043 501 2106 555 Ει
2133 499 2421 554 dixerunt:
2451 494 2570 551 Non
2594 492 2794 550 videbit
2822 488 3121 548 Dominus:

1922 594 2005 648 15.
2024 591 2206 660 Neque
2246 589 2501 658 intelliget
2521 586 2665 641 Deus
2688 582 2872 639 Ja'cob.

1918 682 2007 736 14.
2045 679 2345 749 lntelligite,
2376 676 2689 747 insipientes
2719 675 2773 728 in
2809 673 3036 744 populo:

1921 770 2010 824 15.
2043 770 2108 824 Ει
2137 769 2284 825 stulti
2312 767 2619 837 aliquando,
2644 766 2835 835 sapite.

263 418 348 478 ll.
376 419 483 472 Kal.
515 419 846 490 προσήλυτον
875 418 1186 486 ἐφόνευσαν.

258 511 347 565 12.
385 512 495 565 Kal.
527 506 676 564 εἷπον
700 527 716 542 ο
749 511 862 564 Οὐκ
893 509 1081 579 ὄψεται
1107 509 1309 581 Κύριος
1335 527 1348 540 ·

261 602 352 656 15.
383 602 516 655 Οὐδὲ
543 601 761 673 συνήσει
784 602 812 652 ὁ
838 600 968 664 Θεὸς
993 599 1085 653 τοῦ
1126 598 1338 652 Ἰακώϐ.

258 693 346 747 14.
380 693 574 747 Σύνετε
593 693 678 764 δὴ,
715 693 966 763 ἄφρονες,
991 695 1048 745 ὲν
1079 691 1156 762 τῷ
1179 691 1290 762 λαῷ
1312 708 1328 723 ·

258 784 348 838 15.
378 786 488 838 Kal.
513 785 685 856 μωροὶ
707 784 856 848 ποτὲ,
887 783 1210 854 φρονήσατε.

259 875 350 930 16.
396 877 456 930 ὐ
483 875 752 944 φυτεύσας
772 877 832 929 τὸ
854 871 946 939 οῦς
973 875 1090 944 ούχὶ
1121 873 1303 928 ἀκούει
1325 889 1340 938 ;

257 969 349 1022 17.
381 969 452 1020 Ἦ
477 969 505 1021 ὁ
533 967 741 1030 πλάσας
764 966 856 1020 τὸν
873 965 1149 1036 ὀφθαλμὸν
1174 965 1294 1034 οὐχὶ
1318 962 1571 1016 κατανοεῖ
1593 977 1609 1028 ;

257 1061 348 1117 18.
388 1061 448 1114 Ὁ
477 1060 743 1115 παιδεύων
766 1059 891 1132 ἔθνη
925 1058 1044 1130 οὐχ).
1083 1057 1323 1126 ὲλέγξεις

257 1152 350 1207 19.
392 1153 449 1210 '0
475 1151 739 1207 διδάσκων
765 1151 1048 1223 ἄνθρωπον
1079 1149 1310 1218 γνῶσινς

257 1243 349 1298 20.
373 1241 579 1313 Κύριος
597 1240 852 1310 γινώσκει
872 1240 996 1304 τοὺς
1015 1239 1392 1310 διαλογισμοὺς
1411 1235 1517 1295 τῶν
1544 1234 1639 1289 ἀνθ
1648 1231 1751 1306 ρώ-

185 1351 342 1400 πων,
371 1335 454 1387 ὅτι
487 1333 593 1386 εἰσὶ
633 1333 870 1405 μάταιοι.

255 1425 349 1480 21.
378 1425 662 1494 Μακάριος
690 1424 1012 1496 ἄνθρωπος,
1033 1423 1090 1476 δν
1116 1422 1180 1476 ἂν
1207 1420 1517 1490 παιδεύσῃς,
1546 1417 1715 1490 Κύριε

262 1515 356 1572 22,
382 1516 492 1568 Ka‘t
529 1516 592 1567 ἐκ
619 1514 712 1567 τοῦ
743 1514 906 1585 νόμου
950 1530 1042 1566 σου
1083 1510 1293 1583 διδάξῃς
1323 1509 1499 1562 αὐτόν.

252 1607 345 1662 25.
383 1607 488 1660 Τοῦ
520 1606 754 1678 πραῧναι
785 1605 946 1659 αὑτὸν
979 1605 1070 1673 ἀφ’
1098 1601 1318 1675 ἡμερῶν
1361 1597 1609 1670 πονηρῶν
1631 1613 1644 1629 '

260 1700 353 1753 24.
382 1700 527 1763 Ἕως
546 1692 606 1752 οὗ
639 1699 807 1769 ὀρυγῇ
834 1697 912 1768 τῷ
934 1693 1237 1766 ἀμαρτωλῷ
1267 1691 1473 1762 βόθρος.

258 1791 352 1845 25.
381 1791 502 1845 Ὅτι
526 1791 627 1845 οὐκ
653 1789 930 1844 ἀπώσεται
958 1788 1159 1856 Κύριος
1180 1786 1269 1839 τὸν
1301 1784 1424 1838 λαὸν
1451 1779 1611 1836 αὑτοῦ
1634 1795 1646 1805 ³

261 1881 354 1936 26.
390 1881 502 1934 Kal
530 1880 630 1952 τὴν
656 1879 1015 1951 κληρονομίαν
1043 1875 1204 1930 αὐτοῦ
1234 1875 1334 1927 οὐκ
1355 1869 1754 1941 ἐγκαταλείψει.

260 1973 354 2027 27.
391 1974 535 2038 Ἕως
567 1965 628 2026 οὗ
658 1971 967 2042 δικαιοσύνη
1002 1967 1305 2040 ἐπιστρέψῃ
1335 1967 1413 2029 εἰς
1449 1963 1649 2035 κρίσιν.

258 2064 350 2120 28.
377 2064 485 2121 Kal
509 2064 754 2117 ὲνὸαενοι
779 2062 946 2132 αὐτῆς
969 2060 1166 2122 πάντες
1186 2060 1234 2111 οἱ
1256 2058 1428 2120 εὐθεϊς
1451 2058 1515 2126 τῇ
1539 2052 1750 2124 καρδίᾳ.

1919 861 2005 916 16.
2040 860 2141 928 Qui
2177 860 2436 931 plantavit
2463 873 2671 921 aurem,
2703 871 2810 910 non
2833 855 3026 910 audit?

1917 951 2004 1006 17.
2039 953 2148 1005 Aut
2170 950 2262 1020 qui
2291 950 2445 1004 tinxit
2477 949 2716 1012 oculum,
2743 962 2851 1001 non
2881 945 3228 1000 considerat?

1919 1043 2006 1097 18.
2045 1041 2149 1109 Qui
2185 1042 2411 1111 corripit
2436 1051 2642 1111 gentes,
2676 1055 2791 1108 non.
2815 1037 3044 1108 arguet?

1921 1134 2006 1188 19.
2034 1133 2138 1199 Qui
2169 1133 2324 1188 docet
2351 1131 2624 1186 hominem
2657 1127 2977 1185 scientiam?

1919 1225 2008 1279 20.
2059 1224 2321 1280 Dominus
2377 1225 2480 1280 scit
2530 1222 2882 1294 cogitationes
2932 1220 3230 1284 hominum,
3264 1229 3399 1287 quo--

1852 1318 1997 1371 niam
2025 1332 2174 1371 vana:
2205 1323 2352 1371 sunt.

1922 1408 2011 1461 21.
2049 1408 2245 1463 Beatus
2285 1409 2468 1472 homo,
2499 1421 2659 1476 quem
2688 1413 2746 1460 tu
2773 1404 3059 1469 erudieris,
3086 1400 3312 1457 Domine
3333 1417 3348 1433 ·

1921 1499 2011 1553 22.
2041 1498 2107 1554 Ει
2137 1500 2203 1555 de
2223 1502 2340 1571 lege
2361 1508 2452 1555 tua
2474 1499 2724 1554 docueris
2748 1512 2892 1552 eum.

1921 1588 2009 1643 23.
2043 1587 2116 1644 Ut
2146 1589 2357 1661 mitiges
2377 1590 2427 1644 ei
2461 1605 2492 1644 a
2522 1589 2714 1643 diebus
2745 1589 2900 1642 malis
2931 1604 2944 1640 :

1919 1679 2011 1736 24.
2034 1678 2215 1734 Donec
2237 1678 2470 1734 fodiatur
2498 1677 2766 1748 peccaturi
2790 1675 2960 1730 fovea.

1785 1756 1825 1810 Β
1922 1771 2011 1826 25,
2046 1769 2184 1837 Quia
2222 1786 2328 1825 non
2367 1769 2586 1839 repellet
2617 1768 2877 1822 Dominus
2907 1766 3112 1831 plebem
3149 1779 3341 1829 suam;

1922 1862 2013 1916 26.
2041 1861 2108 1914 Et
2139 1861 2506 1916 hazreditatem
2537 1875 2691 1915 suam
2735 1875 2840 1913 non
2865 1856 3217 1925 derelinquat.

1919 1953 2009 2007 27.
2042 1953 2406 2022 Quoadusque
2424 1953 2636 2021 justitia
2663 1959 3003 2006 convertetur
3028 1948 3361 2018 injudicium
3393 1966 3406 2001 :

1918 2046 2007 2100 28.
2041 2045 2108 2100 Et
2153 2045 2246 2116 qui
2294 2045 2448 2115 juxta
2491 2044 2638 2098 illam
2679 2057 2902 2108 omnes,
2959 2041 3051 2110 qui
3089 2049 3237 2096 recto
3286 2053 3413 2096 sunt

1852 2139 2035 2193 corde.

267 2236 358 2292 29.
391 2237 486 2300 Τίς
516 2235 873 2308 ἀναστήσεται
923 2252 1010 2287 ιιοι
1037 2233 1129 2287 ἐπὶ
1159 2227 1604 2302 πονηρευομένοις
1633 2223 1753 2296 [πο-

1927 2228 2016 2284 29.
2055 2229 2188 2296 Quis
2217 2236 2508 2299 consurget
2541 2227 2674 2283 mihi
2698 2226 2961 2283 adversus
2990 2223 3392 2298 malignantes?

194 2328 612 2404 νηρευομένους]
635 2346 648 2394 ;

1305 2455 1675 2512 ΑΤΠᾹΝΛΒΙΙ
1714 2451 2295 2508 lNTERPRETATIO.

269 2627 359 2682 11.
385 2625 495 2679 Kal
515 2621 621 2676 τῶν
647 2623 892 2692 πενήτων
913 2616 1404 2672 κατεδυνάστευσαν

270 2717 360 2770 12.
387 2714 462 2768 Οὐ
497 2715 728 2768 ποιεῖται
756 2711 1011 2784 πρόνοιαν
1042 2707 1150 2760 τῶν
1176 2702 1493 2776 ἀνθρώπων.

269 2807 363 2864 13.
397 2805 532 2861 Οὐδὲ
561 2807 672 2859 νοεῖ
695 2804 763 2858 τὰ
789 2799 1125 2872 γεγενημένα
1159 2797 1253 2868 (1).
1430 2857 1436 2863 ν

272 2896 360 2951 14.
391 2896 661 2968 Νοήσατε,
690 2894 740 2946 oi
770 2893 1019 2960 λέγοντες
1041 2887 1118 2960 (2)
1144 2881 1282 2939 εἶναι
1314 2881 1465 2936 Θεόν.

271 2991 360 3045 15.
384 2989 563 3044 Kalol
586 2986 854 3050 άσύνετοι,
872 2981 1200 3054 ἀνανήψατε.

276 3083 364 3138 16.
410 3083 470 3136 '0
500 3081 786 3152 ἰασάμενος
824 3079 914 3132 τὸν
959 3076 1139 3130 δοῦλον
1171 3072 1264 3127 τοῦ
1315 3067 1632 3144 ἀρχιερέως,
1674 3066 1763 3152 ὅτε

200 3176 410 3245 Πέτρος
442 3150 712 3242 ἀπέκοψεν
733 3169 896 3225 αὐτοῦ
927 3167 987 3221 τὸ
1010 3165 1166 3220 ὠτίον
1189 3163 1342 3235 μόνον
1359 3161 1651 3231 ἁψάμενος,
1670 3150 1764 3206 καὶ

203 3265 284 3333 (5)
313 3263 475 3327 αὐτὸς
503 3263 534 3315 ὁ
565 3256 975 3333 ίασάμενοςᾶρα
1005 3259 1103 3311 οὐκ
1133 3253 1354 3316 ἀκούεις

279 3354 365 3406 17.
418 3353 477 3406 '0
503 3351 596 3406 τοῦ
639 3354 702 3405 ὲκ
718 3349 981 3420 γεννητῆς
1003 3344 1203 3414 τυφλοῦ
1235 3341 1312 3412 τῷ
1351 3340 1463 3410 ἰδίῳ
1492 3335 1764 3406 πτύσματι

205 3447 336 3511 τοὺς
361 3445 670 3515 ὀφθαλμοὺς
700 3442 906 3505 πλάσας
935 3439 1046 3511 (1);

281 3538 373 3606 18,
402 3539 490 3592 19.
532 3538 589 3591 Ὁ
621 3535 842 3591 ὲνοικῶν
874 3536 954 3598 εἰς
979 3532 1079 3595 τὰς
1113 3527 1333 3601 καρδίας
1357 3523 1463 3578 τῶν
1489 3517 1767 3575 πιστευόν-

1933 2609 2020 2663 ll.
2049 2606 2116 2662 Et
2137 2620 2399 2677 pauperes
2424 2605 2663 2677 potentia
2688 2621 2788 2663 sua
2817 2613 3221 2676 oppresserunt.

1934 2699 2020 2752 12.
2059 2696 2176 2752 Νοιι
2205 2699 2463 2768 prospicit
2497 2698 2825 2753 hominibus.

1938 2790 2021 2846 l3.
2053 2787 2237 2859 Neque
2265 2806 2386 2859 quae
2414 2790 2557 2847 facta
2591 2799 2718 2845 sunt
2740 2789 2928 2844 noscit.

1935 2883 2022 2938 14.
2058 2881 2362 2953 lntelligite,
2386 2883 2624 2937 dicentes
2657 2898 2762 2936 non
2787 2897 2908 2937 esse
2932 2880 3115 2936 Deum.

1934 2975 2020 3030 i5.
2053 2974 2119 3029 Et
2151 2975 2486 3043 insipientes,
2512 2975 2826 3044 resipiscite.

1933 3065 2018 3122 16.
2073 3065 2174 3134 Qui
2222 3066 2340 3122 solo
2394 3074 2537 3120 tactu
2600 3065 2840 3121 sanavit
2873 3081 3086 3120 servum
3137 3063 3418 3134 principis,

1863 3158 2078 3230 quando
2100 3157 2294 3213 Petrus
2329 3157 2378 3212 ei
2417 3157 2647 3216 abscidit
2692 3156 2989 3212 auriculam
3015 3157 3081 3222 ιθ,
3111 3171 3237 3210 num
3284 3155 3418 3224 ipse,

1863 3250 1954 3320 qui
1990 3265 2172 3304 aurem
2201 3249 2432 3314 sanavit,
2468 3264 2576 3304 non
2604 3249 2793 3303 audit?

1934 3344 2021 3398 17.
2055 3341 2158 3410 Qui
2204 3343 2391 3398 oculos
2437 3342 2563 3398 caeci
2598 3357 2628 3396 a
2683 3340 2960 3398 nativitate
3004 3338 3222 3409 proprio
3268 3346 3424 3407 sputo

1866 3432 2122 3489 formavit
2153 3435 2197 3466 ¹⁷
2219 3433 2241 3487 i

1939 3526 2027 3591 18,
2064 3525 2150 3581 l9.
2184 3523 2287 3590 Qui
2318 3523 2585 3578 inhabitat
2611 3522 2664 3576 in
2697 3521 2952 3577 cordibus
2995 3518 3326 3574 credentium
3369 3517 3422 3570 in

207 3649 316 3685 των
332 3632 413 3694 εἰς
433 3629 614 3694 αὐτὸν,
640 3629 733 3682 καὶ
759 3626 1022 3681 διδάσκων
1052 3622 1246 3684 αὐτοὺς
1275 3617 1335 3672 τὸ
1369 3615 1578 3685 θέλημα
1603 3607 1761 3664 αὐτοῦ

1916 3634 2012 3684 im,
2048 3625 2101 3672 et
2141 3618 2297 3671 docet
2329 3615 2476 3684 ipsos
2522 3614 2850 3668 voluntatem
2883 3626 3058 3673 suam,
3108 3608 3427 3678 redarguere

208 3725 310 3778 οὐκ
338 3723 452 3794 ἔχει
491 3721 703 3791 ἐλέγξαι
732 3721 877 3790 ὑμᾶς
906 3720 964 3772 ὲν
986 3719 1051 3789 τῇ
1083 3714 1266 3788 ἡμέρᾳ
1299 3711 1400 3781 τῆς
1430 3708 1694 3778 κρίσεως;

280 3816 373 3870 20.
401 3815 526 3868 Ὅτι
546 3813 838 3884 ἀνωφελεῖς
865 3813 1000 3866 είσιν
1023 3810 1079 3864 αἱ
1110 3806 1288 3876 σοφίαι
1313 3803 1420 3858 τῶν
1450 3797 1768 3869 ἀνθρώπων.

279 3908 369 3963 21.
391 3907 489 3961 Διά
509 3909 605 3978 τῆς
625 3904 843 3979 χάριτός
877 3920 968 3956 σου
991 3941 1006 3966 ,
1042 3901 1099 3954 ὃν
1128 3898 1193 3953 ἂν
1219 3893 1511 3966 παιδεύσῃς
1539 3885 1772 3956 ἐπιγνῶ-

210 4019 303 4056 ναι
331 4000 403 4054 τὰ
435 3996 831 4071 προστάγματά
860 4012 953 4048 σου
971 4036 987 4060 ,

288 4091 379 4145 22.
405 4089 643 4156 Διδάξεις
669 4088 745 4159 (5)
779 4086 938 4140 αὐτὸν
961 4082 1224 4138 ἐπιτελεῖν
1251 4076 1407 4132 αὐτά.

288 4184 377 4239 25.
421 4181 528 4237 Τοῦ
550 4181 648 4252 τὴν
674 4180 894 4251 εἰρήνην
924 4193 1016 4230 σου
1056 4172 1236 4228 δοῦναι
1269 4173 1326 4224 ὲν
1350 4170 1415 4239 τῇ
1457 4163 1652 4237 καρδίᾳ
1676 4160 1776 4216 αύ-

212 4275 311 4331 τοῦ
349 4273 444 4346 (6).

288 4366 380 4422 24.
406 4367 549 4437 Ἕως
572 4355 633 4416 οῦ
677 4362 737 4416 τὸ
763 4359 977 4416 αἰώνιον
1006 4355 1116 4428 πῦρ
1155 4353 1372 4422 δέξηται
1397 4349 1485 4404 τὸν
1511 4345 1774 4400 διάϐολον.

287 4459 377 4514 25.
413 4458 533 4511 Ὀτι
564 4456 662 4510 οὐκ
689 4451 966 4526 ἀπορῤίψῃ
992 4447 1194 4522 Κύριος
1219 4445 1308 4498 τὸν
1330 4442 1456 4498 λαὸν
1488 4439 1671 4494 αὐτοῦ.

290 4637 381 4693 26.
413 4638 524 4690 Ka‘t
552 4636 678 4698 τοὺς
699 4633 888 4700 ἁγίους
918 4627 1082 4685 αυτοῦ
1112 4627 1171 4680 ού
1203 4623 1421 4695 παρίδῃ.

289 4733 382 4786 27.
413 4730 557 4793 Ἕως
577 4721 638 4783 οῦ
657 4729 685 4781 ὁ
709 4722 947 4798 Υἱὸς-τοῦ
972 4719 1105 4775 Θεοῦ
1132 4718 1259 4791 ἔλθῃ
1287 4717 1468 4786 κρῖναι
1488 4711 1585 4783 τὴν
1607 4711 1784 4764 οἰκου-

223 4826 415 4897 μένην·

291 4915 382 4970 28.
418 4914 528 4968 Kal.
559 4912 783 4984 πλησίον
813 4910 884 4980 (7)
909 4907 1071 4963 αὐτοῦ
1095 4906 1292 4967 πάντες
1329 4901 1378 4954 οἱ
1427 4899 1568 4968 ἅγιοι
1598 4899 1782 4951 αὕτου.

292 5007 385 5081 29.
421 5007 516 5069 Τίς
543 5007 608 5059 ἃν
632 5005 818 5076 ἓτερος
846 4999 976 5073 ἦλθε
1009 4997 1312 5069 πολεμῆσαι
1343 4992 1484 5048 κατὰ
1504 4989 1612 5043 τῶν
1638 4990 1790 5042 ἐναν-

221 5099 358 5154 τίων
388 5097 668 5167 δυνάμεων

300 5215 346 5252 ¹⁶
382 5208 516 5265 Luc.
556 5223 694 5273 χχιι,
724 5206 812 5272 50,
843 5205 932 5262 51.
1011 5204 1052 5236 ³⁷
1077 5202 1234 5260 Joan.
1269 5218 1344 5266 Ix,
1380 5201 1434 5264 6,
1466 5199 1515 5253 7.

1870 3708 2115 3778 nequibit
2147 3721 2242 3762 vos
2266 3706 2321 3760 in
2361 3706 2447 3760 die
2467 3703 2702 3773 judicii?

1941 3799 2032 3852 20.
2073 3797 2336 3864 Quoniam
2365 3795 2585 3851 inutiles
2615 3805 2739 3850 sunt
2779 3795 3029 3849 humanae
3058 3791 3315 3848 scientiae.

1940 3890 2031 3945 2i.
2063 3888 2234 3956 Quem
2265 3903 2358 3958 per
2394 3886 2619 3956 gratiam
2650 3895 2796 3939 tuam
2835 3882 3099 3940 erudieris
3131 3883 3197 3937 ad
3227 3895 3432 3952 cogno-

1875 3983 2070 4042 scenda
2099 3987 2366 4052 praecepta
2391 3989 2502 4041 tua,

1942 4075 2032 4130 22.
2066 4073 2290 4129 Docebis
2317 4087 2441 4127 eum
2480 4071 2665 4126 eadem
2697 4067 2938 4138 implere.

1944 4167 2036 4222 25.
2072 4165 2140 4222 Ut
2167 4166 2261 4219 des
2290 4178 2475 4234 pacem
2511 4172 2656 4216 tuam
2684 4162 2738 4215 in
2765 4160 2924 4218 corde
2952 4157 3089 4228 ejus.

1943 4344 2034 4400 24.
2060 4344 2242 4397 Donec
2266 4349 2499 4396 aeternus
2531 4339 2670 4412 ignis
2701 4339 2934 4408 excipiat
2957 4334 3246 4391 diabolum.

1941 4438 2033 4493 25.
2099 4435 2364 4503 Quoniam
2418 4449 2524 4489 non
2585 4433 2801 4502 abjiciet
2851 4431 3113 4485 Dominus
3175 4426 3431 4498 populum

1877 4545 2054 4586 suum.

1945 4618 2036 4674 26.
2075 4617 2144 4673 Et
2167 4626 2385 4673 sanctos
2415 4631 2546 4671 suos
2573 4629 2682 4669 non
2717 4612 2994 4683 despiciet.

1950 4709 2040 4764 27.
2073 4707 2440 4776 Quoadusque
2470 4703 2562 4760 Dei
2589 4700 2759 4758 Filius
2789 4703 2967 4758 veniet
2999 4701 3062 4755 ad
3086 4697 3434 4771 judicandum

1881 4799 2163 4856 mundum.

1881 4885 1887 4891 ’
1951 4889 2040 4942 28.
2075 4886 2140 4940 Et
2163 4887 2316 4957 juxta
2350 4902 2473 4941 eum
2505 4901 2694 4941 omnes
2724 4885 2895 4941 sancti
2925 4885 3110 4955 ipsius.

1951 4981 2043 5036 29.
2074 4979 2332 5047 Quisnam
2362 4981 2501 5033 alius
2534 4981 2711 5035 veniet
2753 4979 2818 5033 ad
2865 4975 3208 5048 pugnandum
3250 4978 3440 5033 contra

1888 5073 2225 5129 adversarias
2264 5071 2601 5144 potestates?

1177 5317 1202 5358 Α
1222 5314 1472 5377 ddenda
1503 5317 1562 5374 et
1593 5301 1964 5384 corrigenda
1993 5317 2070 5364 ex
2099 5302 2238 5364 cod.
2278 5301 2478 5363 Vatic.

297 5474 377 5541 (1)
402 5470 683 5541 Γινόμενα.

296 5544 374 5611 (2)
405 5543 469 5594 Ol
504 5540 577 5612 μὴ
603 5541 868 5612 λέγοντες.

299 5595 377 5680 (ᾗ)
413 5612 487 5665 Τὸ
504 5595 847 5666 ὶῖγὶίονάὐτοῦ
875 5607 1147 5678 ἁψάμενος
1178 5603 1334 5676 μόνον
1362 5600 1547 5655 ἰάσατο
1580 5598 1638 5651 τὸ
1672 5595 1782 5659 οὖς,

223 5685 343 5749 καις
376 5690 482 5739 etc.

1962 5452 2038 5518 (4)
2074 5453 2308 5515 Πλασας,
2331 5449 2408 5512 ὡς
2442 5447 2740 5519 νομίζεται,
2773 5440 2873 5496 οὐκ
2900 5438 3097 5509 ἐφορᾷς

1967 5526 2042 5589 (5)
2084 5525 2190 5576 Καὶ
2222 5521 2447 5583 διδάξεις
2468 5559 2480 5582 ,
2517 5525 2621 5572 etc.

1962 5597 2038 5658 (6)
2071 5594 2274 5646 Αὐτῶν.

2211 5644 2447 5731 (πληστοι,
2481 5667 2606 5719 rtc.,
2638 5657 2684 5708 οἱ
2717 5653 2888 5715 εὐοεῖς
2911 5651 2974 5720 τῇ
3010 5644 3225 5717 καρδίᾳ.
