3748 6282
334 257 474 314 1055
1174 260 1254 317 S.’
1271 262 1639 318 ATHANASII
1677 263 1814 320 OPP.

2087 265 2170 320 111.
2212 298 2278 308 -
2301 267 2712 324 EXEGETICA.
3416 276 3567 333 1056

405 372 494 426 50.
529 372 637 427 Aut
664 371 786 443 quis
832 372 996 428 stabit
1027 388 1237 429 mecum
1285 375 1545 431 adversus
1601 389 1885 448 operantes

2089 383 2147 437 ιο.
2179 384 2246 437 Ἢ
2278 382 2362 447 τίς
2391 384 2910 454 συμπαραστήσεταί
2945 402 3034 456 μοι
3063 387 3154 440 ἐπὶ
3186 391 3295 452 τοῖς
3327 389 3569 460 ἐργαζο-

335 459 711 532 iniquitatem?

1997 471 2178 538 μένοις
2208 471 2306 542 τὴν
2339 474 2567 543 ἀνομίαν
2583 491 2597 538 ;

408 557 497 611 51.
528 553 642 611 Nisi
675 557 802 627 quia
840 557 1102 614 Dominus
1137 561 1343 631 adjuvit
1387 580 1509 619 me:

2065 561 2156 615 51.
2185 562 2248 614 El
2281 561 2356 632 μὴ
2383 563 2464 614 ὅτι
2495 562 2694 634 Κύριος
2720 561 2982 633 ἐϐοήθησέ
3013 579 3132 632 μοι·

413 647 501 702 52.
553 646 722 703 Paulo
771 650 954 707 minus
1005 652 1304 710 habitasset
1350 657 1403 710 in
1455 657 1668 712 inferno
1715 659 1893 712 anima

2085 653 2155 707 52.
2205 653 2361 725 Παρὰ
2398 653 2570 725 βραχὺ
2628 654 2918 726 παρῴκησε
2948 654 3026 726 τῷ
3058 654 3158 726 ᾅδῃ
3186 657 3220 728 ή
3251 657 3396 730 ψυχή
3434 677 3565 730 μου.

338 754 478 792 mea.

409 831 496 885 55.
541 829 596 886 Si
622 832 868 888 dicebam
899 851 911 887 :
944 833 1122 891 Motus
1151 845 1235 891 est
1263 851 1357 907 pes
1390 853 1578 893 meus:

2068 829 2158 883 55.
2190 830 2253 882 Ei
2279 830 2461 900 ἔλεγον
2481 847 2494 861 '
2525 831 2845 886 Σεσόιλευται
2868 834 2898 885 6
2920 834 3052 898 ποῦς
3081 852 3182 906 μου
3207 852 3222 868 ⁶

407 923 495 978 54.
526 922 888 980 Misericordia
927 935 1037 989 tua,
1068 928 1312 992 Domine,
1337 929 1627 999 adjuvabat
1650 948 1754 987 me.

1705 948 1754 987 ρ,
2070 919 2159 973 34.
2191 919 2263 973 T6
2291 921 2439 986 ἔλεός
2466 939 2578 988 σου,
2608 923 2800 995 Κύριε,
2828 924 3042 997 ἐϐοήθει
3073 943 3185 997 μοι.

407 1015 496 1067 55.
526 1013 833 1069 Secundum
865 1017 1262 1074 multitudinem
1294 1019 1541 1074 dolorum
1578 1037 1819 1077 meorum
1843 1023 1887 1076 in

2090 1011 2160 1066 $5.
2190 1012 2346 1066 Κατὰ
2367 1013 2428 1066 τὸ
2460 1013 2661 1085 πλῆθος
2691 1014 2798 1070 τῶν
2825 1016 3024 1070 ὀδυνῶν
3050 1034 3151 1088 μου
3180 1019 3237 1071 ἐν
3265 1022 3330 1090 τῇ
3365 1021 3570 1090 καρδία

339 1108 502 1161 Corde
533 1122 671 1172 meo,
724 1109 1124 1166 consolationes
1173 1120 1276 1166 tua:
1330 1113 1741 1168 lzetilicaverunt
1772 1131 1819 1168 ai

2088 1124 2102 1157 δ
2130 1144 2144 1161 .
2178 1107 2232 1157 ai
2269 1105 2642 1176 παοακλήσεις
2685 1123 2778 1159 σου
2807 1104 3080 1178 εῦφραναν
3111 1107 3206 1179 τὴν
3229 1108 3406 1180 ψυχήν
3439 1127 3568 1180 μου.

340 1213 484 1251 mam
515 1214 711 1252 meam.

411 1289 497 1344 56.
526 1288 778 1360 Nunquid
807 1292 1044 1348 adhaeret
1075 1294 1168 1348 tibi
1197 1297 1350 1350 sedes
1377 1295 1699 1364 iniquitatis,

2071 1272 2160 1326 36.
2197 1268 2288 1344 Μὴ
2325 1272 2719 1346 ωμπροσέστω
2746 1292 2827 1328 σοι
2851 1275 3035 1348 θρόνος
3059 1276 3317 1348 ἀνομίας,

410 1380 498 1436 57.
523 1380 627 1446 Qui
654 1381 812 1453 ﬁngis
837 1383 1076 1438 laborem
1109 1385 1160 1437 in
1187 1386 1500 1455 praecepto?

2070 1365 2158 1418 37.
2201 1365 2258 1418 '0
2287 1365 2544 1420 πλάσσων
2569 1367 2736 1422 κόπον
2769 1368 2861 1420 ἐπὶ
2889 1367 3245 1438 πρόσταγμα;

411 1471 499 1526 58.
527 1472 835 1543 Captabunt
865 1474 917 1526 in
943 1475 1179 1528 animam
1206 1476 1336 1544 justi
1364 1495 1378 1529 :

2073 1457 2163 1511 38.
2196 1458 2273 1528 Θη
2284 1458 2566 1529 ρεύσουσιν
2599 1460 2690 1513 ἐπὶ
2715 1458 2888 1530 ψυχὴν
2915 1459 3122 1514 δικαίου
3142 1478 3155 1492 ο

411 1561 502 1616 59.
535 1561 601 1615 Et
625 1561 943 1631 sanguinem
981 1561 1323 1616 innocentem
1353 1562 1812 1618 condemnabunt.

1701 1570 1812 1617 ιιηι,
2071 1548 2160 1601 59.
2201 1550 2313 1602 Kal
2344 1545 2482 1619 αἷμα
2516 1551 2690 1606 ἀθῶον
2715 1553 3181 1608 καταδικάσονται.

412 1650 502 1704 40.
540 1648 607 1704 Et
637 1649 810 1704 lactus
845 1658 929 1703 est
956 1649 1088 1703 mihi
1117 1648 1378 1704 Dominus
1413 1649 1466 1702 in
1497 1648 1766 1719 refugium
1795 1667 1809 1704 :

2071 1637 2160 1692 40.
2193 1639 2304 1691 Kal
2332 1639 2546 1707 ἐγένετό
2578 1659 2666 1712 μοι
2689 1642 2892 1714 Κύριος
2922 1645 3003 1707 εἰς
3031 1645 3379 1716 καταφυγήν·

412 1734 500 1786 41.
533 1733 600 1786 Et
629 1732 772 1787 Deus
793 1733 1016 1788 meusin
1047 1732 1376 1803 adjutorium
1400 1733 1513 1804 spei
1535 1749 1687 1788 meae.

2074 1730 2165 1784 41.
2197 1733 2309 1785 Kal
2331 1734 2359 1785 6
2389 1731 2521 1796 Θεός
2561 1751 2662 1804 μου
2687 1736 2768 1798 είς
2801 1734 2990 1806 βοηθὸν
3019 1735 3232 1800 ἐλπίδος
3263 1754 3383 1808 μου.

413 1823 503 1879 42.
538 1823 604 1879 Et
631 1826 817 1880 reddet
851 1826 958 1881 illis
984 1825 1247 1882 Dominus
1272 1825 1620 1900 [secundum]
1648 1827 1893 1898 iniquita-

2089 1821 2162 1874 12.
2202 1823 2309 1874 Kal
2350 1822 2615 1877 ἀποδώσει
2650 1826 2830 1890 αὐτοῖς
2880 1825 3080 1896 Κύριος
3118 1825 3214 1896 τὴν
3251 1825 3569 1900 ίκατὰξτὴν]

344 1923 451 1969 tem
484 1915 750 1985 ipsorum.

2007 1912 2236 1982 ἀνομίαν
2273 1913 2470 1970 αὐτῶν.

413 2005 501 2060 45.
538 2004 614 2075 (a)
646 2005 713 2060 Et
736 2006 1029 2061 secundum
1057 2007 1314 2062 malitiam
1346 2023 1532 2063 eorum
1562 2026 1577 2063 :

2077 2003 2166 2059 43.
2204 2004 2314 2058 Kal
2342 2003 2482 2058 κατὰ
2511 2004 2610 2076 τὴν
2638 2005 2897 2076 πονηρίαν
2927 2005 3101 2059 αὐτῶν

411 2095 500 2150 44.
538 2094 817 2166 Disperdet
846 2097 966 2153 illos
993 2098 1254 2153 Dominus
1280 2097 1422 2156 Deus
1457 2097 1688 2172 [noster]

2080 2094 2167 2148 44.
2215 2097 2461 2164 Ἀφανιεί
2487 2097 2684 2159 αὐτοὺς
2714 2095 2916 2166 Κύριος
2942 2097 2971 2150 6
2995 2095 3125 2162 Θεὸς
3152 2093 3378 2168 [ﬂium].

412 2315 489 2388 (a)
515 2314 668 2371 Vers.
699 2316 788 2379 45,
817 2317 904 2382 44,
934 2331 1075 2372 vers.
1107 2332 1270 2372 unus.

1453 2574 1826 2632 ATHANASII
1862 2573 2445 2631 INTERPRETATIO.

409 2751 498 2807 30.
526 2751 632 2808 Ant
662 2753 784 2824 quis
812 2754 943 2809 mihi
971 2769 1123 2826 opem
1173 2755 1306 2810 feret
1355 2764 1544 2812 contra
1581 2755 1889 2811 immundos

2098 2755 2162 2809 ιο.
2191 2756 2263 2809 Ἦ
2289 2757 2371 2820 τίς
2402 2754 2846 2810 συναντελάϐεταί
2872 2753 2946 2826 (1)
2979 2771 3069 2824 μοι
3094 2755 3186 2808 ἐπὶ
3229 2754 3296 2809 τὰ
3331 2754 3578 2828 πνεύμα-

338 2845 566 2914 ιρίτίιιιε
590 2846 614 2899 ?
2003 2866 2072 2903 τα
2106 2849 2390 2922 ἀκάθαρτα
2408 2866 2422 2915 ;

412 2938 501 2992 51.
529 2935 642 2992 Nisi
668 2935 808 2992 Deus
833 2936 927 2993 Dei
956 2936 1126 2992 Filius
1154 2937 1452 3007 adjuvisset
1485 2954 1589 2993 me.

2075 2941 2163 2995 51.
2199 2943 2262 2994 El
2297 2941 2371 3012 μὴ
2398 2942 2427 2994 6
2460 2939 2591 3004 Θεὸς
2625 2938 2720 2994 τοῦ
2749 2937 2882 2992 Θεοῦ
2920 2939 3181 3012 ἐϐοήθησε
3209 2957 3319 3012 μοι.

410 3029 499 3085 52.
532 3022 700 3084 Paulo
749 3030 929 3083 minus
962 3029 1380 3098 permansissem
1436 3031 1491 3084 in
1547 3039 1724 3085 morte
1777 3047 1890 3101 pec-

2089 3028 2166 3082 52.
2198 3028 2333 3099 Παρ’
2368 3029 2544 3097 ὀλίγον
2573 3029 2899 3099 ἐναπέμεινα
2924 3027 3001 3099 τῷ
3023 3029 3236 3100 θανάτῳ
3262 3029 3360 3101 τῆς
3384 3029 3569 3101 ἁμαρ-

341 3121 472 3175 cati.

1959 3179 1965 3180 γ
2006 3115 2146 3180 τίας.

415 3212 502 3266 55.
537 3209 592 3264 Si
620 3210 866 3263 videbam
912 3225 998 3263 me
1045 3209 1218 3279 ipsum
1261 3210 1313 3263 in
1357 3209 1672 3274 lentationc,
1705 3220 1761 3266 et
1801 3212 1895 3267 cla-

2092 3209 2161 3262 53.
2199 3208 2262 3260 Ei
2293 3207 2518 3260 ἔϐλεπον
2561 3206 2749 3263 ἑαυτὸν
2781 3207 3206 3282 πειραζόμενον,
3259 3207 3356 3261 καὶ
3401 3205 3572 3260 ἐϐόων

340 3302 559 3356 mabam
594 3302 660 3355 ad
695 3311 764 3356 te.

2010 3299 2146 3371 πρὸς
2181 3299 2259 3353 σέ.

413 3393 501 3447 34.
537 3392 649 3446 Nisi
676 3392 764 3446 Dei
801 3392 969 3447 Filius
998 3392 1200 3462 adjuvit
1235 3408 1339 3447 me.

2077 3391 2164 3444 34.
2196 3393 2258 3444 Εἰ
2292 3391 2369 3462 (2)
2409 3391 2482 3464 μὴ
2513 3393 2540 3444 6
2563 3391 2691 3455 Υἱὸς
2717 3391 2811 3445 τοῦ
2849 3392 2984 3446 Θεοῦ
3013 3389 3277 3463 ἐϐοήθησέ
3315 3407 3426 3460 μοι.

414 3483 501 3538 55.
527 3483 832 3539 Secundum
857 3486 1252 3540 multitudinem
1285 3486 1720 3542 adversariarum
1761 3495 1885 3557 pote

2095 3482 2166 3536 55.
2203 3482 2357 3536 Κατὰ
2398 3483 2457 3536 τὸ
2497 3483 2698 3553 πλῆθος
2736 3484 2841 3537 τῶν
2874 3484 3126 3540 ἐναντίων
3158 3481 3439 3554 δυνάμεων
3463 3482 3575 3536 τῶν

345 3586 542 3633 statum
584 3577 979 3647 insurgentium
1031 3579 1082 3632 in
1127 3577 1287 3634 corde
1340 3594 1457 3633 meo
1503 3579 1825 3648 superabuni

2097 3575 2450 3645 ινισταμένων
2492 3577 2548 3628 ἐν
2579 3578 2642 3647 τῇ
2673 3575 2868 3648 καρδίᾳ
2914 3593 3014 3648 μου
3047 3574 3577 3647 ὑπερεπερίσσευσεν

344 3667 422 3722 vit
464 3669 633 3740 gratia
686 3679 795 3733 tua,
847 3679 900 3724 et
933 3670 1157 3740 ejiciens
1207 3670 1422 3725 illorum
1462 3671 1817 3741 cogitationes

2097 3665 2225 3737 apt;
2257 3683 2371 3731 σου,
2403 3667 2497 3720 καὶ
2523 3667 2765 3720 ἐκϐαλὼν
2785 3667 2879 3731 τὰς
2907 3667 3125 3721 ἐκείνων
3149 3665 3470 3736 ἐνθυμήσεις
3495 3664 3577 3727 είς

346 3761 585 3817 ιωιῑιὶωι]
618 3773 671 3815 et
692 3763 944 3831 gaudium
992 3763 1226 3817 animam
1262 3779 1435 3817 meam
1471 3764 1756 3818 convertit.

2009 3758 2348 3830 εὐφροσύνην
2383 3759 2475 3812 καὶ
2504 3758 2677 3829 χαρὰν
2713 3757 2973 3830 μετέϐαλε
2998 3757 3094 3828 τὴν
3121 3757 3296 3827 ψυχήν
3327 3772 3452 3826 μου.

421 3851 510 3906 56.
541 3850 792 3922 Nunquid
840 3853 1110 3909 inhabitat
1150 3855 1204 3908 in
1240 3855 1403 3910 corde
1451 3870 1572 3910 meo
1613 3855 1901 3910 dominatio

2092 3852 2166 3907 56.
2201 3851 2291 3923 Μὴ
2325 3851 2601 3905 ἐνοικείτω
2627 3853 2682 3903 ἐν
2713 3854 2778 3921 τῇ
2809 3851 3004 3923 καρδίᾳ
3049 3867 3151 3920 μου
3175 3847 3460 3904 δυναστεία
3480 3845 3572 3898 τοῦ

347 3941 570 3997 diaboli.

2007 3943 2276 3999 διαϐόλου.

417 4033 506 4088 57.
537 4030 735 4089 Volens
771 4034 935 4088 vitam
986 4035 1267 4091 instituere
1314 4035 1610 4090 secundum
1647 4035 1742 4091 Dei
1772 4051 1897 4106 pra:-

2091 4035 2169 4088 57.
2209 4034 2265 4086 Ὀ
2287 4033 2427 4086 κατὰ
2453 4033 2512 4086 τὸ
2543 4033 2618 4104 (5)
2646 4033 2970 4106 πρόσταγμα
2993 4029 3087 4084 τοῦ
3115 4029 3248 4083 Θεοῦ
3278 4030 3571 4084 ἀσκεῖσθαι

347 4133 520 4195 cepta.

2019 4125 2352 4197 βουλόμενος.

415 4217 503 4271 58.
537 4215 845 4286 Captabunt
893 4215 1037 4272 enim
1089 4215 1388 4284 daemones,
1439 4215 1485 4272 si
1543 4216 1662 4272 ﬁeri
1709 4226 1895 4286 potest,

2101 4215 2165 4269 i8.
2202 4213 2537 4286 Θηρεύσουσι
2563 4214 2670 4286 γὰρ
2697 4213 2746 4266 οί
2779 4211 3026 4284 δαίμονες
3048 4253 3063 4278 ,
3105 4214 3156 4266 εί
3183 4210 3406 4265 δυνατὸν
3424 4251 3439 4276 ,
3482 4212 3581 4266 καὶ

345 4308 510 4364 etiam
542 4309 751 4362 animas
783 4308 984 4378 justas.

2006 4309 2186 4381 ψυχὰς
2217 4306 2430 4370 δικαίας
2463 4306 2559 4377 (4).

416 4400 504 4454 59.
546 4399 612 4454 Ει
649 4399 859 4455 animas
907 4409 1221 4456 sanctorum
1256 4409 1512 4473 tanquam
1543 4403 1749 4473 peccati
1786 4418 1896 4459 reas

2093 4401 2166 4457 i9.
2197 4401 2307 4454 Kal
2341 4399 2438 4464 τὰς
2464 4397 2572 4452 τῶν
2614 4397 2784 4466 ἁγίων
2813 4393 2989 4467 ψυχὰς
3016 4393 3467 4465 συκοφαντοῦσιν,
3499 4394 3573 4458 ὡς

347 4490 845 4546 calumniabuntur.

1937 4513 1982 4568 ι)
2011 4490 2374 4553 ὑποκειμένας
2404 4488 2643 4559 ἁμαρτίᾳ
2675 4486 2772 4557 (5).

417 4580 505 4633 40.
537 4579 616 4631 Ad
642 4580 816 4648 ipsum
846 4581 990 4635 enim
1035 4582 1351 4655 confugiens
1378 4583 1636 4640 liberatus
1675 4599 1794 4639 sum
1840 4583 1897 4638 at

2165 4620 2168 4633 .
2208 4579 2366 4650 Αὐτῷ
2417 4578 2526 4649 γὰρ
2588 4575 2950 4649 προσδραμὼν
2999 4574 3264 4650 ἐρῤύσθην
3303 4575 3362 4630 ἐν
3394 4574 3470 4648 (6)
3497 4574 3575 4645 τῷ
3641 4611 3645 4619 ς

345 4667 582 4722 inimicis
623 4671 777 4725 meis.

2013 4672 2190 4744 ἐχθρῷ
2229 4689 2349 4742 μου.

417 4761 502 4812 41.
541 4758 616 4813 Ex
650 4760 782 4829 ipsis
816 4776 905 4816 me
933 4763 1180 4818 redemit.

2078 4763 2166 4816 41.
2210 4762 2580 4835 Ἐλυτρώσατό
2615 4779 2682 4833 με
2717 4761 2794 4833 (7)
2826 4761 2886 4827 ἐξ
2913 4763 3105 4816 αὐτῶν.

419 4847 510 4902 4'2.
548 4848 606 4917 In
638 4849 725 4902 die
753 4849 964 4918 judicii.

2081 4852 2171 4905 42.
2203 4853 2292 4905 Ἐν
2327 4857 2392 4924 τῇ
2429 4854 2610 4924 ἡμέρᾳ
2640 4853 2735 4924 τῆς
2762 4852 3009 4924 κρίσεως.

418 4939 507 5000 45,
536 4939 623 4993 44.
661 4938 726 4993 Et
755 4956 1052 4998 secunoum
1088 4959 1274 5000 eorum
1324 4946 1585 5001 malitiam
1636 4947 1811 5001 tradet
1853 4947 1898 5001 in

2091 4945 2170 5010 15,
2197 4945 2286 4999 44.
2315 4945 2427 4998 Kal.
2476 4945 2616 4998 κατὰ
2648 4943 2746 5015 τὴν
2794 4943 2988 4999 κακίαν
3037 4939 3214 4996 αὐτῶν
3257 4938 3571 5011 παραδώσει

350 5031 675 5102 supplicium
713 5044 997 5088 atternum.

2013 5037 2091 5099 είς
2122 5037 2199 5106 (81
2239 5037 2456 5090 κόλασιν
2490 5034 2721 5092 αἰώνιον.

1295 5259 1596 5322 Addenda
1625 5266 1685 5320 et
1721 5258 2093 5337 corrigenda
2136 5276 2212 5320 ex
2245 5259 2384 5320 cod.
2425 5259 2620 5319 Vatic.

427 5439 504 5580 (1)
537 5439 957 5498 Συναντελάϐετό
989 5463 1078 5516 μοι
1109 5445 1414 5515 πνεύματα,
1449 5452 1552 5496 etc.

451 5510 506 5578 ἓ)
547 5511 606 5563 El
640 5514 1005 5580 εὐσπλαγχνία
1039 5534 1162 5580 σου,
1215 5517 1383 5580 Κύριε
1404 5552 1418 5577 ,
1445 5511 1641 5566 ἐϐοίιθτ
1679 5530 1785 5565 οιοι.

1062 5463 1078 5498 ι
1109 5445 1414 5515 πνεύματα,
1449 5452 1552 5496 etc.
2084 5443 2162 5510 (5)
2200 5443 2535 5513 Ἀμαρτίαις.

1055 5534 1130 5569 του
1149 5557 1162 5580 ,
1215 5517 1383 5580 Κύριε
1404 5552 1418 5577 ,
1445 5511 1641 5566 ὲϐοίιθτ
1679 5530 1785 5565 οιοι.
2086 5513 2162 5580 (6)
2195 5515 2290 5566 Ἐκ
2315 5514 2420 5566 τῶν
2444 5513 2535 5580 ὲχθ

451 5510 506 5586 ἓ)
640 5510 1005 5586 εὐσπλαγχνίᾰ.
1039 5534 1162 5582 σου,
1215 5510 1383 5586 Κύριε
1404 5552 1418 5577 ,
1445 5511 1641 5566 ὲϐοίιθτ
1679 5530 1785 5565 οιοι.
2086 5513 2162 5586 (ρ)
2315 5510 2420 5566 τῶν
2444 5513 2651 5585 ἐχθρῶν
2687 5533 2806 5586 μου,
2841 5526 2887 5570 cl
2923 5516 2993 5568 ita
3022 5515 3120 5579 leg.

428 5582 504 5654 (ε)
537 5581 608 5654 Τό
638 5583 805 5654 deest.
885 5581 915 5585 "
1151 5581 1155 5582 '
1305 5581 1315 5586 '

1151 5581 1155 5582 ⁷
1305 5581 1315 5586 ’
2088 5583 2162 5654 (7)
2196 5584 2308 5654 Γάρ
2345 5601 2427 5652 με-

317 5701 319 5712 ,
427 5650 503 5718 (4)
525 5651 774 5706 Δικαίων.
2092 5650 2465 5724 (8)11ονηρίαν
2501 5654 2676 5708 αὐτῶν
2718 5655 3232 5726 παραδώσειαὺτους
3274 5652 3374 5716 είς,
3425 5659 3536 5708 etc.
