3748 6282
134 229 280 287 1057
1027 227 1111 282 DE
1149 225 1419 284 TlTULlS
1453 227 1900 285 PSALMORUM.
1948 260 2010 268 —
2054 229 2248 286 PSAL.
2284 231 2464 288 XCIV.
3238 238 3375 297 1058

127 345 312 415 Αἶνος
338 346 498 416 ᾠδῆς
525 347 604 412 τῷ
624 344 818 410 Δαϐὶδ,
839 344 1240 414 ἀνεπίγραφος
1260 347 1393 413 παρ’
1408 345 1607 413 Ἐϐραί

1909 346 2049 401 Laus
2079 349 2271 402 cantici
2301 347 2494 410 David,
2524 348 2635 401 sine
2659 347 2814 402 titulo
2839 350 2980 419 apud
3016 349 3289 415 Hebraeos.

767 440 938 494 ΨΑΑ.
971 441 1095 505 ιιΑο.

2374 437 2574 494 PSAL.
2609 438 2817 495 XCIV.

213 530 265 584 1.
291 527 478 594 Δεῦτε,
513 527 968 600 ἀγαλλιασώμεθα
994 527 1070 600 τῷ
1103 528 1292 600 Κυρίῳ
1312 545 1324 558 ·

1889 531 1936 582 Ι.
1973 528 2160 584 Venite
2187 530 2523 585 exsultemus
2565 529 2831 585 Domino:

211 620 266 675 2.
299 620 682 692 Ἀλαλάξωμεν
711 620 788 691 τῷ
812 620 931 691 Θεῷ
966 619 1044 692 τῷ
1082 620 1285 691 σωτῆρι
1327 620 1504 692 ἡμῶν.

1441 637 1504 676 w.
1885 621 1939 676 2.
1973 620 2278 677 Jubilemus
2311 620 2420 676 Deo
2443 621 2665 676 salutari
2697 631 2921 676 nostro:

217 711 268 769 3.
294 712 701 785 Προφθάσωμεν
719 713 782 766 τὸ
809 712 1095 784 πρόσωπον
1122 710 1286 765 αὑτοῦ
1308 713 1365 767 ὲν
1396 711 1697 786 ὲξομολογή·

1883 713 1936 770 3.
1975 714 2417 782 Praeoccupemus
2446 711 2637 767 faciem
2669 712 2786 782 ejus
2807 712 2861 765 in
2893 711 3266 768 confessione:

133 821 222 858 σει
247 822 261 836 ⁶

217 897 269 951 4.
302 897 415 950 Καὶ
439 899 494 950 ἐν
523 895 758 967 ψαλμοῖς
782 893 1136 965 ἀλαλάξωμεν
1165 894 1313 967 αύτῷ

1302 914 1313 946 ι
1886 892 1938 946 4.
1966 891 2032 947 Ει
2061 892 2115 946 in
2138 893 2365 962 psalmis
2392 891 2689 962 jubilemus
2712 891 2782 946 ei.

215 987 268 1040 5.
295 987 420 1039 Ὅτι
445 985 578 1049 Θεὸς
615 985 786 1056 μέγας
815 983 1018 1055 Κύριος
1039 999 1054 1016 ο

1886 982 1938 1036 5.
1970 981 2240 1047 Quoniam
2281 980 2424 1036 Deus
2458 996 2688 1052 magnus
2721 977 3023 1034 Dominus:

215 1077 269 1132 6.
310 1078 420 1130 Kal.
465 1077 712 1147 βασιλεὺς
764 1076 935 1149 μέγας
985 1075 1079 1128 ἐπὶ
1128 1076 1306 1130 πᾶσαν
1331 1075 1430 1148 τὴν
1458 1077 1560 1148 γῆν
1588 1075 1695 1148 [επ

1900 1071 1938 1127 5.
1982 1073 2048 1128 Et
2077 1090 2169 1129 rex
2209 1089 2438 1146 magnus
2471 1089 2635 1145 super
2683 1086 2898 1129 omnem
2953 1082 3149 1129 terram
3197 1075 3380 1148 [super

144 1171 356 1232 πάντας
389 1170 513 1232 τοὺς
544 1167 725 1239 λαούς]
737 1209 750 1223 .

1817 1184 2006 1225 omnes
2043 1169 2294 1242 populos]
2322 1189 2336 1225 :

214 1262 267 1314 7.
286 1261 409 1314 Ὅτι
437 1261 495 1312 ὲν
522 1262 586 1330 τῇ
621 1260 763 1330 χειρὶ
815 1259 915 1331 [ὅτι
948 1260 1048 1313 οὐκ
1092 1259 1370 1315 ἀπώσεται
1399 1259 1601 1329 Κύριος
1626 1261 1694 1312 eo

1901 1261 1941 1312 7.
1983 1260 2121 1326 Quia
2181 1263 2234 1316 in
2283 1279 2447 1318 manu
2489 1261 2795 1336 [Quoniam
2841 1281 2951 1320 non
3002 1264 3223 1334 repellet
3272 1262 3381 1317 Do-

143 1353 274 1407 λαὸν
301 1351 498 1406 αὐτοῦ’
531 1352 611 1405 ὅτι
644 1354 700 1404 ὲν
731 1354 798 1423 τῇ
829 1353 994 1424 χειρί,
1025 1351 1174 1423 etc.]
1219 1349 1380 1404 αὑτοῦ
1406 1349 1474 1402 τὰ
1505 1351 1623 1403 πέο<

1901 1367 2000 1406 nus
2027 1353 2233 1422 plebem
2269 1356 2595 1426 suam,quia
2633 1355 2689 1410 in
2720 1374 2903 1422 manu,
2933 1357 3064 1430 etc.]
3099 1359 3218 1415 eius
3252 1358 3381 1412 lines

140 1445 243 1514 τῆς
274 1444 399 1513 γῆς·

1820 1452 1976 1498 terra
2013 1462 2026 1498 :
2383 1499 2387 1502 .

213 1537 268 1589 8.
311 1536 420 1589 Καὶ
447 1535 514 1588 τὸ.
537 1535 646 1605 ὕψη
669 1535 776 1588 τῶν
799 1534 967 1606 ὀρέων
997 1535 1160 1590 αὐτοῦ
1193 1538 1354 1592 εἰσιν.

1886 1536 1937 1591 8.
1973 1536 2040 1592 Ει
2062 1538 2374 1595 altitudines
2403 1541 2670 1596 montium
2703 1543 2874 1612 ipsius
2907 1551 3052 1598 sunt.

214 1629 269 1682 9.
286 1629 409 1680 Ὅτι
435 1627 602 1681 αὑτοῦ
631 1629 777 1681 ἐστιν
803 1629 837 1698 ἡ
866 1627 1130 1694 θάλασσα,
1156 1630 1250 1682 καλ⁹
1278 1631 1440 1696 αὐτὸς
1464 1629 1694 1692 ὲποίησεπ

1889 1627 1942 1682 9.
1991 1627 2259 1694 Quoniam
2296 1631 2466 1702 ipsius
2492 1642 2574 1689 est
2605 1647 2776 1700 mare,
2804 1642 2858 1689 et
2889 1634 3004 1704 ipse
3030 1633 3155 1689 fecit
3179 1633 3307 1689 illud
3332 1651 3345 1688 :

143 1736 315 1791 αυτην
335 1737 348 1749 ⁸

1265 1877 1641 1935 ATIIANASII
1679 1878 2272 1941 INTEBPRETATIO.

224 2039 290 2090 'H
313 2038 649 2110 προκειμένη
671 2038 952 2113 ἐπιγραφὴ
981 2040 1221 2111 περιέχει
1247 2039 1354 2110 (1)⁶
1379 2036 1559 2107 Αἶνος
1587 2041 1748 2112 ᾠδῆς
1775 2041 1856 2108 τῷ
1886 2042 2083 2107 Δαὸὶδ,
2117 2042 2521 2112 ἀνεπίγραφος
2547 2045 2682 2112 παρ’
2697 2045 2998 2114 Ἑϐραίοις,
3022 2045 3096 2108 ὡς
3123 2044 3380 2109 πολλάκις

144 2133 472 2202 εἰρήκαμεν,
496 2125 644 2195 αἶνος
674 2131 814 2203 ᾠδῆς
836 2127 916 2196 τῷ
940 2129 1123 2196 ικανῷ
1144 2129 1218 2200 τῇ
1243 2131 1417 2200 χειρὶ,
1440 2131 1690 2186 τουτέστι
1718 2131 1799 2198 τῷ
1826 2132 1938 2200 Υιῷ
1960 2132 2069 2188 τοῦ
2086 2121 2264 2186 Θεοῦ.
2291 2127 2424 2185 Εἶτα
2451 2132 2856 2202 ἀνεπιπραεοος
2887 2133 3024 2201 παρ’
3063 2133 3381 2199 Ἑϐραίοις·

144 2223 224 2286 ὡς
249 2221 512 2285 πολλάκις
549 2223 852 2294 εἰρήκαμεν
890 2226 969 2299 (2)
992 2244 1004 2256 ·
1033 2228 1093 2280 ού
1113 2226 1222 2300 γὰρ
1248 2227 1429 2298 ἔχουσι
1463 2228 1560 2300 τὴν
1592 2228 1938 2285 διδασκαλίαν
1981 2228 2076 2284 τοῦ
2120 2228 2334 2300 ψαλμοῦ
2365 2229 2422 2281 ὲν
2457 2231 2574 2292 ταῖς
2605 2229 2850 2300 καρδίαις
2882 2227 3080 2283 αὐτῶν.
3138 2226 3243 2278 Τοῦ
3279 2224 3383 2296 γὰι·

142 2312 364 2383 ψαλμοῦ
389 2313 676 2376 καλοῦντος
704 2315 899 2380 αὐτοὺς
929 2316 1066 2388 πρὸς
1091 2319 1181 2371 τὸν
1209 2316 1433 2389 Κύριον,
1455 2320 1550 2372 καὶ
1577 2319 1737 2374 πάλιν
1749 2320 2016 2390 λέγοντοςο
2044 2319 2314 2390 Σήμερον
2339 2319 2449 2373 ἐὰν
2474 2319 2586 2388 τῆς
2616 2319 2822 2390 φωνῆς
2849 2317 3036 2374 αὐτοῦ
3059 2317 3384 2384 ἀκούσητε,

139 2404 227 2474 μὴ
261 2405 644 2473 σκληρύνητε
665 2406 772 2471 τὰς
803 2405 1049 2474 καρδίας
1071 2404 1236 2474 ὑμῶν
1251 2406 1350 2481 (ὅ).
1378 2406 1676 2471 Λαλοῦντος
1705 2407 1762 2461 δὲ
1783 2408 1965 2472 αὐτοῖς
1987 2407 2081 2461 τοῦ
2112 2407 2317 2477 Κυρίου
2343 2408 2400 2462 ὲν
2429 2409 2496 2478 τῇ
2525 2406 2796 2479 παρουσίᾳ
2822 2404 3009 2469 αὑτοῦ,
3027 2405 3124 2475 οὐχ
3151 2405 3378 2476 ὑπήκου-

148 2509 247 2545 σαν
283 2491 446 2545 αὐτοῦ
465 2506 478 2519 ⁸
499 2492 578 2545 διὸ
601 2492 1002 2564 ἐπιγέγραπται
1029 2493 1396 2566 ἀνεπίγραφος
1423 2497 1551 2566 παρ’
1581 2495 1873 2568 Ἑϐραίοις.
1904 2497 2016 2568 Τῆς
2040 2496 2148 2568 γὰρ
2172 2494 2545 2567 παραγγελίας
2566 2496 2662 2550 τοῦ
2679 2497 2892 2570 ψαλμοῦ
2921 2498 3019 2568 οὐχ
3049 2497 3366 2567 ὑπήκουσαν

142 2584 220 2649 ὡς
252 2589 327 2658 μὴ
361 2586 764 2656 ἔχοντεςοαύτὸν
798 2592 856 2642 ὲν
885 2587 1068 2653 αὐτοῖς
1104 2589 1200 2661 (4).
1235 2589 1444 2644 Οὐκοῦν
1471 2571 1870 2663 ἀνεπίγραφος
1904 2593 2041 2661 παρ’
2077 2592 2368 2660 Ἑϐραίοις
2396 2594 2429 2647 ό
2449 2591 2688 2662 ψαλμὸς
2710 2632 2725 2657 ,
2757 2589 2958 2644 ὡσανεὶ
2986 2586 3350 2659 ἀπρόσδεκτος
3371 2603 3386 2617 ’

145 2677 206 2730 οὐ
240 2678 350 2750 γάρ
385 2679 700 2750 ὑπήκουσαν
739 2682 926 2740 αὑτοῦ.
2260 2663 2269 2671 ’

217 2789 439 2847 Titulus
471 2795 792 2865 praapositus
833 2797 1112 2854 continet:
1141 2797 1287 2852 Laus
1316 2797 1513 2852 cantici
1536 2794 1706 2851 David
1734 2795 1846 2851 sine
1877 2794 2036 2851 titulo
2073 2794 2214 2865 apud
2241 2792 2516 2860 Hebrum,
2543 2801 2605 2846 ut
2631 2806 2773 2862 saepe
2805 2789 3062 2856 diximus,
3097 2791 3218 2846 laus
3261 2804 3378 2846 can-

145 2882 239 2937 tici
270 2899 437 2936 manu
471 2883 625 2952 forti,
668 2885 773 2941 hoc
800 2896 904 2956 est,
942 2887 1042 2942 Dei
1075 2887 1241 2943 Filio.
1282 2887 1487 2963 Deinde
1509 2887 1620 2942 sine
1655 2884 1811 2941 titulo
1853 2885 1994 2957 apud
2024 2884 2275 2941 Hebraeos
2301 2901 2320 2939 :
2359 2900 2469 2939 non
2507 2881 2674 2950 enim,
2715 2889 2776 2938 ut
2813 2897 2954 2952 saepe
2990 2881 3250 2949 diximus,
3290 2883 3376 2937 ha-

145 2979 275 3032 bent
300 2979 606 3034 doctrinam
639 2982 831 3051 psalmi
865 2985 919 3038 in
959 2983 1220 3040 cordibus
1250 2985 1384 3040 suis.
1419 2981 1556 3038 Nam
1597 2983 1810 3054 psalmo
1838 2989 2066 3038 vocante
2080 2997 2175 3038 eos
2197 2981 2262 3037 ad
2292 2979 2606 3047 Dominum,
2633 2987 2688 3034 et
2715 2994 2906 3035 rursus
2935 2977 3148 3034 dicente
3173 2997 3187 3033 :
3219 2977 3384 3034 Hodie

143 3071 191 3123 si
223 3086 400 3124 vocem
437 3071 550 3140 ejus
581 3073 884 3144 audieritis,
910 3074 1071 3130 nolite
1094 3075 1356 3132 obdurare
1387 3075 1548 3130 corda
1585 3083 1780 3152 vestra.
1825 3071 2106 3146 Loquente
2142 3087 2271 3129 vero
2305 3071 2437 3143 ipsis
2490 3068 2723 3126 Domino
2769 3069 2824 3125 in
2858 3067 3092 3126 adventu
3131 3083 3232 3126 suo
3279 3082 3384 3124 non

143 3168 472 3222 audiverunt
494 3182 641 3235 eum,
669 3170 791 3226 ideo
818 3170 1135 3227 inscribitur
1160 3172 1279 3228 sine
1317 3171 1476 3228 titulo
1511 3171 1651 3242 apud
1680 3151 1956 3228 Hebraeos.
1985 3169 2188 3226 Psalmi
2216 3169 2363 3225 enim
2398 3166 2868 3225 denuntiationem
2895 3182 3007 3224 non
3044 3165 3386 3222 audiverunt-

144 3270 206 3315 ut
229 3260 324 3330 qui
357 3275 464 3314 non
492 3260 760 3318 habebant
797 3263 949 3319 illum
978 3265 1034 3319 in
1074 3280 1132 3321 se
1168 3264 1321 3336 ipsis.
1355 3263 1540 3335 Itaque
1575 3264 1688 3318 sine
1727 3264 1878 3319 titulo
1923 3263 2061 3332 apud
2093 3261 2343 3317 Hebraeos
2375 3258 2633 3332 psalmus,
2674 3258 2874 3332 quippe
2898 3257 2993 3332 qui
3036 3257 3106 3314 ab
3135 3257 3269 3330 ipsis
3295 3272 3387 3314 er-

146 3360 338 3422 ceptus
379 3365 489 3405 non
519 3359 625 3420 est,
658 3369 766 3408 nou
795 3355 941 3410 enim
982 3355 1058 3410 illi
1085 3356 1553 3412 auscultaverunt.

217 3442 268 3494 1.
294 3439 478 3504 Δεῦτε,
505 3441 879 3514 πληρωθῶμεν
905 3444 1084 3515 πάσης
1114 3445 1288 3516 χαρᾶς
1311 3445 1369 3499 ὲν
1398 3443 1474 3516 (5)
1504 3442 1694 3516 Κυρίῳ

1890 3444 1943 3498 1.
1975 3442 2186 3510 Venite,
2218 3444 2543 3514 impleamur
2565 3441 2716 3499 omni
2749 3440 2946 3513 gaudio
2975 3441 3032 3495 in
3063 3440 3310 3498 Domino.

215 3533 270 3587 Ξ.
299 3532 590 3604 Δεηθῶμεν
616 3533 752 3605 μετὰ
771 3533 1018 3607 δακρύων
1045 3536 1140 3590 τοῦ
1164 3534 1298 3590 Θεοῦ
1322 3536 1480 3608 ἡμῶν
1507 3534 1682 3608 Ἰησοῦ

1904 3535 1944 3590 ἰ.
1975 3534 2338 3606 Deprecemur
2373 3551 2498 3590 cum
2527 3533 2784 3607 lacrymis
2816 3532 3108 3588 Dominum
3138 3541 3384 3588 nostrum

143 3627 204 3680 τὺ
238 3625 349 3697 γάρ
374 3625 599 3694 Σωτὴρ,
640 3627 870 3694 Ἰησοῦς
899 3628 976 3699 (6)
1012 3628 1391 3701 ἑρμηνεύεται.

1817 3623 2000 3681 Jesum
2030 3645 2045 3693 ;
2070 3625 2322 3681 Salvator
2347 3626 2493 3682 enim
2524 3624 2680 3680 Iesus
2712 3625 3111 3694 interpretatur.

213 3717 270 3772 5.
294 3717 404 3770 Καὶ
437 3718 545 3789 πρὸ
573 3718 672 3790 τῆς
706 3720 1002 3790 παρουσίας
1038 3721 1203 3776 αὐτοῦ
1229 3720 1506 3792 δεηθῶμεν
1531 3717 1693 3775 αὑτοῦ

1885 3717 1941 3773 5.
1976 3716 2040 3773 Ει
2063 3727 2188 3773 ante
2211 3718 2506 3773 adventum
2539 3717 2712 3789 ipsius
2738 3715 3088 3772 Obsecremus
3111 3729 3257 3770 eum.

216 3807 271 3862 4.
299 3808 410 3860 Καὶ
435 3807 726 3878 ψάλλοντες
759 3809 1122 3882 ἱκετεύσωμεν
1147 3811 1327 3866 αὐτόν.

1884 3811 1940 3866 4.
1980 3810 2045 3866 Ει
2076 3811 2366 3882 psallentes
2389 3811 2760 3882 supplicemus
2780 3808 2905 3879 ipsi.

220 3901 272 3955 5.
309 3901 518 3971 Ἰησοῦς
555 3903 794 3973 Χριστός
821 3904 897 3976 (7)
917 3921 929 3933 δ
958 3904 1140 3968 καθὼς
1164 3907 1192 3958 ὁ
1217 3901 1537 3965 Ἀπόστολος
1558 3898 1700 3954 αὐτὸς

1905 3904 1941 3960 i.
2007 3902 2168 3960 Jesus
2224 3903 2516 3960 Christus:
2581 3899 3038 3974 quemadmodum
3093 3897 3385 3971 Apostolus

141 3993 294 4062 λέγει
333 3994 506 4064 μέγαν
539 3992 669 4046 Θεὸν
698 3994 755 4048 ὲν
784 3995 862 4066 τῷ
886 3997 1086 4050 εἰπεῖν·
1125 3996 1234 4052 Τοῦ
1260 3993 1526 4066 μεγάλου
1549 3994 1621 4046 Θε

1905 4010 1943 4049 n
1995 4004 2155 4052 vocat
2191 4010 2456 4068 magnum
2503 3992 2676 4050 Deum
2725 3992 2935 4059 dicens,
2981 3989 3165 4062 Magni
3212 3989 3307 4046 Dei
3334 3997 3385 4045 et

145 4086 245 4139 καὶ
276 4084 550 4154 Σωτῆρος
578 4085 746 4154 ἡμῶν
783 4084 992 4157 Ἰησοῦ
1034 4087 1326 4157 Χριστοῦ,
1383 4087 1452 4154 ὃς
1498 4084 1625 4139 ἐδοκ

1903 4087 2110 4141 lvatoris
2139 4087 2307 4141 nostri
2334 4083 2464 4141 Iesu
2495 4082 2718 4152 Christi,
2752 4083 2842 4156 qui
2865 4081 3012 4137 dedit
3052 4080 3383 4150 semetipsum

143 4178 366 4232 ἑαυτὸν
389 4179 540 4247 ὑπὲρ
569 4177 759 4248 ἡμῶν.
887 4201 898 4210 ·

686 4177 759 4233 ὃν.
887 4201 898 4210 ·
1817 4193 1910 4247 pro
1935 4176 2080 4230 nobis
2101 4177 2166 4230 ‘°.

216 4274 272 4327 6.
301 4273 424 4324 Ἐπὶ
454 4273 630 4326 πάντα
671 4273 726 4327 δὲ
763 4273 838 4344 (8)
879 4272 947 4326 τὰ
980 4271 1106 4341 ἔθνη
1141 4269 1445 4342 βασιλεύσει
1489 4269 1578 4323 διὰ
1625 4270 1696 4340 τῆ.

1901 4269 1937 4328 ἰ.
1976 4269 2150 4339 Super
2173 4285 2365 4326 omnes
2403 4278 2586 4325 autem
2618 4277 2806 4342 gentes
2828 4265 3078 4337 regnabit
3105 4279 3201 4336 per
3221 4263 3381 4320 ﬁdem

144 4364 388 4428 πίστεως
419 4365 602 4418 αὐτοῦ.

513 4365 602 4418 τοῦ.
1818 4375 1993 4419 suam.

218 4457 270 4509 7.
300 4457 358 4509 '0
384 4457 510 4521 λαὸς
542 4458 570 4509 ὁ
600 4458 806 4522 πιστός.

1888 4450 1940 4511 7.
1993 4449 2232 4520 Populus
2274 4448 2465 4505 ﬁdelis.

219 4548 272 4602 8.
315 4549 378 4601 Ol
414 4547 556 4617 λόγοι
587 4550 692 4602 τῶν
724 4550 799 4621 (9)
829 4548 1139 4620 προφητῶν.

1887 4543 1942 4601 8.
1987 4541 2382 4613 Prophetarum
2424 4554 2727 4597 sermones.

218 4642 271 4695 9.
289 4643 412 4694 ’Ότι
446 4641 611 4694 αὐτοῦ
643 4645 755 4695 ἐστι
788 4644 895 4696 πᾶν
939 4642 998 4694 τὸ
1026 4639 1227 4713 πλῆθος
1255 4637 1364 4692 τῶν
1395 4637 1696 4712 ἀνθρώπων

1906 4631 1944 4686 ι.
1988 4630 2256 4696 Quoniam
2285 4631 2457 4702 ipsius
2491 4638 2578 4686 est
2609 4629 2863 4684 universa
2907 4627 3193 4685 hominum
3243 4645 3386 4684 mu.-

143 4736 241 4788 καὶ
271 4734 424 4800 αὐτὸ,
450 4734 544 4788 καὶ
570 4736 630 4788 τὸ
659 4735 871 4806 πρῶτον
901 4734 1012 4805 (10)
1041 4731 1471 4805 ἐδημιούργησεν
1500 4731 1623 4786 αύτι

1906 4723 2017 4789 ido,
2063 4730 2118 4778 et
2162 4723 2296 4793 ipse,
2335 4731 2390 4776 et
2433 4720 2674 4792 primum
2705 4718 2911 4776 creavit
2953 4732 3071 4790 eos,
3101 4727 3160 4776 et
3187 4717 3386 4776 deinde

142 4827 241 4880 καὶ
277 4824 438 4880 πάλιν
466 4828 523 4879 ὲν
541 4825 618 4897 τῷ
643 4824 974 4898 βαπτίσματι
999 4823 1358 4879 ἀνεκαίνισεν.
1752 4823 1796 4879 D
1819 4815 1877 4872 in
1900 4814 2170 4887 baptismo
2197 4812 2502 4878 renovavit.

218 4962 262 4992 ¹⁸
289 4959 399 5016 Tit.
435 4976 498 5027 ll,
523 4961 610 5027 15,
657 4961 740 5014 ll.

1093 5119 1400 5185 Addenda
1450 5124 1512 5181 et
1543 5112 1916 5193 corrigenda
1941 5129 2023 5176 ex
2051 5109 2195 5174 cod;
2226 5105 2431 5173 Vatis.

216 5297 294 5370 (1)
340 5295 405 5348 Ἦ
435 5293 524 5347 διὰ
550 5294 649 5364 τῆς
673 5291 1038 5363 κινναϐάρεως
1071 5309 1195 5416 περ.
1508 5359 1520 5370 .

216 5368 297 5416 t2)
330 5366 428 5416 Ὠιι
450 5363 747 5416 πολλάκις
773 5362 1106 5416 είοήκαιιεν.
1181 5377 1258 5416 κο
1281 5360 1478 5416 desunt
1509 5375 1563 5414 In
1587 5357 1696 5414 cod.

1508 5359 1520 5370 .
1879 5281 1959 5416 ἐϋ)
1981 5282 2083 5373 ’Τῷ
2105 5280 2213 5362 γάρ
2242 5281 2458 5354 Σωτῆρι
2492 5273 2692 5352 Ἰησοῦ,
2711 5283 2815 5332 etc.

1335 5369 1478 5416 :sunt
1509 5375 1563 5414 In
1587 5357 1708 5414 cod.
1902 5354 1956 5416 7)
1999 5355 2191 5416 Ιησους
2222 5351 2519 5416 ὁΧριστός,
2551 5358 2687 5414 etc.,
2710 5346 2770 5411 ὃς
2802 5345 2815 5398 l

237 5343 297 5509 ἐξ
330 5343 428 5429 ’ὃς
442 5343 747 5446 έὲόλζὶᾱοὶὶξ
773 5343 1106 5444 anillam,
1122 5343 1258 5417 haec
1281 5360 1478 5442 desunt
1508 5359 1563 5414 in
1587 5357 1708 5414 cod.

237 5439 272 5509 5
331 5436 540 5509 ipsum,
565 5435 641 5498 ὼς
677 5436 840 5509 ὲνᾼτῳ
877 5443 1474 5509 παραπικρασμῳζθιο.
1697 5498 1710 5509 .

1587 5357 1708 5414 cod.
1902 5343 1953 5406 7'
1981 5343 2194 5424 Ἰησοῦς
2222 5343 2519 5422 ὁΧριστός,
2551 5343 2687 5414 etc"
2710 5346 2770 5411 ὃς
2802 5343 3049 5399 δέδωκεν.

1697 5498 1710 5509 .
1878 5343 1956 5509 lsi
1995 5423 2067 5509 es
2093 5423 2268 5509 sees.-

237 5371 274 5422 2
330 5371 428 5429 Ὧς
450 5371 747 5446 ίτολλᾱκις
773 5371 1106 5444 εξρήκαμεν,
1143 5371 1258 5417 haec
1281 5371 1478 5442 gesunt
1509 5375 1563 5414 In
1587 5371 1708 5414 οοα.
1878 5371 1956 5494 ὶις
1986 5371 2191 5424 ἰησους
2222 5371 2519 5422 οΛριστος,
2551 5376 2554 5397 ¹

237 5371 297 5509 δῖ
337 5436 540 5506 ’Υμων,
565 5435 641 5498 ὼς
677 5436 734 5486 ὲν
762 5450 840 5503 τῳ
877 5448 1344 5504 παραπικρασμῳ,
1371 5443 1474 5485 etc.
1697 5498 1710 5519 θ
1901 5424 1934 5478 8
1995 5423 2067 5477 Δέ
2095 5423 2268 5477 deest.
2334 5489 2360 5504 η

213 5371 294 5630 ξε)
329 5505 570 5569 Ἐαυτοῖς
597 5543 612 5570 ,
637 5504 798 5576 paulo
853 5513 978 5573 post
1032 5505 1164 5574 παρ’
1207 5503 1390 5565 αὐτοῖς
1440 5515 1540 5572 pro
1583 5515 1692 5569 παρ
1839 5577 1842 5580 ”
1879 5495 1956 5630 ἕ9)
1994 5492 2060 5546 Ol
2093 5492 2268 5545 λοιποὶ
2292 5507 2421 5554 των,
2451 5501 2554 5546 etc.

254 5577 448 5630 οαίοις.
1903 5563 1989 5629 10)
2027 5563 2138 5615 Καὶ
2163 5561 2343 5630 αὐτὸς,
2371 5561 2463 5616 καὶ
2511 5559 2554 5614 τί

237 5551 568 5638 ﬂio-‘27"
597 5551 612 5570 ⁷
638 5551 794 5576 rw"
854 5551 977 5573 rm
1039 5551 1139 5574 "vr
1211 5551 1388 5565 ﬁn"
1443 5551 1533 5572 ’Π
1839 5577 1842 5580 '
1879 5551 1989 5634 (10)
2027 5563 2138 5615 Καὶ
2163 5561 2343 5632 αὐτὸς,
2371 5551 2463 5616 καὶ
2511 5559 2572 5614 τὸ
2623 5557 2904 5632 πρότερον,
2949 5551 3374 5627 «enuntiatus

237 5595 292 5702 5?)
325 5645 661 5702 Πλησθῶμεν
688 5645 866 5702 πάσης
898 5644 1116 5702 γάοιτος
1140 5644 1204 5698 ὲν
1240 5639 1336 5702 τῷ.
1370 5647 1474 5695 etc.
1811 5651 1899 5686 σεν
1931 5632 2143 5696 αύτούς.

1811 5651 1899 5686 σεν
1931 5650 2143 5696 αυτούς.

165 5580 247 5636 Εσ
287 5580 448 5638 αίοις.

212 5595 292 5720 (εξ)
325 5645 661 5717 Πλησθῶμεν
688 5645 866 5716 πάσης
897 5644 1116 5718 χάριτος
1140 5644 1204 5698 ὲν
1240 5639 1336 5711 τῷ,
1370 5647 1474 5695 ctc.
