3748 6282
359 291 500 350 1059

426 406 513 462 1ο.
553 403 619 460 Ει
644 407 848 460 aridam
883 418 1076 458 manus
1109 403 1228 471 ejus
1255 399 1642 454 formaverunt.

428 495 519 552 11.
563 493 754 551 Venite
783 495 1093 556 adoremus,
1123 502 1178 546 et
1209 489 1559 561 procidamus
1591 486 1640 539 ei
1666 502 1680 539 :

425 587 513 644 l2.
562 588 628 643 Et
655 588 933 656 ploremus
962 596 1142 641 coram
1189 581 1440 644 Domino,
1473 579 1565 649 qui
1615 575 1742 631 fecit
1787 575 1919 643 nosi:

432 782 520 839 15.
575 781 711 850 Quia
743 784 857 854 ipse
891 791 973 837 est
1004 781 1146 837 Deus
1174 788 1358 834 noster
1386 796 1400 831 :

426 875 515 931 M.
570 873 634 929 Et
659 890 758 930 nos
780 875 1012 946 populus
1042 889 1255 944 pascua:
1281 873 1400 940 ejus
1425 887 1437 922 :

435 962 526 1017 15.
575 961 643 1018 Ει
673 979 801 1019 oves
838 979 1032 1018 manus
1060 963 1201 1033 ejus.

443 1052 531 1108 16.
580 1052 772 1119 Hodie,
809 1056 854 1110 si
884 1070 1070 1109 vocem
1104 1053 1220 1122 ejus
1259 1046 1571 1104 audieritis:

439 1142 522 1196 17.
577 1141 752 1200 Nolite
795 1147 1063 1201 obdurare
1086 1144 1267 1216 .corda
1300 1151 1500 1203 vestra,
1535 1137 1675 1193 sicut
1719 1133 1774 1188 in
1805 1131 1927 1186 irri-

368 1235 617 1289 taﬁone;

439 1324 525 1378 18.
575 1323 884 1379 Secundum
915 1323 1055 1377 diem
1088 1318 1396 1376 tentationis
1427 1317 1480 1370 in
1508 1316 1723 1371 deserto
1749 1335 1763 1373 :

437 1413 525 1470 19.
579 1415 679 1471 Ubi
712 1421 1054 1469 tentaverunt
1095 1425 1180 1465 me
1211 1419 1388 1481 patres
1416 1406 1626 1461 vestri:

437 1503 526 1558 20.
573 1506 948 1562 Probaverunt
977 1522 1082 1569 me,
1127 1513 1180 1560 et
1208 1503 1457 1557 viderunt
1487 1513 1650 1567 Opera
1685 1510 1824 1549 mea.

435 1596 524 1652 21.
573 1598 938 1671 Quadraginta
983 1599 1138 1652 annis
1173 1595 1411 1651 offensus
1461 1591 1539 1645 fui
1597 1595 1928 1658 generation.

368 1689 444 1742 illi
484 1705 498 1742 :

435 1779 524 1833 22.
584 1775 646 1829 Et
679 1772 826 1829 dixi:
866 1771 1089 1841 Semper
1113 1778 1298 1826 errant
1339 1769 1522 1824 corde.

438 1869 526 1923 23.
575 1866 679 1936 Ipsi
704 1879 830 1919 vero
856 1878 964 1917 non
998 1869 1368 1931 cognoverunt
1400 1860 1514 1915 vias
1542 1875 1728 1916 meas:

438 1957 526 2012 21.
567 1954 671 2010 Ubi
697 1953 876 2026 juravi
907 1953 962 2006 in
1009 1951 1088 2006 ira
1119 1966 1237 2006 mea
1267 1964 1282 2005 :
1331 1949 1389 2005 Si
1419 1951 1722 2008 introibunt
1750 1949 1803 2006 in
1832 1965 1920 2008 re-

372 2049 554 2118 quiem
583 2061 790 2120 meam-

464 2204 516 2270 α)
556 2202 711 2258 Vers.
743 2200 834 2267 21,
860 2197 1235 2272 Προσώχθισα,
1264 2204 1369 2252 etc.

1197 283 1252 338 S.
1290 277 1660 335 ATHANASII
1696 274 1845 331 OPP.
1880 272 2064 327 'PARS
2097 272 2184 326 111.
2226 299 2292 311 -—
2330 265 2734 323 EXEGETICA.

1951 399 1998 456 Α,
2099 390 2179 443 10.
2221 389 2331 441 Kal.
2361 388 2458 459 τὴν
2490 384 2659 456 ξηρὰν
2691 383 2744 436 αἱ
2773 382 2950 452 χεῖρες
2983 378 3144 433 αὐτοῦ
3176 376 3429 432 ἔπλασαν.

3426 259 3582 316 1060

2091 479 2177 532 11.
2194 477 2353 530 Δεῦτε
2361 474 2868 548 ,’προσκυνήσωμεν,
2884 468 2978 522 καὶ
2994 467 3203 538 προσπέ
3211 483 3284 523 τω
3290 483 3387 537 μεν
3405 465 3586 537 αὐτῷ’

2093 571 2179 624 12.
2217 571 2328 622 Καὶ
2377 566 2698 636 κλαύσωμεν
2750 559 2989 615 ἐναντίον
3037 557 3263 629 Κυρίου,
3290 556 3384 610 τοῦ
3422 558 3590 628 ποιή-

2027 678 2213 724 σαντος
2245 661 2411 732 ἡμᾶς.

2093 754 2181 808 15.
2197 753 2316 806 Ὅτι
2343 751 2503 812 αὐτός
2529 751 2673 801 ἐστιν
2704 747 2732 798 ὁ
2754 743 2886 808 Θεὸς
2911 741 3063 813 ἡμῶν
3085 759 3098 771 ·

2095 846 2182 900 14.
2222 843 2331 897 Ka‘t
2367 844 2525 914 ἡμεῖς
2553 840 2676 903 λαὸς
2703 838 2872 908 νομῆς
2898 833 3081 889 αὑτοῦ.

2097 937 2182 991 15.
2222 935 2333 989 Καὶ
2370 933 2612 1006 πρόϐατα
2644 929 2821 1001 χειρὸς
2847 926 3030 980 αὑτοῦ.

2097 1029 2184 1082 16,
2225 1029 2468 1098 Σήμερον
2506 1023 2598 1076 ἐὰν
2623 1025 2720 1093 τῆς
2753 1019 2930 1089 φωνῆς
2963 1014 3125 1070 αὑτοῦ
3157 1013 3453 1082 ἀκούσητεο

2098 1121 2186 1176 17.
2222 1120 2313 1190 Μὴ
2347 1098 2678 1189 σκληρύνητε
2719 1112 2817 1176 τὰς
2861 1109 3086 1180 καρδίας
3111 1107 3282 1177 ὑμῶν,
3315 1105 3473 1168 ὡς.ὲν
3502 1101 3585 1175 τῷ

2030 1211 2494 1285 παραπικρασμῷ.

2101 1305 2186 1361 18.
2227 1303 2384 1358 Κατὰ
2401 1303 2496 1374 τὴν
2526 1301 2734 1373 ἡμέραν
2754 1297 2844 1351 τοῦ
2869 1290 3169 1365 πειρασμοῦ
3193 1293 3248 1345 ὲν
3273 1293 3338 1361 τῇ
3365 1291 3582 1361 ἐρήμῳο

2100 1397 2185 1453 19.
2225 1389 2300 1449 Οῦ
2329 1393 2621 1466 ἐπείρασαν
2657 1408 2724 1462 με
2749 1391 2796 1442 οἰ
2833 1386 3066 1458 πατέρες
3095 1382 3244 1453 ὑμῶν

2098 1489 2187 1543 20.
2215 1486 2568 1559 Ἐδοκίμασάν
2603 1501 2690 1556 με,
2720 1482 2813 1535 καὶ
2841 1475 2977 1533 εἶδον
3000 1476 3069 1531 τὰ
3105 1475 3240 1548 ἔργα
3269 1492 3391 1546 μου.

2099 1584 2187 1638 21.
2229 1581 2636 1652 Τεσσαράκοντα
2684 1576 2778 1647 ἐτη
2833 1570 3175 1644 προσώχθισα
3203 1567 3278 1639 (α)
3318 1569 3383 1638 τῇ
3420 1572 3585 1640 γενεᾲ

2032 1674 2212 1728 ἐκείνη
2233 1690 2246 1704 ·

2032 1692 2175 1728 εκειν
2233 1692 2246 1704 ·

1958 1760 1998 1814 Β
2093 1692 2332 1818 22.nKal.
2353 1745 2487 1816 ἐἶπα
2505 1779 2518 1793 ·
2555 1760 2662 1814 Ἀε).
2688 1755 2988 1812 πλανῶνται
3011 1755 3077 1824 τῇ
3109 1749 3320 1827 καρδίᾳ.

2099 1856 2190 1911 25.
2233 1855 2396 1909 Αὐτοὶ
2423 1855 2478 1908 δὲ
2499 1854 2598 1908 οὐκ
2623 1852 2864 1922 ἔγνωσαν
2895 1846 2992 1910 τὰς
3015 1843 3166 1908 ὁδούς
3199 1859 3300 1914 μου
3320 1859 3335 1874 ο

2098 1947 2190 2000 24.
2234 1947 2322 2011 Ὠς
2349 1946 2535 2018 ὤμοσα
2561 1948 2618 2000 ἐν
2667 1948 2733 2016 τῇ
2773 1941 2910 2013 ὀργῇ
2939 1953 3074 2012 μουο
3107 1936 3170 1989 Ei
3198 1932 3590 1990 εἰσελεύσονται

2033 2041 2114 2106 εἰς
2144 2041 2244 2110 τὴν
2274 2041 2616 2096 κατάπαυσίν
2650 2057 2768 2111 μου.

1501 2354 1877 2413 ATHANASII
1907 2348 2486 2411 INTERPRETATIO.

447 2517 532 2571 1ο.
576 2514 642 2570 Et
690 2529 782 2570 cor
839 2514 1084 2570 omnium
1139 2513 1344 2570 creavit
1409 2511 1644 2584 Spiritus
1707 2520 1930 2568 sanctus

371 2608 490 2676 eius
514 2607 570 2661 in
603 2606 821 2662 lavacro
855 2604 1410 2676 incorruptibilitatis.

445 2698 532 2754 11.
579 2696 824 2752 Primum
868 2695 1151 2751 ﬂectamus
1183 2696 1232 2752 ei
1272 2711 1467 2768 genua,
1515 2704 1772 2765 tanquam
1811 2693 1931 2758 rei,

373 2799 427 2845 et
458 2802 586 2846 tunc
615 2789 955 2860 postulemus
996 2789 1210 2844 veniam
1252 2801 1468 2854 eorum,
1517 2803 1753 2860 quorum
1785 2787 1938 2844 debi-

376 2891 519 2938 ιοτθε
544 2897 758 2938 sumus.

448 2974 536 3028 12.
583 2973 982 3029 Conﬁtebimur
1029 2987 1213 3028 coram
1251 2960 1503 3042 Domino,
1533 2971 1628 3043 qui
1659 2983 1943 3043 regenera-

375 3062 455 3119 vit
483 3078 606 3120 nos.

447 3153 536 3212 ﬂ.
583 3154 688 3220 Qui
719 3154 961 3209 intuetur
1005 3168 1217 3210 omnes.

446 3244 536 3301 11.
585 3243 651 3300 Et
678 3257 780 3300 nos
822 3245 1056 3316 pepulus
1079 3245 1235 3300 ovilis
1261 3242 1410 3315 ejus.

447 3334 536 3390 15.
594 3335 658 3391 Et
683 3346 812 3392 oves
835 3337 1069 3392 dextera:
1095 3337 1237 3408 ejus.

451 3426 540 3482 16.
590 3425 672 3481 Ex
703 3441 812 3497 quo
841 3427 993 3482 visus
1023 3434 1106 3482 est
1139 3427 1195 3480 in
1239 3425 1421 3494 terris,
1453 3423 1649 3496 Iaudite
1684 3431 1738 3479 et
1763 3438 1948 3480 vocem

378 3517 519 3590 ejus,
555 3525 608 3572 et
633 3518 1044 3588 praedicantium
1075 3519 1278 3589 ipsum.

450 3612 538 3667 17.
583 3601 661 3666 Ne
689 3612 810 3667 sitis
841 3607 1003 3667 corde
1035 3612 1272 3683 lapideo.

449 3700 538 3754 18.
595 3699 750 3756 Sicut
806 3701 1042 3772 majores
1086 3701 1284 3770 nostri,
1339 3699 1434 3772 qui
1483 3699 1950 3756 exacerbaverunt

389 3811 518 3850 eum
550 3795 604 3848 ιη
631 3804 836 3853 eremo.

455 3885 544 3940 19.
601 3885 954 3956 Nequaquam
1000 3893 1101 3942 vos
1133 3891 1257 3942 eum
1297 3885 1369 3940 ita
1412 3883 1692 3940 tentabitis
1741 3883 1796 3936 in
1855 3881 1950 3936 ad-

383 3987 546 4032 ventu
573 3989 692 4047 suo,
727 3970 1180 4049 quemadmodum
1210 3987 1389 4049 patres
1422 3977 1585 4032 vestri
1614 3983 1952 4031 tentavet‘unt

387 4086 494 4130 me.

455 4163 548 4224 2ο.
596 4163 814 4235 Experti
838 4165 967 4219 sunt
998 4162 1201 4230 omnia,
1244 4176 1367 4232 quae
1399 4157 1578 4215 intulit
1610 4159 1712 4217 eis.

2100 2509 2184 2566 10.
2219 2507 2330 2562 Καὶ
2360 2505 2458 2576 τὴν
2496 2502 2720 2575 καρδίαν
2767 2499 2980 2555 πάντων
3007 2497 3185 2551 ἔκτισε
3211 2493 3270 2548 τὸ
3288 2491 3514 2564 Πνεῦμα
3533 2491 3595 2546 τὸ

2029 2600 2183 2671 ἆγιον
2214 2598 2374 2654 αὐτοῦ
2408 2599 2482 2670 (1)
2514 2595 2672 2669 ὲνξτῷ
2701 2591 3035 2664 λουτρῷξτῆς
3062 2586 3380 2660 ἀφθαρσίας.

2103 2692 2189 2746 11.
2245 2690 2468 2763 Πρῶτον
2512 2687 2658 2758 αὐτῷ
2696 2685 2964 2756 κλίνωμεν
2990 2684 3140 2752 γόνυ,
3184 2681 3258 2744 ὡς
3302 2677 3596 2732 ὑπεύθυνοι

2033 2785 2204 2848 ὄντες,
2238 2783 2330 2837 καὶ
2382 2780 2502 2834 τότε
2548 2776 2889 2850 συγχώρησιν
2939 2775 3264 2844 αἰτήσωμεν,
3290 2763 3363 2824 ὧν
3390 2768 3599 2838 ὀφείλο-

2043 2893 2141 2947 μεν
2169 2873 2366 2928 αὐτῶν.

2117 2967 2206 3022 12.
2239 2962 2763 3036 Ἐξομολογησόμεθα
2789 2959 3012 3014 ἐνώπιον
3029 2957 3231 3028 Κυρίου
3256 2953 3348 3008 τοῦ
3375 2953 3601 3007 ἀνακαι-

2043 3059 2287 3120 νίσαντος
2317 3057 2483 3127 ἡμᾶς.

2115 3152 2203 3207 15.
2223 3151 2318 3213 Ὃς
2338 3148 2509 3220 ἐφορᾷ
2534 3145 2760 3208 πάντας.

2117 3237 2204 3298 14.
2243 3241 2353 3294 Καὶ
2391 3241 2549 3311 ἡμεῖς
2570 3235 2698 3299 λαὸς
2723 3234 2820 3306 τῆς
2842 3232 3009 3304 αύλῆς
3041 3230 3222 3284 αὐτοῦ.

2118 3335 2203 3391 15.
2244 3334 2356 3390 Καὶ
2391 3332 2635 3405 πρόϐατα
2669 3331 2765 3400 τῆς
2793 3327 2968 3394 δεξιᾶς
2996 3323 3181 3380 αὐτοῦ.

2117 3428 2204 3482 16.
2231 3425 2347 3496 Ἀφ’
2369 3420 2428 3480 οῦ
2450 3423 2586 3494 ὀφθῇ
2612 3421 2687 3493 (2)
2743 3409 2834 3473 ἐπὶ
2856 3420 2954 3489 τῆς
2979 3420 3101 3488 γῆς,
3132 3415 3228 3470 καὶ
3260 3414 3489 3468 ἀκούετε
3511 3414 3609 3484 τῆς

2048 3519 2231 3590 φωνῆς
2265 3516 2450 3580 αὑτοῦ,
2482 3516 2572 3568 καὶ
2603 3513 2709 3566 τῶν
2736 3509 3115 3582 κηρυσσόντων
3146 3505 3326 3561 αὐτόν.

2123 3613 2210 3665 17.
2248 3603 2337 3682 Μὴ
2366 3608 2577 3678 γίνεσθε
2604 3605 2952 3678 λιθοκάρδιοι.

2118 3704 2206 3759 18.
2243 3704 2317 3774 (ὅ)
2351 3703 2436 3765 Ὠς
2467 3701 2516 3754 οἰ
2543 3698 2647 3772 πρὸ
2690 3697 2847 3770 ἡμῶν
2890 3697 2938 3750 οἱ
2968 3692 3481 3769 παραπικράναντες
3511 3690 3608 3744 αύ-

2047 3795 2138 3850 τὺν
2167 3799 2226 3850 ὲν
2249 3797 2314 3866 τῇ
2349 3794 2558 3864 ἐρήμῳ.

2121 3888 2207 3944 19.
2239 3886 2387 3956 Μηδὲ
2415 3886 2570 3955 ὑμεῖς
2596 3881 2765 3944 οὕτως
2790 3878 2950 3934 αὐτὸν
2991 3877 3212 3950 μέλλετε
3236 3873 3530 3944 πειράζειν
3556 3873 3611 3924 ὲν

2049 3984 2113 4053 τῇ
2135 3977 2400 4052 παρουσίᾳ
2423 3975 2604 4040 αὑτοῦ,
2620 3974 2693 4038 ὡς
2720 3975 2767 4027 οἰ
2785 3971 3015 4043 πατέρες
3037 3968 3189 4039 ὑμῶν
3209 3965 3504 4032 ἐπείρασαν
3522 3979 3604 4033 με.

2117 4153 2437 4224 20.Ἕχουσι
2457 4153 2647 4222 πεῖραν
2665 4146 2878 4201 πάντων
2905 4137 2978 4197 ὧν
3017 4142 3294 4211 ἐπήγαγεν
3312 4135 3386 4209 (1)
3411 4137 3612 4198 aiat-oi;

455 4257 546 4316 21.
596 4225 963 4328 Quadraginta
992 4270 1166 4310 annos
1187 4225 1463 4325 permansi
1501 4254 1555 4308 in
1597 4251 1688 4308 illa
1717 4265 1942 4323 genera-
1974 4263 1987 4318 ι

2114 4247 2203 4301 21.
2223 4243 2640 4315 Τεσσαράκοντα
2669 4240 2762 4310 ἐτη
2795 4236 2932 4306 παρέ
2942 4250 3097 4304 μεινα
3113 4235 3167 4284 ὲν
3185 4231 3345 4300 γενεᾷ
3371 4229 3447 4297 (5)
3474 4225 3618 4280 ἐκείο

388 4349 536 4404 tione
563 4349 871 4420 indignatus
912 4362 1102 4404 eorum
1133 4346 1410 4418 operibus,
1455 4353 1508 4401 et
1552 4345 1818 4415 patienter
1862 4341 1941 4397 fe-

391 4453 540 4495 rens.

461 4529 550 4584 22.
600 4529 667 4585 Ει
690 4530 832 4586 dixi:
864 4528 982 4585 Non
1007 4537 1089 4584 est
1121 4528 1250 4584 ﬁdes
1279 4528 1333 4582 in
1366 4526 1518 4597 ipsis.

461 4619 556 4678 25.
603 4621 710 4690 Ipsi
757 4631 932 4676 autem
978 4621 1269 4675 noluerunt
1316 4631 1646 4684 cognoscere
1700 4613 1951 4670 mandata

451 4723 540 4763 ea.

466 4798 557 4852 21.
605 4795 676 4854 Ut
707 4799 961 4854 constitui
986 4799 1052 4854 de
1091 4798 1265 4868 ipsis:
1301 4795 1361 4852 Si
1393 4792 1694 4850 introibunt
1720 4793 1771 4846 in
1802 4797 1958 4846 reter-

401 4907 469 4946 na
498 4905 617 4946 mea
639 4889 942 4960 refrigeria.

2045 4358 2110 4413 νη
2126 4337 2473 4412 ὀργιζόμενος
2489 4336 2579 4391 ἐπὶ
2593 4335 2700 4395 τοῖς
2716 4330 2896 4403 ἔργοις
2910 4325 3108 4386 αὐτῶν,
3121 4324 3214 4376 καὶ
3227 4319 3586 4394 μακροθυμῶν
3600 4370 3619 4388 ο

2119 4521 2211 4576 22.
2250 4519 2359 4572 Καὶ
2386 4513 2512 4570 εἶπα
2541 4515 2636 4586 (6)°
2670 4512 2784 4566 Οὐκ
2810 4510 2922 4563 ἔστι
2950 4508 3128 4569 πίστίς
3157 4505 3212 4560 ὲν
3237 4501 3440 4564 αὐτοῖς.

2124 4615 2215 4668 25.
2251 4611 2412 4665 Αὐτοὶ
2427 4609 2484 4662 δὲ
2501 4609 2599 4662 ούκ
2627 4605 2895 4677 ἠθέλησαν
2921 4600 3114 4654 εἰδέναι
3134 4597 3230 4660 τὰς
3261 4592 3478 4655 ἐντολὰς
3495 4607 3617 4662 μου.

2129 4789 2218 4844 24.
2243 4789 2331 4850 Ὠς
2357 4786 2531 4858 ὥρισα
2557 4784 2681 4854 περὶ
2716 4779 2910 4835 αὐτῶν·
2935 4779 2999 4832 Εἰ
3030 4778 3107 4847 (7)
3135 4771 3524 4830 εἰσελεύσονται
3543 4768 3625 4832 εἰς

2063 4881 2160 4944 τὰς
2191 4879 2438 4941 αἰωνίους
2467 4895 2565 4948 μου
2595 4873 2946 4934 ἀναπαύσεις.

1353 5070 1659 5133 Addenda
1695 5077 1758 5129 et
1788 5062 2162 5144 corrigenda
2193 5078 2272 5123 ex
2298 5059 2437 5121 cod.
2474 5058 2674 5119 Vatic.

469 5241 808 5323 mnam»
834 5239 938 5323 τῶν
976 5237 1272 5309 ἀνθρώπων
1319 5234 1496 5288 ἔκτισε
1528 5231 1588 5283 τὸ
1614 5229 1834 5301 Πνεῦμα
1856 5228 1954 5283 αύ-

401 5312 498 5366 τοῦ
526 5313 588 5365 τὸ
619 5312 789 5378 διγιον,
817 5320 924 5364 etc.

479 5381 557 5452 (2)
591 5375 951 5452 ﬂeet-gigetc.
962 5418 976 5442 ,
991 5375 1278 5452 ἀκούσετε,
1293 5382 1410 5452 _etc.

479 5439 558 5522 (5)
597 5439 1004 5522 Νί18ξί⁹ίίςῄοί
1032 5449 1161 5522 ἡπρὸ
1207 5445 1356 5514 ὑμῶν
1403 5443 1451 5495 οἱ
1497 5439 1955 5522 παραπικρὲίνοχ-

406 5506 518 5587 τεέν
543 5506 648 5577 ἒῑοσ
672 5521 762 5590 Μὴ
805 5506 1436 5592 καῖύμείςξοιοδυεσιυο
1462 5512 1526 5566 ad
1559 5506 1760 5564 doma;
1779 5508 1847 5564 N.
1868 5506 1954 5570 t9,

2074 5225 2162 5286 Ὠς
2190 5223 2284 5277 καὶ
2321 5223 2367 5275 οἱ
2404 5221 2655 5291 πατέρες,
2691 5226 2785 5274 etc.

2131 5295 2206 5364 (ι)
2238 5294 2566 5364 Emam.

2155 5364 2208 5433 5)
2237 5363 2324 5433 Ἑν
2351 5360 2416 5433 τῇ
2446 5360 2622 5431 γενεᾷ.

2249 5371 2449 5491 ἒῖπόὲΛ

2133 5505 2211 5575 (7)
2246 5505 2316 5557 E‘l
2340 5504 2508 5558 deest.
