  <div class='ocr_page' id='page_1' title='image "/cluster/home/n/w/nwhite01/storage/ocr_20150623/27/hvd.32044014174452/560.png"; bbox 0 0 3748 6282; ppageno 0'>
   <div class='ocr_carea' id='block_1_1' title="bbox 143 240 3350 323">
    <p class='ocr_par' dir='ltr' id='par_1_1' title="bbox 143 240 3350 323">
     <span class='ocr_line' id='line_1_1' title="bbox 143 240 3350 323; baseline 0.008 -29"><span class='ocrx_word' id='word_1_1' title='bbox 143 240 269 295; x_wconf 81' lang='grc'><strong>1061</strong></span> <span class='ocrx_word' id='word_1_2' title='bbox 575 249 578 252; x_wconf 82' lang='grc'><strong>’</strong></span> <span class='ocrx_word' id='word_1_3' title='bbox 1024 248 1110 302; x_wconf 86' lang='lat' dir='ltr'><strong>DE</strong></span> <span class='ocrx_word' id='word_1_4' title='bbox 1149 247 1425 307; x_wconf 76' lang='lat' dir='ltr'><strong>TITULIS</strong></span> <span class='ocrx_word' id='word_1_5' title='bbox 1457 253 1904 312; x_wconf 80' lang='lat' dir='ltr'><strong>PSALMORUM.</strong></span> <span class='ocrx_word' id='word_1_6' title='bbox 1939 289 2006 299; x_wconf 90' lang='lat'><strong>—-</strong></span> <span class='ocrx_word' id='word_1_7' title='bbox 2036 259 2228 316; x_wconf 81' lang='lat' dir='ltr'><strong>PSAL.</strong></span> <span class='ocrx_word' id='word_1_8' title='bbox 2274 263 2433 322; x_wconf 83' lang='lat' dir='ltr'><strong>XCV.</strong></span> <span class='ocrx_word' id='word_1_9' title='bbox 3214 267 3350 323; x_wconf 72' lang='lat'><strong>1062</strong></span> 
     </span>
    </p>
   </div>
   <div class='ocr_carea' id='block_1_2' title="bbox 134 352 1614 452">
    <p class='ocr_par' dir='ltr' id='par_1_2' title="bbox 134 352 1614 436">
     <span class='ocr_line' id='line_1_2' title="bbox 134 352 1614 436; baseline 0.008 -27"><span class='ocrx_word' id='word_1_10' title='bbox 134 352 314 420; x_wconf 77' lang='grc' dir='ltr'><strong>Αἶνος</strong></span> <span class='ocrx_word' id='word_1_11' title='bbox 341 354 505 424; x_wconf 81' lang='grc' dir='ltr'><strong>ᾠδῆς</strong></span> <span class='ocrx_word' id='word_1_12' title='bbox 533 356 608 423; x_wconf 82' lang='grc' dir='ltr'><strong>τῷ</strong></span> <span class='ocrx_word' id='word_1_13' title='bbox 624 357 820 422; x_wconf 81' lang='grc' dir='ltr'><strong>Δαυῒδ,</strong></span> <span class='ocrx_word' id='word_1_14' title='bbox 843 357 940 411; x_wconf 76' lang='grc' dir='ltr'><strong>ὅτε</strong></span> <span class='ocrx_word' id='word_1_15' title='bbox 963 362 994 413; x_wconf 82' lang='grc' dir='ltr'><em>ὁ</em></span> <span class='ocrx_word' id='word_1_16' title='bbox 1009 357 1172 428; x_wconf 81' lang='grc' dir='ltr'><strong>οἶκος</strong></span> <span class='ocrx_word' id='word_1_17' title='bbox 1198 365 1538 434; x_wconf 78' lang='grc' dir='ltr'><strong>ᾠκοδόμητο</strong></span> <span class='ocrx_word' id='word_1_18' title='bbox 1548 385 1614 436; x_wconf 80' lang='grc' dir='ltr'><strong>με</strong></span> 
     </span>
    </p>
   </div>
   <div class='ocr_carea' id='block_1_3' title="bbox 1874 352 3354 452">
    <p class='ocr_par' dir='ltr' id='par_1_3' title="bbox 1878 376 3354 452">
     <span class='ocr_line' id='line_1_3' title="bbox 1878 376 3354 452; baseline 0.009 -25"><span class='ocrx_word' id='word_1_19' title='bbox 1878 390 1937 428; x_wconf 75' lang='lat' dir='ltr'><strong>us</strong></span> <span class='ocrx_word' id='word_1_20' title='bbox 1957 378 2148 430; x_wconf 86' lang='lat' dir='ltr'><strong>cantici</strong></span> <span class='ocrx_word' id='word_1_21' title='bbox 2179 376 2367 445; x_wconf 82' lang='lat' dir='ltr'><strong>David,</strong></span> <span class='ocrx_word' id='word_1_22' title='bbox 2391 394 2600 449; x_wconf 77' lang='lat' dir='ltr'><strong>quando</strong></span> <span class='ocrx_word' id='word_1_23' title='bbox 2626 387 2811 436; x_wconf 76' lang='lat' dir='ltr'><strong>domus</strong></span> <span class='ocrx_word' id='word_1_24' title='bbox 2842 381 3208 452; x_wconf 70' lang='lat' dir='ltr'><strong>ludiﬁcabatur</strong></span> <span class='ocrx_word' id='word_1_25' title='bbox 3235 390 3354 452; x_wconf 70' lang='lat' dir='ltr'><strong>post</strong></span> 
     </span>
    </p>
   </div>
   <div class='ocr_carea' id='block_1_4' title="bbox 197 444 1677 541">
    <p class='ocr_par' dir='ltr' id='par_1_4' title="bbox 197 444 1672 541">
     <span class='ocr_line' id='line_1_4' title="bbox 197 444 1672 541; baseline 0.01 -43"><span class='ocrx_word' id='word_1_26' title='bbox 197 444 318 514; x_wconf 76' lang='grc' dir='ltr'><strong>τὴν</strong></span> <span class='ocrx_word' id='word_1_27' title='bbox 332 448 771 541; x_wconf 62' lang='grc' dir='ltr'><strong>αἰχμαλωσίαν-ο</strong></span> <span class='ocrx_word' id='word_1_28' title='bbox 805 451 1198 523; x_wconf 64' lang='grc' dir='ltr'><strong>ἀνεπίγραφος</strong></span> <span class='ocrx_word' id='word_1_29' title='bbox 1229 457 1362 524; x_wconf 76' lang='grc' dir='ltr'><strong>παρ’</strong></span> <span class='ocrx_word' id='word_1_30' title='bbox 1390 457 1672 526; x_wconf 77' lang='grc' dir='ltr'><strong>Ἑϐραίοις</strong></span> 
     </span>
    </p>
   </div>
   <div class='ocr_carea' id='block_1_5' title="bbox 1871 444 3351 541">
    <p class='ocr_par' dir='ltr' id='par_1_5' title="bbox 1871 444 3351 541">
     <span class='ocr_line' id='line_1_5' title="bbox 1871 444 3351 541; baseline 0.009 -24"><span class='ocrx_word' id='word_1_31' title='bbox 1871 467 2263 534; x_wconf 76' lang='lat' dir='ltr'><strong>captivitatem:</strong></span> <span class='ocrx_word' id='word_1_32' title='bbox 2306 444 2415 524; x_wconf 78' lang='lat' dir='ltr'><strong>sine</strong></span> <span class='ocrx_word' id='word_1_33' title='bbox 2461 471 2615 524; x_wconf 85' lang='lat' dir='ltr'><strong>titulo</strong></span> <span class='ocrx_word' id='word_1_34' title='bbox 2657 473 2798 541; x_wconf 80' lang='lat' dir='ltr'><strong>apud</strong></span> <span class='ocrx_word' id='word_1_35' title='bbox 2831 444 3100 528; x_wconf 59' lang='lat' dir='ltr'><strong>Hebrwos.</strong></span> <span class='ocrx_word' id='word_1_36' title='bbox 3148 444 3351 532; x_wconf 62' lang='grc' dir='ltr'><strong>Ρεὶιι.</strong></span> 
     </span>
    </p>
   </div>
   <div class='ocr_carea' id='block_1_6' title="bbox 207 539 1687 612">
    <p class='ocr_par' dir='ltr' id='par_1_6' title="bbox 207 539 541 606">
     <span class='ocr_line' id='line_1_6' title="bbox 207 539 541 606; baseline 0.006 -14"><span class='ocrx_word' id='word_1_37' title='bbox 207 541 386 594; x_wconf 62' lang='lat' dir='ltr'><strong>tun.</strong></span> <span class='ocrx_word' id='word_1_38' title='bbox 420 539 541 606; x_wconf 65' lang='lat' dir='ltr'><strong>t,E&#39;.</strong></span> 
     </span>
    </p>
   </div>
   <div class='ocr_carea' id='block_1_7' title="bbox 551 539 2031 612">
    <p class='ocr_par' dir='ltr' id='par_1_7' title="bbox 1863 557 2031 612">
     <span class='ocr_line' id='line_1_7' title="bbox 1863 557 2031 612; baseline 0.012 -2"><span class='ocrx_word' id='word_1_39' title='bbox 1863 557 2031 612; x_wconf 85' lang='lat' dir='ltr'><strong>XCV.</strong></span> 
     </span>
    </p>
   </div>
   <div class='ocr_carea' id='block_1_8' title="bbox 203 627 1683 713">
    <p class='ocr_par' dir='ltr' id='par_1_8' title="bbox 203 627 1241 704">
     <span class='ocr_line' id='line_1_8' title="bbox 203 627 1241 704; baseline 0.013 -25"><span class='ocrx_word' id='word_1_40' title='bbox 203 627 475 698; x_wconf 78' lang='grc' dir='ltr'><strong>1.’ᾼσατε</strong></span> <span class='ocrx_word' id='word_1_41' title='bbox 511 629 590 700; x_wconf 84' lang='grc' dir='ltr'><strong>τῷ</strong></span> <span class='ocrx_word' id='word_1_42' title='bbox 626 631 814 703; x_wconf 81' lang='grc' dir='ltr'>Κυρίῳ</span> <span class='ocrx_word' id='word_1_43' title='bbox 851 628 1000 704; x_wconf 79' lang='grc' dir='ltr'><strong>ᾆσμα</strong></span> <span class='ocrx_word' id='word_1_44' title='bbox 1026 639 1241 693; x_wconf 84' lang='grc' dir='ltr'><strong>καινόν·</strong></span> 
     </span>
    </p>
   </div>
   <div class='ocr_carea' id='block_1_9' title="bbox 1563 627 3043 713">
    <p class='ocr_par' dir='ltr' id='par_1_9' title="bbox 1863 651 3043 713">
     <span class='ocr_line' id='line_1_9' title="bbox 1863 651 3043 713; baseline 0.008 -9"><span class='ocrx_word' id='word_1_45' title='bbox 1863 651 1914 704; x_wconf 97' lang='grc'><strong>1.</strong></span> <span class='ocrx_word' id='word_1_46' title='bbox 1962 651 2186 706; x_wconf 89' lang='lat' dir='ltr'><strong>Cantate</strong></span> <span class='ocrx_word' id='word_1_47' title='bbox 2218 652 2447 708; x_wconf 89' lang='lat' dir='ltr'><strong>Domino</strong></span> <span class='ocrx_word' id='word_1_48' title='bbox 2499 655 2767 710; x_wconf 70' lang='lat' dir='ltr'><strong>canticum</strong></span> <span class='ocrx_word' id='word_1_49' title='bbox 2801 670 3000 712; x_wconf 84' lang='lat' dir='ltr'><strong>novum</strong></span> <span class='ocrx_word' id='word_1_50' title='bbox 3030 677 3043 713; x_wconf 95' lang='lat'><strong>:</strong></span> 
     </span>
    </p>
   </div>
   <div class='ocr_carea' id='block_1_10' title="bbox 199 721 1679 811">
    <p class='ocr_par' dir='ltr' id='par_1_10' title="bbox 199 721 1222 803">
     <span class='ocr_line' id='line_1_10' title="bbox 199 721 1222 803; baseline 0.014 -29"><span class='ocrx_word' id='word_1_51' title='bbox 199 721 479 793; x_wconf 80' lang='grc' dir='ltr'><strong>2.”ᾼσατε</strong></span> <span class='ocrx_word' id='word_1_52' title='bbox 518 723 594 795; x_wconf 81' lang='grc' dir='ltr'><strong>τῷ</strong></span> <span class='ocrx_word' id='word_1_53' title='bbox 630 727 838 798; x_wconf 82' lang='grc' dir='ltr'><strong>Κυρίῳ,</strong></span> <span class='ocrx_word' id='word_1_54' title='bbox 878 731 1026 783; x_wconf 81' lang='grc' dir='ltr'><strong>πᾶσα</strong></span> <span class='ocrx_word' id='word_1_55' title='bbox 1058 733 1090 802; x_wconf 79' lang='grc' dir='ltr'><strong>ἡ</strong></span> <span class='ocrx_word' id='word_1_56' title='bbox 1128 732 1222 803; x_wconf 86' lang='grc' dir='ltr'><strong>γῆ.</strong></span> 
     </span>
    </p>
   </div>
   <div class='ocr_carea' id='block_1_11' title="bbox 1394 721 2874 811">
    <p class='ocr_par' dir='ltr' id='par_1_11' title="bbox 1842 741 2874 811">
     <span class='ocr_line' id='line_1_11' title="bbox 1842 741 2874 811; baseline 0.01 -19"><span class='ocrx_word' id='word_1_57' title='bbox 1842 741 1913 796; x_wconf 75' lang='grc'><strong>9...</strong></span> <span class='ocrx_word' id='word_1_58' title='bbox 1962 741 2186 797; x_wconf 87' lang='lat' dir='ltr'><strong>Cantate</strong></span> <span class='ocrx_word' id='word_1_59' title='bbox 2220 742 2470 811; x_wconf 87' lang='lat' dir='ltr'><strong>Domino,</strong></span> <span class='ocrx_word' id='word_1_60' title='bbox 2509 744 2684 800; x_wconf 91' lang='lat' dir='ltr'><strong>omnis</strong></span> <span class='ocrx_word' id='word_1_61' title='bbox 2713 756 2874 802; x_wconf 87' lang='lat' dir='ltr'><strong>terra.</strong></span> 
     </span>
    </p>
   </div>
   <div class='ocr_carea' id='block_1_12' title="bbox 201 814 1681 906">
    <p class='ocr_par' dir='ltr' id='par_1_12' title="bbox 201 814 1681 896">
     <span class='ocr_line' id='line_1_12' title="bbox 201 814 1681 896; baseline 0.009 -31"><span class='ocrx_word' id='word_1_62' title='bbox 201 815 254 866; x_wconf 82' lang='grc'><strong>5.</strong></span> <span class='ocrx_word' id='word_1_63' title='bbox 274 814 480 884; x_wconf 75' lang='grc' dir='ltr'><strong>’ᾼσατε</strong></span> <span class='ocrx_word' id='word_1_64' title='bbox 517 815 594 886; x_wconf 85' lang='grc' dir='ltr'><strong>τῷ</strong></span> <span class='ocrx_word' id='word_1_65' title='bbox 631 818 835 889; x_wconf 82' lang='grc' dir='ltr'><strong>Κυρίῳ,</strong></span> <span class='ocrx_word' id='word_1_66' title='bbox 878 821 1202 894; x_wconf 81' lang='grc' dir='ltr'><strong>εὐλογήσατε</strong></span> <span class='ocrx_word' id='word_1_67' title='bbox 1236 823 1292 876; x_wconf 69' lang='grc' dir='ltr'><strong>τὸ</strong></span> <span class='ocrx_word' id='word_1_68' title='bbox 1318 825 1484 896; x_wconf 79' lang='grc' dir='ltr'><strong>ὄνομα</strong></span> <span class='ocrx_word' id='word_1_69' title='bbox 1506 825 1681 880; x_wconf 78' lang='grc' dir='ltr'><strong>αὐτοῦ·</strong></span> 
     </span>
    </p>
   </div>
   <div class='ocr_carea' id='block_1_13' title="bbox 1757 814 3237 906">
    <p class='ocr_par' dir='ltr' id='par_1_13' title="bbox 1855 829 3237 906">
     <span class='ocr_line' id='line_1_13' title="bbox 1855 829 3237 906; baseline 0.007 -22"><span class='ocrx_word' id='word_1_70' title='bbox 1855 830 1909 884; x_wconf 84' lang='grc'><strong>5.</strong></span> <span class='ocrx_word' id='word_1_71' title='bbox 1955 829 2178 885; x_wconf 89' lang='lat' dir='ltr'><strong>Cantate</strong></span> <span class='ocrx_word' id='word_1_72' title='bbox 2208 830 2459 896; x_wconf 92' lang='lat' dir='ltr'><strong>Domino,</strong></span> <span class='ocrx_word' id='word_1_73' title='bbox 2495 833 2797 890; x_wconf 79' lang='lat' dir='ltr'><strong>benedicite</strong></span> <span class='ocrx_word' id='word_1_74' title='bbox 2841 835 3046 890; x_wconf 92' lang='lat' dir='ltr'><strong>nomini</strong></span> <span class='ocrx_word' id='word_1_75' title='bbox 3080 836 3237 906; x_wconf 84' lang='lat' dir='ltr'><strong>ejus:</strong></span> 
     </span>
    </p>
   </div>
   <div class='ocr_carea' id='block_1_14' title="bbox 177 907 1657 1015">
    <p class='ocr_par' dir='ltr' id='par_1_14' title="bbox 200 907 1657 1010">
     <span class='ocr_line' id='line_1_14' title="bbox 200 907 1657 1010; baseline 0.01 -52"><span class='ocrx_word' id='word_1_76' title='bbox 200 907 711 1010; x_wconf 56' lang='lat' dir='ltr'><strong>L-Eitaﬁellgscfk</strong></span> <span class='ocrx_word' id='word_1_77' title='bbox 757 912 1027 982; x_wconf 79' lang='grc' dir='ltr'><strong>ήμέρανὲξ</strong></span> <span class='ocrx_word' id='word_1_78' title='bbox 1061 915 1273 985; x_wconf 82' lang='grc' dir='ltr'><strong>ἡμέρας</strong></span> <span class='ocrx_word' id='word_1_79' title='bbox 1312 918 1372 970; x_wconf 82' lang='grc' dir='ltr'><strong>τὸ</strong></span> <span class='ocrx_word' id='word_1_80' title='bbox 1419 919 1657 990; x_wconf 78' lang='grc' dir='ltr'><strong>Σωτήριο</strong></span> 
     </span>
    </p>
   </div>
   <div class='ocr_carea' id='block_1_15' title="bbox 1729 907 3209 1015">
    <p class='ocr_par' dir='ltr' id='par_1_15' title="bbox 1857 919 3209 997">
     <span class='ocr_line' id='line_1_15' title="bbox 1857 919 3209 997; baseline 0.01 -25"><span class='ocrx_word' id='word_1_81' title='bbox 1857 919 1910 973; x_wconf 79' lang='grc'><strong>4.</strong></span> <span class='ocrx_word' id='word_1_82' title='bbox 1947 920 2278 976; x_wconf 85' lang='lat' dir='ltr'><strong>Annuntiate</strong></span> <span class='ocrx_word' id='word_1_83' title='bbox 2307 923 2373 977; x_wconf 90' lang='lat' dir='ltr'><strong>de</strong></span> <span class='ocrx_word' id='word_1_84' title='bbox 2401 923 2488 978; x_wconf 91' lang='lat' dir='ltr'><strong>die</strong></span> <span class='ocrx_word' id='word_1_85' title='bbox 2523 924 2576 978; x_wconf 93' lang='lat' dir='ltr'><strong>in</strong></span> <span class='ocrx_word' id='word_1_86' title='bbox 2617 925 2761 979; x_wconf 91' lang='lat' dir='ltr'><strong>diem</strong></span> <span class='ocrx_word' id='word_1_87' title='bbox 2801 925 3047 982; x_wconf 89' lang='lat' dir='ltr'><strong>Salutare</strong></span> <span class='ocrx_word' id='word_1_88' title='bbox 3069 927 3209 997; x_wconf 87' lang='lat' dir='ltr'><strong>ejus.</strong></span> 
     </span>
    </p>
   </div>
   <div class='ocr_carea' id='block_1_16' title="bbox 130 1016 2787 1052">
    <p class='ocr_par' dir='ltr' id='par_1_16' title="bbox 130 1016 2787 1052">
     <span class='ocr_line' id='line_1_16' title="bbox 130 1016 2787 1052; baseline -0.007 -1"><span class='ocrx_word' id='word_1_89' title='bbox 130 1016 323 1052; x_wconf 75' lang='grc' dir='ltr'><strong>αυτου.</strong></span> <span class='ocrx_word' id='word_1_90' title='bbox 2785 1029 2787 1032; x_wconf 33' lang='lat'><strong>.</strong></span> 
     </span>
    </p>
   </div>
   <div class='ocr_carea' id='block_1_17' title="bbox 193 1090 1673 1177">
    <p class='ocr_par' dir='ltr' id='par_1_17' title="bbox 193 1090 1598 1168">
     <span class='ocr_line' id='line_1_17' title="bbox 193 1090 1598 1168; baseline 0.007 -25"><span class='ocrx_word' id='word_1_91' title='bbox 193 1091 245 1143; x_wconf 83' lang='lat'><strong>5.</strong></span> <span class='ocrx_word' id='word_1_92' title='bbox 275 1090 652 1159; x_wconf 76' lang='grc' dir='ltr'><strong>Ἀναγγεελατε</strong></span> <span class='ocrx_word' id='word_1_93' title='bbox 679 1092 737 1145; x_wconf 86' lang='grc' dir='ltr'><strong>ὲν</strong></span> <span class='ocrx_word' id='word_1_94' title='bbox 765 1095 878 1158; x_wconf 87' lang='grc' dir='ltr'><strong>τοῖς</strong></span> <span class='ocrx_word' id='word_1_95' title='bbox 901 1095 1075 1149; x_wconf 75' lang='grc' dir='ltr'><strong>ἔθνεσι</strong></span> <span class='ocrx_word' id='word_1_96' title='bbox 1101 1097 1198 1168; x_wconf 81' lang='grc' dir='ltr'><strong>τὴν</strong></span> <span class='ocrx_word' id='word_1_97' title='bbox 1229 1096 1385 1161; x_wconf 78' lang='grc' dir='ltr'><strong>δόξαν</strong></span> <span class='ocrx_word' id='word_1_98' title='bbox 1413 1098 1598 1153; x_wconf 75' lang='grc' dir='ltr'><strong>αὐτοῦ’</strong></span> 
     </span>
    </p>
   </div>
   <div class='ocr_carea' id='block_1_18' title="bbox 1655 1090 3135 1177">
    <p class='ocr_par' dir='ltr' id='par_1_18' title="bbox 1730 1099 3135 1177">
     <span class='ocr_line' id='line_1_18' title="bbox 1730 1099 3135 1177; baseline 0.005 -21"><span class='ocrx_word' id='word_1_99' title='bbox 1730 1147 1736 1156; x_wconf 88' lang='grc'><strong><em>,</em></strong></span> <span class='ocrx_word' id='word_1_100' title='bbox 1860 1099 1912 1152; x_wconf 82' lang='lat'><strong>5.</strong></span> <span class='ocrx_word' id='word_1_101' title='bbox 1960 1100 2292 1158; x_wconf 85' lang='lat' dir='ltr'><strong>Annuntiate</strong></span> <span class='ocrx_word' id='word_1_102' title='bbox 2324 1103 2464 1158; x_wconf 89' lang='lat' dir='ltr'><strong>inter</strong></span> <span class='ocrx_word' id='word_1_103' title='bbox 2491 1112 2678 1174; x_wconf 77' lang='lat' dir='ltr'><strong>gentes</strong></span> <span class='ocrx_word' id='word_1_104' title='bbox 2721 1105 2948 1175; x_wconf 78' lang='lat' dir='ltr'><strong>gloriam</strong></span> <span class='ocrx_word' id='word_1_105' title='bbox 2981 1106 3135 1177; x_wconf 79' lang='lat' dir='ltr'><strong>ejus:</strong></span> 
     </span>
    </p>
   </div>
   <div class='ocr_carea' id='block_1_19' title="bbox 195 1180 1675 1269">
    <p class='ocr_par' dir='ltr' id='par_1_19' title="bbox 195 1180 1444 1258">
     <span class='ocr_line' id='line_1_19' title="bbox 195 1180 1444 1258; baseline 0.009 -25"><span class='ocrx_word' id='word_1_106' title='bbox 195 1180 246 1233; x_wconf 85' lang='lat'><strong>6.</strong></span> <span class='ocrx_word' id='word_1_107' title='bbox 277 1181 365 1233; x_wconf 83' lang='grc' dir='ltr'><strong>Ἑν</strong></span> <span class='ocrx_word' id='word_1_108' title='bbox 395 1183 528 1234; x_wconf 76' lang='grc' dir='ltr'><strong>πᾶσι</strong></span> <span class='ocrx_word' id='word_1_109' title='bbox 556 1185 668 1246; x_wconf 90' lang='grc' dir='ltr'><strong>τοῖς</strong></span> <span class='ocrx_word' id='word_1_110' title='bbox 689 1184 836 1247; x_wconf 83' lang='grc' dir='ltr'>λαοῖς</span> <span class='ocrx_word' id='word_1_111' title='bbox 861 1185 928 1238; x_wconf 84' lang='grc' dir='ltr'><strong>τὰ</strong></span> <span class='ocrx_word' id='word_1_112' title='bbox 964 1187 1236 1258; x_wconf 82' lang='grc' dir='ltr'><strong>θαυμάσια</strong></span> <span class='ocrx_word' id='word_1_113' title='bbox 1263 1189 1444 1245; x_wconf 78' lang='grc' dir='ltr'><strong>αὑτοῦ.</strong></span> 
     </span>
    </p>
   </div>
   <div class='ocr_carea' id='block_1_20' title="bbox 1517 1180 2997 1269">
    <p class='ocr_par' dir='ltr' id='par_1_20' title="bbox 1859 1189 2997 1269">
     <span class='ocr_line' id='line_1_20' title="bbox 1859 1189 2997 1269; baseline 0.01 -26"><span class='ocrx_word' id='word_1_114' title='bbox 1859 1189 1908 1244; x_wconf 90' lang='grc'><strong>6.</strong></span> <span class='ocrx_word' id='word_1_115' title='bbox 1949 1192 2005 1245; x_wconf 91' lang='lat' dir='ltr'><strong>In</strong></span> <span class='ocrx_word' id='word_1_116' title='bbox 2035 1193 2288 1250; x_wconf 84' lang='lat' dir='ltr'><strong>omnibus</strong></span> <span class='ocrx_word' id='word_1_117' title='bbox 2315 1197 2529 1265; x_wconf 89' lang='lat' dir='ltr'><strong>populis</strong></span> <span class='ocrx_word' id='word_1_118' title='bbox 2559 1197 2828 1252; x_wconf 85' lang='lat' dir='ltr'><strong>mirabilia</strong></span> <span class='ocrx_word' id='word_1_119' title='bbox 2860 1198 2997 1269; x_wconf 88' lang='lat' dir='ltr'><strong>ejus.</strong></span> 
     </span>
    </p>
   </div>
   <div class='ocr_carea' id='block_1_21' title="bbox 197 1269 1677 1358">
    <p class='ocr_par' dir='ltr' id='par_1_21' title="bbox 197 1269 1454 1354">
     <span class='ocr_line' id='line_1_21' title="bbox 197 1269 1454 1354; baseline 0.009 -32"><span class='ocrx_word' id='word_1_120' title='bbox 197 1269 387 1324; x_wconf 78' lang='grc' dir='ltr'><strong>7.”οτι</strong></span> <span class='ocrx_word' id='word_1_121' title='bbox 419 1273 587 1343; x_wconf 83' lang='grc' dir='ltr'><strong>μέγας</strong></span> <span class='ocrx_word' id='word_1_122' title='bbox 619 1275 841 1346; x_wconf 86' lang='grc' dir='ltr'><strong>Κύριος,</strong></span> <span class='ocrx_word' id='word_1_123' title='bbox 878 1279 970 1331; x_wconf 72' lang='grc' dir='ltr'><strong>καὶ</strong></span> <span class='ocrx_word' id='word_1_124' title='bbox 997 1280 1204 1342; x_wconf 80' lang='grc' dir='ltr'><strong>αίνετὸς</strong></span> <span class='ocrx_word' id='word_1_125' title='bbox 1234 1281 1454 1354; x_wconf 67' lang='grc' dir='ltr'><strong>σφόδρα,</strong></span> 
     </span>
    </p>
   </div>
   <div class='ocr_carea' id='block_1_22' title="bbox 1863 1269 3343 1358">
    <p class='ocr_par' dir='ltr' id='par_1_22' title="bbox 1863 1282 3343 1358">
     <span class='ocr_line' id='line_1_22' title="bbox 1863 1282 3343 1358; baseline 0.006 -23"><span class='ocrx_word' id='word_1_126' title='bbox 1863 1284 1907 1337; x_wconf 89' lang='lat'><strong>7.</strong></span> <span class='ocrx_word' id='word_1_127' title='bbox 1938 1282 2205 1349; x_wconf 85' lang='lat' dir='ltr'><strong>Quoniam</strong></span> <span class='ocrx_word' id='word_1_128' title='bbox 2240 1302 2467 1358; x_wconf 81' lang='lat' dir='ltr'><strong>magnus</strong></span> <span class='ocrx_word' id='word_1_129' title='bbox 2482 1287 2767 1354; x_wconf 89' lang='lat' dir='ltr'><strong>Dominus,</strong></span> <span class='ocrx_word' id='word_1_130' title='bbox 2787 1299 2839 1344; x_wconf 91' lang='lat' dir='ltr'><strong>et</strong></span> <span class='ocrx_word' id='word_1_131' title='bbox 2861 1291 3144 1346; x_wconf 86' lang='lat' dir='ltr'><strong>laudabilis</strong></span> <span class='ocrx_word' id='word_1_132' title='bbox 3163 1290 3343 1358; x_wconf 86' lang='lat' dir='ltr'><strong>nimis,</strong></span> 
     </span>
    </p>
   </div>
   <div class='ocr_carea' id='block_1_23' title="bbox 192 1361 1672 1449">
    <p class='ocr_par' dir='ltr' id='par_1_23' title="bbox 192 1361 1672 1443">
     <span class='ocr_line' id='line_1_23' title="bbox 192 1361 1672 1443; baseline 0.011 -28"><span class='ocrx_word' id='word_1_133' title='bbox 192 1361 244 1418; x_wconf 93' lang='lat'><strong>8.</strong></span> <span class='ocrx_word' id='word_1_134' title='bbox 285 1365 550 1436; x_wconf 80' lang='grc' dir='ltr'><strong>Φοὸερούς</strong></span> <span class='ocrx_word' id='word_1_135' title='bbox 578 1364 845 1439; x_wconf 78' lang='grc' dir='ltr'><strong>[φοϐερός,</strong></span> <span class='ocrx_word' id='word_1_136' title='bbox 863 1371 992 1442; x_wconf 88' lang='lat' dir='ltr'><strong>etc.]</strong></span> <span class='ocrx_word' id='word_1_137' title='bbox 1026 1373 1168 1425; x_wconf 82' lang='grc' dir='ltr'><strong>ἐστιν</strong></span> <span class='ocrx_word' id='word_1_138' title='bbox 1185 1372 1322 1443; x_wconf 85' lang='grc' dir='ltr'><strong>ὑπὲρ</strong></span> <span class='ocrx_word' id='word_1_139' title='bbox 1349 1374 1550 1438; x_wconf 81' lang='grc' dir='ltr'><strong>πάντας</strong></span> <span class='ocrx_word' id='word_1_140' title='bbox 1567 1377 1672 1431; x_wconf 71' lang='grc' dir='ltr'><strong>τοὺς</strong></span> 
     </span>
    </p>
   </div>
   <div class='ocr_carea' id='block_1_24' title="bbox 1448 1361 2928 1449">
    <p class='ocr_par' dir='ltr' id='par_1_24' title="bbox 1448 1375 2928 1449">
     <span class='ocr_line' id='line_1_24' title="bbox 1448 1375 2928 1449; baseline 0.007 -22"><span class='ocrx_word' id='word_1_141' title='bbox 1448 1392 1550 1438; x_wconf 65' lang='grc' dir='ltr'><strong>’τας</strong></span> <span class='ocrx_word' id='word_1_142' title='bbox 1567 1377 1686 1436; x_wconf 71' lang='grc' dir='ltr'><strong>τοὺς</strong></span> <span class='ocrx_word' id='word_1_143' title='bbox 1856 1375 1910 1431; x_wconf 91' lang='lat'><strong>8.</strong></span> <span class='ocrx_word' id='word_1_144' title='bbox 1955 1376 2238 1432; x_wconf 84' lang='lat' dir='ltr'><strong>Terribilis</strong></span> <span class='ocrx_word' id='word_1_145' title='bbox 2270 1389 2354 1434; x_wconf 90' lang='lat' dir='ltr'><strong>est</strong></span> <span class='ocrx_word' id='word_1_146' title='bbox 2378 1394 2542 1449; x_wconf 86' lang='lat' dir='ltr'><strong>super</strong></span> <span class='ocrx_word' id='word_1_147' title='bbox 2567 1393 2755 1437; x_wconf 86' lang='lat' dir='ltr'><strong>omnes</strong></span> <span class='ocrx_word' id='word_1_148' title='bbox 2779 1382 2928 1437; x_wconf 91' lang='lat' dir='ltr'><strong>deos.</strong></span> 
     </span>
    </p>
   </div>
   <div class='ocr_carea' id='block_1_25' title="bbox 124 1456 300 1520">
    <p class='ocr_par' dir='ltr' id='par_1_25' title="bbox 124 1456 300 1520">
     <span class='ocr_line' id='line_1_25' title="bbox 124 1456 300 1520; baseline 0.017 -12"><span class='ocrx_word' id='word_1_149' title='bbox 124 1456 300 1520; x_wconf 78' lang='grc' dir='ltr'><strong>θεούς.</strong></span> 
     </span>
    </p>
   </div>
   <div class='ocr_carea' id='block_1_26' title="bbox 189 1546 1669 1624">
    <p class='ocr_par' dir='ltr' id='par_1_26' title="bbox 189 1548 1472 1624">
     <span class='ocr_line' id='line_1_26' title="bbox 189 1548 1472 1624; baseline 0.004 -23"><span class='ocrx_word' id='word_1_150' title='bbox 189 1548 240 1602; x_wconf 90' lang='lat'><strong>9.</strong></span> <span class='ocrx_word' id='word_1_151' title='bbox 259 1550 383 1602; x_wconf 90' lang='grc' dir='ltr'><strong>Ὅτι</strong></span> <span class='ocrx_word' id='word_1_152' title='bbox 419 1550 616 1614; x_wconf 87' lang='grc' dir='ltr'><strong>πάντες</strong></span> <span class='ocrx_word' id='word_1_153' title='bbox 643 1553 690 1604; x_wconf 76' lang='lat' dir='ltr'><strong>oi</strong></span> <span class='ocrx_word' id='word_1_154' title='bbox 718 1551 830 1605; x_wconf 72' lang='grc' dir='ltr'><strong>θεοὶ</strong></span> <span class='ocrx_word' id='word_1_155' title='bbox 866 1552 972 1605; x_wconf 85' lang='grc' dir='ltr'><strong>τῶν</strong></span> <span class='ocrx_word' id='word_1_156' title='bbox 999 1551 1164 1604; x_wconf 80' lang='grc' dir='ltr'>ἐθνῶν</span> <span class='ocrx_word' id='word_1_157' title='bbox 1192 1553 1441 1624; x_wconf 82' lang='grc' dir='ltr'><strong>δαιμόνια</strong></span> <span class='ocrx_word' id='word_1_158' title='bbox 1459 1571 1472 1583; x_wconf 70' lang='grc' dir='ltr'><strong><em>ο</em></strong></span> 
     </span>
    </p>
   </div>
   <div class='ocr_carea' id='block_1_27' title="bbox 1694 1546 3174 1624">
    <p class='ocr_par' dir='ltr' id='par_1_27' title="bbox 1852 1546 3174 1622">
     <span class='ocr_line' id='line_1_27' title="bbox 1852 1546 3174 1622; baseline 0.007 -22"><span class='ocrx_word' id='word_1_159' title='bbox 1852 1547 1909 1601; x_wconf 90' lang='grc'><strong>9.</strong></span> <span class='ocrx_word' id='word_1_160' title='bbox 1969 1546 2235 1613; x_wconf 86' lang='lat' dir='ltr'><strong>Quoniam</strong></span> <span class='ocrx_word' id='word_1_161' title='bbox 2268 1564 2457 1606; x_wconf 90' lang='lat' dir='ltr'><strong>omnes</strong></span> <span class='ocrx_word' id='word_1_162' title='bbox 2487 1551 2559 1606; x_wconf 92' lang='lat' dir='ltr'><strong>dii</strong></span> <span class='ocrx_word' id='word_1_163' title='bbox 2595 1553 2836 1622; x_wconf 83' lang='lat' dir='ltr'><strong>gentium</strong></span> <span class='ocrx_word' id='word_1_164' title='bbox 2866 1554 3132 1609; x_wconf 69' lang='lat' dir='ltr'><strong>daemonia</strong></span> <span class='ocrx_word' id='word_1_165' title='bbox 3160 1573 3174 1585; x_wconf 85' lang='lat'><strong><em>-</em></strong></span> 
     </span>
    </p>
   </div>
   <div class='ocr_carea' id='block_1_28' title="bbox 190 1637 1670 1714">
    <p class='ocr_par' dir='ltr' id='par_1_28' title="bbox 190 1639 1399 1714">
     <span class='ocr_line' id='line_1_28' title="bbox 190 1639 1399 1714; baseline 0.002 -20"><span class='ocrx_word' id='word_1_166' title='bbox 190 1639 278 1694; x_wconf 83' lang='grc'><strong>10.</strong></span> <span class='ocrx_word' id='word_1_167' title='bbox 304 1641 361 1695; x_wconf 85' lang='lat'><strong>&#39;0</strong></span> <span class='ocrx_word' id='word_1_168' title='bbox 391 1641 446 1694; x_wconf 85' lang='grc' dir='ltr'>δὲ</span> <span class='ocrx_word' id='word_1_169' title='bbox 475 1643 674 1714; x_wconf 78' lang='grc' dir='ltr'><strong>Κύριος</strong></span> <span class='ocrx_word' id='word_1_170' title='bbox 692 1645 817 1708; x_wconf 88' lang='grc' dir='ltr'><strong>τοὺς</strong></span> <span class='ocrx_word' id='word_1_171' title='bbox 839 1644 1095 1714; x_wconf 81' lang='grc' dir='ltr'><strong>οὐρανοὺς</strong></span> <span class='ocrx_word' id='word_1_172' title='bbox 1129 1644 1399 1713; x_wconf 78' lang='grc' dir='ltr'><strong>ἐποίησεν.</strong></span> 
     </span>
    </p>
   </div>
   <div class='ocr_carea' id='block_1_29' title="bbox 1352 1637 2832 1714">
    <p class='ocr_par' dir='ltr' id='par_1_29' title="bbox 1353 1637 2832 1700">
     <span class='ocr_line' id='line_1_29' title="bbox 1353 1637 2832 1700; baseline 0.007 -12"><span class='ocrx_word' id='word_1_173' title='bbox 1353 1662 1399 1697; x_wconf 88' lang='grc' dir='ltr'><strong>ν,</strong></span> <span class='ocrx_word' id='word_1_174' title='bbox 1852 1637 1938 1692; x_wconf 89' lang='grc'><strong>10.</strong></span> <span class='ocrx_word' id='word_1_175' title='bbox 1989 1638 2250 1696; x_wconf 86' lang='lat' dir='ltr'><strong>Dominus</strong></span> <span class='ocrx_word' id='word_1_176' title='bbox 2273 1651 2452 1696; x_wconf 90' lang='lat' dir='ltr'><strong>autem</strong></span> <span class='ocrx_word' id='word_1_177' title='bbox 2489 1644 2658 1698; x_wconf 72' lang='lat' dir='ltr'><strong>caelos</strong></span> <span class='ocrx_word' id='word_1_178' title='bbox 2686 1644 2832 1700; x_wconf 80' lang='lat' dir='ltr'><strong>fecit.</strong></span> 
     </span>
    </p>
   </div>
   <div class='ocr_carea' id='block_1_30' title="bbox 189 1722 1669 1808">
    <p class='ocr_par' dir='ltr' id='par_1_30' title="bbox 189 1732 1669 1808">
     <span class='ocr_line' id='line_1_30' title="bbox 189 1732 1669 1808; baseline 0.002 -23"><span class='ocrx_word' id='word_1_179' title='bbox 189 1732 277 1787; x_wconf 91' lang='grc'><strong>11.</strong></span> <span class='ocrx_word' id='word_1_180' title='bbox 304 1734 620 1806; x_wconf 78' lang='grc' dir='ltr'><strong>Ἐξομολόγη</strong></span> <span class='ocrx_word' id='word_1_181' title='bbox 629 1751 709 1798; x_wconf 90' lang='grc' dir='ltr'><strong>σις</strong></span> <span class='ocrx_word' id='word_1_182' title='bbox 728 1735 820 1788; x_wconf 75' lang='grc' dir='ltr'><strong>καὶ</strong></span> <span class='ocrx_word' id='word_1_183' title='bbox 839 1735 1106 1808; x_wconf 82' lang='grc' dir='ltr'><strong>ὡραιότης</strong></span> <span class='ocrx_word' id='word_1_184' title='bbox 1133 1735 1360 1788; x_wconf 75' lang='grc' dir='ltr'><strong>ἐνώπιον</strong></span> <span class='ocrx_word' id='word_1_185' title='bbox 1379 1734 1539 1788; x_wconf 77' lang='grc' dir='ltr'><strong>αὐτοῦ</strong></span> <span class='ocrx_word' id='word_1_186' title='bbox 1561 1735 1669 1807; x_wconf 66' lang='grc' dir='ltr'><strong>[αὐ-</strong></span> 
     </span>
    </p>
   </div>
   <div class='ocr_carea' id='block_1_31' title="bbox 1864 1722 3344 1808">
    <p class='ocr_par' dir='ltr' id='par_1_31' title="bbox 1864 1727 3344 1804">
     <span class='ocr_line' id='line_1_31' title="bbox 1864 1727 3344 1804; baseline 0.005 -24"><span class='ocrx_word' id='word_1_187' title='bbox 1864 1729 1944 1782; x_wconf 85' lang='grc'><strong>11.</strong></span> <span class='ocrx_word' id='word_1_188' title='bbox 1980 1727 2285 1796; x_wconf 78' lang='lat' dir='ltr'><strong>Confessio,</strong></span> <span class='ocrx_word' id='word_1_189' title='bbox 2322 1739 2374 1785; x_wconf 90' lang='lat' dir='ltr'><strong>ct</strong></span> <span class='ocrx_word' id='word_1_190' title='bbox 2410 1731 2755 1801; x_wconf 77' lang='lat' dir='ltr'><strong>pulchritudo</strong></span> <span class='ocrx_word' id='word_1_191' title='bbox 2795 1733 2850 1788; x_wconf 92' lang='lat' dir='ltr'><strong>in</strong></span> <span class='ocrx_word' id='word_1_192' title='bbox 2887 1741 3178 1804; x_wconf 86' lang='lat' dir='ltr'><strong>conspectu</strong></span> <span class='ocrx_word' id='word_1_193' title='bbox 3227 1731 3344 1804; x_wconf 85' lang='lat' dir='ltr'><strong>ejus</strong></span> 
     </span>
    </p>
   </div>
   <div class='ocr_carea' id='block_1_32' title="bbox 118 1817 2067 1896">
    <p class='ocr_par' dir='ltr' id='par_1_32' title="bbox 118 1817 2067 1896">
     <span class='ocr_line' id='line_1_32' title="bbox 118 1817 2067 1896; baseline 0.01 -41"><span class='ocrx_word' id='word_1_194' title='bbox 118 1821 273 1896; x_wconf 51' lang='grc' dir='ltr'><strong>τω.</strong></span> <span class='ocrx_word' id='word_1_195' title='bbox 1781 1817 2015 1892; x_wconf 88' lang='lat' dir='ltr'><strong>[eorum]</strong></span> <span class='ocrx_word' id='word_1_196' title='bbox 2054 1839 2067 1875; x_wconf 74' lang='grc' dir='ltr'><strong>ε</strong></span> 
     </span>
    </p>
   </div>
   <div class='ocr_carea' id='block_1_33' title="bbox 193 1911 1673 1990">
    <p class='ocr_par' dir='ltr' id='par_1_33' title="bbox 193 1915 1673 1990">
     <span class='ocr_line' id='line_1_33' title="bbox 193 1915 1673 1990; baseline 0.003 -22"><span class='ocrx_word' id='word_1_197' title='bbox 193 1915 278 1968; x_wconf 73' lang='grc'><strong>12.</strong></span> <span class='ocrx_word' id='word_1_198' title='bbox 311 1915 608 1989; x_wconf 79' lang='grc' dir='ltr'><strong>Ἀγιωσύνη</strong></span> <span class='ocrx_word' id='word_1_199' title='bbox 629 1917 722 1971; x_wconf 80' lang='grc' dir='ltr'><strong>καὶ</strong></span> <span class='ocrx_word' id='word_1_200' title='bbox 745 1917 1182 1989; x_wconf 80' lang='grc' dir='ltr'><strong>μεγαλοπρέπεια</strong></span> <span class='ocrx_word' id='word_1_201' title='bbox 1206 1919 1262 1972; x_wconf 83' lang='grc' dir='ltr'><strong>ἐν</strong></span> <span class='ocrx_word' id='word_1_202' title='bbox 1286 1918 1362 1990; x_wconf 84' lang='grc' dir='ltr'><strong>τῷ</strong></span> <span class='ocrx_word' id='word_1_203' title='bbox 1385 1919 1673 1990; x_wconf 83' lang='grc' dir='ltr'><strong>άγιάσματι</strong></span> 
     </span>
    </p>
   </div>
   <div class='ocr_carea' id='block_1_34' title="bbox 1864 1911 3344 1990">
    <p class='ocr_par' dir='ltr' id='par_1_34' title="bbox 1864 1911 3344 1988">
     <span class='ocr_line' id='line_1_34' title="bbox 1864 1911 3344 1988; baseline 0.004 -22"><span class='ocrx_word' id='word_1_204' title='bbox 1864 1911 1935 1966; x_wconf 75' lang='lat' dir='ltr'><strong>l2.</strong></span> <span class='ocrx_word' id='word_1_205' title='bbox 1994 1913 2388 1981; x_wconf 88' lang='lat' dir='ltr'><strong>Sanctimonia,</strong></span> <span class='ocrx_word' id='word_1_206' title='bbox 2433 1923 2487 1970; x_wconf 89' lang='lat' dir='ltr'><strong>et</strong></span> <span class='ocrx_word' id='word_1_207' title='bbox 2528 1916 2925 1988; x_wconf 80' lang='lat' dir='ltr'><strong>magniﬁcentia</strong></span> <span class='ocrx_word' id='word_1_208' title='bbox 2954 1919 3009 1973; x_wconf 91' lang='lat' dir='ltr'><strong>in</strong></span> <span class='ocrx_word' id='word_1_209' title='bbox 3039 1917 3344 1974; x_wconf 84' lang='lat' dir='ltr'><strong>sanctiﬁca-</strong></span> 
     </span>
    </p>
   </div>
   <div class='ocr_carea' id='block_1_35' title="bbox 117 2006 1597 2074">
    <p class='ocr_par' dir='ltr' id='par_1_35' title="bbox 117 2006 303 2060">
     <span class='ocr_line' id='line_1_35' title="bbox 117 2006 303 2060; baseline 0.011 -2"><span class='ocrx_word' id='word_1_210' title='bbox 117 2006 303 2060; x_wconf 74' lang='grc' dir='ltr'><strong>αὑτοῦ.</strong></span> 
     </span>
    </p>
   </div>
   <div class='ocr_carea' id='block_1_36' title="bbox 616 2006 2096 2074">
    <p class='ocr_par' dir='ltr' id='par_1_36' title="bbox 1779 2006 2096 2074">
     <span class='ocr_line' id='line_1_36' title="bbox 1779 2006 2096 2074; baseline 0.003 -15"><span class='ocrx_word' id='word_1_211' title='bbox 1779 2006 1924 2061; x_wconf 86' lang='lat' dir='ltr'><strong>tione</strong></span> <span class='ocrx_word' id='word_1_212' title='bbox 1959 2007 2096 2074; x_wconf 83' lang='lat' dir='ltr'><strong>ejus.</strong></span> 
     </span>
    </p>
   </div>
   <div class='ocr_carea' id='block_1_37' title="bbox 1224 2119 2224 2178">
    <p class='ocr_par' dir='ltr' id='par_1_37' title="bbox 1224 2119 2224 2178">
     <span class='ocr_line' id='line_1_37' title="bbox 1224 2119 2224 2178; baseline -0.003 0"><span class='ocrx_word' id='word_1_213' title='bbox 1224 2121 1599 2178; x_wconf 78' lang='lat' dir='ltr'><strong>ATHANASII</strong></span> <span class='ocrx_word' id='word_1_214' title='bbox 1645 2119 2224 2176; x_wconf 80' lang='lat' dir='ltr'><strong>lNTERPRETATIO.</strong></span> 
     </span>
    </p>
   </div>
   <div class='ocr_carea' id='block_1_38' title="bbox 195 2211 3343 2290">
    <p class='ocr_par' dir='ltr' id='par_1_38' title="bbox 195 2211 3343 2290">
     <span class='ocr_line' id='line_1_38' title="bbox 195 2211 3343 2290; baseline 0.003 -26"><span class='ocrx_word' id='word_1_215' title='bbox 195 2211 259 2263; x_wconf 87' lang='grc' dir='ltr'>Ἡ</span> <span class='ocrx_word' id='word_1_216' title='bbox 287 2229 620 2284; x_wconf 77' lang='grc' dir='ltr'><strong>προκειμενη</strong></span> <span class='ocrx_word' id='word_1_217' title='bbox 645 2215 918 2286; x_wconf 76' lang='grc' dir='ltr'><strong>ἐπιγραφὴ</strong></span> <span class='ocrx_word' id='word_1_218' title='bbox 941 2216 1184 2287; x_wconf 82' lang='grc' dir='ltr'><strong>περιέχει</strong></span> <span class='ocrx_word' id='word_1_219' title='bbox 1210 2216 1288 2287; x_wconf 92' lang='grc'>(1)</span> <span class='ocrx_word' id='word_1_220' title='bbox 1315 2235 1328 2249; x_wconf 87' lang='grc'><strong>·</strong></span> <span class='ocrx_word' id='word_1_221' title='bbox 1373 2215 1512 2287; x_wconf 78' lang='grc' dir='ltr'><strong>’ῼδή</strong></span> <span class='ocrx_word' id='word_1_222' title='bbox 1547 2215 1626 2283; x_wconf 82' lang='grc' dir='ltr'><strong>τῷ</strong></span> <span class='ocrx_word' id='word_1_223' title='bbox 1655 2215 1851 2278; x_wconf 76' lang='grc' dir='ltr'><strong>Δαϐίδ,</strong></span> <span class='ocrx_word' id='word_1_224' title='bbox 1889 2214 2066 2268; x_wconf 84' lang='grc' dir='ltr'><em>ὁπότε</em></span> <span class='ocrx_word' id='word_1_225' title='bbox 2095 2217 2127 2267; x_wconf 84' lang='grc' dir='ltr'><strong><em>ό</em></strong></span> <span class='ocrx_word' id='word_1_226' title='bbox 2151 2211 2313 2281; x_wconf 77' lang='grc' dir='ltr'><strong>οἶκος</strong></span> <span class='ocrx_word' id='word_1_227' title='bbox 2346 2214 2693 2284; x_wconf 79' lang='grc' dir='ltr'><strong>ᾠκοδομήθη</strong></span> <span class='ocrx_word' id='word_1_228' title='bbox 2725 2217 2801 2290; x_wconf 74' lang='grc'>(2)</span> <span class='ocrx_word' id='word_1_229' title='bbox 2825 2219 2977 2288; x_wconf 81' lang='grc' dir='ltr'><strong>μετὰ</strong></span> <span class='ocrx_word' id='word_1_230' title='bbox 3000 2217 3113 2287; x_wconf 78' lang='grc' dir='ltr'><strong>τὴν</strong></span> <span class='ocrx_word' id='word_1_231' title='bbox 3132 2221 3343 2290; x_wconf 78' lang='grc' dir='ltr'><strong>αἰχμα-</strong></span> 
     </span>
    </p>
   </div>
   <div class='ocr_carea' id='block_1_39' title="bbox 109 2306 3338 2382">
    <p class='ocr_par' dir='ltr' id='par_1_39' title="bbox 109 2306 3338 2382">
     <span class='ocr_line' id='line_1_39' title="bbox 109 2306 3338 2382; baseline 0.002 -24"><span class='ocrx_word' id='word_1_232' title='bbox 109 2307 345 2360; x_wconf 74' lang='grc' dir='ltr'><strong>λωσίαν</strong></span> <span class='ocrx_word' id='word_1_233' title='bbox 364 2324 377 2338; x_wconf 75' lang='grc' dir='ltr'><strong><em>ο</em></strong></span> <span class='ocrx_word' id='word_1_234' title='bbox 408 2309 804 2379; x_wconf 70' lang='grc' dir='ltr'><strong>ἀνεπίγραφος</strong></span> <span class='ocrx_word' id='word_1_235' title='bbox 830 2311 964 2379; x_wconf 82' lang='grc' dir='ltr'><strong>παρ’</strong></span> <span class='ocrx_word' id='word_1_236' title='bbox 1009 2311 1288 2378; x_wconf 74' lang='grc' dir='ltr'><strong>Ἑϐραίοις</strong></span> <span class='ocrx_word' id='word_1_237' title='bbox 1309 2329 1321 2340; x_wconf 90' lang='grc'>·</span> <span class='ocrx_word' id='word_1_238' title='bbox 1357 2309 1543 2379; x_wconf 62' lang='grc' dir='ltr'><strong>σαφῶς</strong></span> <span class='ocrx_word' id='word_1_239' title='bbox 1574 2310 1893 2382; x_wconf 78' lang='grc' dir='ltr'><strong>εἰρήκαμεν,</strong></span> <span class='ocrx_word' id='word_1_240' title='bbox 1927 2310 2007 2363; x_wconf 86' lang='grc' dir='ltr'><strong>ὃτι</strong></span> <span class='ocrx_word' id='word_1_241' title='bbox 2036 2307 2097 2361; x_wconf 79' lang='grc' dir='ltr'><strong>τὸ</strong></span> <span class='ocrx_word' id='word_1_242' title='bbox 2118 2307 2240 2376; x_wconf 80' lang='grc' dir='ltr'><strong>ᾠδὴ</strong></span> <span class='ocrx_word' id='word_1_243' title='bbox 2268 2306 2349 2373; x_wconf 80' lang='grc' dir='ltr'><strong>τῷ</strong></span> <span class='ocrx_word' id='word_1_244' title='bbox 2373 2308 2549 2361; x_wconf 76' lang='grc' dir='ltr'><strong>Δαϐίδ</strong></span> <span class='ocrx_word' id='word_1_245' title='bbox 2576 2309 2657 2374; x_wconf 85' lang='grc' dir='ltr'><strong>τῷ</strong></span> <span class='ocrx_word' id='word_1_246' title='bbox 2698 2309 2882 2377; x_wconf 80' lang='grc' dir='ltr'><strong>ἱκανῷ</strong></span> <span class='ocrx_word' id='word_1_247' title='bbox 2916 2309 2992 2380; x_wconf 80' lang='grc' dir='ltr'><strong>τῇ</strong></span> <span class='ocrx_word' id='word_1_248' title='bbox 3018 2313 3170 2381; x_wconf 79' lang='grc' dir='ltr'><strong>χειρί</strong></span> <span class='ocrx_word' id='word_1_249' title='bbox 3202 2315 3338 2373; x_wconf 70' lang='grc' dir='ltr'><strong>ἐστι.</strong></span> 
     </span>
    </p>
   </div>
   <div class='ocr_carea' id='block_1_40' title="bbox 107 2394 3339 2473">
    <p class='ocr_par' dir='ltr' id='par_1_40' title="bbox 107 2394 3339 2473">
     <span class='ocr_line' id='line_1_40' title="bbox 107 2394 3339 2473; baseline 0.002 -24"><span class='ocrx_word' id='word_1_250' title='bbox 107 2397 355 2452; x_wconf 78' lang='grc' dir='ltr'><strong>τουτέστι</strong></span> <span class='ocrx_word' id='word_1_251' title='bbox 396 2398 474 2469; x_wconf 84' lang='grc' dir='ltr'><strong>τῷ</strong></span> <span class='ocrx_word' id='word_1_252' title='bbox 517 2401 794 2470; x_wconf 88' lang='grc' dir='ltr'><strong>μονογενεί</strong></span> <span class='ocrx_word' id='word_1_253' title='bbox 824 2398 937 2469; x_wconf 83' lang='grc' dir='ltr'><strong>Υἱῷ</strong></span> <span class='ocrx_word' id='word_1_254' title='bbox 965 2396 1054 2450; x_wconf 80' lang='grc' dir='ltr'><strong>τοῦ</strong></span> <span class='ocrx_word' id='word_1_255' title='bbox 1084 2397 1237 2450; x_wconf 82' lang='grc' dir='ltr'><strong>Θεοῦ.</strong></span> <span class='ocrx_word' id='word_1_256' title='bbox 1273 2394 1424 2462; x_wconf 81' lang='grc' dir='ltr'><strong>Εἶτα,</strong></span> <span class='ocrx_word' id='word_1_257' title='bbox 1462 2399 1637 2451; x_wconf 75' lang='grc' dir='ltr'><strong>ὁπότε</strong></span> <span class='ocrx_word' id='word_1_258' title='bbox 1686 2401 1718 2452; x_wconf 79' lang='grc' dir='ltr'><em>ὁ</em></span> <span class='ocrx_word' id='word_1_259' title='bbox 1747 2394 1910 2463; x_wconf 76' lang='grc' dir='ltr'><strong>οἶκος</strong></span> <span class='ocrx_word' id='word_1_260' title='bbox 1941 2396 2308 2466; x_wconf 79' lang='grc' dir='ltr'><strong>ᾠκοδομήθη,</strong></span> <span class='ocrx_word' id='word_1_261' title='bbox 2365 2397 2561 2452; x_wconf 75' lang='grc' dir='ltr'><strong>ὡσανεὶ</strong></span> <span class='ocrx_word' id='word_1_262' title='bbox 2601 2399 2648 2450; x_wconf 75' lang='lat' dir='ltr'><strong>oi</strong></span> <span class='ocrx_word' id='word_1_263' title='bbox 2692 2400 2871 2452; x_wconf 80' lang='grc' dir='ltr'><strong>πιστοὶ</strong></span> <span class='ocrx_word' id='word_1_264' title='bbox 2917 2399 3339 2473; x_wconf 77' lang='grc' dir='ltr'><strong>ᾠκοδομήθησαν</strong></span> 
     </span>
    </p>
   </div>
   <div class='ocr_carea' id='block_1_41' title="bbox 107 2484 3339 2566">
    <p class='ocr_par' dir='ltr' id='par_1_41' title="bbox 107 2484 3339 2566">
     <span class='ocr_line' id='line_1_41' title="bbox 107 2484 3339 2566; baseline 0 -21"><span class='ocrx_word' id='word_1_265' title='bbox 107 2493 214 2546; x_wconf 76' lang='grc' dir='ltr'><strong>ὑπὸ</strong></span> <span class='ocrx_word' id='word_1_266' title='bbox 242 2492 338 2546; x_wconf 78' lang='grc' dir='ltr'><strong>τοῦ</strong></span> <span class='ocrx_word' id='word_1_267' title='bbox 374 2495 599 2566; x_wconf 80' lang='grc' dir='ltr'><strong>Κυρίου,</strong></span> <span class='ocrx_word' id='word_1_268' title='bbox 628 2492 807 2557; x_wconf 87' lang='grc' dir='ltr'><strong>καθὼς</strong></span> <span class='ocrx_word' id='word_1_269' title='bbox 851 2493 879 2544; x_wconf 85' lang='grc' dir='ltr'>ὀ</span> <span class='ocrx_word' id='word_1_270' title='bbox 911 2491 1229 2555; x_wconf 82' lang='grc' dir='ltr'><strong>Ἀπόστολος</strong></span> <span class='ocrx_word' id='word_1_271' title='bbox 1258 2491 1406 2560; x_wconf 81' lang='grc' dir='ltr'><strong>λέγει</strong></span> <span class='ocrx_word' id='word_1_272' title='bbox 1442 2493 1538 2562; x_wconf 71' lang='grc'>(5)·</span> <span class='ocrx_word' id='word_1_273' title='bbox 1586 2491 1798 2560; x_wconf 79' lang='grc' dir='ltr'><strong>Χριστὲ</strong></span> <span class='ocrx_word' id='word_1_274' title='bbox 1842 2491 1910 2544; x_wconf 82' lang='grc' dir='ltr'><strong>δὲ</strong></span> <span class='ocrx_word' id='word_1_275' title='bbox 1943 2490 2038 2544; x_wconf 76' lang='grc' dir='ltr'><strong>ἐπὶ</strong></span> <span class='ocrx_word' id='word_1_276' title='bbox 2075 2490 2183 2543; x_wconf 84' lang='grc' dir='ltr'><strong>τὸν</strong></span> <span class='ocrx_word' id='word_1_277' title='bbox 2213 2484 2381 2543; x_wconf 78' lang='grc' dir='ltr'><strong>οἷκον</strong></span> <span class='ocrx_word' id='word_1_278' title='bbox 2405 2490 2622 2554; x_wconf 81' lang='grc' dir='ltr'><strong>αὑτοῦ,”</strong></span> <span class='ocrx_word' id='word_1_279' title='bbox 2645 2489 2717 2548; x_wconf 84' lang='grc' dir='ltr'><strong>οὗ</strong></span> <span class='ocrx_word' id='word_1_280' title='bbox 2752 2494 2914 2559; x_wconf 77' lang='grc' dir='ltr'><strong>οἶκος</strong></span> <span class='ocrx_word' id='word_1_281' title='bbox 2957 2495 3125 2564; x_wconf 72' lang='grc' dir='ltr'><strong>ἡμεῖς</strong></span> <span class='ocrx_word' id='word_1_282' title='bbox 3154 2495 3339 2565; x_wconf 69' lang='grc' dir='ltr'><strong>ἐσμεν·</strong></span> 
     </span>
    </p>
   </div>
   <div class='ocr_carea' id='block_1_42' title="bbox 105 2581 3337 2661">
    <p class='ocr_par' dir='ltr' id='par_1_42' title="bbox 105 2581 3337 2661">
     <span class='ocr_line' id='line_1_42' title="bbox 105 2581 3337 2661; baseline 0 -21"><span class='ocrx_word' id='word_1_283' title='bbox 105 2588 365 2661; x_wconf 72' lang='grc' dir='ltr'><strong>[Χριστὸς</strong></span> <span class='ocrx_word' id='word_1_284' title='bbox 404 2588 460 2642; x_wconf 80' lang='grc' dir='ltr'>δὲ</span> <span class='ocrx_word' id='word_1_285' title='bbox 505 2589 580 2651; x_wconf 84' lang='grc' dir='ltr'><strong>ὡς</strong></span> <span class='ocrx_word' id='word_1_286' title='bbox 616 2589 727 2651; x_wconf 79' lang='grc' dir='ltr'><strong>υίὸς</strong></span> <span class='ocrx_word' id='word_1_287' title='bbox 762 2590 853 2642; x_wconf 77' lang='grc' dir='ltr'><strong>ἐπὶ</strong></span> <span class='ocrx_word' id='word_1_288' title='bbox 884 2589 973 2642; x_wconf 80' lang='grc' dir='ltr'><strong>τὸν</strong></span> <span class='ocrx_word' id='word_1_289' title='bbox 1005 2584 1150 2642; x_wconf 79' lang='grc' dir='ltr'><strong>οἶκον</strong></span> <span class='ocrx_word' id='word_1_290' title='bbox 1178 2589 1340 2641; x_wconf 78' lang='grc' dir='ltr'><strong>αὑτοῦ</strong></span> <span class='ocrx_word' id='word_1_291' title='bbox 1363 2605 1376 2618; x_wconf 89' lang='grc'>·</span> <span class='ocrx_word' id='word_1_292' title='bbox 1405 2582 1464 2642; x_wconf 76' lang='grc' dir='ltr'><strong>οὗ</strong></span> <span class='ocrx_word' id='word_1_293' title='bbox 1494 2584 1639 2652; x_wconf 80' lang='grc' dir='ltr'><strong>οἶκός</strong></span> <span class='ocrx_word' id='word_1_294' title='bbox 1673 2589 1836 2658; x_wconf 79' lang='grc' dir='ltr'><strong>ἐσμεν</strong></span> <span class='ocrx_word' id='word_1_295' title='bbox 1864 2584 2064 2658; x_wconf 82' lang='grc' dir='ltr'><strong>ὑμεῖς].</strong></span> <span class='ocrx_word' id='word_1_296' title='bbox 2111 2581 2266 2652; x_wconf 81' lang='grc' dir='ltr'><strong>Εἶτα,</strong></span> <span class='ocrx_word' id='word_1_297' title='bbox 2292 2583 2586 2654; x_wconf 79' lang='grc' dir='ltr'><strong>μετὰ’τὴν</strong></span> <span class='ocrx_word' id='word_1_298' title='bbox 2609 2588 3040 2657; x_wconf 73' lang='grc' dir='ltr'><strong>αἰχμαλωσίαν,</strong></span> <span class='ocrx_word' id='word_1_299' title='bbox 3071 2588 3211 2660; x_wconf 74' lang='grc' dir='ltr'><strong>φημὶ</strong></span> <span class='ocrx_word' id='word_1_300' title='bbox 3241 2607 3337 2660; x_wconf 83' lang='grc' dir='ltr'><strong>με-</strong></span> 
     </span>
    </p>
   </div>
   <div class='ocr_carea' id='block_1_43' title="bbox 102 2674 3334 2756">
    <p class='ocr_par' dir='ltr' id='par_1_43' title="bbox 102 2674 3334 2756">
     <span class='ocr_line' id='line_1_43' title="bbox 102 2674 3334 2756; baseline 0 -21"><span class='ocrx_word' id='word_1_301' title='bbox 102 2681 172 2735; x_wconf 80' lang='grc' dir='ltr'><strong>τὰ</strong></span> <span class='ocrx_word' id='word_1_302' title='bbox 200 2681 300 2753; x_wconf 81' lang='grc' dir='ltr'><strong>τὴν</strong></span> <span class='ocrx_word' id='word_1_303' title='bbox 334 2681 426 2735; x_wconf 82' lang='grc' dir='ltr'><strong>τοῦ</strong></span> <span class='ocrx_word' id='word_1_304' title='bbox 457 2681 650 2754; x_wconf 79' lang='grc' dir='ltr'><strong>ἐχθροῦ</strong></span> <span class='ocrx_word' id='word_1_305' title='bbox 675 2682 1061 2753; x_wconf 73' lang='grc' dir='ltr'><strong>αἰχμαλωσίαν,</strong></span> <span class='ocrx_word' id='word_1_306' title='bbox 1090 2684 1155 2754; x_wconf 85' lang='grc' dir='ltr'><strong>ἢν</strong></span> <span class='ocrx_word' id='word_1_307' title='bbox 1184 2680 1626 2756; x_wconf 77' lang='grc' dir='ltr'><strong>ὲξῃχμαλὼτευσε</strong></span> <span class='ocrx_word' id='word_1_308' title='bbox 1660 2683 1733 2753; x_wconf 73' lang='grc'>(4)</span> <span class='ocrx_word' id='word_1_309' title='bbox 1762 2682 1820 2736; x_wconf 85' lang='grc' dir='ltr'><strong>τὸ</strong></span> <span class='ocrx_word' id='word_1_310' title='bbox 1843 2674 1998 2748; x_wconf 71' lang='grc' dir='ltr'><strong>γὲνος</strong></span> <span class='ocrx_word' id='word_1_311' title='bbox 2029 2681 2134 2734; x_wconf 85' lang='grc' dir='ltr'><strong>τῶν</strong></span> <span class='ocrx_word' id='word_1_312' title='bbox 2162 2678 2484 2750; x_wconf 86' lang='grc' dir='ltr'><strong>ἀνθρώπων,</strong></span> <span class='ocrx_word' id='word_1_313' title='bbox 2509 2680 2629 2734; x_wconf 88' lang='grc' dir='ltr'><strong>τότε</strong></span> <span class='ocrx_word' id='word_1_314' title='bbox 2674 2679 3021 2750; x_wconf 81' lang='grc' dir='ltr'><strong>ᾠκοδομήθη</strong></span> <span class='ocrx_word' id='word_1_315' title='bbox 3068 2683 3100 2734; x_wconf 83' lang='grc' dir='ltr'><em>ὁ</em></span> <span class='ocrx_word' id='word_1_316' title='bbox 3150 2675 3334 2747; x_wconf 75' lang='grc' dir='ltr'><strong>οἶκος,</strong></span> 
     </span>
    </p>
   </div>
   <div class='ocr_carea' id='block_1_44' title="bbox 101 2772 3328 2849">
    <p class='ocr_par' dir='ltr' id='par_1_44' title="bbox 101 2772 3328 2849">
     <span class='ocr_line' id='line_1_44' title="bbox 101 2772 3328 2849; baseline 0.001 -23"><span class='ocrx_word' id='word_1_317' title='bbox 101 2779 155 2827; x_wconf 76' lang='lat' dir='ltr'><strong>ot</strong></span> <span class='ocrx_word' id='word_1_318' title='bbox 180 2773 402 2840; x_wconf 77' lang='grc' dir='ltr'><strong>πιστοὶ,</strong></span> <span class='ocrx_word' id='word_1_319' title='bbox 435 2774 510 2838; x_wconf 86' lang='grc' dir='ltr'><strong>ὡς</strong></span> <span class='ocrx_word' id='word_1_320' title='bbox 534 2778 932 2849; x_wconf 82' lang='grc' dir='ltr'><strong>προειρήκαμεν</strong></span> <span class='ocrx_word' id='word_1_321' title='bbox 958 2795 970 2809; x_wconf 87' lang='grc'><strong>·</strong></span> <span class='ocrx_word' id='word_1_322' title='bbox 1001 2772 1116 2829; x_wconf 75' lang='grc' dir='ltr'><strong>εἶτα</strong></span> <span class='ocrx_word' id='word_1_323' title='bbox 1147 2775 1327 2828; x_wconf 75' lang='grc' dir='ltr'><strong>λοιπὸν</strong></span> <span class='ocrx_word' id='word_1_324' title='bbox 1361 2775 1763 2846; x_wconf 55' lang='grc' dir='ltr'><strong>ἀνεπίγραφος</strong></span> <span class='ocrx_word' id='word_1_325' title='bbox 1787 2776 1920 2845; x_wconf 80' lang='grc' dir='ltr'><strong>παρ’</strong></span> <span class='ocrx_word' id='word_1_326' title='bbox 1961 2776 2014 2827; x_wconf 83' lang='grc' dir='ltr'><em>Ἐ</em></span> <span class='ocrx_word' id='word_1_327' title='bbox 2020 2774 2257 2844; x_wconf 80' lang='grc' dir='ltr'><strong>ϐραίοις.</strong></span> <span class='ocrx_word' id='word_1_328' title='bbox 2281 2775 2360 2830; x_wconf 81' lang='grc' dir='ltr'><strong>Τά</strong></span> <span class='ocrx_word' id='word_1_329' title='bbox 2383 2773 2492 2848; x_wconf 78' lang='grc' dir='ltr'><strong>γὰρ</strong></span> <span class='ocrx_word' id='word_1_330' title='bbox 2516 2775 2572 2829; x_wconf 81' lang='grc' dir='ltr'><strong>ὲν</strong></span> <span class='ocrx_word' id='word_1_331' title='bbox 2592 2776 2738 2847; x_wconf 80' lang='grc' dir='ltr'><strong>αὐτῷ</strong></span> <span class='ocrx_word' id='word_1_332' title='bbox 2768 2775 3058 2848; x_wconf 82' lang='grc' dir='ltr'><strong>ἐγκείμενα</strong></span> <span class='ocrx_word' id='word_1_333' title='bbox 3090 2777 3187 2830; x_wconf 81' lang='grc' dir='ltr'><strong>οὐκ</strong></span> <span class='ocrx_word' id='word_1_334' title='bbox 3209 2776 3328 2846; x_wconf 67' lang='grc' dir='ltr'><strong>ἡθν</strong></span> 
     </span>
    </p>
   </div>
   <div class='ocr_carea' id='block_1_45' title="bbox 102 2861 3155 2939">
    <p class='ocr_par' dir='ltr' id='par_1_45' title="bbox 102 2861 3155 2939">
     <span class='ocr_line' id='line_1_45' title="bbox 102 2861 3155 2939; baseline 0.001 -24"><span class='ocrx_word' id='word_1_335' title='bbox 102 2862 272 2933; x_wconf 75' lang='grc' dir='ltr'><strong>λησαν</strong></span> <span class='ocrx_word' id='word_1_336' title='bbox 308 2861 518 2935; x_wconf 84' lang='grc' dir='ltr'><strong>νοῆσαι,</strong></span> <span class='ocrx_word' id='word_1_337' title='bbox 549 2864 623 2929; x_wconf 84' lang='grc' dir='ltr'><strong>ὡς</strong></span> <span class='ocrx_word' id='word_1_338' title='bbox 656 2865 730 2936; x_wconf 83' lang='grc' dir='ltr'><strong>μὴ</strong></span> <span class='ocrx_word' id='word_1_339' title='bbox 756 2866 966 2936; x_wconf 78' lang='grc' dir='ltr'><strong>ἔχοντες</strong></span> <span class='ocrx_word' id='word_1_340' title='bbox 993 2866 1151 2920; x_wconf 79' lang='grc' dir='ltr'><strong>αὑτὸν</strong></span> <span class='ocrx_word' id='word_1_341' title='bbox 1179 2865 1487 2938; x_wconf 66' lang='grc' dir='ltr'><strong>ἐγγράφως.</strong></span> <span class='ocrx_word' id='word_1_342' title='bbox 1521 2868 1610 2921; x_wconf 85' lang='grc' dir='ltr'><strong>Διὸ</strong></span> <span class='ocrx_word' id='word_1_343' title='bbox 1633 2867 1811 2932; x_wconf 81' lang='grc' dir='ltr'><strong>καλῶς</strong></span> <span class='ocrx_word' id='word_1_344' title='bbox 1839 2868 2238 2939; x_wconf 77' lang='grc' dir='ltr'><strong>ἐπιγέγραπται</strong></span> <span class='ocrx_word' id='word_1_345' title='bbox 2262 2866 2660 2937; x_wconf 66' lang='grc' dir='ltr'><strong>ἀνεπίγραφος</strong></span> <span class='ocrx_word' id='word_1_346' title='bbox 2683 2864 2819 2932; x_wconf 79' lang='grc' dir='ltr'><strong>παρ’</strong></span> <span class='ocrx_word' id='word_1_347' title='bbox 2856 2863 3155 2932; x_wconf 80' lang='grc' dir='ltr'><strong>Ἑϐραίοις.</strong></span> 
     </span>
    </p>
   </div>
   <div class='ocr_carea' id='block_1_46' title="bbox 171 2954 3332 3032">
    <p class='ocr_par' dir='ltr' id='par_1_46' title="bbox 171 2954 3332 3032">
     <span class='ocr_line' id='line_1_46' title="bbox 171 2954 3332 3032; baseline -0 -23"><span class='ocrx_word' id='word_1_348' title='bbox 171 2954 388 3012; x_wconf 80' lang='lat' dir='ltr'><strong>Titulus</strong></span> <span class='ocrx_word' id='word_1_349' title='bbox 423 2960 740 3030; x_wconf 66' lang='lat' dir='ltr'><strong>praepositus</strong></span> <span class='ocrx_word' id='word_1_350' title='bbox 757 2960 993 3018; x_wconf 82' lang='lat' dir='ltr'><strong>continet</strong></span> <span class='ocrx_word' id='word_1_351' title='bbox 1021 2981 1034 3017; x_wconf 88' lang='lat'><strong>:</strong></span> <span class='ocrx_word' id='word_1_352' title='bbox 1076 2961 1353 3016; x_wconf 84' lang='lat' dir='ltr'><strong>Canticum</strong></span> <span class='ocrx_word' id='word_1_353' title='bbox 1381 2960 1570 3024; x_wconf 80' lang='lat' dir='ltr'><strong>David,</strong></span> <span class='ocrx_word' id='word_1_354' title='bbox 1603 2962 1814 3032; x_wconf 81' lang='lat' dir='ltr'><strong>quando</strong></span> <span class='ocrx_word' id='word_1_355' title='bbox 1858 2961 2041 3015; x_wconf 76' lang='lat' dir='ltr'><strong>domus</strong></span> <span class='ocrx_word' id='word_1_356' title='bbox 2066 2961 2328 3029; x_wconf 64' lang='lat' dir='ltr'><strong>aediﬁcata</strong></span> <span class='ocrx_word' id='word_1_357' title='bbox 2348 2971 2424 3014; x_wconf 86' lang='lat' dir='ltr'><strong>est</strong></span> <span class='ocrx_word' id='word_1_358' title='bbox 2459 2968 2576 3028; x_wconf 86' lang='lat' dir='ltr'><strong>post</strong></span> <span class='ocrx_word' id='word_1_359' title='bbox 2607 2959 2961 3027; x_wconf 78' lang='lat' dir='ltr'><strong>captivitatem</strong></span> <span class='ocrx_word' id='word_1_360' title='bbox 2987 2975 3004 3012; x_wconf 90' lang='lat'><strong><em>:</em></strong></span> <span class='ocrx_word' id='word_1_361' title='bbox 3038 2959 3148 3012; x_wconf 82' lang='lat' dir='ltr'><strong>sine</strong></span> <span class='ocrx_word' id='word_1_362' title='bbox 3177 2957 3332 3009; x_wconf 89' lang='lat' dir='ltr'><strong>titulo</strong></span> 
     </span>
    </p>
   </div>
   <div class='ocr_carea' id='block_1_47' title="bbox 104 3047 3330 3125">
    <p class='ocr_par' dir='ltr' id='par_1_47' title="bbox 104 3047 3330 3125">
     <span class='ocr_line' id='line_1_47' title="bbox 104 3047 3330 3125; baseline 0.001 -25"><span class='ocrx_word' id='word_1_363' title='bbox 104 3050 242 3116; x_wconf 85' lang='lat' dir='ltr'><strong>apud</strong></span> <span class='ocrx_word' id='word_1_364' title='bbox 283 3048 535 3105; x_wconf 72' lang='lat' dir='ltr'><strong>Hebrazos</strong></span> <span class='ocrx_word' id='word_1_365' title='bbox 559 3068 579 3107; x_wconf 87' lang='lat'><strong><em>:</em></strong></span> <span class='ocrx_word' id='word_1_366' title='bbox 612 3053 810 3108; x_wconf 87' lang='lat' dir='ltr'><strong>diserte</strong></span> <span class='ocrx_word' id='word_1_367' title='bbox 838 3053 1097 3118; x_wconf 84' lang='lat' dir='ltr'><strong>diximus,</strong></span> <span class='ocrx_word' id='word_1_368' title='bbox 1134 3056 1277 3125; x_wconf 89' lang='lat' dir='ltr'><strong>quod</strong></span> <span class='ocrx_word' id='word_1_369' title='bbox 1313 3055 1586 3109; x_wconf 81' lang='lat' dir='ltr'><strong>Canticum</strong></span> <span class='ocrx_word' id='word_1_370' title='bbox 1622 3053 1794 3109; x_wconf 82' lang='lat' dir='ltr'><strong>David</strong></span> <span class='ocrx_word' id='word_1_371' title='bbox 1835 3053 1976 3108; x_wconf 84' lang='lat' dir='ltr'><strong>idem</strong></span> <span class='ocrx_word' id='word_1_372' title='bbox 2019 3063 2100 3106; x_wconf 72' lang='grc' dir='ltr'><strong>εει</strong></span> <span class='ocrx_word' id='word_1_373' title='bbox 2139 3067 2203 3106; x_wconf 92' lang='lat' dir='ltr'><strong>ac</strong></span> <span class='ocrx_word' id='word_1_374' title='bbox 2244 3067 2402 3104; x_wconf 87' lang='lat' dir='ltr'><strong>manu</strong></span> <span class='ocrx_word' id='word_1_375' title='bbox 2442 3051 2592 3121; x_wconf 80' lang='lat' dir='ltr'><strong>forti,</strong></span> <span class='ocrx_word' id='word_1_376' title='bbox 2627 3051 2731 3104; x_wconf 86' lang='lat' dir='ltr'><strong>hoc</strong></span> <span class='ocrx_word' id='word_1_377' title='bbox 2772 3060 2852 3105; x_wconf 92' lang='lat' dir='ltr'><strong>est</strong></span> <span class='ocrx_word' id='word_1_378' title='bbox 2902 3047 3193 3119; x_wconf 60' lang='lat' dir='ltr'><strong>Unigwnito</strong></span> <span class='ocrx_word' id='word_1_379' title='bbox 3237 3049 3330 3102; x_wconf 72' lang='lat' dir='ltr'><strong>Dei</strong></span> 
     </span>
    </p>
   </div>
   <div class='ocr_carea' id='block_1_48' title="bbox 101 3138 3329 3213">
    <p class='ocr_par' dir='ltr' id='par_1_48' title="bbox 101 3138 3329 3213">
     <span class='ocr_line' id='line_1_48' title="bbox 101 3138 3329 3213; baseline 0.001 -21"><span class='ocrx_word' id='word_1_380' title='bbox 101 3140 258 3194; x_wconf 80' lang='lat' dir='ltr'><strong>Filio.</strong></span> <span class='ocrx_word' id='word_1_381' title='bbox 292 3139 514 3205; x_wconf 80' lang='lat' dir='ltr'><strong>Deinde,</strong></span> <span class='ocrx_word' id='word_1_382' title='bbox 543 3142 751 3211; x_wconf 82' lang='lat' dir='ltr'><strong>quando</strong></span> <span class='ocrx_word' id='word_1_383' title='bbox 777 3143 964 3196; x_wconf 85' lang='lat' dir='ltr'><strong>domus</strong></span> <span class='ocrx_word' id='word_1_384' title='bbox 996 3144 1262 3213; x_wconf 71' lang='lat' dir='ltr'><strong>azdiﬁcata</strong></span> <span class='ocrx_word' id='word_1_385' title='bbox 1291 3154 1388 3210; x_wconf 79' lang='lat' dir='ltr'><strong>est,</strong></span> <span class='ocrx_word' id='word_1_386' title='bbox 1419 3143 1664 3198; x_wconf 80' lang='lat' dir='ltr'><strong>videlicet</strong></span> <span class='ocrx_word' id='word_1_387' title='bbox 1701 3159 1823 3198; x_wconf 90' lang='lat' dir='ltr'><strong>cum</strong></span> <span class='ocrx_word' id='word_1_388' title='bbox 1859 3141 2042 3196; x_wconf 81' lang='lat' dir='ltr'><strong>ﬁdeles</strong></span> <span class='ocrx_word' id='word_1_389' title='bbox 2073 3139 2320 3194; x_wconf 63' lang='lat' dir='ltr'><strong>aediﬁcati</strong></span> <span class='ocrx_word' id='word_1_390' title='bbox 2353 3149 2482 3196; x_wconf 85' lang='lat' dir='ltr'><strong>sunt</strong></span> <span class='ocrx_word' id='word_1_391' title='bbox 2508 3138 2542 3195; x_wconf 70' lang='lat' dir='ltr'><strong>ii</strong></span> <span class='ocrx_word' id='word_1_392' title='bbox 2587 3139 2840 3206; x_wconf 82' lang='lat' dir='ltr'><strong>Domino,</strong></span> <span class='ocrx_word' id='word_1_393' title='bbox 2871 3140 3329 3210; x_wconf 69' lang='lat' dir='ltr'><strong>quemadmodum</strong></span> 
     </span>
    </p>
   </div>
   <div class='ocr_carea' id='block_1_49' title="bbox 98 3236 3332 3311">
    <p class='ocr_par' dir='ltr' id='par_1_49' title="bbox 98 3236 3332 3311">
     <span class='ocr_line' id='line_1_49' title="bbox 98 3236 3332 3311; baseline 0 -20"><span class='ocrx_word' id='word_1_394' title='bbox 98 3238 390 3307; x_wconf 81' lang='lat' dir='ltr'><strong>Apostolus</strong></span> <span class='ocrx_word' id='word_1_395' title='bbox 431 3238 602 3293; x_wconf 87' lang='lat' dir='ltr'><strong>dicit:</strong></span> <span class='ocrx_word' id='word_1_396' title='bbox 637 3236 904 3309; x_wconf 73' lang='lat' dir='ltr'><strong>[Christus</strong></span> <span class='ocrx_word' id='word_1_397' title='bbox 939 3256 1056 3294; x_wconf 85' lang='lat' dir='ltr'><strong>vero</strong></span> <span class='ocrx_word' id='word_1_398' title='bbox 1091 3249 1342 3311; x_wconf 84' lang='lat' dir='ltr'><strong>tanquam</strong></span> <span class='ocrx_word' id='word_1_399' title='bbox 1377 3241 1522 3310; x_wconf 82' lang='lat' dir='ltr'><strong>ﬁlius</strong></span> <span class='ocrx_word' id='word_1_400' title='bbox 1569 3241 1620 3294; x_wconf 87' lang='lat' dir='ltr'><strong>in</strong></span> <span class='ocrx_word' id='word_1_401' title='bbox 1671 3240 1822 3293; x_wconf 85' lang='lat' dir='ltr'><strong>domo</strong></span> <span class='ocrx_word' id='word_1_402' title='bbox 1875 3255 1970 3292; x_wconf 84' lang='lat' dir='ltr'><strong>sua</strong></span> <span class='ocrx_word' id='word_1_403' title='bbox 1998 3253 2015 3291; x_wconf 91' lang='lat'><strong><em>:</em></strong></span> <span class='ocrx_word' id='word_1_404' title='bbox 2043 3253 2160 3309; x_wconf 77' lang='lat' dir='ltr'><strong>qua:</strong></span> <span class='ocrx_word' id='word_1_405' title='bbox 2191 3237 2377 3291; x_wconf 84' lang='lat' dir='ltr'><strong>domus</strong></span> <span class='ocrx_word' id='word_1_406' title='bbox 2415 3253 2597 3292; x_wconf 81' lang='lat' dir='ltr'><strong>sumus</strong></span> <span class='ocrx_word' id='word_1_407' title='bbox 2634 3236 2774 3308; x_wconf 87' lang='lat' dir='ltr'><strong>nos.]</strong></span> <span class='ocrx_word' id='word_1_408' title='bbox 2827 3236 3067 3307; x_wconf 81' lang='lat' dir='ltr'><strong>Christus</strong></span> <span class='ocrx_word' id='word_1_409' title='bbox 3102 3252 3219 3290; x_wconf 79' lang='lat' dir='ltr'><strong>vero</strong></span> <span class='ocrx_word' id='word_1_410' title='bbox 3276 3237 3332 3292; x_wconf 78' lang='lat' dir='ltr'><strong>it:</strong></span> 
     </span>
    </p>
   </div>
   <div class='ocr_carea' id='block_1_50' title="bbox 96 3326 3329 3400">
    <p class='ocr_par' dir='ltr' id='par_1_50' title="bbox 96 3326 3329 3400">
     <span class='ocr_line' id='line_1_50' title="bbox 96 3326 3329 3400; baseline 0.001 -21"><span class='ocrx_word' id='word_1_411' title='bbox 96 3330 249 3383; x_wconf 75' lang='lat' dir='ltr'><strong>domo</strong></span> <span class='ocrx_word' id='word_1_412' title='bbox 281 3345 404 3394; x_wconf 80' lang='lat' dir='ltr'><strong>sua,</strong></span> <span class='ocrx_word' id='word_1_413' title='bbox 432 3329 582 3398; x_wconf 76' lang='lat' dir='ltr'><strong>cujus</strong></span> <span class='ocrx_word' id='word_1_414' title='bbox 611 3329 796 3383; x_wconf 79' lang='lat' dir='ltr'><strong>domus</strong></span> <span class='ocrx_word' id='word_1_415' title='bbox 837 3347 928 3384; x_wconf 84' lang='lat' dir='ltr'><strong>nos</strong></span> <span class='ocrx_word' id='word_1_416' title='bbox 961 3347 1140 3384; x_wconf 82' lang='lat' dir='ltr'><strong>sumus</strong></span> <span class='ocrx_word' id='word_1_417' title='bbox 1167 3331 1229 3384; x_wconf 70' lang='grc'><strong>⁸⁸.</strong></span> <span class='ocrx_word' id='word_1_418' title='bbox 1278 3331 1479 3386; x_wconf 88' lang='lat' dir='ltr'><strong>Deinde</strong></span> <span class='ocrx_word' id='word_1_419' title='bbox 1514 3340 1629 3400; x_wconf 82' lang='lat' dir='ltr'><strong>post</strong></span> <span class='ocrx_word' id='word_1_420' title='bbox 1670 3330 2047 3399; x_wconf 81' lang='lat' dir='ltr'><strong>captivitatem,</strong></span> <span class='ocrx_word' id='word_1_421' title='bbox 2096 3337 2220 3400; x_wconf 91' lang='lat' dir='ltr'><strong>post</strong></span> <span class='ocrx_word' id='word_1_422' title='bbox 2262 3326 2652 3399; x_wconf 83' lang='lat' dir='ltr'><strong>captivitatem,</strong></span> <span class='ocrx_word' id='word_1_423' title='bbox 2689 3327 2932 3397; x_wconf 84' lang='lat' dir='ltr'><strong>inquam,</strong></span> <span class='ocrx_word' id='word_1_424' title='bbox 2965 3326 3192 3396; x_wconf 90' lang='lat' dir='ltr'><strong>inimici,</strong></span> <span class='ocrx_word' id='word_1_425' title='bbox 3221 3343 3329 3396; x_wconf 61' lang='lat' dir='ltr'><strong>qua</strong></span> 
     </span>
    </p>
   </div>
   <div class='ocr_carea' id='block_1_51' title="bbox 95 3419 3326 3492">
    <p class='ocr_par' dir='ltr' id='par_1_51' title="bbox 95 3419 3326 3492">
     <span class='ocr_line' id='line_1_51' title="bbox 95 3419 3326 3492; baseline -0.001 -14"><span class='ocrx_word' id='word_1_426' title='bbox 95 3422 372 3492; x_wconf 83' lang='lat' dir='ltr'><strong>captivum</strong></span> <span class='ocrx_word' id='word_1_427' title='bbox 418 3421 572 3476; x_wconf 83' lang='lat' dir='ltr'><strong>duxit</strong></span> <span class='ocrx_word' id='word_1_428' title='bbox 607 3438 775 3492; x_wconf 75' lang='lat' dir='ltr'><strong>genus</strong></span> <span class='ocrx_word' id='word_1_429' title='bbox 824 3423 1140 3489; x_wconf 88' lang='lat' dir='ltr'><strong>humanum,</strong></span> <span class='ocrx_word' id='word_1_430' title='bbox 1175 3433 1307 3477; x_wconf 86' lang='lat' dir='ltr'><strong>tunc</strong></span> <span class='ocrx_word' id='word_1_431' title='bbox 1362 3423 1628 3488; x_wconf 67' lang='lat' dir='ltr'><strong>ludificata</strong></span> <span class='ocrx_word' id='word_1_432' title='bbox 1667 3431 1743 3475; x_wconf 88' lang='lat' dir='ltr'><strong>est</strong></span> <span class='ocrx_word' id='word_1_433' title='bbox 1795 3421 2004 3485; x_wconf 75' lang='lat' dir='ltr'><strong>domus,</strong></span> <span class='ocrx_word' id='word_1_434' title='bbox 2051 3420 2156 3476; x_wconf 88' lang='lat' dir='ltr'><strong>hoc</strong></span> <span class='ocrx_word' id='word_1_435' title='bbox 2189 3429 2271 3476; x_wconf 89' lang='lat' dir='ltr'><strong>est</strong></span> <span class='ocrx_word' id='word_1_436' title='bbox 2300 3421 2503 3490; x_wconf 77' lang='lat' dir='ltr'><strong>ﬁdeles.</strong></span> <span class='ocrx_word' id='word_1_437' title='bbox 2545 3431 2606 3476; x_wconf 92' lang='lat' dir='ltr'><strong>ut</strong></span> <span class='ocrx_word' id='word_1_438' title='bbox 2655 3431 2810 3474; x_wconf 89' lang='lat' dir='ltr'><strong>antea</strong></span> <span class='ocrx_word' id='word_1_439' title='bbox 2872 3419 3149 3474; x_wconf 81' lang='lat' dir='ltr'><strong>diximus:</strong></span> <span class='ocrx_word' id='word_1_440' title='bbox 3201 3437 3326 3476; x_wconf 78' lang='lat' dir='ltr'><strong>mox</strong></span> 
     </span>
    </p>
   </div>
   <div class='ocr_carea' id='block_1_52' title="bbox 94 3511 3324 3584">
    <p class='ocr_par' dir='ltr' id='par_1_52' title="bbox 94 3511 3324 3584">
     <span class='ocr_line' id='line_1_52' title="bbox 94 3511 3324 3584; baseline -0.001 -15"><span class='ocrx_word' id='word_1_441' title='bbox 94 3516 312 3569; x_wconf 88' lang='lat' dir='ltr'><strong>demum</strong></span> <span class='ocrx_word' id='word_1_442' title='bbox 345 3513 458 3567; x_wconf 73' lang='lat' dir='ltr'><strong>sine</strong></span> <span class='ocrx_word' id='word_1_443' title='bbox 504 3515 656 3567; x_wconf 85' lang='lat' dir='ltr'><strong>titulo</strong></span> <span class='ocrx_word' id='word_1_444' title='bbox 687 3516 825 3584; x_wconf 86' lang='lat' dir='ltr'><strong>apud</strong></span> <span class='ocrx_word' id='word_1_445' title='bbox 882 3513 1152 3571; x_wconf 67' lang='lat' dir='ltr'><strong>Hebraeos.</strong></span> <span class='ocrx_word' id='word_1_446' title='bbox 1191 3512 1326 3568; x_wconf 84' lang='lat' dir='ltr'><strong>Nam</strong></span> <span class='ocrx_word' id='word_1_447' title='bbox 1367 3530 1487 3584; x_wconf 62' lang='lat' dir='ltr'><strong>qua:</strong></span> <span class='ocrx_word' id='word_1_448' title='bbox 1527 3515 1580 3568; x_wconf 93' lang='lat' dir='ltr'><strong>in</strong></span> <span class='ocrx_word' id='word_1_449' title='bbox 1636 3514 1754 3583; x_wconf 85' lang='lat' dir='ltr'><strong>ipso</strong></span> <span class='ocrx_word' id='word_1_450' title='bbox 1789 3513 2136 3567; x_wconf 85' lang='lat' dir='ltr'><strong>continentur</strong></span> <span class='ocrx_word' id='word_1_451' title='bbox 2183 3513 2476 3567; x_wconf 89' lang='lat' dir='ltr'><strong>noluerunt</strong></span> <span class='ocrx_word' id='word_1_452' title='bbox 2527 3511 2856 3581; x_wconf 83' lang='lat' dir='ltr'><strong>intelligere,</strong></span> <span class='ocrx_word' id='word_1_453' title='bbox 2912 3511 3133 3578; x_wconf 87' lang='lat' dir='ltr'><strong>perinde</strong></span> <span class='ocrx_word' id='word_1_454' title='bbox 3175 3525 3236 3565; x_wconf 83' lang='lat' dir='ltr'><strong>ac</strong></span> <span class='ocrx_word' id='word_1_455' title='bbox 3278 3513 3324 3566; x_wconf 91' lang='lat' dir='ltr'><strong>si</strong></span> 
     </span>
    </p>
   </div>
   <div class='ocr_carea' id='block_1_53' title="bbox 92 3599 3068 3674">
    <p class='ocr_par' dir='ltr' id='par_1_53' title="bbox 92 3599 3068 3674">
     <span class='ocr_line' id='line_1_53' title="bbox 92 3599 3068 3674; baseline -0.002 -14"><span class='ocrx_word' id='word_1_456' title='bbox 92 3606 363 3673; x_wconf 86' lang='lat' dir='ltr'><strong>psalmum</strong></span> <span class='ocrx_word' id='word_1_457' title='bbox 394 3604 656 3672; x_wconf 85' lang='lat' dir='ltr'><strong>scriptum</strong></span> <span class='ocrx_word' id='word_1_458' title='bbox 686 3619 796 3658; x_wconf 91' lang='lat' dir='ltr'><strong>non</strong></span> <span class='ocrx_word' id='word_1_459' title='bbox 824 3603 1101 3658; x_wconf 87' lang='lat' dir='ltr'><strong>haberent.</strong></span> <span class='ocrx_word' id='word_1_460' title='bbox 1139 3604 1262 3660; x_wconf 85' lang='lat' dir='ltr'><strong>Ideo</strong></span> <span class='ocrx_word' id='word_1_461' title='bbox 1295 3616 1418 3674; x_wconf 83' lang='lat' dir='ltr'><strong>apte</strong></span> <span class='ocrx_word' id='word_1_462' title='bbox 1445 3602 1771 3673; x_wconf 85' lang='lat' dir='ltr'><strong>inscribitur</strong></span> <span class='ocrx_word' id='word_1_463' title='bbox 1801 3602 1913 3655; x_wconf 84' lang='lat' dir='ltr'><strong>sine</strong></span> <span class='ocrx_word' id='word_1_464' title='bbox 1942 3599 2097 3654; x_wconf 87' lang='lat' dir='ltr'><strong>titulo</strong></span> <span class='ocrx_word' id='word_1_465' title='bbox 2131 3616 2223 3655; x_wconf 90' lang='lat' dir='ltr'><strong>seu</strong></span> <span class='ocrx_word' id='word_1_466' title='bbox 2257 3602 2595 3671; x_wconf 74' lang='lat' dir='ltr'><strong>inscriptione</strong></span> <span class='ocrx_word' id='word_1_467' title='bbox 2629 3601 2768 3670; x_wconf 84' lang='lat' dir='ltr'><strong>apud</strong></span> <span class='ocrx_word' id='word_1_468' title='bbox 2800 3599 3068 3655; x_wconf 73' lang='lat' dir='ltr'><strong>Hebraeos.</strong></span> 
     </span>
    </p>
   </div>
   <div class='ocr_carea' id='block_1_54' title="bbox 157 3689 1637 3762">
    <p class='ocr_par' dir='ltr' id='par_1_54' title="bbox 157 3693 1020 3760">
     <span class='ocr_line' id='line_1_54' title="bbox 157 3693 1020 3760; baseline -0.003 -8"><span class='ocrx_word' id='word_1_469' title='bbox 157 3699 212 3752; x_wconf 85' lang='grc'><strong>1.</strong></span> <span class='ocrx_word' id='word_1_470' title='bbox 253 3694 524 3760; x_wconf 80' lang='grc' dir='ltr'><strong>Δοξάσατε</strong></span> <span class='ocrx_word' id='word_1_471' title='bbox 551 3694 611 3747; x_wconf 84' lang='grc' dir='ltr'><strong>τὸ</strong></span> <span class='ocrx_word' id='word_1_472' title='bbox 641 3693 809 3758; x_wconf 81' lang='grc' dir='ltr'><strong>πάθος</strong></span> <span class='ocrx_word' id='word_1_473' title='bbox 836 3693 1020 3749; x_wconf 78' lang='grc' dir='ltr'><strong>αὑτοῦ.</strong></span> 
     </span>
    </p>
   </div>
   <div class='ocr_carea' id='block_1_55' title="bbox 1215 3689 2695 3762">
    <p class='ocr_par' dir='ltr' id='par_1_55' title="bbox 1688 3689 2695 3762">
     <span class='ocr_line' id='line_1_55' title="bbox 1688 3689 2695 3762; baseline 0.002 -18"><span class='ocrx_word' id='word_1_474' title='bbox 1688 3699 1730 3756; x_wconf 83' lang='lat' dir='ltr'><strong>c</strong></span> <span class='ocrx_word' id='word_1_475' title='bbox 1833 3691 1887 3748; x_wconf 89' lang='grc'><strong>1.</strong></span> <span class='ocrx_word' id='word_1_476' title='bbox 1937 3689 2176 3746; x_wconf 87' lang='lat' dir='ltr'><strong>Laudate</strong></span> <span class='ocrx_word' id='word_1_477' title='bbox 2208 3689 2521 3746; x_wconf 89' lang='lat' dir='ltr'><strong>Passionem</strong></span> <span class='ocrx_word' id='word_1_478' title='bbox 2557 3691 2695 3762; x_wconf 87' lang='lat' dir='ltr'><strong>ejus.</strong></span> 
     </span>
    </p>
   </div>
   <div class='ocr_carea' id='block_1_56' title="bbox 157 3784 1637 3856">
    <p class='ocr_par' dir='ltr' id='par_1_56' title="bbox 157 3785 721 3856">
     <span class='ocr_line' id='line_1_56' title="bbox 157 3785 721 3856; baseline -0.005 -15"><span class='ocrx_word' id='word_1_479' title='bbox 157 3789 213 3843; x_wconf 71' lang='grc' dir='ltr'><strong>Ξ.</strong></span> <span class='ocrx_word' id='word_1_480' title='bbox 257 3789 443 3841; x_wconf 81' lang='grc' dir='ltr'><strong>Πάντα</strong></span> <span class='ocrx_word' id='word_1_481' title='bbox 477 3785 544 3840; x_wconf 85' lang='grc' dir='ltr'><strong>τά</strong></span> <span class='ocrx_word' id='word_1_482' title='bbox 573 3785 721 3856; x_wconf 78' lang='grc' dir='ltr'><strong>ἔθνη.</strong></span> 
     </span>
    </p>
   </div>
   <div class='ocr_carea' id='block_1_57' title="bbox 897 3784 2377 3856">
    <p class='ocr_par' dir='ltr' id='par_1_57' title="bbox 1828 3784 2377 3855">
     <span class='ocr_line' id='line_1_57' title="bbox 1828 3784 2377 3855; baseline 0 -19"><span class='ocrx_word' id='word_1_483' title='bbox 1828 3784 1882 3836; x_wconf 68' lang='grc'><strong>2.</strong></span> <span class='ocrx_word' id='word_1_484' title='bbox 1945 3785 2142 3838; x_wconf 84' lang='lat' dir='ltr'><strong>Omnes</strong></span> <span class='ocrx_word' id='word_1_485' title='bbox 2177 3791 2377 3855; x_wconf 75' lang='lat' dir='ltr'><strong>gentes.</strong></span> 
     </span>
    </p>
   </div>
   <div class='ocr_carea' id='block_1_58' title="bbox 155 3873 1635 3950">
    <p class='ocr_par' dir='ltr' id='par_1_58' title="bbox 155 3875 1635 3950">
     <span class='ocr_line' id='line_1_58' title="bbox 155 3875 1635 3950; baseline -0.005 -14"><span class='ocrx_word' id='word_1_486' title='bbox 155 3881 210 3936; x_wconf 81' lang='grc'><strong>5.</strong></span> <span class='ocrx_word' id='word_1_487' title='bbox 229 3880 483 3950; x_wconf 81' lang='grc' dir='ltr'><strong>’ᾼδοντες</strong></span> <span class='ocrx_word' id='word_1_488' title='bbox 507 3879 631 3941; x_wconf 87' lang='grc' dir='ltr'><strong>τοὺς</strong></span> <span class='ocrx_word' id='word_1_489' title='bbox 658 3877 857 3948; x_wconf 78' lang='grc' dir='ltr'><strong>ὕμνους</strong></span> <span class='ocrx_word' id='word_1_490' title='bbox 877 3876 1061 3944; x_wconf 78' lang='grc' dir='ltr'><strong>αὐτοῦ,</strong></span> <span class='ocrx_word' id='word_1_491' title='bbox 1088 3875 1272 3946; x_wconf 84' lang='grc' dir='ltr'><strong>λέγετε</strong></span> <span class='ocrx_word' id='word_1_492' title='bbox 1299 3877 1397 3942; x_wconf 77' lang='grc' dir='ltr'><strong>τὰς</strong></span> <span class='ocrx_word' id='word_1_493' title='bbox 1438 3878 1635 3949; x_wconf 75' lang='grc' dir='ltr'><strong>εὐεργε</strong></span> 
     </span>
    </p>
   </div>
   <div class='ocr_carea' id='block_1_59' title="bbox 1839 3873 3319 3950">
    <p class='ocr_par' dir='ltr' id='par_1_59' title="bbox 1839 3873 3319 3948">
     <span class='ocr_line' id='line_1_59' title="bbox 1839 3873 3319 3948; baseline 0.004 -18"><span class='ocrx_word' id='word_1_494' title='bbox 1839 3877 1882 3931; x_wconf 75' lang='grc' dir='ltr'><strong>ὅ.</strong></span> <span class='ocrx_word' id='word_1_495' title='bbox 1937 3875 2231 3932; x_wconf 89' lang='lat' dir='ltr'><strong>Cantantes</strong></span> <span class='ocrx_word' id='word_1_496' title='bbox 2262 3876 2491 3948; x_wconf 82' lang='lat' dir='ltr'><strong>hymnos</strong></span> <span class='ocrx_word' id='word_1_497' title='bbox 2521 3889 2671 3941; x_wconf 86' lang='lat' dir='ltr'><strong>suos,</strong></span> <span class='ocrx_word' id='word_1_498' title='bbox 2720 3873 2880 3930; x_wconf 92' lang='lat' dir='ltr'><strong>dicite</strong></span> <span class='ocrx_word' id='word_1_499' title='bbox 2938 3874 3319 3936; x_wconf 82' lang='lat' dir='ltr'><strong>beneﬁcentias</strong></span> 
     </span>
    </p>
   </div>
   <div class='ocr_carea' id='block_1_60' title="bbox 93 3969 1573 4039">
    <p class='ocr_par' dir='ltr' id='par_1_60' title="bbox 93 3971 432 4038">
     <span class='ocr_line' id='line_1_60' title="bbox 93 3971 432 4038; baseline 0.006 -14"><span class='ocrx_word' id='word_1_500' title='bbox 93 3975 208 4038; x_wconf 87' lang='grc' dir='ltr'><strong>σίας</strong></span> <span class='ocrx_word' id='word_1_501' title='bbox 245 3971 432 4026; x_wconf 71' lang='grc' dir='ltr'><strong>αὑτοῦ.</strong></span> 
     </span>
    </p>
   </div>
   <div class='ocr_carea' id='block_1_61' title="bbox 418 3969 1898 4039">
    <p class='ocr_par' dir='ltr' id='par_1_61' title="bbox 419 3969 1898 4039">
     <span class='ocr_line' id='line_1_61' title="bbox 419 3969 1898 4039; baseline -0.001 -13"><span class='ocrx_word' id='word_1_502' title='bbox 419 4012 432 4026; x_wconf 94' lang='grc'><strong>.</strong></span> <span class='ocrx_word' id='word_1_503' title='bbox 1759 3969 1898 4039; x_wconf 89' lang='lat' dir='ltr'><strong>ejus.</strong></span> 
     </span>
    </p>
   </div>
   <div class='ocr_carea' id='block_1_62' title="bbox 153 4060 1633 4133">
    <p class='ocr_par' dir='ltr' id='par_1_62' title="bbox 153 4061 1633 4133">
     <span class='ocr_line' id='line_1_62' title="bbox 153 4061 1633 4133; baseline 0 -17"><span class='ocrx_word' id='word_1_504' title='bbox 153 4064 210 4116; x_wconf 71' lang='grc' dir='ltr'><strong>ι.</strong></span> <span class='ocrx_word' id='word_1_505' title='bbox 254 4061 594 4133; x_wconf 87' lang='grc' dir='ltr'><strong>Διηγήσασθε</strong></span> <span class='ocrx_word' id='word_1_506' title='bbox 626 4061 722 4130; x_wconf 84' lang='grc'>(5),</span> <span class='ocrx_word' id='word_1_507' title='bbox 752 4063 832 4116; x_wconf 87' lang='grc' dir='ltr'><strong>ὅτι</strong></span> <span class='ocrx_word' id='word_1_508' title='bbox 855 4061 940 4114; x_wconf 75' lang='grc' dir='ltr'><strong>διὰ</strong></span> <span class='ocrx_word' id='word_1_509' title='bbox 978 4061 1070 4114; x_wconf 78' lang='grc' dir='ltr'><strong>τοῦ</strong></span> <span class='ocrx_word' id='word_1_510' title='bbox 1108 4061 1333 4116; x_wconf 88' lang='grc' dir='ltr'><strong>θανάτου</strong></span> <span class='ocrx_word' id='word_1_511' title='bbox 1358 4061 1520 4116; x_wconf 77' lang='grc' dir='ltr'><strong>αὑτοῦ</strong></span> <span class='ocrx_word' id='word_1_512' title='bbox 1552 4080 1633 4117; x_wconf 82' lang='grc' dir='ltr'><strong>σω</strong></span> 
     </span>
    </p>
   </div>
   <div class='ocr_carea' id='block_1_63' title="bbox 1836 4060 3316 4133">
    <p class='ocr_par' dir='ltr' id='par_1_63' title="bbox 1836 4060 3316 4132">
     <span class='ocr_line' id='line_1_63' title="bbox 1836 4060 3316 4132; baseline 0.001 -18"><span class='ocrx_word' id='word_1_513' title='bbox 1836 4063 1878 4115; x_wconf 77' lang='grc'><strong>1.</strong></span> <span class='ocrx_word' id='word_1_514' title='bbox 1938 4060 2180 4130; x_wconf 84' lang='lat' dir='ltr'><strong>Narrate,</strong></span> <span class='ocrx_word' id='word_1_515' title='bbox 2227 4061 2370 4132; x_wconf 86' lang='lat' dir='ltr'><strong>quod</strong></span> <span class='ocrx_word' id='word_1_516' title='bbox 2423 4077 2518 4132; x_wconf 91' lang='lat' dir='ltr'><strong>per</strong></span> <span class='ocrx_word' id='word_1_517' title='bbox 2556 4071 2784 4117; x_wconf 89' lang='lat' dir='ltr'><strong>mortem</strong></span> <span class='ocrx_word' id='word_1_518' title='bbox 2842 4060 2962 4131; x_wconf 87' lang='lat' dir='ltr'><strong>ejus</strong></span> <span class='ocrx_word' id='word_1_519' title='bbox 3005 4061 3139 4116; x_wconf 88' lang='lat' dir='ltr'><strong>salvi</strong></span> <span class='ocrx_word' id='word_1_520' title='bbox 3188 4061 3316 4116; x_wconf 70' lang='lat' dir='ltr'><strong>facti</strong></span> 
     </span>
    </p>
   </div>
   <div class='ocr_carea' id='block_1_64' title="bbox 89 4148 1569 4222">
    <p class='ocr_par' dir='ltr' id='par_1_64' title="bbox 89 4148 317 4222">
     <span class='ocr_line' id='line_1_64' title="bbox 89 4148 317 4222; baseline 0.004 -19"><span class='ocrx_word' id='word_1_521' title='bbox 89 4148 317 4222; x_wconf 75' lang='grc' dir='ltr'><strong>ζόμεθα.</strong></span> 
     </span>
    </p>
   </div>
   <div class='ocr_carea' id='block_1_65' title="bbox 485 4148 1965 4222">
    <p class='ocr_par' dir='ltr' id='par_1_65' title="bbox 1759 4171 1965 4210">
     <span class='ocr_line' id='line_1_65' title="bbox 1759 4171 1965 4210; baseline -0.01 0"><span class='ocrx_word' id='word_1_522' title='bbox 1759 4171 1965 4210; x_wconf 85' lang='lat' dir='ltr'><strong>sumus.</strong></span> 
     </span>
    </p>
   </div>
   <div class='ocr_carea' id='block_1_66' title="bbox 155 4239 1635 4315">
    <p class='ocr_par' dir='ltr' id='par_1_66' title="bbox 155 4239 1457 4312">
     <span class='ocr_line' id='line_1_66' title="bbox 155 4239 1457 4312; baseline -0.002 -15"><span class='ocrx_word' id='word_1_523' title='bbox 155 4243 212 4297; x_wconf 85' lang='lat'><strong>5.</strong></span> <span class='ocrx_word' id='word_1_524' title='bbox 257 4239 544 4312; x_wconf 79' lang='grc' dir='ltr'><strong>Κηρύξατε</strong></span> <span class='ocrx_word' id='word_1_525' title='bbox 569 4242 627 4295; x_wconf 76' lang='grc' dir='ltr'><strong>ἐν</strong></span> <span class='ocrx_word' id='word_1_526' title='bbox 655 4241 765 4303; x_wconf 82' lang='grc' dir='ltr'><strong>τοῖς</strong></span> <span class='ocrx_word' id='word_1_527' title='bbox 787 4240 959 4293; x_wconf 79' lang='grc' dir='ltr'><strong>ἔθνεσι</strong></span> <span class='ocrx_word' id='word_1_528' title='bbox 989 4241 1050 4294; x_wconf 84' lang='grc' dir='ltr'><strong>τὸ</strong></span> <span class='ocrx_word' id='word_1_529' title='bbox 1075 4241 1242 4304; x_wconf 82' lang='grc' dir='ltr'><strong>πάθος</strong></span> <span class='ocrx_word' id='word_1_530' title='bbox 1271 4241 1457 4295; x_wconf 81' lang='grc' dir='ltr'><strong>αὑτοῦ.</strong></span> 
     </span>
    </p>
   </div>
   <div class='ocr_carea' id='block_1_67' title="bbox 1631 4239 3111 4315">
    <p class='ocr_par' dir='ltr' id='par_1_67' title="bbox 1829 4242 3111 4315">
     <span class='ocr_line' id='line_1_67' title="bbox 1829 4242 3111 4315; baseline -0.004 -13"><span class='ocrx_word' id='word_1_531' title='bbox 1829 4246 1878 4302; x_wconf 86' lang='grc'><strong>5.</strong></span> <span class='ocrx_word' id='word_1_532' title='bbox 1935 4245 2229 4299; x_wconf 71' lang='lat' dir='ltr'><strong>Praedicate</strong></span> <span class='ocrx_word' id='word_1_533' title='bbox 2259 4246 2312 4298; x_wconf 91' lang='lat' dir='ltr'><strong>in</strong></span> <span class='ocrx_word' id='word_1_534' title='bbox 2341 4245 2592 4315; x_wconf 81' lang='lat' dir='ltr'><strong>gentibus</strong></span> <span class='ocrx_word' id='word_1_535' title='bbox 2627 4244 2745 4314; x_wconf 89' lang='lat' dir='ltr'><strong>ejus</strong></span> <span class='ocrx_word' id='word_1_536' title='bbox 2772 4242 3111 4299; x_wconf 88' lang='lat' dir='ltr'><strong>Passionem.</strong></span> 
     </span>
    </p>
   </div>
   <div class='ocr_carea' id='block_1_68' title="bbox 155 4333 1635 4408">
    <p class='ocr_par' dir='ltr' id='par_1_68' title="bbox 155 4333 916 4408">
     <span class='ocr_line' id='line_1_68' title="bbox 155 4333 916 4408; baseline -0.007 -17"><span class='ocrx_word' id='word_1_537' title='bbox 155 4338 210 4392; x_wconf 89' lang='lat'><strong>6.</strong></span> <span class='ocrx_word' id='word_1_538' title='bbox 251 4337 366 4408; x_wconf 81' lang='grc' dir='ltr'><strong>Τὴν</strong></span> <span class='ocrx_word' id='word_1_539' title='bbox 406 4335 696 4389; x_wconf 81' lang='grc' dir='ltr'><strong>ἀνάστασιν</strong></span> <span class='ocrx_word' id='word_1_540' title='bbox 731 4333 916 4388; x_wconf 83' lang='grc' dir='ltr'><strong>αὑτοῦ.</strong></span> 
     </span>
    </p>
   </div>
   <div class='ocr_carea' id='block_1_69' title="bbox 1151 4333 2631 4408">
    <p class='ocr_par' dir='ltr' id='par_1_69' title="bbox 1825 4336 2631 4405">
     <span class='ocr_line' id='line_1_69' title="bbox 1825 4336 2631 4405; baseline 0.005 -15"><span class='ocrx_word' id='word_1_541' title='bbox 1825 4337 1876 4390; x_wconf 87' lang='grc'><strong>6.</strong></span> <span class='ocrx_word' id='word_1_542' title='bbox 1930 4336 2404 4391; x_wconf 83' lang='lat' dir='ltr'><strong>Resurrectionem</strong></span> <span class='ocrx_word' id='word_1_543' title='bbox 2441 4337 2631 4405; x_wconf 77' lang='lat' dir='ltr'><strong>ipsius.</strong></span> 
     </span>
    </p>
   </div>
   <div class='ocr_carea' id='block_1_70' title="bbox 160 4423 1640 4496">
    <p class='ocr_par' dir='ltr' id='par_1_70' title="bbox 160 4423 1640 4494">
     <span class='ocr_line' id='line_1_70' title="bbox 160 4423 1640 4494; baseline -0.005 -12"><span class='ocrx_word' id='word_1_544' title='bbox 160 4431 211 4484; x_wconf 85' lang='lat'><strong>7.</strong></span> <span class='ocrx_word' id='word_1_545' title='bbox 225 4427 352 4484; x_wconf 86' lang='grc' dir='ltr'><strong>Ὅτι</strong></span> <span class='ocrx_word' id='word_1_546' title='bbox 377 4428 526 4493; x_wconf 80' lang='grc' dir='ltr'><strong>ἄξιός</strong></span> <span class='ocrx_word' id='word_1_547' title='bbox 548 4430 662 4481; x_wconf 78' lang='grc' dir='ltr'><strong>ἐστι</strong></span> <span class='ocrx_word' id='word_1_548' title='bbox 688 4425 782 4480; x_wconf 79' lang='grc' dir='ltr'><strong>τοῦ</strong></span> <span class='ocrx_word' id='word_1_549' title='bbox 815 4423 1133 4490; x_wconf 82' lang='grc' dir='ltr'><strong>δοξάζεσθαι</strong></span> <span class='ocrx_word' id='word_1_550' title='bbox 1155 4423 1241 4478; x_wconf 84' lang='grc' dir='ltr'><strong>διὰ</strong></span> <span class='ocrx_word' id='word_1_551' title='bbox 1261 4423 1358 4494; x_wconf 81' lang='grc' dir='ltr'><strong>τὴν</strong></span> <span class='ocrx_word' id='word_1_552' title='bbox 1388 4423 1538 4494; x_wconf 79' lang='grc' dir='ltr'><strong>ἰσχὺν</strong></span> <span class='ocrx_word' id='word_1_553' title='bbox 1560 4424 1640 4478; x_wconf 86' lang='grc' dir='ltr'><strong>αὐ-</strong></span> 
     </span>
    </p>
   </div>
   <div class='ocr_carea' id='block_1_71' title="bbox 1833 4423 3313 4496">
    <p class='ocr_par' dir='ltr' id='par_1_71' title="bbox 1833 4423 3313 4496">
     <span class='ocr_line' id='line_1_71' title="bbox 1833 4423 3313 4496; baseline 0 -18"><span class='ocrx_word' id='word_1_554' title='bbox 1833 4426 1877 4480; x_wconf 86' lang='grc'><strong>7.</strong></span> <span class='ocrx_word' id='word_1_555' title='bbox 1931 4426 2197 4492; x_wconf 90' lang='lat' dir='ltr'><strong>Quoniam</strong></span> <span class='ocrx_word' id='word_1_556' title='bbox 2235 4426 2432 4496; x_wconf 78' lang='lat' dir='ltr'><strong>dignus</strong></span> <span class='ocrx_word' id='word_1_557' title='bbox 2481 4434 2585 4492; x_wconf 87' lang='lat' dir='ltr'><strong>est,</strong></span> <span class='ocrx_word' id='word_1_558' title='bbox 2617 4434 2676 4479; x_wconf 94' lang='lat' dir='ltr'><strong>ut</strong></span> <span class='ocrx_word' id='word_1_559' title='bbox 2722 4423 3050 4496; x_wconf 73' lang='lat' dir='ltr'><strong>gloriﬁcetur</strong></span> <span class='ocrx_word' id='word_1_560' title='bbox 3096 4436 3313 4494; x_wconf 85' lang='lat' dir='ltr'><strong>propter</strong></span> 
     </span>
    </p>
   </div>
   <div class='ocr_carea' id='block_1_72' title="bbox 75 4519 1555 4588">
    <p class='ocr_par' dir='ltr' id='par_1_72' title="bbox 75 4521 198 4576">
     <span class='ocr_line' id='line_1_72' title="bbox 75 4521 198 4576; baseline 0.024 -3"><span class='ocrx_word' id='word_1_561' title='bbox 75 4521 198 4576; x_wconf 79' lang='grc' dir='ltr'><strong>τοῦ.</strong></span> 
     </span>
    </p>
   </div>
   <div class='ocr_carea' id='block_1_73' title="bbox 783 4519 2263 4588">
    <p class='ocr_par' dir='ltr' id='par_1_73' title="bbox 1755 4519 2263 4588">
     <span class='ocr_line' id='line_1_73' title="bbox 1755 4519 2263 4588; baseline -0.002 -17"><span class='ocrx_word' id='word_1_562' title='bbox 1755 4519 2050 4588; x_wconf 87' lang='lat' dir='ltr'><strong>potentiam</strong></span> <span class='ocrx_word' id='word_1_563' title='bbox 2087 4531 2263 4570; x_wconf 85' lang='lat' dir='ltr'><strong>suam.</strong></span> 
     </span>
    </p>
   </div>
   <div class='ocr_carea' id='block_1_74' title="bbox 153 4604 1633 4676">
    <p class='ocr_par' dir='ltr' id='par_1_74' title="bbox 153 4606 1053 4676">
     <span class='ocr_line' id='line_1_74' title="bbox 153 4606 1053 4676; baseline -0.006 -11"><span class='ocrx_word' id='word_1_564' title='bbox 153 4612 208 4665; x_wconf 91' lang='lat'><strong>8.</strong></span> <span class='ocrx_word' id='word_1_565' title='bbox 236 4610 360 4664; x_wconf 73' lang='grc' dir='ltr'><strong>Ἐπὶ</strong></span> <span class='ocrx_word' id='word_1_566' title='bbox 383 4608 481 4672; x_wconf 78' lang='grc' dir='ltr'><strong>τὰς</strong></span> <span class='ocrx_word' id='word_1_567' title='bbox 505 4610 748 4672; x_wconf 82' lang='grc' dir='ltr'><strong>ἐναντίας</strong></span> <span class='ocrx_word' id='word_1_568' title='bbox 781 4606 1053 4676; x_wconf 85' lang='grc' dir='ltr'><strong>δυνάμεις.</strong></span> 
     </span>
    </p>
   </div>
   <div class='ocr_carea' id='block_1_75' title="bbox 1357 4604 2837 4676">
    <p class='ocr_par' dir='ltr' id='par_1_75' title="bbox 1822 4604 2837 4675">
     <span class='ocr_line' id='line_1_75' title="bbox 1822 4604 2837 4675; baseline 0.001 -16"><span class='ocrx_word' id='word_1_569' title='bbox 1822 4605 1874 4660; x_wconf 91' lang='lat'><strong>8.</strong></span> <span class='ocrx_word' id='word_1_570' title='bbox 1932 4604 2105 4675; x_wconf 91' lang='lat' dir='ltr'><strong>Super</strong></span> <span class='ocrx_word' id='word_1_571' title='bbox 2145 4605 2484 4661; x_wconf 76' lang='lat' dir='ltr'><strong>adversarius</strong></span> <span class='ocrx_word' id='word_1_572' title='bbox 2524 4613 2837 4675; x_wconf 86' lang='lat' dir='ltr'><strong>potestates.</strong></span> 
     </span>
    </p>
   </div>
   <div class='ocr_carea' id='block_1_76' title="bbox 149 4693 1629 4772">
    <p class='ocr_par' dir='ltr' id='par_1_76' title="bbox 149 4693 1622 4772">
     <span class='ocr_line' id='line_1_76' title="bbox 149 4693 1622 4772; baseline -0.007 -15"><span class='ocrx_word' id='word_1_573' title='bbox 149 4703 204 4757; x_wconf 88' lang='lat'><strong>9.</strong></span> <span class='ocrx_word' id='word_1_574' title='bbox 251 4701 390 4756; x_wconf 84' lang='grc' dir='ltr'><strong>Πνεύ</strong></span> <span class='ocrx_word' id='word_1_575' title='bbox 401 4719 542 4770; x_wconf 86' lang='grc' dir='ltr'><strong>ματα</strong></span> <span class='ocrx_word' id='word_1_576' title='bbox 569 4700 849 4772; x_wconf 81' lang='grc' dir='ltr'><strong>ἀκάθαρτα</strong></span> <span class='ocrx_word' id='word_1_577' title='bbox 873 4697 1180 4770; x_wconf 84' lang='grc' dir='ltr'><strong>τηρούμενα</strong></span> <span class='ocrx_word' id='word_1_578' title='bbox 1209 4697 1288 4759; x_wconf 89' lang='grc' dir='ltr'><strong>είς</strong></span> <span class='ocrx_word' id='word_1_579' title='bbox 1310 4694 1493 4767; x_wconf 78' lang='grc' dir='ltr'><strong>κρίσιν</strong></span> <span class='ocrx_word' id='word_1_580' title='bbox 1521 4693 1622 4749; x_wconf 86' lang='grc' dir='ltr'><strong>αίώ</strong></span> 
     </span>
    </p>
   </div>
   <div class='ocr_carea' id='block_1_77' title="bbox 1831 4693 3311 4772">
    <p class='ocr_par' dir='ltr' id='par_1_77' title="bbox 1831 4695 3311 4768">
     <span class='ocr_line' id='line_1_77' title="bbox 1831 4695 3311 4768; baseline -0.001 -15"><span class='ocrx_word' id='word_1_581' title='bbox 1831 4699 1874 4753; x_wconf 77' lang='lat'><strong>9.</strong></span> <span class='ocrx_word' id='word_1_582' title='bbox 1931 4696 2164 4768; x_wconf 89' lang='lat' dir='ltr'><strong>Spiritus</strong></span> <span class='ocrx_word' id='word_1_583' title='bbox 2195 4696 2460 4752; x_wconf 90' lang='lat' dir='ltr'><strong>immundi</strong></span> <span class='ocrx_word' id='word_1_584' title='bbox 2489 4697 2749 4753; x_wconf 88' lang='lat' dir='ltr'><strong>reservati</strong></span> <span class='ocrx_word' id='word_1_585' title='bbox 2778 4696 2833 4752; x_wconf 91' lang='lat' dir='ltr'><strong>in</strong></span> <span class='ocrx_word' id='word_1_586' title='bbox 2861 4695 3125 4768; x_wconf 87' lang='lat' dir='ltr'><strong>judicium</strong></span> <span class='ocrx_word' id='word_1_587' title='bbox 3156 4708 3311 4751; x_wconf 65' lang='lat' dir='ltr'><strong>aeter-</strong></span> 
     </span>
    </p>
   </div>
   <div class='ocr_carea' id='block_1_78' title="bbox 75 4789 1555 4863">
    <p class='ocr_par' dir='ltr' id='par_1_78' title="bbox 75 4792 524 4863">
     <span class='ocr_line' id='line_1_78' title="bbox 75 4792 524 4863; baseline 0.002 -18"><span class='ocrx_word' id='word_1_588' title='bbox 75 4814 104 4846; x_wconf 59' lang='grc'><strong><em>»</em></strong></span> <span class='ocrx_word' id='word_1_589' title='bbox 115 4812 193 4846; x_wconf 78' lang='grc' dir='ltr'><strong>ιον</strong></span> <span class='ocrx_word' id='word_1_590' title='bbox 233 4792 308 4863; x_wconf 87' lang='grc'>(6)</span> <span class='ocrx_word' id='word_1_591' title='bbox 334 4792 524 4863; x_wconf 80' lang='grc' dir='ltr'><strong>πυρός.</strong></span> 
     </span>
    </p>
   </div>
   <div class='ocr_carea' id='block_1_79' title="bbox 688 4789 2168 4863">
    <p class='ocr_par' dir='ltr' id='par_1_79' title="bbox 1755 4789 2168 4860">
     <span class='ocr_line' id='line_1_79' title="bbox 1755 4789 2168 4860; baseline 0 -18"><span class='ocrx_word' id='word_1_592' title='bbox 1755 4804 1884 4842; x_wconf 91' lang='lat' dir='ltr'><strong>num</strong></span> <span class='ocrx_word' id='word_1_593' title='bbox 1920 4789 2060 4860; x_wconf 79' lang='lat' dir='ltr'><strong>ignis</strong></span> <span class='ocrx_word' id='word_1_594' title='bbox 2102 4789 2168 4842; x_wconf 77' lang='grc' dir='ltr'><strong>³ο.</strong></span> 
     </span>
    </p>
   </div>
   <div class='ocr_carea' id='block_1_80' title="bbox 150 4876 1630 4953">
    <p class='ocr_par' dir='ltr' id='par_1_80' title="bbox 150 4876 1389 4953">
     <span class='ocr_line' id='line_1_80' title="bbox 150 4876 1389 4953; baseline -0.007 -14"><span class='ocrx_word' id='word_1_595' title='bbox 150 4884 244 4940; x_wconf 85' lang='grc'><strong>10.</strong></span> <span class='ocrx_word' id='word_1_596' title='bbox 287 4885 381 4947; x_wconf 85' lang='grc' dir='ltr'><strong>Εἰς</strong></span> <span class='ocrx_word' id='word_1_597' title='bbox 408 4882 717 4953; x_wconf 51' lang='grc' dir='ltr'><strong>οὒςοὲκείνοι</strong></span> <span class='ocrx_word' id='word_1_598' title='bbox 749 4880 986 4935; x_wconf 78' lang='grc' dir='ltr'><strong>ἀνελθεῖν</strong></span> <span class='ocrx_word' id='word_1_599' title='bbox 1010 4876 1260 4949; x_wconf 82' lang='grc' dir='ltr'><strong>οὐδαμῶς</strong></span> <span class='ocrx_word' id='word_1_600' title='bbox 1291 4877 1389 4948; x_wconf 89' lang='grc'>(7).</span> 
     </span>
    </p>
   </div>
   <div class='ocr_carea' id='block_1_81' title="bbox 1827 4876 3307 4953">
    <p class='ocr_par' dir='ltr' id='par_1_81' title="bbox 1827 4879 3307 4952">
     <span class='ocr_line' id='line_1_81' title="bbox 1827 4879 3307 4952; baseline 0.001 -19"><span class='ocrx_word' id='word_1_601' title='bbox 1827 4879 1910 4934; x_wconf 81' lang='grc'><strong>10.</strong></span> <span class='ocrx_word' id='word_1_602' title='bbox 1962 4879 2019 4934; x_wconf 82' lang='grc' dir='ltr'><strong>1η</strong></span> <span class='ocrx_word' id='word_1_603' title='bbox 2071 4893 2209 4950; x_wconf 84' lang='lat' dir='ltr'><strong>quos</strong></span> <span class='ocrx_word' id='word_1_604' title='bbox 2237 4879 2314 4934; x_wconf 88' lang='lat' dir='ltr'><strong>illi</strong></span> <span class='ocrx_word' id='word_1_605' title='bbox 2348 4879 2497 4936; x_wconf 89' lang='lat' dir='ltr'><strong>nullo</strong></span> <span class='ocrx_word' id='word_1_606' title='bbox 2532 4881 2695 4938; x_wconf 89' lang='lat' dir='ltr'><strong>modo</strong></span> <span class='ocrx_word' id='word_1_607' title='bbox 2730 4880 3020 4938; x_wconf 86' lang='lat' dir='ltr'><strong>ascendere</strong></span> <span class='ocrx_word' id='word_1_608' title='bbox 3060 4885 3307 4952; x_wconf 87' lang='lat' dir='ltr'><strong>possunt.</strong></span> 
     </span>
    </p>
   </div>
   <div class='ocr_carea' id='block_1_82' title="bbox 153 4967 1633 5042">
    <p class='ocr_par' dir='ltr' id='par_1_82' title="bbox 153 4971 908 5042">
     <span class='ocr_line' id='line_1_82' title="bbox 153 4971 908 5042; baseline -0.005 -12"><span class='ocrx_word' id='word_1_609' title='bbox 153 4976 245 5030; x_wconf 85' lang='grc'><strong>11.</strong></span> <span class='ocrx_word' id='word_1_610' title='bbox 285 4973 350 5029; x_wconf 84' lang='grc' dir='ltr'>Οἱ</span> <span class='ocrx_word' id='word_1_611' title='bbox 381 4974 719 5038; x_wconf 83' lang='grc' dir='ltr'><strong>πιστεύοντες</strong></span> <span class='ocrx_word' id='word_1_612' title='bbox 744 4971 908 5042; x_wconf 83' lang='grc' dir='ltr'><strong>αὐτῷ.</strong></span> 
     </span>
    </p>
   </div>
   <div class='ocr_carea' id='block_1_83' title="bbox 859 4967 2339 5042">
    <p class='ocr_par' dir='ltr' id='par_1_83' title="bbox 859 4967 2339 5042">
     <span class='ocr_line' id='line_1_83' title="bbox 859 4967 2339 5042; baseline -0.001 -16"><span class='ocrx_word' id='word_1_613' title='bbox 859 4971 908 5042; x_wconf 69' lang='grc' dir='ltr'><strong>ξι.</strong></span> <span class='ocrx_word' id='word_1_614' title='bbox 1821 4970 1842 5022; x_wconf 88' lang='grc'><strong>1</strong></span> <span class='ocrx_word' id='word_1_615' title='bbox 1862 4971 1907 5025; x_wconf 90' lang='lat' dir='ltr'><strong>I.</strong></span> <span class='ocrx_word' id='word_1_616' title='bbox 1959 4967 2251 5026; x_wconf 87' lang='lat' dir='ltr'><strong>Credentes</strong></span> <span class='ocrx_word' id='word_1_617' title='bbox 2272 4971 2339 5026; x_wconf 89' lang='lat' dir='ltr'><strong>ei.</strong></span> 
     </span>
    </p>
   </div>
   <div class='ocr_carea' id='block_1_84' title="bbox 150 5050 1630 5138">
    <p class='ocr_par' dir='ltr' id='par_1_84' title="bbox 150 5059 1306 5138">
     <span class='ocr_line' id='line_1_84' title="bbox 150 5059 1306 5138; baseline -0.009 -16"><span class='ocrx_word' id='word_1_618' title='bbox 150 5068 245 5123; x_wconf 72' lang='grc'><strong>12.</strong></span> <span class='ocrx_word' id='word_1_619' title='bbox 271 5067 335 5118; x_wconf 88' lang='lat' dir='ltr'><strong>&#39;H</strong></span> <span class='ocrx_word' id='word_1_620' title='bbox 358 5067 517 5138; x_wconf 81' lang='grc' dir='ltr'><strong>χάρις</strong></span> <span class='ocrx_word' id='word_1_621' title='bbox 544 5064 706 5118; x_wconf 82' lang='grc' dir='ltr'><strong>αὐτοῦ</strong></span> <span class='ocrx_word' id='word_1_622' title='bbox 737 5063 828 5116; x_wconf 74' lang='grc' dir='ltr'><strong>ἐπὶ</strong></span> <span class='ocrx_word' id='word_1_623' title='bbox 856 5062 944 5116; x_wconf 84' lang='grc' dir='ltr'><strong>τὸν</strong></span> <span class='ocrx_word' id='word_1_624' title='bbox 971 5061 1096 5115; x_wconf 82' lang='grc' dir='ltr'><strong>λαὸν</strong></span> <span class='ocrx_word' id='word_1_625' title='bbox 1120 5059 1306 5115; x_wconf 81' lang='grc' dir='ltr'><strong>αὑτοῦ.</strong></span> 
     </span>
    </p>
   </div>
   <div class='ocr_carea' id='block_1_85' title="bbox 1513 5050 2993 5138">
    <p class='ocr_par' dir='ltr' id='par_1_85' title="bbox 1685 5050 2993 5138">
     <span class='ocr_line' id='line_1_85' title="bbox 1685 5050 2993 5138; baseline 0.004 -26"><span class='ocrx_word' id='word_1_626' title='bbox 1685 5050 1728 5104; x_wconf 80' lang='grc' dir='ltr'>ι)</span> <span class='ocrx_word' id='word_1_627' title='bbox 1826 5062 1914 5114; x_wconf 70' lang='grc'><strong>12.</strong></span> <span class='ocrx_word' id='word_1_628' title='bbox 1966 5059 2150 5117; x_wconf 82' lang='lat' dir='ltr'><strong>Gratia</strong></span> <span class='ocrx_word' id='word_1_629' title='bbox 2177 5063 2295 5133; x_wconf 88' lang='lat' dir='ltr'><strong>ejus</strong></span> <span class='ocrx_word' id='word_1_630' title='bbox 2327 5077 2492 5135; x_wconf 89' lang='lat' dir='ltr'><strong>super</strong></span> <span class='ocrx_word' id='word_1_631' title='bbox 2527 5063 2785 5138; x_wconf 89' lang='lat' dir='ltr'><strong>populum</strong></span> <span class='ocrx_word' id='word_1_632' title='bbox 2815 5077 2993 5122; x_wconf 83' lang='lat' dir='ltr'><strong>suum.</strong></span> 
     </span>
    </p>
   </div>
   <div class='ocr_carea' id='block_1_86' title="bbox 154 5170 1532 5243">
    <p class='ocr_par' dir='ltr' id='par_1_86' title="bbox 154 5170 1532 5243">
     <span class='ocr_line' id='line_1_86' title="bbox 154 5170 1532 5243; baseline -0.005 -11"><span class='ocrx_word' id='word_1_633' title='bbox 154 5181 202 5212; x_wconf 80' lang='grc'><strong>¹⁹</strong></span> <span class='ocrx_word' id='word_1_634' title='bbox 257 5177 425 5232; x_wconf 80' lang='lat' dir='ltr'><strong>Hebr.</strong></span> <span class='ocrx_word' id='word_1_635' title='bbox 457 5192 552 5243; x_wconf 90' lang='grc' dir='ltr'><strong>ιιι,</strong></span> <span class='ocrx_word' id='word_1_636' title='bbox 603 5175 656 5233; x_wconf 90' lang='lat'><strong>6.</strong></span> <span class='ocrx_word' id='word_1_637' title='bbox 729 5175 776 5208; x_wconf 79' lang='lat'><strong>’°</strong></span> <span class='ocrx_word' id='word_1_638' title='bbox 825 5173 868 5229; x_wconf 89' lang='lat' dir='ltr'><strong>ll</strong></span> <span class='ocrx_word' id='word_1_639' title='bbox 903 5173 1047 5229; x_wconf 87' lang='lat' dir='ltr'><strong>Petr.</strong></span> <span class='ocrx_word' id='word_1_640' title='bbox 1100 5189 1166 5239; x_wconf 91' lang='grc' dir='ltr'><strong>ιι,</strong></span> <span class='ocrx_word' id='word_1_641' title='bbox 1198 5171 1265 5239; x_wconf 78' lang='grc' dir='ltr'><strong>ι1;</strong></span> <span class='ocrx_word' id='word_1_642' title='bbox 1314 5170 1447 5226; x_wconf 85' lang='lat' dir='ltr'><strong>Jud.</strong></span> <span class='ocrx_word' id='word_1_643' title='bbox 1481 5175 1532 5227; x_wconf 83' lang='grc' dir='ltr'><strong>ί).</strong></span> 
     </span>
    </p>
   </div>
   <div class='ocr_carea' id='block_1_87' title="bbox 1029 5281 2336 5362">
    <p class='ocr_par' dir='ltr' id='par_1_87' title="bbox 1029 5281 2336 5362">
     <span class='ocr_line' id='line_1_87' title="bbox 1029 5281 2336 5362; baseline 0.002 -16"><span class='ocrx_word' id='word_1_644' title='bbox 1029 5284 1332 5346; x_wconf 83' lang='lat' dir='ltr'><strong>Addenda</strong></span> <span class='ocrx_word' id='word_1_645' title='bbox 1364 5291 1424 5346; x_wconf 92' lang='lat' dir='ltr'><strong>et</strong></span> <span class='ocrx_word' id='word_1_646' title='bbox 1451 5281 1824 5362; x_wconf 79' lang='lat' dir='ltr'><strong>corrigenda</strong></span> <span class='ocrx_word' id='word_1_647' title='bbox 1855 5299 1933 5344; x_wconf 82' lang='lat' dir='ltr'><strong>ex</strong></span> <span class='ocrx_word' id='word_1_648' title='bbox 1960 5283 2100 5344; x_wconf 90' lang='lat' dir='ltr'><strong>cod.</strong></span> <span class='ocrx_word' id='word_1_649' title='bbox 2135 5285 2336 5348; x_wconf 80' lang='lat' dir='ltr'><strong>Vatic.</strong></span> 
     </span>
    </p>
   </div>
   <div class='ocr_carea' id='block_1_88' title="bbox 185 5390 2112 5472">
    <p class='ocr_par' dir='ltr' id='par_1_88' title="bbox 185 5390 2112 5472">
     <span class='ocr_line' id='line_1_88' title="bbox 185 5390 2112 5472; baseline -0.003 -26"><span class='ocrx_word' id='word_1_650' title='bbox 185 5394 237 5472; x_wconf 74' lang='grc'><strong>1)</strong></span> <span class='ocrx_word' id='word_1_651' title='bbox 357 5392 446 5472; x_wconf 61' lang='grc' dir='ltr'><strong>διᾲ</strong></span> <span class='ocrx_word' id='word_1_652' title='bbox 468 5391 567 5462; x_wconf 82' lang='grc' dir='ltr'><strong>τῆς</strong></span> <span class='ocrx_word' id='word_1_653' title='bbox 597 5390 1106 5472; x_wconf 66' lang='grc' dir='ltr'><strong>κινναϐάρεωςπερ.</strong></span> <span class='ocrx_word' id='word_1_654' title='bbox 1741 5402 1910 5472; x_wconf 44' lang='lat' dir='ltr'><strong>stoer,</strong></span> <span class='ocrx_word' id='word_1_655' title='bbox 1935 5396 2040 5472; x_wconf 71' lang='lat' dir='ltr'><strong>etc.</strong></span> <span class='ocrx_word' id='word_1_656' title='bbox 2092 5460 2112 5472; x_wconf 44' lang='lat'>.</span> 
     </span>
    </p>
   </div>
   <div class='ocr_carea' id='block_1_89' title="bbox 177 5456 1657 5646">
    <p class='ocr_par' dir='ltr' id='par_1_89' title="bbox 177 5456 1640 5646">
     <span class='ocr_line' id='line_1_89' title="bbox 177 5456 1104 5589; baseline -0.01 -69"><span class='ocrx_word' id='word_1_657' title='bbox 177 5456 236 5528; x_wconf 68' lang='grc' dir='ltr'>Ξ)</span> <span class='ocrx_word' id='word_1_658' title='bbox 259 5456 598 5589; x_wconf 52' lang='grc' dir='ltr'><strong>’Χιοδύμητᾳ</strong></span> <span class='ocrx_word' id='word_1_659' title='bbox 632 5471 758 5523; x_wconf 85' lang='lat' dir='ltr'><strong>etc.,</strong></span> <span class='ocrx_word' id='word_1_660' title='bbox 793 5456 865 5514; x_wconf 78' lang='lat' dir='ltr'><strong>ita</strong></span> <span class='ocrx_word' id='word_1_661' title='bbox 892 5471 946 5513; x_wconf 85' lang='lat' dir='ltr'><strong>et</strong></span> <span class='ocrx_word' id='word_1_662' title='bbox 968 5456 1104 5512; x_wconf 77' lang='lat' dir='ltr'><strong>infra</strong></span> 
     </span>
     <span class='ocr_line' id='line_1_90' title="bbox 177 5527 899 5604; baseline -0.012 -14"><span class='ocrx_word' id='word_1_663' title='bbox 177 5537 233 5604; x_wconf 82' lang='lat'><strong>3)</strong></span> <span class='ocrx_word' id='word_1_664' title='bbox 319 5536 450 5602; x_wconf 82' lang='grc' dir='ltr'><strong>ἐγει’</strong></span> <span class='ocrx_word' id='word_1_665' title='bbox 491 5532 567 5586; x_wconf 82' lang='grc' dir='ltr'><strong>Οὐ</strong></span> <span class='ocrx_word' id='word_1_666' title='bbox 600 5527 762 5594; x_wconf 80' lang='grc' dir='ltr'><strong>οἶκος,</strong></span> <span class='ocrx_word' id='word_1_667' title='bbox 798 5538 899 5584; x_wconf 84' lang='lat' dir='ltr'><strong>etc.</strong></span> 
     </span>
     <span class='ocr_line' id='line_1_91' title="bbox 183 5593 1640 5646; baseline 0 0"><span class='ocrx_word' id='word_1_668' title='bbox 183 5608 234 5646; x_wconf 68' lang='grc' dir='ltr'><strong>ιι</strong></span> <span class='ocrx_word' id='word_1_669' title='bbox 271 5605 417 5646; x_wconf 65' lang='lat' dir='ltr'><strong>omn</strong></span> <span class='ocrx_word' id='word_1_670' title='bbox 447 5603 502 5646; x_wconf 67' lang='grc' dir='ltr'><strong>δὲ</strong></span> <span class='ocrx_word' id='word_1_671' title='bbox 534 5602 666 5646; x_wconf 64' lang='grc' dir='ltr'><strong>μετὰ</strong></span> <span class='ocrx_word' id='word_1_672' title='bbox 692 5599 787 5646; x_wconf 68' lang='grc' dir='ltr'><strong>τὴν</strong></span> <span class='ocrx_word' id='word_1_673' title='bbox 821 5597 1208 5646; x_wconf 72' lang='grc' dir='ltr'><strong>αἰνηαλωσίαν.</strong></span> <span class='ocrx_word' id='word_1_674' title='bbox 1233 5597 1297 5646; x_wconf 71' lang='grc' dir='ltr'><strong>ἣν</strong></span> <span class='ocrx_word' id='word_1_675' title='bbox 1322 5593 1640 5646; x_wconf 76' lang='grc' dir='ltr'><strong>ὲξτιγιιαλώο</strong></span> 
     </span>
    </p>
   </div>
   <div class='ocr_carea' id='block_1_90' title="bbox 805 5456 2285 5646">
    <p class='ocr_par' dir='ltr' id='par_1_90' title="bbox 805 5456 2285 5646">
     <span class='ocr_line' id='line_1_92' title="bbox 805 5456 2254 5646; baseline -0.001 -134"><span class='ocrx_word' id='word_1_676' title='bbox 805 5456 865 5512; x_wconf 60' lang='lat' dir='ltr'><strong>ita</strong></span> <span class='ocrx_word' id='word_1_677' title='bbox 892 5471 946 5513; x_wconf 88' lang='lat' dir='ltr'><strong>et</strong></span> <span class='ocrx_word' id='word_1_678' title='bbox 968 5456 1104 5512; x_wconf 74' lang='lat' dir='ltr'><strong>infra</strong></span> <span class='ocrx_word' id='word_1_679' title='bbox 1814 5457 1890 5646; x_wconf 44' lang='grc' dir='ltr'><strong>(εἰς</strong></span> <span class='ocrx_word' id='word_1_680' title='bbox 1929 5456 2254 5528; x_wconf 87' lang='grc' dir='ltr'><strong>Διηγείσθαι.</strong></span> 
     </span>
     <span class='ocr_line' id='line_1_93' title="bbox 805 5527 2285 5596; baseline -0.001 -13"><span class='ocrx_word' id='word_1_681' title='bbox 805 5538 899 5584; x_wconf 83' lang='lat' dir='ltr'><strong>etc.</strong></span> <span class='ocrx_word' id='word_1_682' title='bbox 1814 5527 1867 5596; x_wconf 78' lang='grc' dir='ltr'>(ϐ</span> <span class='ocrx_word' id='word_1_683' title='bbox 1927 5527 2171 5590; x_wconf 81' lang='grc' dir='ltr'><strong>Αίωνίου,</strong></span> <span class='ocrx_word' id='word_1_684' title='bbox 2204 5538 2285 5582; x_wconf 89' lang='lat' dir='ltr'><strong>etc</strong></span> 
     </span>
     <span class='ocr_line' id='line_1_94' title="bbox 821 5593 2285 5646; baseline 0 0"><span class='ocrx_word' id='word_1_685' title='bbox 821 5597 1208 5646; x_wconf 72' lang='grc' dir='ltr'><strong>αἰνηαλωσίαν.</strong></span> <span class='ocrx_word' id='word_1_686' title='bbox 1233 5597 1297 5646; x_wconf 71' lang='grc' dir='ltr'><strong>ἣν</strong></span> <span class='ocrx_word' id='word_1_687' title='bbox 1322 5593 1640 5646; x_wconf 75' lang='grc' dir='ltr'><strong>ὲξτιγιιαλώο</strong></span> <span class='ocrx_word' id='word_1_688' title='bbox 1818 5605 1829 5644; x_wconf 87' lang='lat' dir='ltr'><strong>t</strong></span> <span class='ocrx_word' id='word_1_689' title='bbox 1879 5598 1894 5644; x_wconf 78' lang='lat' dir='ltr'><strong>l</strong></span> <span class='ocrx_word' id='word_1_690' title='bbox 1931 5594 2008 5646; x_wconf 83' lang='grc' dir='ltr'><strong>Οὐ</strong></span> <span class='ocrx_word' id='word_1_691' title='bbox 2039 5596 2285 5646; x_wconf 71' lang='grc' dir='ltr'><strong>τολιιῶσω</strong></span> 
     </span>
    </p>
   </div>
   <div class='ocr_carea' id='block_1_91' title="bbox 162 5537 2323 5680">
    <p class='ocr_par' dir='ltr' id='par_1_91' title="bbox 162 5537 2323 5680">
     <span class='ocr_line' id='line_1_95' title="bbox 162 5537 2305 5646; baseline -0.006 -57"><span class='ocrx_word' id='word_1_692' title='bbox 162 5537 233 5608; x_wconf 75' lang='grc'>(3)</span> <span class='ocrx_word' id='word_1_693' title='bbox 270 5537 450 5602; x_wconf 83' lang='grc' dir='ltr'><strong>Λέγει’</strong></span> <span class='ocrx_word' id='word_1_694' title='bbox 491 5537 567 5586; x_wconf 82' lang='grc' dir='ltr'><strong>Οὐ</strong></span> <span class='ocrx_word' id='word_1_695' title='bbox 600 5537 762 5594; x_wconf 79' lang='grc' dir='ltr'><strong>οἶκος,</strong></span> <span class='ocrx_word' id='word_1_696' title='bbox 798 5538 899 5584; x_wconf 84' lang='lat' dir='ltr'><strong>etc.</strong></span> <span class='ocrx_word' id='word_1_697' title='bbox 1814 5537 1890 5646; x_wconf 55' lang='grc' dir='ltr'><strong>(τὲ)</strong></span> <span class='ocrx_word' id='word_1_698' title='bbox 1927 5537 2305 5610; x_wconf 35' lang='grc' dir='ltr'><strong>Δίωνίουηθιε.</strong></span> 
     </span>
     <span class='ocr_line' id='line_1_96' title="bbox 162 5593 2323 5680; baseline -0.01 -20"><span class='ocrx_word' id='word_1_699' title='bbox 162 5608 234 5680; x_wconf 74' lang='grc'>(1)</span> <span class='ocrx_word' id='word_1_700' title='bbox 271 5605 417 5675; x_wconf 76' lang='grc' dir='ltr'><strong>Φημὶ</strong></span> <span class='ocrx_word' id='word_1_701' title='bbox 447 5603 502 5656; x_wconf 72' lang='grc' dir='ltr'><strong>δὲ</strong></span> <span class='ocrx_word' id='word_1_702' title='bbox 532 5602 667 5673; x_wconf 83' lang='grc' dir='ltr'><strong>μετὰ</strong></span> <span class='ocrx_word' id='word_1_703' title='bbox 692 5599 787 5671; x_wconf 83' lang='grc' dir='ltr'><strong>τὴν</strong></span> <span class='ocrx_word' id='word_1_704' title='bbox 821 5597 1208 5670; x_wconf 77' lang='grc' dir='ltr'><strong>αἰχμαλωσίαν,</strong></span> <span class='ocrx_word' id='word_1_705' title='bbox 1233 5597 1297 5668; x_wconf 84' lang='grc' dir='ltr'><strong>ἣν</strong></span> <span class='ocrx_word' id='word_1_706' title='bbox 1322 5593 1640 5670; x_wconf 61' lang='grc' dir='ltr'><strong>ὲξῃγμαλώ·</strong></span> <span class='ocrx_word' id='word_1_707' title='bbox 1818 5605 1829 5644; x_wconf 87' lang='grc' dir='ltr'><strong>ί</strong></span> <span class='ocrx_word' id='word_1_708' title='bbox 1879 5598 1894 5644; x_wconf 74' lang='grc' dir='ltr'><strong>ι</strong></span> <span class='ocrx_word' id='word_1_709' title='bbox 1931 5594 2008 5652; x_wconf 81' lang='grc' dir='ltr'><strong>Οὺ</strong></span> <span class='ocrx_word' id='word_1_710' title='bbox 2039 5596 2323 5667; x_wconf 78' lang='grc' dir='ltr'><strong>τολμωσιν,</strong></span> 
     </span>
    </p>
   </div>
  </div>
