3748 6282
381 250 515 306 1065
1206 245 1260 299 S.
1300 244 1661 301 ATliANASll
1701 245 1847 302 OPP.
1886 243 2062 300 PARS
2102 243 2185 298 Ill.
2222 272 2288 284 -
2323 237 2728 298 EXEGETICA.
3161 245 3168 254 '
3447 230 3590 287 ιοςι

451 364 533 418 15.
576 361 772 416 Aﬂ'erte
804 359 1050 419 Domino,
1091 359 1277 426 patriae
1318 359 1578 426 gentium,

2098 356 2182 408 15.
2208 353 2490 421 Ἐνέγκατε
2525 349 2602 420 τῷ
2638 348 2843 420 Κυρίῳ,
2879 349 2931 400 αἱ
2963 347 3184 416 πατριαὶ
3216 344 3322 397 τῶν
3351 344 3549 410 ἐθνων,

451 452 537 506 14.
584 450 780 503 Aﬂ'erte
810 447 1040 501 Domino
1074 447 1298 516 gloriam
1342 457 1394 500 et
1423 448 1681 500 honorem
1706 465 1718 477 ·

2103 446 2186 500 14.
2213 447 2493 514 Ἐνέγκατε
2532 442 2608 513 τῷ
2645 441 2830 511 Κυρίῳ
2866 439 3018 505 δόξαν
3057 439 3148 491 καὶ
3177 438 3373 510 τιμήν·

449 543 538 598 15.
590 541 784 594 Ati‘erte
812 539 1038 591 Domino
1064 539 1284 607 gloriam
1317 539 1520 592 nomini
1555 538 1693 606 ejus.

2101 538 2188 592 15.
2213 537 2494 606 Ἐνέγκατε
2532 533 2608 602 τῷ
2647 533 2833 602 Κυρίῳ
2869 531 3023 597 δόξαν
3057 529 3277 600 ὀνόματι
3309 528 3493 584 αὐτοῦ.

451 633 537 689 16.
588 631 778 685 Tollite
802 630 1026 695 hostias,
1057 637 1111 682 et
1140 629 1356 684 introile
1385 630 1436 682 in
1466 630 1601 683 atria
1631 628 1747 696 ejus
1775 643 1788 681 :

2113 629 2190 684 16.
2207 631 2402 699 ’Ἄρατε
2436 627 2639 692 θυσίας,
2665 626 2756 680 καὶ
2779 621 3154 694 εἰσπορεύεσθε
3183 623 3261 684 είς
3289 619 3388 683 τὰς
3413 620 3593 683 αὐλὰς

2035 739 2222 774 αυτου.

452 809 540 863 17.
587 808 818 861 Adorate
848 806 1132 860 Dominum
1172 807 1224 860 in
1259 807 1398 860 atrio
1422 815 1609 859 sancto
1653 804 1790 873 ejus.

2112 811 2190 864 17.
2231 809 2639 880 Προσκυνήσατε
2667 804 2743 875 τῷ
2763 804 2959 875 ’Κυρίῳ
2987 804 3044 856 ἐν
3073 801 3206 873 αὐλῇ
3239 802 3367 873 ἁγίᾳ
3394 802 3592 855 αὐτοῦ.

454 896 539 950 18.
587 895 1002 949 Commoveatur
1027 911 1053 948 a
1080 895 1216 949 facie
1251 895 1369 964 ejus
1396 895 1645 948 universa
1673 905 1813 947 terra
1843 909 1856 945 :

2107 901 2191 956 18.
2231 898 2549 967 Σαλευθήτω
2581 897 2685 949 ἀπὸ
2713 893 2995 965 προσώπου
3023 893 3184 945 αὑτοῦ
3208 895 3354 946 πᾶσα
3386 895 3418 964 ὴ
3453 893 3550 962 γῆ.

455 987 540 1041 19.
577 986 742 1042 Dicite
765 985 822 1039 in
853 987 1116 1056 gentibus,
1153 988 1278 1056 quia
1301 986 1561 1040 Dominus
1587 986 1844 1055 regnavit.

2111 990 2187 1043 19.
2224 991 2422 1042 Εἴπατε
2455 989 2510 1039 ἐν
2537 990 2646 1049 τοῖς
2676 985 2995 1050 ἕθνεσιν,ὅτι
3021 982 3223 1054 Κύριος
3247 983 3591 1036 ἐϐασίλευσε.

456 1078 544 1131 20.
574 1077 781 1133 Etenim
809 1078 1044 1132 correxit
1085 1079 1271 1133 orbem
1311 1087 1498 1142 teme,
1527 1077 1620 1147 qui
1650 1092 1760 1131 non
1787 1089 1933 1130 com-

2116 1078 2194 1132 ΞΟ.
2219 1079 2326 1130 Καὶ
2354 1078 2461 1148 γὰρ
2492 1074 2813 1146 κατώρθωσε
2873 1072 2969 1143 τὴν
3000 1072 3340 1143 οἰκουμένην,
3370 1074 3491 1143 ἥτις
3531 1074 3596 1126 οὐ

389 1173 710 1228 movebitur.

2044 1167 2439 1237 σαλευθήσεται.

457 1263 547 1318 21.
575 1262 844 1318 Judicahit
870 1263 1094 1333 populos
1122 1263 1175 1316 in
1201 1262 1472 1332 :equitate.

2105 1259 2194 1314 21.
2222 1261 2410 1332 Κρινεῖ
2432 1260 2590 1324 λαοὺς
2619 1262 2673 1312 ἐν
2696 1259 2964 1326 εὐθύτητι.

459 1353 546 1407 22.
577 1353 848 1409 laetentur
875 1355 1018 1420 cmli,
1043 1363 1096 1408 et
1123 1355 1351 1410 exsultet
1384 1362 1560 1407 terra:

2114 1350 2192 1404 22.
2213 1351 2683 1424 Εὐφραινὲσθωσαν
2694 1358 2740 1408 οἱ
2753 1353 2982 1426 οὐρανοὶ,
2996 1352 3087 1404 καὶ
3103 1350 3440 1417 ἁγαλλιάσθω
3453 1349 3486 1416 ἠ
3499 1350 3594 1418 γῆ·

460 1443 548 1496 25.
586 1445 998 1499 Commovealur
1028 1460 1198 1506 mare.
1230 1456 1282 1500 et
1303 1431 1580 1515 plenitudo
1602 1443 1720 1512 ejus
1747 1461 1761 1497 :

2116 1443 2192 1496 25.
2223 1443 2537 1515 Σαλευθήτω
2565 1447 2596 1516 ἡ
2626 1445 2862 1497 θάλασσα
2897 1444 2988 1496 καὶ
3017 1443 3076 1495 τὸ
3105 1443 3372 1513 πλήρωμα
3401 1440 3596 1509 αὐτῆς·

461 1533 549 1586 24.
586 1534 905 1590 Gaudehunt
931 1537 1126 1605 campi,
1155 1545 1208 1590 et
1238 1538 1439 1601 omnia,
1458 1551 1578 1605 quae
1605 1535 1658 1589 in
1688 1535 1767 1590 eis
1789 1544 1933 1589 sunt.

2109 1536 2195 1590 24.
2220 1537 2528 1607 Χαρήσεται
2551 1537 2616 1590 τὰ
2641 1537 2795 1590 πεδία
2817 1536 2908 1590 καὶ
2937 1537 3109 1588 πάντα
3137 1525 3204 1587 τὰ
3231 1535 3287 1585 ἐν
3319 1534 3521 1594 αὐτοῖς.

462 1623 551 1674 25.
583 1622 733 1678 Tunc
761 1625 1107 1679 exsultabunt
1140 1626 1318 1679 omnia
1349 1626 1493 1696 ligna
1517 1625 1776 1681 silvarum

2116 1626 2198 1680 25.
2216 1627 2345 1679 Τότε
2375 1627 2785 1696 ἀγαλλιάσονται
2810 1628 2983 1681 πάντα
3012 1626 3077 1678 τὰ
3103 1624 3232 1690 ξύλα
3255 1624 3346 1678 τοῦ
3368 1621 3596 1694 δρυμοῦ,

464 1711 553 1767 26.
583 1718 627 1766 Α
653 1711 788 1768 facie
817 1713 1051 1779 Domini,
1080 1714 1206 1784 quia
1239 1715 1424 1770 venit:

1971 1711 2015 1768 B
2108 1717 2368 1774 26.”Λπὺ
2390 1720 2675 1791 προσώπου
2709 1719 2935 1789 Κυρίου,
2965 1719 3043 1771 ὅτι
3077 1717 3312 1787 ἔρχεται·

467 1801 553 1853 27.
585 1800 850 1866 Quoniam
879 1803 1282 1872 venitjudicare
1310 1813 1527 1858 terram.

2110 1810 2197 1863 27.
2222 1812 2341 1864 Ὅτι
2371 1812 2584 1882 ἔρχεται
2609 1814 2786 1883 κρῖναι
2814 1810 2911 1882 τὴν
2936 1810 3054 1879 γῆν.

466 1892 554 1946 28.
584 1893 852 1947 Judicabit
882 1894 1065 1948 orbem
1096 1902 1250 1948 terra:
1275 1894 1326 1948 in
1360 1895 1609 1966 aequitate
1641 1910 1655 1946 :

2111 1900 2198 1955 28.
2224 1903 2411 1974 Κρινεῖ
2434 1903 2530 1973 τὴν
2556 1903 2876 1973 οἰκουμένην
2908 1903 2964 1954 ὲν
2990 1899 3317 1970 δικαιοσύνῃ·

468 1981 553 2037 29.
585 1981 650 2035 Et
681 1983 906 2066 populos
934 1983 988 2037 in
1015 1983 1240 2038 veritate
1271 1999 1388 2038 sua.

2113 1993 2200 2047 29.
2231 1994 2338 2046 Καὶ
2367 1994 2525 2057 λαοὺς
2554 1997 2609 2046 ἐν
2637 1997 2701 2064 τῇ
2728 1993 2951 2066 ἀληθείᾳ
2978 1992 3157 2047 αὑτοῦ.

404 2092 646 2148 Psalmus
686 2093 848 2148 David
883 2111 902 2148 :
945 2095 1152 2165 quando
1200 2105 1340 2149 terra
1389 2096 1500 2164 ejus
1545 2097 1788 2162 restituta
1829 2112 1880 2149 es

2116 2105 2289 2173 πλμὸς
2313 2105 2392 2170 τῷ
2418 2105 2593 2158 Δαϐίδ
2611 2121 2622 2132 ·
2648 2105 2744 2158 ὅτε
2765 2107 2800 2173 ἡ
2826 2105 2902 2174 γῆ
2932 2105 3115 2159 αὐτοῦ
3137 2104 3596 2159 demnstratath

560 2189 670 2242 sine
702 2187 856 2242 titulo
883 2189 1021 2257 apud
1048 2186 1315 2242 Hebraeos.
1346 2187 1549 2244 PSAL.
1581 2188 1675 2244 XC
1691 2188 1786 2243 VI.

2157 2200 2551 2268 ἀνεπίγραφος
2607 2200 2739 2267 παρ’
2782 2198 3085 2266 Ἑϐραίοις.
3144 2200 3315 2252 ΨΑΛ.
3365 2198 3495 2264 ικῖο.

472 2298 521 2352 1.
556 2297 815 2355 Dominus
841 2299 1100 2370 regnavit,
1129 2300 1360 2356 exsultet
1389 2309 1530 2357 terra
1562 2319 1575 2355 :

2124 2308 2175 2362 1.
2215 2309 2274 2362 Ὀ
2302 2308 2501 2381 Κύριος
2528 2309 2889 2377 ἐϐασίλευσεν,
2915 2309 3254 2380 ἀγαλλιάσθω
3277 2311 3309 2379 ἡ
3337 2309 3427 2379 γῆ.

1511 2477 1881 2535 ATHANASII
1921 2479 2498 2540 INTERPRETATIO.

476 2634 677 2700 15,14.
726 2636 986 2708 Populum
1041 2637 1274 2695 ﬁdelem.
1559 2663 1570 2675 ·

1559 2663 1570 2675 ·
2127 2639 2212 2705 15,
2241 2639 2326 2693 14.
2361 2639 2462 2693 Τὸν
2489 2639 2670 2692 πιστὸν
2701 2638 2842 2692 λαόν.

476 2726 559 2780 15.
610 2727 902 2785 Credentes
933 2730 987 2784 in
1016 2745 1214 2784 nomen
1239 2729 1380 2800 ejus.

2130 2732 2214 2787 15.
2255 2731 2390 2794 Τοὺς
2419 2731 2767 2792 πιστεύοντας
2796 2732 2872 2792 είς
2897 2729 2954 2781 τὸ
2984 2730 3150 2800 ὄνομα
3181 2729 3358 2783 αὑτοῦ.

477 2816 558 2872 16.
613 2818 892 2876 Facientes
937 2821 1366 2877 misericordiam
1397 2820 1797 2876 communicate
1841 2837 1957 2892 my-

2132 2821 2212 2876 16.
2241 2821 2631 2894 Ἐλεημοσύνην
2655 2820 2928 2882 ποιοῦντες
2953 2823 3250 2873 κοινωνεῖτε
3273 2824 3384 2884 τοῖς
3407 2839 3612 2892 μυσττ-

407 2912 584 2965 steriis
604 2911 793 2981 ipsius.
816 2911 1041 2968 Talibus
1064 2914 1206 2970 enim
1227 2913 1509 2970 sacriﬁciis
1535 2913 1780 2984 placatur
1793 2911 1887 2966 Det

2133 2931 2190 2976 »ις
2218 2913 2398 2967 αὐτοῦ.
2419 2912 2681 2967 Τοιαύτας
2700 2911 2806 2983 γὰρ
2823 2912 3008 2976 θυσίας
3030 2913 3394 2983 εὐαρεστεῖται
3412 2914 3439 2965 ὁ
3458 2914 3613 2978 Θεός.

478 3004 561 3059 17.
609 3003 668 3058 In
700 3005 861 3060 corde
885 3006 1108 3067 mundo.

1984 2985 2026 3043 (ἶ
2131 3007 2213 3058 17.
2241 3006 2327 3057 Ἐν
2363 3004 2554 3076 καρδίᾳ
2582 3003 2811 3074 καθαρᾷ.

480 3099 564 3153 18.
619 3098 1034 3154 Transferantur
1080 3099 1147 3153 ab
1197 3112 1382 3154 errore
1411 3098 1481 3168 jn
1521 3097 1803 3153 veritatem
1842 3111 1959 3152 oni-

2134 3096 2216 3151 18.
2256 3093 2630 3149 Μετατεθῶσιν
2652 3095 2757 3147 ἀπὸ
2783 3092 2877 3165 τῆς
2900 3093 3100 3166 πλάνης
3120 3098 3198 3158 εἰς
3226 3097 3322 3169 τὴν
3352 3099 3614 3172 ἀλήθειαν

410 3204 505 3242 nes
531 3198 714 3258 gentes
743 3189 812 3243 ob
844 3189 1130 3244 adventum
1164 3189 1306 3258 ejus.

2057 3188 2143 3242 διὰ
2177 3189 2250 3260 (1)
2274 3191 2372 3258 τῆς
2395 3186 2691 3257 παρουσίας
2714 3186 2874 3239 αὑτοῦ
2909 3185 3081 3238 πάν’τα
3119 3188 3185 3240 τὰ
3210 3188 3357 3260 ἔθνη.

482 3278 563 3331 19.
599 3277 887 3333 Praedicate
914 3279 966 3332 in
988 3311 989 3314 η
1011 3278 1276 3349 gentibus,
1313 3277 1456 3348 quod
1485 3275 1743 3334 contrivit
1769 3275 1960 3332 adver-

2139 3279 2214 3334 l9.
2243 3277 2525 3349 Κηρύξατε
2555 3279 2610 3328 ἐν
2643 3279 2751 3339 τοῖς
2808 3276 3032 3340 ἔθνεσιν,
3067 3279 3146 3330 ὅτι
3201 3280 3493 3352 συνέτριψε
3522 3285 3619 3347 τὰς

411 3371 584 3424 sarias
612 3379 917 3439 potestates.

2060 3369 2301 3432 ἐναντίας
2325 3369 2545 3439 δυνάμει

480 3459 566 3515 2θ.
599 3459 848 3516 Omnium
873 3461 1032 3517 corda
1062 3461 1115 3517 in
1145 3462 1248 3518 (ide
1277 3478 1374 3518 sua
1396 3464 1693 3520 renovavit.

2142 3459 2219 3515 20.
2255 3462 2583 3514 Ἀνεκαίνισε
2629 3459 2725 3523 τὰς
2753 3460 2977 3531 καρδίας
3010 3460 3222 3514 πάντων
3251 3463 3308 3514 ἐν
3347 3466 3413 3516 τε
3442 3465 3622 3518 πίστει

2061 3551 2245 3604 αὐτοῦ.

480 3633 567 3690 21.
600 3635 814 3690 Docebit
839 3645 1021 3706 gentes
1050 3637 1226 3693 facere
1259 3639 1561 3694 veritatem.

2129 3641 2216 3695 21.
2249 3643 2452 3708 Διδάξει
2481 3644 2650 3696 ποιεῖν
2675 3642 2740 3696 τὰ
2773 3642 2896 3714 ἔθνη
2929 3641 3196 3713 ἀλήθειαν.

479 3726 569 3780 22.
603 3727 1018 3797 δυρενεωιεειθε
1047 3729 1298 3796 virtutes,
1329 3739 1382 3786 et
1417 3728 1706 3784 multitudo
1732 3729 1957 3785 creden-

2142 3734 2216 3790 22.
2263 3735 2328 3786 Ai
2377 3734 2684 3806 ἐπουράνιοι
2736 3734 2988 3805 δυνάμεις
3049 3736 3141 3787 καὶ
3195 3735 3256 3788 τὸ
3285 3734 3488 3807 πλῆθος
3513 3737 3622 3788 τῶν

410 3819 566 3873 tium.

2061 3825 2439 3878 πιστευόντων.

478 3910 566 3964 23.
594 3910 859 3965 Turbetur
899 3913 1158 3978 mundus,
1199 3921 1252 3968 et
1277 3913 1330 3968 in
1366 3913 1485 3983 ipso
1511 3913 1868 3984 principatus,
1910 3923 1958 3969 et

2144 3919 2218 3970 25.
2254 3917 2584 3988 Ταραχθήτω
2610 3919 2637 3970 ὁ
2669 3917 2888 3988 κόσμος,
2921 3919 3012 3972 καὶ
3045 3921 3100 3973 ἐν
3131 3919 3279 3990 αὐτῷ
3314 3920 3481 3990 ἀρχαὶ
3529 3922 3624 3973 καὶ

412 4011 725 4070 potestates.

2061 4006 2318 4072 ἐξουσίαι.

379 4112 390 4160 ς
483 4093 570 4146 24.
603 4092 807 4148 Anima:
836 4102 1239 4150 mansuetorum
1271 4103 1324 4150 et
1352 4093 1659 4151 humilium.

2095 4099 2218 4167 ε24.
2256 4101 2318 4151 Ai
2346 4098 2512 4168 ψυχαὶ
2539 4099 2645 4153 τῶν
2675 4100 2890 4174 πραέων
2918 4102 3010 4155 καὶ
3038 4102 3323 4155 ταπεινῶν.

479 4188 566 4241 23.
599 4187 793 4244 Gentes
821 4205 941 4258 quae
973 4190 1124 4259 prius
1153 4190 1369 4260 quidem
1408 4201 1561 4246 erant
1587 4188 1957 4256 infructiferae,

2147 4188 2218 4241 15.
2252 4188 2330 4240 Τὰ
2356 4189 2480 4260 ἔθνη
2507 4189 2572 4242 τὰ
2595 4188 2853 4262 πρότερον
2887 4193 2985 4262 μὲν
3012 4190 3139 4245 ὄντα
3171 4193 3413 4262 ἄκαρπα,
3443 4189 3538 4244 νῦν
3569 4191 3627 4242 δε

414 4295 555 4332 nunc
589 4287 766 4332 autem
797 4280 1094 4335 credentes.

995 4288 1094 4334 tes.
2063 4280 2474 4334 πεπιστευκότα.

482 4370 568 4423 26.
602 4367 669 4424 Ut
701 4371 944 4425 videatur
974 4372 1026 4425 in
1064 4380 1227 4427 terra.

1991 4343 2038 4398 ι)
2139 4369 2230 4424 26.
2275 4370 2525 4439 Ὀφθῆναι
2553 4372 2643 4424 ἐπὶ
2671 4371 2770 4442 τῆς
2795 4371 2915 4440 γῆς.

479 4460 570 4514 27.
601 4458 665 4513 Ει
691 4476 880 4516 rursus
908 4461 962 4515 in
988 4461 1223 4533 glorioso
1256 4461 1374 4531 ejus
1403 4460 1659 4515 adventu.

2139 4458 2227 4512 27.
2251 4460 2357 4512 Καὶ
2392 4459 2548 4514 πάλιν
2573 4462 2629 4513 ἐν
2654 4464 2716 4531 τῇ
2754 4461 2946 4532 ἐνδόξῳ
2967 4459 3127 4514 αὑτοῦ
3157 4459 3446 4532 παρουσίᾳ.

481 4554 570 4605 28.
599 4551 918 4608 Universum
953 4554 1234 4608 mundum.

2136 4551 2227 4608 28.
2252 4554 2431 4607 Πάντα
2451 4553 2538 4607 τὸν
2571 4554 2787 4624 κόσμον.

483 4641 572 4696 29.
607 4642 735 4698 Sine
763 4644 1071 4715 acceptione
1101 4659 1474 4714 personarum.

1343 4659 1474 4697 rum.
2136 4644 2225 4699 29.
2273 4645 2823 4716 ’Λπροσωπολήπτως.

496 4759 559 4811 Ἦ
588 4761 916 4832 προκειμένη
946 4763 1220 4835 ἐπιγραφὴ
1253 4762 1496 4834 περιέχει
1528 4762 1626 4832 (2)·
1691 4761 1779 4827 Τῷ
1810 4759 1984 4815 Δαϐὶδ
2043 4762 2222 4815 ὁπότε
2256 4753 2326 4813 ἐν
2372 4761 2445 4830 τῇ
2505 4762 2579 4832 γῇ
2627 4761 2811 4816 αὑτοῦ
2852 4762 3290 4817 ἀποκαθίστατο
3329 4759 3450 4833 [ὅτε
3480 4764 3522 4831 ἡ
3557 4763 3631 4832 γῆ

415 4854 597 4911 αὐτοῦ
612 4856 1091 4929 ἀποκαθίστατοΓ
1121 4859 1520 4927 ἀνεπίγραφος
1539 4858 1674 4925 παρ’
1703 4857 2000 4925 Ἑϐραίοις,
2032 4855 2106 4918 ὼς
2132 4856 2388 4920 πολλάκις
2409 4858 2706 4928 εἰρήκαμεν
2733 4857 2832 4928 (5),
2857 4856 2952 4910 καὶ
2982 4856 3140 4909 πάλιν
3169 4855 3310 4924 λέγω
3342 4854 3421 4920 τῷ
3442 4858 3632 4919 ἱκανῷ

485 4947 694 5004 Titulus
720 4951 997 5019 appositus
1028 4952 1268 5004 continet
1294 4967 1306 5003 :
1335 4949 1582 5002 Psalmus
1623 4947 1790 5000 David
1821 4963 1840 4999 :
1867 4946 2075 5015 quando
2107 4948 2162 5000 in
2188 4956 2380 5001 terram
2418 4962 2567 4999 suam
2615 4949 2881 5000 restitutus
2927 4955 3002 4998 est
3037 4946 3198 5016 [terra
3229 4945 3342 5014 ejus
3383 4947 3631 4999 restituta

415 5039 513 5112 est]
540 5055 554 5096 :
586 5041 696 5095 sine
726 5042 876 5096 titulo
909 5043 1044 5113 apud
1075 5041 1342 5106 chrwos,
1375 5051 1434 5096 ut
1459 5056 1599 5111 szepe
1623 5041 1880 5104 diximus,
1910 5049 1964 5094 et
1997 5056 2211 5096 rursum
2242 5040 2364 5096 dico
2399 5039 2633 5108 psalmus
2667 5039 2831 5093 David
2856 5042 3233 5108 interpretatur
3273 5055 3433 5092 manu
3472 5039 3628 5106 fom’.

486 5131 536 5183 1.
556 5129 658 5185 Per
686 5131 842 5185 ﬁdem
867 5133 1106 5204 regnavit
1129 5149 1143 5184 :
1169 5133 1436 5188 exsultent
1463 5141 1668 5200 gentes,
1692 5131 1948 5202 quoniam

2150 5172 2177 5185 ,.
2207 5130 2304 5184 Διὰ
2353 5134 2451 5203 τῆς
2484 5131 2719 5194 πίστεως
2763 5131 3128 5185 ἐϐασίλευσεν·
3184 5130 3630 5199 ἀγαλλιάσθωσαν

419 5223 657 5292 regnavit
687 5237 849 5292 super
872 5237 964 5279 eas
1048 5295 1050 5298 ν

2069 5223 2136 5277 τὰ
2160 5223 2304 5293 ἔθνη,
2333 5224 2413 5275 ὃτι
2439 5223 2776 5276 ἐϐασίλευσεν
2795 5225 2879 5275 ἐπ’
2906 5224 3057 5276 αὐτὰ.

1347 5377 1652 5441 Addenda
1679 5385 1738 5440 et
1765 5379 2142 5457 corrigenda
2173 5396 2250 5439 ex
2284 5379 2426 5442 cod.
2466 5379 2667 5440 Vatic.

512 5518 565 5594 1)
599 5520 707 5594 Διά,
723 5531 776 5594 et
806 5521 996 5577 πάντα
1016 5523 1085 5577 τὰ
1105 5523 1267 5592 ἔθνη.
1292 5522 1416 5580 Des.
1436 5525 1549 5579 haec
1569 5524 1726 5578 verba
1752 5524 1804 5578 in
1829 5526 1946 5579 cod.

1509 5539 1549 5579 :c
1569 5524 1726 5578 verba
1752 5524 1804 5578 in
1829 5526 1946 5579 cod.
2055 5526 2140 5578 ὅτε
2171 5527 2292 5594 ἡγῆ
2317 5523 2478 5576 αὑτοῦ
2514 5521 2855 5585 καθίσταται,
2889 5530 2989 5576 etc.

510 5591 568 5664 2)
607 5593 667 5646 Ἦ
690 5592 775 5646 διὰ
805 5594 902 5664 τῆς
952 5591 1312 5666 κινναϐάρεως
1345 5595 1602 5666 περιέχειο
1636 5594 1723 5646 Τῶ
1775 5595 1955 5659 Δαϐὶδ,
2135 5591 2210 5666 (5)
2242 5591 2469 5665 Εἴρηκα.
