3748 6282
166 259 315 318 1065
1055 260 1144 315 DE
1183 259 1462 315 TlTL'LlS
1501 259 1944 318 PSALMORUM.
1984 296 2044 303 —
2077 262 2278 321 PSAL.
2321 262 2506 321 XCVI.
3281 265 3412 321 1060

239 378 295 432 2.
330 377 800 448 Εὐφρανυήτωσαν
825 378 978 448 νῆσοι
1007 379 1213 432 πολλαί.
1341 417 1346 421 ς

1341 417 1346 421 ς
1779 385 1826 442 Α
1922 381 1975 435 2.
2005 381 2276 436 Laetentur
2307 381 2499 437 insula:
2529 382 2736 440 inultae.

241 474 294 526 3.
325 471 538 542 Νεφέλη
567 473 660 524 καὶ
689 473 882 541 γνόφος
905 473 1088 545 κύκλῳ
1117 474 1302 527 αὑτοῦ⁹

1917 473 1972 526 5.
1999 471 2177 528 Nubes
2209 482 2261 528 et
2291 475 2464 543 caligo
2495 474 2549 527 in
2582 473 2812 528 circuitu
2840 473 2960 542 ejus
2992 492 3005 525 τ

236 563 290 616 4.
321 561 640 632 Δικαιοσύνη
676 564 770 616 καὶ
815 567 986 635 κρῖμα
1041 563 1378 636 κατόρθωσις
1433 563 1526 618 τοῦ
1561 563 1716 635 θρόνο

1920 564 1974 617 ί.
1999 561 2239 628 Iustitia,
2269 575 2325 619 et
2351 564 2616 634 judicium
2651 564 2920 621 correctio
2954 565 3098 620 sedis
3130 565 3270 636 ejus.

160 672 358 706 αυτου.

237 747 292 800 5.
326 744 444 816 Πῦρ
472 743 701 798 ἐνώπιον
735 742 898 798 αὐτοῦ
933 746 1388 818 προπορεύσεταιο

1373 763 1388 778 ο
1918 739 1970 792 5.
2001 737 2146 808 Ignis
2175 747 2296 792 ante
2330 737 2505 807 ipsum
2540 737 2807 807 praecedet
2840 755 2851 789 :

238 835 294 890 6.
320 836 430 888 Καὶ
462 837 673 903 φλογιεῖ
704 835 887 903 κύκλῳ
917 838 1040 900 τοὺς
1067 837 1293 908 ἐχθροὺς
1325 838 1509 891 αὐτου.

1918 829 1970 882 6.
1997 829 2063 882 Et
2090 829 2444 883 inﬂammabit
2472 827 2528 882 in
2561 828 2792 884 circuitu
2821 829 3072 884 inimicos
3097 830 3236 899 ejus.

237 927 292 981 7.
333 927 578 995 Ἕφαναν
605 927 661 978 αἱ
683 928 960 998 ἀστραπαὶ
1001 928 1166 981 αὑτοῦ
1194 932 1260 999 τῇ
1290 926 1605 1000 οἰκουμένῃ·

1574 943 1605 999 ι·
1920 919 1970 972 7.
2007 919 2302 973 llluxerunt
2332 917 2540 990 fulgura
2563 920 2680 988 ejus
2708 919 2824 974 orbi
2860 929 3017 975 terra:
3043 940 3054 974 :

236 1018 293 1074 8.
327 1019 468 1083 Εἷδε,
498 1018 591 1071 καὶ
621 1018 885 1091 ἐσαλεύθη
918 1021 949 1091 ἡ
983 1021 1072 1090 γῆ.

1915 1010 1969 1063 8.
2003 1009 2167 1073 Vidit,
2198 1020 2250 1064 et
2282 1017 2551 1065 commota
2584 1023 2668 1065 est
2702 1020 2843 1066 terra
2872 1028 2885 1064 :

233 1110 289 1165 9.
322 1110 403 1164 Τά
450 1110 554 1180 ὅρη
582 1110 712 1163 ὡσεὶ
769 1112 936 1183 κηρὸς
993 1111 1266 1184 ἐτάκησαν
1295 1113 1403 1167 ἀπδ
1457 1111 1713 1184 προσώπο

1914 1103 1968 1154 9.
1999 1101 2205 1156 Montes
2240 1102 2381 1156 sicut
2409 1117 2530 1156 cera
2565 1103 2836 1158 [luxerunt
2857 1119 2886 1158 υ
2916 1103 3051 1160 faeie
3078 1106 3285 1162 Domini
3319 1127 3333 1163 ι

160 1201 390 1275 Κυρίουο

235 1294 328 1348 10.
365 1292 501 1346 Ἀπὸ
530 1291 817 1364 προσώπου
852 1295 1056 1368 Κυρίου
1088 1295 1269 1368 πάσης
1300 1296 1398 1367 τῆς
1429 1296 1555 1365 γῆς.

1429 1296 1555 1365 γῆς,
1919 1279 2002 1333 10.
2037 1281 2080 1333 Α
2110 1281 2244 1338 facie
2275 1281 2483 1337 Domini
2513 1285 2690 1339 omnis
2718 1293 2858 1338 terra
2888 1304 2900 1338 :

233 1384 328 1438 11.
375 1384 723 1457 Ἀνήγγειλαν
749 1386 796 1438 οἱ
817 1386 1034 1456 οὐρανοὶ
1062 1387 1159 1459 τὴν
1183 1386 1531 1456 δικαιοσύνην
1560 1384 1742 1440 αὑτοῦ·
1920 1370 2004 1422 Η·
2036 1370 2503 1427 Αηηυηῑίδνθτυηῐ
2530 1377 2648 1428 C09”
2671 1373 2938 1443 lusmiam
2970 1375 3087 1445 eius
3111 1395 3126 1430 ε

232 1477 324 1530 19...
352 1477 464 1530 Καὶ
495 1476 707 1528 είδοσαν
729 1475 929 1540 πάντες
944 1479 992 1531 oi
1019 1477 1137 1531 λαοὶ
1170 1478 1270 1548 τὴν
1300 1477 1457 1542 δόξαν
1486 1476 1670 1528 αὑτοῦ.

1917 1462 2003 1516 12.
2037 1463 2102 1518 Ει
2131 1465 2380 1519 viderunt
2407 1481 2596 1521 omnes
2629 1468 2808 1537 populi
2842 1468 3064 1537 gloriam
3093 1468 3230 1538 ejus.

235 1569 326 1622 15.
359 1567 814 1638 Αἰσχυνθήτωσαν
850 1569 1049 1633 πάντες
1069 1572 1114 1622 oi
1170 1567 1602 1640 προσκυνοῦντες
1634 1569 1715 1618 τοῖ

1922 1553 2002 1606 15.
2032 1552 2448 1608 Confundantur
2475 1571 2667 1610 omnes
2689 1597 2705 1621 ,
2737 1556 2828 1626 qui
2863 1558 3089 1612 adorant.
3117 1559 3402 1629 sculptilis.

154 1661 441 1729 γλυπτοῖς,

232 1753 324 1806 14.
355 1755 417 1806 Ol
448 1756 853 1828 ἐγκαυχώμενοι
883 1759 941 1810 ἐν
961 1758 1070 1819 τοῖς
1100 1754 1340 1819 εἰδώλοις
1371 1754 1574 1809 αὐτῶν.

1769 1731 1813 1784 Β
1915 1751 2001 1803 l4.
2035 1748 2137 1816 Qui
2165 1751 2466 1820 gloriantur
2499 1753 2553 1807 in
2583 1753 2890 1809 simulacris
2925 1757 3056 1813 suis.

229 1844 323 1898 15.
356 1845 772 1918 Προσκυνήσατε
803 1846 972 1917 αὐτῷ,
1010 1847 1210 1909 πάντες
1236 1845 1454 1914 ἄγγελοι
1478 1844 1662 1898 αὐτοῦ·

1575 1844 1662 1896 :05.
1917 1841 2002 1893 15.
2038 1841 2270 1897 Adorate
2301 1858 2448 1908 eum,
2476 1859 2666 1898 omnes
2694 1845 2869 1916 angeli
2899 1847 3055 1916 ejus!

231 1935 324 1991 16.
365 1938 624 2003 Ἤκουσε,
655 1928 745 1992 καὶ
773 1939 1102 2010 εύφράνθηή
1136 1937 1210 2008 (a)
1237 1937 1397 2002 Σιὼν,

1386 1977 1397 2002 ,
1917 1933 2000 1986 16.
2039 1933 2292 2001 Audivit,
2319 1945 2371 1990 et
2398 1936 2575 1990 ltetata
2604 1945 2686 1990 est
2715 1935 2866 2003 Sion,

233 2051 315 2122 (α)
351 2052 415 2104 Ἥ
437 2051 606 2108 deest.

1277 2141 1654 2201 ATHANASII
1700 2133 2280 2194 INTERPRETATIO.

153 2253 239 2327 τῦ
283 2256 428 2326 χειρί
455 2256 811 2328 ἑρμηνεύεται
857 2255 937 2322 τῷ
970 2257 1165 2324 Δαόὶδ,
1193 2258 1438 2310 τουτέστι
1461 2255 1537 2326 τῷ
1565 2255 1678 2326 Υἱῷ
1722 2253 1815 2308 τοῦ
1862 2251 2018 2307 Θεοῦο
2073 2247 2212 2305 εἶτα·
2270 2251 2368 2305 ὅτε
2393 2253 2460 2306 ἐν
2493 2253 2570 2318 (1)
2596 2253 2670 2322 τῇ
2713 2253 2792 2324 γῇ
2819 2255 3003 2310 αὐτοῦ
3032 2257 3403 2320 καθίσταται,

156 2351 365 2405 ὡσανεὶ
383 2351 472 2403 ὅτε
494 2350 583 2403 τὸν
613 2349 817 2421 κόσμον
842 2351 1004 2404 αὐτοῦ
1028 2350 1457 2423 περιφερόμενον
1487 2351 1566 2420 (2)
1596 2353 1661 2421 τῇ
1692 2350 1934 2423 ἁμαρτίᾳ
1973 2346 2293 2420 ῥυσάμενος,
2322 2348 2416 2400 καὶ
2457 2350 2536 2411 εἰς
2587 2350 2914 2421 κατάσχεσιν
2933 2351 3151 2420 ἀγαγὼν
3204 2354 3404 2415 παντὸς

156 2443 325 2514 ἔργου
354 2441 578 2510 ἀγαθοῦ.
603 2438 753 2495 Εἶτα·
787 2443 1190 2513 ἀνεπίγραφος
1223 2445 1358 2512 παρ’
1403 2445 1711 2513 Ἑϐραίοις,
1733 2444 1876 2513 λέγω
1901 2444 1966 2514 δὴ
1992 2442 2090 2514 τὴν
2117 2441 2195 2512 τῷ
2222 2441 2301 2513 (5)
2331 2441 2529 2514 ψαλμῷ
2564 2441 2836 2513 βασιλείαν
2868 2445 2960 2499 τοῦ
2992 2445 3120 2500 Υίοῦ
3145 2446 3240 2501 τοῦ
3269 2447 3404 2500 Θεοῦ

159 2533 420 2605 ῥηθεῖσαν
453 2533 512 2586 ού
542 2534 949 2604 προσεδέξαντο,
983 2536 1119 2590 ἀλλὰ
1142 2537 1448 2591 ἀπώσαντο.
1484 2537 1692 2592 Οὐκοῦν
1722 2538 1945 2601 δικαίως
1969 2535 2180 2607 εἴρηται
2202 2537 2230 2588 ὀ
2257 2535 2468 2606 ψαλμὸς
2493 2536 2895 2608 ἀνεπίγραφος
2922 2541 3059 2610 παρ’
3096 2541 3403 2610 Ἑϐραίοις.

156 2628 242 2682 Τά
269 2627 381 2700 γὰρ
406 2629 464 2681 ἐν
491 2629 640 2699 αύτῷ
688 2631 982 2702 ἐγκείμενα
1010 2632 1139 2703 περὶ
1176 2633 1271 2686 τοῦ
1326 2634 1457 2687 Υίοῦ
1500 2634 1594 2688 τοῦ
1641 2634 1777 2688 Θεοῦ
1830 2635 2062 2688 ἀϐέϐαια
2101 2634 2421 2705 γεγένηνται
2475 2635 2604 2705 παρ’
2653 2635 2834 2700 αὐτοῖς
2871 2637 2958 2690 διὰ
2994 2637 3093 2710 τὴν
3152 2639 3405 2692 ἀπιστίαν

155 2722 361 2778 αὐτῶν.

158 2817 267 2872 hoc
295 2827 381 2873 est
409 2817 503 2872 Dei
526 2818 682 2873 Filio.
709 2817 912 2874 Deinde
940 2839 954 2876 :
981 2822 1191 2891 quando
1216 2823 1272 2875 in
1301 2831 1496 2876 terram
1521 2840 1671 2878 suam
1717 2826 1994 2881 restitutus
2025 2834 2103 2879 est
2126 2823 2150 2898 [
2170 2835 2311 2880 terra
2352 2828 2464 2897 ejus
2507 2828 2752 2882 restituta
2793 2837 2868 2881 est
2891 2826 2931 2898 ἶ,
2977 2827 3234 2881 nimirum
3279 2843 3404 2883 cum

158 2913 424 2968 mundum
455 2929 615 2969 suum
648 2914 702 2968 in
736 2917 970 2984 peccatis
999 2918 1310 2974 immersum
1342 2921 1594 2976 liberavit
1616 2963 1632 2984 ,
1671 2933 1725 2978 et
1767 2926 1820 2978 in
1853 2925 2254 2995 possessionem
2284 2927 2465 2982 omnis
2510 2926 2639 2980 boni
2667 2927 2848 2996 operis
2881 2925 3124 2981 deduxit.
3157 2925 3350 2982 Postea
3387 2947 3399 2982 :

155 3007 271 3061 sine
295 3007 453 3060 titulo
478 3009 618 3077 apud
644 3009 912 3075 Ilebrwos,
946 3011 1228 3082 Regnum,
1262 3015 1483 3086 inquam
1506 3061 1521 3086 ,
1558 3018 1651 3073 Dei
1685 3020 1808 3075 Filii
1858 3021 1914 3076 in
1948 3023 2157 3090 psalmo
2183 3024 2563 3079 annuntiatum
2593 3021 2694 3092 ipsi
2725 3038 2834 3078 non
2875 3023 3247 3089 admiserunt,
3296 3024 3409 3078 imo‘

159 3097 496 3184 repulerunt.
524 3097 710 3168 Itaque
739 3100 980 3168 psalmus
1013 3100 1308 3172 inscriptus
1351 3113 1435 3158 est
1478 3123 1494 3159 :
1539 3106 1650 3160 sine
1683 3109 1840 3163 titulo
1866 3111 2006 3180 apud
2051 3113 2299 3167 Hebrum
2325 3156 2340 3181 ,
2377 3128 2499 3184 quae
2531 3115 2676 3167 enim
2713 3115 2766 3166 in
2802 3113 2920 3184 ipso
2955 3114 3304 3169 continentur
3337 3113 3405 3167 de

156 3183 297 3241 Filio
328 3187 445 3252 Dei,
475 3189 627 3243 irrita
655 3188 794 3244 facta
825 3198 951 3244 sunt
983 3190 1125 3258 apud
1151 3206 1246 3246 eos
1276 3200 1496 3262 propter
1529 3209 1718 3252 eorum
1751 3201 2058 3269 perﬁdiam.

224 3280 279 3333 2.
306 3281 374 3332 Δί
397 3279 681 3350 ἐκκλησίαι
709 3281 819 3334 τῶν
845 3280 1051 3333 πιστῶν
1086 3281 1186 3350 (4).

1086 3281 1186 3350 (4).
1761 3297 1803 3353 C
1907 3293 1960 3347 2.
1994 3293 2249 3350 Ecclesiae
2276 3294 2531 3350 ﬁdelium.

228 3374 283 3426 5.
315 3373 380 3426 Οἱ
435 3372 780 3436 ἀπειθοῦντες
842 3373 1080 3426 Ἰουδαῖοι
1131 3375 1226 3427 καὶ
1272 3375 1531 3449 ’Έλληνες
1579 3380 1681 3434 ἐκτὲ

1909 3391 1963 3442 '5.
1991 3387 2256 3444 lncreduli
2285 3389 2479 3455 Judaai,
2507 3399 2560 3444 et
2588 3391 2815 3461 gentiles
2843 3402 2993 3444 extra
3029 3391 3227 3461 ipsum.

155 3481 347 3518 αυτου.

223 3557 280 3611 ι.
315 3557 376 3610 Οἱ
403 3558 825 3624 πεπιστευκότες
849 3560 997 3632 αὐτῷ
1018 3563 1155 3630 λαοὶ,
1192 3564 1612 3633 εύτρεπίσαντες
1637 3563 1703 3617 τὰ

1920 3563 1960 3616 1.
2003 3563 2213 3633 Populi,
2256 3565 2350 3633 qui
2383 3565 2730 3620 crediderunt
2758 3565 2807 3619 ei
2841 3580 3209 3635 praeparantes
3241 3567 3400 3622 εοεαε

157 3648 384 3719 καρδίας
417 3647 644 3715 ἐαυτῶν,
679 3649 929 3716 ἐδέξαντο
952 3654 1008 3704 ἐν
1028 3653 1207 3717 αὐτοῖς
1238 3654 1314 3724 (5)
1339 3652 1436 3723 τὴν
1461 3653 1637 3722 βασιλε

1461 3653 1736 3722 βασιλείαν
1838 3672 1935 3710 sua
1961 3664 2289 3725 exceperunt
2315 3654 2368 3708 in
2394 3654 2528 3725 ipsis
2552 3671 2776 3725 regnum
2806 3655 2920 3711 Dei.

153 3738 247 3791 τοῦ
283 3738 442 3793 Θεοῦ.

223 3831 278 3884 5.
326 3832 415 3884 Ἐν
437 3835 502 3904 τῇ
528 3833 712 3904 ἡμέρᾳ
741 3833 840 3904 τῆς
863 3835 1117 3906 κρίσεως.

923 3835 1117 3898 νίσεως.
1907 3836 1960 3888 5.
1997 3833 2054 3888 1η
2081 3834 2169 3889 die
2193 3834 2403 3904 judicii.

221 3923 278 3977 6.
306 3924 419 3977 Καὶ
441 3925 966 3998 κατακυριεύσει,(6)
986 3927 1078 3980 τοῦ
1113 3927 1462 3992 ἀπειθοῦντος
1492 3927 1660 3998 αὐτῷ.

1532 3927 1660 3998 ύτῷ.
1905 3926 1959 3981 6.
1989 3927 2052 3981 Ει
2073 3927 2384 3998 subjugabit
2407 3943 2514 3982 non
2541 3927 2848 3983 credentem
2881 3929 3008 3984 sibi.

222 4014 278 4068 7.
310 4016 375 4068 οι
402 4015 684 4070 ἀπόστολοι
716 4015 985 4084 ἐφώτισαν
1006 4019 1074 4072 τὰ
1094 4019 1219 4091 ἔθνη
1243 4019 1331 4073 διὰ
1361 4019 1702 4092 κηρύγματος

1919 4019 2208 4089 7.Apostoli
2228 4021 2401 4076 lucem
2417 4021 2714 4076 attulerunt
2731 4021 2982 4093 gentibus
2998 4021 3399 4090 praedicatione.

223 4105 277 4160 8.
325 4106 645 4178 Ἀνὲσλεψον
679 4107 755 4179 (7)
781 4107 848 4160 τὰ
876 4108 999 4180 ἔθνη
1030 4113 1095 4182 τῇ
1129 4110 1357 4183 διανοίᾳ,
1393 4111 1486 4165 καὶ
1511 4111 1703 4182 ὴκολού

1918 4113 1959 4166 3.
1979 4113 2153 4169 Mente
2183 4123 2540 4184 respexerunt
2563 4123 2771 4186 gentes,
2790 4124 2842 4169 et
2861 4122 3060 4169 secutae
3076 4121 3202 4170 sunt
3220 4113 3398 4165 Iidem.

151 4195 328 4269 θησαν
345 4200 412 4269 τῇ
445 4200 646 4255 πίστει.

228 4290 282 4344 9.
315 4291 380 4344 Δί
412 4291 653 4346 ἐναντίαι
684 4291 940 4364 δυνάμεις
969 4293 1214 4358 ἐξέλιπον
1266 4294 1372 4347 ἀπὸ
1401 4293 1500 4366 τῆς
1527 4311 1708 4366 παρου

1920 4293 1956 4345 ).
2003 4292 2338 4346 Adversarize
2383 4299 2678 4360 potestates
2730 4287 3042 4343 defecerunt
3083 4285 3400 4341 adveniente

148 4385 276 4450 σίας
293 4381 391 4439 τοῦ
423 4383 644 4454 Κυρίου.

606 4403 644 4439 ›.
1836 4382 2086 4438 Domino.

225 4477 316 4532 10.
352 4477 483 4530 Ἀπὸ
503 4478 600 4548 τῆς
626 4477 925 4548 παρουσίας
950 4475 1042 4530 τοῦ
1079 4476 1347 4531 Δεσπότου
1369 4477 1477 4531 τῶν
1506 4475 1695 4532 ἐθνῶν.

1427 4477 1477 4531 δν
1506 4475 1695 4532 ἐθνῶν.
1909 4475 1993 4528 10.
2026 4473 2356 4529 Adveniente
2385 4474 2625 4544 gentium
2654 4471 2907 4525 Domino.

223 4571 314 4625 11.
344 4571 405 4622 Οἱ
437 4569 722 4624 ἀπόστολοι
749 4569 834 4623 διὰ
854 4569 947 4623 τοῦ
974 4569 1344 4642 κηρύγματος.

1770 4641 1773 4642 ν
1908 4572 1988 4626 11.
2026 4568 2266 4639 Apostoli
2295 4583 2392 4639 per
2417 4568 2875 4638 praedicationem.

223 4661 312 4716 12.
343 4661 452 4714 Καὶ
486 4661 864 4733 ἐφωτίσθησαν
892 4641 1091 4726 πάντες
1136 4660 1214 4732 τῷ
1249 4661 1411 4715 πάθει
1437 4660 1512 4733 (8)
1539 4662 1703 4716 αὐτοῦ

1766 4641 1806 4696 D
1908 4661 1993 4714 12.
2029 4658 2093 4714 Et
2121 4657 2408 4712 illuminati
2440 4665 2570 4711 sunt.
2598 4669 2790 4710 omnes
2823 4653 3077 4725 passione
3108 4653 3246 4722 ejus.

221 4753 312 4808 15.
346 4751 555 4817 Ξύλοις,
583 4754 675 4806 καὶ
695 4753 880 4818 λίθοις,
911 4754 1006 4808 καὶ
1051 4753 1251 4818 πάσαις
1283 4752 1434 4816 ὕλαις
1463 4756 1701 4817 κτισταῖς

1915 4755 1993 4808 15.
2030 4752 2220 4821 Ligna,
2248 4760 2304 4804 ct
2329 4749 2555 4818 lapides,
2591 4757 2646 4802 et
2667 4763 2856 4802 omnes
2885 4747 3140 4801 materias
3168 4754 3395 4800 creatas.

218 4845 308 4900 i4.
335 4846 458 4901 Ὀτι
483 4846 558 4919 (9)
586 4848 646 4901 τὸ
673 4846 932 4919 καύχημα
963 4847 1140 4902 αὐτῶν
1174 4847 1465 4918 τύφλωσιν,
1507 4848 1599 4900 καὶ
1633 4846 1698 4900 κέ

1915 4842 1994 4895 l4.
2026 4839 2293 4906 Quoniam
2328 4839 2696 4908 gloriationem
2732 4852 2886 4891 suam
2917 4836 2970 4890 in
3000 4834 3178 4898 czecis,
3214 4835 3395 4896 mutis,

145 4956 346 5010 φωσιν,
381 4940 474 4994 καὶ
502 4939 765 5012 νέκρωσιν
793 4936 956 5010 εἶχον.

1833 4941 1888 4987 et
1921 4930 2148 4986 mortuis
2179 4929 2503 4984 habuerunt.
3056 4940 3064 4951 ·

216 5028 309 5084 15.
338 5030 401 5082 Ui
426 5030 603 5082 πιστοὶ
634 5031 681 5083 οί
703 5029 1039 5096 δουλεύοντες
1071 5030 1237 5101 αὐτῷ.

1221 5072 1237 5086 .
1907 5024 1991 5078 15.
2018 5021 2229 5077 Fideles
2253 5022 2551 5076 servientes
2579 5021 2699 5090 ipsi.

218 5118 308 5174 16.
359 5119 446 5172 Ἐν
466 5119 576 5192 (10)
605 5121 718 5175 ἄνω
759 5120 1134 5191 Ἰερουσαλήμ.

1906 5113 1989 5167 lti.
2022 5113 2079 5167 ln
2113 5127 2344 5182 superna
2373 5111 2699 5168 Jerusalem.

1107 5215 1413 5277 Addenda
1468 5224 1529 5275 et
1560 5211 1934 5292 corrigenda
1965 5227 2045 5272 ex
2079 5210 2219 5272 cod.
2257 5211 2462 5272 Vatic.

215 5311 296 5388 (1)
332 5311 514 5388 ’ρτεή
548 5315 620 5384 γῆ
651 5315 836 5388 αὑτοῦ,
865 5322 970 5369 etc.
1051 5384 1062 5388 _
1168 5386 1178 5388 _
1291 5387 1295 5388 ν
1513 5384 1523 5388 _

1903 5309 1977 5388 (ﬁ)
2002 5311 2352 5388 Κατακαύσει
2380 5311 2507 5375 τοὺς
2535 5308 2908 5372 ἀπειθοῦντας,
2942 5316 3045 5362 etc.

214 5381 295 5451 (2)
351 5381 896 5455 Συμπεριςρερόμενον
926 5401 976 5437 τ.
1039 5384 1095 5439 ἀ.
1153 5386 1203 5454 ῤ.
1255 5387 1333 5448 εἰς
1391 5384 1721 5438 κατάστασιν
1900 5381 2345 5455 (ῃᾏνέὸλεψαν.

136 5450 352 5522 ἢγαγεν
382 5450 750 5520 raucos—etc;
1153 5450 1164 5454 ⁷
1902 5450 1978 5521 (8⁷)
2015 5452 2086 5504 Τὸ
2115 5452 2304 5516 πάθος.

209 5522 291 5605 (εξ)
327 5522 530 5605 EE“?-

1903 5523 2183 5605 πό,
2206 5532 2334 5583 etc..
2364 5521 2594 5591 ἔχοντες.

213 5593 293 5663 (4)
336 5591 555 5648 Ἐθνῶν.
1903 5591 2014 5663 (10)
2048 5593 2108 5644 Ἦ
2139 5594 2266 5656 ἅνω,
2292 5603 2396 5652 etc.

210 5661 292 5736 (5)
336 5663 598 5728 Ἐαυτοῖς.
1915 5661 1920 5663 ἡ
1997 5661 2003 5662 ⁷
2758 5688 2771 5703 ς

454 5761 724 5828 Funon.
757 5763 872 5825 Gn.
896 5760 1154 5823 XXVII.
3053 5745 3130 5804 3"
