3748 6282
188 313 326 372 1069
1069 313 1159 370 DE
1190 313 1302 372 ’ΠΤ
1309 315 1464 374 ULIS
1503 318 1946 378 PSALMORUM.
1973 354 2041 364 —
2072 323 2267 380 PSAL.
2301 324 2534 380 XCVIII.
3283 339 3418 392 1070

252 432 308 486 7.
357 429 633 502 Ἐμνήσθη
664 427 757 484 τοῦ
785 429 962 493 ἐλέους
995 431 1158 485 αὐτοῦ
1188 451 1266 504 τῳ
1310 436 1504 488 Ἰακώϐ
1530 453 1543 464 ·

1783 456 1830 511 Α
1927 439 1980 494 7.
2018 438 2352 497 Recordatus
2381 451 2466 497 est
2487 442 2875 498 misericordiae
2902 461 3012 501 sua:
3033 445 3202 504 Iacob
3227 469 3239 505 :

251 524 308 579 8.
345 523 452 576 Καὶ
483 523 584 594 τῆς
614 522 868 593 ἀληθείας
903 524 1066 578 αὐτοῦ
1091 525 1169 596 τῷ
1195 526 1329 597 οἴκῳ
1371 527 1607 598 Ἰσραήλ.

1419 527 1607 598 σραήλ.
1923 530 1977 584 8.
2010 529 2074 584 Ει
2102 531 2344 586 veritatis
2367 547 2477 586 suae
2500 533 2680 586 domui
2718 532 2899 589 Israel.

251 614 307 669 9.
331 614 559 667 Εἰδοσαν
591 613 769 666 πάντα
796 613 865 666 τὰ
887 613 1094 686 πέρατα
1127 616 1226 686 τῆς
1264 617 1369 688 γῆς
1387 617 1448 669 τὸ
1482 618 1731 690 σωτήριοι

1935 621 1976 675 9.
2009 620 2269 678 Viderunt
2315 639 2506 680 omnes
2555 626 2769 680 termini
2826 637 2986 683 terra:
3035 630 3269 686 salutare
3321 633 3415 692 Dei

183 705 279 760 τοῦ
308 705 442 759 Θεοῦ
477 705 654 776 ἡμῶν.

565 705 654 759 ὦν.
1852 714 2045 770 nostri.

253 797 340 851 10.
391 798 714 864 Ἀλαλάξατε
735 799 811 871 τῷ
842 799 978 870 Θεῷ,
1015 802 1164 854 πᾶσα
1185 802 1218 872 ἡ
1243 800 1314 870 γῆ
1337 817 1352 830 ·

1923 805 2009 859 10.
2042 804 2275 862 Jubilate
2304 807 2436 874 Deo,
2468 813 2648 864 omnis
2675 821 2855 869 terra:

257 887 346 942 II.
387 888 609 960 ’ᾼσατε,
645 889 737 942 καὶ
768 888 1113 958 ἀγαλλιᾶσθε,
1141 891 1232 944 καὶ
1263 890 1488 960 ψάλατε.

1925 893 2012 947 11.
2052 893 2302 961 Cantate,
2324 905 2378 952 et
2409 899 2704 964 exsultate,
2737 911 2790 957 et
2822 905 3054 972 psallite.

259 979 344 1033 12.
373 978 594 1032 Ψάλατε
619 979 696 1050 τῷ
725 979 912 1052 Κυρίῳ
947 981 1004 1032 ὲν
1043 979 1276 1051 κιθάρᾳ,
1326 982 1385 1035 ὲν
1421 979 1496 1051 (a)
1530 980 1739 1053 κιθάρᾳ,

1934 986 2010 1040 [2.
2045 986 2264 1044 Psallite
2291 990 2520 1045 Domino
2551 992 2605 1046 in
2631 993 2864 1058 cithara.
2885 997 2937 1050 in
2969 998 3414 1070 cithara,etvoce

184 1071 277 1124 ml.
308 1071 458 1141 φωνῇ
492 1069 706 1142 ψαλμοῦ
726 1087 744 1102 ο

1852 1081 2043 1146 psalmi
2075 1100 2088 1134 :

254 1162 339 1216 1'5.
373 1163 462 1216 Ἐν
487 1161 770 1232 σάλπιγξιν
790 1163 1026 1228 ὲλαταῖς,
1054 1165 1146 1218 καὶ
1174 1166 1322 1236 φωνῇ
1343 1156 1638 1232 σάλπιγγος
1658 1183 1734 1218 κε-

1924 1173 2009 1228 I3.
2043 1171 2098 1227 In
2129 1174 2275 1229 tubis
2293 1173 2606 1244 ductilibus,
2633 1188 2687 1232 et
2719 1194 2851 1236 voce
2881 1184 3023 1240 tuba:
3049 1201 3280 1244 corneae.

186 1253 427 1326 ρατίνης.

251 1347 338 1400 14.
382 1347 706 1413 Ἀλαλάξατε
740 1347 1079 1428 ἐνώπιον-τοῦ
1113 1349 1374 1420 βασιλέως
1401 1353 1605 1426 Κυρίου
1627 1371 1640 1383 °

1925 1347 2010 1401 11.
2044 1346 2278 1404 Jubilate
2303 1350 2356 1404 in
2378 1363 2672 1423 conspectu
2701 1357 2844 1428 regis
2871 1356 3087 1415 Domini
3119 1382 3129 1416 :

251 1438 338 1493 15.
370 1441 690 1513 Σαλευθήτω
721 1443 754 1512 ἡ
785 1441 1048 1507 θάλασσα,
1076 1442 1167 1496 καὶ
1193 1442 1252 1496 τὸ
1271 1443 1538 1516 πλήρωμα
1561 1446 1728 1517 αὐτῆς

1603 1446 1749 1517 ύτῆς,
1926 1439 2011 1493 15,
2045 1440 2322 1498 Moveatur
2337 1461 2512 1511 mare,
2536 1455 2588 1502 et
2627 1447 2902 1518 plenitudo
2929 1451 3083 1521 ejus,

251 1529 338 1585 16.
378 1531 441 1584 Ἤ
463 1532 773 1605 οἰκουμένη,
800 1533 917 1605 ξκαὶ
946 1535 1146 1598 πάντες
1201 1536 1249 1587 οί
1283 1535 1662 1601 κατοικοῦντες
1695 1539 1731 1590 ἐπ

1928 1532 2011 1586 16.
2042 1531 2201 1589 Orbis
2232 1543 2521 1605 terrarum,
2549 1549 2602 1593 et
2634 1554 2824 1596 omnes
2848 1542 2941 1612 qui
2963 1544 3208 1601 habitant
3228 1547 3284 1601 in
3306 1565 3374 1603 eo
3394 1567 3408 1583 ο

181 1622 343 1694 αὐτῇ.

200 1736 205 1740 ~
249 1714 337 1770 17.
373 1715 617 1788 Ποταμοὶ
638 1717 961 1789 κροτήσουσι
992 1719 1138 1791 χειρὶ
1173 1719 1263 1772 ἐπὶ
1295 1720 1356 1772 τὸ
1383 1719 1515 1774 αὐτὸ
1540 1737 1552 1748 ·

1514 1755 1515 1760 η
1540 1737 1552 1748 -
1926 1715 2011 1768 17.
2046 1715 2296 1772 Flumina
2318 1717 2579 1788 plaudent
2597 1736 2760 1778 manu
2794 1723 2953 1780 simul
2979 1746 2994 1780 ε

247 1806 335 1860 18.
370 1806 452 1862 Τά
480 1807 579 1878 ὅρη
614 1807 686 1877 (b)
715 1807 1152 1876 άγαλλιάσονται,

1784 1812 1827 1868 Β
1925 1807 2009 1862 18.
2047 1808 2255 1866 Montes
2289 1813 2669 1878 exsultabunt,

246 1898 336 1954 19.
380 1898 512 1952 Ἀπὸ
536 1899 825 1971 προσώπου
858 1901 1062 1972 Κυρίου
1087 1919 1100 1931 ’
1141 1904 1222 1956 ὅτι
1243 1901 1456 1974 ἔρχεται
1477 1943 1493 1967 ,
1519 1903 1598 1957 ὅτι
1629 1904 1726 1974 ἧκε

1930 1900 2014 1954 19.
2051 1901 2097 1954 Α
2123 1912 2417 1973 conspectu
2464 1904 2675 1960 Domini
2707 1925 2722 1960 :
2754 1908 3010 1978 quoniam
3047 1911 3228 1978 venit,
3273 1927 3410 1983 quo-

175 1993 357 2062 κρῖναι
387 1991 488 2062 τὴν
519 1991 639 2062 γῆν.

1856 1992 2001 2046 niam
2037 1992 2183 2048 venit
2209 1993 2453 2064 judicare
2481 2005 2679 2052 terram
2707 2015 2719 2051 :

246 2082 336 2138 ΞΟ.
365 2083 555 2154 Κρινεῖ
579 2081 675 2154 τὴν
703 2085 1026 2157 οἰκουμένην
1060 2086 1118 2138 ἐν
1148 2085 1462 2159 δικαιοσύνῃ
1484 2103 1497 2116 ’
1560 2071 1562 2073 ί

1923 2082 2013 2138 20.
2048 2083 2316 2142 Judicabit
2339 2087 2522 2143 orbem
2557 2098 2822 2145 terrarum
2850 2091 2902 2146 in
2928 2093 3136 2164 iustitia
3171 2113 3183 2148 :

245 2177 337 2232 21.
368 2178 480 2231 Καὶ
503 2177 668 2241 λαοὺς
699 2178 758 2232 ὲν
784 2179 1058 2251 εύθύτητι.

1923 2176 2014 2230 et.
2046 2175 2112 2232 Ει
2134 2179 2364 2248 populos
2395 2180 2448 2234 in
2476 2183 2746 2252 aequitate.

496 2269 741 2340 Ψαλμὸς
768 2268 846 2336 τῷ
867 2271 1062 2326 Δαϐίδ.
1101 2273 1289 2327 Ima:
1311 2275 1433 2338 ur.

2135 2270 2385 2324 Psalmus
2417 2271 2606 2326 David.
2639 2272 2838 2329 PSAL.
2873 2275 3148 2332 XCVIII.

251 2359 303 2415 1.
347 2359 406 2414 Ὅ
442 2359 648 2433 Κύριος
677 2355 1046 2428 ἐϐασίλευσεν,
1067 2363 1468 2436 ὀργιζέσθωσαν
1501 2363 1619 2417 λαοί
1642 2379 1654 2392 ο

1927 2361 1976 2415 1.
2017 2361 2278 2417 Dominus
2306 2366 2570 2432 regnavit,
2603 2365 2907 2422 irascantur
2944 2368 3168 2439 populi:

249 2490 328 2631 (αἶ
353 2488 510 2545 Vers.
547 2490 632 2557 15,
670 2492 775 2554 Ἐν,
797 2503 902 2549 etc.
936 2492 1086 2549 Vers.
1132 2495 1216 2560 14,
1271 2498 1358 2551 Ἐν
1400 2495 1705 2563 σάλπιγξιν,

249 2561 300 2631 (b
355 2558 493 2618 Vers
532 2560 622 2626 I8,
646 2561 726 2615 Τὰ
745 2562 867 2631 ὅρη,
888 2573 1016 2627 etc.,
1033 2564 1266 2631 ἔρχεται.
1287 2564 1445 2624 Vere.
1473 2566 1560 2629 I9,
1587 2567 1729 2630 Ὅτι,

1203 2539 1216 2560 ,
1271 2498 1358 2551 Ἐν
1400 2495 1705 2563 σάλπιγξιν,
1748 2504 1851 2549 etc.
1889 2494 2038 2552 Vers.
2073 2494 2158 2559 15,
2207 2493 2550 2563 Ἀλαλάξατε,
2581 2506 2683 2552 etc.

1203 2584 1266 2620 ιι.
1287 2564 1445 2624 Vere.
1473 2566 1560 2629 I9,
1587 2567 1850 2630 "timete.

247 2558 321 2631 (ὁ)
355 2558 493 2618 Vers
532 2560 622 2626 I8,
646 2561 726 2615 Τά
745 2562 867 2635 ὅρη,
888 2573 1016 2627 etc.,
1033 2558 1266 2635 ἔρχεται.
1287 2564 1445 2624 Vera.
1473 2558 1729 2630 19,’“Ὂτι,
1746 2573 1850 2620 etc.

1305 2722 1676 2780 ATHANASII
1715 2722 2290 2781 INTERPRETATIO.

245 2877 298 2932 7.
339 2876 612 2950 Ἐμνήσθη
639 2875 734 2933 τοῦ
756 2877 974 2950 ἐλεῆσαι
991 2878 1081 2932 τὸν
1113 2877 1239 2932 λαὸν
1265 2877 1372 2931 τῶν
1407 2877 1696 2942 Ἰουδαίων,

1928 2878 1980 2932 7.
2019 2877 2358 2934 Recordatus
2396 2889 2479 2935 est
2507 2879 2753 2935 misereri
2786 2881 2969 2951 populi
3002 2880 3337 2942 Iudaeorum.

244 2970 300 3026 8.
327 2969 434 3023 Καὶ
459 2969 522 3022 τὸ
570 2971 724 3040 γένος
743 2971 854 3025 τῶν
880 2969 1174 3044 προφητῶν
1219 2969 1327 3023 τῶν
1360 2969 1612 3041 ὁρώντων
1656 2969 1724 3022 τδε

1935 2968 1975 3022 3.
2010 2971 2078 3024 Et
2125 2970 2339 3039 generis
2411 2972 2795 3040 prophetarum
2868 2973 3164 3028 videntium
3235 2984 3415 3038 metite

172 3063 308 3118 Θεὸν
337 3065 402 3134 τῇ
431 3061 637 3133 διανοίᾳ
656 3079 669 3092 ·
698 3061 853 3115 τοῦτο
877 3061 985 3132 γὰρ
1014 3060 1374 3133 ἑρμηνεύεται
1414 3058 1652 3128 Ἰσραήλ

1516 3058 1682 3126 om“.
1855 3058 2023 3114 Deum
2062 3079 2075 3113 :
2115 3060 2188 3114 ita
2217 3060 2360 3114 enim
2395 3060 2778 3130 interpretatur
2807 3060 2996 3116 Israel.

244 3154 298 3209 9.
338 3152 744 3225 Ἐφωτίσθησαν
775 3153 953 3206 πάντα
982 3152 1051 3204 τὰ
1078 3152 1204 3223 ἔθνη
1233 3151 1311 3221 τῷ
1350 3152 1428 3221 (1)
1462 3151 1622 3205 πάθει
1651 3150 1724 3203 τοὶ

1934 3149 2329 3206 9.1]luminatae
2379 3161 2508 3206 sunt
2555 3166 2744 3207 omnes
2793 3163 2976 3222 gentes
3016 3153 3271 3222 passione
3321 3152 3414 3207 ηυξ

173 3246 312 3300 Θεοῦ
339 3245 516 3317 ἡμῶν.

1775 3288 1816 3346 C
1852 3243 2042 3297 nostri.

246 3338 332 3393 10.
368 3336 629 3402 Δοξάζετε
659 3337 838 3399 αὑτὸν,
867 3336 1044 3390 πάντα
1062 3335 1134 3390 τά
1167 3335 1318 3407 ἔθνη.

1778 3333 1816 3346 ν
1922 3334 2006 3386 10.
2042 3333 2353 3389 Gloriﬁcate
2379 3350 2501 3391 eum
2525 3375 2540 3400 ,
2567 3350 2759 3392 omnes
2787 3345 2994 3406 gentes.

248 3428 335 3482 II.
375 3429 451 3500 (2)
479 3427 569 3500 Τῷ
597 3428 790 3500 Πατρὶ,
813 3427 1007 3498 καὶτῷ
1037 3427 1169 3498 mp,
1196 3428 1291 3482 καὶ
1313 3427 1389 3498 τῷ
1411 3427 1552 3498 ἁγίῳ
1580 3428 1728 3482 Πνεύ

1935 3425 2010 3477 ll.
2046 3423 2212 3491 Patri,
2243 3435 2297 3480 et
2319 3425 2481 3492 Filio,
2511 3435 2566 3481 et
2607 3425 2833 3496 Spiritui
2858 3437 3048 3482 sancto
3083 3426 3415 3481 mortiﬁcan-

177 3545 306 3601 ματι
333 3524 704 3595 νεκρώσαντες
722 3522 792 3576 τὰ
817 3523 951 3594 μέλη
975 3523 1128 3594 ὑμῶν
1152 3523 1242 3576 διὰ
1269 3523 1369 3593 τῆς
1399 3522 1656 3593 ὲγκρατεί

1511 3522 1744 3593 ρατείας,
1852 3523 1931 3568 tes
1959 3516 2200 3570 membra
2232 3526 2408 3572 vestra
2451 3533 2548 3586 per
2579 3519 2991 3572 continentiam.

244 3618 334 3672 12.
375 3617 466 3670 ’Ev
497 3618 566 3686 τῇ
616 3613 880 3685 νεκρώσει
912 3615 1007 3668 τοῦ
1061 3613 1311 3685 σώματος
1343 3613 1499 3683 ὑμῶν
1556 3613 1650 3666 καὶ
1681 3617 1724 3683 τῇ

1933 3609 2011 3663 12.
2047 3611 2104 3664 1η
2147 3612 2569 3667 mortiﬁcatione
2619 3615 2866 3683 corporis
2909 3615 3097 3679 vestri,
3144 3623 3203 3670 et
3238 3614 3413 3684 gratia

173 3711 358 3782 χάριτι
377 3708 470 3762 τοῦ
504 3707 659 3776 ἁγίου
693 3707 1028 3777 Πνεύματος.

821 3707 1028 3777 ἱματος.
1851 3693 2085 3782 Spiritus
2109 3699 2301 3753 sancti.

246 3779 336 3856 I5.
380 3803 468 3855 ’Ev
495 3803 609 3864 τοῖς
631 3799 944 3872 κηρύγμασι
972 3798 1081 3852 τῶν
1115 3796 1412 3870 προφητῶν
1439 3798 1536 3849 καὶ¹
1567 3799 1631 3868 τῇ
1664 3796 1726 3849 διε

1936 3781 2007 3835 15.
2038 3779 2098 3835 1η
2136 3782 2617 3852 praedicationibus
2647 3784 3071 3854 prophetarum,
3115 3793 3171 3838 et
3214 3785 3268 3838 in
3317 3783 3416 3837 do-

169 3892 435 3964 δασκαλίᾳ
460 3890 554 3945 τοῦ
590 3890 795 3962 Κυρίου
828 3893 885 3943 ὲν
913 3889 992 3960 τῷ
1013 3889 1356 3960 Εὑαγγελίῳ.

1848 3875 2022 3927 ctrina
2059 3873 2302 3938 Domini,
2327 3890 2448 3945 qua:
2479 3876 2534 3930 in
2550 3875 2842 3947 Evangelio
2869 3877 3201 3932 continetur.

243 3981 331 4036 14.
365 3958 654 4053 Κηρύξατε
680 3958 739 4033 ἓν
771 3980 933 4033 παντὶ
959 3958 1133 4050 τόπῳ.
1306 3958 1314 3960 ἡ

1306 3958 1314 3960 ‘
1924 3958 2011 4013 14.
2048 3959 2344 4016 Praedicate
2369 3961 2424 4015 in
2457 3962 2606 4016 omni
2639 3963 2779 4017 loco.

243 4073 332 4127 15.
367 4051 467 4136 Εἰς
489 4071 703 4127 σύνεσιν
736 4071 944 4144 ἀγαθὴν
973 4072 1099 4144 ἔλθῃ
1127 4073 1232 4135 πᾶς
1261 4073 1288 4126 ὁ
1309 4071 1532 4143 κόσμος.

1935 4052 2008 4107 [5.
2043 4051 2102 4108 In
2152 4054 2484 4111 intellectum
2539 4057 2743 4110 bonum
2788 4057 2970 4111 veniat
3013 4055 3249 4111 mundus
3295 4053 3415 4108 uni-

1850 4157 2062 4200 VCI‘SUS.

242 4250 330 4304 16.
373 4250 439 4303 Ἦ
465 4249 752 4322 συναγωγή
786 4249 878 4304 καὶ
904 4250 960 4303 αἱ
988 4248 1152 4318 φυλαὶ
1179 4249 1374 4319 αὐτῆς.

1340 4267 1374 4312 ;.
1859 4245 1866 4253 '
1923 4235 2011 4290 16.
2038 4233 2345 4309 synagoga,
2371 4241 2600 4311 ejusque
2627 4242 2820 4297 tribus.

243 4341 334 4393 I7.
365 4340 446 4394 Τὰ
465 4340 588 4412 ἔθνη
616 4343 944 4413 χαρήσονται
976 4340 1034 4392 ἐν
1055 4342 1170 4403 ταῖς
1195 4341 1444 4412 καρδίαις
1476 4340 1672 4394 αὐτῶν.

1647 4365 1672 4394 ι,
1921 4325 2007 4380 17.
2045 4324 2244 4382 Gentes
2275 4331 2588 4400 gaudebunt
2619 4332 2673 4384 in
2705 4331 2961 4386 cordibus
2990 4331 3127 4384 suis.

241 4426 330 4481 18.
356 4428 419 4481 Οἱ
447 4429 723 4500 προφῆται
748 4429 838 4482 διὰ
869 4428 968 4500 τὴν
997 4427 1299 4500 παρουσίαν
1327 4427 1514 4483 αὐτοῦ.

1917 4415 2007 4470 18.
2040 4416 2320 4487 Propheta:
2343 4430 2566 4490 propter
2593 4422 2884 4476 adventum
2909 4420 3029 4488 ejus
3050 4458 3065 4482 ,

239 4519 328 4574 19.
359 4519 480 4573 Ὅτι
510 4515 674 4590 ἦλθεν
705 4519 1084 4574 ἀντιλαϐέσθαι
1111 4517 1204 4572 τὸν
1235 4519 1521 4592 ἄνθρωπον
1555 4521 1652 4592 ('5).

1931 4509 2008 4562 l9.
2050 4508 2321 4576 Quoniam
2359 4515 2504 4568 venit
2548 4515 2614 4568 ad
2662 4513 2940 4567 hominem
2983 4509 3411 4580 suscipiendum.

241 4609 334 4665 20.
369 4611 699 4684 Καταρτίσει
725 4612 801 4685 (4)
831 4612 930 4684 τὴν
953 4611 1269 4683 συναγωγὴν
1289 4613 1370 4675 εἰς
1397 4611 1464 4665 τὰ
1482 4611 1618 4683 ἔργα
1641 4614 1721 4685 τῆς

1799 4625 1819 4677 )
1922 4599 2013 4654 20.
2039 4598 2372 4670 Praeparabit
2397 4619 2721 4676 synagogam
2753 4604 2807 4657 in
2835 4617 3001 4671 opera
3031 4601 3279 4672 iustitiae.

167 4701 538 4772 δικαιοσύνης.

238 4790 329 4845 91.
357 4793 470 4845 Καὶ
503 4793 574 4846 τὰ
591 4791 717 4863 ἔθνη
743 4792 1061 4864 καταρτίσει
1092 4792 1172 4856 είς
1201 4791 1300 4863 τὴν
1331 4790 1610 4863 ἀλήθειαν.

1597 4834 1610 4845 .
1921 4799 2011 4854 21.
2039 4799 2107 4857 Ει
2126 4812 2314 4874 gentes
2338 4807 2664 4875 prazparabit
2690 4809 2742 4860 in
2766 4809 3069 4864 veritatem.

253 4903 322 4956 Ἦ
358 4903 692 4975 προκειμένη
721 4904 1001 4978 ἐπιγραφὴ
1034 4903 1274 4976 περιέχει
1311 4901 1386 4975 (5)
1414 4921 1427 4934 ⁶
1467 4903 1715 4972 Ψαλμὸς
1769 4907 1848 4974 τῷ
1891 4913 2070 4968 Δαὸὶδ
2115 4917 2521 4990 ἀνεπίγραφος
2549 4923 2686 4990 παρ’
2724 4923 3026 4990 Ἑϐραίοις,
3077 4919 3289 4990 ψαλμὸς
3337 4913 3417 4982 τῷ

239 4993 458 5051 Titulus
503 4997 829 5068 prapositus
875 4995 1120 5052 continet
1149 5014 1164 5050 :
1195 4993 1445 5051 Psalmus
1471 4994 1648 5051 David
1678 5000 1790 5055 sine
1821 5004 1977 5059 titulo
2007 5009 2148 5077 apud
2176 5009 2448 5077 Hebraeos,
2487 5015 2728 5083 psalmus
2766 5030 2923 5066 manu
2953 5013 3081 5083 forti
3116 5010 3254 5065 Filio
3294 5009 3414 5068 Dei.

242 5114 289 5166 I.
340 5113 399 5168 '0
428 5115 554 5179 Υἱὸς
595 5114 688 5169 τοῦ
734 5113 868 5168 Θεοῦ
896 5114 1208 5168 ἐϐασίλευσε
1233 5115 1322 5169 διὰ
1370 5115 1470 5185 τῆς
1505 5106 1722 5170 πίστεω;

1933 5127 1976 5180 l.
2007 5127 2178 5185 Filius
2215 5129 2306 5187 Dei
2348 5134 2594 5204 regnavit
2634 5150 2728 5204 per
2758 5132 2918 5187 ﬁdem
2949 5133 3003 5185 in
3040 5129 3263 5194 mundo,
3299 5129 3413 5184 dis-

167 5204 260 5257 ὶπὶ
286 5204 379 5258 τὸν
403 5205 624 5274 κόσμον,
643 5203 1142 5274 σπαρασσὲσθωσαν
1170 5205 1281 5259 άπὸ
1302 5205 1496 5275 μανίας
1520 5207 1568 5259 οἱ
1586 5207 1643 5260 άτ

163 5294 390 5360 θοῦντες
420 5295 682 5350 Ἰουδαῖοι.

1586 5207 1745 5260 ἀπει-
1851 5233 2175 5293 rumpantur
2207 5241 2320 5295 pra:
2369 5225 2552 5282 furore
2580 5203 2844 5282 increduli
2874 5223 3062 5279 Judaei.

1123 5387 1432 5452 Addenda
1461 5395 1522 5451 et
1552 5384 1924 5467 corrigenda
1957 5399 2037 5444 ex
2083 5382 2221 5444 cod.
2264 5383 2465 5444 Vatic.

257 5514 702 5590 υἷιῖδίιῖάθρίο-
817 5587 828 5590 _
1214 5585 1260 5590 _
1336 5583 1349 5590 -
1546 5584 1593 5590 _-
1655 5583 1709 5590 _-

1689 5584 1709 5590 _
1843 5510 2352 5590 τοῐὶηεύγμασιν,
2383 5517 2488 5562 etc.
2513 5508 2582 5560 N.
2617 5506 2700 5560 15.
2729 5505 3036 5579 Κηρύξατε,
3065 5514 3169 5562 etc.

228 5519 314 5652 ρ)
346 5519 420 5569 Τὸ
449 5519 638 5580 πάθος.

179 5613 211 5660 ;-
233 5589 310 5660 Δ2ὶ
340 5587 408 5641 Ν.
435 5587 634 5660 11.Τῴ
657 5587 850 5660 Πατρί,
877 5596 981 5642 etc.
1010 5583 1512 5660 us:1ue_llve§pat_t.
1546 5584 1613 5660 Νζ
1649 5585 1659 5636 l

1843 5519 1956 5573 τοῖς
1982 5519 2352 5582 κηρύγμασιν,
2383 5519 2488 5562 etc.
2513 5519 2582 5560 IV.
2617 5527 2619 5533 ·

1139 5583 1512 5660 ιθ-ῌνεύμαει.
1546 5584 1613 5660 Νζ
1649 5583 1734 5638 12.
2023 5581 2143 5660 ’[ῶν
2181 5577 2500 5660 ἀνθρώπων.
2565 5657 2572 5660 _
2609 5648 2619 5660 ι

152 5651 562 5730 Ψάλατεῦαύτῷ
588 5651 958 5730 demam“;
977 5697 992 5721 ,
1028 5651 1130 5730 etc:
1274 5655 1302 5730 _1
1315 5651 1374 5709 3.
1412 5656 1612 5730 _’_Ev_'rﬁ

1420 5656 1612 5730 _’_Ev_'rﬁ
1649 5672 1740 5730 _v_s-
2029 5651 2407 5730 Κειαεαρτῑγσαι,
2434 5651 2503 5702 ita
2527 5657 2583 5730 et
2609 5651 2662 5701 in
2689 5665 2742 5701 II.
2783 5664 2900 5718 seq.

151 5717 545 5800 κρώσῃ,ἐιο.,’
571 5728 665 5781 τοῦ
690 5717 1008 5798 Ϊινιύματος
1039 5727 1131 5780 τοῦ
1191 5725 1370 5794 ἁγίου.
1411 5726 1479 5780 Ν.
1524 5717 1612 5779 1ίῖ
1649 5725 1739 5777 Ἕν
2033 5723 2096 5774 'H
2127 5717 2214 5773 διὰ
2242 5717 2341 5788 τῆς
2367 5719 2734 5790 κινναϐάρεως
2764 5717 3027 5789 περιέχει.
