3706 6404
295 354 424 412 1071
1124 337 1183 391 5.
1221 327 1600 389 ATHANASH
1637 325 1788 384 OPP.
1825 321 2003 379 PARS
2041 318 2130 375 111.
2167 347 2237 358 —-
2273 312 2686 372 EXEGE'HCA.
3375 303 3518 358 1072

359 470 416 523 3.
447 464 554 534 Qui
592 461 745 518 sedes
767 472 927 530 super
952 453 1253 518 cherubim,
1282 457 1565 507 moveatur
1602 457 1768 503 terra.

2055 477 2070 493 .
2115 437 2173 490 '0
2207 433 2514 506 καθήμενος
2540 430 2632 484 ἐπὶ
2662 428 2772 482 τῶν
2803 422 3100 497 χερουσὶμ,
3133 421 3451 492 σαλευθήτω
3482 419 3518 493 ἡ

1953 548 2020 600 γη

2011 570 2045 602 λ.

361 634 415 692 ‘5.
453 632 711 690 Dominus
744 629 798 684 in
829 625 963 682 Sion
993 638 1222 695 magnus
1243 663 1258 688 ,

2021 621 2074 676 ὅ.
2110 618 2310 688 Κύριος
2331 618 2388 670 ἐν
2408 614 2543 669 Σιὼν
2576 613 2764 686 μέγας,

363 727 416 782 4.
449 725 515 778 Et
548 723 796 780 excelsus
823 732 986 788 super
1009 730 1197 771 omnes
1227 710 1476 784 populos.

2022 711 2069 764 4.
2102 711 2211 764 Καὶ
2236 707 2434 778 ὑψηλός
2467 709 2614 758 ἐστιν
2647 703 2738 757 ἐπὶ
2771 700 2979 763 πάντας
3009 699 3137 763 τοὺς
3163 696 3346 762 λαούς.

364 819 416 874 5.
454 815 822 873 Conﬂteantur
846 786 1085 882 [omnes]
1121 805 1328 861 nomini
1369 812 1462 858 tuo
1488 813 1726 872 magno:

2062 840 2075 854 .
2119 794 2734 869 Ἐξομολογησάσθωσαν
2763 790 3008 864 [πάντες]
3045 790 3124 862 τῷ
3165 786 3394 860 ὀνόματί
3426 805 3519 841 σου

1952 889 2029 943 τῶ
2063 889 2277 943 μεγάλω
2293 903 2307 916 ·

367 987 419 1040 6.
451 982 714 1052 Quoniam
746 977 1006 1041 terribile,
1029 987 1081 1032 et
1111 983 1359 1031 sanctum
1385 978 1467 1027 est
1495 989 1508 1025 :

1952 908 2029 961 τῳ
2062 906 2307 961 μεγαλῳ·

1495 989 1508 1025 ε
2024 981 2076 1035 6.
2105 981 2224 1033 Ὅτι
2260 977 2486 1049 φοόερδν
2524 976 2618 1029 καὶ
2637 973 2788 1043 ἅγιόν
2819 975 2953 1026 ἐστι.

331 1081 338 1092 ’
366 1079 420 1132 7.
456 1076 521 1130 Et
553 1075 727 1129 honor
757 1071 902 1142 regis
925 1069 1190 1140 judicium
1221 1065 1416 1135 diligit.

2024 1071 2076 1122 7.
2110 1069 2218 1122 Καὶ
2243 1066 2376 1138 τιμὴ
2404 1065 2662 1136 βασιλέως
2687 1061 2865 1134 κρίσιν
2893 1061 3099 1130 ἀγαπᾷ.

367 1164 418 1218 8.
455 1161 534 1216 Τιι
565 1159 766 1232 parasti
795 1157 1168 1214 directiones:

2026 1158 2077 1212 8.
2113 1157 2186 1210 Σὺ
2208 1156 2509 1228 ἡτοίμασας
2540 1151 2839 1223 εὐθύτητας
2858 1164 2871 1176 ·

368 1255 420 1309 9.
455 1251 726 1308 Iudicium
757 1258 812 1304 et
833 1248 1100 1319 justitiam
1126 1262 1182 1300 in
1208 1243 1376 1301 Jacob
1403 1251 1457 1298 tu
1485 1241 1680 1298 fecisti.

2064 1290 2077 1304 .
2105 1248 2300 1320 Κρίσιν
2329 1248 2419 1302 καὶ
2443 1243 2784 1314 δικαιοσύνην
2809 1243 2865 1295 ἐν
2905 1240 3100 1294 Ἰακὼὸ
3143 1241 3208 1293 σὺ
3239 1236 3523 1309 ἐποίησας.

371 1349 456 1399 10.
480 1343 724 1398 Exaltate
746 1340 1034 1396 Dominum
1063 1337 1231 1393 Deum
1268 1344 1511 1392 nostrum
1537 1349 1552 1389 :

2028 1340 2112 1396 10.
2157 1338 2382 1410 ’Υψοῦτε
2418 1338 2620 1409 Κύριον
2645 1337 2734 1388 τὸν
2762 1335 2893 1388 Θεὸν
2917 1333 3070 1405 ἡμῶν
3087 1349 3101 1363 ·

372 1438 456 1491 ll.
488 1435 554 1490 Et
577 1435 800 1489 adorate
823 1432 1121 1489 scabellum
1148 1429 1344 1500 pedum
1366 1427 1484 1497 ejus
1509 1445 1521 1481 :

2067 1431 2115 1485 1.
2137 1432 2244 1484 Καὶ
2270 1431 2620 1504 προσκυνεῖτε
2636 1428 2714 1500 τῷ
2732 1427 3005 1497 ὑποποδίῳ
3022 1425 3127 1478 τῶν
3147 1421 3324 1477 ποδῶν
3341 1420 3523 1476 αὐτοῦ’

372 1528 458 1582 12.
489 1525 758 1593 Quoniam
783 1532 1008 1580 sanctus
1028 1528 1130 1576 est.
1606 1555 1614 1560 ρ

1606 1555 1614 1560 -
2031 1521 2117 1576 12.
2149 1523 2270 1576 Ὅτι
2300 1522 2453 1592 ἆγιός
2481 1523 2615 1575 ἐστι.

371 1621 456 1674 15.
489 1618 724 1690 Moyses,
749 1625 802 1671 et
824 1616 1006 1670 Aaron
1035 1615 1088 1667 in
1115 1609 1486 1668 sacerdotibus
1512 1607 1632 1678 ejus
1652 1648 1666 1673 ,

2036 1613 2115 1668 15.
2151 1614 2410 1680 Μωῦσῆς,
2441 1612 2535 1666 καὶ
2580 1608 2786 1682 Ἀαρὼν
2811 1611 2870 1663 ὲν
2900 1610 3009 1672 τοῖς
3041 1606 3276 1680 ἱερεῦσιν
3298 1605 3460 1660 αὑτοῦ
3483 1643 3499 1668 ,

373 1708 460 1762 14.
496 1708 564 1762 Et
615 1706 836 1761 Samuel
885 1706 1026 1760 inter
1065 1718 1180 1770 eos,
1233 1705 1324 1772 qui
1369 1701 1622 1755 invocant
1662 1712 1836 1753 nomen

2072 1705 2122 1757 4.
2156 1705 2264 1757 Και
2293 1702 2543 1774 Σαμουὴλ
2569 1703 2626 1755 ὲν
2650 1704 2761 1764 τοῖς
2791 1699 3235 1771 ἐπικαλουμένοις
3272 1699 3337 1752 τὸ
3363 1691 3529 1766 ὄνομα

303 1802 420 1871 ejus
437 1839 452 1864 ,

1897 1789 1939 1843 Β
1968 1796 2152 1860 αὑτοῦ,

375 1893 462 1946 15.
495 1890 817 1947 invocabant
872 1888 1195 1955 Dominum,
1257 1893 1311 1941 et
1364 1885 1478 1956 ipse
1531 1882 1838 1939 exaudiebat

2075 1889 2128 1943 5.
2172 1886 2562 1942 Ἐπεκαλοῦντο
2585 1887 2674 1943 τὸν
2699 1886 2923 1958 Κύριον,
2949 1885 3041 1940 καὶ
3067 1885 3228 1950 αὐτὸς
3256 1885 3532 1958 εἰσήκουον

305 2004 420 2044 1105.

1967 1978 2169 2033 αὐτῶν.

378 2077 464 2132 16.
495 2077 550 2131 In
575 2076 826 2132 columna
851 2074 1011 2129 nubis
1033 2073 1355 2144 loquebatur
1380 2071 1447 2127 ad
1485 2085 1602 2129 eos.

2039 2069 2125 2123 16.
2165 2070 2254 2123 ’Ev
2274 2067 2448 2140 στύλῳ
2471 2068 2701 2142 νεφέλης
2731 2068 2910 2123 ἐλάλει
2945 2068 3082 2139 πρὸς
3104 2067 3325 2131 αύτούς.

378 2169 464 2224 17.
501 2167 766 2235 Quoniam
795 2165 1169 2222 custodiebant
1190 2163 1496 2220 testimonia
1529 2162 1685 2234 ejus,

2040 2161 2128 2217 17.
2159 2161 2282 2215 Ὅτι
2306 2161 2606 2230 ἐφύλασσον
2629 2161 2696 2214 τὰ
2721 2161 2995 2233 μαρτύρια
3017 2160 3182 2216 αὑτοῦ
3204 2198 3221 2225 ,

1410 2375 1782 2432 ATHANASII
1827 2376 2412 2438 INTERPRETATIO.
2446 2410 2454 2418 -

311 2584 492 2652 ἱκανῷ
518 2583 592 2655 τῇ
639 2583 787 2654 χειρὶ
835 2579 913 2652 τῷ
956 2578 1068 2650 Υἱῷ
1111 2577 1204 2632 τοῦ
1238 2577 1391 2631 Θεοῦ.
1428 2572 1562 2629 Εἶτα
1593 2577 2000 2650 ἀνεπίγραφος
2056 2583 2191 2652 παρ’
2229 2583 2541 2652 Ἐὄραίοις’
2578 2583 2947 2658 ἀπρόσδεκτος
2973 2583 3050 2655 (1)
3083 2582 3193 2657 γάρ
3227 2583 3381 2638 ἐστιν
3415 2580 3535 2654 παρ’

325 2677 598 2751 Ἑϐραίοις
643 2677 672 2728 ὁ
701 2673 1018 2745 ἐγκείμενος
1047 2673 1106 2725 ἐν
1136 2671 1211 2742 τῷ
1243 2668 1464 2741 ψαλμῷ.
1493 2669 1768 2726 τουτέστιν
1791 2675 1819 2726 ὀ
1851 2673 1978 2738 Υἱὸς
2005 2675 2100 2730 τοῦ
2134 2675 2290 2729 Θεοῦ.

311 2769 530 2915 going?
549 2768 661 2822 sine
694 2765 847 2821 titulo
883 2763 1022 2833 apud
1057 2761 1306 2816 Iiebrwos
1338 2778 1358 2814 :
1386 2769 1647 2831 exceptus
1667 2763 1814 2818 enim
1839 2780 1948 2821 non
1977 2779 2062 2824 est
2099 2767 2168 2823 ab
2201 2765 2463 2836 Hebraeis,
2492 2769 2588 2840 qui
2624 2768 2680 2822 in
2709 2767 2924 2840 psalmo
2955 2764 3288 2831 continetur,
3319 2765 3426 2822 hoc
3460 2770 3539 2819 est

359 2877 408 2915 ei
480 2879 494 2915 ι
521 2875 624 2915 ius.

359 2877 408 2918 el
435 2875 462 2914 ι·
480 2875 624 2916 mus.

385 2998 438 3052 2.
473 2997 578 3063 Qui
612 2997 756 3051 sedes
779 3010 934 3064 super
967 2992 1244 3049 Cnerubim
1265 3031 1279 3057 ,
1313 2991 1366 3045 in
1394 2992 1760 3063 cognitionem
1789 3005 1848 3048 ve

2076 2978 2104 3030 ι.
2158 2976 2221 3030 '0
2275 2980 2615 3047 καθήμενος
2656 2973 2756 3030 ἐπὶ
2804 2972 2924 3030 τῶν
2960 2973 3266 3044 χερουόὶμ,
3331 2973 3412 3036 ei;
3468 2970 3539 3043 (2)

314 3087 468 3143 niant
497 3095 702 3158 gentes.

1981 3066 2274 3137 ἐπίγνωσιν
2300 3069 2429 3143 ἔλθῃ
2455 3069 2523 3124 τὰ
2554 3068 2702 3139 ἔθνη.

382 3181 439 3233 3.
477 3153 534 3234 in
563 3176 849 3233 animabus
875 3173 1186 3230 sitientibus
1206 3188 1330 3228 eum
1361 3187 1593 3243 magnus
1618 3180 1722 3228 est.
1749 3171 1841 3228 Sio

2078 3163 2103 3214 ι.
2147 3161 2233 3216 Ἐν
2251 3164 2368 3227 ταῖς
2389 3162 2583 3234 ψυχαῖς
2604 3165 2720 3224 ταῖς
2741 3157 2997 3229 διψώσαις
3013 3159 3174 3214 αὐτὸν
3192 3158 3364 3230 μέγας
3388 3153 3541 3210 ἐστίν.

317 3272 461 3327 enim
489 3269 873 3338 interpretatur
896 3266 1102 3320 sitiens.

1982 3252 2136 3307 Σιὼν
2160 3252 2267 3324 γὰρ
2296 3253 2534 3322 διψῶσα
2561 3249 2941 3323 ἑρμηνεύεται.

387 3361 440 3418 4.
483 3359 829 3416 Gloriﬁcatus
861 3357 917 3412 in
950 3355 1222 3428 gentibus.

2054 3342 2110 3398 4.
2139 3342 2531 3414 Δεδοξασμένος
2551 3345 2609 3396 ὲν
2640 3343 2754 3404 τοῖς
2782 3339 2981 3393 ἔθνεσι.

388 3452 440 3507 5.
473 3450 705 3507 Peccata
734 3465 854 3505 sua.

2058 3435 2107 3490 5.
2142 3436 2254 3500 Τὰς
2288 3436 2562 3508 ἁμαρτίας
2586 3434 2785 3488 αὐτῶν.

391 3545 442 3599 6.
474 3543 746 3611 Quoniam
777 3540 1115 3606 lionorabile,
1151 3547 1204 3594 et
1233 3536 1542 3593 immortale
1565 3545 1670 3592 est.

1655 3573 1670 3592 .
2052 3527 2106 3582 6.
2137 3527 2256 3581 Ὅτι
2289 3526 2504 3598 ἔντιμον
2537 3525 2632 3579 καὶ
2668 3522 2938 3579 ἀθάνατόν
2977 3522 3114 3576 ἐστι.

391 3637 444 3692 7.
479 3605 542 3690 ﬁt
573 3634 743 3706 gloria
767 3632 890 3687 Filii
916 3631 1012 3687 Dei
1040 3646 1229 3686 verum
1265 3630 1459 3700 diligit.

2082 3619 2108 3673 ν.
2143 3619 2252 3671 Καὶ
2277 3619 2310 3689 ἡ
2342 3617 2468 3684 δόξα
2489 3617 2582 3671 τοῦ
2607 3617 2738 3670 Υίοῦ
2763 3614 2864 3669 τοῦ
2880 3612 3015 3668 Θεοῦ
3036 3611 3096 3666 τὸ
3122 3608 3322 3682 ἀληθὲς
3346 3605 3545 3677 ἀγαπᾷ.

391 3730 445 3784 8.
478 3701 728 3783 Mandata
755 3735 848 3781 tua
886 3733 1012 3784 ante
1039 3723 1483 3780 constitutionem
1507 3719 1720 3776 mundi.

2059 3709 2111 3764 8.
2141 3709 2251 3772 Τὰς
2287 3708 2502 3772 ἐντολάς
2526 3725 2618 3761 σου
2650 3708 2725 3778 (5)
2753 3705 2860 3777 πρὸ
2888 3703 3195 3773 καταϐολῆς
3223 3701 3445 3771 κόσμου.

394 3820 447 3874 9.
474 3818 696 3890 Legem,
736 3827 790 3873 et
826 3816 1119 3888 prophetas
1147 3817 1201 3870 in
1230 3813 1434 3884 ponulo
1467 3811 1784 3871 Iudaeorum
1829 3816 1857 3863 tl

2086 3811 2111 3856 ι.
2142 3803 2246 3856 Τὸν
2261 3803 2422 3868 νόμον
2451 3802 2544 3856 καὶ
2560 3800 2634 3873 (4)
2651 3801 2934 3872 προφήτας
2960 3798 3018 3851 ὲν
3045 3795 3122 3868 τῷ
3143 3793 3258 3866 λαῷ
3281 3794 3392 3849 τῶν
3430 3792 3549 3846 Ἰου-

325 3913 546 3968 dedisti.

1992 3896 2155 3950 δαίων
2183 3897 2247 3949 σὺ
2280 3895 2509 3958 ἔδωκας.

399 4005 486 4059 10.
515 4002 845 4058 Gloriﬁcate.

2063 3989 2151 4045 10.
2181 3987 2451 4054 Δοξάσατε
2479 3986 2576 4058 (5).
2593 4010 2596 4014 ί

399 4096 488 4162 11,
519 4095 607 4149 12.
641 4093 869 4150 Crucem
887 4091 1035 4161 ejus.

2065 4080 2152 4148 11,
2182 4081 2269 4135 12.
2299 4079 2390 4151 Τῷ
2428 4079 2645 4150 σταυρῷ
2677 4076 2863 4133 αὐτοῦ.

399 4154 486 4242 15.
519 4185 729 4242 Fideles
774 4154 942 4239 veluti
983 4179 1196 4251 Moyses
1249 4179 1301 4234 in
1354 4175 1783 4249 praedicatione,
1840 4189 1862 4229 ε

2085 4172 2151 4226 l3.
2181 4171 2245 4225 Οἱ
2280 4170 2461 4224 πιστοὶ
2512 4171 2587 4234 ὡς
2634 4169 2874 4239 Μωῦσῆς
2925 4168 3004 4229 είς
3031 4165 3094 4219 τὸ
3125 4166 3407 4238 κήρυγμα,
3461 4154 3548 4210 καὶ

330 4279 508 4335 omnis
532 4275 794 4332 Ecclesia.
818 4275 1000 4327 Aaron
1021 4271 1167 4325 enim
1193 4270 1584 4338 interpretatur
1609 4281 1757 4320 mons
1785 4282 1793 4317 ι

2085 4280 2146 4316 σα
2173 4264 2208 4335 ἡ
2250 4261 2562 4334 Ἐκκλησία.
2610 4259 2826 4330 Ἀαρὼν
2875 4257 2983 4330 γὰρ
3029 4253 3390 4327 ἑρμηνεύεται
3426 4249 3548 4317 ὅρος

333 4373 480 4436 tutis,
511 4368 689 4442 qualis
721 4374 805 4422 est
833 4364 1076 4421 Ecclesia
1100 4362 1364 4417 ﬁdeli-um.

1995 4351 2322 4422 δυνάμεως,
2351 4353 2488 4422 ὅπερ
2511 4352 2656 4406 ἐστὶν
2679 4353 2714 4422 ἡ
2752 4347 3048 4420 Ἐκκλησία
3066 4347 3175 4400 τῶν
3213 4342 3430 4398 πιστῶν.

403 4429 488 4518 14..
521 4429 756 4531 ῥορυιιιε
786 4457 992 4513 habens
1026 4469 1226 4510 nomen
1273 4453 1407 4518 Dei,
1456 4452 1562 4507 hoc
1607 4457 1692 4505 est
1737 4446 1866 4504 Cliri

2087 4443 2157 4497 [4.
2197 4443 2254 4497 '0
2283 4443 2410 4506 λαὸς
2433 4445 2461 4494 ὁ
2487 4441 2625 4512 ἔχων
2645 4442 2706 4493 τὸ
2726 4440 2894 4512 ὄνομα
2915 4439 2990 4511 (6)
3016 4437 3111 4491 τοῦ
3140 4435 3298 4496 Θεοῦ.
3324 4429 3550 4488 τουτέστι

333 4558 560 4610 stianus.
596 4520 750 4608 INam
813 4549 1026 4606 Samuel
1077 4549 1466 4618 interpretatur
1528 4558 1716 4597 nomen
1779 4556 1796 4594 ε

2093 4535 2339 4599 ιστιανός.
2381 4531 2668 4604 Σαμουὴλ
2705 4531 2814 4602 γὰρ
2843 4529 3204 4603 ἑρμηνεύεται
3237 4526 3421 4594 ὄνομα
3450 4520 3551 4572 αὺ-

334 4645 495 4697 Deus.

2003 4626 2109 4681 τοῦ
2141 4630 2173 4681 ό
2193 4626 2353 4692 Θεός.

406 4735 494 4789 15.
525 4731 774 4786 Fideles:

2077 4719 2164 4773 15.
2191 4721 2254 4772 Ui
2284 4716 2463 4771 πιστοί
2489 4715 2584 4787 (7).

525 4824 580 4877 In
609 4821 868 4892 apostolis
887 4860 901 4886 ,
931 4836 1024 4890 qui
1053 4835 1118 4874 ex
1147 4818 1431 4890 propuetis
1471 4825 1661 4879 erant,
1699 4810 1868 4884 praedi

2091 4810 2161 4865 16.
2206 4807 2293 4862 Ἐν
2318 4811 2428 4871 τοῖς
2453 4803 2766 4868 ἀποστόλοις
2789 4806 2901 4866 τοῖς
2935 4801 3010 4872 (8)
3040 4802 3104 4853 ὲκ
3135 4798 3247 4855 τῶν
3278 4787 3554 4870 προφητῶν

336 4917 478 4976 cavit
497 4917 600 4971 eis.

2007 4906 2105 4978 εκή
2115 4905 2270 4977 ρυξεν
2292 4903 2491 4962 αὐτοῖς.

408 5002 494 5056 17.
519 4999 784 5067 Quoniam
820 4997 1162 5054 crediderunt
1189 4997 1241 5051 in
1268 4995 1548 5064 doctrinas
1593 4991 1714 5063 ejus
1735 5031 1776 5059 ,Α

2198 4971 2322 5050 Ὅτι
2356 4992 2682 5048 ἐπίστευσαν
2710 4989 2786 5060 (9)
2813 4989 2872 5042 ὲν
2903 4986 3016 5048 τοῖς
3047 4983 3360 5056 μαθήμασιν
3381 4971 3555 5032 αὑτοῦ.

1277 5224 1585 5290 Addenda
1616 5229 1678 5285 et
1707 5217 2084 5301 corrigenda
2113 5233 2194 5278 ex
2220 5215 2361 5279 cod.
2397 5213 2599 5277 Vatic.

355 5509 366 5534 ν
408 5426 791 5534 (1,)Ῐιέυκτέστιν
828 5432 1188 5534 ἀπρόσδεκτος
1227 5431 1353 5502 παρ’
1392 5421 1664 5498 Ἑϐραίοις
1713 5423 1772 5478 ὲν
1816 5423 1896 5497 τῷ
2187 5423 2458 5534 ᾅὲςάσατε
2480 5422 2660 5476 αὐτόν.

339 5495 537 5631 Ψαλέιῷ
566 5503 834 5583 βασιλεῖςς
868 5495 973 5560 Cic-
1172 5495 1179 5496 ί
1308 5495 1321 5502 ’
1494 5495 1503 5498 ⁷
1867 5495 1874 5497 ἡ
2187 5495 2474 5564 Ὀνόματα.

412 5581 429 5647 (
471 5577 487 5646 )
534 5574 654 5647 Ἐπὶ
691 5589 910 5642 γνωσιν.
2184 5563 2760 5647 ρηίειιστοὶιύπῆρχον.

514 5645 791 5777 τούς,
821 5721 923 5767 etc.

2087 5633 2162 5704 (8)
2195 5635 2318 5696 Τοῖς
2343 5633 2512 5688 deest.

2079 5704 2156 5776 (9)
2189 5703 2521 5771 Ἐπίστευον,
2559 5709 2688 5766 etc.,
2717 5695 2850 5766 παοῇ

434 5695 487 5788 il)
514 5695 621 5770 Καὶ
646 5695 791 5777 τούς,
821 5721 923 5767 etc.

2079 5695 2157 5776 (9)
2189 5695 2521 5771 Ἐπίστευον,
2559 5709 2688 5766 etc.,
2717 5695 3049 5767 παθήμασιν.
