3706 6462
174 313 289 367 1073
1050 307 1139 363 DE
1181 309 1455 367 TITULIS
1492 308 1946 368 PSALMORUM.
1985 344 2051 354 —
2083 312 2279 368 PSAL.
2315 309 2492 366 XCIX.
3233 292 3369 360 10ῗὸ

226 423 303 477 18.
340 421 452 476 Καὶ
486 421 552 474 τὰ
590 420 978 492 προστάγματα
1003 420 1187 486 αὑτοῦ,
1219 421 1254 475 ἃ
1283 421 1481 476 ἔδωκεν
1509 424 1689 488 αὐτοῖς

1526 424 1710 488 ιὺτοῖς.
1742 435 1786 490 Α
1888 421 1975 478 18.
2010 421 2076 477 Et
2101 435 2361 494 praecepta
2385 423 2526 492 ejus.
2550 434 2670 490 quae
2697 416 2842 472 dedit
2865 416 2989 473 illis.

223 514 298 567 19.
326 511 498 583 Κύριε
529 510 558 562 ὁ
584 509 713 573 Θεὸς
739 509 912 581 ἡμῶν,
945 511 1007 563 σὺ
1039 511 1305 582 ὲπήκουες
1335 512 1510 566 αὐτῶν
1530 530 1544 544 ο

1885 514 1970 570 19.
2003 515 2228 570 Domine
2265 515 2407 570 Deus
2433 521 2634 577 noster,
2661 518 2716 566 tu
2740 508 3069 566 cxaudiebas
3100 523 3232 565 eos:

229 603 311 658 20.
349 603 406 655 '0
430 600 585 667 Θεὸς,
609 601 672 653 σὺ
697 600 937 663 εὐϊλατος
964 601 1140 669 ὲγίνου
1169 602 1374 667 αὐτοῖς,

1881 605 1972 659 20.
2000 604 2142 661 Deus
2177 615 2230 661 tu
2266 604 2532 677 propitius
2566 601 2714 668 fuisti
2734 603 2844 668 eis,

222 697 302 752 21.
322 692 432 748 Καὶ
454 692 684 748 ἐκδικῶν
703 693 796 746 ἐπὶ
816 695 989 748 πάντα
1005 693 1074 747 τὰ
1092 694 1494 766 ἐπιτηδεύματα
1515 694 1685 750 αὐτῶν

1904 697 1976 754 ll.
2004 697 2072 753 Et
2103 699 2372 755 ulciscens
2408 699 2464 752 in
2498 711 2693 752 omnes
2719 693 3128 750 adinventiones
3158 707 3367 749 eorum.

227 787 310 841 22.
353 785 581 855 Ὑψοῦτε
613 784 816 858 Κύριον
838 784 928 838 τὸν
959 785 1090 838 Θεὸν
1117 788 1150 856 ἡ
1160 786 1274 857 μῶν
1294 800 1309 817 '

1883 788 1974 843 22.
2004 790 2246 845 Exaltate
2278 790 2563 845 Dominum
2588 787 2754 842 Deum
2779 795 3026 841 nostrum
3056 804 3071 840 :

221 879 304 932 23.
338 879 448 931 Kal.
475 879 828 949 προσκυνεῖτε
859 879 938 942 εἰς
963 877 1086 949 ὅρος
1113 878 1264 946 ἅγιον
1284 875 1476 932 αὐτοιῗὶ⁹

1883 879 1974 934 23.
2002 881 2068 935 Et
2100 880 2319 936 adorate
2348 881 2402 934 in
2428 888 2612 934 monte
2637 883 2828 932 sancto
2870 875 2986 946 ejus
3010 893 3025 930 :

225 971 308 1024 2i.
337 970 462 1022 Ὅτι
488 971 642 1038 ἅγιος
675 969 878 1040 Κύριος
903 971 932 1023 ὁ
958 969 1088 1034 Θεὸς
1124 969 1302 1042 ἡμῶν.

1884 972 1976 1028 24.
2004 971 2269 1039 Quoniam
2298 979 2519 1028 sanctus
2545 969 2807 1025 Dominus
2843 967 2986 1024 Deus
3031 972 3234 1022 noster.

172 1104 394 1174 Ψαλμὸς
446 1103 527 1170 τῷ
564 1103 738 1158 dum
767 1105 854 1169 εὶς
897 1103 1350 1175 ἐξομολόγησιν.
1393 1107 1567 1162 ΨΑΔ.
1593 1111 1635 1175 ιν

1921 1103 2168 1158 Psalmus
2202 1100 2374 1157 David
2407 1103 2460 1155 in
2485 1101 2820 1170 confessione.
2845 1097 3042 1155 PSAL.
3061 1095 3268 1153 XCII.

228 1241 274 1294 1.
311 1239 634 1306 ’Δλαλάξατε
667 1238 747 1310 τῷ
770 1239 907 1312 Θεῷ,
935 1243 1081 1296 πᾶσα
1108 1244 1140 1313 ἡ
1172 1242 1245 1313 γῆ
1264 1259 1279 1275 ο

1884 1237 1936 1292 1.
1977 1237 2214 1294 Jubilate
2247 1237 2378 1301 Deo,
2418 1236 2596 1292 omnis
2633 1243 2776 1290 terra
2809 1252 2824 1289 :

221 1333 270 1384 2.
301 1329 631 1384 Δουλεύσατε
660 1330 738 1401 τῷ
762 1332 950 1404 Κυρίῳ
982 1335 1040 1387 ὲν
1063 1333 1390 1406 εὐφροσύνῃ.

1333 1353 1390 1406 ῃ.
1881 1329 1938 1386 2.
1981 1329 2189 1385 Sen/ite
2229 1329 2457 1385 Domino
2495 1328 2549 1382 in
2590 1326 2796 1382 laetitia.

226 1423 274 1476 5.
305 1421 588 1484 Εξσέλθετε
615 1421 840 1476 ἐνώπιον
872 1424 1032 1478 αὐτοῦ
1065 1427 1122 1479 ἐν
1149 1421 1484 1496 ἀγαλλιάσει.

1883 1421 1935 1476 5.
1980 1420 2204 1476 lntroite
2233 1420 2287 1475 in
2320 1427 2612 1489 conspectu
2649 1416 2770 1488 ejus
2803 1417 2859 1470 in
2895 1413 3271 1471 exsultatione.

223 1513 272 1567 4.
305 1514 502 1579 Γνῶτε,
536 1515 618 1568 ὅτι
648 1513 850 1587 Κύριος
878 1515 1037 1581 αὐτός
1062 1519 1208 1572 ἐστιν
1229 1520 1258 1572 ὁ
1283 1518 1412 1584 Θεὸς
1449 1519 1600 1591 ἡμῶν
1624 1537 1644 1552 ο

1916 1547 1937 1568 η.
1982 1512 2218 1581 Scitote,
2285 1515 2544 1584 quoniam
2603 1511 2868 1568 Dominus
2919 1509 3038 1580 ipse
3089 1513 3174 1563 est
3240 1505 3379 1561 Deut

1814 1613 2022 1659 noster.

229 1692 278 1746 5.
307 1692 477 1756 Αὐτὸς
506 1693 760 1764 ἐποίησεν
789 1695 958 1765 ἡμᾶς,
991 1694 1085 1749 καὶ
1111 1696 1209 1766 οὐχ
1240 1697 1398 1767 ἡμεῖς
1418 1714 1432 1728 ·

1886 1695 1940 1750 5.
1977 1693 2096 1765 Ipse
2127 1692 2258 1748 fecit
2291 1709 2412 1759 nos,
2434 1703 2488 1749 et
2517 1709 2624 1748 non
2655 1691 2754 1763 ipsi
2786 1706 2887 1747 nos
2915 1708 2931 1747 :

227 1784 277 1839 6.
307 1785 493 1856 Ἡμεῖς
518 1785 576 1839 δὲ
595 1785 724 1850 λαὸς
741 1786 926 1857 αὑτοῦ,
947 1787 1043 1842 καὶ
1072 1787 1319 1860 πρόϐατα
1345 1788 1512 1860 νομῆς
1531 1789 1690 1844 αὑτοῦ

1927 1829 1942 1843 .
1977 1784 2088 1842 Nos
2141 1794 2322 1842 autem
2377 1786 2606 1856 populus
2657 1784 2812 1854 ejus,
2872 1791 2926 1838 et
2985 1794 3115 1838 oves
3169 1789 3384 1850 pascuae

631 1901 646 1913 .
1814 1893 1955 1948 ejus.

225 1959 274 2012 7.
299 1958 578 2013 Εἰσέλθετε
612 1961 693 2025 εἰς
712 1961 810 2026 τὰς
842 1962 1016 2026 πύλας
1045 1962 1209 2017 αὐτοῦ
1237 1965 1294 2017 ὲν
1319 1962 1688 2036 ἐξομολογήσει

1582 1965 1718 2036 ήσειο
1888 1971 1939 2024 7.
1982 1968 2204 2024 lntroite
2235 1978 2419 2039 portas
2437 1967 2560 2038 ejus
2589 1969 2642 2023 in
2672 1964 3045 2032 confessione,

230 2048 284 2105 8.
316 2049 406 2114 Εἰς
437 2050 538 2115 τὰς
567 2052 736 2117 αὐλὰς
768 2053 933 2107 αὐτοῦ
965 2056 1022 2106 ὲν
1055 2052 1269 2124 ὕμνοις.

1158 2071 1269 2119 νοις.
1884 2059 1939 2113 8.
1981 2059 2134 2113 Atria
2157 2059 2278 2129 ejus
2306 2059 2360 2113 in
2385 2058 2621 2128 hymnis.

229 2143 280 2195 9.
318 2142 751 2216 Ἐξομολογεῖσθε
780 2145 948 2218 αὐτῷ,
992 2147 1191 2200 αῖνεῖτε
1231 2146 1293 2200 τὸ
1317 2146 1486 2219 ὄνομα
1515 2149 1678 2203 αὐτοῦ

1649 2149 1678 2203 ὖ
1698 2167 1713 2182 ν
1892 2149 1947 2203 9.
1984 2147 2326 2206 Conﬁtemini
2355 2148 2454 2215 illi,
2482 2147 2697 2203 laudate
2726 2161 2921 2202 nomen
2954 2144 3111 2215 ejus:

237 2235 315 2290 10.
347 2237 466 2290 Ὅτι
497 2237 733 2310 χρηστὸς
761 2238 982 2311 Κύριος.

1896 2242 1984 2298 10.
2024 2240 2291 2308 Quoniam
2326 2241 2510 2297 suavis
2545 2251 2629 2298 est
2666 2239 2948 2294 Dominus.

234 2328 314 2415 ll.
343 2328 438 2394 Εἰς
470 2329 562 2384 τὸν
590 2330 761 2386 αἰῶνα
789 2332 849 2386 τὸ
879 2331 1075 2406 [αἰῶνα
1107 2332 1201 2388 τοῦ
1231 2333 1424 2398 αἰῶνος
1458 2332 1541 2406 τὸ]
1574 2332 1697 2387 ἐλεο.

1921 2335 1986 2388 ,1.
2021 2333 2080 2390 In
2107 2343 2370 2390 internum
2407 2332 2488 2407 [in
2527 2332 2784 2390 saeculum
2827 2326 3036 2400 saeculi]
3077 2321 3384 2415 misericor-

168 2414 316 2469 αξιτοῦ
337 2434 351 2449 ο

1831 2425 1918 2480 dia
1940 2424 2059 2496 ejus
2086 2441 2099 2478 :

1271 2595 1651 2655 ATHANASII
1687 2596 2267 2659 INTERPRETATIO.

235 2751 316 2805 l8.
349 2751 461 2815 Τὰς
505 2753 826 2824 παραδόσεις
855 2752 948 2807 τοῦ
997 2752 1295 2825 μυστηρίου
1332 2751 1427 2807 τοῦ
1468 2752 1698 2808 θανάτου

1412 2752 1427 2806 i
1468 2752 1722 2808 θανάτου.
1752 2757 1796 2816 C
1901 2756 1986 2812 18.
2016 2755 2358 2812 Traditiones
2392 2756 2633 2828 mysterii
2664 2756 2875 2814 mortis.

236 2843 313 2896 l9.
344 2843 414 2896 Σὺ
443 2842 521 2914 (1)
553 2844 818 2916 ὲπλήρους
845 2845 914 2898 τὰ
941 2845 1218 2916 αἰτήματα
1242 2843 1446 2900 αὐτῶν.

1899 2849 1985 2904 19.
2017 2849 2099 2904 Tu
2132 2849 2466 2920 adimplebas
2488 2848 2776 2921 petitiones
2804 2863 3013 2905 eorum.

229 2934 315 2986 20.
347 2933 447 2988 Διὰ
473 2934 568 2988 τοῦ
599 2936 778 3007 τιμίου
814 2953 907 2991 σου
935 2936 1184 3007 σώματος
1211 2937 1304 2990 καὶ
1334 2936 1581 3008 αἵματος.

1922 2942 1989 2997 :0.
2024 2942 2126 2997 Per
2155 2941 2453 3012 pretiosum
2493 2949 2648 2997 tuum
2692 2955 2910 3012 corpus,
2957 2946 3013 2995 et
3045 2932 3385 3010 sanguinem.

230 3027 286 3078 2|
302 3028 426 3080 Καὶ
444 3027 572 3080 πολε
580 3028 694 3099 μῶν
711 3030 802 3082 καὶ
820 3046 948 3083 συντ
960 3029 1122 3102 ρίδων
1137 3031 1263 3095 τοὺς
1278 3029 1504 3102 ἐχθροὺς
1518 3029 1693 3084 αὐτῶν

1926 3036 1990 3089 :1.
2020 3033 2085 3089 Et
2110 3035 2460 3106 impugnans,
2490 3043 2546 3090 et
2576 3043 2864 3091 conterens
2893 3046 3080 3089 eorum
3121 3028 3389 3102 inimicos.

231 3117 314 3171 22.
344 3118 616 3186 Δοξάσατε
648 3120 828 3175 αὐτόν.
1200 3183 1216 3197 ,

1898 3125 1988 3180 22.
2023 3125 2330 3182 Gloriﬁcate
2367 3139 2514 3180 eum.
2897 3118 2900 3122 ί

234 3210 318 3264 23.
355 3212 442 3266 Ἐν
470 3214 537 3284 τῇ
568 3211 680 3266 ἄνω
719 3213 1087 3286 Ἰερουσαλήμ.

1898 3215 1987 3271 25.
2022 3216 2081 3270 ln
2107 3231 2342 3286 superna
2367 3214 2687 3272 Jerusalem.

233 3302 315 3356 24.
344 3305 500 3359 Κατὰ
535 3304 697 3374 φύσιν
727 3305 885 3378 μόνος
913 3308 1096 3371 αὐτὸς.

1899 3307 1990 3363 24.
2025 3306 2340 3364 Secundum
2374 3315 2626 3362 naturam
2656 3305 2807 3363 solus
2837 3305 2969 3376 ipse.

247 3483 303 3535 Ἠ
334 3482 672 3555 προκειμένη
702 3485 977 3558 ἐπιγραφὴ
1007 3485 1250 3557 περιέχει
1273 3485 1386 3558 (2)·
1415 3485 1662 3557 Ψαλμὸς
1701 3486 1933 3553 πάντας
1957 3488 2046 3555 εις
2082 3486 2310 3554 πίστιν,
2342 3485 2440 3542 καὶ
2473 3485 2934 3556 ἐξομολόγησιν

238 3596 448 3654 Titulus
483 3597 813 3670 praepositus
845 3600 1088 3656 continet
1115 3618 1130 3655 :
1159 3599 1412 3656 Psalmus
1444 3617 1620 3657 omnes
1665 3601 1733 3656 ad
1771 3602 1951 3671 ﬁdem,
1977 3611 2028 3657 et
2057 3601 2460 3671 confessionem.

238 3753 284 3808 1.
315 3754 552 3826 Δεήθητε
580 3752 676 3808 τοῦ
697 3753 831 3808 Θεοῦ
862 3756 999 3826 μετὰ
1024 3756 1293 3827 δακρύων.

1906 3758 1958 3813 1.
1986 3756 2147 3813 Orate
2169 3758 2340 3812 Deum
2373 3770 2497 3812 cum
2530 3753 2801 3825 lacrymis.

237 3844 286 3897 2.
321 3846 600 3915 Ὑπάγητε
625 3844 702 3916 (5)
734 3845 882 3916 αὐτῷ
916 3846 1054 3917 μετὰ
1077 3846 1407 3919 προθυμίας.

1904 3851 1960 3904 2.
2001 3848 2262 3918 Subjicite
2293 3863 2391 3904 vos
2422 3847 2499 3902 illi
2527 3862 2650 3904 cum
2680 3845 2979 3901 alacritate.

233 3935 282 3988 5.
315 3935 646 4006 Ιιροσέλθετε
678 3936 754 4007 (4)
785 3937 934 4008 αὐτῷ
969 3938 1107 4009 μετά
1131 3939 1326 4010 χαρᾶς.

1904 3943 1958 3997 3.
1986 3941 2238 3997 Accedite
2263 3939 2330 3995 ad
2364 3955 2487 3995 eum
2514 3953 2637 3995 cum
2659 3936 2873 4008 gaudio.

239 4027 287 4080 ι.
313 4027 648 4082 Πιστεύσατε
671 4027 746 4098 (5)
780 4029 855 4100 τῷ
884 4029 1264 4104 σταυρωθέντι,
1288 4032 1368 4086 ὅτι
1395 4032 1557 4097 αὑτός
1583 4033 1702 4085 ἔστι

1936 4021 2205 4092 ›.(]ι·ει1ὶιθ
2262 4033 2560 4101 cruciﬂxo,
2622 4033 2765 4104 quod
2821 4032 2938 4103 ipse
2997 4037 3082 4085 est
3139 4025 3399 4083 Dominus

180 4119 568 4192 ὸΘεὸςήμῶν.
679 4090 738 4098 ”
827 4090 838 4100 ’
1022 4090 1035 4104 ’
1251 4090 1261 4096 ⁷
1535 4090 1552 4097 ⁷

1022 4090 1035 4104 ι
1763 4090 1806 4145 D
1841 4137 2047 4186 noster.

238 4211 284 4265 5.
327 4213 497 4276 Αὐτὸς
527 4215 673 4284 ἡμᾶς
702 4214 923 4286 ἐποίησε
959 4215 1070 4288 (6),
1116 4218 1210 4272 καὶ
1255 4217 1374 4289 οὐχὶ
1405 4217 1463 4284 ἐξ
1491 4216 1647 4288 ἡμῶν
1672 4233 1701 4270 τ

1953 4259 1968 4276 .
2002 4221 2120 4292 Ipse
2145 4236 2246 4277 nos
2280 4219 2428 4288 fecit,
2454 4227 2510 4275 et
2545 4232 2654 4274 non
2690 4232 2758 4273 ex
2787 4215 2942 4272 nobis
2981 4227 3191 4277 sumus,
3218 4220 3278 4264 ut
3298 4208 3411 4267 alir.

182 4299 326 4367 εἶναι,
350 4305 424 4370 ὥς
450 4322 596 4369 τινες
623 4305 890 4374 λέγουσιν.

696 4322 890 4374 γουσιν.
1839 4314 1930 4387 qui
1951 4315 2159 4370 dicunt.

243 4396 291 4449 6.
326 4398 514 4468 Ἡμεῖς
540 4396 598 4450 δὲ
618 4396 747 4462 λαὸς
767 4398 954 4468 αὑτοῦ,
975 4400 1071 4453 καὶ
1097 4397 1342 4471 πρόϐατα
1374 4399 1475 4469 τῆς
1504 4397 1704 4469 ποίμνη

1913 4409 1966 4464 6.
1995 4407 2105 4464 Nos
2127 4416 2310 4463 autem
2338 4406 2569 4478 populus
2594 4405 2735 4475 ejus,
2764 4411 2817 4458 et
2843 4414 2970 4456 oves
2991 4398 3172 4470 gregis
3189 4397 3345 4470 ejus...

182 4505 354 4545 αυτου.

246 4582 293 4637 7.
328 4585 406 4656 Τῇ
441 4584 517 4656 (7)
550 4583 757 4654 διανοίᾳ
787 4581 959 4652 ὑμῶν.

945 4623 959 4638 .
1914 4587 1966 4642 7.
2001 4585 2180 4641 Mente
2204 4593 2401 4640 vestra.

243 4677 294 4731 8.
327 4677 661 4746 Εἰσαγάγετε
701 4678 760 4728 ὲν
804 4678 917 4739 τοῖς
955 4675 1204 4747 οὐρανοῖς
1233 4673 1334 4738 τὰς
1373 4672 1536 4745 εὐχὰς
1562 4673 1706 4744 ὑμῶν

1633 4673 1738 4729 ῶν.
1915 4678 1973 4734 8.
2013 4677 2349 4732 lntroducile
2375 4675 2429 4730 in
2457 4674 2623 4730 caelos
2654 4685 2840 4744 preces
2865 4678 3096 4725 vestras.

243 4767 295 4820 9.
330 4767 803 4840 Ἐξομολογοῦντες
830 4767 928 4833 τὰς
955 4767 1230 4839 ἁμαρτίας
1255 4767 1432 4839 ὑμῶν,
1463 4766 1556 4820 καὶ
1581 4767 1706 4837 εὑχα

1943 4774 1970 4822 ν.
1995 4765 2355 4825 Conﬁtentes'
2399 4774 2618 4838 peccata
2663 4772 2886 4827 vestra,
2943 4771 2996 4817 et
3056 4759 3256 4831 gratias
3304 4759 3406 4829 ipsi

183 4858 477 4924 ριστοῦντες
507 4858 674 4930 αὐτῷ.

619 4858 674 4930 ᾧ.
1845 4870 2082 4930 agentes.

250 4950 330 5014 10,
365 4951 450 5005 ll.
481 4951 606 5005 Ὀτι
640 4949 843 5018 ἀγαθὸς
883 4950 1085 5022 Κύριος
1106 4991 1121 5017 ,
1150 4951 1244 5005 καὶ
1274 4953 1353 5024 (8)
1389 4949 1713 5020 ἀτελεύτητοπ

1953 4952 2011 5016 0,
2041 4951 2128 5006 li.
2159 4949 2624 5018 Quoniambonus
2647 4945 2928 5010 Dominus,
2953 4952 3008 4999 et
3026 4951 3282 4998 aeternum
3307 4951 3405 4992 no-

178 5036 238 5088 τὸ
258 5038 418 5110 ὄνομα
442 5037 631 5111 αὐτοῦ.

1904 5056 1972 5096 en
2001 5041 2138 5112 ejus.
3352 5033 3363 5043 ”

1120 5217 1426 5280 Addenda
1472 5224 1533 5279 et
1572 5213 1953 5293 corrigenda
1978 5232 2057 5277 ex
2087 5215 2228 5278 cod.
2262 5213 2460 5276 Vat-ie.

347 5401 567 5474 Ktiptso
590 5401 722 5474 Θεὸς
753 5403 930 5474 ἡμῶν,
960 5404 1046 5466 σύ,
1068 5415 1172 5458 etc.
1250 5472 1257 5474 _
1574 5473 1577 5474 ν
1913 5404 1990 5474 (5)
2025 5403 2426 5474 Ἐπιστεύσατε.
2505 5453 2513 5462 ,

253 5470 543 5544 (2)-Ἡδιὰ
576 5473 678 5542 τῆς
708 5470 1076 5544 κινναϐάρεως
1109 5472 1368 5543 περιέχειο
1405 5473 1627 5544 Ψαλμὸς
1659 5474 1716 5526 εις

1172 5472 1368 5543 ηριέχειο
1405 5473 1627 5544 Ψαλμὸς
1659 5474 1736 5535 εις
1919 5470 1996 5543 (δ’)
2023 5475 2313 5544 Ἔπλασεν,
2337 5473 2635 5544 plasmauit.

169 5533 574 5628 saepenume-
596 5533 958 5614 προτρέπεταὶ
982 5533 1090 5615 γὰρ
1113 5533 1371 5614 etiam;
1395 5533 1622 5609 πάντας.
1636 5533 1740 5600 etc.
2039 5543 2082 5597 Ν
2091 5585 2101 5597 .
2134 5533 2497 5628 7._Tij','ete.,
2523 5542 2684 5628 εὐχὰς
2717 5537 2997 5628 ὗμῷν.
3031 5538 3062 5594 8
3080 5578 3094 5605 ,
3129 5537 3185 5605 9,
3222 5533 3410 5611 ὸμώοο

261 5612 329 5682 15)
367 5612 748 5681 Ὑποτάγητε(
994 5612 1002 5615 ⁷
1063 5612 1071 5614 ἡ
1274 5612 1282 5614 ἡ
1855 5612 2078 5681 γοῦντες
2108 5631 2158 5667 τ.
2187 5615 2238 5666 ἁ.
2277 5615 2350 5673 ὑ..
2384 5612 2848 5682 εὐχαριστήσατε..
2871 5618 2977 5666 etc.

260 5679 327 5748 (l)
361 5679 718 5753 Προσέλθατε.

1870 5679 1877 5681 “
1928 5685 2001 5753 (8)
2033 5684 2139 5737 Καί
2172 5699 2277 5738 non
2313 5679 2523 5749 legitur.
