3706 6426
289 276 426 331 1075
1125 286 1181 341 s.
1221 287 1590 368 ATHANASII
1629 293 1752 349 omJ

2048 299 2121 354 Ill.
2164 330 2230 339 —
2269 300 2446 357 EXEG
2455 300 2674 357 ETIC‘A.
3371 305 3511 360 1076

358 425 441 480 12.
476 424 544 480 Et
575 441 746 496 usque
785 428 839 481 in
878 427 1278 494 generationem
1300 473 1316 498 ,
1353 442 1406 488 et
1444 436 1821 505 generationen

2050 419 2110 505 2.
2133 418 2244 471 Καὶ
2272 419 2377 484 ἕως
2397 421 2588 490 γενεᾶς
2618 421 2710 474 καὶ
2739 421 2929 488 γενεᾶς
2949 419 3195 492 [γενεῶν]
3221 423 3255 493 ἧ
3285 423 3509 497 ἀλήθεια

289 514 713 586 [generationes]
745 517 942 571 veritas
967 518 1105 587 ejus.
1450 503 1467 505 “
1941 503 2126 560 αυτοῦ.

657 607 910 662 Psalmus
939 608 1132 664 David.
1162 611 1362 668 PSAL.
1394 615 1434 669 ϐ

2261 599 2507 668 Ψαλμὸς
2536 598 2616 665 τῷ
2641 600 2838 655 Δαϐίδ.
2875 601 3049 656 ΨΑΛ.
3084 605 3162 657 P'.

358 701 409 754 1.
444 699 865 756 Misericordiam
891 711 945 755 et
972 700 1248 771 judicium
1284 706 1516 761 cantabo
1557 708 1689 775 tibi,
1741 707 1821 764 Do

1752 707 1844 764 Do.
2011 703 2064 758 1.
2097 704 2285 758 Ἔλεον
2319 705 2411 758 καὶ
2447 705 2626 777 κρίσιν
2657 705 2863 778 ᾄσομαί
2886 724 2987 772 σοι,
3018 708 3215 779 Κύριεο

286 806 432 845 nune
454 810 468 846 Ζ

352 883 407 936 2.
447 882 681 943 Psallam
731 892 785 939 et
840 884 1137 956 intelligam
1199 887 1256 941 in
1309 887 1394 942 via
1457 889 1808 945 immaculata

2048 923 2062 936 .
2087 882 2260 938 Ψαλῶ
2301 883 2396 939 καὶ
2435 886 2648 957 συνήσω
2675 887 2732 939 ὲν
2757 885 2862 956 όᾶῷ
2891 883 3139 956 ἀμώμῳ,
3187 886 3322 939 πότε
3358 887 3510 956 ἥξεις

285 974 498 1044 quando
527 975 711 1032 venies
731 977 797 1032 ad
830 992 937 1032 me.

731 977 797 1032 ad
830 992 937 1032 me.
1940 973 2078 1045 πρὸς
2105 974 2191 1045 μέ.

353 1069 405 1122 3.
440 1067 888 1124 Pcrambulabam
945 1069 1000 1124 in
1053 1070 1364 1125 innocentia
1412 1071 1596 1126 cordis
1636 1070 1752 1125 mei
1787 1069 1816 1123 i1

2047 1106 2060 1118 .
2093 1068 2497 1139 Διεπορευόμην
2529 1068 2588 1121 ὲν
2632 1069 2838 1140 ἀκακία
2865 1067 3090 1140 καρδίας
3131 1085 3231 1139 μου
3265 1071 3324 1121 ὲν
3360 1067 3509 1139 μέσῳ

283 1157 463 1212 medio
493 1156 692 1212 domus
721 1173 875 1216 meae.

1940 1157 2033 1211 τοῦ
2060 1158 2206 1212 οῐκου
2242 1177 2361 1230 μου.

352 1246 560 1302 4.-Νοη
613 1248 983 1319 proponebam
1035 1252 1161 1306 ante
1196 1251 1380 1305 oculos
1417 1265 1566 1305 meos
1608 1265 1723 1305 rem
1763 1249 1815 1304 in

2043 1280 2066 1302 ι.
2107 1250 2181 1302 Οὐ
2227 1250 2589 1323 προετιθέμην
2634 1251 3011 1324 [προεθέμην]
3060 1251 3166 1324 πρὸ
3217 1250 3506 1322 ὀφθαλμῶν

275 1339 481 1410 justam
510 1358 522 1392 :

1949 1357 2048 1409 μου
2076 1343 2310 1412 πρᾶγμα
2341 1341 2654 1414 παράνομον
2673 1360 2688 1376 ·

350 1431 403 1486 5.
438 1429 721 1488 Facientes
760 1433 1236 1502 pravaricationes
1262 1433 1428 1488 odivi.

2012 1432 2065 1486 5.
2101 1431 2392 1496 Ποιοῦντας
2423 1434 2759 1504 παραϐάσεις
2788 1435 3040 1506 ἐμίσησα.

348 1525 404 1580 6.
438 1522 558 1579 Non
587 1523 818 1579 adhaesit
841 1524 977 1579 mihi
1003 1540 1099 1580 cor
1128 1541 1355 1594 pravum
1383 1544 1395 1578 :

2011 1522 2064 1577 6.
2093 1524 2208 1577 Θύκ
2236 1523 2495 1596 ἐκολλήθη
2531 1543 2625 1595 μοι
2649 1525 2843 1597 καρδία
2874 1526 3091 1598 σκαμϐη
3110 1542 3125 1558 ·

350 1618 403 1670 7.
441 1615 810 1672 Declinantem
857 1633 888 1672 a
937 1633 1024 1672 me
1068 1617 1364 1688 malignum
1408 1633 1516 1671 non
1550 1630 1813 1687 cognosce

2058 1657 2070 1670 .
2112 1614 2478 1680 Ἐκκλίνοντος
2503 1617 2596 1670 ἀπ’
2631 1616 2764 1689 ἐμοῦ
2789 1618 2882 1672 τοῦ
2907 1618 3163 1689 πονηροῦ,
3199 1618 3298 1671 οὐκ
3322 1617 3511 1686 ἐγίνω-

279 1709 425 1762 bam.

1950 1723 1982 1757 σ
1983 1723 2095 1760 κον.

351 1800 406 1852 8.
440 1798 826 1854 Detrahentem
862 1805 1074 1852 secreto
1102 1798 1358 1867 proximo
1396 1811 1515 1864 suo,
1549 1797 1692 1851 hunc
1717 1811 1811 1866 per

2036 1799 2066 1851 ι.
2103 1798 2208 1851 Τὸν
2239 1798 2640 1854 καταλαλοῦντα
2673 1801 2848 1873 λάθρα
2876 1801 2966 1856 τὸν
2994 1801 3220 1873 πλησίον
3239 1800 3354 1873 [τοῦ
3379 1802 3499 1871 πληι

281 1891 569 1961 sequebar.

1949 1888 2086 1961 σίου]
2116 1889 2302 1956 αὐτοῦ,
2327 1890 2516 1945 τοῦτον
2548 1891 2844 1956 ὲξεδίωκον.

350 1985 404 2037 9.
437 1983 684 2052 Superbo
725 1983 905 2050 oculo,
935 1994 989 2039 et
1035 1980 1340 2038 insatiabili
1365 1979 1544 2043 corde,
1579 1994 1702 2034 eum
1737 1978 1813 2033 bo

2046 1991 2069 2034 ι,
2107 1981 2473 2053 Ὗκπερηφάνῳ
2520 1983 2780 2056 ὀφθαλμῷ
2805 2025 2820 2051 ,
2868 1986 2959 2038 καὶ
2991 1985 3250 2057 ἀπλήστῳ
3285 1984 3509 2058 καρδῖᾳο

280 2089 390 2129 non
420 2073 665 2128 edebam.

1943 2069 2115 2140 τούτῳ
2141 2071 2202 2123 οὐ
2231 2071 2430 2141 συνήσο
2438 2089 2531 2126 ιον.

352 2164 440 2218 10.
469 2162 762 2218 Oculimei
788 2163 854 2218 ad
882 2162 1067 2218 ﬁdeles
1097 2170 1252 2216 terra:
1277 2201 1303 2222 ,.

2011 2161 2098 2216 10.
2135 2162 2198 2214 Oi
2229 2161 2496 2234 ὀφθαλμοί
2525 2180 2624 2234 μου
2659 2165 2752 2218 ὲπι
2775 2182 3150 2230 τουςνπιστους
3181 2184 3280 2239 της
3313 2182 3434 2238 της,

349 2255 436 2311 11.
473 2253 544 2310 Ut
568 2255 789 2311 sedeant
815 2255 916 2325 ipsi
943 2269 1176 2309 mecum.

2015 2251 2101 2304 11.
2139 2251 2246 2303 Τοῦ
2277 2252 2650 2325 ωγκαθῆσθαι
2673 2255 2867 2319 αὐτοὺς
2895 2258 3010 2328 μετ’
3039 2258 3193 2328 ἐμοῦ.

349 2335 436 2403 12.
463 2349 765 2405 Ambulans
802 2350 856 2403 in
897 2350 996 2403 via.
1038 2343 1384 2401 immaculata
1404 2383 1419 2409 ,
1454 2343 1542 2399 hic
1573 2342 1707 2397 mihi
1737 2342 1810 2396 mi

2052 2340 2100 2392 2.
2136 2340 2507 2414 Πορευόμενος
2559 2347 2618 2398 ὲν
2653 2346 2758 2416 όδίῖ)
2790 2345 3034 2419 ἀμώμῳ,
3071 2344 3223 2414 οὗτός
3253 2367 3342 2422 μοι
3379 2351 3515 2404 ἐλει--

280 2440 564 2497 nistrabat.

1941 2429 2032 2483 τοῦ
2041 2449 2179 2502 ργει.

1399 2591 1774 2650 ATHANASII
1816 2590 2401 2649 INTERPRETATIO.

348 2759 437 2814 12.
469 2756 538 2813 Et
562 2757 696 2814 ﬁdes
722 2758 838 2830 eius
865 2759 1216 2830 sempiterna.

2023 2752 2108 2806 12.
2134 2752 2244 2808 Kal.
2276 2754 2309 2824 ἡ
2342 2753 2522 2818 πίστις
2553 2752 2716 2807 αὐτοῦ
2744 2752 3113 2823 ἀτελεύτητος.

359 2873 424 2927 Ἠ
455 2872 791 2945 προκειμένη
819 2871 1098 2946 ἐπιγραφὴ
1133 2869 1377 2942 περιέχει
1407 2867 1482 2937 (1)
1505 2884 1519 2898 ·
1559 2864 1914 2946 Ψαλμὺςίτῷ
1947 2865 2156 2930 Δαϐίδ,
2203 2865 2446 2918 τουτέστι
2505 2863 2585 2931 τῷ
2627 2863 3048 2932 εὐαρεστοῦντι
3079 2863 3150 2917 ὲν
3179 2863 3331 2918 πᾶσι
3372 2861 3506 2934 Θεῷ,

293 2941 680 3038 Ἐρμηνεύεταί
704 2941 813 3037 γὰρ
830 2963 908 3036 τῷ
1029 2941 1122 3017 τοῦ
1153 2959 1522 3030 Δαϐίδλόνομα
1541 2941 2041 3026 τοῦτονλέποίησα
2065 2954 2419 3028 [ἠγάπησα],
2447 2956 2646 3010 ὡσανεὶ
2672 2955 2778 3010 τῶν
2795 2957 2851 3007 έν
2881 2956 3015 3008 πᾶσι
3040 2953 3157 3025 Θεῷ
3180 2953 3502 3025 εὐαρεστῶν,

344 3057 564 3114 Titulus
583 3059 905 3129 praepositus
931 3056 1176 3112 continet
1207 3073 1222 3108 :
1260 3052 1512 3107 Psalmus
1539 3050 1746 3116 David,
1785 3049 1891 3104 hoc
1920 3058 2000 3105 est
2031 3051 2114 3116 ei,
2150 3050 2240 3119 qui
2276 3051 2332 3104 in
2370 3051 2610 3104 omnibus
2641 3049 2924 3118 complacet
2960 3048 3089 3103 Deo.
3125 3047 3508 3118 Interpretatur

277 3151 424 3206 enim
464 3150 635 3204 David
662 3164 857 3204 nomen
879 3149 1015 3201 hunc
1041 3147 1140 3216 feci
1165 3143 1398 3217 [dilexi],
1431 3157 1623 3213 nempe
1655 3157 1806 3206 eum,
1831 3142 1946 3213 qui;
1975 3142 2028 3196 in
2065 3141 2322 3196 omnibus
2351 3140 2463 3197 Deo
2487 3141 2806 3212 complacet.

350 3240 406 3294 l.
437 3238 853 3294 Beneﬁcentiam
891 3249 1075 3300 tuam,
1119 3244 1174 3290 et
1215 3234 1376 3289 iidem
1416 3243 1565 3288 tuam
1613 3233 1813 3288 medita

2038 3271 2068 3285 ..
2099 3233 2210 3304 Τὴν
2237 3232 2480 3289 εὐποιίαν
2508 3250 2599 3286 σου
2629 3234 2720 3286 καὶ
2742 3233 2841 3303 τὴν
2873 3231 3054 3284 πίστιν
3079 3247 3174 3284 σου
3209 3231 3501 3303 μελετήσω,

283 3333 408 3398 bor,
441 3331 688 3400 Domine.

681 3370 688 3385 ,
1950 3324 2144 3394 Κύριε.

352 3425 405 3480 2.
443 3424 776 3496 lntelligam,
818 3438 938 3494 qua:
966 3421 1194 3493 psallam
1234 3421 1288 3474 in
1323 3418 1485 3474 corde
1524 3431 1683 3488 puro,
1718 3431 1815 3472 cun

2048 3418 2073 3465 ι.
2124 3411 2391 3485 Ἐννοήσω
2441 3412 2515 3482 (5)
2556 3411 2699 3481 άπερ
2745 3411 2897 3481 ψαλῶ
2943 3413 2999 3465 ὲν
3043 3411 3240 3483 καρδίᾳ
3284 3411 3511 3482 καθαρᾷ,

283 3516 608 3572 inhabitabit
636 3517 689 3571 in
721 3531 807 3571 me
834 3515 1006 3586 gratia
1027 3524 1142 3579 tua,
1179 3511 1425 3567 Domine.

1949 3507 2076 3559 ὅταν
2106 3504 2470 3577 ἐπισκηνώσει
2501 3508 2534 3576 ἡ
2565 3506 2722 3577 χάρις
2750 3522 2865 3570 σου,
2893 3505 3085 3577 Κύριε.

351 3608 406 3663 8.
441 3607 834 3663 Permanebam
889 3607 944 3660 in
975 3603 1340 3660 exsultatione
1396 3600 1580 3657 cordis
1632 3598 1739 3654 mei
1793 3597 1814 3652 i.

2049 3630 2069 3651 η.
2097 3597 2379 3652 Διετέλουν
2432 3599 2491 3650 ὲν
2540 3596 2860 3666 ἀγαλλιάσει
2901 3597 2999 3667 τῆς
3042 3596 3272 3666 καρδίας
3315 3613 3417 3669 μου
3461 3598 3512 3648 ἐν

280 3701 460 3756 medio
505 3701 872 3756 membrorum
912 3712 1178 3753 meorum.

1144 3713 1178 3750 ι,
1953 3691 2103 3762 μέσῳ
2133 3691 2240 3743 τῶν
2275 3689 2450 3760 μελῶν
2487 3707 2607 3760 μου.

354 3793 408 3847 4.
441 3791 560 3848 Non
590 3793 772 3862 recepi
804 3792 858 3846 in
885 3798 1068 3846 mente
1094 3789 1276 3845 cordis
1302 3787 1423 3843 mei
1447 3801 1560 3841 rem
1597 3799 1817 3855 pravam

2054 3815 2074 3836 ξ.
2110 3782 2225 3835 Οὐκ
2256 3781 2518 3853 ἐδεχόμην
2557 3783 2615 3834 ὲν
2653 3784 2719 3852 τῇ
2761 3779 2968 3850 διανοίᾳ
3015 3778 3113 3850 τῆς
3153 3777 3381 3850 καρδίας
3419 3792 3517 3850 μου

1950 3875 2102 3944 πρᾶγ
2108 3890 2183 3944 μα
2211 3871 2285 3944 (4)
2319 3873 2570 3944 πονηρόν.
3568 3875 3570 3878 ’

352 3970 405 4024 5.
440 3969 810 4039 Cogitationes
855 3966 1174 4022 diabolicae.

2021 3968 2073 4022 5.
2118 3965 2475 4037 Ἐνθυμήσεις
2506 3965 2843 4036 δαιμονικάς.

267 4050 270 4052 ⁷
354 4054 412 4106 ϐλ
448 4050 706 4106 Doctrina
729 4050 952 4104 diaboli.

2021 4057 2074 4110 6.
2105 4054 2433 4109 Διδασκαλία
2462 4056 2554 4109 τοῦ
2585 4057 2849 4111 διαϐόλου.

357 4144 413 4196 7.
445 4142 760 4197 Absistente
784 4155 977 4212 parum
1011 4156 1041 4193 a
1081 4154 1167 4194 me
1196 4138 1458 4208 maligno,
1483 4151 1592 4192 non
1627 4143 1820 4191 cuncto

2061 4186 2074 4200 .
2115 4146 2509 4218 Ἀφισταμένου
2562 4148 2754 4219 μικρὸν
2802 4149 2898 4202 ἀπ’
2929 4147 3062 4219 ἐμοῦ
3105 4145 3202 4201 τοῦ
3250 4143 3523 4218 πονηροῦμ

284 4239 406 4302 bar,
431 4235 526 4291 sed
555 4234 931 4304 inspiciebam.
1951 4237 2049 4290 οὔκ
2076 4237 2308 4308 ἤμελλον
2335 4239 2432 4308 (5),
2465 4238 2592 4292 ἀλλ’·
2614 4241 2862 4311 ἐνηφόρῳ
2895 4239 3261 4313 [ἐναφὼρων].

355 4329 407 4382 8.
440 4325 840 4397 Cogitationem
891 4329 1264 4394 suggerentem
1305 4320 1438 4375 mihi
1483 4319 1688 4390 aliquid
1726 4333 1818 4388 pra

2061 4369 2075 4384 .
2119 4329 2221 4382 Τὸν
2253 4329 2510 4402 λογισμὸν
2539 4331 2628 4384 τὸν
2661 4331 3036 4384 ὑποϐάλλοντά
3067 4331 3157 4402 μοί
3197 4349 3250 4384 τι
3293 4328 3512 4400 πονηρὸν

283 4435 421 4474 vum.
461 4427 656 4474 contra
692 4416 932 4486 aliquem
978 4414 1270 4469 hominem
1291 4412 1578 4484 ejiciebam
1622 4427 1652 4467 e
1687 4427 1746 4466 co

2048 4420 2098 4473 τά
2129 4439 2272 4486 τινος
2294 4421 2403 4475 τῶν
2435 4422 2735 4494 ἀνθρώπων
2762 4421 3011 4488 ὲξέϐαλον
3053 4424 3119 4476 ἐκ
3163 4423 3262 4494 τῆς
3301 4421 3511 4492 καρδίας

284 4524 429 4564 meo.

1956 4531 2077 4583 μου.

353 4599 408 4655 9.
454 4599 663 4656 Sensus
713 4601 1023 4671 superbiai,
1074 4605 1128 4653 et
1178 4597 1421 4653 avaritia:
1469 4613 1580 4651 non
1632 4595 1743 4651 alui
1792 4595 1816 4649 i‘

2048 4603 2083 4656 ).
2126 4604 2481 4676 Ἐνθυμήσεις
2517 4603 2594 4677 (6)
2632 4604 3006 4676 ὑπερηφανίας
3037 4603 3131 4657 καὶ
3171 4601 3511 4676 φιλαργυρία.

284 4692 626 4748 cordeomeo.

1956 4680 2318 4766 oéxétpapov
2335 4698 2392 4750 ὲν
2414 4698 2483 4767 τῇ·
2512 4696 2706 4767 καρδίᾳ
2740 4714 2860 4766 μου.

355 4781 443 4846 10,
473 4781 560 4837 11.
585 4781 736 4837 Mens
782 4799 909 4838 mea.
947 4783 1001 4836 in
1048 4782 1337 4852 praeceptis
1379 4780 1511 4844 tuis,
1546 4788 1610 4833 ut
1638 4794 1818 4849 perma

2053 4784 2122 4850 l0,
2161 4787 2247 4843 11.
2300 4789 2364 4841 Ἦ
2397 4788 2605 4842 διάνοιά
2636 4805 2737 4858 μου
2773 4790 2829 4840 ὲν
2869 4791 2981 4851 τοῖς
3015 4787 3396 4858 προστάγμασί
3436 4782 3516 4836 σου

284 4882 453 4930 neant
484 4873 605 4942 ipsa
637 4874 694 4927 in
722 4873 887 4929 corde
917 4887 1056 4927 meo.

1960 4878 2076 4928 ἐστι
2101 4877 2195 4930 τοῦ
2224 4879 2496 4950 διαμένειν
2521 4879 2660 4932 αὐτὰ
2685 4881 2741 4931 ὲν
2770 4881 2833 4949 τῇ
2862 4878 3057 4949 καρδίᾳ
3090 4896 3213 4948 μου.

357 4966 444 5022 12.
483 4966 722 5036 Spiritus
755 4973 980 5021 sanctus
1017 4975 1146 5020 tuus
1188 4965 1280 5019 hic
1331 4963 1463 5019 mibi
1511 4962 1820 5019 ministraba

2039 4968 2125 5022 12.
2173 4970 2244 5022 Τὸ
2280 4969 2504 5042 Πνεῦμά
2538 4986 2629 5023 σου
2669 4970 2730 5022 τὸ
2756 4971 2910 5038 ἅγιον
2943 4967 3094 5022 τοῦτό
3143 4970 3220 5040 (τ)
3266 4986 3354 5041 μοι
3397 4966 3499 5018 ὲλει

286 5061 514 5128 gratiam
549 5068 722 5114 tuam.

1957 5059 2180 5132 τούργει
2206 5061 2304 5134 τὴν
2325 5062 2482 5133 χάριν
2505 5078 2619 5115 σου.

1242 5229 1549 5292 Addenda
1585 5243 1646 5290 et
1681 5234 2060 5314 corrigenda
2090 5253 2170 5298 ex
2200 5239 2340 5300 cod.
2373 5239 2584 5303 Vatis.

356 5377 432 5452 (1)
467 5379 535 5452 '_l_l_
557 5379 768 5452 Stans-ci);
794 5379 1173 5452 κινναϐάρεως
1197 5374 1476 5452 περιέχειᾷ
1676 5447 1688 5452 _
1836 5447 1846 5452 _
2033 5381 2108 5451 (4)
2141 5383 2332 5452 Λόγον.

360 5444 435 5516 (‘2)
480 5449 552 5501 Τὸ
575 5449 670 5501 τοῦ
701 5444 863 5504 dum
901 5444 1101 5520 ὄνομα,
1131 5444 1318 5500 τοῦτον
1352 5444 1613 5516 ἐπόθησα,
1661 5447 1749 5500 ὼσε

286 5517 1104 5594 τὸνὲκῨ-ϐ.ἐὐαρεστοῦντακ-
1270 5586 1280 5594 _
1473 5586 1485 5594 _
1740 5589 1749 5594 _

1566 5463 1613 5510 ι,
1661 5447 1860 5500 ὡσανεὶ
2157 5444 2439 5524 Ἦμέλουν,
2470 5451 2583 5507 ἀλλ’
2615 5451 2812 5520 ἕνιφον.

1740 5589 1751 5594 Α
2031 5522 2109 5594 (fi)
2147 5523 2492 5594 Ἐνθύμησιν,
2520 5532 2646 5589 etc.,
2676 5522 2917 5592 ἔτρεφον,
2945 5528 3029 5577 etc

299 5537 377 5568 τον
405 5537 452 5568 ε.
488 5537 547 5568 π.
575 5537 1069 5589 υκευαρεστουντα.

358 5587 628 5664 (ιδ),Ψαλῶ
648 5627 662 5649 ν
699 5589 792 5641 καὶ
835 5593 1043 5662 συνήσω
1066 5589 1222 5661 ᾗπερ
1255 5585 1440 5657 ψάλλω
1471 5586 1548 5654 ὲν,
1577 5597 1705 5652 etc.,
1739 5589 1760 5642 ἐ

2031 5537 2109 5594 (0)
2152 5537 2492 5594 'rgvuqucw,
2520 5537 2646 5589 etc.,
2676 5537 2917 5592 ετρεφον,
2945 5537 3051 5577 etc.

1588 5597 1705 5652 δια,
1739 5589 1857 5643 ἐπι-
2036 5592 2112 5663 (7)
2147 5594 2284 5646 Αὑτό
2317 5610 2424 5664 μοι.

293 5655 578 5746 σκηνώσει,
614 5667 718 5711 etc.
