3706 6408
317 240 451 299 1079
1154 244 1209 299 S.
1251 246 1619 304 ATHANASII
1656 249 1780 306 OPP

2090 252 2149 310 II.
2183 286 2251 299 —
2294 254 2711 314 EXEGETICA.
3414 267 3553 323 1180

382 355 437 408 8.
465 354 764 410 Percussus
788 370 908 411 sum
944 363 1004 409 ut
1036 355 1242 424 fenum,

1910 376 1961 434 Α
2057 368 2110 423 8.
2147 368 2421 444 Ἓπλήγην
2451 371 2583 426 ὡσεὶ
2616 372 2830 444 χόρτος,

378 443 436 500 9.
464 443 530 497 Et
554 446 699 500 aruit
734 461 828 500 cor
855 461 1034 501 meum
1074 467 1089 501 :

2052 459 2240 512 9.1m
2265 443 2536 531 ἐξηράνθη
2571 443 2837 534 ήίκάρδία
2863 476 2989 533 μου’

380 537 470 593 10.
503 536 641 605 Quia
671 538 873 593 oblitus
894 555 1012 593 Sum
1046 541 1333 595 comedere
1354 557 1553 612 panem
1585 562 1777 599 meum.

2053 549 2141 603 10.
2176 551 2298 605 Ὀτι
2328 551 2681 625 ἐπελαθόμην·
2698 552 2794 607 τοῦ
2820 557 3014 624 φαγεῖν
3042 555 3133 609 τῦν
3160 555 3326 626 ἄρτον
3360 576 3486 628 μου.

383 629 472 684 11.
502 629 550 684 Α
578 646 714 685 voce
739 631 971 703 gemitus
1010 634 1113 687 mei
1154 634 1383 689 adhaesit
1412 651 1474 691 os
1514 653 1692 692 meum
1731 656 1846 694 eam

2091 642 2140 696 1.
2168 642 2301 696 Ἀπὸ
2338 645 2525 715 φωνῆς
2568 644 2661 698 τοῦ
2711 646 3011 717 στεναγμοῦ
3060 665 3163 718 μου
3194 648 3467 722 ἐκολλήθη
3494 649 3554 702 τὺ

313 736 466 776 tuere.

1980 731 2171 786 ὀστοῦν
2210 750 2313 803 μου
2344 737 2410 807 τῇ
2442 736 2607 807 σαρκί
2633 753 2756 806 μου.

387 812 470 868 1:2.
499 813 707 904 Similis
743 811 927 868 factus
955 830 1076 869 sum
1113 815 1359 884 pelicauo
1379 819 1690 875 solitudinis
1716 841 1733 874 :

1606 820 1690 875 nis
1716 841 1733 874 :
2053 826 2140 881 12.
2175 825 2472 899 Ὠμοιὼϐην
2504 828 2757 884 πελεκᾶνι
2781 830 3063 904 ἐρημικῷ·

383 903 468 957 15.
498 897 699 958 Factus
730 920 850 959 sum
877 904 1019 960 sicut
1037 911 1345 976 nycticorax
1382 909 1436 964 in
1477 911 1771 967 domicilio.
1806 918 1814 930 ‘

2054 918 2153 971 15-
2171 897 2466 991 Ἐγενήθήν
2496 919 2630 975 ὡσεὶ
2655 897 2978 993 νυκτιίιόραξ
3003 897 3061 978 ἐν
3087 925 3380 996 οἱκοπέδῳ.

384 993 467 1047 ll.
502 993 753 1065 Vigilavi,
777 1003 832 1051 et
857 994 1034 1052 factus
1054 1012 1175 1052 sum
1202 1000 1348 1055 sicut
1376 1015 1567 1070 passer
1602 1003 1847 1059 solitariu

2089 1011 2141 1064 ι.
2174 1010 2548 1083 Ἠγρύπνησα.
2591 1013 2687 1067 καὶ
2731 1014 2998 1087 ἐγενόμην
3040 1016 3116 1081 ὡς
3151 993 3432 1089 στρουὸίον
3459 1036 3550 1089 μοι

316 1086 369 1140 in
400 1093 560 1143 tecto.

1983 1102 2149 1167 νάζον
2175 1103 2269 1157 ἐπὶ
2293 1102 2542 1175 δώματος
2565 1102 2871 1178 [ἐγενήθην,
2896 1115 3024 1172 etc.,
3050 1086 3304 1181 annuit].

383 1179 471 1237 15.
495 1178 630 1235 Tota
666 1179 753 1235 die
777 1180 1177 1252 exprobrabant
1211 1184 1344 1238 mihi
1378 1184 1585 1241 inimici
1616 1187 1717 1242 mei
1751 1205 1766 1241 :

2090 1196 2143 1250 5.
2173 1196 2342 1268 Ὅλην
2368 1197 2469 1269 τὴν
2494 1197 2708 1270 ἡμέραν
2737 1197 3009 1264 ὠνείδιζόν
3036 1217 3102 1271 με
3130 1202 3177 1253 οἱ
3208 1178 3392 1272 siem:
3418 1218 3549 1273 μου’

384 1272 471 1328 16.
506 1271 577 1328 Et
619 1272 717 1344 qui
768 1273 1063 1328 laudabant
1122 1290 1209 1330 me
1254 1274 1541 1332 adversum
1591 1294 1678 1333 me
1734 1279 1847 1349 jura

2058 1288 2142 1343 16.
2178 1287 2290 1342 Καὶ
2321 1290 2371 1340 οἱ
2395 1288 2740 1354 ἐπαινοῦντές
2768 1307 2833 1361 με
2863 1291 2983 1344 κατ’
3014 1291 3147 1362 ἐμοῦ
3175 1271 3414 1364 ὤμνυον.

312 1364 466 1419 baut.

383 1453 471 1507 17.
515 1451 652 1520 Quia
717 1454 954 1509 cinerem
1007 1462 1265 1524 tanquam
1325 1470 1520 1527 panem
1583 1458 1846 1515 manduca

1663 1458 1882 1515 rnduca-
2057 1463 2144 1518 1Ἰ.
2178 1463 2299 1517 Ὅτι
2331 1464 2520 1517 σποδὸν
2545 1463 2677 1518 ὡσεὶ
2708 1465 2869 1537 ἄρτον
2893 1465 3126 1537 ἔφαγον⁸

316 1543 439 1599 liam
474 1562 487 1598 :

386 1635 475 1689 18.
507 1632 571 1688 Et
596 1643 783 1704 potum
815 1647 997 1688 meum
1028 1648 1153 1688 cum
1184 1632 1310 1688 ﬂetu
1343 1632 1661 1688 miscebam.

2058 1623 2145 1678 18.
2179 1623 2290 1677 Καὶ
2314 1621 2374 1675 τὸ
2404 1622 2557 1695 πόμα
2586 1641 2687 1694 μου
2715 1623 2851 1695 μετὰ
2879 1623 3153 1696 κλαυθμοῦ
3186 1625 3434 1699 ἐκίρνων.

386 1725 475 1780 19.
509 1725 554 1778 Α
580 1722 721 1780 facie
747 1724 842 1779 irae
864 1732 988 1788 tuae,
1022 1730 1078 1778 et
1101 1722 1489 1795 indignationis
1517 1731 1624 1777 tua:
1655 1740 1679 1755 α

2094 1713 2289 1768 9.Ἀπδ
2307 1717 2598 1785 προσώπου
2616 1714 2715 1785 τῆς
2730 1714 2897 1787 ὀργῆς
2912 1731 3028 1778 σου,
3041 1714 3236 1769 καὶτοῦ
3251 1713 3425 1787 θυμοῦ
3439 1731 3550 1768 σοιν

383 1815 474 1869 20.
508 1815 645 1882 Quia
679 1815 897 1870 elevans
924 1814 1143 1871 allisisti
1171 1829 1279 1869 me.

2055 1805 2145 1860 20.
2173 1806 2295 1860 Ὅτι
2320 1806 2532 1878 ἐπάρας
2560 1805 2901 1877 κατέρῤαξάς
2929 1824 3014 1879 με.

387 1908 478 1962 21.
504 1906 628 1963 Dies
657 1907 761 1961 mei
792 1906 936 1962 sicut
959 1906 1150 1961 umbra
1176 1906 1582 1962 declinaverunt
1616 1923 1631 1959 :

2054 1898 2148 1953 21.
2175 1900 2240 1952 Al
2270 1898 2473 1971 ἡμέραι
2505 1915 2605 1968 μου
2634 1899 2767 1952 ὡσεὶ
2793 1899 2921 1952 σκιὰ
2951 1898 3275 1970 ἐκλίθηεταν⁹

388 2002 479 2057 22.
513 2000 580 2057 Et
610 2017 710 2073 ego
738 2001 882 2056 sicut
904 1999 1087 2055 l‘enum
1120 2001 1261 2055 arui.

2054 1989 2146 2044 22.
2181 1988 2350 2060 Κάγὼ
2376 1989 2508 2042 ὡσεὶ
2539 1990 2729 2060 χόρτος
2762 1990 3079 2062 ἐξηράνθην.

385 2098 477 2151 9.5.
512 2096 595 2151 Tu
626 2104 838 2164 autem,
858 2091 1112 2161 Domine,
1141 2093 1194 2148 in
1221 2100 1485 2148 aeternum
1527 2102 1813 2161 permanes
1839 2099 1848 2141 :

1794 2102 1813 2144 5
1839 2099 1855 2141 :
2057 2080 2151 2136 25.
2184 2080 2256 2135 Σὺ
2286 2081 2363 2145 δέ,
2388 2081 2696 2153 Κύριεῖδξς
2720 2081 2819 2137 τὸν
2846 2080 3257 2155 αιῷναμένεις-

1434 2284 1809 2343 ATHANASII
1855 2281 2439 2340 lNTEBPRETATlO;

387 2455 440 2508 8.
476 2452 696 2508 Concidi
725 2451 1043 2507 vulneratus
1075 2465 1107 2505 a
1133 2458 1374 2520 peccato.

2059 2442 2112 2496 8.
2146 2442 2425 2499 Συνέπεσα
2451 2443 2678 2514 πληγεὶς
2700 2444 2804 2498 ὑπὸ
2826 2444 2925 2514 τῆς
2951 2442 3244 2515 ἁμαρτίας.

386 2548 440 2601 9.
469 2545 606 2612 Quia
630 2545 802 2615 gratia
830 2543 1063 2614 Spiritus
1092 2542 1171 2597 tui
1205 2556 1312 2596 non
1342 2547 1462 2596 erat
1492 2538 1549 2593 in
1577 2553 1693 2593 me.

2089 2550 2110 2588 ’.
2133 2534 2268 2588 Ἀπὸ
2288 2533 2381 2589 τοῦ
2402 2535 2562 2608 χάριν
2584 2534 2660 2606 (1)
2682 2534 2775 2589 τοῦ
2792 2534 3105 2608 Πνεύματὸς
3126 2552 3218 2590 σου
3242 2535 3319 2608 μὴ
3339 2533 3474 2593 εἶναι
3491 2537 3552 2590 ἐν

2093 2627 2129 2682 ί.

390 2726 477 2779 10.
511 2724 777 2792 Quoniam
799 2724 1007 2795 neglexi
1031 2720 1283 2777 meditari
1313 2720 1369 2775 in
1404 2720 1522 2790 lege
1544 2726 1659 2773 tua.

1998 2645 2014 2680 ε
2059 2645 2129 2682 οι.

2020 2645 2147 2777 μ10.
2180 2724 2302 2777 Ὅτι
2327 2723 2577 2796 ἠμέλησα
2610 2722 2686 2793 (2)
2722 2722 2950 2794 μελετᾷν
2980 2724 3039 2776 ἐν
3062 2721 3143 2795 τῷ
3171 2724 3325 2796 νόμῳ
3347 2741 3461 2779 σου.

392 2812 480 2870 11.
510 2811 593 2868 Ob
624 2812 884 2884 gemitum
926 2820 1287 2882 consumptus
1315 2825 1460 2877 sum,
1490 2816 1547 2863 et
1571 2820 1700 2864 ossa
1734 2803 1855 2877 peni

2078 2814 2147 2869 ll.
2187 2814 2320 2867 Ἀπὸ
2368 2812 2463 2867 τοῦ
2509 2812 2786 2878 στενάξειν
2831 2829 2899 2884 με
2938 2812 3232 2886 ἐξετάκην,
3287 2816 3383 2869 καὶ
3420 2815 3541 2876 ὅλως

321 2916 408 2961 tus
439 2904 610 2961 evasi.

1989 2905 2172 2959 ὀστέον
2196 2905 2412 2975 γέγονα.

389 2995 479 3053 12.
510 2995 683 3052 Sicuti
712 2995 991 3067 pelicanus
1045 2995 1099 3049 in
1148 2994 1270 3049 loco
1314 2991 1469 3048 arido
1515 2988 1852 3088 deprehensu

2079 2997 2149 3051 l2.
2183 2997 2392 3070 Ὥσπερ
2410 2998 2440 3051 ὁ
2458 2996 2692 3051 πελεκὰν
2715 2995 2790 3068 (5)
2817 2996 2876 3049 ἐν
2903 2994 3116 3067 ἀνύδρῳ
3133 2995 3285 3067 τόπῳ
3311 2994 3542 3066 εὑρεθεὶς

318 3087 541 3142 omnino
583 3086 948 3153 consumitur,
969 3085 1048 3142 ita
1079 3091 1132 3139 et
1164 3097 1265 3154 ego
1300 3088 1657 3151 consumptus
1685 3091 1781 3133 sun

2150 3089 2546 3160 κατατήκεται,
2576 3086 2751 3153 οὕτως
2785 3086 2940 3157 κάγὼ
2975 3087 3367 3160 aratas/131d;qu
3396 3089 3454 3142 ἐν
3480 3087 3543 3156 τῇ
3604 3126 3613 3141 ,

317 3187 562 3250 peccato,
596 3193 721 3235 cum
751 3178 927 3250 gratia
949 3186 1041 3232 tua
1067 3175 1201 3231 mihi
1224 3175 1461 3230 deesset.

1986 3178 2253 3250 ἁμαρτίᾳ,
2281 3177 2382 3248 τῆς
2409 3176 2627 3250 χάριτός
2651 3193 2742 3230 σου
2775 3176 2849 3247 μὴ
2881 3175 3048 3247 οὔσης
3076 3179 3133 3231 ἐν
3156 3178 3281 3249 ἐμοί

390 3272 477 3325 15.
504 3268 830 3342 Nycticorax
860 3270 914 3322 in
942 3266 1178 3324 tenebris
1211 3267 1375 3339 degit.
1407 3273 1462 3321 et
1493 3264 1549 3319 in
1576 3270 1735 3319 nocte
1774 3260 1853 3316 cla

2190 3271 2250 3323 Ὀ
2275 3267 2602 3340 νυκτικόραξ
2627 3269 2686 3321 ἐν
2732 3267 2911 3322 σκότει
2954 3267 3148 3336 διάγει,
3184 3267 3282 3322 καὶ
3310 3268 3368 3321 ἐν
3400 3264 3544 3319 νυκτὶ

320 3370 472 3415 mat:
509 3360 582 3415 ita
618 3360 803 3432 igitur,
832 3359 1027 3430 inquit,
1054 3367 1109 3414 et
1138 3373 1243 3429 ego
1286 3370 1515 3411 manens
1545 3355 1601 3409 in
1645 3351 1783 3408 tenel

2080 3366 2116 3415 1-
2162 3361 2336 3427 οὕτως
2366 3357 2481 3429 οὖν,
2511 3360 2691 3431 λέγει,
2724 3359 2907 3430 κάγὼ,
2938 3361 2998 3414 ἐν
3032 3361 3213 3414 σκότει
3245 3360 3346 3431 τῆς
3380 3362 3543 3433 ἀμαρ-

318 3452 547 3522 pcccati,
571 3451 791 3522 plorans
817 3450 1018 3507 clamo.

1983 3454 2105 3517 τίας
2127 3452 2224 3520 ὣν,
2256 3453 2577 3526 ὀδυρόμενος
2609 3451 2733 3524 βοῶ.

391 3543 479 3598 14.
515 3543 715 3599 Multos
755 3542 1102 3600 insidiatores
1142 3540 1304 3597 habet
1344 3554 1536 3612 passer
1579 3535 1854 3594 solitarius

2092 3548 2146 3602 1.
2179 3546 2416 3611 Πολλοὺς
2463 3544 2783 3610 ἐπιϐούλους
2828 3545 2940 3617 ἔχει
2988 3545 3051 3600 τὸ
3095 3545 3411 3619 στρουθίον,
3458 3543 3545 3597 τόν

321 3646 574 3702 anguem,
605 3640 661 3689 et
683 3632 1049 3688 abominanda
1090 3631 1386 3702 reptilium,
1409 3638 1465 3686 et
1500 3628 1670 3684 multa
1692 3628 1784 3683 vol.

2080 3657 2141 3704 ν,
2167 3640 2264 3694 καὶ
2299 3638 2369 3693 τὰ
2418 3638 2637 3709 μυσαρὰ
2676 3637 2784 3692 τῶν
2823 3638 3083 3710 ἑρπετῶν,
3111 3638 3206 3691 καὶ
3250 3637 3419 3691 πολλὰ
3443 3636 3543 3690 τῶν

321 3723 453 3777 lium
484 3739 501 3791 ;
532 3724 587 3778 in
622 3725 733 3780 ictu
771 3724 936 3794 igitur
964 3724 1108 3780 oculi
1137 3737 1391 3779 somnum
1428 3722 1545 3793 ipse
1568 3720 1733 3792 capit,
1756 3736 1784 3792 q

2083 3728 2277 3784 ἐινῶνο
2321 3729 2380 3782 ἐν
2412 3730 2544 3800 ῥιπῇ
2577 3722 2671 3783 οὖν
2701 3726 2978 3799 ὀφθαλμοῦ
3010 3730 3156 3782 ἐστιν
3184 3730 3215 3783 ό
3258 3726 3424 3792 ὕπνος
3455 3728 3546 3781 αὖ-

319 3814 708 3886 ρὶιιοιιιιιερίοἰι,
770 3832 839 3873 ne
909 3816 1197 3873 insidiator
1254 3814 1453 3886 aliquis
1508 3815 1559 3869 ei
1629 3828 1782 3885 super

2086 3861 2100 3883 ,
2133 3820 2221 3874 διὰ
2245 3819 2309 3874 τὸ
2350 3818 2771 3891 περιϐλέπεσθαι
2799 3818 2930 3873 αὐτὸ
2969 3820 3042 3891 μή
3072 3836 3157 3883 τις
3184 3819 3294 3872 τῶν
3332 3818 3542 3872 ἐπιϐού-

320 3906 473 3962 niat:
512 3907 587 3963 ita
634 3908 819 3978 igitur,
856 3907 1054 3979 inquit,
1092 3916 1148 3965 et
1189 3922 1290 3978 ego
1318 3921 1467 3963 eram
1500 3905 1783 3971 sollicitus,

2083 3927 2093 3959 ν
2123 3910 2198 3981 (4)
2232 3908 2450 3980 ἔρχεται
2492 3909 2579 3963 ἐπ’
2621 3908 2804 3980 αὐτῷ’
2845 3906 3017 3973 οὕτως
3059 3904 3171 3974 οὖν,
3199 3909 3372 3979 λέγει,
3401 3908 3546 3976 κάγὼ

320 3995 503 4066 aliqua
530 3995 964 4053 adversariarum
992 4004 1320 4053 potestatum
1356 3995 1413 4049 in
1438 4009 1525 4050 me
1548 3995 1781 4051 irrueret

2083 4019 2134 4073 γν
2161 4000 2458 4073 μεριμνῶν,
2495 4001 2570 4073 μή
2615 4018 2701 4065 τις
2732 4001 2993 4074 ἐπιρῤίψῃ
3034 4018 3124 4073 μοι
3160 4001 3272 4055 τῶν
3296 4000 3546 4055 ἐναντίων

1985 4093 2284 4148 δυνάμεων.

391 4177 479 4233 15.
510 4176 849 4235 lncessanter
875 4181 1150 4238 daemones
1173 4188 1365 4237 contra
1389 4194 1478 4238 me
1490 4179 1854 4253 gloriabantur

2073 4110 2117 4148 ια
2162 4110 2284 4145 εων.

2073 4110 2489 4249 minutim;
2511 4183 2563 4238 oi
2586 4184 2836 4257 δαίμονες
2870 4185 3285 4257 κατεκαυχῶντό
3316 4202 3416 4257 μου
3447 4182 3536 4254 (5).

394 4270 479 4325 16.
515 4270 584 4327 Et
623 4272 718 4344 qui
760 4273 915 4345 prius
956 4273 1264 4345 gaudebant
1306 4288 1428 4330 mea
1474 4272 1857 4347 prodigalitate

2078 4279 2144 4334 L6.
2175 4277 2287 4333 Kal.
2326 4278 2377 4332 oi
2406 4277 2466 4332 τὸ
2495 4277 2757 4350 πρότερον
2801 4280 3083 4351 χαίροντες
3119 4279 3212 4333 ἐπὶ
3250 4281 3317 4351 τῇ
3346 4276 3541 4345 ἀσωτία

319 4371 441 4430 post
468 4361 585 4418 haec
620 4378 706 4420 me
732 4363 1030 4421 irridebant
1056 4363 1320 4433 dicentes,
1361 4379 1431 4421 ne
1458 4364 1533 4420 ita
1571 4363 1719 4433 (iam,
1759 4371 1782 4419 t

2075 4387 2114 4437 ›,
2142 4368 2282 4442 μετὰ
2305 4366 2478 4424 ταῦτα
2506 4368 2813 4437 κατεγέλων
2843 4387 2943 4441 μου
2964 4369 3232 4439 λέγοντες·
3264 4367 3445 4431 Οὕτως
3471 4364 3538 4437 μὴ

319 4467 481 4520 quam
509 4451 633 4509 iste.

1981 4463 2247 4535 γένωμαι,
2277 4461 2354 4527 ὡς
2383 4454 2557 4525 οὗτος.

390 4538 477 4594 17.
509 4541 566 4595 In
591 4541 908 4612 pmnitentia
936 4558 1079 4600 mea.

2054 4552 2142 4607 17.
2176 4552 2267 4605 Ἐν
2297 4554 2364 4624 τῇ
2404 4550 2657 4622 μετανοίᾳ
2694 4567 2817 4622 μου.

392 4629 480 4686 18.
523 4629 837 4689 Deﬂuebant
879 4636 1132 4708 lacrymte
1174 4652 1310 4694 mere
1341 4636 1400 4693 in
1448 4644 1636 4709 potum
1675 4650 1855 4692 meum

2088 4643 2140 4698 8.
2172 4644 2446 4715 Κατέρρει
2490 4642 2559 4697 τὰ
2602 4642 2815 4719 δάκρυά
2846 4659 2948 4713 μου
2990 4644 3049 4696 ἐν
3082 4641 3162 4714 τῷ
3190 4639 3397 4712 πόματί
3425 4655 3539 4711 μου.

319 4736 444 4775 cum
469 4721 741 4778 bibebam.

1982 4732 2058 4797 ὡς
2087 4731 2290 4787 ἔπινον.

395 4812 480 4867 19.
508 4811 648 4879 Quia
680 4817 927 4887 cognosi,
961 4817 1106 4888 quod
1133 4830 1414 4876 aversatus
1441 4835 1501 4878 es
1530 4835 1636 4875 me.

2056 4823 2142 4880 19.
2172 4823 2269 4879 Διὰ
2294 4824 2356 4879 τὸ
2375 4825 2672 4895 ἐπιγνῶναι
2699 4842 2788 4896 με,
2817 4825 2903 4878 ὅτι
2930 4822 3291 4896 ἀπεστράφης
3321 4840 3406 4895 με.

387 4901 478 4956 20.
515 4900 581 4957 Ει
607 4904 755 4973 quod
785 4904 1063 4976 projecisui
1094 4923 1179 4964 me
1200 4917 1325 4965 ate.

2052 4914 2144 4970 20.
2176 4915 2289 4969 Καὶ
2312 4916 2395 4969 ὅτι
2423 4916 2734 4987 ἀπέρριψας
2765 4933 2832 4986 με
2865 4915 2973 4969 ἀπὸ
3000 4914 3117 4968 σοῦ.
3226 4941 3232 4945 ·

390 4994 485 5061 2|,
507 4994 604 5052 22..
627 4995 703 5050 Eo
728 4997 871 5068 quod
896 5014 1003 5054 non
1033 5000 1288 5057 haberem
1319 5000 1702 5072 pinguedinem
1732 5015 1853 5070 aqu:

2075 5004 2255 5071 11,22.
2289 5004 2364 5076 (6)
2407 5004 2542 5059 Ἀπὸ
2581 5003 2676 5058 τοῦ
2729 5004 2805 5076 μὴ
2845 5003 2989 5081 ἐχειν
3059 5021 3128 5077 με
3179 5006 3406 5077 πιότητα
3450 4997 3538 5054 τοῦ

321 5086 505 5154 gratia:
539 5098 645 5142 tum

1986 5092 2175 5156 ὓδατος
2202 5093 2302 5163 τῆς
2328 5094 2548 5165 χάριτός
2576 5111 2689 5150 σου.

390 5178 479 5234 '23.
510 5178 862 5237 Immortalis.

2052 5182 2143 5237 25.
2180 5183 2506 5256 Ἀςρθαρτος.

1262 5293 1568 5355 Addenda
1598 5301 1658 5355 et
1688 5294 2062 5374 corrigenda
2099 5314 2181 5359 ex
2227 5297 2370 5361 cod.
2403 5298 2603 5360 Velie.

392 5455 411 5587 ξ
420 5457 439 5508 1
449 5456 471 5594 )
500 5458 612 5579 ’ξέν
644 5460 820 5580 ζάριν.
984 5530 1007 5544 ,⁸
2058 5466 2134 5535 (5)
2160 5466 2284 5523 Μοί.

414 5528 451 5589 '2
585 5527 644 5580 θέ
679 5544 783 5594 ησα
814 5530 1070 5594 μελετων.
2061 5538 2138 5594 (6)
2179 5536 2247 5591 Ν.
2302 5538 2391 5592 21.
2451 5539 2771 5594 Ἀνωυελεῖς
2821 5556 2909 5594 μοι
2971 5538 3283 5594 γεγόνασιν.
3342 5535 3405 5593 Η.
3450 5535 3518 5594 22

502 5514 783 5611 ζέρέῖῃῖπα
814 5530 1070 5599 μελετῶν.
2451 5539 2771 5611 ’ᾼνωφελεῖς
2821 5556 2909 5611 μοι
2971 5538 3283 5608 γεγόνασιν.
3342 5535 3405 5605 1‘3.
3450 5535 3543 5597 ΖΓ..

502 5596 825 5679 Ψλεὲάχοςέ
905 5668 919 5679 .
997 5669 1020 5679 -
1213 5674 1253 5679 __
1275 5675 1286 5679 _
1356 5672 1366 5679 ,
1562 5673 1573 5679 _
1650 5674 1659 5679 _
2003 5596 2152 5675 Ἀθά
2182 5618 2307 5673 etc.,
2342 5608 2516 5679 ἑαυτῷ
2550 5596 2798 5673 πιότητα.

397 5667 473 5736 (4)
509 5664 835 5723 Ἔπιὸοὐλων
862 5668 1041 5735 αὑτοῦ,
1075 5680 1178 5727 etc.
1213 5672 1380 5731 Κάγώ
1414 5689 1520 5728 nou
1562 5673 1774 5743 legitur.
