3706 6498
156 323 265 380 1081
1081 313 1170 369 DE
1208 313 1484 371 TiTULlS
1518 310 1983 369 PSALMORUM.
2021 340 2089 353 —-
2123 310 2322 367 PSAL.
2361 309 2447 365 Cl.
3238 307 3383 364 1082

207 441 293 496 24.
326 437 440 493 Καὶ
482 436 543 490 τὸ
585 433 928 508 μνημόσυνόν
980 449 1074 487 σου
1121 410 1200 496 εἰς
1246 430 1440 501 γενεὰν
1479 432 1574 487 καὶ
1615 448 1670 500 γε

1920 428 2081 485 ΑἰῈι
2100 428 2413 484 memoriale
2447 435 2599 482 tuum
2622 425 2678 481 in
2711 423 3111 496 generationem
3142 432 3196 479 et
3221 439 3383 484 aene-

154 534 285 589 νεᾶν.

1816 522 2102 577 rationem.

211 621 293 676 25.
323 620 396 673 Σὺ
427 615 667 680 ἀναστὰς
698 615 1059 686 οἰκτειρήσεις
1090 611 1186 685 τὴν
1212 610 1348 665 Σιών
1368 628 1382 643 ·

1883 612 1974 669 25.
2006 611 2086 666 Tu
2115 626 2414 681 exsurgens
2442 608 2788 664 misereberis
2818 607 2950 663 Sion
2984 627 2998 660 :

210 713 295 768 26.
328 712 452 764 Ὅτι
500 708 692 781 καιρὸς
728 706 822 761 τοῦ
873 703 1212 777 οἰκτειρῆσαι
1260 701 1447 774 αὐτὴν,
1475 701 1557 755 ὅτι
1588 700 1673 772 ἧκε

1916 705 1974 761 :6.
2013 704 2151 772 Quia
2177 712 2396 774 tempus
2419 701 2714 757 miserendi
2737 702 2878 772 ejus,
2912 701 3039 773 quia
3060 700 3211 757 venit
3238 709 3379 756 tem-

155 803 347 874 καιρός.

1810 811 1933 866 pus.

212 894 297 948 '27.
321 892 446 944 Ὀτι
467 890 769 961 εὐδόκησαν
789 889 838 942 oi
863 886 1037 941 δοῦλοί
1064 902 1156 939 σου
1177 886 1303 948 τοὺς
1321 883 1502 947 λίθους
1521 882 1675 953 αὐτῆς

1912 887 1972 943 :7.
2009 886 2276 954 Quoniam
2307 886 2630 957 placuerunt
2656 885 2829 941 servis
2850 885 2958 941 tuis
2988 886 3194 957 lapides
3222 886 3375 957 ejus:

212 986 295 1041 28.
324 984 435 1041 Kal.
461 984 554 1038 τὸν
582 981 710 1055 χοῦν
741 981 908 1052 αὐτῆς
929 980 1347 1050 οἰκτειρήσουσι.

1880 978 1972 1035 9.8.
2006 978 2069 1034 Et
2105 988 2262 1034 terra:
2296 979 2416 1049 ejus
2440 979 2862 1034 miserebuntur.

211 1080 293 1133 '29.
324 1076 437 1131 Καὶ
484 1074 886 1146 φοϐηθήσονται
929 1072 998 1125 τὰ
1047 1070 1172 1143 εθνη
1204 1071 1267 1124 τὸ
1299 1070 1469 1140 ὄνομα
1506 1067 1674 1141 Κυρίο

1919 1071 1972 1127 9.
2005 1070 2072 1125 Et
2110 1070 2382 1127 timebunt
2422 1080 2615 1143 gentes
2647 1086 2844 1128 nomen
2896 1069 3113 1127 Domini
3156 1069 3380 1143 [nomen

158 1170 335 1245 [ὄνομά
365 1187 481 1233 σου,
513 1164 712 1240 Κύριε]
734 1182 746 1194 ·

1812 1171 1993 1226 tuum,
2020 1158 2270 1233 Domine]
2300 1178 2315 1219 :

215 1260 299 1315 50.
333 1259 446 1315 Καὶ
476 1258 676 1318 πάντες
700 1258 750 1308 οἱ
778 1252 1016 1326 βασιλεῖς
1041 1253 1140 1324 τῆς
1165 1252 1267 1323 γῆς
1301 1250 1398 1322 τὴν
1417 1250 1574 1317 δόξαν
1596 1266 1678 1303 σοι

1669 1269 1712 1303 δ.
1885 1253 1976 1309 50.
2008 1253 2076 1308 Et
2102 1269 2297 1323 omnes
2328 1270 2483 1324 reges
2510 1263 2670 1310 terra:
2701 1254 2930 1324 gloriam
2960 1264 3132 1310 tuam.

215 1354 299 1408 51.
333 1352 458 1405 Ὀτι
487 1348 833 1427 οἰκοδομήσει
861 1345 1065 1416 Κύριος
1096 1344 1195 1415 τὴν
1224 1341 1391 1395 Σιὼνο

1881 1346 1974 1399 51.
2002 1344 2141 1411 Quia
2164 1344 2453 1401 :ediﬁcabit
2480 1345 2742 1402 Dominus
2771 1344 2900 1400 Sion
2928 1361 2942 1402 :

214 1443 297 1498 32.
328 1442 440 1495 Καὶ
461 1438 755 1510 ὀφθήσεται
791 1438 851 1490 ἐν
878 1438 945 1507 τῇ
976 1433 1102 1505 δόξῃ
1135 1431 1323 1488 αὐτοῦ.

1885 1436 1977 1491 52.
2013 1436 2080 1491 Et
2101 1437 2374 1494 videbitur
2402 1439 2456 1492 in
2479 1438 2652 1511 gloria
2673 1454 2792 1494 sua.

216 1536 298 1590 55.
339 1532 670 1602 Ἐπέὁλεψεν
719 1530 812 1585 ἐπὶ
858 1530 957 1601 τὴν
1009 1527 1319 1600 προσευχὴν
1368 1524 1480 1579 τῶν
1520 1542 1679 1579 ταπει

1919 1531 1978 1585 ν5.
2017 1530 2275 1603 Respexit
2311 1531 2366 1586 in
2390 1532 2690 1588 orationem
2726 1533 3012 1589 humilium
3043 1529 3382 1606 [gentium]:

158 1629 249 1683 νῶν
275 1626 293 1701 [
318 1627 488 1683 ἐθνῶν
513 1625 532 1699 ]
555 1641 571 1659 ·
1644 1630 1653 1639 ’

220 1720 302 1775 54.
332 1720 443 1774 Καὶ
475 1719 577 1772 οὐκ
608 1715 926 1784 ἐξουδένωσε
954 1713 1051 1785 τὴν
1079 1713 1261 1784 δέησιν
1287 1710 1487 1767 αὐτῶν.

1465 1732 1487 1767 ι.
1883 1710 1973 1765 54.
2001 1709 2068 1765 Et
2097 1726 2204 1766 non
2234 1710 2438 1781 sprevit
2466 1726 2680 1782 precem
2717 1727 2928 1767 eorum.

222 1814 306 1868 55.
336 1812 611 1884 Γραφήτω
636 1809 774 1879 αῦτη
805 1807 884 1870 είς
911 1807 1102 1877 γενεὰν
1125 1805 1318 1877 ἑτέραν
1338 1821 1352 1836 ·

1744 1796 1786 1851 Β
1887 1803 1977 1858 55.
2008 1801 2291 1859 Scribatur
2324 1802 2439 1859 haec
2465 1802 2519 1857 in
2550 1804 2900 1874 generatione
2930 1804 3095 1859 altera
3128 1823 3142 1856 :

219 1906 303 1960 56.
335 1905 448 1959 Καὶ
475 1903 605 1966 λαὸς
630 1904 659 1956 ὁ
691 1900 1003 1970 κτιζόμενος
1037 1896 1242 1952 αἰνέσει
1272 1895 1363 1950 τὸν
1386 1895 1609 1968 Κύριον.

1919 1895 1979 1952 ιϐ.
2007 1895 2074 1951 Et
2110 1895 2342 1967 populus
2391 1897 2487 1967 qui
2533 1906 2750 1953 creatur
2791 1897 3028 1952 laudabit
3073 1895 3382 1952 Dominum.

222 1994 306 2047 57.
332 1994 455 2046 Ὅτι
484 1988 746 2059 ἐξέκυψεν
778 1987 837 2055 ἐξ
886 1986 1053 2056 ὕψους
1085 1986 1240 2054 ἁγίου
1270 1983 1436 2039 αὐτοῦ
1460 2000 1476 2014 ’

1882 1989 1970 2043 57.
2003 1987 2144 2053 Quia
2173 1987 2543 2058 prospexitde
2564 1989 2786 2045 excelso
2815 1998 3005 2045 sancto
3036 2004 3138 2045 suo
3169 2007 3184 2045 :

222 2085 304 2139 58.
336 2084 540 2156 Κύριος
568 2081 630 2147 ἐξ
653 2080 882 2153 ούρανοῦ
915 2080 1006 2133 ἐπὶ
1038 2078 1135 2148 τὴν
1161 2078 1264 2149 γῆν
1293 2077 1560 2143 ἐπέδλεψε
1594 2118 1612 2140 ,

1780 2153 1789 2156 Α
1886 2081 1980 2136 58.
2012 2078 2278 2136 Dominus
2297 2080 2365 2135 de
2403 2082 2542 2135 cazlo
2567 2081 2621 2134 in
2649 2089 2850 2136 terram
2878 2080 3110 2151 aspexit,

224 2178 306 2233 59.
340 2176 446 2229 Τοῦ
470 2173 704 2228 ἀκοῦσαι
719 2171 812 2226 τοῦ
838 2169 1140 2240 στεναγμοῦ
1170 2168 1280 2222 τῶν
1304 2169 1687 2240 πεπεδημένων

1572 2169 1718 2234 ἔνων,
1776 2153 1800 2177 ⁶
1878 2172 1965 2227 59.
2000 2171 2070 2227 Ut
2094 2172 2306 2228 audiret
2330 2173 2562 2243 gemitus
2585 2172 3035 2242 compeditorum,

227 2268 307 2324 40.
336 2266 442 2320 Τοῦ
474 2264 636 2319 λῦσαι
663 2264 789 2327 τοὺς
818 2262 965 2325 υἱοὺς
984 2260 1094 2315 τῶν
1119 2257 1604 2329 τεθανατωμένων.

1546 2276 1604 2313 ιν.
1885 2263 1978 2321 40.
2012 2261 2083 2318 Ut
2102 2263 2336 2320 solveret
2364 2263 2506 2320 ﬁlios
2537 2264 3009 2335 interemptorum.

1270 2435 1645 2493 ATHANASII
1685 2435 2262 2495 INTEBPRETATIO.

228 2605 312 2660 24.
353 2600 758 2671 Ἀτελεύτητον.

1896 2596 1985 2651 24.
2021 2594 2438 2667 Sempiternun..

228 2696 312 2750 25.
354 2692 494 2749 Σιὼν
525 2691 784 2753 ἄϐεστος
832 2685 1141 2759 [ἄσϐεστος]
1201 2685 1279 2757 (1)
1331 2682 1689 2756 ἑρμηνεύεται

1926 2688 1983 2745 5.
2016 2690 2145 2744 Sion
2175 2689 2623 2761 inexstinguibilis
2658 2691 3044 2763 interpretatur
3080 2710 3095 2747 :
3126 2693 3389 2751 mundum

168 2786 255 2856 τὴν
281 2782 605 2855 οἰκουμένην
631 2775 725 2833 οὖν
749 2777 918 2846 λέγει.

840 2794 918 2830 ει.
1822 2779 1990 2851 igitur
2012 2779 2303 2850 signiﬁcat.

228 2875 312 2931 26.
342 2876 455 2945 Τῆς
479 2870 787 2945 παρουσίας
824 2885 918 2922 σου
946 2867 1047 2939 (2).

956 2867 1047 2939 [2).
1890 2871 1982 2928 26.
2013 2871 2289 2930 Adventus
2321 2873 2419 2929 tui.

228 2968 312 3023 27.
336 2968 462 3020 Ὅτι
504 2965 752 3019 θέλουσιν
796 2960 871 3032 (5)
918 2961 968 3013 οἱ
1018 2957 1163 3027 ἅγιοι
1197 2973 1314 3023 σου,
1360 2956 1638 3009 τουτέστιν

1929 2964 1986 3017 μἹ.
2017 2964 2282 3032 Quoniam
2331 2967 2517 3022 volunt
2562 2964 2738 3023 sancti
2773 2967 2875 3035 tui,
2925 2966 3029 3022 hoc
3071 2974 3154 3023 est
3191 2967 3392 3025 chorus

170 3062 312 3134 ymo;
358 3061 470 3114 τῶν
503 3054 801 3130 προφητῶν
846 3054 941 3107 καὶ
991 3048 1321 3114 ἀποστόλων,
1364 3047 1433 3103 τὰ
1475 3046 1600 3118 ἔθνη

1932 3056 2235 3126 phelarum,
2274 3066 2328 3113 et
2358 3058 2750 3129 apostolorum,
2779 3067 2839 3115 ut
2874 3067 3064 3131 gentes
3096 3060 3149 3115 in
3196 3068 3247 3116 te
3277 3076 3394 3116 cre-

172 3184 182 3203 .
201 3156 247 3204 rt
275 3153 571 3208 πιστεύειν.

520 3168 571 3205 ν.
1828 3150 1983 3207 dant.

230 3246 315 3303 28.
342 3246 455 3300 Kal
497 3244 559 3299 τὸ
601 3239 806 3313 πλῆθος
846 3237 956 3292 τῶν
994 3236 1098 3308 ήδη
1137 3230 1592 3304 καταφθαρέντων
1626 3230 1693 3283 ὑπ

1932 3241 1992 3301 8.
2024 3241 2092 3297 Et
2118 3241 2328 3299 miserti
2364 3253 2493 3299 sunt
2531 3241 2897 3299 multitudinis
2921 3258 3114 3299 eorum
3145 3242 3237 3314 qui
3268 3257 3395 3299 cor-

171 3341 258 3410 τῆς
289 3337 565 3411 ἁμαρτίας
594 3332 937 3405 ᾡκτείρησαν
967 3327 1068 3401 (4).

1033 3331 1068 3396 )·
1832 3335 1976 3403 rupti
2008 3344 2165 3390 erant
2190 3350 2220 3390 a
2252 3344 2496 3405 peccato.

232 3434 317 3489 29.
351 3428 742 3485 ’Υπακούσωσι
765 3424 844 3494 τῷ
869 3420 1180 3493 κηρύγματι
1212 3417 1290 3489 (5)
1318 3414 1503 3470 αὐτοῦ.

1379 3414 1503 3469 moti.
1901 3426 1994 3485 29.
2020 3425 2284 3482 Obedient
2305 3426 2674 3497 praedicationi
2703 3426 2842 3497 ejus.

235 3524 317 3579 50.
359 3524 426 3577 Ol.
458 3517 832 3593 βασιλεύοντες
878 3511 1022 3568 κατὰ
1064 3510 1165 3580 τῆς
1202 3507 1475 3581 ἁμαρτίας
1517 3503 1605 3559 διὰ
1636 3503 1698 3575 τῆ

1936 3519 1994 3572 νο.
2023 3517 2332 3590 Regnantes
2349 3527 2540 3573 contra
2555 3526 2838 3588 peccatum
2863 3533 2960 3588 per
2979 3517 3208 3589 gratiam
3226 3525 3399 3583 tuam,

176 3617 382 3688 χᾶριτὸς
415 3631 507 3668 σου
536 3610 933 3683 φοϐηθήσονται
960 3605 1049 3658 τὸν
1076 3602 1306 3675 σταυρόν
1338 3617 1453 3653 σου.

1098 3602 1306 3675 παυρόν
1338 3617 1453 3653 σου.
1837 3609 2106 3664 timebunt
2137 3624 2355 3664 crucem
2391 3620 2561 3663 tuam.

239 3686 319 3762 51.
359 3707 470 3778 Τὴν
503 3704 765 3759 ἇσόεστον
788 3698 883 3771 (6),
908 3697 1007 3769 τὴν
1053 3695 1313 3766 διψῶσαν,
1344 3690 1590 3746 τουτέστι
1636 3686 1702 3760 τὴ

1948 3702 1993 3757 1.
2018 3700 2540 3772 lncxstinguibilem,
2574 3708 2629 3756 et
2657 3699 2948 3769 sitientem,
2979 3700 3084 3757 lioc
3111 3710 3195 3756 est
3223 3698 3402 3755 Eccle-

179 3799 234 3865 ἐξ
251 3800 416 3853 ἐθνῶν
448 3793 793 3866 Ἐκκλησίαν·
824 3790 893 3845 τὰ
921 3789 1032 3861 γὰρ
1064 3787 1349 3859 ἀμφότερα
1376 3780 1642 3855 ἐρμηνεύε

1941 3808 1973 3846 n
2001 3807 2068 3847 ex
2098 3791 2348 3864 gentibus
2378 3808 2393 3858 ;
2425 3794 2658 3861 utroque
2701 3792 2847 3847 enim
2879 3791 3043 3848 modo
3080 3792 3404 3863 interpreta-

179 3892 338 3956 Σιὼν,
364 3892 460 3945 καὶ
482 3890 738 3953 ἇόεστος
761 3880 1092 3958 [ἄσϐεστος],
1121 3879 1215 3932 καὶ
1244 3875 1503 3945 διψῶσα.

1842 3894 1929 3940 tur
1960 3881 2108 3951 Sion,
2143 3893 2198 3939 et
2228 3883 2695 3954 inexstinguibilis,
2723 3893 2776 3940 et
2806 3884 3013 3941 sitiens.

241 3985 327 4039 52.
365 3984 489 4037 Ἐπὶ
516 3983 622 4054 γῆς
647 3984 708 4036 ἐν
734 3980 802 4051 τῇ
829 3974 1102 4051 παρουσίᾳ
1135 3969 1322 4026 αὑτοῦ.

1910 3975 1998 4030 52.
2037 3974 2211 4045 Super
2244 3982 2443 4029 terram
2469 3974 2526 4029 in
2555 3974 2790 4030 adventu
2818 3989 2941 4030 suo.

242 4078 329 4132 55.
359 4075 480 4128 Τῶν
505 4073 697 4143 ἁγίων.

1908 4068 1997 4123 55.
2027 4066 2369 4124 Sanctorum.

238 4168 323 4223 54.
351 4167 463 4221 Καὶ
490 4166 549 4219 ού
583 4163 807 4233 παρεῖδε
849 4159 948 4232 τὴν
995 4157 1203 4212 ἱκεσίαν
1245 4151 1445 4218 αὐτῶν,
1477 4150 1546 4223 ἢν
1594 4151 1701 4202 ἐπο(

1941 4160 1999 4214 4.
2034 4159 2100 4215 Et
2128 4173 2236 4214 non
2262 4158 2503 4229 despexit
2527 4156 2975 4229 supplicationem
3001 4168 3214 4220 eorum,
3240 4167 3404 4223 quam

183 4278 265 4315 ουν
295 4259 370 4331 (7)
406 4260 545 4331 ὑπὲρ
578 4256 736 4329 ἡμῶν
757 4254 950 4316 νυκτὸς
976 4252 1073 4306 κα).
1104 4248 1341 4320 ἡμέρας.

1842 4250 1952 4317 die,
1975 4258 2246 4321 noctuque
2273 4264 2371 4319 pro
2396 4248 2552 4304 nobis
2584 4248 2874 4303 faciebant.

245 4356 333 4411 55.
375 4355 441 4408 Ἠ
482 4348 865 4423 φιλανθρωπία
906 4343 1044 4416 αῦτη
1087 4341 1184 4394 τοῦ
1241 4338 1376 4392 Θεοῦ
1433 4334 1708 4407 γνωρισθή

1943 4342 2006 4398 35.
2035 4341 2344 4412 Benignitas
2367 4342 2502 4409 ipsa_
2525 4339 2619 4393 Dei
2653 4347 2783 4393 nota
2815 4337 2908 4392 ﬁat
2939 4351 3035 4406 per
3078 4334 3406 4403 scripturam

183 4464 251 4500 τω
284 4447 357 4518 (8)
386 4445 474 4499 διὰ
504 4443 605 4515 τῆς
626 4438 847 4512 γραφῆς
875 4439 987 4499 τοῖς
1008 4436 1141 4496 υἱοῖς
1170 4430 1279 4485 τῶν
1303 4426 1632 4500 ἀνθρώπων.

846 4460 847 4463 η
875 4439 987 4499 τοῖς
1008 4436 1141 4496 υἱοῖς
1170 4430 1279 4485 τῶν
1303 4426 1632 4500 ἀνθρώπων.
1842 4428 1971 4483 ﬁliis
2006 4428 2309 4481 hominum.

369 4539 428 4592 '0
454 4538 513 4589 ἐν
654 4531 989 4603 βαπτίσματι
1020 4521 1497 4592 ἁνακαινιζόμενος
1521 4518 1617 4590 (9).

1386 4536 1497 4582 ενος
1521 4518 1617 4590 (9).
1909 4520 1999 4574 56.
2031 4518 2135 4585 Qui
2165 4518 2218 4570 in
2248 4513 2516 4584 baptismo
2538 4520 2849 4567 renovatur.

246 4631 332 4686 57.
351 4631 472 4683 Ὅτι
495 4630 560 4682 ἐκ
584 4623 682 4679 τοῦ
715 4623 773 4676 οὐ
784 4617 945 4693 ρανοῦ
976 4612 1328 4686 κατελήλυθε.

1300 4631 1328 4666 :.
1911 4612 2000 4668 57.
2035 4611 2171 4678 Quia
2203 4610 2270 4665 de
2296 4608 2434 4665 caalo
2464 4606 2763 4663 descendit.

251 4722 335 4775 58.
366 4720 573 4793 Κύριος
595 4718 661 4770 ἐκ
686 4713 782 4768 τοῦ
800 4706 1030 4784 ούρανοῦ
1047 4706 1139 4760 ἐπὶ
1159 4706 1257 4776 τὴν
1272 4703 1375 4773 γῆν
1398 4698 1714 4773 παρεγένετο

1666 4714 1743 4751 τοι
1913 4705 2004 4761 58.
2036 4703 2299 4760 Dominus
2331 4700 2398 4755 de
2419 4698 2557 4756 coelo
2585 4698 2641 4753 in
2666 4707 2868 4753 terram
2894 4696 3129 4753 advenit.

253 4813 339 4867 59.
370 4792 477 4865 Τοῦ
507 4808 732 4877 ποιῆσαι
781 4803 1058 4873 ἐκδίκησιν
1106 4795 1216 4868 (10)
1260 4793 1370 4847 τῶν
1411 4805 1716 4845 καταπονου

1627 4805 1749 4841 νου-
1921 4797 2010 4853 59.
2041 4794 2109 4851 Ut
2139 4792 2441 4849 vindicaret
2470 4802 2761 4861 oppressos
2788 4802 2820 4842 a
2847 4794 3090 4858 peccato.

188 4906 363 4976 μένων
385 4905 492 4958 ὑπὸ
520 4902 621 4973 τῆς
650 4894 946 4969 ἁμαρτίας.

259 4997 340 5051 40.
371 4996 477 5051 Τοῦ
506 4964 888 5066 λυτρώσασθαι
912 4985 983 5040 τὰ
1004 4983 1171 5038 τέκνα
1205 4977 1307 5049 τῆς
1345 4975 1616 5049 ἁμαρτίας
1661 4992 1722 5029 κα

1702 4974 1756 5028 αὶ
1921 4978 2013 5033 40.
2045 4974 2117 5030 Ut
2144 4972 2435 5029 redimeret
2461 4969 2601 5026 ﬁlios
2625 4966 2829 5039 peccati
2862 4975 2916 5021 et
2944 4964 3165 5021 mortis.

180 5090 283 5143 τοῦ
316 5090 569 5145 θανάτου.

1141 5255 1451 5321 Addenda
1484 5259 1545 5316 et
1575 5243 1946 5324 corrigenda
1973 5259 2053 5304 ex
2099 5239 2238 5304 cod.
2269 5237 2471 5300 Vatic.

267 5461 338 5532 (l)
372 5463 626 5523 ’Ᾱὸατος.
808 5526 818 5532 _
925 5524 950 5532 _
1238 5520 1249 5532 .

2032 5435 2445 5532 LéSa-rov,:elc.,
2472 5429 2533 5481 τὸ
2561 5426 2719 5488 Σιὼν,
2746 5440 2840 5479 και
2868 5420 3090 5487 ἄϐατος,
3113 5424 3222 5477 etc.

268 5534 346 5648 εξξ
367 5526 1318 5648 ιὲξιξλξεςιξβξῖξῖ.ξιίσῑξξῖρξϊξιαε
1347 5536 1470 5590 μου·
1927 5503 2004 5648 (ἐξ
2032 5503 2473 5648 iuuatur.
2501 5586 2552 5624 τ,
2581 5584 2636 5635 γ.

274 5563 341 5602 (ιιι
395 5563 489 5587 uas
526 5563 648 5602 ιμιιι
675 5563 862 5596 ιιυιιγν,
902 5563 987 5594 ..μ
1024 5563 1315 5593 ...κρυ-νη...
1347 5563 1470 5590 Γ--.

274 5604 346 5674 (5)
367 5602 718 5674 Θελήσουσιν,
749 5607 878 5659 etc.,
907 5595 963 5646 ἐν
995 5593 1097 5657 σοί,
1129 5598 1234 5648 etc.
1606 5669 1613 5674 -

1930 5563 2004 5648 (8)
2032 5575 2291 5647 Γνωρίσει
2320 5581 2400 5624 σοι
2425 5569 2473 5622 δ.
2501 5586 2552 5624 τ.
2581 5584 2636 5635 γ.
2666 5566 2799 5619 πᾶσι
2831 5563 2963 5627 τοῖς,
2987 5569 3096 5619 etc.

1932 5648 2004 5674 .m
2042 5644 2527 5674 ἰιι-..-νιιηιῖηευομ-

293 5648 344 5741 ξς
373 5648 828 5741 ῖᾷέξξξίρτξάἇςῩ
868 5648 877 5659 ’
1085 5648 1095 5657 '
1606 5669 1613 5675 ε
1930 5648 2547 5741 ιε’λςλὲῖιοξκξιίιῖὲειξξὶΐε·

273 5672 760 5814 ίέἔνὲίέἲῗέίὲἷΐιῗὲῖ
1606 5672 1613 5675 “
1930 5672 2509 5787 ὶῖὸ)¹σῖ³ἓῗῗέ;ἒῖξξξῖέὶ
