3748 6282
331 267 478 328 ’1085
1183 265 1238 319 5.
1279 262 1655 319 ATllANASll
1689 261 1811 320 OPP

2095 259 2183 316 lll.
2211 290 2281 301 —
2314 252 2719 312 EXEGETICA.
3424 235 3569 292 1084

405 384 496 438 41.
534 381 599 436 Ut
623 380 943 436 annuntient
973 378 1029 432 in
1057 378 1187 432 Sion
1220 393 1416 432 nomen
1440 378 1676 433 Domini.

1939 388 1985 442 Α
2078 377 2167 431 41.
2203 373 2308 426 Τοῦ
2331 370 2646 440 ἀναγγεῖλαι
2669 369 2726 421 ὲν
2747 363 2884 418 Σιὼν
2907 362 2967 415 τὸ
2986 359 3154 432 ὄνομα
3179 356 3385 429 Κυρίου
3404 397 3419 423 ,

410 475 502 532 42.
537 472 602 526 Et
634 473 850 526 laudem
875 471 996 540 ejus
1021 469 1074 523 in
1103 467 1462 527 Hierusalem.

2083 469 2172 524 42.
2204 465 2311 519 Ka‘t
2337 463 2436 534 τὴν
2472 463 2674 517 ατνεσιν
2696 456 2858 513 αὑτοῦ
2882 458 2938 508 ὲν
2971 451 3341 525 Ἰερουσαλήμ.

411 565 501 619 45.
534 562 593 618 In
625 539 996 618 conveniendo
1034 559 1264 630 populos
1290 559 1342 613 in
1379 573 1569 626 unum,
1603 567 1658 614 et
1681 574 1832 629 reges
1854 575 1886 614 u

2087 560 2170 614 45.
2206 560 2294 612 Ἐν
2338 555 2415 626 τῷ
2463 548 2881 619 ὲπισυναχθῆναι
2935 544 3098 607 λαοὺς
3144 543 3237 595 ἐπὶ
3284 541 3346 595 τδ
3393 539 3567 604 αὐτὸ,

342 656 584 711 serviant
617 654 875 710 Domino.
1519 701 1525 706 .

2010 648 2152 722 [καὶ]
2187 647 2260 720 (a)
2290 645 2527 718 βασιλεῖς
2559 639 2650 693 τοῦ
2676 637 2939 691 δουλεύειν
2967 635 3046 706 τῷ
3075 633 3284 704 Κυρίῳ.

411 749 502 804 44.
535 747 836 818 Respondit
860 749 909 802 ei
943 746 998 800 in
1027 746 1114 800 via
1141 746 1359 801 virtutis
1381 760 1494 800 suae
1530 764 1543 799 :

2080 741 2176 794 44.
2207 735 2508 808 Ἀπεκρίθη
2534 733 2680 803 αὐτῷ
2709 734 2764 786 tv
2786 729 2892 800 όδῷ
2921 726 3104 799 ἰσχύος
3124 723 3286 780 αὑτοῦ
3308 739 3326 758 ο

410 838 500 893 45.
532 837 862 892 Paucitatem
893 836 1101 892 dierum
1136 850 1383 890 meorum
1417 835 1606 889 nuntia
1635 834 1792 888 mihi.

2087 830 2170 884 45.
2203 828 2314 900 Τὴν
2326 827 2610 896 ὀλιγότητα
2627 823 2733 876 τῶν
2762 823 2864 892 ήμε
2875 819 2982 892 ρῶν
3003 835 3103 890 μου
3115 818 3319 886 avem
3328 817 3436 870 ιλόν
3454 834 3567 887 μοι.

411 928 498 983 46.
531 926 610 982 Ne
636 943 854 983 revoces
881 942 970 982 me
995 926 1050 980 in
1087 926 1311 981 dimidio
1356 926 1570 980 dierum
1612 939 1858 979 meorum

2081 918 2169 973 46.
2204 917 2296 986 Μὴ
2333 914 2613 986 ἀναγάγῃς
2648 927 2713 982 με
2745 910 2803 962 tv
2825 908 3010 979 ἡμίσει
3041 906 3260 978 ἡμερῶν
3294 923 3394 977 μου
3421 923 3437 938 ο

410 1021 501 1074 47.
529 1020 586 1074 1η
616 1021 1021 1090 generationem
1047 1018 1457 1089 generationum
1491 1016 1620 1070 anni
1652 1016 1752 1070 tui.

1592 1016 1620 1069 ιί
1652 1016 1752 1070 tui.
2079 1010 2168 1062 47.
2215 1009 2303 1060 ’Ev
2326 1007 2487 1075 γενεᾷ
2517 1003 2716 1073 γενεῶν
2746 1001 2814 1055 τὰ
2840 1001 2932 1070 ἐτη
2959 1017 3072 1053 σου.

411 1110 501 1164 48.
536 1087 697 1166 Initio
726 1121 806 1176 tu,
844 1087 1090 1174 Domine,
1121 1119 1328 1164 terram
1360 1105 1598 1162 fundasti
1631 1125 1644 1161 :

2087 1099 2167 1152 48.
2202 1100 2338 1152 Κατ’
2371 1096 2542 1168 ἀρχὰς
2577 1097 2663 1161 σὺ,
2687 1093 2880 1164 Κύριε,
2905 1090 3004 1154 τὴν
3028 1089 3132 1159 γῆν
3164 1087 3528 1158 ἐθεμελίωσας
3550 1102 3567 1118 ·

415 1199 504 1254 49.
537 1199 606 1253 Et
631 1214 794 1268 opera
818 1215 1076 1254 manuum
1106 1207 1324 1252 tuarum
1352 1203 1480 1252 sunt
1510 1197 1654 1251 cceli.

2080 1190 2167 1244 49.
2194 1188 2306 1243 Καὶ
2334 1187 2594 1260 ἐργατῶν
2625 1184 2822 1255 χειρῶν
2859 1181 2951 1235 σού
2986 1183 3121 1234 εἰσιν
3150 1182 3198 1232 οἱ
3223 1179 3459 1251 οὐρανοί.

417 1291 504 1346 50.
532 1291 636 1360 lpsi
669 1293 923 1362 peribunt
953 1309 965 1346 :
992 1299 1048 1346 tu
1077 1299 1260 1346 autem
1292 1305 1579 1360 permanes
1611 1307 1623 1342 :

2083 1281 2168 1336 50.
2202 1281 2366 1333 Αὐτοὶ
2389 1276 2738 1331 ἀπολοῦνταγ
2767 1276 2830 1328 σὺ
2857 1273 2913 1326 δὲ
2934 1271 3225 1342 διαμένεις·

417 1383 506 1436 51.
540 1382 606 1437 Ει
625 1399 815 1440 omnes
844 1384 985 1439 sicut
1014 1387 1393 1438 vestimentum
1429 1387 1788 1435 veterascent.

2081 1370 2167 1424 51.
2196 1370 2305 1422 Καὶ
2325 1369 2523 1431 πάντες
2555 1367 2629 1430 ὡς
2656 1365 2866 1436 ἱμάτιον
2900 1363 3380 1433 παλαιωθήσονται.

416 1473 507 1532 52.
539 1473 604 1530 Ει
633 1479 776 1530 sicut
797 1475 1132 1546 opertorium
1160 1484 1341 1531 vertes
1370 1488 1487 1538 eos,
1520 1481 1576 1527 et
1620 1471 1896 1526 mutabun-

2093 1463 2174 1517 52.
2209 1464 2320 1516 Καὶ
2353 1460 2486 1514 ὡσεὶ
2517 1457 2858 1531 περιϐόλαιον
2884 1454 3076 1522 ἑλίξεις
3105 1454 3321 1518 αὐτοὺς,
3349 1452 3446 1506 καὶ
3478 1452 3573 1504 ἁ).-

347 1575 476 1621 tur:

2012 1553 2151 1624 λαγὴ
2159 1570 2337 1605 σονται
2363 1567 2378 1582 ⁸

415 1656 506 1710 55.
535 1655 615 1711 Τιι
641 1666 824 1711 autem
852 1657 995 1712 idem
1027 1657 1143 1726 ipse
1167 1671 1248 1722 es,
1273 1663 1329 1711 et
1360 1654 1489 1710 anni
1525 1653 1605 1709 tui
1633 1669 1742 1709 non
1778 1652 1895 1708 deﬁ-

415 1755 486 1782 In!

2093 1641 2172 1694 55.
2201 1641 2271 1693 Σὺ
2301 1639 2359 1692 δὲ
2394 1640 2424 1692 ό
2455 1635 2614 1699 αὐτὸς
2656 1634 2726 1702 εί,
2773 1634 2869 1687 καὶ
2897 1631 2967 1686 τὰ
3001 1631 3093 1703 ἔτη
3142 1648 3234 1684 σου
3269 1632 3367 1684 οὐκ
3401 1630 3573 1684 ἐκλεί-

2093 1747 2230 1782 υσιν.

345 1747 509 1800 cient.
1941 1732 1990 1782 Β
2015 1732 2230 1801 ψουσινο

2087 1820 2173 1874 54.
2211 1821 2272 1872 Οἱ
2299 1818 2406 1870 uio).
2429 1816 2537 1869 τῶν
2563 1813 2762 1867 δούλων
2793 1831 2886 1867 σου
2917 1809 3396 1884 κατασκηνὼσουσι
3418 1825 3434 1840 ⁸

2090 1911 2178 1966 55.
2208 1910 2320 1964 Καὶ
2361 1909 2421 1961 τὸ
2467 1907 2687 1979 σπέρμα
2721 1905 2897 1959 αὐτῶν
2933 1907 3012 1968 είς
3041 1905 3131 1959 τὸν
3163 1902 3332 1957 αίῶνα
3374 1917 3576 1955 κατευο

2009 2003 2346 2063 θυνθήσεται.

422 1838 512 1892 54.
537 1837 660 1892 Filii
684 1853 962 1894 servorum
995 1848 1213 1894 tuorum
1243 1838 1602 1893 habitabunt:

418 1929 504 1983 55.
532 1928 599 1984 Et
625 1945 808 1986 semen
841 1946 1030 1986 eorum
1055 1932 1109 1986 in
1132 1931 1388 1987 saeculum
1423 1929 1704 1999 dirigetur.

421 2188 493 2257 (α)
529 2189 681 2247 vers-
717 2190 804 2256 45,
839 2192 948 2244 καὶ
975 2189 1232 2262 βασιλεῖς,
1265 2199 1368 2247 etc.
1391 2189 1526 2245 Vers
1541 2189 1633 2255 44,
1681 2187 1901 2258 ’Δπεκρὲ

668 2231 681 2244 .
717 2190 804 2256 45,
839 2192 948 2244 Καὶ
975 2189 1232 2262 βασιλεῖς,
1265 2199 1368 2247 etc.
1391 2189 1526 2245 Vers
1541 2189 1633 2255 44,
1681 2187 2001 2258 ’Δπεκρίθη,
2041 2193 2146 2241 etc.

1461 2340 1838 2396 ATHANASII
1877 2334 2466 2393 INTERPRETATIO.

415 2500 504 2554 41.
538 2501 610 2558 Ut
642 2505 1026 2574 pradicaretur
1083 2507 1137 2560 in
1185 2508 1389 2563 mundo
1441 2512 1788 2576 peccatorum
1828 2516 1895 2557 re

2095 2498 2170 2554 ll.
2206 2498 2312 2552 Τοῦ
2335 2496 2676 2567 κηρυχθῆναι
2701 2495 2759 2549 tv
2781 2495 2848 2565 τῇ
2884 2491 3173 2564 οἰκουμένῃ
3187 2491 3377 2558 ἄφεσιν
3396 2489 3575 2560 ἀμαρο

347 2591 540 2646 missio
563 2592 617 2646 in
640 2595 858 2648 nomine
893 2593 1108 2649 Domini
1139 2595 1311 2651 nostri
1342 2593 1474 2650 Jesu
1496 2591 1725 2648 Christi.

2093 2591 2138 2644 ὂν
2158 2593 2214 2644 tv
2246 2589 2326 2660 τῷ
2349 2591 2571 2660 ὀνόματι
2597 2586 2689 2642 τοῦ
2712 2587 2917 2657 Κυρίου
2943 2583 3098 2654 ἡμῶν
3123 2579 3296 2652 Ἰησοῦ
3310 2579 3573 2652 Χριστοῦ.

417 2683 508 2738 42.
537 2682 594 2738 ln
617 2701 848 2756 superna
873 2684 1231 2741 Hierusalem.

2077 2682 2166 2738 4‘2.
2204 2683 2291 2735 ’Ev
2311 2684 2376 2753 τῇ
2408 2681 2520 2736 ἄνω
2560 2677 2932 2750 Ἰερουσαλήμ.

419 2771 511 2830 45.
543 2773 601 2830 In
631 2779 1002 2832 conveniendo
1023 2788 1208 2848 gentes
1231 2794 1328 2848 per
1348 2774 1810 2848 praedicationem.

2079 2773 2170 2828 45.
2215 2773 2302 2827 Ἐν
2333 2772 2410 2842 τῷ
2442 2772 2614 2825 ὲλθεῖν
2643 2769 2731 2822 διὰ
2759 2769 2852 2822 τοῦ
2884 2768 3236 2839 κηρύγματος
3261 2767 3330 2820 τὰ
3355 2765 3510 2836 ἔθνη.

419 2866 509 2922 44.
538 2869 1208 2943 Auscullaveruntgentes
1241 2869 1471 2925 Domino
1501 2867 1770 2926 credendo
1798 2882 1899 2938 past

2093 2864 2168 2918 l4.
2205 2862 2281 2934 (l)
2342 2864 2686 2933 Ὑπήκουσαν
2734 2857 2802 2913 τὰ
2846 2859 2970 2928 ἔθνη
3021 2859 3098 2929 τῷ
3137 2859 3324 2930 Κυρίῳ
3392 2857 3573 2910 πίστει

348 2957 558 3014 sionem
591 2961 731 3031 ejus.

2009 2953 2102 3008 τοῦ
2136 2954 2339 3017 πάθους
2360 2951 2548 3008 αὐτοῦ.

415 3050 502 3105 45.
529 3051 774 3107 Concede
795 3053 947 3118 mihi,
979 3061 1033 3106 te
1057 3051 1341 3123 deprecor,
1365 3061 1426 3106 ut
1448 3067 1673 3122 prorsus
1692 3064 1895 3120 persua‘

2088 3047 2168 3102 45.
2201 3047 2401 3116 Δέομαί
2434 3063 2547 3110 σου,
2588 3045 2676 3108 δός
2715 3062 2804 3116 μοι
2842 3042 3338 3114 πληροφορηθῆναι,
3385 3042 3469 3094 ὅτι
3515 3042 3568 3094 αί

346 3158 492 3206 sum,
528 3152 846 3216 certumque
878 3144 1131 3210 habeam,
1173 3161 1379 3216 paucos
1423 3161 1546 3201 esse
1586 3145 1706 3200 dies
1753 3144 1826 3208 hu

1671 3160 1706 3200 ιε
1753 3144 1915 3214 hujus
2008 3138 2212 3211 ἡμέραι
2240 3136 2335 3191 τοῦ
2367 3137 2560 3200 αἰῶνος
2588 3136 2777 3190 τούτου
2801 3135 2976 3188 όλίναι
2998 3133 3151 3186 εἰσίν.

346 3235 550 3289 saeculi.

417 3323 507 3377 46.
532 3322 610 3379 Ne
638 3341 725 3380 me
757 3326 1053 3383 transferas
1093 3329 1162 3383 ab
1193 3329 1298 3386 hoc
1324 3328 1548 3395 mundo,
1592 3329 1897 3400 priusquam

2092 3316 2171 3372 46.
2197 3320 2287 3389 Μή
2319 3336 2386 3389 με
2417 3319 2758 3390 μεταστήσῃς
2785 3316 2892 3371 ἀπὸ
2917 3313 3010 3368 τοῦ
3043 3314 3248 3385 κόσμου
3277 3311 3469 3367 τούτου
3501 3311 3572 3380 μὴ

349 3414 682 3482 impleverim
707 3428 971 3489 praecepta
1004 3429 1114 3475 tua.
1609 3457 1615 3466 ι

1609 3457 1615 3466 ,
2016 3408 2372 3464 τελειώσαντόι
2405 3426 2472 3480 με
2503 3408 2600 3471 τὰς
2631 3408 2848 3469 ἐντολάς
2883 3423 2999 3461 σου.

417 3505 505 3561 47.
536 3505 882 3577 Sempiterni.

2084 3499 2173 3553 47.
2207 3499 2280 3570 (2)
2316 3499 2689 3568 Ἀτελεύτητα.

414 3593 504 3647 48.
543 3591 713 3650 Natus
745 3611 804 3650 es
835 3596 887 3648 iu
919 3603 1083 3651 terra.

2087 3590 2175 3644 48.
2221 3590 2475 3661 Ἐτὲχθης
2508 3591 2599 3642 ὲπὶ
2630 3587 2727 3659 τῆς
2747 3587 2871 3657 γῆς.

416 3682 507 3736 49.
535 3681 639 3749 Qui
669 3683 725 3738 in
755 3699 851 3740 eos
881 3696 1192 3754 assumptus
1221 3700 1303 3742 es.

2083 3683 2172 3738 49.
2206 3682 2312 3736 Τοῦ
2343 3681 2737 3752 ἀναληφθέντος
2768 3682 2824 3733 ὲν
2853 3679 3051 3741 αὐτοῖς.

415 3771 504 3827 50.
526 3771 704 3829 Νονοδ
737 3784 916 3829 autem
947 3776 1135 3839 cmlos,
1163 3785 1217 3831 et
1247 3792 1443 3831 novam
1483 3786 1684 3832 terram
1712 3791 1895 3835 exsuc-

2091 3768 2171 3824 50.
2205 3771 2440 3833 Καινοὺς
2461 3769 2518 3824 δὲ
2543 3768 2822 3840 οὐρανοὺς,
2864 3767 2956 3820 καὶ
2985 3767 3176 3838 καινὴν
3211 3765 3314 3835 γῆν
3349 3769 3571 3838 προσδο-

345 3873 556 3918 ctamus
587 3865 742 3933 juxta
765 3871 915 3919 tuam
942 3867 1384 3935 promissionem.

2013 3860 2197 3930 κῶμεν
2222 3860 2362 3914 κατὰ
2393 3860 2454 3912 τὸ
2478 3859 2798 3930 ἐπάγγελμα
2825 3857 3009 3912 αὐτοῦ.

419 3951 507 4007 51.
539 3951 989 4023 Corrumpentur.

2081 3949 2168 4003 51.
2195 3948 2737 4020 Καταφθαρήσονται.

420 4040 507 4093 52.
544 4039 826 4110 Tanquam
850 4043 985 4097 liber
1014 4044 1136 4098 caeli
1169 4044 1533 4103 involventur.

2073 4041 2159 4095 52.
2191 4040 2580 4111 Είληθήσονται
2609 4039 2685 4109 (5)
2710 4041 2758 4092 οί
2785 4037 3000 4110 οὐρανοὶ
3024 4039 3100 4101 ὡς
3125 4038 3344 4108 βιϐλίον.

421 4127 510 4182 55.
546 4127 628 4183 Tu
684 4138 866 4184 autem
912 4141 965 4187 et
1015 4131 1189 4188 factus
1235 4134 1420 4200 homo,
1451 4136 1593 4190 idem
1637 4151 1694 4191 es
1734 4138 1901 4208 qualis

2095 4131 2168 4184 5'5.
2200 4131 2271 4183 Σὺ
2291 4130 2348 4182 δὲ
2374 4130 2466 4183 καὶ
2497 4129 2784 4199 γενόμενος
2815 4127 2890 4198 (4)
2915 4126 3194 4197 ἅνθρωπος
3238 4129 3266 4180 ό
3318 4125 3478 4187 αὐτὸς
3522 4119 3575 4175 εἴ

347 4233 490 4284 cras,
524 4227 579 4273 et
605 4220 745 4274 sicut
765 4221 977 4276 dierum
999 4223 1326 4295 principium
1363 4241 1472 4280 non
1509 4227 1695 4292 habes,
1718 4228 1827 4283 ita:

2094 4223 2190 4284 οἷος
2212 4217 2299 4292 ἧς,
2331 4222 2424 4274 καὶ
2447 4220 2634 4292 ὥσπερ
2676 4218 2846 4291 ἀρχὴν
2895 4217 3112 4290 ήμερῶν
3150 4219 3248 4272 οὐκ
3290 4217 3454 4287 ἔχεις,
3483 4215 3574 4268 οὖ-

345 4322 452 4377 que
479 4309 601 4363 vitae
629 4311 812 4366 tinem.

2011 4329 2118 4375 τως
2142 4312 2263 4366 οὐδὲ
2291 4311 2434 4384 ζωῆς
2463 4310 2632 4375 τέλος.

415 4399 502 4453 54.
538 4399 641 4466 Qui
669 4411 798 4457 sunt
827 4418 921 4473 per
955 4403 1116 4459 ﬁdem
1141 4407 1234 4461 lilii
1275 4409 1682 4478 prophetarum,
1709 4420 1763 4466 et
1787 4427 1895 4482 apo

2093 4403 2172 4457 54.
2201 4405 2266 4459 Oi
2301 4403 2390 4458 διὰ
2430 4403 2530 4474 τῆς
2573 4401 2809 4465 πίστεως
2844 4402 2948 4454 υἱοὶ
2985 4400 3090 4454 τῶν
3134 4400 3428 4473 προφητῶν
3477 4401 3573 4453 καὶ

344 4489 607 4546 stolarum
640 4493 960 4550 habitabant
991 4496 1047 4550 in
1084 4512 1317 4568 superna
1341 4498 1698 4556 Hierusalem.

2091 4512 2120 4548 ν
2144 4495 2456 4548 ἀποστόλων
2485 4492 2994 4564 κατασκηνώσουσιν
3024 4493 3080 4546 ὲν
3119 4495 3185 4562 τῇ
3213 4492 3324 4546 ἄνω
3373 4489 3571 4560 Ἰερου-

2017 4585 2148 4642 σαλή
2159 4603 2216 4642 μ..

418 4665 504 4719 55.
534 4665 599 4720 Ει
629 4683 789 4737 opera
819 4671 1042 4740 justitiaa
1072 4689 1262 4730 eorum
1298 4676 1691 4746 permanebunt
1720 4675 1774 4730 in
1806 4689 1898 4730 sm-

2088 4587 2115 4636 λ
2202 4627 2216 4642 .

2088 4587 2310 4730 Καὶ
2335 4675 2403 4728 τὰ
2443 4677 2577 4746 ἔργα
2618 4676 2715 4746 τῆς
2761 4673 3102 4745 δικαιοσύνης
3143 4671 3318 4726 at:er
3364 4672 3445 4735 είς
3474 4670 3568 4722 τὸν

345 4757 528 4812 culum
556 4761 965 4830 sempiternum.
2012 4767 2367 4839 ἀτελεύτητον
2394 4769 2565 4822 αἰῶνα
2599 4771 2768 4838 μενεῖ.

1344 4947 1594 5008 ddenda
1636 4953 1698 5009 et
1727 4948 2103 5028 corrigenda
2139 4967 2217 5012 ex
2249 4949 2390 5012 cod.
2421 4947 2622 5010 Vatic.

381 5106 495 5189 ~(l)
519 5104 592 5192 ⁹Ν.
627 5109 717 5164 44.
751 5111 860 5191 Ιξαὶ
904 5114 1028 5200 τοὺς
1069 5111 1303 5202 βασιλεῖς
1343 5114 1435 5166 τοῦ
1491 5115 1772 5171 δουλεῦσαι
1825 5111 1913 5168 διὰ
2079 5113 2154 5256 (2)
2183 5111 2248 5168 Ν.
2279 5113 2369 5174 47,
2394 5112 2480 5166 48.
2519 5111 2580 5166 '0
2601 5111 2812 5200 τεχθεὶς
2833 5112 2923 5197 ἐπὶ
2945 5111 3042 5178 τῆς
3067 5111 3189 5179 γῆς.

347 5195 444 5256 τῇς
472 5194 702 5256 πιστεως
723 5197 800 5252 τῳ
831 5183 1036 5255 Κυριῳ.
1063 5183 1125 5238 Ν.
1159 5183 1247 5239 45.
1307 5185 1654 5255 Υπήκουσαν,
1689 5199 1819 5254 etc.,
1853 5188 1912 5239 tv
2102 5186 2156 5256 5)
2188 5183 2536 5256 Είλιγήσεται
2563 5184 2592 5236 ό
2623 5182 2847 5253 ουρανὺς
2871 5198 2945 5244 ως
2970 5180 3189 5251 βιϐλίον.

403 5180 444 5255 ξς
472 5180 702 5255 πίστεως
723 5181 800 5252 τῷ
831 5183 1036 5255 Κυρίῳ.
1063 5180 1125 5238 Ν.
1159 5183 1247 5239 45.
1289 5185 1654 5255 ’Υπήκουσαν,
1689 5199 1819 5254 etc.,
1853 5188 1912 5239 tv
2080 5180 2156 5255 (5)
2188 5183 2536 5255 Είλιγήσεται
2563 5184 2592 5236 ό
2623 5180 2847 5253 οὐρανὸς
2871 5181 2945 5244 ὼς
2970 5180 3189 5251 βιϐλίον.

347 5195 444 5247 της
472 5189 702 5246 πίστεως
723 5189 800 5252 τῳ
832 5189 1036 5255 Κυρίῳ.
1063 5189 1125 5238 Ν.
1159 5189 1247 5239 45.
1289 5189 1654 5255 ’Υπήκουσαν,
1689 5199 1819 5254 etc.,
1853 5189 1912 5239 tv
2080 5189 2135 5256 (5
2188 5189 2512 5253 Είλιγήσετα

347 5249 416 5316 τῇ
441 5249 640 5303 πίστει.
2082 5189 2156 5327 (4)
2190 5254 2513 5325 Γενὰμενος.
