3748 6282
360 223 487 276 1087
1198 227 1258 282 S.
1299 226 1669 285 ATUANASII
1709 231 1840 288 OPP

2123 236 2198 290 Ill.
2237 263 2308 277 ο-
2347 234 2432 289 EX
2444 234 2753 292 EGETICA.
3449 237 3603 292 1088

424 360 513 416 19.
551 358 668 414 Νοη
711 361 1006 416 secundum
1050 361 1368 432 iniquitates
1396 374 1631 422 .nostras
1677 365 1904 438 [peccat:

2135 348 2186 402 9.
2218 349 2292 401 Οὐ
2329 349 2468 403 κατὰ
2493 351 2592 413 τὰς
2615 350 2844 421 ἀνομίας
2869 347 2889 419 [
2913 347 3213 420 ἁμαρτίας]
3237 349 3390 420 ἡμῶν
3407 350 3607 419 ἐποίη-

359 453 564 524 nostra]
596 451 723 508 fecit
748 453 907 508 nobis
934 471 948 509 :

828 453 948 509 bis:
2023 455 2116 490 σεν
2144 441 2308 510 ἡμῖν·

419 543 510 598 20.
541 540 725 613 Neque
753 543 1054 598 secundum
1090 551 1314 614 peccata
1356 553 1543 600 nostra
1583 544 1899 616 [iniquitates

2121 530 2180 583 10.
2213 529 2346 583 Οὐδὲ
2399 529 2543 584 κατὰ
2605 529 2704 594 τὰς
2748 529 3026 602 ἁμαρτίας
3079 527 3386 600 [ἀνομίας]
3434 529 3601 601 ἡμῶν

358 644 571 688 nostras
610 635 862 688 retribuit
902 635 1080 689 nobis.

2021 618 2402 674 ἅνταπέδωκεν
2435 623 2586 692 ἡμῖν.

419 724 509 780 21.
538 724 806 791 Quoniam
843 725 1145 780 secundum
1177 725 1518 780 altitudinem
1545 726 1717 782 caelia
1752 735 1895 781 terra

2089 711 2180 764 21.
2217 711 2340 764 Ὅτι
2368 711 2508 764 κατὰ
2530 711 2591 764 τὸ
2622 709 2754 779 ὕψος
2776 710 2869 763 τοῦ
2899 709 3127 782 οὖρανοῦ
3149 709 3256 763 ἀπὸ
3283 708 3383 779 τῆς
3407 709 3537 779 γῆς,

419 814 510 868 22.
543 813 932 868 Corroboravit
976 813 1239 870 Dominus
1286 815 1720 870 misericordiam
1764 831 1899 870 suau

2122 801 2181 856 t2.
2221 803 2593 874 Ἐκραταίωσε
2629 803 2830 874 Κύριος
2871 801 2932 854 τὸ
2963 802 3114 866 ἔλεος
3143 802 3306 856 αὑτοῦ
3345 801 3441 853 ἐπὶ
3468 803 3602 864 τοὺς

357 922 517 976 super
541 905 792 961 timentes
823 921 901 960 se.

2023 893 2188 963 φοϐον
2197 895 2393 964 μένους
2414 893 2591 948 αὐτόν.

419 1001 512 1054 25.
544 999 818 1066 Quantum
841 998 1005 1053 distat
1033 1007 1186 1052 ortus
1217 996 1286 1051 ab
1319 996 1621 1058 occidente,

2093 985 2186 1041 25.
2221 985 2466 1040 Καθόσον
2483 985 2776 1056 ἀπέχουσιν
2799 985 3054 1038 ἀνατολαὶ
3079 983 3186 1038 ἀπὸ
3203 981 3451 1055 δυσμῶν,

420 1089 510 1144 24.
542 1089 724 1161 Longe
749 1089 878 1146 fecit
905 1105 936 1144 a
965 1089 1126 1144 nobis
1156 1088 1469 1158 iniquitates
1496 1099 1732 1144 nostras.

2092 1074 2183 1128 24.
2225 1075 2561 1145 Ἔμάκρυνεν
2590 1077 2682 1144 ἀφ’
2705 1074 2864 1146 ἡμῶν
2884 1074 2984 1138 τὰς
3014 1074 3243 1145 ἀνομίας
3275 1073 3449 1146 ἡμῶν.

421 1181 511 1235 25.
547 1179 830 1246 Quomodo
857 1180 1149 1235 miseretur
1175 1189 1328 1250 pater
1358 1179 1592 1234 ﬁliorum
1625 1197 1639 1234 :

2093 1165 2184 1218 25.
2222 1163 2420 1228 Καθὼς
2451 1165 2708 1236 οίκτείρει
2732 1167 2912 1237 πατὴρ
2942 1165 3119 1230 υἱούςο

419 1274 509 1328 26.
545 1273 798 1329 Misertus
826 1282 911 1329 est
938 1273 1198 1328 Dominus
1228 1273 1547 1326 timentibus
1573 1286 1650 1327 se.

2094 1256 2185 1312 26.
2235 1257 2547 1328 ᾨκτείρησε
2572 1259 2778 1330 Κύριος
2798 1260 2926 1321 τοὺς
2954 1257 3319 1328 φοὸουμένους
3352 1255 3543 1314 αὐτόν.

420 1364 510 1418 27.
537 1364 804 1431 Quoniam
834 1367 948 1434 ipse
985 1365 1239 1436 cognovit
1279 1364 1594 1434 ﬁgmentum
1625 1370 1871 1419 nostrum

1781 1379 1871 1417 um
1906 1380 1921 1416 :
2090 1347 2180 1402 27.
2214 1348 2337 1400 Ὅτι
2367 1349 2527 1413 αὐτὸς
2555 1350 2696 1418 ἔγνω
2723 1351 2784 1404 τὸ
2816 1349 3038 1421 πλάσμα
3069 1349 3219 1421 ἡμῶν
3242 1366 3256 1379 -

421 1456 510 1510 28.
541 1455 873 1512 Recordatus
901 1465 1004 1521 est,
1043 1455 1302 1526 quoniam
1337 1454 1515 1523 pulvis
1544 1469 1758 1510 sumus.

1544 1469 1758 1510 sumus.
2094 1439 2183 1493 28.
2233 1440 2530 1511 Ἐμνήσθη,
2555 1444 2636 1496 ὅτι
2670 1442 2797 1514 χοῦς
2825 1444 3009 1513 ἐσμεν.

420 1548 510 1602 29.
549 1547 722 1603 llomo
747 1549 887 1604 sicut
918 1547 1100 1602 fenum
1131 1548 1247 1603 dies
1276 1548 1434 1616 ejus:

2102 1530 2192 1585 29.
2222 1530 2543 1602 Ἀνθρωπος
2577 1534 2708 1586 ὡσεῖ
2736 1535 2927 1605 χόρτος
2957 1535 3012 1586 at
3050 1531 3254 1603 ἡμέραι
3282 1528 3447 1584 αὑτοῦ
3474 1544 3490 1560 ⁸

421 1637 510 1693 50.
533 1637 816 1708 Tanquam
844 1638 944 1694 llos
971 1639 1086 1708 agri
1115 1641 1196 1693 sic
1217 1638 1502 1693 etllorebit.

2095 1623 2184 1677 50.
2233 1623 2377 1677 Ὠσεὶ
2404 1624 2562 1689 ἄνθος
2595 1625 2690 1679 τοῦ
2723 1625 2892 1698 ἀγροῦ
2918 1625 3087 1688 οὕτως
3117 1622 3419 1694 ἐξανθὴσει.

423 1731 514 1784 51.
541 1730 814 1798 Quoniam
839 1730 1066 1801 spiritus
1110 1732 1460 1801 pertransibit
1495 1730 1547 1784 in
1581 1729 1694 1796 illo,
1726 1737 1779 1784 et
1818 1742 1903 1783 non

427 1823 612 1864 licium
647 1842 659 1853 -

2117 1710 2189 1763 Sl.
2221 1711 2344 1763 Ὅτι
2375 1713 2590 1784 πνεῦμα
2620 1714 2832 1785 διῆλθεν
2873 1717 2930 1767 ἐν
2965 1712 3132 1784 αὐτῷ,
3162 1713 3255 1766 καὶ
3293 1713 3391 1782 οὐχ
3424 1712 3597 1784 ὑπάρ-

357 1823 615 1878 subsistet
647 1842 659 1877 :

2028 1816 2106 1864 ςει
2135 1817 2148 1830 υ

425 1912 514 1967 52.
551 1911 617 1966 Ει
647 1927 751 1966 non
783 1922 1079 1983 cognoscet
1109 1913 1341 1982 amplius
1364 1914 1542 1967 locum
1569 1928 1751 1967 suum.

2096 1889 2184 1944 52.
2222 1889 2334 1943 Καὶ
2359 1889 2460 1942 οὐκ
2481 1889 2843 1960 ἐπιγνώσεται
2873 1890 2953 1944 ἔτι
2980 1892 3072 1947 τὸν
3110 1894 3268 1946 τόπον
3301 1891 3489 1945 αὐτοῦ.

423 2004 512 2058 55.
544 1981 918 2060 Misericordia
969 2015 1149 2060 autem
1200 1981 1420 2059 Domini
1472 2005 1540 2058 ab
1589 2012 1817 2070 aeterno,
1876 2019 1903 2058 e

2119 1982 2180 2035 33.
2217 1981 2289 2034 Τὸ
2314 1981 2372 2034 δέ
2407 1981 2554 2045 ἔλεος
2580 1981 2674 2035 τοῦ
2724 1983 2932 2054 Κυρίου
2983 1983 3090 2037 ἀπὸ
3137 1983 3230 2036 τοῦ
3276 1982 3473 2047 αἰῶνος
3508 1981 3599 2035 καὶ

359 2111 528 2165 usque
557 2097 611 2150 in
643 2106 903 2152 aeternum
933 2112 1097 2166 super
1125 2096 1378 2152 timentes
1407 2111 1554 2151 eum.

2023 2073 2126 2137 ἕως
2150 2072 2243 2126 τοῦ
2276 2072 2472 2136 αἰῶνος
2495 2074 2586 2125 ἐπὶ
2606 2075 2732 2139 τοὺς
2756 2075 3127 2146 φοὸουμένους
3159 2074 3338 2128 αὐτόν.

424 2164 514 2242 54.
546 2186 611 2241 Ει
629 2188 840 2258 justilia
870 2164 1016 2243 illius
1049 2189 1102 2242 in
1136 2189 1278 2244 ﬁlios
1307 2188 1564 2254 ﬁliorum,

2099 2164 2186 2218 54.
2217 2165 2326 2217 Καὶ
2349 2165 2381 2236 ἡ
2406 2165 2714 2237 δικαιοσύνη
2745 2166 2907 2220 αὑτοῦ
2951 2167 3043 2219 ἐπὶ
3076 2167 3210 2229 υἱοῖς
3235 2166 3388 2232 υἱῶν,

427 2278 518 2333 55.
553 2278 649 2335 llis
675 2282 767 2350 qui
798 2290 1018 2336 servant
1040 2291 1418 2336 testamentum
1450 2280 1589 2351 ejus,

2097 2257 2185 2310 55.
2219 2257 2343 2321 Τοῖς
2370 2257 2699 2326 φυλάσσουσι
2728 2259 2826 2330 τὴν
2855 2259 3117 2330 διαθήκην
3150 2259 3312 2313 αὑτοῦ
3342 2300 3356 2324 ,

430 2368 522 2426 56.
552 2368 617 2424 Ει
640 2347 910 2428 memores
945 2382 1071 2428 sunt
1097 2347 1493 2427 mandatorum-
1515 2371 1709 2441 ipsius,
1740 2370 1806 2426 ad
1851 2369 1910 2426 fa

2119 2347 2185 2402 36.
2224 2348 2335 2401 Καὶ
2367 2351 2736 2420 μεμνημένοις
2759 2349 2868 2404 τῶν
2886 2350 3111 2403 ἐντολῶν
3130 2349 3314 2413 αὑτοῦ,
3335 2349 3429 2402 τοῦ
3446 2352 3599 2421 ποιῆ-

358 2459 610 2513 ciendum
641 2476 724 2514 ea.

1535 2438 1553 2441 ’
2031 2454 2120 2491 σαι
2148 2438 2337 2501 αὐτάς.

428 2546 516 2600 57.
547 2545 811 2604 Dominus
848 2549 903 2604 in
935 2551 1073 2607 cmlo
1103 2552 1316 2622 paravit
1346 2549 1531 2606 sedem
1552 2565 1706 2606 suam
1734 2569 1746 2606 :

2116 2527 2181 2580 i7.
2209 2525 2412 2598 Κύριος
2431 2529 2486 2582 ἐν
2502 2527 2578 2597 τῷ
2598 2528 2813 2599 οὐρανῷ
2829 2529 3093 2600 ἡτοίμασε
3106 2530 3195 2584 τὸν
3209 2531 3394 2602 θρόνον
3413 2531 3596 2587 αὐτοῦ’

425 2637 513 2692 58.
547 2638 613 2693 Ει
641 2655 864 2712 regnum
891 2643 1058 2713 ipsius
1089 2619 1343 2699 omnibus
1371 2641 1713 2696 dominatur.

2094 2619 2181 2674 58.
2214 2621 2380 2691 Καὶή
2414 2619 2660 2690 βασιλεία
2689 2619 2855 2674 αὑτοῦ
2885 2621 3101 2676 πάντων
3133 2620 3401 2686 δεσπόζει.

426 2730 513 2785 59.
544 2711 848 2788 Benedicite
867 2711 1119 2799 Domino,
1149 2750 1339 2790 omnes
1362 2735 1538 2805 angeli
1571 2734 1711 2803 ejus,

2119 2711 2186 2766 i9.
2224 2711 2506 2781 Εὑλογεῖτε
2528 2713 2618 2766 τὸν
2641 2712 2866 2784 Κύριον,
2887 2712 3086 2778 πάντες
3105 2713 3156 2767 οί
3179 2714 3599 2784 ἄηελοιαὺτοῦ,

425 2823 514 2879 40.
549 2824 802 2882 Potentes
827 2827 1022 2883 virtute
1052 2827 1315 2883 facientes
1341 2803 1567 2882 verbum
1592 2825 1761 2890 illius,

2103 2803 2190 2858 ιο.
2219 2805 2444 2858 Δυνατοὶ
2469 2805 2613 2875 ίσχύῖ
2649 2804 2931 2870 ποιοῦντες
2967 2807 3057 2860 τὸν
3084 2805 3240 2876 λόγον
3267 2807 3457 2876 αὑτοῦ,

1475 3000 1849 3057 ATHANASII
1900 3001 2474 3058 lNTERPRETATlO.

430 3169 522 3226 l9.
552 3166 668 3222 Non
720 3167 921 3222 oblitus
971 3176 1056 3221 est
1094 3168 1290 3236 nostri,
1339 3168 1800 3239 quemadmodum
1835 3186 1910 3225 uo:

2124 3166 2191 3221 l9.
2219 3164 2334 3220 Οὗκ
2359 3165 2654 3219 ἐπελάθετο
2703 3166 2877 3237 ἡμῶν,
2921 3163 3102 3228 καθὼς
3139 3167 3300 3237 ἡμεῖς
3343 3167 3604 3223 ἐπελαθό-

358 3262 478 3332 ejus
507 3260 659 3314 obliti
691 3274 883 3313 sumus
911 3258 966 3310 in
1001 3259 1261 3327 peccatis.

2037 3257 2175 3329 μεθα
2205 3254 2375 3310 αὑτοῦ
2399 3259 2455 3310 ἐν
2487 3260 2606 3320 ταῖς
2641 3257 2955 3328 ἁμαρτίαις.

427 3352 519 3407 20.
547 3350 735 3423 Neque
763 3352 840 3408 ita
868 3350 1014 3416 fecit,
1046 3351 1509 3421 quemadmodum
1540 3352 1688 3424 digni
1717 3369 1907 3410 sumus

2126 3353 2189 3408 20.
2217 3351 2352 3406 0)ιέ
2379 3351 2560 3417 καθὼς
2605 3351 2744 3417 ἄξιοί
2790 3351 2957 3422 ἐσμεν
3004 3347 3096 3404 τοῦ
3129 3348 3479 3422 βδελυχθῆναι
3509 3352 3606 3405 ἀπ’

362 3456 418 3500 ut
452 3459 552 3501 nos
582 3445 696 3516 ipse
725 3443 1153 3499 abominaretur.

2031 3445 2218 3512 αὑτοῦ,
2239 3443 2340 3498 0'37.
2364 3446 2584 3517 ἐποίησε
2611 3443 2787 3498 τοῦτο.

427 3522 517 3601 21,
547 3535 636 3591 22.
684 3535 1007 3591 lmmensam
1050 3546 1106 3590 et
1141 3535 1572 3606 investigabilem
1615 3537 1907 3593 misericors

2128 3538 2192 3601 ll,
2216 3537 2312 3591 22.
2353 3537 2681 3610 Ἀμέτρητον
2711 3537 2805 3589 καὶ
2847 3535 3246 3607 ἀνεξιχνίαστον
3289 3535 3608 3609 ἐδωρήσατο

358 3628 502 3684 diam
533 3629 792 3699 elargitus
819 3636 904 3683 est
936 3628 1255 3684 timentibus
1288 3646 1436 3688 eum.

2031 3631 2177 3694 ἔλεος
2206 3631 2281 3702 (1)
2315 3647 2432 3695 τος
2459 3629 2812 3704 φοϐουμένοις
2837 3630 3017 3683 αὐτόν.

427 3721 518 3786 25,
552 3719 640 3774 24.
675 3717 786 3775 Nos
815 3719 961 3774 enim
996 3721 1133 3776 lueis
1169 3722 1313 3779 tilios
1342 3723 1543 3790 cll‘ecit,
1577 3733 1798 3795 peccata
1835 3740 1904 3779 au

2127 3726 2190 3783 ιδ,
2225 3720 2314 3773 24.
2359 3719 2537 3790 Ἦμᾶς
2561 3722 2669 3790 γὰρ
2713 3718 2863 3780 υἱοὺς
2899 3717 3073 3786 φωτὸς
3108 3715 3381 3781 ἀνέδειξε,
3417 3716 3517 3779 τὰς
3549 3715 3607 3770 δὶ

363 3825 467 3868 tem
501 3823 688 3868 nostra
713 3813 960 3868 dissolvit
987 3815 1038 3868 in
1065 3815 1355 3884 baptismo.

2034 3814 2307 3887 ἁμαρτίας
2335 3812 2490 3884 ἡμῶν
2519 3811 2812 3866 κατέλυσεν
2845 3811 2902 3861 ἐν
2933 3807 3010 3879 τῷ
3043 3807 3396 3879 βαπτίσματι.

430 3905 522 3966 25,
550 3905 639 3960 26.
674 3905 899 3976 Propter
930 3907 1310 3963 miserationes
1343 3911 1460 3978 ejus
1494 3923 1692 3978 passus
1723 3916 1807 3963 est
1838 3923 1910 3979 pri

2124 3913 2194 3976 l5,
2225 3912 2316 3966 26.
2336 3909 2481 3982 [Διὰ]
2501 3909 2581 3963 Τὰ
2612 3906 2895 3978 σπλάγχνα
2926 3905 3089 3961 αὐτοῦ
3127 3905 3328 3959 ἔπαθον
3356 3904 3432 3977 (2)
3461 3904 3604 3975 ὑπὲρ

362 3997 542 4052 nobis.

2038 4003 2212 4056 ήμῶν.

431 4021 542 4052 ιυιδο

431 4085 522 4151 27,
553 4084 642 4140 28.
675 4084 942 4151 Quoniam
975 4093 1119 4140 terra
1145 4095 1199 4142 et
1228 4086 1406 4156 pulvis
1431 4102 1642 4144 sumus.

1637 4130 1642 4141 .
2038 4021 2312 4157 ημέῗέε.
2346 4093 2466 4146 Ὅτι
2497 4091 2568 4162 γῆ
2596 4090 2690 4144 καὶ
2718 4089 2908 4152 σποδός
2933 4089 3117 4159 ἐσμεν.

431 4175 523 4230 29.
552 4174 908 4240 Germinavit,
936 4174 1138 4240 ﬂoruit,
1170 4178 1405 4232 exaruit.

2104 4186 2196 4242 29.
2232 4184 2595 4256 Ἐὅλὰστησεν
2631 4184 2727 4254 (5),
2757 4182 3010 4255 ἡνθησεν,
3038 4178 3327 4251 ἐξηράνθη.

432 4265 520 4320 50.
554 4265 798 4328 Ditescit,
829 4275 882 4322 et
909 4268 1246 4338 gloriﬁcatur
1269 4269 1322 4323 in
1351 4270 1460 4326 vita
1497 4286 1618 4327 sua.

2106 4275 2196 4329 50.
2233 4275 2481 4339 Πλουτεῖ,
2523 4276 2618 4328 καὶ
2647 4263 2925 4337 δοξάζεται
2950 4271 3008 4325 ἐν
3038 4273 3104 4342 τῇ
3139 4271 3248 4340 ζωῇ
3283 4267 3462 4322 αὐτοῦ.

303 4433 306 4436 ρ
433 4356 524 4412 51.
553 4359 820 4424 Quoniam
864 4359 1091 4427 angelus
1134 4362 1522 4430 superveniens
1563 4363 1766 4434 accepit

2127 4369 2191 4422 il.
2226 4369 2350 4420 Ὅτι
2399 4366 2627 4436 ἄγγελος
2681 4363 2910 4428 ἐπιστὰς
2954 4363 3030 4435 (4)
3069 4361 3241 4433 ⁵ἔλασε
3284 4360 3382 4432 τὴν
3428 4359 3607 4436 ψυχὴν

365 4465 509 4504 mam
539 4450 709 4516 illius,
749 4458 804 4506 et
834 4450 1055 4506 defecit.

2040 4459 2227 4526 αὑτοῦ,
2255 4459 2351 4512 καὶ
2373 4458 2635 4523 ἐξέλιπεν.

435 4541 522 4594 52.
551 4539 617 4594 Et
643 4557 751 4595 non
782 4543 1018 4612 amplius
1040 4542 1351 4597 revertitur.

1962 4548 2006 4604 D
2105 4552 2192 4609 52.
2226 4550 2329 4605 Καὶ
2357 4551 2457 4604 οὐκ
2488 4551 2562 4624 (5)
2589 4550 2668 4604 ἔτι
2697 4547 3117 4620 ὑποστρέφεται.

433 4632 522 4686 55.
550 4631 754 4698 Gratia,
788 4642 844 4688 et
875 4634 1183 4706 benignitas
1207 4637 1344 4707 ejus.

2103 4645 2190 4699 55.
2235 4645 2301 4697 Ἡ
2327 4643 2486 4715 χάρις
2515 4643 2610 4697 καὶ
2635 4645 2669 4714 ἡ
2701 4640 3072 4713 φιλανθρωπία
3103 4637 3286 4694 αὑτοῦ.

434 4722 524 4777 54.
554 4722 620 4777 Et
645 4725 934 4780 retributio
957 4727 1096 4796 ejus.

2101 4737 2188 4791 54.
2225 4735 2478 4809 Καὶ(6)ή
2516 4735 2902 4808 μισθαποδοσία
2923 4734 3088 4788 αὑτοῦ

433 4815 522 4884 55,
556 4815 645 4871 56,
681 4815 798 4882 His,
823 4818 916 4887 qui
943 4819 994 4872 ei
1029 4819 1404 4890 beneplaceut.

2107 4827 2198 4892 55,
2227 4827 2318 4884 56.
2343 4829 2466 4893 Τοῖς
2492 4827 2875 4902 εὐαρεστοῦσιν
2910 4826 3076 4897 αὐτῷ.

434 4911 523 4966 57.
556 4909 778 4977 Habuit,
803 4921 858 4967 et
888 4913 1070 4968 habet.

2107 4921 2199 4976 '57.
2230 4917 2376 4992 Εἶχε,
2409 4921 2502 4975 καὶ
2525 4921 2652 4992 ἔχει.

434 5003 523 5058 58.
557 5002 907 5072 C(Bleslibus,
929 5017 984 5061 et
1012 5007 1383 5074 terrestribus,
1420 5015 1474 5062 et
1496 5006 1707 5062 inferis.

2128 5009 2197 5064 58.
2228 5010 2619 5081 Ἐπουρανίων,
2656 5011 2749 5064 καὶ
2784 5011 3062 5078 ἐπιγείων,
3088 5007 3180 5062 καὶ
3213 5005 3608 5077 καταχθονίων.

433 5098 525 5162 59,
548 5097 636 5154 40.
669 5098 998 5155 Obedicntcs
1027 5099 1076 5153 ei
1106 5099 1159 5152 in
1193 5098 1469 5152 omnibus.

2107 5100 2198 5165 59,
2230 5099 2319 5155 40.
2355 5101 2418 5152 Οἱ
2452 5098 2818 5164 ὑπακούοντες
2844 5097 2991 5169 αὐτῷ
3019 5098 3098 5160 είς
3125 5095 3320 5150 πάντα.

1315 5251 1622 5314 Addenda
1673 5259 1734 5314 et
1761 5253 2136 5335 corrigenda
2166 5271 2245 5318 ex
2284 5255 2424 5317 cod.
2449 5253 2650 5316 Vatic.

447 5420 515 5496 Ἃ)
649 5419 813 5496 έλὲος·
2101 5424 2177 5496 (5)
2234 5425 2339 5478 Kal.
2382 5425 2481 5478 οὐκ
2541 5426 2848 5496 ἐπιστραφῇ
2903 5423 3002 5478 οὐκ
3043 5424 3120 5478 ἔτι
3164 5425 3221 5478 ἐν
3267 5421 3347 5495 τῷ
3401 5439 3599 5495 κοσμφ

439 5492 518 5566 (2)
557 5491 822 5566 33133.0“-
1010 5561 1067 5566 __
1268 5565 1284 5566 η
1336 5563 1347 5566 _
1571 5563 1622 5566 __
1718 5564 1725 5566 _
1775 5562 1789 5566 Α
2029 5491 2219 5566 “=05??-

558 5559 1199 5642 :§6)lda?rjss_~4,_~rjbiqasv
1261 5563 1515 5634 ἤνθησεν,
1566 5562 1858 5634 ἐξηράνθη.
2113 5559 2187 5637 (6)
2223 5565 2330 5621 Καί
2356 5565 2523 5622 deest.

443 5631 517 5694 (ι)
558 5629 817 5694 Ἐπιστὰς
841 5632 1002 5696 αὐτῷ.
