3748 6282
376 281 505 337 1001

447 400 498 453 8.
531 397 633 464 Qui
667 396 909 452 ambulat
929 411 1092 466 super
1123 376 1330 466 pcnnas
1355 406 1661 449 ventorum.

446 489 499 542 9.
536 488 637 556 Qui
679 488 807 543 facit
837 487 1060 557 angelos
1085 501 1217 542 suos
1247 486 1477 556 spiritus
1509 504 1524 541 ε

453 581 536 634 10.
571 579 635 635 Ει
681 579 964 635 ministros
1027 593 1158 634 suos
1213 579 1355 649 ignis
1409 578 1614 650 [ignem
1667 576 1949 648 urentem]

377 670 675 727 ﬂammam.

450 765 533 816 11.
562 763 664 830 Qui
689 761 927 818 fundasti
947 771 1148 839 terram
1170 777 1334 832 super
1365 761 1718 816 stabilitatem
1748 774 1906 816 suam
1935 778 1949 813 :

449 854 685 909 12.°Non
725 856 1074 911 in'clinabitur
1099 854 1154 907 in
1182 853 1441 909 saeculum
1470 853 1680 908 saeculi.

447 947 536 1000 13.
562 945 806 1017 Abyssus
836 946 978 1000 sicut
1006 945 1390 999 vestimentum
1419 944 1653 998 amictus
1676 942 1794 1012 ejus
1827 959 1845 995 ι

449 1035 536 1090 14.
570 1038 747 1106 Super
775 1046 986 1091 montes
1019 1035 1244 1089 stabunt
1269 1049 1451 1104 aquae.

451 1129 537 1182 15.
574 1129 653 1183 Ab
679 1128 1052 1197 increpatione
1084 1137 1175 1182 tua
1202 1127 1410 1198 fugient
1444 1144 1458 1180 :

451 1220 538 1273 16.
573 1221 618 1272 A
648 1235 778 1275 voce
803 1219 1029 1274 tonitrui.
1054 1220 1130 1274 tui
1159 1219 1550 1274 formidabunt.

449 1303 538 1358 17.
565 1303 882 1358 Ascendunt
911 1313 1145 1368 montes,
1175 1311 1229 1358 et
1261 1301 1600 1357 descendunt
1622 1297 1825 1368 campi,

449 1396 538 1450 18.
572 1395 627 1449 In
655 1397 857 1462 locum,
887 1411 1056 1467 quem
1077 1393 1317 1450 fundasti
1339 1394 1443 1448 eis.

451 1486 539 1541 19.
572 1485 887 1543 Terminum
913 1487 1164 1563 posuisti,
1198 1501 1359 1555 quem
1396 1499 1505 1540 non
1534 1478 1953 1551 transgredien—

378 1591 467 1636 ῐῑΙΓ
495 1599 510 1636 Ξ

448 1673 538 1727 20.
570 1669 758 1743 Neque
785 1679 1170 1727 convertentur
1201 1669 1414 1740 operire
1442 1677 1670 1724 terram.

1217 280 1274 335 S.
1313 273 1684 334 ATHANASII
1724 276 1874 331 OPP.
1915 271 2094 328 PARS
2137 272 2220 328 Ill.
2262 303 2333 314 -—
2372 267 2782 330 EXEGETICA.

1971 398 2018 453 Α
2115 391 2168 445 8.
2215 391 2272 444 '0
2311 390 2626 463 περιπατῶν
2649 389 2742 442 ἐπὶ
2776 389 3060 459 πτερύγων
3099 387 3340 452 ἀνέμων.

3493 268 3641 320 1002

2122 483 2175 538 9.
2217 484 2276 536 '0
2307 483 2476 537 ποιῶν
2497 485 2620 546 τοὺς
2647 481 2911 552 ἀγγέλους
2939 480 3103 534 αὑτοῦ
3138 481 3426 552 πνεύματα
3447 497 3462 512 ·

2124 577 2209 630 10.
2244 576 2353 630 Καὶ
2382 577 2507 640 τοὺς
2537 575 2881 646 λειτουργοὺς
2917 572 3079 628 αὑτοῦ
3123 575 3290 645 πυρὸς
3315 574 3471 647 [πῦρ
3506 572 3641 644 φλέ-

2053 686 2146 737 γον
2169 667 2186 739 ]
2219 667 2415 736 φλόγα.

2128 760 2214 812 11.
2258 759 2315 811 Ὀ
2343 756 2607 828 θεμελιῶν
2626 755 2721 828 τὴν
2753 758 2856 828 γῆν
2880 757 2971 810 ἐπὶ
2995 757 3090 828 τὴν
3112 758 3407 826 ἀσφάλειαν
3434 759 3636 828 αῦτῆςο

2126 853 2210 905 12.
2238 851 2312 904 υὺ
2345 851 2662 921 κλιθήσεται
2687 852 2765 914 εἰς
2785 851 2876 904 τὸν
2898 849 3066 903 αἰῶνα
3095 851 3188 903 τοῦ
3223 851 3444 916 αἰῶνος.

2125 942 2210 995 15.
2243 943 2510 1006 Ἀϐυσσος
2532 942 2607 1004 ὼς
2637 941 2848 1012 ἱμάτιον
2892 940 2954 992 τὸ
2987 941 3328 1011 περιϐόλαιον
3361 941 3534 998 αὑτοῦ
3565 956 3582 972 ⁸

2124 1027 2212 1081 14.
2263 1029 2386 1081 Ἐπὶ
2413 1030 2520 1083 τῶν
2544 1029 2712 1100 ὀρέων
2745 1029 3029 1099 στήσονται
3056 1029 3238 1082 ὕδατα.

2124 1117 2210 1170 15.
2253 1117 2384 1170 Ἀπὸ
2411 1116 2780 1189 ἐπιτιμήσεως
2804 1135 2895 1170 σου
2928 1117 3248 1186 φεύξονται·

2125 1208 2213 1262 16.
2257 1209 2387 1261 ’Δπὸ
2417 1209 2600 1280 φωνῆς
2630 1209 2856 1280 βροντῆς
2892 1227 2986 1263 σου
3011 1210 3388 1266 δειλιάσουσιν.

2123 1299 2209 1352 17.
2241 1299 2644 1353 Ἀναϐαίνουσιν
2664 1300 2786 1372 ὅρη,
2822 1301 2915 1354 καὶ
2941 1301 3328 1356 καταϐαίνουσι
3357 1303 3542 1368 πεδία,

2124 1389 2209 1444 18.
2244 1389 2336 1454 Εἰς
2363 1390 2456 1443 τὸν
2477 1392 2659 1456 τόπον,
2687 1391 2746 1444 ὃν
2777 1391 3145 1462 ἐθεμελίωσας
3179 1394 3338 1448 αὑτά.

2123 1481 2211 1536 19.
2242 1482 2428 1553 Ὅριον
2455 1481 2598 1547 ἔθου,
2624 1483 2653 1536 ὃ
2683 1483 2745 1536 οὐ
2775 1483 3221 1554 παρελεύσονται*

2123 1657 2211 1712 20.
2236 1659 2368 1714 Οὑδέ
2393 1661 2781 1733 ἐπιστρέφουσι
2812 1663 3049 1733 καλῦψαι
3070 1663 3167 1736 τὴν
3187 1665 3312 1737 γῆν.

1509 1841 1886 1900 ATHANASII
1928 1838 2519 1897 INTERPRETATIO.

450 2031 505 2091 8.
527 2032 628 2100 Qui
649 2029 948 2086 inambulat
974 2030 1028 2086 in
1056 2028 1317 2086 cordibus
1345 2025 1743 2098 apostolorum.

451 2125 506 2187 9.
537 2123 625 2179 10.
654 2121 998 2178 Manifestum
1047 2121 1266 2192 quidem
1309 2129 1411 2186 est,
1452 2118 1596 2189 quod
1631 2116 1804 2173 sancti
1837 2115 1957 2187 ejus

383 2217 607 2286 spiritus
634 2223 780 2280 sunt,
807 2223 861 2269 et
896 2214 1124 2269 virtutes
1156 2213 1530 2268 ministrantes
1562 2210 1610 2265 ei
1643 2208 1784 2280 ignis
1803 2215 1954 2264 sunt.

387 2308 776 2363 Verumtamen
811 2323 1005 2364 sensus
1033 2306 1358 2377 allegoricus
1396 2305 1505 2359 hoc
1534 2302 1822 2374 significat,
1860 2301 1953 2371 qui

383 2396 514 2453 facit
547 2401 932 2454 annuntiantes
977 2399 1308 2454 voluntatem
1352 2411 1507 2452 suam
1551 2393 1862 2465 spirituales
1902 2400 1956 2447 et

383 2489 826 2546 administrantes
861 2491 964 2546 sibi
991 2490 1166 2560 ignem
1209 2489 1618 2544 comburentem
1641 2493 1835 2541 contra
1861 2483 1956 2538 ad-

383 2579 654 2634 versarias
678 2587 991 2650 potestates.
1025 2577 1342 2634 Versiculus
1373 2586 1553 2632 autem
1574 2619 1588 2643 ,
1623 2575 1680 2630 in
1728 2589 1838 2646 quo
1873 2582 1958 2629 est

385 2669 491 2725 hoc
524 2671 740 2742 signum
765 2671 1001 2725 limnisci
1036 2670 1138 2724 sub
1175 2670 1391 2725 duobus
1421 2668 1610 2741 [super
1634 2667 1745 2722 duo
1791 2665 1950 2737 sigla]

383 2758 491 2824 OB,
550 2761 618 2816 ad
662 2761 1000 2832 septuaginta
1033 2763 1170 2817 duos
1227 2761 1555 2830 interpretes
1615 2758 1872 2830 pertinet,
1901 2766 1956 2812 et

383 2869 479 2923 per
510 2855 848 2924 particulam,
876 2871 995 2926 qua:
1023 2863 1145 2925 post
1175 2853 1510 2909 versiculum
1557 2861 1662 2917 est,
1725 2851 1951 2917 indicat;

385 2958 480 3013 per
507 2944 645 2998 duas
673 2953 857 3000 autem
892 2944 1215 3015 punctiones
1238 2984 1254 3008 ,
1285 2943 1399 2998 sive
1433 2951 1653 3012 puucla,
1684 2943 1792 2998 duo
1823 2941 1956 3013 juga

387 3032 515 3106 [duo
559 3036 728 3107 sigla,
759 3052 856 3090 seu
909 3047 1069 3093 notas
1115 3035 1573 3108 compendiarias]
1617 3035 1955 3106 septuaginta

383 3124 615 3179 duorum
666 3127 1019 3196 interpretum
1045 3128 1311 3199 significat
1342 3128 1446 3198 (a).

453 3216 539 3270 11.
568 3215 670 3283 Qui
695 3218 956 3274 mundum
983 3218 1223 3275 fundasti
1246 3223 1300 3274 in
1335 3220 1438 3275 lide
1465 3220 1609 3291 ejus.

1986 2031 2028 2086 Β
2129 2022 2184 2079 8.
2219 2023 2276 2076 '0
2306 2021 2698 2094 ἐμπεριπατῶν
2723 2024 2800 2086 εἰς
2815 2022 2913 2087 τὰς
2930 2024 3151 2096 καρδίας
3165 2026 3272 2080 τῶν
3291 2027 3625 2083 ἀποστόλων.

2125 2115 2179 2176 9,
2216 2114 2302 2170 10.
2342 2115 2509 2186 Δῆλον
2560 2114 2660 2185 μέν
2706 2116 2876 2181 ἐστιν,
2922 2117 3002 2170 ὃτι
3052 2120 3099 2171 οἱ
3152 2119 3295 2186 ἀγιοι
3339 2120 3416 2189 (1)
3460 2121 3628 2176 αὐτοῦ

2056 2205 2350 2276 Πνεῦματά
2379 2207 2506 2269 εἱσι,
2537 2207 2630 2259 καὶ
2651 2207 2704 2259 αἱ
2728 2205 2987 2278 δυνάμεις
3013 2209 3068 2261 αἱ
3099 2207 3174 2279 (2)
3212 2209 3620 2282 λειτουργοῦσαι

2052 2297 2200 2368 αὑτῷ
2225 2298 2335 2370 πῦρ
2379 2299 2537 2351 εἰσιν.
2568 2299 2759 2369 Ὅμως
2813 2302 2847 2370 ἡ
2894 2299 3094 2372 Θεωρία
3148 2302 3304 2356 τοῦτο
3333 2305 3514 2372 λέγει⁹
3568 2306 3628 2359 '0

2055 2388 2224 2443 ποιῶν
2247 2391 2372 2454 τοὺς
2396 2391 2820 2460 ἀναγγέλλοντας
2847 2390 2992 2463 τδ(5)
3010 2393 3251 2465 βούλημα
3275 2396 3439 2450 αὑτοῦ
3463 2415 3628 2450 πνευο

2058 2483 2342 2554 ματικοὺς,
2369 2485 2607 2548 καὶτοὺς
2633 2484 3080 2555 λειτουργοῦντας
3105 2486 3250 2557 αὐτῷ
3287 2488 3399 2558 πῦρ
3428 2489 3628 2558 φλέγον

2055 2573 2196 2629 κατά
2236 2574 2344 2628 τῶν
2401 2575 2655 2630 ἐναντίων
2703 2577 3005 2647 δυνάμεων.
3057 2577 3115 2630 ’0
3145 2577 3322 2650 στίχος
3370 2581 3467 2644 δὲ,
3497 2583 3557 2635 ἐν

2057 2665 2172 2718 ἐστι
2198 2666 2258 2719 τὸ
2281 2670 2506 2738 σημεῖον
2537 2667 2695 2722 τοῦτο
2710 2669 2804 2722 τοῦ
2841 2669 3160 2740 λημνίσκου,
3196 2673 3298 2726 ὑπὸ
3324 2673 3417 2726 δύο
3444 2674 3629 2744 ζυγῶν

2055 2747 2100 2823 ᾦ
2120 2755 2283 2830 [ὑπὲρ
2308 2758 2400 2811 δύο
2422 2756 2643 2830 σιγλῶν]
2666 2760 2774 2813 τῶν
2815 2759 2912 2814 OB’
2927 2763 3270 2832 ἐρμηνευτῶν
3295 2763 3630 2836 εἴρηται,καὶ

2053 2848 2141 2901 διὰ
2171 2849 2272 2919 μὲν
2306 2849 2405 2920 τῆς
2433 2851 2666 2921 κεραίας
2695 2851 2793 2922 τῆς
2825 2851 2962 2924 μετά
2989 2853 3077 2907 τὸν
3113 2854 3292 2926 στίχον
3323 2855 3508 2926 δηλοῖ·
3540 2857 3628 2910 διὰ

2054 2938 2112 2992 δὲ
2146 2939 2253 2993 τῶν
2282 2941 2374 2994 δύο
2422 2942 2663 3013 στιγμῶν
2690 2944 2810 3014 ἦτοι
2841 2944 3094 3016 νύγματα
3123 2945 3490 3019 [νυγμάτων],
3528 2950 3630 3012 τάς

2053 3030 2147 3085 δύο
2171 3029 2338 3100 ζυγάς
2359 3031 2604 3105 [σίγλας]
2637 3033 2745 3088 τῶν
2778 3035 3124 3108 ἐρμηνευτῶν
3171 3038 3467 3108 ἐσήμανεν.
3537 3039 3631 3095 Ita

2055 3123 2112 3176 in
2146 3121 2276 3177 Cod.
2311 3140 2408 3177 ms.
2440 3122 2606 3178 Barb.

2126 3214 2210 3267 11.
2253 3213 2310 3267 '0
2344 3214 2432 3268 τὸν
2475 3215 2677 3287 κόσμον
2738 3216 3074 3289 Θεμελιώσας
3117 3220 3176 3272 ἐν
3222 3219 3300 3290 (1)
3336 3223 3406 3293 τῇ
3450 3222 3633 3276 πίστει

2059 3321 2246 3359 αυτου.

453 3393 542 3449 12.
576 3393 748 3450 Portaa
769 3396 912 3452 enim
941 3395 1097 3453 inferi
1131 3414 1240 3453 non
1267 3398 1651 3470 tprzevalebunt
1689 3396 1948 3454 adversus

2131 3396 2216 3450 η.
2250 3396 2422 3451 Πύλαι
2456 3397 2564 3470 γὰρ
2592 3399 2717 3470 ᾇδου
2749 3413 2809 3453 ου
2840 3402 3221 3472 κατισχύσουσι
3258 3403 3360 3474 τῆς
3390 3405 3629 3470 πίστεως

385 3486 544 3541 ﬁdem
579 3496 750 3541 tuam.

454 3577 542 3634 13.
567 3576 990 3636 Justilieationes
1027 3579 1147 3651 ejus
1181 3581 1344 3654 sicut}
1369 3582 1757 3638 vestimentum
1799 3583 1957 3640 dicit.

453 3669 540 3726 11.
569 3670 626 3724 In
673 3672 904 3728 adventu
956 3675 1338 3744 prophetarum
1390 3675 1711 3732 restiterunt
1763 3691 1957 3732 eorum

386 3762 648 3817 doctrinae
675 3763 968 3820 daemones.

455 3852 541 3906 15.
573 3853 618 3906 A
650 3870 896 3910 sermone
917 3863 1096 3911 autem
1119 3855 1386 3912 adventus
1411 3857 1490 3912 tui
1515 3857 1956 3928 dissipabuntur.

454 4034 544 4091 16.
574 4035 618 4088 Δ
646 4050 775 4090 voce
796 4035 1049 4106 praecepti
1076 4035 1150 4091 tui
1175 4035 1581 4106 dispergentur.

453 4215 539 4269 17.
565 4213 772 4270 Elevati
806 4222 934 4271 sunt
959 4215 1101 4272 sicut
1130 4226 1360 4282 montes,
1397 4223 1452 4271 et
1475 4216 1723 4286 dejecisti
1760 4231 1857 4273 eos
1888 4218 1947 4274 ir.

384 4317 604 4361 terram.

453 4400 538 4455 18.
572 4401 630 4454 In
661 4400 859 4470 ignem,
883 4413 1042 4468 quem
1067 4396 1382 4467 praeparasti
1415 4395 1520 4452 eis.

452 4488 540 4543 19.
569 4489 717 4544 Diem
743 4488 955 4558 iudicii,
981 4503 1146 4558 quam
1179 4501 1286 4541 non
1318 4487 1696 4557 praeteribunt.

2057 3488 2243 3543 αὐτοῦ.

2128 3582 2215 3635 15.
2249 3581 2329 3635 Τά
2360 3581 2705 3654 δικαιώματα
2735 3584 2898 3639 αὑτοῦ
2931 3586 3006 3650 ὡς
3041 3586 3251 3658 ἱμάτιον
3278 3588 3454 3658 λέγει.

2128 3673 2216 3727 14.
2257 3674 2380 3726 Ἐπὶ
2404 3675 2505 3744 τῆς
2535 3677 2835 3748 παρουσίας
2859 3677 2964 3730 τῶν
3000 3681 3291 3752 προφητῶν
3310 3681 3630 3737 ἀνθίσταντο

2055 3765 2121 3834 τῇ
2147 3762 2464 3835 διδασκαλίᾳ
2490 3765 2669 3818 αὐτῶν
2691 3767 2740 3818 οἱ
2766 3767 3038 3838 δαίμονες.

2129 3855 2215 3908 15.
2260 3855 2392 3909 Ἀπὸ
2419 3857 2475 3908 δὲ
2503 3857 2577 3928 (5)
2601 3857 2694 3910 τοῦ
2738 3859 2896 3928 λόγου
2931 3861 3029 3932 τῆς
3058 3861 3356 3927 παοουσίας
3383 3881 3480 3918 σου
3497 3866 3626 3935 ἀφα-

2057 3949 2168 4010 νεῖς
2185 3949 2526 4018 γενήσονται.

2127 4038 2215 4092 16.
2249 4039 2384 4092 Ἀπὸ
2413 4040 2602 4111 φωνῆς
2642 4039 2738 4095 τοῦ
2789 4043 3206 4115 προστάγματός
3248 4063 3343 4099 σου
3379 4047 3629 4119 διαλυθή-

2055 4146 2258 4183 σονται.

2127 4219 2210 4272 17.
2255 4220 2577 4291 ’Υψώθησαν
2609 4223 2685 4287 ὡς
2713 4223 2836 4295 ὅρη,
2878 4224 2971 4278 καὶ
2999 4225 3294 4291 κατέϐαλες
3321 4227 3522 4294 αὐτοὺς
3549 4230 3627 4294 ei;

2053 4309 2150 4380 τὴν
2186 4311 2308 4381 γῆν.

2123 4400 2209 4454 18.
2247 4403 2339 4466 Εἰς
2359 4404 2419 4457 τὸ
2441 4403 2572 4476 πῦρ,
2597 4405 2624 4458 ὃ
2648 4405 2950 4477 ἡτοίμασας
2982 4406 3181 4471 αὐτοῖς.

2123 4491 2210 4546 19.
2237 4493 2345 4564 Τὴν
2371 4496 2578 4567 ἡμέραν
2609 4497 2706 4566 τῆς
2727 4496 2980 4568 κρίσεως,
3002 4498 3068 4567 ἢν
3089 4497 3624 4570 οὐχὺπερϐήσονται.

449 4579 538 4634 20.
571 4579 754 4651 Neque
775 4591 1109 4636 revertentur
1121 4579 1188 4634 ad
1206 4577 1596 4635 dominandum
1621 4579 1676 4634 in
1703 4579 1943 4635 homini-

2125 4583 2208 4640 20.
2223 4586 2357 4638 Οὑδέ
2379 4587 2700 4642 ἀναλύσουσι
2739 4587 3023 4660 κυριεῦσαι
3046 4588 3122 4660 (6)
3142 4589 3253 4643 τῶν
3295 4591 3630 4664 ἀνθρώπων.

381 4668 504 4724 bus.

1333 4813 1638 4879 Addenda
1666 4820 1728 4876 et
1772 4816 2152 4898 corrigenda
2189 4839 2266 4886 ex
2295 4823 2438 4886 cod.
2463 4824 2670 4889 Vatic.

451 5002 532 5116 ιιι
562 5003 834 5116 1W-

637 5115 644 5116 ,
684 5093 698 5116 ι
720 5083 829 5116 smul

454 5075 529 5142 (2)
562 5075 648 5132 Al.
684 5079 852 5128 deest.

555 5143 644 5214 Τῷ
672 5144 986 5215 βουλήματι.

451 5211 527 5286 (4)
566 5211 688 5267 Ἑπὶ
720 5211 1160 5286 τῆν”ἀσφάλειαν
1197 5212 1379 5267 αὐτοῦ.
1433 5211 1556 5266 Mel.
1607 5213 1700 5266 ait.
1746 5213 1912 5270 lectio

2059 5010 2360 5081 ubiwtamen
2388 5013 2673 5081 legendum
2704 5014 2918 5071 videtur
2951 5014 3044 5070 σοῦ
3079 5031 3188 5072 non
3217 5015 3405 5072 αὐτοῦ.

2127 5080 2203 5153 (5)
2236 5081 2301 5134 Δέ
2327 5099 2430 5153 non
2447 5080 2683 5153 "legitur.

2121 5149 2198 5220 (6)
2228 5149 2733 5208 Κυοιεῦσαξπάλιν.
2816 5183 2824 5188 -

452 5369 529 5448 ta)
563 5367 1244 5448 Notetsibiuuusquisque,
1272 5370 1348 5424 uel
1365 5370 1626 5448 jacentem
1658 5368 1874 5448 lineam,
1903 5369 1981 5424 vel
2006 5370 2168 5448 signa.
2190 5371 2482 5448 radiantia,
2508 5373 2563 5428 id
2583 5385 2682 5439 est,
2713 5376 2888 5430 obelos
2916 5392 3003 5439 +,
3037 5379 3114 5433 vel
3143 5379 3393 5433 astericos
3431 5382 3528 5448 Χ,
3570 5392 3621 5437 ιι

381 5439 670 5518 aliamque
703 5439 885 5518 uiderit
928 5439 1671 5518 virgultun‘+_prt3eedentem
1713 5440 1875 5518 uouet;
1913 5439 2075 5518 usque
2099 5440 2299 5518 atlduo
2333 5454 2546 5513 puncta,
2576 5460 2692 5516 qum
2721 5448 3102 5518 impresstmus,
3143 5452 3278 5504 sciat
3307 5452 3363 5504 in
3399 5439 3625 5518 scp‘t'stao

381 5511 528 5581 ginta
555 5508 957 5584 translatoribus
979 5511 1094 5579 plus
1126 5509 1323 5584 Ita-beri.
1367 5507 1466 5562 Ubi
1497 5517 1670 5584 autem
1707 5509 1874 5584 διερῷ
1903 5507 2304 5584 similitudinem
2333 5507 2681 5584 perspexerit,
2712 5517 2777 5570 de
2796 5507 3040 5572 'chra’is
3072 5507 3419 5574 uoluminibus
3453 5507 3619 5574 eddi-

383 5576 493 5633 tum
517 5579 748 5659 noverit,
765 5594 906 5649 teque
935 5576 1093 5659 usque
1131 5581 1198 5632 ad
1222 5581 1326 5659 duo
1348 5577 1753 5659 panum-juxta
1788 5576 2156 5659 Theodotionis
2181 5576 2444 5659 dunttiaiat
2462 5576 2778 5659 editionem,
2805 5590 2896 5659 qui
2928 5589 3269 5656 simplicitate
3292 5594 3550 5647 sermonis
3580 5605 3620 5645 σ

381 5650 711 5719 septuaginta
732 5647 1098 5718 interpretibus
1124 5665 1226 5704 non
1247 5647 1536 5705 discordat.
1564 5647 1780 5704 Prafat.
1814 5651 1988 5710 sancti
2015 5649 2236 5706 Hieron.
2267 5653 2332 5707 ad
2366 5654 2516 5710 Paul.
2550 5666 2601 5711 et
2626 5647 2885 5713 Eustoéh.
2909 5659 2964 5713 in
2998 5647 3198 5724 l‘salt.,
3225 5670 3330 5717 etc.
