3748 6282
185 243 320 298 1095
1093 248 1180 303 DE
1219 249 1493 308 TITULIS
1531 252 1730 310 PSAL!

1899 261 1980 318 illi.
2025 293 2093 304 -—
2123 265 2313 322 PSAL.
2353 265 2490 320 Clll.
3272 271 3411 326 1094

242 377 334 430 21.
368 377 430 430 '0
457 376 862 444 ὲξαποστέλλων
889 380 1072 452 πηγὰς
1095 385 1152 438 ἐν
1177 386 1470 458 φάραγξιν⁹

1919 377 2009 432 21.
2038 378 2139 444 Qui
2165 379 2366 435 emittis
2395 378 2573 433 fontes
2604 377 2659 432 in
2689 378 3028 434 convallibus
3059 396 3075 433 :

242 467 334 521 22.
362 468 494 522 Ἀνά
524 470 687 540 μέσον
709 470 818 526 τῶν
839 472 1011 544 όρέων
1043 475 1402 532 διελεύσονται
1426 479 1610 536 ὕδατα.

1920 469 2011 525 22.
2038 469 2180 526 lnter
2220 471 2456 528 medium
2488 471 2753 526 montium
2788 471 3198 542 pertransibunt
3231 488 3408 544 aquas.

243 558 338 614 25.
363 561 618 614 Ποτιοῦσι
642 563 818 618 πάντα
844 565 913 620 τὰ
944 565 1107 638 θηρία
1126 568 1221 622 τοῦ
1243 570 1436 642 ἀγροῦ·

1919 561 2010 617 25.
2046 561 2315 617 Potabunt
2337 576 2529 618 omnes
2570 562 2756 618 bestia:
2785 562 2900 633 agri
2931 603 2946 616 .

244 649 336 704 24.
359 651 750 722 Προσδέξονται
772 654 989 727 ὅναγροι
1013 660 1094 722 είς
1109 659 1265 729 δίψαν
1294 661 1493 716 αὐτῶν.
1918 649 2008 705 94·
2038 649 2438 720 Ελδβθθίαδυηι
2464 652 2655 722 οηαενί
2682 652 2737 707 in
2768 653 2855 708 είῑί
2890 668 3011 709 sua.

241 740 335 794 25.
361 741 480 795 Ἐπ’
510 744 650 798 αὐτά
699 746 769 798 τὰ
820 748 1040 802 πετεινά
1069 748 1162 802 τοῦ
1208 750 1436 821 οὐρανοῦ
1469 769 1730 827 κατασκη-

1917 742 2009 799 25.
2041 739 2214 812 Super
2234 757 2298 798 ea
2325 744 2575 799 volucres
2603 744 2727 800 coeli
2757 743 3084 826 habitabunt
3113 763 3127 798 :

177 849 370 885 tMUGEl'

240 924 332 978 26.
364 924 462 979 Ἐκ
493 925 662 996 μέσου
693 927 800 982 τῶν
834 930 1047 1002 πετρῶν
1073 930 1302 986 δώσουσι
1332 934 1538 1005 φωνήν.

1914 916 2006 973 26.
2041 917 2115 974 De
2135 918 2309 974 medio
2337 926 2615 987 petrarum
2635 918 2840 973 dabunt
2867 933 3047 974 voces.

241 1013 336 1068 27.
372 1014 616 1078 Ποτίζων
645 1015 744 1089 ὄρη
773 1017 837 1072 ἐκ
856 1018 965 1073 τῶν
988 1020 1254 1092 ὑπερῴων
1282 1022 1467 1078 αὐτοῦ.

1914 1007 2005 1062 27.
2043 1008 2245 1078 Rigans
2270 1019 2484 1064 montes
2505 1011 2570 1065 de
2599 1009 2969 1079 superioribus
2992 1008 3125 1066 suis.

178 1195 192 1210 Ο
368 1105 502 1159 Ἀπὸ
535 1109 748 1180 καρποῦ
797 1110 907 1165 τῶν
951 1111 1128 1185 ἔργων
1173 1131 1268 1168 σου
1324 1116 1730 1188 χορτασθήσεταπ

1913 1100 2002 1156 28.
2034 1099 2109 1156 De
2140 1099 2321 1158 fructu
2357 1117 2582 1173 cperum
2634 1111 2852 1156 tuorum
2908 1101 3192 1158 satiabitur
3240 1109 3402 1156 terra.

175 1211 201 1264 'l
238 1211 337 1266 γη.

238 1286 330 1340 29.
363 1286 425 1340 Ὀ
451 1286 815 1352 ὲξανατέλλων
843 1291 1032 1363 χόρτον
1057 1294 1169 1357 τοῖς
1192 1294 1432 1365 κτήνεσι,

1911 1281 2003 1336 29.
2033 1280 2348 1336 Producens
2378 1279 2562 1335 fenum
2583 1278 2867 1349 iumentis.

235 1376 328 1431 50.
354 1378 464 1432 Καὶ
491 1378 652 1450 χλόην
683 1383 749 1451 τῇ
785 1380 996 1454 δουλείᾳ
1017 1383 1126 1437 τῶν
1153 1383 1474 1455 ἀνθρώπων.

1914 1373 2001 1426 50.
2029 1371 2093 1424 Ει
2117 1370 2335 1424 herbam
2365 1369 2611 1424 servituti
2645 1368 2949 1424 hominum.

232 1469 323 1522 51.
358 1469 462 1522 Τοῦ
497 1469 782 1539 ἐξαγαγεῖν
804 1473 965 1540 ἄρτον
993 1474 1059 1529 ἐκ
1089 1475 1191 1547 τῆς
1217 1477 1341 1547 γῆς·

1914 1463 2002 1517 51.
2038 1461 2110 1516 Ut
2134 1462 2334 1517 educas
2355 1476 2550 1532 panem
2570 1460 2636 1516 de
2657 1469 2800 1516 terra
2830 1478 2845 1514 :

232 1561 324 1615 52.
357 1563 468 1616 Καὶ
493 1559 636 1627 οἶνος
663 1564 940 1636 εὐφραίνει
973 1568 1201 1640 καρδίαν
1229 1566 1536 1640 ἀνθρώπου.

1910 1557 2001 1611 52.
2033 1555 2099 1610 Ει
2131 1554 2316 1608 vinum
2348 1553 2584 1609 laztiﬁcet
2609 1567 2702 1608 cor
2731 1551 2991 1608 hominis.

238 1654 330 1708 55.
362 1654 469 1708 Τοῦ
507 1655 751 1728 ίλαρῦναι
780 1657 1069 1728 πρόσωπον
1101 1662 1157 1714 ὲν
1187 1659 1368 1730 ἐλαίῳο

1911 1648 2003 1702 55.
2029 1644 2103 1701 Ut
2124 1645 2390 1701 exhilaret
2422 1643 2616 1699 faciem
2650 1645 2704 1698 in
2733 1643 2856 1699 oleo
2888 1663 2902 1698 :

235 1748 328 1804 54.
352 1750 462 1803 Kal.
484 1718 646 1820 ἄρτος
673 1718 899 1821 καρδίαν
932 1750 1218 1822 ἀνθρώπου
1248 1718 1511 1821 στῆρίζει.

1912 1739 2002 1792 54.
2029 1737 2095 1792 Et
2120 1736 2275 1807 panis
2299 1751 2394 1791 cor
2421 1735 2658 1790 hominis
2679 1735 2982 1791 confirmet.

233 1841 323 1895 35.
360 1841 832 1914 Χορτασθήσονται
858 1842 927 1896 τὰ
959 1843 1089 1908 ξύλα
1116 1845 1210 1897 τοῦ
1242 1843 1447 1908 πεδίου,
1911 1827 2000 1882 35.
2037 1825 2439 1881 Saturabuntur
2459 1825 2606 1895 ligna
2633 1824 2832 1894 campi.

234 1931 326 1986 56.
371 1935 436 1987 Αἱ
464 1934 642 2005 κέδροι
663 1933 756 1987 τοῦ
785 1935 1038 2000 Λιϐάνου,
1069 1936 1134 2000 ἃς
1165 1935 1485 2006 ἐφύτευσας.

1911 1921 2000 1977 56.
2037 1920 2102 1974 Et
2127 1919 2275 1975 cedri
2301 1916 2513 1982 Libani,
2537 1933 2674 1988 quas
2708 1917 2988 1986 plantavit.

234 2023 325 2080 57.
355 2025 504 2080 Ἐκεῖ
532 2027 788 2099 στρουθία
819 2027 1245 2082 ὲννοσσεύσουσι·

1914 2011 2006 2070 57.
2037 2011 2150 2067 lllic
2169 2025 2416 2082 passeres
2446 2008 2800 2064 nidiﬁcabunt
2829 2025 2844 2062 :

1276 2162 1654 2221 ATHANASII
1702 2146 2295 2217 INTERPRETATIO.

228 2331 322 2385 2|.
365 2330 426 2384 Ὀ
450 2325 852 2395 ἐξαποστέλλων
884 2324 1007 2387 τοὺς
1042 2322 1369 2388 ἀποστόλους
1388 2324 1468 2388 είς
1495 2312 1565 2378 τᾶ
1592 2322 1730 2394 ἔθνη.

1907 2313 1998 2368 21.
2030 2308 2135 2377 Qui
2165 2305 2368 2363 emittis
2393 2300 2672 2374 apostolos
2691 2298 2744 2354 in
2770 2307 2976 2371 gentes.

227 2423 319 2478 22.
346 2387 677 2494 ’Avavttécov
732 2418 840 2473 τῶν
886 2416 1056 2472 ἐθνῶν
1105 2387 1462 2470 διελεύσονται
1501 2417 1549 2470 οἱ
1579 2387 1718 2484 εὐαγ

1904 2404 1995 2460 22.
2029 2402 2132 2457 Per
2153 2398 2388 2455 medium
2421 2394 2658 2467 gentium
2689 2390 3095 2462 pertransibunt
3131 2387 3396 2460 pradica-

160 2515 426 2583 γελισταί.
517 2489 529 2494 ν

1899 2511 1985 2551 res
2014 2489 2314 2562 Evangelii.

226 2606 318 2661 25.
372 2605 477 2658 Τὸν
524 2602 681 2673 λόγον
741 2599 835 2655 τοῦ
885 2599 1272 2669 εὐαγγελιστοῦ
1323 2599 1399 2674 (1)
1449 2597 1730 2673 κηρύξουσλ

1905 2586 1997 2641 23.
2045 2584 2367 2639 Sermonem
2411 2575 2687 2646 Evangelii
2727 2571 3102 2645 praedicabunt
3139 2571 3398 2628 omnibus

156 2701 294 2752 πᾶσι
321 2701 434 2761 τοϊς
459 2696 635 2752 ἔθνεσι
661 2695 753 2749 τοῦ
780 2695 1005 2766 κόσμου.

1899 2672 2317 2731 ntibus.mundi.

221 2790 310 2844 24.
345 2753 734 2863 Προσδέξονται
758 2788 826 2843 τά
854 2753 979 2858 ἔθνη
1009 2784 1068 2839 τὸ
1089 2786 1347 2858 κήρυγμα
1375 2786 1456 2849 είς
1488 2784 1730 2856 ἀπάντη-

1904 2768 1995 2824 24.
2031 2763 2434 2834 Exspectabam
2471 2766 2656 2833 gentes
2696 2755 3130 2830 pradicationem
3171 2755 3224 2810 in
3247 2753 3400 2811 τεῖνε·

154 2902 242 2936 σιν
266 2883 346 2954 (2)
377 2855 482 2936 τῶν
511 2880 715 2951 ψυχῶν.
967 2855 977 2858 ν
1145 2855 1175 2858 Π
1274 2855 1285 2858 -
1692 2855 1700 2856 7

1899 2859 2042 2914 trium
2069 2855 2398 2911 animarum.

219 2937 470 3030 25.”Επ“
505 2937 644 3029 αὐξά
671 2971 742 3026 τά
789 2971 916 3043 ἔθνη
939 2971 1254 3042 κατοικήσει
1304 2969 1374 3024 τά
1413 2968 1730 3041 χαρίσματα

1903 2953 1998 3010 25.
2031 2951 2207 3020 Super
2236 2946 2382 3017 ipsas
2413 2951 2598 3014 gentes
2624 2939 2948 2996 habitabunt
2970 2939 3090 3010 ejus
3113 2937 3275 2994 dona.

155 3085 348 3124 αυτου.

219 3161 313 3214 26.
343 3158 440 3214 Ἐκ
472 3158 636 3230 μέσου
662 3156 769 3212 τῶν
788 3155 1023 3228 καρδιῶν
1073 3153 1252 3208 αὐτῶν
1299 3150 1609 3217 δοξάσουσιν
1638 3150 1736 3205 αὐ-

153 3255 245 3307 τόν
272 3254 371 3323 (5).

223 3345 316 3400 27.
341 3341 580 3408 Ποτίζων
607 3341 675 3396 τά
697 3339 825 3410 ἔθνη
841 3338 915 3410 (4)
938 3339 1000 3391 ἐκ
1024 3337 1131 3391 τῶν
1150 3335 1500 3408 χαρισμάτων
1540 3333 1728 3388 αὐτοῦ.

221 3437 316 3491 28.
348 3435 483 3488 Ἀπὸ
535 3437 636 3505 τῆς
689 3432 910 3503 χάριτος
965 3429 1073 3484 τῶν
1147 3429 1581 3501 προσταγμάτων
1637 3444 1729 3480 σου

151 3527 627 3600 ὲμπλησθήσονται
660 3527 716 3580 αἱ
746 3523 917 3596 ψυχαὶ
945 3523 1050 3577 τῶν
1077 3521 1265 3575 ἐθνῶν.

217 3621 310 3676 29.
350 3621 412 3672 ὐ
444 3618 720 3690 μαραίνων
743 3617 834 3670 τὸν
855 3614 1081 3668 πλοῦτον
1111 3613 1216 3667 τῶν
1247 3612 1482 3666 ἀσεϐῶν.

220 3711 313 3767 50.
359 3711 470 3764 Καὶ
534 3705 943 3782 [ὲξανατέλλων]
1004 3705 1075 3758 τὰ
1120 3704 1512 3776 προστάγματα
1567 3699 1729 3755 αὐτοῦ

149 3806 274 3866 ταῖς
302 3802 520 3872 ψυχαῖς,
556 3800 781 3862 καὶτοῖς
817 3797 1000 3869 μέλεσι
1029 3796 1136 3850 τῶν
1187 3792 1577 3864 ὲπεγνωκότων
1628 3792 1729 3863 τὴν

149 3894 436 3965 ἀλήθειαν.

219 3985 312 4040 51.
336 3985 410 4037 Τὸ
430 3983 682 4054 σύστημα
710 3978 816 4034 τῶν
840 3976 1277 4033 πεπιστευκότων

217 4077 310 4132 52.
348 4077 408 4130 '0
440 4074 641 4146 Κύριος
669 4071 824 4144 ἡμῶν
860 4069 1086 4143 Ἰησοῦς.

213 4169 304 4222 55.
337 4165 442 4219 Τοῦ
478 4163 760 4237 πληρῶσαι
787 4161 886 4233 τῆς
923 4161 1143 4232 χάριτος
1177 4157 1340 4210 αὐτοῦ
1374 4156 1551 4209 πᾶσαν
1595 4171 1731 4226 καρ-

145 4259 265 4311 δίαν
291 4259 349 4310 ὲν
380 4255 458 4326 τῷ
483 4255 622 4307 ἐλέει
654 4252 838 4307 αὐτοῦ.

220 4347 312 4402 54.
357 4346 418 4399 '0
448 4343 766 4416 ἐπουράνιος
802 4340 964 4412 ἄρτος
993 4336 1068 4410 (6)
1107 4337 1135 4389 ό
1184 4334 1388 4406 Κύριος
1411 4332 1568 4404 ἡμῶν
1625 4333 1728 4404 Ἰη-

1902 3131 1992 3186 26.
2016 3129 2060 3183 E
2086 3127 2264 3184 medio
2287 3125 2536 3183 cordium
2569 3135 2794 3180 suorum
2836 3117 3216 3192 gloriﬁcabunt
3244 3129 3390 3170 eum.

1901 3306 1993 3362 27.
2023 3303 2228 3373 Rigans
2257 3310 2443 3372 gentes
2469 3299 2535 3356 de
2564 3297 2724 3354 donis
2748 3295 2884 3353 suis.

1899 3395 1988 3450 28.
2023 3395 2208 3452 Gratia
2235 3395 2616 3449 mandatorum
2648 3400 2864 3444 tuorum
2893 3381 3397 3457 implebunturani-

1829 3504 1933 3544 mae
1963 3489 2226 3559 gentium.

1897 3577 1988 3633 29.
2019 3576 2351 3632 Marcescere
2381 3575 2584 3629 faciens
2612 3570 2827 3626 divitias
2853 3568 3165 3638 impiorum.

1899 3666 1988 3720 50.
2012 3665 2077 3718 Ει
2118 3664 2317 3720 exoriri
2368 3663 2572 3718 faciens
2600 3668 2863 3731 praecepta
2901 3672 3000 3713 sua
3040 3654 3259 3718 animis,
3309 3652 3394 3707 in-

1831 3757 2107 3826 ternisque
2129 3755 2380 3811 sensibus
2408 3751 2814 3826 agnoscentium
2843 3748 3149 3804 veritatem.

1899 3932 1990 3987 51.
2029 3931 2513 4002 Congregationem
2541 3924 2902 3983 credentium.

1899 4026 1990 4080 32.
2028 4024 2290 4081 Dominus
2319 4031 2512 4089 noster.
2533 4019 2716 4076 Jesus.

1898 4117 1991 4172 55.
2017 4115 2088 4172 Ut
2115 4117 2334 4188 impleat
2359 4113 2528 4186 gratia
2559 4127 2657 4170 sua
2696 4124 2787 4167 cor
2814 4107 3060 4164 omnium
3088 4107 3145 4160 in
3178 4101 3393 4159 miseri-

1829 4206 2014 4261 cordia
2040 4207 2233 4276 ipsius.

1897 4296 1985 4352 54.
2018 4293 2428 4366 Supercmlestis
2449 4291 2606 4363 panis
2637 4288 2900 4345 Dominus
2930 4292 3115 4340 noster
3141 4280 3322 4337 J‘esus.

149 4441 305 4503 σοῦς.

220 4500 311 4586 ss.
349 4529 423 4582 Τδ
453 4527 651 4599 πλῆθος
681 4525 788 4580 τῶν
836 4522 1005 4592 ἁγίων
1038 4519 1144 4575 τῶν
1175 4517 1252 4591 (7)
1290 4515 1497 4588 πλῆρες
1548 4513 1723 4585 ἔργων

1901 4512 1990 4566 55.
2023 4511 2314 4568 Multitudo
2367 4519 2678 4568 sanctorum
2734 4507 2890 4579 plena
2934 4501 3188 4574 operibus
3234 4500 3393 4556 bonis

144 4623 373 4693 ἀγαθῶν
403 4620 826 4693 χορτασθήσεται
846 4616 944 4687 τῆς
964 4613 1184 4686 χάριτος
1204 4608 1392 4664 αὐτοῦ.

1899 4603 2119 4660 tiabitur
2144 4606 2318 4677 gratia
2359 4604 2550 4675 ipsius.

215 4717 304 4772 56.
333 4683 579 4769 Οίιαύτοὶ
604 4683 745 4781 ἅγιοι
770 4683 1023 4778 ἀσηπτοι,
1041 4683 1142 4758 ’καὶ
1171 4703 1404 4776 καθαροὶ
1432 4703 1499 4773 τῇ
1526 4698 1725 4771 καρδίᾳ

1899 4694 1980 4750 56.
2010 4695 2116 4767 Ipsi
2156 4697 2330 4752 sancti
2377 4689 2840 4760 incorruptibiles,
2893 4695 2948 4744 et
2992 4685 3180 4742 mundi
3226 4683 3392 4741 corde

142 4811 197 4862 οἱ
218 4806 574 4876 φυτευθέντες
594 4777 661 4856 ὲν*
692 4803 758 4872 τῇ
801 4777 979 4853 πίστει
1005 4796 1153 4868 παρά
1204 4793 1298 4850 τοῦ
1351 4793 1577 4866 Κυρίου.
1622 4793 1725 4847 Λί-

1899 4789 2053 4842 tntati
2080 4789 2133 4841 in
2161 4787 2267 4842 [ide
2291 4802 2322 4841 a
2344 4785 2594 4840 Domino.
2624 4781 2856 4836 Libanus
2891 4781 3036 4836 enim
3067 4777 3390 4860 interpretaf

146 4864 331 4963 Gairog
379 4896 487 4967 γὰρ
530 4864 873 4959 demam-721w;-
915 4864 1291 4960 ἑρμηνεύεται,
1347 4864 1483 4957 ὅπερ
1517 4885 1663 4938 ἐστὶν
1695 4884 1724 4936 ό

1899 4895 1918 4933 r
1956 4881 2244 4947 dealbatio,
2275 4879 2422 4951 quod
2464 4875 2720 4933 convenit
2760 4872 3015 4938 Domino,
3052 4869 3145 4941 qui
3178 4864 3390 4922 dealbat

145 4991 355 5061 Κύριος
390 4991 420 5043 ὁ
442 4985 737 5041 λευκαίνων
759 4981 833 5053 (8)
869 4983 1095 5045 πάντας.
1823 4985 2038 5028 omnes.

215 5059 308 5138 57.
335 5081 416 5134 Τά
445 5079 573 5150 ἔθνη
604 5080 662 5131 ὲν
689 5076 800 5138 τοῖς
820 5074 1155 5137 ἀποστόλοις.

1899 5067 1986 5121 57.
2028 5064 2230 5120 Gentes
2254 5064 2310 5118 in
2337 5059 2622 5134 apostolis.

1099 5230 1405 5293 Addenda
1459 5235 1521 5291 et
1552 5225 1927 5306 corrigenda
1956 5241 2036 5287 ex
2065 5222 2208 5285 cod.
2242 5221 2442 5285 Vatic.

217 5369 296 5436 (1)
325 5364 653 5434 Εὐαγγελὶου
685 5364 1003 5435 ποιήσαντες
1034 5362 1184 5426 πᾶσι,
1214 5371 1318 5415 etc.

1899 5354 1960 5436 ζεῖ)
1990 5353 2288 5436 sinum
2317 5350 2506 5436 ἀρῖῆξ·

213 5400 296 5508 ὶᾶἶ
322 5400 670 5490 Ἇᾯὶἕτῗιῖὲἷξ.
1882 5400 1959 5497 (ἢ
1990 5400 2065 5476 'T'i
2082 5400 2377 5492 'iz‘xﬁpégf
2402 5400 2532 5485 διὰ,
2566 5412 3032 5487 χορτασθήσονται
3077 5405 3180 5476 τῆς
3224 5400 3384 5477 χαιρο-

213 5509 298 5562 15)
329 5508 431 5560 Τὸν
461 5505 612 5558 Θεόν.
1809 5496 1900 5559 τός
1931 5512 2044 5548 σου.

213 5509 298 5644 (5)
329 5509 431 5560 Τὸν
461 5509 612 5558 Θεόν.

213 5579 276 5648 (4
334 5579 492 5648 ὀρηο
651 5645 660 5648 _
800 5641 848 5648 _-
897 5640 922 5648 _
1344 5642 1366 5647 -.

1899 5516 1900 5522 ‘
1931 5512 2044 5548 σου.

1899 5565 1964 5640 (8)
1993 5563 2322 5619 Λευκαίνων.

213 5579 296 5722 (4)
334 5579 492 5648 Ὀρη.
650 5645 661 5660 ο
897 5640 922 5654 η

244 5648 301 5719 5)
335 5648 770 5719 Πεπιστευκοτων
797 5641 982 5696 ὶθνων.
