3748 6282
178 291 318 349 itm
1081 287 1173 346 ne
1214 286 1490 346 TlTULlS
1509 290 1658 362 bss

1921 291 1976 349 ιι.
2018 325 2085 334 ——
2121 289 2319 349 PSAL.
2363 285 2492 349 Clll.
3263 291 3401 352 1098

243 407 337 464 52.
365 405 552 460 Πάντα
580 404 637 456 ὲν
667 410 827 476 σοφίᾳ
849 405 1124 476 ἐποίησας·

1774 415 1820 467 Α
1915 409 2004 462 52.
2032 407 2223 462 Omnia
2258 407 2311 460 in
2343 406 2608 477 sapientia
2636 404 2809 460 fecisti
2843 425 2854 459 :

246 499 338 555 55.
376 495 696 568 Ἐπληρώθη
726 498 758 567 ή
784 497 853 568 γῆ
882 499 977 567 τῆς
1002 497 1227 560 κτίσεως
1258 515 1369 551 σου.

1917 497 2247 566 55.1mpleta
2272 507 2356 552 est
2383 507 2525 550 terra
2565 494 2908 564 possessione
2941 505 3054 548 tua.

249 591 340 646 δι.
375 589 524 659 Αὕτη
554 592 587 659 ἡ
616 587 858 642 θάλασσα
884 591 915 658 ἡ
950 589 1156 659 μεγάλη
1182 590 1276 642 καὶ
1307 589 1633 659 εὐρύχωρος

1923 591 2002 645 54.
2035 590 2148 646 Hoc
2183 605 2332 644 mare
2373 604 2648 659 magnum,
2681 597 2734 642 et
2763 588 3062 657 spatiosum
3109 588 3403 644 manibus:

248 682 337 739 55.
364 683 512 735 Ἐκεῖ
543 680 746 752 ἑρπετὰ
770 674 843 734 ὧν
871 682 970 733 οὐκ
995 680 1140 733 ἐστιν
1167 681 1420 752 ἀριθμὸς,

1917 682 2005 738 55.
2041 683 2154 737 Illic
2189 683 2420 752 reptilia,
2453 696 2683 751 quorum
2720 697 2825 735 non
2854 688 2938 736 est
2967 695 3247 748 numerus,

250 774 338 828 56.
377 773 498 827 Ζῶα
529 770 697 842 μικρὰ
726 771 862 841 μετὰ
892 771 1163 841 μεγάλων.

1917 775 2006 830 56.
2036 775 2306 829 Animalia
2333 774 2528 844 pusilla
2550 789 2674 828 cum
2710 771 2943 844 magnis.

250 865 339 918 57.
381 865 524 916 Ἐκεῖ
561 863 718 916 πλοῖα
743 862 1184 933 διαπορεύονταιο

1916 866 2004 920 57.
2029 866 2140 921 Illic
2165 882 2329 922 naves
2362 871 2778 936 pertranseunt:

250 956 339 1012 58.
377 956 601 1026 Δράκων
647 949 831 1017 οὗτος,
884 953 942 1005 ὃν
969 952 1209 1015 ἔπλασας
1248 953 1535 1022 ἐμπαίζειν
1576 949 1730 1024 αὐτῷ.

1922 957 2005 1012 58.
2037 957 2212 1012 Draco
2233 959 2355 1023 iste,
2383 970 2544 1027 quem
2590 954 2839 1011 formasti
2866 955 2933 1010 ad
2970 952 3301 1008 illudendum
3331 953 3402 1007 'ei.

253 1048 342 1102 59.
377 1049 558 1100 Πάντα
587 1047 722 1116 πρδς
751 1045 810 1098 σὲ
842 1045 1182 1116 προσδοκῶσι
1211 1044 1392 1098 δοῦναι
1417 1045 1515 1116 τὴν
1542 1047 1733 1118 τροφὴι

1923 1051 2004 1105 59.
2036 1049 2231 1104 Omnia
2257 1066 2286 1104 a
2322 1059 2372 1104 te
2404 1057 2722 1120 exspectant
2746 1057 2807 1102 ut
2834 1048 2929 1102 des
2956 1062 3137 1103 escam
3162 1048 3403 1117 ipsorum

181 1141 360 1195 αὖτῶν
392 1139 619 1211 [αὐτοῖς]
643 1140 722 1202 εἰς
743 1137 993 1208 εὔκαιρον
1010 1155 1023 1169 ι

937 1155 993 1190 ον
1010 1155 1023 1169 ι
1848 1141 2025 1213 [ipsis]
2052 1141 2107 1195 in
2140 1150 2380 1211 tempore
2405 1159 2417 1194 :

255 1234 343 1288 60.
375 1233 566 1295 Δόντος
600 1249 690 1284 σου
729 1232 928 1294 αὐτοῖς,
966 1229 1326 1294 συλλέξουσιν.

1280 1247 1326 1283 ν.
1917 1232 2008 1287 60.
2035 1232 2206 1288 Dante
2244 1242 2294 1287 te
2323 1232 2450 1297 illis,
2483 1230 2757 1302 colligeut.

253 1322 340 1378 6i.
396 1321 728 1387 Ἀνοίξαντός
772 1337 864 1372 σου
898 1317 978 1390 [δέ
1010 1315 1128 1390 σου]
1158 1318 1258 1389 τὴν
1284 1320 1440 1391 χεῖρα
1462 1359 1476 1383 ,
1510 1318 1578 1371 τὰ
1612 1316 1733 1390 σύμ-

1925 1325 2005 1380 61.
2035 1326 2317 1395 Aperiente
2359 1322 2586 1397 [autem]
2623 1332 2676 1379 te
2714 1337 2958 1386 manum,
3002 1319 3184 1376 omnia
3215 1318 3405 1388 imple5

181 1433 361 1469 πάντα
391 1414 790 1486 πλησθήσονται
819 1410 1209 1482 χρηστότητος·

865 1410 1180 1482 ρηστύτητος
1196 1427 1209 1440 ·
1846 1417 2048 1474 buntur
2079 1418 2345 1473 bonitate.

252 1508 341 1562 62.
378 1505 842 1577 Ἀποστρέψαντος
859 1504 917 1557 δέ
949 1519 1040 1556 σου
1067 1502 1127 1554 τὸ
1147 1500 1455 1572 πρόσωπον,
1481 1500 1732 1574 sapa.in

1918 1508 2006 1562 62.
2034 1507 2321 1562 Avertente
2351 1515 2532 1561 autem
2560 1514 2614 1562 te
2637 1504 2856 1572 faciem,
2882 1505 3265 1562 turbabuntur.

182 1617 388 1652 σονται.

253 1691 340 1744 65.
383 1686 714 1750 Ἀντανελεῖς
737 1685 800 1738 τὸ
825 1683 1042 1756 πνεῦμα
1064 1683 1262 1747 αὐτῶν,
1292 1679 1386 1734 καὶ
1413 1677 1733 1747 ιέκλείψουσι⁴

1703 1693 1743 1730 ιο
1917 1661 2007 1716 65.
2039 1660 2265 1716 Auferes
2297 1659 2548 1731 spiritum
2579 1676 2789 1725 eorum,
2813 1670 2866 1714 et
2890 1651 3140 1715 deﬁcient
3169 1699 3183 1713 .

257 1781 342 1835 64.
371 1781 482 1834 Ka‘t
508 1781 586 1842 εἰς
621 1777 710 1830 τὸν
742 1775 869 1847 χοῦν
895 1750 1073 1828 αὐτῶν
1101 1770 1535 1844 ἐπιστρέφουσιν.
1777 1761 1819 1816 Β
2035 1750 2100 1847 ξι
2226 1752 2500 1847 pulverem
2535 1767 2696 1808 suum
2727 1759 3094 1847 revertentur.

259 1873 345 1928 65.
389 1842 796 1937 Ἑξαποστελεῖς
818 1867 879 1922 τὸ
903 1867 1042 1922 Πνεῦ
1052 1867 1129 1938 μά
1155 1842 1284 1930 σου
1316 1863 1408 1916 καὶ
1430 1859 1739 1930 κτισθήσον-

1710 1875 1746 1904 .-
1923 1844 2012 1899 65.
2041 1843 2266 1899 Emittes
2288 1842 2550 1913 Spiritum
2582 1853 2756 1910 tuum,
2788 1852 2842 1898 et
2869 1843 3190 1900 creabuntut‘

183 1982 277 2020 ται
299 1983 312 1994 ⁸

259 2057 347 2112 66.
373 2054 486 2108 Καὶ
517 2053 849 2115 ἀνακαινιεῖς
874 2051 936 2104 τὸ
961 2051 1246 2123 πρόσωπον
1279 2046 1378 2116 τῆς
1409 2045 1533 2114 γῆς.

1361 2063 1378 2110 ς
1409 2045 1533 2114 γῆς.
1923 2045 2012 2102 66.
2040 2044 2107 2100 Ει
2132 2044 2419 2101 renovabis
2450 2043 2643 2100 faciem
2667 2053 2841 2099 terrae.

254 2149 342 2203 6'7.
383 2128 536 2200 Ἤτω
568 2147 602 2217 ἡ
631 2144 756 2209 δόξα
786 2143 986 2216 Κυρίου
1020 2145 1098 2205 είς
1127 2142 1251 2204 τοὺς
1279 2137 1510 2198 αἰῶνας·

1439 2153 1478 2198 ις
1497 2152 1510 2165 ·
1924 2136 2013 2192 67.
2047 2136 2128 2190 Sit
2153 2136 2320 2206 gloria
2354 2135 2566 2190 Domini
2591 2135 2646 2188 in
2673 2135 2874 2190 saecula
2904 2151 2919 2187 ι

257 2243 344 2297 68.
373 2211 816 2312 Εὐφρανθήσεται
859 2211 1058 2307 Κύριος
1095 2233 1186 2286 ἐπὶ
1212 2233 1322 2292 τοῖς
1358 2227 1537 2299 ἔργοις
1565 2223 1737 2278 αὐτοῦ⁴

1665 2223 1747 2276 οὗ.
1923 2225 2014 2279 68.
2040 2224 2327 2280 Laetabitur
2348 2224 2610 2280 Dominus
2637 2225 2690 2279 in
2722 2223 2975 2294 operibus
3008 2211 3143 2277 suis.

259 2336 346 2391 69.
387 2323 446 2388 Ὅ
477 2331 782 2386 ἐπιϐλέπων
813 2330 905 2382 ἐπὶ
933 2328 1028 2400 τὴν
1062 2327 1162 2396 γῆν
1189 2365 1204 2392 ,
1249 2321 1342 2376 καὶ
1377 2318 1541 2374 ποιῶν
1583 2315 1739 2386 αὑτὴκ

1923 2316 2016 2373 69.
2047 2316 2149 2386 Qui
2174 2317 2393 2387 respicit
2417 2324 2638 2382 terram,
2665 2325 2720 2372 et
2749 2313 2878 2373 facit
2901 2330 3022 2372 eam
3053 2323 3303 2373 tremere.

183 2429 432 2502 τρέμειν.

1303 2609 1671 2670 ATHANASII
1709 2592 2290 2664 INTERPRETATIO.

256 2830 349 2886 52.
375 2827 560 2882 Πάντα
583 2827 652 2880 τὰ
673 2822 982 2897 χαρίσματά
1012 2839 1102 2875 σου
1126 2822 1182 2875 ὲν
1203 2823 1267 2892 τῇ
1291 2817 1654 2886 πολυποικίλῳ
1671 2833 1736 2870 σοι

1931 2807 2022 2874 52.
2049 2817 2245 2874 Omnia
2275 2814 2418 2872 dona
2462 2824 2575 2882 tua,
2609 2831 2666 2870 tu
2699 2814 2997 2870 multifaria
3029 2823 3122 2871 tua
3148 2817 3411 2888 sapientté

182 2921 352 2991 σοφία
379 2919 514 2989 κατή
524 2933 708 2986 ρτισας
737 2915 834 2986 (Ι).

673 2933 708 2980 ις
737 2915 834 2986 (l).
1858 2909 2153 2980 perfecisti.

257 3010 348 3066 55.
386 3009 446 3062 '0
472 3008 673 3078 κόσμος
714 3006 791 3078 (2)
815 3005 922 3060 τῶν
960 3003 1127 3074 ἁγίων
1154 3018 1266 3055 sou.

1177 3018 1266 3055 ron.
1927 3005 2013 3060 5'5.
2041 3003 2273 3059 Mundus
2293 3001 2497 3057 sanctis
2533 3000 2657 3056 tuis.

255 3102 346 3158 54.
391 3102 456 3154 Ἢ
481 3099 794 3171 οἰκουμένη.

1927 3094 2014 3148 54.
2041 3091 2201 3148 Orbis
2227 3103 2515 3147 terrarum.

254 3195 348 3250 55.
376 3195 438 3247 Οἱ
470 3193 742 3263 δαίμονες.
1785 3199 1831 3262 c
1931 3184 2020 3239 55.
2049 3183 2350 3238 Dmmones.

255 3287 346 3341 56.
377 3287 438 3340 Οἱ
460 3284 555 3340 ἄνθ
565 3293 753 3357 ρωποι.

1928 3275 2017 3330 56.
2054 3275 2329 3329 Homines.

256 3383 346 3437 57.
378 3383 439 3435 Οἱ
471 3349 612 3449 ἅγιοι
659 3379 872 3449 ἔχοντες
927 3377 985 3428 ὲν
1027 3362 1208 3436 αύτοῖς
1262 3370 1334 3442 (3)
1363 3369 1432 3424 τὰ
1466 3368 1621 3436 λόγια
1655 3364 1736 3418 τοῐ

1936 3367 2018 3422 57.
2051 3365 2235 3420 Sancti
2273 3364 2532 3419 habentes
2582 3361 2638 3417 in
2691 3350 2885 3432 seipsis
2933 3349 3146 3432 eloquia
3189 3363 3309 3431 Det,
3362 3363 3416 3421 et

181 3471 346 3537 Θεοῦ,
367 3472 462 3526 καὶ
482 3471 573 3525 διὰ
589 3470 696 3524 τῶν
713 3469 787 3541 (4)
809 3467 1099 3538 τρέφοντες
1127 3470 1188 3517 τὸ
1222 3464 1376 3533 γένος
1412 3461 1521 3516 τῶν
1546 3457 1661 3529 ἀνθι

1346 3481 1376 3526 ις
1412 3461 1521 3516 τῶν
1546 3456 1754 3529 ἀνθρώ·
1855 3459 2060 3516 eisdem
2083 3460 2287 3514 alentes
2312 3457 2610 3511 humanum
2635 3470 2826 3525 genus.

363 3654 424 3708 Ὀ
449 3649 689 3716 διάϐολος
709 3651 738 3704 6
752 3647 827 3719 (5)
849 3645 1312 3716 καταπαιζόμενος
1336 3641 1439 3695 ὑπὸ
1459 3640 1564 3694 τῶν
1584 3641 1664 3709 ἁγι

1526 3658 1564 3694 ιν
1584 3640 1754 3709 ἁγίων
1927 3631 2018 3687 58.
2051 3629 2310 3686 Diabolus
2333 3629 2557 3684 delusus
2587 3644 2620 3683 a
2643 3628 2848 3685 sanctis
2878 3628 3006 3686 tuis.

186 3762 308 3799 σου.

259 3839 347 3893 59.
381 3835 464 3889 Τὰ
495 3834 621 3903 ἔθνη
655 3830 1040 3901 ἀπεκδέχονται
1080 3826 1178 3883 τὴν
1208 3824 1357 3897 παρὰ
1393 3823 1485 3877 σοῦ
1527 3839 1739 3894 τροφην.

1934 3814 2018 3869 59.
2048 3810 2245 3868 Gentes
2283 3817 2598 3881 exspectant
2639 3825 2671 3864 a
2723 3817 2776 3866 te
2822 3825 3026 3879 escam,
3074 3821 3239 3882 quam
3283 3811 3414 3884 ipsis

182 3932 254 4003 ἣν
291 3931 475 3991 αὐτοῖς
500 3926 689 3989 δώσεις
721 3927 776 3978 ὲν
806 3925 1014 3994 εἰρήνῃ.

806 3925 1014 3994 εἰρήνῃ.
1859 3905 2014 3962 dabis
2045 3905 2099 3958 in
2123 3917 2273 3974 pace.

258 4021 348 4076 60.
377 4017 678 4080 Δεδωκὸτος
705 4033 795 4069 σου
823 3991 1006 4076 αύτοῖς
1029 4022 1055 4076 ,’
1075 4010 1172 4074 τὰς
1205 4006 1422 4071 ἐντολάς
1455 4023 1548 4060 σου
1577 4006 1738 4071 δέξον-

1935 3999 2017 4052 60.
2048 3996 2190 4051 Cum
2227 4003 2288 4052 tu
2309 3993 2521 4051 dederis
2551 3991 2686 4065 ipsis
2707 3993 2961 4050 mandata
2982 4003 3096 4060 tua,
3123 3994 3415 4065 excipient.

185 4134 300 4170 ται.

225 4168 238 4246 ζ
245 4168 348 4262 61.
377 4201 793 4275 Φανερώσαντος
831 4195 886 4251 δέ
915 4168 1008 4251 σου
1030 4242 1032 4244 τ
1055 4195 1146 4250 τὸν
1176 4193 1380 4264 Κύριον
1413 4192 1539 4258 Υἱον
1561 4229 1576 4254 ,
1620 4193 1648 4244 6
1678 4191 1705 4261 (1

1935 4197 2018 4252 61.
2055 4194 2437 4251 Manifestante
2488 4201 2670 4249 autem
2733 4201 2786 4248 te
2839 4181 3127 4249 Dominum
3184 4194 3415 4264 Filium,

183 4300 393 4370 κόσμος
417 4313 509 4349 σου
526 4293 892 4364 πλησθήσεται
908 4289 1000 4342 τοῦ
1021 4285 1335 4357 Πνεύματός
1355 4302 1446 4338 σου
1467 4282 1560 4336 τοῦ
1579 4281 1663 4350 ἁγί

1704 4297 1754 4335 υ·
1862 4290 2099 4346 mundus
2130 4299 2258 4343 tuus
2289 4285 2599 4356 implebitur
2626 4282 2832 4353 Spiritu
2861 4292 3050 4339 sancto
3071 4295 3184 4340 tuo.

257 4388 349 4444 69.
391 4386 526 4440 Ἀπὸ
551 4385 658 4439 τῶν
699 4382 964 4437 Ἰουδαίων
1006 4378 1446 4450 ἀποστρέψαντος
1468 4375 1546 4428 ’τὸ
1586 4374 1737 4446 πρόσ-

1936 4382 2020 4438 52.
2051 4381 2338 4435 Avertente
2365 4385 2419 4434 te
2446 4376 2638 4433 faciem
2671 4384 2823 4432 tuam
2859 4393 2891 4432 a
2930 4375 3131 4432 Judmis
3171 4378 3238 4433 ad
3275 4377 3416 4432 nihil

182 4481 335 4535 ωτιόν
367 4497 491 4543 σου,
521 4480 599 4541 είς
629 4473 928 4546 ἀφανισμὸν
967 4472 1176 4525 ἔσονται
1205 4469 1299 4540 (7).

845 4473 928 4526 ιὸν
967 4472 1176 4525 ἔσονται
1205 4469 1299 4540 (7).
1861 4473 1973 4528 lum
1996 4471 2325 4541 redigentur.

255 4569 348 4623 65.
371 4566 554 4640 Λάϐης
575 4566 674 4637 τὴν
692 4564 849 4636 χάριν
874 4563 966 4616 ἀπ’
983 4559 1181 4624 αὐτῶν,
1210 4557 1302 4612 καὶ
1321 4555 1731 4626 διαλυθήσονται

1717 4573 1747 4608 ι.
1783 4558 1829 4615 D
1927 4562 2018 4618 65.
2042 4562 2268 4615 Auferes
2298 4558 2526 4630 gratiam
2555 4557 2626 4614 ab
2655 4557 2810 4628 ipsis,
2837 4566 2892 4614 et
2928 4559 3197 4628 peribunt.

256 4658 348 4713 64.
381 4659 490 4710 Kal.
519 4660 576 4710 ἐν
607 4659 674 4728 τῇ
705 4655 947 4726 ἁμαρτίᾳ
983 4650 1160 4706 αὐτῶν
1186 4648 1588 4719 ὲναπομένωσιν

1519 4664 1588 4700 τιν
1620 4645 1722 4719 (8).
1924 4655 2016 4711 64.
2045 4653 2112 4708 Ει
2137 4655 2192 4708 in
2222 4661 2442 4723 peccato
2457 4666 2560 4707 suo
2588 4651 2999 4723 permanebunt.

255 4749 348 4804 65.
393 4749 514 4802 Ἐπὶ
545 4750 670 4812 τοὺς
704 4745 1054 4808 πιστεύοντας
1082 4743 1163 4805 εἰς
1197 4741 1280 4795 σέ.

1244 4741 1280 4795 ἑ.
1927 4744 2016 4799 65.
2043 4742 2219 4812 Super
2253 4739 2534 4796 credentes
2562 4741 2618 4796 in
2649 4753 2724 4796 te.

254 4841 347 4896 66.
367 4841 475 4894 Καὶ
491 4838 811 4902 ἀνανεώσεις
833 4837 928 4910 τὴν
946 4836 1181 4892 διάνοιαν
1195 4833 1298 4906 τῆς
1311 4831 1538 4906 καρδίας
1555 4831 1734 4885 αὐτῶν

1659 4831 1758 4885 ὦν.
1928 4830 2015 4890 66.
2051 4833 2117 4886 Et
2141 4833 2428 4888 renovabis
2459 4843 2695 4889 mentem
2716 4833 2897 4890 cordis
2927 4846 3139 4890 eorum.

254 4929 350 4995 67,
385 4931 470 4986 68.
499 4931 573 5003 (9)
601 4932 724 4994 Τοῖς
751 4929 947 4998 ἁγίοις.

1927 4926 2017 4992 67,
2047 4924 2136 4982 68.
2161 4923 2218 4978 ln
2242 4924 2465 4980 sanctis.

255 5022 348 5078 69.
381 5023 505 5076 Ἐπὶ
530 5024 591 5076 τὸ
626 5023 876 5093 σύστημα
904 5018 1018 5075 τῶν
1041 5019 1333 5092 δαιμόνων.

1133 5019 1333 5092 μόνων.
1928 5016 2017 5072 69.
2043 5014 2360 5071 Daemonum
2391 5023 2613 5072 emtum.

1139 5193 1444 5257 Addenda
1490 5197 1550 5254 et
1577 5195 1950 5272 corrigenda
1979 5207 2062 5252 ex
2105 5189 2250 5253 cod.
2276 5191 2474 5253 Vatic.

283 5365 340 5437 l)
369 5367 702 5438 Karﬁpttaa.
737 5437 743 5438 ί
829 5433 843 5438 Α
1925 5367 2006 5438 (6)
2035 5366 2140 5422 Τὸν
2163 5367 2292 5422 Υίόν
2322 5384 2414 5421 σου
2440 5405 2454 5429 ,
2483 5365 2534 5432 6,
2566 5373 2669 5420 etc.

377 5433 699 5510 έξπλῆρὼθη
723 5437 754 5492 6
779 5433 1001 5505 κόσμος,
1033 5447 1134 5493 etc.
2031 5439 2371 5510 Γενήσονται.

281 5507 338 5580 ᾇ)
382 5507 639 5580 ἐαυτοτς-
687 5507 696 5509 ἡ
1931 5507 2511 5580 (δᾙενάπομεείναξσινο
2622 5574 2667 5580 __
2729 5572 2781 5580 Α,
2837 5573 2878 5580 ί
2912 5578 2929 5580 ,_
2997 5562 3008 5580 .

279 5568 338 5643 ιδ
369 5577 445 5631 Δι’
481 5568 681 5630 αὐτῶν.

279 5646 337 5719 5)
371 5647 431 5702 '0
463 5649 629 5701 deest.
1355 5659 1361 5664 '

1931 5568 2072 5647 (9)1‘1
2138 5579 2184 5607 ⁸’¹
2237 5568 2572 5638 Ἆπαύστως.
2622 5574 2690 5630 Ν.
2719 5572 2807 5629 68.
2836 5573 2960 5639 Τοῖς
2985 5568 3175 5644 ἁγίοις.

498 5657 629 5701 δεδι.
1355 5659 1361 5664 ’

470 5749 736 5807 Panos.
783 5741 900 5806 Gs.
948 5744 1210 5810 Χχνιι.

2230 5724 2233 5731 ’
3029 5711 3212 5798 35'
