3706 6406
320 317 456 373 1099
1163 309 1221 365 S.
1257 306 1625 363 ATHANAS“
1663 307 1814 364 OPP.
1861 305 2040 363 PARS
2078 304 2166 361 Ill.
2207 335 2274 346 —
2313 302 2723 360 EXEGETICA.
3423 307 3565 364 ίιοο

388 430 478 488 70.
507 431 612 499 Qui
638 428 808 496 tangit
835 431 1045 478 montes
1074 430 1129 478 et
1163 419 1451 491 fumigant.

2062 418 2149 472 70.
2190 419 2246 471 '0
2271 417 2571 488 ἁπτόμενος
2605 415 2712 470 τῶν
2737 414 2944 487 ὁρέων,
2979 417 3074 470 καὶ
3103 416 3477 484 καπνίζονται.

391 524 479 579 71.
515 521 759 577 Cantabo
786 515 1015 569 Domino
1048 515 1100 567 in
1134 514 1241 567 vita
1271 527 1390 566 mea
1427 530 1443 566 :

2071 509 2159 565 71.
2193 511 2342 581 ’ᾼσω
2365 509 2444 580 τῷ
2474 509 2662 579 Κυρίῳ
2690 510 2748 560 ὲν
2782 510 2848 578 τῇ
2887 509 2999 579 ζωῇ
3028 527 3128 579 μου
3150 527 3162 541 ⁸

390 614 480 668 7%.
515 612 747 667 Psallam
784 607 894 661 Deo
924 621 1045 660 meo
1068 605 1310 675 quandiu
1337 618 1481 658 sum.

2068 601 2158 655 72.
2193 600 2360 654 Ψαλῶ
2391 601 2466 671 τῷ
2492 601 2610 672 Θεῷ
2642 617 2745 670 μου
2779 601 2882 662 ἕως
2910 601 3159 671 ὑπάρχω.

393 704 481 758 73.
523 701 829 757 Jueundum
862 693 940 752 'sit
964 696 1013 750 ei
1040 695 1317 765 eloquium
1352 708 1535 748 meum
1563 710 1576 744 :

2070 693 2159 747 73.
2205 691 2482 764 Ἦδυνθείη
2509 692 2659 763 αὐτῷ
2696 694 2726 763 ἡ
2753 691 2973 763 διαλογή
3005 711 3106 763 μου
3135 707 3148 724 ⁴

396 797 481 851 74.
515 795 622 865 Ego
647 809 776 849 vero
808 790 1118 846 delectabor
1153 789 1207 842 in
1244 787 1492 844 Domino.

2069 783 2156 836 74.
2201 782 2340 852 Ἐγὼ
2367 783 2424 836 δὲ
2450 784 2893 856 εύφρανθὴσομαι
2923 781 3014 836 ἐπὶ
3045 783 3124 855 τῷ
3154 782 3360 858 Κυρίῳ.

394 889 483 944 75.
515 887 777 943 Deﬁciant
807 891 1121 955 peccatores
1148 897 1176 935 a
1211 889 1372 944 terra,

2071 878 2157 932 75.
2197 876 2524 930 Ἐκλείποιεν
2553 876 2870 949 ἁμαρτωλοὶ
2895 875 3002 929 ἀπὸ
3029 877 3127 947 τῆς
3153 876 3293 947 γῆς,.

395 981 484 1034 76.
519 980 583 1034 Et
604 979 774 1049 iniqui
810 978 885 1031 ita
918 986 976 1030 ut
1005 989 1111 1029 non
1141 973 1252 1028 sint
1285 991 1298 1027 :

2066 967 2154 1022 76.
2187 969 2294 1021 Kal.
2323 967 2534 1038 ἄνομοι,
2558 966 2699 1020 ὥστε
2735 967 2808 1038 μὴ
2844 966 3110 1039 ὑπάρχειν
3137 965 3335 1030 αὐτούς

397 1073 484 1130 77.
519 1072 766 1137 Benedic,
785 1070 966 1124 anima
1002 1083 1140 1130 mea,
1159 1065 1410 1123 Domino.

2071 1059 2157 1113 77.
2193 1059 2436 1128 Εύλόγει,
2469 1060 2501 1128 ἡ
2532 1058 2675 1130 ψυχή
2721 1076 2843 1129 μου,
2871 1059 2964 1112 τὸν
2997 1058 3223 1132 Κύριον.

773 1181 1022 1236 Alleluia.
1062 1177 1260 1235 PSAL.
1294 1175 1367 1231 CI
1383 1175 1444 1230 V.
1510 1214 1516 1219 η

2409 1171 2786 1239 Ἀλληλούῒα.
2847 1174 3020 1225 ΨΑΛ.
3065 1173 3187 1225 ΡΔ’.

398 1277 449 1331 Ι.
481 1274 824 1332 Contltemini
853 1273 1105 1335 Domino,
1139 1279 1192 1325 et
1232 1271 1481 1324 invocate
1513 1282 1709 1323 nomen
1735 1266 1856 1336 ejus

2107 1301 2120 1314 .
2167 1261 2602 1334 Ἐξομολογεϊσθε
2632 1263 2707 1333 τῷ
2744 1263 2937 1334 Κυρίῳ
2958 1304 2973 1327 ,
3007 1267 3100 1316 καὶ
3128 1262 3473 1318 ἐπικαλεῖσθε
3513 1264 3569 1318 τὸ

398 1369 453 1424 2.
492 1368 825 1422 Annuntiate
887 1367 1028 1420 inter
1098 1372 1283 1435 gentes
1330 1377 1497 1433 opera
1556 1360 1857 1432 [magnalia

947 1375 1028 1420 ter
1098 1372 1283 1435 gentes
1330 1377 1497 1433 opera
1556 1357 1899 1432 [magnalia]
1999 1352 2168 1424 ὄνομα
2207 1353 2408 1406 αὑτοῦ·

330 1476 469 1530 ριιιε,
2067 1447 2124 1501 2.
2171 1447 2565 1516 Ἀπαγγείλατε
2591 1448 2648 1500 ὲν
2681 1450 2796 1510 τοῖς
2821 1446 2998 1500 ἔθνεσι
3018 1447 3088 1500 τά
3109 1447 3248 1519 ἔργα
3279 1447 3464 1504 αύτοῦ.

399 1552 450 1606 5.
482 1552 710 1606 Cantate
735 1550 807 1617 ei,
837 1561 891 1605 et
928 1550 1141 1620 psallite
1161 1549 1210 1603 ei
1239 1548 1480 1620 [laudate
1503 1545 1654 1618 eum]
1685 1565 1729 1607 ε.

1685 1565 1729 1607 ε,
2071 1539 2125 1594 3.
2167 1539 2371 1610 ’ᾼσατε
2402 1539 2570 1610 αὐτῷ,
2597 1541 2690 1592 καὶ
2719 1539 2925 1609 ψάλατε
2956 1540 3123 1610 αὐτῷ.

399 1640 451 1696 ι,
479 1639 704 1694 Narrate
728 1641 912 1694 omnia
942 1639 1213 1693 mirabilia
1240 1641 1382 1707 ejus.

2071 1630 2122 1684 4.
2157 1630 2498 1702 Διηγήσασθε
2529 1631 2708 1685 πάντα
2733 1631 2801 1685 τά
2832 1629 3110 1702 θαυμάσια
3141 1632 3305 1686 αὐτοῦ
3327 1651 3340 1664 ·

403 1732 452 1786 5.
491 1731 806 1786 Laudamini
836 1731 889 1784 in
920 1739 1112 1785 sancto
1143 1728 1416 1803 [nomine]
1449 1729 1572 1800 ejus
1605 1749 1617 1784 :

1943 1784 1974 1803 ἢ
2071 1723 2124 1778 5.
2167 1724 2506 1778 Ἐπαινεῖσθε
2540 1726 2597 1777 ἐν
2623 1724 2701 1794 τῷ
2734 1725 2872 1794 ἀγίῳ
2904 1723 3172 1797 [ὀνόματι]
3203 1724 3370 1778 αὑτοῦ
3392 1742 3406 1758 ·

399 1823 451 1877 6.
485 1822 718 1877 Lzetetur
749 1838 845 1877 cor
873 1823 1231 1892 quaerentium
1264 1822 1574 1876 Dominum.

2073 1814 2126 1868 6.
2154 1815 2521 1886 Εύφρανθήτω
2551 1784 2747 1887 καρδία
2779 1784 3082 1888 ξηιτούντιυν
3107 1784 3197 1870 τδν
3228 1815 3445 1888 Κύριον.

402 1914 453 1967 7.
483 1913 717 1980 Quaarite
748 1912 1060 1978 Dominum,
1090 1924 1142 1968 et
1172 1913 1574 1969 conlirmamini
1603 1929 1616 1964 :

2077 1907 2129 1960 7.
2159 1908 2439 1978 Ζητήσατε
2463 1909 2555 1961 τὸν
2584 1908 2808 1981 Κύριον,
2839 1908 2932 1963 καὶ
2960 1908 3341 1981 κραταιὼθητε
3360 1925 3371 1936 ·

401 2006 435 2062 8
485 2006 720 2073 Quaerite
751 2005 940 2062 faciem
965 2007 1083 2077 ejus
1111 2021 1344 2075 semper.

2073 1997 2126 2052 8.
2159 2001 2436 2070 Ζητήσατε
2464 2001 2526 2054 τὸ
2559 2001 2849 2074 πρόσωπον
2874 2001 3038 2055 αὑτοῦ
3068 2001 3381 2064 διαπαντός.

403 2097 453 2152 9.
484 2096 805 2152 Mementote
839 2097 1167 2152 mirabilium
1196 2097 1337 2166 ejus,
1365 2111 1490 2166 quae
1520 2093 1663 2162 fecit,

2107 2133 2120 2148 .
2148 2093 2439 2165 Μνΰσθητε
2475 2095 2582 2148 τῶν
2632 2094 2950 2149 θαυμασίων
2983 2093 3145 2148 αὐτοῦ
3169 2133 3183 2158 ,
3223 2086 3297 2147 ὧν
3332 2092 3565 2162 ἐποίησε,

1446 2301 1819 2359 ATIIANASII
1859 2299 2445 2358 INTERPRETATIO.

402 2500 489 2554 70.
523 2501 623 2569 Qui
651 2503 760 2557 urit
785 2498 1089 2556 contrarias
1114 2503 1428 2566 potestates,
1459 2504 1512 2548 et
1553 2493 1830 2549 deﬁciunt.

2106 2491 2159 2544 0.
2202 2489 2261 2543 ὐ
2295 2488 2505 2559 φλέγων
2538 2489 2638 2550 τὰς
2670 2487 2916 2551 ἐναντίας
2947 2486 3206 2558 δυνάμεις
3279 2486 3372 2541 καὶ
3403 2483 3569 2537 tmt-

722 2633 727 2639 .
2002 2598 2214 2636 πουσιν.

401 2679 490 2736 71.
517 2681 574 2733 In
605 2678 790 2734 futuro
815 2676 1036 2732 saeculo.

2073 2675 2162 2729 71.
2191 2674 2282 2727 Ἐν
2316 2673 2395 2745 τῷ
2428 2673 2671 2745 μέλλοντι
2695 2673 2872 2727 αίῶνι.

403 2770 489 2827 72.
524 2771 576 2825 ln
601 2770 847 2841 praisenti
880 2778 1151 2837 tempore.

2070 2767 2157 2820 79..
2200 2767 2288 2819 Ἐν
2311 2765 2389 2838 τῷ
2429 2765 2525 2818 νῦν
2555 2765 2731 2820 αἰῶνι.

403 2863 487 2918 75.
515 2864 750 2920 Placebit
771 2863 873 2934 ipsi
898 2859 1140 2916 laudatio
1166 2872 1308 2914 mea.

2076 2858 2162 2913 73.
2197 2858 2410 2930 Ἀρέσει
2440 2857 2589 2928 αύτῷ
2619 2859 2652 2928 ἡ
2681 2853 2975 2929 ὑμνολογία
3009 2873 3129 2928 μου.

407 2956 495 3010 74.
528 2957 810 3012 Gaudebo.

2083 2949 2168 3002 74.
2212 2951 2557 3021 Χαρήσομαι.

404 3045 490 3100 75.
526 3045 808 3101 Daemones
847 3059 876 3098 a
911 3053 1053 3099 terra
1081 3048 1419 3104 sanctorum,
1467 3038 1624 3110 cujus
1660 3039 1867 3094 hmrede

2112 3039 2161 3092 5.
2185 3040 2245 3091 Οί
2272 3039 2520 3110 δαίμονες
2543 3041 2650 3094 ἀπὺ
2669 3041 2767 3112 τῆς
2788 3038 2894 3109 γῆς
2915 3037 3023 3092 τῶν
3044 3038 3216 3106 ἁγίων
3237 3034 3305 3110 ἧς
3330 3035 3569 3108 μέλλουσι

335 3135 435 3207 ipsi
462 3136 628 3191 futuri
651 3146 797 3190 sunt.
1387 3161 1394 3166 -

1387 3161 1394 3166 -
2004 3131 2378 3203 κληρονομεῖν.

406 3228 490 3281 76.
517 3227 852 3282 Adversariae
876 3231 1186 3296 potestates,
1217 3233 1270 3280 et
1290 3223 1381 3294 qui
1405 3223 1513 3278 illis
1553 3223 1834 3279 obediunt.

2103 3225 2163 3278 ’6.
2188 3226 2249 3277 At
2281 3225 2518 3278 ἐναντίαι
2539 3225 2814 3296 δυνάμεις,
2841 3225 2936 3279 καὶ
2961 3225 3011 3276 ot
3035 3223 3349 3294 πειθόμενοι
3373 3221 3566 3285 αὺτοξ.

406 3319 493 3373 77.
521 3317 797 3374 Glorilica.

2081 3317 2170 3370 77.
2204 3313 2480 3385 Δοξολόγει
2515 3316 2612 3386 (Ι).

409 3498 476 3552 Ἦ
511 3497 841 3584 προκειμένη
871 3497 1148 3571 ἐπιγραφὴ
1191 3497 1432 3570 περιέχει
1473 3497 1551 3565 (2)
1572 3512 1586 3527 ·
1636 3497 2012 3564 Ἀλληλούτα,
2033 3495 2222 3566 αἶνος,
2240 3499 2378 3570 ὅπερ
2409 3496 2770 3569 ἑρμηνεύεται
2792 3496 3009 3551 αίνεῖτε
3037 3497 3145 3551 τὸν
3173 3498 3317 3552 ὄντα
3341 3500 3502 3554 Θεόν.

406 3590 618 3647 Titulus
638 3591 958 3662 praepositus
987 3591 1259 3647 continet:
1291 3590 1545 3654 Alleluia,
1573 3589 1719 3656 laus,
1751 3590 1900 3661 quod
1930 3592 2316 3662 interpretatur
2341 3591 2556 3644 laudate
2586 3607 2725 3656 eum,
2754 3591 2842 3660 qui
2867 3588 3005 3643 Deus
3025 3599 3123 3644 est.

408 3750 460 3805 Ι.
495 3749 752 3806 Enarrate
777 3759 996 3822 peccata
1023 3758 1199 3805 vestra
1231 3748 1481 3816 Domino,
1521 3760 1671 3807 orate
1706 3767 1851 3807 eum.

2114 3791 2126 3804 .
2156 3751 2594 3823 Ἐξαγορεύονται
2641 3750 3114 3823 [Ἐξαγορεύεσθε]
3147 3748 3224 3822 (5)
3269 3750 3365 3815 τὰς
3398 3752 3567 3824 ἀμαρι

403 3844 458 3896 2.
487 3842 778 3899 Ριτεᾶίοαιθ
811 3844 1064 3912 gentibus
1093 3852 1362 3912 praecepta
1394 3843 1536 3913 ejus.

2009 3843 2129 3907 τίας
2163 3842 2308 3914 ἡμᾶς
2334 3844 2411 3914 τῷ
2445 3843 2654 3915 Κυρίῳ,
2681 3843 2986 3896 ἱκετεύσατε
3012 3843 3191 3896 αὐτόν.

405 3933 451 3985 '5.
490 3931 830 3988 Exsultantes
855 3934 1148 4004 glorificate
1163 3950 1309 3990 eum.

2104 3937 2132 3988 ι.
2161 3934 2445 4005 Κηρύξατε
2466 3939 2576 3999 τοῖς
2594 3935 2669 4005 (4)
2694 3934 2868 3988 ἔθνεσι
2889 3934 2953 3988 τά
2976 3934 3374 4006 προστάγματα
3394 3933 3567 3989 αὐτοῦ.

409 4021 459 4074 ι.
487 4024 754 4088 Quoniam
785 4040 909 4078 cum
948 4023 1092 4080 [lens
1143 4034 1305 4088 esset,
1345 4037 1564 4095 propter
1593 4039 1693 4080 nos
1728 4023 1872 4080 factu

1731 4023 1907 4080 factus
2077 4029 2131 4082 5.
2173 4029 2591 4098 ’Δγαλλιώμενοι
2616 4029 2872 4095 δοξάσατε
2902 4028 2979 4098 (5)
3009 4029 3194 4084 αὐτόν.

337 4123 420 4168 est
469 4115 632 4170 homo
681 4131 907 4170 manens
949 4113 1109 4179 Deus,
1157 4125 1210 4171 et
1251 4132 1443 4185 passus
1489 4125 1594 4180 est,
1633 4125 1687 4171 et
1725 4133 1800 4171 res

2103 4121 2131 4173 ι.
2161 4122 2302 4184 Ὅτι,
2327 4122 2457 4186 Θεὸς
2486 4121 2582 4185 ὣν,
2603 4121 2792 4191 γέγονε
2820 4122 2884 4174 δι’
2911 4122 3060 4192 ἡμᾶς
3083 4121 3370 4191 ἅνθρωπος
3393 4121 3566 4192 μείνας

338 4205 496 4269 rexit,
525 4215 577 4260 et
610 4215 924 4274 assumptus
967 4215 1048 4260 est
1096 4205 1238 4262 unde
1275 4217 1492 4276 propter
1535 4223 1634 4263 nos
1676 4207 1801 4264 desc

2104 4231 2138 4276 »ς
2162 4252 2176 4274 ,
2211 4213 2304 4266 καὶ
2331 4213 2563 4266 πέπονθε
2587 4255 2602 4278 ,
2632 4214 2727 4266 καὶ
2755 4213 2951 4282 ἀνέστη
2974 4251 2989 4275 ,
3025 4211 3120 4264 καὶ
3153 4212 3426 4284 ἀνελήφθη
3455 4211 3567 4266 ὅθεν

337 4299 471 4353 deus
500 4313 604 4352 non
630 4299 806 4354 fuerat
830 4307 1133 4368 separatus.

2006 4303 2070 4356 δι’
2108 4305 2252 4375 ἡμᾶς
2286 4302 2560 4358 κατελθὼν
2591 4306 2692 4358 οὐκ
2730 4303 3019 4376 ἐχωρίσθη.

410 4391 463 4444 5.
488 4390 563 4444 Ex
593 4392 731 4446 bona
760 4400 936 4446 vestra
981 4391 1392 4448 conversatione
1439 4391 1788 4448 honorabiles
1831 4391 1873 4448 si

2103 4394 2131 4446 ἱ.
2188 4394 2283 4446 Ἐκ
2322 4393 2422 4464 τῆς
2463 4393 2633 4463 καλῆς
2675 4394 2826 4464 ὑμῶν
2866 4393 3199 4465 ἐπιστροφῆς
3245 4393 3450 4464 ἔντιμοι
3489 4393 3566 4460 γί-

339 4483 430 4548 tis,
461 4494 512 4537 et
539 4483 648 4538 Deo
673 4493 727 4538 et
759 4483 1095 4539 hominibus.

1927 4500 1930 4504 '
2007 4483 2162 4537 νεσθε
2189 4484 2282 4554 (6),
2324 4485 2418 4538 καὶ
2454 4484 2572 4555 Θεῷ
2604 4487 2700 4538 καὶ
2729 4470 3051 4556 ἀνθρώποις.

408 4575 806 4645 6.1mplebitur
864 4577 1055 4646 spiritu
1103 4591 1198 4632 cor
1238 4577 1574 4634 credentium
1627 4577 1684 4633 in
1725 4575 1871 4631 Domi

2100 4575 2133 4629 ἰ.
2162 4576 2535 4647 Πλησθήσεται
2558 4576 2862 4648 πνεύματος
2889 4575 3084 4648 καρδία
3112 4576 3472 4630 πιστευόντων
3495 4576 3563 4636 είς

340 4681 494 4720 num.

2007 4669 2098 4722 τὸν
2129 4668 2355 4739 Κύριον.

409 4759 462 4812 7.
497 4755 713 4812 Credite
741 4759 792 4810 in
819 4757 1012 4821 Deum,
1037 4768 1092 4813 et
1111 4759 1515 4815 confortamini.

2101 4759 2128 4810 Γ.
2162 4759 2494 4814 Πιστεύσατε
2541 4761 2619 4824 είς
2654 4761 2746 4814 τὸν
2789 4761 2920 4815 Θεὸν
2949 4762 3059 4833 (7),
3094 4763 3193 4816 καὶ
3220 4759 3564 4832 δυναμοῦσθε.

407 4851 462 4905 8.
495 4849 767 4904 Postulate
794 4849 1022 4920 gratiam
1065 4850 1237 4920 ipsius
1265 4851 1658 4906 indesinenter.

2078 4851 2131 4904 8.
2161 4851 2463 4923 Δίτήσασθε
2495 4852 2594 4923 τὴν
2617 4853 2776 4924 χάριν
2805 4853 2969 4908 αὑτοῦ
3001 4854 3378 4917 ἀδιαλείπτως.

407 4940 462 4995 9.
492 4939 548 4993 ln
588 4941 904 4993 memoriam
956 4949 1224 5007 revocate,
1268 4940 1732 5010 quemadmodum
1776 4955 1870 5011 per

2106 4946 2130 4993 ν.
2178 4939 2512 5011 ’Υπόμνησιν
2540 4941 2753 5007 λάϐετε,
2779 4942 2854 5006 ὡς
2887 4943 3098 5014 διῆλθεν
3122 4942 3450 5012 εὐεργετῶν,
3479 4938 3569 4993 καὶ

339 5029 592 5084 transivit
641 5027 1006 5092 benefaciens,
1050 5039 1104 5082 et
1151 5043 1353 5084 sanans
1402 5043 1614 5095 omnes,
1653 5029 1748 5085 oni
1798 5050 1802 5082 ι

2102 5047 2238 5094 ιενος
2270 5033 2478 5085 πάντα*
2508 5033 2633 5096 τοὺς
2672 5033 3302 5104 καταδυναστευομένους
3345 5032 3444 5085 ὑπὸ
3474 5028 3565 5084 τοῦ

339 5128 604 5190 potestate
629 5129 784 5175 erant
807 5119 1030 5176 diaboli.

809 5119 1030 5176 diaboli.
1937 5127 1981 5181 D
2005 5122 2272 5176 διαϐόλου.

1285 5295 1596 5357 Addenda
1623 5304 1684 5358 et
1713 5297 2086 5377 corrigenda
2123 5319 2202 5361 ex
2249 5299 2391 5360 cod.
2419 5265 2620 5361 Vatia.

431 5483 484 5563 1)
518 5481 812 5563 $21976!-
1024 5549 1080 5563 -.
1399 5552 1411 5563 .
2087 5489 2161 5563 (ὅ)
2185 5489 2609 5563 ᾉΑγσμλλιώμενος
2632 5490 2814 5560 δόξαζε
2840 5528 2854 5552 ι
2884 5492 2989 5545 εισι

404 5482 484 5692 ἓιζ
518 5482 812 5570 ᾼοξολογεῖ.
1069 5549 1080 5566 ο
2084 5489 2161 5629 ἐῢ)
2185 5489 2432 5558 Ἀγαλλιά

429 5553 462 5606 2
546 5555 592 5604 Η
621 5551 708 5605 διὰ
737 5554 836 5635 τῆς
865 5551 1521 5634 κιννάϐαρεωςκπεριέχει.
2106 5561 2139 5614 6
2188 5561 2432 5616 Γενέσθε.

430 5623 481 5692 5)
512 5621 976 5692 Ἐξαγορευοντες,
1009 5631 1112 5680 etc.
1145 5623 1315 5692 ύμων,
1343 5633 1448 5679 etc.
1471 5621 1760 5692 ίκετεύετε,
1795 5636 1898 5684 etc.
2081 5566 2160 5692 (Il
2188 5630 2410 5692 Κύριον.

430 5566 482 5625 z)
512 5566 592 5642 "ﬂ
621 5566 708 5605 οια
737 5566 836 5635 της
865 5566 1229 5624 κινναοαρεως
1257 5566 1521 5625 περιέχει.

430 5623 481 5701 ξ)
517 5621 976 5701 Δξξξαγορεευοντεες,
1009 5631 1112 5680 etc.
1145 5621 1315 5693 ὑμῶν,
1343 5633 1448 5679 etc.
1471 5621 1760 5694 ίκετεύετε,
1795 5636 1893 5684 etc.

946 5566 1229 5624 πναυαρεως
1257 5566 1521 5625 περιέχει.
2084 5566 2139 5629 (6
2188 5566 2409 5614 Γενέσθε

946 5639 976 5690 ;,
1009 5631 1112 5680 etc.
1145 5621 1315 5693 ὑμῶν,
1343 5633 1448 5679 etc.
1471 5621 1760 5694 ίκετεύετε,
1795 5636 1898 5684 etc.
2081 5566 2160 5701 (Il
2188 5630 2409 5700 Κύριον.

407 5691 483 5760 (ὁ)
517 5692 606 5745 Ἐν
627 5691 756 5755 τοῖς.
