3748 6282
195 335 325 394 1101

1107 323 1195 388 ne
1235 337 1510 395 TiTULlS
1549 331 1991 399 rsswonhxi.
2032 333 2315 401 —PS.-\L.
2357 333 2491 404 civ.

3303 341 3440 402 1102

264 453 348 508 10.
377 443 456 506 Τὰ
479 452 678 524 τέρατα
705 453 868 507 αὐτοῦ
892 493 906 518 .
942 452 1035 507 καὶ
1072 455 1139 508 τὰ
1165 455 1406 526 κρίματα
1435 459 1529 511 τοῦ
1563 461 1741 532 στόμα·

1938 464 2025 520 10.
2055 465 2304 539 Prodigia
2344 470 2483 537 ejus,
2512 466 2785 538 'etjudicia
2810 463 2924 520 Oris
2945 457 3083 532 ejus.

190 564 282 612 τος
317 545 508 600 αὑτοῦ.

262 641 344 694 11.
381 641 608 710 Σπέρμα
647 639 896 712 Ἀϐραὰμ
925 639 1102 694 δοῦλοι
1133 639 1318 702 αὐτοῦ,

259 731 348 786 12.
385 731 506 784 Υἱοὶ
551 731 742 785 Ἰακὼϐ
773 731 1018 785 ἐκλεκτοὶ
1049 731 1238 786 αὑτοῦ.

259 821 346 876 15.
384 822 554 884 Αὐτὸς
593 821 798 892 Κύριος
838 823 865 874 ὀ
898 819 1028 882 Θεὸς
1061 819 1252 890 ἡμῶν,

259 914 347 968 14.
397 915 486 966 Ἐν
515 915 661 984 πάσῃ
695 917 760 984 τῇ
793 917 862 984 γῇ
898 913 965 966 τὰ
993 915 1232 986 κρίματα
1266 903 1452 969 αὑτοῦ.

255 1007 344 1060 15.
387 1005 662 1078 Ἐμνήσθη
693 1009 772 1070 εις
802 999 891 1059 τὸν
922 1009 1092 1062 αἰῶνα
1125 1003 1385 1080 διαθήκης
1412 1007 1596 1075 αὐτοῦ)

254 1097 342 1155 16.
373 1093 570 1166 Λόγου,
599 1093 659 1151 οὗ
685 1099 987 1152 ἐνετείλατο
1017 1101 1095 1164 εἰς
1132 1097 1308 1170 χιλίας
1339 1101 1548 1169 γενεάςι

255 1191 344 1244 17.
379 1193 477 1244 Ὃν
508 1189 710 1244 διέθετο
745 1189 820 1262 τῷ
855 1191 1124 1263 Ἀϐραὰμ,

251 1281 339 1336 18.
378 1283 486 1336 Καὶ
513 1282 605 1335 τοῦ
638 1283 800 1353 ὅρκου
832 1282 996 1336 αὐτοῦ
1031 1284 1110 1356 τῷ
1147 1285 1352 1339 Ἰσαάκ.

253 1375 340 1431 19.
373 1375 486 1428 Καὶ
517 1374 744 1444 ἔστησεν
780 1375 942 1429 αὐτὸν
969 1375 1046 1445 τῷ
1083 1375 1273 1429 Ἰακὼὸ
1301 1379 1380 1439 εἰς
1411 1375 1737 1447 πρόσταγμα

247 1467 339 1522 20.
373 1468 482 1520 Καὶ
506 1466 586 1537 τῷ
631 1466 846 1538 Ἰσραὴλ
876 1468 956 1530 εἰς
983 1465 1250 1540 διαθήκην
1279 1467 1515 1520 αἰώνιον.

247 1559 338 1614 21.
373 1561 561 1628 Λέγων
588 1575 602 1590 °
636 1559 726 1612 Σοὶ
759 1557 914 1612 δώσω
942 1557 1039 1629 τὴν
1071 1561 1174 1630 γῆν
1204 1559 1422 1612 Χαναὰν
1461 1575 1475 1588 ⁶

247 1652 338 1706 22.
363 1652 659 1722 Σχοίνισμα
689 1650 1049 1723 κληρονομίας
1083 1650 1256 1720 ὑμῶν.

245 1745 336 1800 25.
385 1745 473 1796 Ἐν
501 1743 577 1815 τῷ
609 1739 744 1797 εἶναι
774 1744 969 1806 αὐτοὺς
1002 1742 1219 1814 ἀριθμῷ
1254 1743 1496 1813 βραχεῖς,

245 1836 334 1890 21.
381 1835 716 1904 Ὅλιγοστοὺς
743 1835 836 1888 καὶ
867 1834 1162 1905 παροίκους
1186 1837 1242 1887 ὲν
1271 1835 1431 1904 αὐτῇ.

243 1928 336 1983 25.
359 1929 466 1982 Καὶ
489 1927 701 1997 διῆλθεν
733 1927 793 1990 ἐξ
825 1925 1008 1989 ἔθνους
1043 1927 1122 1988 εἰς
1147 1925 1297 1988 ἔθνος
1317 1942 1332 1957 ο

245 2021 336 2075 26.
361 2019 472 2072 Καὶ
497 2021 562 2072 ὲκ
591 2017 868 2088 βασιλείας
901 2018 982 2079 είς
1005 2016 1130 2069 λαὸν
1167 2017 1376 2088 ἕτερον.

1939 645 2021 702 11.
2053 646 2246 703 Semen
2278 649 2551 702 Abraham
2585 649 2725 704 servi
2759 650 2898 719 ejus,

1939 737 2025 792 12.
2054 737 2176 792 Filii
2206 735 2375 793 Jacob
2403 737 2556 792 electi
2579 737 2719 807 ejus.

1936 827 2022 883 15.
2053 829 2172 899 Ipse
2201 831 2463 886 Dominus
2489 830 2631 884 Deus
2666 836 2872 892 noster,

1935 918 2021 972 14.
2054 919 2112 973 1η
2145 919 2398 975 universa
2433 930 2573 975 terra
2597 919 2802 989 judicia
2827 918 2966 986 ejus;

1933 1009 2020 1064 15.
2057 1009 2262 1064 Memor
2295 1010 2399 1066 fuit
2421 1013 2474 1066 in
2499 1011 2754 1066 szeculum
2789 1011 3094 1064 testamenti
3122 1005 3228 1070 sui,

1932 1095 2021 1151 16.
2057 1095 2240 1164 Verbi,
2263 1101 2408 1168 quod
2441 1101 2719 1154 mandavit
2759 1100 2812 1154 in
2853 1098 2998 1152 mille
3025 1095 3424 1168 generationes.

1931 1189 2019 1245 17.
2045 1193 2201 1258 Quod
2228 1191 2500 1262 disposuit
2523 1192 2824 1257 Abraham,

1930 1281 2018 1340 18.
2047 1282 2112 1336 Et
2133 1284 2424 1353 juramenti
2455 1286 2535 1337 sui
2575 1281 2744 1338 isaac.

1930 1373 2015 1428 19.
2045 1372 2112 1427 Ει
2138 1375 2326 1428 statuit
2351 1373 2477 1428 illud
2499 1371 2666 1428 Iacob
2693 1374 2746 1428 in
2777 1377 3132 1442 praeceptum,

1929 1466 2019 1520 20.
2051 1465 2118 1520 Et
2139 1467 2302 1522 lsrael
2333 1469 2384 1520 in
2414 1473 2794 1522 testamentum
2830 1473 3117 1520 aeternum.

1927 1553 2016 1606 21.
2055 1552 2288 1608 Dicens:
2321 1552 2440 1610 Tibi
2463 1554 2604 1608 dabo
2641 1563 2841 1608 terram
2865 1554 3147 1618 Chanaan,

1927 1643 2016 1697 22.
2055 1643 2379 1700 Funiculum
2421 1647 2754 1701 hazreditatis
2777 1655 2974 1700 vestra:

1927 1736 2014 1788 25.
2051 1735 2187 1790 Cum
2217 1747 2401 1792 essent
2427 1737 2530 1806 ipsi
2563 1751 2793 1792 numero
2823 1736 3044 1808 modici,

1784 1823 1828 1888 Β
1924 1825 2016 1880 21.
2050 1823 2372 1882 Paucissimi
2396 1838 2448 1882 et
2475 1829 2668 1882 incolae
2700 1829 2841 1898 ejus.

1930 1917 2021 1972 25.
2057 1919 2120 1972 Et
2147 1920 2582 1990 pertransierunt
2611 1921 2677 1974 de
2707 1929 2864 1990 gente
2892 1923 2944 1975 in
2977 1931 3190 1992 gentem
3219 1931 3237 1980 t

1929 2011 2016 2066 26.
2054 2009 2119 2066 Et
2145 2013 2212 2068 de
2235 2027 2402 2083 regno
2433 2013 2500 2066 ad
2525 2013 2786 2084 populum
2815 2013 3070 2070 alterum.

1292 2206 1662 2269 ATHANASI]
1703 2207 2290 2274 INTERPRETATIO.

251 2373 334 2432 10.
355 2373 422 2427 At
454 2373 622 2440 ἰάσεις
655 2373 747 2430 καὶ
769 2376 824 2429 αῑ
847 2369 1184 2429 διδασκαλίαι
1211 2370 1308 2426 τοῦ
1330 2370 1490 2443 λόγου
1517 2375 1618 2444 τῆς
1648 2374 1746 2444 χά-

175 2484 322 2538 ριτος
353 2466 518 2520 αὐτοῦ
548 2468 649 2538 (1).

245 2558 328 2611 11.
357 2560 420 2612 Οἱ
447 2561 628 2612 πιστοὶ
661 2561 735 2622 ὡς
764 2557 1038 2630 Ἀϐραάμ.

247 2651 329 2708 12.
361 2653 424 2705 οι
459 2651 744 2705 ἀπόστολοι
776 2650 852 2713 ὡς
876 2648 1102 2713 Ἰακὼϐ,
1127 2647 1376 2701 τουτέστι
1418 2645 1650 2720 καθαροὶ
1680 2650 1748 2718 τῇ

173 2744 391 2816 καρδίᾳ.

245 2837 331 2891 15.
373 2837 430 2891 Ὀ
461 2835 518 2902 ἐξ
541 2835 715 2908 ἀρχῆς
745 2833 906 2898 αὐτὸς
931 2833 1024 2888 καὶ
1055 2833 1146 2886 ἐπὶ
1169 2833 1272 2904 γῆς
1297 2830 1482 2901 ὀφθείς
1508 2829 1605 2904 (2).

248 2930 331 2984 14.
367 2929 449 2984 Τὰ
480 2931 536 2982 ἐν
569 2931 679 2992 τοῖς
729 2925 1079 2995 Εὑαγγελίοις
1113 2925 1508 2996 προστάγματα
1559 2923 1746 2979 αὑτοῦ.

247 3021 330 3078 15.
357 3022 708 3094 Ἐπλήρωσεν
729 3023 788 3074 ὲν
807 3020 984 3092 καιρῷ
1010 3020 1220 3090 ἐσχάτῳ
1241 3017 1307 3071 τὰ
1329 3019 1456 3089 περὶ
1476 3017 1574 3088 τῆς
1599 3017 1754 3088 βασι-ι

172 3116 322 3180 λείας
349 3113 540 3168 αὐτοῦ.

241 3207 329 3263 16.
367 3207 502 3278 Περὶ
531 3205 624 3260 τοῦ
649 3205 853 3268 πάθους
881 3203 1064 3271 αὐτοῦ,
1091 3196 1153 3258 οὗ
1182 3203 1442 3276 προέλεγε
1471 3203 1591 3257 καθ’
1616 3204 1748 3258 ἑκά-

174 3318 308 3372 στην
331 3299 524 3369 γενεὰν
549 3295 637 3352 διὰ
663 3296 772 3352 τῶν
797 3294 1110 3369 προφητῶν.

247 3391 334 3446 17.
365 3383 487 3445 Ὀτι
520 3385 641 3444 εἷπε.
667 3386 744 3458 τῷ
770 3387 1054 3458 Ἀϐραάμ·
1093 3387 1284 3440 Ἔσται
1314 3383 1375 3438 τὸ
1410 3386 1629 3457 σπέρμα
1657 3399 1753 3438 σου

175 3485 250 3550 ὡς
281 3485 352 3539 τὰ
387 3483 564 3554 ἄστρα
605 3479 698 3534 τοῦ
732 3478 963 3549 οὐρανοῦ
995 3477 1074 3549 τῷ
1112 3475 1306 3546 πλήθει
1337 3475 1433 3528 καὶ
1471 3475 1550 3546 τῷ
1593 3474 1749 3544 φωτί.

249 3575 336 3630 18.
365 3575 477 3628 Καὶ
509 3574 609 3643 τὴν
645 3573 824 3626 πίστιν
860 3570 1007 3642 αὐτῷ
1037 3570 1115 3641 τῷ
1143 3568 1256 3640 λαῷ
1283 3569 1382 3640 τῆς
1415 3567 1635 3639 χάριτος
1673 3566 1752 3636 (5)

175 3665 416 3741 [χαρᾶς].
441 3666 642 3737 Ὅρκος
689 3663 798 3736 γὰρ
843 3663 1026 3726 πίστις
1065 3656 1233 3716 ἐστίν.
1261 3659 1468 3715 Ἰακὼϐ
1487 3658 1544 3712 δὲ
1577 3655 1750 3729 ἑρμη-

179 3761 392 3814 νεύεται
428 3757 622 3828 χάρις.

251 3849 310 3903 19
367 3849 476 3900 Καὶ
507 3847 820 3916 ἐπλήρωσεν
855 3843 1022 3914 αὐτὴν
1049 3841 1344 3895 ἀσάλευτον
1385 3841 1484 3911 τὴν
1509 3840 1718 3906 ὲπαγγε
1737 3865 1750 3877 -

173 3944 290 3996 λίαν
316 3939 417 4009 τῆς
445 3938 678 4000 πίστεως
706 3935 784 4006 τῷ
811 3935 925 4005 λαῷ
961 3933 1040 4005 τῷ
1065 3931 1136 3987 τὰ
1165 3931 1294 4006 τέλη
1329 3931 1438 3986 τῶν
1480 3928 1750 3984 Ἰουδαίων

177 4032 521 4101 κατασχόντι.

237 4123 327 4178 20.
359 4123 470 4176 Καὶ
506 4123 618 4182 τοῖς
670 4119 987 4182 ἀποστόλοις
1054 4119 1147 4171 καὶ
1203 4119 1316 4180 τοῖς
1371 4115 1546 4186 ἁγίοις
1613 4115 1748 4167 πᾶσι

171 4219 283 4280 τοῖς
301 4215 500 4286 ὁρῶσιν
524 4212 682 4265 αὐτὸν
707 4215 766 4264 ἐν
791 4209 1094 4279 ὁμοιώματι
1141 4207 1462 4278 ἀνθρώπων,
1503 4206 1596 4259 καὶ
1616 4207 1747 4276 ὁμο-

169 4305 418 4375 λογοῦσιν
449 4299 628 4366 αὑτὸν,
659 4302 735 4364 ὡς
779 4299 910 4352 Θεὸν
937 4299 1013 4368 (4)
1067 4301 1187 4350 κατ’
1211 4293 1418 4358 οὐσίαν,
1469 4293 1658 4362 ὥσπερ
1712 4295 1746 4346 ὁ

183 4396 423 4466 Ἰσραὴλ
450 4393 603 4464 ὀρῶν
623 4393 730 4446 τὸν
757 4392 926 4445 Θεόν.

241 4489 330 4542 21.
359 4487 548 4555 Λέγων
579 4483 656 4554 τῷ
685 4481 832 4554 χορῴ
864 4480 972 4533 τῶν
1005 4470 1318 4531 ἀποστόλων
1345 4486 1358 4506 "
1411 4476 1569 4544 Ὑμῖν
1591 4469 1748 4526 δώσω

173 4579 351 4633 πάντα
371 4577 463 4628 τὸν
485 4569 686 4646 κόσμον
713 4573 822 4626 τῶν
852 4568 1046 4624 ἐθνῶν.
1072 4569 1310 4621 Χαναὰν
1325 4565 1432 4636 γὰρ
1452 4561 1750 4634 ἑρμηνεύε-

1922 2374 2010 2430 10.
2049 2373 2394 2444 Sanationes,
2439 2385 2493 2431 et
2528 2375 2792 2432 doctrina:
2831 2369 2982 2434 verbi
3015 2381 3202 2450 gratia:
3247 2373 3422 2454 ipsius

1932 2551 2011 2606 11.
2043 2553 2254 2609 Fideles
2285 2554 2426 2608 sicut
2455 2555 2754 2610 Abraham.

1925 2645 2010 2700 12.
2046 2645 2296 2712 Apostoli
2345 2648 2485 2702 sicut
2521 2646 2711 2703 Jacob.
2747 2649 2850 2704 hoc
2893 2658 2977 2704 est
2999 2650 3200 2704 mundi
3227 2651 3427 2718 corde!

1924 2815 2014 2877 15.
2043 2823 2144 2889 Qui
2169 2839 2200 2877 a
2231 2825 2521 2895 principio,
2559 2824 2700 2880 idem
2737 2832 2791 2880 et
2814 2826 2866 2880 in
2895 2831 3038 2882 terra
3064 2827 3212 2884 visus
3233 2837 3334 2883 est.

1923 2913 2009 2966 ﬂ.
2044 2911 2316 2983 Praecepta
2338 2914 2479 2984 ejus,
2499 2927 2622 2984 quae
2645 2914 2697 2968 in
2721 2913 3028 2986 Evangeliis
3049 2921 3424 2972 contineantur.

1923 3002 2007 3056 15.
2038 3003 2280 3072 Implevit
2301 3005 2355 3058 in
2387 3013 2628 3075 tempore
2655 3005 2958 3060 novissimo
2993 3019 3115 3074 quae.
3147 3006 3216 3060 de
3253 3019 3420 3078 regno

1851 3105 1953 3149 suo
1981 3095 2348 3164 promiserat..

1925 3184 2014 3240 16.
2042 3183 2120 3240 De
2148 3187 2399 3254 passione
2431 3201 2553 3254 sua,
2589 3201 2753 3257 quam
2797 3188 3050 3258 prmdixit
3091 3189 3145 3244 in
3191 3187 3424 3260 singulis

1777 3303 1826 3366 ο
1855 3277 2295 3349 generationibus
2323 3293 2420 3348 per
2449 3279 2766 3348 prophetas.

1928 3369 2014 3424 17.
2043 3368 2312 3435 Quoniam
2357 3370 2496 3424 dixit
2531 3369 2806 3428 Abraham
2844 3385 2864 3430 :
2901 3364 3018 3429 Erit
3056 3387 3242 3428 semen
3269 3377 3422 3428 tuum

1855 3461 1994 3517 sicut
2023 3471 2170 3515 astra
2191 3462 2314 3516 caeli
2344 3463 2705 3525 multitudine,
2739 3471 2791 3517 et
2821 3462 2941 3518 luce
2968 3463 3036 3518 ⁸³.
3087 3493 3090 3496 -

1925 3551 2010 3606 18.
2043 3551 2108 3606 Et
2133 3552 2288 3606 fidem
2323 3553 2494 3606 eidem
2523 3553 2724 3622 populo
2753 3553 2939 3623 gratim
2969 3545 3217 3628 [laetitiae]
3253 3571 3270 3621 ;
3299 3569 3422 3608 nam

1847 3643 2220 3713 juramentum
2269 3643 2400 3697 tldes
2444 3654 2545 3696 est.
2585 3641 2750 3696 Iacob
2797 3653 2977 3698 autem
3039 3644 3424 3716 interpretatur

1889 3735 2050 3788 ralia.

1889 3753 2050 3788 rana.

1852 3753 1886 3808 9
1923 3826 2008 3880 19.
2041 3825 2107 3878 Ει
2136 3825 2378 3895 implevit
2407 3825 2580 3894 ipsam
2633 3825 3137 3881 incommutabilem
3186 3827 3420 3896 promtu

1852 3919 2056 3974 sionem
2088 3916 2210 3972 (idei
2237 3918 2434 3988 populo
2457 3917 2728 3973 detinenti
2750 3919 3048 3974 novissima
3079 3917 3416 3976 Judazorum.

1921 4097 2011 4153 20.
2049 4095 2116 4152 Et
2157 4097 2419 4168 apostolis
2467 4108 2520 4154 et
2571 4097 2776 4154 sanctis
2817 4098 3072 4154 omnibus
3113 4097 3420 4154 videntibus

1849 4206 1974 4246 eum
2020 4192 2072 4246 in
2125 4191 2534 4246 similitudinem
2587 4191 2872 4245 hominum
2922 4198 2976 4245 et
3033 4190 3417 4246 conﬁtentibus

1850 4297 1973 4339 eum
2002 4294 2060 4337 ut
2088 4283 2253 4337 Deum
2289 4284 2584 4338 secundum
2616 4283 2932 4347 essentiam,
2957 4281 3414 4352 quemadmodum

1850 4376 2022 4434 Israel
2045 4375 2221 4428 videns
2257 4373 2420 4426 Deum
2453 4375 2856 4442 interpretatur.

1919 4471 2004 4522 2|.
2039 4467 2229 4522 Diccns
2248 4467 2414 4521 choro
2435 4467 2836 4535 apostolorum:
2858 4463 3021 4519 Vobis
3039 4465 3179 4520 dabo
3199 4479 3414 4522 omnem

1851 4561 2110 4612 mundum
2135 4555 2398 4625 gentium.
2426 4555 2696 4608 Chauaam
2719 4555 2864 4609 enim
2901 4555 3286 4625 interpretatur
3319 4557 3417 4610 ad:

169 4685 260 4725 ται
276 4666 636 4738 προσκυνῶν
658 4665 772 4734 τὴν
790 4663 864 4736 (5)
891 4661 1165 4731 ἀνομίαν,
1183 4659 1281 4711 ὂπε
1291 4675 1328 4740 ρ⁹
1343 4653 1479 4728 ἦσαν
1507 4655 1572 4708 τὰ
1595 4654 1739 4726 ἔθνη.

1923 4666 2008 4702 an;
2033 4649 2386 4717 iniquitatem,
2416 4647 2608 4716 quales
2638 4657 2792 4700 erant
2820 4657 3029 4716 gentes.

239 4761 332 4816 22.
386 4759 714 4832 Ἀπέραντον
735 4755 934 4825 πλῆθος
971 4753 1072 4824 τῆς
1103 4746 1467 4822 κληρονομίας
1495 4745 1670 4818 ὑμῶν.

243 4853 334 4908 25.
365 4848 546 4904 τΗσαν
573 4851 682 4921 γὰρ
707 4847 935 4902 δώδεκα.

238 4939 331 4993 24.
379 4937 614 5000 ’ἰδιώτας
639 4935 714 5006 τῷ
738 4935 900 5006 λόγῳ,
935 4935 1028 4988 καὶ
1057 4932 1303 5002 πτωχοὺς
1337 4929 1393 4982 ὲν
1422 4928 1500 4999 τῷ
1526 4928 1742 4998 κόσμῳ.

237 5029 332 5084 25.
365 5029 746 5100 Κηρύσσοντες
769 5026 866 5098 τὴν
895 5025 1166 5097 βασιλείαν
1189 5021 1280 5076 τοῦ
1313 5019 1450 5076 Θεοῦ
1485 5021 1586 5091 (6).

237 5121 332 5176 26.
363 5121 471 5174 Καὶ
501 5121 565 5172 ἐκ
581 5119 676 5171 τοῦ
703 5117 832 5172 λαοῦ
854 5117 963 5171 τῶν
1000 5115 1270 5170 Ἰουδαίων
1296 5111 1510 5182 διῆλθον
1537 5107 1745 5180 κηρύσει

165 5229 360 5276 σοντες
391 5211 472 5276 είς
495 5211 566 5264 τὰ
594 5211 744 5282 ἔθνη.

239 5349 288 5380 ’³
327 5345 461 5403 Gen.
491 5363 580 5412 xv,
609 5347 642 5400 5
673 5363 687 5410 ;
729 5362 838 5411 xw,
875 5343 962 5396 10.

1918 4741 2010 4796 22.
2036 4740 2303 4794 lulinitam
2331 4737 2729 4792 multitudinem
2762 4738 3098 4794 hereditatis
3124 4743 3320 4794 vestrae

1915 4834 2006 4888 25.
2045 4835 2212 4886 Erant
2236 4831 2378 4885 enim
2403 4829 2712 4885 duodecim.

1910 4927 1998 4980 21.
2030 4926 2292 4978 Sermone
2319 4923 2558 4993 imperiti
2589 4932 2642 4977 et
2671 4937 2936 4992 pauperes
2966 4923 3020 4977 in
3049 4920 3251 4976 mundo

1911 5019 1998 5072 25.
2031 5016 2397 5070 Praedicantes
2429 5031 2657 5085 regnum
2696 5013 2807 5069 Dei.

1910 5109 2000 5163 26.
2031 5107 2097 5162 Ει
2147 5107 2213 5162 de
2253 5108 2456 5177 populo
2505 5103 2821 5160 Judaaorum
2869 5113 3305 5176 pertransrerunt
3344 5094 3413 5158 ad

1843 5198 2245 5270 praedicandum
2275 5199 2327 5251 in
2353 5197 2605 5268 gentibus

1121 5431 1426 5498 Addenda
1463 5437 1524 5492 et
1559 5426 1931 5508 corrigenda
1963 5441 2040 5486 ex
2087 5421 2230 5484 cod.
2261 5421 2460 5483 Vatic.

259 5594 314 5664 1)
344 5587 576 5664 Χάριτδς
607 5601 720 5664 σου.

259 5595 314 5664 1)
344 5595 576 5663 Χάριτός
607 5601 720 5645 σου.

232 5595 318 5744 i2.)
350 5662 603 5744 Ἐπὶτῆξ
638 5663 745 5744 τῆς
766 5657 964 5744 ὤφθης
995 5737 1000 5742 ,
1027 5665 1060 5744 ’,
1109 5665 1112 5668 ’

236 5720 319 5800 ἰ5)
338 5731 508 5786 Αὑτοῦ
645 5720 757 5803 λάῷ
783 5720 882 5802 τῆς
905 5720 1144 5802 χάριτος,
1163 5723 1480 5796 οιο.,⁹ῐσαὰκ
1511 5720 1591 5790 δέ,
1623 5727 1732 5778 οισι

2023 5574 2116 5660 Εἰς
2141 5571 2293 5660 Θεόν,
2309 5579 2432 5660 Δοῑει.

1919 5641 1993 5714 (5)
2029 5641 2148 5712 Τήν
2177 5644 2346 5695 deest.

1919 5715 1991 5788 (6)
2015 5712 2148 5768 Θεοῦ
2178 5713 2256 5780 είς
2277 5710 2452 5767 πάντα
2483 5709 2554 5765 τὰ
2581 5709 2732 5785 ειη.
