3706 6416
318 336 455 394 1105
1159 337 1212 388 S.
1257 333 1616 389 ATUANASII
1658 335 1806 394 OPP.
1851 337 2025 394 PARS
2064 339 2148 392 Ill.
2192 336 2694 392 ~EXEGETICA.
3129 367 3136 371 -
3404 341 3533 397 HM

388 457 455 508 ‘27
510 453 628 507 Non
656 453 868 520 reliquit
902 446 1172 504 hominem
1214 463 1406 503 nocere
1440 448 1552 502 eis:

1905 463 1950 510 Δ
2045 453 2133 505 27.
2165 454 2276 504 Οὐκ
2306 453 2512 522 ἀφῆκεν
2539 453 2820 522 ἄνθρωπον
2843 453 3094 524 ἀδικῆσαι
3124 454 3322 518 αύτούς
3345 473 3359 487 ·

388 547 478 601 28.
504 545 570 598 Ει
597 543 855 612 corripuit
881 557 978 610 pro
1004 542 1082 595 eis
1113 556 1285 609 reges.

2047 544 2136 598 '28.
2171 543 2277 596 Kal.
2305 542 2526 612 ἤλεγξεν
2547 544 2686 614 ὑπὲρ
2714 543 2891 597 αὐτῶν
2922 544 3181 614 βασιλεῖς.

389 638 476 690 29.
511 633 683 689 Nolite
713 643 925 701 tangere
963 632 1198 686 christos
1234 649 1384 688 meos
1409 676 1422 690 .

2046 635 2135 688 ‘29.
2170 635 2262 703 Μὴ
2298 635 2530 689 ἅπτεσθε
2564 636 2670 689 τῶν
2704 636 2936 707 χριστῶν
2966 655 3065 707 μου
3091 655 3103 668 ·

391 725 478 780 50.
515 725 576 779 Et
609 725 660 778 in
691 723 964 792 prophetis
994 722 1128 775 meis
1160 723 1326 776 nolite
1355 723 1667 793 malignari.

2046 726 2135 780 30.
2171 726 2280 778 Καὶ
2312 726 2371 778 ἐν
2396 729 2510 790 τοῖς
2540 729 2844 798 προφήταις
2873 744 2973 797 μου
3007 728 3080 799 μὴ
3107 728 3486 801 πονηρεύεσθε.

391 816 478 870 51.
515 816 576 869 Et
602 815 812 869 vocavit
847 814 1043 866 famem
1067 829 1230 881 super
1261 825 1499 870 terram:

2047 813 2135 867 51.
2172 816 2281 868 Καὶ
2313 815 2535 870 ἐκάλεσε
2559 817 2714 888 λιμὸν
2743 818 2834 870 ἐπὶ
2863 816 2959 889 τὴν
2988 819 3089 888 γῆν

392 908 477 962 3'2.
513 906 682 961 Omne
713 910 1110 959 ﬁrmamentum
1133 905 1292 976 panis
1320 906 1593 961 contrivit.
1839 915 1842 917 λ

1839 915 1842 917 ‘
2049 905 2138 958 32.
2173 906 2285 958 Πᾶν
2317 908 2591 978 στήριγμα
2621 909 2786 978 ἄρτου
2825 907 3161 978 συνέτριψεν.

391 1001 475 1055 55.
513 999 653 1053 Misit
674 1009 798 1052 ante
828 1014 920 1054 eos
955 999 1130 1052 virum
1158 1014 1172 1050 :

2048 997 2135 1050 33.
2178 997 2516 1050 Ἀπέστειλεν
2549 998 2850 1071 ἔμπροσθεν
2872 998 3048 1054 αὐτῶν
3081 998 3367 1072 ἄνθρωπον

393 1091 477 1146 54.
509 1090 567 1144 In
588 1106 798 1145 servum
830 1089 1168 1144 venundatus
1200 1099 1282 1145 est
1303 1087 1522 1160 Joseph.

1520 1133 1522 1143 ,
2048 1087 2132 1140 54.
2169 1088 2261 1150 Εἰς
2295 1087 2478 1141 δοῦλον
2511 1090 2721 1161 ἐπράθη
2764 1091 2983 1161 Ἰωσήφ.

393 1184 482 1237 55.
512 1182 942 1236 Humiliaverunt
971 1181 1024 1235 in
1054 1183 1410 1252 compedibus
1446 1182 1606 1251 pedes
1635 1180 1792 1252 ejuS'

2049 1177 2138 1231 55.
2180 1178 2578 1232 Ἐταπείνωσαν
2606 1181 2662 1232 ἐν
2689 1180 2874 1241 πέδαις
2898 1183 3022 1245 τοὺς
3047 1181 3212 1245 πόδας
3239 1181 3435 1236 αὐτοῦ·

392 1273 481 1327 56.
513 1271 738 1326 Ferrum
774 1275 1085 1340 pertransiit
1112 1275 1349 1328 animam
1385 1273 1524 1342 ejus.

2048 1268 2135 1322 36.
2168 1268 2389 1340 Σίδηρον
2410 1270 2622 1341 διῆλθεν
2647 1274 2678 1343 ἡ
2710 1272 2854 1344 ψυχὴ
2876 1274 3059 1326 αὐτοῦ.

392 1363 480 1416 57.
511 1362 689 1416 Donec
717 1362 922 1416 veniret
945 1364 1164 1416 verbum
1198 1363 1315 1432 ejus
1343 1382 1355 1417 :

2047 1359 2134 1412 37.
2166 1358 2337 1430 Μέχρι
2369 1359 2462 1412 τοῦ
2492 1359 2663 1414 ἐλθεῖν
2692 1362 2780 1416 τὸν
2809 1363 2963 1431 λόγον
2989 1363 3173 1419 αὐτοῦ.

393 1453 480 1506 58.
516 1452 802 1522 Eloquium
831 1451 1042 1505 Domini
1071 1452 1420 1506 inﬂammavit
1451 1466 1598 1505 eum.

2045 1451 2134 1504 58.
2167 1451 2240 1502 Τὸ
2267 1451 2442 1519 λόγιον
2469 1453 2670 1523 Κυρίου
2702 1453 2981 1525 ἐπύρωσεν
3018 1455 3197 1507 αὐτόν.

391 1544 479 1598 59.
516 1543 660 1597 Misit
685 1559 798 1607 rex,
821 1553 876 1597 et
895 1544 1053 1598 solvit
1082 1559 1204 1598 eum
1229 1560 1242 1596 :

2047 1542 2135 1596 39.
2175 1542 2485 1596 Ἀπέστειλε
2523 1543 2792 1613 βασιλεὺς,
2829 1545 2923 1598 καὶ
2955 1544 3141 1597 ἔλυσεν
3167 1543 3365 1598 αὐτόν’

393 1637 479 1689 4t).
509 1633 765 1703 Princeps
799 1635 975 1704 populi
1011 1644 1064 1688 et
1088 1634 1292 1688 dimisit
1319 1649 1461 1690 eum.

2047 1632 2136 1686 40.
2172 1636 2387 1708 Ἀρχων
2416 1636 2569 1702 λαοῦ,
2602 1637 2695 1690 καὶ
2723 1636 2935 1706 ἀφῆκεν
2983 1638 3163 1692 αὐτόν.

392 1728 481 1779 Η.
513 1725 806 1780 Constituit
837 1741 959 1779 eum
993 1723 1280 1779 Dominum
1307 1724 1503 1779 domus
1533 1738 1667 1788 suaa,

2047 1726 2135 1782 41.
2167 1729 2512 1800 Κατέστησεν
2546 1730 2705 1783 αὑτὸν
2731 1730 2931 1800 Κύριον
2952 1729 3043 1782 τοῦ
3073 1731 3219 1782 οῑκου
3251 1725 3436 1793 αὑτοῦ,

392 1817 482 1869 ιὲ.
521 1815 585 1870 Et
617 1817 913 1885 principem
949 1817 1128 1870 omnis
1155 1815 1518 1885 possessionis
1548 1831 1680 1870 sum.

2045 1819 2134 1872 42.
2159 1819 2269 1871 Καὶ
2295 1821 2532 1892 ἄρχοντα
2572 1821 2754 1890 πάσης
2787 1823 2884 1891 τῆς
2907 1821 3148 1890 κτήσεως
3182 1819 3368 1874 αὐτοῦ.

394 1909 479 1962 45.
519 1906 587 1964 Ut
613 1909 849 1964 erudiret
885 1908 1156 1978 principes
1181 1907 1300 1977 ejus
1335 1909 1476 1963 sicut
1505 1907 1854 1977 semetipsum

2072 1907 2136 1962 ιδ.
2170 1907 2276 1961 Τοῦ
2300 1899 2583 1963 παιδεῦσαι
2605 1911 2729 1972 τοὺς
2758 1911 3019 1981 ἄρχοντας
3040 1909 3203 1962 αὑτοῦ
3225 1910 3301 1972 ὡς
3329 1909 3535 1972 ἑαυτὸν,

1437 2043 1818 2100 ATHANASII
1860 2042 2438 2104 INTERPRETATIO.

395 2218 483 2274 27.
517 2216 631 2274 Non
657 2219 874 2290 reliquit
906 2222 1212 2292 quempiam
1248 2235 1455 2285 eorum,
1486 2220 1580 2290 qui
1615 2229 1743 2275 tunc
1774 2220 1858 2273 im‘

2076 2214 2134 2269 .7.
2167 2215 2281 2268 Ούκ
2319 2214 2496 2284 ἀφῆκέ
2532 2231 2652 2268 τινα
2689 2213 2795 2268 τῶν
2824 2214 2946 2266 τότε
3001 2210 3346 2283 κρατούντων
3377 2226 3539 2264 κατα-

325 2313 530 2381 perium
559 2312 894 2378 obtinebant,
928 2322 986 2368 ut
1021 2314 1295 2383 apostolos
1328 2322 1672 2382 superarent.

1375 2322 1672 2382 xperarent.
1979 2304 2334 2359 δυναστεῦσαι
2365 2307 2472 2358 τῶν
2507 2304 2838 2359 ἀποστόλων.

391 2403 477 2458 9.8.
516 2401 780 2458 Herodem
809 2413 861 2459 et
893 2403 1162 2460 Neronem
1192 2403 1489 2459 interiecit.

2047 2399 2137 2452 28.
2187 2399 2433 2468 Ἡρώδην
2459 2400 2552 2450 καὶ
2580 2397 2805 2468 Νέρωνα
2839 2395 3193 2449 ἐθανάτωσεν.

392 2494 482 2548 29.
511 2495 819 2561 Apostolos.

2047 2489 2136 2543 29.
2174 2489 2294 2543 Τῶν
2323 2488 2653 2542 ἀποστόλων.

393 2580 480 2634 50.
512 2583 676 2635 Erant
727 2582 870 2636 enim
922 2582 1082 2636 iidem
1120 2582 1351 2651 apostoli
1383 2585 1546 2638 etiam
1579 2582 1856 2652 prophetae

2078 2580 2136 2633 40.
2163 2575 2341 2632 Ἦσαν
2374 2579 2481 2650 γάρ
2521 2581 2566 2632 οἱ
2599 2581 2753 2632 αὐτοὶ
2791 2577 3074 2631 ἀπόστολοι
3104 2578 3200 2631 καὶ
3249 2577 3541 2651 προφῆται,

324 2673 704 2728 annuntiantes
730 2689 850 2743 quae
877 2674 1056 2727 futura
1093 2683 1219 2728 sunt
1249 2674 1300 2726 in
1333 2688 1498 2744 regno
1521 2675 1786 2730 caelorum

2014 2668 2224 2735 ἐγοντες
2257 2667 2322 2720 τὰ
2355 2668 2614 2738 μέλλοντα
2642 2671 2698 2722 ἐν
2719 2670 2783 2738 τῇ
2811 2666 3056 2738 βασιλείᾳ
3079 2666 3190 2719 τῶν
3213 2666 3477 2738 οὐρανῶν.

394 2761 484 2816 51.
513 2761 570 2815 In
618 2762 954 2834 Synagogam
987 2763 1166 2817 intulit
1197 2778 1304 2816 non
1353 2761 1547 2818 famem
1582 2764 1758 2834 panis,
1788 2778 1857 2818 sei

2080 2760 2138 2813 .l.
2181 2761 2268 2812 Ἑν
2305 2763 2371 2831 τῇ
2418 2764 2704 2832 συναγωγῇ
2762 2761 2991 2832 ἤνεγκεν
3042 2761 3102 2813 ού
3152 2760 3313 2831 λιμὸν
3355 2759 3543 2831 ἄρτου,

327 2853 520 2908 famem
551 2855 802 2909 audiendi
838 2855 1055 2909 verbum
1087 2853 1300 2908 Domini
1325 2855 1389 2907 ".

1980 2851 2116 2904 ἀλλά
2145 2850 2298 2920 λιμὸν
2327 2851 2420 2903 τοῦ
2455 2851 2684 2904 ἀκοῦσαι
2713 2850 2864 2919 λόγον
2895 2852 3096 2923 Κυρίου
3132 2851 3229 2924 (1).

392 2945 480 2999 52.
510 2943 734 3000 Omnem
769 2961 957 2999 eorum
1007 2946 1335 3000 mundanam
1385 2946 1691 3001 doctrinam
1736 2947 1855 3002 dedi

2082 2941 2137 2994 >2.
2173 2943 2360 2994 Πᾶσαν
2389 2942 2566 2996 αὐτῶν
2614 2941 2711 3014 τὴν
2742 2943 3086 2997 διδασκαλίαν
3133 2944 3232 3014 τὴν
3281 2943 3545 3016 κοσμικὴν

323 3037 381 3090 ἱη
414 3037 791 3106 perditionem.

1984 3035 2064 3098 είς
2089 3035 2392 3104 ἀφανισμὸν
2412 3034 2629 3089 ἔδωκεν.
3377 3097 3379 3100 ς

395 3128 483 3182 55.
516 3125 642 3180 Fuit
670 3128 822 3181 homo
843 3127 1036 3182 missus
1062 3144 1096 3182 a
1115 3126 1240 3193 Deo,
1261 3127 1346 3180 cui
1371 3143 1555 3181 nomen
1577 3137 1691 3181 erat
1717 3126 1858 3182 Joan

2084 3127 2142 3180 I3.
2195 3126 2456 3190 Ἐγένετο
2516 3127 2822 3194 ἅνθρωπος
2885 3127 3340 3196 ἀπεσταλμένος
3389 3124 3547 3194 παρὰ

327 3234 413 3272 ne:
431 3219 499 3270 ".
1065 3257 1068 3262 -
1986 3217 2153 3281 Θεοῦ,
2176 3216 2360 3286 ὄνομα
2387 3216 2548 3282 αὐτῷ
2581 3217 2865 3285 Ἰωάννης

397 3309 484 3364 54.
515 3307 820 3363 Humanum
851 3323 1020 3378 genus
1041 3310 1316 3364 venditum
1350 3319 1462 3363 erat
1487 3311 1539 3363 in
1567 3310 1860 3364 scrvituten

2139 3346 2142 3358 .
2172 3306 2244 3359 Τὸ
2269 3307 2422 3376 γένος
2453 3307 2560 3360 τῶν
2597 3307 2896 3379 ἀνθρώπων
2942 3311 3022 3372 εἰς
3068 3307 3328 3364 δουλείαν,
3354 3304 3420 3380 ἦν
3449 3324 3548 3360 πε-
3595 3366 3602 3372 ,

327 3399 397 3454 ab
427 3401 596 3453 Adam
640 3401 709 3454 ob
756 3407 1035 3468 peccatum
1067 3417 1080 3452 :
1108 3415 1232 3453 nam
1275 3398 1466 3470 Ioseph
1499 3401 1790 3471 interpreta

2082 3396 2262 3466 ιμένος
2307 3396 2383 3468 (2)
2423 3400 2487 3468 τῇ
2529 3399 2773 3469 ἁμαρτίᾳ
2812 3398 2920 3452 ἀπὸ
2953 3399 3047 3452 τοῦ
3086 3399 3290 3470 Ἀδάμ*
3327 3400 3545 3468 Ἰωσὴφ

328 3489 534 3543 addidi.

1917 3551 1950 3559 _
1986 3488 2094 3558 γὰρ
2131 3487 2486 3559 ἑρμηνεύεται
2519 3487 2879 3557 προσέθηκα.

396 3583 483 3635 55.
519 3581 855 3636 Domuerunt
884 3582 1204 3637 adversariae
1237 3592 1534 3653 potestates
1575 3600 1745 3655 genus
1782 3585 1855 3639 hu

2086 3576 2142 3630 ὅ.
2162 3551 2173 3559 ’
2194 3551 2499 3647 ξΕδὰμασαν
2537 3551 2777 3632 ἐναντίαι
2805 3578 2878 3649 (5)
2907 3577 3158 3647 δυνάμεις
3189 3577 3250 3630 τὸ
3269 3579 3419 3646 γένος
3437 3577 3549 3631 τῶν

327 3689 545 3728 manum
575 3683 812 3743 peccato.

1986 3668 2082 3721 ἀνθ
2091 3667 2288 3739 ρώπων
2312 3671 2378 3739 τῇ
2413 3669 2675 3741 ἁμαρτίᾳ.

396 3763 482 3816 56.
535 3761 593 3816 1η
644 3772 870 3818 mortem
903 3763 1093 3818 incidit
1141 3766 1320 3819 anima
1370 3765 1609 3820 universi
1662 3768 1859 3821 human

2085 3759 2144 3812 ιϐ.
2182 3759 2274 3822 Εἰς
2306 3759 2532 3812 θάνατον
2565 3761 2831 3814 ἐπέπεσεν
2867 3761 2944 3833 (4)
2979 3763 3012 3832 ἡ
3050 3762 3198 3834 ψυχὴ
3229 3763 3422 3827 παντὸς
3449 3759 3548 3814 τοῦ

328 3854 560 3922 generis.

1984 3851 2172 3918 γένους
2202 3851 2309 3904 τῶν
2335 3852 2431 3904 ἀνθ
2439 3851 2656 3922 ρώπων.

397 3944 485 3996 57.
512 3943 690 4000 Donec
716 3945 864 3999 venit
893 3945 1200 4017 unigenitus
1223 3944 1390 4002 Filius
1414 3945 1524 3999 Dei.

2053 3943 2142 3998 37.
2164 3944 2306 4008 Ἕως
2331 3939 2390 3998 οὗ
2419 3940 2579 4013 ἦλθεν
2609 3946 2638 3996 ὁ
2672 3945 2961 4016 μονογενὴς
2983 3946 3111 4008 Υἱὸς
3136 3944 3230 3997 τοῦ
3262 3944 3417 3998 Θεοῦ.

397 4034 485 4090 58.
518 4034 772 4091 Doctrina
803 4049 856 4091 et
874 4036 1138 4093 adventus
1164 4037 1377 4092 Domini
1400 4037 1682 4091 mundavit
1715 4054 1860 4108 genu:

2082 4035 2142 4090 i8.
2186 4035 2458 4106 Ἠ-διδαχὴ
2489 4036 2581 4088 καὶ
2608 4039 2640 4106 ὴ
2671 4036 2941 4108 παρουσία
2973 4037 3068 4090 τοῦ
3104 4037 3308 4108 Κυρίου
3345 4034 3545 4090 ἐκαθά-

331 4126 647 4179 humanum.

1989 4143 2104 4197 ρισε
2127 4126 2186 4178 τὸ
2217 4127 2371 4194 γένος
2394 4126 2501 4178 τῶν
2524 4125 2839 4196 ἀνθρώπων.

397 4217 484 4272 39.
514 4217 672 4272 Pater
703 4217 896 4272 Filium
927 4219 1099 4286 misit,
1131 4228 1184 4273 et
1211 4219 1373 4274 solvit
1404 4227 1579 4273 totum
1620 4219 1860 4274 mundun

2091 4219 2140 4274 9.
2184 4218 2241 4270 '0
2261 4217 2450 4288 Πατὴρ
2474 4219 2562 4271 τὸν
2586 4219 2711 4273 Υέὸν
2731 4219 3034 4281 ἀπέστειλε,
3069 4221 3162 4272 καὶ
3185 4217 3342 4272 ἔλυσε
3371 4219 3554 4273 πάντα.

327 4323 357 4360 a
381 4310 611 4376 peccatis
636 4311 764 4364 suis.

1983 4310 2072 4363 τὸν
2095 4309 2298 4382 κόσμον
2323 4311 2430 4363 ἀπὸ
2454 4310 2562 4363 τῶν
2585 4309 2865 4381 ἁμαρτιῶν
2903 4309 3102 4364 αὐτῶν.

395 4398 478 4453 40.
519 4398 740 4455 Liberos
767 4401 914 4456 ipsos
951 4401 1127 4457 effecit
1172 4418 1202 4456 a
1244 4403 1616 4458 dominatione
1655 4405 1856 4474 peccati

2082 4401 2143 4456 ρο.
2198 4401 2542 4473 Ἐλευθέρους
2595 4403 2792 4465 αὐτοὺς
2839 4401 3105 4470 πεποίηκε
3162 4400 3255 4454 τοῦ
3295 4399 3545 4472 κυριεύει

1987 4490 2108 4544 σθαι
2142 4491 2220 4563 (5)
2251 4492 2356 4545 ὑπὸ
2381 4493 2482 4561 τῆς
2501 4492 2814 4563 ἁμαρτίας.)

399 4579 484 4632 bl.
520 4578 678 4634 Pater
709 4581 900 4634 Filium
927 4597 1088 4636 suum
1116 4581 1415 4636 declaravit
1454 4582 1738 4636 Dominum
1764 4598 1862 4636 om

2089 4583 2141 4641 1.
2181 4583 2239 4636 '0
2268 4584 2456 4656 Πατὴρ
2481 4583 2713 4648 ἀνέδειξε
2737 4582 2828 4635 τὸν
2854 4581 2980 4636 Υἱὸν
3001 4581 3164 4636 αὐτοῦ
3189 4582 3389 4654 Κύριον
3409 4581 3547 4634 πάν-

329 4667 476 4722 nium
508 4679 838 4735 sanctorum,
869 4680 924 4726 et
961 4672 1133 4726 dixit:
1171 4671 1274 4725 llic
1295 4681 1374 4725 est
1417 4671 1592 4725 Filius
1631 4689 1773 4726 meus

2083 4673 2214 4727 ’τῶν
2256 4674 2446 4742 ἁγίων,
2491 4676 2584 4727 καί).
2620 4675 2868 4744 εἴρηκεν,
2916 4675 2990 4738 ὡς
3029 4671 3217 4741 Οὗτός
3251 4675 3326 4744 (6)
3372 4675 3546 4727 ἐστιν

329 4761 509 4828 lectus,
545 4763 712 4829 ipsum
739 4762 937 4816 audite.

1984 4767 2016 4818 ό
2049 4766 2181 4831 Υἱός
2208 4783 2326 4834 μου
2353 4769 2384 4819 d
2408 4765 2727 4835 ἀγαπητὸς,
2751 4767 2936 4822 αὑτοῦ
2960 4767 3227 4820 ἀκούετε.

396 4851 480 4910 42.
516 4853 818 4922 Principem
846 4861 900 4907 et
926 4852 1327 4907 Dominatorem
1364 4853 1548 4908 omnis
1580 4854 1743 4909 simul
1767 4870 1849 4912 cae

2080 4858 2141 4910 ἃ.
2177 4858 2442 4928 ’Ἄρχοντα
2502 4857 2594 4910 καὶ
2642 4856 2986 4928 ἐξουσιαστὴν
3036 4858 3216 4927 πάσης
3266 4854 3393 4926 ὁμοῦ
3437 4853 3543 4922 τῆς

331 4947 472 5002 testis
496 4955 548 5000 et
574 4944 866 5009 terrestris,
890 4952 942 4999 et
977 4943 1202 4999 infernae
1235 4951 1518 4999 creaturae.

2083 4948 2328 5018 νυρανίου,
2353 4949 2444 5000 καὶ
2483 4947 2760 5016 ἐπιγείων,
2803 4948 2895 5002 καὶ
2920 4947 3284 5018 καταχθονίων
3315 4946 3386 5017 (7)
3415 4944 3546 4998 κτί-

1992 5053 2148 5099 σεως.

389 5121 477 5174 45.
512 5118 799 5189 Apostolo;
815 5117 950 5186 ejus.

2048 5125 2137 5182 45.
2175 5128 2312 5190 Τοὺς
2345 5126 2669 5190 ἀποστόλους
2694 5125 2875 5180 αὑτοῦ.

390 5239 438 5270 ⁸⁵
473 5239 640 5293 Amos
665 5250 789 5298 vnt,
826 5234 911 5286 11.
997 5233 1044 5268 ³⁵
1071 5230 1231 5287 Joan.
1267 5249 1303 5298 ι,
1332 5231 1390 5288 6.

1257 5329 1564 5392 Addenda
1602 5335 1664 5392 et
1694 5331 2070 5412 corrigenda
2116 5349 2193 5394 ex
2221 5333 2361 5394 cod.
2397 5335 2573 5396 Vatic

391 5498 466 5567 (1)
485 5493 642 5567 Θεοῦ.
743 5561 754 5567 _
1204 5561 1243 5567 __
2053 5495 2127 5567 (5)
2157 5495 2376 5567 Τοῦ-μὴ
2405 5495 2771 5567 κυριεύεσθαι.

495 5561 869 5636 Πεπραμεγονι
895 5571 1021 5625 etc»
1051 5561 1406 5632 προσέθηκεν·
2169 5555 2578 5636 Ἀγίὼνίαὺὲοὗ,
2608 5562 2840 5636 είρηκῴς
2868 5555 3099 5636 (Οὗτος,
3134 5577 3241 5622 (ιω,

391 5631 468 5704 (5)
489 5635 555 5704 At
589 5631 846 5704 ἐναντίαι.
963 5701 1001 5704 _
1037 5699 1060 5704 _
1102 5700 1115 5704 _
2177 5631 2470 5702 Ἐπιγείου,
2497 5635 2588 5689 καὶ
2609 5631 2983 5704 καταχθονίου,
3011 5643 3118 5689 etc.

387 5699 461 5779 (ι)
496 5701 812 5768 Ύπὲπεσεει,
833 5712 932 5755 etc.
961 5699 1063 5753 Τοῦ
1087 5700 1250 5756 deest.
