3748 6282
185 269 327 331 Ηθό
1078 277 1166 331 DE
1204 277 1481 335 TITULIS
1517 280 1971 341 PSALMORUM.
2010 314 2078 325 —
2121 283 2314 340 PSAL.
2347 284 2481 341 CIV.
3300 290 3426 346 “00

255 387 345 441 44.
383 386 494 441 Kal
524 387 650 451 τοὺς
677 389 1079 462 πρεσϐυτέρους
1111 393 1276 447 αὐτοῦ
1313 395 1547 464 σοφίσαι.

1790 402 1837 460 Α
1935 401 2024 454 44.
2063 399 2130 454 Et
2151 416 2312 456 senes
2345 401 2464 470 ejus
2503 400 2839 470 prudentiam
2873 402 3109 458 doceret.

253 477 346 533 45.
383 478 493 530 Kal
521 479 769 550 εἰσῆλθεν
816 482 1034 552 Ἰσραὴλ
1065 485 1144 547 εἰς
1173 484 1446 552 Αἴγυπτον
1467 503 1480 515 ·

1934 493 2022 548 45.
2061 493 2126 546 Et
2155 493 2380 547 intravit
2407 493 2572 548 Israel
2605 493 2656 546 in
2681 491 2971 564 Egyptum
3001 513 3013 549 :

253 569 343 624 46.
379 569 492 623 Kal
529 570 724 624 Ἰακὼϐ
758 572 1085 645 παρῴκησεν
1117 577 1174 627 ὲν
1204 580 1273 646 γῇ
1305 575 1453 648 Χάμ.

1837 593 1843 600 ’
1935 585 2022 640 46.
2053 584 2120 639 Et
2147 583 2316 640 Ιτιεοι)
2348 586 2532 640 accola
2565 585 2667 640 fuit
2695 589 2749 640 ln
2781 595 2921 641 terra
2950 585 3142 640 (Iliam.

253 660 345 714 47.
381 661 492 714 Kal
523 660 726 732 ηὔξησε
751 663 841 717 τὸν
873 665 1000 719 λαὸν
1022 667 1188 720 αὐτοῦ
1223 667 1424 738 σφόδρα
1443 684 1456 696 '

1932 679 2020 732 47.
2055 680 2118 732 Et
2153 680 2303 733 auxit
2338 680 2595 749 populum
2629 695 2788 733 suum
2825 681 3210 734 vehementer:

252 752 345 806 48.
375 753 484 806 Kal
516 755 882 826 ἑκραταίωσεν
915 757 1077 811 αὑτὸν
1106 759 1244 831 ὑπὲρ
1267 760 1392 823 τοὺς
1420 757 1645 830 ἐχθροὺς
1668 761 1729 813 αὖ

1705 761 1760 813 ὑ·
1933 767 2020 822 48.
2055 768 2122 822 Et
2148 769 2384 822 ﬁrmavit
2414 783 2538 822 eum
2572 785 2736 838 super
2762 769 3015 826 inimicos
3047 769 3185 838 ejus.

183 860 300 895 του.

255 934 344 989 49.
383 933 731 1006 Μετέστρεψε
776 938 875 1008 τὴν
925 939 1148 1012 καρδίαν
1191 941 1358 996 αὐτοῦ
1390 943 1483 996 τοῦ
1534 947 1735 1018 μισῆσα

1933 941 2018 996 49.
2051 937 2326 996 Convertit
2355 958 2451 996 eor
2479 943 2601 1013 ejus
2628 954 2684 998 ut
2710 942 2885 999 odiret
2913 945 3170 1015 populum
3199 945 3319 1017 ejus
3343 967 3357 1003 :

183 1025 275 1078 τὸν
299 1025 432 1078 λαὸν
458 1025 620 1079 αὑτοῦ
637 1043 652 1058 ο

254 1115 344 1173 50.
382 1116 488 1170 Τοῦ
528 1116 828 1174 δολιοῠσθαι
861 1121 919 1173 ὲν
950 1126 1060 1185 τοῖς
1088 1123 1292 1186 δούλοις
1327 1124 1510 1176 αὑτοῦ.

1929 1121 2018 1176 50.
2058 1121 2121 1176 Ει
2147 1122 2332 1176 dolum
2365 1121 2566 1176 faceret
2601 1122 2652 1174 in
2678 1137 2864 1177 servos
2893 1123 3030 1203 ejus.

254 1207 345 1262 5L
389 1208 768 1273 Ἐξαπέστειλε
801 1213 1040 1282 Μωῡσῆν
1067 1214 1156 1267 τὸν
1188 1213 1370 1266 δοῦλον
1395 1214 1579 1275 αὑτοῦ,

1415 1214 1579 1275 ιὺτοῦ,
1927 1209 2015 1265 51.
2053 1209 2200 1265 Misit
2223 1209 2442 1284 Moysen
2469 1225 2685 1264 servum
2716 1226 2895 1276 suum,

254 1297 344 1352 52.
383 1297 609 1368 Ἀαρὼν,
649 1300 708 1352 ὃν
739 1300 1022 1368 ἐξελέξατο
1047 1303 1242 1374 ἑαυτῷ.

1928 1299 2016 1354 52.
2049 1300 2248 1366 Aaron,
2279 1317 2441 1370 quem
2471 1300 2636 1370 elegit
2664 1301 2783 1355 sibi.

256 1388 345 1444 55.
383 1389 575 1442 Ἔθετο
595 1391 652 1442 ἑν
685 1391 866 1454 αὐτοῖς
883 1392 1010 1456 τοὺς
1031 1392 1222 1462 λόγους
1259 1393 1366 1446 τῶν
1399 1393 1638 1465 σημείων
1663 1395 1736 1447 αὖ·

1711 1395 1757 1447 5-
1926 1390 2016 1445 55.
2047 1390 2238 1447 Posuit
2259 1391 2311 1445 in
2342 1393 2422 1447 eis
2444 1392 2608 1446 verba
2636 1392 2914 1462 signorum
2943 1408 3191 1456 suorum,

181 1496 300 1545 του,

254 1571 344 1626 54.
375 1571 486 1625 Kal
510 1571 619 1646 τῶν
645 1571 887 1643 τεράτων
913 1572 1074 1626 αὐτοῦ
1103 1575 1160 1627 ἑν
1188 1577 1257 1644 γῇ
1287 1575 1434 1646 Χάμ.

1924 1572 2012 1628 54.
2043 1570 2110 1626 Et
2139 1570 2515 1642 prodigiorum
2540 1587 2764 1626 suorum
2804 1572 2856 1624 in
2883 1582 3025 1627 terra
3053 1573 3243 1628 Cliam.

254 1661 344 1716 55.
385 1643 763 1727 Ἐξατιτέστειλε
795 1663 984 1726 σκότος
1016 1664 1109 1717 καὶ
1143 1665 1466 1718 ἑσκότασενο

1454 1681 1466 1696 υ
1925 1664 2014 1718 55.
2047 1663 2193 1718 Misit
2221 1663 2474 1717 tenebras
2503 1673 2557 1717 et
2582 1664 2896 1718 obscuravit
2922 1682 2934 1718 ε

253 1749 346 1805 56.
380 1750 500 1805 Ὅτι
527 1751 941 1822 παρεπίκραναν
970 1753 1096 1816 τοὺς
1137 1753 1326 1822 λόγους
1360 1755 1544 1808 αὑτοῦ.

1787 1745 1829 1800 Β
1927 1755 2017 1810 56.
2048 1753 2187 1821 Quia
2215 1755 2683 1810 exaeerbaverunt
2706 1771 2988 1812 sermones
3022 1773 3188 1811 suos:

253 1843 344 1897 67.
373 1843 722 1915 Μετὲστρεψε
749 1843 817 1898 τά
846 1843 1015 1898 ὕδατα
1043 1845 1221 1899 αὐτῶν
1247 1849 1325 1910 είς
1352 1842 1490 1919 αἷμα
1509 1864 1522 1877 ·

1927 1845 2012 1900 57.
2051 1844 2332 1901 Convertit
2367 1859 2538 1914 aquas
2567 1843 2755 1901 e0rum
2789 1847 2843 1901 in
2874 1847 3235 1919 sanguinem:

254 1935 344 1992 58.
379 1936 489 1990 Kal
518 1936 803 1991 ἀπέκτεινε
824 1937 951 2000 τοὺς
981 1938 1168 2009 ἰχθύας
1201 1939 1399 1994 αὐτῶν.

1298 1939 1399 1994 ῶν.
1929 1937 2016 1992 58.
2050 1936 2118 1990 Et
2141 1937 2340 1992 occidit
2363 1937 2538 2006 pisces
2568 1954 2778 1992 eorum.

254 2027 341 2082 59.
388 2027 664 2098 Ἐξεῖρψεν
696 2029 729 2098 ἡ
765 2028 834 2098 γῆ
865 2027 1044 2080 αὐτῶν
1078 2028 1383 2100 βατράχους

1328 2047 1383 2093 υς
1802 2037 1807 2042 ’
1927 2028 2014 2083 59.
2051 2028 2232 2082 Edidit
2256 2039 2398 2083 terra
2427 2045 2617 2083 eorum
2650 2046 2808 2084 ranas

253 2119 343 2176 60.
385 2121 474 2174 Ἐν
499 2122 611 2183 τοῖς
639 2119 907 2188 ταμιείοις
935 2119 1042 2172 τῶν
1073 2120 1336 2190 βασιλέων
1368 2120 1569 2175 αὐτῶν.

1525 2139 1569 2174 ν.
1923 2120 2011 2175 60.
2044 2119 2101 2174 ln
2125 2121 2494 2191 penetralibus
2522 2137 2710 2189 regum
2738 2121 3005 2192 ipsorum.

1311 2257 1680 2314 ATIlANASll
1728 2255 2312 2313 lNTERPRETATlO.

253 2415 342 2475 44.
373 2420 484 2474 Kal
517 2419 846 2483 επισκόπους
884 2421 978 2475 καὶ
1021 2418 1423 2491 πρεσϐυτέρους
1459 2420 1516 2471 ὲν
1557 2417 1725 2486 πλήθε

1943 2418 2009 2473 ll.
2049 2417 2111 2472 Et
2151 2419 2436 2490 episcopos
2481 2427 2534 2474 et
2583 2418 2926 2490 presbyteros
2978 2419 3030 2473 in
3088 2419 3423 2477 plenitudine

179 2513 280 2584 τῆς
313 2513 390 2584 (1)
421 2513 640 2584 χάριτος
673 2510 858 2566 αὑτοῦ.

721 2510 858 2566 ὅτοῦ.
1849 2508 2038 2579 gratia:
2065 2524 2201 2563 sure.

250 2604 341 2658 45.
386 2603 444 2658 '0
468 2603 624 2674 χορὸς
653 2603 760 2655 τῶν
785 2602 1094 2658 ἀποστόλων
1125 2604 1372 2674 εἰσῆλθεν
1397 2605 1453 2658 ἑν
1482 2607 1547 2677 τῇ
1575 2603 1725 2673 (mea

1945 2600 2002 2653 με.
2036 2601 2249 2656 Chorus
2281 2601 2659 2672 apostolorum
2685 2601 2967 2674 ingressus
2995 2609 3080 2656 est
3106 2600 3160 2656 in
3197 2603 3425 2656 tribula-

180 2693 274 2748 τοῦ
309 2694 536 2764 κόσμου.
584 2693 828 2762 Ἰσραὴλ
865 2693 973 2766 γὰρ
1023 2695 1382 2766 ἑρμηνεύεται
1424 2697 1570 2764 νοῦς
1598 2701 1660 2764 ὀρ

1940 2708 2052 2747 nem
2070 2693 2280 2747 mundi.
2303 2693 2479 2749 Israel
2500 2695 2645 2750 enim
2672 2695 3060 2764 interpretatur
3086 2711 3226 2748 mem
3244 2695 3420 2750 videns

181 2786 287 2841 τὸν
319 2786 486 2851 Θεὸν,
521 2787 657 2856 ὅπερ
688 2782 826 2856 ἦσαν
849 2788 896 2840 οί
929 2787 1235 2843 ἀπόστολοι.
1265 2788 1563 2858 Αἴγυπτος
1583 2789 1639 2843 δὲ

1942 2801 2040 2849 um,
2069 2785 2259 2856 quales
2281 2795 2438 2841 erant
2480 2787 2733 2858 apostoli.
2764 2786 3024 2859 Egyptus
3051 2796 3229 2844 autem
3258 2789 3422 2843 inter-

181 2879 474 2949 μηνεύεται
497 2880 720 2947 θλίψις.

1850 2881 2095 2944 pretatur
2130 2874 2431 2928 tribulatio.

247 2969 337 3024 46.
385 2971 444 3023 Ὁ
476 2969 604 3035 Υίδς
631 2970 724 3024 τοῦ
754 2971 887 3026 Θεοῦ
916 2973 1247 3045 παρῴκησεν
1277 2975 1336 3027 ἑν
1357 2972 1434 3045 τῷ
1469 2974 1678 3046 κόσμῳ.

1508 2974 1678 3046 ὁσμῳ,
1921 2964 2006 3019 46.
2043 2965 2216 3020 Filius
2249 2964 2344 3020 Dei
2376 2965 2644 3021 habitavit
2673 2966 2728 3021 in
2763 2969 2988 3022 mundo.

248 3063 338 3116 47.
369 3064 478 3117 Kal
505 3065 799 3136 κατήρτισε
819 3067 946 3129 τοὺς
969 3067 1156 3134 ἁγίους
1197 3066 1383 3123 αὐτοῦ.
1920 3057 2007 3112 Πο
2042 3057 2107 3111 Εἰ
2137 3058 2363 3129 Ρθτίθοίῑ
2390 3067 2608 3114 εθηοῑοε
2635 3075 2787 3114 SUOS-

251 3153 338 3207 48.
390 3154 668 3224 Ἐνίσχυσε
698 3157 824 3220 τοὺς
856 3157 1043 3226 ἁγίους
1074 3159 1215 3230 ὑπὲρ
1246 3157 1343 3220 τὰς
1377 3158 1621 3224 ἐναντίας
1657 3161 1731 3214 δυ·

1946 3152 2012 3206 L8.
2045 3151 2436 3207 Corroboravit
2465 3160 2688 3209 sanctos
2714 3168 2876 3224 super
2907 3153 3250 3211 adversarias
3280 3163 3426 3226 pote-

180 3247 390 3318 νάμεις.

1851 3252 2037 3300 states.

247 3337 336 3391 49.
386 3337 733 3409 Ἀπεστράφη
762 3335 823 3390 τδ
867 3335 1018 3401 ἔθνος
1058 3337 1166 3391 τῶν
1207 3338 1472 3393 Ἰουδαίων
1519 3339 1608 3394 διά
1653 3339 1727 3412 τὴ

1943 3336 2008 3390 l9.
2042 3336 2340 3392 Aversatus
2361 3345 2447 3392 est
2470 3347 2683 3408 gentem
2702 3337 3011 3393 Iudaeorum
3037 3346 3257 3408 propter
3271 3353 3423 3392 suam

178 3429 437 3482 ἀπιστίαν
467 3429 666 3484 αὐτῶν.

1853 3427 2251 3483 infidelitatem.

254 3521 342 3575 50.
392 3521 609 3594 Ἐπειδὴ
644 3521 1010 3575 ἑδολιεύσαντο
1035 3519 1171 3575 κατά
1195 3521 1303 3574 τῶν
1329 3518 1619 3594 προφητῶν
1656 3520 1734 3574 αύ·

1943 3517 2008 3572 ἱθ.
2064 3517 2334 3584 Quoniam
2379 3518 2533 3573 dolos
2605 3517 2852 3574 iecerunt
2901 3530 3088 3575 contra
3133 3521 3423 3591 prophetas

178 3630 296 3666 του.

1853 3624 2005 3664 SUOS.

252 3703 340 3757 51.
390 3701 766 3768 Ἐξαπὲστειλε
822 3702 914 3757 τὸν
987 3703 1144 3775 χορὸν
1215 3703 1320 3758 τῶν
1393 3704 1586 3758 ἀλιέων
1651 3703 1724 3774 (2)

1944 3699 2012 3753 ii.
2048 3697 2194 3754 Misit
2215 3699 2443 3753 chorum
2463 3699 2818 3768 piscatorum.
2851 3699 3058 3772 Moyses
3086 3701 3228 3756 enim
3256 3702 3424 3756 inter-

178 3789 443 3860 Μωῦσῆς
470 3792 576 3863 γὰρ
607 3791 966 3862 ἑρμηνεύεται
1013 3793 1316 3862 ἁναιξρεσις
1359 3793 1460 3862 ἀφ’
1512 3793 1658 3846 ὕδατ

1951 3801 2095 3846 tatur
2122 3793 2410 3868 assumptio
2439 3793 2501 3846 ab
2527 3811 2681 3863 aqua.
2710 3792 2752 3846 E
2776 3810 2922 3848 mare
2949 3795 3213 3866 siquidem
3242 3805 3425 3850 sustu-

189 3882 324 3936 Ἀπὸ
354 3883 463 3954 γὰρ
489 3884 587 3954 τῆς
613 3883 886 3954 θαλάσσης
928 3885 1168 3940 ἀνείλετο
1209 3887 1335 3950 τοὺς
1380 3885 1669 3939 ἀποστόλου

1493 3885 1710 3949 στόλους
1735 3902 1747 3917 ·
1852 3885 1914 3939 lit
1943 3884 2220 3953 apostolos
2248 3900 2261 3938 :
2297 3893 2452 3939 erant
2484 3887 2626 3939 enim
2653 3886 2969 3955 piscatores.

177 3969 314 4044 ἦσαν
342 3974 453 4045 γὰρ
476 3975 663 4038 ἁλιεῖς.

251 4064 340 4118 52.
391 4063 616 4133 Ἀαρὼν
672 4063 1031 4135 ἑρμηνεύεται
1087 4067 1222 4134 ὅρος
1274 4066 1610 4136 δυνάμενος
1652 4068 1725 4138 (5)

1951 4063 2014 4117 i2.
2041 4065 2222 4118 Aaron
2261 4063 2649 4135 interpretatur
2681 4081 2828 4118 mons
2880 4065 3111 4130 virtut-is,
3140 4065 3317 4134 qualis
3344 4071 3431 4120 est

177 4158 316 4229 ὅπερ
351 4156 556 4228 ἐστὶνὴ
592 4158 886 4228 Ἐκκλησία
914 4159 1019 4212 τῶν
1051 4159 1276 4225 πιστῶν,
1308 4161 1375 4230 ἢν
1429 4178 1657 4234 περιεπο

1947 4157 2096 4212 :lesia
2153 4157 2415 4223 ﬁdelium,
2448 4171 2610 4225 quam
2663 4157 2998 4226 comparavit
3030 4157 3130 4211 sibi
3166 4156 3427 4226 sanguine

179 4267 313 4304 σατο
336 4248 425 4302 διὰ
446 4249 539 4302 τοῦ
571 4250 700 4303 ίδίου
725 4251 975 4320 αἵματος.
1851 4264 1971 4305 suo.

251 4341 343 4395 55.
372 4340 453 4393 Τὰ
487 4341 886 4413 προστάγματα
914 4342 1078 4395 αὑτοῦ
1107 4343 1257 4396 ἔθετο
1275 4344 1332 4396 ἑν
1371 4343 1448 4413 τῷ
1477 4343 1609 4414 λαῷ.

1511 4343 1609 4414 αῷ.
1921 4341 2015 4400 55.
2046 4339 2317 4407 Praecepta
2347 4353 2444 4391 sua
2477 4338 2656 4406 posuit
2691 4338 2744 4390 in
2773 4338 2987 4406 populo.

253 4433 345 4488 54.
378 4434 489 4487 Kal
521 4433 632 4487 τῶν
664 4435 1002 4504 παθημάτων
1041 4435 1204 4487 αὑτοῦ
1235 4475 1248 4499 ,
1291 4429 1365 4487 ὧν
1395 4436 1653 4504 ὑπέμεινε
1687 4440 1733 4507 τῆ

1943 4432 2010 4484 ει.
2053 4429 2117 4482 Ει
2140 4433 2455 4499 passionum
2481 4445 2728 4492 suarum,
2749 4443 2886 4496 quas
2903 4444 3099 4498 passus
3111 4438 3195 4483 est
3216 4429 3268 4483 in
3293 4444 3423 4483 con-

181 4525 260 4595 (4)
308 4530 598 4598 συναγωγῇ
646 4528 754 4580 τῶν
802 4527 1086 4598 τολμηρῶν
1117 4527 1438 4600 ἀνθρώπων.
1482 4523 1608 4598 Χᾶμ
1645 4546 1661 4596 1

1949 4522 2166 4591 gatione
2197 4521 2483 4575 audacium
2523 4521 2827 4575 hominum.
2867 4517 3033 4575 Cham
3063 4522 3207 4575 enim
3248 4524 3426 4575 audax

179 4617 481 4688 τολμηρὸς
516 4619 894 4691 ἑρμηνεύεται.

773 4637 894 4673 εται.
1853 4617 2253 4684 interpretatur.

251 4707 344 4763 55.
385 4708 473 4761 Ἐν
495 4711 561 4780 τῇ
604 4713 889 4780 συναγωγῇ
919 4709 1098 4764 αὐτῶν
1128 4710 1217 4764 διὰ
1241 4711 1620 4784 τηνίάπιστίαν
1653 4712 1731 4765 αὐ·

1945 4707 2011 4762 ἱ5.
2041 4705 2098 4760 1η
2128 4705 2607 4776 congregationem
2638 4721 2826 4761 eorum
2863 4714 3080 4776 propter
3114 4721 3304 4762 eorum
3341 4706 3425 4759 in-

177 4799 312 4853 τῶν.

1853 4801 2193 4856 ﬁdelitatem.

253 4887 344 4944 56.
380 4888 504 4943 Ὅτι
535 4890 635 4944 οὐκ
671 4890 940 4959 ἐφύλαξαν
962 4891 1028 4945 τὰ
1051 4892 1448 4963 προστάγματα
1478 4891 1665 4949 αὐτοῦ.

1923 4892 2012 4948 56.
2044 4891 2178 4960 Quia
2209 4903 2316 4944 non
2350 4887 2766 4945 custodiverunt
2789 4890 2908 4960 ejus
2939 4901 3223 4960 praecepta.

252 4979 345 5034 57.
392 4979 666 5050 ’Δφείλετο
688 4982 867 5039 αὐτῶν
892 4983 991 5052 τὴν
1036 4984 1216 5054 χάριν,
1247 4984 1339 5038 καὶ
1379 4983 1526 5038 εἴασε
1558 4984 1732 5038 absab.

1947 4985 2014 5038 i7.
2044 4982 2378 5040 Abstuliteis
2398 4982 2654 5052 gratiam,
2697 4991 2753 5038 et
2800 4984 3046 5054 permisit
3086 4999 3180 5037 eos
3225 4981 3427 5037 servire

177 5068 456 5125 δουλεύειν
485 5075 552 5148 τῇ
581 5073 840 5145 ἁμαρτίᾳ.

613 5073 840 5145 ιμαρτίᾳ.
1849 5086 2093 5148 peccato.

253 5162 344 5217 58.
373 5163 484 5226 Τὰς
509 5144 682 5234 ίιυχάς
703 5144 882 5219 αὐτῶν
912 5165 1009 5230 τάς
1041 5167 1097 5218 ἑν
1123 5167 1309 5238 κόσμῳ
1328 5167 1404 5239 (5)
1431 5168 1730 5239 νηχομένας

1628 5168 1752 5230 ἶνας.
1921 5167 2012 5222 58.
2041 5168 2264 5223 Animas
2292 5181 2479 5221 eorum
2511 5165 2565 5220 in
2599 5167 2804 5222 mundo
2835 5174 3108 5223 natantes.

252 5254 343 5309 59.
379 5257 444 5308 Al
467 5256 682 5327 καρδίαι
711 5258 888 5311 αὐτῶν
908 5258 1005 5323 τὰς
1027 5259 1317 5329 ἐπιθυμίας
1334 5261 1448 5312 τῶνε
1463 5261 1730 5332 δαιμόνων

1921 5261 2010 5316 59.
2044 5260 2219 5314 Corda
2245 5275 2435 5314 eorum
2466 5258 2940 5328 concupiscentias
2969 5259 3307 5316 daanionum.

249 5345 342 5402 60.
385 5347 474 5399 Ἐν
503 5349 624 5410 ταῖς
653 5347 911 5412 διανοίαις
938 5348 1045 5402 τῶν
1075 5351 1350 5421 ἀρχόντων
1374 5352 1573 5404 αὐτῶν.

1534 5372 1573 5404 ν.
1924 5351 2009 5406 60.
2047 5351 2104 5405 ln
2141 5351 2417 5406 mentibus
2447 5351 2754 5420 principum
2787 5365 3014 5412 eorum...

1134 5468 1437 5532 Addenda
1471 5477 1530 5531 et
1561 5471 1935 5551 corrigenda
1976 5489 2050 5531 ex
2083 5469 2224 5532 cod.
2259 5468 2457 5528 Vatic.

253 5565 333 5706 ξι)
371 5568 821 5691 ζΕμπλῆσαιττῆς,
861 5583 980 5658 etc;
1299 5644 1309 5657 .
1930 5577 2005 5643 (5)
2033 5575 2342 5660 Δυνάμεως.

275 5637 332 5700 ‘2)
395 5639 434 5690 A
477 5639 619 5705 ιέων,
661 5658 734 5694 ουν
783 5644 1018 5706 Μωυσης
1078 5645 1433 5706 ἑρμηνεύεται
1481 5646 1756 5706 ἀναίρεσις
1932 5646 2006 5706 (4)
2047 5647 2134 5697 Ἐν
2161 5661 2245 5706 τῃ.

275 5637 332 5700 ‘2)
378 5637 619 5724 ’Δλιέωιμ
648 5637 1018 5724 ,ᾧφΜωῦσῆς
1078 5644 1433 5716 ἑρμηνεύεται
1481 5646 1756 5720 ἀναίρεσις

180 5706 400 5773 ὕδατος,
429 5719 534 5766 etc.
569 5711 822 5781 ἀνήλατο,
851 5722 954 5769 etc.
977 5706 1008 5713 ’γ
1109 5706 1119 5716 ’
1147 5706 1157 5715 ’
1210 5706 1219 5715 ’
1611 5706 1620 5720 ’

1109 5706 1157 5716 ”
1210 5706 1219 5715 ’
1611 5706 1620 5720 ’
1739 5706 1751 5711 ’
1934 5706 2008 5787 (5)
2052 5715 2139 5768 Ἐν
2282 5714 2489 5784 κόσμῳ.
