3706 6434
155 274 284 332 1115
1063 286 1152 341 DE
1191 288 1471 346 TITULIS
1505 293 1955 354 PSALMORUM.
1995 331 2063 344 --
2094 301 2286 358 PSAL.
2327 302 2438 358 CV.
3242 313 3384 374 “ﬂ

210 395 295 450 22.
331 394 634 465 Ἐκάλυψεν
665 396 810 470 ὕδωρ
839 401 963 464 τοὺς
990 400 1268 468 θλίϐοντας
1292 407 1485 470 αὐτούς
1503 426 1515 439 ·

1460 426 1515 470 ς·
1741 422 1779 474 Α
1886 412 1977 469 22.
2020 413 2242 481 Operuit
2270 431 2410 486 aqua
2444 416 2761 475 tribulantes
2789 435 2923 476 eos:

214 485 302 539 25.
329 480 426 548 Εἷς
457 485 519 550 ἐξ
547 488 726 541 αὐτῶν
750 490 846 558 οὐχ
871 491 1187 564 ὑπελείφθη.

1882 505 1973 560 25.
2014 504 2167 562 Unus
2201 523 2268 562 ex
2299 509 2378 563 eis
2411 525 2518 563 non
2551 513 2829 567 remansit.

211 575 296 630 24.
332 576 444 628 Kal
471 578 794 634 ἐπίστευσαν
819 581 895 651 τῷ
925 582 1067 654 λόγῳ
1094 585 1278 642 αὑτοῦ.

1883 596 1970 651 24.
2019 597 2084 652 Ει
2111 600 2459 654 crediderunt
2481 603 2644 656 verbo
2675 604 2795 673 ejus
2823 604 3052 678 [verbis]
3083 627 3095 663 :

206 663 293 718 25.
321 666 434 718 Kal
464 662 602 740 ᾖσαν
627 668 728 739 τὴν
754 672 958 725 αἴνεσιν
981 673 1166 729 αὑτοῦ.

1918 688 1971 742 5.
2022 688 2088 743 Et
2124 691 2437 746 cecinerunt
2477 662 3112 767 laudem'ﬂaudaveruut
3138 699 3376 776 laudem]

1810 794 1947 851 epis.

211 840 296 896 9.6.
336 841 653 914 Ἐτάχυναν,
685 846 1008 903 ἐπελάθοντο
1031 852 1139 906 τῶν
1164 853 1338 925 ἔργων
1369 857 1532 911 αὑτοῦ
1553 875 1566 888 ο

1837 840 1856 851 ’
1879 871 1972 926 26.
2016 871 2137 928 Cito
2170 872 2437 940 fecerunt.
2468 877 2622 932 obliti
2656 887 2782 934 sunt
2810 894 3035 951 operum
3074 881 3231 952 ejus:

213 930 300 986 27.
327 933 440 1003 Οὐχ
463 935 760 1004 ὑπέμειναν
784 938 882 1009 τὴν
917 939 1108 1012 βουλὴν
1139 945 1325 1000 αὑτοῦ.

2425 930 2437 940 υ
2481 930 2489 931 ί
2589 930 2621 932 α
2657 930 2780 934 ⁷⁷η-
2817 930 2930 951 -ι-.’-
2950 930 3034 934 --π
3078 930 3123 952 Ἴ

1883 964 1970 1018 27.
2012 965 2075 1020 Et
2115 982 2223 1021 non
2253 969 2634 1024 sustinuerunt
2665 973 2951 1026 consilium
2992 972 3134 1042 ejus.

211 1022 296 1078 28.
327 1027 438 1078 Kal
472 1026 823 1099 ἐπεθύμησαν
850 1032 1140 1104 ἐπιθυμίαν
1172 1039 1228 1090 ἐν
1258 1041 1321 1110 τῇ
1355 1041 1565 1113 ἐρήμῳο

2545 1022 2564 1024 ρ
2621 1022 2631 1024 -
2999 1022 3134 1042 ηπ-.

1907 1057 1965 1110 :8.
2008 1057 2073 1112 Et
2096 1061 2487 1129 concupierunt
2513 1064 3009 1132 concupiscentiam
3037 1064 3090 1118 in
3123 1063 3370 1119 deserto;

209 1113 294 1168 29.
322 1117 434 1170 Kal
460 1117 754 1188 ἐπείρασαν
784 1122 873 1176 τὸν
902 1125 1032 1177 Θεὸν
1056 1128 1114 1179 ἐν
1147 1129 1380 1200 ἀνύδρῳ.

1877 1146 1968 1204 29.
2007 1148 2071 1203 Et
2104 1113 2454 1205 tentarerunt
2492 1150 2658 1206 Deum
2691 1113 2759 1208 lin
2807 1154 3095 1224 inaquoso.

212 1207 297 1262 50.
333 1211 444 1263 Kal
477 1210 677 1265 ἔδωκεν
707 1214 889 1277 αὐτοῖς
915 1215 977 1268 τὸ
1011 1219 1216 1290 αἴτημα
1246 1222 1422 1275 αὐτῶν
1445 1238 1460 1252 ⁸

1875 1237 1964 1292 50.
2017 1237 2084 1294 Et
2114 1241 2262 1295 dedit
2287 1243 2368 1296 eis
2403 1243 2715 1311 petitionem
2754 1207 3041 1314 ipsorum":

211 1298 297 1353 51.
339 1301 714 1367 Ἐξαπέστειλε
741 1306 1057 1380 πλησμονὴν
1083 1313 1162 1375 εἰς
1186 1312 1281 1375 τὰς
1302 1313 1479 1384 ψυχὰς
1507 1315 1674 1369 αὐτῶν

1630 1315 1703 1372 ὒν.
1875 1326 1965 1382 51.
2019 1327 2162 1383 Misit
2189 1331 2524 1384 saturitatem
2553 1333 2607 1386 in
2641 1334 2854 1389 animas
2883 1351 3093 1397 eorum.

205 1390 289 1444 52.
318 1393 429 1444 Kal
454 1393 810 1466 παρώργισαν
826 1398 916 1452 τὸν
940 1403 1174 1473 Μωῦσῆν
1193 1405 1247 1455 ἐν
1262 1407 1328 1474 τῇ
1362 1407 1668 1479 παρεμϐολῇ

1574 1407 1702 1480 ἱολῇ,
1874 1414 1964 1467 52.
2004 1416 2069 1469 Ει
2096 1417 2441 1474 irritaverunt
2469 1420 2686 1492 Moysen
2717 1412 2772 1476 in
2805 1428 3037 1490 casuris,

206 1483 292 1537 55.
322 1485 424 1538 Τὸν
451 1486 528 1556 (α)
565 1488 774 1560 Ἀαρὼν
805 1491 897 1544 τὸν
930 1494 1084 1561 ἅγιον
1116 1495 1341 1566 Κυρίου.

1280 1514 1341 1551 ιυ.
1875 1507 1964 1561 55.
2008 1508 2187 1564 Aaron
2223 1524 2473 1567 sanctum
2506 1514 2743 1571 Domini.

207 1575 290 1630 54.
332 1577 580 1650 Ἡνοίχθη
681 1583 772 1652 γῆ,
800 1584 892 1637 καὶ
926 1587 1153 1640 κατέπιε
1177 1589 1384 1642 Δαθὰν·

1876 1600 1963 1655 54.
2007 1602 2208 1673 Aperta
2229 1618 2311 1660 est
2342 1616 2504 1673 terra,
2531 1619 2583 1662 et
2605 1609 2887 1679 deglutivit
2910 1607 3119 1664 Datlian
3147 1631 3159 1665 :

203 1667 288 1723 55.
319 1671 429 1723 Kal
459 1673 724 1743 ἐκάλυψεν
749 1677 838 1728 ἐπὶ
863 1676 959 1748 τὴν
984 1682 1302 1752 συναγωγὴν
1335 1683 1610 1756 Ἀὄειρών.

1873 1692 1962 1746 55.
2005 1693 2070 1748 Et
2097 1699 2310 1766 operuit
2337 1715 2499 1768 super
2525 1667 2999 1772 congregationem
3037 1704 3263 1761 Abirou.

203 1759 286 1813 56.
329 1763 439 1815 Kal
466 1764 735 1836 ἐξεκαύθη
772 1767 882 1838 πῦρ
912 1770 968 1821 ἐν
1001 1773 1065 1841 τῇ
1101 1776 1388 1846 συναγωγῇ
1416 1775 1595 1830 αὐτῶν
1615 1794 1628 1808 ·

1876 1781 1966 1840 56.
2008 1782 2074 1838 Et
2094 1759 2299 1843 eiarsit
2343 1759 2486 1859 ignis
2527 1789 2583 1844 in
2615 1759 2886 1862 s}n§g03a
2916 1809 3102 1847 eorum
3125 1835 3143 1850 .

207 1853 294 1908 57.
319 1854 454 1920 Φλὸξ
487 1858 816 1928 κατέφλεξεν
843 1862 1218 1933 ἁμαρτωλούς.

1738 1867 1782 1922 Β
1889 1873 1981 1934 57.
2021 1875 2260 1933 Flamma
2287 1853 2588 1937 combussit
2627 1853 2959 1952 peccatores.

206 1995 275 2070 (a)
307 1999 408 2056 Τόν
439 2000 609 2058 deest.

1245 2163 1625 2223 ATHANASII
1666 2167 2256 2229 INTERPRETATIO.

201 2314 290 2380 22,
313 2314 405 2369 25.
429 2316 648 2380 Πάντας
674 2316 782 2390 γὰρ
808 2317 1123 2392 συνέτριψεν
1143 2320 1238 2376 ἐπὶ
1265 2322 1359 2376 τοῦ
1386 2322 1595 2388 ὕδατος.

1867 2325 1958 2393 22,
1999 2327 2091 2382 25.
2144 2326 2347 2383 Omnes
2372 2328 2519 2382 enim
2547 2329 2802 2384 contrivit
2832 2330 2884 2384 in
2927 2346 3087 2402 aqua.

203 2402 290 2457 24.
330 2404 396 2456 Οἱ
426 2403 814 2474 βαπτισθέντες
846 2408 1170 2464 ἐπίστευσαν
1196 2413 1308 2475 τοῖς
1339 2412 1546 2485 ῥηθεῖσι
1573 2432 1666 2487 παε

1907 2421 1956 2474 4.
1995 2418 2260 2489 Baptizati
2317 2428 2498 2475 autem
2555 2421 2904 2477 crediderunt
2949 2439 3010 2477 ea
3064 2439 3184 2493 qua:
3226 2424 3369 2480 dicta

140 2493 294 2551 αὑτοῦ
335 2497 392 2549 ἐν
423 2498 536 2559 τοῖς
559 2496 912 2566 Εὐαγγελίοις
939 2501 1067 2570 περὶ
1090 2501 1190 2573 τῆς
1215 2503 1580 2575 ἀποκειμένης

1909 2518 1926 2564 t
1951 2510 2004 2564 in
2035 2510 2341 2582 Evangeliis
2367 2511 2433 2566 de
2458 2527 2625 2583 regno
2655 2514 2939 2578 caelorum,
2971 2516 3113 2584 quod
3161 2515 3240 2570 eis
3287 2533 3372 2571 re-

139 2585 333 2650 σιλείας
359 2586 467 2640 τῶν
497 2589 759 2658 οὐρανῶν.

696 2591 759 2643 ’w.
1796 2604 2032 2674 positum
2057 2613 2159 2659 est.

202 2677 288 2732 25.
324 2681 436 2732 Kal
463 2679 720 2747 ἐδόξασαν
748 2683 931 2738 αὐτόν.

1803 2719 1838 2766 μ,
1871 2695 1962 2750 25.
2005 2695 2070 2750 Et
2096 2697 2536 2765 glorificaverunt
2557 2713 2702 2752 eum.

198 2766 283 2821 26.
325 2769 381 2822 Ὀ
411 2769 537 2832 λαὸς
568 2771 676 2824 τῶν
710 2772 976 2827 Ἰουδαίων
1484 2843 1501 2856 _

1484 2843 1501 2856 _
1869 2787 1960 2841 26.
2010 2786 2250 2856 Populus
2284 2787 2616 2843 Juda-orum.

198 2857 282 2910 27.
316 2859 390 2911 Οὐ
417 2859 692 2932 διέμειναν
729 2864 786 2917 ἐν
807 2863 885 2935 τῷ
911 2865 1058 2936 νόμῳ
1105 2866 1198 2961 καὶ
1224 2869 1346 2932 ταῖς
1371 2843 1575 2938 φωναῖς
1593 2871 1661 2923 τᾶ

1912 2878 1963 2932 7.
2005 2843 2122 2934 Non
2154 2888 2569 2948 permanserunt
2608 2881 2663 2934 in
2693 2881 2808 2952 lege
2859 2889 2914 2936 et
2951 2880 3109 2936 dictis
3139 2881 3369 2950 prophe-

133 2952 441 3022 προφητῶν.
1106 2952 1132 2961 ⁷

1106 2952 1132 2961 ⁷
1802 2979 2003 3026 tarum.

118 3065 130 3077 ι
195 3040 283 3098 28.
339 3044 451 3097 Kal
502 3044 700 3114 μᾶλλον
747 3047 1038 3119 ἠγάπησαν
1093 3049 1192 3120 τὴν
1257 3050 1556 3106 ἀπόλαυσιν

1903 3062 1960 3117 8.
2003 3060 2070 3116 Et
2093 3062 2266 3134 magis
2301 3062 2609 3119 dilexerunt
2640 3065 2829 3120 mundi
2863 3064 3027 3132 hujus
3049 3063 3366 3119 oblectatio-

135 3132 330 3206 κόσμου
359 3136 570 3193 τούτου.

487 3155 570 3193 ου.
1728 3130 1770 3188 C
1802 3167 1947 3206 nem.

195 3226 281 3282 29.
312 3229 421 3281 Kal
458 3230 757 3301 ἐπείρασαν
789 3232 880 3284 τὸν
910 3233 1041 3287 Θεὸν
1077 3236 1134 3287 ἐν
1167 3237 1286 3297 ταῖς
1322 3235 1568 3305 καρδίαις
1603 3238 1658 3290 at’

1904 3245 1958 3299 9.
1998 3243 2066 3300 Et
2119 3253 2466 3301 tentaverunt
2543 3247 2712 3304 Deum
2786 3249 2840 3304 in
2877 3251 3134 3306 cordibus
3178 3266 3366 3305 eorum

131 3316 232 3371 τῶν
274 3321 394 3382 ταῖς
439 3320 514 3391 μὴ
553 3321 802 3390 ἐχούσαις
851 3326 1009 3394 χάριν
1039 3325 1174 3378 Θεοῦ
1197 3364 1213 3389 ,
1246 3325 1492 3394 λέγοντες
1519 3330 1594 3383 air

1902 3335 2024 3388 liam
2055 3334 2150 3389 Dei
2184 3351 2291 3390 non
2327 3339 2674 3406 habentibus,
2721 3340 2970 3396 dicentes
3013 3341 3114 3410 ipsi
3143 3359 3155 3396 :
3203 3339 3365 3394 νοιιι-

131 3409 375 3476 Σημεῖον
401 3411 659 3481 θέλομεν
690 3413 838 3467 ἰδεῖν
863 3415 980 3469 ἀπὸ
1011 3417 1150 3472 σοῦ.

1137 3457 1150 3472 .
1798 3442 1914 3480 mus
1942 3443 1974 3480 α
2012 3436 2058 3480 te
2088 3430 2296 3498 signum
2311 3429 2480 3484 videre
2513 3432 2598 3483 “2

195 3499 280 3554 50.
315 3503 492 3574 Ὅπερ
527 3505 605 3574 (Ι)
641 3503 930 3576 ἠθέλησαν.

1869 3518 1959 3572 50.
2005 3518 2159 3583 Quod
2197 3520 2502 3575 voluerunt.

193 3588 282 3644 5|.
326 3591 420 3644 Ἐκ
445 3592 550 3645 τῶν
597 3593 759 3648 πέντε
798 3595 873 3665 (2)
908 3595 1108 3666 ἄρτων,
1145 3597 1238 3650 καὶ
1278 3597 1439 3652 πάλιν
1478 3599 1542 3654 ἐκ
1589 3599 1656 3655 τιῖ

1997 3609 2248 3679 Quinque
2277 3615 2526 3680 panibus,
2559 3627 2612 3668 et
2647 3630 2840 3670 rursus
2905 3622 3108 3683 septem
3153 3615 3369 3670 satiavit
3433 3675 3449 3689 η

128 3680 259 3734 ἔπτὰ
290 3682 582 3754 ἐχόρτασεν
612 3685 828 3749 αὐτούς.
1266 3717 1268 3720 ν
1795 3715 1890 3754 eos
1925 3701 1989 3758 *⁷.

226 3771 280 3837 2,
318 3775 406 3828 55.
471 3776 547 3847 (5)
595 3778 702 3830 Kal
748 3779 1040 3850 ἐπέμειναν
1115 3781 1540 3853 παροργίζοντες
1604 3784 1689 3836 τὸν

1901 3792 1952 3858 2,
1999 3792 2088 3848 55.
2132 3792 2197 3847 Et
2229 3806 2711 3864 perseveraverunt
2754 3797 3033 3851 irritantes
3065 3795 3261 3850 Filium
3313 3796 3364 3848 in

129 3862 248 3918 Υῐδν
287 3867 345 3918 ἐν
378 3866 455 3937 τῷ
485 3869 698 3939 κόσμῳ.
731 3870 993 3940 Μωῢσῆς
1021 3871 1128 3943 γὰρ
1160 3873 1515 3944 ἑρμηνεύεται
1547 3876 1592 3931 d1

1903 3884 2018 3937 ndo.
2055 3862 2263 3955 Moyses
2286 3887 2430 3941 enim
2461 3888 2850 3956 interpretatur
2876 3889 3188 3958 assumptio,
3221 3889 3366 3957 quod

125 3957 305 4022 ληψις
325 3997 340 4021 ,
383 3958 519 4030 ὅπερ
545 3960 694 4014 ἐστὶν
735 3963 764 4016 ό
802 3963 926 4028 Υἱὸς
955 3965 1046 4018 τοῦ
1072 3965 1229 4032 Θεοῦ,
1259 3967 1532 4040 ἀνελήφθη
1565 3987 1588 4037 γ

1906 3977 2047 4031 venit
2073 3977 2167 4032 Dei
2197 3977 2354 4042 Filio,
2385 3980 2476 4049 qui
2511 3990 2826 4050 assumptus
2857 3989 2958 4036 est.
2993 3957 3170 4034 Aaron
3205 3980 3369 4034 inter-

139 4045 345 4116 Ἀαρὼν
377 4051 738 4122 ἑρμηνεύεται
764 4055 901 4123 ὄρος
935 4056 1240 4127 δυνάμεως
1263 4075 1278 4091 ο
1309 4059 1398 4113 τὸν
1433 4056 1525 4114 οῦν
1566 4061 1602 4113 Υ

1905 4076 2037 4118 .atur
2084 4084 2230 4120 mons
2287 4069 2532 4123 virtutis:
2587 4071 2772 4140 itaque
2819 4071 3090 4140 signiﬁcat
3130 4069 3224 4125 Dei
3275 4069 3368 4123 Fi-

125 4137 213 4190 τοῦ
241 4137 376 4192 Θεοῦ
401 4141 572 4210 λέγει,
606 4145 696 4196 τὸν
719 4146 860 4202 κατὰ
887 4146 1048 4218 φύσιν
1072 4150 1248 4217 ἆγιον.

1792 4155 1947 4220 lium,
1976 4157 2068 4226 qui
2105 4159 2402 4212 secundum
2435 4171 2684 4214 naturam
2718 4173 2942 4217 sanctus
2981 4171 3086 4217 est.

191 4231 278 4285 54.
322 4233 572 4305 Ἠνοίχθη
603 4237 635 4306 ὴ
660 4237 804 4310 ψυχὴ
834 4239 941 4293 τῶν
972 4241 1339 4296 ἀπειθούντων
1371 4260 1447 4312 τῳ
1479 4242 1654 4312 Κυρίᾳ

1906 4247 1951 4300 4.
2001 4246 2199 4315 Aperta
2227 4259 2310 4302 est
2359 4251 2539 4304 anima
2579 4267 2686 4305 non
2738 4253 3226 4321 obtemperantium
3260 4251 3369 4306 Do-

124 4323 210 4383 καὶ
239 4324 428 4380 ἐλαϐεν
459 4329 686 4392 ἑαυτοὺς
711 4332 808 4401 τὴν
832 4334 1102 4406 ἁμαρτίαν
1131 4334 1187 4406 [ἡ
1208 4333 1470 4406 ἁμαρτία]
1489 4336 1587 4387 αὐτ

1897 4352 1960 4397 ιο,
1987 4345 2041 4390 et
2070 4348 2348 4405 peccatum
2379 4355 2566 4394 eorum
2593 4343 2833 4409 suscepit
2865 4344 3047 4411 ipsos;
3087 4357 3213 4396 nam
3242 4342 3360 4396 Da-

122 4415 312 4476 Δαθὰν
340 4417 446 4490 γὰρ
479 4421 682 4487 κρίσις
714 4421 1000 4492 δεδομένη
1037 4425 1396 4497 ἑρμηνεύεται
1427 4427 1523 4495 (4).

1427 4427 1523 4495 (4).
1726 4470 1767 4523 D
1798 4430 1922 4481 than
1951 4429 2430 4523 jud-icium‘dalum
2475 4433 2882 4500 interpretatur.

187 4507 275 4561 55.
341 4511 608 4580 Ἀϐειρὼν
681 4515 1042 4586 ἑρμηνεύεται
1095 4517 1362 4586 πατέρων
1413 4516 1650 4586 ὺψηλῶι

1904 4519 1954 4572 5.
1990 4519 2191 4602 Αρἱθιι
2226 4520 2616 4589 interpretatur
2663 4532 2813 4590 pater
2864 4520 3119 4575 excelsus.
3169 4520 3367 4578 Pecca-

135 4595 420 4669 Ἐκάλυψεν
463 4598 557 4656 οὖν
605 4604 637 4672 ἠ
688 4605 932 4676 ἁμαρτία
988 4606 1084 4678 τὴν
1120 4607 1440 4677 συναγωγὴν
1488 4607 1548 4660 τὸ
1597 4662 1598 4671 η

1901 4626 1906 4660 2
1966 4595 2133 4677 igitur
2186 4611 2474 4678 cooperuit
2530 4627 2860 4681 synagogam
2929 4623 3088 4668 antea
3143 4610 3364 4668 Patrum

123 4686 326 4755 πρῶτον
374 4692 497 4745 τῶν·
541 4694 802 4765 Πατέρων
855 4697 964 4750 τῶν
1010 4699 1202 4767 ἁγίων,
1260 4697 1548 4770 [δεύτερον

1901 4709 2128 4766 ctorum,
2163 4712 2217 4755 ct
2244 4701 2434 4756 deinde
2474 4702 2778 4772 principum
2820 4719 3032 4765 eorum.
3061 4705 3155 4776 qui
3185 4721 3364 4762 ωερε·

121 4779 222 4831 τῶν
245 4782 520 4853 ἀρχόντων
550 4785 626 4856 (5)
657 4788 765 4842 τῶν
791 4790 1233 4860 τετυφλωμένων.

612 4793 626 4852 )
657 4788 765 4842 τῶν
791 4790 1233 4860 τετυφλωμένων.
1793 4791 1899 4843 cati
1930 4801 2075 4845 sunt.

187 4869 267 4928 56.
283 4875 390 4928 Kal
415 4875 745 4933 ἐπλεόνασεν
775 4881 806 4950 ἡ
840 4881 1083 4952 ἁμαρτία
1104 4883 1160 4934 ἐν
1181 4885 1247 4955 τῇ
1276 4881 1470 4954 καρδίᾳ
1490 4880 1650 4934 αύτῶπ

1865 4880 1952 4934 56.
2006 4882 2070 4935 Ει
2097 4883 2393 4939 abundavit
2420 4896 2698 4955 peccatum
2732 4889 2785 4942 in
2821 4891 2984 4946 corde
3015 4907 3223 4949 eorum.

187 4960 266 5022 57.
299 4967 410 5019 Kal
433 4968 641 5038 ἀνομία
673 4970 1048 5040 κατηνάλωσεν
1075 4973 1289 5038 αὐτούς.

1869 4972 1960 5026 57.
2002 4971 2068 5026 Ει
2098 4974 2358 5045 iniquitas
2384 4981 2724 5052 consumpsit
2759 4999 2853 5037 eos

201 5117 473 5175 "‘Matth.
509 5137 608 5183 ιιι.
645 5122 734 5176 52.
816 5125 858 5154 ⁸⁷
903 5125 1092 5182 Matth.
1140 5145 1251 5195 xiv,
1303 5129 1406 5195 16;
1449 5145 1538 5193 xv,
1591 5130 1695 5196 54;
1729 5127 1894 5183 Marc.
1922 5145 2011 5188 vr.
2044 5130 2146 5199 58;
2183 5150 2300 5199 rm,
2332 5135 2394 5201 i;
2437 5135 2594 5195 Joan.
2632 5157 2720 5195 v1.
2784 5141 2868 5195 10.

1063 5282 1369 5345 Addenda
1403 5293 1463 5346 et
1497 5286 1872 5364 corrigenda
1908 5305 1985 5349 ex
2025 5290 2168 5352 cod.
2208 5292 2408 5354 Vatie.

275 5448 385 5538 Kal
417 5446 622 5538 ἔδωξεν
652 5448 835 5511 αὐτοῖς
858 5449 1012 5520 ὅπερ,
1045 5459 1146 5505 etc.
1800 5530 1810 5538 _
1969 5461 2199 5538 Ἔλαϐεν
2265 5466 2363 5538 εφί
2397 5465 2624 5538 ἑαυτοὺς
2683 5477 2781 5538 την
2827 5467 3100 5538 αμαρτίαν
3153 5466 3353 5525 αὔτῶν.

177 5514 615 5610 (Ξὶὲένῖξξγιέιξς
663 5588 685 5610 .
764 5604 803 5610 _
857 5605 883 5610 _
953 5514 1016 5610 ..ρ
1225 5590 1355 5610 ο---
1671 5595 1683 5610 .
1787 5514 3002 5610 “illexéeféenﬁéeﬁéiéfmé365$)?

175 5585 369 5682 is:
383 5586 484 5682 se;
500 5587 631 5682 καξῐ
662 5588 1040 5682 afﬁxa
1065 5589 1181 5682 50,6
1219 5590 1568 5682 θεῷ-μεριξ
1621 5595 1683 5650 ad
1834 5599 1933 5682 ,(5)
1977 5585 2446 5674 Τὸ¹δξὲέῢέερον
2494 5585 3099 5682 βοῦλὲέέιιᾜὲᾗιὶῆἑεία
3125 5608 3229 5661 τῶν
3261 5609 3361 5682 ἀρ.

107 5650 374 5736 cuman
412 5659 545 5729 γάρ.
586 5655 652 5710 Ν.
690 5657 776 5712 55.
821 5657 1028 5735 Ἀαρὼν
1061 5661 1108 5714 ἐ.
1136 5660 1182 5715 δ.
1215 5661 1454 5727 δυνατόν,
1482 5650 1565 5718 etc

690 5657 776 5712 55.
821 5657 1028 5735 Ἀαρὼν
1061 5661 1108 5714 ἐ.
1136 5660 1182 5715 δ.
1215 5661 1454 5727 δυνατόν,
1482 5650 1586 5718 etc.
1789 5650 2009 5739 xeiéimf,
2030 5650 2144 5727 ἐιέξ
