  <div class='ocr_page' id='page_1' title='image "/cluster/home/n/w/nwhite01/storage/ocr_20150623/27/hvd.32044014174452/587.png"; bbox 0 0 3706 6406; ppageno 0'>
   <div class='ocr_carea' id='block_1_1' title="bbox 316 260 1779 333">
    <p class='ocr_par' dir='ltr' id='par_1_1' title="bbox 316 269 1779 332">
     <span class='ocr_line' id='line_1_1' title="bbox 316 269 1779 332; baseline 0.009 -13"><span class='ocrx_word' id='word_1_1' title='bbox 316 275 451 320; x_wconf 72' lang='lat' dir='ltr'><strong>tua</strong></span> <span class='ocrx_word' id='word_1_2' title='bbox 1142 269 1202 325; x_wconf 81' lang='grc' dir='ltr'><strong>ε.</strong></span> <span class='ocrx_word' id='word_1_3' title='bbox 1244 271 1620 330; x_wconf 72' lang='grc' dir='ltr'><strong>ΑΤΗΑΝΑειι</strong></span> <span class='ocrx_word' id='word_1_4' title='bbox 1658 277 1779 332; x_wconf 74' lang='lat' dir='ltr'><strong>OPP</strong></span> 
     </span>
    </p>
   </div>
   <div class='ocr_carea' id='block_1_2' title="bbox 2088 260 3551 333">
    <p class='ocr_par' dir='ltr' id='par_1_2' title="bbox 2095 260 3551 328">
     <span class='ocr_line' id='line_1_2' title="bbox 2095 260 3551 328; baseline -0.008 -2"><span class='ocrx_word' id='word_1_5' title='bbox 2095 273 2160 328; x_wconf 84' lang='lat' dir='ltr'><strong>ll.</strong></span> <span class='ocrx_word' id='word_1_6' title='bbox 2201 299 2272 313; x_wconf 88' lang='lat'><strong>-—</strong></span> <span class='ocrx_word' id='word_1_7' title='bbox 2314 266 2723 324; x_wconf 79' lang='lat' dir='ltr'><strong>EXEGETICA.</strong></span> <span class='ocrx_word' id='word_1_8' title='bbox 3415 262 3470 317; x_wconf 79' lang='grc'><strong>11</strong></span> <span class='ocrx_word' id='word_1_9' title='bbox 3487 260 3551 315; x_wconf 75' lang='lat' dir='ltr'><em>l6</em></span> 
     </span>
    </p>
   </div>
   <div class='ocr_carea' id='block_1_3' title="bbox 382 385 1845 460">
    <p class='ocr_par' dir='ltr' id='par_1_3' title="bbox 382 385 1475 449">
     <span class='ocr_line' id='line_1_3' title="bbox 382 385 1475 449; baseline 0.008 -9"><span class='ocrx_word' id='word_1_10' title='bbox 382 385 471 441; x_wconf 74' lang='grc'>58.</span> <span class='ocrx_word' id='word_1_11' title='bbox 515 385 581 439; x_wconf 83' lang='grc' dir='ltr'>Ει</span> <span class='ocrx_word' id='word_1_12' title='bbox 611 385 852 443; x_wconf 76' lang='lat' dir='ltr'><strong>fecerunt</strong></span> <span class='ocrx_word' id='word_1_13' title='bbox 875 387 1098 442; x_wconf 84' lang='lat' dir='ltr'><strong>vitulum</strong></span> <span class='ocrx_word' id='word_1_14' title='bbox 1131 389 1184 442; x_wconf 92' lang='lat' dir='ltr'><strong>in</strong></span> <span class='ocrx_word' id='word_1_15' title='bbox 1215 389 1432 448; x_wconf 87' lang='lat' dir='ltr'><strong>Cboreb</strong></span> <span class='ocrx_word' id='word_1_16' title='bbox 1460 412 1475 449; x_wconf 88' lang='lat'><strong>:</strong></span> 
     </span>
    </p>
   </div>
   <div class='ocr_carea' id='block_1_4' title="bbox 1668 385 3131 460">
    <p class='ocr_par' dir='ltr' id='par_1_4' title="bbox 1903 387 3131 460">
     <span class='ocr_line' id='line_1_4' title="bbox 1903 387 3131 460; baseline -0.007 -11"><span class='ocrx_word' id='word_1_17' title='bbox 1903 405 1950 459; x_wconf 80' lang='grc' dir='ltr'><strong>Α</strong></span> <span class='ocrx_word' id='word_1_18' title='bbox 2050 394 2138 448; x_wconf 85' lang='grc'>58.</span> <span class='ocrx_word' id='word_1_19' title='bbox 2170 392 2279 447; x_wconf 88' lang='lat' dir='ltr'><strong>Kal</strong></span> <span class='ocrx_word' id='word_1_20' title='bbox 2306 391 2565 459; x_wconf 69' lang='grc' dir='ltr'>ἐποίησαν</span> <span class='ocrx_word' id='word_1_21' title='bbox 2595 388 2792 460; x_wconf 83' lang='grc' dir='ltr'>μόσχον</span> <span class='ocrx_word' id='word_1_22' title='bbox 2820 389 2878 442; x_wconf 75' lang='grc' dir='ltr'>ἐν</span> <span class='ocrx_word' id='word_1_23' title='bbox 2903 387 3131 460; x_wconf 76' lang='grc' dir='ltr'><strong>Χωρήσο</strong></span> 
     </span>
    </p>
   </div>
   <div class='ocr_carea' id='block_1_5' title="bbox 383 476 1846 552">
    <p class='ocr_par' dir='ltr' id='par_1_5' title="bbox 383 478 1312 552">
     <span class='ocr_line' id='line_1_5' title="bbox 383 478 1312 552; baseline 0.008 -21"><span class='ocrx_word' id='word_1_24' title='bbox 383 478 470 532; x_wconf 86' lang='grc'><strong>59.</strong></span> <span class='ocrx_word' id='word_1_25' title='bbox 516 478 580 531; x_wconf 87' lang='lat' dir='ltr'><strong>Et</strong></span> <span class='ocrx_word' id='word_1_26' title='bbox 626 480 989 532; x_wconf 77' lang='lat' dir='ltr'><strong>adoraverunt</strong></span> <span class='ocrx_word' id='word_1_27' title='bbox 1041 483 1312 552; x_wconf 73' lang='lat' dir='ltr'><strong>sculptile.</strong></span> 
     </span>
    </p>
   </div>
   <div class='ocr_carea' id='block_1_6' title="bbox 1642 476 3105 552">
    <p class='ocr_par' dir='ltr' id='par_1_6' title="bbox 2047 476 3105 551">
     <span class='ocr_line' id='line_1_6' title="bbox 2047 476 3105 551; baseline -0.006 -15"><span class='ocrx_word' id='word_1_28' title='bbox 2047 482 2134 537; x_wconf 84' lang='grc'>59.</span> <span class='ocrx_word' id='word_1_29' title='bbox 2167 482 2278 534; x_wconf 89' lang='lat' dir='ltr'><strong>Kal</strong></span> <span class='ocrx_word' id='word_1_30' title='bbox 2309 479 2722 551; x_wconf 79' lang='grc' dir='ltr'><strong>προσεκύνησαν</strong></span> <span class='ocrx_word' id='word_1_31' title='bbox 2756 476 2835 547; x_wconf 84' lang='grc' dir='ltr'><strong>τῷ</strong></span> <span class='ocrx_word' id='word_1_32' title='bbox 2863 476 3105 546; x_wconf 83' lang='grc' dir='ltr'>γλυπτῷ.</span> 
     </span>
    </p>
   </div>
   <div class='ocr_carea' id='block_1_7' title="bbox 384 567 1847 643">
    <p class='ocr_par' dir='ltr' id='par_1_7' title="bbox 384 567 1410 640">
     <span class='ocr_line' id='line_1_7' title="bbox 384 567 1410 640; baseline 0.009 -19"><span class='ocrx_word' id='word_1_33' title='bbox 384 567 472 625; x_wconf 84' lang='grc'><strong>40.</strong></span> <span class='ocrx_word' id='word_1_34' title='bbox 536 569 598 622; x_wconf 88' lang='lat' dir='ltr'><strong>Et</strong></span> <span class='ocrx_word' id='word_1_35' title='bbox 625 579 970 625; x_wconf 83' lang='lat' dir='ltr'><strong>mutaverunt</strong></span> <span class='ocrx_word' id='word_1_36' title='bbox 997 571 1223 640; x_wconf 78' lang='lat' dir='ltr'><strong>gloriam</strong></span> <span class='ocrx_word' id='word_1_37' title='bbox 1253 592 1410 630; x_wconf 86' lang='lat' dir='ltr'><strong>suam</strong></span> 
     </span>
    </p>
   </div>
   <div class='ocr_carea' id='block_1_8' title="bbox 1648 567 3111 643">
    <p class='ocr_par' dir='ltr' id='par_1_8' title="bbox 2050 567 3111 643">
     <span class='ocr_line' id='line_1_8' title="bbox 2050 567 3111 643; baseline -0.007 -15"><span class='ocrx_word' id='word_1_38' title='bbox 2050 575 2138 628; x_wconf 87' lang='grc'><strong>40.</strong></span> <span class='ocrx_word' id='word_1_39' title='bbox 2172 574 2279 627; x_wconf 89' lang='lat' dir='ltr'><strong>Kal</strong></span> <span class='ocrx_word' id='word_1_40' title='bbox 2306 571 2604 643; x_wconf 68' lang='grc' dir='ltr'>ἠλλάξαντο</span> <span class='ocrx_word' id='word_1_41' title='bbox 2632 571 2729 640; x_wconf 80' lang='grc' dir='ltr'>τὴν</span> <span class='ocrx_word' id='word_1_42' title='bbox 2761 569 2918 636; x_wconf 79' lang='grc' dir='ltr'>δόξαν</span> <span class='ocrx_word' id='word_1_43' title='bbox 2949 567 3111 622; x_wconf 82' lang='grc' dir='ltr'>αὐτοῦ</span> 
     </span>
    </p>
   </div>
   <div class='ocr_carea' id='block_1_9' title="bbox 383 653 1846 734">
    <p class='ocr_par' dir='ltr' id='par_1_9' title="bbox 383 657 1806 724">
     <span class='ocr_line' id='line_1_9' title="bbox 383 657 1806 724; baseline 0.006 -9"><span class='ocrx_word' id='word_1_44' title='bbox 383 661 472 717; x_wconf 72' lang='grc'><strong>41.</strong></span> <span class='ocrx_word' id='word_1_45' title='bbox 515 657 572 716; x_wconf 86' lang='lat' dir='ltr'><strong>In</strong></span> <span class='ocrx_word' id='word_1_46' title='bbox 612 661 1023 717; x_wconf 75' lang='lat' dir='ltr'><strong>similitudinem</strong></span> <span class='ocrx_word' id='word_1_47' title='bbox 1050 665 1205 718; x_wconf 73' lang='lat' dir='ltr'><strong>vituli</strong></span> <span class='ocrx_word' id='word_1_48' title='bbox 1235 667 1572 722; x_wconf 84' lang='lat' dir='ltr'><strong>comedentis</strong></span> <span class='ocrx_word' id='word_1_49' title='bbox 1599 666 1806 724; x_wconf 80' lang='lat' dir='ltr'><strong>fenum.</strong></span> 
     </span>
    </p>
   </div>
   <div class='ocr_carea' id='block_1_10' title="bbox 1910 653 3373 734">
    <p class='ocr_par' dir='ltr' id='par_1_10' title="bbox 2049 653 3373 734">
     <span class='ocr_line' id='line_1_10' title="bbox 2049 653 3373 734; baseline -0.006 -15"><span class='ocrx_word' id='word_1_50' title='bbox 2049 665 2136 720; x_wconf 85' lang='grc'><strong>41.</strong></span> <span class='ocrx_word' id='word_1_51' title='bbox 2177 665 2266 717; x_wconf 80' lang='grc' dir='ltr'>Ἐν</span> <span class='ocrx_word' id='word_1_52' title='bbox 2295 663 2596 734; x_wconf 81' lang='grc' dir='ltr'>ὁμοιώματι</span> <span class='ocrx_word' id='word_1_53' title='bbox 2630 663 2832 733; x_wconf 79' lang='grc' dir='ltr'>μόσχου</span> <span class='ocrx_word' id='word_1_54' title='bbox 2859 653 3128 722; x_wconf 60' lang='grc' dir='ltr'>ἐσθίοντος</span> <span class='ocrx_word' id='word_1_55' title='bbox 3159 656 3373 730; x_wconf 81' lang='grc' dir='ltr'>χόρτον.</span> 
     </span>
    </p>
   </div>
   <div class='ocr_carea' id='block_1_11' title="bbox 383 746 1846 826">
    <p class='ocr_par' dir='ltr' id='par_1_11' title="bbox 383 749 1681 826">
     <span class='ocr_line' id='line_1_11' title="bbox 383 749 1681 826; baseline 0.008 -24"><span class='ocrx_word' id='word_1_56' title='bbox 383 749 474 807; x_wconf 72' lang='grc'><strong>42.</strong></span> <span class='ocrx_word' id='word_1_57' title='bbox 514 749 580 804; x_wconf 86' lang='grc' dir='ltr'>Ει</span> <span class='ocrx_word' id='word_1_58' title='bbox 601 751 753 805; x_wconf 92' lang='lat' dir='ltr'><strong>obliti</strong></span> <span class='ocrx_word' id='word_1_59' title='bbox 781 763 908 807; x_wconf 90' lang='lat' dir='ltr'><strong>sunt</strong></span> <span class='ocrx_word' id='word_1_60' title='bbox 939 753 1128 819; x_wconf 90' lang='lat' dir='ltr'><strong>Deum,</strong></span> <span class='ocrx_word' id='word_1_61' title='bbox 1171 757 1265 826; x_wconf 88' lang='lat' dir='ltr'><strong>qui</strong></span> <span class='ocrx_word' id='word_1_62' title='bbox 1296 759 1524 813; x_wconf 84' lang='lat' dir='ltr'><strong>salvavit</strong></span> <span class='ocrx_word' id='word_1_63' title='bbox 1547 774 1681 814; x_wconf 85' lang='lat' dir='ltr'><strong>eos:</strong></span> 
     </span>
    </p>
   </div>
   <div class='ocr_carea' id='block_1_12' title="bbox 2087 746 3550 826">
    <p class='ocr_par' dir='ltr' id='par_1_12' title="bbox 2087 746 3550 826">
     <span class='ocr_line' id='line_1_12' title="bbox 2087 746 3550 826; baseline -0.004 -18"><span class='ocrx_word' id='word_1_64' title='bbox 2087 755 2135 808; x_wconf 75' lang='lat'><strong>2.</strong></span> <span class='ocrx_word' id='word_1_65' title='bbox 2164 757 2274 810; x_wconf 84' lang='lat' dir='ltr'><strong>Kal</strong></span> <span class='ocrx_word' id='word_1_66' title='bbox 2301 757 2373 826; x_wconf 85' lang='lat' dir='ltr'><strong>(a)</strong></span> <span class='ocrx_word' id='word_1_67' title='bbox 2405 753 2728 808; x_wconf 77' lang='grc' dir='ltr'>ἐπελάθοντο</span> <span class='ocrx_word' id='word_1_68' title='bbox 2756 751 2848 807; x_wconf 89' lang='grc' dir='ltr'><strong>τοῦ</strong></span> <span class='ocrx_word' id='word_1_69' title='bbox 2877 751 3010 805; x_wconf 83' lang='grc' dir='ltr'>Θεοῦ</span> <span class='ocrx_word' id='word_1_70' title='bbox 3039 750 3130 805; x_wconf 88' lang='grc' dir='ltr'><strong>τοῦ</strong></span> <span class='ocrx_word' id='word_1_71' title='bbox 3157 747 3421 815; x_wconf 77' lang='grc' dir='ltr'>σώζοντος</span> <span class='ocrx_word' id='word_1_72' title='bbox 3452 746 3550 802; x_wconf 69' lang='grc' dir='ltr'>αὑ-</span> 
     </span>
    </p>
   </div>
   <div class='ocr_carea' id='block_1_13' title="bbox 1978 862 2134 909">
    <p class='ocr_par' dir='ltr' id='par_1_13' title="bbox 1978 862 2134 909">
     <span class='ocr_line' id='line_1_13' title="bbox 1978 862 2134 909; baseline 0 -9"><span class='ocrx_word' id='word_1_73' title='bbox 1978 863 2103 909; x_wconf 83' lang='grc' dir='ltr'>τους</span> <span class='ocrx_word' id='word_1_74' title='bbox 2119 862 2134 877; x_wconf 89' lang='grc'><strong>⁹</strong></span> 
     </span>
    </p>
   </div>
   <div class='ocr_carea' id='block_1_14' title="bbox 381 918 1844 1010">
    <p class='ocr_par' dir='ltr' id='par_1_14' title="bbox 381 918 1424 1010">
     <span class='ocr_line' id='line_1_14' title="bbox 381 918 1424 1010; baseline 0.008 -23"><span class='ocrx_word' id='word_1_75' title='bbox 381 932 470 987; x_wconf 88' lang='grc'><strong>45.</strong></span> <span class='ocrx_word' id='word_1_76' title='bbox 509 918 612 1000; x_wconf 85' lang='lat' dir='ltr'><strong>Qui</strong></span> <span class='ocrx_word' id='word_1_77' title='bbox 638 933 766 990; x_wconf 82' lang='lat' dir='ltr'><strong>fecit</strong></span> <span class='ocrx_word' id='word_1_78' title='bbox 787 937 1056 1007; x_wconf 77' lang='lat' dir='ltr'><strong>magnalia</strong></span> <span class='ocrx_word' id='word_1_79' title='bbox 1085 939 1138 992; x_wconf 89' lang='lat' dir='ltr'><strong>in</strong></span> <span class='ocrx_word' id='word_1_80' title='bbox 1168 938 1424 1010; x_wconf 64' lang='lat' dir='ltr'><strong>Egypto,</strong></span> 
     </span>
    </p>
   </div>
   <div class='ocr_carea' id='block_1_15' title="bbox 1802 918 3265 1010">
    <p class='ocr_par' dir='ltr' id='par_1_15' title="bbox 2048 931 3265 1005">
     <span class='ocr_line' id='line_1_15' title="bbox 2048 931 3265 1005; baseline -0.004 -16"><span class='ocrx_word' id='word_1_81' title='bbox 2048 936 2137 989; x_wconf 84' lang='grc'><strong>45.</strong></span> <span class='ocrx_word' id='word_1_82' title='bbox 2169 934 2275 988; x_wconf 90' lang='grc' dir='ltr'><strong>Τοῦ</strong></span> <span class='ocrx_word' id='word_1_83' title='bbox 2308 935 2631 1005; x_wconf 80' lang='grc' dir='ltr'>ποιήσαντος</span> <span class='ocrx_word' id='word_1_84' title='bbox 2663 931 2876 1002; x_wconf 82' lang='grc' dir='ltr'>μεγάλα</span> <span class='ocrx_word' id='word_1_85' title='bbox 2901 934 2959 986; x_wconf 77' lang='grc' dir='ltr'>ἑν</span> <span class='ocrx_word' id='word_1_86' title='bbox 2985 932 3265 1002; x_wconf 75' lang='grc' dir='ltr'>Αἰγύπτῳ,</span> 
     </span>
    </p>
   </div>
   <div class='ocr_carea' id='block_1_16' title="bbox 381 1024 1844 1098">
    <p class='ocr_par' dir='ltr' id='par_1_16' title="bbox 381 1024 1249 1095">
     <span class='ocr_line' id='line_1_16' title="bbox 381 1024 1249 1095; baseline 0.007 -16"><span class='ocrx_word' id='word_1_87' title='bbox 381 1024 469 1080; x_wconf 79' lang='grc'><strong>44.</strong></span> <span class='ocrx_word' id='word_1_88' title='bbox 511 1026 775 1081; x_wconf 79' lang='lat' dir='ltr'><strong>Mirabilia</strong></span> <span class='ocrx_word' id='word_1_89' title='bbox 804 1028 857 1082; x_wconf 95' lang='lat' dir='ltr'><strong>in</strong></span> <span class='ocrx_word' id='word_1_90' title='bbox 883 1039 1026 1083; x_wconf 77' lang='lat' dir='ltr'><strong>terra</strong></span> <span class='ocrx_word' id='word_1_91' title='bbox 1054 1030 1249 1095; x_wconf 83' lang='lat' dir='ltr'><strong>Cham,</strong></span> 
     </span>
    </p>
   </div>
   <div class='ocr_carea' id='block_1_17' title="bbox 1364 1024 2827 1098">
    <p class='ocr_par' dir='ltr' id='par_1_17' title="bbox 2050 1024 2827 1098">
     <span class='ocr_line' id='line_1_17' title="bbox 2050 1024 2827 1098; baseline -0.005 -16"><span class='ocrx_word' id='word_1_92' title='bbox 2050 1027 2139 1082; x_wconf 78' lang='grc'>44,</span> <span class='ocrx_word' id='word_1_93' title='bbox 2169 1027 2458 1098; x_wconf 82' lang='grc' dir='ltr'>Θαυμάσια</span> <span class='ocrx_word' id='word_1_94' title='bbox 2488 1030 2545 1080; x_wconf 78' lang='grc' dir='ltr'>ὲν</span> <span class='ocrx_word' id='word_1_95' title='bbox 2578 1028 2648 1096; x_wconf 79' lang='grc' dir='ltr'>γῇ</span> <span class='ocrx_word' id='word_1_96' title='bbox 2676 1024 2827 1094; x_wconf 79' lang='grc' dir='ltr'>Χὰμ,</span> 
     </span>
    </p>
   </div>
   <div class='ocr_carea' id='block_1_18' title="bbox 381 1117 1844 1192">
    <p class='ocr_par' dir='ltr' id='par_1_18' title="bbox 381 1118 1278 1181">
     <span class='ocr_line' id='line_1_18' title="bbox 381 1118 1278 1181; baseline 0.008 -7"><span class='ocrx_word' id='word_1_97' title='bbox 381 1119 469 1174; x_wconf 86' lang='grc'><strong>45.</strong></span> <span class='ocrx_word' id='word_1_98' title='bbox 505 1118 794 1176; x_wconf 82' lang='lat' dir='ltr'><strong>Terribilia</strong></span> <span class='ocrx_word' id='word_1_99' title='bbox 823 1123 875 1176; x_wconf 89' lang='lat' dir='ltr'><strong>in</strong></span> <span class='ocrx_word' id='word_1_100' title='bbox 905 1124 1042 1177; x_wconf 88' lang='lat' dir='ltr'><strong>mari</strong></span> <span class='ocrx_word' id='word_1_101' title='bbox 1074 1125 1278 1181; x_wconf 80' lang='lat' dir='ltr'><strong>Rubro.</strong></span> 
     </span>
    </p>
   </div>
   <div class='ocr_carea' id='block_1_19' title="bbox 1642 1117 3105 1192">
    <p class='ocr_par' dir='ltr' id='par_1_19' title="bbox 2047 1117 3105 1192">
     <span class='ocr_line' id='line_1_19' title="bbox 2047 1117 3105 1192; baseline -0.008 -15"><span class='ocrx_word' id='word_1_102' title='bbox 2047 1124 2136 1177; x_wconf 83' lang='grc'><strong>45.</strong></span> <span class='ocrx_word' id='word_1_103' title='bbox 2163 1121 2372 1192; x_wconf 74' lang='grc' dir='ltr'>Φοϐερὰ</span> <span class='ocrx_word' id='word_1_104' title='bbox 2401 1123 2492 1174; x_wconf 69' lang='grc' dir='ltr'>ἐπὶ</span> <span class='ocrx_word' id='word_1_105' title='bbox 2519 1121 2792 1192; x_wconf 77' lang='grc' dir='ltr'>θαλάσσης</span> <span class='ocrx_word' id='word_1_106' title='bbox 2825 1117 3105 1189; x_wconf 72' lang='grc' dir='ltr'>Ἐρυθρᾶς.</span> 
     </span>
    </p>
   </div>
   <div class='ocr_carea' id='block_1_20' title="bbox 381 1207 1844 1286">
    <p class='ocr_par' dir='ltr' id='par_1_20' title="bbox 381 1212 1362 1286">
     <span class='ocr_line' id='line_1_20' title="bbox 381 1212 1362 1286; baseline 0.007 -20"><span class='ocrx_word' id='word_1_107' title='bbox 381 1213 469 1268; x_wconf 87' lang='grc'><strong>46.</strong></span> <span class='ocrx_word' id='word_1_108' title='bbox 519 1212 585 1267; x_wconf 79' lang='lat' dir='ltr'><strong>Et</strong></span> <span class='ocrx_word' id='word_1_109' title='bbox 612 1215 746 1268; x_wconf 76' lang='lat' dir='ltr'><strong>dixit</strong></span> <span class='ocrx_word' id='word_1_110' title='bbox 774 1225 832 1269; x_wconf 87' lang='lat' dir='ltr'><strong>ut</strong></span> <span class='ocrx_word' id='word_1_111' title='bbox 865 1217 1199 1286; x_wconf 83' lang='lat' dir='ltr'><strong>disperderet</strong></span> <span class='ocrx_word' id='word_1_112' title='bbox 1219 1235 1314 1272; x_wconf 86' lang='lat' dir='ltr'><strong>eos</strong></span> <span class='ocrx_word' id='word_1_113' title='bbox 1348 1239 1362 1274; x_wconf 90' lang='lat'><strong>:</strong></span> 
     </span>
    </p>
   </div>
   <div class='ocr_carea' id='block_1_21' title="bbox 1724 1207 3187 1286">
    <p class='ocr_par' dir='ltr' id='par_1_21' title="bbox 2047 1207 3187 1284">
     <span class='ocr_line' id='line_1_21' title="bbox 2047 1207 3187 1284; baseline -0.01 -16"><span class='ocrx_word' id='word_1_114' title='bbox 2047 1213 2135 1268; x_wconf 80' lang='grc'>46.</span> <span class='ocrx_word' id='word_1_115' title='bbox 2168 1214 2276 1266; x_wconf 96' lang='lat' dir='ltr'><strong>Kal</strong></span> <span class='ocrx_word' id='word_1_116' title='bbox 2297 1210 2415 1266; x_wconf 85' lang='grc' dir='ltr'>εἷπε</span> <span class='ocrx_word' id='word_1_117' title='bbox 2445 1210 2537 1265; x_wconf 87' lang='grc' dir='ltr'><strong>τοῦ</strong></span> <span class='ocrx_word' id='word_1_118' title='bbox 2563 1210 2934 1284; x_wconf 79' lang='grc' dir='ltr'>ὲξολοθρεῦσαι</span> <span class='ocrx_word' id='word_1_119' title='bbox 2964 1207 3156 1270; x_wconf 81' lang='grc' dir='ltr'>αύτούς</span> <span class='ocrx_word' id='word_1_120' title='bbox 3174 1222 3187 1236; x_wconf 91' lang='grc'><strong>·</strong></span> 
     </span>
    </p>
   </div>
   <div class='ocr_carea' id='block_1_22' title="bbox 383 1298 1846 1378">
    <p class='ocr_par' dir='ltr' id='par_1_22' title="bbox 383 1301 1320 1375">
     <span class='ocr_line' id='line_1_22' title="bbox 383 1301 1320 1375; baseline 0.009 -21"><span class='ocrx_word' id='word_1_121' title='bbox 383 1301 472 1357; x_wconf 83' lang='grc'>47.</span> <span class='ocrx_word' id='word_1_122' title='bbox 515 1301 570 1356; x_wconf 91' lang='lat' dir='ltr'><strong>Si</strong></span> <span class='ocrx_word' id='word_1_123' title='bbox 598 1319 706 1358; x_wconf 88' lang='lat' dir='ltr'><strong>non</strong></span> <span class='ocrx_word' id='word_1_124' title='bbox 736 1303 948 1375; x_wconf 82' lang='lat' dir='ltr'><strong>Moyses</strong></span> <span class='ocrx_word' id='word_1_125' title='bbox 972 1306 1177 1361; x_wconf 88' lang='lat' dir='ltr'><strong>electus</strong></span> <span class='ocrx_word' id='word_1_126' title='bbox 1201 1308 1320 1374; x_wconf 89' lang='lat' dir='ltr'><strong>ejus</strong></span> 
     </span>
    </p>
   </div>
   <div class='ocr_carea' id='block_1_23' title="bbox 1684 1298 3147 1378">
    <p class='ocr_par' dir='ltr' id='par_1_23' title="bbox 2047 1298 3147 1378">
     <span class='ocr_line' id='line_1_23' title="bbox 2047 1298 3147 1378; baseline -0.009 -16"><span class='ocrx_word' id='word_1_127' title='bbox 2047 1307 2137 1365; x_wconf 79' lang='grc'>47.</span> <span class='ocrx_word' id='word_1_128' title='bbox 2169 1307 2232 1360; x_wconf 81' lang='lat' dir='ltr'><strong>El</strong></span> <span class='ocrx_word' id='word_1_129' title='bbox 2271 1306 2344 1378; x_wconf 88' lang='grc' dir='ltr'>μὴ</span> <span class='ocrx_word' id='word_1_130' title='bbox 2376 1306 2612 1376; x_wconf 82' lang='grc' dir='ltr'>Μωῦσῆς</span> <span class='ocrx_word' id='word_1_131' title='bbox 2642 1306 2670 1358; x_wconf 95' lang='lat'><strong>6</strong></span> <span class='ocrx_word' id='word_1_132' title='bbox 2703 1301 2952 1364; x_wconf 75' lang='grc' dir='ltr'>ἐκλεκτὸς</span> <span class='ocrx_word' id='word_1_133' title='bbox 2986 1298 3147 1354; x_wconf 72' lang='grc' dir='ltr'>αὐτοῦ</span> 
     </span>
    </p>
   </div>
   <div class='ocr_carea' id='block_1_24' title="bbox 382 1380 1845 1470">
    <p class='ocr_par' dir='ltr' id='par_1_24' title="bbox 382 1380 1845 1470">
     <span class='ocr_line' id='line_1_24' title="bbox 382 1380 1845 1470; baseline 0.006 -24"><span class='ocrx_word' id='word_1_134' title='bbox 382 1393 468 1448; x_wconf 85' lang='grc'>48.</span> <span class='ocrx_word' id='word_1_135' title='bbox 513 1393 765 1450; x_wconf 73' lang='lat' dir='ltr'><strong>Stelisset</strong></span> <span class='ocrx_word' id='word_1_136' title='bbox 815 1397 868 1450; x_wconf 91' lang='lat' dir='ltr'><strong>in</strong></span> <span class='ocrx_word' id='word_1_137' title='bbox 907 1380 1278 1453; x_wconf 75' lang='lat' dir='ltr'><strong>confractione</strong></span> <span class='ocrx_word' id='word_1_138' title='bbox 1314 1399 1366 1453; x_wconf 90' lang='lat' dir='ltr'><strong>in</strong></span> <span class='ocrx_word' id='word_1_139' title='bbox 1402 1409 1693 1469; x_wconf 86' lang='lat' dir='ltr'><strong>conspectu</strong></span> <span class='ocrx_word' id='word_1_140' title='bbox 1738 1400 1845 1470; x_wconf 75' lang='lat' dir='ltr'><strong>ejus</strong></span> 
     </span>
    </p>
   </div>
   <div class='ocr_carea' id='block_1_25' title="bbox 1874 1380 3337 1470">
    <p class='ocr_par' dir='ltr' id='par_1_25' title="bbox 1874 1389 3337 1468">
     <span class='ocr_line' id='line_1_25' title="bbox 1874 1389 3337 1468; baseline -0.01 -12"><span class='ocrx_word' id='word_1_141' title='bbox 1874 1445 1878 1459; x_wconf 82' lang='grc'><strong>,</strong></span> <span class='ocrx_word' id='word_1_142' title='bbox 2045 1398 2136 1453; x_wconf 83' lang='grc'>48.</span> <span class='ocrx_word' id='word_1_143' title='bbox 2166 1400 2238 1466; x_wconf 70' lang='lat' dir='ltr'><strong>(b)</strong></span> <span class='ocrx_word' id='word_1_144' title='bbox 2271 1400 2440 1468; x_wconf 84' lang='grc' dir='ltr'>Ἔστη</span> <span class='ocrx_word' id='word_1_145' title='bbox 2476 1400 2532 1450; x_wconf 79' lang='grc' dir='ltr'><strong>ἐν</strong></span> <span class='ocrx_word' id='word_1_146' title='bbox 2557 1399 2622 1467; x_wconf 79' lang='grc' dir='ltr'>τῇ</span> <span class='ocrx_word' id='word_1_147' title='bbox 2655 1394 2877 1466; x_wconf 81' lang='grc' dir='ltr'>θραύσει</span> <span class='ocrx_word' id='word_1_148' title='bbox 2902 1392 3128 1446; x_wconf 70' lang='grc' dir='ltr'>ἐνώπιον</span> <span class='ocrx_word' id='word_1_149' title='bbox 3151 1389 3337 1454; x_wconf 81' lang='grc' dir='ltr'>αὑτοῦ,</span> 
     </span>
    </p>
   </div>
   <div class='ocr_carea' id='block_1_26' title="bbox 379 1476 1842 1562">
    <p class='ocr_par' dir='ltr' id='par_1_26' title="bbox 379 1485 1809 1562">
     <span class='ocr_line' id='line_1_26' title="bbox 379 1485 1809 1562; baseline 0.007 -23"><span class='ocrx_word' id='word_1_150' title='bbox 379 1485 466 1540; x_wconf 86' lang='grc'><strong>49.</strong></span> <span class='ocrx_word' id='word_1_151' title='bbox 514 1485 581 1542; x_wconf 92' lang='lat' dir='ltr'><strong>Ut</strong></span> <span class='ocrx_word' id='word_1_152' title='bbox 608 1498 875 1544; x_wconf 81' lang='lat' dir='ltr'><strong>averteret</strong></span> <span class='ocrx_word' id='word_1_153' title='bbox 899 1491 1036 1544; x_wconf 87' lang='lat' dir='ltr'><strong>iram</strong></span> <span class='ocrx_word' id='word_1_154' title='bbox 1058 1493 1199 1562; x_wconf 87' lang='lat' dir='ltr'><strong>ejus,</strong></span> <span class='ocrx_word' id='word_1_155' title='bbox 1237 1507 1302 1547; x_wconf 85' lang='lat' dir='ltr'><strong>ne</strong></span> <span class='ocrx_word' id='word_1_156' title='bbox 1336 1488 1668 1562; x_wconf 77' lang='lat' dir='ltr'><strong>diSperdcret</strong></span> <span class='ocrx_word' id='word_1_157' title='bbox 1691 1509 1809 1549; x_wconf 87' lang='lat' dir='ltr'><strong>eos.</strong></span> 
     </span>
    </p>
   </div>
   <div class='ocr_carea' id='block_1_27' title="bbox 2084 1476 3547 1562">
    <p class='ocr_par' dir='ltr' id='par_1_27' title="bbox 2085 1476 3547 1560">
     <span class='ocr_line' id='line_1_27' title="bbox 2085 1476 3547 1560; baseline -0.01 -16"><span class='ocrx_word' id='word_1_158' title='bbox 2085 1490 2134 1544; x_wconf 89' lang='lat'><strong>9.</strong></span> <span class='ocrx_word' id='word_1_159' title='bbox 2185 1487 2289 1542; x_wconf 84' lang='grc' dir='ltr'><strong>Τοῦ</strong></span> <span class='ocrx_word' id='word_1_160' title='bbox 2337 1489 2676 1560; x_wconf 68' lang='grc' dir='ltr'>ἀποστρέψαι</span> <span class='ocrx_word' id='word_1_161' title='bbox 2718 1487 2807 1539; x_wconf 80' lang='grc' dir='ltr'><strong>τὸν</strong></span> <span class='ocrx_word' id='word_1_162' title='bbox 2849 1484 3016 1554; x_wconf 72' lang='grc' dir='ltr'>θυμὸν</span> <span class='ocrx_word' id='word_1_163' title='bbox 3057 1481 3256 1545; x_wconf 85' lang='grc' dir='ltr'>αὐτοῦ,</span> <span class='ocrx_word' id='word_1_164' title='bbox 3315 1479 3409 1532; x_wconf 86' lang='grc' dir='ltr'><strong>τοῦ</strong></span> <span class='ocrx_word' id='word_1_165' title='bbox 3473 1476 3547 1551; x_wconf 70' lang='grc' dir='ltr'>μὴ</span> 
     </span>
    </p>
   </div>
   <div class='ocr_carea' id='block_1_28' title="bbox 1976 1579 2597 1651">
    <p class='ocr_par' dir='ltr' id='par_1_28' title="bbox 1976 1579 2597 1651">
     <span class='ocr_line' id='line_1_28' title="bbox 1976 1579 2597 1651; baseline -0.005 -16"><span class='ocrx_word' id='word_1_166' title='bbox 1976 1580 2352 1651; x_wconf 74' lang='grc' dir='ltr'>ἑξολοθρεῦσαι</span> <span class='ocrx_word' id='word_1_167' title='bbox 2383 1579 2597 1643; x_wconf 79' lang='grc' dir='ltr'>αὐτούς.</span> 
     </span>
    </p>
   </div>
   <div class='ocr_carea' id='block_1_29' title="bbox 380 1659 1843 1742">
    <p class='ocr_par' dir='ltr' id='par_1_29' title="bbox 380 1659 1838 1732">
     <span class='ocr_line' id='line_1_29' title="bbox 380 1659 1838 1732; baseline 0.006 -19"><span class='ocrx_word' id='word_1_168' title='bbox 380 1659 466 1715; x_wconf 84' lang='grc'><strong>50.</strong></span> <span class='ocrx_word' id='word_1_169' title='bbox 502 1661 567 1716; x_wconf 87' lang='lat' dir='ltr'><strong>Et</strong></span> <span class='ocrx_word' id='word_1_170' title='bbox 583 1679 680 1732; x_wconf 91' lang='lat' dir='ltr'><strong>pro</strong></span> <span class='ocrx_word' id='word_1_171' title='bbox 698 1665 866 1719; x_wconf 88' lang='lat' dir='ltr'><strong>nihilo</strong></span> <span class='ocrx_word' id='word_1_172' title='bbox 890 1665 1197 1720; x_wconf 88' lang='lat' dir='ltr'><strong>babuerunt</strong></span> <span class='ocrx_word' id='word_1_173' title='bbox 1215 1677 1412 1721; x_wconf 86' lang='lat' dir='ltr'><strong>terram</strong></span> <span class='ocrx_word' id='word_1_174' title='bbox 1431 1667 1838 1722; x_wconf 80' lang='lat' dir='ltr'><strong>desiderabilem</strong></span> 
     </span>
    </p>
   </div>
   <div class='ocr_carea' id='block_1_30' title="bbox 1731 1659 3194 1742">
    <p class='ocr_par' dir='ltr' id='par_1_30' title="bbox 1731 1668 3194 1742">
     <span class='ocr_line' id='line_1_30' title="bbox 1731 1668 3194 1742; baseline -0.001 -22"><span class='ocrx_word' id='word_1_175' title='bbox 1731 1669 1869 1724; x_wconf 83' lang='lat' dir='ltr'><strong>lem:</strong></span> <span class='ocrx_word' id='word_1_176' title='bbox 2043 1674 2132 1728; x_wconf 80' lang='lat'><strong>50.</strong></span> <span class='ocrx_word' id='word_1_177' title='bbox 2161 1674 2269 1727; x_wconf 89' lang='lat' dir='ltr'><strong>Kal</strong></span> <span class='ocrx_word' id='word_1_178' title='bbox 2302 1672 2665 1738; x_wconf 81' lang='grc' dir='ltr'>ὲξουδένωσαν</span> <span class='ocrx_word' id='word_1_179' title='bbox 2690 1671 2792 1742; x_wconf 83' lang='grc' dir='ltr'><strong>γῆν</strong></span> <span class='ocrx_word' id='word_1_180' title='bbox 2823 1668 3194 1738; x_wconf 70' lang='grc' dir='ltr'>ἐπιθυμητήν·</span> 
     </span>
    </p>
   </div>
   <div class='ocr_carea' id='block_1_31' title="bbox 380 1751 1843 1832">
    <p class='ocr_par' dir='ltr' id='par_1_31' title="bbox 380 1751 1375 1828">
     <span class='ocr_line' id='line_1_31' title="bbox 380 1751 1375 1828; baseline 0.005 -23"><span class='ocrx_word' id='word_1_181' title='bbox 380 1751 468 1808; x_wconf 83' lang='grc'><strong>51.</strong></span> <span class='ocrx_word' id='word_1_182' title='bbox 507 1752 623 1808; x_wconf 82' lang='lat' dir='ltr'><strong>Non</strong></span> <span class='ocrx_word' id='word_1_183' title='bbox 656 1757 1007 1812; x_wconf 87' lang='lat' dir='ltr'><strong>crediderunt</strong></span> <span class='ocrx_word' id='word_1_184' title='bbox 1038 1759 1206 1813; x_wconf 84' lang='lat' dir='ltr'><strong>verbo</strong></span> <span class='ocrx_word' id='word_1_185' title='bbox 1237 1760 1375 1828; x_wconf 85' lang='lat' dir='ltr'><strong>ejus.</strong></span> 
     </span>
    </p>
   </div>
   <div class='ocr_carea' id='block_1_32' title="bbox 1650 1751 3113 1832">
    <p class='ocr_par' dir='ltr' id='par_1_32' title="bbox 1906 1751 3113 1832">
     <span class='ocr_line' id='line_1_32' title="bbox 1906 1751 3113 1832; baseline -0.006 -15"><span class='ocrx_word' id='word_1_186' title='bbox 1906 1751 1950 1808; x_wconf 79' lang='grc' dir='ltr'><strong><em>Β</em></strong></span> <span class='ocrx_word' id='word_1_187' title='bbox 2047 1762 2134 1817; x_wconf 89' lang='grc'><strong>51.</strong></span> <span class='ocrx_word' id='word_1_188' title='bbox 2170 1763 2282 1816; x_wconf 84' lang='grc' dir='ltr'>Οὐκ</span> <span class='ocrx_word' id='word_1_189' title='bbox 2310 1763 2634 1816; x_wconf 72' lang='grc' dir='ltr'>ἐπίστευσαν</span> <span class='ocrx_word' id='word_1_190' title='bbox 2660 1760 2738 1832; x_wconf 81' lang='grc' dir='ltr'>τῷ</span> <span class='ocrx_word' id='word_1_191' title='bbox 2765 1759 2908 1830; x_wconf 82' lang='grc' dir='ltr'>λόγῳ</span> <span class='ocrx_word' id='word_1_192' title='bbox 2931 1759 2995 1812; x_wconf 80' lang='grc' dir='ltr'><strong>αὑ</strong></span> <span class='ocrx_word' id='word_1_193' title='bbox 3007 1757 3113 1811; x_wconf 75' lang='grc' dir='ltr'>τοῦ.</span> 
     </span>
    </p>
   </div>
   <div class='ocr_carea' id='block_1_33' title="bbox 382 1841 1845 1926">
    <p class='ocr_par' dir='ltr' id='par_1_33' title="bbox 382 1841 1842 1922">
     <span class='ocr_line' id='line_1_33' title="bbox 382 1841 1842 1922; baseline 0.01 -29"><span class='ocrx_word' id='word_1_194' title='bbox 382 1841 469 1894; x_wconf 67' lang='grc'><strong>52.</strong></span> <span class='ocrx_word' id='word_1_195' title='bbox 511 1843 575 1898; x_wconf 86' lang='grc' dir='ltr'>Ει</span> <span class='ocrx_word' id='word_1_196' title='bbox 602 1856 1082 1906; x_wconf 81' lang='lat' dir='ltr'><strong>murmuraverunt</strong></span> <span class='ocrx_word' id='word_1_197' title='bbox 1118 1847 1577 1922; x_wconf 82' lang='lat' dir='ltr'><strong>[murmurabant]</strong></span> <span class='ocrx_word' id='word_1_198' title='bbox 1609 1851 1663 1906; x_wconf 92' lang='lat' dir='ltr'><strong>in</strong></span> <span class='ocrx_word' id='word_1_199' title='bbox 1691 1853 1842 1907; x_wconf 85' lang='lat' dir='ltr'><strong>taber</strong></span> 
     </span>
    </p>
   </div>
   <div class='ocr_carea' id='block_1_34' title="bbox 2080 1841 3543 1926">
    <p class='ocr_par' dir='ltr' id='par_1_34' title="bbox 2082 1842 3543 1926">
     <span class='ocr_line' id='line_1_34' title="bbox 2082 1842 3543 1926; baseline -0.008 -18"><span class='ocrx_word' id='word_1_200' title='bbox 2082 1854 2134 1908; x_wconf 76' lang='grc'>2.</span> <span class='ocrx_word' id='word_1_201' title='bbox 2169 1855 2279 1908; x_wconf 85' lang='lat' dir='ltr'><strong>Kal</strong></span> <span class='ocrx_word' id='word_1_202' title='bbox 2305 1855 2611 1923; x_wconf 78' lang='grc' dir='ltr'>ἐγόγγυσαν</span> <span class='ocrx_word' id='word_1_203' title='bbox 2643 1849 2984 1926; x_wconf 74' lang='grc' dir='ltr'>[ἐγόγγυζον]</span> <span class='ocrx_word' id='word_1_204' title='bbox 3017 1853 3072 1903; x_wconf 79' lang='grc' dir='ltr'>ὲν</span> <span class='ocrx_word' id='word_1_205' title='bbox 3103 1851 3218 1911; x_wconf 78' lang='grc' dir='ltr'>τοῖς</span> <span class='ocrx_word' id='word_1_206' title='bbox 3253 1842 3543 1914; x_wconf 57' lang='grc' dir='ltr'>σκηνώμα-</span> 
     </span>
    </p>
   </div>
   <div class='ocr_carea' id='block_1_35' title="bbox 310 1934 1773 2000">
    <p class='ocr_par' dir='ltr' id='par_1_35' title="bbox 310 1934 704 1992">
     <span class='ocr_line' id='line_1_35' title="bbox 310 1934 704 1992; baseline 0.015 -6"><span class='ocrx_word' id='word_1_207' title='bbox 310 1934 522 1990; x_wconf 77' lang='lat' dir='ltr'><strong>naculis</strong></span> <span class='ocrx_word' id='word_1_208' title='bbox 550 1937 666 1992; x_wconf 87' lang='lat' dir='ltr'><strong>suis</strong></span> <span class='ocrx_word' id='word_1_209' title='bbox 690 1955 704 1992; x_wconf 89' lang='lat'><strong>:</strong></span> 
     </span>
    </p>
   </div>
   <div class='ocr_carea' id='block_1_36' title="bbox 841 1934 2304 2000">
    <p class='ocr_par' dir='ltr' id='par_1_36' title="bbox 1977 1944 2304 2000">
     <span class='ocr_line' id='line_1_36' title="bbox 1977 1944 2304 2000; baseline -0.006 -1"><span class='ocrx_word' id='word_1_210' title='bbox 1977 1963 2062 2000; x_wconf 82' lang='grc' dir='ltr'><strong>σιν</strong></span> <span class='ocrx_word' id='word_1_211' title='bbox 2093 1944 2270 1998; x_wconf 76' lang='grc' dir='ltr'>αὐτῶν</span> <span class='ocrx_word' id='word_1_212' title='bbox 2290 1961 2304 1977; x_wconf 85' lang='grc'>⁶</span> 
     </span>
    </p>
   </div>
   <div class='ocr_carea' id='block_1_37' title="bbox 382 2069 3444 2149">
    <p class='ocr_par' dir='ltr' id='par_1_37' title="bbox 382 2069 3444 2149">
     <span class='ocr_line' id='line_1_37' title="bbox 382 2069 3444 2149; baseline 0.003 -27"><span class='ocrx_word' id='word_1_213' title='bbox 382 2069 458 2139; x_wconf 89' lang='lat' dir='ltr'><strong>(a)</strong></span> <span class='ocrx_word' id='word_1_214' title='bbox 488 2071 596 2126; x_wconf 82' lang='lat' dir='ltr'><strong>Kal</strong></span> <span class='ocrx_word' id='word_1_215' title='bbox 621 2073 790 2128; x_wconf 89' lang='lat' dir='ltr'><strong>deest.</strong></span> <span class='ocrx_word' id='word_1_216' title='bbox 2051 2077 2126 2149; x_wconf 89' lang='lat' dir='ltr'><strong>(b)</strong></span> <span class='ocrx_word' id='word_1_217' title='bbox 2159 2076 2313 2132; x_wconf 85' lang='lat' dir='ltr'><strong>Vers.</strong></span> <span class='ocrx_word' id='word_1_218' title='bbox 2339 2075 2408 2131; x_wconf 87' lang='grc'>48</span> <span class='ocrx_word' id='word_1_219' title='bbox 2433 2075 2672 2132; x_wconf 89' lang='lat' dir='ltr'><strong>omissus</strong></span> <span class='ocrx_word' id='word_1_220' title='bbox 2693 2084 2774 2131; x_wconf 89' lang='lat' dir='ltr'><strong>est</strong></span> <span class='ocrx_word' id='word_1_221' title='bbox 2801 2076 2869 2130; x_wconf 91' lang='lat' dir='ltr'><strong>ab</strong></span> <span class='ocrx_word' id='word_1_222' title='bbox 2895 2076 3121 2146; x_wconf 86' lang='lat' dir='ltr'><strong>antiquo</strong></span> <span class='ocrx_word' id='word_1_223' title='bbox 3155 2076 3444 2148; x_wconf 90' lang='lat' dir='ltr'><strong>scriptore.</strong></span> 
     </span>
    </p>
   </div>
   <div class='ocr_carea' id='block_1_38' title="bbox 1439 2255 2428 2314">
    <p class='ocr_par' dir='ltr' id='par_1_38' title="bbox 1439 2255 2428 2314">
     <span class='ocr_line' id='line_1_38' title="bbox 1439 2255 2428 2314; baseline -0.002 0"><span class='ocrx_word' id='word_1_224' title='bbox 1439 2255 1814 2314; x_wconf 80' lang='lat' dir='ltr'><strong>ATHANASII</strong></span> <span class='ocrx_word' id='word_1_225' title='bbox 1854 2257 2428 2313; x_wconf 78' lang='lat' dir='ltr'><strong>INTERPBETATIO.</strong></span> 
     </span>
    </p>
   </div>
   <div class='ocr_carea' id='block_1_39' title="bbox 379 2390 1842 2468">
    <p class='ocr_par' dir='ltr' id='par_1_39' title="bbox 379 2394 1842 2468">
     <span class='ocr_line' id='line_1_39' title="bbox 379 2394 1842 2468; baseline -0.002 -18"><span class='ocrx_word' id='word_1_226' title='bbox 379 2395 466 2451; x_wconf 82' lang='grc'>58.</span> <span class='ocrx_word' id='word_1_227' title='bbox 509 2394 576 2449; x_wconf 83' lang='grc' dir='ltr'>Ει</span> <span class='ocrx_word' id='word_1_228' title='bbox 604 2396 850 2452; x_wconf 83' lang='lat' dir='ltr'><strong>fecerunt</strong></span> <span class='ocrx_word' id='word_1_229' title='bbox 875 2398 975 2453; x_wconf 85' lang='lat' dir='ltr'><strong>sibi</strong></span> <span class='ocrx_word' id='word_1_230' title='bbox 1011 2398 1145 2468; x_wconf 91' lang='lat' dir='ltr'><strong>ipsis</strong></span> <span class='ocrx_word' id='word_1_231' title='bbox 1173 2413 1266 2452; x_wconf 92' lang='lat' dir='ltr'><strong>cor</strong></span> <span class='ocrx_word' id='word_1_232' title='bbox 1290 2396 1554 2466; x_wconf 89' lang='lat' dir='ltr'><strong>insipiens</strong></span> <span class='ocrx_word' id='word_1_233' title='bbox 1593 2396 1648 2450; x_wconf 92' lang='lat' dir='ltr'><strong>in</strong></span> <span class='ocrx_word' id='word_1_234' title='bbox 1681 2395 1842 2451; x_wconf 89' lang='lat' dir='ltr'><strong>menti</strong></span> 
     </span>
    </p>
   </div>
   <div class='ocr_carea' id='block_1_40' title="bbox 2082 2390 3545 2468">
    <p class='ocr_par' dir='ltr' id='par_1_40' title="bbox 2082 2390 3545 2467">
     <span class='ocr_line' id='line_1_40' title="bbox 2082 2390 3545 2467; baseline -0.002 -19"><span class='ocrx_word' id='word_1_235' title='bbox 2082 2395 2131 2448; x_wconf 90' lang='lat'><strong>8.</strong></span> <span class='ocrx_word' id='word_1_236' title='bbox 2169 2396 2276 2448; x_wconf 89' lang='lat' dir='ltr'><strong>Kal</strong></span> <span class='ocrx_word' id='word_1_237' title='bbox 2305 2395 2568 2467; x_wconf 76' lang='grc' dir='ltr'>ἐποίησαν</span> <span class='ocrx_word' id='word_1_238' title='bbox 2599 2395 2812 2458; x_wconf 80' lang='grc' dir='ltr'>ἑαυτοῖς</span> <span class='ocrx_word' id='word_1_239' title='bbox 2841 2390 3096 2448; x_wconf 80' lang='grc' dir='ltr'>ἀσύνετον</span> <span class='ocrx_word' id='word_1_240' title='bbox 3139 2391 3366 2464; x_wconf 80' lang='grc' dir='ltr'>καρδίαν</span> <span class='ocrx_word' id='word_1_241' title='bbox 3398 2394 3454 2445; x_wconf 82' lang='grc' dir='ltr'>ὲν</span> <span class='ocrx_word' id='word_1_242' title='bbox 3481 2395 3545 2466; x_wconf 71' lang='grc' dir='ltr'>τῇ</span> 
     </span>
    </p>
   </div>
   <div class='ocr_carea' id='block_1_41' title="bbox 309 2481 1772 2558">
    <p class='ocr_par' dir='ltr' id='par_1_41' title="bbox 309 2487 1768 2558">
     <span class='ocr_line' id='line_1_41' title="bbox 309 2487 1768 2558; baseline 0.001 -16"><span class='ocrx_word' id='word_1_243' title='bbox 309 2502 422 2542; x_wconf 70' lang='lat' dir='ltr'><strong>suae</strong></span> <span class='ocrx_word' id='word_1_244' title='bbox 450 2487 833 2543; x_wconf 71' lang='lat' dir='ltr'><strong>obczeeatione.</strong></span> <span class='ocrx_word' id='word_1_245' title='bbox 879 2487 1082 2543; x_wconf 78' lang='lat' dir='ltr'><strong>CIwreb</strong></span> <span class='ocrx_word' id='word_1_246' title='bbox 1110 2490 1256 2546; x_wconf 88' lang='lat' dir='ltr'><strong>enim</strong></span> <span class='ocrx_word' id='word_1_247' title='bbox 1285 2489 1675 2558; x_wconf 83' lang='lat' dir='ltr'><strong>interpretatur</strong></span> <span class='ocrx_word' id='word_1_248' title='bbox 1703 2505 1768 2544; x_wconf 73' lang='lat' dir='ltr'><strong>ea:</strong></span> 
     </span>
    </p>
   </div>
   <div class='ocr_carea' id='block_1_42' title="bbox 2083 2481 3546 2558">
    <p class='ocr_par' dir='ltr' id='par_1_42' title="bbox 2083 2481 3546 2555">
     <span class='ocr_line' id='line_1_42' title="bbox 2083 2481 3546 2555; baseline 0.001 -19"><span class='ocrx_word' id='word_1_249' title='bbox 2083 2485 2220 2538; x_wconf 73' lang='grc' dir='ltr'>,ώσει</span> <span class='ocrx_word' id='word_1_250' title='bbox 2246 2485 2344 2555; x_wconf 78' lang='grc' dir='ltr'><strong>τῆς</strong></span> <span class='ocrx_word' id='word_1_251' title='bbox 2368 2485 2603 2548; x_wconf 76' lang='grc' dir='ltr'>διανοίας</span> <span class='ocrx_word' id='word_1_252' title='bbox 2633 2484 2833 2538; x_wconf 80' lang='grc' dir='ltr'>αὐτῶν.</span> <span class='ocrx_word' id='word_1_253' title='bbox 2872 2481 3082 2552; x_wconf 73' lang='grc' dir='ltr'><em>Χωρὴϐ</em></span> <span class='ocrx_word' id='word_1_254' title='bbox 3105 2482 3215 2553; x_wconf 86' lang='grc' dir='ltr'><strong>γὰρ</strong></span> <span class='ocrx_word' id='word_1_255' title='bbox 3251 2484 3546 2555; x_wconf 78' lang='grc' dir='ltr'>ἑρμηνεύε-</span> 
     </span>
    </p>
   </div>
   <div class='ocr_carea' id='block_1_43' title="bbox 308 2576 1771 2649">
    <p class='ocr_par' dir='ltr' id='par_1_43' title="bbox 308 2580 1054 2649">
     <span class='ocr_line' id='line_1_43' title="bbox 308 2580 1054 2649; baseline 0.005 -17"><span class='ocrx_word' id='word_1_256' title='bbox 308 2580 467 2639; x_wconf 76' lang='grc' dir='ltr'>ςαιὶο,</span> <span class='ocrx_word' id='word_1_257' title='bbox 501 2580 678 2649; x_wconf 84' lang='lat' dir='ltr'><strong>qualis</strong></span> <span class='ocrx_word' id='word_1_258' title='bbox 707 2591 790 2647; x_wconf 84' lang='lat' dir='ltr'><strong>est</strong></span> <span class='ocrx_word' id='word_1_259' title='bbox 815 2582 1054 2637; x_wconf 67' lang='lat' dir='ltr'><strong>cazcitas.</strong></span> 
     </span>
    </p>
   </div>
   <div class='ocr_carea' id='block_1_44' title="bbox 1573 2576 3036 2649">
    <p class='ocr_par' dir='ltr' id='par_1_44' title="bbox 1974 2576 3036 2646">
     <span class='ocr_line' id='line_1_44' title="bbox 1974 2576 3036 2646; baseline -0.003 -16"><span class='ocrx_word' id='word_1_260' title='bbox 1974 2595 2061 2630; x_wconf 87' lang='grc' dir='ltr'><strong>ται</strong></span> <span class='ocrx_word' id='word_1_261' title='bbox 2095 2576 2424 2645; x_wconf 79' lang='grc' dir='ltr'>ξηρασμὸς,</span> <span class='ocrx_word' id='word_1_262' title='bbox 2457 2578 2592 2646; x_wconf 85' lang='grc' dir='ltr'>ὅπερ</span> <span class='ocrx_word' id='word_1_263' title='bbox 2627 2576 2741 2628; x_wconf 83' lang='grc' dir='ltr'><strong>ἐστί</strong></span> <span class='ocrx_word' id='word_1_264' title='bbox 2771 2577 3036 2646; x_wconf 78' lang='grc' dir='ltr'>πήρωσις.</span> 
     </span>
    </p>
   </div>
   <div class='ocr_carea' id='block_1_45' title="bbox 378 2666 1841 2744">
    <p class='ocr_par' dir='ltr' id='par_1_45' title="bbox 378 2670 1744 2744">
     <span class='ocr_line' id='line_1_45' title="bbox 378 2670 1744 2744; baseline 0.003 -20"><span class='ocrx_word' id='word_1_265' title='bbox 378 2670 466 2724; x_wconf 87' lang='grc'>59.</span> <span class='ocrx_word' id='word_1_266' title='bbox 527 2670 593 2724; x_wconf 88' lang='grc' dir='ltr'>Ει</span> <span class='ocrx_word' id='word_1_267' title='bbox 621 2673 671 2725; x_wconf 90' lang='lat' dir='ltr'><strong>in</strong></span> <span class='ocrx_word' id='word_1_268' title='bbox 701 2673 1018 2727; x_wconf 80' lang='lat' dir='ltr'><strong>servitutem</strong></span> <span class='ocrx_word' id='word_1_269' title='bbox 1045 2673 1250 2728; x_wconf 88' lang='lat' dir='ltr'><strong>redacti</strong></span> <span class='ocrx_word' id='word_1_270' title='bbox 1281 2685 1410 2728; x_wconf 88' lang='lat' dir='ltr'><strong>sunt</strong></span> <span class='ocrx_word' id='word_1_271' title='bbox 1442 2690 1472 2729; x_wconf 90' lang='lat' dir='ltr'><strong>a</strong></span> <span class='ocrx_word' id='word_1_272' title='bbox 1505 2684 1744 2744; x_wconf 86' lang='lat' dir='ltr'><strong>peccato.</strong></span> 
     </span>
    </p>
   </div>
   <div class='ocr_carea' id='block_1_46' title="bbox 1584 2666 3047 2744">
    <p class='ocr_par' dir='ltr' id='par_1_46' title="bbox 1584 2666 3047 2738">
     <span class='ocr_line' id='line_1_46' title="bbox 1584 2666 3047 2738; baseline -0.008 -8"><span class='ocrx_word' id='word_1_273' title='bbox 1584 2684 1744 2730; x_wconf 83' lang='lat' dir='ltr'><strong>:cato.</strong></span> <span class='ocrx_word' id='word_1_274' title='bbox 2046 2669 2133 2722; x_wconf 85' lang='grc'>59.</span> <span class='ocrx_word' id='word_1_275' title='bbox 2159 2668 2267 2720; x_wconf 84' lang='lat' dir='ltr'><strong>Kal</strong></span> <span class='ocrx_word' id='word_1_276' title='bbox 2293 2666 2664 2738; x_wconf 78' lang='grc' dir='ltr'>ἐδουλώθησαν</span> <span class='ocrx_word' id='word_1_277' title='bbox 2695 2669 2761 2737; x_wconf 79' lang='grc' dir='ltr'>τῇ</span> <span class='ocrx_word' id='word_1_278' title='bbox 2787 2666 3047 2738; x_wconf 82' lang='grc' dir='ltr'>ἁμαρτίᾳ.</span> 
     </span>
    </p>
   </div>
   <div class='ocr_carea' id='block_1_47' title="bbox 377 2751 1840 2854">
    <p class='ocr_par' dir='ltr' id='par_1_47' title="bbox 377 2760 1840 2836">
     <span class='ocr_line' id='line_1_47' title="bbox 377 2760 1840 2836; baseline 0.005 -22"><span class='ocrx_word' id='word_1_279' title='bbox 377 2760 463 2816; x_wconf 94' lang='grc'><strong>40.</strong></span> <span class='ocrx_word' id='word_1_280' title='bbox 504 2761 569 2815; x_wconf 82' lang='grc' dir='ltr'>Ει</span> <span class='ocrx_word' id='word_1_281' title='bbox 597 2764 822 2833; x_wconf 80' lang='lat' dir='ltr'><strong>gloriam</strong></span> <span class='ocrx_word' id='word_1_282' title='bbox 855 2765 1178 2828; x_wconf 87' lang='lat' dir='ltr'><strong>intellectus,</strong></span> <span class='ocrx_word' id='word_1_283' title='bbox 1221 2783 1381 2836; x_wconf 85' lang='lat' dir='ltr'><strong>quem</strong></span> <span class='ocrx_word' id='word_1_284' title='bbox 1425 2769 1572 2823; x_wconf 86' lang='lat' dir='ltr'><strong>dedit</strong></span> <span class='ocrx_word' id='word_1_285' title='bbox 1601 2769 1680 2824; x_wconf 89' lang='lat' dir='ltr'><strong>eis</strong></span> <span class='ocrx_word' id='word_1_286' title='bbox 1712 2767 1840 2824; x_wconf 71' lang='lat' dir='ltr'><strong>Deus</strong></span> 
     </span>
    </p>
   </div>
   <div class='ocr_carea' id='block_1_48' title="bbox 2083 2751 3546 2854">
    <p class='ocr_par' dir='ltr' id='par_1_48' title="bbox 2084 2751 3546 2834">
     <span class='ocr_line' id='line_1_48' title="bbox 2084 2751 3546 2834; baseline 0.001 -24"><span class='ocrx_word' id='word_1_287' title='bbox 2084 2760 2135 2814; x_wconf 94' lang='grc'><strong>0.</strong></span> <span class='ocrx_word' id='word_1_288' title='bbox 2167 2760 2272 2834; x_wconf 66' lang='lat' dir='ltr'><strong>Kal</strong></span> <span class='ocrx_word' id='word_1_289' title='bbox 2305 2758 2403 2829; x_wconf 84' lang='grc' dir='ltr'>τὴν</span> <span class='ocrx_word' id='word_1_290' title='bbox 2450 2760 2524 2829; x_wconf 91' lang='grc'><strong>(1)</strong></span> <span class='ocrx_word' id='word_1_291' title='bbox 2572 2758 2728 2822; x_wconf 81' lang='grc' dir='ltr'>δόξαν</span> <span class='ocrx_word' id='word_1_292' title='bbox 2769 2758 2868 2828; x_wconf 81' lang='grc' dir='ltr'>τῆς</span> <span class='ocrx_word' id='word_1_293' title='bbox 2902 2757 3203 2822; x_wconf 83' lang='grc' dir='ltr'>συνέσεως,</span> <span class='ocrx_word' id='word_1_294' title='bbox 3241 2751 3310 2828; x_wconf 80' lang='grc' dir='ltr'><strong>ἧς</strong></span> <span class='ocrx_word' id='word_1_295' title='bbox 3354 2757 3546 2811; x_wconf 71' lang='grc' dir='ltr'>ἔδωκεν</span> 
     </span>
    </p>
   </div>
   <div class='ocr_carea' id='block_1_49' title="bbox 311 2848 1774 2938">
    <p class='ocr_par' dir='ltr' id='par_1_49' title="bbox 311 2857 1523 2928">
     <span class='ocr_line' id='line_1_49' title="bbox 311 2857 1523 2928; baseline 0.006 -22"><span class='ocrx_word' id='word_1_296' title='bbox 311 2862 810 2910; x_wconf 84' lang='lat' dir='ltr'><strong>transmutaverunt</strong></span> <span class='ocrx_word' id='word_1_297' title='bbox 844 2857 896 2910; x_wconf 90' lang='lat' dir='ltr'><strong>in</strong></span> <span class='ocrx_word' id='word_1_298' title='bbox 945 2867 1177 2912; x_wconf 87' lang='lat' dir='ltr'><strong>mentem</strong></span> <span class='ocrx_word' id='word_1_299' title='bbox 1213 2859 1523 2928; x_wconf 83' lang='lat' dir='ltr'><strong>reproham.</strong></span> 
     </span>
    </p>
   </div>
   <div class='ocr_carea' id='block_1_50' title="bbox 1803 2848 3266 2938">
    <p class='ocr_par' dir='ltr' id='par_1_50' title="bbox 1913 2848 3266 2938">
     <span class='ocr_line' id='line_1_50' title="bbox 1913 2848 3266 2938; baseline 0 -36"><span class='ocrx_word' id='word_1_300' title='bbox 1913 2848 1945 2854; x_wconf 50' lang='grc'><strong><em>⁷</em></strong></span> <span class='ocrx_word' id='word_1_301' title='bbox 1981 2851 2160 2914; x_wconf 73' lang='grc' dir='ltr'>αὐτοῖς</span> <span class='ocrx_word' id='word_1_302' title='bbox 2185 2853 2213 2903; x_wconf 97' lang='lat'><strong>6</strong></span> <span class='ocrx_word' id='word_1_303' title='bbox 2240 2850 2389 2914; x_wconf 80' lang='grc' dir='ltr'>Θεὸς,</span> <span class='ocrx_word' id='word_1_304' title='bbox 2417 2849 2706 2938; x_wconf 59' lang='grc' dir='ltr'>μετέϐαλον</span> <span class='ocrx_word' id='word_1_305' title='bbox 2735 2851 2815 2913; x_wconf 75' lang='grc' dir='ltr'><strong>εἰς</strong></span> <span class='ocrx_word' id='word_1_306' title='bbox 2840 2850 3092 2920; x_wconf 75' lang='grc' dir='ltr'>ἀδόκιμον</span> <span class='ocrx_word' id='word_1_307' title='bbox 3121 2848 3266 2903; x_wconf 83' lang='grc' dir='ltr'>νοῦν.</span> 
     </span>
    </p>
   </div>
   <div class='ocr_carea' id='block_1_51' title="bbox 379 2940 1842 3022">
    <p class='ocr_par' dir='ltr' id='par_1_51' title="bbox 379 2946 1842 3022">
     <span class='ocr_line' id='line_1_51' title="bbox 379 2946 1842 3022; baseline 0.005 -23"><span class='ocrx_word' id='word_1_308' title='bbox 379 2946 467 3002; x_wconf 85' lang='grc'><strong>41.</strong></span> <span class='ocrx_word' id='word_1_309' title='bbox 504 2946 568 3000; x_wconf 81' lang='lat' dir='ltr'><strong>Et</strong></span> <span class='ocrx_word' id='word_1_310' title='bbox 617 2949 903 3003; x_wconf 86' lang='lat' dir='ltr'><strong>assimilati</strong></span> <span class='ocrx_word' id='word_1_311' title='bbox 979 2960 1107 3004; x_wconf 90' lang='lat' dir='ltr'><strong>sunt</strong></span> <span class='ocrx_word' id='word_1_312' title='bbox 1152 2951 1402 3019; x_wconf 87' lang='lat' dir='ltr'><strong>jumento</strong></span> <span class='ocrx_word' id='word_1_313' title='bbox 1460 2952 1757 3022; x_wconf 79' lang='lat' dir='ltr'><strong>insipienti,</strong></span> <span class='ocrx_word' id='word_1_314' title='bbox 1825 2969 1842 3008; x_wconf 80' lang='grc' dir='ltr'><strong>ε</strong></span> 
     </span>
    </p>
   </div>
   <div class='ocr_carea' id='block_1_52' title="bbox 2084 2940 3547 3022">
    <p class='ocr_par' dir='ltr' id='par_1_52' title="bbox 2094 2940 3547 3014">
     <span class='ocr_line' id='line_1_52' title="bbox 2094 2940 3547 3014; baseline -0.001 -20"><span class='ocrx_word' id='word_1_315' title='bbox 2094 2944 2136 2994; x_wconf 91' lang='grc'><strong>1.</strong></span> <span class='ocrx_word' id='word_1_316' title='bbox 2179 2942 2287 2995; x_wconf 88' lang='lat' dir='ltr'><strong>Kal</strong></span> <span class='ocrx_word' id='word_1_317' title='bbox 2322 2941 2680 3014; x_wconf 84' lang='grc' dir='ltr'>ὡμοιώθησαν</span> <span class='ocrx_word' id='word_1_318' title='bbox 2706 2943 2892 3011; x_wconf 82' lang='grc' dir='ltr'>κτήνει</span> <span class='ocrx_word' id='word_1_319' title='bbox 2924 2941 3190 3011; x_wconf 83' lang='grc' dir='ltr'>ἀσυνέτῳ,</span> <span class='ocrx_word' id='word_1_320' title='bbox 3233 2942 3329 2994; x_wconf 76' lang='grc' dir='ltr'>καὶ</span> <span class='ocrx_word' id='word_1_321' title='bbox 3361 2940 3547 3009; x_wconf 58' lang='grc' dir='ltr'>ὥστερ</span> 
     </span>
    </p>
   </div>
   <div class='ocr_carea' id='block_1_53' title="bbox 309 3031 1772 3114">
    <p class='ocr_par' dir='ltr' id='par_1_53' title="bbox 309 3038 1768 3114">
     <span class='ocr_line' id='line_1_53' title="bbox 309 3038 1768 3114; baseline 0.008 -28"><span class='ocrx_word' id='word_1_322' title='bbox 309 3038 764 3104; x_wconf 82' lang='lat' dir='ltr'><strong>quemadmodum</strong></span> <span class='ocrx_word' id='word_1_323' title='bbox 802 3040 932 3094; x_wconf 87' lang='lat' dir='ltr'><strong>illud</strong></span> <span class='ocrx_word' id='word_1_324' title='bbox 978 3040 1163 3095; x_wconf 84' lang='lat' dir='ltr'><strong>fenum</strong></span> <span class='ocrx_word' id='word_1_325' title='bbox 1207 3042 1338 3103; x_wconf 85' lang='lat' dir='ltr'><strong>edit,</strong></span> <span class='ocrx_word' id='word_1_326' title='bbox 1395 3043 1542 3112; x_wconf 91' lang='lat' dir='ltr'><strong>quod</strong></span> <span class='ocrx_word' id='word_1_327' title='bbox 1592 3045 1645 3097; x_wconf 91' lang='lat' dir='ltr'><strong>in</strong></span> <span class='ocrx_word' id='word_1_328' title='bbox 1699 3045 1768 3114; x_wconf 69' lang='lat' dir='ltr'><strong>ign</strong></span> 
     </span>
    </p>
   </div>
   <div class='ocr_carea' id='block_1_54' title="bbox 2131 3031 3594 3114">
    <p class='ocr_par' dir='ltr' id='par_1_54' title="bbox 2131 3031 3594 3105">
     <span class='ocr_line' id='line_1_54' title="bbox 2131 3031 3594 3105; baseline -0.001 -19"><span class='ocrx_word' id='word_1_329' title='bbox 2131 3051 2161 3086; x_wconf 88' lang='lat' dir='ltr'><strong>a</strong></span> <span class='ocrx_word' id='word_1_330' title='bbox 2205 3033 2394 3105; x_wconf 83' lang='grc' dir='ltr'>χόρτον</span> <span class='ocrx_word' id='word_1_331' title='bbox 2424 3034 2590 3088; x_wconf 78' lang='grc' dir='ltr'>ἐσθίει</span> <span class='ocrx_word' id='word_1_332' title='bbox 2629 3034 2719 3086; x_wconf 80' lang='grc' dir='ltr'><strong>τὸν</strong></span> <span class='ocrx_word' id='word_1_333' title='bbox 2751 3035 2830 3097; x_wconf 81' lang='grc' dir='ltr'><strong>είς</strong></span> <span class='ocrx_word' id='word_1_334' title='bbox 2857 3033 2916 3086; x_wconf 81' lang='grc' dir='ltr'><strong>τὸ</strong></span> <span class='ocrx_word' id='word_1_335' title='bbox 2946 3032 3056 3103; x_wconf 88' lang='grc' dir='ltr'><strong>πῦρ</strong></span> <span class='ocrx_word' id='word_1_336' title='bbox 3086 3032 3430 3102; x_wconf 79' lang='grc' dir='ltr'>βαλλόμενον,</span> <span class='ocrx_word' id='word_1_337' title='bbox 3455 3031 3546 3084; x_wconf 81' lang='grc' dir='ltr'>οῦ·</span> <span class='ocrx_word' id='word_1_338' title='bbox 3589 3049 3594 3054; x_wconf 72' lang='lat'><em>&#39;</em></span> 
     </span>
    </p>
   </div>
   <div class='ocr_carea' id='block_1_55' title="bbox 310 3121 1773 3204">
    <p class='ocr_par' dir='ltr' id='par_1_55' title="bbox 310 3131 1773 3204">
     <span class='ocr_line' id='line_1_55' title="bbox 310 3131 1773 3204; baseline 0.004 -21"><span class='ocrx_word' id='word_1_339' title='bbox 310 3131 564 3191; x_wconf 88' lang='lat' dir='ltr'><strong>mittitur.</strong></span> <span class='ocrx_word' id='word_1_340' title='bbox 612 3134 685 3186; x_wconf 85' lang='lat' dir='ltr'><strong>ita</strong></span> <span class='ocrx_word' id='word_1_341' title='bbox 719 3142 773 3186; x_wconf 94' lang='lat' dir='ltr'><strong>et</strong></span> <span class='ocrx_word' id='word_1_342' title='bbox 803 3133 892 3187; x_wconf 86' lang='lat' dir='ltr'><strong>isti</strong></span> <span class='ocrx_word' id='word_1_343' title='bbox 941 3145 1221 3202; x_wconf 86' lang='lat' dir='ltr'><strong>peccatum</strong></span> <span class='ocrx_word' id='word_1_344' title='bbox 1269 3136 1596 3204; x_wconf 88' lang='lat' dir='ltr'><strong>suscipiunt,</strong></span> <span class='ocrx_word' id='word_1_345' title='bbox 1646 3150 1773 3204; x_wconf 63' lang='lat' dir='ltr'><strong>quoe</strong></span> 
     </span>
    </p>
   </div>
   <div class='ocr_carea' id='block_1_56' title="bbox 2085 3121 3548 3204">
    <p class='ocr_par' dir='ltr' id='par_1_56' title="bbox 2126 3121 3548 3197">
     <span class='ocr_line' id='line_1_56' title="bbox 2126 3121 3548 3197; baseline -0.003 -19"><span class='ocrx_word' id='word_1_346' title='bbox 2126 3127 2218 3179; x_wconf 71' lang='grc' dir='ltr'><strong>καὶ</strong></span> <span class='ocrx_word' id='word_1_347' title='bbox 2241 3121 2384 3178; x_wconf 69' lang='grc' dir='ltr'>οὗτοι</span> <span class='ocrx_word' id='word_1_348' title='bbox 2409 3125 2508 3196; x_wconf 82' lang='grc' dir='ltr'>τὴν</span> <span class='ocrx_word' id='word_1_349' title='bbox 2533 3125 2806 3197; x_wconf 82' lang='grc' dir='ltr'>ἁμαρτίαν</span> <span class='ocrx_word' id='word_1_350' title='bbox 2838 3122 3316 3194; x_wconf 79' lang='grc' dir='ltr'>μεταλαμϐάνουσι</span> <span class='ocrx_word' id='word_1_351' title='bbox 3344 3125 3442 3194; x_wconf 80' lang='grc' dir='ltr'><strong>τὴν</strong></span> <span class='ocrx_word' id='word_1_352' title='bbox 3472 3125 3548 3187; x_wconf 83' lang='grc' dir='ltr'>εἰς</span> 
     </span>
    </p>
   </div>
   <div class='ocr_carea' id='block_1_57' title="bbox 309 3216 1772 3291">
    <p class='ocr_par' dir='ltr' id='par_1_57' title="bbox 309 3221 1092 3291">
     <span class='ocr_line' id='line_1_57' title="bbox 309 3221 1092 3291; baseline 0.003 -17"><span class='ocrx_word' id='word_1_353' title='bbox 309 3221 747 3275; x_wconf 90' lang='lat' dir='ltr'><strong>combustionem</strong></span> <span class='ocrx_word' id='word_1_354' title='bbox 785 3222 1092 3291; x_wconf 89' lang='lat' dir='ltr'><strong>projicitur.</strong></span> 
     </span>
    </p>
   </div>
   <div class='ocr_carea' id='block_1_58' title="bbox 1090 3216 2553 3291">
    <p class='ocr_par' dir='ltr' id='par_1_58' title="bbox 1090 3216 2553 3287">
     <span class='ocr_line' id='line_1_58' title="bbox 1090 3216 2553 3287; baseline -0.003 -15"><span class='ocrx_word' id='word_1_355' title='bbox 1090 3265 1092 3272; x_wconf 96' lang='lat'><strong>.</strong></span> <span class='ocrx_word' id='word_1_356' title='bbox 1932 3224 1934 3226; x_wconf 65' lang='grc'><strong>⁷</strong></span> <span class='ocrx_word' id='word_1_357' title='bbox 1979 3216 2172 3271; x_wconf 79' lang='grc' dir='ltr'>καῦσιν</span> <span class='ocrx_word' id='word_1_358' title='bbox 2207 3217 2553 3287; x_wconf 82' lang='grc' dir='ltr'>βαλλομένην.</span> 
     </span>
    </p>
   </div>
   <div class='ocr_carea' id='block_1_59' title="bbox 378 3305 1841 3379">
    <p class='ocr_par' dir='ltr' id='par_1_59' title="bbox 378 3313 1547 3372">
     <span class='ocr_line' id='line_1_59' title="bbox 378 3313 1547 3372; baseline 0.003 -7"><span class='ocrx_word' id='word_1_359' title='bbox 378 3313 469 3366; x_wconf 73' lang='grc'>42.</span> <span class='ocrx_word' id='word_1_360' title='bbox 511 3313 577 3367; x_wconf 86' lang='lat' dir='ltr'><strong>Et</strong></span> <span class='ocrx_word' id='word_1_361' title='bbox 615 3315 766 3372; x_wconf 88' lang='lat' dir='ltr'><strong>obliti</strong></span> <span class='ocrx_word' id='word_1_362' title='bbox 801 3324 926 3370; x_wconf 91' lang='lat' dir='ltr'><strong>sunt</strong></span> <span class='ocrx_word' id='word_1_363' title='bbox 959 3314 1296 3370; x_wconf 88' lang='lat' dir='ltr'><strong>Salvatorem</strong></span> <span class='ocrx_word' id='word_1_364' title='bbox 1339 3314 1547 3370; x_wconf 90' lang='lat' dir='ltr'><strong>mundi.</strong></span> 
     </span>
    </p>
   </div>
   <div class='ocr_carea' id='block_1_60' title="bbox 1940 3305 3403 3379">
    <p class='ocr_par' dir='ltr' id='par_1_60' title="bbox 2049 3305 3403 3379">
     <span class='ocr_line' id='line_1_60' title="bbox 2049 3305 3403 3379; baseline -0.004 -16"><span class='ocrx_word' id='word_1_365' title='bbox 2049 3309 2138 3364; x_wconf 73' lang='grc'><strong>42.</strong></span> <span class='ocrx_word' id='word_1_366' title='bbox 2174 3310 2282 3361; x_wconf 85' lang='lat' dir='ltr'><strong>Kal</strong></span> <span class='ocrx_word' id='word_1_367' title='bbox 2315 3307 2634 3362; x_wconf 79' lang='grc' dir='ltr'>ἐπελάθοντο</span> <span class='ocrx_word' id='word_1_368' title='bbox 2664 3308 2758 3361; x_wconf 87' lang='grc' dir='ltr'><strong>τοῦ</strong></span> <span class='ocrx_word' id='word_1_369' title='bbox 2780 3307 3029 3379; x_wconf 83' lang='grc' dir='ltr'>Σωτῆρος</span> <span class='ocrx_word' id='word_1_370' title='bbox 3056 3305 3149 3360; x_wconf 82' lang='grc' dir='ltr'><strong>τοῦ</strong></span> <span class='ocrx_word' id='word_1_371' title='bbox 3177 3306 3403 3376; x_wconf 78' lang='grc' dir='ltr'>κόσμου.</span> 
     </span>
    </p>
   </div>
   <div class='ocr_carea' id='block_1_61' title="bbox 321 3396 1784 3478">
    <p class='ocr_par' dir='ltr' id='par_1_61' title="bbox 321 3406 1784 3477">
     <span class='ocr_line' id='line_1_61' title="bbox 321 3406 1784 3477; baseline 0.004 -22"><span class='ocrx_word' id='word_1_372' title='bbox 321 3449 327 3455; x_wconf 93' lang='grc'><strong>.</strong></span> <span class='ocrx_word' id='word_1_373' title='bbox 383 3407 468 3461; x_wconf 88' lang='grc'><strong>45.</strong></span> <span class='ocrx_word' id='word_1_374' title='bbox 520 3407 623 3472; x_wconf 87' lang='lat' dir='ltr'><strong>Qui</strong></span> <span class='ocrx_word' id='word_1_375' title='bbox 653 3422 848 3477; x_wconf 63' lang='lat' dir='ltr'><strong>magna</strong></span> <span class='ocrx_word' id='word_1_376' title='bbox 880 3406 1006 3462; x_wconf 77' lang='lat' dir='ltr'><strong>fecit</strong></span> <span class='ocrx_word' id='word_1_377' title='bbox 1049 3408 1102 3462; x_wconf 92' lang='lat' dir='ltr'><strong>in</strong></span> <span class='ocrx_word' id='word_1_378' title='bbox 1139 3409 1383 3464; x_wconf 85' lang='lat' dir='ltr'><strong>tenebris</strong></span> <span class='ocrx_word' id='word_1_379' title='bbox 1430 3408 1654 3475; x_wconf 89' lang='lat' dir='ltr'><strong>mundi;</strong></span> <span class='ocrx_word' id='word_1_380' title='bbox 1703 3407 1784 3475; x_wconf 51' lang='grc' dir='ltr'><strong>ὥς</strong></span> 
     </span>
    </p>
   </div>
   <div class='ocr_carea' id='block_1_62' title="bbox 2085 3396 3548 3478">
    <p class='ocr_par' dir='ltr' id='par_1_62' title="bbox 2085 3396 3548 3472">
     <span class='ocr_line' id='line_1_62' title="bbox 2085 3396 3548 3472; baseline -0.003 -18"><span class='ocrx_word' id='word_1_381' title='bbox 2085 3401 2135 3454; x_wconf 88' lang='grc'><strong>5.</strong></span> <span class='ocrx_word' id='word_1_382' title='bbox 2182 3400 2287 3453; x_wconf 86' lang='grc' dir='ltr'><strong>Τοῦ</strong></span> <span class='ocrx_word' id='word_1_383' title='bbox 2333 3403 2653 3472; x_wconf 75' lang='grc' dir='ltr'>ποιήσαντος</span> <span class='ocrx_word' id='word_1_384' title='bbox 2707 3399 2915 3470; x_wconf 83' lang='grc' dir='ltr'>μεγάλα</span> <span class='ocrx_word' id='word_1_385' title='bbox 2965 3399 3024 3451; x_wconf 84' lang='grc' dir='ltr'>ὲν</span> <span class='ocrx_word' id='word_1_386' title='bbox 3082 3397 3159 3468; x_wconf 84' lang='grc' dir='ltr'><strong>τῷ</strong></span> <span class='ocrx_word' id='word_1_387' title='bbox 3214 3400 3395 3453; x_wconf 82' lang='grc' dir='ltr'>σκότει</span> <span class='ocrx_word' id='word_1_388' title='bbox 3453 3396 3548 3451; x_wconf 80' lang='grc' dir='ltr'><strong>τοῦ</strong></span> 
     </span>
    </p>
   </div>
   <div class='ocr_carea' id='block_1_63' title="bbox 280 3486 1743 3570">
    <p class='ocr_par' dir='ltr' id='par_1_63' title="bbox 280 3489 1535 3570">
     <span class='ocr_line' id='line_1_63' title="bbox 280 3489 1535 3570; baseline 0.006 -20"><span class='ocrx_word' id='word_1_389' title='bbox 280 3489 428 3568; x_wconf 62' lang='lat' dir='ltr'><strong>&quot;psus</strong></span> <span class='ocrx_word' id='word_1_390' title='bbox 454 3501 597 3553; x_wconf 87' lang='lat' dir='ltr'><strong>enim</strong></span> <span class='ocrx_word' id='word_1_391' title='bbox 637 3499 862 3554; x_wconf 76' lang='lat' dir='ltr'><strong>teuebra:</strong></span> <span class='ocrx_word' id='word_1_392' title='bbox 906 3501 1316 3570; x_wconf 88' lang='lat' dir='ltr'><strong>interpretatur.</strong></span> <span class='ocrx_word' id='word_1_393' title='bbox 1526 3537 1535 3551; x_wconf 79' lang='grc' dir='ltr'><strong>ι</strong></span> 
     </span>
    </p>
   </div>
   <div class='ocr_carea' id='block_1_64' title="bbox 1977 3486 3440 3570">
    <p class='ocr_par' dir='ltr' id='par_1_64' title="bbox 1980 3486 3440 3564">
     <span class='ocr_line' id='line_1_64' title="bbox 1980 3486 3440 3564; baseline 0 -20"><span class='ocrx_word' id='word_1_394' title='bbox 1980 3486 2203 3561; x_wconf 75' lang='grc' dir='ltr'>κόσμου.</span> <span class='ocrx_word' id='word_1_395' title='bbox 2232 3493 2530 3562; x_wconf 78' lang='grc' dir='ltr'>Αἴγυπτος</span> <span class='ocrx_word' id='word_1_396' title='bbox 2561 3493 2669 3564; x_wconf 81' lang='grc' dir='ltr'><strong>γὰρ</strong></span> <span class='ocrx_word' id='word_1_397' title='bbox 2699 3494 2922 3558; x_wconf 75' lang='grc' dir='ltr'>σκότος</span> <span class='ocrx_word' id='word_1_398' title='bbox 2955 3491 3314 3563; x_wconf 76' lang='grc' dir='ltr'>ἑρμηνεύεται</span> <span class='ocrx_word' id='word_1_399' title='bbox 3344 3491 3440 3560; x_wconf 71' lang='lat'><strong>(2).</strong></span> 
     </span>
    </p>
   </div>
   <div class='ocr_carea' id='block_1_65' title="bbox 377 3572 1840 3660">
    <p class='ocr_par' dir='ltr' id='par_1_65' title="bbox 377 3572 1838 3660">
     <span class='ocr_line' id='line_1_65' title="bbox 377 3572 1838 3660; baseline 0.001 -18"><span class='ocrx_word' id='word_1_400' title='bbox 377 3588 465 3642; x_wconf 79' lang='grc'><strong>44.</strong></span> <span class='ocrx_word' id='word_1_401' title='bbox 503 3588 560 3643; x_wconf 84' lang='grc' dir='ltr'><strong>1η</strong></span> <span class='ocrx_word' id='word_1_402' title='bbox 604 3606 879 3660; x_wconf 81' lang='lat' dir='ltr'><strong>synagoga</strong></span> <span class='ocrx_word' id='word_1_403' title='bbox 916 3589 1252 3646; x_wconf 69' lang='lat' dir='ltr'><strong>Judzeorum.</strong></span> <span class='ocrx_word' id='word_1_404' title='bbox 1287 3590 1454 3646; x_wconf 78' lang='lat' dir='ltr'><strong>Citam</strong></span> <span class='ocrx_word' id='word_1_405' title='bbox 1503 3572 1648 3648; x_wconf 77' lang='lat' dir='ltr'><strong>enim</strong></span> <span class='ocrx_word' id='word_1_406' title='bbox 1697 3591 1838 3644; x_wconf 88' lang='lat' dir='ltr'><strong>auda</strong></span> 
     </span>
    </p>
   </div>
   <div class='ocr_carea' id='block_1_66' title="bbox 2083 3572 3546 3660">
    <p class='ocr_par' dir='ltr' id='par_1_66' title="bbox 2085 3579 3546 3653">
     <span class='ocr_line' id='line_1_66' title="bbox 2085 3579 3546 3653; baseline -0.003 -19"><span class='ocrx_word' id='word_1_407' title='bbox 2085 3582 2137 3634; x_wconf 78' lang='grc'><strong>4.</strong></span> <span class='ocrx_word' id='word_1_408' title='bbox 2191 3583 2277 3634; x_wconf 88' lang='grc' dir='ltr'>Ἐν</span> <span class='ocrx_word' id='word_1_409' title='bbox 2326 3585 2390 3653; x_wconf 81' lang='grc' dir='ltr'>τῇ</span> <span class='ocrx_word' id='word_1_410' title='bbox 2444 3585 2732 3653; x_wconf 82' lang='grc' dir='ltr'>συναγωγῇ</span> <span class='ocrx_word' id='word_1_411' title='bbox 2774 3581 2884 3633; x_wconf 84' lang='grc' dir='ltr'>τῶν</span> <span class='ocrx_word' id='word_1_412' title='bbox 2937 3580 3226 3635; x_wconf 73' lang='grc' dir='ltr'>Ἰουδαίων.</span> <span class='ocrx_word' id='word_1_413' title='bbox 3275 3579 3400 3648; x_wconf 81' lang='grc' dir='ltr'><strong>Χὰμ</strong></span> <span class='ocrx_word' id='word_1_414' title='bbox 3440 3579 3546 3651; x_wconf 84' lang='grc' dir='ltr'><strong>γὰρ</strong></span> 
     </span>
    </p>
   </div>
   <div class='ocr_carea' id='block_1_67' title="bbox 307 3672 1770 3754">
    <p class='ocr_par' dir='ltr' id='par_1_67' title="bbox 307 3678 1702 3754">
     <span class='ocr_line' id='line_1_67' title="bbox 307 3678 1702 3754; baseline 0.003 -21"><span class='ocrx_word' id='word_1_415' title='bbox 307 3678 712 3751; x_wconf 71' lang='lat' dir='ltr'><strong>interpretatur,</strong></span> <span class='ocrx_word' id='word_1_416' title='bbox 747 3683 926 3752; x_wconf 82' lang='lat' dir='ltr'><strong>qualis</strong></span> <span class='ocrx_word' id='word_1_417' title='bbox 974 3693 1058 3738; x_wconf 84' lang='lat' dir='ltr'><strong>est</strong></span> <span class='ocrx_word' id='word_1_418' title='bbox 1089 3682 1402 3738; x_wconf 72' lang='lat' dir='ltr'><strong>Judzeorum</strong></span> <span class='ocrx_word' id='word_1_419' title='bbox 1447 3685 1702 3754; x_wconf 86' lang='lat' dir='ltr'><strong>populus.</strong></span> 
     </span>
    </p>
   </div>
   <div class='ocr_carea' id='block_1_68' title="bbox 2085 3672 3548 3754">
    <p class='ocr_par' dir='ltr' id='par_1_68' title="bbox 2086 3672 3548 3748">
     <span class='ocr_line' id='line_1_68' title="bbox 2086 3672 3548 3748; baseline -0.003 -19"><span class='ocrx_word' id='word_1_420' title='bbox 2086 3676 2275 3744; x_wconf 77' lang='grc' dir='ltr'>μηρὸς</span> <span class='ocrx_word' id='word_1_421' title='bbox 2309 3675 2691 3748; x_wconf 83' lang='grc' dir='ltr'>ἑρμηνεύεται,</span> <span class='ocrx_word' id='word_1_422' title='bbox 2727 3678 2862 3747; x_wconf 84' lang='grc' dir='ltr'>ὅπερ</span> <span class='ocrx_word' id='word_1_423' title='bbox 2893 3674 3037 3728; x_wconf 72' lang='grc' dir='ltr'>ἐστὶν</span> <span class='ocrx_word' id='word_1_424' title='bbox 3065 3677 3094 3727; x_wconf 90' lang='lat'><strong>6</strong></span> <span class='ocrx_word' id='word_1_425' title='bbox 3120 3674 3249 3738; x_wconf 80' lang='grc' dir='ltr'>λαὸς</span> <span class='ocrx_word' id='word_1_426' title='bbox 3279 3673 3385 3728; x_wconf 83' lang='grc' dir='ltr'><strong>τῶν</strong></span> <span class='ocrx_word' id='word_1_427' title='bbox 3419 3672 3548 3725; x_wconf 84' lang='grc' dir='ltr'>Ἰου-</span> 
     </span>
    </p>
   </div>
   <div class='ocr_carea' id='block_1_69' title="bbox 1979 3766 2159 3822">
    <p class='ocr_par' dir='ltr' id='par_1_69' title="bbox 1979 3766 2159 3822">
     <span class='ocr_line' id='line_1_69' title="bbox 1979 3766 2159 3822; baseline -0.011 0"><span class='ocrx_word' id='word_1_428' title='bbox 1979 3766 2159 3822; x_wconf 78' lang='grc' dir='ltr'>δαίων.</span> 
     </span>
    </p>
   </div>
   <div class='ocr_carea' id='block_1_70' title="bbox 375 3857 1838 3933">
    <p class='ocr_par' dir='ltr' id='par_1_70' title="bbox 375 3859 1485 3933">
     <span class='ocr_line' id='line_1_70' title="bbox 375 3859 1485 3933; baseline 0.003 -19"><span class='ocrx_word' id='word_1_429' title='bbox 375 3860 461 3914; x_wconf 87' lang='grc'><strong>45.</strong></span> <span class='ocrx_word' id='word_1_430' title='bbox 506 3859 792 3915; x_wconf 86' lang='lat' dir='ltr'><strong>Terribilia</strong></span> <span class='ocrx_word' id='word_1_431' title='bbox 825 3862 878 3915; x_wconf 91' lang='lat' dir='ltr'><strong>in</strong></span> <span class='ocrx_word' id='word_1_432' title='bbox 910 3863 1114 3918; x_wconf 91' lang='lat' dir='ltr'><strong>mundo</strong></span> <span class='ocrx_word' id='word_1_433' title='bbox 1153 3863 1485 3933; x_wconf 87' lang='lat' dir='ltr'><strong>iniquitatis.</strong></span> 
     </span>
    </p>
   </div>
   <div class='ocr_carea' id='block_1_71' title="bbox 1696 3857 3159 3933">
    <p class='ocr_par' dir='ltr' id='par_1_71' title="bbox 2051 3857 3159 3932">
     <span class='ocr_line' id='line_1_71' title="bbox 2051 3857 3159 3932; baseline -0.002 -18"><span class='ocrx_word' id='word_1_434' title='bbox 2051 3860 2139 3914; x_wconf 74' lang='grc'><strong>45.</strong></span> <span class='ocrx_word' id='word_1_435' title='bbox 2166 3858 2372 3930; x_wconf 77' lang='grc' dir='ltr'>Φοσερὰ</span> <span class='ocrx_word' id='word_1_436' title='bbox 2399 3862 2454 3914; x_wconf 81' lang='grc' dir='ltr'>ὲν</span> <span class='ocrx_word' id='word_1_437' title='bbox 2486 3860 2561 3930; x_wconf 85' lang='grc' dir='ltr'>τῷ</span> <span class='ocrx_word' id='word_1_438' title='bbox 2593 3860 2781 3931; x_wconf 84' lang='grc' dir='ltr'>κόσμῳ</span> <span class='ocrx_word' id='word_1_439' title='bbox 2807 3859 2908 3929; x_wconf 78' lang='grc' dir='ltr'><strong>τῆς</strong></span> <span class='ocrx_word' id='word_1_440' title='bbox 2931 3857 3159 3932; x_wconf 76' lang='grc' dir='ltr'>ἀνομίας</span> 
     </span>
    </p>
   </div>
   <div class='ocr_carea' id='block_1_72' title="bbox 375 3947 1838 4025">
    <p class='ocr_par' dir='ltr' id='par_1_72' title="bbox 375 3949 1528 4024">
     <span class='ocr_line' id='line_1_72' title="bbox 375 3949 1528 4024; baseline 0.002 -20"><span class='ocrx_word' id='word_1_441' title='bbox 375 3951 464 4004; x_wconf 85' lang='grc'>46.</span> <span class='ocrx_word' id='word_1_442' title='bbox 505 3949 570 4002; x_wconf 84' lang='grc' dir='ltr'>Ει</span> <span class='ocrx_word' id='word_1_443' title='bbox 603 3953 739 4005; x_wconf 80' lang='lat' dir='ltr'><strong>dixit</strong></span> <span class='ocrx_word' id='word_1_444' title='bbox 767 3954 940 4017; x_wconf 87' lang='lat' dir='ltr'><strong>Pater,</strong></span> <span class='ocrx_word' id='word_1_445' title='bbox 966 3965 1025 4008; x_wconf 83' lang='lat' dir='ltr'><strong>ut</strong></span> <span class='ocrx_word' id='word_1_446' title='bbox 1056 3955 1393 4024; x_wconf 87' lang='lat' dir='ltr'><strong>disperderet</strong></span> <span class='ocrx_word' id='word_1_447' title='bbox 1415 3971 1528 4008; x_wconf 82' lang='lat' dir='ltr'><strong>eos.</strong></span> 
     </span>
    </p>
   </div>
   <div class='ocr_carea' id='block_1_73' title="bbox 2082 3947 3545 4025">
    <p class='ocr_par' dir='ltr' id='par_1_73' title="bbox 2082 3947 3545 4025">
     <span class='ocr_line' id='line_1_73' title="bbox 2082 3947 3545 4025; baseline -0.005 -17"><span class='ocrx_word' id='word_1_448' title='bbox 2082 3955 2136 4008; x_wconf 85' lang='grc'>6.</span> <span class='ocrx_word' id='word_1_449' title='bbox 2170 3955 2279 4008; x_wconf 84' lang='lat' dir='ltr'><strong>Kal</strong></span> <span class='ocrx_word' id='word_1_450' title='bbox 2315 3949 2465 4006; x_wconf 81' lang='grc' dir='ltr'>εἶπεν</span> <span class='ocrx_word' id='word_1_451' title='bbox 2507 3955 2536 4006; x_wconf 89' lang='lat'><strong>6</strong></span> <span class='ocrx_word' id='word_1_452' title='bbox 2563 3953 2754 4025; x_wconf 79' lang='grc' dir='ltr'>Πατὴρ</span> <span class='ocrx_word' id='word_1_453' title='bbox 2785 3952 2880 4006; x_wconf 84' lang='grc' dir='ltr'><strong>τοῦ</strong></span> <span class='ocrx_word' id='word_1_454' title='bbox 2913 3949 3293 4023; x_wconf 77' lang='grc' dir='ltr'>ὲξολοθρεῦσαι</span> <span class='ocrx_word' id='word_1_455' title='bbox 3331 3947 3545 4011; x_wconf 79' lang='grc' dir='ltr'>αὐτούς.</span> 
     </span>
    </p>
   </div>
   <div class='ocr_carea' id='block_1_74' title="bbox 375 4042 1838 4117">
    <p class='ocr_par' dir='ltr' id='par_1_74' title="bbox 375 4042 1838 4116">
     <span class='ocr_line' id='line_1_74' title="bbox 375 4042 1838 4116; baseline 0.005 -21"><span class='ocrx_word' id='word_1_456' title='bbox 375 4042 464 4108; x_wconf 80' lang='grc'>47,</span> <span class='ocrx_word' id='word_1_457' title='bbox 504 4043 592 4097; x_wconf 85' lang='grc'>48.</span> <span class='ocrx_word' id='word_1_458' title='bbox 634 4043 752 4098; x_wconf 82' lang='lat' dir='ltr'><strong>Nisi</strong></span> <span class='ocrx_word' id='word_1_459' title='bbox 796 4044 966 4101; x_wconf 86' lang='lat' dir='ltr'><strong>Filius</strong></span> <span class='ocrx_word' id='word_1_460' title='bbox 1031 4046 1151 4116; x_wconf 87' lang='lat' dir='ltr'><strong>ejus</strong></span> <span class='ocrx_word' id='word_1_461' title='bbox 1203 4051 1440 4101; x_wconf 63' lang='lat' dir='ltr'><strong>sletissﬂ</strong></span> <span class='ocrx_word' id='word_1_462' title='bbox 1489 4049 1544 4100; x_wconf 92' lang='lat' dir='ltr'><strong>in</strong></span> <span class='ocrx_word' id='word_1_463' title='bbox 1593 4062 1754 4102; x_wconf 82' lang='lat' dir='ltr'><strong>cruce</strong></span> <span class='ocrx_word' id='word_1_464' title='bbox 1797 4048 1838 4102; x_wconf 71' lang='lat' dir='ltr'><strong>d1</strong></span> 
     </span>
    </p>
   </div>
   <div class='ocr_carea' id='block_1_75' title="bbox 2084 4042 3547 4117">
    <p class='ocr_par' dir='ltr' id='par_1_75' title="bbox 2087 4043 3547 4117">
     <span class='ocr_line' id='line_1_75' title="bbox 2087 4043 3547 4117; baseline -0.003 -17"><span class='ocrx_word' id='word_1_465' title='bbox 2087 4049 2139 4110; x_wconf 90' lang='lat'><strong>7,</strong></span> <span class='ocrx_word' id='word_1_466' title='bbox 2182 4046 2270 4100; x_wconf 85' lang='grc'>48.</span> <span class='ocrx_word' id='word_1_467' title='bbox 2325 4047 2387 4099; x_wconf 83' lang='lat' dir='ltr'><strong>Ei</strong></span> <span class='ocrx_word' id='word_1_468' title='bbox 2433 4045 2506 4117; x_wconf 84' lang='grc' dir='ltr'>μὴ</span> <span class='ocrx_word' id='word_1_469' title='bbox 2553 4049 2581 4100; x_wconf 91' lang='lat'><strong>6</strong></span> <span class='ocrx_word' id='word_1_470' title='bbox 2627 4047 2753 4110; x_wconf 68' lang='grc' dir='ltr'><strong>Υἱὸς</strong></span> <span class='ocrx_word' id='word_1_471' title='bbox 2803 4047 2968 4099; x_wconf 76' lang='grc' dir='ltr'>αὑτοῦ</span> <span class='ocrx_word' id='word_1_472' title='bbox 3023 4047 3152 4114; x_wconf 75' lang='grc' dir='ltr'>ἔστη</span> <span class='ocrx_word' id='word_1_473' title='bbox 3201 4045 3276 4114; x_wconf 79' lang='grc'><strong>(5)</strong></span> <span class='ocrx_word' id='word_1_474' title='bbox 3319 4044 3410 4096; x_wconf 69' lang='grc' dir='ltr'>ἐπὶ</span> <span class='ocrx_word' id='word_1_475' title='bbox 3457 4043 3547 4096; x_wconf 76' lang='grc' dir='ltr'><strong>τοῦ</strong></span> 
     </span>
    </p>
   </div>
   <div class='ocr_carea' id='block_1_76' title="bbox 307 4133 1770 4215">
    <p class='ocr_par' dir='ltr' id='par_1_76' title="bbox 307 4133 1768 4210">
     <span class='ocr_line' id='line_1_76' title="bbox 307 4133 1768 4210; baseline 0.003 -23"><span class='ocrx_word' id='word_1_476' title='bbox 307 4147 436 4188; x_wconf 90' lang='lat' dir='ltr'><strong>cens</strong></span> <span class='ocrx_word' id='word_1_477' title='bbox 464 4152 476 4187; x_wconf 93' lang='lat'>:</span> <span class='ocrx_word' id='word_1_478' title='bbox 506 4133 702 4199; x_wconf 81' lang='lat' dir='ltr'><strong>Pater,</strong></span> <span class='ocrx_word' id='word_1_479' title='bbox 732 4136 943 4191; x_wconf 78' lang='lat' dir='ltr'><strong>dimitte</strong></span> <span class='ocrx_word' id='word_1_480' title='bbox 973 4137 1104 4204; x_wconf 79' lang='lat' dir='ltr'><strong>illis,</strong></span> <span class='ocrx_word' id='word_1_481' title='bbox 1139 4154 1242 4192; x_wconf 87' lang='lat' dir='ltr'><strong>non</strong></span> <span class='ocrx_word' id='word_1_482' title='bbox 1266 4139 1407 4193; x_wconf 85' lang='lat' dir='ltr'><strong>enim</strong></span> <span class='ocrx_word' id='word_1_483' title='bbox 1441 4139 1616 4192; x_wconf 76' lang='lat' dir='ltr'><strong>sciunt</strong></span> <span class='ocrx_word' id='word_1_484' title='bbox 1637 4140 1768 4210; x_wconf 83' lang='lat' dir='ltr'><strong>quid</strong></span> 
     </span>
    </p>
   </div>
   <div class='ocr_carea' id='block_1_77' title="bbox 2084 4133 3547 4215">
    <p class='ocr_par' dir='ltr' id='par_1_77' title="bbox 2084 4135 3547 4210">
     <span class='ocr_line' id='line_1_77' title="bbox 2084 4135 3547 4210; baseline -0.002 -21"><span class='ocrx_word' id='word_1_485' title='bbox 2084 4139 2218 4210; x_wconf 88' lang='grc' dir='ltr'>,υροῦ</span> <span class='ocrx_word' id='word_1_486' title='bbox 2247 4138 2419 4206; x_wconf 80' lang='grc' dir='ltr'>λέγων</span> <span class='ocrx_word' id='word_1_487' title='bbox 2448 4155 2461 4168; x_wconf 77' lang='grc'><strong><em>⁸</em></strong></span> <span class='ocrx_word' id='word_1_488' title='bbox 2495 4137 2687 4208; x_wconf 82' lang='grc' dir='ltr'>Πάτερ</span> <span class='ocrx_word' id='word_1_489' title='bbox 2706 4181 2721 4206; x_wconf 94' lang='grc'><strong>,</strong></span> <span class='ocrx_word' id='word_1_490' title='bbox 2763 4139 2911 4208; x_wconf 69' lang='grc' dir='ltr'>ἄφες</span> <span class='ocrx_word' id='word_1_491' title='bbox 2941 4137 3144 4203; x_wconf 76' lang='grc' dir='ltr'>αὐτοῖς</span> <span class='ocrx_word' id='word_1_492' title='bbox 3162 4155 3177 4169; x_wconf 71' lang='grc' dir='ltr'><strong><em>ο</em></strong></span> <span class='ocrx_word' id='word_1_493' title='bbox 3208 4138 3282 4189; x_wconf 81' lang='grc' dir='ltr'>οὐ</span> <span class='ocrx_word' id='word_1_494' title='bbox 3318 4136 3428 4205; x_wconf 76' lang='grc' dir='ltr'>γὰρ</span> <span class='ocrx_word' id='word_1_495' title='bbox 3463 4135 3547 4187; x_wconf 82' lang='grc' dir='ltr'><strong>οἶ-</strong></span> 
     </span>
    </p>
   </div>
   <div class='ocr_carea' id='block_1_78' title="bbox 304 4223 1767 4288">
    <p class='ocr_par' dir='ltr' id='par_1_78' title="bbox 304 4223 548 4279">
     <span class='ocr_line' id='line_1_78' title="bbox 304 4223 548 4279; baseline 0.012 -3"><span class='ocrx_word' id='word_1_496' title='bbox 304 4223 448 4276; x_wconf 81' lang='lat' dir='ltr'><strong>ciuut</strong></span> <span class='ocrx_word' id='word_1_497' title='bbox 483 4224 548 4279; x_wconf 77' lang='grc'>⁸⁸.</span> 
     </span>
    </p>
   </div>
   <div class='ocr_carea' id='block_1_79' title="bbox 1068 4223 2531 4288">
    <p class='ocr_par' dir='ltr' id='par_1_79' title="bbox 1972 4231 2531 4288">
     <span class='ocr_line' id='line_1_79' title="bbox 1972 4231 2531 4288; baseline -0.005 0"><span class='ocrx_word' id='word_1_498' title='bbox 1972 4234 2112 4288; x_wconf 84' lang='grc' dir='ltr'>δασι</span> <span class='ocrx_word' id='word_1_499' title='bbox 2144 4233 2202 4286; x_wconf 84' lang='grc' dir='ltr'><strong>τί</strong></span> <span class='ocrx_word' id='word_1_500' title='bbox 2233 4231 2531 4285; x_wconf 77' lang='grc' dir='ltr'>ποιοῦσιν.</span> 
     </span>
    </p>
   </div>
   <div class='ocr_carea' id='block_1_80' title="bbox 375 4314 1838 4395">
    <p class='ocr_par' dir='ltr' id='par_1_80' title="bbox 375 4314 1838 4393">
     <span class='ocr_line' id='line_1_80' title="bbox 375 4314 1838 4393; baseline 0.006 -25"><span class='ocrx_word' id='word_1_501' title='bbox 375 4314 464 4369; x_wconf 84' lang='grc'><strong>49.</strong></span> <span class='ocrx_word' id='word_1_502' title='bbox 510 4314 579 4371; x_wconf 91' lang='lat' dir='ltr'><strong>Ut</strong></span> <span class='ocrx_word' id='word_1_503' title='bbox 607 4328 876 4374; x_wconf 79' lang='lat' dir='ltr'><strong>averteret</strong></span> <span class='ocrx_word' id='word_1_504' title='bbox 917 4319 1054 4375; x_wconf 89' lang='lat' dir='ltr'><strong>iram</strong></span> <span class='ocrx_word' id='word_1_505' title='bbox 1096 4319 1241 4393; x_wconf 90' lang='lat' dir='ltr'><strong>ejus,</strong></span> <span class='ocrx_word' id='word_1_506' title='bbox 1276 4337 1344 4377; x_wconf 90' lang='lat' dir='ltr'><strong>ne</strong></span> <span class='ocrx_word' id='word_1_507' title='bbox 1377 4322 1713 4392; x_wconf 86' lang='lat' dir='ltr'><strong>disperderet</strong></span> <span class='ocrx_word' id='word_1_508' title='bbox 1760 4338 1838 4378; x_wconf 72' lang='lat' dir='ltr'><strong>eo:</strong></span> 
     </span>
    </p>
   </div>
   <div class='ocr_carea' id='block_1_81' title="bbox 2087 4314 3550 4395">
    <p class='ocr_par' dir='ltr' id='par_1_81' title="bbox 2087 4316 3550 4395">
     <span class='ocr_line' id='line_1_81' title="bbox 2087 4316 3550 4395; baseline -0.008 -15"><span class='ocrx_word' id='word_1_509' title='bbox 2087 4327 2132 4380; x_wconf 76' lang='lat'><strong>9.</strong></span> <span class='ocrx_word' id='word_1_510' title='bbox 2179 4326 2370 4387; x_wconf 82' lang='grc' dir='ltr'>Ὅπως</span> <span class='ocrx_word' id='word_1_511' title='bbox 2418 4325 2733 4395; x_wconf 70' lang='grc' dir='ltr'>ἀποστρέψῃ</span> <span class='ocrx_word' id='word_1_512' title='bbox 2775 4322 2867 4376; x_wconf 79' lang='grc' dir='ltr'>τὸν</span> <span class='ocrx_word' id='word_1_513' title='bbox 2905 4321 3075 4392; x_wconf 71' lang='grc' dir='ltr'>θυμὸν</span> <span class='ocrx_word' id='word_1_514' title='bbox 3123 4318 3288 4373; x_wconf 77' lang='grc' dir='ltr'>αὑτοῦ</span> <span class='ocrx_word' id='word_1_515' title='bbox 3335 4317 3425 4371; x_wconf 81' lang='grc' dir='ltr'><strong>τοῦ</strong></span> <span class='ocrx_word' id='word_1_516' title='bbox 3478 4316 3550 4387; x_wconf 79' lang='grc' dir='ltr'>μὴ</span> 
     </span>
    </p>
   </div>
   <div class='ocr_carea' id='block_1_82' title="bbox 306 4403 1769 4486">
    <p class='ocr_par' dir='ltr' id='par_1_82' title="bbox 306 4403 1769 4484">
     <span class='ocr_line' id='line_1_82' title="bbox 306 4403 1769 4484; baseline 0.006 -26"><span class='ocrx_word' id='word_1_517' title='bbox 306 4403 511 4477; x_wconf 75' lang='lat' dir='ltr'><strong>Moyses</strong></span> <span class='ocrx_word' id='word_1_518' title='bbox 538 4409 682 4463; x_wconf 92' lang='lat' dir='ltr'><strong>enim</strong></span> <span class='ocrx_word' id='word_1_519' title='bbox 721 4414 1014 4482; x_wconf 79' lang='lat' dir='ltr'><strong>assumptio</strong></span> <span class='ocrx_word' id='word_1_520' title='bbox 1053 4414 1465 4483; x_wconf 82' lang='lat' dir='ltr'><strong>interpretatur,</strong></span> <span class='ocrx_word' id='word_1_521' title='bbox 1499 4413 1646 4484; x_wconf 85' lang='lat' dir='ltr'><strong>quod</strong></span> <span class='ocrx_word' id='word_1_522' title='bbox 1674 4430 1769 4469; x_wconf 80' lang='lat' dir='ltr'><strong>con</strong></span> 
     </span>
    </p>
   </div>
   <div class='ocr_carea' id='block_1_83' title="bbox 2090 4403 3553 4486">
    <p class='ocr_par' dir='ltr' id='par_1_83' title="bbox 2090 4410 3553 4486">
     <span class='ocr_line' id='line_1_83' title="bbox 2090 4410 3553 4486; baseline -0.005 -20"><span class='ocrx_word' id='word_1_523' title='bbox 2090 4413 2348 4486; x_wconf 60' lang='lat' dir='ltr'><strong>negauerat</strong></span> <span class='ocrx_word' id='word_1_524' title='bbox 2377 4413 2594 4473; x_wconf 83' lang='grc' dir='ltr'>αὐτούς.</span> <span class='ocrx_word' id='word_1_525' title='bbox 2623 4411 2886 4480; x_wconf 79' lang='grc' dir='ltr'><strong>Μωῦσῆς</strong></span> <span class='ocrx_word' id='word_1_526' title='bbox 2911 4412 3018 4482; x_wconf 86' lang='grc' dir='ltr'>γὰρ</span> <span class='ocrx_word' id='word_1_527' title='bbox 3049 4411 3353 4478; x_wconf 66' lang='grc' dir='ltr'><strong>ἀνάληψις</strong></span> <span class='ocrx_word' id='word_1_528' title='bbox 3384 4410 3553 4478; x_wconf 82' lang='grc' dir='ltr'>ἑρμη-</span> 
     </span>
    </p>
   </div>
   <div class='ocr_carea' id='block_1_84' title="bbox 305 4501 1768 4581">
    <p class='ocr_par' dir='ltr' id='par_1_84' title="bbox 305 4501 1644 4581">
     <span class='ocr_line' id='line_1_84' title="bbox 305 4501 1644 4581; baseline 0.01 -29"><span class='ocrx_word' id='word_1_529' title='bbox 305 4501 386 4554; x_wconf 92' lang='lat' dir='ltr'><strong>nit</strong></span> <span class='ocrx_word' id='word_1_530' title='bbox 412 4501 642 4558; x_wconf 83' lang='lat' dir='ltr'><strong>Domino</strong></span> <span class='ocrx_word' id='word_1_531' title='bbox 673 4515 859 4562; x_wconf 88' lang='lat' dir='ltr'><strong>nostro</strong></span> <span class='ocrx_word' id='word_1_532' title='bbox 885 4505 1036 4577; x_wconf 78' lang='lat' dir='ltr'><strong>Jesu,</strong></span> <span class='ocrx_word' id='word_1_533' title='bbox 1071 4511 1167 4581; x_wconf 92' lang='lat' dir='ltr'><strong>qui</strong></span> <span class='ocrx_word' id='word_1_534' title='bbox 1198 4519 1515 4580; x_wconf 88' lang='lat' dir='ltr'><strong>assumptus</strong></span> <span class='ocrx_word' id='word_1_535' title='bbox 1539 4517 1644 4565; x_wconf 80' lang='lat' dir='ltr'><strong>est.</strong></span> 
     </span>
    </p>
   </div>
   <div class='ocr_carea' id='block_1_85' title="bbox 2086 4501 3549 4581">
    <p class='ocr_par' dir='ltr' id='par_1_85' title="bbox 2086 4501 3549 4580">
     <span class='ocr_line' id='line_1_85' title="bbox 2086 4501 3549 4580; baseline -0.005 -20"><span class='ocrx_word' id='word_1_536' title='bbox 2086 4526 2210 4571; x_wconf 73' lang='grc' dir='ltr'>εται,</span> <span class='ocrx_word' id='word_1_537' title='bbox 2233 4509 2370 4580; x_wconf 84' lang='grc' dir='ltr'>ὅπερ</span> <span class='ocrx_word' id='word_1_538' title='bbox 2391 4509 2538 4562; x_wconf 69' lang='grc' dir='ltr'>ἐστὶν</span> <span class='ocrx_word' id='word_1_539' title='bbox 2559 4511 2587 4562; x_wconf 89' lang='lat'><strong>6</strong></span> <span class='ocrx_word' id='word_1_540' title='bbox 2609 4507 2812 4580; x_wconf 85' lang='grc' dir='ltr'>Κύριος</span> <span class='ocrx_word' id='word_1_541' title='bbox 2839 4506 2996 4579; x_wconf 73' lang='grc' dir='ltr'>ἡμῶν</span> <span class='ocrx_word' id='word_1_542' title='bbox 3027 4503 3251 4577; x_wconf 84' lang='grc' dir='ltr'>Ἰησοῦς·</span> <span class='ocrx_word' id='word_1_543' title='bbox 3277 4501 3549 4572; x_wconf 71' lang='grc' dir='ltr'>ἀνελήφθη</span> 
     </span>
    </p>
   </div>
   <div class='ocr_carea' id='block_1_86' title="bbox 2014 4604 2103 4657">
    <p class='ocr_par' dir='ltr' id='par_1_86' title="bbox 2014 4604 2103 4657">
     <span class='ocr_line' id='line_1_86' title="bbox 2014 4604 2103 4657; baseline -0.011 0"><span class='ocrx_word' id='word_1_544' title='bbox 2014 4604 2103 4657; x_wconf 75' lang='lat' dir='ltr'><strong>an.</strong></span> 
     </span>
    </p>
   </div>
   <div class='ocr_carea' id='block_1_87' title="bbox 377 4619 1840 4763">
    <p class='ocr_par' dir='ltr' id='par_1_87' title="bbox 377 4673 1840 4754">
     <span class='ocr_line' id='line_1_87' title="bbox 377 4673 1840 4754; baseline 0.008 -28"><span class='ocrx_word' id='word_1_545' title='bbox 377 4673 465 4727; x_wconf 89' lang='grc'><strong>50.</strong></span> <span class='ocrx_word' id='word_1_546' title='bbox 506 4674 789 4747; x_wconf 87' lang='lat' dir='ltr'><strong>Deiparam</strong></span> <span class='ocrx_word' id='word_1_547' title='bbox 827 4680 1052 4740; x_wconf 81' lang='lat' dir='ltr'><strong>Mariam</strong></span> <span class='ocrx_word' id='word_1_548' title='bbox 1085 4684 1304 4754; x_wconf 89' lang='lat' dir='ltr'><strong>injuriis</strong></span> <span class='ocrx_word' id='word_1_549' title='bbox 1339 4685 1658 4752; x_wconf 77' lang='lat' dir='ltr'><strong>allicientes,</strong></span> <span class='ocrx_word' id='word_1_550' title='bbox 1691 4693 1745 4739; x_wconf 89' lang='lat' dir='ltr'><strong>et</strong></span> <span class='ocrx_word' id='word_1_551' title='bbox 1774 4683 1840 4738; x_wconf 77' lang='lat' dir='ltr'><strong>Dc</strong></span> 
     </span>
    </p>
   </div>
   <div class='ocr_carea' id='block_1_88' title="bbox 2091 4619 3554 4763">
    <p class='ocr_par' dir='ltr' id='par_1_88' title="bbox 2091 4682 3554 4763">
     <span class='ocr_line' id='line_1_88' title="bbox 2091 4682 3554 4763; baseline -0.009 -17"><span class='ocrx_word' id='word_1_552' title='bbox 2091 4695 2134 4746; x_wconf 80' lang='grc'><strong>0.</strong></span> <span class='ocrx_word' id='word_1_553' title='bbox 2168 4693 2279 4763; x_wconf 77' lang='grc' dir='ltr'>Τὴν</span> <span class='ocrx_word' id='word_1_554' title='bbox 2309 4691 2568 4746; x_wconf 82' lang='grc' dir='ltr'>Θεοτόκον</span> <span class='ocrx_word' id='word_1_555' title='bbox 2596 4690 2816 4762; x_wconf 87' lang='grc' dir='ltr'>Μαρίαν</span> <span class='ocrx_word' id='word_1_556' title='bbox 2841 4686 3188 4752; x_wconf 78' lang='grc' dir='ltr'>ὀνειδίζοντες</span> <span class='ocrx_word' id='word_1_557' title='bbox 3206 4726 3220 4749; x_wconf 88' lang='grc'><strong>,</strong></span> <span class='ocrx_word' id='word_1_558' title='bbox 3362 4682 3554 4754; x_wconf 82' lang='grc' dir='ltr'>Κυρίῳ</span> 
     </span>
    </p>
   </div>
   <div class='ocr_carea' id='block_1_89' title="bbox 307 4768 1770 4858">
    <p class='ocr_par' dir='ltr' id='par_1_89' title="bbox 307 4768 1770 4846">
     <span class='ocr_line' id='line_1_89' title="bbox 307 4768 1770 4846; baseline 0.008 -27"><span class='ocrx_word' id='word_1_559' title='bbox 307 4768 456 4823; x_wconf 89' lang='lat' dir='ltr'><strong>mino</strong></span> <span class='ocrx_word' id='word_1_560' title='bbox 485 4769 552 4825; x_wconf 88' lang='lat' dir='ltr'><strong>de</strong></span> <span class='ocrx_word' id='word_1_561' title='bbox 587 4771 702 4839; x_wconf 89' lang='lat' dir='ltr'><strong>ipsa</strong></span> <span class='ocrx_word' id='word_1_562' title='bbox 735 4773 978 4830; x_wconf 89' lang='lat' dir='ltr'><strong>dicentes</strong></span> <span class='ocrx_word' id='word_1_563' title='bbox 1022 4795 1036 4830; x_wconf 89' lang='lat'><strong>:</strong></span> <span class='ocrx_word' id='word_1_564' title='bbox 1089 4775 1202 4831; x_wconf 82' lang='lat' dir='ltr'><strong>Nos</strong></span> <span class='ocrx_word' id='word_1_565' title='bbox 1235 4793 1301 4830; x_wconf 74' lang='lat' dir='ltr'><strong>ea:</strong></span> <span class='ocrx_word' id='word_1_566' title='bbox 1358 4777 1718 4846; x_wconf 71' lang='lat' dir='ltr'><strong>fornicatione</strong></span> <span class='ocrx_word' id='word_1_567' title='bbox 1765 4795 1770 4830; x_wconf 68' lang='grc' dir='ltr'><strong>ι</strong></span> 
     </span>
    </p>
   </div>
   <div class='ocr_carea' id='block_1_90' title="bbox 2090 4768 3553 4858">
    <p class='ocr_par' dir='ltr' id='par_1_90' title="bbox 2090 4776 3553 4856">
     <span class='ocr_line' id='line_1_90' title="bbox 2090 4776 3553 4856; baseline -0.009 -17"><span class='ocrx_word' id='word_1_568' title='bbox 2090 4787 2104 4838; x_wconf 85' lang='lat' dir='ltr'><strong>l</strong></span> <span class='ocrx_word' id='word_1_569' title='bbox 2150 4785 2317 4856; x_wconf 76' lang='grc' dir='ltr'>αὐτῆς</span> <span class='ocrx_word' id='word_1_570' title='bbox 2352 4783 2446 4839; x_wconf 76' lang='grc' dir='ltr'><strong>καὶ</strong></span> <span class='ocrx_word' id='word_1_571' title='bbox 2480 4783 2728 4852; x_wconf 78' lang='grc' dir='ltr'>λέγοντες</span> <span class='ocrx_word' id='word_1_572' title='bbox 2749 4797 2761 4810; x_wconf 86' lang='lat'><strong>&#39;</strong></span> <span class='ocrx_word' id='word_1_573' title='bbox 2791 4779 3004 4850; x_wconf 79' lang='grc' dir='ltr'>’Ἡμεῖς</span> <span class='ocrx_word' id='word_1_574' title='bbox 3041 4780 3110 4832; x_wconf 85' lang='grc' dir='ltr'>ἐκ</span> <span class='ocrx_word' id='word_1_575' title='bbox 3159 4777 3438 4846; x_wconf 72' lang='grc' dir='ltr'>πορνείας</span> <span class='ocrx_word' id='word_1_576' title='bbox 3479 4776 3553 4827; x_wconf 80' lang='grc' dir='ltr'>οὐ</span> 
     </span>
    </p>
   </div>
   <div class='ocr_carea' id='block_1_91' title="bbox 305 4863 1768 4945">
    <p class='ocr_par' dir='ltr' id='par_1_91' title="bbox 305 4863 681 4918">
     <span class='ocr_line' id='line_1_91' title="bbox 305 4863 681 4918; baseline 0.016 -6"><span class='ocrx_word' id='word_1_577' title='bbox 305 4876 405 4913; x_wconf 80' lang='lat' dir='ltr'><strong>non</strong></span> <span class='ocrx_word' id='word_1_578' title='bbox 422 4877 602 4916; x_wconf 76' lang='lat' dir='ltr'><strong>sumus</strong></span> <span class='ocrx_word' id='word_1_579' title='bbox 617 4863 681 4918; x_wconf 81' lang='lat'><strong>&quot;.</strong></span> 
     </span>
    </p>
   </div>
   <div class='ocr_carea' id='block_1_92' title="bbox 932 4863 2395 4945">
    <p class='ocr_par' dir='ltr' id='par_1_92' title="bbox 1977 4875 2395 4945">
     <span class='ocr_line' id='line_1_92' title="bbox 1977 4875 2395 4945; baseline -0.005 -16"><span class='ocrx_word' id='word_1_580' title='bbox 1977 4875 2395 4945; x_wconf 75' lang='grc' dir='ltr'>γεγεννήμεθα.</span> 
     </span>
    </p>
   </div>
   <div class='ocr_carea' id='block_1_93' title="bbox 377 4948 1840 5030">
    <p class='ocr_par' dir='ltr' id='par_1_93' title="bbox 377 4948 1737 5027">
     <span class='ocr_line' id='line_1_93' title="bbox 377 4948 1737 5027; baseline 0.009 -25"><span class='ocrx_word' id='word_1_581' title='bbox 377 4949 463 5002; x_wconf 89' lang='grc'><strong>51.</strong></span> <span class='ocrx_word' id='word_1_582' title='bbox 502 4948 619 5006; x_wconf 86' lang='lat' dir='ltr'><strong>Non</strong></span> <span class='ocrx_word' id='word_1_583' title='bbox 651 4953 1024 5018; x_wconf 88' lang='lat' dir='ltr'><strong>crediderunt,</strong></span> <span class='ocrx_word' id='word_1_584' title='bbox 1055 4959 1196 5027; x_wconf 90' lang='lat' dir='ltr'><strong>quod</strong></span> <span class='ocrx_word' id='word_1_585' title='bbox 1243 4958 1421 5013; x_wconf 87' lang='lat' dir='ltr'><strong>Filius</strong></span> <span class='ocrx_word' id='word_1_586' title='bbox 1450 4959 1540 5013; x_wconf 87' lang='lat' dir='ltr'><strong>Dei</strong></span> <span class='ocrx_word' id='word_1_587' title='bbox 1572 4967 1737 5015; x_wconf 87' lang='lat' dir='ltr'><strong>esset.</strong></span> 
     </span>
    </p>
   </div>
   <div class='ocr_carea' id='block_1_94' title="bbox 1939 4948 3402 5030">
    <p class='ocr_par' dir='ltr' id='par_1_94' title="bbox 2048 4957 3402 5030">
     <span class='ocr_line' id='line_1_94' title="bbox 2048 4957 3402 5030; baseline -0.008 -9"><span class='ocrx_word' id='word_1_588' title='bbox 2048 4969 2136 5021; x_wconf 82' lang='grc'><strong>51.</strong></span> <span class='ocrx_word' id='word_1_589' title='bbox 2164 4969 2276 5021; x_wconf 79' lang='grc' dir='ltr'>Οὐκ</span> <span class='ocrx_word' id='word_1_590' title='bbox 2298 4967 2640 5030; x_wconf 75' lang='grc' dir='ltr'>ἐπίστευσαν,</span> <span class='ocrx_word' id='word_1_591' title='bbox 2664 4966 2745 5018; x_wconf 79' lang='grc' dir='ltr'>ὅτι</span> <span class='ocrx_word' id='word_1_592' title='bbox 2773 4965 2802 5017; x_wconf 86' lang='grc' dir='ltr'><strong>ὁ</strong></span> <span class='ocrx_word' id='word_1_593' title='bbox 2829 4965 2955 5026; x_wconf 82' lang='grc' dir='ltr'>Υἱός</span> <span class='ocrx_word' id='word_1_594' title='bbox 2983 4963 3098 5015; x_wconf 79' lang='grc' dir='ltr'>ἐστι</span> <span class='ocrx_word' id='word_1_595' title='bbox 3125 4961 3220 5014; x_wconf 81' lang='grc' dir='ltr'><strong>τοῦ</strong></span> <span class='ocrx_word' id='word_1_596' title='bbox 3252 4957 3402 5013; x_wconf 77' lang='grc' dir='ltr'>Θεοῦ.</span> 
     </span>
    </p>
   </div>
   <div class='ocr_carea' id='block_1_95' title="bbox 376 5039 1839 5127">
    <p class='ocr_par' dir='ltr' id='par_1_95' title="bbox 376 5039 1839 5120">
     <span class='ocr_line' id='line_1_95' title="bbox 376 5039 1839 5120; baseline 0.009 -29"><span class='ocrx_word' id='word_1_597' title='bbox 376 5039 462 5096; x_wconf 71' lang='grc'><strong>52.</strong></span> <span class='ocrx_word' id='word_1_598' title='bbox 512 5039 986 5101; x_wconf 82' lang='lat' dir='ltr'><strong>Murmuraverunt</strong></span> <span class='ocrx_word' id='word_1_599' title='bbox 1017 5049 1071 5102; x_wconf 90' lang='lat' dir='ltr'><strong>in</strong></span> <span class='ocrx_word' id='word_1_600' title='bbox 1114 5065 1172 5103; x_wconf 89' lang='lat' dir='ltr'><strong>se</strong></span> <span class='ocrx_word' id='word_1_601' title='bbox 1205 5051 1338 5120; x_wconf 86' lang='lat' dir='ltr'><strong>ipsis</strong></span> <span class='ocrx_word' id='word_1_602' title='bbox 1363 5050 1648 5107; x_wconf 86' lang='lat' dir='ltr'><strong>dicentes:</strong></span> <span class='ocrx_word' id='word_1_603' title='bbox 1688 5050 1839 5105; x_wconf 79' lang='lat' dir='ltr'><strong>Noun</strong></span> 
     </span>
    </p>
   </div>
   <div class='ocr_carea' id='block_1_96' title="bbox 2085 5039 3548 5127">
    <p class='ocr_par' dir='ltr' id='par_1_96' title="bbox 2085 5042 3548 5127">
     <span class='ocr_line' id='line_1_96' title="bbox 2085 5042 3548 5127; baseline -0.007 -15"><span class='ocrx_word' id='word_1_604' title='bbox 2085 5059 2131 5112; x_wconf 73' lang='grc' dir='ltr'>Ξ.</span> <span class='ocrx_word' id='word_1_605' title='bbox 2173 5058 2497 5127; x_wconf 78' lang='grc' dir='ltr'>Ἐγόγγυζον</span> <span class='ocrx_word' id='word_1_606' title='bbox 2530 5056 2652 5110; x_wconf 85' lang='grc' dir='ltr'>καθ’</span> <span class='ocrx_word' id='word_1_607' title='bbox 2679 5057 2901 5121; x_wconf 70' lang='grc' dir='ltr'>ἑαυτοὺς</span> <span class='ocrx_word' id='word_1_608' title='bbox 2933 5055 3210 5125; x_wconf 75' lang='grc' dir='ltr'>λέγοντες·</span> <span class='ocrx_word' id='word_1_609' title='bbox 3241 5042 3548 5121; x_wconf 80' lang='grc' dir='ltr'><strong>Οὐχοῦτός</strong></span> 
     </span>
    </p>
   </div>
   <div class='ocr_carea' id='block_1_97' title="bbox 305 5130 1768 5214">
    <p class='ocr_par' dir='ltr' id='par_1_97' title="bbox 305 5130 1041 5208">
     <span class='ocr_line' id='line_1_97' title="bbox 305 5130 1041 5208; baseline 0.014 -25"><span class='ocrx_word' id='word_1_610' title='bbox 305 5130 388 5183; x_wconf 73' lang='lat' dir='ltr'><strong>hic</strong></span> <span class='ocrx_word' id='word_1_611' title='bbox 435 5143 512 5186; x_wconf 74' lang='lat' dir='ltr'><strong>est</strong></span> <span class='ocrx_word' id='word_1_612' title='bbox 561 5135 703 5204; x_wconf 77' lang='lat' dir='ltr'><strong>fabri</strong></span> <span class='ocrx_word' id='word_1_613' title='bbox 749 5138 896 5208; x_wconf 80' lang='lat' dir='ltr'><strong>ﬁlius</strong></span> <span class='ocrx_word' id='word_1_614' title='bbox 947 5140 1041 5193; x_wconf 78' lang='lat'><strong>&#39;°?</strong></span> 
     </span>
    </p>
   </div>
   <div class='ocr_carea' id='block_1_98' title="bbox 1381 5130 2844 5214">
    <p class='ocr_par' dir='ltr' id='par_1_98' title="bbox 1973 5147 2844 5214">
     <span class='ocr_line' id='line_1_98' title="bbox 1973 5147 2844 5214; baseline 0.002 -14"><span class='ocrx_word' id='word_1_615' title='bbox 1973 5149 2142 5203; x_wconf 71' lang='grc' dir='ltr'>ἐστιν</span> <span class='ocrx_word' id='word_1_616' title='bbox 2169 5154 2202 5204; x_wconf 90' lang='lat' dir='ltr'><strong>o&#39;</strong></span> <span class='ocrx_word' id='word_1_617' title='bbox 2229 5147 2335 5202; x_wconf 85' lang='grc' dir='ltr'><strong>τοῦ</strong></span> <span class='ocrx_word' id='word_1_618' title='bbox 2367 5148 2644 5214; x_wconf 75' lang='grc' dir='ltr'>τέκτονος</span> <span class='ocrx_word' id='word_1_619' title='bbox 2681 5149 2844 5212; x_wconf 69' lang='lat' dir='ltr'><strong>vide;</strong></span> 
     </span>
    </p>
   </div>
   <div class='ocr_carea' id='block_1_99' title="bbox 402 5263 1865 5347">
    <p class='ocr_par' dir='ltr' id='par_1_99' title="bbox 402 5263 1865 5336">
     <span class='ocr_line' id='line_1_99' title="bbox 402 5263 1865 5336; baseline 0.009 -18"><span class='ocrx_word' id='word_1_620' title='bbox 402 5264 425 5294; x_wconf 77' lang='grc'><strong>⁸</strong></span> <span class='ocrx_word' id='word_1_621' title='bbox 450 5263 581 5322; x_wconf 90' lang='lat' dir='ltr'><strong>Luc.</strong></span> <span class='ocrx_word' id='word_1_622' title='bbox 608 5284 764 5336; x_wconf 76' lang='lat' dir='ltr'><strong>mu,</strong></span> <span class='ocrx_word' id='word_1_623' title='bbox 810 5270 899 5324; x_wconf 84' lang='grc'><strong>54.</strong></span> <span class='ocrx_word' id='word_1_624' title='bbox 983 5273 1027 5305; x_wconf 82' lang='grc'><strong>¹⁹</strong></span> <span class='ocrx_word' id='word_1_625' title='bbox 1080 5272 1244 5330; x_wconf 82' lang='lat' dir='ltr'><strong>Joan.</strong></span> <span class='ocrx_word' id='word_1_626' title='bbox 1277 5290 1370 5329; x_wconf 84' lang='lat' dir='ltr'><strong>vut</strong></span> <span class='ocrx_word' id='word_1_627' title='bbox 1397 5315 1410 5334; x_wconf 89' lang='lat'><strong>.</strong></span> <span class='ocrx_word' id='word_1_628' title='bbox 1437 5275 1524 5328; x_wconf 89' lang='grc'><strong>41.</strong></span> <span class='ocrx_word' id='word_1_629' title='bbox 1610 5277 1656 5307; x_wconf 78' lang='grc' dir='ltr'><strong>³ο</strong></span> <span class='ocrx_word' id='word_1_630' title='bbox 1706 5276 1865 5331; x_wconf 83' lang='lat' dir='ltr'><strong>Matth</strong></span> 
     </span>
    </p>
   </div>
   <div class='ocr_carea' id='block_1_100' title="bbox 1180 5263 2643 5347">
    <p class='ocr_par' dir='ltr' id='par_1_100' title="bbox 1180 5275 2643 5347">
     <span class='ocr_line' id='line_1_100' title="bbox 1180 5275 2643 5347; baseline 0.005 -21"><span class='ocrx_word' id='word_1_631' title='bbox 1180 5292 1244 5330; x_wconf 56' lang='lat' dir='ltr'><strong>:n.</strong></span> <span class='ocrx_word' id='word_1_632' title='bbox 1277 5290 1370 5329; x_wconf 84' lang='lat' dir='ltr'><strong>vut</strong></span> <span class='ocrx_word' id='word_1_633' title='bbox 1397 5315 1410 5334; x_wconf 89' lang='lat'><strong>.</strong></span> <span class='ocrx_word' id='word_1_634' title='bbox 1437 5275 1524 5328; x_wconf 89' lang='grc'><strong>41.</strong></span> <span class='ocrx_word' id='word_1_635' title='bbox 1610 5277 1656 5307; x_wconf 78' lang='grc' dir='ltr'><strong>³ο</strong></span> <span class='ocrx_word' id='word_1_636' title='bbox 1706 5276 1897 5334; x_wconf 83' lang='lat' dir='ltr'><strong>Matth.</strong></span> <span class='ocrx_word' id='word_1_637' title='bbox 1931 5296 2026 5334; x_wconf 83' lang='lat' dir='ltr'><strong>xm</strong></span> <span class='ocrx_word' id='word_1_638' title='bbox 2051 5325 2064 5347; x_wconf 87' lang='lat'><strong>,</strong></span> <span class='ocrx_word' id='word_1_639' title='bbox 2103 5281 2208 5344; x_wconf 74' lang='lat'><strong>5-5;</strong></span> <span class='ocrx_word' id='word_1_640' title='bbox 2241 5279 2398 5335; x_wconf 83' lang='lat' dir='ltr'><strong>Joan.</strong></span> <span class='ocrx_word' id='word_1_641' title='bbox 2435 5297 2520 5345; x_wconf 72' lang='lat' dir='ltr'><strong>vv,</strong></span> <span class='ocrx_word' id='word_1_642' title='bbox 2556 5280 2643 5334; x_wconf 72' lang='grc'>42.</span> 
     </span>
    </p>
   </div>
   <div class='ocr_carea' id='block_1_101' title="bbox 1263 5440 2594 5523">
    <p class='ocr_par' dir='ltr' id='par_1_101' title="bbox 1263 5440 2594 5523">
     <span class='ocr_line' id='line_1_101' title="bbox 1263 5440 2594 5523; baseline 0.002 -22"><span class='ocrx_word' id='word_1_643' title='bbox 1263 5440 1568 5502; x_wconf 79' lang='lat' dir='ltr'><strong>Addenda</strong></span> <span class='ocrx_word' id='word_1_644' title='bbox 1602 5448 1659 5500; x_wconf 81' lang='lat' dir='ltr'><strong>et</strong></span> <span class='ocrx_word' id='word_1_645' title='bbox 1691 5445 2062 5523; x_wconf 78' lang='lat' dir='ltr'><strong>corrigenda</strong></span> <span class='ocrx_word' id='word_1_646' title='bbox 2093 5462 2170 5505; x_wconf 81' lang='lat' dir='ltr'><strong>ex</strong></span> <span class='ocrx_word' id='word_1_647' title='bbox 2209 5445 2347 5504; x_wconf 90' lang='lat' dir='ltr'><strong>cod.</strong></span> <span class='ocrx_word' id='word_1_648' title='bbox 2395 5443 2594 5504; x_wconf 72' lang='lat' dir='ltr'><strong>\‘atic.</strong></span> 
     </span>
    </p>
   </div>
   <div class='ocr_carea' id='block_1_102' title="bbox 386 5574 1849 5658">
    <p class='ocr_par' dir='ltr' id='par_1_102' title="bbox 386 5574 1849 5658">
     <span class='ocr_line' id='line_1_102' title="bbox 386 5574 1849 5658; baseline -0.005 -14"><span class='ocrx_word' id='word_1_649' title='bbox 386 5577 474 5658; x_wconf 57' lang='grc'>(1,),</span> <span class='ocrx_word' id='word_1_650' title='bbox 619 5579 706 5658; x_wconf 46' lang='grc' dir='ltr'><strong>έίο,ἲ</strong></span> <span class='ocrx_word' id='word_1_651' title='bbox 762 5583 871 5635; x_wconf 80' lang='grc' dir='ltr'><strong>Καὶ</strong></span> <span class='ocrx_word' id='word_1_652' title='bbox 915 5587 1012 5654; x_wconf 79' lang='grc' dir='ltr'>τήν</span> <span class='ocrx_word' id='word_1_653' title='bbox 1101 5598 1224 5652; x_wconf 85' lang='lat' dir='ltr'><strong>etc.,</strong></span> <span class='ocrx_word' id='word_1_654' title='bbox 1274 5602 1446 5657; x_wconf 83' lang='lat' dir='ltr'><strong>usque</strong></span> <span class='ocrx_word' id='word_1_655' title='bbox 1495 5586 1560 5641; x_wconf 84' lang='lat' dir='ltr'><strong>ad</strong></span> <span class='ocrx_word' id='word_1_656' title='bbox 1609 5585 1849 5658; x_wconf 75' lang='grc' dir='ltr'>ἀσυνέτῳ</span> 
     </span>
    </p>
   </div>
   <div class='ocr_carea' id='block_1_103' title="bbox 1402 5574 2865 5658">
    <p class='ocr_par' dir='ltr' id='par_1_103' title="bbox 1402 5582 2865 5658">
     <span class='ocr_line' id='line_1_103' title="bbox 1402 5582 2865 5658; baseline -0.005 -17"><span class='ocrx_word' id='word_1_657' title='bbox 1402 5602 1446 5641; x_wconf 88' lang='lat' dir='ltr'><strong>te</strong></span> <span class='ocrx_word' id='word_1_658' title='bbox 1495 5586 1560 5641; x_wconf 79' lang='lat' dir='ltr'><strong>ad</strong></span> <span class='ocrx_word' id='word_1_659' title='bbox 1609 5585 1868 5658; x_wconf 78' lang='grc' dir='ltr'>ἀσυνέτῳ.</span> <span class='ocrx_word' id='word_1_660' title='bbox 2053 5589 2128 5656; x_wconf 64' lang='lat'><strong>(‘2)</strong></span> <span class='ocrx_word' id='word_1_661' title='bbox 2168 5587 2551 5658; x_wconf 70' lang='grc' dir='ltr'>Ἑρμηνεύεται</span> <span class='ocrx_word' id='word_1_662' title='bbox 2589 5582 2865 5658; x_wconf 82' lang='grc' dir='ltr'>σκότωσις.</span> 
     </span>
    </p>
   </div>
   <div class='ocr_carea' id='block_1_104' title="bbox 317 5645 1780 5729">
    <p class='ocr_par' dir='ltr' id='par_1_104' title="bbox 317 5645 1374 5723">
     <span class='ocr_line' id='line_1_104' title="bbox 317 5645 1374 5723; baseline 0.015 -24"><span class='ocrx_word' id='word_1_663' title='bbox 317 5645 360 5699; x_wconf 68' lang='grc' dir='ltr'><strong>Ν</strong></span> <span class='ocrx_word' id='word_1_664' title='bbox 415 5647 501 5700; x_wconf 83' lang='grc'><strong>41.</strong></span> <span class='ocrx_word' id='word_1_665' title='bbox 535 5648 640 5700; x_wconf 84' lang='lat' dir='ltr'><strong>Kal</strong></span> <span class='ocrx_word' id='word_1_666' title='bbox 672 5648 877 5723; x_wconf 82' lang='grc' dir='ltr'>ὥσπερ,</span> <span class='ocrx_word' id='word_1_667' title='bbox 902 5645 1004 5709; x_wconf 77' lang='lat' dir='ltr'><strong>etc.</strong></span> <span class='ocrx_word' id='word_1_668' title='bbox 1215 5645 1223 5652; x_wconf 62' lang='grc'><strong>’</strong></span> <span class='ocrx_word' id='word_1_669' title='bbox 1359 5645 1374 5657; x_wconf 67' lang='grc'><strong>’</strong></span> 
     </span>
    </p>
   </div>
   <div class='ocr_carea' id='block_1_105' title="bbox 1270 5645 2733 5729">
    <p class='ocr_par' dir='ltr' id='par_1_105' title="bbox 1359 5645 2733 5729">
     <span class='ocr_line' id='line_1_105' title="bbox 1359 5645 2733 5729; baseline -0.004 -18"><span class='ocrx_word' id='word_1_670' title='bbox 1359 5645 1374 5657; x_wconf 76' lang='grc'><strong>’</strong></span> <span class='ocrx_word' id='word_1_671' title='bbox 1822 5645 1833 5658; x_wconf 76' lang='grc'><em>’</em></span> <span class='ocrx_word' id='word_1_672' title='bbox 2057 5645 2138 5729; x_wconf 60' lang='grc'><strong>’(5)</strong></span> <span class='ocrx_word' id='word_1_673' title='bbox 2169 5645 2350 5725; x_wconf 66' lang='grc' dir='ltr'><strong>Ἐ’ὀτή</strong></span> <span class='ocrx_word' id='word_1_674' title='bbox 2383 5673 2484 5711; x_wconf 90' lang='lat' dir='ltr'><strong>non</strong></span> <span class='ocrx_word' id='word_1_675' title='bbox 2523 5655 2733 5724; x_wconf 81' lang='lat' dir='ltr'><strong>legitur.</strong></span> 
     </span>
    </p>
   </div>
  </div>
