3706 6408
360 277 499 339 “l9
1236 289 1293 342 S.
1324 288 1702 345 ATHANASII
1743 289 1896 346 OPP.
1937 291 2119 348 PARS
2159 295 2250 351 lli.
2289 330 2358 342 —
2397 300 2811 363 EXEGETICA.
3466 310 3598 366 H20

331 382 348 390 ﬂ
437 402 522 458 70.
561 403 677 490 an
709 407 1146 476 disperdiderunt
1190 422 1416 482 gentes,
1471 431 1609 486 quas
1658 405 1794 470 dixit

2139 419 2191 473 0.
2245 423 2359 475 Οὐκ
2409 422 2809 494 ἐξωλόθρευσαν
2857 429 2925 478 τᾶ
2961 427 3106 496 ἐθνη,
3165 423 3202 480 ἃ
3249 390 3376 480 εἷπε
3410 424 3597 500 Κύριος

364 493 549 549 minus
583 475 688 550 illis
713 515 726 549 :
1487 475 1506 486 .

2029 512 2229 575 αὐτοῖς·

437 585 527 641 71.
573 587 638 640 Ει
662 590 932 645 commisti
961 601 1086 648 sunt
1119 594 1257 650 inter
1284 607 1471 667 gentes
1496 622 1508 653 :

2101 605 2188 658 71.
2222 605 2325 659 Kal
2355 609 2622 680 ἐμίγησαν
2649 609 2705 661 ἐν
2730 613 2840 674 τοῖς
2869 610 3058 664 ἔθνεσι·

436 678 520 732 72.
554 677 620 734 Et
656 681 962 738 didicerunt
992 699 1156 754 opera
1191 703 1402 744 eorum.

2103 694 2192 750 72.
2222 695 2327 750 Kal
2356 677 2555 768 ἔμαθον
2587 701 2653 754 τὰ
2682 701 2815 773 ἔργα
2850 702 3038 756 αὐτῶν.

437 769 522 825 75.
550 770 616 826 Et
649 775 955 829 servierunt
985 779 1330 848 sculptilibus
1354 798 1543 836 eorum
1573 803 1587 839 :

2099 785 2189 842 75.
2217 788 2319 842 Kal
2348 790 2661 846 ἐδούλευσαν
2688 797 2796 856 τοῖς
2819 794 3074 862 γλυπτοῖς
3105 795 3305 848 αὐτῶν·

439 859 524 916 74.
554 861 619 916 Et
651 863 852 920 factum
886 876 970 921 est
995 869 1100 923 illis
1140 869 1193 923 in
1225 873 1564 928 scandalum.

2029 893 2037 942 ζ
2104 876 2194 931 74.
2231 877 2332 932 Kal
2362 881 2588 952 ἐγενήθη
2622 883 2804 946 αὐτοῖς
2832 859 2912 946 είς
2945 884 3257 938 σκάνδαλον.

440 950 525 1007 75.
574 952 642 1008 Et
679 956 1100 1016 immolaverunt
1147 962 1291 1018 ﬁlios
1335 979 1488 1032 suos,
1515 971 1570 1020 et
1615 964 1755 1022 ﬁlias
1799 981 1898 1023 sua

2142 968 2194 1023 5.
2229 969 2334 1023 Kal
2375 950 2587 1024 ἔθυσαν
2613 974 2738 1035 τοὺς
2779 974 2927 1037 υἱοὺς
2967 973 3145 1027 αὐτῶν
3190 975 3284 1027 καὶ
3320 974 3416 1037 τὰς
3439 973 3599 1042 θυγαο

364 1043 670 1101 damoniis.

2027 1059 2192 1132 τέρας
2211 1062 2387 1114 αὐτῶν
2418 1066 2528 1126 τοῖς
2557 1065 2868 1134 δαιμονίοις.

437 1134 523 1188 76.
561 1135 626 1189 Et
659 1137 966 1195 eﬂ'udcrunt
997 1144 1313 1214 sanguinem
1346 1147 1708 1212 innocentem,

1489 1157 1708 1212 tentem,
2101 1153 2188 1207 76.
2222 1154 2324 1207 Kal
2351 1155 2570 1225 ἐξέχεαν
2603 1150 2739 1226 αίμα
2762 1157 2952 1222 ἀθῶον,

435 1224 523 1279 77.
555 1224 882 1298 Sanguinem
917 1233 1149 1288 liliorum
1177 1253 1399 1292 suorum
1425 1248 1478 1292 ct
1511 1238 1743 1294 ﬁliarum
1773 1281 1788 1305 ,

1731 1256 1743 1293 ι
1773 1281 1788 1305 ,
2103 1245 2192 1299 77.
2218 1241 2364 1316 Αἷμα
2394 1247 2523 1300 υἱῶν
2546 1247 2723 1300 αὐτῶν
2743 1249 2836 1302 καὶ
2863 1248 3194 1322 Θυγατέρων,

436 1309 521 1369 78.
552 1315 702 1380 Quas
729 1321 1172 1380 sacriﬁcaverunt
1201 1328 1540 1397 sculptilibus
1579 1330 1857 1386 Chanaan.

1769 1347 1857 1386 an.
2102 1340 2190 1394 78.
2219 1336 2318 1392 ’Ὧν
2341 1340 2536 1394 ἔθυσαν
2562 1344 2672 1403 τοῖς
2700 1341 2957 1408 γλυπτοῖς
2988 1309 3225 1397 Χαναάν.

365 1494 386 1568 ί
437 1405 524 1460 79.
577 1408 642 1572 ξι
689 1411 834 1466 caede
867 1415 1072 1483 polluta
1124 1428 1208 1473 est
1260 1428 1406 1474 terra
1459 1420 1513 1474 in
1580 1423 1826 1493 sanguini

391 1513 577 1552 eorum
632 1515 648 1554 :

2134 1433 2202 1487 l9.
2226 1433 2328 1487 Kal
2351 1405 2744 1504 ἐφονοκτονήθη
2771 1435 2803 1504 ἡ
2833 1434 2902 1504 γῆ
2918 1435 2975 1487 ἐν
3003 1438 3116 1498 τοῖς
3138 1436 3333 1504 αἵμασι
3356 1433 3597 1508 ίαὺτῶνῖ·

391 1513 603 1554 ΒΟΙἸΙΙὩΙ
632 1515 648 1554 3

439 1587 530 1646 80.
577 1588 640 1648 Et
706 1597 1072 1652 contaminata
1128 1608 1212 1655 est
1269 1599 1492 1673 [terra]
1555 1602 1612 1657 in
1679 1603 1825 1673 operi

366 1692 600 1736 eorum:
873 1695 876 1698 ‘

2109 1614 2196 1670 80.
2230 1615 2335 1669 Kal
2365 1615 2596 1688 ἐμιάνθη
2627 1615 2683 1687 [ἡ
2709 1615 2804 1688 γῆ]
2838 1617 2895 1670 ἐν
2915 1618 3026 1680 τοῖς
3054 1615 3235 1688 ἔργοις
3260 1616 3439 1670 αὐτῶν
3457 1634 3469 1648 ·

439 1772 529 1827 81.
563 1774 628 1830 Et
660 1775 911 1833 fornicati
939 1790 1061 1834 sunt
1100 1781 1152 1835 in
1184 1783 1655 1840 adinventionibu'.
1685 1787 1824 1842 mis-

2131 1803 2190 1857 ll.
2218 1801 2322 1855 Kat
2357 1819 2686 1873 επορνευσαν
2722 1803 2779 1854 ἐν
2810 1805 2920 1864 τοῖς
2953 1800 3376 1872 ἐπιτηδεύμασιν
3407 1801 3594 1854 αὐτῶν.

438 1867 528 1922 82.
561 1868 623 1925 Et
679 1869 854 1926 iratus
901 1882 984 1928 est
1033 1872 1218 1929 furore
1264 1874 1526 1932 Dominus
1578 1879 1633 1932 in
1675 1881 1901 1949 populum

2135 1895 2190 1951 2.
2218 1895 2322 1950 Kal
2351 1867 2596 1965 tbprcth
2620 1893 2775 1965 θυμῷ
2797 1893 2999 1965 Κύριος
3023 1867 3114 1946 ἐπὶ.
3135 1867 3224 1946 τὸν
3253 1893 3384 1947 λαὸν
3407 1891 3561 1946 αὐτοῦ
3579 1908 3596 1925 ·

367 1970 528 2010 suum
559 1974 572 2010 ἒ

437 2045 527 2102 85.
563 2048 630 2102 Et
663 2049 1008 2106 abominatus
1030 2062 1110 2108 est
1141 2053 1502 2110 haereditatem
1528 2073 1703 2112 suam.

2102 2079 2193 2136 83.
2225 2079 2329 2132 Kal
2357 2077 2671 2141 ἐϐδελύξατο
2695 2075 2791 2147 τὴν
2813 2072 3175 2146 κληρονομίαν
3203 2071 3391 2126 αὐτοῦ.

438 2137 525 2192 84.
555 2139 621 2195 Et
674 2143 895 2198 tradidit
943 2159 1039 2198 eos
1075 2145 1129 2199 in
1162 2162 1358 2202 manus
1403 2147 1748 2204 inimicorum
1775 2146 1832 2223 [ε

369 2230 566 2304 tium]:

2109 2169 2196 2225 84.
2223 2169 2329 2223 Kal
2352 2137 2667 2240 παρέδωκεν
2696 2137 2889 2227 αὖτοὺς
2903 2137 2987 2226 είς
3022 2137 3207 2223 νεῖοας
3237 2160 3467 2215 ἐνθοῶν·

439 2324 528 2378 83.
564 2323 629 2379 Ει
660 2325 918 2382 dominati
950 2338 1079 2384 sunt
1105 2346 1322 2397 eorum,
1355 2334 1447 2404 qui
1477 2333 1707 2390 oderunt
1743 2351 1857 2394 eos.

2109 2331 2197 2387 85.
2226 2329 2331 2382 Kal
2353 2328 2674 2398 ἐκυρίευσαν
2705 2325 2882 2377 αὐτῶν
2915 2325 2964 2375 οι
2999 2319 3285 2392 μισοῦντες
3325 2317 3532 2382 αὐτούς.

434 2417 524 2472 86.
561 2418 627 2474 Et
655 2421 1049 2479 tribulaverunt
1081 2439 1176 2480 eos
1206 2425 1408 2481 inimici
1444 2442 1630 2482 eorum
1659 2445 1673 2482 :

2107 2423 2194 2478 86.
2229 2421 2332 2476 Kal
2358 2421 2576 2490 ἐθλιψαν
2605 2417 2801 2480 αὐτοὺς
2830 2418 2878 2469 οἱ
2901 2415 3084 2487 ἐχθροὶ
3115 2411 3315 2466 αὐτῶν·

435 2509 524 2564 87.
554 2510 617 2567 Ει
651 2513 916 2570 humiliati
952 2525 1082 2572 sunt
1117 2517 1218 2572 sub
1244 2519 1492 2574 manibus
1521 2534 1708 2574 eorum
1737 2536 1752 2575 :

2106 2517 2194 2573 87.
2225 2515 2330 2569 Kal
2360 2511 2793 2582 ἐταπεινώθησαν
2821 2509 2924 2563 ὑπὸ
2944 2507 3040 2570 τὰς
3061 2510 3250 2577 χεῖρας
3273 2503 3467 2558 αὐτῶν.

1517 2733 1885 2791 ATHANASII
1918 2729 2496 2791 INTEBPRETATIO.

440 2936 526 2991 70.
579 2935 696 2991 Non
747 2939 1092 3008 proiecerunt
1137 2939 1385 2994 carnales
1437 2940 1903 3012 concupiscentiae

2141 2941 2202 2996 Οἱ
2223 2940 2337 2993 Οὐκ
2362 2938 2672 3010 ἀπέρριψαν
2717 2937 2816 3001 τὰς
2878 2933 3146 3006 σαρκικὰς
3201 2929 3516 3000 ἐπιθυμίας,
3541 2927 3604 2992 ἃς

369 3043 506 3099 quas
535 3029 671 3084 dixit
691 3029 798 3084 illis
826 3029 1113 3086 Dominus.

2031 3026 2182 3084 εἶπεν
2205 3030 2386 3092 αὐτοῖς
2414 3027 2629 3100 Κύριος.

442 3118 528 3171 71.
566 3117 631 3172 Ει
660 3119 1005 3175 adhaeserunt
1036 3122 1394 3181 daemonibus.

2102 3121 2191 3177 71.
2222 3119 2328 3174 Kal
2355 3119 2721 3191 ἐκολλήθησαν
2744 3121 2856 3181 τοῖς
2877 3117 3114 3188 δαίμοσι.

443 3210 532 3265 72.
569 3215 634 3266 Et
667 3212 975 3267 didicerunt
1008 3229 1197 3269 corum
1229 3216 1527 3274 doctrinas.

2101 3213 2190 3268 72.
2222 3211 2326 3265 Kal
2358 3211 2557 3282 ἔμαθον
2583 3212 2681 3275 τὰς
2709 3209 2927 3280 διδαχὰς
2957 3208 3155 3262 αὐτῶν.

442 3305 529 3360 75.
564 3304 964 3374 lniquitatibus.

1959 3341 2009 3405 Β
2106 3301 2193 3355 75.
2230 3303 2361 3365 Ταῖς
2393 3301 2657 3370 ἀνομίαις.

441 3397 530 3452 74.
560 3396 625 3452 Ει
655 3398 1032 3468 comprehensi
1075 3410 1201 3456 sunt
1231 3401 1286 3457 in
1315 3401 1445 3459 illis.

1961 3389 2008 3405 v
2105 3399 2194 3453 74.
2227 3396 2330 3451 Kal
2370 3397 2798 3467 ἐπαγιδεύθησαν
2823 3395 2879 3447 ἐν
2912 3395 3093 3454 αὐτοῖς
3124 3389 3222 3459 (1).

443 3489 532 3546 75.
572 3490 819 3562 Corpora
863 3501 919 3547 et
949 3491 1161 3549 animas
1211 3510 1400 3550 eorum
1446 3495 1833 3555 interfecerunt
1881 3500 1906 3554 i1

2154 3490 2194 3543 ὃ.
2233 3489 2312 3541 Τὰ
2347 3487 2571 3556 σώματα
2599 3487 2692 3540 καὶ
2719 3486 2818 3549 τὰς
2843 3483 3022 3555 ψυχὰς
3048 3482 3226 3536 αὐτῶν
3273 3480 3617 3534 ἐθανάτωσαν

371 3589 610 3651 peccato.

2035 3579 2093 3632 ἐν
2115 3581 2181 3650 τῇ
2223 3579 2485 3649 ἁμαρτίᾳ.
2545 3651 2549 3656 ι

363 3714 386 3745 ί.
443 3673 653 3732 76-78.
698 3675 765 3730 Et
823 3675 1285 3732 dedecoraverunt
1338 3694 1510 3749 genus
1577 3695 1766 3735 corum

2155 3668 2291 3722 3-78.
2323 3667 2426 3721 Kal
2449 3666 2788 3738 κατῄσχυναν
2818 3665 2878 3718 τὸ
2901 3663 3053 3732 γένος
3078 3663 3258 3716 αὐτῶν
3283 3662 3342 3714 τὸ
3366 3659 3618 3749 ἐκλεκτὸν

371 3775 520 3820 ctum
554 3767 857 3836 redigentes
903 3767 956 3821 in
1013 3768 1328 3822 servitutem
1368 3770 1614 3834 animas.
1660 3781 1713 3826 et
1747 3788 1834 3826 eor

2152 3758 2399 3820 ,ὤσαντες
2429 3759 2528 3820 τὰς
2562 3757 2758 3827 ψυχὰς,
2784 3757 2879 3809 καὶ
2927 3755 2996 3808 τὰ
3041 3753 3271 3824 σώματα
3301 3753 3496 3814 αὐτῶν,
3546 3744 3615 3804 δι’

371 3873 600 3929 corpora
657 3875 756 3929 per
814 3876 915 3924 ea,
972 3862 1172 3930 quibus
1238 3872 1685 3932 perpeti-atterunt
1740 3865 1834 3918 init

2154 3849 2420 3902 μπετέλουν
2445 3848 2540 3918 τὴν
2564 3848 2810 3918 ἀνομίαν.
2845 3846 3087 3900 Χαναὰν
3118 3845 3228 3916 γάρ
3255 3843 3617 3916 ἑρμηνεύεται

373 3963 558 4007 tatem.
595 3951 850 4006 Chanaan
903 3953 1046 4007 enim
1107 3955 1491 4022 interpretatur
1535 3955 1778 4010 adoratio
1829 3975 1836 4009 ι

1389 3964 1491 4008 itur
1535 3955 1778 4010 adoratio
1829 3959 1937 4010 iui-
2039 3942 2401 4010 προσκύνησ
2405 3959 2458 4006 ις
2487 3938 2852 4011 ἀνομίας.(9·)·

410 4045 617 4097 uitatis.

371 4062 658 4197 W713,u80.
693 4131 758 4185 Et
795 4132 1114 4187 mortificata
1147 4141 1232 4188 est
1274 4140 1384 4188 tota
1422 4130 1730 4188 Iudaeorum
1773 4149 1834 4205 sy

2154 4120 2196 4183 θ,
2228 4120 2315 4174 80.
2343 4118 2418 4188 (5)
2446 4119 2547 4172 Kal
2609 4117 2885 4189 ἐνεκρὼθη
2943 4117 3038 4187 ὅλη
3081 4119 3114 4186 ἡ
3167 4113 3458 4184 συναγωγὴ
3505 4113 3617 4165 τῶν

372 4243 508 4300 goga
540 4226 592 4280 in
622 4226 877 4294 peccatis.

2039 4210 2306 4263 Ἰουδαίων
2341 4212 2396 4262 ἐν
2421 4214 2538 4273 ταῖς
2573 4210 2881 4280 ἁμαρτίαις.

441 4319 533 4373 81.
593 4318 949 4373 Adhaercntes
1007 4317 1367 4383 daemonibus,
1407 4325 1461 4374 et
1517 4319 1858 4376 discedentes

2154 4301 2198 4354 l.
2237 4300 2597 4373 Κολληθέντες
2619 4305 2729 4365 τοῖς
2749 4302 2988 4372 δαίμοσι,
3024 4298 3119 4353 καὶ
3151 4299 3484 4360 ἀποστάντες
3521 4299 3617 4350 τοῦ

2154 4409 2192 4442 δ.

371 4409 504 4465 Deo.

2039 4407 2191 4444 UEOU.

442 4501 531 4556 82.
568 4499 634 4553 Et
654 4500 823 4555 iratus
862 4511 943 4555 est
974 4505 1027 4554 tn
1062 4503 1318 4570 populum
1347 4509 1503 4556 antea
1543 4518 1725 4558 suum.

2108 4483 2197 4536 82.
2227 4481 2331 4535 Kal
2353 4481 2596 4554 ὠργίσθη
2628 4483 2720 4536 ἐπὶ
2746 4483 2836 4536 τδν
2866 4484 3128 4554 πρότερον
3158 4481 3286 4535 λαὸν
3309 4480 3489 4536 αὐτοῦ.

443 4593 528 4647 83.
561 4593 710 4660 Ipsos
733 4590 968 4648 Judazos.

2110 4574 2196 4629 85.
2230 4575 2434 4636 Αὐτοὺς
2464 4576 2588 4638 τοὺς
2633 4575 2935 4638 Ἰουδαίους.

446 4684 537 4738 84.
572 4681 847 4749 Permisit,
891 4693 949 4739 ut
977 4685 1032 4739 in
1059 4699 1154 4740 eos
1200 4684 1614 4740 dominarentur
1657 4685 1909 4740 contrari:

2158 4666 2204 4718 «1.
2236 4665 2616 4736 Συνεχώρησεν
2649 4668 2844 4731 αὐτοὺς
2901 4665 3459 4720 καταδυναστεύεσθαι
3513 4663 3621 4716 ὑπὸ

375 4784 693 4846 potestates.

2037 4756 2145 4810 τῶν
2171 4758 2426 4811 ἐναντίων
2453 4757 2751 4828 δυνάμεων.

446 4866 535 4921 85.
575 4865 878 4922 Daemones.

2108 4850 2195 4904 85.
2229 4852 2292 4902 Οἱ
2316 4850 2581 4921 δαίμονες.

447 4955 535 5009 86.
580 4956 638 5009 In
667 4956 984 5012 servitutem
1018 4957 1342 5026 redegerunt
1374 4973 1469 5014 eos
1518 4967 1806 5029 potestates
1840 4962 1910 5012 mi

2154 4943 2201 4996 6.
2216 4941 2690 4996 Κατεδουλὼσαντο
2710 4943 2904 5006 αὐτοὺς
2925 4943 2980 4996 al
3009 4941 3101 4995 τοῦ
3125 4941 3321 5013 ἐχθροῦ
3343 4941 3617 5012 δυνάμεις.

375 5063 522 5101 ιηιιςι.

445 5137 534 5192 87.
561 5138 628 5193 Et
655 5139 925 5211 subjugati
950 5149 1075 5196 sunt
1097 5156 1126 5194 a
1151 5142 1512 5212 potestatibus
1537 5143 1908 5198 immundorur

2159 5139 2198 5192 ἵ.
2235 5136 2338 5191 Kal
2373 5139 2720 5209 ὑπετάγησαν
2772 5137 2876 5190 ὑπὸ
2925 5135 3022 5198 τὰς
3055 5134 3303 5200 ἐξουσίας
3334 5133 3442 5186 τῶν
3484 5133 3622 5185 ἀκα-

375 5232 690 5300 δρῐτίιυυηι.
2040 5231 2252 5303 θάρτων
2277 5232 2615 5302 πνευμάτων.

1333 5435 1633 5500 Addenda
1675 5441 1736 5496 et
1765 5433 2137 5514 corrigenda
2171 5450 2250 5494 ex
2287 5433 2424 5494 cod.
2460 5430 2660 5493 Vatic.

476 5619 527 5685 1)
552 5619 767 5682 Αὐτατς.
1819 5651 1826 5656 -

2163 5619 2204 5685 5)
2230 5617 2294 5672 Ν.
2332 5617 2417 5672 79.
2467 5615 2590 5680 Καί,
2619 5623 2723 5670 etc.
2754 5611 3046 5685 ἁμαρτίαις
3083 5613 3284 5668 αὐτῶν.
3322 5609 3384 5668 Ν.
3417 5609 3626 5676 80,81.

476 5619 498 5674 1
552 5619 767 5682 Αὺτατς.
1819 5651 1826 5656 -
2128 5619 2204 5685 (⁵5)
2230 5619 2294 5672 Ν.
2332 5619 2417 5672 79.
2467 5619 2590 5680 Καί,
2619 5623 2723 5670 etc.
2754 5619 3046 5680 ἁμαρτίαις
3083 5619 3284 5668 αὐτῶν.
3322 5619 3384 5668 Ν.
3417 5619 3468 5689 δὲ

448 5619 527 5764 ἒῑζ
554 5689 874 5759 Προσκυνῶν
903 5689 1144 5764 ἀνομίαν.
2046 5687 2420 5759 Κολληθένές.
2443 5697 2568 5753 etc.,
2601 5685 2705 5740 ἀπὸ
2735 5683 2828 5737 τοῦ
2861 5681 3015 5735 Θεοῦθ.
