3706 6454
143 323 252 375 ,νει
1059 317 1145 372 ne
1184 318 1458 376 muns
1493 319 1944 379 Ρελωιοιιυν.
1983 355 2052 365 -
2086 324 2283 382 psse
2329 324 2466 384 ενι.
3237 335 3380 392 tm

187 421 270 478 88.
304 423 600 487 Πλεονάκις
635 425 904 496 ἐρρύσατο
931 429 1144 492 αὐτούς·

1873 435 1960 489 88.
1992 435 2142 507 Sazpc
2175 439 2422 494 liberavit
2449 456 2544 495 eos
2576 483 2588 495 .

186 513 270 567 89.
332 515 501 567 Αὐτοὶ
547 515 604 567 δὲ
653 518 1070 589 παρεπίκραναν
1117 523 1278 576 αὐτὸν
1331 540 1387 576 εν
1417 542 1482 596 τῃ
1536 529 1644 596 μου]

1875 527 1962 582 89.
1998 527 2104 599 Ipsi
2154 539 2334 585 autem
2385 534 2846 592 exacerbaverunt
2886 552 3012 593 eum
3057 539 3114 593 in
3145 539 3381 596 consilio

131 605 289 666 ιύτῶν
304 625 318 638 ·
1804 635 1907 675 suo
1933 638 1947 674 :

185 699 270 754 90.
299 697 406 752 Kal
431 698 876 770 ἐταπεινώθησαν
907 701 964 754 ἐν
992 706 1110 766 ταῖς
1137 705 1390 774 ἁνομίαις
1423 708 1626 761 αὐτῶν.

1875 711 1964 766 90.
1997 709 2062 766 Et
2087 713 2352 768 bumiliati
2388 724 2516 771 sunt
2543 718 2596 772 in
2632 719 3013 790 iniquitatibus
3039 723 3177 780 suis.

134 856 156 862 __
186 793 271 848 91.
300 792 404 846 Kal
425 788 534 846 εἶδε
566 793 769 865 Κύριος
795 796 852 847 ἐν
879 793 955 864 τῷ
988 794 1263 850 θλίϐεσθαι
1310 799 1525 863 αὐτούς’

1874 805 1964 860 91.
1996 806 2056 860 Et
2092 807 2219 862 vidit
2253 809 2532 873 Dominus,
2560 827 2684 866 cum
2717 788 2814 883 ipsi
2847 817 3276 874 tribularentur:

186 886 272 941 92.
314 887 402 940 Ἐν
428 885 506 957 τῷ
543 887 705 939 αὐτὸν
736 887 1051 945 εἰσακοῦσαι
1079 890 1179 958 τῆς
1200 891 1436 962 δεήσεως
1460 892 1640 947 αὐτῶν

1873 897 1961 953 9'2.
1992 899 2056 954 Et
2094 903 2298 958 audivit
2326 905 2626 961 orationem
2655 923 2865 962 eorum.

187 977 270 1033 95.
310 977 414 1030 Kal
443 978 686 1049 ἐμνήσθη
713 979 812 1048 τῆς
840 979 1105 1052 διαθήκης
1138 983 1325 1035 αὐτοῦ’

1873 993 1962 1046 95.
2001 993 2067 1047 Et
2099 1011 2306 1049 memor
2333 995 2437 1050 fuit
2466 1001 2773 1052 testamenti
2800 1001 2884 1054 sui
2911 1020 2925 1055 :

186 1069 271 1124 94.
309 1068 415 1124 Καὶ
439 1071 780 1142 μετεμελήθη
814 1072 954 1125 κατὰ
995 1073 1054 1126 τὸ
1105 1075 1309 1145 πλῆθος
1356 1076 1448 1129 τοῦ
1510 1077 1644 1131 ἐλέοι

1871 1083 1960 1138 94.
2018 1083 2084 1139 Et
2127 1087 2382 1155 paenituit
2439 1105 2564 1142 eum
2620 1093 2918 1145 secundum
2968 1092 3371 1152 multitudinem

123 1162 302 1217 αὐτοῦ.

1861 1175 2189 1233 isericordiae
2222 1195 2354 1234 suae.

186 1257 270 1311 95.
304 1255 410 1310 Kal
439 1255 637 1310 ἔδωκεν
664 1257 861 1319 αὐτοὺς
882 1259 962 1322 εἰς
995 1260 1329 1332 οίκτιρμοὺς,

1867 1265 1957 1320 95.
1995 1265 2058 1320 Et
2089 1268 2236 1323 dedit
2264 1285 2358 1325 eos
2389 1272 2442 1324 in
2476 1273 2900 1342 misericordias,

185 1349 270 1404 96.
335 1350 609 1403 Ἐναντίον
672 1349 887 1403 πάντων
959 1349 1066 1405 τῶν
1135 1354 1644 1424 αἰχμαλωτευσάντο

1871 1356 1960 1412 96.
1991 1357 2048 1413 1η
2083 1374 2379 1431 conspectu
2411 1365 2678 1432 omnium,
2713 1369 2807 1438 qui
2836 1380 3086 1439 ceperant
3111 1387 3229 1429 eos.

124 1441 327 1504 αὐτούς.

185 1535 270 1588 97.
297 1535 480 1587 Σῶσον
507 1535 674 1606 ἡμᾶς,
704 1533 868 1605 Κύριε
898 1535 925 1588 6
956 1535 1086 1598 Θεὸς
1110 1538 1264 1609 ἡμῶν
1299 1555 1314 1570 ο

1870 1536 1960 1592 97.
1995 1535 2186 1595 Salvos
2213 1557 2310 1596 nos
2340 1541 2445 1607 fac,
2481 1544 2712 1602 Domine
2746 1547 2889 1604 Deus
2920 1559 3139 1608 noster:

187 1629 272 1684 98.
309 1631 422 1682 Kal
457 1629 825 1698 ἐπισυνάγαγε
861 1632 1007 1701 ἡμᾶς
1029 1632 1092 1684 ἐκ
1127 1631 1234 1684 τῶν
1266 1632 1437 1685 ἐθνῶν
1462 1650 1476 1664 ·

1867 1629 1956 1684 98.
1990 1629 2055 1685 Ει
2082 1647 2349 1703 congrega
2376 1651 2477 1691 nos
2507 1638 2573 1692 de
2608 1640 2917 1698 nationibus
2944 1660 2960 1697 :

187 1723 270 1777 99.
299 1722 406 1775 T05
426 1720 921 1794 ἐξομολογήσασθαι
949 1721 1026 1794 τῷ
1052 1724 1274 1795 ὀνόματί
1302 1742 1394 1778 σου
1423 1723 1502 1796 τῷ
1523 1725 1644 1798 ἁγίᾳ

1868 1721 1958 1777 99.
1989 1721 2059 1776 Ut
2084 1724 2440 1779 conﬁteantur
2465 1729 2670 1782 nomini
2694 1739 2885 1786 sancto
2926 1742 3058 1788 tuo:

189 1813 306 1868 100.
342 1814 449 1867 T05
476 1815 846 1886 ἐγκαυχᾶσθαι
876 1817 932 1867 ὲν
951 1818 1014 1886 τῇ
1039 1815 1240 1869 αἰνέσει
1274 1834 1387 1872 σου.

1862 1813 1984 1868 100.
2019 1816 2084 1868 Et
2107 1816 2400 1886 gloriemur
2424 1819 2482 1873 in
2520 1820 2678 1876 laude
2705 1833 2819 1877 tua.

189 1905 304 1960 101.
341 1905 646 1976 Εὐλογητὸς
694 1906 897 1978 Κύριος
919 1909 946 1960 6
978 1905 1109 1969 Θεὸς
1151 1907 1400 1978 Ἰσραήλο

1862 1909 1984 1962 101.
2008 1907 2331 1964 Benedictus
2362 1911 2623 1968 Dominus
2652 1914 2795 1970 Deus
2819 1915 2986 1972 Israel
3011 1937 3026 1972 :

188 1995 304 2050 102.
343 1996 476 2048 Ἀπὸ
497 1996 589 2049 τοῦ
613 1997 802 2060 αἰῶνος
831 1997 924 2049 καὶ
954 1997 1058 2057 ἕως
1080 1993 1174 2048 τοῦ
1203 1997 1418 2059 αἰῶνος.

1862 1999 1984 2053 102.
2016 1999 2061 2052 Α
2087 2001 2308 2066 εεεουιο,
2342 2011 2396 2056 et
2433 2019 2604 2073 usque
2641 2005 2693 2057 iu
2724 2009 3009 2062 saeculum.

187 2086 302 2142 105.
332 2087 445 2141 Kal
485 2090 599 2158 ἐρεῖ
626 2089 732 2151 πᾶς
766 2088 794 2139 6
823 2087 950 2150 λαός
970 2107 981 2118 ·
1016 2087 1054 2139 Γ
1058 2089 1248 2152 ένοιτο,
1279 2089 1509 2156 γένοιτο.

1860 2091 1982 2146 103.
2017 2090 2081 2146 Ει
2109 2093 2252 2148 dicet
2283 2096 2464 2150 omnis
2502 2098 2776 2166 populus:
2814 2098 2954 2167 Fiat,
2989 2103 3103 2159 liat.

503 2205 876 2272 Ἁλληλούτα.
934 2207 1106 2259 ΨΑΛ.
1156 2207 1295 2272 PQ".

2225 2207 2479 2264 Alleluia.
2524 2210 2732 2268 PSAL.
2769 2215 2921 2270 CVI.

185 2295 232 2350 1.
272 2295 711 2368 Ἐξομολογεῖσθε
744 2296 821 2367 τῷ
847 2297 1054 2369 Κυρίῳ,
1091 2298 1172 2351 ὅτι
1204 2297 1440 2368 χρηστός
1461 2313 1478 2329 ⁶

1861 2297 1912 2350 1.
1943 2297 2290 2356 Conﬁtemini
2325 2302 2579 2371 Domino,
2611 2309 2870 2377 quoniam
2899 2311 3043 2367 bone

1229 2476 1595 2538 ATHANASII
1653 2475 2235 2536 INTERPRETATIO.

183 2635 262 2690 88.
297 2635 570 2699 Πολλάκις
604 2653 980 2707 συνεχωρησεν
1008 2635 1227 2699 αὐτούς.

1859 2633 1947 2690 88.
1981 2635 2135 2708 Saepe
2161 2637 2491 2693 condonavit
2527 2639 2626 2695 eis.

182 2727 259 2781 89.
308 2730 472 2782 Αὐτοὶ
524 2729 581 2781 δὲ
633 2728 979 2802 παρώργιζον
1031 2730 1192 2784 αὐτὸν
1243 2732 1300 2783 ἐν
1342 2733 1409 2801 τῇ
1463 2729 1644 2783 ἀπιστί

1859 2725 1946 2781 89.
1977 2726 2085 2798 Ipsi
2137 2738 2321 2785 autem
2373 2732 2726 2786 irritaverunt
2775 2747 2901 2791 eum
2941 2736 2999 2793 in
3047 2739 3366 2803 inlideutato

120 2821 300 2876 αὐτῶν.

183 2913 263 2969 90.
297 2913 399 2969 Kal
428 2914 807 2985 κατενύγησαν
831 2932 974 2978 τινες
1004 2915 1208 2970 αὐτῶν.

1859 2915 1945 2972 90.
1985 2914 2050 2967 Et
2076 2913 2243 2982 aliqui
2271 2928 2460 2968 eorum
2489 2918 2802 2986 compuncti
2835 2930 2982 2976 sunt.

179 3005 261 3059 91.
296 3007 434 3070 Τοὺς
463 3006 541 3077 (1)
575 3005 941 3076 λυπουμένους
969 3007 1167 3062 αὐτῶν.

1859 3006 1946 3063 91.
1981 3005 2130 3075 Ipsos
2155 3006 2532 3061 contristatos.

179 3095 257 3150 92.
285 3096 389 3150 Kal
446 3098 716 3170 δεομένων
765 3097 942 3150 αὐτῶν
986 3099 1121 3170 πρὸς
1155 3099 1317 3154 αὐτὸν
1365 3103 1644 3176 είσήκουσε

1863 3100 1951 3156 9'2.
1987 3099 2053 3154 Et
2080 3099 2495 3155 deprecantibus
2525 3099 2658 3169 ipsis
2684 3101 2856 3167 illum,
2883 3103 3158 3164 exaudivit
3187 3124 3303 3167 eos.

116 3188 296 3243 αὐτῶν.

177 3280 256 3336 95.
279 3282 383 3337 Kal
403 3283 675 3357 ἐμνήσθη,
710 3286 790 3338 ὃτι
845 3285 940 3340 καὶ
972 3287 1124 3341 αὐτοὶ
1171 3288 1392 3360 σπέρμα
1434 3291 1641 3363 Ἀϐραα

1862 3317 1948 3372 95.
1984 3313 2050 3370 Ει
2076 3315 2395 3373 recordatus
2423 3327 2527 3386 est,
2567 3323 2713 3392 quod
2743 3332 2796 3379 et
2823 3325 2927 3395 ipsi
2973 3344 3158 3389 semen
3188 3287 3364 3394 Abra-

114 3372 228 3426 ςίσι.

1859 3424 1918 3463 im
1946 3416 2096 3462 sunt.

1861 3500 1948 3554 94.
1986 3500 2050 3556 Et
2081 3502 2338 3559 misertus
2360 3514 2462 3560 est.

1859 3592 1949 3646 95.
1983 3593 2048 3646 Et
2075 3594 2222 3673 dedit
2248 3610 2345 3651 eos
2376 3597 2431 3650 in
2464 3599 2832 3680 cognitionem.
2858 3607 3267 3689 misericordiae.

1859 3683 1947 3738 96.
1981 3683 2041 3737 Et
2076 3700 2379 3754 repugnare
2409 3687 2747 3747 daemonibus
2776 3683 3144 3766 redigentibus
3177 3719 3271 3760 eos
3302 3707 3356 3762 in

175 3467 254 3523 94.
283 3468 385 3523 Kal
407 3469 833 3544 ἐσπλαγχνίσθη.

171 3560 254 3625 95.
288 3561 390 3615 Kal
413 3563 616 3616 ἔδωκεν
645 3565 839 3629 αὐτοὺς
868 3567 948 3629 είς
985 3567 1276 3635 ἐπίγνωσιν
1299 3569 1481 3633 ἐλέους
1509 3572 1607 3640 (9.).

173 3653 252 3708 96.
284 3654 387 3708 Kal
426 3656 800 3711 ἐναντιοῦσθαι
854 3661 967 3722 τοῖς
995 3658 1214 3731 δαίμοσι
1265 3665 1374 3724 τοῖς
1403 3663 1682 3734 αἰχμαλω-

109 3747 344 3800 τεύσασιν
377 3749 598 3811 αὐτούς.

1859 3777 2176 3846 ptivitatem.

169 3839 251 3894 97.
280 3841 381 3895 Kal
408 3841 506 3895 τοῦ
540 3841 666 3913 βοᾷν
695 3843 829 3914 πρὸς
856 3843 1015 3896 αὐτὸν
1043 3843 1129 3897 διὰ
1155 3845 1246 3899 τοῦ
1281 3845 1644 3920 βαπτίσματος

1859 3839 1946 3923 97.
1984 3867 2048 3922 Et
2075 3869 2315 3924 clamare
2351 3869 2418 3926 ad
2447 3885 2572 3926 eum
2607 3889 2703 3944 per
2727 3875 3057 3948 baptismum
3088 3900 3102 3938 :
3131 3883 3358 3945 Domine

107 3927 258 4001 Κύριε
282 3935 310 3986 6
337 3933 470 3998 Θεὸς
502 3934 677 4005 ἡμῶν.

1859 3973 1930 4012 :llS
1963 3967 2167 4013 noster.

167 4023 248 4078 98.
295 4027 388 4079 Ἐκ
421 4027 496 4096 (5)
532 4027 639 4080 τῶν
672 4030 927 4082 ἐναντίων
957 4030 1262 4102 δυνάμεων.

1859 4050 1945 4104 98.
1978 4049 2056 4104 Ex
2083 4051 2373 4108 contrariis
2401 4057 2783 4123 potestatibus.

166 4113 247 4169 99.
282 4116 390 4179 Τὰς
414 4117 690 4188 ἁμαρτίας
715 4119 893 4189 ἡμῶν.

1859 4143 1942 4198 99.
1975 4143 2203 4199 Peccata
2233 4113 2440 4199 nostra.

452 4211 527 4278 (4)
560 4211 1078 4306 τοῖς-προστᾷγυαᾲί
1115 4231 1236 4306 0'0?-
1855 4234 1977 4290 100.
2008 4235 2062 4289 1η
2094 4238 2376 4306 ρι’ωερριίε
2407 4238 2533 4294 luis.

164 4296 281 4350 101.
315 4299 621 4368 Εὐλογητὸς
654 4300 854 4371 Κύριος
883 4305 910 4355 ὀ
956 4303 1088 4367 Θεὸς
1121 4305 1229 4360 τῶν
1269 4307 1520 4361 διανοιων
1555 4309 1644 4363 τῶε

1859 4326 1974 4380 101.
2011 4326 2333 4384 Benedictus
2381 4329 2648 4387 Dominus
2698 4332 2840 4390 Deus
2884 4339 3142 4394 mentium
3179 4345 3356 4400 conli-

97 4384 489 4454 ὁμολογούντων
526 4405 608 4450 σε,
632 4391 710 4442 ὅτι
748 4392 879 4454 Θεὸς
913 4389 982 4447 εἴ.
1017 4394 1188 4448 Τοῦτο
1216 4397 1325 4470 γὰρ
1365 4400 1644 4471 ἑρμηνεύεη

97 4488 175 4502 -.η
222 4478 423 4502 ’1--..ΞΑ1
498 4481 603 4502 --Αἲξ
686 4481 825 4502 14,.”
904 4483 914 4502 !
999 4485 1063 4502 [nu
1103 4489 1139 4502 Λ
1196 4489 1207 4502 1

1866 4417 2000 4470 tium
2065 4425 2116 4470 te
2181 4416 2351 4471 Deum
2416 4435 2557 4474 esse.
2612 4424 2685 4477 Ita
2747 4429 2892 4480 enim
2969 4428 3357 4502 interpretatur

96 4488 178 4528 ’θαι
222 4478 456 4551 Ἰσραὴλ,
495 4481 643 4546 νοῦς
674 4481 829 4550 ὀρῶν
855 4483 962 4538 τὸν
995 4485 1068 4554 (5)
1098 4489 1266 4544 Θεόν.

1859 4507 1964 4570 ael,
1994 4523 2136 4559 mens
2169 4508 2347 4560 videns
2369 4507 2558 4564 Deum.

163 4567 277 4622 10‘2.
331 4573 465 4625 Ἀπὸ
486 4572 580 4624 τοῦ
613 4574 804 4637 αἰῶνος
835 4578 929 4629 καὶ
963 4581 1040 4641 είς
1069 4580 1157 4632 τὸν
1192 4580 1472 4651 μέλλοντα.

1859 4595 1974 4649 102.
2005 4597 2051 4648 Α
2079 4601 2331 4666 praesenti
2363 4601 2584 4668 saeculo,
2617 4615 2669 4658 et
2701 4605 2754 4658 in
2789 4603 3055 4665 futurum.

162 4660 278 4718 105.
307 4665 418 4718 Kal
449 4667 560 4728 πᾶς
593 4667 621 4718 6
658 4665 784 4732 λαὸς
829 4668 938 4723 τῶν
981 4671 1189 4724 πιστῶν
1222 4673 1368 4742 λέγει
1389 4690 1403 4704 ·
1451 4675 1623 4748 Ἀμὴν

97 4751 250 4804 ἀμήν.

1859 4686 1967 4741 105.
1995 4686 2059 4741 Ει
2079 4660 2369 4744 universus
2411 4660 2648 4749 ﬁdelium
2679 4660 3119 4768 pepulus
3155 4706 3350 4775 Amen,

134 4756 250 4826 μήν·

1859 4794 1955 4831 ten.

167 4872 227 4924 Ἦ
250 4873 587 4945 προκειμένη
616 4875 894 4951 ἐπιγραφή
920 4879 1182 4951 περιέχει’
1222 4882 1600 4953 Ἀλληλούῖα,
1627 4886 1763 4959 ὅπερ
1788 4890 2171 4962 ἑρμηνεύεται,
2194 4891 2500 4961 αἰνέσατε,
2527 4899 2628 4953 καὶ
2645 4899 2720 4973 (6)
2739 4904 3051 4976 ὺμνήσατε
3075 4909 3180 4964 τὸν
3203 4911 3348 4967 ὄντα

100 4965 256 5018 om.

156 5057 367 5116 Titulus
407 5063 736 5130 praepositus
762 5063 1005 5118 continet
1043 5081 1056 5118 :
1085 5065 1340 5133 Alleluia,
1391 5070 1534 5139 quod
1566 5071 1979 5142 interpretatur,
2031 5075 2276 5145 laudate,
2303 5087 2351 5132 et
2378 5079 2614 5137 exaltate
2656 5101 2795 5151 eum,
2821 5093 2912 5157 qui
2936 5090 3073 5145 Deus
3096 5100 3194 5147 est.

155 5172 202 5228 1-
229 5176 302 5248 (7)
325 5176 719 5250 Προσαγάγετε
747 5178 846 5242 τὰς
871 5178 1046 5251 ψυχὰς
1073 5181 1225 5253 ὑμῶν
1248 5182 1324 5254 τῷ
1356 5184 1567 5256 Κυρίῳ.

1859 5188 1900 5242 Ι.
1931 5187 2135 5246 Aﬂerte
2165 5193 2378 5248 animas
2409 5204 2616 5253 vestras
2647 5197 2894 5254 Domino.

1037 5317 1342 5381 Addenda
1366 5329 1436 5384 'et
1469 5321 1847 5400 corrigenda
1901 5340 1980 5383 ex
2013 5325 2152 5387 cod.
2189 5327 2392 5388 Vatic.

150 5433 223 5504 (1)
250 5437 356 5492 Kal
381 5435 493 5492 εἶδε
517 5436 718 5508 Κύριος
744 5439 901 5504 τούς,
932 5450 1039 5496 etc.

149 5503 205 5558 (Ξ
251 5509 481 5564 Ἐλθεῖν.

149 5509 225 5715 Si;
246 5582 356 5634 Kal
388 5578 761 5648 ἐπισυνάγαγε
785 5581 931 5652 ἡμᾶς
954 5583 1036 5645 ἐκ,
1073 5594 1176 5640 etc.

257 5651 364 5704 T05
397 5650 778 5715 ἐγκαυχᾶσθαι
809 5655 868 5705 ἐν
923 5662 1028 5708 etc.
1458 5706 1465 5712 .

1859 5447 1908 5530 β)
1953 5450 2142 5510 Ἦδιά
2187 5452 2284 5523 τῆς
2320 5453 2693 5535 κινναϐάρεως
2733 5457 2999 5530 περιέχει,
3033 5468 3138 5518 etc.
3183 5463 3351 5526 Deest

1859 5559 1903 5660 ί)
2038 5594 2087 5650 1.
2142 5594 2556 5666 Προσαγάγετε,
2608 5611 2780 5668 usque
2816 5600 2884 5656 ad
2944 5602 3115 5656 ἐστιν.
3162 5603 3234 5660 Ν.
3281 5605 3349 5667 2.

1861 5677 1900 5715 ι.
1935 5678 1966 5715 e
1990 5679 2039 5715 ο.

149 5551 225 5714 ἓξὲξ
246 5551 761 5648 ιξῖὶνέπίωνάγαγε
785 5581 931 5652 ἡμᾶς
954 5583 1036 5645 ἐκ,
1073 5594 1176 5640 etc.

257 5651 364 5704 T05
397 5650 778 5714 ἐγκαυχᾶσθαι
809 5655 868 5705 ἐν
923 5662 1028 5708 etc.
1458 5706 1465 5712 .

1859 5559 1903 5713 ξ)
2038 5594 2087 5650 1.
2142 5594 2556 5666 Προσαγάγετε,
2608 5611 2780 5668 usque
2816 5600 2884 5656 ad
2944 5602 3115 5656 ἐστιν.
3162 5603 3234 5660 Ν.
3281 5605 3349 5667 2.

1884 5699 1900 5714 .
1935 5678 1966 5714 e
1990 5679 2039 5714 ε.

257 5651 364 5726 Τοῦ
397 5650 778 5726 ἐγκαυχᾶσθαι
808 5650 868 5705 ἐν
923 5662 1028 5708 etc.
1458 5706 1465 5712 .

1861 5650 1900 5726 ιζ
1935 5672 2039 5718 etc.

145 5715 218 5785 t5)
248 5723 359 5776 Τόν
381 5715 564 5778 deest.
