3706 6432
154 348 281 406 1125

213 457 294 521 19.
330 456 690 523 Καθημένους
726 452 784 505 ἐν
809 463 989 505 σκοτει
1014 454 1108 506 καὶ
1132 453 1258 523 σκιᾷ
1285 452 1535 519 θανάτου,

207 546 292 602 20.
325 543 753 614 Πεπεδημένους
777 545 836 595 ἐν
866 543 1106 613 πτωχείᾳ
1134 545 1226 596 καὶ
1264 543 1488 615 σιδήρῳ.

214 638 296 693 21.
323 638 446 690 Ὀτι
476 634 893 706 παρεπίκραναν
931 635 998 688 τά
1029 634 1184 703 λόγια
1209 634 1302 688 τοῦ
1340 636 1474 690 Θεοῦ
1497 654 1509 666 υ

210 727 295 783 22.
322 726 431 779 Kal
464 724 790 807 'c‘hvﬁoulhv
818 724 908 779 τοῦ
945 722 1196 796 Ὑψίστου
1220 728 1561 797 παρώξυναν.

208 817 291 872 25.
320 817 431 870 Καὶ
461 813 800 886 ἐταπεινώθη
822 816 881 869 ἐν
901 814 1086 879 κόποις
1115 818 1148 886 ή
1182 816 1376 888 καρδία
1401 818 1583 873 αὐτῶν
1604 834 1618 849 ’

210 998 292 1053 24.
340 996 698 1065 ⁹Ησθένησαν,
729 995 820 1048 καὶ
840 995 938 1049 οὐκ
967 989 1034 1066 ἦν
1065 995 1093 1047 ὁ
1115 994 1341 1067 βοηθῶν.

211 1089 296 1145 25.
325 1089 435 1143 Kal
466 1086 768 1151 ἐκέκραξαν
803 1087 937 1156 πρὸς
976 1086 1179 1157 Κύριον
1222 1089 1279 1140 ἐν
1310 1086 1389 1159 τῷ
1428 1087 1703 1143 θλίϐεσθαι

155 1180 337 1244 αὐτούς
354 1194 370 1210 ⁸

211 1270 295 1326 26.
322 1270 431 1324 Kal
464 1271 529 1323 ἐκ
553 1265 658 1321 τῶν
686 1265 938 1335 ἀναγκῶν
964 1266 1143 1321 αὐτῶν
1169 1265 1373 1321 ἔσωσεν
1402 1267 1618 1332 αὐτούς.

212 1442 297 1497 27.
330 1443 440 1498 Kal
463 1442 729 1512 ἐξήγαγεν
754 1441 948 1505 αὐτοὺς
975 1443 1041 1496 ἐκ
1067 1440 1291 1507 σκάτους
1312 1440 1409 1497 καὶ
1430 1441 1587 1504 σκιᾶς
1609 1440 1704 1494 θαι

150 1536 300 1589 νάτου
318 1551 332 1564 ·

206 1627 290 1682 28.
323 1627 431 1680 Kal
464 1624 588 1688 τοὺς
612 1625 844 1697 δεσμοὺς
872 1623 1055 1682 αὐτῶν
1080 1624 1388 1696 διέρρηξεν.

208 1718 293 1773 29.
333 1716 947 1788 Ἑξομολογησάσθωσαν
968 1716 1046 1789 τῷ
1066 1717 1254 1790 Κυρίῳ
1277 1716 1348 1771 τὰ
1367 1714 1489 1788 sui;
1515 1713 1697 1779 αὑτοῦ,

1036 340 1125 398 DE
1159 337 1437 397 TlTllLlS
1473 336 1925 396 PSALMORUM.
1963 334 2272 394 —-,PSAL.
2303 332 2438 393 CVI.

1721 459 1767 512 Α
1867 450 1952 506 19.
1983 448 2239 505 Sedentes
2272 449 2325 503 in
2357 446 2594 503 tenebris
2625 455 2678 502 et
2710 445 2902 501 umbra
2937 444 3161 511 mortisr

3228 334 3362 393 1128

1873 540 1964 596 20.
2007 540 2226 596 Vinctos
2253 541 2307 595 in
2342 539 2684 595 mendicitate
2708 546 2762 593 et
2786 536 2951 591 ferro.

1873 630 1963 684 21.
1989 631 2126 697 Quia
2156 631 2617 686 exacerbaverunt
2637 628 2852 698 eloquia
2886 626 2983 684 Dei
3009 646 3024 683 :

1871 721 1960 776 22.
1991 720 2058 776 Et
2080 724 2366 777 consilium
2390 722 2653 778 Altissimi
2681 721 3050 775 irritaverunt.

1870 813 1959 867 23.
1995 811 2062 867 Et
2108 813 2452 868 humiliatum
2484 824 2567 868 est
2599 813 2652 866 in
2695 811 2976 867 laboribus
3002 826 3098 868 cor
3128 809 3357 884 [anima]

1800 916 1991 957 eorum
2025 920 2040 956 2
2078 950 2094 961 .

1870 994 1959 1049 24.
1992 995 2248 1051 lnlirmati
2282 1005 2428 1063 sum,
2458 1008 2558 1052 nec
2582 1007 2699 1053 erat
2735 998 2829 1069 qui
2866 996 3162 1067 adiuvaret.

1868 1087 1959 1142 25.
2006 1086 2073 1143 Et
2120 1088 2489 1145 clamaverunt
2529 1089 2599 1144 ad
2632 1089 2917 1146 Dominum
2964 1104 3089 1146 cum
3130 1088 3357 1143 tribum-

1799 1192 1986 1237 rentur
2011 1202 2026 1240 2

1868 1273 1961 1330 26.
1987 1274 2053 1330 Et
2073 1274 2139 1331 de
2162 1276 2571 1333 necessitatibus
2594 1291 2782 1335 eorum
2806 1277 3031 1334 salvuvit
3058 1275 3351 1350 [liberavit]

1797 1378 1916 1419 COS.
1932 1404 1943 1414 .

1866 1455 1955 1510 27.
1992 1455 2059 1511 Et
2088 1455 2275 1513 eduxit
2304 1470 2400 1515 eos
2435 1458 2503 1515 de
2530 1454 2767 1516 tenebris
2789 1469 2843 1516 et
2874 1459 3063 1514 umbra
3090 1458 3317 1513 mortis:

1867 1635 1960 1691 28.
2004 1635 2069 1691 Et
2096 1637 2309 1694 vincula
2337 1653 2525 1695 eorum
2560 1640 2808 1710 disrupit.

1869 1726 1959 1781 29.
1987 1726 2360 1785 Conﬁteantnr
2386 1729 2617 1786 Domino
2645 1730 3025 1787 misericordiae
3047 1730 3187 1802 ejus,

212 1809 297 1864 30.
332 1809 442 1862 Kal
470 1806 539 1860 τὰ
563 1807 838 1879 θαυμάσια
868 1806 1032 1861 αὐτοῦ
1058 1809 1171 1873 τοῖς
1202 1807 1337 1870 υἱοῖς
1365 1802 1475 1860 τῶν
1494 1802 1699 1877 ἀνθρώο

1868 1815 1938 1870 50
1987 1815 2053 1873 Ει
2078 1818 2346 1874 mirabilia
2371 1820 2490 1891 ejus
2517 1819 2643 1876 ﬁliis
2672 1821 2975 1876 hominum.

147 1917 276 1955 ταον.

207 1991 290 2046 51.
323 1991 445 2044 Ὅτι
474 1988 759 2062 συνέτριψε
785 1987 956 2051 πύλας
982 1986 1191 2060 χαλκᾶς
1209 2001 1231 2021 ⁸

209 2082 293 2137 52.
327 2082 437 2136 Kal
472 2081 699 2154 μοχλοὺς
722 2080 973 2151 σιδηροῦς
1001 2078 1347 2133 συνέθλασεν.

209 2176 295 2230 33.
332 2172 679 2228 ’Δντελάὁετο
710 2172 889 2226 αὐτῶν
914 2171 975 2237 ἐξ
991 2170 1111 2226 ὁδοῦ
1139 2171 1366 2242 ἀνομίας
1393 2172 1571 2226 αὐτῶν

207 2268 291 2323 51.
320 2267 420 2320 Διά
445 2267 553 2340 γὰρ
580 2266 679 2331 τὰς
706 2265 932 2336 ἀνομίας
956 2262 1134 2318 αὐτῶν
1153 2262 1591 2335 ἐταπεινώθησαν

207 2360 291 2414 55.
320 2360 434 2412 Πᾶν
468 2358 665 2430 βρῶμα
686 2357 1000 2422 esset-35am
1036 2357 1069 2428 ἡ
1096 2354 1241 2428 ψυχὴ
1272 2353 1453 2410 αὐτῶν
1477 2372 1490 2384 ·

207 2449 292 2504 56.
321 2449 430 2503 Kal
452 2449 688 2520 ἧγγισαν
707 2447 810 2511 ἓως
847 2446 955 2501 τῶν
983 2446 1166 2501 πυλῶν
1184 2442 1292 2500 cui?
1300 2443 1548 2501 θανάτου.

1862 1994 1951 2049 51.
1984 1994 2122 2061 Quia
2153 1998 2405 2054 contrivit
2432 2008 2617 2069 portas
2641 2014 2815 2056 aereas
2839 2017 2855 2055 :

1861 2085 1950 2139 32.
1992 2085 2057 2140 Et
2089 2096 2270 2143 vectes
2303 2088 2506 2144 ferreos
2532 2088 2816 2159 confregit.

1861 2172 1949 2230 33.
1983 2175 2354 2248 Suscepitveos
2369 2179 2437 2234 de
2468 2179 2550 2234 via
2585 2180 2887 2249 iniquitatis
2908 2195 3095 2236 eorum
3125 2202 3138 2236 :

1871 2263 1962 2319 54.
1997 2261 2223 2337 Propter
2255 2267 2551 2339 injustitias
2579 2259 2722 2324 enim
2749 2284 2879 2325 suas
2910 2270 3177 2325 bumiliati
3199 2279 3344 2326 sunt.

1873 2354 1962 2412 35.
1996 2353 2221 2414 Omnem
2248 2374 2427 2416 escam
2457 2359 2763 2416 abominata
2791 2368 2869 2416 est
2905 2361 3084 2415 anima
3116 2376 3301 2416 eorum
3331 2404 3344 2417 .

1867 2448 1963 2597 36.i
2021 2448 2086 2505 Et
2155 2454 2720 2529 appropinquaverunt
2792 2466 2963 2531 usque
3025 2451 3089 2515 ad
3163 2448 3355 2530 ponas

1867 2552 2015 2597 orts.

1801 2552 2015 2599 mortis.

1244 2668 1616 2726 ATHANASII
1657 2643 2239 2738 INTERPRETATIO.

208 2792 289 2849 19.
335 2790 804 2862 Ἐγκεκλεισμένοι
831 2790 906 2861 (1)
938 2792 995 2845 ἐν
1033 2793 1100 2862 τῇ
1138 2790 1379 2863 ἁμαρτίᾳ
1410 2790 1504 2845 τοῦ
1538 2792 1696 2848 θανά-

146 2899 229 2938 του
237 2923 248 2936 .

203 2972 289 3066 2ο.
324 2972 744 3066 ᾉῬερημμένους
772 2969 1245 3043 [Πεπεδημένουρ]
1274 2973 1332 3025 ἐν
1358 2971 1554 3043 θλίψει,
1595 2973 1692 3028 καὶ
1718 3008 1760 3066 c

145 3062 291 3137 ὀδύνῃ
322 3064 538 3135 ίσχυρᾷ.

202 3155 290 3209 21.
326 3154 448 3207 Ὅτι
474 3153 690 3207 ἐναντία
709 3152 815 3209 τῶν
834 3151 1007 3221 λόγων
1032 3152 1123 3207 τοῦ
1149 3153 1284 3207 Θεοῦ
1334 3155 1691 3225 πεποιήκασι.

202 3246 287 3301 22.
315 3245 409 3317 Μὴ
438 3247 763 3316 ποιήσαντες
788 3241 850 3298 τδ
873 3243 1082 3315 θέλημα
1107 3243 1293 3298 αὑτοῦ.

202 3335 288 3394 25.
327 3336 624 3403 Ἐδουλώθη
646 3339 703 3392 ἐν
727 3337 966 3409 ἁμαρτία
1005 3337 1080 3407 (2)
1120 3337 1153 3408 η
1178 3334 1372 3406 καρδία
1395 3334 1598 3389 αὐτῶν.

202 3430 289 3484 24.
324 3431 391 3483 Δί
426 3428 600 3499 ψυχαὶ
636 3427 814 3480 αὐτῶν
839 3426 1162 3497 ὴσθένησαν,
1202 3425 1297 3479 καὶ
1340 3425 1512 3489 οὐδεὶς
1543 3424 1694 3496 ἴσχυε

146 3522 395 3596 βοηθῆσαι
423 3525 628 3587 αὐτοῖς.

205 3618 289 3671 25.
321 3614 430 3671 Kal
460 3614 759 3687 ἐδεήθησαν
791 3614 848 3666 ἐν
880 3614 961 3685 τῷ
986 3609 1329 3684 κυριευεσθαι
1370 3610 1565 3675 αυτοὺς
1591 3608 1696 3664 ὑπὸ

143 3709 231 3779 τῆς
263 3706 560 3780 ἁμαρτίας.

203 3798 288 3852 26.
323 3797 431 3851 Kal
451 3799 521 3849 ἐκ
542 3795 651 3850 τῶν
671 3792 993 3865 ἀκαθάρτων
1026 3789 1352 3863 πνευμάτων
1373 3789 1577 3844 ἔσωσεν
1595 3790 1698 3844 αὐ-

143 3891 257 3944 τούρ

231 3929 277 3954 ὀ

203 3983 289 4036 27.
325 3978 438 4051 Τῆς
464 3978 716 4045 ἐξουσίας
742 3979 837 4032 τοῦ
869 3972 1136 4032 διαϐόλου.

206 4072 290 4129 28.
322 4071 432 4125 Kal
477 4069 576 4133 τὰς
612 4066 902 4138 ἐπιθυμίας
923 4067 1022 4131 τὰς
1064 4081 1302 4137 πονηρας
1334 4079 1399 4119 εκ
1424 4077 1532 4118 των
1561 4079 1699 4136 καρ-

142 4161 258 4217 διῶν
286 4163 463 4217 αὐτῶν
490 4159 817 4230 ἀπέρριψεν.

204 4255 290 4309 29.
336 4253 706 4324 Ἀνυμνήσατε
736 4250 812 4321 (5)
840 4249 907 4303 τὰ
933 4246 1053 4318 ἐλέη
1078 4245 1172 4301 τοῦ
1206 4246 1430 4318 Κυρίου.

1866 2798 1955 2856 19.
1981 2798 2223 2858 Inclusas
2252 2801 2305 2855 in
2338 2811 2563 2873 peccato
2594 2804 2803 2860 mut-tis.

1860 2971 1951 3026 20.
1979 2971 2203 3028 Fractos
2225 2970 2609 3046 [compeditos]
2642 2972 3009 3042 tribulatione,
3054 2986 3109 3029 et
3155 2972 3346 3030 (ιιιοη

1797 3060 1990 3119 valido.

1862 3154 1953 3208 21.
1987 3153 2255 3220 Quoniam
2286 3156 2557 3211 contraria
2585 3152 2926 3211 sermonibus
2953 3151 3047 3209 Dei
3079 3151 3340 3210 fecerunt.

1861 3246 1952 3301 22.
1976 3245 2092 3302 Non
2119 3246 2382 3302 facientes
2405 3244 2737 3301 voluntatem
2777 3245 2917 3315 ejus.

1861 3336 1950 3393 23.
1984 3337 2340 3410 Subjngatum
2366 3336 2528 3393 estin
2558 3345 2777 3408 peccato
2806 3350 2899 3392 cor
2925 3350 3139 3402 eorum,

1861 3428 1952 3483 24.
1988 3427 2057 3484 Et
2099 3429 2294 3483 animae
2341 3443 2531 3483 eorum
2579 3428 2863 3483 inﬁrmatze
2918 3437 3064 3496 sunt,
3100 3435 3155 3483 et
3186 3438 3345 3482 nemo

1793 3522 1971 3593 potuit
1998 3521 2079 3576 eis
2110 3521 2385 3576 auxiliari.

1861 3613 1951 3668 25.
1986 3613 2052 3667 Et
2081 3613 2352 3683 deprecati
2396 3621 2545 3676 sunt,
2587 3626 2711 3667 cum
2764 3611 2820 3666 in
2856 3626 2950 3667 eos
2980 3611 3347 3666 dominaretur

1792 3709 2096 3772 peccatum.

1862 3792 1950 3847 26.
1988 3791 2055 3847 Et
2070 3807 2139 3847 ex
2164 3790 2459 3846 immundis
2479 3789 2762 3861 spiritibus
2793 3789 3017 3845 salvavit
3043 3801 3157 3844 eos.

1863 3967 1955 4023 27.
1983 3967 2060 4021 Ex
2095 3967 2296 4022 diaboli
2320 3936 2605 4037 potestate.

1866 4058 1958 4116 28.
1987 4057 2056 4117 Et
2082 4058 2299 4129 disjccit
2328 4058 2604 4129 improbas
2637 4056 3101 4127 concupiscentias
3146 4071 3214 4113 ex
3251 4072 3346 4114 eo-

1794 4169 1915 4207 rum
1941 4152 2213 4208 cordibus.

1863 4244 1953 4299 29.
1988 4242 2231 4299 Laudate
2259 4242 2657 4298 misericordias
2685 4240 2917 4297 Domini.

204 4345 289 4401 30.
317 4345 427 4398 Kal
449 4342 795 4415 διηγήσονται
820 4339 914 4412 τὴν
936 4337 1242 4411 ἀμέτρητον
1290 4334 1453 4389 αὐτοῦ
1503 4335 1691 4404 φιλαν-

1864 4329 1953 4386 50.
1985 4329 2051 4385 Et
2074 4331 2371 4386 narrabunt
2395 4331 2713 4385 immensam
2746 4329 2864 4399 ejus
2889 4327 3291 4398 benignitatem.

143 4434 398 4508 θρωπίαν.

205 4528 291 4582 51.
325 4528 448 4582 Ὀτι
483 4522 767 4595 συνέτριψε
790 4522 888 4586 τὰς
910 4519 1157 4582 ἐναντίας
1184 4515 1463 4586 δυνάμεις.

204 4617 287 4672 52.
318 4619 426 4671 Kal
443 4617 573 4679 τοὺς
600 4615 862 4687 ἄρχοντας
892 4610 984 4665 τοῦ
1034 4606 1262 4671 σκότους
1297 4605 1394 4676 τῆς
1425 4604 1696 4677 ἁμαρτίας

140 4709 429 4763 ἀπώλεσεν.

206 4802 289 4855 55.
334 4800 635 4873 Ἐρρύσατο
658 4797 850 4860 αὐτοὺς
883 4797 947 4848 ἐκ
983 4788 1082 4865 τῆς
1125 4787 1471 4860 ἀναστροφῆς
1514 4784 1694 4840 αὐτῶν

140 4891 236 4961 τῆς
262 4894 522 4963 πονηρᾶς.

208 4982 291 5037 54.
323 4982 420 5036 Διά
444 4983 555 5052 γὰρ
578 4978 676 5042 τὰς
697 4976 922 5048 ἀνομίας
952 4972 1134 5030 αὐτῶν
1164 4970 1557 5041 ἐδουλώθησαν.

208 5152 294 5209 55.
343 5152 707 5222 Ἐξετάκησαν
767 5152 823 5203 αἱ
866 5148 1035 5220 ψυχαὶ
1084 5145 1259 5201 αὐτῶν
1306 5145 1400 5199 καὶ
1442 5138 1691 5211 ἀπεγνώ-

148 5240 359 5313 σθησαν.

211 5332 295 5387 56.
322 5335 465 5397 Ἕως
500 5332 577 5402 (4)
610 5331 709 5401 τῆς
729 5329 1030 5383 συντελείας
1057 5329 1184 5382 παο⁹
1208 5325 1386 5394 ὀλίγον
1416 5326 1445 5377 ό
1466 5322 1695 5384 θάνατος

149 5422 415 5479 ἐκυρίευσε
453 5425 563 5479 τῶν
595 5422 692 5479 ἀνθ
698 5420 914 5494 ρώπων.

1859 4502 1950 4556 51.
1980 4500 2251 4567 Quoniam
2281 4501 2536 4556 contrivit
2563 4503 2904 4555 adversarius
2924 4506 3237 4569 potesmtes.

1860 4592 1948 4648 52.
1980 4594 2045 4648 Ει
2071 4593 2305 4663 perdidit
2330 4592 2600 4663 principes
2630 4593 2972 4646 tenebrarum
2999 4590 3228 4661 peccati.

1860 4767 1948 4820 55.
1983 4765 2253 4821 Liberavit
2286 4776 2382 4820 eos
2423 4779 2492 4819 ex
2526 4760 2772 4833 improba
2820 4770 3011 4819 eorum
3058 4776 3346 4818 conversa-

1794 4856 1959 4911 tione.

1864 4947 1953 5002 51.
1980 4945 2117 5000 Nam
2142 4946 2195 5000 in
2230 4947 2543 5002 servitutem
2586 4944 2791 5001 redacti
2840 4952 2968 5000 sunt
3004 4950 3221 5015 propter
3250 4956 3344 4996 eo-

1794 5054 1915 5093 rum
1947 5038 2275 5107 iniquitates.

1867 5126 2388 5183 35.Conlabuerunt
2442 5128 2636 5182 anima.I
2685 5134 2872 5180 eorum
2920 5133 2973 5179 et
3022 5123 3345 5192 desperave-

1870 5237 1944 5274 ιιι.

1870 5237 1900 5274 n
1932 5260 1944 5274 .

1799 5230 1956 5368 ru3:5.
2009 5310 2192 5381 Usque
2255 5311 2323 5365 ad
2380 5306 2895 5366 consummationem
2951 5305 3113 5377 paulo
3165 5303 3349 5359 minus

1687 5462 1690 5466 λ
1802 5420 1952 5459 mors
1983 5402 2258 5457 dominata
2285 5402 2443 5457 estin
2476 5399 2801 5456 huminibus.

1078 5529 1384 5593 Addenda
1413 5533 1473 5589 et
1520 5520 1893 5600 corrigenda
1920 5536 1999 5580 ex
2031 5517 2173 5579 cod.
2208 5514 2404 5577 Vatic.

236 5648 259 5701 1
321 5647 852 5718 Ἐγκεκλεισμένους.

213 5646 287 5787 121
326 5719 663 5787 ’Δμαρτίαις.

233 5715 287 5785 2)
326 5715 663 5790 ’Δμαρτίαις.

1861 5636 1938 5706 (5)
1982 5637 2103 5690 Ἀνυ
2110 5632 2239 5706 μνοῦ
2246 5650 2342 5688 σιν.

1865 5704 1941 5776 (ι)
1963 5704 2254 5775 Ἐωςήγάρσ
