3706 6434
154 334 274 390 H29
1055 337 1143 394 DE
1177 338 1449 396 TITULIS
1487 341 1940 397 PSALMORUM.
1974 375 2042 384 -
2078 342 2272 400 PSAL.
2305 344 2439 400 CVI.
3234 354 3373 408 1150

213 453 294 506 55.
321 452 387 506 Ἦ
416 452 563 524 ψυχὴ
597 452 775 507 αὐτῶν
806 454 864 506 ἐν
889 457 1077 519 κακοῖς
1103 457 1348 526 ἐτήκετο.

1739 468 1785 522 Α
1889 460 1974 514 55.
2015 461 2207 516 Anima
2238 478 2425 517 eorum
2458 464 2510 517 in
2547 463 2704 520 malis
2731 465 3057 521 tabescebat.

214 543 296 597 54.
326 542 759 614 Ἐταράχθησαν,
793 545 1157 616 ἐσαλεύθησαν
1186 546 1260 610 ὡς
1285 549 1314 600 ὁ
1349 546 1561 616 μεθύων
1581 564 1593 578 ·

1883 553 1972 608 54.
2003 551 2225 608 Turbati
2252 563 2396 613 sunt.
2427 568 2479 610 et
2508 557 2636 612 muti
2670 568 2800 611 sunt
2823 558 2964 613 sicut
2995 558 3178 613 ebrius
3207 573 3221 611 :

333 634 446 686 Kal
481 633 630 686 πᾶσα
659 635 692 704 ἡ
719 636 880 705 σοφία
905 635 1081 689 αὐτῶν
1109 637 1404 708 κατεπόθη.

1886 643 1975 699 55.
2004 643 2069 698 Εῑ
2097 647 2276 701 omnis
2303 648 2568 717 sapientia
2593 663 2782 704 eorum
2810 649 3066 706 devorata
3098 660 3201 706 est.

212 724 291 778 56.
331 725 445 778 Kal
498 722 800 794 ὲκέκραξαν
847 726 981 797 πρὸς
1018 726 1221 799 Κύριον
1250 731 1308 782 ἐν
1331 728 1410 799 τῷ
1431 728 1675 785 θλίϐεσθα

1914 735 1976 788 ἱϐ.
2031 734 2099 790 Et
2137 738 2510 794 clamaverunt
2553 741 2622 795 ad
2652 739 2941 797 Dominum
2973 759 3097 799 cum
3147 742 3377 797 tribula-

152 814 328 878 αὺτούς
346 831 360 845 ο

1813 835 2002 881 rentur
2025 843 2038 879 Ξ

209 908 292 963 57.
334 907 445 960 Kal
471 908 536 962 ἐκ
557 908 667 961 τῶν
699 908 952 978 ἀναγκῶν
983 910 1162 965 αὐτῶν
1192 913 1457 984 ἐξήγαγεν
1487 915 1672 979 αὐτούς

1885 920 1973 974 57.
1999 919 2065 974 Ει
2092 921 2158 976 de
2182 922 2598 980 necessitatibus
2624 939 2812 981 eorum
2845 928 3031 983 eduxit
3060 945 3175 983 eos.

209 998 289 1054 58.
331 999 443 1052 Kal
475 1000 706 1066 ἐπέταξε
737 1004 803 1072 τῇ
831 1003 1122 1072 καταιγίδι,
1146 1004 1239 1057 καὶ
1261 1003 1392 1075 ἔστη
1412 1008 1491 1069 εἰς
1510 1003 1672 1079 αὔραν

1881 1009 1968 1063 58.
2001 1009 2066 1066 Et
2096 1014 2369 1070 mandavit
2393 1016 2662 1085 procellae,
2695 1027 2749 1074 et
2774 1019 2920 1074 stetit
2944 1021 2996 1074 in
3024 1035 3211 1074 auram
3242 1037 3255 1072 :

213 1089 290 1144 59.
337 1091 452 1144 Kal
487 1091 746 1163 ἐσίγησαν
782 1093 851 1146 τὰ
878 1093 1098 1164 κύματα
1129 1095 1320 1165 αὐτῆς.

1266 1113 1320 1164 ς.
1875 1101 1966 1155 59.
1993 1100 2058 1156 Et
2077 1103 2344 1159 siluerunt
2370 1104 2566 1161 ﬂuctus
2589 1106 2729 1177 ejus.

207 1180 290 1235 60.
330 1182 442 1235 Kal
472 1182 880 1254 εύφρᾶνθησαν,
905 1185 987 1237 ὅτι
1019 1185 1298 1256 ἡσύχασαν
1320 1203 1334 1216 ⁸

1881 1195 1968 1249 60.
2002 1196 2067 1250 Et
2096 1198 2258 1252 laetati
2282 1208 2428 1267 sunt,
2454 1201 2581 1270 quia
2611 1202 2876 1256 siluerunt
2906 1221 2917 1256 :

207 1273 288 1326 6l.
329 1273 440 1326 Kal
469 1273 749 1346 ὡδήγησεν
791 1276 986 1340 αὐτοὺς
1030 1278 1121 1330 ἐπὶ
1166 1276 1360 1347 λιμένα
1401 1277 1649 1348 θελήματι

1881 1287 1968 1341 61.
2005 1286 2073 1343 Ει
2102 1291 2322 1346 deduxit
2349 1307 2441 1348 eos
2475 1292 2529 1346 in
2558 1301 2775 1362 portum
2805 1294 3102 1349 voluntatis
3131 1309 3261 1348 suae.

146 1381 204 1416 αυ
211 1381 295 1416 του
303 1401 317 1417 ο

206 1457 287 1510 62.
313 1457 934 1529 Ἐξομολογησάσθωσαν
957 1459 1036 1531 τῷ
1058 1461 1248 1532 Κυρίῳ
1276 1459 1344 1513 τὰ
1366 1460 1492 1530 ἐλέη
1514 1460 1669 1514 αύτοῐ

1878 1467 1969 1523 62.
2001 1469 2374 1526 Conﬁteantur
2403 1471 2633 1528 Domino
2666 1475 3054 1531 misericordiae
3075 1474 3214 1544 ejus,

203 1551 290 1606 65.
302 1551 494 1619 Καὶ,τὰ
510 1551 786 1622 θαυμάσια
799 1551 964 1606 αὑτοῦ
979 1555 1092 1616 τοῖς
1107 1554 1241 1616 υἱοῖς
1254 1553 1363 1606 τῶν
1377 1551 1666 1624 ἀνθρώπωι

1516 1551 1700 1608 ὡπων.
1877 1561 1964 1614 65.
1988 1558 2058 1615 Et
2081 1561 2354 1616 mirabilia
2378 1564 2499 1634 ejus
2523 1565 2647 1621 liliis
2678 1565 2979 1622 hominum.

205 1640 287 1694 64.
315 1640 720 1710 ’Υψωσάτωσαν
749 1641 910 1695 αὑτὸν
941 1644 998 1695 ἐν
1031 1641 1296 1713 ἐκκλησίᾳ
1321 1643 1450 1696 λαοῦ
1471 1660 1485 1673 '

1875 1651 1965 1705 64.
1993 1649 2240 1708 Exaltent
2269 1669 2395 1709 eum
2425 1654 2482 1708 in
2506 1655 2734 1710 ecclesia
2767 1656 2937 1725 plebis
2964 1675 2977 1710 :

205 1729 289 1785 65.
328 1731 440 1784 Kal
470 1733 529 1784 ἐν
561 1730 797 1802 καθέδρᾳ
811 1730 1196 1803 πρεσϐυτέρων
1215 1731 1584 1784 αίνεσάτωσαν
1600 1733 1668 1786 αύ

1682 1763 1700 1772 -
1871 1739 1959 1796 65.
1985 1741 2051 1796 Et
2081 1741 2134 1797 in
2166 1743 2421 1798 cathedra
2449 1744 2726 1799 seniorum
2757 1746 2976 1801 laudent
3000 1761 3145 1800 eum.

144 1823 243 1877 τόν.
1739 1835 1780 1888 Β

203 1912 291 1969 66.
309 1912 503 1967 Ἔθετο
536 1915 817 1984 ποταμοὺς
839 1915 921 1978 είς
946 1913 1150 1987 ἔρημον
1170 1931 1184 1944 '

1872 1919 1960 1972 66.
1990 1922 2186 1975 Posuit
2217 1921 2443 1977 ﬂumina
2479 1923 2535 1977 in
2566 1923 2840 1988 desertum
2867 1939 2881 1975 :

206 2007 290 2061 67.
329 2008 443 2060 Kal
467 2007 736 2074 διεξόδους
760 2007 968 2062 ὑδάτων
998 2009 1079 2072 εἰς
1105 2007 1286 2077 δίψαν.

1873 2011 1960 2065 67.
1993 2010 2059 2065 Et
2091 2013 2270 2068 exitus
2302 2029 2566 2083 aquarum
2600 2016 2652 2070 in
2679 2016 2845 2071 sitim.

203 2099 290 2153 68.
329 2100 439 2170 Γῆν
465 2099 815 2170 καρποφόρον
844 2100 925 2162 είς
947 2098 1147 2170 ἅλμην,

1874 2100 1964 2157 68.
1992 2099 2215 2157 Terram
2239 2103 2574 2160 fructiferam
2608 2106 2662 2160 in
2699 2106 3055 2178 salsuginem.

205 2189 289 2242 69.
331 2188 407 2260 (α)
437 2189 571 2242 Ἀπὸ
597 2190 794 2253 κακίας
823 2189 933 2242 τῶν
963 2188 1361 2243 κατοικούντων
1390 2190 1446 2241 ἐν
1476 2190 1632 2260 αὐτῇ.

1476 2190 1632 2260 αὐτῇ.
1877 2192 1965 2247 69.
2000 2197 2042 2246 A
2069 2195 2272 2250 malitia
2300 2196 2720 2254 inhabitantium
2749 2199 2805 2253 in
2828 2213 2911 2254 ea.

207 2282 289 2338 70.
309 2282 501 2337 Ἐθετο
529 2283 732 2356 ἔρημον
759 2286 839 2346 εἰς
863 2282 1058 2354 λίμνας
1091 2283 1298 2338 ὑδάτων
1321 2302 1333 2313 ·

1879 2284 1964 2340 70.
1994 2284 2182 2341 Posuit
2211 2287 2486 2345 desertum
2523 2291 2574 2345 in
2607 2301 2796 2362 stagna
2822 2305 3085 2360 aquarum
3167 2283 3169 2286 ’

204 2397 280 2472 (α)
309 2396 464 2454 Vers.
500 2396 592 2464 69,
624 2398 708 2464 70,
740 2397 830 2462 71,
858 2397 961 2453 sub
993 2397 1154 2452 unico
1183 2404 1474 2452 comment.

1253 2552 1623 2610 ATHANASII
1669 2554 2250 2612 INTERPRETATIO.

203 2723 291 2778 53.
312 2721 714 2793 Ἐφοδήθησαν,
743 2721 837 2774 καὶ
869 2721 1304 2793 ὠλιγοψύχησαν.

1871 2717 1960 2772 55.
1996 2716 2062 2772 Et
2091 2717 2408 2784 timuerunt,
2442 2723 2496 2771 et
2527 2717 2710 2774 animo
2739 2717 2931 2789 dejecti
2961 2727 3104 2775 sunt.

201 2812 286 2868 54.
326 2813 439 2867 Καὶ
460 2813 518 2865 ἐν
545 2810 717 2881 ἀγῶνι
745 2811 913 2883 πολλῇ
941 2811 1139 2881 γέγονα
1165 2813 1265 2884 (1).

1870 2810 1961 2865 54.
1993 2809 2060 2865 Ει
2083 2811 2140 2866 in
2171 2825 2344 2881 agone
2372 2810 2542 2864 multo
2570 2809 2802 2865 fuerunt.

202 2906 290 2961 55.
327 2905 440 2960 Kal
469 2905 622 2957 πᾶσα
651 2906 683 2976 ή
708 2905 874 2975 τέχνη
902 2903 1080 2957 αὐτῶν
1107 2903 1312 2974 ἡττήθη
1343 2903 1449 2956 ὑπὸ
1463 2901 1558 2956 τοῦ
1579 2901 1665 2956 κλί

1902 2901 1962 2957 ι5.
1982 2900 2050 2956 Et
2069 2901 2249 2956 omnis
2267 2916 2357 2956 ars
2383 2915 2570 2956 eorum
2597 2910 2845 2970 superata
2869 2911 2951 2956 est
2970 2917 3001 2954 a
3030 2910 3365 2972 tempestate.

139 2996 294 3060 δωνος
311 3014 328 3030 ·
357 2991 501 3070 ἦσαν
523 2996 632 3068 γὰρ
660 2996 847 3060 ἁλιεῖς.

1801 3002 1956 3049 erant
1979 2995 2122 3050 enim
2153 2993 2472 3064 piscatores.

201 3088 288 3143 56.
321 3088 431 3142 Kal
456 3087 692 3158 ἐϐόησαν
717 3087 852 3160 πρὸς
881 3086 970 3141 τὸν
993 3085 1202 3158 Ἰησοῦν
1219 3104 1233 3116 ·
1258 3087 1454 3155 Κύριε,
1497 3085 1664 3140 σῶσο

1903 3090 1964 3142 ἱϋ.
1989 3086 2056 3144 Et
2089 3087 2462 3144 clamaverunt
2483 3087 2549 3141 ad
2573 3086 2790 3142 .Iesum:
2819 3087 3060 3153 Domine,
3085 3089 3230 3144 salva
3252 3105 3366 3151 nos,

139 3181 305 3251 ἡμᾶς,
331 3181 740 3249 ἀπολλύμεθα.

663 3181 740 3234 7a.
1807 3182 2038 3251 perimus
2062 3180 2126 3233 ⁸⁸.

200 3272 288 3326 57.
320 3271 432 3325 Kal
469 3272 546 3323 ἐκ
576 3269 684 3324 τῶν
728 3269 988 3340 κυμάτων
1030 3270 1125 3323 καὶ
1163 3266 1258 3321 τοῦ
1302 3267 1559 3331 λαίλαπος
1606 3284 1663 3319 το

1909 3271 1967 3327 ι7.
2017 3269 2085 3326 Et
2121 3285 2189 3328 ex
2225 3269 2480 3328 ﬂuctibus
2520 3281 2574 3326 et
2615 3272 2758 3326 venti
2788 3273 3022 3342 procella
3077 3271 3372 3327 sublevavit

137 3363 329 3433 ἀνέμου
362 3363 647 3435 ἐξήγειρεν
674 3362 751 3432 (2)
781 3361 978 3425 αύτούς
1225 3343 1238 3355 ’
1805 3378 1922 3421 eos.

199 3455 288 3510 58.
309 3455 644 3526 Ἐπετίμησε
674 3453 782 3526 γὰρ
806 3453 884 3524 τῷ
909 3453 1117 3525 ἀνέμῳ,
1151 3452 1244 3506 καὶ
1272 3450 1568 3513 ἐπαύσατο,
1608 3467 1662 3503 κο

1909 3455 1966 3509 8.
1996 3454 2300 3527 Increpavit
2331 3458 2476 3512 enim
2512 3466 2754 3520 ventum,
2783 3466 2836 3511 et
2862 3457 3086 3526 quievit,
3115 3466 3168 3510 et
3196 3457 3372 3512 solum

139 3546 289 3615 μόνον
323 3543 497 3620 αὔραν
525 3548 783 3617 παρεῖχεν
809 3546 885 3608 εἰς
914 3543 1174 3613 ἀνάψυξιν
1201 3542 1403 3604 αὐτοῖς.

1805 3561 1996 3600 auram
2029 3546 2211 3601 emisit
2244 3546 2301 3600 in
2329 3561 2518 3600 eorum
2553 3545 2915 3614 refrigerium.

201 3640 286 3695 59.
327 3640 436 3693 Καὶ
469 3638 707 3708 ἐγένετο
734 3635 968 3706 γαλήνη
991 3633 1244 3704 μεγάλη.

1877 3636 1966 3690 59.
1998 3635 2066 3689 Et
2098 3637 2242 3704 facta
2270 3645 2349 3690 est
2377 3636 2740 3706 tranquillitas
2766 3650 2957 3704 magna
2974 3634 3039 3685 ³⁷.

201 3731 288 3786 60.
328 3731 440 3786 Kal
471 3728 842 3806 ,ἐπλήσθησαν
883 3727 1124 3798 χάριτος,
1173 3725 1255 3778 ὅτι
1305 3721 1382 3791 (5)
1440 3719 1664 3789 διεσώθη

1907 3728 1966 3784 ιο.
1995 3725 2059 3782 Et
2086 3727 2289 3797 impleti
2339 3734 2468 3782 sunt
2500 3727 2699 3796 gaudio
2729 3765 2745 3792 ,
2779 3725 3040 3796 quoniam
3069 3723 3206 3778 salvi
3240 3721 3370 3777 facti

139 3839 250 3878 σαν.

1807 3830 1952 3876 sunt.

200 3915 287 3970 6l.
323 3913 718 3969 Κιτὲπλευσαν
743 3910 852 3983 γὰρ
875 3911 955 3973 είς
981 3908 1080 3980 τὴν
1111 3905 1293 3977 χώραν
1323 3903 1432 3958 τῶν
1459 3902 1663 3974 Fabam

1916 3912 1964 3966 l.
1981 3910 2381 3982 Navigaverunt
2401 3910 2546 3964 enim
2569 3909 2624 3963 in
2645 3909 2920 3980 regionem
2939 3907 3372 3963 Gadarenorum.

137 4022 256 4062 νων.

200 4095 285 4150 62.
322 4095 685 4167 Διηγήσονται
717 4095 774 4147 ἐν
799 4091 1116 4162 Εὐαγγελίῳ
1149 4090 1248 4162 (4).

1871 4085 1963 4140 62.
2001 4085 2310 4141 Narrabunt
2338 4085 2395 4140 in
2424 4085 2737 4157 Evangelia.

200 4191 290 4248 65.
322 4193 434 4244 Kal
459 4187 602 4242 αὐτὰ
623 4185 694 4240 τὰ
719 4185 995 4256 θαυμάσια
1019 4183 1185 4238 αὐτοῦ
1231 4182 1326 4235 σὺν
1351 4182 1464 4246 τοῖς
1495 4179 1663 4236 laurei

1903 4180 1965 4235 55.
1995 4177 2063 4235 Et
2088 4180 2204 4236 hate
2229 4179 2496 4234 mirabilia
2525 4179 2667 4250 ejus,
2690 4188 2744 4234 et
2775 4178 2882 4233 alia
2911 4178 3038 4234 ﬁliis
3061 4178 3366 4233 hominum.

133 4285 242 4346 τοῖς
273 4282 348 4355 (5)
383 4283 521 4343 υἱοῖς
544 4279 651 4333 τῶν
679 4277 996 4349 ἀνθρώπων.

199 4352 288 4429 64.
325 4352 619 4442 Δοξὰσουσι
653 4370 814 4424 αὐτὸν
855 4368 943 4423 διὰ
984 4367 1075 4422 τοῦ
1121 4367 1471 4441 κηρύγματος
1503 4367 1561 4418 ἐν
1588 4367 1662 4417 τοί

1904 4360 1965 4416 i4.
1993 4357 2384 4416 Gloriﬁcabunt
2411 4371 2536 4411 eum
2563 4370 2658 4425 per
2689 4354 3128 4424 pradicationem
3153 4352 3207 4406 in
3234 4366 3367 4422 gen-

136 4468 352 4522 ἔθνεσιν.

1732 4477 1775 4531 D
1804 4453 1967 4507 tibus.

197 4561 283 4615 65.
315 4561 428 4616 Kal
468 4560 526 4612 ἐν
561 4559 627 4628 τῇ
657 4554 958 4610 ἀναπαύσει
985 4552 1092 4606 τῶν
1129 4550 1300 4604 ἁγίων
1328 4545 1660 4601 αἰνεσάτωσα

1869 4541 1956 4595 63.
1985 4541 2052 4596 Et
2080 4541 2134 4595 in
2163 4537 2350 4594 reauie
2379 4543 2695 4592 sanctorum
2722 4533 2945 4588 laudent
2970 4547 3121 4588 eum.
3211 4549 3218 4556 ·

136 4654 306 4707 αὐτόν.

198 4744 285 4800 66.
326 4743 438 4808 Τὰς
465 4741 638 4812 φυλὰς
657 4739 765 4792 τῶν
796 4737 1086 4792 Ἰουδαίων.

1074 4774 1086 4787 .
1867 4723 1956 4777 66.
1985 4721 2182 4776 Tribus
2201 4718 2532 4774 Judreorum.

197 4837 283 4891 67.
322 4805 434 4892 Kal
624 4832 732 4885 τῶν
775 4829 1010 4903 καρδιῶν
1048 4825 1225 4882 αὐτῶν
1269 4822 1463 4897 ἀφελεῖ
1489 4821 1566 4893 (6)
1598 4820 1660 4891 τὴ

1907 4815 1956 4866 7.
2008 4815 2071 4867 Et
2104 4829 2135 4867 e
2181 4809 2439 4866 cordibus
2475 4823 2665 4863 eorum
2701 4806 2906 4862 auferet
2947 4805 3177 4877 gratiam
3211 4820 3365 4860 suam

134 4928 283 4996 χάριν
307 4925 472 4981 αὐτοῦ
499 4923 588 4978 διὰ
621 4921 716 4993 τὴν
752 4920 1006 4975 ἀπιστίαν
1037 4916 1240 4971 αὐτῶν.

1200 4933 1240 4970 θ.
1796 4916 2016 4978 propter
2048 4919 2236 4960 eorum
2271 4901 2663 4957 infidelitatem.

197 4993 283 5084 68,
307 5019 398 5074 69.
428 5019 542 5088 Τὴν
565 5014 884 5085 συναγωγὴν
918 5011 1016 5083 τὴν
1034 5010 1276 5064 ἄτεκνον.

1867 5000 1958 5066 68,
1989 4999 2078 5054 69.
2111 4996 2449 5068 Synagogam
2478 4993 2696 5050 sterilen
3254 5078 3265 5089 ι

198 5083 285 5169 70.
309 5107 395 5159 71.
422 5083 534 5158 Kal
559 5103 658 5168 τὰς
686 5083 912 5174 καρδίας
940 5099 1119 5152 αὐτῶν
1161 5095 1348 5170 βρύειν
1390 5094 1490 5164 τὴν
1535 5093 1661 5163 χάρι

1897 5092 1957 5154 0,
2003 5090 2087 5144 71.
2134 5088 2198 5143 Et
2250 5087 2416 5143 corda
2461 5101 2652 5142 eorum
2695 5093 2753 5138 ut
2795 5083 3096 5154 germinent
3133 5083 3360 5148 gratiam

130 5197 308 5252 αὐτοῦ.

1798 5199 1973 5238 suam.

264 5313 308 5344 ³⁸
332 5310 521 5367 Matth.
549 5325 669 5377 vni,
697 5308 787 5363 25.
866 5307 908 5338 ³⁷
935 5305 1069 5362 Ibid.
1101 5304 1192 5358 26.

1073 5455 1379 5521 Addenda
1420 5461 1481 5517 et
1517 5449 1891 5530 corrigenda
1921 5467 2001 5534 ex;
2030 5448 2170 5510 cod.
2206 5423 2408 5507 Vatie.

194 5587 269 5660 (1)
305 5590 615 5658 Γεγόνασιν.
1970 5571 2284 5660 ξξλίδαγγελίω
2314 5574 2379 5623 τὰ
2411 5567 2537 5637 ὲλέη
2569 5565 2756 5620 αὐτοῦ.

197 5646 272 5728 (2')
297 5646 619 5730 Ἐξήγαγεν,
636 5667 749 5730 etc.
984 5727 1002 5730 Α
1090 5727 1108 5730 _

1955 5646 2122 5730 Τοῖς,
2140 5646 2308 5696 deest.

194 5717 268 5799 (5)
305 5717 834 5799 Κᾶῖέπληρώθησαν
865 5727 1054 5796 χαρᾶς,
1085 5727 1185 5784 ὅτι.
1217 5733 1318 5778 etc.

750 5743 834 5778 ταν
865 5727 1054 5796 χαρᾶς,
1085 5727 1185 5784 ὅτι.
1217 5733 1318 5778 etc.
1855 5719 1932 5785 (6)
1955 5717 2213 5782 ‘Apaiixav.

438 5795 727 5884 Ρλτὶιοι.
775 5819 892 5880 Gn.
943 5795 1199 5881 van.
1587 5908 1595 5914 ἢ
3005 5795 3082 5853 36
