3706 6414
297 297 426 354 tm
1154 288 1210 342 s.
1254 283 1626 340 ATl-lANASll
1663 283 1814 340 OPP.
1856 279 2040 337 mas
2079 279 2166 337 Ili.
2206 311 2284 336 ——.
2317 278 2734 336 excursum.
3424 271 3552 332 um

375 412 454 465 tl.
478 409 546 464 Et
567 416 768 464 terram
794 407 911 462 sine
939 420 1080 476 aqua
1102 404 1157 459 in
1186 405 1364 459 exitus
1388 417 1678 474 aquarum.

1901 411 1948 466 Α
2044 397 2129 452 7i.
2172 399 2281 451 Kal
2306 397 2411 468 γῆν
2439 397 2664 468 ἄνυδρον
2690 397 2771 460 είς
2797 393 3060 461 διεξόδους
3089 393 3323 447 ὑδάτων.

370 503 456 558 72.
485 503 551 557 Et
571 501 855 557 collocavit
887 499 999 554 illic
1029 498 1334 554 esurientes
1361 513 1374 549 :

2043 489 2129 544 72.
2170 491 2282 544 Kal
2308 489 2612 560 κατῴκισεν
2640 491 2756 542 ἐκεῖ
2779 485 3086 549 πεινῶντας
3105 501 3118 517 ⁸

369 595 458 649 75.
494 595 562 648 Et
589 591 989 648 constituerunt
1016 588 1264 645 civitates
1293 585 1672 641 habitationis.

2041 581 2130 638 7'5.
2171 583 2282 636 Kal
2311 581 2704 652 συνεστήσαντο
2731 580 2916 642 πόλεις
2949 576 3325 639 κατοικεσίας.

377 690 454 742 ιι.
468 686 534 742 Et
552 686 959 742 seminaverunt
978 689 1221 747 aeros,et
1242 681 1625 750 plantaverunt
1649 676 1834 730 vineas

2086 675 2133 730 δ.
2171 675 2280 728 Kal
2309 673 2568 744 ἕσπειραν
2601 671 2941 747 ἀγροὺς,καὶ
2958 669 3264 740 ἐφύτευσαν
3306 666 3549 738 ἀμπελῶ⁴

1973 784 2068 831 νας
2084 783 2098 797 ·

365 863 450 918 75.
481 862 546 917 Ει
582 862 826 917 fecerunt
858 859 1095 916 fructum
1124 858 1446 914 nativitatis.

2044 858 2131 913 73.
2173 857 2285 911 Kal
2311 857 2573 928 ἐποίησαν
2596 856 2809 930 καρπὸν
2838 857 3207 929 γεννήματος.

374 955 458 1009 76.
483 953 548 1008 Et
569 953 844 1010 benedixit
867 951 969 1019 eis,
998 961 1050 1006 et
1081 949 1423 1020 multiplicati
1451 957 1580 1004 sunt
1612 944 1822 1019 [nimis]

2090 949 2131 1004 5.
2175 949 2287 1004 Kal
2315 948 2607 1020 εὐλόγησεν
2623 948 2841 1015 αὐτοὺς,
2859 947 2954 1001 καὶ
2971 943 3386 1016 ἐπληθύνθησαν

1974 1039 2125 1114 δρα]’

368 1133 455 1187 77.
490 1133 558 1188 Ει
577 1133 821 1204 iumenta
850 1148 1038 1188 eorum
1075 1147 1183 1186 non
1211 1129 1520 1185 minoravit.

2046 1133 2134 1190 77.
2174 1135 2285 1189 Kal
2315 1133 2383 1189 τὰ
2408 1134 2584 1204 κτήνη
2612 1133 2793 1188 αὐτῶν
2816 1133 2915 1186 οὐκ
2945 1131 3266 1203 ὲσμίκρυνε.

364 1226 454 1282 78.
487 1225 554 1281 Et
580 1227 739 1297 pauci
770 1224 899 1282 facti
925 1235 1072 1293 sunt,
1099 1233 1155 1281 et
1183 1224 1362 1280 vexati
1397 1232 1545 1280 sunt.

2046 1228 2136 1284 78.
2176 1229 2286 1283 Kal
2319 1227 2699 1299 ῶλιγὼθησαν,
2727 1227 2822 1282 καὶ
2860 1223 3221 1295 ἐκακώθησαν

368 1319 453 1374 79.
481 1318 527 1373 Α
560 1319 907 1374 tribulatione
931 1319 1197 1374 malorum
1221 1329 1276 1374 et
1308 1319 1517 1374 dolore.

2047 1321 2133 1377 79.
2181 1319 2313 1373 Ἀπὸ
2351 1319 2584 1390 θλίψεως
2617 1319 2803 1374 κακῶν
2839 1319 2932 1374 καὶ
2963 1315 3178 1388 ὀδύνης.

367 1411 458 1464 80.
481 1410 662 1466 Eﬂ'usa
691 1420 773 1467 cst
795 1410 1129 1480 contemptio
1152 1425 1316 1482 super
1340 1409 1614 1480 principes
1644 1421 1830 1462 eorum

2084 1413 2135 1466 0.
2168 1410 2427 1483 Ἐξεχύθη
2459 1410 2806 1475 ὲξουδένωσις
2835 1410 2922 1463 ἐπ’
2954 1408 3226 1480 ἄρχοντας
3256 1404 3434 1459 αὐτῶν
3458 1403 3547 1473 (71)*

368 1503 456 1557 81.
485 1502 552 1558 Ει
576 1519 762 1558 errare
789 1502 916 1559 fecit
945 1520 1040 1560 eos
1073 1504 1128 1559 in
1158 1503 1326 1570 invio,
1357 1511 1413 1558 et
1442 1517 1551 1557 non
1580 1500 1634 1555 in
1661 1500 1766 1553 via.

2093 1503 2138 1557 ί.
2167 1505 2278 1557 Kal
2299 1503 2604 1574 ἐπλάνησεν
2635 1501 2835 1565 αὐτοὺς
2864 1502 2922 1555 ὲν
2956 1499 3170 1569 ἀϐάτῳ,
3204 1497 3300 1550 καὶ
3320 1497 3417 1567 οὐχ

368 1594 456 1648 82.
487 1595 551 1650 Et
576 1595 784 1666 adjuvit
806 1611 1097 1666 pauperem
1125 1595 1190 1650 de
1219 1594 1404 1664 inopia
1435 1609 1449 1645 :

2052 1595 2142 1648 82.
2179 1595 2288 1648 Kal
2319 1594 2586 1666 ἐϐοήθησε
2619 1593 2813 1665 πένητι
2841 1594 2906 1646 ἐκ
2937 1590 3212 1663 πτωχείας
3232 1606 3246 1620 ·

371 1685 459 1740 8'5.
488 1684 554 1739 Et
580 1685 762 1756 posuit
792 1686 935 1742 sicut
965 1702 1094 1741 oves
1121 1685 1381 1742 familias.

2049 1688 2138 1742 83.
2174 1689 2287 1742 Kal
2317 1687 2472 1741 ἔθετο
2509 1687 2585 1751 ὡς
2609 1686 2860 1758 πρόϐατα
2888 1685 3143 1755 πατριάς.

370 1777 459 1832 84.
490 1775 764 1833 Videbunt
795 1779 950 1844 recti,
979 1789 1030 1833 et
1060 1779 1421 1832 laetabuntur:

1911 1791 1954 1846 Β
2053 1777 2142 1833 84.
2185 1779 2446 1848 Ὄψονται
2477 1777 2677 1841 εύθεῖς,
2706 1776 2801 1830 καὶ
2838 1775 3336 1848 εὐφρανθήσονται·

372 1871 464 1925 85.
495 1869 562 1924 Ει
591 1871 771 1926 omnis
798 1871 1055 1941 iniquitas
1083 1870 1343 1941 oppilabit
1366 1884 1430 1924 os
1459 1884 1643 1924 suum.

2091 1871 2140 1924 5.
2189 1872 2301 1924 Kal
2330 1873 2480 1924 πᾶσα
2533 1869 2735 1941 ἀνομία
2768 1865 3038 1940 ὲμφράξει
3067 1867 3128 1920 τὸ
3162 1865 3341 1938 στόμα
3377 1861 3554 1935 αὐτῆς.

371 1959 460 2015 86.
489 1961 624 2026 Quis
650 1963 868 2032 sapiens
896 1971 950 2016 et
974 1961 1242 2024 custodiet
1269 1960 1420 2016 ιικοῖ

2054 1961 2142 2016 86.
2179 1964 2276 2027 Τίς
2308 1963 2470 2033 σοφὸς
2503 1962 2596 2017 καὶ
2628 1960 2855 2032 φυλάξει
2889 1960 3093 2027 ταῦτα;

373 2051 463 2107 87.
489 2052 555 2109 Et
587 2054 848 2126 intelliget
873 2053 1278 2110 misericordias
1300 2052 1560 2108 Domini?

2055 2053 2145 2108 87.
2174 2055 2285 2110 Kal
2316 2056 2610 2127 συνήσουσι
2639 2053 2709 2108 τὰ
2735 2053 2859 2125 ὲλέη
2887 2052 2981 2107 τοῦ
3020 2051 3265 2124 Κυρίου;

375 2209 452 2281 (a)
477 2207 670 2262 Αὐτῶν
699 2210 870 2266 deest.

1424 2363 1803 2422 ATHANASII
1842 2360 2446 2420 INTERPRETATIO.

377 2646 465 2700 72.
498 2642 895 2700 Multitudinem
927 2639 1170 2714 gentium
1197 2639 1254 2694 in
1276 2637 1540 2694 Ecclesia.

2052 2635 2141 2691 72.
2183 2633 2257 2688 Τὸ
2286 2634 2490 2707 πλῆθος
2516 2634 2625 2688 τῶν
2651 2633 2822 2690 ἐθνῶν
2847 2634 2906 2689 ὲν
2933 2636 3002 2707 τῇ
3030 2633 3356 2707 Ἐκκλησίᾳ.

373 2735 467 2790 7'5.
500 2733 700 2789 Eorum
733 2731 918 2789 corda.

2055 2728 2142 2784 75.
2183 2726 2295 2790 Τὰς
2321 2727 2548 2799 καρδίας
2573 2726 2775 2783 αὐτῶν.

378 2827 466 2882 7i.
499 2826 743 2897 Apostoli
774 2825 937 2881 corda
965 2825 1234 2897 gentium.

2051 2819 2142 2875 74.
2185 2821 2249 2873 Οἱ
2279 2819 2564 2875 ἀπόστολοι
2588 2819 2689 2884 τὰς
2721 2817 2951 2892 καρδίας
2973 2819 3081 2874 τῶν
3115 2819 3307 2875 ἐθνῶν.

375 2917 462 2974 75.
493 2917 691 2973 Gentes
728 2915 968 2972 fructum
997 2916 1247 2987 iustitiae.

2055 2911 2145 2966 75.
2187 2911 2269 2964 Τὰ
2293 2911 2420 2983 ἔθνη
2450 2911 2663 2984 καρπὸν
2688 2912 3056 2980 δικαιοσύνης.

373 3008 461 3062 76.
487 3006 720 3064 Fideles.

2060 3002 2148 3056 76.
2189 3003 2328 3067 Τοὺς
2358 3002 2604 3067 πιστούς.

377 3101 465 3155 77.
492 3098 557 3154 Ει
583 3098 816 3153 liuniiles
841 3098 980 3153 inter
1007 3112 1124 3164 eos,
1147 3105 1201 3152 et
1218 3095 1380 3154 mites
1398 3111 1504 3152 non
1523 3096 1834 3153 contempsi

2107 3095 2155 3148 7.
2197 3096 2307 3149 Kal
2331 3097 2457 3160 τοὺς
2481 3097 2772 3162 ταπεινοὺς
2803 3097 3005 3164 αὐτῶν,
3029 3098 3122 3152 καὶ
3153 3098 3232 3170 (1)
3261 3101 3451 3172 πραεῖς
3472 3099 3569 3153 οὐκ

1989 3181 2363 3249 ὲξουδένωσεν.

386 3276 469 3333 78.
503 3276 742 3346 Populus
767 3272 1102 3330 Judaaorum.

2063 3274 2150 3330 78.
2181 3275 2240 3329 Ὀ
2272 3275 2399 3342 λαὸς
2427 3275 2536 3331 τῶν
2569 3278 2862 3334 Ἰουδαίων.

385 3367 465 3424 79.
491 3370 537 3421 Α
567 3366 918 3422 tribulatione
948 3364 1242 3428 malorum,
1262 3371 1316 3417 et
1346 3360 1577 3428 doloris,
1597 3376 1764 3432 quam
1798 3359 1848 3415 in

2108 3368 2150 3424 9.
2180 3369 2318 3422 Ἀπὸ
2361 3369 2594 3440 θλίψεως
2626 3372 2703 3442 (9.)
2758 3369 2944 3426 κακῶν
2983 3371 3079 3426 καὶ
3123 3373 3224 3445 τῆς
3263 3371 3449 3444 ὀδύνης
3473 3374 3571 3445 τῆς

309 3463 549 3521 tulerunt
578 3461 660 3516 eis
689 3466 894 3530 gentes,
922 3472 1045 3528 quae
1073 3456 1126 3510 in
1158 3470 1254 3512 eos
1284 3455 1582 3510 dominata:
1612 3462 1762 3510 sunt.

2110 3459 2288 3532 ιμένης
2303 3461 2487 3526 αὐτοῖς
2513 3462 2666 3534 παρὰ
2687 3462 2796 3516 τῶν
2824 3463 2994 3518 ἐθνῶν
3027 3464 3137 3518 τῶν
3175 3466 3573 3540 κυριεύσαντων

1991 3551 2212 3616 αύτούς.

383 3641 470 3697 80.
502 3640 841 3696 Judaeorum.

2059 3645 2148 3702 80.
2179 3645 2302 3700 Τῶν
2331 3646 2624 3702 Ἰουδαίων.
3314 3687 3323 3696 .

383 3735 472 3790 81.
519 3733 586 3787 Ει
633 3731 853 3788 demisit
895 3745 992 3786 eos
1031 3727 1286 3784 incedere
1328 3729 1387 3784 in
1438 3726 1846 3800 concupiscenti

2116 3751 2148 3793 ι.
2178 3738 2287 3792 Kal
2333 3738 2515 3792 εἴασεν
2564 3739 2763 3804 αὐτοὺς
2793 3743 2861 3812 τῇ
2892 3739 3159 3813 ἐπιθυμίᾳ
3191 3740 3302 3797 τῶν
3338 3740 3579 3813 καρδιῶν

311 3828 557 3884 cordium
593 3841 844 3881 suorum.

1989 3830 2167 3883 αὐτῶν
2194 3831 2268 3901 (5)
2294 3829 2642 3902 πορεύεσθαι.

381 3920 469 3974 82.
497 3918 764 3986 Ρονιιιυιη
797 3932 863 3970 ex
895 3915 1168 3987 gentibus.

2060 3920 2148 3976 sa.
2183 3920 2273 3992 Τῷ
2304 3921 2378 3992 (4)
2413 3917 2472 3986 ἐξ
2497 3907 2668 3976 leva»
2695 3922 2836 3995 λαῷ.

382 4011 469 4065 8'5.
502 4009 723 4063 Gentes.

2060 4013 2150 4067 85.
2181 4014 2261 4066 Τὰ
2289 4013 2439 4084 ἔθνη.

383 4103 472 4157 ει.
510 4102 723 4156 Sanctae
758 4099 986 4155 virtutes
1035 4097 1336 4170 gaudentes
1367 4097 1728 4154 clamabunt:
1759 4097 1846 4154 Gtc

2116 4105 2150 4160 ι.
2186 4106 2250 4158 Αἱ
2285 4104 2437 4176 ἅγιαι
2466 4105 2725 4177 δυνάμεις
2758 4107 3081 4180 χαιρόμεναι
3112 4106 3350 4179 βοήσωσι
3375 4123 3389 4138 ⁸
3418 4106 3579 4171 Δόξα

309 4194 392 4248 ria
423 4195 475 4247 ἱιι
501 4193 783 4249 altissimis
811 4191 939 4255 Deo,
973 4201 1021 4246 et
1052 4194 1107 4246 in
1142 4201 1283 4247 terra
1311 4209 1418 4263 pax
1443 4193 1508 4261 ³⁸,
1546 4205 1652 4248 etc.

2112 4199 2369 4266 iga-[atate
2408 4198 2529 4266 Θεῷ
2556 4198 2654 4253 καί
2685 4200 2784 4254 ἐπὶ
2830 4198 2943 4270 γῆς
2982 4198 3193 4269 εἰρήνη
3221 4200 3320 4270 (5),
3349 4199 3443 4254 καὶ
3503 4199 3575 4252 τὰ

1995 4288 2144 4350 ἑξῆς.
3169 4289 3172 4292 ’

383 4371 470 4425 85.
504 4369 570 4424 Et
603 4369 785 4424 omnis
818 4371 1100 4424 contraria
1147 4377 1392 4440 potestas
1437 4369 1662 4426 confusa
1712 4378 1840 4424 cont

2112 4381 2149 4433 5.
2201 4380 2312 4432 Kal
2366 4383 2514 4435 πᾶσα
2561 4383 2782 4439 ἐναντία
2833 4381 3063 4454 δύναμις
3117 4382 3575 4454 καταισχυνθετσα

307 4471 489 4520 cescet
511 4478 635 4516 cum
661 4476 757 4516 sua
785 4460 1052 4516 doctrina.

1995 4472 2261 4524 παύσεται
2293 4473 2430 4543 μετὰ
2454 4475 2552 4545 τῆς
2577 4475 2796 4546 διδαχῆς
2826 4475 3004 4529 αὐτῶν
3039 4474 3139 4540 (6).

381 4554 472 4618 86,
520 4555 610 4609 87.
659 4551 782 4609 Non
825 4553 995 4610 dicit:
1029 4554 1164 4622 Quis
1198 4554 1417 4624 sapiens
1449 4555 1615 4624 hujus
1647 4553 1835 4607 mundi

2110 4561 2148 4626 3,
2185 4562 2274 4616 87.
2311 4563 2388 4617 Ού
2421 4565 2601 4632 λέγει’
2633 4565 2728 4628 Τίς
2759 4565 2920 4635 σοφὸς
2961 4565 3054 4618 τοῦ
3102 4567 3305 4637 κόσμου
3335 4565 3530 4618 τούτου
3557 4582 3573 4628 ;

306 4650 400 4704 scd
432 4647 558 4721 quis
593 4649 832 4717 repletus
865 4648 1130 4718 sapientia
1154 4648 1498 4711 abscondita,
1550 4657 1610 4702 ut
1643 4662 1767 4700 men

2112 4663 2126 4706 ι
2145 4654 2246 4724 τῆς
2263 4655 2762 4728 ἀποκεκρυμμένης
2781 4657 2970 4728 σοφίας
2991 4657 3075 4722 τίς
3093 4656 3575 4729 ἐμπεπλησμένος,

309 4752 464 4810 suam
524 4737 770 4790 advertat
800 4736 866 4791 ad
898 4752 990 4805 ea,
1025 4751 1148 4807 quae
1189 4736 1282 4792 hic
1323 4737 1467 4792 dicta
1502 4746 1666 4800 sunt,
1702 4745 1757 4791 et

2117 4744 2323 4818 πρόσχῃ
2354 4749 2420 4818 τῇ
2455 4747 2663 4818 διανοίᾳ
2689 4745 2874 4821 [πρὸς]
2905 4747 3077 4802 ταῦτα
3101 4750 3171 4803 τὰ
3197 4747 3460 4821 εἰρημένα
3489 4747 3580 4799 ὲν-

309 4836 530 4901 gnoscat
585 4828 996 4885 misericordias
1036 4827 1256 4885 Domini
1292 4830 1611 4895 immensas,
1643 4836 1698 4882 et
1731 4827 1772 4882 ir

2116 4835 2187 4900 la,
2218 4838 2311 4890 καὶ
2342 4838 2549 4910 ὲπιγνῷ
2575 4839 2643 4892 τὰ
2668 4839 2792 4911 ὲλέη
2822 4839 2916 4896 τοῦ
2953 4841 3159 4895 Κυοίου
3187 4840 3256 4894 τὰ
3289 4839 3579 4908 aptantes

308 4922 586 4994 stigabiles
607 4921 630 4976 2
1377 5003 1382 5008 ,

1377 5003 1382 5008 ζ
1998 4928 2090 4980 καὶ
2119 4928 2530 5002 ἀνεξιχνίαστα;

416 5103 460 5137 ⁸⁸
492 5103 624 5159 Luc.
653 5101 832 5170 tt,-ﬂ.

1268 5257 1578 5320 Addenda
1621 5265 1681 5319 et
1711 5272 2083 5335 corrigenda
2130 5276 2209 5321 ex
2245 5259 2386 5321 cod.
2420 5259 2623 5324 Vatic.

387 5425 464 5497 (ί)
503 5424 801 5497 ’[α-πεινοὺς
829 5423 906 5494 τῷ
931 5420 1227 5497 πνεύματι3
1255 5387 1372 5482 καί,
1408 5430 1538 5497 etc._
2067 5425 2142 5497 (4)
2179 5425 2269 5497 Τῷ
2298 5425 2413 5497 λαῷ
2441 5426 2550 5480 τῶν
2580 5426 2641 5492 ἐξ
2671 5427 2858 5482 ἐθνων.

389 5493 466 5634 (2)
497 5493 758 5562 Θλίψεων,
795 5489 924 5557 θιοζ,
958 5489 1369 5565 κυριευσάντων
1399 5489 1598 5544 αὐτῶν.
2067 5489 2142 5634 (5)
2169 5489 2395 5583 Εἰρήνη.
2429 5500 2487 5552 ὲν
2510 5489 2818 5569 ἀνθρώποις
2846 5499 3084 5557 εὐδοκία.

389 5563 446 5632 (5
495 5561 654 5617 Deest
684 5577 903 5632 Αφλᾳα.
2090 5567 2142 5634 6)
2171 5567 2369 5634 Δυτης.

389 5561 464 5634 (5)
495 5561 654 5617 Deest
684 5577 903 5632 Αφλᾳα.
1031 5561 1046 5565 ⁷

1031 5561 1046 5565 ⁷
2067 5561 2142 5638 (6)
2171 5561 2368 5638 Δύτῆς.
