1853 3242
114 155 175 183 Ηῑῦ

142 257 166 283 1.
184 256 294 291 Ἐτοιμη
308 257 325 291 ἡ
338 256 434 292 καρδία
450 265 511 291 μου,
524 258 538 283 ὀ
549 257 623 289 Θεὸς,
639 258 733 293 ἑτοίμη
746 258 809 293 (aM
823 266 890 293 καρ-

112 302 148 328 δία
166 311 215 336 μου
225 311 232 317 ·

160 367 165 372 .
186 347 304 382 Ἀσομαι
317 346 364 373 καὶ
379 346 456 381 ψαλῶ
473 346 501 372 ὲν
515 348 547 382 τῇ
565 346 628 383 δόξῃ
640 355 702 382 μου.

159 412 165 418 .
189 391 371 427 Ἐξεγέρθητι,
386 393 402 428 ἡ
420 392 482 425 δόξα
499 400 563 427 μου·

159 456 168 465 .
188 437 372 473 Ἐξεγέρθητι,
385 437 532 473 ψαλτήριον
545 438 591 465 καὶ
605 437 719 473 κιθάρα*

160 503 167 510 .
189 483 417 519 Ἐξεγερθήσομαι
430 483 478 519 ὀρθ
483 492 540 517 ρον.

159 547 166 554 .
185 527 431 563 Ἐξομολογήσομαί
448 536 488 554 σοι
504 528 534 554 ἐν
546 527 631 561 λαοῖς,
646 528 730 563 Κύριε
740 538 746 543 ·

143 575 166 600 7.
181 574 265 600 Ψαλῶ
279 582 320 600 σοι
332 575 361 600 ὲν
373 573 487 601 ἔθνεσιν.

142 621 166 646 8.
184 619 244 646 ’Ὁτι
263 619 333 654 μέγα
352 619 444 646 ἐπάνω
460 619 514 646 τῶν
529 620 652 656 οὐρανῶν
676 620 706 647 τὸ
730 620 802 651 ἔλεός
821 628 867 645 σου

141 665 165 692 9.
181 665 235 691 Καὶ
247 665 299 697 ἕως
312 664 365 692 τῶν
380 664 526 701 νεφελῶνὴ
542 665 653 701 ἀλήθειά
668 674 724 692 σου.

142 712 182 738 10.
202 711 340 747 ’Υψώθητι
357 711 402 738 ἐπὶ
416 711 478 743 τοὺς
493 712 633 747 οὐρανοὺς,
649 712 663 738 ὁ
674 711 755 742 Θεόςο

142 761 183 788 11.
203 761 258 788 Kal.
272 760 319 787 ἐπὶ
330 760 420 786 πᾶσαν
439 759 488 794 τὴν
503 760 554 794 γῆν
569 760 586 794 ἡ
602 758 664 792 δόξα
688 767 743 785 σου.

142 808 183 834 12.
200 808 294 838 Ὅπως
309 806 342 833 ἂν
358 806 492 841 ρυσθῶσιν
507 807 531 832 οἱ
547 805 682 840 ἀγαπητοί
699 813 744 831 σου

142 854 183 881 13.
201 853 291 880 Σῶσον
307 854 340 888 τῇ
356 852 431 888 δεξιᾷ
447 860 493 878 σου
504 872 511 884 ,
529 852 575 879 καὶ
590 851 741 879 ὲπάκουσόν
756 859 816 886 μου.

142 900 183 927 11.
202 899 231 925 ’0
247 898 313 930 Θεδς
328 898 456 934 ἐλάλησεν
473 898 501 924 ὲν
514 897 552 933 τῷ
565 897 633 933 ἁγίῳ
649 896 731 924 αὐτοῦ
741 905 748 912 ·

142 944 182 971 15.
205 943 418 980 ’Υψωθήσωμαι,
435 943 482 969 καὶ
497 943 629 979 διαμεριῶ
643 943 757 978 Σίκιμα·

141 347 157 373 2

141 392 157 418 5

142 437 157 464 ι

142 484 157 510 5

142 527 157 553 6

141 1001 178 1036 (α)
194 1000 272 1029 Vers.
288 1001 316 1034 2,
336 1001 457 1037 Ἑτοίμη.
469 1007 535 1035 etc.,
551 1001 614 1038 δόξῃ
631 1010 693 1037 μου.

559 155 605 182 DE
624 155 761 183 TlTULlS
779 140 1045 185 PSALMORUM.I‘—
1055 158 1151 187 PSAL.
1168 157 1251 188 CVII.

117 211 180 246 ’ῼδὴ
210 211 332 245 ψαλμὸς
355 210 500 247 [ψαλμοῦ]
520 210 560 243 τῷ
581 211 678 238 Δαϐἱδ.
710 213 796 239 ΨΑΛ.
823 213 888 239 PZ'.
906 216 929 245 Α

1654 161 1722 189 1151

1034 214 1174 242 Canticum
1193 215 1288 250 psalmi
1307 214 1401 242 David.
1422 214 1519 242 PSAL.
1534 215 1626 242 CVII.

980 259 1003 285 1.
1015 258 1141 287 Paratum
1154 268 1201 287 cor
1213 268 1314 292 meum,
1327 260 1409 292 Deus,
1421 267 1544 296 paratum
1558 270 1604 289 cor
1616 270 1719 289 meum:

977 347 1004 373 2.
1022 343 1142 375 Cantabo
1152 353 1183 375 et
1197 348 1309 383 psallam
1324 349 1350 376 in
1364 349 1448 384 gloria
1464 358 1534 378 mea.

976 392 1004 422 5.
1019 393 1148 430 Exsurge.
1162 395 1247 429 gloria
1266 403 1325 422 mea
1341 403 1349 421 :

976 439 1004 466 4.
1022 438 1152 475 Exsurge,
1168 440 1326 475 psalterium
1341 446 1368 469 et
1380 441 1483 469 cithara
1498 450 1505 468 ε

975 486 1003 512 5.
1021 485 1171 522 Exsurgam
1186 487 1315 515 diluculo.

976 530 1003 558 6.
1018 531 1171 560 Conﬁtebor
1187 533 1234 560 tibi
1245 533 1273 561 in
1288 534 1406 569 populis,
1419 534 1551 562 Domine:

977 577 993 603 7
1019 577 1051 605 Et
1067 579 1178 613 psallam
1191 580 1238 607 tibi
1251 580 1278 607 in
1292 580 1458 609 nationibus.

976 623 1001 650 8.
1016 623 1084 657 Quia
1100 633 1197 660 magna
1212 629 1254 654 est
1267 634 1348 661 super
1361 627 1444 655 cmlos
1458 627 1642 656 misericordia
1655 632 1716 656 tua:

975 670 1001 696 9.
1017 670 1048 696 Et
1064 678 1149 706 usque
1163 672 1197 699 ad
1213 672 1299 700 nubes
1314 673 1413 701 veritas
1430 676 1485 700 tua.

976 715 1009 741 10
1032 715 1156 744 Exaltare
1170 724 1252 752 super
1266 718 1367 750 cmlos,
1383 718 1454 746 Deus
1468 728 1475 744 :

977 760 1020 788 11.
1037 761 1068 788 Et
1082 770 1163 797 super
1178 771 1285 791 omnem
1301 768 1399 791 terram
1416 764 1500 799 gloria
1517 768 1572 792 tua.

976 806 1017 833 12.
1037 806 1072 834 Ut
1088 807 1235 841 liberentur
1250 809 1340 836 dilecti
1354 809 1391 837 tui
1404 817 1411 835 :

977 851 1019 879 15.
1039 852 1149 880 Salvum
1165 855 1207 881 fac
1218 854 1327 882 dextera
1343 859 1399 888 tua,
1414 860 1441 882 et
1454 856 1552 882 exaudi
1565 863 1617 883 me.

978 897 1019 924 L1.
1038 898 1109 926 Deus
1125 900 1235 927 loculus
1249 903 1291 928 est
1307 900 1333 927 iu
1350 905 1444 928 sancto
1459 909 1510 929 suo
1526 909 1533 926 ε

977 943 1020 970 15.
1038 944 1193 978 Exaltabor,
1206 950 1232 973 et
1246 946 1363 973 dividam
1378 945 1526 974 Sichimam
1539 956 1546 960 ·

661 1076 849 1105 ATHANASII
871 1076 1163 1104 INTERPRETATIO.

145 1157 177 1183 Ἦ
191 1156 358 1193 προκειμένη
375 1155 515 1191 ἐπιγραφὴ
540 1155 663 1192 περιέχει
677 1155 716 1190 (1)
727 1163 735 1170 ·
764 1155 833 1190 ’ῼδὴ
848 1154 969 1189 ψαλμοῦ
984 1153 1023 1187 τῷ
1035 1154 1133 1188 Δαεὶδ,
1146 1155 1215 1190 ὅπερ
1226 1154 1406 1189 ἑρμηνεύεται
1420 1155 1451 1181 ea
1463 1154 1539 1191 ᾆσμα
1550 1155 1596 1182 τοῦ
1609 1133 1716 1191 ψαλμοῦ

109 1202 145 1235 τῷ
158 1203 248 1237 luam;
267 1203 304 1238 τῇ
317 1204 405 1238 χειρί,
418 1203 540 1230 τουτέστι
553 1203 592 1238 τῷ
607 1202 664 1238 Υἱῷ
680 1203 727 1230 τοῦ
747 1203 813 1230 Θεοῦ
831 1203 879 1239 (2).

141 1262 246 1290 Titulus
257 1261 420 1296 praepositus
432 1261 554 1289 continet
568 1270 575 1288 :
588 1260 728 1288 Canticum
743 1262 840 1296 psalmi
854 1261 949 1291 David,
967 1260 1040 1295 quod
1053 1260 1255 1293 interpretatur,
1272 1259 1415 1287 Canticum
1433 1261 1529 1295 psalmi
1548 1268 1625 1288 manu
1638 1263 1716 1297 forti.

108 1308 157 1335 hoc
170 1312 213 1335 est
226 1307 273 1334 Dei
291 1306 370 1334 Filio.

140 1367 165 1393 1.
181 1366 228 1398 Εἰς
239 1365 270 1392 τὸ
286 1363 443 1397 δοξάζεσθαι
459 1365 497 1400 (5)
511 1364 559 1401 τὴν
578 1365 657 1401 χάριν
672 1375 729 1392 σου.

138 1411 165 1438 2.
183 1412 228 1438 Ἐν
241 1410 400 1445 ἀγαλλιάσει
414 1410 465 1445 τῆς
480 1411 591 1446 χάριτός
607 1420 652 1438 σου
668 1410 746 1446 ψαλῶ
762 1411 810 1446 (4).

140 1455 166 1482 5.
179 1454 255 1481 Ἐλθὲ
268 1455 297 1481 ὲν
313 1456 346 1490 τῇ
361 1454 464 1489 διανοίᾳ
478 1463 539 1489 μου,
551 1456 565 1482 ὁ
579 1455 645 1487 Θεός

140 1501 165 1528 4.
182 1501 238 1528 Καὶ
250 1501 405 1528 διανίστασο
418 1501 457 1536 (6)
472 1502 502 1528 τὸ
519 1502 627 1538 πνεῦμά
644 1510 695 1537 μου
714 1502 763 1529 σὺν
780 1503 814 1537 τῇ
829 1502 887 1529 δια-

107 1546 164 1582 νοίᾳ
178 1554 240 1582 μου.

141 1574 166 1619 Si.
176 1564 260 1619 50m
269 1592 390 1629 φωτίσῃς
402 1601 436 1627 με
445 1592 490 1620 διὰ
499 1592 547 1629 τῆς
555 1592 665 1628 χάριτός
678 1602 733 1627 σου,
742 1593 801 1620 τότε
814 1593 889 1629 ὲξερ-
901 1564 922 1592 C

107 1635 219 1672 θήσομαι
236 1637 275 1672 (7)
296 1638 329 1673 τῇ
343 1637 452 1673 καρδίᾳ.

139 1682 165 1709 6.
180 1683 340 1719 Ἀνυμνήσω
354 1691 384 1709 σε
398 1683 427 1709 ὲν
439 1683 523 1715 λαοῖς,
537 1683 634 1719 Κύριε.

139 1728 165 1755 7.
181 1728 290 1761 Δοξάσω
306 1737 335 1755 σε
357 1730 387 1756 ὲν
405 1731 460 1761 τοῖς
473 1730 585 1756 ἔθνεσιν.

139 1775 165 1802 8.
182 1774 334 1811 Διηγοῦμεν
350 1775 388 1810 (8)
404 1776 495 1807 πᾶσιν,
513 1776 554 1802 ὅτι
568 1775 651 1807 πολὺς
661 1775 676 1801 ὁ
689 1776 783 1811 μισθὸς
795 1777 809 1802 ὁ
821 1777 889 1803 ἁπο-

106 1819 229 1855 κεὶμενος
241 1822 298 1852 τοῖς
312 1820 440 1853 ἀγαπῶσι
455 1829 496 1847 σε.

138 1865 164 1893 9.
182 1866 236 1893 Καὶ
262 1867 279 1902 ἡ
303 1866 454 1900 ἐπαγγελία
469 1866 523 1893 τῶν
545 1866 694 1902 μελλόντων
713 1865 821 1900 ἀγαθῶν
838 1866 889 1898 ἕως

103 1910 157 1938 τῶν
172 1911 258 1946 ἁγίων
273 1911 312 1946 (9)
325 1911 380 1938 τῶν
394 1912 603 1948 κεχωρισμένων
616 1912 648 1938 ὲκ
660 1912 709 1947 τῆς
724 1911 785 1946 γῆς.

137 1957 180 1985 10.
199 1958 383 1994 Ἀναλήφθητι
396 1959 441 1985 ἐπὶ
456 1960 519 1990 τοὺς
535 1959 665 1994 οὐρανοὺς
675 1979 682 1990 ,
696 1958 710 1984 ό
724 1958 800 1990 Θεός.

138 2003 181 2031 11.
200 2004 257 2030 Καὶ
270 2004 316 2030 ἐπὶ
332 2004 419 2031 πάντα
429 2004 462 2031 τὰ
472 2004 536 2040 ἔθνη
550 2004 580 2031 τὸ
592 2005 721 2040 κήρυγμα
736 2003 789 2031 τῶν
803 2004 890 2040 παθη-

103 2050 196 2084 μάτων
214 2059 261 2077 σου
282 2050 349 2086 (ιο).

136 2097 179 2125 12.
195 2097 229 2123 Οἱ
242 2097 414 2129 πιστεύοντες
428 2097 467 2128 είς
482 2096 522 2123 σέ.

135 2142 180 2169 13.
199 2142 370 2169 Ἐπάκουσὸν
393 2151 454 2178 μου,
469 2142 516 2169 καὶ
530 2142 615 2168 σῶσον
626 2143 659 2177 τῆ
677 2142 749 2178 ίσχὺἳ
764 2151 822 2168 σου.

135 2188 180 2215 14.
199 2187 302 2214 Λοιπὸν
319 2188 333 2214 ὀ
346 2187 412 2218 Θεὸς
432 2187 517 2221 Λόγος
533 2187 707 2222 ἀποκρίνεται
721 2186 765 2212 διὰ
781 2185 827 2212 τοῦ
842 2195 888 2221 χο-

101 2233 147 2268 ροῦ
161 2234 221 2261 τῶν
235 2233 382 2269 προφητῶν
394 2242 402 2248 ·

134 2281 178 2307 15.
194 2281 279 2307 Ὅταν
298 2279 446 2315 σταυρωθῶ
459 2300 467 2311 ,
490 2279 551 2307 τότε
575 2279 678 2310 πάντας
699 2279 762 2310 τοὺς
779 2278 891 2309 πιστοὺς

98 2325 208 2353 ἑλκύσω
226 2325 295 2360 πρὸς
311 2325 439 2360 ἐμαυτόν.
463 2326 568 2360 Σίκιμα
591 2326 644 2361 γὰρ
665 2324 843 2360 ἑρμηνεύεται
870 2325 888 2357 ἡ

95 2371 310 2399 ἀναϐαίνουσα
321 2392 328 2403 ,
356 2371 494 2398 τουτέστιν
507 2372 524 2406 ἡ
548 2371 577 2403 ἐξ
593 2370 675 2397 ἐθνῶν
690 2370 854 2406 Ἐκκλησία·
872 2370 888 2405 ἢ

96 2418 178 2444 πάλιν
200 2419 218 2453 ἡ
236 2416 357 2444 ποθοῦσα
370 2416 443 2452 ψυχὴ
455 2416 501 2442 τὸν
513 2415 630 2451 Κύριον·
645 2416 754 2452 χωρίζει
769 2415 822 2451 γὰρ
834 2414 889 2451 (11)

95 2463 126 2490 ἐκ
141 2463 191 2490 τοῦ
210 2462 334 2496 κόσμου’
352 2461 369 2497 ἢ
394 2461 475 2487 πάλιν
496 2461 569 2488 ἔστιν
586 2461 673 2493 ἄλλως
694 2460 829 2495 θεωρῆσαι
843 2459 888 2485 τὸν

94 2508 198 2544 Κύριον
214 2507 346 2541 λέγοντα,
360 2506 402 2532 ὃτι
418 2506 502 2531 Ὅταν
513 2505 670 2541 σταυρωθῶ,
682 2505 716 2532 τὰ
731 2503 888 2540 χαρίσματά

95 2562 145 2586 μου
158 2551 318 2589 διαμερίσω
330 2551 386 2582 τοῖς
403 2550 574 2577 πιστεύουσιν
588 2551 628 2583 εἰς
642 2552 702 2586 ἐμέ.

976 1356 1000 1384 1,
1017 1356 1056 1383 Ad
1073 1355 1273 1391 gloriﬁcandam
1290 1355 1403 1391 gratiam
1418 1361 1502 1383 tuam.

958 1402 1001 1428 ~2.
1016 1402 1044 1429 In
1061 1402 1241 1429 exsultatione
1257 1403 1350 1437 gratia:
1367 1407 1419 1429 tua:
1436 1403 1559 1437 pSnllam.

974 1448 1000 1474 5.
1017 1447 1083 1475 Veni
1098 1448 1126 1475 in
1143 1453 1261 1475 mentem
1275 1455 1374 1479 meam.
1390 1447 1460 1475 Deus

974 1495 1000 1522 1.
1016 1493 1047 1521 Et
1062 1501 1183 1529 assurge,
1200 1494 1312 1529 spiritus
1328 1501 1405 1521 meus
1418 1501 1479 1521 cum
1498 1498 1588 1520 mente
1605 1501 1673 1520 mea.

974 1585 1002 1612 5.
1012 1585 1079 1612 Cum
1095 1584 1261 1612 illuminabis
1274 1591 1317 1611 mc
1329 1583 1415 1619 gratia
1426 1587 1484 1617 tua,
1494 1587 1559 1612 tunc
1573 1590 1718 1618 exsurgant

938 1631 1030 1658 corde.

974 1675 1000 1702 6.
1016 1675 1145 1703 Laudabo
1161 1679 1186 1703 te
1199 1675 1226 1702 in
1241 1675 1359 1710 populis,
1374 1674 1496 1702 Domine.

974 1722 1000 1748 7.
1013 1721 1174 1749 Glorilicabo
1186 1726 1211 1749 te
1229 1722 1254 1748 in
1271 1721 1405 1756 gentibus.

974 1768 1001 1795 8.
1016 1768 1193 1795 Narrabimus
1209 1767 1355 1799 omnibus,
1371 1766 1501 1802 quoniam
1516 1767 1600 1793 multa
1615 1773 1719 1794 merces

939 1813 1056 1847 reposita
1074 1817 1115 1840 cst
1130 1813 1303 1848 diligentibus
1318 1816 1353 1839 te.

974 1860 1000 1886 9.
1017 1859 1050 1886 Et
1067 1859 1211 1894 promissio
1240 1858 1393 1885 futurorum
1417 1858 1551 1885 bonorum
1572 1865 1661 1893 usque
1684 1857 1720 1886 ad

939 1909 1058 1937 sanctos,
1071 1904 1118 1939 qui
1132 1903 1248 1938 separati
1264 1906 1328 1930 sunt
1342 1910 1357 1929 a
1371 1907 1452 1929 terra.

974 1950 1018 1978 10.
1035 1949 1157 1977 Asccude
1172 1957 1252 1985 super
1267 1949 1361 1982 caalos,
1375 1948 1456 1976 Deus.

975 1997 1019 2024 11.
1030 1996 1063 2024 Et
1076 2004 1158 2031 super
1168 2003 1265 2023 omnes
1279 2000 1373 2031 gentes
1388 1995 1546 2030 praedicatio
1560 1995 1721 2029 passionum

940 2048 1059 2070 tuarum.

975 2088 1018 2117 12.
1035 2088 1181 2116 Credentes
1194 2089 1222 2115 in
1237 2092 1273 2115 te.

976 2134 1019 2161 15.
1034 2133 1137 2161 Exaudi
1152 2140 1206 2165 me,
1221 2138 1247 2160 et
1263 2132 1336 2159 salva
1353 2132 1509 2159 fortitudine
1521 2136 1578 2158 tua.

976 2179 1018 2205 11.
1037 2178 1138 2206 Deinde
1156 2177 1226 2205 Deus
1241 2177 1359 2205 Verbum
1379 2175 1524 2211 respondet
1543 2183 1591 2210 per
1606 2176 1720 2203 chorum

906 2232 928 2259 ι)
940 2225 1134 2260 prophetarum
1153 2233 1159 2249 :

974 2271 1018 2297 15.
1041 2270 1110 2297 Cum
1130 2269 1278 2296 cruciﬁxus
1302 2268 1395 2300 inero,
1422 2272 1487 2295 tunc
1507 2275 1602 2296 omnes
1627 2267 1720 2294 ﬁdeles

939 2317 1044 2344 traham
1065 2316 1097 2342 ad
1115 2322 1158 2342 me
1174 2314 1273 2349 ipsum.
1299 2313 1416 2341 Sic/rima
1432 2314 1504 2341 enim
1529 2314 1721 2348 interpretatur

938 2363 1089 2391 ascendens.
1113 2361 1164 2388 hoc
1183 2366 1225 2388 est
1238 2359 1357 2387 Ecclesia
1373 2367 1404 2386 ex
1422 2360 1563 2395 gentibus;
1584 2364 1631 2387 aut
1641 2359 1719 2386 aliter

939 2409 1029 2436 anima
1057 2407 1215 2435 desiderans
1248 2405 1409 2438 Dominum,
1445 2406 1547 2433 secedit
1580 2406 1652 2433 enim
1685 2405 1718 2432 de

941 2455 1059 2487 mundo;
1075 2457 1121 2480 aut
1142 2452 1240 2479 iterum
1261 2452 1314 2479 alio
1333 2452 1414 2479 modo
1427 2451 1570 2487 allegorice
1590 2450 1717 2485 explicari

940 2501 999 2529 haec
1018 2504 1133 2535 possunt
1152 2500 1184 2527 de
1206 2499 1320 2527 Domino
1342 2499 1448 2527 dicente
1467 2499 1556 2526 :Cum
1574 2497 1720 2525 cruciﬁxus

940 2547 1028 2580 fuero,
1038 2546 1156 2574 dividam
1169 2546 1239 2574 dona
1256 2553 1314 2573 mea
1331 2545 1502 2573 credentibus
1520 2544 1546 2571 in
1561 2552 1613 2571 me.

576 2627 729 2658 Addenda
750 2630 780 2657 et
793 2623 982 2664 corrigenda
998 2632 1037 2654 ex
1052 2623 1123 2654 cod.
1141 2623 1243 2653 Vatic.

128 2695 167 2727 (1)
188 2695 224 2721 Ἡ
237 2692 282 2720 διὰ
295 2692 345 2727 τῆς
361 2691 542 2727 κινναϐάρεως
558 2689 689 2725 περιέχει,

127 2730 166 2767 (2)
189 2728 262 2767 Θγε-οὖ
276 2727 397 2767 εἴρηται.

127 2763 165 2800 (5)
179 2763 332 2800 Δέξασθαι.

126 2796 166 2836 (4)
186 2798 284 2836 ψἰιξῷ
303 2804 357 2824 non
378 2796 484 2836 legitur.

126 2803 155 2836 (4
191 2803 284 2827 Ψιιλω
303 2804 357 2824 non
379 2803 484 2831 legitur.

126 2803 166 2872 (5)
183 2833 292 2870 Καρδίᾳ
309 2840 373 2866 μου,
387 2833 400 2858 ὸ
412 2831 476 2862 Θεός
492 2839 552 2865 μου.

127 2875 166 2907 (ὕ)
180 2872 375 2902 Διαναστήσω.

1022 2687 1259 2727 ’βξεγερῦἡτῖομαλ

974 2722 1012 2756 (8)
1029 2722 1217 2756 Διηγοὺμενος.

972 2757 1011 2791 (9)
1034 2757 1132 2789 Ἀγίων
1150 2764 1205 2781 σου.

974 2792 1030 2825 (10)
1046 2790 1179 2825 Μαθητῶν
1197 2798 1252 2815 σου.

974 2827 1030 2862 (Η)
1047 2828 1103 2862 Γὰρ
1116 2825 1209 2859 αὐτήν.
