3748 6282
243 257 383 312 1153

315 379 401 432 16.
437 375 505 432 Et
531 377 829 434 convallem
862 376 1332 432 tabernaculorum
1361 376 1631 434 dimetiar.

316 469 404 522 1-7.
429 468 580 522 Meus
612 465 948 532 est'Galaad,
977 474 1030 520 et
1058 480 1210 522 meus
1239 475 1322 520 est
1345 464 1623 523 Manasses
1654 482 1668 518 :

319 560 405 614 18.
437 559 505 614 Et
529 559 784 630 prraim
808 559 1079 628 susceptio
1110 558 1304 629 capitis
1335 558 1442 614 mei
1475 574 1492 612 :

320 652 408 708 19.
431 651 472 706 ~J
478 652 608 706 udas
639 665 732 704 rex
766 663 940 706 meus.

319 743 410 798 20.
437 740 593 795 Moab
618 739 764 796 lebes
791 739 904 810 spei
935 753 1068 794 mea:
1096 756 1114 794 :

319 835 412 890 2t.
446 833 504 887 ln
535 833 827 887 ldumaam
857 831 1097 902 injiciam
1127 830 1459 904 [extendam]
1487 831 1817 888 calceamen-

253 933 366 978 tum
399 937 579 978 meum
605 940 620 977 Σ

318 1016 411 1070 22.
444 1015 576 1070 Mihi
607 1015 922 1086 alienigenae
948 1013 1151 1071 subditi
1183 1013 1309 1070 facti
1341 1023 1488 1070 sunt.

320 1107 410 1162 25.
438 1105 574 1174 Quis
599 1107 824 1162 deducet
848 1121 935 1162 me
958 1106 1013 1161 in
1039 1107 1310 1162 civitatem
1340 1104 1642 1162 munitam?

321 1197 413 1254 24.
437 1199 546 1252 Aut
570 1197 691 1268 quis
721 1198 951 1253 deducet
975 1213 1063 1253 me
1093 1213 1268 1269 usque
1295 1199 1351 1252 in
1384 1194 1712 1252 ldummam?

323 1291 415 1345 25.
444 1289 632 1345 Nonne
657 1299 735 1357 tu,
766 1289 929 1356 Deus,
958 1291 1048 1361 qui
1085 1290 1330 1361 repulisti
1355 1289 1491 1344 nos?

323 1382 414 1438 26.
447 1382 514 1438 Et
557 1396 669 1438 non
694 1382 892 1446 exibis,
926 1381 1091 1447 Deus,
1123 1383 1177 1437 in
1207 1382 1500 1437 virtutibus
1542 1376 1788 1436 nostris!

326 1586 417 1640 27.
451 1583 526 1639 Da
557 1583 716 1640 nobis
741 1582 1000 1638 auxilium
1027 1581 1094 1636 de
1127 1581 1482 1637 tribulatione
1508 1594 1522 1633 :

329 1678 418 1733 28.
452 1677 589 1745 Quia
620 1691 759 1733 vana
790 1676 940 1733 salus
967 1675 1228 1731 hominis.

1064 255 1120 310 s.
1157 253 1529 310 ATHANASII
1566 214 1719 310 ore:
1750 253 1936 310 rans
1971 251 2058 308 ιιι.
2099 280 2169 292 -
2202 249 2613 308 EXEGETICA.

3323 247 3482 305 “36

1834 391 1880 444 Α
1978 377 2063 433 16.
2099 377 2207 431 Kal
2246 377 2344 449 τὴν
2377 375 2595 430 κοιλάδα
2629 373 2737 428 τῶν
2767 370 2980 444 σκηνῶν
3013 371 3386 445 διαμετρήσω.

1984 471 2070 525 17.
2110 469 2270 540 Ἐμός
2302 471 2416 522 ἑστι
2444 467 2657 522 Γαλαὰδ
2677 509 2692 535 ,
2718 468 2810 520 καὶ
2839 466 2968 537 ἑμός
2992 466 3108 519 ἑστι
3140 466 3444 538 Μανασσῆς
3467 479 3494 497 ο

1982 563 2069 618 18.
2095 561 2203 615 Καὶ
2237 559 2472 632 Ἐφραῒμ
2505 558 2787 629 ἀντίληψις
2812 559 2908 630 τῆς
2936 557 3177 628 κεφαλῆς
3209 575 3310 629 μου
3330 574 3348 592 .

1983 651 2070 706 19.
2113 649 2310 712 Ἰούδας
2339 647 2590 718 βασιλεύς
2622 664 2743 718 μου.

1981 744 2070 799 20.
2105 743 2279 798 Μωά6
2309 741 2473 812 λέδης
2500 741 2600 813 τῆς
2633 739 2845 804 ἐλπίδος
2880 756 3010 811 μουο
3209 761 3212 766 ·

1983 835 2075 888 21.
2118 834 2240 887 Ἐπὶ
2264 831 2360 905 τὴν
2376 871 2378 874 μ
2397 832 2696 902 Ἰδουμαίαν
2717 829 2958 885 ἐπιϐαλῶ
2981 829 3232 902 [ἐκτενῶ]
3263 829 3325 883 τὸ
3353 829 3498 884 ὑπό-

1913 927 2062 998 δημά
2089 942 2190 997 μου
2212 941 2226 954 ·

1985 1021 2075 1074 22.
2109 1017 2264 1090 Ἐμοὶ
2292 1018 2572 1089 ἀλλόφυλοι
2607 1017 2976 1090 ὑπετάγησαν.

1987 1113 2077 1168 23.
2109 1113 2205 1177 Τίς
2235 1109 2430 1176 ἀπάξει
2460 1128 2528 1182 με
2557 1112 2637 1174 είς
2667 1109 2818 1163 πόλιν
2849 1109 3139 1182 περιοχῆς;

1988 1206 2078 1260 24.
2113 1207 2183 1257 Ἢ
2209 1205 2292 1269 τίς
2324 1203 2576 1275 ὁδηγήσει
2612 1220 2677 1274 με
2703 1203 2808 1266 ἑως
2834 1200 2932 1274 τῆς
2962 1201 3294 1274 Ἰδουμαίαςς

1988 1301 2078 1355 25.
2112 1300 2244 1371 Οὐχὶ
2273 1299 2361 1362 σὺ,
2393 1301 2422 1352 6
2445 1298 2577 1362 Θεὸς
2606 1301 2634 1352 6
2667 1297 3026 1368 ἀπωσάμενος
3055 1298 3238 1370 ήμᾶς;

1991 1392 2083 1446 26.
2113 1392 2222 1446 Kal
2253 1391 2354 1444 οὐκ
2386 1389 2664 1464 ἑξελεύστι,
2709 1391 2738 1442 ό
2768 1390 2921 1455 Θεὸς,
2965 1391 3023 1444 ἑν
3051 1395 3171 1454 ταῖς
3197 1389 3496 1462 δυνάμεσιν

1921 1485 2120 1557 ἠμῶνς

1993 1573 2082 1627 27.
2114 1573 2213 1636 Δὸς
2243 1573 2375 1644 ἡμῖν
2405 1570 2654 1644 βοήθειαν
2685 1570 2750 1624 ἑκ
2781 1569 3013 1640 Θλίψεως
3034 1585 3050 1600 ·

1996 1665 2086 1720 28.
2115 1666 2225 1718 Kal
2260 1664 2468 1736 ματαία
2494 1663 2735 1736 σωτηρία
2763 1661 3074 1736 ἀνθρώπου.

1376 1821 1753 1880 ATHANAS"
1785 1818 2375 1878 INTERPRETATIO.

341 1987 425 2044 16.
455 1987 524 2044 Et
562 2001 659 2044 cor
699 1987 938 2056 seipsum
962 1982 1257 2038 bumilians
1286 1980 1624 2047 inhabitabo,
1647 1987 1703 2035 et
1736 1978 1820 2033 in-
1853 1980 1870 2042 1

1999 1976 2086 2032 16.
2119 1977 2231 2031 Kal
2255 1976 2355 2048 τὴν
2391 1975 2618 2048 καρδίαν
2645 1975 2742 2048 την
2773 1971 3135 2031 ταπεινοῦσαν
3173 1975 3376 2050 ἑαυτὴν
3417 1978 3500 2052 (1)

265 2082 575 2139 ambulabo.

337 2175 426 2229 17.
469 2173 676 2228 Galaad
725 2171 1110 2241 interpretatur
1143 2167 1444 2238 peregrinus
1488 2181 1506 2219 :
1552 2160 1828 2218 Manasses

267 2265 652 2334 interpretatur
689 2261 904 2316 oblitus.
930 2259 1081 2315 Meus
1111 2259 1275 2329 igitur
1302 2265 1405 2322 est,
1440 2255 1636 2326 inquit,
1673 2254 1768 2324 qui
1797 2269 1827 2308 a

267 2368 488 2430 peccato
524 2355 756 2428 fugiens,
797 2363 850 2411 et
881 2353 1199 2426 peregrinus
1231 2351 1408 2407 factus
1463 2350 1603 2420 apud
1637 2364 1744 2414 me,
1779 2355 1833 2402 et

269 2449 466 2506 oblitus
524 2457 610 2504 est
673 2446 1095 2519 pracedentium
1163 2457 1386 2499 suarum
1458 2440 1832 2512 improbarum

267 2540 566 2596 actionum.

346 2630 435 2686 18.
462 2629 720 2700 Ephraim
775 2628 1160 2698 interpretatur
1218 2625 1536 2681 consolator.
1598 2622 1835 2694 Spiritus

263 2731 492 2780 sanctus
516 2721 856 2788 Consolator,
887 2720 983 2786 ait,
1016 2719 1293 2790 susceptio
1325 2717 1506 2774 cordis
1532 2717 1636 2772 mei
1665 2724 1769 2772 est.

343 2903 430 2957 19.
473 2901 541 2957 Et
583 2900 754 2958 Filius
799 2900 895 2956 Dei
937 2917 1033 2956 rex
1080 2914 1276 2956 meus:
1315 2897 1662 2955 manifestum
1691 2900 1838 2956 enim

271 3003 378 3062 est,
418 2993 587 3049 Deum
624 2992 861 3049 Verbum
903 3008 970 3048 ex
998 2992 1196 3048 Judaeis
1227 2998 1408 3046 ortum
1440 2982 1593 3058 esse:
1624 2992 1838 3062 quando

275 3088 391 3157 ipse
423 3085 600 3142 factus
622 3095 707 3142 est
735 3101 863 3140 caro
889 3101 955 3140 ex
987 3083 1226 3154 Virgine.

345 3176 435 3232 20.
471 3175 529 3232 In
562 3176 1017 3247 quinquagesimo
1062 3190 1207 3231 nono
1239 3175 1451 3245 psalmo
1494 3175 1640 3230 hunc
1680 3190 1839 3230 eum-

275 3271 399 3325 dem
431 3283 647 3324 versum
688 3268 924 3339 positum
955 3267 1196 3324 invenies
1221 3306 1238 3334 ,
1280 3267 1634 3340 eamdemque
1671 3269 1836 3324 inter-

277 3360 658 3432 pretationem.

347 3451 436 3506 21.
469 3450 710 3506 Idumam
746 3449 1134 3521 interpretatur
1161 3450 1409 3521 deﬁciens
1433 3467 1453 3506 :
1485 3450 1540 3507 in
1573 3450 1837 3507 mundum

278 3544 445 3616 igitur
467 3543 802 3600 deiicientem
829 3543 1121 3614 ingrediar.
1162 3588 1178 3613 ,

347 3721 438 3778 22.
480 3721 748 3794 Αιιοριυιε
796 3722 1022 3794 (Latine
1067 3723 1420 3796 alienigenae)
1455 3724 1845 3794 interpretatur

279 3815 522 3869 cadentes
565 3823 692 3884 potu
717 3830 736 3868 :
765 3825 950 3886 gentes
980 3817 1172 3886 igitur,
1207 3833 1329 3888 qua:
1355 3818 1506 3886 prius
1537 3817 1848 3873 ceciderant

280 3913 498 3975 propter
523 3911 709 3975 potum
739 3904 967 3973 peccati,
990 3906 1218 3960 subditae
1242 3905 1401 3961 facta
1431 3914 1561 3962 sunt
1588 3906 1724 3961 mihi
1750 3921 1847 3977 per

279 3993 464 4052 ﬁdem.

353 4085 444 4140 23.
481 4084 614 4151 Quis
641 4083 871 4140 deducet
897 4099 984 4138 me
1005 4085 1059 4138 in
1093 4101 1383 4156 supernam
1411 4085 1778 4144 Hierusalem?

352 4173 442 4228 24.
473 4173 557 4226 Ad
582 4169 898 4241 Idumazam,
929 4173 1178 4230 videlicet
1207 4175 1274 4231 ad
1300 4175 1600 4232 Ecclesiam
1627 4193 1694 4234 ex
1719 4194 1850 4250 gen-

283 4266 450 4331 tibus,
482 4274 636 4321 antea
669 4265 1025 4322 deﬁcientem.

351 4358 443 4414 25.
491 4356 681 4414 Nonne
721 4366 800 4422 tu,
844 4357 1018 4424 Deus,
1063 4358 1298 4416 deduces
1327 4375 1431 4417 nos
1461 4361 1530 4417 ad
1557 4376 1714 4432 eam,
1754 4365 1850 4433 qui

285 4451 438 4520 prius
468 4464 568 4506 nos
596 4449 884 4520 abiecisti?

354 4538 444 4593 26.
474 4537 594 4594 Non
622 4538 915 4609 egredieris
937 4546 998 4594 ut
1021 4554 1165 4596 unus
1192 4554 1404 4610 regum,
1428 4548 1522 4596 aut
1543 4540 1849 4612 principum

285 4641 598 4686 nostrorum
607 4669 622 4682 .

353 4719 445 4773 27.
478 4716 673 4772 Libera
703 4732 801 4772 nos
823 4732 853 4772 a
878 4726 1125 4787 peccato.

353 4807 446 4865 28.
477 4805 614 4863 Nam
638 4816 954 4864 cunctorum
985 4808 1270 4865 hominum
1298 4809 1537 4880 potentia
1570 4809 1772 4866 inanis.

1929 2071 2213 2142 ἑνοικήσω,
2244 2071 2339 2123 καὶ
2365 2069 2816 2143 ἑμπεριπατήσω.

2001 2162 2087 2216 17.
2128 2160 2376 2216 Γαλαὰδ
2408 2161 2770 2234 ἑρμηνεύεται
2806 2161 3116 2232 μέτοικοςο
3161 2163 3503 2234 Μανασσῆς

1931 2250 2289 2325 ἑρμηνεύεται
2304 2247 3037 2324 ἐπιλανθανόμενος.Ἐμὸς
3056 2245 3150 2307 οὖν
3167 2255 3304 2321 ἑστι,
3323 2253 3500 2324 λέγει,

1931 2347 1960 2399 6
1990 2345 2097 2399 ἀπὸ
2117 2345 2216 2417 τῆς
2247 2345 2519 2416 ἁμαρτίας
2544 2344 2778 2414 φεύγων,
2809 2346 2903 2398 καὶ
2935 2347 3182 2417 μέτοικος
3209 2349 3504 2420 γενόμενος

1932 2438 2060 2508 παρ’
2087 2437 2211 2507 ἐμοὶ
2236 2476 2253 2502 ,
2286 2436 2381 2489 καὶ
2409 2436 2466 2500 ὃς
2502 2438 2616 2489 ἑστι
2641 2435 3029 2507 λανθανόμενος
3059 2437 3134 2508 (2)
3168 2438 3277 2493 τῶν
3304 2441 3506 2512 προτέ-

1937 2544 2042 2599 ρων
2075 2525 2239 2581 αὐτοῦ
2268 2527 2521 2598 πονηρῶν
2553 2527 2820 2598 πράξεων.

2005 2618 2091 2674 18.
2109 2617 2348 2687 Ἐφραῒμ
2374 2617 2730 2690 ἑρμηνεύεται
2747 2619 3145 2689 παράκλητος.
3177 2621 3403 2694 Πνεῦμα
3420 2623 3506 2695 (3)

1932 2710 1995 2764 τὸ
2022 2710 2206 2780 ἅγιον,
2241 2709 2427 2778 λέγει,
2459 2712 2811 2784 Παράκλητος
2843 2713 3124 2786 ἀντίληψις
3149 2715 3247 2786 τῆς
3274 2716 3506 2788 καρδίας

1939 2815 2063 2869 μου.

2008 2889 2094 2945 19.
2115 2891 2225 2944 Kal
2253 2891 2421 2957 όΥίὸς
2438 2891 2530 2946 τοῦ
2549 2891 2683 2946 Θεοῦ
2707 2893 2956 2964 βασιλεύς
2979 2913 3081 2966 μου
3098 2913 3111 2927 °
3127 2896 3283 2968 δῆλον
3305 2897 3508 2971 γὰρμ)

1937 2981 1997 3049 ἑξ
2023 2983 2291 3038 Ἰουδαίων
2321 2983 2650 3041 ἀνέσταλκεν
2682 2985 2709 3040 6
2751 2987 2883 3052 Θεὸς
2910 2989 3114 3059 Λόγος,
3167 2992 3294 3047 ὅταν
3342 2994 3511 3060 αὐτὸς

1937 3075 2129 3146 γέγονε
2164 3075 2298 3147 σὰρξ
2325 3078 2389 3130 ἑκ
2413 3077 2514 3148 τῆς
2538 3079 2835 3150 Παρθένου.

2007 3167 2094 3223 20.
2127 3169 2215 3221 Ἐν
2246 3167 2326 3239 τῷ
2375 3170 2726 3242 πεντηκοστῷ
2766 3171 2941 3244 ἐνάτῳ
2981 3172 3180 3248 ψαλμῷ
3218 3176 3309 3232 τὸν
3345 3179 3514 3234 αὐτὸν

1942 3260 2122 3332 στίχον
2159 3261 2411 3333 εὑρήσεις
2437 3262 2754 3335 ἐγκείμενον
2776 3306 2792 3331 ,
2824 3267 2918 3320 καὶ
2945 3267 3043 3340 τὴν
3081 3270 3378 3342 ἑρμηνείαν
3408 3275 3511 3328 αύ-

1939 3353 2039 3423 τήν
2071 3352 2170 3424 (5).

2009 3443 2100 3498 21.
2131 3444 2432 3515 Ἰδουμαιά
2464 3448 2824 3519 ἑρμηνεύεται
2852 3449 3221 3508 ἐκλείπουσα
3239 3470 3253 3485 ⁸
3293 3456 3386 3510 ἑπὶ
3408 3456 3514 3529 τὴν

1942 3533 2261 3608 οἰκουμένην
2275 3531 2366 3590 οὖν
2378 3536 2476 3610 τὴν
2496 3537 2852 3594 ἐκλείπουσαν
2869 3542 3160 3616 ποιήσομαι
3174 3545 3271 3614 τὴν
3286 3545 3516 3618 πορείαν

1946 3640 2070 3694 μου.

2012 3713 2104 3770 22.
2125 3716 2476 3787 Ἀλλόφυλοι
2497 3720 2856 3792 ἑρμηνεύεται
2888 3723 2963 3795 (6)
2993 3727 3313 3798 πίπτοντες
3330 3735 3517 3801 ποτή-

1939 3825 2107 3878 ματιο
2132 3809 2201 3864 τὰ
2234 3809 2357 3882 ἔθνη
2385 3808 2480 3867 οὖν
2506 3814 2572 3867 τὰ
2598 3814 2862 3888 πρότερον
2893 3817 3157 3874 πίπτοντα
3184 3822 3272 3876 διὰ
3295 3824 3391 3878 τοῦ
3417 3827 3516 3880 πό-

1950 3915 2117 3969 ματος
2136 3899 2236 3969 τῆς
2255 3901 2526 3972 ἁμαρτίας
2547 3903 2896 3978 ὑπετάγησαν
2921 3925 3010 3979 μοι
3031 3908 3118 3964 διὰ
3137 3911 3235 3984 τῆς
3255 3914 3515 3981 πίστεως.

2017 4071 2110 4127 25.
2138 4073 2233 4137 Τίς
2259 4074 2533 4145 ἀπαγάγει
2554 4077 2633 4148 (7)
2659 4096 2727 4149 με
2751 4082 2832 4144 εἰς
2859 4083 2957 4153 τὴν
2984 4085 3094 4139 ἀνω
3124 4086 3512 4162 Ἱερουσαλήμς

2018 4162 2108 4219 24.
2147 4164 2304 4233 Πρὸς
2338 4165 2412 4238 (8)
2446 4168 2560 4238 τὴν
2587 4171 2942 4242 Ἰδουμαίαν,
2971 4177 3135 4247 ἢγουν
3166 4181 3300 4252 πρὸς
3325 4183 3424 4255 τὴν
3455 4185 3518 4251 ἑξ

1950 4253 2118 4308 ἐθνῶν
2147 4255 2471 4329 Ἐκκλησίαν
2499 4259 2595 4332 τὴν
2631 4261 2690 4315 τὸ
2719 4265 2980 4336 πρότερον
3013 4253 3388 4329 ἐκλείπουσαν.

2019 4348 2109 4404 25.
2142 4351 2274 4422 Οὐχὶ
2303 4351 2367 4405 σὺ
2406 4352 2553 4425 ἡμᾶς
2579 4353 2607 4405 ό
2655 4353 2786 4419 Θεὸς
2837 4357 3122 4429 όδηγήσεις
3172 4364 3308 4433 πρὸς
3344 4366 3517 4438 αὐτὴν

1951 4440 1981 4492 6
2003 4439 2064 4494 τὸ
2091 4441 2165 4512 (9)
2192 4444 2454 4514 πρότερον
2479 4445 2627 4514 ἡμᾶς
2658 4445 2967 4518 ἀπορρίψας
2991 4471 3005 4513 ,

2021 4531 2109 4587 26.
2146 4535 2258 4587 υὺκ
2288 4533 2541 4607 ἑξελεύση
2565 4535 2678 4608 (10)
2705 4537 2780 4602 ὡς
2802 4533 2882 4603 εἷς
2913 4540 3022 4594 τῶν
3048 4542 3308 4613 βασιλέων
3341 4547 3376 4618 ἢ
3407 4549 3516 4603 τῶν

1953 4626 2225 4697 ἀρχόντων
2258 4625 2434 4696 ἡμῶν.

1877 4686 1923 4743 D
1952 4686 2110 4797 -Δ-
2143 4686 2430 4790 Λύτρωσαι
2462 4719 2610 4790 ἡμᾶς
2635 4720 2742 4775 ἀπὸ
2766 4723 2865 4794 τῆς
2887 4724 3179 4797 ἁμαρτίας.

1952 4791 1997 4812 “’
2023 4811 2113 4866 28.
2151 4812 2375 4870 Πάντων
2402 4813 2507 4885 γὰρ
2540 4813 2650 4869 τῶν
2686 4791 3049 4893 ἀνθρώπωνῆ
3084 4821 3194 4893 (ill
3231 4822 3515 4880 δυναστεία

1960 4903 2185 4974 ματαία.

1225 5057 1533 5121 Addenda
1569 5065 1630 5121 et
1659 5057 2032 5138 corrigenda
2061 5077 2138 5123 ex
2167 5060 2309 5124 cod.
2347 5063 2543 5128 Vatic.

459 5176 577 5250 Τὴν
606 5177 868 5250 ταπεινὴν
894 5175 1059 5234 οὖσαν
1087 5180 1305 5250 ἑαυτήν,
1333 5189 1438 5236 etc.

374 5247 431 5321 2)
458 5248 626 5321 l_(_al_6
659 5247 1163 5321 ἐπιλανθανόμενος.

378 5317 433 5390 ἵε)
572 5318 816 5390 Πνεῦμα,
864 5316 998 5382 θιαξ
1023 5321 1083 5374 τὸ
1117 5319 1494 5390 Παράκλητον.

353 5385 430 5455 (4)
456 5385 588 5457 Γάρ,
614 5388 694 5441 ὃτι
722 5385 785 5454 ἑξ
820 5390 988 5444 Ἰούδα
1012 5385 1379 5446 ἀνατέταλκεν
1400 5394 1428 5445 6
1446 5391 1597 5457 Θεὸς,
1626 5400 1756 5451 etc..
1784 5394 1849 5447 ἑκ

353 5403 430 5455 (4)
458 5403 476 5436 I
497 5403 588 5508 ag,
614 5403 694 5441 οτι
727 5403 785 5454 et;
825 5403 988 5444 Ἰουοα
1012 5403 1372 5446 ἀνατέταλκεν
1400 5403 1428 5445 6
1446 5403 1597 5457 Θεὸς,
1626 5403 1756 5451 etc..
1784 5403 1846 5447 ἑκ

279 5457 531 5536 «aenae
568 5455 693 5536 έϊοῖ
719 5460 938 5536 Μαρίας
981 5461 1212 5536 Maii!
1244 5463 1516 5536 ἡμετέραν
1551 5463 1846 5536 σωτηρίως

282 5525 635 5654 Κέἓέὶᾶύτοῦ
678 5525 938 5596 λέγουσαν
984 5531 1112 5604 περὶ
1152 5525 1565 5607 τῆςἮαρθένου
1610 5525 1716 5586 καῖ’
1753 5531 1847 5586 τοῦ

335 5613 508 5650 υοιου.

352 5667 431 5741 (6)
464 5667 886 5742 Ἐρμηνεύονται
919 5671 1211 5740 πίπτοντες
1262 5673 1552 5746 πτώματα,
1587 5684 1716 5742 etc.,
1758 5673 1844 5728 διὰ

1956 5185 2056 5257 τοῦ,
2073 5184 2379 5257 πτώματος,
2412 5196 2521 5247 etc.

2026 5256 2105 5326 (7)
2131 5256 2382 5326 Ἀπάγει.

2026 5327 2192 5413 (8)21
2222 5329 2305 5413 τίς
2325 5329 2595 5413 όδηγήσει.
2613 5348 2684 5413 με
2699 5330 2796 5413 τὸν
2819 5333 2944 5413 λαὸν
2963 5333 3071 5413 τῶν
3091 5336 3357 5393 Ἰουδαίων
3383 5340 3520 5413 πρὸς

2026 5348 2102 5398 (ο)
2146 5348 2192 5380 ιι
2222 5348 2305 5391 τις
2325 5348 2576 5400 οοηγησει
2659 5348 2684 5384 ε
2707 5348 2796 5386 τον
2820 5348 2944 5389 Λαον
2963 5348 3071 5392 των
3093 5348 3236 5392 Ἰουδι

1952 5396 2051 5469 τὴν
2103 5397 2422 5521 Ἐκκλησίαν
2454 5402 2551 5473 τὴν
2579 5348 2856 5471 ἑξὲθνῶν,
2884 5406 2984 5478 τὴν
3009 5408 3092 5477 τό,
3132 5417 3236 5465 etc.

2026 5468 2101 5535 (9)
2139 5470 2207 5522 Συ
2240 5487 2269 5520 τ
2307 5509 2320 5532 ,
2355 5481 2458 5525 etc.

2179 5489 2207 5522 υ
2240 5487 2320 5532 το,
2355 5487 2458 5525 etc.

2167 5541 2275 5610 Kal
2304 5541 2402 5594 οὐκ
2429 5541 2719 5610 ἐξελεύσει.

2026 5609 2138 5680 (11)
2181 5609 2250 5666 Ἠ
2266 5611 2434 5668 deest.
