3748 6282
172 267 306 322 1141
1100 261 1192 317 βε
1227 261 1503 318 TITULIS
1538 258 1986 317 PSALMOIIUM.
2021 289 2090 301 —-
2127 255 2319 312 PSAL.
2359 253 2541 312 CVIII.
3284 254 3426 312 1142

239 380 329 438 51.
365 379 477 434 Καὶ
500 377 822 444 κατεδίωξεν
848 378 1137 450 ἄνθρωπον
1159 380 1369 450 πένητα
1395 379 1491 432 καὶ⁸
1514 377 1719 448 πτωχὸν

1939 373 2018 430 51.
2049 372 2114 427 Et
2143 379 2463 444 persecutus
2494 379 2578 427 est
2612 369 2890 426 hominem
2919 370 3134 442 inopem
3162 377 3218 426 et
3265 385 3419 425 men-

1855 467 2061 533 dicum,

240 555 330 609 39..
363 553 473 606 Καὶ
492 551 964 621 κατανενυγμὲνον
987 552 1053 622 τῇ
1081 550 1280 622 καρδίᾳ
1304 550 1398 603 τοῦ
1422 548 1720 603 θανατῶσαι

1623 548 1750 602 ὅσαι.
1893 629 1896 633 λ
1931 559 2019 614 52.
2055 559 2120 612 Et
2147 565 2537 626 compunctum
2567 555 2732 610 corde
2757 555 3103 610 mortiﬁcare.

241 647 334 702 55.
363 645 475 698 Καὶ
499 642 757 714 ἠγάπησε
792 643 1061 714 κατάραν,
1085 644 1180 697 καὶ
1211 642 1330 714 ἥξει
1350 641 1496 713 αὑτῷ
1513 658 1528 673 .

1925 651 2014 706 33.
2047 650 2111 704 Et
2140 649 2328 704 dilexit
2357 647 2820 712 maledictionem,
2851 655 2906 702 et
2927 647 3106 702 veniet
3128 647 3176 701 ei
3202 665 3214 701 :

241 738 332 792 54.
362 738 474 791 Καὶ
501 737 604 790 οὐκ
632 735 902 807 ἠθέλησεν
928 734 1180 804 εὐλογίαν
1205 773 1220 799 ,
1256 736 1352 788 καὶ
1386 733 1721 806 μακρυνθήσε

1945 742 2020 799 54.
2046 742 2113 797 Et
2133 742 2310 798 noluit
2327 739 2782 804 benedictionem,
2812 748 2866 795 et
2886 739 3226 810 elongabitur
3251 739 3319 793 ab
3341 753 3425 794 eo.

173 846 264 881 ται
293 829 389 880 ἀπ’
421 826 610 880 αὐτοῦ.

248 920 335 974 35.
371 921 483 974 Kal
519 919 812 973 ἐνεδύσατο
838 919 1085 992 κατάραν
1105 919 1181 983 ὡς
1204 918 1416 990 ἱμάτιον
1437 934 1450 948 ο

1946 923 2018 978 55.
2051 922 2118 976 Et
2147 921 2327 977 induit
2360 920 2796 976 maledictionem
2841 920 2982 976 sicut
3007 919 3426 975 vestimentum:

246 1009 337 1065 56.
371 1009 483 1063 Καὶ
507 1007 761 1078 εἰσῆλθεν
791 1007 922 1061 ὡσεὶ
967 1007 1110 1079 ὕδωρ
1143 1010 1224 1071 είς
1249 1007 1321 1060 τὰ
1345 1006 1550 1076 ἔγκατα
1571 1003 1726 1059 αὐτοῐ

1930 1013 2018 1069 56.
2052 1013 2117 1068 Et
2146 1013 2369 1068 intravit
2402 1012 2546 1068 sicut
2569 1028 2711 1083 aqua
2741 1010 2796 1067 in
2829 1011 3085 1067 interiora
3117 1011 3269 1083 ejus:

248 1103 338 1156 37.
367 1103 477 1154 Kal.
500 1101 632 1154 ὡσεὶ
663 1100 846 1154 ἔλαιον
874 1102 932 1153 ὲν
960 1104 1074 1164 τοῖς
1097 1100 1311 1163 ὀστέοις
1337 1097 1522 1154 αὐτοῦ.

1932 1105 2024 1160 57.
2058 1104 2126 1159 Ει
2150 1105 2295 1160 sicut
2327 1105 2508 1160 oleum
2537 1105 2592 1159 in
2627 1104 2846 1158 ossibus
2879 1103 3015 1174 ejus.

255 1193 345 1249 38.
379 1193 669 1264 Γενηθήτω
703 1193 851 1264 αὐτῷ
873 1193 948 1256 ὡς
981 1192 1194 1264 ἱμάτιον
1220 1192 1249 1245 ὅ
1279 1191 1682 1263 πριὸἀλλεται·

1935 1197 2024 1252 58.
2061 1196 2181 1252 Fiat
2211 1198 2261 1252 ei
2288 1197 2430 1254 sicut
2459 1197 2848 1253 vestimentum
2884 1213 2994 1266 quo
3018 1197 3296 1266 operitur:

253 1285 342 1341 59.
385 1283 490 1338 Καὶ
523 1284 655 1338 ὡσεὶ
682 1282 826 1355 ζώνη
855 1286 922 1355 ἢν
943 1284 1233 1348 διαπαντὸς
1260 1284 1676 1356 περιζώννυται.

1937 1288 2028 1343 59.
2068 1287 2135 1342 Ει
2160 1289 2302 1344 sicut
2332 1305 2473 1344 zona
2500 1305 2609 1359 qua
2635 1304 2850 1360 semper
2875 1289 3242 1360 praecingitur.

253 1375 344 1430 40.
380 1375 550 1430 Τοῦτο
573 1376 637 1429 τὸ
665 1376 825 1447 ἔργον
848 1376 956 1430 τῶν
1001 1376 1453 1431 ὲνδιαϐαλλόντων
1500 1394 1567 1448 με
1619 1387 1730 1447 παρ

1954 1379 2029 1433 ιο.
2062 1377 2177 1435 Hoc
2227 1396 2366 1451 opus
2396 1396 2608 1446 eorum,
2641 1381 2734 1451 qui
2773 1381 3068 1437 detrahunt
3113 1380 3249 1435 mihi
3294 1377 3434 1450 apud

187 1465 412 1538 Κδρὶου,

1869 1469 2182 1532 Dominum,

255 1557 345 1612 41.
402 1557 508 1612 Καὶ
559 1558 668 1613 τῶν
712 1557 1019 1614 λαλούντων
1072 1560 1286 1632 πονηρὰ
1339 1560 1478 1614 κατὰ
1532 1561 1632 1632 τῆς
1670 1560 1735 1631 ψν

1956 1560 2030 1615 ll.
2069 1557 2136 1613 Et
2184 1559 2278 1630 qui
2336 1558 2639 1631 loquuntur
2695 1563 2839 1618 mala
2887 1561 3149 1619 adversus
3199 1543 3436 1616 animam

329 1667 452 1721 μου·

1875 1667 2070 1708 meam.
2331 1697 2333 1702 .

261 1742 351 1798 42.
375 1741 480 1794 Καὶ
501 1743 588 1806 σὺ,
615 1740 787 1814 Κύριε
804 1741 1002 1814 Κύριε,
1021 1743 1246 1814 ποίησον
1280 1746 1394 1815 μετ’
1412 1743 1546 1816 ἐμοῦ
1579 1743 1741 1816 [ἕλεος

1963 1743 2026 1798 l2.
2059 1743 2125 1798 Et
2149 1752 2226 1808 tu,
2264 1745 2494 1801 Domine
2536 1743 2786 1812 Domine,
2821 1745 2908 1802 fac
2934 1747 3170 1801 'mecum
3207 1742 3443 1798 [miseri-

191 1834 376 1887 ινεκεν
407 1832 502 1886 τοῦ
542 1834 805 1905 ὀνόματός
832 1851 947 1887 σου·

1877 1835 2142 1908 cordiam]
2173 1845 2391 1907 prOpter
2426 1851 2623 1893 nomen
2666 1847 2851 1912 tuum:

262 1927 354 1981 45.
389 1928 514 1981 Ὅτι
541 1927 776 1999 χρηστὸν
811 1927 872 1981 τὸ
897 1927 1042 1991 ἔλεός
1077 1944 1168 1980 σου
1201 1926 1441 2000 [Κύριε].

1946 1925 2035 1980 45.
2065 1925 2205 1991 Quia
2235 1927 2422 1981 suavis
2446 1927 2819 1983 misericordia
2846 1937 2936 1982 tua
2973 1926 3247 2000 [Domine]

265 2018 353 2072 44.
392 2017 580 2071 Ῥῦσαί
615 2035 704 2089 με,
732 2019 812 2071 ὅτι
835 2020 1046 2089 πτωχὸς
1079 2018 1174 2072 κιλιῖ¹
1210 2017 1379 2090 πένης
1406 2016 1522 2090 εἰμὶ
1550 2016 1679 2087 ἐγώ·

1947 2017 2036 2070 44.
2071 2016 2263 2070 Libera
2288 2033 2373 2072 me
2399 2018 2525 2086 quia
2548 2033 2753 2089 egenus
2777 2026 2832 2072 et
2861 2034 3068 2088 pauper
3094 2033 3194 2087 ego
3221 2033 3372 2072 sum:

267 2109 358 2163 45.
395 2110 504 2162 Καὶ
540 2111 572 2182 ἡ
596 2109 794 2181 καρδία
823 2128 923 2181 μου
952 2109 1280 2180 τετάρακται
1307 2109 1458 2173 ἐντός
1492 2126 1592 2179 μου

1957 2109 2048 2164 45.
2077 2109 2143 2164 Et
2170 2125 2264 2165 cor
2297 2126 2476 2166 meum
2505 2111 2887 2166 conturbatum
2917 2120 3001 2166 est
3031 2110 3170 2165 intra
3201 2126 3302 2164 me.

265 2201 356 2255 46.
390 2203 533 2254 Ὠσεὶ
558 2202 684 2256 σκιὰ
709 2204 766 2257 ὲν
789 2203 866 2272 τῷ
895 2203 1139 2257 ἐκκλῖναι
1165 2201 1353 2274 αὐτὴν,
1389 2201 1745 2276 ἀντανῃρέθηπ

1947 2199 2035 2253 46.
2070 2197 2220 2254 Sicut
2249 2201 2440 2255 umbra
2468 2216 2592 2256 cum
2623 2200 2877 2268 declinat,
2917 2201 3131 2256 ablatus
3161 2215 3281 2256 sum
3311 2219 3323 2252 :

267 2293 356 2347 47.
399 2292 776 2364 Ἐξετινάχθην
805 2293 937 2346 ὡσεὶ
967 2292 1206 2364 ἀκρίδες.

1949 2289 2039 2345 47.
2071 2288 2138 2344 Et
2158 2305 2428 2347 excussus
2457 2307 2579 2348 sum
2610 2291 2752 2347 sicut
2778 2291 3020 2347 locustae.

1330 2465 1712 2522 ATHANASII
1751 2465 2339 2526 INTERPRETATIO.

275 2624 367 2679 51.
406 2623 519 2678 Καὶ
540 2619 832 2685 κατεδίωξε
859 2619 949 2674 τὸν
974 2619 1227 2674 πλούσιον
1255 2621 1348 2674 τὸν
1379 2620 1446 2675 δι’
1476 2621 1622 2694 ἡμᾶς
1645 2639 1755 2675 πτω

1976 2624 2049 2678 il.
2080 2621 2148 2678 Et
2188 2634 2514 2694 persecutus
2543 2637 2628 2683 est
2664 2624 2884 2682 divitem
2928 2632 3147 2698 propter
3191 2641 3292 2682 nos
3326 2642 3456 2697 pluo

200 2715 496 2786 χεύσαντα.
1043 2773 1052 2780 δ

1043 2773 1052 2780 δ
1884 2731 2068 2786 perem
2110 2716 2332 2773 factum.

277 2808 369 2863 32.
403 2807 508 2861 Τὸν
534 2807 708 2878 πρᾷον
737 2808 805 2878 τῇ
829 2805 1044 2879 καρδίᾳ.

993 2823 1044 2876 ᾳ.
1958 2809 2044 2863 32.
2084 2807 2263 2864 Mitem
2293 2809 2473 2864 corde.

277 2900 366 2954 55.
393 2898 502 2952 Καὶ
527 2900 560 2970 ἡ
591 2899 780 2968 ἀγάπη
808 2898 882 2968 (1)
923 2897 1173 2962 θάνατον,
1209 2897 1302 2950 καὶ
1327 2895 1447 2968 ἥξει
1476 2896 1681 2959 αὐτοῖς.

1554 2899 1681 2959 τοῖς.
1953 2899 2041 2953 55.
2080 2897 2145 2953 Et
2175 2899 2364 2954 dilexit
2394 2907 2648 2966 mortem,
2679 2910 2733 2956 et
2763 2900 2942 2955 veniet
2965 2901 3034 2955 ei.

278 2991 366 3047 54.
401 2991 512 3046 Καὶ
555 2991 657 3044 οὐκ
694 2989 928 3060 ἠθέλησε
962 2990 1060 3062 τὴν
1091 2987 1307 3044 αἰώνιον
1332 2987 1497 3061 ζωὴν,
1531 2988 1627 3041 καὶ
1653 2989 1758 3042 ἀπο

1830 3021 1856 3082 3
1957 2990 2046 3045 54.
2079 2989 2144 3046 Et
2167 2990 2342 3045 noluit
2370 2991 2535 3046 vitam
2559 3000 2839 3058 αξιοι-ηοω,
2860 3000 2914 3047 et
2939 2989 3114 3046 aberit
3135 2989 3204 3043 ab
3230 3004 3310 3042 eo.

209 3085 469 3154 στήσεται
494 3083 590 3136 ἀπ’
616 3081 802 3138 αὑτοῦ.

279 3175 370 3231 55.
396 3175 500 3228 Τὸν
530 3174 758 3228 θάνατον
780 3174 856 3238 ὡς
886 3174 1119 3245 ἱμάτιον.

1964 3175 2054 3230 35.
2082 3174 2308 3245 Mortem
2341 3186 2402 3229 ut
2428 3175 2827 3230 vestimentum.

282 3267 372 3322 56.
417 3267 660 3335 Πρηνὴς
686 3266 794 3337 γὰρ
821 3267 1140 3336 γενόμενος
1162 3263 1429 3330 ἐλάκησε
1450 3261 1662 3333 μέσος,
1690 3279 1762 3316 κα

1983 3269 2055 3323 56.
2093 3267 2158 3322 Et
2191 3285 2470 3338 suspensus
2518 3268 2716 3338 crepuit
2760 3267 2998 3331 medius,
3021 3275 3069 3320 et
3118 3263 3315 3333 diffusa
3345 3269 3463 3316 sunt

208 3360 472 3427 ἐξεχύθη
493 3357 689 3411 πάντα
721 3358 794 3410 τὰ
820 3355 1148 3426 σπλάγχνα
1180 3353 1386 3408 αὐτοῦ.

1040 3371 1148 3424 ινα
1180 3353 1386 3408 αὑτοῦ.
1900 3363 2075 3415 omnia
2100 3363 2297 3416 viscera
2319 3362 2430 3430 ejus
2455 3360 2520 3414 ⁸ο.

286 3452 375 3506 57.
409 3449 712 3522 Περιεχύθη
737 3451 764 3504 ὁ
787 3449 1012 3512 θάνατος
1047 3450 1105 3500 ὲν
1140 3450 1251 3510 τοῖς
1281 3445 1498 3517 μέλεσιν
1533 3443 1720 3498 αὑτοῦ.

1971 3452 2060 3508 37.
2094 3451 2512 3506 Circumdiﬂ'usa
2539 3459 2621 3506 est
2654 3465 2800 3505 mors
2830 3449 2885 3502 in
2910 3445 3170 3500 membris
3196 3443 3334 3513 ejus.

203 3575 212 3578 -
287 3543 376 3599 58.
418 3543 599 3597 Ἔστω
634 3542 748 3613 μετ’
790 3540 956 3596 αὑτοῦ
1001 3538 1089 3594 διὰ
1123 3538 1320 3603 παντὸς
1375 3540 1408 3609 ὴ
1441 3536 1516 3608 (2)
1552 3538 1683 3608 ἁμαρ

1989 3545 2063 3600 58.
2093 3544 2174 3598 Sit
2218 3559 2343 3599 cum
2393 3544 2515 3613 ipso
2545 3558 2760 3613 semper
2800 3549 3079 3611 peccatum
3123 3534 3469 3593 circumdatis

215 3634 700 3708 περιπτυσσομένη
728 3633 911 3688 αὐτόν.
1905 3652 2052 3691 eum.

289 3730 380 3786 59.
410 3727 780 3800 Περισφίγγου
807 3727 883 3797 (5)
910 3725 1072 3780 αὑτὸν
1093 3724 1198 3778 ἀεί.

1981 3729 2070 3785 59.
2103 3729 2436 3799 Coaugustet
2455 3742 2580 3782 eum
2613 3741 2845 3796 semper.

289 3823 382 3881 40.
419 3821 590 3875 Τοῦτο
614 3821 856 3890 γενέσθω
883 3819 978 3872 ἐπὶ
1031 3819 1122 3871 τὸν
1165 3815 1407 3871 διάϐολον
1429 3815 1522 3868 καὶ
1551 3812 1678 3876 τοὺς
1703 3812 1769 3880 ἀγ

1908 3877 1922 3890 ,
1938 3822 2065 3893 χ40.
2087 3820 2202 3878 Hoc
2228 3822 2323 3876 ﬁat
2347 3829 2534 3877 contra
2555 3818 2832 3875 diabolum
2865 3825 2918 3871 et
2942 3812 3162 3885 angelos
3192 3811 3324 3882 ejus.

219 3917 415 3986 γὲλους
441 3913 625 3970 αὐτοῦ.

291 4008 386 4063 41.
411 4008 524 4062 Καὶ
561 4002 751 4078 [κατὰ]
780 4004 886 4058 τῶν
926 4000 1508 4070 ὲναντίων“δυνάμεων,
1535 3995 1642 4049 τῶν
1675 4011 1771 4065 cup

1998 4005 2043 4059 Η
2059 4043 2072 4058 .
2101 4001 2170 4057 Ει
2187 3998 2427 4075 [contra]
2442 3996 2786 4054 adversarias
2810 4001 3125 4066 potestates,
3148 4004 3269 4061 quae
3290 3989 3478 4044 ineunt

222 4097 627 4170 ϐουλευομένων
657 4093 952 4150 ἀπολέσθαι
985 4093 1059 4163 (4)
1089 4094 1187 4164 τὴν
1221 4090 1396 4161 ψυχήν
1431 4103 1553 4159 μου.

1541 4129 1553 4140 ·
1914 4100 2166 4163 consilia,
2197 4107 2254 4153 ut
2290 4096 2521 4167 perdant
2545 4095 2782 4148 animam
2814 4084 3011 4145 meam.

300 4191 388 4246 42.
412 4188 518 4244 Καὶ
540 4189 628 4255 σὺ,
663 4186 830 4258 Κύριε
861 4184 1051 4256 Κύριε,
1085 4185 1167 4236 ὅτι
1189 4183 1249 4235 τὸ
1278 4180 1450 4251 ὄνομά
1484 4196 1577 4231 σου
1621 4175 1778 4246 φιλάν

2000 4195 2072 4249 ιε.
2106 4192 2173 4247 Et
2203 4202 2280 4258 tu,
2301 4190 2526 4244 Domine
2555 4186 2802 4250 Domine,
2825 4181 3079 4253 quoniam
3102 4189 3301 4231 nomen
3327 4181 3480 4226 tuum

226 4287 448 4358 θρωπον
473 4281 687 4352 λέγεται
744 4279 838 4333 καὶ
866 4277 1037 4341 ἐστὶν,
1061 4273 1233 4336 οὕτως
1265 4273 1359 4327 καὶ
1411 4270 1634 4340 ποίησον
1693 4284 1706 4338 ι

1916 4286 2212 4356 benignum
2238 4282 2457 4345 dicitur,
2487 4286 2542 4334 et
2574 4286 2677 4342 est,
2707 4277 2779 4330 ita
2810 4273 2974 4327 etiam
3005 4270 3088 4324 [ac
3117 4279 3329 4323 mecum
3362 4283 3375 4318 :

225 4377 364 4438 δμοῦ
380 4394 394 4406 ⁸
1842 4383 1890 4438 Ῑ)

260 4397 392 4523 ⁸125.
419 4469 542 4520 Ὀτι
566 4463 768 4534 ἀγαθὸν
794 4461 854 4515 τὸ
873 4457 1020 4521 ἔλεός
1044 4475 1158 4511 σου.

1842 4397 1890 4438 υ
1987 4468 2081 4522 45.
2111 4463 2380 4532 Quoniam
2410 4459 2555 4514 bona
2587 4450 2960 4510 misericordia
2990 4457 3102 4504 tua.

302 4563 391 4616 44.
432 4559 623 4614 Ῥῦσαί
658 4575 748 4628 με,
793 4557 876 4608 ὅτι
908 4551 1122 4624 πτωχός
1149 4551 1286 4622 είμι,
1318 4548 1412 4602 καὶ
1464 4544 1632 4614 πένης
1663 4543 1722 4597 ὲν
1752 4558 1782 4595 τ

2006 4558 2080 4613 ιι.
2117 4555 2310 4611 Libera
2331 4567 2446 4620 me,_
2461 4548 2718 4620 quoniam
2744 4541 3028 4599 mendicus
3059 4547 3115 4595 et
3135 4550 3341 4610 pauper
3366 4548 3486 4592 sum

234 4656 382 4728 ἰσχύϊ
407 4655 506 4725 τῆς
527 4653 704 4723 ψυχῆς
739 4666 858 4720 μου.

1921 4653 1976 4710 in
2008 4649 2326 4706 fortitudine
2353 4645 2550 4701 animae
2577 4656 2725 4696 mea).

305 4722 396 4802 45.
428 4722 613 4817 Καὶνήί
631 4722 831 4814 καρδία
864 4757 965 4812 μου
987 4740 1043 4792 ὲν
1060 4736 1229 4806 ἀγῶνι
1260 4730 1437 4804 πολλῷ
1464 4729 1785 4799 καθέστηκεπ

1816 4744 1819 4754 ’
1994 4745 2084 4800 45.
2117 4743 2181 4797 Et
2207 4756 2301 4796 cor
2330 4753 2513 4793 meum
2543 4735 2597 4789 in
2622 4748 2796 4803 agone
2829 4727 3000 4784 multo
3027 4722 3296 4780 constitit:

306 4841 397 4896 46.
445 4812 844 4906 ’Ᾱσθενησασης
893 4830 1062 4901 αὐτῆς
1103 4829 1196 4882 καὶ
1249 4824 1574 4893 ὲκκλινάσης
1603 4818 1786 4892 [Ἂσθε

2014 4838 2083 4892 ιθ.
2115 4837 2294 4907 Ipsum
2321 4838 2501 4886 autem
2527 4827 2885 4889 inlirmatum,
2914 4827 2967 4877 et
2989 4818 3267 4888 delapsum
3299 4812 3353 4866 in
3375 4823 3494 4882 pee-

235 4935 481 5005 νήσασαν
519 4929 690 5000 αὐτὴν
718 4924 815 4979 καὶ
873 4919 1219 4992 ὲκκλίνασαν]
1261 4921 1341 4982 είς
1376 4913 1652 4986 ἁμαρτίαν
1689 4912 1715 4964 ὲ

1151 4919 1219 4992 ιν]
1261 4921 1341 4982 είς
1376 4913 1652 4986 ἁμαρτίαν
1689 4910 1817 4965 te”
1925 4944 2107 4990 catum
2133 4928 2294 4986 morti
2322 4923 2631 4989 tradidisti”

235 5027 486 5085 νὰτωσας
513 5020 612 5091 (5).

311 5119 401 5172 47.
430 5112 772 5185 Κατεῤῥίφην
815 5109 924 5164 ἀπὸ
950 5107 1060 5162 τῶν
1106 5103 1305 5176 ἀερίων
1353 5097 1675 5166 πνευμάτων
1711 5117 1715 5130 ι

2009 5113 2092 5169 l7.
2123 5108 2412 5179 Projectus
2432 5118 2552 5160 sum
2582 5101 2652 5157 ab
2674 5100 2834 5156 aeriis
2870 5092 3166 5150 immundis
3191 5085 3489 5160 spiritibus.

239 5210 590 5280 ἀκαθάρτων.

316 5331 362 5363 ιο
461 5347 468 5359 ι

393 5329 514 5382 ALL
543 5341 581 5392 ι’
613 5323 700 5377 18.
1200 5402 1507 5466 Addenda
1549 5405 1609 5463 et
1668 5412 1796 5461 corr

1200 5402 1507 5466 Addenda
1549 5405 1609 5463 et
1668 5390 2043 5470 corrigenda
2091 5403 2164 5449 ex
2219 5379 2587 5446 cod.Vatic.

1989 5539 2067 5606 (4)
2107 5532 2411 5606 Ἀπολέσαι.

322 5575 403 5680 I52
441 5567 779 5680 3m???”
808 5571 937 5624 ac”
973 5557 1138 5626 αὐτῷ.
1367 5608 1382 5624 χ
1989 5557 2078 5680 (ἓ)
2111 5557 2622 5676 ὢξῗτῗνσῖελαρτίαν
2652 5586 2985 5660 ὶθανατώθιι.

325 5644 403 5707 (2)
441 5641 512 5695 Ἡ
533 5639 694 5694 deest.

327 5704 406 5786 (5)
439 5710 544 5765 Καὶ
573 5704 1028 5781 περισιξίγγουσα,
1062 5707 1164 5754 etc.
