3748 6282
228 200 367 259 11ιῖ
1071 201 1128 256 S.
1166 201 1539 258 ATllANASll
1583 204 1733 260 OPP.
1775 203 1956 258 PARS
1989 203 2079 258 llr.
2119 231 2191 244 --
2229 202 2638 259 EXEGE'HCA.
3347 203 3529 260 iis"

298 321 386 375 4'8.
418 320 606 376 Genua
636 337 756 378 mea
784 323 1055 377 inlirmata
1087 334 1216 380 sunt
1245 342 1276 381 a
1301 326 1512 396 jejunio
1539 345 1551 381 :

1827 340 1869 392 Α
1968 327 2058 379 48.
2095 324 2177 378 Τὰ
2201 325 2406 393 γόνατὰ
2439 341 2540 396 μου
2563 322 2870 394 ἡσθένησαν
2899 321 3008 376 ἀπδ
3033 321 3307 392 νηστείας·

302 414 390 468 49.
426 414 490 469 Et
525 430 655 469 caro
685 431 801 470 mea
839 416 1128 471 immutata
1149 428 1229 473 est
1253 430 1473 488 propter
1501 421 1704 475 oleum.

1701 462 1704 469 .
1976 419 2064 472 49.
2097 415 2205 470 Καὶ
2233 419 2266 487 η
2297 416 2433 488 σάρξ
2467 431 2567 486 μου
2593 413 2856 486 ἠλλοιώθη
2885 414 2952 468 δι’
2984 413 3181 470 ἐλαιον.

301 505 386 558 50.
427 506 490 560 Et
516 521 616 576 ego
644 505 821 561 factus
849 523 972 562 sum
1004 509 1362 578 opprobrium
1388 510 1494 566 illis
1533 530 1548 564 :

1533 530 1548 564 ε
1978 507 2066 562 50.
2091 506 2257 576 Κάγὼ
2283 507 2552 578 ἐγενήθην
2571 505 2770 570 ὄνειδος
2791 506 2992 568 αὐτοῖς’

420 595 684 651 Viderunt
713 613 800 652 me
827 606 879 652 et
910 608 1198 654 moverunt
1225 602 1402 670 capita
1435 619 1555 658 sua.

1979 599 2066 654 51.
2097 597 2321 652 Εῐδοσάν
2351 615 2441 669 με,
2469 597 2765 651 ἐσάλευσαν
2783 597 3023 666 κεφαλὰς
3052 598 3253 652 αὐτῶν.

303 685 392 739 52.
422 687 632 757 Adjuva
663 704 770 753 me,
799 687 1028 744 Domine
1060 689 1202 746 Deus
1231 707 1417 748 meus:

1979 692 2070 746 59..
2103 690 2383 762 Βοήθησόν
2417 709 2527 761 μοι,
2558 689 2730 761 Κύριε
2758 693 2786 743 ὁ
2816 690 2949 754 Θεός
2974 707 3097 760 μουο

303 777 393 831 5‘).
429 777 494 833 Et
537 780 749 836 salvum
786 797 872 835 me
917 781 1003 836 fac
1042 783 1343 839 secundum
1373 786 1783 842 misericordinn

1581 787 1802 842 :ordiutn
1983 785 2069 838 55.
2104 782 2207 836 Καὶ
2237 782 2410 837 σῶσόν
2440 799 2508 854 με
2532 781 2674 836 κατὰ
2701 781 2762 834 τὸ
2783 780 2929 844 ἔλεός
2950 799 3061 835 σου.

236 881 404 926 tuam.

206 1017 212 1025 ,
305 964 393 1018 54.
422 964 487 1018 Et
511 965 687 1021 sciant
712 966 840 1036 quia
873 983 1068 1024 manus
1100 978 1190 1024 tua
1223 971 1378 1027 hac:

1984 965 2074 1020 54.
2101 963 2206 1018 Καὶ
2235 964 2531 1034 γνώτωσαν
2566 964 2648 1016 ὅτι
2679 964 2712 1034 ἡ
2737 963 2858 1034 χείρ
2880 979 2973 1016 σου
3003 963 3165 1036 αὕτη·

305 1055 398 1110 55.
433 1056 499 1109 Et
529 1067 607 1122 tu,
638 1056 890 1124 Domine,
927 1058 1106 1115 fecisti
1134 1077 1277 1118 eam.

1990 1060 2076 1114 55.
2101 1058 2206 1112 Καὶ
2231 1059 2319 1123 σὺ,
2352 1059 2547 1130 Κύριε,
2581 1058 2842 1129 ἐποίησας
2867 1060 3057 1130 αὐτὴν.

307 1147 398 1202 56.
434 1146 756 1203 Maledicent
782 1149 880 1210 illi.
909 1160 964 1204 et
985 1160 1042 1206 tu
1075 1152 1394 1208 benedices:

2099 1151 2506 1224 Καταράσονται
2529 1151 2702 1216 αὐτοὶ,
2726 1152 2818 1205 καὶ
2843 1153 2907 1205 σὺ
2959 1151 3293 1222 εὐλογήσεις·

309 1239 395 1296 57.
429 1237 535 1305 Qui
567 1240 858 1312 insurgunt
881 1243 933 1297 in
962 1259 1049 1298 me
1084 1243 1528 1300 confundantur:

1987 1245 2074 1298 57.
2104 1247 2168 1297 υἱ
2197 1242 2624 1313 ἐπανιστάμενοί
2659 1260 2749 1313 μοι
2778 1242 3242 1313 αἱσχυνθήτωσαν·

311 1333 398 1387 58.
431 1331 633 1388 Servus
661 1342 844 1389 autem
873 1345 998 1392 tuus
1025 1336 1313 1392 laetabitur.
1475 1337 1480 1346 ”

1989 1336 2073 1390 58.
2122 1335 2181 1387 '0
2204 1335 2261 1388 δὲ
2287 1334 2474 1398 δοῦλός
2497 1351 2590 1388 σου
2619 1335 3067 1406 εὐφρανθήσεται.

311 1424 398 1478 59.
433 1423 731 1479 lnduantur
762 1427 854 1496 qui
890 1427 1183 1483 detrahunt
1221 1428 1376 1494 mihi,
1411 1429 1616 1498 pudore
1646 1447 1662 1483 :

2030 1430 2074 1483 9.
2108 1427 2548 1482 Ἐνδυσὰσθωσαν
2578 1430 2626 1480 οἱ
2658 1427 3087 1491 ἐνδιαϐάλλοντές
3112 1444 3179 1498 με
3205 1429 3510 1497 ἐντροπὴν⁸

310 1513 399 1570 60.
433 1513 499 1568 Et
525 1516 840 1584 aperiantur
869 1517 1012 1572 sicut
1039 1517 1276 1588 diploide
1303 1519 1627 1576 confusione
1653 1535 1769 1574 sua.

2033 1521 2079 1573 J.
2139 1517 2238 1572 Καὶ
2281 1519 2764 1590 περιϐαλέσθωσαν
2807 1520 2883 1582 ὡς
2933 1517 3174 1572 διπλοΐδα
3235 1515 3513 1588 αἰσχύνην

471 1668 477 1677 .
1917 1613 2115 1666 αὐτῶν.
2155 1603 2162 1612 ’

316 1710 401 1776 6|.
439 1710 749 1766 Conlitebor
777 1709 1016 1768 Domino»
1046 1713 1208 1768 nimis
1242 1713 1294 1766 in
1327 1727 1424 1768 ore
1453 1728 1608 1768 meo:

2031 1706 2086 1760 l-
2155 1703 2649 1776 Ἐξομολογήσομαι
2708 1703 2786 1776 τῷ
2829 1704 3018 1776 Κυρίῳ
3079 1703 3282 1775 σφόδρα
3338 1699 3510 1769 ἐντῷ

1919 1799 2146 1869 στόματί
2183 1815 2305 1869 μου·

313 1888 402 1942 69..
440 1887 505 1943 Et
529 1889 584 1944 in
609 1889 788 1945 medio
811 1891 1103 1945 multorum
1131 1891 1363 1946 laudabo
1381 1904 1524 1945 eum.

1987 1891 2077 1946 62.
2108 1889 2210 1944 Καὶ
2237 1891 2296 1943 ἐν
2329 1889 2478 1960 μέσῳ
2503 1887 2712 1941 πολλῶν
2741 1888 2938 1941 αἰνέσω
2973 1887 3151 1940 αὐτόν.

314 1982 403 2035 63.
433 1980 570 2048 Quia
593 1982 764 2037 astitit
791 1996 821 2035 a
849 1983 1053 2038 dextris
1080 1983 1357 2054 pauperis,

1986 1985 2075 2040 63.
2098 1985 2221 2038 Ὅτι
2263 1981 2509 2052 παρέστη
2541 1982 2605 2033 ἐκ
2629 1980 2816 2044 δεξιῶν
2843 1981 3093 2051 πένητος,

316 2071 404 2126 64.
444 2069 516 2126 Ut
542 2071 745 2127 salvam
787 2071 1000 2128 'aceret.
1022 2090 1051 2128 a
1086 2074 1542 2144 persequentibus
1573 2077 1796 2133 animan

2031 2079 2078 2132 ι.
2121 2075 2230 2130 Τοῦ
2290 2073 2463 2128 σῶσαι
2511 2073 2580 2126 ἐκ
2635 2072 2747 2126 τῶν
2792 2074 3236 2129 καταδιωκόντων
3275 2071 3376 2141 τὴν
3401 2069 3511 2140 giu-

246 2181 426 2223 meam

1917 2173 2020 2246 χήν
2053 2191 2175 2244 μου.

1376 2326 1755 2385 A'FllANASll
1795 2325 2383 2384 INTERPRETATIO.

320 2490 410 2543 48.
437 2487 706 2545 Maceravi
735 2505 822 2543 me
855 2489 1032 2560 ipsum
1067 2490 1120 2544 in
1151 2489 1377 2561 jejuniis
1409 2489 1675 2546 conﬁtens
1707 2490 1799 2544 tibi

2027 2489 2078 2542 8.
2123 2486 2380 2560 Ἐξέτηξα
2412 2486 2651 2560 ἐμαυτὸν
2691 2484 2754 2541 ἐν
2801 2483 2878 2558 (ί)
2931 2485 3206 2555 νηστείαις
3248 2484 3507 2554 ἐξομολοο

1959 2580 2186 2644 ούμενός
2208 2597 2311 2636 σοι.

320 2662 410 2717 49.
445 2661 512 2717 Et
554 2660 698 2718 facta
737 2670 822 2717 est
875 2664 1083 2733 species
1132 2679 1252 2718 mea
1297 2672 1556 2734 tanquam
1603 2661 1800 2716 mortui

2039 2596 2186 2644 ιενος
2208 2597 2311 2636 σοι.
2763 2647 2771 2656 ,

2039 2669 2080 2722 9.
2105 2667 2210 2722 Kal.
2229 2668 2452 2738 γέγονεν
2506 2669 2540 2740 ἡ
2574 2669 2719 2724 εἰδέα
2760 2686 2861 2740 μου
2885 2667 3018 2720 ὡσεὶ
3066 2665 3281 2737 νεκροῦ,
3320 2663 3411 2716 διὰ
3445 2663 3519 2716 τὸν

249 2766 312 2811 ut
336 2756 769 2813 misericordiam
801 2771 830 2810 a
865 2764 916 2812 te
939 2771 1329 2828 consequerer.

1151 2772 1329 2812 uerer.
1923 2758 2210 2832 ἐλεηθῆναι
2239 2778 2306 2832 με
2333 2760 2484 2835 παρὰ
2517 2759 2631 2815 σοῦ.

321 2847 413 2902 50.
442 2846 510 2903 Ει
561 2847 727 2903 veluti
775 2847 1074 2902 ludibrium
1123 2863 1213 2902 me
1258 2848 1463 2902 habent
1499 2845 1801 2902 adversaria

2033 2854 2082 2909 0.
2109 2852 2215 2908 Καὶ
2235 2852 2310 2917 ὡς
2349 2853 2549 2918 ὄνειδός
2602 2871 2669 2925 με
2701 2852 2776 2924 (2)
2809 2851 3024 2923 ἔχουσιν
3066 2851 3122 2906 αἱ
3150 2849 3387 2904 ἐναντίαι
3421 2849 3513 2902 δυι-

253 2947 549 3008 potestates
580 2938 828 2993 videntes
849 2953 936 2993 me
965 2938 1021 2992 in
1049 2939 1388 3008 prnnitentia.

1855 2927 1898 2986 (ἶ
1931 2945 2123 3018 νὰμεις
2143 2945 2349 3018 ὁρῶσαί
2375 2963 2442 3018 με
2462 2949 2520 3000 ἐν
2546 2949 2612 3018 τῇ
2641 2946 2917 3018 μετανοίᾳ.

323 3029 412 3084 51.
446 3029 514 3084 Et
544 3029 875 3099 aspicientes
900 3028 1178 3084 minantur
1208 3031 1360 3084 mihi.
1417 3022 1426 3030 ’

2003 3037 2090 3091 Si.
2127 3036 2232 3091 Καὶ
2281 3037 2566 3108 βλέποντες
2595 3039 2671 3109 (5)
2699 3036 2978 3092 ἀπειλοῦσι
3008 3055 3115 3107 μοι.

324 3122 412 3175 5‘2.
446 3121 707 3191 lmpugna
742 3122 1090 3190 insurgentes
1121 3121 1188 3176 in
1211 3135 1321 3175 me.

2004 3130 2093 3185 52.
2127 3131 2445 3204 Πολέμησον
2472 3132 2597 3194 τοὺς
2623 3129 3088 3200 ἐπανισταμένους
3119 3144 3228 3198 μοι.
3256 3127 3261 3132 ’

324 3215 413 3268 55.
447 3214 797 3268 lmmensam.

2003 3224 2090 3279 55.
2123 3222 2203 3294 (4)
2222 3224 2302 3277 ’Τὸ
2332 3223 2656 3294 ἀμέτρητον.

324 3304 414 3360 54.
442 3303 509 3359 Et
547 3312 910 3375 cognoscant,
950 3304 1098 3375 quod
1140 3319 1336 3361 manus
1386 3315 1478 3360 tua
1517 3315 1692 3376 potest
1742 3322 1804 3360 ml

2035 3315 2091 3372 4.
2119 3313 2226 3367 Καὶ
2254 3313 2570 3382 ἐπιγνῶσιν,
2602 3311 2682 3363 ὅτι
2710 3312 2744 3382 ἡ
2768 3310 2888 3382 χείρ
2913 3325 3006 3361 σου
3065 3305 3287 3360 δύναται
3314 3302 3515 3375 βοηθῆ-

255 3397 514 3466 adjuvare
535 3404 590 3452 et
618 3397 846 3452 salvare.

1932 3426 2043 3471 vat,
2089 3407 2184 3462 καὶ
2217 3404 2389 3459 σῶσαί
2421 3422 2506 3476 με.

328 3488 416 3543 55.
452 3488 520 3544 Et
552 3497 629 3547 tu.
656 3485 902 3556 Domine,
935 3489 1253 3560 praeparasti
1285 3505 1404 3545 eam
1440 3491 1496 3546 in
1538 3493 1801 3550 auxilium

2033 3501 2097 3557 L5.
2150 3499 2276 3568 Καὶ,
2312 3500 2399 3567 σὺ,
2452 3496 2626 3568 Κύριε
2681 3495 2780 3567 (5),
2823 3492 3163 3564 ηὑτρέπισας
3212 3489 3381 3561 αὐτὴν
3423 3489 3513 3550 εἰς

1501 3591 1503 3593 ’
1935 3593 2205 3648 Βοήθειαν.

326 3670 416 3726 56.
452 3669 647 3725 Volent
693 3685 782 3724 me
809 3671 1060 3739 perdere,
1091 3677 1146 3725 et
1171 3677 1228 3725 tu
1265 3685 1353 3726 me
1377 3671 1619 3727 servabis
1652 3671 1706 3725 in
1742 3686 1802 3726 sa

2033 3595 2420 3755 ἓῖιέέλήσουσι
2451 3679 2753 3736 ἀπολέσθαι
2805 3696 2897 3749 με,
2929 3678 3024 3732 καὶ
3050 3678 3114 3730 σὺ
3138 3676 3513 3748 περιποιήσεις

260 3769 446 3823 lutem.

1937 3794 2005 3850 με
2029 3777 2110 3840 εἰς
2143 3775 2432 3848 σωτηρίαν.

328 3863 417 3919 57.
447 3860 592 3915 Nihil
642 3869 891 3931 potentes
926 3859 1060 3914 mihi
1089 3857 1270 3914 facere
1318 3856 1642 3913 adversaria:
1681 3867 1808 3928 pote

2043 3869 2094 3922 7.
2117 3866 2301 3938 Μηδὲν
2326 3865 2612 3934 δυνάμενοι
2652 3861 2874 3932 ποιῆσαί
2917 3877 3004 3932 μοι
3036 3857 3135 3939 (6)-
3168 3860 3225 3911 al.
3273 3857 3514 3910 ἐναντίαι

262 3962 430 4008 states
454 3949 882 4006 confundantur.

1934 3959 2190 4030 δυνάμεις
2206 3956 2671 4028 αἰσχυνθήτωσαν.

332 4042 421 4097 58.
452 4042 563 4112 Ego
596 4048 805 4107 autem,
831 4048 887 4095 et
931 4039 1113 4095 omnis
1163 4054 1354 4096 servus
1407 4049 1532 4096 tuus
1565 4039 1812 4094 laetabitw

2035 4048 2095 4103 L8.
2139 4046 2278 4117 Ἐγὼ
2310 4047 2369 4100 δέ
2394 4047 2484 4100 καὶ
2508 4047 2615 4109 πᾶς
2646 4043 2834 4107 δοῦλός
2887 4042 3002 4114 σουῖ
3028 4040 3515 4114 εὐφρανθησόμεθα

262 4136 318 4191 in
346 4137 522 4206 gratia
551 4145 664 4191 tua.

1936 4144 1992 4195 ἐν
2027 4143 2095 4213 τῇ
2139 4138 2321 4212 χάριτί
2351 4155 2465 4193 σου.

331 4229 421 4285 59.
446 4229 731 4301 Principes
764 4232 974 4288 mundi.

1871 4298 1899 4302 _
2010 4232 2097 4287 59.
2128 4233 2192 4284 Οἱ
2218 4229 2478 4302 ἄρχοντες
2497 4227 2601 4282 τοῦι
2621 4227 2826 4298 κόσμου

329 4324 418 4380 60.
448 4298 787 4381 Adversariaa
813 4333 1131 4396 potestates.

1867 4298 1912 4351 Π
2009 4323 2099 4378 60.
2131 4323 2198 4376 Δί
2227 4298 2467 4376 ἐναντίαι
2487 4319 2763 4390 δυνάμεις.

330 4417 420 4472 61.
447 4415 790 4475 lucessanter
830 4417 1134 4474 conﬁtebor
1174 4413 1406 4471 salutem
1450 4411 1586 4468 mihi
1637 4410 1810 4468 factan

2035 4415 2103 4469 ii.
2143 4413 2462 4478 Ἀπαύστως
2519 4411 2846 4483 ὁμολογήσω
2891 4408 2992 4480 τὴν
3052 4405 3202 4480 παρὰ
3251 4403 3344 4458 τοῦ
3379 4403 3515 4456 Θεοῦ

262 4525 291 4561 a
316 4506 449 4563 Deo.
1945 4523 2034 4578 μοι
2061 4505 2139 4577 (8)
2169 4505 2469 4576 γενομένην
2498 4502 2791 4574 σωτηρίαν.

325 4599 424 4654 62;
448 4599 516 4654 Et
540 4616 705 4671 super
732 4601 915 4657 omnia
945 4600 1182 4656 laudabo
1205 4615 1356 4655 eum.

2010 4598 2100 4653 62.
2125 4596 2232 4651 Καὶ
2265 4597 2359 4650 ἐπὶ
2384 4596 2602 4650 πάντων
2626 4593 2918 4665 ἀνυμνήσω
2947 4589 3129 4645 αὐτόν.

331 4691 421 4746 65.
453 4689 726 4757 Quoniam
769 4691 946 4747 astitit
986 4700 1278 4762 protegens
1324 4703 1434 4758 me,
1459 4696 1516 4746 et
1561 4703 1671 4743 non
1714 4702 1810 4758 per

2034 4688 2100 4743 5'5.
2129 4689 2256 4741 Ὅτι
2283 4686 2527 4759 παρέστη
2571 4683 2958 4758 ὑπερασπίζων
3005 4697 3128 4752 μου,
3160 4678 3254 4731 καὶ
3285 4675 3360 4746 μὴ
3390 4691 3514 4727 συν-

263 4782 488 4837 mittens
539 4781 850 4852 quempiam
897 4797 964 4837 ex
1009 4783 1076 4838 iis
1118 4781 1214 4850 qui
1253 4781 1390 4836 mihi
1435 4780 1743 4838 insidiaban

2029 4780 2136 4852 ρῶν
2165 4797 2286 4835 τινα
2316 4778 2425 4832 τῶν
2469 4777 2772 4832 ἐπιϐούλων
2804 4793 2905 4847 μου
2958 4771 3256 4844 πλησιάσαι
3292 4785 3380 4838 μοι
3416 4767 3509 4837 (0).

262 4877 330 4930 ad
363 4889 451 4929 me
479 4874 759 4929 accedere.

331 4963 419 5018 64.
453 4963 522 5019 Ut
547 4965 805 5022 liberaret
830 4979 862 5019 a
893 4964 1187 5020 contrariis
1208 4964 1572 5036 potestatibus
1595 4965 1811 5019 animan

2034 4961 2102 5017 id.
2130 4958 2236 5014 Τοῦ
2261 4955 2640 5030 λυτρώσασθαι
2674 4957 2740 5008 ἐκ
2785 4951 2896 5007 τῶν
2932 4947 3188 5002 ἐναντίων
3235 4940 3514 5011 δυνάμεων

265 5069 440 5110 meam
447 5096 464 5112 ο

1804 5067 1806 5070 ν
1941 5054 2040 5125 τὴν
2060 5053 2236 5123 ψυχήν
2267 5067 2392 5122 μου.

1217 5197 1523 5258 Addenda
1562 5204 1625 5256 et
1675 5193 2050 5271 corrigenda
2074 5209 2154 5255 ex
2185 5190 2328 5254 cod.
2357 5189 2560 5251 Vatic.

338 5353 416 5420 (1)
441 5351 545 5405 Kal.
571 5351 878 5416 ἐξετείναξα
907 5349 1097 5404 ἐαυτὸν
1122 5349 1198 5414 ἐν,
1225 5357 1355 5412 etc.,
1391 5346 1517 5401 mel.
1549 5343 1818 5416 Ἐξέτηξα.

2008 5342 2086 5420 (Ei)
2115 5341 2186 5420 Σὺ
2216 5339 2346 5420 γὰρ,
2377 5337 2582 5415 Κύριεζ
2595 5341 2724 5420 etc.,
2754 5328 3002 5400 βοήθειαν
3050 5325 3143 5380 καὶ
3186 5319 3477 5390 σωτηρίαν.

944 5403 951 5404 7
1186 5403 1197 5414 ’
1342 5403 1353 5412 ν
1620 5403 1636 5409 ⁷
1721 5403 1768 5416 ’⁷
2122 5403 2432 5492 ἑυνᾶμεναι
2461 5403 2685 5473 ποιῆσαί
2717 5417 2803 5472 με.

448 5479 744 5555 Βλέποντές
798 5508 888 5560 με.
984 5558 992 5561 _
1285 5560 1289 5561 ν
1466 5557 1504 5561 __
1548 5559 1556 5561 _
1603 5559 1613 5561 _
1770 5553 1795 5561 _
2117 5479 2374 5561 ἓκότους.

335 5551 414 5634 (Δ)
439 5561 503 5618 Ν.
529 5563 620 5634 55.
651 5551 739 5634 54.
790 5551 860 5615 Τὸ
885 5558 1214 5634 ἀμέζρητον
1261 5560 1429 5617 deest.
1466 5557 1570 5613 Kal.
1600 5553 1807 5626 ὲπιγνῶ
2117 5551 2256 5634 MOU.

265 5621 374 5705 σιν,
397 5621 536 5702 ἀτη
567 5633 828 5704 βοηθῆσαι
857 5621 949 5687 Kal.
974 5621 1162 5684 σῶσαι.
1706 5621 1716 5626 ⁷
2014 5621 2089 5693 (9)
2121 5621 2224 5674 Με.
