3748 6282
178 259 319 316 Hi3

496 377 742 448 Ψαλμὸς
769 377 851 445 τῷ
893 381 1092 434 Δαϐίδ.
1127 386 1297 438 ΨΑΛ.
1324 387 1453 439 P9.

253 469 301 521 1.
339 464 510 523 Εἶπεν
559 470 588 522 6
616 469 820 542 Κύριος
847 472 926 544 τῷ
977 475 1171 546 Κυρίῳ
1203 493 1327 546 μου’
1361 477 1544 531 Κάθου
1570 478 1635 531 ἐκ
1678 478 1766 531 δε-

175 559 305 629 ξιῶν
333 578 459 632 μουο

247 655 302 708 2.
337 656 482 719 Ἕως
513 655 579 710 ἂν
605 655 683 710 θῶ
732 659 859 722 τοὺς
910 660 1138 733 ἐχθρούς
1194 680 1290 716 σου
1321 663 1608 718 ὑποπόδιον
1657 664 1767 719 τῶν

179 746 355 800 ποδῶν
391 765 509 802 σου.

244 839 300 892 5.
338 839 565 892 Ῥάόδον
602 839 888 913 δυνάμεως
921 842 1272 910 ἐξαποστελεῖ
1315 862 1402 898 σοι
1452 845 1657 911 Κύριος
1700 848 1765 900 ἐκ

174 927 315 983 Σιὼν
334 944 349 958 ⁸

243 1020 299 1074 4.
331 1019 437 1074 Καὶ
470 1024 838 1096 κατακυρίευε
871 1026 930 1078 ἐν
956 1026 1104 1097 μέσῳ
1136 1026 1245 1081 τῶν
1277 1027 1487 1100 ἐχθρῶν
1516 1047 1628 1084 σου.

243 1112 298 1166 5.
336 1113 494 1167 Μετὰ
523 1114 618 1167 σοῦ
651 1115 684 1186 ἡ
719 1115 860 1186 ἀρχὴ
911 1117 969 1168 ἐν
998 1117 1178 1188 ἡμέρᾳ
1212 1118 1312 1188 τῆς
1337 1118 1622 1190 δυνάμεώς
1645 1137 1764 1188 σου,

239 1203 296 1259 6.
336 1205 424 1258 Ἐν
456 1208 578 1268 ταῖς
604 1205 954 1279 λαμπρότησι
978 1209 1085 1262 τῶν
1113 1210 1283 1279 ἁγίων
1311 1227 1424 1264 σου·

239 1298 298 1352 7.
343 1299 440 1350 Ἐκ
473 1299 708 1372 γαστρὸς
742 1300 846 1372 πρὸ
888 1301 1194 1375 Ἑωσφόρου
1237 1303 1502 1376 ὲγέννησά
1534 1321 1613 1358 σε.

240 1391 297 1446 8.
332 1392 538 1462 Ὠμοσε
565 1392 790 1464 Κύριος,
821 1393 998 1447 καὶού
1032 1395 1553 1466 μεταμεληθήσεται*

243 1485 298 1538 9.
329 1486 402 1538 Σὺ
428 1485 606 1557 ἱερεὺς
653 1486 730 1558 (α)
795 1489 876 1552 εἰς
911 1488 1000 1542 τὸν
1049 1489 1244 1555 αἰῶνα,
1275 1489 1420 1543 κατὰ
1460 1490 1563 1562 τὴν
1609 1489 1767 1555 τάξιν

168 1577 532 1648 Μελχισεδέκ.

1031 263 1122 319 DE
1163 264 1441 322 TITULIS
1485 266 1936 328 PSALMORUM.
1977 301 2046 311 —
2081 271 2277 329 PSAL.
2319 273 2454 330 CIX.

1792 391 1840 447 Δ

3303 280 3440 335 1146

2221 387 2468 443 Psalmus
2493 387 2680 443 David.
2698 387 2904 446 PSAL.
2933 389 3084 448 CIX.

1936 478 1988 532 Ι.
2021 477 2166 533 Dixit
2207 479 2470 536 Dominus
2506 479 2738 536 Domino
2775 497 2899 538 meo
2940 481 3124 539 :Sede
3153 498 3184 537 a
3230 483 3438 540 dextris

1862 587 1999 626 lﬂCIS
2026 592 2041 627 ζ

1931 660 1988 716 2.
2020 661 2202 718 Donec
2227 675 2432 734 ponam
2472 661 2728 721 inimicos
2758 672 2882 723 tuos
2909 664 3203 723 scabellum
3236 667 3436 738 pedum

1864 757 2102 804 tuorum.

1933 854 1989 908 3.
2045 853 2268 926 Virgam
2325 855 2544 914 virtutis
2603 858 2814 914 emittet
2879 858 2996 928 tibi
3040 856 3304 915 Dominus
3367 874 3434 916 ex

1863 945 1995 1002 Sion
2013 964 2028 1001 :

1931 1041 1987 1096 4.
2024 1041 2091 1097 Ει
2117 1041 2401 1100 dominare
2435 1044 2490 1098 in
2521 1045 2704 1100 medio
2729 1045 3074 1100 inimicorum
3101 1055 3342 1101 tuorum.

1937 1131 1988 1185 5.
2025 1130 2226 1187 Tecum
2251 1134 2577 1204 principium
2605 1135 2662 1189 in
2694 1135 2783 1190 die
2807 1135 3026 1190 virtutis
3050 1145 3185 1203 tuae,

1933 1220 1984 1277 6.
2017 1220 2074 1274 In
2108 1223 2490 1292 splendoribus
2513 1235 2824 1280 sanctorum
2857 1234 3075 1279 tuorum
3103 1245 3122 1280 ::

1936 1313 1987 1367 7.
2019 1312 2098 1367 Ex
2125 1324 2279 1369 utero
2304 1324 2430 1371 ante
2460 1315 2777 1371 Luciferum
2807 1318 2966 1387 genui
2998 1327 3070 1372 te.

1934 1406 1987 1461 8.
2021 1405 2233 1462 Juravit
2257 1406 2545 1474 Dominus,
2571 1417 2626 1464 et
2651 1424 2759 1463 non
2785 1409 3065 1478 paenitebit
3093 1423 3252 1463 eum:

1861 1499 1896 1556 ἲ
1933 1499 1982 1555 9.
2015 1499 2096 1554 Tu
2120 1515 2180 1556 es
2201 1502 2458 1557 sacerdos
2484 1503 2545 1557 iu
2568 1510 2831 1558 aeternum
2855 1502 3153 1558 secundum
3185 1499 3436 1556 ordinem"

1863 1587 2289 1647 Melchisedech.

247 1693 320 1766 (a)
355 1693 492 1749 Cod.
520 1695 594 1748 Σὺ
629 1690 682 1748 εἴ
708 1695 979 1766 βασιλεύς.
1008 1695 1134 1768 Leg.
1196 1697 1394 1766 ἱερεύς,
1431 1706 1491 1752 ut
1538 1709 1753 1755 constat
1787 1715 1826 1756 e:

1932 1713 2178 1760 imment.
2212 1719 2309 1759 seu
2343 1704 2627 1774 interpret.

1307 1839 1682 1896 ATHANASII
1720 1841 2309 1899 INTERPRETATIO.

252 1952 316 2006 Ἦ
350 1953 688 2025 προκειμένη
717 1955 996 2026 ἐπιγραφὴ
1036 1955 1279 2028 περιέχει
1309 1955 1408 2028 (1)⁶
1449 1957 1697 2027 Ψαλμύς
1719 1957 1798 2024 τῷ
1822 1958 2022 2024 Δαϐὶδ,
2057 1960 2196 2032 ὅπερ
2250 1959 2632 2031 ἑρμηνεύεται,
2679 1958 2755 2020 ὡς
2803 1953 3062 2020 πολλάκις
3113 1953 3436 2025 εἰρήκαμεν,

173 2044 426 2112 Ψαιμὸς
455 2042 535 2109 τῷ
569 2042 753 2109 ἱκανῷ
782 2043 857 2112 τῇ
883 2044 1052 2115 χειρὶ,
1087 2047 1335 2100 τουτέστι
1359 2048 1438 2118 τῷ
1472 2049 1585 2120 Υἱῷ
1609 2048 1704 2102 τοῦ
1728 2049 1886 2107 Θεοῦ.

241 2141 464 2196 Titulus
508 2141 836 2212 praepositus
877 2144 1153 2200 continet:
1190 2143 1441 2200 Psalmus
1493 2145 1686 2212 David,
1731 2147 1878 2217 quod
1922 2148 2333 2220 interpretatur,
2364 2156 2427 2204 ut
2450 2145 2649 2218 saepius
2675 2145 2934 2210 diximus,
2988 2141 3231 2198 Psalmus
3272 2159 3433 2199 manu

166 2233 323 2304 forti,
349 2230 456 2285 hoc
479 2241 564 2285 est
592 2230 686 2285 Dei
712 2229 869 2286 Filio.

241 2328 292 2379 1.
323 2321 491 2378 Εἶπεν
523 2327 551 2378 6
601 2322 791 2396 Πατὴρ
824 2322 902 2394 τῷ
956 2321 1349 2394 ἐξαγοράσαντί
1389 2340 1455 2393 με
1488 2321 1565 2394 τῷ
1591 2323 1758 2394 τιμίῳ
1791 2329 1826 2387 Β

1932 2326 1987 2381 1.
2023 2325 2170 2384 Dixit
2220 2328 2384 2386 Pater
2409 2331 2482 2399 ei,
2507 2331 2600 2402 qui
2631 2346 2719 2387 me
2758 2329 2988 2385 redemit
3028 2327 3270 2398 pretioso
3305 2343 3435 2383 san-

163 2419 363 2491 αἶματι
398 2415 586 2471 αὑτοῦ·
614 2415 815 2472 Κάθου
835 2416 905 2470 ἐκ
936 2415 1151 2480 δεξιῶν
1173 2433 1294 2485 μου
1321 2415 1418 2488 (2),
1438 2417 1527 2470 ἵνα
1558 2417 1757 2480 πάντες

163 2513 392 2584 γνῶσιν,
420 2513 500 2566 ὅτι
523 2513 586 2565 σὺ
617 2507 666 2564 εἷ
696 2513 730 2583 ἠ
755 2510 882 2577 δόξα
917 2529 1040 2584 μου.

237 2607 294 2660 2.
324 2606 472 2669 Ἕως
499 2604 564 2658 ἂν
587 2606 636 2658 οί
664 2604 858 2675 ἀέριοι,
881 2605 978 2658 καὶ
1007 2605 1257 2672 ἐπίγειοι,
1293 2604 1387 2658 καὶ
1415 2603 1756 2675 καταχθόνιοι

164 2697 262 2768 ἐχθ
272 2696 356 2768 ροί
374 2713 467 2749 σου
486 2696 616 2765 γόνυ
629 2696 700 2749 κά
707 2695 845 2766 μψου
853 2713 904 2748 σι
925 2696 1038 2749 δεδε
1048 2696 1198 2766 μένοι
1219 2696 1435 2766 δεσμοῖς
1452 2696 1528 2766 (5)
1545 2696 1756 2758 ἀϊδίοις,

165 2789 677 2860 ἐξομολογούμενοι,
708 2790 790 2842 ὅτι
812 2788 980 2854 ὅντως
1014 2787 1213 2860 Κύριος
1257 2787 1460 2859 Ἰησοῦς
1487 2789 1565 2852 είς
1601 2787 1758 2852 δόξαν

161 2881 260 2934 τοῦ
295 2880 492 2934 ἑαυτοῦ
524 2881 760 2952 Πατρός.

238 2975 294 3028 5.
351 2975 440 3027 Ἐν
471 2973 698 3044 δυνάμει
724 2974 819 3027 καὶ
845 2973 1064 3046 ἐξουσίᾳ
1105 2973 1314 3045 μεγάλῃ
1345 2972 1625 3026 ἐλεύσεται
1651 2972 1760 3025 άπὸ

164 3067 260 3121 τοῦ
303 3067 538 3137 Πατρός·
578 3065 732 3120 Σιὼν
765 3065 874 3140 γὰρ
905 3066 1280 3139 ⁵ἑρμηνεύεται
1326 3067 1531 3132 τόπος,
1553 3066 1686 3118 ὅπου
1718 3064 1756 3131 ἡ

163 3159 372 3228 σκηνή
383 3199 396 3212 .
1347 3213 1351 3218 .

237 3251 293 3304 4.
328 3249 433 3303 Kal
461 3249 799 3320 βασιλεύσεις
835 3249 910 3320 (4)
940 3248 1310 3322 ἀτελευτήτως
1361 3248 1504 3303 κατὰ
1530 3248 1637 3303 τῶν
1665 3251 1760 3319 ἐχ-

161 3341 319 3414 θρῶν
351 3357 468 3393 σου.

205 3475 208 3480 -
240 3436 297 3488 5.
325 3432 674 3505 Ἐμπροσθέν
697 3449 790 3486 σου
816 3433 845 3485 ὁ
874 3432 1104 3504 σταυρὸς
1131 3431 1224 3486 τοῦ
1248 3432 1450 3495 πάθους
1479 3449 1572 3484 σου
1615 3433 1671 3484 ἐν
1693 3433 1762 3502 τῇ

162 3528 356 3601 ἡμέρα
377 3528 476 3599 τῆς
500 3526 709 3591 ἐνδόξου
743 3543 837 3579 σου
872 3524 1194 3597 παρουσίας.

237 3621 292 3675 6.
325 3621 496 3673 Ὅταν
519 3621 569 3672 οἱ
589 3617 734 3688 ἆγιοί
760 3635 852 3671 σου
878 3617 1244 3689 ἐκλάμψουσιν
1265 3616 1341 3680 ὡς
1363 3617 1392 3668 6
1417 3615 1586 3686 ἥλιος.

1857 2423 2020 2492 guine
2050 2439 2189 2479 suo:
2224 2423 2356 2480 Sede
2394 2443 2427 2480 a
2453 2428 2656 2482 dextris
2688 2427 2838 2490 meis,
2885 2433 2943 2480 ut
2980 2439 3172 2480 omnes
3205 2431 3437 2480 noscant

1856 2515 2116 2583 quoniam
2146 2526 2204 2571 tu
2230 2532 2289 2572 es
2313 2518 2484 2588 gloria
2507 2535 2649 2574 mea.

1925 2604 1978 2658 2.
2010 2603 2192 2662 Donec
2223 2609 2367 2663 aerei
2399 2617 2453 2663 et
2479 2617 2770 2664 terrestres
2806 2617 2862 2663 et
2901 2605 3195 2662 infernales
3225 2603 3432 2660 inimici

1857 2697 1934 2750 tui
1960 2713 2098 2766 genu
2136 2698 2354 2755 ﬂectent
2380 2701 2547 2757 vincti
2574 2702 2809 2758 vinculis
2838 2702 3077 2767 aeternis,
3111 2697 3436 2755 conﬁtentes

1857 2786 1987 2856 quia
2012 2801 2140 2843 vere
2165 2797 2247 2844 est
2278 2787 2547 2848 Dominus
2581 2791 2742 2848 Jesus
2776 2775 3026 2863 ingloria
3058 2789 3231 2844 Patris
3261 2789 3430 2845 sui“.

1931 2962 1984 3018 5.
2017 2959 2076 3017 In
2112 2964 2312 3022 virtute
2339 2974 2394 3022 et
2423 2975 2695 3038 potestate
2733 2981 2928 3036 magna
2966 2964 3142 3020 veniet
3189 2978 3220 3017 a
3251 2961 3431 3015 Patre.

1862 3051 1992 3108 Sion
2008 3055 2154 3110 enim
2182 3057 2572 3130 interpretatur
2595 3059 2738 3113 locus
2769 3059 2860 3114 ubi
2885 3068 2969 3114 est
2989 3053 3431 3111 Tabernaculum.

1931 3238 1986 3292 4.
2014 3237 2083 3294 Et
2131 3241 2384 3312 regnabis
2436 3242 2492 3297 in
2543 3249 2808 3299 aeternum
2863 3239 3126 3295 adversus
3183 3233 3440 3292 inimicos

1864 3339 2007 3384 [1105.

1932 3421 1986 3476 5.
2021 3421 2162 3475 Ante
2190 3428 2244 3475 te
2274 3424 2407 3476 crux
2442 3422 2716 3491 passionis
2751 3430 2857 3477 tua:
2894 3423 2949 3476 in
2983 3421 3070 3476 die
3099 3417 3320 3491 gloriosi
3355 3416 3436 3471 tui

1864 3512 2147 3567 adventus.

1934 3604 1988 3658 6.
2021 3601 2254 3669 Quando»
2283 3601 2456 3657 sancti
2486 3601 2563 3655 tui
2597 3600 2880 3672 fulgebunt
2909 3603 3050 3658 sicut
3079 3602 3162 3656 sol
3187 3602 3252 3656 “.

239 3714 294 3767 7.
336 3714 426 3766 Ἐν
455 3712 580 3783 ἐμοὶ
607 3708 675 3783 ἧς
700 3712 786 3765 ἀεὶ
811 3712 905 3780 ἀφ’
929 3705 989 3764 οὗ
1016 3687 1271 3781 ἢρξάμην
1313 3709 1663 3780 δημιουργεῖν
1691 3706 1760 3760 τὰ
1787 3687 1826 3745 C

1936 3695 1987 3749 7.
2020 3693 2076 3748 ln
2107 3709 2192 3748 me
2219 3708 2343 3748 eras
2374 3707 2611 3760 semper,
2635 3709 2698 3747 ex
2739 3707 2849 3762 quo
2876 3692 3016 3762 coepi
3040 3706 3227 3746 creare
3251 3690 3437 3744 omnia

165 3803 349 3855 πάντα
377 3799 466 3853 διὰ
504 3800 621 3853 σοῦ⁹
671 3799 994 3870 ἐφανέρωσά
1029 3817 1110 3866 σε,
1166 3799 1247 3852 ὅτι
1302 3795 1470 3870 εἶχον,
1500 3798 1594 3851 καὶ
1651 3797 1759 3868 ἔχω

165 3894 302 3946 Υἰὸν
331 3895 389 3946 ἐν
422 3891 500 3962 (5)
524 3890 724 3962 ἐαυτῷ.

239 3985 297 4040 8.
335 3985 530 4038 Ἔθετο
558 3985 586 4037 6
631 3985 822 4057 Πατὴρ
865 3985 1058 4059 βουλὴν
1091 3986 1385 4040 ἀσάλευτον
1415 3986 1506 4040 καὶ
1557 3985 1764 4056 ἀμετά-

167 4078 394 4150 ϐλητον.

238 4170 294 4224 9.
328 4169 401 4222 Σὺ
430 4163 484 4222 εἳ
524 4168 692 4233 ὅντως
741 4170 920 4241 ἱερεὺς
957 4169 1184 4242 ἀληθὴς,
1217 4171 1246 4223 6
1285 4170 1532 4241 καθάρας
1586 4171 1764 4223 πάντα

164 4261 261 4315 τὸν
280 4260 410 4313 λαόν
442 4276 536 4312 σου
566 4260 642 4332 (6)
675 4261 784 4314 ἀπὸ
806 4260 914 4314 τῶν
940 4261 1223 4332 ἁμαρτιῶν
1251 4261 1433 4315 αὐτοῦ’
1463 4262 1523 4314 ού
1552 4261 1763 4332 δεήσεις

165 4351 202 4423 ἢ
247 4350 462 4416 ἱκεσίας
516 4352 888 4423 ποιησάμενος
913 4353 1050 4423 πρός
1095 4369 1238 4416 τινα,
1292 4351 1429 4406 ἀλλὰ
1469 4351 1548 4422 τῷ
1594 4351 1764 4422 τιμίῳ

167 4448 368 4518 αἵματι
389 4446 600 4509 πάντας
642 4445 967 4516 καθαρίσας.
1003 4444 1076 4498 Τὸ
1127 4445 1207 4511 δὲ,
1248 4446 1399 4500 κατὰ
1445 4445 1561 4514 τὴν
1590 4444 1764 4510 τάξιν

168 4535 573 4607 Μελχισεδὲκ,
610 4535 799 4590 τοῦτον
833 4535 948 4606 ἔχει
1000 4535 1094 4589 τὸν
1138 4535 1359 4608 τρόπον.
1385 4537 1610 4608 Πρῶτον
1664 4536 1771 4607 μὲν·

165 4628 196 4679 ό
222 4624 561 4694 Μελχισεδὲκ
585 4625 768 4696 ἱερεὺς
797 4624 1078 4697 ἀνεδείχθη
1106 4627 1204 4679 οὐκ
1239 4627 1305 4679 ἐκ
1326 4626 1425 4697 τῆς
1477 4626 1647 4697 φυλῆς
1666 4624 1762 4678 τοῦ

167 4717 303 4770 Λευῖ
332 4717 436 4786 τῆς
465 4717 760 4789 ίερατείας,
795 4719 984 4790 ὥσπερ
1013 4717 1136 4772 οὔτε
1170 4721 1199 4773 6
1249 4717 1467 4790 Κύριος,
1499 4720 1587 4772 ὅτε
1613 4719 1763 4771 εὐδό-

169 4827 339 4881 κησεν
373 4812 464 4864 ἐπὶ
491 4810 594 4882 τῆς
619 4811 725 4882 γῆς
749 4811 1030 4884 τεχθῆναι,
1059 4814 1160 4866 οὐκ
1188 4815 1251 4866 ἐκ
1272 4812 1367 4866 τοῦ
1391 4812 1522 4866 Λευῖ
1545 4812 1760 4885 ἐτέχθη·

167 4903 424 4975 δεύτερον
457 4903 514 4957 δὲ
539 4903 638 4968 τὰς
661 4903 913 4970 δεκάτας,
941 4905 1009 4968 ἃς
1051 4905 1224 4960 ἐδίδου
1253 4905 1282 4956 ὀ
1312 4907 1490 4976 ἱερεὺς
1518 4905 1596 4976 τῷ
1618 4905 1761 4976 Θεῷ,

166 4993 374 5057 ταύτας
403 4995 776 5066 προσήνεγκεν
803 4995 1005 5067 Ἀδραὰ
1013 5014 1052 5066 μ
1073 4995 1150 5066 τῷ
1167 4995 1522 5066 Μελχισεδέκ.
1542 4997 1760 5069 Ἐπειδὴ

167 5087 315 5140 κατὰ
347 5085 524 5140 πάντα
552 5084 720 5141 τύπον
749 5085 944 5159 ἔφερεν
972 5090 1000 5141 6
1020 5088 1355 5159 Μελχισεδὲκ
1403 5089 1491 5143 τὸν
1521 5089 1648 5142 Υἱὸν
1667 5089 1764 5142 τοῦ

165 5179 327 5234 Θεοῦ.

1860 3800 1956 3854 per
1985 3793 2076 3840 te:
2108 3781 2449 3838 manilestavi
2486 3793 2539 3837 te
2568 3782 2715 3852 quod
2747 3783 3014 3840 habebam
3042 3792 3097 3838 et
3130 3781 3306 3836 habeo
3341 3778 3434 3834 Fi-

1862 3875 1994 3930 lium
2034 3875 2088 3928 in
2120 3890 2207 3928 me
2239 3873 2378 3944 ipso.

1931 3967 1984 4022 8.
2015 3966 2205 4022 Posuit
2235 3965 2396 4021 Pater
2421 3964 2756 4020 voluntatem
2787 3964 3121 4021 immobilem
3143 3973 3306 4036 atque
3335 3966 3437 4019 im-

1863 4061 2180 4116 mutabilem
2191 4100 2206 4113 .

1934 4165 2075 4222 9.'l‘u
2104 4181 2163 4221 es
2187 4167 2372 4236 utique
2402 4165 2662 4220 sacerdos
2689 4179 2874 4231 verus,
2901 4164 3204 4220 emundans
3222 4179 3440 4220 omnem

1863 4259 2124 4328 p0pulum
2154 4267 2306 4312 tuum
2339 4272 2369 4310 a
2395 4256 2631 4326 peccatis
2657 4255 2795 4322 suis,
2829 4270 3006 4325 neque
3025 4256 3439 4325 deprecationes

1863 4359 1957 4404 aut
1983 4349 2409 4418 supplicationes
2436 4348 2645 4404 faciens
2671 4347 2738 4401 ad
2767 4346 3028 4415 aliquem,
3055 4348 3148 4402 sed
3193 4347 3438 4417 pretioso

1863 4441 2129 4510 sanguine
2162 4455 2354 4494 omnes
2375 4440 2702 4495 emundans.
2734 4437 2869 4493 [llud
2897 4447 3113 4493 autem:
3143 4439 3438 4493 secundum

1865 4534 2101 4587 ordinem
2126 4529 2505 4586 Melchisedech
2541 4547 2570 4602 ,·
2624 4529 2677 4582 in
2712 4528 2858 4582 hunc
2890 4526 3116 4582 modum
3147 4543 3207 4584 se
3253 4529 3438 4584 habet.

1863 4624 2108 4679 Primum
2141 4623 2362 4695 quidem
2389 4621 2780 4678 Melchisedech
2809 4620 3067 4677 sacerdos
3096 4621 3442 4676 renuntiatus

1862 4726 1966 4782 est,
1998 4731 2107 4772 non
2139 4731 2206 4770 ex
2242 4715 2386 4770 tribu
2417 4712 2547 4768 Levi
2575 4711 2938 4778 sacerdotali,
2976 4715 3439 4783 quemadmodum

1865 4824 2042 4879 neque
2071 4807 2362 4873 Dominus,
2394 4821 2518 4860 cum
2546 4805 2597 4860 ei
2628 4804 2834 4874 placuit
2863 4806 3016 4861 nasci
3046 4805 3102 4860 in
3134 4814 3298 4870 terra,
3329 4821 3439 4859 non

1863 4917 1930 4956 ex
1960 4901 2103 4956 tribu
2142 4899 2271 4954 Levi
2307 4907 2470 4953 natus
2502 4908 2584 4952 est
2613 4916 2626 4951 :
2659 4897 2856 4952 deinde
2881 4897 3144 4961 decimas,
3181 4911 3318 4965 quas
3348 4897 3443 4950 da-

1865 4996 1959 5050 bat
1992 4993 2250 5049 sacerdos
2280 4991 2415 5056 Deo,
2452 4989 2552 5045 has
2597 4989 2796 5045 obtulit
2833 4990 3114 5044 Abraham
3159 4987 3442 5043 Melchise-

1869 5086 2083 5144 dech“.
2109 5082 2377 5148 Quoniam
2398 5082 2452 5138 in
2472 5084 2728 5140 omnibus
2767 5084 2997 5155 ﬁguram
3045 5082 3266 5153 gerebat
3311 5081 3443 5138 Mel—

1877 5178 2167 5235 chisedech
2205 5179 2327 5235 Filii
2363 5179 2478 5234 Dei.

245 5292 549 5364 “Philipp.
579 5309 639 5360 ιι,
669 5292 755 5359 10,
789 5293 875 5347 11.
949 5294 993 5326 ⁸³
1022 5292 1214 5348 Matth.
1245 5311 1363 5363 xm,
1395 5295 1484 5350 45.
1563 5297 1606 5327 ⁸³
1636 5295 1773 5350 Gen.
1809 5310 1826 5348 ι

1948 5292 2037 5346 20.

1128 5387 1437 5450 Addenda
1488 5396 1548 5450 et
1582 5385 1962 5466 corrigenda
1994 5401 2074 5445 ex
2111 5385 2253 5447 cod.
2285 5385 2482 5446 Vatic.

456 5484 543 5538 διὰ
564 5486 1054 5563 τῇς-κινναϐάρεῳς
1067 5484 1338 5563 περιέχει.

262 5556 321 5620 2)
353 5557 560 5611 Desunt
602 5555 800 5613 Κάθου
821 5557 888 5610 ἐκ
922 5555 1134 5620 δεξιῶν
1163 5573 1296 5624 μου.

237 5560 319 5699 (ὃ)
347 5627 619 5699 Δεσμίοις.

1929 5485 2007 5555 (5)
2049 5485 2144 5538 Ἐν
2170 5485 2340 5539 deest.

1939 5551 2016 5624 (6)
2070 5555 2212 5608 Λαὸν
2233 5552 2394 5607 αὑτοῦ
2420 5555 2474 5610 ἁ.
2497 5571 2548 5608 τ.
2578 5555 2632 5607 ά.
2679 5553 2766 5607 αύ.
2818 5553 3028 5623 δεήσεις
3063 5551 3290 5624 ἱκεσίας,
3315 5560 3443 5613 otia,

1867 5621 1957 5694 τῷ
1976 5621 2140 5694 τιμίῳ
2172 5641 2263 5677 σου
2287 5625 2477 5694 αἵματι
2497 5626 2675 5678 πάντα
2723 5621 3073 5694 ἐκαθάρισας,
3101 5634 3229 5686 etc.,
3259 5621 3447 5690 ὥσπερ

1867 5677 2260 5766 οὗτοςᾞύριος,
2288 5677 2418 5762 elo,
2444 5694 2536 5748 τοῦ
2581 5693 2704 5749 Υίοῦ
2738 5693 2829 5748 τοῦ
2857 5677 3040 5749 Θέοῦ.ἶ
