3748 6282
121 295 160 348 1
191 293 286 350 HQ
1096 298 1186 352 DE
1230 296 1507 354 TlTl‘LlS
1544 299 1989 356 PSALMORL'M.
2026 331 2098 342 —
2133 297 2335 356 PSAL.
2374 297 2488 353 CX.
3261 295 3400 356 “53

215 414 266 467 7.
303 412 514 467 Μνείαν
543 415 836 486 ἐποιήσατο
867 415 975 470 τῶν
1008 416 1330 488 Θαυμασίων
1363 417 1549 480 αὑτοῦ,

1753 430 1800 486 Α
1902 417 1950 470 7.
1983 415 2294 470 Memoriam
2323 414 2450 470 fecit
2473 415 2800 469 mirabilium
2829 430 3077 478 suorum,

211 505 264 560 8.
317 505 596 577 Ἐλεήμων
627 509 722 560 καὶ
746 508 1042 580 οἰκτίρμων
1069 512 1096 562 ό
1127 508 1341 581 Κύριος·

1899 509 1954 563 8.
1992 507 2298 562 Misericors
2328 518 2381 561 et
2413 509 2700 562 miserator
2729 506 2992 561 Dominus
3017 527 3029 562 :

208 599 266 654 9.
307 599 530 669 Τροφὴν
550 598 718 652 ἔδωκε
755 603 869 664 τοῖς
912 600 1266 672 φοϐουμένοις
1295 602 1475 655 αὐτόν.

1315 602 1475 655 ιύτόν.
1893 600 1944 654 9.
1979 600 2168 653 Escam
2194 597 2342 652 dedit
2370 598 2688 652 timentibus
2719 612 2795 652 se.

211 689 304 743 10.
345 691 736 761 Μνησθήσεται
766 695 844 756 εἰς
866 694 957 746 τὸν
984 693 1155 747 αἰῶνα
1183 693 1448 764 διαθήκης
1482 693 1645 747 αὑτοῦ
1669 709 1684 724 ⁸

1895 690 1980 746 10.
2019 688 2225 745 Memor
2255 690 2359 744 erit
2385 690 2438 743 in
2466 690 2728 744 saeculum
2764 691 3070 743 testamenti
3096 690 3178 742 sui
3205 708 3216 743 :

211 782 304 837 11.
347 786 522 855 ’ἰσχὺν
549 785 725 858 ἐργων
751 786 914 840 αὐτοῦ
945 787 1232 859 ἀνήγγειλε
1278 788 1356 859 τῷ
1393 787 1506 858 λαῷ
1534 787 1691 840 αὑτοῦ

1933 783 1979 836 1.
2014 781 2278 837 Virtutem
2306 797 2532 852 operum
2562 795 2788 837 suorum
2815 780 3162 834 aununtiabit
3200 781 3399 850 populo

1823 888 1947 933 SUO,

213 962 311 1015 12.
345 961 454 1014 Τοῦ
482 961 666 1016 δοῦναι
699 964 879 1026 αὐτοῖς
917 961 1277 1033 κληρονομίαν
1308 959 1499 1014 ἐθνῶν.

1897 961 1984 1015 12.
2017 961 2087 1017 Ut
2116 962 2207 1016 det
2237 962 2344 1017 illis
2365 962 2734 1017 luereditatem
2763 962 3027 1032 gentium,

211 1055 307 1108 13.
346 1055 526 1127 Ἔργα
555 1053 752 1126 χειρῶν
781 1053 943 1108 αὐτοῦ
976 1054 1202 1125 ἀλήθεια
1224 1053 1318 1107 καὶ
1346 1053 1543 1124 κρίσις.

1897 1056 1983 1109 15.
2019 1054 2195 1124 Opera
2221 1071 2482 1110 manuum
2513 1057 2653 1125 ejus,
2687 1056 2886 1110 veritas
2904 1065 2958 1110 et
2983 1055 3267 1125 judicium.

212 1149 309 1203 14.
339 1148 536 1202 Πισταὶ
566 1150 736 1202 πᾶσαι
765 1150 820 1201 αί
847 1147 1055 1201 ἐντολαὶ¹
1077 1148 1240 1200 αὑτοῦ
1268 1165 1282 1178 ·

1896 1149 1984 1203 14.
2016 1147 2220 1202 Fidelia
2253 1149 2438 1202 omnia
2467 1148 2722 1204 mandata
2753 1148 2872 1217 ejus
2910 1167 2921 1201 :

215 1242 308 1295 15.
350 1241 772 1312 Ἐστηριγμὲναι
796 1242 875 1303 είς
896 1241 990 1293 τὸν
1023 1239 1193 1294 αἰῶνα
1212 1239 1305 1292 τοῦ
1339 1238 1534 1300 αἰῶνος
1559 1255 1570 1267 ·

1453 1255 1570 1300 νος·
1898 1241 1982 1295 15.
2011 1239 2341 1295 Conlirmata
2377 1243 2430 1295 in
2463 1243 2720 1296 saeculum
2751 1243 2933 1296 satculi

212 1334 309 1387 16.
346 1333 721 1404 Πεποιημέναι
746 1335 804 1385 ἐν
835 1331 1063 1403 ἀληθεία
1091 1333 1187 1384 καὶ
1208 1331 1482 1400 εὐθύτητι.

1414 1347 1482 1383 τι.
1897 1331 1980 1385 ’6.
2014 1331 2176 1386 Facta
2210 1333 2263 1386 in
2292 1334 2518 1388 veritate
2547 1343 2601 1388 et
2624 1333 2894 1402 aequitate.

214 1428 309 1481 17.
347 1426 632 1498 Λύτρωσιν
657 1424 942 1479 ἀπέστειλε
977 1423 1304 1496 [ἀπέστειλε
1333 1422 1555 1491 Κύριος,
1587 1429 1691 1475 etc.

1928 1423 1980 1478 7.
2015 1422 2466 1494 Redemptiouem
2494 1426 2646 1480 misit
2675 1425 2846 1498 [misit
2876 1424 3164 1498 Dominus]
3196 1439 3399 1494 popu.o

135 1519 218 1588 τῷ
252 1517 372 1588 λαῷ
394 1517 555 1571 αὐτοῦ
587 1533 603 1549 ο

486 1517 555 1570 ποῦ
587 1533 603 1549 ο
1822 1530 1923 1570 suo
1954 1529 1966 1565 :

213 1609 306 1663 18.
352 1607 684 1662 Ἐνετείλατο
709 1609 789 1670 είς
819 1607 911 1661 τὸν
943 1605 1112 1660 αίῶνα
1143 1605 1408 1676 διαθήκην
1445 1603 1607 1658 αὑτοῦ
1634 1621 1648 1635 ·

1895 1606 1985 1662 18.
2018 1606 2294 1662 Mandavit
2323 1609 2375 1661 in
2408 1617 2669 1663 aeternum
2701 1618 3082 1664 testamentum
3109 1625 3302 1663 suum:

213 1703 306 1757 19.
347 1703 536 1770 ’Ἃγιον
561 1701 657 1755 καὶ
689 1699 917 1771 φοϐερὸν
938 1699 998 1751 τὸ
1018 1698 1189 1770 ὄνομα
1211 1697 1398 1751 αὑτοῦ.

1895 1697 1980 1752 19.
2012 1696 2272 1751 Sanctum
2303 1707 2358 1752 et
2385 1699 2626 1753 terribile
2659 1715 2854 1753 nomen
2890 1699 3027 1768 ejus.

209 1791 304 1844 20.
350 1790 518 1862 Ἀρχὴ
543 1789 734 1859 σοφίας
767 1789 932 1859 φόϐος
961 1787 1164 1862 Κυρίου
1189 1806 1202 1819 ’

1751 1807 1794 1861 Β
1891 1786 1983 1841 20.
2009 1785 2230 1843 Initium
2264 1791 2544 1860 sapientia:
2577 1792 2741 1846 timor
2764 1790 3019 1847 Domini:

207 1879 304 1932 2i.
332 1878 556 1942 Σύνεσις
582 1879 639 1932 δὲ
679 1878 858 1948 ἀγαθὴ
887 1879 1022 1932 πᾶσι
1051 1881 1161 1940 τοῖς
1190 1876 1436 1930 ποιοῦσιν
1472 1877 1644 1947 αὑτήν
1664 1894 1678 1906 ·

1915 1881 1983 1934 Η.
2017 1879 2327 1936 Intellectus
2360 1883 2538 1936 bonus
2567 1882 2824 1937 omnibus
2865 1883 3193 1938 facientibus
3234 1897 3395 1938 eam:

208 1971 303 2026 22.
349 1973 413 2024 Ἦ
429 1970 636 2034 αἴνεσις
648 1969 812 2023 αὐτοῦ
835 1970 983 2041 μένει
1003 1987 1026 2022 ε
1038 1971 1084 2032 ἰς
1099 1969 1190 2022 τὸν
1207 1968 1377 2022 αἰῶνα
1390 1966 1486 2020 τοῦ
1501 1967 1688 2031 αἰῶνος

1889 1971 1979 2025 22.
2004 1969 2269 2027 Laudatio
2293 1973 2412 2042 ejus
2436 1981 2617 2027 manet
2642 1973 2696 2026 in
2725 1974 2983 2027 saeculum
3015 1974 3212 2028 saeculi.

1264 2143 1643 2199 ATHANASII
1683 2143 2276 2202 INTERPRETATIO.

209 2307 268 2363 7.
302 2306 761 2378 Ἐμνημόνευσεν,
795 2307 867 2370 ὼς
915 2307 1139 2376 προεῖπε
1176 2305 1264 2358 διὰ
1290 2305 1396 2358 τῶν
1422 2305 1689 2375 προφητῶπ

1916 2307 1945 2360 ί.
1981 2305 2316 2363 Recordatus
2341 2318 2444 2371 est,
2479 2321 2536 2363 ut
2583 2310 2832 2378 prredixit
2866 2327 2962 2380 per
2985 2325 3115 2366 suos
3156 2311 3396 2380 prephe-

138 2398 337 2466 αὐτοῦ,
370 2398 563 2464 ἐλθεῖν,
595 2398 691 2452 καὶ
710 2398 786 2467 (1)
810 2398 900 2450 διὰ
925 2397 1036 2451 τῶν
1061 2395 1403 2468 παθημάτων
1425 2396 1591 2450 αὐτοῦ
1615 2422 1618 2442 ι

1825 2411 1935 2466 tas,
1968 2401 2176 2466 venire,
2206 2411 2258 2457 et
2280 2419 2376 2473 per
2399 2404 2707 2474 passionem
2737 2418 2892 2458 suam
2927 2403 3139 2458 salvare
3167 2419 3283 2458 nos.

138 2511 234 2548 σαι
271 2493 442 2564 ἡμᾶς.

211 2585 268 2640 8.
303 2584 460 2656 Ἐλεή
469 2599 585 2654 μων
607 2582 718 2653 γὰρ
751 2583 844 2637 καὶ
868 2581 1170 2654 οἰκτίρμων
1193 2582 1430 2654 ὑπάρχει
1449 2583 1479 2635 ὁ
1496 2580 1691 2653 Κύριος

1891 2579 1945 2634 8.
1972 2579 2285 2635 Misericors
2320 2580 2464 2637 enim
2501 2589 2552 2635 et
2580 2583 2866 2635 miserator
2895 2590 2979 2636 est
3003 2580 3287 2636 Dominus.

210 2678 268 2732 9.
315 2675 539 2730 Ἑαυτὸν
568 2674 677 2747 γὰρ
699 2675 927 2746 τροφὴν,
958 2674 1053 2727 καὶ
1077 2673 1144 2726 τὰ
1176 2673 1332 2742 λόγια
1357 2673 1523 2727 αὐτοῦ
1550 2673 1686 2727 ἐδωκ

1916 2674 1946 2725 ι.
1982 2669 2051 2725 Se
2082 2672 2260 2740 ipsum
2298 2672 2445 2725 enim
2473 2672 2527 2725 in
2553 2686 2759 2737 eseam,
2800 2682 2854 2726 et
2879 2671 3096 2743 eloquia
3126 2689 3225 2729 sua
3252 2674 3396 2748 dedit

134 2773 254 2834 τοῖς
276 2769 632 2839 φοϐουμένοις
653 2767 838 2821 αὐτόν.

836 2810 838 2819 λ
1822 2764 2139 2818 timentibus
2170 2779 2316 2818 eum.

217 2863 306 2916 10.
348 2861 729 2924 Ἀδιαλείπτως
767 2859 1134 2932 μνησθήσεται
1163 2857 1272 2912 τῶν
1315 2859 1488 2928 ἁγίων
1525 2856 1690 2912 αὐτοῦ

1915 2855 1983 2910 l0.
2015 2856 2387 2912 lndesinenter
2405 2859 2782 2914 recordabitur
2809 2869 3120 2914 sanctorum
3148 2873 3395 2913 suorum.

212 2955 303 3010 11.
338 2955 452 3024 Τὴν
483 2952 711 3023 δύναμιν
739 2951 846 3004 τῶν
877 2949 1110 3022 Γραφῶν
1141 2949 1218 3021 (2)
1256 2949 1364 3005 τῶν
1395 2950 1688 3024 προλεχθέν

1929 2947 1980 3002 1.
2021 2945 2285 3004 Virtutem
2313 2948 2442 3022 [hoc
2471 2960 2556 3005 est
2587 2966 2848 3005 arcanum
2876 2949 3125 3022 sensum]
3151 2951 3397 3020 Scriptu-

133 3064 246 3100 των
271 3045 583 3116 ἐφανέρωσε
612 3045 724 3106 τοῖς
760 3043 1078 3107 ἀποστόλοις
1105 3040 1292 3095 αὐτοῦ.

1918 3054 2002 3092 um
2036 3039 2102 3093 de
2153 3039 2218 3093 iis
2265 3056 2386 3111 quae
2437 3041 2695 3111 prazdicta
2749 3041 2994 3108 fuerunt,
3025 3039 3398 3096 maniiestavit

1818 3135 2085 3206 apostolis
2116 3135 2252 3189 suis.

213 3229 300 3282 l2.
328 3226 434 3281 Τοῦ
459 3226 641 3280 δοῦναι
671 3227 783 3288 τοῖς
809 3223 1128 3288 ἀποστόλοις
1155 3221 1408 3288 ἐξουσίαν
1431 3224 1693 3295 κυριεῢσα

1907 3225 1978 3282 12.
2017 3223 2084 3279 Ut
2121 3225 2276 3280 daret
2301 3227 2560 3297 apostolis
2590 3234 2911 3296 potestatem
2942 3223 3259 3280 dominandi
3289 3240 3387 3279 su-

136 3323 228 3376 διὰ
247 3321 332 3392 (3)
363 3321 456 3374 τοῦ
485 3320 840 3392 κηρύγματος
868 3321 1084 3375 πάντων
1107 3319 1216 3373 τῶν
1243 3318 1433 3374 ἐθνῶν.

1819 3330 1915 3385 per
1942 3332 2133 3372 omnes
2161 3327 2350 3386 gentes
2379 3333 2474 3389 per
2500 3317 2962 3388 praedicationem.

211 3414 301 3469 15.
336 3413 419 3468 Τὰ
449 3413 586 3486 ἔργα
615 3413 723 3468 τῶν
758 3413 1074 3467 ἀποστόλων
1101 3410 1266 3464 αὐτοῦ
1305 3411 1490 3474 πίστις
1519 3410 1615 3466 καὶ
1640 3410 1690 3465 δι

1894 3409 1979 3463 15.
2010 3409 2186 3478 Opera
2214 3411 2586 3480 apostolorum
2613 3409 2734 3478 ejus
2761 3408 2893 3463 lides
2926 3408 3223 3478 etjnstitia.

139 3503 426 3576 καιοσύνη.

215 3598 304 3651 14.
348 3595 596 3666 Ἀληθεῖς
623 3597 678 3648 αἱ
708 3595 1028 3664 ἐπαγγελίαι
1060 3593 1246 3649 αὐτοῦ.

1747 3581 1790 3638 C
1899 3590 1985 3644 M.
2017 3588 2171 3645 Vera:
2200 3590 2601 3658 promissiones
2625 3590 2763 3659 ejus.

214 3689 302 3742 15.
334 3687 436 3741 Καὶ
467 3687 857 3759 ἀμεταμέλητα
880 3688 951 3740 τὰ
973 3688 1288 3760 χαρίσματα
1321 3685 1488 3740 αὑτοῦ
1515 3686 1618 3756 (4).

1481 3685 1618 3756 ἱμ).
1890 3681 1976 3735 15.
2015 3680 2080 3734 Et
2114 3681 2230 3736 sine
2259 3681 2575 3751 ptenitentia
2597 3681 2739 3735 dona
2773 3681 2961 3750 ipsius.

217 3780 302 3834 16.
333 3778 758 3851 Κατηρτισμένα
785 3778 959 3849 (5).ἐν
986 3780 1168 3832 πίστει
1210 3779 1304 3832 καὶ
1353 3777 1688 3848 δικαιοσύνῃ.

1353 3777 1688 3848 δικαιοσύνῃ.
1896 3774 1984 3828 16.
2011 3772 2260 3828 Perfecta
2289 3774 2342 3827 in
2387 3773 2488 3828 lide
2519 3783 2574 3829 et
2601 3773 2832 3842 justitia.

212 3872 302 3925 17.
342 3872 400 3924 ’0
433 3871 626 3942 Πατὴρ
653 3870 746 3924 τὸν
786 3869 914 3924 Υίόν
943 3869 1109 3926 αὑτοῦ
1153 3870 1245 3923 τὸν
1287 3869 1555 3942 μονογενῆ
1594 3869 1692 3922 ἔδω

1927 3865 1979 3921 7.
2026 3863 2190 3920 Pater
2243 3864 2439 3920 Filium
2487 3881 2647 3921 suum
2694 3863 3036 3934 unigenitum
3087 3861 3237 3917 dedit
3296 3875 3395 3930 pro

141 3982 238 4018 κεν
266 3963 404 4033 ὑπὲρ
427 3963 526 4034 τῆς
552 3963 646 4016 τοῦ
682 3963 888 4034 κόσμου
924 3964 1090 4034 ζωῆς.

682 3963 888 4034 κόσμου
924 3964 1090 4034 ζωῆς.
1819 3960 2004 4014 mundi
2036 3961 2162 4013 vita.

216 4055 298 4110 18.
342 4055 673 4108 Ἑνετείλατο
711 4057 824 4118 τοῖς
852 4057 1201 4111 πιστεύουσιν
1243 4053 1393 4126 αὐτῷ
1424 4055 1696 4126 φυλάσσεν

1913 4053 1985 4108 18.
2013 4053 2278 4125 Prmcepit
2322 4053 2666 4110 credentibus
2712 4052 2760 4106 ei
2814 4049 3088 4105 custodire
3138 4041 3393 4100 mandata

141 4147 208 4200 τὰ
233 4147 633 4217 πυοστάγματα
663 4144 848 4200 αὐτοῦ.
1823 4164 1943 4203 sua.
2520 4133 2523 4135 ί

212 4238 302 4293 19.
339 4237 586 4302 Ἔνδοξον
609 4241 721 4302 τοῖς
751 4238 929 4308 ἁγίοις
962 4255 1055 4291 και
1083 4238 1312 4310 φοϐερὸν
1343 4242 1457 4303 τοῖς
1500 4239 1692 4311 δαίμοσ

1913 4238 1986 4294 l9.
2039 4238 2354 4294 Gloriosum
2401 4239 2625 4302 sanctis,
2675 4246 2727 4290 et
2775 4233 3014 4289 terribile
3055 4227 3393 4285 daemonibus

142 4332 204 4385 τὸ
223 4331 396 4403 ὄνομα
417 4330 601 4385 αὐτοῦ.

1823 4344 2020 4383 nomen
2047 4329 2185 4398 ejus.

211 4423 303 4478 20.
332 4422 442 4477 Κάι
462 4424 628 4496 ἀρχαὶ
656 4424 732 4496 (6)
778 4423 1013 4487 πίστεως
1042 4424 1102 4477 τὸ
1128 4423 1430 4495 φοϐηθῆναι
1467 4424 1559 4477 τὸν
1602 4422 1691 4477 Κύ·

1660 4422 1712 4475 3-
1826 4482 1836 4486 ,
1894 4422 1984 4477 20.
2020 4421 2087 4476 ΕΙ.
2117 4421 2330 4476 initium
2361 4421 2481 4476 ﬁdei
2516 4419 2706 4474 timere
2728 4417 3016 4472 Dominum
3045 4412 3140 4483 (a).

184 4535 255 4569 ιον
264 4556 276 4569 .

184 4535 276 4569 ιον.

145 4535 176 4587 ρ
208 4608 298 4661 21.
330 4608 505 4679 Χάρις
536 4608 594 4661 δέ
616 4608 932 4680 Πνεύματος
963 4608 1118 4679 ἁγίου
1152 4607 1270 4664 ἐστὶ
1301 4611 1439 4663 πᾶσι
1479 4613 1625 4674 τοῖς‹

1914 4599 1983 4652 ll.
2023 4597 2208 4653 Gratia
2239 4606 2419 4652 autem
2456 4597 2692 4666 Spiritus
2731 4593 2902 4650 sancti
2924 4601 3006 4648 est
3040 4589 3290 4646 omnibus
3323 4586 3394 4641 ti-

144 4701 422 4770 ϐουμένοις
447 4701 539 4754 τὸν
564 4699 780 4770 Κύριον.

1819 4693 2093 4748 mentibus
2115 4692 2428 4748 Dominum.

209 4789 296 4844 22.
325 4789 705 4863 ’Δτελεύτητος
740 4790 888 4862 μένει
917 4791 992 4864 (7)
1026 4795 1060 4864 ἡ
1107 4793 1311 4857 αἷνεσις
1360 4791 1454 4845 τοῦ
1489 4789 1686 4845 Κυοίου

1514 4789 1708 4845 ἱυοίου.
1743 4804 1794 4864 ι)
1894 4786 1981 4842 32.
2013 4783 2142 4839 Sine
2167 4785 2271 4839 ﬁne
2301 4793 2483 4838 manet
2515 4779 2752 4835 laudatio
2781 4776 2994 4833 Domini

1093 4968 1409 5032 Addenda
1441 4978 1502 5032 et
1539 4965 1916 5047 corrigenda
1950 4982 2028 5026 ex
2067 4961 2208 5024 cod.
2237 4960 2440 5023 Vatic.

213 5130 286 5199 (1)
312 5123 412 5183 Ὧν
438 5135 693 5202 προεῖπεν
725 5133 772 5186 δ.
804 5150 855 5185 τ.
883 5150 940 5187 π.
975 5133 1068 5186 τοῦ
1094 5133 1287 5201 ἐλεεῖν,
1316 5131 1430 5200 καί,
1458 5143 1587 5198 etc.,
1610 5149 1714 5186 σω-
1894 5127 1970 5211 (1)
2007 5127 2422 5250 ’ᾼμεταμέλὲτα
2451 5127 2558 5198 γὰρ
2583 5125 2651 5178 τὰ
2681 5124 2988 5195 χαρίσματα
3008 5125 3101 5174 τοῦ
3133 5119 3286 5178 Θεοῦ.

181 5204 297 5250 ἰναι
322 5203 490 5250 ἡμᾶς.
1891 5198 1966 5250 (ὃ)
2001 5197 2321 5250 Κατηοτισυ.
2353 5217 2459 5250 ναι.

146 5200 297 5340 θη(ᾜῖ
321 5203 625 5344 ἷίερῗξητῶν
659 5272 800 5344 (leg.
838 5273 1018 5342 potius
1048 5273 1267 5328 videtur
1304 5270 1626 5344 wpocpn'rau'b‘

212 5343 288 5409 (ὅ)
316 5343 420 5396 Διά
441 5344 614 5398 deest.

1274 5200 1278 5201 ⁷
1891 5200 1966 5270 (ὅ)
2001 5200 2459 5269 Κατηρτισμέναι.

1205 5288 1267 5327 ur
1304 5270 1711 5344 προφητειῶν.)
1891 5269 1966 5409 (ϐξ
2003 5269 2194 5392 “ire,
2229 5279 2357 5332 etc.,
2391 5269 2492 5322 καί
2522 5274 2575 5321 ct
2601 5267 2685 5319 τό.

1892 5338 1944 5408 (‘7
2000 5342 2056 5393 Μ
2088 5357 2173 5392 tu
2196 5339 2365 5394 deest.

212 5338 288 5414 (ὅ)
316 5338 614 5398 Διὶὶύέθεῑ.
668 5338 677 5344 ’
751 5338 776 5344 ⁷
839 5338 855 5342 “
1351 5338 1360 5344 ’
1429 5338 1487 5344 ’⁷

1351 5338 1360 5344 ’
1429 5338 1437 5341 ⁷
1477 5338 1487 5344 ⁷
1693 5338 1700 5340 “
1892 5338 1966 5409 (7)
2000 5338 2173 5393 Μένει
2196 5339 2364 5394 deest.

214 5555 289 5630 (α)
327 5557 505 5612 Aliam
553 5557 709 5613 aﬂ‘ert
747 5555 884 5613 Dan.
927 5556 1199 5613 Barbarus
1239 5558 1765 5628 interpretationem,
1812 5574 1932 5630 quae
1967 5566 2050 5613 est
2091 5557 2318 5628 Didymi.
