3748 6282
158 239 324 294 1157

254 355 304 407 6.
346 354 404 407 Ὀ
443 352 711 425 Ἰορδάνης
740 355 985 428 ἐστράφη
1020 357 1100 419 εἰς
1124 357 1193 412 τά
1223 357 1418 412 ὀπίσω.

257 445 302 498 7.
335 445 418 498 Τά
445 444 546 518 ὅρη
573 446 899 517 ἑσκίρτησαν
929 447 1061 502 ὡσεὶ
1096 451 1274 521 κριοί·

253 539 304 592 8.
340 538 453 590 Kal
481 539 530 591 οἱ
565 538 746 608 βουνο“ι
775 539 850 604 ὡς
883 541 1044 613 ἀρνία
1077 543 1386 615 προϐάτων.

251 628 302 682 9.
332 629 398 681 Τί
437 628 519 681 σοί
544 631 682 693 ἐστι,
720 629 989 696 θάλασσα,
1019 634 1100 687 ὃτι
1134 634 1373 704 ἔφυγες;

253 721 339 774 10.
369 720 481 773 Kal
513 721 600 784 σὺ,
647 722 906 794 Ἱορδάνη,
939 725 1019 778 ὅτι
1054 727 1328 799 ἐστράφης
1355 730 1434 792 είς
1458 728 1524 782 τά
1555 729 1763 795 όπίσω;

252 807 338 860 11.
367 806 451 862 Τὰ
476 807 600 880 ὅρη,
625 810 704 862 ὅτι
734 806 1097 885 ἐσκιρτῆσατε
1127 816 1259 870 ὡσεὶ
1291 818 1464 889 κριοί;

250 898 336 952 19..
371 900 482 953 Kal
515 902 562 953 οί
601 901 780 972 βουνοὶ
811 904 888 967 ὡς
915 906 1079 977 ἀρνία
1111 909 1398 980 προϐάτων
1424 927 1439 975 ;
1465 951 1467 954 ‹

251 992 336 1045 15.
379 992 514 1046 Ἀπὸ
541 994 834 1064 προσώπου
867 998 1074 1069 Κυρίου
1105 1000 1370 1073 ἐσαλεύθη
1404 1004 1436 1073 ἡ
1473 1003 1566 1074 γῆ,

248 1085 334 1138 11.
379 1085 512 1138 Ἀπὸ
547 1085 842 1157 πρὼσοπου
868 1089 961 1142 τοῦ
989 1090 1124 1144 Θεοῦ
1161 1092 1352 1147 Ἰακώό
1375 1109 1388 1122 ·

246 1178 330 1231 13.
353 1177 461 1231 Τοῦ
487 1179 818 1250 στρέψαντος
846 1182 944 1252 τὴν
974 1183 1181 1256 πέτραν
1206 1187 1285 1250 είς
1304 1186 1500 1257 λίμνας
1522 1187 1755 1252 ὑδάτων.
1833 1227 1842 1237 .

244 1269 332 1324 16.
360 1271 474 1325 Kal
501 1272 601 1343 τὴν
630 1273 936 1344 ἀκρότομον
965 1277 1045 1340 εἰς
1077 1277 1258 1348 πηγάς
1291 1279 1519 1336 ὑδάτων.

243 1363 328 1416 17.
361 1363 454 1435 Μὴ
485 1366 638 1434 ἡμῖν,
665 1364 862 1436 Κύριε,
903 1365 978 1438 μὴ
1003 1369 1156 1438 ἡμῖν,

241 1455 327 1508 18.
371 1454 512 1508 Ἀλλ’
536 1457 570 1528 ἢ
604 1457 682 1528 τῷ
709 1458 937 1530 ὀνόματί
965 1477 1056 1514 σου
1083 1460 1173 1525 δὸς
1196 1461 1377 1526 δόξαν.

243 1546 329 1600 19.
369 1547 494 1601 Ἐπὶ
525 1547 604 1620 τῷ
636 1548 776 1602 ἐλέει
809 1567 902 1604 σου
933 1551 1028 1604 καὶ
1051 1555 1114 1624 τῇ
1141 1553 1371 1625 ἀληθείᾳ
1404 1571 1496 1608 σου
1517 1571 1532 1584 °

237 1633 329 1687 20.
367 1635 594 1706 Μήποτε
640 1636 837 1728 εἴπωσι
885 1637 955 1692 τὰ
999 1639 1128 1712 ἔθνη
1155 1657 1169 1672 ·
1220 1641 1331 1695 Ποῦ
1380 1645 1528 1698 ἐστιν
1561 1643 1590 1697 ὁ
1621 1644 1754 1709 Θεὸς

154 1725 350 1778 αὐτῶν
374 1742 391 1791 ;

1091 238 1180 293 DE
1219 238 1403 298 TITU':
1432 238 1493 295 IS
1532 240 1980 298 PSALMORUM.
2021 273 2092 286 --
2129 243 2326 299 PSAL.
2367 242 2552 302 CXIII.

3310 251 3451 314 H53

1792 370 1839 426 Α
1935 362 1988 424 6.
2025 361 2278 420 Jordanis
2306 379 2606 422 conversus
2646 376 2730 424 est
2771 377 3092 426 retrorsum.

1945 452 1995 508 7.
2038 453 2247 511 Montes
2275 457 2686 512 exsultaverunt
2718 468 2776 515 ut
2801 461 3001 517 arietes
3036 479 3051 514 :

1945 543 2000 598 8.
2041 542 2108 598 Et
2137 545 2304 601 colles
2337 546 2480 602 sicut
2509 549 2635 618 agni
2665 549 2872 607 ovium.

1941 634 1993 688 9.
2030 636 2169 702 Quid
2205 646 2289 693 est
2319 639 2440 706 tibi,
2477 656 2648 705 mare,
2691 644 2836 712 quod
2868 643 3092 714 fugisti?

1945 726 2028 782 10.
2065 727 2127 782 Ει
2156 739 2233 796 ιιι,
2256 729 2528 798 Jordanis,
2547 735 2672 804 quia
2698 751 2997 794 conversus
3017 757 3074 795 es
3092 751 3389 798 retrorsum
3411 743 3436 798 ἓ

1943 819 2030 874 11.
2072 819 2306 887 Montes,
2330 825 2457 893 quia
2494 827 2814 901 exsultastis
2837 830 2978 886 sicut
3004 833 3234 889 arietes?

1940 910 2027 965 12.
2063 911 2127 965 Et
2151 915 2316 970 colles
2351 917 2493 972 sicut
2527 919 2654 990 agni
2683 921 2906 976 avium?

1940 1002 2024 1056 15.
2067 1005 2112 1056 Α
2143 1003 2281 1060 facie
2312 1007 2528 1065 Domini
2565 1023 2711 1066 mota
2743 1021 2826 1068 est
2861 1022 3027 1083 terra,

1940 1093 2024 1148 14.
2063 1097 2107 1148 Α
2133 1094 2269 1152 facie
2296 1098 2388 1154 Dei
2422 1100 2630 1158 Jacob:

1937 1186 2022 1240 15.
2071 1187 2173 1253 Qui
2217 1194 2483 1248 convertit
2517 1205 2726 1264 petram
2782 1197 2837 1252 in
2893 1209 3084 1272 stagna
3147 1217 3438 1273 aquarum,

1937 1277 2022 1331 16.
2064 1279 2125 1333 Ει
2157 1298 2345 1351 rupem
2381 1286 2432 1338 in
2468 1286 2645 1344 fontes
2689 1305 2978 1360 aquarum.

1936 1369 2022 1427 17.
2063 1369 2183 1425 Non
2218 1376 2399 1442 nobis,
2435 1377 2684 1445 Domine,
2721 1399 2830 1438 non
2866 1385 3048 1454 nobis,

1934 1460 2019 1515 18.
2063 1463 2166 1519 Sed
2194 1469 2401 1521 nomini
2430 1477 2524 1525 tuo
2553 1473 2620 1526 da
2656 1463 2908 1540 gloriam.

1933 1554 2019 1608 19.
2061 1554 2236 1627 Super
2282 1560 2657 1621 misericordia
2689 1575 2777 1621 tua
2810 1578 2864 1624 et
2893 1571 3119 1627 veritate
3153 1579 3244 1628 tua
3273 1591 3287 1627 :

1928 1649 2024 1705 20.
2067 1649 2363 1724 Nequando
2412 1656 2597 1714 dicant
2642 1673 2849 1731 gentes,
2901 1665 2992 1720 ubi
3026 1675 3109 1722 est
3143 1665 3286 1722 Deus
3338 1684 3433 1724 eo-

1784 1732 1832 1792 B
1861 1753 1980 1793 rum
2006 1741 2029 1794 ?

1298 1888 1677 1945 ATHANASII
1721 1891 2310 1958 INTERPRETATIO.

233 2034 292 2089 6.
333 2033 395 2087 Ὀ
417 2034 493 2105 (1)
533 2035 800 2108 Ἰορδάνης
826 2039 1188 2111 ἑρμηνεύεται
1219 2041 1295 2110 τῇ
1326 2041 1593 2112 ἐσχάτῳο
1620 2044 1753 2115 πλῆ-

155 2129 258 2190 6ος
289 2122 385 2181 οὖν
416 2127 525 2180 τῶν
570 2128 739 2185 ἐθνῶν
778 2130 1123 2204 ἀνεχώρησεν
1172 2135 1282 2188 ἀπὸ
1327 2136 1426 2206 τῆς
1470 2135 1754 2191 εἰδωλολα-

151 2215 352 2284 τρείας
372 2256 387 2281 ,
422 2217 516 2270 καὶ
551 2213 680 2288 ἦλθε
713 2219 850 2291 πρὸς
881 2221 972 2274 τὸν
1004 2221 1062 2288 ἐξ
1099 2223 1275 2295 ἀρχῆς
1305 2226 1614 2298 Δεσπότην,
1657 2229 1753 2284 καὶ

153 2318 236 2379 Δη
247 2309 512 2379 μιουργὸν
539 2310 770 2381 Ἰησοῦν.

232 2400 288 2455 ’1.
335 2401 401 2454 Ol
437 2403 712 2474 προφῆται
756 2405 1081 2474 ἀγάλλονται
1130 2409 1226 2462 καὶ
1271 2411 1363 2463 ἐπὶ
1402 2413 1470 2483 τῇ
1524 2411 1599 2484 (2)
1634 2413 1753 2467 ἐπι-

156 2494 376 2562 στροφῇ
405 2493 514 2547 τῶν
540 2493 708 2549 ἐθνῶν
734 2512 748 2527 ⁸

233 2583 287 2638 8.
309 2585 424 2638 Kal
453 2586 500 2638 οί
526 2586 590 2639 ἑκ
605 2588 714 2641 τῶν
735 2591 1028 2661 προφητῶν
1049 2591 1447 2658 ἀνατείλαντες,
1474 2596 1752 2650 τουτέστιν

151 2676 208 2731 οἱ
243 2675 535 2730 ἀπόστολοι
562 2678 750 2755 ὥσπερ
777 2682 825 2734 oi
855 2681 1032 2753 βουνοὶ
1057 2685 1121 2738 ἐκ
1148 2685 1254 2738 τῶν
1277 2686 1469 2758 ὀρέων.

232 2769 287 2824 9.
322 2768 390 2822 Τί
425 2771 506 2823 σοί
531 2772 678 2826 ἐστιν
702 2814 716 2840 ,
758 2773 1171 2848 εἰδωλολατρεία
1189 2817 1204 2843 ,
1233 2777 1316 2832 ὅτι
1344 2778 1544 2850 ἔφυγες
1563 2820 1579 2846 ,
1613 2781 1750 2855 ὅπερ

157 2861 257 2913 ἐπὶ
283 2860 394 2914 τῶν
429 2864 722 2936 προφητῶν
752 2867 851 2920 οὐκ
879 2867 1168 2940 ἑποίησας;

231 2951 327 3008 10.
362 2955 473 3008 Kal
500 2956 691 3027 ὑμεῖς,
725 2959 795 3012 τὰ
839 2959 968 3034 ἔθνη
999 2962 1194 3031 πάντα,
1221 2965 1303 3019 ὅτι
1333 2966 1606 3040 ἀπέστητε
1641 2968 1753 3024 ἀπὸ

155 3048 260 3119 τῆς
289 3045 732 3123 εἰδωλολατρείας
752 3069 767 3118 ;

234 3141 324 3194 11.
344 3141 455 3194 Καὶ
481 3142 657 3213 ὑμεῖς,
680 3145 729 3198 οἱ
751 3148 1048 3220 προφῆται,
1075 3150 1156 3204 ὅτι
1186 3151 1356 3216 οὕτως
1379 3152 1710 3221 ἀγαλλιᾶσθε
1731 3172 1746 3221 ;

235 3234 322 3288 12.
359 3233 590 3305 Ὁμοίως
634 3237 726 3290 καὶ⁵
769 3240 946 3312 ὑμεῖς,
988 3243 1037 3295 οἱ
1061 3244 1124 3296 ἐκ
1152 3245 1259 3296 τῶν
1285 3246 1580 3318 προφητῶν
1609 3247 1748 3301 ἀπό-

157 3323 368 3386 στολοι,
407 3324 460 3376 τί
493 3323 667 3390 οὕτως
689 3328 942 3399 χαίρετε;

234 3416 326 3469 15.
370 3416 536 3487 Ὁμοῦ
581 3419 638 3471 δὲ
671 3420 872 3486 πάντες
924 3424 1342 3496 ἀποκρίνονταιο
1370 3429 1405 3501 ή
1451 3427 1550 3500 μὲν
1595 3429 1747 3485 εἰδω-

154 3508 449 3580 λολατρεία
468 3511 872 3586 ἀποδυρομένη,
891 3516 963 3569 τὰ
987 3517 1043 3569 δὲ
1074 3518 1222 3590 ἐθνη,
1247 3518 1342 3573 καὶ
1375 3521 1424 3575 οἱ
1447 3521 1742 3594 προφῆται,

154 3604 254 3656 xal
283 3605 333 3657 oi
365 3605 654 3660 ἀπόστολοι
686 3609 968 3680 χαίροντες
1001 3611 1218 3682 βοῶσιν,
1241 3615 1344 3680 ὅτι,
1370 3616 1629 3687 ὀφθέντος
1650 3618 1744 3673 τοῦ

155 3695 298 3750 Θεοῦ
329 3697 422 3750 ἐπὶ
460 3699 558 3770 τῆς
590 3699 715 3771 γῆς,
747 3701 949 3768 πάντες
991 3706 1358 3780 μετετέθησαν
1391 3710 1471 3773 εἰς
1499 3709 1599 3782 τὴν
1627 3712 1746 3764 ἐπί-

153 3805 365 3858 γνωσιν
395 3791 586 3848 αὑτοῦ.

233 3881 322 3934 14.
351 3881 485 3935 Ἀπὸ
511 3882 612 3954 τῆς
639 3886 941 3955 παρουσίας
961 3887 1055 3942 τοῦ
1083 3887 1219 3942 Θεοῦ
1251 3891 1620 3963 κηρυχθέντος
1643 3893 1740 3965 (5)’

167 3971 388 4027 Ἰακὼό
412 3971 520 4045 γὰρ
556 3976 920 4047 ἑρμηνεύεται
947 3979 1125 4049 ἀκοή.

232 4065 322 4119 15.
368 4064 475 4118 Τοῦ
537 4068 936 4138 μεταϐαλόντος
993 4070 1069 4142 (4)
1125 4070 1222 4144 τὴν
1267 4071 1471 4143 λιθίνην
1513 4073 1742 4145 καρδίαν

153 4158 271 4212 τῶν
295 4158 466 4214 ἐθνῶν
495 4162 574 4224 εἰς
596 4162 697 4233 τὴν
722 4162 880 4234 χάριν
901 4183 912 4193 ·
933 4163 1194 4230 Δυνατὸς
1215 4163 1325 4233 γάρ
1345 4166 1515 4218 ἐστιν
1531 4169 1562 4219 ὀ
1577 4167 1742 4234 Θεὸς,

157 4249 344 4314 καθὼς
373 4247 524 4305 εἶπεν
544 4251 849 4325 [Ἰωάννης,
876 4256 1082 4327 ἐγεῖραι
1103 4255 1290 4328 τέκνα]
1316 4257 1448 4328 υἱῷ’
1469 4259 1743 4328 Ἔγειρον

154 4341 344 4396 τέκνα
371 4340 448 4407 τῷ
479 4343 724 4415 Ἀϐραὰμ
752 4345 821 4399 ἐκ
848 4344 966 4398 τῶν
985 4347 1172 4401 λίθων
1195 4347 1442 4400 τούτων.

230 4433 321 4491 16.
364 4435 474 4488 Kal
517 4437 614 4508 τὴν
659 4437 1034 4509 σκληροτάτην
1066 4438 1245 4492 αὑτῶν
1285 4438 1526 4494 διάνοιαν
1561 4441 1643 4505 είς
1673 4441 1742 4494 τὰ

153 4526 472 4598 χαρίσματα
498 4529 683 4584 αὑτοῦ.

231 4620 318 4674 17,
347 4622 458 4692 Οὐχ
482 4623 557 4676 ὅτ’
585 4623 725 4690 ἄξιοί
758 4626 948 4696 ἐσμεν,
973 4625 1130 4680 τοῦτο
1163 4625 1242 4697 (5)
1269 4625 1530 4695 ἐποίησας
1554 4627 1595 4692 ’3

1921 2051 1974 2105 6.
2014 2049 2270 2105 Iordanis
2314 2052 2702 2125 interpretatur
2731 2060 2785 2112 in
2824 2071 3059 2117 extremo
3085 2079 3104 2116 :
3131 2067 3428 2124 multitudo

1854 2140 2023 2213 igitur
2057 2143 2297 2213 gentium
2333 2147 2562 2202 secessit
2598 2149 2668 2204 ab
2713 2151 3043 2218 idololatria,
3078 2168 3132 2211 et
3176 2161 3325 2215 venit
3357 2163 3427 2216 ad

1853 2235 2137 2306 antiquum
2174 2234 2486 2305 Dominum,
2513 2251 2568 2296 et
2597 2240 2910 2300 Creatorem
2937 2245 3145 2303 Jesum.

1926 2417 1976 2471 7.
2017 2415 2304 2489 Propheta:
2371 2420 2650 2476 exsultant
2724 2423 2888 2478 etiam
2941 2423 2998 2478 in
3064 2427 3425 2485 conversione

1853 2510 2093 2580 gentium
2113 2526 2128 2562 :

1922 2600 1976 2658 8.
2017 2601 2083 2658 Et
2115 2603 2208 2674 qui
2236 2619 2302 2658 ex
2345 2604 2623 2674 prophetis
2669 2605 2774 2661 orti
2825 2614 2974 2672 sunt,
3027 2608 3134 2664 hoc
3162 2618 3248 2664 est
3291 2624 3427 2680 apo-

1852 2692 1976 2748 stoli
2009 2693 2151 2748 sicut
2183 2694 2352 2749 colles
2390 2709 2458 2749 ex
2489 2696 2789 2751 montibus.

1923 2783 1978 2838 9.
2018 2783 2159 2851 Quid
2209 2794 2294 2840 est
2333 2786 2451 2850 tibi,
2481 2786 2806 2854 idololatria,
2843 2787 2987 2859 quod
3034 2788 3242 2862 fugisti,
3279 2791 3425 2862 quod

1852 2877 1954 2933 sub
1981 2877 2259 2947 prophetis
2291 2893 2400 2933 non
2447 2878 2669 2935 fecisti?

1924 2967 2011 3022 10.
2055 2967 2120 3023 Ει
2150 2985 2270 3038 vos,
2313 2978 2499 3042 gentes
2533 2987 2747 3039 omnes,
2792 2973 2937 3044 quod
2975 2974 3319 3033 abscessistis
3355 2977 3427 3032 ab

1851 3059 2157 3116 idololatria
2181 3062 2204 3115 ?

1925 3153 2015 3207 11.
2058 3153 2125 3207 Et
2153 3169 2274 3216 vos,
2299 3155 2596 3226 propheta),
2632 3157 2778 3228 quod
2809 3158 2944 3214 adeo
2973 3160 3324 3216 exsultastis?

1926 3245 2013 3299 19.
2053 3245 2316 3303 Similiter
2359 3249 2522 3303 etiam
2566 3265 2684 3317 vos,
2720 3251 2815 3322 qui
2859 3267 2924 3307 ex
2972 3253 3253 3324 prophetis
3292 3253 3426 3309 estis

1773 3335 1819 3398 C
1852 3338 2108 3408 apostoli,
2137 3355 2236 3394 cur
2265 3339 2338 3394 ita
2380 3340 2628 3409 gaudetis
2647 3342 2672 3394 ?

1918 3431 2006 3484 15.
2051 3429 2226 3485 Simul
2273 3447 2465 3487 omnes
2518 3433 2894 3503 respondent:
2950 3434 3253 3490 idololatria
3299 3435 3424 3506 qui-

1845 3520 1969 3576 dem
2021 3521 2361 3586 lamentans,
2420 3533 2606 3593 gentes
2664 3535 2870 3586 autem,
2919 3532 2973 3579 et
3026 3526 3321 3595 pI-Ophetae,
3371 3535 3426 3580 et

1845 3613 2079 3682 apostoli
2129 3613 2426 3684 gaudentes
2485 3613 2747 3679 clamant,
2805 3614 3088 3684 quoniam,
3129 3624 3426 3684 apparentc

1845 3704 1959 3760 Deo
2009 3705 2063 3760 in
2101 3713 2267 3768 terra,
2301 3720 2492 3761 omnes
2539 3706 2788 3762 translati
2821 3715 2949 3762 sunt
2992 3707 3047 3762 in
3082 3706 3202 3776 ejus
3235 3706 3424 3776 cogni-

1845 3795 2069 3850 tionem.

1918 3886 2006 3939 M.
2042 3885 2124 3940 Ab
2153 3884 2534 3954 adventnDei,
2569 3886 2662 3958 qui
2699 3887 3055 3943 annuntiatus
3084 3896 3209 3945 est:
3252 3886 3420 3943 Iacob

1845 3977 1991 4032 enim
2035 3978 2427 4048 interpretatur
2457 3979 2684 4034 auditio.

1843 4107 1865 4140 ι
1917 4069 2005 4124 15.
2054 4068 2542 4137 Qui.transmutat
2603 4071 2818 4144 lapidea
2864 4073 3106 4144 gentium
3150 4074 3315 4130 corda
3364 4073 3420 4129 in

1845 4164 2075 4234 gratiam
2111 4182 2124 4214 :
2160 4163 2422 4229 Quoniam
2454 4173 2634 4234 potens
2667 4174 2746 4219 est
2771 4165 2933 4231 Deus,
2965 4166 3422 4235 quemadmodum

1844 4255 1980 4310 dixit
2003 4254 2241 4312 Joannes
2266 4297 2281 4324 ,
2324 4258 2584 4311 suscitare
2628 4257 2770 4327 ﬁlios
2811 4258 3081 4311 Abraham
3125 4259 3186 4310 de
3225 4258 3422 4326 lapidi-

1846 4349 1941 4400 bus
1975 4348 2093 4400 istis
2133 4347 2202 4401 ".

1917 4436 2004 4491 16.
2049 4435 2114 4492 Et
2143 4437 2495 4493 durissimam
2514 4438 2731 4493 illarum
2761 4447 2997 4494 mentem
3025 4439 3080 4493 in
3108 4439 3228 4510 ejus
3252 4441 3417 4495 dona.

1915 4574 2003 4673 17.
2044 4614 2164 4672 Non
2197 4617 2324 4688 quia
2356 4632 2456 4672 nos
2488 4617 2636 4688 digni
2668 4617 2863 4682 simus,
2890 4617 2995 4674 hoc
3023 4617 3201 4673 fecisti
3234 4634 3250 4672 :

232 4713 319 4768 18.
361 4679 500 4768 Ἀλλ’
531 4716 617 4768 ἴνα
633 4679 865 4790 δοξασθῇ
891 4679 952 4772 τό
980 4679 1291 4790 ὅνομάὶσόυ,
1316 4679 1730 4790 ὅτιιφιλάνθρω-
1770 4679 1797 4736 Ῑ

1921 4709 2002 4764 18.
2046 4708 2152 4765 Sed
2192 4679 2253 4764 ut
2301 4679 2630 4779 gloriﬁcetur
2674 4725 2872 4766 nomen
2924 4718 3101 4778 tuum,
3158 4711 3419 4783 quoniam

157 4823 262 4871 πος
287 4805 384 4860 καὶ
416 4807 663 4880 ἐλεήμων
695 4805 762 4863 εἴ.

231 4897 317 4953 19.
353 4897 452 4952 Διά
481 4899 542 4952 τὸ
573 4900 719 4964 ἔλεός
749 4918 844 4954 σου
869 4903 962 4956 καὶ
990 4903 1089 4975 τὴν
1116 4902 1375 4976 ἀλήθεάιν
1410 4919 1524 4957 σου.

226 4990 318 5047 20.
350 4991 464 5045 Ἵνα
499 4991 575 5063 μὴ
605 4995 985 5064 καυχήσωνται
1011 4997 1066 5049 αἱ
1092 4997 1330 5050 ἐναντίαι
1358 4997 1616 5067 δυνάμεις
1637 4992 1733 5050 λέ·-

154 5100 350 5154 γουσαι
371 5099 384 5112 ο
414 5082 525 5136 Ποῦ
557 5084 703 5138 ἐστιν
729 5087 758 5137 ὁ
782 5084 914 5149 Θεὸς
941 5088 968 5139 ὁ
1001 5087 1230 5157 ποιήσας
1262 5085 1461 5150 αὐτούς
1485 5103 1501 5153 ;

228 5218 275 5251 ⁸⁸
304 5217 496 5274 Matth.
525 5235 609 5286 ιιι,
654 5221 710 5278 9.

1836 4803 2105 4873 benignus
2135 4809 2190 4857 et
2225 4802 2542 4857 misericors
2592 4817 2672 4857 cs.

1908 4895 1993 4952 19.
2016 4893 2243 4967 Propter
2262 4894 2687 4951 miscricordiam
2709 4904 2855 4953 tuam
2872 4906 2925 4954 et
2943 4899 3220 4954 veritatem
3248 4905 3417 4952 tuam.

1905 4989 1997 5046 20.
2037 4986 2115 5043 Ne
2158 4987 2460 5059 glorientur
2512 4989 2838 5046 adversariae
2883 4999 3181 5061 potestates
3227 4989 3417 5045 dicen-

1837 5091 1918 5138 tes
1944 5101 1958 5137 :
1992 5081 2086 5136 ubi
2116 5089 2200 5136 est
2224 5079 2367 5136 Deus
2397 5081 2491 5152 qui
2528 5079 2658 5137 fecit
2682 5082 2814 5138 eos?

1113 5315 1416 5378 Addenda
1452 5322 1512 5377 et
1541 5311 1920 5392 corrigenda
1963 5327 2042 5372 ex
2078 5310 2218 5372 cod.
2254 5311 2459 5373 Vatic.

237 5454 314 5524 (Ι)
356 5453 633 5534 ,Ἰορδάνης
676 5455 1035 5528 ἑρμηνεύεται
1081 5460 1151 5532 γῆ
1199 5462 1422 5534 ἐσχάτη.
1478 5464 1550 5518 Τὸ
1597 5461 1736 5532 πλῆ-

158 5524 282 5586 θος,
316 5524 447 5578 εις.
588 5524 597 5527 ⁷
708 5524 755 5527 ﬂ
807 5524 816 5528 ⁷
1094 5524 1098 5528 1

230 5594 308 5670 (ξ)
343 5594 735 5670 Ἀγαλλιῶνται
763 5597 854 5650 ἐπὶ
879 5601 968 5670 τῇ,
993 5607 1098 5656 etc.

251 5595 286 5648 ‘2
351 5595 735 5662 Ἀγαλλιῶνται
763 5597 854 5650 ἐπὶ

230 5595 314 5738 ἒδζ
343 5663 452 5718 Τοῦ
481 5666 863 5738 κηρυχθέντος.

1919 5453 1993 5539 με)
2026 5455 2466 5539 Μεταὸἀλλοντος
2487 5497 2502 5520 ,
2536 5466 2665 5539 e_t_c.,
2699 5456 2798 5539 τῂν
2834 5457 2993 5539 χάριν
3044 5454 3210 5539 αὑτοῦ
3230 5498 3245 5522 ,
3274 5466 3415 5539 _etc:,

1839 5524 2019 5588 καθὼς
2050 5523 2201 5578 εἶπεν
2239 5528 2520 5595 Ἰωάννης’
2562 5528 2656 5583 Ἐκ
2693 5523 2799 5581 τῶν
2835 5523 2999 5583 λίθων
3032 5526 3238 5582 τούτων
3269 5529 3414 5596 ἐγεῖ·

1839 5596 2127 5669 μεγέθει
2151 5596 2228 5669 τῷ
2263 5597 2532 5669 Ἀϐραάμ·

1910 5665 1987 5738 (5)
2018 5665 2236 5738 Ἐσμέν,
2275 5665 2446 5738 Κύριε
2464 5665 2487 5698 ’⁷
2507 5670 2604 5738 οὐχ
2624 5671 2705 5724 ὅτι
2728 5668 2868 5737 ἄξιοί
2894 5667 3280 5741 ἐσμινηοῦτο,
3301 5675 3409 5724 etc.
