3748 6282
331 269 355 325 ι
375 268 469 326 139
1173 265 1231 322 S.
1270 263 1642 320 ATHANASII
1681 264 1811 320 OPP

2153 264 2177 317 ἶ.
2219 296 2288 305 -
2321 263 2730 319 ΕΧΕΟΕΤΙΟᾹ.
3461 261 3633 320 1160

401 387 491 440 2|.
538 384 680 441 Deus
706 393 888 440 autem
933 390 1118 438 noster
1142 381 1198 436 in
1239 381 1380 436 caelo
1412 389 1468 436 et
1505 381 1558 435 in
1591 391 1758 446 terra,

2067 381 2158 434 2i.
2203 381 2260 433 Ὀ
2285 381 2340 434 δὲ
2365 379 2496 443 Θεὸς
2527 379 2684 450 ἡμῶν
2711 382 2767 432 ἐν
2796 377 2874 448 τῷ
2893 379 3105 450 οὐρανῷ
3136 381 3229 434 καὶ
3253 382 3310 434 ἐν
3339 385 3406 452 τῇ
3437 385 3535 454 τῇ,

401 478 494 530 22.
537 475 734 531 Omnia
760 488 1102 545 quaecunque
1133 473 1308 527 voluit
1332 471 1477 527 fecit.

2072 473 2163 527 22.
2201 473 2388 526 Πάντα
2415 474 2516 525 ὅσα
2546 471 2808 542 ἠθέλησεν
2838 473 3079 542 ἐποίησε.

401 571 492 625 25.
535 568 838 626 Simulacra
865 566 1108 638 gentium
1138 573 1424 636 argentum
1466 574 1522 620 et
1554 579 1772 631 aurum,

2073 563 2162 618 25.
2195 563 2274 616 Τὰ
2297 562 2488 616 εἴδωλα
2510 563 2618 616 τῶν
2645 562 2814 614 ὲθνῶν
2843 562 3104 635 ἀργύριον
3144 565 3236 618 καὶ
3269 565 3513 636 χρυσίον,

401 663 492 717 24.
537 661 711 732 Opera
741 675 1002 715 manuum
1037 657 1346 713 hominum.

2074 656 2164 709 24.
2196 657 2371 728 Ἔργα
2403 654 2601 726 χειρῶν
2628 653 2953 726 ἀνθρώπων.

401 756 491 809 25.
534 751 608 808 Os
641 752 859 816 habent,
901 761 954 806 et
984 765 1094 805 non
1128 750 1426 820 loquentur
1454 765 1468 802 :

2073 749 2167 804 25.
2200 748 2384 819 Στόμα
2415 749 2616 819 ἔχουσι,
2651 748 2744 803 καὶ
2774 749 2832 802 ού
2847 749 3188 821 ,λαλήσουσιν
3209 768 3223 781 ο

407 848 500 901 26.
541 845 741 901 Oculos
774 845 994 909 habent,
1023 852 1214 899 etnon
1246 841 1529 896 videbunt.

2075 842 2164 896 26.
2203 840 2542 912 Ὀφθαλμοὺς
2577 840 2781 911 ἔχουσι,
2815 842 2910 895 καὶ
2938 843 3037 895 οὑκ
3061 843 3302 911 ὄψονται.

397 939 488 990 27.
531 938 706 992 Aures
733 937 960 1001 habent,
992 945 1047 991 ct
1074 951 1181 990 non
1215 933 1440 988 audient
1469 951 1482 987 :

2075 935 2164 988 27.
2192 930 2330 986 Ὦτα
2356 933 2558 1004 ἔχουσι,
2587 933 2681 986 καὶ
2710 933 2810 986 οὑκ
2837 932 3195 986 ἀκούσονται·

397 1029 486 1082 28.
527 1027 698 1084 Nares
723 1029 945 1096 habent,
977 1036 1162 1095 etnon
1195 1025 1525 1081 odorabunt.

2075 1027 2163 1080 28.
2200 1028 2380 1089 Ῥῖνας
2413 1024 2614 1095 ἔχουσι,
2645 1024 2739 1078 καὶ
2772 1025 2873 1078 οὑκ
2903 1025 3392 1096 ὀσφρανθήσονται.

399 1122 489 1175 29.
529 1120 721 1176 Manus
755 1121 976 1186 habent,
1021 1128 1075 1175 et
1103 1134 1212 1174 non
1239 1118 1538 1189 palpabunt
1566 1135 1579 1170 :

2077 1121 2164 1174 29.
2198 1121 2400 1192 Χεῖρας
2423 1119 2624 1190 ἔχουσι,
2654 1121 2748 1171 καὶ
2773 1118 2834 1171 οὑ
2861 1117 3268 1189 ψηλαφήσουσιο

408 1214 495 1270 59.
534 1215 703 1269 Pedes
728 1213 948 1280 habent,
976 1223 1031 1268 et
1059 1229 1171 1270 non
1198 1212 1561 1268 ambulabunt
1586 1229 1600 1264 :

1946 1222 1952 1228 '
2078 1214 2164 1268 50.
2200 1212 2372 1276 Πόδας
2398 1211 2602 1282 ἔχουσι,
2629 1211 2723 1264 καὶ
2749 1212 2810 1264 οὑ
2842 1213 3334 1282 περιπατήσουσιν⁹

400 1308 491 1362 5|.
521 1304 636 1361 Non
669 1286 982 1361 clamabunt
1015 1305 1069 1359 in
1107 1314 1330 1376 gutture
1361 1317 1482 1359 suo.

2078 1305 2166 1359 5i.
2195 1305 2268 1357 Οὑ
2298 1305 2636 1374 φωνήσουσιν
2665 1305 2723 1356 ἐν
2748 1301 2827 1372 τῷ
2855 1301 3090 1375 λάρυγγι
3123 1302 3323 1356 αὑτῶν.

401 1399 490 1453 52.
526 1397 743 1454 Similes
773 1397 881 1453 illis
911 1399 1044 1452 ﬁant
1070 1395 1279 1470 [Neque
1305 1395 1450 1450 enim
1477 1402 1561 1448 est
1589 1390 1815 1462 spiritus
1851 1391 1881 1444 it

2127 1398 2165 1450 ἰ.
2219 1397 2436 1467 Ὅμοιοι
2496 1396 2678 1458 αὐτοῖς
2732 1393 2973 1462 γένοιντο
3043 1392 3212 1465 [Οὑδὲ
3280 1393 3390 1463 γάρ
3438 1395 3607 1445 ἐστιν

332 1508 427 1547 ore
452 1493 696 1562 ipsorum
723 1509 737 1546 :
769 1491 974 1547 similes
1005 1490 1225 1544 illorum
1255 1485 1410 1558 ﬁant]
1444 1485 1540 1555 qui
1569 1483 1782 1538 faciunt

2124 1490 2226 1562 Ξμα
2262 1489 2320 1542 ὲν
2346 1488 2423 1559 τῷ
2458 1488 2685 1558 στόματι
2722 1486 2936 1540 αὑτῶψ
2973 1487 3150 1557 ὅμοιοι
3177 1485 3357 1539 αὑτῶν
3386 1487 3604 1554 γένων-

2009 1583 2126 1655 ται]
2161 1584 2210 1636 oi
2242 1580 2520 1645 ποιοῦντες
2553 1579 2722 1644 αὐτὰ,

404 1691 494 1744 55.
524 1687 590 1744 Ει
615 1703 808 1744 omnes
847 1686 940 1756 qui
965 1683 1246 1741 conﬁdunt
1283 1682 1338 1735 in
1373 1680 1472 1735 eis.

2079 1676 2169 1730 55.
2205 1674 2315 1727 Καὶ
2350 1674 2550 1736 πάντες
2577 1673 2627 1726 oi
2656 1669 2973 1734 πεποιθότες
2998 1670 3085 1723 ἐπ’
3116 1671 3317 1733 αὐτοῖς.

405 1784 492 1838 54.
526 1782 730 1836 Domus
761 1777 926 1834 Israel
965 1777 1204 1847 speravit
1231 1775 1284 1829 itt
1312 1772 1546 1827 Domino
1572 1789 1586 1826 :

1937 1785 1982 1838 Β
2076 1766 2164 1820 54.
2201 1761 2359 1829 Οἶκος
2410 1763 2628 1835 Ἰσραὴλ
2655 1762 2886 1834 ἧλπισεν
2913 1760 3008 1816 ἐπὶ
3033 1758 3236 1830 Κύριον
3256 1775 3268 1788 ·

405 1877 496 1932 55.
529 1875 758 1944 Adjutor
791 1881 846 1927 ct
879 1878 1156 1941 protector
1183 1881 1375 1923 eorum
1403 1874 1506 1922 est.

2081 1858 2167 1912 55.
2193 1857 2392 1928 Βοηθὸς
2426 1857 2518 1910 καὶ
2541 1851 2954 1928 ὑπερασπιστὴς
2981 1852 3161 1908 αὐτῶν
3186 1855 3349 1906 ἐστιν.

1459 2037 1834 2096 ATHANASII
1875 2034 2461 2094 INTERPRETATIO.

405 2211 592 2267 21-25.
633 2208 873 2264 Avaritia
904 2206 1050 2262 enim
1079 2202 1353 2277 gentiliter
1401 2199 1698 2254 viventium
1730 2197 1885 2252 idolo

2107 2194 2264 2249 ll-25.
2299 2194 2375 2265 (Ι)
2417 2194 2483 2247 Ἠ
2515 2193 2624 2266 γὰρ
2671 2191 3006 2266 φιλαργυρία
3033 2192 3142 2247 τῶν
3175 2192 3408 2258 ἐθνικῶς
3434 2193 3587 2259 ζών-

335 2305 491 2359 latria
538 2311 640 2369 est,
671 2297 1130 2372 quemadmodum
1169 2294 1308 2350 dixit
1339 2291 1636 2364 Apostolus
1671 2290 1739 2342 '°.
1772 2287 1815 2354 Q

2108 2283 2551 2354 οείδωλολατρεία
2584 2282 2728 2348 ἐστὶ,
2759 2283 2942 2348 καθὼς
2983 2279 3135 2338 εἶπεν
3164 2286 3192 2337 ὁ
3242 2284 3588 2347 Ἀπόστολος.

335 2405 516 2451 autem
542 2393 687 2448 dicta
713 2398 844 2445 sunt
875 2388 941 2443 de
961 2386 1121 2442 idolis
1151 2381 1439 2443 manifesta
1472 2379 1728 2435 omnibus
1751 2394 1814 2434 su

2112 2374 2168 2428 δὲ
2202 2374 2462 2446 εἰρημένα
2492 2375 2618 2444 περὶ
2658 2373 2766 2428 τῶν
2797 2373 3028 2430 εἰδώλων
3063 2375 3198 2446 δῆλα
3230 2377 3395 2429 πᾶσίν
3423 2379 3586 2439 εἰσιν,

335 2487 480 2558 quod
524 2485 757 2540 formam
797 2480 1018 2552 quidem
1067 2478 1290 2542 habent,
1340 2475 1490 2530 nulla
1539 2484 1718 2527 autem
1761 2471 1815 2525 in

2132 2467 2452 2537 χαρακτῆρα
2503 2466 2600 2536 μὲν
2643 2465 2891 2537 ἔχουσιν,
2941 2467 3194 2540 ἐνέργεια
3235 2468 3293 2520 δὲ
3345 2467 3590 2539 μηδεμία

335 2556 578 2650 operatio
607 2577 660 2630 in
690 2573 976 2636 membris,
1007 2583 1061 2626 et
1091 2586 1178 2632 ea,
1207 2583 1330 2640 quae
1363 2567 1620 2623 dicuntur
1648 2565 1702 2618 in
1733 2579 1815 2634 ap]

2104 2557 2240 2629 ἱρχει
2274 2557 2332 2608 ὲν
2363 2559 2476 2619 τοῖς
2508 2556 2818 2628 λεγομένοις
2855 2557 3070 2628 μέλεσιν
3103 2558 3202 2627 (2),
3237 2559 3332 2612 καὶ
3382 2561 3414 2629 ή
3444 2559 3584 2612 ἁπό-

337 2645 442 2726 sito
466 2669 676 2739 psalmo
706 2666 773 2721 de
796 2666 865 2720 iis
892 2663 984 2734 qui
1019 2663 1108 2716 illa
1138 2660 1367 2724 faciunt,
1401 2657 1484 2713 vel
1508 2657 1560 2711 in
1597 2655 1703 2710 illis
1730 2671 1817 2711 cor

2109 2663 2171 2710 rt;
2201 2645 2257 2698 δὲ
2296 2648 2328 2716 ἡ
2363 2647 2626 2718 εἰρημένη
2669 2650 2726 2700 ὲν
2752 2647 2829 2718 τῷ
2858 2648 3202 2721 προκειμένῳ
3225 2647 3425 2721 ψαλμῷ

337 2738 492 2825 dunt,
517 2759 801 2816 verissima
832 2766 992 2820 sunt;
1022 2754 1114 2810 sed
1147 2751 1474 2808 conveniens
1500 2749 1650 2815 duxi,
1671 2748 1817 2803 desce

2106 2757 2112 2785 ι
2146 2739 2446 2792 ποιούντων
2489 2738 2660 2802 αὐτὰ,
2703 2742 2798 2794 καὶ
2826 2742 2952 2813 περὶ
2991 2741 3099 2794 τῶν
3129 2742 3464 2795 πεποιθότων
3497 2744 3586 2795 ἐπ’

336 2854 466 2908 dere
501 2851 568 2906 ad
606 2849 942 2921 allegoriam,
982 2855 1037 2902 et
1085 2845 1314 2917 singulis
1351 2841 1602 2898 versibus
1633 2839 1816 2910 subjici

2113 2833 2194 2895 οἷς
2225 2831 2422 2902 ἀληθὲς
2453 2831 2687 2902 ὑπάρχει
2707 2847 2722 2862 ⁸
2755 2832 2890 2886 ἀλλὰ
2921 2833 3126 2888 δίκαιον
3155 2835 3451 2906 ἡγησάμην
3489 2837 3587 2889 καὶ

336 2937 612 3009 propriam
639 2937 964 2993 sententiam
991 2950 1188 2990 sensus
1217 2932 1514 3004 allegorici.

2103 2962 2104 2971 η
2143 2923 2244 2995 τὴν
2283 2922 2610 2995 ἁλληγορίαν
2649 2923 2845 2989 ἐλθεῖν,
2871 2927 2985 2994 ξκαὶ
3027 2927 3288 2997 ὑποθῆναι
3332 2928 3583 2992 ἑκάστοις

2008 3017 2210 3086 στίχοις
2247 3015 2322 3087 (5)
2354 3016 2414 3068 τὸ
2445 3015 2574 3069 ἴδιον
2607 3015 2785 3086 νόημα
2814 3018 2914 3088 τῆς
2943 3019 3198 3090 θεωρίας.

400 3117 492 3172 24.
523 3116 672 3188 Opus
709 3113 1274 3188 concupiscentiarum
1319 3109 1603 3166 hominum
1650 3115 1736 3164 est
1773 3121 1880 3162 ava'

2096 3109 2350 3179 IL'Epya
2365 3107 2666 3178 ἐπιθυμιῶν
2689 3109 2988 3180 ἀνθρώπων
3005 3113 3193 3184 ἐστὶνὴ
3219 3112 3576 3184 φιλαργυρία.

333 3207 482 3262 ritia.

397 3299 493 3353 25.
533 3297 754 3353 Nullum
799 3297 942 3354 enim
995 3297 1202 3352 bonum
1258 3302 1546 3366 loquentur
1603 3301 1877 3364 gauoente:

2101 3291 2171 3346 £5.
2204 3289 2369 3344 Οὑδὲν
2395 3290 2502 3363 γὰρ
2533 3290 2735 3359 ἀγαθὸν
2769 3289 3090 3363 λαλήσουσιν
3125 3290 3200 3363 (4)
3227 3293 3275 3344 οἱ
3301 3294 3415 3356 τοῖς
3444 3294 3581 3364 χρή-

334 3388 604 3459 pecuniis.

2005 3400 2139 3454 μασι
2167 3384 2470 3454 χαίροντες.

403 3481 496 3537 26.
527 3479 941 3554 Tanquamgnon
968 3478 1230 3534 habentes
1257 3475 1450 3534 oculos
1475 3476 1542 3532 ad
1567 3492 1757 3533 eorum
1787 3493 1882 3549 per

2099 3476 2164 3532 ιϐ.
2211 3477 2300 3538 Ὧς
2344 3475 2418 3547 μὴ
2447 3474 2662 3546 ἔχοντες
2695 3476 2804 3548 γὰρ
2839 3476 3152 3548 ὀφθαλμοὺς
3193 3478 3334 3533 κατά
3362 3481 3428 3549 τῇ
3455 3481 3579 3531 ἑαυ-

333 3573 594 3627 ditionem
618 3569 1050 3642 progredientur.

2005 3567 2110 3622 τῶν
2138 3567 2384 3637 ἀπωλείᾳ
2414 3566 2491 3637 (5)
2527 3567 2905 3638 πορεύσονται.

397 3664 486 3720 27.
517 3662 636 3718 Non
658 3664 802 3718 enim
827 3661 1213 3718 auscultabunt
1236 3660 1522 3731 praeceptis
1547 3661 1666 3716 Dei.

2095 3660 2160 3714 Π.
2195 3660 2271 3712 υὺ
2305 3659 2412 3730 γὰρ
2443 3660 2792 3712 ὑπακούσωσι
2837 3663 2951 3725 τοῖς
3005 3660 3102 3715 τοῦ
3143 3660 3279 3715 Θεοῦ
3332 3663 3575 3733 προστά-

2003 3769 2227 3822 γμασιν.

399 3841 489 3897 28.
526 3841 646 3895 Non
679 3841 821 3896 enim
856 3841 1177 3910 beneplaciti
1225 3840 1317 3897 Dei
1366 3845 1660 3914 parttcipes
1710 3853 1873 3899 erunt

2090 3843 2160 3898 l8.
2192 3843 2266 3896 Οὑ
2309 3842 2417 3915 γὰρ
2444 3843 2542 3914 τῆς
2565 3841 2811 3906 εὐδοκίας
2837 3841 2930 3895 τοῦ
2953 3841 3086 3896 Θεοῦ
3131 3842 3206 3913 (6)
3237 3843 3570 3914 μετέχουσιν.

403 3931 493 3986 29.
519 3930 633 3985 Νοιι
655 3932 802 3985 enim
831 3933 1504 4001 exquisiveruntiuvenirc
1519 3944 1730 4004 portam
1755 3939 1883 3991 vitae

2091 3935 2160 3988 :9,
2185 3935 2258 3986 οὐ
2282 3932 2390 4004 γὰρ
2413 3933 2743 4006 ἐξεζήτησαν
2763 3934 2942 4006 εὑρεῖν
2975 3934 3071 4007 τὴν
3095 3934 3262 4008 θύραν
3279 3935 3380 4005 τῆς
3402 3935 3571 4005 ζωῆς.

333 4025 440 4078 hoc
473 4033 556 4078 est
589 4022 901 4079 Dominum.

2000 4023 2248 4078 τουτέστι
2278 4025 2370 4078 τὸν
2401 4025 2605 4096 Κύριον
2640 4025 2742 4095 (7).

402 4113 490 4170 50.
533 4113 990 4168 Claudicaverunt
1043 4116 1228 4182 enim,
1286 4109 1882 4186 perversas'seouente:

2091 4117 2157 4170 ΒΟ.
2199 4115 2508 4188 Ἐχώλαναν
2555 4118 2664 4190 γὰρ
2707 4118 3141 4190 διεστραμμένας
3181 4118 3333 4184 ὁδοὺς
3375 4135 3571 4189 πορευ-

330 4203 450 4258 vias
482 4204 534 4256 itt
559 4203 863 4258 actionibus
888 4204 1024 4259 suis.

1999 4205 2184 4270 θέντες
2208 4211 2265 4260 ἐν
2291 4211 2407 4272 ταῖς
2439 4209 2702 4280 πράξεσιν
2731 4209 2927 4265 αὑτῶν.

400 4297 489 4351 5i.
527 4293 644 4350 Non
684 4297 1016 4352 invocabant
1044 4295 1360 4352 Dominum.

2067 4298 2154 4353 5|.
2192 4299 2266 4352 υὺ
2300 4300 2375 4371 μὴ
2401 4300 2815 4355 ὲπικαλέσονται
2840 4301 2930 4354 τὸν
2963 4300 3185 4374 Κύριον.

405 4387 494 4442 52.
531 4386 792 4444 Peribunt
812 4405 920 4444 non
955 4404 1114 4445 secus
1142 4405 1206 4446 ac
1239 4393 1503 4462 pecuniae,
1528 4394 1622 4464 qui
1655 4410 1748 4450 eas
1774 4394 1885 4450 tltc-

2085 4393 2153 4446 52.
2189 4393 2441 4448 Ἔσονται
2485 4393 2657 4458 οὕτως
2686 4395 3045 4466 ἀπολλύμενοι
3091 4396 3167 4459 ὠς
3213 4395 3280 4448 τὰ
3311 4396 3565 4466 χρήματα

332 4480 629 4535 saurizant.

1997 4485 2044 4536 οἰ
2079 4481 2495 4555 θησαυρίζοντες
2523 4486 2680 4539 αὑτά.

401 4571 488 4625 55.
519 4570 585 4626 Et
619 4587 806 4629 omnes
835 4573 890 4629 in
932 4575 1177 4645 pecuniis
1209 4589 1506 4648 sperantes.

2066 4577 2152 4630 55.
2187 4577 2298 4630 Καὶ
2327 4578 2527 4642 πάντες
2553 4579 2601 4630 οἱ
2633 4577 2940 4642 ἐλπίζοντες
2970 4579 3062 4632 ἐπὶ
3089 4580 3198 4641 τοῖς
3227 4578 3490 4648 χρήμασι.

399 4659 490 4716 δι.
520 4661 694 4718 Mente
719 4675 896 4720 autem
925 4667 1094 4722 Deum
1123 4668 1369 4726 videntes
1397 4679 1750 4741 speraveruttt
1782 4685 1879 4726 non

2083 4668 2154 4724 54.
2175 4668 2252 4741 (8)
2285 4671 2347 4723 O‘.
2374 4669 2430 4723 δὲ
2468 4673 2533 4742 τῇ
2562 4671 2770 4741 διανοίᾳ
2802 4669 2934 4723 Θεὸν
2957 4669 3186 4741 ὁρῶντες
3210 4669 3444 4740 ήλπισαν
3465 4671 3563 4724 οὑκ

332 4750 386 4806 in
416 4753 679 4821 pecuniis,
712 4756 805 4810 sed
838 4756 892 4810 in
924 4756 1172 4814 Domino.

1997 4758 2088 4811 ἐπὶ
2121 4760 2393 4830 χρήμασιν
2412 4800 2426 4823 ,
2458 4761 2570 4814 ἀλλ’
2600 4760 2691 4813 ἐπὶ
2723 4760 2940 4830 Κύριον.

399 4846 489 4902 55.
523 4845 750 4916 Et_ideo
787 4847 1058 4906 confortat
1086 4867 1202 4917 eos,
1235 4853 1538 4926 iisdemque
1569 4854 1850 4925 prosptcit.

2079 4850 2156 4904 55.
2195 4853 2306 4904 Καὶ
2333 4854 2408 4922 (9)
2437 4853 2526 4906 διὰ
2573 4852 2729 4906 τοῦτο
2773 4852 3008 4924 ἐνισχύει
3041 4851 3235 4916 αὑτοὺς
3255 4890 3270 4916 ,
3301 4867 3396 4904 και
3428 4851 3559 4921 πρό-

1920 4957 1974 5017 D
1997 4960 2144 4997 νοιαν
2170 4943 2348 4997 αὑτῶν
2382 4948 2633 5000 ποιεῖται.

401 5043 448 5077 ⁸·
473 5043 684 5104 Coloss.
721 5061 805 5112 ttt,
841 5048 894 5103 5.

1268 5166 1572 5231 Addenda
1601 5178 1662 5232 et
1697 5171 2072 5253 corrigenda
2109 5192 2188 5237 ex
2214 5176 2354 5238 cod.
2395 5178 2600 5241 Vatic.

400 5320 479 5410 (
568 5322 800 5410 7.2IL22.
829 5323 972 5410 ’μηδὲ
998 5322 1128 5410 Θεὸς
1159 5325 1314 5410 ἡμῶν
1360 5328 1451 5410 καὶ
1491 5330 1596 5410 πρὸ
1618 5331 1720 5410 τῆς
1749 5349 1889 5410 παρ-
2063 5336 2141 5410 (5)
2174 5338 2522 5410 Τῆςίὲαυτῶν
2554 5339 2838 5410 ἀπωλείας.

325 5391 516 5480 facile;
545 5393 734 5480 αὑτοῦ,⁹
770 5396 861 5448 καὶ
891 5391 1341 5480 ἐνττῖὶΠπαρξυσία
1369 5391 1756 5480 αὐτοῦ’πάντα,
1784 5391 1885 5457 ὅσα
2171 5391 2408 5473 radiata;
2441 5391 2536 5462 τού
2560 5391 2826 5480 ’Χρίάέοξῖ

327 5460 890 5552 ἢθέὲέτεξγέξφξηῖεξ
921 5460 1105 5520 Νοῖδο
1148 5460 1211 5520 Ἦ
1240 5460 1347 5541 td"?
1375 5470 1708 5543 φιλωιρητυρίοι
1727 5460 1753 5538 »⁷
1773 5483 1880 5530 ειεο
2063 5460 2141 5552 ἐϋ
2170 5460 2425 5552 sese.

399 5530 727 5619 $229395???
757 5530 948 5619 “tsi”.-
1164 5608 1176 5619 ,
1251 5530 1262 5538 ’
1317 5530 1330 5541 ’
1386 5530 1400 5541 ’
1510 5530 1565 5543 ”
1617 5530 1629 5542 ’
1727 5530 1738 5538 ’
2063 5530 2139 5619 ξε)
2165 5530 2247 5603 N.‘
2266 5530 2470 5614 σείει.
2504 5550 2567 5604 οι
2598 5549 2654 5602 δέ
2683 5558 2789 5605 etc.

504 5601 818 5691 ἰλῐαραθῇναι
850 5605 1060 5680 ἑκάστῳ
1092 5608 1274 5682 στίχῳ,
1355 5679 1361 5685 _

1180 5626 1274 5682 κφ-
1355 5679 1361 5685 ,
2064 5601 2138 5690 is)
2167 5601 2289 5676 kat
2307 5601 2660 5691 satagitur.

396 5669 475 5742 (4)
507 5669 788 5730 Λαλοῦσιν.
1030 5669 1044 5680 ’
1355 5679 1361 5685 ’
1682 5701 1688 5705 ·
1731 5703 1734 5705 λ
