3706 6452
145 321 260 378 1177

977 323 1066 376 ΒΕ
1101 321 1206 374 ’1⁵11
1224 320 1378 374 ULIS
1417 318 1862 374 PSALMOR-UM.
1896 351 1966 362 --
2003 318 2197 374 PSAL.
2229 320 2459 376 CXVIII.

200 441 248 495 7_
293 437 788 510 Ἐξομολογήσομαί
811 455 892 492 σοι
923 442 981 493 ὲν
1005 439 1258 510 εὐθύτητι
1276 440 1500 511 καρδίας
1533 442 1592 498 ὲν
1619 440 1695 514 τῷ
1725 491 1731 504 ι

1880 442 1918 502 1.
1949 441 2258 498 Conﬁtebor
2285 445 2383 500 tibi
2407 446 2460 498 in
2498 445 2796 500 directione
2825 445 3028 512 cordis,
3053 459 3108 500 In
3131 459 3198 500 eo
3222 447 3368 516 quod

143 529 512 602 μεμαθηκέναι
553 547 618 600 με
651 530 721 582 τὰ
753 531 1000 602 κρίματα
1023 532 1122 602 τῆς
1159 531 1504 602 δικαιοσύνης
1535 551 1648 588 σου.

199 621 262 694 8.¹
283 622 363 675 Τὰ
377 619 724 692 δικαιώματα
746 638 839 674 σου
863 622 1104 690 φυλάξω.
1131 625 1205 694 μή
1239 641 1308 694 με
1332 624 1699 697 ὲγκαταλίπῃς

139 713 231 773 ἕως
267 711 496 781 σφόδρα.

198 800 246 854 9.
290 801 378 854 Ἑν
417 800 524 854 τίνι
559 800 894 872 κατορθώσει
931 799 1194 874 νεώτερος
1227 801 1324 874 τὴν
1357 802 1473 856 ὁδὸν
1495 803 1698 868 αὐτούς

137 895 188 944 ὲν
212 889 288 961 τῷ
323 891 661 960 φυλάξασθαι
682 893 808 954 τοὺς
843 891 1033 954 λόγους
1063 909 1176 946 σου.
1197 953 1208 962 ι

201 982 283 1037 10.
325 985 416 1036 Ἐν
439 983 762 1056 ὄλῃ,καρδία
801 1000 902 1053 μου
933 984 1236 1055 ὲξεζήτησὰ
1270 1000 1352 1047 σε,
1385 985 1460 1055 μὴ
1505 983 1700 1054 ἀπώσῃ

138 1093 199 1148 με
229 1075 338 1128 ἀπὸ
369 1075 478 1130 τῶν
514 1057 743 1138 ἐντολῶν
779 1093 894 1130 σου.

199 1167 280 1222 11.
323 1168 410 1219 Ἐν
436 1169 504 1238 τῇ
547 1167 744 1238 καρδίᾳ
778 1185 877 1238 μου
907 1167 1118 1238 ἔκρυψα
1139 1167 1206 1221 τὰ
1236 1167 1390 1236 λόγιά
1418 1185 1532 1229 σου,
1555 1169 1702 1230 ὅπως

136 1259 198 1316 ἂν
233 1261 306 1332 μὴ
343 1259 576 1330 ἁμάρτω
606 1276 709 1312 σοι.

201 1352 282 1406 12.
320 1351 625 1422 Εὐλογητὸς
647 1346 718 1420 εἴ.
737 1349 931 1423 Κύριε,
951 1350 1159 1417 δίδαξὸν
1187 1369 1254 1421 με
1273 1351 1340 1404 τὰ
1361 1348 1702 1420 δικαιώματὰ

137 1461 246 1498 σου.

201 1535 284 1588 15.
327 1535 416 1587 Ἑν
434 1537 548 1596 τοῖς
569 1532 774 1605 χείλεσξ
814 1550 916 1604 μου
945 1532 1234 1604 ἐξήγγειλα
1263 1532 1440 1586 πάντα
1474 1531 1541 1586 τὰ
1585 1531 1702 1604 κρί-

139 1642 276 1696 ματα
307 1625 404 1678 τοῦ
436 1623 700 1695 στόματός
727 1641 842 1677 σου.

202 1713 286 1768 14.
335 1714 426 1766 Ἐν
449 1715 514 1784 τῇ
546 1712 650 1784 ὁδῷ
672 1714 779 1781 τῶν
812 1713 1126 1784 μαρτυρίων
1159 1730 1250 1766 σου
1287 1711 1586 1784 ἐτέρφθην,
1626 1713 1701 1776 ὡς

139 1805 226 1858 ἐπὶ
251 1805 416 1856 παντὶ
444 1802 678 1874 πλούτῳ.

203 1895 284 1949 15.
325 1896 414 1948 Ἐν
441 1899 562 1968 ταῖς
587 1895 826 1960 ἐντολαῖς
863 1915 956 1952 σου
983 1896 1356 1968 ἁδολεσχήσω,
1403 1897 1496 1952 καὶ
1529 1915 1700 1952 καταο

137 1987 304 2056 νοήσω
323 1985 424 2048 τὰς
455 1985 608 2050 ὁδούς
639 2003 752 2040 σου.

205 2075 287 2130 16.
331 2077 419 2130 Ἐν
451 2079 562 2140 τοῖς
589 2076 916 2148 δικαιώμασὲ
949 2095 1043 2140 σου
1073 2077 1390 2149 μελεῖήσω,
1443 2078 1544 2132 οὐκ
1587 2080 1704 2132 ἑπι-

137 2167 364 2238 λήσομαι
391 2167 502 2234 τῶν
523 2169 703 2251 λόγων
735 2185 850 2224 σου.

205 2259 287 2314 17.
328 2260 654 2324 Ἀνταπόδος
675 2261 752 2332 τῷ
771 2261 942 2334 δούλῳ
983 2281 1098 2330 σου,
1128 2261 1290 2334 {ﬁs-6v
1331 2280 1398 2335 με
1421 2301 1438 2328 ,
1471 2264 1568 2318 καὶ
1611 2280 1706 2334 φυ-

137 2349 276 2416 λάξω
299 2351 424 2414 τοὺς
447 2349 639 2423 λόγους
670 2368 764 2404 σου

1801 533 1964 588 didici
1991 533 2195 602 judicia
2218 535 2443 604 iustitiae
2473 546 2598 590 tum.

1871 625 1926 680 8.
1960 623 2383 682 Justiticationes
2430 637 2550 682 tuas
2595 627 2921 692 custodiam,
2957 641 3063 680 non
3097 641 3183 682 me
3215 625 3366 680 dere-

1803 715 2017 784 linquas
2049 732 2459 786 usquequaque.

1871 808 1924 862 9.
1961 807 2018 862 lu
2044 823 2156 877 quo
2201 810 2425 879 corrigit
2469 809 2866 864 adolescentior
2911 808 3051 862 viam
3082 807 3275 862 suam?
3312 807 3364 860 in

1801 901 2156 956 custodiendo
2182 917 2462 956 sermones
2487 911 2630 956 tuos.

1873 991 1959 1050 10.
1997 993 2054 1046 1η
2097 999 2214 1047 toto
2257 993 2420 1048 corde
2451 1007 2572 1049 meo
2613 993 2878 1062 exquisivi
2929 1001 2998 1057 te,
3037 1008 3104 1046 ne
3139 992 3366 1062 repellas

1803 1097 1888 1137 me
1921 1098 1950 1136 a
1975 1083 2245 1140 mandatis
2273 1085 2384 1139 tuis
2415 1101 2430 1139 :

1871 1172 1958 1228 11.
1993 1173 2050 1228 ln
2083 1175 2246 1232 corde
2291 1189 2414 1234 meo
2455 1173 2716 1230 abscondi
2753 1174 2968 1243 eloquia
3019 1186 3130 1232 tua.
3169 1184 3226 1228 ut
3257 1189 3364 1228 non

1803 1281 2016 1336 prerem
2049 1265 2165 1324 libi.

1873 1357 1960 1410 12.
1992 1356 2313 1412 Benedictus
2344 1373 2424 1424 es,
2456 1357 2704 1424 Domine,
2735 1359 2870 1414 doce
2907 1373 2992 1412 me
3017 1357 3365 1427 justilicatio-

1805 1463 1900 1502 nes
1933 1457 2072 1501 tuas.

1879 1537 1960 1590 15.
1989 1534 2043 1589 ln
2081 1536 2240 1592 labiis
2275 1537 2410 1592 meis
2443 1537 2790 1607 pronuntiavi
2813 1539 2993 1592 omnia
3022 1536 3222 1606 judicia
3255 1536 3366 1591 oris

1805 1625 1902 1680 tui.

1875 1717 1960 1771 14.
1987 1716 2042 1772 ln
2075 1717 2160 1772 via
2194 1718 2633 1774 testimoniorum
2657 1729 2874 1774 tuorum
2898 1720 3192 1775 delectatus
3223 1735 3366 1782 sum,

1732 1801 1774 1858 Β
1804 1805 1944 1862 sicut
1967 1811 2021 1862 in
2055 1809 2310 1864 omnibus
2342 1809 2568 1866 divitiis.

1874 1898 1961 1954 15.
1999 1899 2055 1953 ln
2098 1901 2372 1956 mandatis
2412 1901 2520 1956 tuis
2565 1900 2882 1966 exercebar,
2915 1911 2968 1955 et
3013 1901 3376 1956 considerabo

1803 1989 1918 2044 vias
1951 1999 2092 2044 tuas.
2327 1981 2336 1986 ’

1877 2079 1961 2134 16.
1997 2079 2054 2133 lu
2083 2080 2567 2150 justiticationibus
2604 2083 2714 2137 tuis
2757 2081 3076 2146 meditabor,
3103 2097 3212 2136 non
3237 2083 3377 2140 obli-

1803 2171 1982 2230 viscar
2014 2186 2300 2228 sermones
2324 2181 2470 2228 tuos.

1879 2261 1966 2316 17.
2007 2259 2262 2318 Retribue
2286 2277 2446 2318 servo
2471 2269 2588 2328 tuo,
2615 2259 2830 2318 viviﬁca
2855 2277 2960 2326 tne.
2989 2271 3044 2316 et
3069 2263 3372 2318 custodiam

1806 2368 2084 2410 sermones
2111 2363 2166 2408 tu
2173 2369 2254 2410 03.

1257 2519 1626 2578 ATHANASH
1669 2521 2252 2580 INTEBPRETATIO.

207 2704 256 2756 7.
295 2702 465 2762 Ἐκδῷ
511 2701 748 2774 ἐμαυτόν
776 2717 858 2764 σοι
905 2701 962 2752 ὲν
1019 2700 1244 2771 ἀληθινῇ
1280 2700 1496 2773 καρδίᾳ,
1530 2703 1586 2756 ὲν
1627 2702 1706 2774 τῷ

138 2793 364 2848 ἀκοῦσαί
427 2809 517 2863 με.
550 2794 642 2846 καὶ
675 2791 962 2845 πιστεύσαι
1001 2793 1128 2863 περὶ
1167 2792 1267 2862 τῆς
1297 2792 1596 2866 μελλούσης
1625 2794 1708 2848 δι-

139 2883 295 2946 καίας
323 2881 754 2952 ἀνταποδόσεως.

208 2975 258 3029 8.
284 2975 366 3030 Τὰ
407 2971 756 3044 δικαιώματά
797 2989 892 3026 σου
939 2973 1038 3028 οὐκ
1067 2973 1232 3036 ἐάσω,
1291 2991 1474 3044 μονον,
1530 2976 1604 3046 μή
1639 2991 1710 3047 με

139 3064 508 3136 ἐγκαταλξπῃς
529 3063 634 3127 ἓως
663 3063 866 3127 τέλους.

209 3155 258 3213 9.
295 3155 418 3218 Πῶς
437 3155 548 3208 τῶν
569 3155 909 3227 νεωτερικῶν
941 3154 1242 3226 ἐπιθυμιῶν
1265 3155 1558 3210 amasene
1579 3173 1664 3220 τις
1686 3172 1702 3223 ;

151 3246 237 3304 Ἔν
256 3246 332 3316 τῷ
359 3245 721 3316 μνημονεύειν
748 3245 910 3316 αὑτὸν
935 3245 1044 3300 τῶν
1067 3247 1374 3317 εἰρημένων
1409 3247 1562 3318 παρὰ
1589 3246 1702 3310 σοῦ,

138 3337 218 3390 ὅτι
258 3337 544 3406 μέλλουσιν
565 3336 786 3390 ἀκούειν
825 3338 874 3390 οἱ
909 3336 1254 3406 ᾁμαρτωλοὶ·
1295 3335 1569 3405 Ὑπάγετε
1604 3337 1704 3390 ἀπ’

138 3426 283 3493 ἐμοῦ
313 3429 367 3480 οἱ
399 3425 794 3496 κατηραμένοι
829 3427 917 3492 εις
948 3425 1014 3480 τὸ
1039 3425 1158 3493 πῦρ
1201 3423 1266 3478 τὸ
1305 3424 1566 3490 αἰώνιον,
1611 3425 1706 3481 καὶ

140 3515 206 3568 τὰ
228 3515 380 3584 ἑξῆς.

209 3604 295 3657 10.
343 3606 432 3671 Ἐξ
461 3604 588 3676 ὅλης
639 3621 739 3678 της
775 3605 954 3676 ψυχῆς
1014 3621 1113 3674 μου
1167 3604 1484 3674 ἐπεπόθησὰ
1516 3621 1595 3668 σε,
1633 3604 1707 3674 μὴ

141 3697 353 3760 ἀνάξιον
379 3699 596 3768 ἡγήσῃς
630 3703 696 3766 με
729 3697 828 3766 τῆς
847 3687 1066 3768 χᾴξριῖός
1095 3713 1210 3750 σου.

209 3789 296 3845 11.
342 3790 430 3842 Ἐν
461 3790 614 3860 πάσῃ
642 3773 853 3860 φυλαξιῇ
878 3789 1104 3858 ἐτήρουν
1132 3788 1342 3849 ἑαυτὸν,
1377 3787 1450 3858 μὴ
1481 3786 1650 3841 ἐλθὼν
1681 3792 1710 3842 ὀ

141 3883 372 3955 πονηρὸς
399 3881 542 3955 λάϐῃ
565 3881 674 3934 ἀπὸ
703 3881 800 3952 τῆς
823 3867 1048 3954 διαρδίας
1081 3897 1182 3951 μου
1211 3880 1278 3934 τὰ
1304 3880 1460 3949 λόγιά
1476 3897 1590 3946 σου,
1615 3883 1710 3936 καὶ

141 3977 310 4046 μείνω
328 3976 542 4047 χέρσος.

211 4069 297 4122 12.
333 4065 734 4138 Δεδοξασμένος
767 4062 838 4140 si,
856 4064 1050 4136 Κύριε,
1072 4065 1279 4131 δίδαξόν
1313 4081 1380 4136 με
1401 4065 1470 4118 τὰ
1489 4064 1710 4120 δικαιώ-

142 4163 288 4230 ματά
315 4179 431 4217 σου.

211 4251 300 4304 15.
331 4251 444 4322 Οὐχ
463 4248 868 4322 ὑπεστειλόιμην
889 4247 984 4304 τοῦ
1008 4247 1083 4318 μὴ
1103 4247 1336 4313 διδάξαι,
1369 4247 1464 4300 καὶ
1489 4247 1715 4316 διαμαρ-

135 4341 405 4414 τύρασθαι
435 4343 614 4396 πάντα
634 4341 704 4394 τὰ
732 4339 1014 4412 θελήματᾴ
1037 4355 1152 4393 σου.
1249 4381 1252 4384 -

1875 2704 1924 2758 7.
1955 2703 2189 2760 Tradam
2239 2719 2328 2760 me
2389 2705 2566 2776 ipsqu
2613 2703 2709 2758 tibi
2734 2703 2952 2758 sincero
3006 2702 3191 2766 corde,
3245 2717 3372 2756 cum

1803 2797 2086 2862 audivero,
2109 2806 2162 2852 et
2187 2796 2467 2852 credidero
2497 2795 2566 2851 de
2599 2794 2783 2850 futura
2807 2795 2954 2864 justa
2992 2793 3370 2848 retributione.

1875 2977 1928 3032 8.
1969 2975 2399 3033 Justilicationes
2435 2985 2556 3030 tuas
2595 2991 2704 3028 non
2761 2972 3052 3034 dimittam,
3097 2971 3274 3025 solum
3308 2987 3376 3025 ne

1735 3103 1776 3158 ε
1809 3069 2158 3137 derelinquas
2197 3082 2284 3122 me
2315 3081 2488 3158 usque
2512 3066 2565 3120 in
2593 3064 2776 3119 linem.
2827 3087 2830 3090 -

1881 3159 1934 3214 9.
1971 3158 2256 3224 Quomodo
2285 3157 2606 3226 juvenilium
2636 3155 2994 3226 cupiditatum
3025 3152 3146 3222 quis
3185 3152 3376 3207 oblivi-

1812 3251 2032 3306 scetur?
2073 3248 2210 3304 Dum
2247 3249 2362 3318 ipse
2398 3248 2708 3302 meminerit
2739 3262 2860 3316 qua:
2903 3261 2932 3300 ι
2967 3255 3016 3298 te
3054 3244 3195 3298 dicta
3225 3253 3374 3304 sunt,

1811 3341 1954 3410 quod
1979 3350 2293 3410 peccatores
2324 3337 2562 3393 audituri
2595 3347 2722 3391 sunt
2750 3352 2764 3389 :
2799 3335 3062 3394 Discedite
3085 3351 3114 3387 a
3144 3351 3241 3400 me,
3267 3351 3380 3386 mu-

1813 3431 2011 3494 ledictt',
2039 3436 2093 3484 in
2127 3431 2298 3501 ignem
2330 3438 2583 3483 wteruum
2607 3429 2674 3492 ⁵⁷,
2699 3436 2803 3482 etc.

1885 3610 1971 3663 10.
2001 3609 2079 3664 Ex
2113 3619 2230 3664 tota
2257 3609 2438 3664 anima
2473 3623 2594 3662 mea
2615 3605 2916 3662 desideravi
2947 3615 3018 3668 te,
3046 3619 3112 3656 ne
3133 3617 3219 3656 me
3243 3599 3381 3655 indi-

1815 3718 1980 3774 gnum
2011 3703 2293 3758 existimes
2330 3701 2502 3772 gratia
2529 3711 2636 3754 tua.

1891 3795 1980 3848 11.
2003 3793 2164 3848 Omni
2190 3793 2436 3849 custodia
2461 3791 2730 3860 meipsum
2757 3786 3150 3849 custodiebam,
3183 3799 3250 3838 ne
3290 3797 3380 3836 ve-

1817 3888 1974 3941 niens
2021 3885 2202 3940 malus
2249 3883 2479 3953 accipiat
2513 3897 2545 3938 e
2581 3879 2748 3936 corde
2781 3893 2904 3934 meo
2933 3875 3152 3946 eloquia
3187 3883 3301 3938 tua,
3327 3882 3383 3927 et

1821 3988 2068 4032 terrenus
2103 3989 2438 4032 remaneam.

1889 4067 1978 4123 12.
2009 4067 2356 4124 Gloriticatus
2383 4079 2464 4128 es,
2495 4061 2748 4126 Domine,
2773 4060 2908 4116 doce
2937 4051 3385 4126 mejustiﬁcatioo

1817 4177 1914 4216 nes
1944 4171 2083 4215 tuas.

1889 4253 1978 4308 15.
2013 4251 2133 4306 Νοη
2179 4265 2266 4305 me
2297 4249 2570 4312 subduxi,
2601 4244 2897 4316 quominus
2939 4241 3189 4296 docerem
3223 4245 3277 4291 et
3309 4246 3385 4290 te-

1820 4345 2090 4399 stili‘carer
2109 4357 2302 4396 omnes
2329 4341 2638 4394 voluntates
2665 4346 2808 4390 tuas.

209 4433 299 4488 14.
330 4433 517 4498 Οὕτως
543 4435 718 4504 χαρᾶς
743 4431 1080 4504 πληρούμαι,
1105 4432 1233 4484 ὅταν
1261 4427 1400 4482 ποιῶ
1426 4427 1526 4490 τὰς
1561 4429 1710 4482 ιντο-

1889 4432 2085 4488 14.1ta
2127 4431 2327 4501 gaudio
2367 4429 2598 4497 impleor
2639 4441 2764 4480 cum
2813 4434 3084 4488 exsequor
3133 4417 3385 4471 mandata

133 4524 236 4588 λάς
261 4543 380 4588 σου,
417 4524 566 4590 ἅπαξ
593 4523 670 4587 ὡς
697 4521 926 4595 πλοῦτον
950 4517 1294 4594 θησαυρίζων
1323 4516 1500 4588 ἑαυτῷ
1529 4519 1586 4570 ὲν
1634 4515 1702 4584 τιῖ

133 4617 372 4688 οὐρανῷ.

217 4709 302 4762 15.
343 4709 430 4760 Ἐν
461 4711 580 4770 ταῖς
610 4706 856 4778 Γραφαῑς
879 4721 972 4758 σου
1002 4703 1238 4772 ἀναγνῶ,
1267 4707 1362 4757 καὶ
1385 4703 1495 4764 τοῖς
1521 4701 1691 4768 οφθαλ

137 4802 264 4869 μοῖς
285 4797 390 4866 τῆς
413 4797 654 4861 διανοίας
685 4814 785 4866 μου
816 4794 1026 4864 ἐπιγνῶ
1051 4795 1148 4864 τὴν
1171 4793 1396 4864 δύναμιν
1426 4789 1624 4846 αὐτῶν.

213 4889 302 4942 16.
340 4886 552 4950 Νυκτὸς
589 4904 682 4939 και
709 4888 944 4958 ἡμερας,
971 4884 1068 4942 καὶ
1095 4883 1367 4958 πληρώσω
1398 4883 1591 4945 αὐτοὺς
1627 4881 1714 4952 ἐρα

136 4996 276 5048 γοις.
317 5023 326 5034 .

211 5067 304 5120 17.
329 5067 429 5126 Δός
465 5083 557 5136 μοι
591 5064 692 5137 τὴν
721 5065 882 5142 χάριν
911 5063 1006 5118 τοῦ
1035 5065 1192 5133 ἁγίου
1233 5063 1570 5136 Πνεύματος,
1631 5062 1725 5116 καὶ

1813 4535 1925 4586 tua,
1959 4521 2144 4584 veluti,
2180 4528 2239 4572 ut
2267 4532 2377 4572 uno
2421 4517 2582 4570 verbo
2610 4515 2810 4576 dicam,
2841 4509 3058 4564 divitias
3091 4521 3390 4577 congercns

1815 4610 2168 4680 mibimetipsi
2203 4610 2254 4662 in
2289 4607 2450 4662 caelo.

1887 4702 1972 4758 15.
2005 4701 2061 4755 In
2100 4699 2400 4768 Scripturis
2423 4697 2532 4750 tuis
2549 4696 2745 4766 legam,
2769 4701 2822 4748 et
2843 4689 3018 4746 oculis
3041 4689 3241 4744 mentis
3261 4701 3392 4741 meae

1819 4795 2112 4864 intelligam
2138 4807 2328 4846 earum
2369 4789 2648 4844 virtutem.

1896 4887 1979 4940 16.
2015 4884 2234 4945 Noctes,
2289 4889 2453 4951 atque
2489 4879 2626 4943 dies,
2667 4877 2719 4930 in
2763 4873 3106 4931 sermonibus
3144 4869 3251 4925 tuis
3283 4881 3392 4921 me-

1821 4977 2059 5040 ditabor,
2091 4985 2146 5030 et
2168 4975 2288 5029 illos
2319 4972 2576 5042 operibus
2607 4968 2859 5038 implebo.

1895 5069 1982 5122 17.
2019 5066 2096 5120 Da
2150 5065 2287 5120 mihi
2337 5061 2566 5134 gratiam
2620 5057 2793 5115 sancti
2847 5053 3116 5123 Spiritus,
3175 5056 3230 5101 et
3275 5047 3394 5115 ipsa

137 5159 631 5230 ζωοποιηθήσομαι
650 5159 719 5212 δι’
733 5137 940 5228 παυτῆς,
967 5160 1063 5213 καὶ
1091 5157 1364 5231 πληρὼσω
1387 5156 1514 5220 τοὺς
1536 5155 1724 5224 λόγους

1881 5155 2158 5218 vilicabor,
2185 5163 2238 5209 et
2263 5151 2498 5223 implebo
2520 5161 2800 5205 sermones
2829 5153 2950 5198 tuos
2983 5137 3266 5208 operibus.

135 5267 237 5302 σου
270 5248 338 5303 δι’
373 5248 574 5320 ἔργων.

215 5427 260 5458 ³⁷
295 5424 484 5481 Matth.
516 5443 644 5490 xxv,
673 5425 736 5480 41

127 5601 192 5641 ιη
227 5585 438 5653 psalmo
459 5584 584 5653 sive
610 5581 664 5636 in
699 5575 1170 5648 interpretatione,
1197 5571 1630 5653 pulla-varietas
1657 5585 1724 5624 ac
1760 5569 2050 5653 diversitas
2085 5577 2221 5653 erat,
2273 5579 2448 5653 neque
2480 5563 2602 5643 illos
2639 5560 2708 5653 ad

125 5623 1378 5718 "inii-136E.
1399 5623 1936 5706 ﬁnitissimis;
1949 5623 2430 5695 rvero’Ant’onellus
2455 5631 2728 5703 ascripsit,
2747 5644 2849 5684 nos
2871 5634 2992 5698 post
3011 5623 3168 5678 linem
3201 5623 3398 5689 psalmi

133 5725 314 5798 hujus
340 5724 622 5782 addemus.

3234 323 3368 380 1178
3463 385 3468 390 ,
