3706 6412
167 323 290 378 “Si

1000 329 1090 384 DE
1128 329 1404 389 TITUIJS
1441 335 1886 397 PSALMORUM.
1910 373 1982 386 ρ-
2017 321 2212 402 PSAL.
2253 343 2487 403 cxvut.

3265 351 3398 408 1182

236 441 318 496 29.
521 443 736 510 ἀδικίας
759 447 1066 521 ἀπόστησον
1088 453 1182 507 ἀπ’
1201 455 1358 526 ἐμοῦ,
1376 458 1470 512 καὶ
1491 458 1569 532 τῷ
1583 459 1734 534 νόμῳ

1905 466 1995 520 29.
2033 467 2184 522 Viam
2212 469 2516 539 iniquitatis
2537 483 2730 524 amove
2759 481 2791 522 α
2823 485 2930 534 me,
2961 479 3016 525 et
3049 469 3117 525 de
3163 469 3278 541 lege
3307 481 3394 524 tua

165 548 254 585 σου
278 532 496 601 ἐλέησόν
527 552 615 606 με.

228 625 316 678 50.
357 625 503 678 Ὀδὸν
543 628 800 698 ἀληθείας
831 631 1190 706 ᾑρετισάμην.
1241 637 1336 692 καὶ
1380 639 1450 694 τὰ
1487 641 1730 712 κρίματά

163 730 254 767 σου
281 716 380 768 οὐκ
409 717 773 792 ἐπελαθόμην.

227 805 313 859 51.
372 808 698 880 Ἐκολλήθην
743 815 856 876 τοῖς
891 817 1212 888 μαρτυρίοις
1267 837 1382 884 σου,
1429 821 1616 891 Κύριε,
1653 825 1728 895 μή

163 913 224 966 με
249 898 636 970 καταισχύνῃς.

227 990 314 1041 52.
355 990 502 1043 Ὀδὸν
531 992 756 1047 ἐντολῶν
791 1011 884 1048 σου
936 996 1192 1070 ἔδραμον,
1250 1002 1378 1056 ὅταν
1432 1002 1730 1068 ὲπλάτυνας

163 1079 256 1148 τὴν
277 1080 504 1150 καρδίαν
529 1100 650 1152 μου.

230 1172 316 1226 55.
371 1173 750 1246 Νομοθέτησόν
807 1195 898 1248 με,
947 1178 1140 1252 Κύριε,
1196 1183 1292 1253 τὴν
1338 1183 1456 1237 ὁδὸν
1509 1185 1616 1238 τῶν
1655 1185 1732 1240 δι·-

164 1265 487 1334 καιωμάτων
518 1285 631 1330 σου,
660 1269 755 1322 καὶ
774 1271 1057 1344 ἐκζητήσω
1089 1274 1258 1346 αὐτὴν
1284 1277 1590 1341 διαπαντός.

226 1355 312 1409 ΞΗ.
345 1357 630 1413 Συνέτισόν
668 1377 756 1432 με,
785 1363 880 1416 καὶ
907 1364 1246 1438 ἑξερευνήσω
1271 1369 1364 1420 τὸν
1411 1369 1574 1440 νόμον
1613 1386 1728 1432 σου,

160 1447 250 1498 καὶ
274 1445 496 1514 φυλάξω
524 1449 686 1505 αὐτὸν
710 1453 768 1506 ἐν
795 1453 894 1526 ὅλῃ
917 1455 1112 1527 καρδία
1145 1474 1267 1527 μου.

225 1537 310 1592 55.
355 1538 652 1612 ὐδήγησόν
679 1561 747 1616 με
789 1546 848 1598 ἐν
884 1549 950 1617 τῇ
998 1548 1170 1620 τρίϐῳ
1194 1549 1302 1602 τῶν
1335 1549 1562 1602 ἐντολῶν
1615 1567 1730 1615 σου,

158 1629 236 1682 δτι
265 1630 434 1700 αὐτὴν
459 1633 718 1703 ἠθέλησα.
1095 1683 1100 1690 .

223 1722 308 1777 56.
339 1724 536 1788 Κλίνον
557 1725 656 1796 τὴν
687 1727 920 1798 καρδίαν
954 1746 1056 1800 μου
1097 1733 1176 1795 είς
1197 1731 1266 1785 τά
1319 1732 1594 1804 μαρτύριά
1613 1749 1729 1798 σου,

158 1813 244 1866 καὶ
268 1813 342 1885 μὴ
369 1817 450 1876 είς
469 1815 800 1883 πλεονεξίαν.

223 1908 311 1962 57.
358 1911 722 1984 Ἀπόστρεψον
749 1914 876 1976 τοὺς
899 1913 1210 1986 ὀφθαλμούς
1247 1933 1348 1990 μου
1381 1917 1474 1972 τοῦ
1505 1919 1581 1990 μὴ
1611 1917 1736 1973 ίδεϊν

159 2000 512 2072 ματαιότητα,
541 2005 600 2056 ἐν
631 2007 699 2076 τῇ
733 2004 840 2075 6δῷ
871 2023 964 2059 σου
991 2007 1156 2078 ζῆσόν
1193 2025 1279 2079 με.

225 2091 310 2146 58.
353 2092 560 2164 Στῆσον
605 2095 682 2174 τῷ
734 2096 906 2169 δούλῳ
945 2115 1038 2150 σου
1090 2098 1152 2152 τὸ
1187 2098 1370 2168 λόγιόν
1405 2115 1498 2152 σου
1531 2101 1612 2164 είς
1643 2099 1736 2152 τὸν

160 2179 312 2247 φόϐον
340 2199 455 2239 σου.
561 2233 564 2236 .

223 2273 310 2328 59.
351 2276 579 2346 Περίελέ
621 2279 712 2332 τὸν
755 2280 1058 2352 ὀνειδισμόν
1111 2299 1234 2353 μου,
1281 2282 1341 2336 ὃν
1374 2282 1726 2346 ὑπώπτευσα,

155 2363 232 2426 ὅτι
261 2364 326 2418 τά
355 2367 602 2438 κρίματά
633 2385 727 2436 σου
750 2372 980 2442 χρηστά.

220 2454 307 2514 40.
357 2457 489 2511 Ἰδοὺ
545 2461 868 2532 ἐπεθύμησα
915 2464 1016 2526 τὰς
1040 2465 1256 2528 ἐντολάς
1309 2481 1428 2528 σου,
1461 2467 1518 2518 ἐν
1556 2467 1624 2536 τῇ
1651 2464 1732 2520 δι-

155 2548 412 2624 καιοσύνῃ
441 2567 534 2604 σου
565 2553 730 2625 ζῆσόν
761 2571 846 2625 με.

1829 558 2086 614 miserere
2119 561 2244 616 mei.

1903 651 1990 704 50.
2025 651 2178 707 \‘iam
2209 655 2458 710 veritatis
2479 655 2652 724 elegi,
2698 665 2752 709 et
2783 655 2990 724 judicia
3021 665 3109 708 tua
3141 669 3246 707 nou
3273 671 3392 708 sunt

1827 741 2044 796 oblitus.

1899 832 1988 886 5|.
2019 833 2234 890 Adhmsi
2285 835 2616 891 testimoniis
2671 836 2802 900 tuis,
2838 835 3087 900 Domine,
3137 836 3246 888 noli
3308 850 3395 888 me

1827 924 2179 979 confundere.

1899 1013 1990 1068 52.
2019 1015 2176 1072 Viam
2200 1017 2582 1073 mandatorum
2615 1029 2836 1075 tuorum
2869 1018 3082 1073 cucttrri
3103 1055 3118 1080 ,
3147 1033 3270 1072 cum
3307 1016 3394 1069 di-

1829 1105 2008 1160 latasti
2035 1123 2132 1161 cor
2156 1123 2360 1164 meum.

1899 1199 1988 1252 55.
2026 1197 2222 1270 Legem
2253 1216 2396 1270 pone
2418 1201 2576 1267 mihi,
2612 1200 2858 1266 Domine,
2885 1204 3026 1255 viam
3049 1201 3395 1270 justiticatio-

1831 1303 1960 1342 num
1998 1300 2235 1356 tuarum,
2259 1301 2314 1346 et
2335 1293 2616 1362 exquiram
2654 1308 2772 1347 eam
2809 1310 3041 1363 semper.

1900 1377 1988 1432 54.
2019 1377 2092 1433 Da
2145 1381 2276 1434 mihi
2329 1382 2701 1447 intellectum,
2762 1393 2816 1438 et
2881 1385 3168 1439 scrutabor
3223 1387 3394 1454 legem

1831 1477 2004 1534 tuam,
2033 1481 2086 1524 et
2111 1473 2416 1528 custodiam
2441 1475 2588 1530 illam
2622 1477 2674 1529 in
2700 1487 2812 1530 toto
2833 1478 2996 1531 corde
3021 1493 3158 1532 meo.

1902 1560 1994 1614 55.
2027 1559 2210 1618 Deduc
2243 1579 2330 1617 me
2371 1565 2425 1620 in
2463 1567 2713 1622 semitam
2746 1569 3122 1622 mandatorum
3155 1579 3395 1628 tuorum,

1833 1651 1962 1722 quia
1995 1653 2166 1721 ipsam
2197 1655 2368 1712 volui.

1903 1742 1992 1796 56.
2025 1740 2232 1797 luclina
2261 1759 2358 1798 cor
2383 1759 2566 1800 meum
2618 1744 2672 1800 in
2718 1746 3026 1800 testimonia
3055 1756 3168 1809 tua,
3205 1755 3257 1800 et
3289 1761 3396 1800 non

1763 1815 1806 1871 Β
1833 1832 1888 1886 lu
1911 1833 2218 1887 avaritiam.

1899 1923 1989 1979 57.
2027 1923 2222 1978 Averte
2249 1909 2444 1981 oculos
2466 1941 2618 1981 meos
2647 1943 2714 1981 ne
2739 1928 2958 1982 videant
2987 1929 3308 1993 vanitatem;
3345 1911 3416 1980 in-

1831 2015 1918 2069 via
1955 2024 2044 2069 tua
2071 2016 2284 2070 vivilica
2309 2032 2415 2071 me.

1909 2106 2000 2160 58.
2041 2107 2232 2161 Statue
2275 2122 2436 2162 servo
2477 2117 2572 2163 tuo
2615 2108 2890 2178 eloquium
2925 2119 3076 2164 tuum
3119 2111 3172 2163 in
3208 2109 3401 2163 timore

1833 2205 1948 2251 tuo.

1903 2287 1992 2343 59.
2025 2287 2258 2358 Amputa
2289 2289 2640 2358 opprobrium
2676 2305 2856 2346 meum
2879 2331 2892 2355 ,
2921 2292 3064 2361 quod
3094 2291 3402 2358 suspicatus

1835 2393 1980 2444 sum,
2019 2368 2148 2446 quia
2175 2377 2378 2448 judicia
2415 2389 2504 2434 tua
2537 2381 2798 2449 jucunda.

1907 2466 1998 2522 40.
2031 2465 2170 2523 Ecce
2193 2470 2478 2540 concupivi
2515 2470 2765 2526 mandata
2797 2482 2912 2534 tua,
2945 2470 2998 2524 in
3033 2472 3288 2541 aaquitate
3309 2481 3400 2526 tua

1835 2554 2050 2612 viviﬁca
2086 2573 2190 2612 me.

1281 2663 1656 2721 ATIIANASII
1689 2661 2282 2721 INTERPBETATIO.

352 2775 650 2850 ’Δπέλασον
673 2777 774 2846 τᾲς
802 2779 1098 2853 ἐπιθυμίας
1113 2780 1212 2836 τοῦ
1237 2782 1442 2854 κόσμου
1465 2783 1560 2838 ἀπ’
1579 2781 1733 2857 ἐμοῦ,

159 2866 246 2939 καὶ
279 2867 503 2940 ἐλέησόν
533 2885 602 2938 με
633 2869 842 2941 ὁδηγῶν
869 2889 936 2942 με
961 2873 1019 2926 ἐν
1047 2873 1128 2945 τῷ
1157 2875 1308 2946 νόμῳ
1335 2892 1456 2932 σου.

222 2957 308 3012 50.
340 2958 638 3032 Πεπόθηκα
694 2961 784 3020 τὸν
841 2963 968 3016 Υίὸν
1021 2964 1116 3024 τοῦ
1142 2965 1300 3030 Θεοῦ,
1343 2966 1444 3038 τὴν
1497 2966 1618 3022 όδδν
1640 2968 1736 3039 τῆς

158 3051 428 3126 ἀληθείας·
483 3055 854 3126 ἐμνημόνευον
900 3057 1008 3128 γὰρ
1063 3059 1122 3122 τὸ
1183 3057 1337 3132 βῆμά
1403 3076 1495 3113 σου
1545 3061 1606 3113 τὸ
1637 3078 1734 3130 «ρο-

155 3143 212 3196 δε
219 3144 328 3212 ρόν.

219 3237 308 3291 51.
360 3237 698 3292 Ἀκολουθεῖν
719 3239 972 3313 ἠρξάμην
1021 3243 1136 3306 τοῖς
1183 3243 1570 3316 προστάγμασί
1614 3261 1728 3308 σου,

153 3326 338 3400 Κύριε,
369 3330 446 3401 μὴ
472 3331 730 3402 ἀδόκιμόν
755 3349 822 3402 με
845 3333 1011 3404 ἐάσῃς
1033 3335 1089 3396 ἐν
1111 3333 1312 3399 αὐτοῖς.

219 3419 309 3472 52.
345 3421 649 3492 Προθύμως
669 3424 806 3476 ποιῶ
837 3425 898 3478 τὸ
945 3424 1160 3498 θέλημά
1200 3441 1320 3494 σου,
1363 3427 1490 3481 ὃταν
1518 3429 1733 3501 ἀνοίξῃς

147 3510 247 3579 τὴν
278 3511 502 3580 καρδίαν
533 3529 634 3583 μου
663 3513 944 3586 ἐγγράψας
979 3517 1035 3568 ἐν
1067 3517 1204 3587 αὐτῇ
1224 3515 1316 3578 τὸν
1343 3519 1508 3589 νόμον
1542 3535 1659 3573 σου.

216 3601 305 3654 55.
331 3601 591 3673 Στήριξον
612 3606 668 3658 ἐν
695 3607 762 3676 τῇ
797 3605 1006 3682 διανοίᾳ
1039 3625 1140 3678 μου
1167 3608 1228 3672 τὸ
1281 3609 1398 3672 πῶς
1435 3609 1732 3663 ἐπιτελέσω

145 3697 218 3750 τά
243 3697 593 3770 δικαιώματά
619 3719 736 3766 σου,
763 3704 858 3758 καὶ
883 3687 1200 3776 ἐπιποθήσω
1250 3705 1339 3768 ἀεὶ
1367 3704 1730 3776 alveis-Oeta)

149 3790 296 3861 παρὰ
325 3791 418 3844 σοῦ
447 3793 548 3863 τὴν
577 3793 734 3865 χάριν
755 3795 980 3867 ταύτην.

212 3881 306 3936 54.
336 3883 575 3938 Φώτισόν
625 3903 714 3956 με,
771 3889 864 3941 καὶ
887 3886 1208 3960 ἐπιζητήσει)
1270 3889 1368 3960 τὴν
1433 3888 1730 3962 ἑρμηνείαν

145 3977 254 4030 τῶν
277 3977 510 4049 Γραφῶν
550 3995 668 4043 σου,
701 3980 796 4034 καὶ
824 3981 1111 4042 σπουδάσω
1137 3982 1421 4062 πληρῶσαι
1463 3981 1634 4053 αὐτὴν
1663 3982 1730 4034 δι’

146 4071 324 4142 ἔργων
357 4071 599 4138 ἀγαθῶν.

215 4163 305 4217 55.
349 4163 504 4216 Ἐπεὶ
531 4163 724 4236 νήπιός
757 4165 894 4236 είμι,
947 4165 1043 4218 καὶ
1098 4165 1199 4220 οὐκ
1248 4161 1363 4224 οἶδα
1409 4163 1643 4234 βαδίζειν
1671 4167 1730 4218 ἐν

143 4260 264 4321 ταῖς
295 4259 536 4323 ἐντολαῖς
583 4276 698 4323 σου,
745 4259 920 4330 ζητῶν
953 4261 1047 4314 καὶ
1071 4259 1172 4331 τὴν
1196 4261 1313 4320 ὁδὸν
1351 4261 1552 4316 αὐτῶν·
1591 4263 1731 4334 κρά-

143 4366 310 4420 τησον
330 4352 397 4420 τῇ
429 4350 614 4421 χάριτί
639 4367 736 4406 σου
767 4351 868 4423 τὴν
897 4350 1076 4422 ψυχήν
1105 4367 1228 4421 μου,
1257 4353 1352 4410 καὶ
1379 4352 1604 4421 ποίησόν
1663 4367 1730 4422 με

143 4443 342 4494 πατεῖν
371 4441 430 4493 ἐν
461 4441 675 4504 αὑταῖς.

1901 2781 1993 2839 29.
2025 2781 2248 2852 Expelle
2289 2798 2320 2838 a
2359 2798 2448 2837 me
2489 2782 2678 2838 mundi
2704 2767 3198 2854 concupiscentias,
3225 2795 3280 2840 et
3300 2788 3402 2840 mi'

1833 2887 2015 2928 serere
2037 2874 2142 2926 mei
2169 2871 2444 2928 deducens
2474 2889 2558 2928 me
2587 2873 2638 2927 in
2671 2875 2786 2944 lege
2817 2883 2930 2928 tua.

1903 2963 1994 3018 50.
2023 2961 2332 3018 Desideravi
2375 2962 2574 3018 Filium
2609 2963 2734 3030 Dei,
2764 2965 2858 3034 qui
2891 2973 2972 3020 est
3003 2965 3090 3018 via
3125 2965 3400 3026 veritatis;
3469 2973 3478 2986 ‘

1833 3055 2149 3111 recordatus
2177 3056 2324 3110 enim
2351 3071 2474 3110 sum
2502 3058 2768 3112 tremendi
2795 3057 2874 3112 tui
2911 3056 3225 3112 tribunalis.

1904 3253 1993 3308 5|.
2029 3252 2242 3309 lnstitui
2277 3256 2430 3325 sequi
2477 3265 2742 3326 praecepta
2779 3265 2892 3322 tua,
2933 3255 3184 3320 Domine,
3221 3271 3288 3310 ne
3319 3271 3404 3308 nte

1835 3346 2122 3415 reprobum
2151 3349 2205 3402 in
2237 3347 2370 3416 ipsis
2403 3347 2671 3403 dimittas.

1903 3437 1993 3492 52.
2024 3437 2292 3492 Alacritet-
2335 3437 2479 3494 facio
2526 3439 2860 3492 voluntatem
2903 3449 3051 3492 tuam
3074 3475 3088 3498 .
3121 3451 3246 3491 cum
3279 3452 3406 3505 apt--

1835 3528 2010 3582 rueris
2035 3543 2130 3582 cor
2153 3543 2334 3582 meum
2361 3529 2668 3582 inscribens
2699 3529 2752 3581 in
2785 3528 2902 3597 ipso
2931 3527 3100 3598 legem
3126 3537 3295 3580 tuam.

1902 3617 1993 3672 55.
2025 3618 2302 3674 Conlirma
2352 3618 2407 3673 in
2457 3627 2638 3674 mente
2667 3635 2786 3674 mea
2817 3617 3092 3684 quomodo
3127 3617 3402 3686 perﬁciam

1828 3709 2257 3779 justiticatioues
2291 3719 2436 3775 tuas,
2466 3719 2522 3765 et
2543 3711 2866 3766 desiderabo
2892 3725 3104 3778 semper
3130 3725 3161 3763 a
3191 3717 3242 3762 te
3264 3709 3402 3762 hanc

1831 3801 2084 3870 gratiam.

1900 3893 1990 3948 54.
2027 3892 2278 3947 lllumina
2325 3909 2434 3961 me,
2482 3903 2538 3949 et
2585 3893 2868 3964 exquiram
2900 3892 3400 3960 interpretationem

1832 3993 2050 4040 tuarum
2090 3984 2532 4056 Scripturarum,
2558 3993 2614 4040 et
2641 3984 2876 4040 studebo
2903 3999 3024 4039 eam
3063 3983 3284 4053 implere
3307 3997 3403 4054 per

1831 4089 1996 4146 Opera
2018 4075 2179 4130 bona.

1905 4162 1994 4220 55.
2036 4161 2310 4228 Quoniam
2364 4163 2545 4220 infans
2593 4179 2752 4230 sum,
2785 4171 2840 4218 et
2867 4163 2991 4217 novi
3025 4161 3304 4216 ambulare
3346 4159 3400 4214 in

1833 4255 2120 4326 praeceptis
2144 4255 2274 4318 tuis,
2305 4271 2557 4325 quaerens
2581 4256 2762 4310 adhuc
2787 4269 2978 4308 eorum
3009 4255 3148 4306 viam
3175 4272 3187 4306 :
3213 4266 3404 4321 appre—

1835 4345 2012 4399 hende
2035 4345 2206 4413 gratia
2243 4353 2334 4398 tua
2366 4345 2606 4398 animam
2637 4359 2812 4398 meam
2835 4383 2852 4410 ,
2891 4354 2946 4397 et
2981 4342 3064 4398 fac
3102 4353 3160 4396 ut
3187 4341 3242 4395 in
3271 4341 3404 4411 ipsis

1833 4437 2127 4490 ambulem.

211 4531 305 4586 56.
347 4531 646 4597 ’Υπόκταξον
667 4532 766 4606 τὴν
809 4532 1038 4606 καρδίαν
1065 4551 1164 4604 μου
1204 4534 1286 4596 εἰς
1331 4532 1400 4586 τὰ
1463 4533 1738 4605 μαρτύριά

1907 4528 1996 4582 56.
2034 4527 2254 4595 Subjice
2301 4541 2397 4580 cor
2428 4541 2611 4580 meum
2647 4525 2974 4580 testimoniis
3005 4523 3141 4588 tuis,
3189 4532 3246 4578 et
3293 4537 3400 4578 non

143 4638 264 4688 σου,
291 4622 391 4674 καὶ
425 4620 572 4693 [οὐκ]
607 4623 687 4686 είς
707 4621 806 4694 τὴν
859 4619 1291 4675 πλεονεκτοῦσαν
1324 4637 1393 4690 με
1433 4619 1732 4696 ἁμαρτίαν,

145 4715 234 4766 ἵνα
269 4712 344 4784 μὴ
370 4707 414 4765 ὧ
437 4713 847 4784 δεδουλωμένος.

211 4805 306 4860 57.
342 4805 581 4858 Φώτισον
603 4807 728 4868 τοὺς
751 4805 1060 4876 ὀφθαλμοὺς
1087 4803 1189 4876 τῆς
1219 4804 1456 4867 διανοίας
1491 4820 1616 4874 μου,
1639 4803 1735 4857 τοῦ

143 4898 220 4968 μὴ
255 4901 519 4968 προσχεῖν
545 4898 626 4961 εἰς
656 4897 756 4967 τὴν
785 4896 1086 4951 ἀπόλαυσιν
1117 4895 1215 4950 τοῦ
1268 4895 1495 4966 κόσμου·
1537 4895 1597 4946 ἐν
1656 4892 1736 4966 τῷ

143 4987 258 5058 Υἱῷ
285 5005 382 5040 σου
416 4987 752 5058 ζωοποίησόν
781 5005 870 5057 με.

213 5079 306 5134 58.
337 5078 600 5150 Στήριξον
629 5081 708 5142 εἰς
753 5079 855 5150 τὴν
901 5079 1132 5150 καρδίαν
1163 5095 1262 5150 μου
1302 5078 1362 5130 τὸ
1412 5075 1592 5144 λόγιόν
1641 5091 1736 5128 σου

145 5171 290 5242 μετά
317 5172 412 5246 τοῦ
446 5172 610 5240 φόῦου
636 5188 754 5225 σου.

217 5264 306 5316 59.
348 5262 552 5331 ’Λφελε
620 5263 715 5315 ἀπ’
764 5261 898 5332 ἐμοῦ
947 5261 1046 5332 τὴν
1094 5261 1354 5330 αἰσχύνην
1395 5258 1509 5331 [ἢν]
1571 5274 1738 5329 προσ-

145 5355 380 5425 εδόκησα
411 5356 556 5424 ἔχειν
587 5356 680 5408 ἐπι
735 5355 830 5408 τοῦ
873 5355 1112 5427 βήματός
1145 5371 1258 5418 σου,
1293 5355 1374 5406 δτι
1401 5354 1456 5406 αι
1498 5355 1734 5420 ἐπαγγε-

144 5450 258 5519 λίαι
291 5469 386 5509 σου
418 5452 641 5522 ἀγαθαί.

217 5543 310 5598 40.
355 5546 487 5598 Ἰδο)
521 5543 752 5616 ἐδίψησα
795 5547 966 5598 ποιεῖν
990 5543 1086 5606 τάς
1107 5539 1324 5603 ἐντολάς
1356 5556 1468 5603 σου,
1513 5539 1728 5593 πότισόν

149 5652 218 5704 με
246 5634 346 5706 τὴν
369 5635 530 5706 χάριν
560 5649 673 5685 σου.

214 5749 292 5818 (l)
327 5747 442 5804 Vox
469 5745 738 5816 αἰτεῖσθαι
766 5745 1038 5816 abundare
1076 5744 1282 5798 titlctur

1841 4618 2290 4674 circumvenienti
2324 4633 2412 4672 me
2444 4625 2700 4687 peccato,
2739 4631 2808 4672 ne
2839 4615 3051 4685 redigar
3091 4617 3143 4668 in
3174 4615 3404 4670 servitu-

1833 4719 1961 4766 tem.

1905 4803 1996 4857 57.
2025 4801 2276 4859 lllumina
2321 4799 2512 4856 oculos
2555 4799 2757 4854 mentis
2801 4814 2966 4861 mete,
3005 4814 3072 4852 ne
3097 4798 3404 4852 adhaereant

1833 4895 2024 4951 mundi
2049 4894 2420 4964 voluptatibus
2449 4892 2541 4947 :in
2575 4891 2714 4947 Filio
2743 4900 2834 4946 tuo
2859 4890 3068 4944 vivilica
3101 4906 3202 4944 me.

1911 5084 2005 5142 58.
2038 5083 2314 5138 Conlirma
2343 5083 2398 5138 in
2434 5083 2600 5139 corde
2629 5096 2752 5138 meo
2791 5079 3068 5150 eloquium
3097 5085 3250 5130 tuutn
3279 5089 3410 5130 cum

1835 5175 2030 5230 timore
2059 5184 2172 5229 tuo.

1902 5266 1993 5320 59.
2023 5265 2190 5319 Aufer
2217 5281 2246 5318 a
2278 5281 2365 5318 me
2396 5264 2692 5334 pudorem,
2723 5277 2886 5332 quem
2921 5259 3106 5314 subire
3123 5267 3404 5326 exspecta-

1840 5355 1890 5408 vi
1933 5356 1984 5408 iu
2023 5365 2118 5410 tuo
2145 5355 2424 5420 tribunali,
2473 5357 2604 5424 quia
2649 5357 2807 5406 bona:
2850 5359 2979 5406 sunt
3014 5347 3408 5419 promissiones

1838 5457 1970 5500 tute.

1903 5535 1994 5590 40.
2027 5536 2165 5594 Ecce
2193 5537 2337 5594 sitivi
2374 5535 2551 5591 facere
2581 5535 2834 5590 mandata
2867 5541 2978 5600 tua,
3005 5539 3130 5602 pota
3164 5546 3252 5586 me
3281 5543 3404 5602 gn-

1833 5626 1906 5680 tiu
1942 5637 2052 5684 tua.
