3706 6420
159 347 288 402 1185
1009 343 1098 397 ΒΕ
1131 343 1406 400 τιτυιιε
1446 345 1620 401 PSAI.

1929 377 1998 390 --
2035 347 2232 404 PSAL.
2265 348 2504 406 CXVIII.
3251 354 3387 408 “86

217 465 310 521 52.
331 461 642 536 Ἐμνήσθην
672 464 780 518 τῶν
804 481 1085 536 κριματων
1111 481 1204 518 σου
1241 467 1334 520 ἀπ’
1357 467 1570 532 αἰῶνος,
1605 469 1680 522 K6

1914 470 1978 523 i2.
2011 467 2216 524 Memor
2245 469 2322 524 l‘ui
2348 469 2679 540 iudiciorum
2711 479 2930 526 tuorum
2969 487 2997 525 a
3029 483 3252 537 szecitto,
3273 472 3377 526 Do-

153 573 254 629 ριε,
283 557 376 610 καὶ
405 555 778 626 παρεκλήθην.

1823 562 1987 628 mine,
2025 571 2081 616 et
2113 563 2428 618 consolatus
2469 579 2613 618 sum.

217 647 306 702 55.
335 647 569 718 ’Δθυμξα
594 647 823 718 κατέσχε
848 664 916 718 με
936 647 1044 702 ἀπὸ
1063 648 1402 720 ἁμαρτωλῶν
1425 651 1533 705 τῶν
1553 653 1680 720 ὲγκσ

1909 653 1976 707 i5.
2013 652 2250 708 Deiectio
2283 653 2457 708 tenuit
2485 669 2570 708 me
2599 670 2698 724 pro
2731 655 3108 724 peccatoribus
3139 655 3372 710 derelin-

150 738 589 810 ταλιμπανὸντων
621 739 712 793 τὸν
749 739 914 810 νόμον
947 757 1062 795 σου.

1940 741 2114 795 utibus
2137 743 2306 808 legem
2340 749 2505 794 luam.
3400 773 3403 810 ς

218 805 306 885 ὕί.
337 829 532 883 Ψαλτά
579 825 718 900 ἦσάν
750 805 840 902 μοι
870 831 940 883 τα
965 829 1306 903 δικαιώματά
1349 849 1442 887 σου
1475 836 1533 886 ἐν
1567 835 1681 888 τόντε

1940 832 1979 886 ι.
2013 805 2324 888 (laudabiles
2355 833 2484 887 mihi
2536 846 2692 889 erant
2720 834 3138 904 iustiﬁcationes
3169 843 3276 890 tute
3318 805 3403 890 inl

150 919 435 992 παροικίας
475 937 597 990 μου.

1819 923 1940 978 loco
1975 925 2428 993 peregrinationis
2459 942 2611 980 meae.

219 1012 304 1066 55.
329 1011 642 1082 Ἐμνήσθην
676 1014 734 1066 ἐν
773 1014 926 1068 νυκτὶ
949 1013 1046 1068 τοῦ
1069 1015 1331 1086 ὀνόματός
1365 1033 1482 1082 σου,
1515 1017 1682 1089 Κύριε

1922 1017 1980 1070 5.
2020 1015 2224 1070 Memor
2278 1017 2354 1071 l'ui
2391 1027 2552 1072 nocte
2586 1019 2826 1074 nominis
2860 1019 2936 1074 tui
2959 1057 2976 1082 ,
3015 1019 3240 1074 Domine
3273 1059 3292 1086 ,
3331 1030 3385 1074 et

150 1101 238 1154 καὶ
267 1100 510 1169 ἐφύλαξα
531 1100 622 1155 τὸν
647 1101 810 1172 νόμον
837 1119 950 1156 σου.

1817 1109 2084 1163 custodiri
2108 1109 2279 1178 legem
2315 1118 2487 1162 tuam.

215 1193 302 1248 56.
335 1192 484 1264 Αὕτη
517 1193 750 1265 ἐγενήθη
785 1211 896 1264 μοι,
924 1197 1006 1249 ὅτι
1047 1197 1114 1251 τὰ
1141 1195 1482 1269 δικαιώματά
1509 1216 1600 1252 σου
1629 1201 1678 1266 ἐξ

1908 1201 1978 1255 εδ.
2012 1199 2136 1255 llaec
2167 1201 2308 1255 facta
2340 1211 2424 1256 est
2449 1201 2608 1266 mihi,
2649 1201 2776 1270 quia
2799 1201 3224 1271 justilicationes
3251 1210 3371 1256 tuas

148 1285 409 1354 ἐζήτησα.

1817 1293 2102 1362 exquisivi.

213 1374 302 1430 57.
335 1372 508 1444 Μερίς
536 1389 636 1443 μου
667 1369 735 1439 εἴ,
762 1373 956 1446 Κύριε,
986 1369 1116 1428 εἶπα
1144 1375 1240 1430 τοῦ
1267 1375 1602 1446 φυλάξασθαι
1624 1378 1676 1429 τέ

1916 1385 1977 1438 i'l.
2001 1383 2186 1437 Portio
2213 1399 2330 1438 mea
2351 1398 2432 1448 es,
2463 1383 2713 1448 Domine,
2761 1383 2876 1440 dixi
2903 1385 3182 1440 custodire
3209 1383 3379 1454 legem

147 1463 306 1534 νόμον
334 1479 452 1517 σου.
987 1491 996 1498 -

1817 1487 1966 1529 tuam
1977 1516 1988 1528 .
3219 1491 3231 1500 “

213 1556 300 1611 58.
323 1555 584 1626 Ἐδεήθην
603 1555 698 1608 τοῦ
713 1554 1006 1627 προσώπου
1037 1573 1132 1610 σου
1160 1560 1217 1611 ἐν
1242 1557 1338 1629 ὅλῃ
1361 1557 1558 1630 καρδία
1587 1575 1676 1628 μοι

1916 1567 1973 1622 ι8.
2013 1562 2343 1634 Deprecatus
2377 1581 2498 1620 sum
2532 1565 2724 1620 faciem
2765 1577 2914 1622 tuam
2973 1568 3030 1621 in
3074 1577 3184 1622 toto
3213 1567 3379 1623 corde

147 1647 364 1720 ἐλέησόν
395 1663 464 1718 με
497 1647 636 1702 κατὰ
669 1647 732 1700 τὸ
755 1648 934 1716 λόγιόν
969 1665 1084 1703 σου.

1815 1669 1958 1720 meo,
1990 1655 2250 1710 miserere
2283 1656 2386 1708 mei
2421 1657 2718 1710 secundum
2751 1657 3030 1726 eloquium
3061 1668 3233 1712 tum.

213 1742 300 1797 59.
333 1739 733 1812 Διελογισάμην
777 1740 874 1804 τὰς
924 1741 1074 1805 ὁδούς
1117 1759 1230 1808 σου,
1271 1743 1368 1796 καὶ
1408 1743 1676 1814 ἐπέστρεψ

1912 1743 1976 1799 ἱ9.
2005 1743 2250 1816 Cogitavi
2275 1744 2390 1799 vias
2411 1759 2582 1811 meas,
2611 1756 2664 1800 et
2687 1749 2922 1802 converti
2949 1749 3110 1816 pedes
3139 1763 3290 1803 meos
3322 1749 3375 1802 in

145 1835 266 1895 τοὺς
295 1833 460 1896 πόδας
487 1807 586 1904 μου
734 1832 799 1884 τὰ
836 1833 1110 1906 μαρτύριά
1141 1807 1255 1887 σου.
1580 1807 1592 1814 ’

836 1833 1110 1906 μαρτύριά
1141 1807 1255 1887 σου.
1580 1807 1592 1814 -
1653 1807 1664 1812 ⁷
1747 1807 1786 1860 Β
1817 1807 2128 1890 testimonia
2165 1845 2279 1888 tua.

213 1923 302 1978 60.
332 1923 722 1995 Ἠτοιμάσθην,
757 1925 852 1977 καὶ
878 1927 978 1978 οὐκ
1016 1926 1322 1998 ἐταράχθην
1343 1927 1436 1980 τοῦ
1475 1926 1676 1997 φυλάξα

1904 1927 1966 1980 ςο.
2000 1925 2230 1980 Paratus
2265 1942 2409 1989 sum,
2431 1936 2484 1982 et
2511 1942 2618 1980 non
2653 1943 2774 1982 sum
2807 1929 3076 1988 turbatus,
3108 1937 3168 1982 ut
3193 1939 3367 1984 custo.

149 2015 270 2070 σθαι
289 2015 390 2079 τὰς
415 2015 636 2078 ἐντολάς
667 2033 782 2068 σου.

1808 2017 1954 2072 diam
1984 2018 2237 2072 mandata
2263 2026 2373 2072 tua.

214 2106 300 2160 6L
331 2107 550 2177 Σχοινία
599 2106 936 2178 ἁμαρτωλῶν
978 2107 1424 2178 περιεπλάκησάν
1459 2127 1570 2180 μοι,
1617 2127 1677 2164 κε

1923 2109 1967 2162 l.
2005 2107 2184 2164 Funes
2232 2118 2578 2179 peccatorum
2633 2111 2986 2180 circumplcxi
3037 2121 3300 2177 suntme,
3327 2125 3379 2168 et

141 2197 236 2251 τοῦ
255 2199 418 2270 νόμου
453 2215 546 2252 σου
579 2199 678 2252 οὐκ
701 2200 1062 2272 ἐπελαθόμην.

1809 2201 1978 2270 legem
2009 2209 2158 2255 tuam
2183 2217 2290 2256 non
2323 2217 2442 2256 sum
2477 2202 2702 2256 oblitus.

212 2286 298 2342 62.
349 2287 718 2342 Μεσονύκτιον
741 2290 1123 2362 ἐξηγειρόμην,
1145 2291 1240 2345 τοῦ
1273 2291 1675 2363 ἐξομολογεῖσθε

1911 2291 1966 2344 2.
1999 2291 2174 2346 Media
2219 2302 2374 2346 nocte
2419 2292 2730 2361 surgebam,
2765 2292 2830 2346 ad
2875 2293 3242 2348 conﬁtendum
3278 2295 3373 2348 tibi

143 2399 226 2435 σοι
250 2381 344 2435 ἐπὶ
371 2383 442 2436 τὰ
469 2383 714 2454 κρίματα
745 2383 844 2453 τῆς
871 2382 1218 2454 δικαιοσύνης
1249 2399 1362 2437 σου.

1351 2424 1362 2435 .
1806 2399 1972 2452 super
1999 2383 2208 2452 judicia
2239 2382 2654 2452 justiﬁeationis
2687 2393 2811 2438 tuae.

211 2471 300 2527 65.
335 2473 576 2543 Μέτοχος
601 2473 710 2542 ἐγώ
736 2476 852 2545 εἰμι
887 2474 1102 2528 πάντων
1125 2471 1236 2527 τῶν
1263 2473 1608 2545 φοδουμὲνων
1631 2491 1674 2528 σε

1914 2475 1968 2528 5.
1999 2474 2276 2544 Particeps
2310 2489 2412 2545 ego
2451 2490 2572 2528 sum
2605 2477 2846 2530 onmium
2881 2476 3186 2532 timentium
3217 2485 3288 2542 te,
3319 2485 3374 2532 et

143 2565 234 2616 καὶ
259 2563 368 2617 τῶν
396 2565 775 2634 φυλασσόντων
807 2566 904 2630 τὰς
935 2565 1150 2628 ἐντολάς
1178 2581 1290 2620 σου.

1200 2581 1290 2620 rou.
1807 2566 2235 2622 custodientium
2267 2567 2522 2620 mandata
2552 2576 2663 2620 tua.

1275 2699 1644 2756 ATllANASII
1679 2702 2258 2758 INTERPBETATlO.

210 2813 296 2868 52.
333 2814 512 2868 Μόνον
541 2815 598 2868 ἐν
625 2815 701 2884 νῷ
731 2814 908 2868 λαὸὼν
951 2817 1019 2869 τὰ
1065 2818 1464 2888 προστάγματὰ
1496 2831 1610 2880 σου,
1641 2837 1670 2872 τ

1911 2819 1966 2872 2.
1999 2815 2189 2872 Solum
2217 2815 2533 2870 recordatus
2557 2823 2952 2885 praeceptorum
2981 2827 3219 2878 tuorum.
3250 2833 3373 2888 qum

142 2906 199 2971 ἐξ
221 2907 418 2978 ἀρχῆς,
446 2906 638 2978 Κύριε,
673 2909 920 2980 χαίρεται
949 2911 982 2980 ἡ
1009 2909 1204 2981 καρδία
1239 2929 1361 2981 μου.

1803 2905 1873 2960 ab
1902 2906 2059 2962 initio
2083 2915 2230 2966 sunt,
2260 2903 2512 2964 Domine,
2532 2905 2772 2958 exsultat
2801 2921 2894 2958 cor
2919 2921 3121 2959 meum.

207 2997 296 3051 55.
333 2997 510 3069 Πολλὴ
549 2998 723 3068 θλίψις
752 2995 863 3070 εἷχὲ
892 3018 979 3070 με,
1006 3001 1132 3054 ὅταν
1162 3001 1344 3074 ἐώρων
1379 3003 1503 3066 τοὺς
1529 3005 1670 3074 ἁμαρ

1911 2999 1963 3052 5.
1993 2997 2160 3052 Multa
2187 2997 2464 3052 tribulatio
2491 2998 2666 3050 tenuit
2687 3013 2793 3058 me.
2820 3013 2944 3051 eum
2972 2997 3216 3050 videbam
3250 3011 3373 3068 pec-

139 3090 392 3152 τάνοντας
422 3089 890 3161 καταφρονοῦντας
915 3093 1259 3164 τοὺςνόμους
1292 3110 1406 3147 σου.

1338 3111 1406 3147 ›υ.
1801 3095 2014 3140 calores
2040 3094 2445 3140 contemnentes
2479 3086 2624 3156 lnges
2659 3095 2801 3140 tuas.

205 3175 295 3230 54.
319 3177 435 3230 ’Δεῖ
475 3178 534 3230 ἐν
587 3179 700 3240 τοῖς
745 3177 1072 3250 δικαιώμασί
1111 3199 1204 3234 σου
1237 3183 1563 3254 ἐτερπόμην,
1600 3183 1668 3255 [ἐκ.

1903 3175 1964 3229 i4.
2001 3175 2226 3243 Semper
2253 3176 2310 3229 in
2335 3175 2819 3245 justiﬁeationibus
2863 3177 2970 3231 tuis
3010 3179 3318 3234 delectabar
3350 3218 3366 3244 ,

141 3265 298 3318 παντὶ
323 3266 474 3337 τόπῳ
504 3266 600 3338 τῆς
634 3269 738 3338 γῆς
761 3271 1039 3341 ὑπάρχων.

1734 3265 1770 3276 ν
1807 3267 2006 3337 ubique
2035 3273 2300 3320 terrarum
2327 3269 2619 3321 exsistens.

203 3355 296 3408 55.
329 3355 632 3427 Ἀμαρτίας
679 3376 769 3429 μοι
814 3359 1254 3433 ὑπεισελθούσης,
1299 3361 1594 3434 ἐμνήσθην,
1621 3365 1666 3417 ὄπ

1905 3357 1968 3411 i5.
2007 3357 2464 3428 Subingrediente
2513 3358 2566 3411 in
2623 3373 2710 3411 me
2752 3367 2996 3427 peccato,
3057 3361 3368 3415 recordatus

137 3443 266 3508 Θεός
295 3464 394 3518 μου
419 3444 488 3510 εἴ,
521 3451 616 3502 καὶ
645 3451 890 3522 ἀπέστην
927 3455 1022 3507 ἀπ’
1053 3455 1222 3526 αὐτῆς
1243 3473 1257 3486 ·
1291 3456 1447 3509 τοῦτο
1479 3456 1586 3528 γὰρ

1902 3463 1946 3511 rt,
1973 3449 2116 3518 quod
2145 3447 2290 3502 Dens
2319 3463 2472 3508 meus
2494 3463 2574 3512 es,
2601 3457 2655 3502 et
2681 3447 2864 3502 abstiti
2889 3450 2956 3502 ab
2981 3463 3067 3508 eo.
3096 3449 3198 3504 hoc
3223 3451 3365 3504 enim

137 3537 322 3590 ελείλω
355 3555 446 3608 μοι
475 3540 750 3610 [ἐνετεὶλω
765 3543 902 3616 μοι].

818 3543 902 3616 at].
1805 3539 2110 3609 praecepisti
2131 3539 2281 3593 mihi.

203 3629 291 3684 56.
324 3630 472 3702 Αὕτη
506 3649 600 3704 μοι
627 3631 845 3704 βοήθεια
872 3637 1127 3708 ὑπῆρξεν,
1156 3637 1238 3690 ὅτι
1275 3637 1343 3691 τὰ
1365 3639 1664 3710 δικαιώματ

1900 3631 1962 3684 i6.
2002 3629 2116 3685 Hoc
2149 3631 2282 3684 mihi
2329 3631 2534 3685 auxilio
2590 3629 2710 3694 fuit,
2771 3631 2916 3700 quod
2943 3632 3363 3700 iustiﬁcationes

136 3739 226 3776 σου
254 3725 574 3794 ἐπεπόθησα
615 3726 812 3796 μᾶλλον
839 3729 870 3800 ἢ
899 3729 997 3800 τὴν
1025 3730 1315 3802 ἁμαρτίαν.

1804 3729 1926 3776 tuas
1955 3721 2258 3776 desideravi
2284 3724 2478 3790 magis,
2513 3737 2676 3788 quam
2707 3731 3009 3792 peceatum.

200 3813 294 3868 57.
328 3813 400 3868 Σὺ
448 3811 498 3869 εἶ
541 3821 574 3890 ἡ
620 3819 730 3892 ζωή
759 3838 882 3890 μου,
905 3821 1108 3892 Κύριε·
1143 3822 1441 3894 συνεθέμην
1472 3823 1577 3895 γάρ
1606 3841 1663 3877 το

1911 3813 1962 3868 7.
2001 3811 2080 3866 'l'u
2109 3827 2168 3866 es
2201 3813 2308 3865 vita
2339 3827 2482 3876 mea,
2517 3809 2776 3867 Domine:
2803 3812 3058 3882 pr0posui
3090 3811 3236 3867 enim
3267 3813 3371 3868 im-

133 3902 418 3977 πληρῶσαι
441 3909 534 3961 τὸν
560 3910 722 3980 νόμον
746 3929 858 3967 σου.

1801 3905 1950 3974 plere
1979 3905 2148 3974 legem
2179 3913 2347 3957 tuam.

196 3995 290 4050 58.
311 3997 568 4072 Ἐδεήθην
601 4001 770 4056 ἐλθεῖν
797 4001 920 4074 [τὴν
945 4003 1102 4074 χάριν
1127 4003 1265 4076 seu],
1293 4006 1350 4058 ἐν
1380 4007 1475 4079 ὅλῃ
1505 4023 1659 4078 καροι

1910 3997 1962 4052 8.
1997 3995 2328 4065 Depreeatns
2353 4012 2498 4058 sum,
2521 4003 2582 4048 ut
2603 3995 2811 4050 veniret
2835 3995 3007 4066 gratia
3035 4005 3144 4059 tua,
3175 3996 3228 4050 in
3253 4006 3373 4054 toto

133 4103 256 4154 μου,
295 4087 518 4158 ἐλέησόν
551 4108 641 4162 με,
671 4093 762 4146 καὶ
788 4093 1102 4148 ἀπόστειλον
1125 4096 1312 4168 αὐτὴν,
1345 4097 1526 4161 καθὼς
1553 4101 1596 4151 εξ

1908 4091 1968 4143 de
2005 4105 2148 4155 meo,
2174 4089 2431 4144 miserere
2474 4088 2603 4150 mei,
2636 4097 2689 4142 et
2721 4089 2875 4143 mitte
2929 4104 3070 4152 eam,
3111 4092 3371 4158 quemad-

131 4196 230 4244 ιας
247 4197 262 4209 ·
287 4183 537 4248 Αἰτεῖτε,
562 4184 660 4238 καὶ
694 4183 1011 4252 δοθήσεται
1043 4185 1204 4255 ὑμῖν.

1800 4182 2022 4238 modum
2056 4181 2276 4237 dixisti:
2305 4177 2496 4244 Petita,
2530 4190 2578 4233 et
2600 4179 2818 4233 dabitur
2845 4179 2989 4235 vobis
3019 4182 3084 4235 ”.

193 4275 286 4330 59.
311 4276 402 4329 Ἐν
435 4275 512 4348 νῷ
538 4277 745 4342 ἔλαϐον,
767 4279 848 4331 ὅτι
873 4281 930 4331 ἐν
951 4281 1243 4349 ἁμαρτίαις
1267 4278 1587 4351 πορεύομαι,
1609 4299 1656 4334 κε

1902 4273 1965 4328 i9.
2003 4271 2341 4327 Recordatus
2371 4287 2516 4338 sum,
2550 4273 2694 4340 quod
2745 4273 2798 4325 in
2853 4273 3089 4342 peccatis
3122 4273 3365 4340 ambulo,

128 4369 476 4439 μετανοήσας
499 4368 802 4440 κατέφυγον
825 4372 903 4434 εἰς
929 4371 994 4424 τὰ
1021 4370 1322 4443 παθήματά
1355 4389 1469 4424 σου.

1799 4374 1853 4420 ct
1877 4366 2148 4434 ptenitens
2173 4364 2392 4432 confugi
2424 4364 2488 4416 ad
2524 4363 2808 4432 passiones
2839 4371 2976 4417 tuas.

192 4459 286 4512 60.
309 4458 456 4523 Ἕως
479 4459 712 4514 θανάτου
742 4461 1043 4534 ηὐτρέπισα
1069 4461 1163 4534 τὴν
1189 4461 1368 4534 ψυχήν
1398 4481 1497 4533 μου
1535 4465 1614 4526 εἰς
1639 4481 1655 4515 ’1

1907 4455 1960 4508 0.
1995 4451 2176 4524 Usque
2203 4455 2267 4507 ad
2301 4463 2529 4506 mortem
2575 4453 2872 4522 prazparavi
2907 4453 3151 4528 animam
3189 4469 3367 4508 meam

123 4548 340 4620 θέλημά
365 4567 481 4612 σου,
511 4551 606 4604 καὶ
631 4553 728 4605 οὐκ
752 4549 819 4624 ἦν
851 4570 942 4625 μοι
969 4553 1224 4624 δυσχερὲς
1247 4554 1306 4606 τὸ
1337 4553 1574 4624 πληροῦν

1906 4553 2217 4608 roluntatem
2249 4559 2420 4614 tuam,
2449 4563 2501 4604 et
2521 4565 2628 4604 non
2667 4557 2782 4602 erat
2817 4549 2946 4602 mihi
3000 4549 3213 4604 dilllcile
3265 4551 3369 4605 im-

122 4641 346 4705 ἐντολάς
381 4659 498 4696 σου.

1799 4645 1944 4713 plere
1976 4651 2236 4712 prazcepta
2270 4649 2377 4695 tua.

189 4733 283 4790 61.
331 4733 602 4804 Λογισμοὶ
641 4733 751 4788 τῶν
789 4737 1043 4790 ἐναντίων
1072 4735 1354 4806 δυνάμεων
1388 4738 1464 4800 εἰς
1513 4737 1652 4790 ἐπιθι

1909 4736 1957 4790 l.
1988 4733 2374 4804 Suggestiones
2395 4731 2794 4785 contrariarum
2825 4739 3152 4799 potestatum
3180 4733 3244 4786 ad
3269 4749 3369 4787 ex.-

119 4825 252 4894 μὶας
287 4824 682 4896 ὖπεισήρχοντό
704 4842 792 4896 μοι
813 4844 824 4856 ·
850 4827 1217 4898 ἐμνημόνευον
1239 4826 1365 4898 γὰρ,
1389 4825 1469 4880 ὅτι
1497 4828 1543 4879 οἱ
1569 4844 1582 4878 1

1900 4827 2050 4880 indas
2100 4824 2512 4900 cupiditatesin
2551 4837 2635 4876 me
2669 4823 3037 4887 subiugi-essm
3070 4833 3240 4878 sunt:
3279 4840 3363 4875 re-

116 4920 412 4982 νεύσαντες
437 4921 494 4972 ἐν
527 4921 640 4982 τοῖς
666 4921 1067 4990 κατακλυσμοῖς
1089 4917 1384 4984 ἀπώλοντο,
1411 4921 1503 4973 καὶ
1525 4922 1573 4973 οξ

1911 4919 2048 4971 latus
2072 4927 2251 4970 autem
2278 4931 2422 4981 sum,
2459 4913 2604 4986 quod
2639 4915 3010 4968 adulterantes
3055 4915 3106 4967 in
3156 4915 3369 4968 diluvao

113 5011 336 5081 δομῖται
364 5011 709 5082 ἐθραύθησαν
737 5011 1216 5083 [συνεκαύθησανῙ.

1799 5011 2096 5080 perierunt.
2137 5018 2187 5062 et
2219 5007 2514 5062 Sodomitas
2546 5006 2878 5061 concremati
2907 5015 3051 5060 sunt.

181 5101 278 5156 62.
301 5104 470 5154 Ὅταν
515 5102 717 5165 πάντες
763 5101 912 5173 ὕπνῳ
955 5103 1282 5173 κατείχοντο,
1319 5101 1428 5172 ἐγὼ
1455 5103 1644 5173 νηφούς

2000 5102 2112 5155 lum
2142 5116 2334 5156 omnes
2379 5115 2574 5156 somno
2626 5099 3046 5159 detinebantur,
3083 5113 3178 5167 ego
3209 5097 3358 5168 vigili
3461 5137 3463 5140 ι

111 5194 178 5262 τῇ
211 5193 423 5264 διανοίᾳ
450 5192 854 5264 παριστάμενος
882 5191 1169 5263 ἐλάτρευόν
1212 5209 1297 5245 σοι
1343 5195 1400 5247 ἐν
1441 5191 1574 5262 ψαλε.

1897 5203 1972 5248 tte
2006 5203 2193 5248 astans
2225 5193 2526 5248 serviebam
2577 5191 2673 5245 tibi
2707 5191 2759 5244 in
2789 5191 3035 5258 psalmis,
3067 5201 3120 5244 et
3143 5189 3360 5260 hymnis

113 5284 206 5338 καὶ
234 5283 450 5354 ὕμνοις,
481 5285 576 5338 καὶ
603 5283 768 5353 ᾠδαῖς
805 5287 1222 5354 πνευματικαῖς.
1291 5308 1304 5314 ~-

1057 5287 1222 5346 ικαῖς.
1291 5308 1304 5314 --
1792 5292 1846 5338 et
1869 5285 2098 5338 canticis
2123 5284 2520 5352 Spiritualibus.

181 5372 276 5427 65.
297 5373 468 5444 ὐρῶν
483 5373 714 5426 ἕκαστον
726 5373 836 5425 τῶν
855 5373 1287 5444 εύαρεστούντων
1307 5393 1408 5438 σοι,
1432 5374 1644 5446 σημειοί

1896 5373 1956 5428 »5.
1986 5373 2246 5443 Spectans
2268 5373 2528 5443 singulos,
2566 5375 2658 5444 qui
2701 5375 2913 5443 placent
2945 5371 3037 5424 tibi
3058 5413 3072 5436 ,
3104 5369 3359 5431 observo.

113 5477 238 5530 μαι,
285 5461 402 5524 πῶς
429 5461 660 5524 ἕκαστος
687 5459 864 5514 αὐτῶν
897 5462 1258 5528 πολιτεύεται,
1297 5465 1390 5518 καὶ
1422 5465 1514 5533 ἀφ’
1565 5465 1576 5515 ἐ

1898 5466 2070 5518 »πιοάο
2101 5465 2330 5534 quisque
2359 5479 2549 5517 eorum
2577 5467 2740 5518 vitam
2788 5461 3041 5523 instituit.
3075 5472 3129 5516 et
3175 5475 3205 5515 a
3245 5460 3361 5514 sin-

113 5567 240 5605 στου
283 5550 470 5623 κρατῶ
516 5553 650 5620 παρ’
679 5551 919 5622 ἐμαυτῷ,
965 5551 1196 5606 ἐκτελῶν
1245 5555 1376 5608 αὐτὸ
1425 5555 1498 5616 ὡς
1550 5553 1574 5604 ἐ

1898 5555 1938 5609 is
1960 5555 2164 5624 aliquid
2191 5553 2460 5622 accipiens
2488 5561 2643 5607 teneo
2691 5551 2832 5623 apud
2883 5567 2970 5607 me
3007 5551 3208 5620 ipsum,
3235 5563 3361 5620 per-

111 5661 220 5707 νος.
989 5635 992 5638 ’
1795 5659 1962 5710 agens
1991 5644 2092 5700 hoc
2117 5644 2313 5713 ipsum,
2339 5642 2480 5697 sicut
2511 5641 2620 5698 ille.

177 5761 220 5790 ⁸³
255 5756 445 5814 Matth.
474 5771 576 5820 vn,
608 5755 640 5807 7
