3748 6282
169 291 312 350 ιιδυ

1026 285 1111 340 DE
1147 283 1426 339 TITULIS
1465 277 1918 338 PSAMIORUM.
1963 311 2030 324 —-
2068 279 2264 334 PSAL.
2306 276 2544 338 CXVIII.

3295 280 3436 336 H90

243 409 336 464 75.
376 407 606 476 Ἐγνων,
633 403 838 476 Κύριε,
891 403 974 456 ὅτι
1014 402 1328 472 δικαιοσύνη
1382 401 1450 454 τὰ
1494 399 1738 472 κρίματά
1769 403 1800 459 Α

2020 397 2288 468 Cognovi,
2317 396 2564 460 Domine,
2598 398 2730 464 quia
2760 395 2998 464 aequitas
3039 393 3244 464 judicia
3300 405 3422 462 tua,

169 519 292 561 σου.
322 497 418 553 καὶ
449 496 676 568 ἀληθείᾳ
699 494 1066 557 ἐταπείνωσάς
1101 512 1190 564 με.

244 593 337 648 76.
369 589 657 661 Γενηθήτω
679 588 744 658 δὴ
769 585 830 640 τὺ
860 587 1009 650 ἔλεός
1039 603 1132 640 σου
1165 586 1258 640 τοῦ
1283 586 1662 640 παοακαλέσαι
1685 604 1752 655 με

164 684 322 739 κατὰ
347 682 408 736 τὸ
435 681 616 749 λόγιόν
646 695 739 732 σου
777 677 856 749 τῷ
881 676 1053 748 δούλῳ
1087 694 1202 730 σου.

245 775 338 830 77.
384 769 717 827 Ἐλθέτωσάν
757 786 848 840 μοι
875 770 924 821 oi
966 767 1238 839 οἰκτιρμοί
1275 783 1384 828 ,σου
1409 807 1424 832 ,
1461 769 1554 822 καὶ
1596 767 1756 840 ζήσο-

172 884 302 938 μαι,
337 865 418 917 ὅτι
439 865 467 916 ὁ
491 862 656 932 νόμος
682 877 776 914 σου
810 859 1010 930 μελέτη
1043 876 1146 930 μου
1185 859 1354 914 ἐστίν.

251 957 344 1011 78.
373 953 825 1024 Ᾱίσχυνθήτωσαν
847 952 1207 1023 ὑπερήφανοι,
1230 952 1311 1004 ὅτι
1335 951 1534 1016 ἀδίκως
1552 953 1758 1023 ήνόμη-

171 1065 279 1102 σαν
336 1049 415 1110 εἰς
459 1045 560 1115 ἐμὲ
583 1060 596 1075 ·
649 1042 760 1112 ἐγὼ
807 1043 864 1096 δὲ
919 1043 1264 1114 άδολεσχήσω
1287 1046 1344 1096 ἐν
1375 1047 1496 1107 ταῖς
1520 1045 1758 1108 ἐντολαῖς

173 1158 297 1194 σου.

251 1231 344 1285 '79.
391 1225 902 1301 Ἐπιστρεψάτωσάν
939 1245 1006 1298 με
1039 1227 1090 1281 oi
1114 1227 1436 1300 φοϐούμενοί
1479 1245 1560 1289 σε.
1593 1229 1687 1283 καὶ
1711 1229 1762 1282 oi

177 1317 557 1390 γινώσκοντες
583 1316 650 1370 τὰ
681 1317 958 1388 μαρτύριά
989 1335 1105 1370 σου.

253 1409 346 1464 80.
381 1409 670 1480 Γενηθήτω
690 1411 722 1480 ή
749 1410 942 1480 καρδία
969 1427 1070 1480 μου
1090 1411 1318 1481 ἄμωμος
1343 1412 1401 1464 ἐν
1417 1415 1530 1476 τοῖς
1549 1412 1769 1468 δικαιὼ-

183 1501 324 1574 μασί
352 1517 464 1559 σου,
489 1501 638 1563 ὃπως
672 1501 737 1553 ἂν
767 1501 840 1571 μὴ
867 1501 1162 1572 αἰσχυνθῶ.

255 1593 346 1647 8L
392 1592 664 1646 Ἐκλείπει
688 1593 768 1655 εἰς
803 1594 864 1646 τὸ
889 1594 1154 1666 σωτήριόν
1185 1611 1278 1648 σου
1309 1595 1509 1670 ἡψυχὴ
1541 1614 1664 1670 μου,
1685 1600 1766 1663 είς

175 1688 315 1749 τοὺς
345 1686 536 1754 λόγους
571 1703 664 1738 σου
687 1685 982 1758 ἐπήλπισα.

1855 499 1908 543 et
1939 489 1990 542 in
2026 489 2254 542 veritate
2285 497 2377 541 tua
2407 487 2712 554 humiliasti
2743 501 2850 540 me.

1928 578 2014 634 76.
2047 579 2168 634 Fiat
2193 578 2566 634 misericordia
2619 587 2712 632 tua
2760 589 2820 634 ut
2865 578 3184 634 consoletur
3226 595 3313 632 me
3337 595 3427 635 sc-

1857 671 2096 725 eundum
2131 670 2412 740 eloquium
2449 679 2600 724 tuum
2633 685 2792 724 servo
2821 679 2936 724 tuo.

1931 763 2018 816 77.
2061 760 2294 816 Veniant
2321 761 2456 816 mihi
2506 762 2888 817 miserationes
2937 771 3066 827 tua,
3122 770 3178 816 et
3214 761 3434 818 vivam:

1862 861 1989 928 quia
2016 857 2099 910 lt-x
2128 867 2217 910 tua
2247 855 2534 910 meditatio
2561 871 2680 909 mea
2709 863 2816 909 est.

1933 948 2020 1004 78.
2047 947 2471 1002 Confundantur
2503 946 2748 1016 superbi,
2777 947 2904 1016 quia
2939 947 3142 1016 injuste
3170 947 3430 1018 iniquita-

1860 1049 1967 1094 tem
2004 1041 2250 1094 iecerunt
2277 1039 2330 1093 in
2363 1054 2447 1094 me
2482 1057 2495 1092 :
2532 1055 2633 1108 ego
2667 1050 2848 1094 autem
2883 1041 3178 1094 exercebor
3206 1041 3258 1092 in
3285 1057 3439 1094 man-

1862 1131 2006 1186 datis
2029 1133 2158 1186 tuis.

1936 1221 2024 1275 79.
2055 1219 2458 1275 Couvertantur
2487 1220 2618 1274 mihi
2653 1220 2910 1275 timentes
2933 1228 3008 1286 te,
3057 1230 3112 1274 et
3140 1222 3232 1289 qui
3269 1236 3438 1276 nove-

1863 1322 2063 1368 verunt
2097 1313 2408 1368 testimonia
2439 1322 2551 1366 tua.

1936 1404 2024 1460 80.
2059 1404 2178 1458 Fiat
2203 1421 2296 1458 cor
2325 1421 2504 1458 meum
2538 1405 2950 1459 immaculatum
2986 1405 3040 1458 in
3089 1403 3442 1473 justiticatio—

1866 1498 2030 1553 nibus
2057 1497 2186 1563 tuis,
2225 1505 2286 1550 ut
2318 1511 2425 1552 non
2459 1496 2786 1552 confundar.

1939 1589 2028 1643 81.
2057 1588 2259 1642 Deiecit
2285 1587 2338 1640 in
2377 1587 2616 1642 salutare
2668 1597 2820 1642 tuum
2859 1589 3042 1642 anima
3096 1605 3238 1652 mea,
3285 1597 3344 1644 ct
3384 1606 3440 1644 ιιι

1869 1682 2030 1736 verba
2065 1691 2156 1734 tua
2191 1681 2592 1749 supersperavi.

259 1777 350 1832 8‘2.
398 1777 672 1842 Ἐξέλιπον
703 1779 750 1832 oi
779 1778 1046 1848 ὀφθαλμοί
1089 1795 1192 1850 μου
1219 1780 1298 1844 είς
1324 1779 1388 1833 τὺ
1432 1779 1612 1849 λόγιόν
1647 1798 1762 1842 σου,
1794 1768 1800 1822 Ῑ

1940 1772 2024 1826 82.
2061 1771 2386 1826 Del‘ecerunt
2409 1771 2552 1826 oculi
2589 1771 2694 1826 mei
2727 1771 2778 1824 in
2811 1770 3092 1841 eloquium
3129 1781 3304 1838 tuum,
3353 1771 3440 1826 di-

179 1868 466 1938 λέγοντες·
501 1867 638 1920 Πότε
671 1869 1074 1940 παρακαλέσεις
1099 1884 1204 1940 με;

260 1957 350 2011 85.
385 1957 507 2009 Ὅτι
534 1957 798 2028 ἐγενήθην
829 1959 906 2020 ὼς
937 1958 1104 2022 ἀσκὸς
1140 1960 1200 2011 ἐν
1227 1959 1427 2032 πάχνῃ,
1455 1959 1526 2012 τὰ
1551 1958 1768 2013 δικαιώι-

189 2049 342 2120 ματά
372 2065 464 2101 σου
496 2049 596 2102 οὐκ
623 2048 990 2121 ἐπελαθόμην.

261 2137 352 2192 84.
379 2138 551 2190 Πόσαι
588 2138 727 2190 εἰσὶν
765 2141 820 2191 αἱ
853 2139 1059 2211 ήμέραι
1105 2139 1200 2194 τοῦ
1235 2140 1422 2194 δούλου
1449 2158 1582 2207 seu;
1633 2143 1762 2196 ποτε

185 2231 442 2299 ποιήσεις
471 2247 560 2299 μοι
587 2231 650 2283 ἐκ
680 2229 789 2283 τῶν
813 2231 1260 2286 καταδιωκόντων
1297 2251 1364 2304 με
1399 2234 1579 2306 κρίσιν
1603 2253 1617 2300 ;

263 2319 352 2374 85.
381 2321 720 2392 Διηγήσαντὸ
765 2338 856 2392 μοι
909 2325 1213 2396 παράνομοι
1256 2326 1594 2398 ἀδολεσχίας,
1648 2327 1764 2380 ἀλλ’

185 2413 291 2485 οὐχ
315 2412 390 2478 ὡς
423 2414 453 2465 ὸ
481 2413 642 2485 νόμος
676 2431 792 2483 σου,
828 2415 1020 2488 Κύριε.

1865 1876 2083 1920 centes:
2118 1864 2348 1931 Quando
2373 1864 2746 1920 consolabcris
2771 1863 2900 1918 me?
2934 1905 2944 1916 .

1935 1959 2021 2013 85.
2058 1957 2196 2024 Quia
2238 1957 2415 2012 factus
2437 1973 2558 2012 sum
2589 1957 2730 2012 sicut
2764 1967 2883 2010 uter
2907 1957 2960 2010 iu
2992 1959 3228 2026 pruina:
3279 1956 3442 2012 iusti-

1869 2053 2156 2108 licntioues
2191 2061 2315 2106 tuas
2351 2067 2458 2104 non
2491 2065 2612 2104 sum
2645 2051 2869 2104 oblitus.

1941 2145 2026 2199 84.
2059 2144 2201 2210 Quot
2225 2141 2490 2196 suutdies
2525 2141 2666 2196 servi
2711 2141 2832 2194 tui?
2878 2141 3100 2211 quando
3159 2142 3330 2196 facies
3375 2141 3445 2196 de

1869 2233 2326 2307 persequentibus
2359 2249 2444 2286 me
2473 2231 2783 2301 judicium?

1939 2327 2030 2380 85.
2060 2323 2430 2378 Narraveruut
2480 2323 2610 2376 mihi
2665 2321 2836 2376 itiinui
2881 2321 3247 2378 tabulationes
3277 2361 3294 2387 ,
3347 2321 3446 2378 sed

1871 2433 1980 2474 non
2012 2428 2070 2470 ut
2099 2417 2182 2471 lex
2207 2429 2320 2480 tua,
2357 2414 2606 2468 Domine.

1317 2574 1690 2629 A'l‘l-l.\NASll
1736 2568 2322 2628 INTERPRETATIO.

264 2739 356 2794 75.
387 2737 682 2803 ‘DwttsOsl;
715 2738 822 2793 ὑπὸ
854 2740 954 2811 τῆς
973 2739 1196 2812 χάριτός
1231 2759 1325 2794 σου
1357 2723 1548 2811 ἔγνων,
1579 2743 1660 2796 ὅτι
1695 2742 1772 2795 δί-

193 2831 330 2886 καιά
365 2831 470 2884 είσι
493 2831 561 2884 τά
587 2831 986 2902 προστάγματά
1019 2848 1112 2884 σου
1138 2876 1152 2897 ,
1201 2833 1297 2886 καὶ
1339 2834 1482 2905 ἅπερ
1509 2835 1774 2904 άπεφήνω

193 2924 256 2977 ἐν
279 2923 466 2985 αὐτοῖς
492 2923 612 2975 κατ’
643 2922 776 2993 ἐμοῦ
803 2921 896 2976 τοῦ
919 2923 1245 2994 άμαρτωλοῦ
1275 2924 1499 2988 δικαίως
1541 2925 1769 2997 ὥρισας.

268 3017 359 3071 76.
401 3015 558 3070 Ἀλλὰ
584 3014 746 3068 πάλιν
771 3015 978 3084 γένοιτο
1008 3015 1069 3068 τὸ
1099 3015 1244 3079 ἔλεός
1284 3033 1378 3068 σου
1425 3015 1777 3088 παραμυθού-

1948 2739 2036 2794 75.
2074 2738 2420 2794 llluminatus
2470 2738 2642 2809 gratia
2692 2747 2784 2792 tua
2831 2735 3082 2808 cognovi,
3123 2737 3268 2807 quod
3304 2739 3451 2807 jnsta

1873 2843 2002 2888 sum
2055 2841 2320 2902 praecepta
2357 2839 2482 2897 tua,
2517 2841 2571 2885 et
2619 2845 2741 2898 qua!
2795 2829 2850 2882 iu
2905 2830 3038 2898 ipsis
3089 2832 3454 2898 promiutiasti

1874 2934 2065 2981 contra
2101 2941 2184 2979 me
2212 2933 2577 2994 peccatorem,
2605 2923 2754 2993 juste
2780 2921 3094 2977 deiiuivisti.

1948 3017 2035 3073 76.
2063 3017 2168 3071 Sed
2215 3033 2408 3072 rursus
2453 3015 2547 3070 ﬁat
2600 3012 2972 3068 misericordia
3025 3021 3114 3066 tua
3160 3013 3454 3068 consolans

198 3109 362 3182 μενὸν
385 3125 474 3180 με,
496 3109 578 3162 ὅτι
597 3106 770 3170 οὕτως
793 3103 1064 3171 εἴπας-Οὐ
1077 3109 1376 3180 βούλομαι
1397 3108 1502 3164 τὸν
1521 3111 1778 3164 θάνατον

1940 3127 1986 3174 e,
2022 3111 2280 3180 quoniam
2324 3109 2396 3163 ita
2423 3109 2607 3163 dixisti
2639 3126 2653 3162 :
2709 3105 2852 3159 Nolo
2899 3117 3118 3158 mortem
3141 3108 3456 3174 peccatoris,

193 3201 307 3256 τοῦ
337 3197 804 3269 άμαρτωλοῦ,ὠς
833 3201 896 3252 τὸ
929 3200 1280 3268 ἐπιστρέψαι
1317 3203 1414 3257 καί
1451 3201 1556 3271 ζῆν
1571 3205 1774 3256 αὐτόν.

269 3294 360 3346 77.
403 3290 798 3364 Ἐπισκηνώσει
826 3292 859 3363 ή
887 3290 1048 3362 χάρις
1071 3309 1164 3346 σου
1194 3295 1274 3356 είς
1299 3293 1422 3364 ἐμὲ,
1455 3296 1548 3347 καὶ
1577 3312 1780 3366 νεκρω-

199 3383 366 3436 θέντα
395 3399 462 3454 με
493 3384 598 3436 ὑπὺ
623 3384 720 3454 τῆς
737 3384 1012 3456 ἁμαρτίας
1033 3382 1382 3455 ζωοποιήσει.
1415 3385 1496 3438 ὅτι
1521 3386 1778 3457 ἠρξάμην

203 3477 437 3546 μελετᾷν
469 3475 558 3529 τὺν
589 3476 752 3546 νόμον
785 3493 900 3531 σου.

275 3566 360 3620 78.
388 3566 842 3638 Αἰσχυνθήτωσαν
864 3567 922 3620 αἱ
948 3565 1186 3621 ἐναντίαι
1211 3567 1486 3639 δυνάμεις.
1511 3569 1593 3621 ὅτι
1618 3561 1778 3622 αὗταί

202 3672 272 3723 με
311 3653 788 3727 ὲξῃχμαλώτισαν·
846 3655 956 3726 ἐγὼ
1011 3655 1068 3710 δέ
1095 3657 1374 3729 ἐπιστήσω
1399 3657 1499 3730 τὴν
1539 3659 1779 3714 διάνοιάν

203 3761 306 3812 μου
339 3747 418 3806 εἰς
447 3743 516 3796 τά
548 3744 830 3816 θελήματά
861 3763 982 3802 σου.

273 3834 364 3888 79.
393 3835 798 3906 Κατηχήσουσι,
849 3840 944 3892 καὶ
994 3839 1296 3905 διδάξουσιν
1329 3844 1380 3896 οἱ
1430 3841 1647 3913 ἔχοντες
1679 3845 1778 3916 τὴν

199 3925 365 3996 χάριν
400 3942 514 3988 σου,
543 3926 636 3980 καὶ
666 3928 864 3993 εἰδότες
913 3929 1012 4001 τὴν
1044 3931 1274 4004 δύναμιν
1311 3933 1419 3988 τῶν
1463 3936 1636 4004 ἁγίων
1683 3953 1778 3990 σου

201 4015 314 4080 l‘p:
325 4015 458 4083 φῶν.

274 4105 365 4160 80.
398 4106 796 4179 Καθαρισθήτω
828 4109 860 4182 ή
907 4112 1104 4185 καρδία
1151 4131 1252 4185 μου
1283 4115 1388 4169 ὑπὸ
1421 4117 1520 4188 τῆς
1556 4117 1780 4189 χάριτός

203 4215 302 4251 σου
338 4201 420 4263 είς
445 4199 516 4252 τὰ
539 4201 882 4268 δικαιώματά
909 4221 1023 4268 σου,
1052 4205 1128 4276 μὴ
1156 4207 1353 4277 ἔχουσα
1379 4210 1436 4263 ἐν
1468 4210 1633 4282 ἑαυτῇ
1661 4212 1782 4264 ἐπι-

204 4290 464 4362 ⁴⁵)υμίανῆ
503 4295 756 4364 φροντίδα
803 4295 1018 4368 γηίνην,
1049 4297 1137 4352 ἵνα
1169 4299 1245 4370 μὴ
1293 4299 1456 4355 πάλιν
1504 4303 1780 4373 αἰσχυνθῶ

199 4385 285 4445 εἰς
314 4382 376 4434 τὸ
409 4381 560 4454 βῆμά
593 4401 707 4440 σου.

1882 3203 1970 3256 sed
1994 3213 2049 3254 ut
2081 3210 2438 3266 convertatur,
2461 3210 2511 3254 et
2539 3202 2680 3253 vivat
2719 3200 2786 3252 “.

1953 3294 2038 3348 77.
2079 3293 2296 3348 llabitet
2323 3295 2494 3363 gratia
2523 3302 2615 3346 tua
2644 3292 2698 3345 in
2729 3305 2838 3354 me,
2867 3297 2924 3344 et
2966 3303 3051 3341 me
3081 3299 3356 3342 mortuum
3387 3289 3460 3345 ob

1879 3394 2162 3455 peccatum
2211 3384 2528 3450 viviﬁcabit,
2586 3382 2851 3452 quoniam
2897 3377 3036 3447 coepi
3099 3379 3348 3433 meditari
3381 3377 3462 3434 lc-

1879 3493 1998 3548 gem
2029 3487 2200 3530 tuam.

1950 3568 2038 3621 78.
2076 3567 2416 3622 Erubescant
2453 3566 2744 3621 contrariae
2789 3573 3107 3635 potestates.
3143 3568 3284 3632 quod
3344 3566 3459 3636 ipse

1881 3676 1967 3714 me
1997 3660 2050 3714 iu
2094 3660 2462 3730 captivitatem
2493 3657 2840 3727 redegerunt,
2876 3675 2975 3730 rgo
3007 3671 3187 3714 autem
3226 3659 3457 3714 firmabo

1880 3761 2116 3806 mentem
2151 3765 2328 3805 meam
2355 3750 2409 3804 in
2447 3750 2733 3819 praeceptis
2769 3749 2896 3803 tuis.

1959 3841 2046 3898 79.
2077 3843 2378 3907 lustrueut,
2433 3851 2486 3896 et
2523 3840 2824 3906 docebunt,
2858 3843 2952 3911 qui
2983 3841 3187 3896 habent
3227 3843 3459 3913 gratiam

1882 3946 2054 4002 tuam,
2083 3947 2137 3992 et
2183 3937 2278 4003 qui
2327 3948 2596 3992 noverunt
2630 3945 2952 4007 potestatem
2995 3946 3310 3992 sanctarum
3349 3947 3464 3991 tua-

1881 4047 2002 4086 rum
2041 4028 2256 4100 Scriptu
2267 4045 2470 4084 rarum.

1952 4119 2042 4176 80.
2076 4120 2414 4175 Emundetur
2451 4135 2546 4176 cor
2583 4135 2766 4176 meum
2798 4136 2827 4175 a
2859 4121 3034 4190 gratia
3069 4129 3160 4175 tua
3197 4121 3249 4173 in
3298 4131 3463 4188 ,usti-

1880 4211 2226 4266 ﬁcationibus
2254 4211 2384 4274 tuis,
2414 4227 2521 4265 non
2549 4211 2756 4266 habens
2781 4212 2834 4263 in
2881 4213 3064 4280 seipso
3102 4211 3458 4280 cupiditatem

1879 4314 1935 4359 ct
1973 4321 2160 4360 curam
2193 4315 2532 4358 terrenarum
2587 4319 2798 4369 rerum,
2836 4319 2904 4358 ne
2942 4317 3134 4357 rursus
3157 4301 3464 4357 conl‘uudar

1882 4406 2006 4450 ante
2041 4407 2194 4448 tuum
2228 4395 2486 4448 tribunal.

276 4471 366 4528 81.
397 4475 537 4546 Διψᾷ
571 4475 764 4546 ήψυχή
796 4494 896 4548 μου
923 4478 1019 4548 τὴν
1047 4480 1318 4552 σωτηρίαν
1349 4495 1442 4536 σου
1474 4481 1559 4555 [τὸ
1600 4485 1779 4554 σωτή-

1953 4486 2042 4540 81.
2081 4485 2208 4539 Sitit
2235 4485 2418 4539 anima
2453 4499 2574 4540 mea
2591 4485 2832 4541 salutare
2863 4494 3042 4550 tuum,
3087 4493 3210 4555 pota
3243 4501 3328 4541 me
3352 4487 3466 4541 elo-

203 4563 325 4633 ριόν
349 4579 440 4616 σου
459 4562 500 4636 ],
535 4563 750 4617 πότισόν
776 4583 842 4636 με
865 4566 936 4619 τά
955 4567 1112 4635 λόγιά
1134 4586 1248 4623 σου.

276 4654 366 4707 82.
415 4653 708 4727 Ἐξετάκην
726 4656 844 4721 ὅλος
872 4658 965 4711 ἀπ’
995 4659 1294 4732 ἐπιθυμίας
1325 4661 1628 4735 μεριμνῶν,
1653 4665 1782 4718 πότε

204 4743 449 4807 ποτίσεις
474 4761 541 4814 με
576 4745 673 4818 τὴν
695 4747 854 4818 χάριν
890 4765 1001 4804 σου.

276 4832 367 4888 85.
405 4833 526 4887 Ὀτι
557 4835 884 4908 ἐνεκρώθην,
917 4841 1010 4892 καὶ
1031 4839 1335 4915 ἐξηράνθην
1363 4844 1421 4896 ἐν
1443 4847 1507 4915 τῇ
1538 4845 1782 4918 ἁμαρτίᾳ

205 4939 336 4993 μου,
367 4918 506 4986 οῖδα,
540 4925 633 4978 καὶ
662 4927 1000 4998 μνημονεύω,
1029 4930 1107 4983 ὅτι
1138 4927 1298 4996 εἶπας
1326 4934 1383 4986 ἐν
1411 4936 1522 4998 τοῖς
1558 4934 1779 4988 δικαιώ-

205 5015 347 5086 μασί
383 5030 476 5068 σου
501 5014 592 5069 τὸν
615 5017 934 5092 ἁμαρτωλὸν
969 5021 1484 5093 ἀντιλαμϐάνεσθαι.

277 5107 369 5161 δι.
407 5107 585 5172 Πόσας
612 5109 777 5176 ἄλλας
815 5111 924 5182 ἔχω
944 5113 1106 5184 ζῆσαι
1133 5117 1379 5186 ήμὲρας;
1419 5119 1549 5172 πότε
1590 5119 1782 5174 τοσοῦ-

206 5217 300 5251 τον
351 5199 538 5272 χρόνον
567 5199 725 5256 δώσει
771 5203 1003 5279 [δώσεις]
1050 5225 1140 5278 μοι
1173 5209 1420 5275 ἐξουσίαν
1470 5215 1657 5266 πατεῖν
1688 5213 1780 5266 ἐπὶ

206 5294 392 5345 πᾶσαν
432 5295 531 5364 τὴν
560 5293 784 5366 δύναμιν
817 5297 912 5350 τοῦ
935 5299 1129 5371 ἐχθροῦ
1163 5299 1308 5372 [τῶν
1341 5303 1609 5375 ἐχθρῶν],
1655 5307 1779 5359 ὅσον

207 5384 363 5438 αὐτοί
401 5403 490 5456 μοι
512 5387 1042 5457 κατεδυνάστευσαν;

281 5477 369 5532 85.
417 5479 710 5534 Ὑπέθεντό
763 5501 865 5554 μου
894 5485 956 5538 τὸ
985 5485 1248 5558 πρότερον
1299 5489 1347 5542 οί
1377 5487 1630 5560 δαίμονες
1685 5489 1786 5558 τάς

207 5571 421 5628 ἐαυτῶν
446 5573 682 5638 ἀπάτας,
716 5576 828 5629 ἀλλ’
852 5579 948 5649 οὐχ
973 5579 1048 5644 ὼς
1079 5581 1144 5636 σὺ
1171 5579 1346 5646 θέλεις
1366 5621 1381 5646 ,
1411 5579 1604 5652 Κύριε.

287 5729 327 5760 ⁸⁸
355 5727 552 5785 Ezccb.
587 5745 758 5798 nxu,
789 5731 842 5787 ‘2.

1881 4578 2028 4648 quiis
2059 4577 2187 4631 tuis.

1951 4666 2038 4720 82.
2074 4665 2450 4735 Consumptus
2488 4681 2610 4720 sum
2635 4675 2783 4722 totus
2809 4667 2880 4722 ob
2911 4667 3246 4723 desiderium
3302 4671 3464 4724 anxie

1879 4757 2148 4827 cogitans,
2186 4756 2406 4824 quando
2447 4774 2534 4811 me
2567 4759 2779 4828 potabis
2804 4761 2976 4828 gratia
3009 4771 3122 4815 tua.

1949 4847 2338 4915 85.Quouiam
2374 4849 2737 4904 Inortiﬁcatus
2787 4868 2931 4916 sum,
2981 4861 3036 4907 et
3084 4851 3358 4907 arefactus
3405 4851 3466 4905 in

1879 4951 2105 5011 peccato
2133 4957 2279 5004 meo,
2307 4943 2430 4996 novi
2461 4952 2514 4996 et
2561 4942 2881 4997 recordatus
2913 4961 3058 5007 sum,
3090 4945 3233 5013 quod
3278 4943 3460 4996 dixisti

1881 5035 1989 5088 tuis
2012 5035 2064 5087 in
2087 5031 2584 5102 justiticationibus
2605 5036 2883 5104 suscipere
2911 5045 3273 5103 pcccatorem.

1947 5123 2038 5178 84.
2065 5125 2209 5190 Quot
2239 5123 2332 5178 alii
2369 5123 2501 5177 mihi
2531 5133 2830 5194 supersunt
2881 5125 3000 5178 dirs
3047 5123 3220 5179 vitae?
3245 5123 3466 5194 quando

1877 5225 2030 5271 tanto
2070 5228 2316 5286 tempore
2363 5217 2520 5272 dabis
2562 5216 2697 5270 mihi
2742 5225 3070 5285 potestatem
3107 5214 3461 5270 conculcamli

1878 5325 2096 5364 omnem
2127 5310 2478 5366 inimicorum
2524 5311 2850 5381 potentiam,
2899 5320 3106 5380 quanto
3141 5311 3248 5382 ipsi
3293 5311 3346 5365 in
3377 5325 3466 5365 me

1879 5403 2143 5458 dominati
2170 5402 2342 5458 sunt?

1952 5495 2040 5550 85.
2078 5494 2453 5550 Subdideruut
2481 5494 2615 5548 mihi
2639 5494 2914 5551 daemones
2935 5495 3194 5568 pristinas
3220 5511 3348 5550 suas
3373 5493 3468 5553 fal-

1884 5587 2078 5653 lacias,
2117 5587 2212 5644 sed
2247 5602 2356 5643 non
2385 5586 2852 5656 quemadmodum
2885 5595 2942 5644 tu
2975 5587 3078 5652 vis,
3114 5585 3362 5642 Domine.
