3748 6282
291 322 420 378 1191

1099 309 1157 364 S.
1199 303 1572 361 ATHANASII
1611 302 1762 360 OPP.
1803 297 1983 354 PARS
2022 296 2107 351 ill.
2148 323 2214 337 ——
2254 289 2669 348 EXEGETICA.

3392 273 3541 330 1192

361 433 450 487 86.
487 430 682 484 Omnia
713 425 964 482 mandata
991 433 1082 478 tua
1108 421 1347 476 veritas:
1381 419 1567 490 inique
1587 414 1853 488 persecuti

2049 409 2112 464 ιϐ.
2139 410 2315 464 Πᾶσαι
2333 409 2388 460 αί
2413 402 2621 459 ἐντολαί
2649 419 2740 455 σου
2760 397 2988 469 ἀλήθεια
3009 412 3021 424 ·
3047 393 3246 456 ἀδίκως
3277 389 3544 444 κατεδίω-

292 537 422 581 sunt
451 540 556 588 me,
593 523 786 591 adjnva
823 533 929 573 me.

363 617 452 673 87.
486 614 655 669 Paulo
716 611 896 666 minus
929 614 1453 663 consummaverunt
1485 618 1569 658 me
1599 601 1654 656 in
1691 609 1858 660 terra,

293 725 396 780 ego
423 715 601 760 autem
633 719 737 758 non
766 699 1030 769 dereliqui
1059 698 1313 751 mandata
1344 704 1458 749 tua.

365 792 456 848 88.
487 787 805 845 Secundum
850 782 1278 839 misericordiam
1328 790 1475 833 tuam
1511 776 1725 832 vivifica
1756 791 1864 838 me,

295 892 350 938 et
381 878 684 935 custodiam
718 872 1030 929 testimonia
1068 871 1183 926 oris
1219 869 1322 924 tui.

367 973 456 1028 89.
487 974 544 1025 ln
567 978 853 1032 aeternum,
881 964 1128 1026 Domine,
1161 963 1384 1017 verbum
1416 968 1567 1014 tuum
1588 965 1868 1028 permanet

298 1075 354 1114 ιη
387 1060 528 1115 caelo
547 1077 558 1110 :

369 1151 457 1206 90.
488 1148 546 1202 ln
573 1145 978 1219 generationem
1011 1151 1066 1198 et
1093 1141 1497 1212 generationem
1521 1137 1720 1194 veritas
1752 1147 1865 1192 tua:

301 1239 540 1295 fundasti
579 1252 802 1300 terram,
820 1245 873 1290 et
900 1240 1203 1304 permanet.

373 1334 464 1387 9i.
499 1331 854 1385 Ordinatione
904 1337 993 1382 tua
1048 1333 1358 1396 perseverat
1413 1324 1573 1380 dies:
1610 1323 1869 1394 quoniam

300 1425 485 1480 omnia
516 1423 761 1478 serviunt
789 1420 911 1474 tibi.

371 1516 462 1571 99..
496 1513 609 1570 Nisi
651 1512 795 1584 quod
850 1513 936 1567 lex
975 1520 1066 1565 tua
1118 1507 1399 1565 meditatio
1440 1523 1560 1563 mea
1607 1517 1712 1571 est,
1743 1515 1873 1560 tunc

304 1607 442 1662 forte
468 1606 753 1678 periissem
785 1604 839 1657 in
876 1601 1180 1656 humilitate
1206 1615 1348 1654 mea.

373 1700 463 1752 9‘5.
504 1698 559 1752 In
611 1705 876 1752 aeternum
934 1709 1040 1748 non
1109 1691 1402 1746 obliviscar
1451 1689 1872 1760 iustiﬁcationes

305 1800 449 1852 tuas,
481 1789 684 1860 quiain
715 1787 848 1856 ipsis
878 1783 1166 1838 viviﬁcasti
1209 1799 1316 1838 me.

375 1880 465 1938 94.
495 1880 648 1935 Tuus
670 1893 792 1933 sum
821 1891 944 1947 ego.
977 1876 1188 1931 salvum
1217 1890 1305 1930 me
1337 1872 1423 1929 fac
1451 1889 1465 1927 :
1499 1872 1757 1942 quoniam
1782 1871 1873 1942 jua

307 1971 663 2028 stillcationes
683 1979 805 2024 tuas
841 1967 1132 2037 exquisivi.

380 2062 469 2118 95.
508 2061 590 2116 Me
618 2067 1073 2130 exspectaverunt
1111 2066 1452 2127 peccatores,
1502 2065 1560 2110 nt
1590 2055 1879 2126 perderent

309 2171 416 2218 me,
445 2153 756 2208 testimonia
781 2158 874 2204 tua
906 2148 1170 2203 intellexi.

375 2243 464 2298 96.
489 2242 680 2300 Omnis
695 2239 1181 2296 consummationis
1195 2236 1301 2292 vidi
1323 2236 1482 2292 ﬁnem
1504 2258 1514 2292 :
1536 2237 1705 2291 latum
1730 2252 1884 2290 man-

306 2333 494 2389 datum
529 2342 680 2388 tuum
709 2331 894 2386 nimis.

1967 502 2060 568 ξάν
2093 519 2178 572 με.
2215 497 2476 571 βοήθησόν
2508 511 2616 567 μοι.

2033 571 2121 648 87.
2157 590 2313 664 Παρά
2346 589 2518 660 βραχὺ
2551 582 2899 640 συνετέλεσὼδ
2932 597 2998 650 με
3031 579 3089 631 ἐν
3122 579 3189 647 τῇ
3210 577 3305 646 γῇ,
3336 573 3451 640 ἐγὼ
3480 571 3544 624 δὲ

1963 684 2064 736 οὐκ
2097 681 2454 750 ἐγκατέλιπον
2491 676 2588 740 τὰς
2607 674 2824 738 ἐντολάς
2861 688 2973 725 σου.

2034 773 2120 828 88.
2158 773 2315 828 Κατὰ
2342 772 2403 824 τὸ
2430 769 2577 834 ἔλεός
2607 784 2701 822 σου
2727 764 2891 838 ζῆσόν
2927 780 2994 834 με
3017 801 3032 827 ,
3071 760 3166 814 καὶ
3219 754 3441 827 φυλάξω
3470 754 3539 806 τὰ

1969 865 2243 937 μαρτύρια
2272 861 2366 917 τοῦ
2393 859 2661 933 στόματός
2683 875 2796 913 σου.

2036 935 2124 1009 89.
2156 935 2251 1018 Εἰς
2272 954 2365 1006 τὸν
2389 952 2581 1018 αίῶνα,
2609 948 2807 1021 Κύριε,
2840 947 2869 1000 ό
2890 944 3049 1014 λόγος
3079 957 3174 995 σου
3213 935 3459 1007 διαμένει
3484 935 3540 987 tv

1966 1047 2044 1119 τῷ
2070 1044 2282 1118 οὐρανῷ
2297 1061 2310 1074 ’

2037 1139 2124 1193 90.
2153 1139 2247 1202 Et;
2272 1136 2463 1206 γενεάν
2497 1136 2589 1190 καὶ
2613 1132 2805 1204 γενεάν
2834 1131 2868 1202 ἡ
2909 1127 3138 1198 ἀλήθειά
3185 1138 3310 1178 σουε
3351 1118 3546 1172 tectu-

1970 1231 2170 1294 λίωσας
2191 1231 2289 1301 τὴν
2317 1229 2440 1300 γῆν,
2465 1229 2560 1283 καὶ
2583 1227 2668 1280 δια
2677 1223 2848 1296 μένει.

2039 1322 2127 1377 91.
2162 1323 2242 1394 Τῇ
2266 1321 2503 1385 διατάξει
2540 1336 2633 1373 σου
2677 1313 2921 1387 διαμένει
2959 1309 3163 1383 ἡμέρα,
3201 1305 3372 1360 ὅτιτά
3405 1301 3547 1371 σύμ-

1971 1433 2150 1471 παντα
2174 1413 2336 1469 δοῦλα
2363 1411 2450 1467 σά.

2041 1506 2129 1562 92.
2165 1506 2228 1559 Et
2263 1504 2339 1576 μὴ
2365 1504 2446 1557 ὅτι
2481 1503 2509 1555 ό
2539 1499 2702 1571 νόμος
2737 1513 2831 1552 σου
2863 1495 3059 1569 μελέτη
3105 1500 3205 1562 μου
3234 1487 3371 1550 ἐστὶ,
3417 1484 3544 1538 τότε

1971 1598 2038 1654 ἂν
2064 1597 2363 1669 ἀπωλόμην
2394 1596 2451 1648 ἐν
2478 1595 2546 1664 τῇ
2574 1588 2898 1645 ταπεινώσει
2933 1603 3053 1658 μου..

2043 1691 2132 1746 95.
2170 1690 2266 1754 Είς
2297 1688 2386 1742 τὸν
2412 1686 2583 1741 αἰῶνα
2617 1685 2678 1738 οὐ
2716 1683 2790 1754 μὴ
2821 1677 3164 1748 ἐπιλάθωμαι
3194 1670 3301 1725 τῶν
3324 1669 3544 1722 δικαιω-

1906 1775 1946 1828 Β
1978 1782 2165 1854 μάτων
2199 1798 2315 1843 σου,
2351 1780 2432 1833 ὃτι
2465 1779 2522 1831 ἐν
2553 1778 2738 1840 αὐτοῖς
2770 1772 2969 1845 ἐζησάς
3003 1786 3090 1841 με.

2042 1873 2112 1928 94
2156 1873 2255 1937 Σός
2283 1874 2398 1944 είμι
2428 1870 2559 1940 ἐγὼ,
2597 1867 2768 1922 σῶσόν
2818 1881 2908 1937 με,
2962 1864 3044 1916 ὅτι
3088 1858 3159 1913 τά
3202 1849 3549 1922 δικαιώματά

1977 1982 2069 2018 σου
2101 1963 2422 2036 ἐξεζήτησα.

2045 2054 2134 2110 95.
2176 2053 2307 2124 Ἐμέ
2331 2053 2632 2123 ὑπέμειναν
2666 2042 2982 2120 ἁμαρτωλοὶ
3015 2040 3111 2095 τοῦ
3152 2037 3414 2093 ἀπολέσαι
3453 2050 3545 2104 με.

1976 2146 2044 2201 τά
2077 2141 2351 2217 μαρτύριά
2375 2160 2467 2198 σου
2500 2141 2724 2213 συνῆκα.

2049 2238 2137 2293 96.
2171 2239 2358 2309 Πάσης
2383 2235 2694 2298 συντελείας
2734 2227 2871 2286 εἶδον
2915 2228 3109 2300 πέρας,
3145 2222 3374 2278 πλατεῖα
3399 2221 3435 2291 ἡ
3459 2219 3550 2270 tw-

1980 2329 2107 2402 τολή
2141 2347 2234 2383 σου
2263 2329 2486 2401 σφόδρα.

1428 2443 1800 2500 ATHANASII
1847 2443 2431 2504 INTERPRETATIO.

379 2559 465 2615 86.
500 2557 634 2612 Novi
661 2557 804 2628 quod
827 2556 1202 2627 justusjudex
1225 2571 1286 2613 es
1323 2558 1378 2612 in
1411 2573 1642 2614 omnes:
1677 2556 1887 2628 fugien-

307 2663 363 2711 te
385 2671 471 2709 me
493 2657 562 2709 ab
589 2655 744 2725 ipsis.
771 2664 827 2709 et
856 2656 1072 2712 volente
1101 2656 1166 2710 ad
1201 2664 1252 2710 te
1296 2656 1502 2718 venire,
1546 2655 1641 2724 qui
1685 2669 1883 2709 secun-

310 2748 440 2800 dum
472 2756 720 2800 naturam
751 2745 1016 2802 Dominus
1053 2763 1206 2802 meus
1237 2763 1317 2809 es,
1343 2754 1745 2815 persequuntur
1798 2761 1883 2799 me

310 2847 615 2907 quaarentes
640 2854 724 2892 me
753 2839 1006 2908 praedari,
1035 2839 1231 2909 adjnva
1259 2853 1367 2892 me.

383 2928 472 2984 87.
504 2927 580 2983 lta
606 2930 782 2985 valide
835 2931 888 2986 in
925 2946 1012 2985 me
1057 2931 1354 2993 irruernnt,
1394 2936 1455 2982 ut
1501 2929 1663 2999 paulo
1695 2927 1878 2983 minus
1909 2957 1953 3016 α

313 3022 718 3077 interfecissent
742 3038 827 3077 me
861 3023 914 3076 in
949 3029 1213 3092 peccato;
1261 3036 1360 3088 ego
1392 3031 1572 3076 autem
1623 3021 1678 3074 in
1719 3020 1882 3076 corde

314 3125 436 3166 meo
479 3111 726 3166 dicebam
783 3111 979 3165 animae
1027 3125 1201 3166 mem:
1239 3110 1547 3166 Recordare
1598 3110 1730 3179 quid
1781 3110 1878 3165 tibi

313 3201 633 3271 praeceperit
659 3201 821 3255 Dens.

385 3290 477 3346 88.
518 3289 988 3356 Quemadmodum
1041 3290 1407 3348 misericordia
1470 3300 1562 3346 tua
1618 3291 1883 3346 immensa

312 3389 369 3436 et
395 3381 786 3452 investigabilis
809 3392 913 3445 est,
943 3384 1016 3438 ita
1050 3385 1280 3453 gratiam
1313 3391 1460 3437 tuam
1482 3382 1550 3437 da
1578 3382 1711 3436 mihi
1744 3381 1882 3437 vivi-

316 3472 567 3529 ficantem
598 3489 705 3542 me,
758 3484 812 3530 et
862 3474 1098 3544 implebo
1147 3483 1414 3544 praecepta
1449 3489 1571 3544 qua:
1611 3474 1882 3530 mandasti

316 3563 471 3619 mihi.

385 3655 771 3721 89.1ncorde,
804 3657 858 3712 in
898 3673 1010 3728 quo
1062 3655 1402 3712 familiariter
1454 3656 1749 3722 inhabitas,
1797 3656 1883 3710 ina

314 3756 597 3804 cessanter
628 3757 713 3803 est
740 3749 992 3804 voluntas
1025 3758 1138 3803 tua.

387 3836 476 3892 90.
513 3836 567 3890 In
600 3839 825 3900 sanctis.
855 3839 949 3906 qui
986 3838 1135 3892 omni
1164 3846 1404 3905 tempore
1436 3836 1886 3906 complacuerunt

327 3927 447 3993 tibi,
477 3943 602 3982 vere
635 3936 719 3982 est
754 3927 886 3984 ﬁdes
916 3938 1041 3982 tua:
1088 3926 1328 3982 fundasti
1377 3929 1643 3982 mundum
1690 3927 1744 3982 in
1779 3929 1884 3984 fide

318 4025 433 4083 tua,
459 4027 509 4072 et
539 4028 703 4086 portae
730 4017 1005 4087 inferi_non
1027 4018 1381 4086 prwualebunt
1408 4019 1656 4073 adversus
1675 4033 1792 4074 eam
1817 4015 1883 4074 “.

391 4218 478 4271 9|.
512 4215 665 4272 Dono
705 4217 1002 4288 gratiarum
1054 4224 1267 4272 tuarum
1325 4225 1607 4287 permanet
1641 4217 1732 4272 lux
1765 4222 1882 4284 tua,

2050 2561 2138 2618 86.
2171 2556 2320 2623 Οἶδα,
2351 2561 2432 2613 ὅτι
2481 2558 2688 2622 δίκαιος
2729 2555 2922 2627 κριτὴς
2955 2547 3005 2605 εἷ
3032 2553 3108 2613 είς
3143 2548 3381 2608 πάντας·
3415 2541 3550 2612 φεύδ

1981 2653 2167 2723 γοντός
2192 2669 2294 2724 μου
2328 2652 2422 2704 ἀπ’
2446 2648 2646 2713 αὐτῶν,
2678 2647 2773 2702 καὶ
2811 2645 3056 2706 θέλοντος
3099 2639 3269 2693 ἐλθεῖν
3304 2635 3438 2709 πρὸς
3487 2634 3550 2689 σι

1979 2745 2068 2798 τὸν
2101 2744 2241 2798 κατὰ
2264 2743 2424 2812 φύσιν
2449 2759 2550 2814 μου
2585 2740 2881 2811 Δεσπότην,
2929 2731 3322 2792 καταδιώκουσί
3356 2747 3424 2802 με
3453 2728 3554 2801 ζη-

1978 2835 2194 2898 τοῦντες
2226 2833 2472 2906 ἁρπάσαι
2501 2849 2569 2904 με
2591 2849 2604 2861 ·
2642 2831 2906 2904 βοήθησόν
2935 2847 3043 2902 μοι.

2054 2926 2142 2981 87.
2168 2925 2352 2990 Οὕτως
2383 2925 2620 2998 ἰσχυρῶς
2647 2924 2921 2996 ἐπέϐησάν
2954 2941 3042 2995 με,
3067 2925 3148 2978 ὅτι
3176 2925 3326 2996 παρά
3355 2927 3555 2999 μικρὸν

1985 3018 2330 3074 ἐθανάτωσαν
2366 3036 2434 3090 με
2468 3020 2525 3073 ἐν
2548 3021 2617 3090 τῇ
2639 3018 2884 3090 ἁμαρτίᾳ
2904 3031 2918 3045 ⁸
2954 3017 3065 3088 ἐγὼ
3085 3018 3142 3072 δὲ
3181 3020 3240 3073 ἐν
3261 3021 3326 3091 τῇ
3353 3021 3556 3094 καρδία

1986 3127 2089 3184 μου
2112 3111 2292 3180 ἐλεγον
2319 3113 2384 3182 τῇ
2409 3110 2558 3182 ψυχῇ
2598 3127 2698 3182 μου
2723 3127 2736 3140 ·
2773 3111 3089 3183 Μνημόνευε
3115 3112 3166 3164 τί
3196 3128 3278 3165 σοι
3312 3112 3557 3166 mea»

1981 3220 2073 3256 ται
2103 3205 2131 3257 ό
2156 3202 2304 3267 Θεός.

2054 3295 2142 3351 88.
2178 3293 2372 3359 Καθὼς
2403 3295 2464 3349 τὸ
2492 3294 2638 3358 ἔλεός
2665 3311 2757 3347 σου
2773 3294 3101 3367 ἀμέτρητον,
3129 3293 3223 3348 καὶ⁸
3247 3294 3554 3365 ἀνεξιχνία-

1987 3385 2110 3440 στόν
2143 3387 2308 3449 ἐστιν,
2343 3383 2486 3438 οὕτω
2517 3385 2616 3457 τὴν
2670 3384 2828 3456 χάριν
2859 3400 2956 3437 σου
2970 3383 3058 3447 δός
3091 3401 3178 3455 μοι
3203 3384 3301 3456 τὴν
3325 3384 3555 3449 ζωοποι-

1983 3475 2148 3530 οὖσάν
2177 3493 2266 3548 με,
2293 3476 2389 3531 καὶ
2416 3475 2687 3548 πληρὼσω
2714 3475 2782 3529 τὰ
2808 3477 3223 3548 προστάγματα,
3248 3477 3283 3531 ἀ
3305 3478 3559 3532 ἐνετείλω

1987 3586 2098 3640 μοι.

2054 3661 2140 3716 89.
2179 3659 2269 3723 Et;
2291 3657 2390 3731 τὴν
2428 3659 2673 3731 καρδίαν,
2711 3659 2768 3712 ἐν
2801 3652 2835 3734 ᾖ
2879 3659 3095 3724 οἰκείως
3134 3663 3555 3732 ἐμπεριπατεῖς,

1985 3750 2278 3814 ἀπαύστως
2300 3751 2419 3804 ἐστὶ
2450 3751 2510 3804 τὸ
2536 3751 2748 3821 θέλημά
2780 3769 2892 3807 σου;

2055 3843 2142 3898 90.
2175 3844 2269 3907 Είς
2295 3845 2421 3908 τοὺς
2446 3843 2634 3912 ἁγίους
2664 3845 2791 3908 τοὺς
2821 3843 2941 3898 καθ’
2975 3845 3213 3918 ἑκάστην
3253 3849 3559 3920 εὐαρεστήο

1988 3937 2187 4000 σαντάς
2212 3953 2292 3990 σοι
2321 3936 2488 4000 ὅντως
2522 3935 2670 3988 ἐστὶν
2701 3937 2734 4006 ή
2783 3935 2963 4000 πίστις
3014 3953 3104 3990 σου
3127 3955 3139 3966 ·
3187 3938 3560 4011 ἐθεμελίωσας

1985 4031 2076 4084 τὸν
2130 4029 2334 4100 κόσμον
2380 4027 2440 4081 ἐν
2485 4029 2551 4098 τῇ
2578 4027 2759 4081 πίστει
2800 4044 2916 4093 σου,
2957 4030 3056 4084 καὶ
3092 4031 3278 4085 πύλαι
3305 4031 3453 4100 ᾅδου
3481 4039 3560 4089 οὐ

1988 4119 2471 4188 κατισχύσουσιν
2513 4115 2726 4185 αὐτῆς.

2059 4209 2149 4263 91.
2177 4209 2255 4280 Τῇ
2293 4207 2474 4280 δωρεᾷ
2522 4208 2631 4262 τῶν
2659 4209 3018 4281 χαρισμάτων
3065 4228 3157 4265 σου
3215 4212 3455 4286 διαμένει
3498 4217 3561 4270 τὸ

319 4309 578 4381 quoniam
608 4318 664 4364 tu
690 4308 954 4366 Dominus
982 4325 1043 4367 es
1075 4310 1401 4376 caalestium.
1435 4319 1490 4366 et
1517 4311 1874 4376 terrestrium,

2049 4299 2108 4362 ὗς
2137 4315 2252 4363 σου,
2272 4299 2354 4352 ὅτι
2384 4299 2740 4371 ἐπουρανίων,
2770 4301 2864 4354 καὶ
2884 4300 3141 4369 ἐπιγείων
3170 4303 3264 4354 καὶ
3292 4303 3560 4374 καταχθο-

320 4409 376 4454 et
413 4399 770 4454 infernornm.

393 4489 482 4544 9‘2.
505 4488 620 4545 Nisi
676 4491 865 4545 saltem
915 4506 1060 4546 nunc
1095 4490 1381 4561 cmpissem
1445 4491 1656 4547 discere
1721 4492 1890 4562 legem

324 4589 496 4641 tuam.
533 4581 624 4636 sed
665 4582 988 4637 mansissem
1012 4593 1070 4637 ut
1117 4583 1288 4652 prius,
1316 4583 1632 4640 omnimodo
1680 4586 1892 4655 peritu-

327 4688 420 4727 rns
441 4688 590 4727 eram
624 4672 679 4728 in
719 4683 940 4743 peccato
970 4689 1117 4729 meo.

396 4763 482 4818 93.
515 4761 629 4818 Non
678 4765 865 4834 utique
901 4766 1192 4821 obliviscar
1245 4767 1563 4837 passionum
1618 4780 1837 4826 tuarum
1871 4814 1886 4837 ,

325 4854 582 4926 quoniam
614 4870 698 4910 me
727 4864 1002 4912 mortuum
1031 4860 1293 4929 sanguine
1323 4869 1417 4916 tuo
1476 4861 1782 4918 vivificasti.

394 5031 484 5087 94.
509 5029 744 5088 Omnino
780 5033 1056 5088 redemisti
1085 5049 1171 5090 me
1198 5035 1438 5105 pretioso
1467 5044 1563 5090 tuo
1603 5039 1893 5109 sanguine;

327 5123 478 5178 salva
498 5139 604 5189 me,
620 5124 898 5194 quoniam,
916 5127 1097 5181 audita
1123 5127 1508 5198 praedicatione
1523 5136 1638 5193 tua,
1665 5132 1892 5187 credidi.

398 5213 490 5270 95.
523 5213 606 5270 Me
633 5217 1000 5286 quaesiverunt
1025 5220 1312 5275 contraria
1332 5227 1633 5290 potestates
1661 5223 1893 5291 perdere

331 5302 386 5356 in
418 5302 753 5372 idololatria;
783 5307 924 5362 dicta
953 5318 1133 5365 autem
1167 5326 1198 5364 a
1230 5317 1284 5366 te
1328 5311 1399 5367 de
1446 5309 1557 5365 fide
1613 5311 1665 5365 in
1717 5323 1770 5367 te
1795 5351 1813 5379 ,
1845 5323 1900 5368 et

331 5409 428 5466 spe
455 5395 681 5452 audiens
701 5397 932 5454 credidi.

405 5572 491 5624 96.
526 5569 714 5626 Omnis
745 5571 948 5640 stat-ise,
984 5582 1038 5630 et
1077 5576 1310 5634 carnalis
1343 5577 1627 5648 voluptatis
1665 5575 1772 5633 vidi
1823 5575 1885 5632 ti-

413 5712 456 5746 "
487 5709 675 5766 Matth.
702 5721 810 5772 xvn,
840 5707 906 5762 18

1987 4390 2118 4446 νίων
2148 4390 2309 4454 αὐτὸς
2332 4389 2631 4456 δεσπόζεις.

2061 4482 2150 4538 92.
2184 4483 2247 4534 Et
2274 4482 2349 4555 μὴ
2379 4481 2481 4536 κᾶν
2505 4483 2599 4536 νῦν
2633 4483 2889 4555 ἠρξάμην
2928 4481 3219 4554 μανθάνειν
3258 4484 3348 4537 τὸν
3395 4485 3560 4554 νόμον

1994 4591 2110 4639 σου,
2137 4574 2251 4628 ἀλλ’
2276 4575 2486 4646 ἐμεινον
2506 4572 2678 4638 οὕτως
2695 4573 2772 4638 ὠς
2795 4573 2855 4628 τὸ
2879 4574 3161 4646 πρότερον,
3192 4575 3351 4629 παντὶ
3371 4577 3562 4647 τρόπῳ

1994 4661 2138 4738 εἶχον
2173 4664 2470 4720 ἀπολέσθαι
2499 4666 2557 4718 ἐν
2581 4667 2647 4737 τῇ
2675 4665 2915 4736 ἁμαρτίᾳ
2942 4681 3062 4735 μου.

2063 4756 2148 4810 93.
2185 4756 2298 4810 Οὐκ
2329 4756 2394 4810 ἂν
2419 4755 2761 4826 ἐπιλάθωμαί
2787 4772 2916 4809 ποτε
2948 4755 3059 4808 τῶν
3087 4755 3424 4829 παθημάτων
3441 4775 3559 4820 σου⁹

1989 4851 2071 4904 ὅτι
2098 4849 2290 4920 νεκρόν
2325 4865 2390 4919 με
2407 4847 2536 4902 ὄντα
2555 4848 2613 4902 tv
2641 4847 2718 4918 τῷ
2735 4847 2927 4918 αἵματί
2953 4865 3046 4902 σου
3076 4847 3340 4922 ἐζωοποίη
3368 4848 3563 4922 [ἐςωοά

1992 4937 2268 5011 ποίησας].
3207 4935 3210 4937 λ

2063 5032 2150 5088 94ο
2199 5030 2566 5103 Ἐξηγόρασάς
2589 5048 2656 5103 με
2681 5032 2760 5103 τῷ
2781 5032 2946 5103 τιμίῳ
2972 5049 3064 5086 σου
3095 5032 3283 5104 αἵματι
3313 5020 3560 5098 τελείωςδ

1999 5120 2170 5174 σῶσόν
2197 5138 2285 5192 με,
2313 5122 2416 5182 ὅτι,
2443 5121 2682 5184 ἀκούσας
2711 5120 2773 5174 τὸ
2806 5123 3068 5194 κήρυγμά
3099 5140 3212 5190 σου,
3241 5124 3562 5180 ἐπίστευσα.

2068 5211 2155 5267 95.
2198 5213 2329 5282 Ἑμέ
2363 5213 2634 5287 ἐζήτησαν
2651 5215 2709 5270 αἱ
2732 5216 2967 5269 ἐναντίαι
3003 5215 3260 5286 δυνάμεις
3297 5217 3564 5275 ἀπολέσαι

2001 5305 2059 5358 ἐν
2073 5307 2140 5376 τῇ
2167 5305 2576 5380 είδωλολατρείᾳ
2597 5306 2702 5362 ’τά
2735 5306 2792 5361 δέ
2825 5307 3080 5378 λεχθέντα
3114 5309 3267 5380 παρά
3300 5309 3395 5362 σοῦ
3431 5311 3565 5383 περὶ

2001 5396 2102 5467 τῆς
2139 5397 2219 5460 είς
2257 5396 2314 5450 at
2343 5397 2578 5462 πίστεως
2621 5398 2715 5453 καὶ¹
2744 5397 2956 5462 ἐλπίδος
2982 5397 3210 5452 ἀκοῦσαι
3242 5397 3562 5472 [ἀκούσας]

2002 5485 2312 5542 ἐπίστευσα.

2069 5575 2154 5632 96.
2184 5579 2369 5651 Πάσης
2387 5579 2565 5652 δόξης,
2605 5581 2700 5635 καὶ
2749 5581 3098 5647 ἀπολαύσεως
3127 5581 3394 5654 σαρκικῆς
3425 5577 3570 5640 sit?»
