3748 6282
246 247 388 304 1197

242 450 357 504 ἀπὸ
376 449 485 502 τῶν
509 450 891 519 δικαιωμάτων
942 466 1065 502 σου*
1119 451 1200 504 ὅτι
1233 451 1416 505 ἄδικον
1447 452 1507 506 τὸ
1535 446 1825 524 ἐνθύμημα

245 541 451 596 αὐτῶν.

322 631 445 686 119.
517 630 956 703 Παραὸαίνοντας
1015 631 1347 707 ἐλογισάμην
1419 635 1629 699 πάντας
1698 634 1828 718 τορς

246 723 608 796 ἁμαρτωλοὺς
639 726 738 795 τῆς
764 724 888 795 γῆς’
923 723 1012 779 διὰ
1059 725 1216 779 τοῦτο
1270 727 1532 798 ἠγάπησα
1578 726 1646 780 τά
1678 744 1825 798 μαρ-

244 813 412 888 τύριά
446 831 562 868 σου.

321 895 445 962 120.
470 905 794 977 Καθήλωσον
815 907 880 960 ὲκ
897 904 988 960 τοῦ
1019 907 1184 977 φόϐου
1214 924 1305 962 σου
1337 908 1437 973 τὰς
1467 909 1675 982 σάρκας
1699 924 1822 978 μου·

244 998 357 1053 ἀπὸ
387 998 495 1071 γάρ
523 997 631 1051 τῶν
660 1000 941 1070 κριμάτων
974 1018 1065 1053 σου
1103 1000 1396 1072 ἐφοϐήθην.

322 1086 446 1140 121.
486 1086 743 1157 Ἑποίησα
770 1092 942 1161 κρῖμα
991 1091 1085 1143 καὶ
1129 1090 1491 1164 δικαιοσύνην·
1546 1093 1622 1165 μὴ
1653 1113 1826 1168 παρα-

242 1177 353 1249 δῷς
385 1196 451 1250 με
478 1182 590 1242 τοῖς
616 1180 860 1234 ἀδικοῦσί
884 1199 973 1252 με.

322 1268 441 1323 122.
479 1269 729 1335 Ἔκδεξαι
762 1270 852 1325 τὸν
875 1271 1057 1326 δοῦλόν
1087 1290 1181 1327 σου
1231 1277 1313 1339 εἰς
1357 1276 1582 1345 ἀγαθόν’
1617 1278 1692 1349 μὴ
1730 1296 1823 1331 συ-

242 1360 743 1432 κοφαντησάτωσάν
779 1380 851 1433 με
875 1364 1230 1436 ὑπερήφανοι.

320 1450 442 1505 125.
486 1453 548 1506 Oi
590 1453 858 1525 ὀφθαλμοί
908 1471 1008 1525 μου
1058 1454 1302 1521 ἐξέλιπον
1327 1458 1420 1521 ἐἰς
1457 1458 1519 1511 τὸ
1560 1460 1823 1531 σωτήριόν

246 1559 369 1606 σου,
393 1543 487 1597 καὶ
516 1545 596 1607 είς
625 1545 687 1597 τὸ
710 1544 888 1614 λόγιον
912 1546 1013 1617 τῆς
1040 1546 1386 1620 δικαιοσύνης
1418 1566 1532 1605 σου.

319 1634 445 1689 124.
473 1636 705 1708 Ποίησον
750 1637 888 1708 μετὰ
923 1638 1016 1691 τοῦ
1060 1639 1245 1693 δούλου
1282 1658 1374 1693 σου
1417 1640 1558 1695 κατὰ
1581 1642 1640 1695 τὸ
1673 1642 1820 1708 ἔλεός

247 1744 366 1793 σου,
395 1727 489 1781 καὶ
516 1728 585 1781 τὰ
614 1728 956 1800 δικαιώματά
989 1748 1080 1785 σου
1106 1731 1311 1798 δίδαξόν
1345 1750 1431 1804 με.

318 1819 444 1873 125.
475 1819 669 1884 Δοῦλός
699 1820 791 1874 σού
818 1824 932 1893 εἰμι
958 1822 1091 1892 ἐγὼ,
1129 1825 1406 1879 συνέτισόν
1428 1844 1518 1896 με,
1551 1827 1644 1881 καὶ
1677 1827 1818 1896 γνώ-

246 1926 414 1979 σομαι
440 1909 507 1963 τὰ
535 1910 811 1982 μαρτύριά
838 1928 955 1967 σου.

320 1999 441 2055 126.
469 2002 675 2073 Καιρὸς
714 2001 809 2055 τοῦ
847 2003 1069 2074 ποιῆσαι
1100 2003 1179 2076 τῷ
1223 2005 1413 2077 Κυρίῳ
1433 2024 1446 2037 ·
1471 2006 1816 2061 διεσκέδασαν

243 2090 338 2144 τὸν
367 2092 529 2163 νόμον
568 2109 684 2146 σου.

318 2184 441 2240 127.
486 2186 584 2240 Διὰ
625 2185 782 2240 τοῦτο
828 2188 1093 2261 ἠγάπησα
1118 2188 1219 2253 τὰς
1268 2191 1485 2253 ἐντολάς
1528 2209 1621 2245 σου
1685 2194 1821 2264 ὅπερ

245 2277 490 2347 χρυσίον,
511 2278 605 2331 καὶ
629 2279 905 2342 τοπάζιον,
1270 2308 1279 2309 ί

1097 247 1185 302 nr.
1226 245 1505 304 TITULIS
1541 229 1986 304 PSALMORUM.
2025 279 2095 291 -
2131 249 2331 308 PSAL.
2368 220 2600 308 cxvni.

323 358 444 413 118.
505 354 890 420 Ἐξουδένωσας
937 356 1141 421 πάντας
1195 360 1321 423 τοὺς
1390 360 1824 425 άποστατοῦντας
1849 402 1861 425 4

1997 362 2120 419 118.
2153 363 2413 435 Sprevisti
2442 383 2632 424 omnes
2658 367 2996 426 discedentes
3028 385 3058 426 a
3077 370 3302 442 judiciis
3335 360 3444 429 tuis
3474 395 3487 430 :
3598 377 3603 382 ’

3354 260 3490 315 1198

1926 454 2053 523 quia
2079 456 2281 526 injusta
2304 460 2560 529 cogitatio
2584 474 2800 518 eorum.

1999 633 2119 688 119.
2159 633 2582 693 Prtevaricantes
2623 640 2871 708 reputavi
2932 655 3121 696 omnes
3178 652 3490 712 peccatores

1925 733 2082 780 terrae
2110 744 2124 779 :
2156 725 2276 781 ideo
2301 728 2464 783 dilexi
2496 728 2807 785 testimonia
2838 739 2952 786 tua.

1996 902 2118 958 120.
2143 903 2364 976 Conﬁge
2401 907 2597 962 timore
2626 916 2722 964 tuo
2748 923 2944 968 carnes
2981 924 3131 964 meas
3164 927 3177 963 :
3211 927 3241 964 a
3260 911 3490 976 judiciis

1924 997 2066 1052 enim
2094 997 2202 1052 tuis
2230 999 2405 1054 timui.
2974 1044 2983 1056 .

1994 1089 2117 1144 121.
2154 1088 2279 1144 Feci
2314 1090 2581 1159 judicium
2614 1099 2669 1147 et
2697 1091 2969 1159 justitiam
2997 1110 3011 1147 :
3040 1108 3149 1147 non
3188 1092 3372 1149 tradas
3405 1109 3491 1148 me

1924 1180 2386 1237 calumniantibus
2409 1197 2518 1236 me.

1995 1272 2117 1328 122.
2138 1272 2362 1343 Suscipe
2389 1289 2605 1329 servum
2634 1280 2786 1329 tuum
2810 1274 2865 1329 in
2886 1274 3088 1331 bonum
3117 1293 3258 1333 :non
3291 1277 3493 1332 calum-

1923 1363 2144 1419 nientur
2172 1380 2258 1419 me
2304 1365 2547 1435 superbi.

1996 1443 2115 1510 123.
2139 1454 2291 1509 Oculi
2325 1456 2430 1510 mei
2462 1454 2773 1511 defecerunt
2805 1457 2857 1510 in
2889 1456 3128 1512 salutare
3189 1467 3366 1522 tuum,
3431 1467 3487 1511 et

1924 1545 1977 1599 in
2007 1547 2285 1615 eloquium
2311 1547 2537 1615 justitize
2563 1554 2688 1601 tuae.

1994 1637 2115 1691 124.
2140 1635 2249 1693 Fac
2265 1653 2389 1692 cum
2417 1653 2576 1693 servo
2609 1648 2704 1692 tuo
2733 1638 3031 1694 secundum
3056 1638 3486 1694 misericordiam

1851 1715 1891 1769 Β
1921 1738 2091 1792 tuam,
2116 1737 2169 1783 et
2197 1728 2616 1798 justiﬁcationes
2644 1737 2765 1783 tuas
2788 1730 2921 1784 doce
2948 1745 3054 1783 me.

1991 1817 2114 1872 125.
2144 1816 2344 1872 Servus
2371 1827 2497 1873 tuus
2526 1833 2647 1872 sum
2690 1833 2812 1888 ego,
2846 1818 2912 1872 da
2963 1818 3096 1872 mihi
3136 1818 3488 1883 intellectum,

1918 1922 1971 1983 et
1999 1912 2168 1966 sciam
2197 1911 2507 1967 testimonia
2539 1918 2651 1964 tua.

1991 2004 2113 2058 126.
2170 2004 2410 2075 Tempus
2465 2003 2697 2060 faciendi
2764 2004 3031 2060 Domino:
3088 2005 3491 2077 dissipaverunt

1918 2097 2088 2166 legem
2117 2105 2288 2152 tuam.

1990 2187 2113 2242 127.
2146 2185 2271 2242 Ideo
2320 2185 2485 2242 dilexi
2535 2186 2792 2244 mandata
2827 2196 2920 2243 tua
2973 2203 3137 2258 super
3172 2204 3386 2252 aurum,
3434 2200 3490 2245 et

1919 2279 2192 2349 topazion.

1381 2415 1755 2471 ATHANASII
1783 2410 2363 2469 INTERPRETATIO.

243 2576 342 2632 afui.
367 2573 797 2647 φυλαχθήσομαι,
826 2575 917 2629 καὶ
950 2577 1168 2648 εἰρήνης
1215 2574 1381 2648 οὔσης
1414 2578 1470 2629 ἐν
1500 2577 1644 2647 ἐμοὶ,
1672 2576 1825 2628 οὐδε-

248 2670 350 2741 μία
382 2686 469 2738 μοι
496 2669 628 2740 άχλη
655 2667 837 2739 ἄλλη]
873 2668 1022 2721 ἔσται
1045 2667 1284 2739 φροντὶς,
1312 2668 1345 2738 ἢ
1387 2668 1462 2739 μὴ
1513 2666 1606 2720 τοῦ
1654 2669 1826 2718 ποιεῖν

241 2759 309 2815 τὸ
334 2759 544 2830 θέλημά
578 2776 671 2812 σου
692 2757 997 2822 διαπαντός.
1241 2759 1245 2762 ’

317 2850 443 2905 118.
477 2852 597 2903 Ὅτι
624 2851 673 2903 οἱ
711 2849 807 2921 μὲν
861 2850 1183 2903 ἐπίστευσαν
1221 2844 1359 2902 εἷναί
1412 2865 1471 2901 σε
1516 2848 1667 2912 Θεὸν,
1691 2849 1738 2901 oi
1769 2848 1825 2900 δὲ

1924 2575 2066 2638 diar,
2090 2583 2287 2628 etcum
2325 2588 2432 2642 pax
2469 2573 2574 2629 erit
2599 2571 2656 2627 in
2701 2588 2809 2635 me,
2848 2571 2996 2627 nulla
3043 2571 3147 2626 alia
3188 2572 3320 2626 mihi
3353 2587 3487 2629 cura

1923 2668 2047 2732 erit,
2072 2666 2177 2721 nisi
2200 2664 2380 2721 facere
2401 2664 2732 2721 voluntatem
2765 2673 2915 2720 tuam
2939 2680 3171 2735 semper.

1995 2835 2117 2892 118.
2149 2835 2419 2903 Quoniam
2463 2836 2556 2892 alii
2592 2837 2810 2907 quidem
2843 2838 3188 2893 crediderunt
3231 2848 3283 2894 te
3318 2840 3487 2895 Deum

240 2945 311 3013 τῇ
357 2942 630 3013 ἀσελγείᾳ,
666 2941 758 2995 καὶ
785 2944 850 3014 τῇ
878 2940 1177 3012 πλεονεξίᾳ,
1204 2940 1298 2994 καὶ
1344 2942 1455 3004 τοῖς
1488 2939 1694 3002 λοιποῖς
1734 2939 1823 3002 ὲξ-
1851 2981 1861 3026 4

1992 2946 2067 2997 se,
2093 2931 2182 2985 alii
2210 2941 2391 2986 autem
2422 2931 2662 2987 lasciviae
2683 2940 2738 2986 et
2778 2932 3041 2997 avaritize,
3068 2943 3122 2986 et
3150 2932 3377 3003 reliquis
3408 2933 3492 2986 vi-

243 3032 456 3087 έδωκαν
486 3031 732 3095 ἑαυτούς.

314 3121 440 3177 119.
479 3122 858 3193 Ἐλογισάμην,
911 3121 992 3175 ὅτι
1042 3120 1404 3194 ἀπολλύμενοι
1465 3122 1570 3175 είσι
1624 3120 1823 3185 πάντες

239 3215 291 3266 οἱ
322 3216 389 3284 τῇ
412 3213 667 3285 ἀσελγείᾳ
692 3213 1094 3284 κεκολλημένοι·
1121 3212 1211 3266 διὰ
1237 3213 1393 3266 τοῦτο
1420 3211 1570 3264 ποθῶ
1597 3212 1665 3264 τὰ
1692 3229 1827 3283 μαρ-

239 3304 406 3375 τύριά
439 3321 549 3358 σου’
580 3305 663 3357 ὅτι
689 3302 803 3376 ζωὴ
827 3302 1042 3367 αἰώνιός
1066 3305 1226 3358 εἰσιν.

316 3395 439 3451 120.
476 3395 788 3468 Πεπηγὲναι
818 3396 1045 3466 ποίησον
1078 3396 1371 3450 ἀσάλευτον
1403 3397 1461 3448 ὲν
1491 3398 1605 3459 τοῖς
1638 3394 1822 3465 μέλεσί

241 3503 347 3557 μου
376 3486 468 3539 τὸν
512 3487 674 3557 φόϐον
724 3504 839 3551 σου,
885 3489 972 3541 ἵνα
1025 3488 1430 3560 νενεκρωμένος
1484 3488 1716 3557 ὑπάρχω
1755 3490 1820 3555 τῇ

240 3577 507 3650 ἁμαρτίᾳο
538 3579 745 3649 ἥκουσα
769 3579 877 3649 γὰρ
921 3580 1048 3651 περὶ
1080 3580 1193 3643 τῶν
1244 3579 1475 3633 αἰωνίων
1526 3579 1819 3643 κολάσεων,

237 3671 337 3724 καὶ
359 3669 652 3741 ὲφοόήθην.
1822 3734 1825 3739 ν

312 3762 437 3816 121.
498 3763 825 3817 Ἐπίστευσα
877 3762 1060 3827 καθὼς
1129 3762 1376 3816 ἐνετείλω
1445 3778 1559 3832 μοι,
1615 3761 1709 3813 καὶ
1761 3760 1822 3813 τὸ

237 3853 455 3925 θέλημά
486 3871 581 3908 σου
612 3855 790 3925 πεπλή
801 3872 967 3925 ρωκαο
993 3855 1066 3927 μὴ
1085 3855 1446 3926 συγχωρήσῃς
1466 3850 1821 3924 κυριευθῆναί

238 3963 309 4018 με
336 3945 443 3999 ὑπὸ
469 3945 576 3999 τῶν
598 3948 853 4001 ἐναντίων
877 3947 1177 4018 δυνάμεων.

308 4035 435 4090 122.
496 4036 936 4108 Μακροθύμησον
975 4040 1054 4101 εἰς
1096 4037 1194 4108 τὴν
1253 4038 1540 4107 μετάνοιάν
1588 4053 1710 4107 μου,
1745 4036 1819 4107 μὴ

234 4126 474 4198 εὕρωσιν
504 4129 561 4180 αἱ
595 4129 831 4182 ἐναντίαι
864 4128 1119 4200 δυνάμεις
1147 4128 1400 4200 ἀφορμήν
1440 4145 1562 4181 τινα
1587 4145 1821 4199 κατηγο-

237 4217 453 4291 ρεῖσθαί
480 4236 547 4288 με
568 4221 703 4291 πρὸς
732 4220 811 4274 σέ.

1928 3024 2017 3079 tiis
2039 3040 2097 3080 se
2124 3024 2269 3094 ipsos
2291 3023 2629 3079 tradiderunt

1996 3118 2117 3174 119.
2140 3118 2406 3189 Cogitavi,
2456 3118 2602 3187 quod
2659 3116 2853 3186 perditi
2904 3126 3034 3171 sunt
3091 3133 3329 3181 omnes,
3394 3119 3488 3189 qui

1924 3208 2201 3263 adhaerent
2231 3209 2462 3272 libidini,
2500 3207 2622 3262 ideo
2659 3224 2783 3262 amo
2838 3209 3149 3262 testimonia
3197 3217 3312 3275 tua,
3353 3224 3491 3280 quo-

1925 3302 2071 3356 niam
2106 3310 2232 3356 sunt
2261 3303 2365 3356 vita
2396 3312 2619 3356 aeterna.

1997 3391 2121 3445 120.
2150 3391 2258 3446 Fac
2300 3399 2361 3445 ut
2394 3390 2690 3445 immobilis
2726 3393 3031 3460 conligatur
3069 3392 3231 3446 timor
3269 3401 3399 3447 tuus
3433 3392 3492 3446 in

1925 3482 2184 3536 membris
2232 3482 2390 3544 meis,
2441 3490 2500 3535 ut
2546 3489 2792 3535 mortuus
2845 3482 2948 3535 sim
3004 3493 3246 3551 peccato.
3306 3484 3491 3538 audivi

1924 3573 2068 3628 enim
2096 3574 2162 3627 de
2188 3573 2403 3626 mternis
2432 3572 2731 3641 suppliciis,
2762 3580 2816 3626 et
2853 3571 3031 3626 timui.

1994 3746 2116 3800 121.
2152 3745 2363 3800 Credidi
2391 3744 2855 3815 quemadmodum
2893 3745 3028 3800 mihi
3069 3748 3397 3816 praecepisti,
3432 3758 3490 3802 et

1921 3836 2252 3891 voluntatem
2302 3844 2449 3889 tuam
2478 3834 2693 3903 implevi
2728 3849 2835 3900 ;ne
2887 3836 3192 3903 permittas,
3230 3844 3290 3889 ut
3318 3834 3372 3889 in
3403 3850 3490 3889 me

1922 3928 2271 3982 dominentur
2297 3927 2584 3981 contraria:
2610 3935 2931 3997 potestates.

1989 4020 2113 4074 122.
2155 4020 2427 4076 Patienter
2453 4037 2539 4076 me
2574 4032 2831 4092 exspecta
2873 4022 2940 4077 ad
2981 4023 3379 4090 paenitentiam,
3416 4037 3487 4077 ne

1922 4111 2246 4168 adversariae
2290 4122 2587 4182 potestates
2649 4127 2873 4169 causam
2920 4115 3157 4184 aliquam
3210 4115 3491 4169 inveniant

1923 4205 2213 4258 accusandi
2241 4221 2327 4259 me
2362 4204 2503 4274 apud
2532 4213 2604 4258 te.

314 4311 435 4366 125.
467 4312 625 4374 Ὃλος
645 4315 673 4366 ὁ
702 4312 863 4377 πόθος
892 4311 981 4384 μοί
1009 4314 1125 4366 ἐστι
1153 4312 1212 4366 τὸ
1240 4312 1494 4378 δέξασθαι
1529 4313 1815 4383 τὴνχάριν
1848 4307 1861 4364 1

1994 4298 2116 4353 125.
2152 4298 2323 4352 Omne
2355 4314 2532 4353 meum
2567 4297 2897 4353 desiderium
2934 4306 3016 4351 est
3054 4297 3283 4367 gratiam
3340 4306 3490 4352 tuam

236 4420 361 4468 σον,
387 4405 483 4458 καὶ
516 4405 797 4474 πληρῶσαι
833 4404 975 4476 άπερ
999 4403 1249 4457 ὲνετείλω
1286 4420 1397 4474 μοι.

310 4495 436 4549 124.
463 4497 572 4549 Καὶ
606 4496 676 4549 τὰ
718 4494 1062 4566 δικαιώματά
1112 4512 1203 4549 σου
1249 4494 1474 4564 ποίησον
1508 4495 1623 4564 μετ’
1653 4495 1811 4563 ἐμου,

231 4587 314 4651 ὡς
355 4585 515 4641 εἴωθε
560 4587 622 4640 τὸ
664 4587 811 4650 ἔλεός
854 4604 968 4650 σου,
1020 4587 1113 4641 καὶ
1162 4586 1303 4641 κατὰ
1345 4585 1407 4639 τὸ
1450 4585 1679 4657 μέγεθος
1718 4582 1813 4638 τοῦ

1916 4391 2182 4458 accipere,
2209 4398 2265 4444 et
2292 4388 2515 4457 implere
2558 4403 2680 4459 qute
2725 4389 2859 4441 mihi
2901 4388 3223 4457 praecepisti.

1988 4481 2111 4535 124.
2162 4480 2227 4535 Et
2254 4480 2674 4549 justiﬁeationes
2713 4489 2836 4534 tuas
2869 4479 2957 4533 fac
3007 4494 3243 4545 mecum,
3290 4496 3488 4550 quem-

1914 4571 2205 4627 admodum
2256 4570 2541 4625 consuevit
2585 4570 2961 4631 misericordia
3004 4578 3096 4624 tua
3124 4611 3139 4636 ,
3196 4578 3250 4625 et
3293 4586 3489 4626 secun-

235 4680 423 4744 ὲλέονς
463 4679 558 4733 καὶ
608 4682 672 4752 τῇ
719 4680 902 4750 χάριτί
948 4697 1040 4732 σου
1082 4680 1415 4751 κατάρτισαι
1459 4678 1557 4749 τὴν
1585 4675 1813 4743 καρδίαν

1992 4678 2041 4717 ιιι
2097 4662 2529 4734 magnitudinem
2600 4663 2992 4719 misericordiae
3054 4664 3219 4719 etiam
3287 4666 3488 4735 perﬁce

235 4786 347 4839 μου
379 4768 644 4825 ἐπιτελεῖν
666 4768 734 4822 τὰ
755 4770 938 4823 δίκαια
967 4770 1103 4840 μετὰ
1130 4769 1248 4823 σοῦ.

306 4946 431 5000 125.
472 4946 843 5018 Ἐξηγὸρασάς
877 4963 943 5017 με
977 4947 1054 5018 τῷ
1097 4947 1259 5018 τιμίῳ
1304 4946 1518 5015 αἵματι,
1570 4946 1661 4998 καὶ
1714 4946 1816 4997 ὐπ-

230 5037 402 5102 έταξά
424 5053 506 5091 σοι
534 5038 787 5109 ἐμαυτόν·
804 5038 892 5101 δός
924 5054 1012 5108 μοι
1028 5038 1125 5107 τὴν
1151 5038 1331 5109 χάριν,
1362 5037 1445 5089 ἵνα
1468 5035 1674 5105 ὲπιγνῶ
1696 5036 1816 5097 πῶς

229 5127 506 5181 ἐπιτελεῖν
533 5129 677 5200 ἆπερ
703 5127 952 5182 ὲνετείλω
995 5144 1108 5198 μοι.

308 5219 428 5276 126.
462 5220 580 5275 Νῦν
620 5224 767 5274 ἐστιν
810 5221 953 5290 ὑπὲρ
984 5220 1083 5290 τῆς
1118 5218 1374 5290 ἀληθείας
1411 5235 1502 5271 σου
1544 5216 1813 5287 ἀγωνίσα-

232 5312 362 5366 σθαι
418 5313 522 5376 “aut;
573 5312 836 5377 θανάτου,
879 5310 1071 5381 ἐπειδὴ
1113 5311 1423 5380 ἠρνήσαντο
1480 5307 1578 5379 τὴν
1633 5307 1813 5360 πίστιν

231 5418 351 5456 σου.

305 5492 430 5546 127.
473 5492 572 5546 Διὰ
614 5496 770 5547 τοῦτο
837 5491 1037 5563 μᾶλλον
1093 5488 1194 5552 τὰς
1239 5486 1397 5557 ἁγίας
1444 5501 1538 5538 σου
1586 5483 1812 5555 Γραφὰς

227 5582 514 5652 ἐκράτησα
544 5581 685 5652 ὑπὲρ
727 5582 788 5634 τὸ
830 5582 1052 5654 χρυσίον
1094 5580 1155 5634 τὸ
1194 5577 1493 5650 ἐξαίρετον..
1530 5573 1810 5635 Τοπάᾷον

226 5671 340 5743 γὰρ
373 5672 597 5743 ἀγαθὸν
626 5673 1002 5747 ἑρμηνεύεται·
1035 5672 1156 5726 ἐπεὶ
1187 5666 1280 5725 οὖν
1321 5663 1473 5732 οὗνος
1517 5670 1546 5721 ὁ
1578 5665 1809 5729 πλοῦτος

1916 4755 2088 4824 gratia
2134 4765 2227 4808 tua
2273 4768 2371 4808 cor
2416 4768 2622 4819 meum,
2651 4763 2712 4809 ut
2745 4764 2944 4821 tecum,
2973 4771 3094 4825 quae
3138 4756 3286 4825 justo
3335 4765 3483 4820 sunt,

1914 4847 2177 4917 perﬁciat.

1986 4937 2110 4993 125.
2143 4936 2442 4993 Redemisti
2474 4953 2562 4993 me
2586 4939 2826 5010 pretioso
2858 4940 3146 5011 sanguine,
3180 4948 3237 4994 et
3275 4938 3483 5009 subieci

1913 5028 2010 5081 tibi
2045 5043 2131 5083 me
2160 5028 2361 5097 ipsum,
2394 5029 2461 5084 da
2492 5029 2627 5084 mihi
2654 5030 2911 5098 gratiam,
2941 5041 3003 5084 ut
3032 5045 3326 5101 agnoscam
3350 5048 3486 5102 quo-

1915 5117 2078 5171 modo
2107 5118 2381 5187 perﬁciam
2412 5134 2537 5188 qua:
2571 5120 2874 5189 praecepisti
2922 5119 3077 5173 mihi.

1989 5205 2109 5259 126.
2152 5204 2308 5262 Nunc
2353 5215 2569 5277 tempus
2612 5217 2696 5262 est
2735 5208 3013 5263 decertare
3059 5223 3160 5277 pro
3204 5217 3294 5263 tua
3344 5210 3486 5265 veri-

1915 5303 2023 5349 tate
2059 5311 2234 5365 usque
2278 5297 2345 5351 ad
2366 5307 2626 5360 mortem,
2658 5298 2915 5367 quoniam
2948 5285 3303 5368 negaverunt‘
3325 5298 3484 5354 ﬁdem

1914 5400 2085 5445 tuam.

1990 5483 2110 5537 127.
2154 5481 2449 5551 Propterea
2490 5483 2638 5536 tenui
2687 5482 2863 5553 magis
2914 5494 3133 5540 sanctas
3174 5493 3297 5541 tuas
3337 5483 3487 5541 Scri-

1915 5585 2146 5646 pturas,
2203 5590 2367 5644 quam
2429 5589 2623 5629 aurum
2683 5576 2935 5632 electum.
3009 5576 3279 5648 τομαιὶοκ
3337 5576 3485 5632 enim

1914 5668 2303 5737 interpretatur
2362 5665 2553 5721 bonum
2594 5683 2614 5721 :
2664 5668 2792 5739 quia
2835 5670 3002 5742 igitur
3062 5678 3358 5740 praesentes
3404 5669 3489 5724 di-
