3748 6282
276 276 412 333 1199

1094 275 1152 331 S.
1196 273 1572 330 ATHANASII
1613 271 1764 328 OPP.
1807 272 1986 326 PARS
2027 271 2114 325 Ill.
2150 301 2220 312 —
2267 267 2677 326 EXEGETICA.

3385 269 3528 323 1200

349 394 470 450 128.
503 395 790 464 Propterea
812 394 877 449 ad
911 394 1094 450 omnia
1125 398 1379 451 mandata
1407 404 1495 449 tua
1525 395 1828 464 airigebar:

2009 393 2132 447 198.
2164 392 2261 446 Διά
2297 393 2454 446 τοῦτο
2483 391 2619 463 πρὸς
2650 390 2827 454 πάσας
2875 392 2972 454 rit;
3018 391 3233 454 ἐντολάς
3265 408 3358 443 σου
3391 409 3522 443 κατ-

273 501 490 542 omnem
521 488 662 540 viam
704 487 944 556 iniquam
977 487 1103 542 odio
1129 487 1314 542 habui.

346 579 468 634 129.
507 577 770 634 Mirabilia
805 580 1116 635 testimonia
1153 588 1286 636 tua:
1332 581 1453 636 ideo
1489 589 1725 637 scrutata
1763 587 1845 634 est

273 687 332 724 ea
375 670 554 724 anima
591 685 732 724 mea.

346 761 467 816 150.
507 760 809 818 Declaratio
843 777 1156 820 sermonum
1199 776 1415 821 tuorum
1453 767 1746 831 illuminat,
1792 773 1847 820 et

273 853 600 907 intellectum
641 854 733 908 dat
770 857 1035 924 parvulis.

346 944 467 998 151.
505 942 579 998 Os
615 961 794 998 meum
835 948 1046 1015 aperui,
1088 957 1138 1003 et
1164 950 1361 1003 attraxi
1394 949 1647 1019 spiritum
1677 968 1688 1001 :
1717 949 1842 1019 quia

272 1037 525 1090 mandata
562 1048 654 1090 tua
683 1037 1081 1094 desiderabam.

344 1128 464 1182 152.
507 1127 700 1198 Aspice
732 1129 784 1182 in
834 1145 939 1195 me,
977 1140 1034 1185 et
1081 1132 1340 1188 miserere
1387 1149 1494 1187 met
1547 1133 1843 1188 secundum

271 1219 534 1282 iudicium
570 1221 911 1291 diligentium
948 1239 1148 1278 nomen
1180 1236 1354 1279 tuum.

345 1311 466 1366 155.
517 1311 749 1368 Gressus
805 1329 958 1370 meos
1008 1316 1178 1384 dirige
1219 1317 1518 1371 secundum
1567 1315 1842 1384 eloquium

267 1403 448 1462 tuum,
483 1407 535 1450 et
567 1412 676 1450 non
712 1398 1022 1472 dominetur
1051 1400 1156 1452 mei
1186 1402 1364 1454 omnis
1400 1399 1683 1468 injustitia.

345 1487 468 1540 154.
511 1485 734 1542 Redime
785 1503 872 1543 me
905 1506 935 1543 a
982 1491 1272 1545 calumniis
1306 1491 1615 1552 hominum,
1649 1497 1703 1542 et
1747 1503 1845 1542 cu-

273 1577 503 1632 stodiam
537 1579 789 1648 mandata
823 1587 933 1633 tua.

345 1670 468 1724 155.
495 1669 712 1724 Faciem
750 1680 896 1725 tuam
923 1671 1177 1743 illumina
1208 1686 1370 1742 super
1396 1686 1610 1726 servum
1666 1679 1840 1730 tuum.

269 1768 326 1814 et
357 1760 491 1814 doce
520 1776 607 1815 me
635 1761 1056 1830 justiﬁcationes
1089 1771 1230 1816 tuas.

345 1850 467 1905 156.
497 1849 687 1906 Exitus
716 1867 980 1920 aquarum
1006 1852 1346 1906 deduxerunt
1373 1853 1514 1907 oculi
1539 1852 1642 1906 mei
1669 1869 1683 1905 :
1717 1852 1842 1922 quia

270 1955 382 1994 non
410 1941 679 1995 custodivi
718 1941 890 2012 legent
921 1951 1092 1995 tuam.

345 2031 468 2085 157.
517 2031 708 2088 Justus
754 2048 854 2098 es,
899 2032 1162 2096 Domine,
1209 2040 1263 2087 et
1320 2042 1527 2088 rectum
1573 2031 1840 2102 judicium

272 2130 449 2176 tuum.

337 2213 460 2270 158.
489 2213 752 2271 Mandasti
780 2215 1048 2286 justitiam
1089 2215 1400 2272 testimonia
1439 2228 1551 2283 tua,
1599 2227 1653 2271 et
1699 2219 1840 2271 veri-

271 2313 438 2360 tatem
472 2316 620 2362 tuam
649 2307 835 2363 nimis.

1944 485 2253 556 ωρθούμην·
2296 486 2473 538 πᾶσαν
2503 483 2619 537 ὁδὸν
2651 482 2832 536 ἄδικον
2863 482 3120 553 ἐμίσησα.

2017 577 2137 632 129.
2169 577 2468 647 Θαυμαστὰ
2500 576 2568 630 τὰ
2615 574 2892 647 μαρτύριά
2936 591 3058 628 σοιν
3094 575 3180 627 διὰ
3216 575 3374 628 τοῦτο
3437 573 3528 639 ἐξ·

1949 669 2235 742 ὲρεύνησεν
2263 669 2400 722 αὐτὰ
2435 670 2466 738 ἡ
2505 667 2648 736 ψυχή
2687 683 2801 720 σου.

2019 762 2138 816 150.
2179 761 2240 813 Ἠ
2270 760 2500 831 δήλωσις
2524 757 2632 811 τῶν
2658 756 2834 828 λόγων
2875 776 2966 812 σου
3014 761 3220 828 φωτιεί,
3260 759 3352 811 καὶ
3394 775 3522 810 συν-

1946 855 2078 905 ετιεῖ
2102 852 2348 922 νηπίους.

2019 945 2138 998 151.
2172 944 2243 996 Τὸ
2275 942 2447 1013 στόμα
2486 959 2588 1015 μου
2628 941 2846 1014 ἦνοιξα,
2886 943 2978 995 καὶ
3025 941 3248 995 εἴλκυσα
3281 941 3518 1010 πνεῦμαο

1945 1035 2027 1089 ὅτι
2056 1036 2152 1098 τὰς
2184 1034 2402 1096 ἐντολάς
2429 1051 2522 1088 σου
2549 1032 2868 1087 ὲπεπόθουν.

2017 1127 2141 1181 152.
2171 1125 2491 1196 Ἐπίῦλεψον
2535 1125 2621 1180 ἐπ’
2657 1126 2778 1196 ἐμὲ,
2804 1125 2898 1178 καὶ
2929 1124 3149 1196 ἐλέησόν
3183 1142 3247 1194 με
3281 1124 3422 1177 κατὰ
3460 1124 3522 1177 τὸ

1945 1222 2121 1290 κρῖμα
2141 1217 2249 1271 τῶν
2274 1217 2609 1286 ἀγαπώντων
2637 1218 2700 1272 τὸ
2727 1219 2897 1289 ὄνομά
2936 1235 3058 1285 μου.

2018 1312 2137 1365 155.
2166 1309 2245 1362 Τὰ
2277 1309 2586 1382 διαϐήματά
2611 1329 2712 1381 μου
2743 1309 3069 1364 κατεὺθυνον
3093 1307 3234 1362 κατά
3256 1308 3317 1360 es
3340 1308 3521 1376 λόγιόν

1945 1421 2062 1466 σου,
2095 1405 2186 1458 καὶ
2221 1405 2292 1475 μὴ
2317 1405 2798 1476 κατακυριευσάτω
2831 1423 2930 1476 μου
2960 1406 3108 1457 πᾶσα
3141 1403 3358 1473 ἀνομία.

2018 1493 2139 1546 151.
2183 1492 2470 1563 Λύτρωσαί
2521 1511 2587 1564 με
2635 1495 2742 1547 ἀπὸ
2793 1491 3152 1562 συκοφαντίας
3192 1492 3518 1564 ἀνθρώπων,

1945 1586 2037 1637 καὶ
2073 1583 2290 1653 φυλάξω
2318 1585 2415 1646 τὰς
2441 1584 2657 1648 ἐντολάς
2690 1604 2812 1657 μου.

2017 1678 2138 1731 155.
2172 1677 2245 1730 Τὸ
2293 1677 2582 1747 πρόσωπόν
2631 1695 2723 1732 σου
2775 1679 3036 1748 ὲπίφανον
3073 1679 3165 1731 ἐπὶ
3209 1678 3298 1732 τὸν
3335 1676 3521 1731 δοῦλόν

1948 1785 2062 1834 σου,
2099 1769 2193 1822 καὶ
2229 1769 2436 1833 δίδαξον
2471 1788 2538 1841 με
2573 1771 2640 1824 τά
2668 1771 3009 1842 δικαιώματά
3040 1791 3153 1825 σου.

2013 1860 2132 1915 156.
2170 1861 2448 1928 Διεξόδους
2478 1863 2683 1916 ὑδάτων
2709 1865 3006 1918 κατέδυσαν
3031 1867 3078 1918 οἱ
3100 1865 3362 1936 ὀφθαλμοί
3392 1879 3515 1935 μου’

1937 1952 2059 2005 ἐπεὶ
2091 1955 2190 2006 οὑκ
2219 1955 2459 2023 ἐφύλαξα
2485 1957 2578 2010 τὸν
2605 1957 2768 2028 νόμον
2806 1975 2919 2012 σου.

2011 2046 2130 2100 157.
2166 2047 2381 2111 Δίκαιος
2409 2045 2477 2114 εἴ,
2504 2049 2698 2121 Κύριε,
2734 2052 2827 2104 καὶ
2850 2052 3025 2116 εὑθεῖς
3053 2053 3106 2105 αἱ
3130 2052 3337 2123 κρίσεις
3365 2067 3477 2104 σου.

2019 2218 2140 2273 158.
2171 2219 2452 2272 Ἐνετείλω
2486 2223 2836 2294 δικαιοσύνην
2866 2223 2932 2277 τὰ
2972 2224 3247 2297 μαρτύριά
3285 2241 3400 2291 σου,
3425 2241 3522 2277 και

1944 2307 2200 2380 ἀλήθειαν
2229 2309 2452 2381 σφόδρα.

1391 2442 1765 2498 ΑΤΗΑΝΑΒΙΞ
1809 2441 2394 2500 INTERPRETATIO.

268 2561 416 2618 vitia:
462 2564 804 2632 temporariae
849 2570 1018 2630 sunt,
1073 2577 1252 2633 neque
1301 2571 1521 2632 propter
1581 2562 1836 2617 mandata

269 2661 361 2709 tua
381 2662 596 2709 aeternae
615 2655 901 2720 exsistunt,
922 2655 1044 2711 ideo
1067 2655 1242 2726 magis
1256 2654 1418 2709 dilexi
1437 2663 1704 2724 praecepta
1721 2661 1836 2709 tua.

340 2835 462 2891 128.
492 2837 778 2906 Propterea
813 2836 879 2890 ad
910 2852 1100 2892 omnes
1133 2846 1258 2892 tuas
1285 2837 1590 2893 voluntates
1615 2845 1842 2908 paratus

1937 2562 2267 2633 πρόσκαιρός
2302 2564 2467 2626 ἐστιν,
2509 2563 2628 2616 οὐδὲ
2665 2563 2754 2618 διά
2790 2562 2896 2616 τῶν
2933 2565 3159 2617 ἐντολῶν
3179 2581 3273 2617 σου
3304 2566 3520 2630 αἰώνιος

1939 2654 2198 2726 ὑπάρχει,
2225 2652 2315 2706 διὰ
2343 2653 2436 2706 τοῦ
2466 2653 2669 2726 [τοῦτο]
2715 2655 2912 2725 μᾶλλον
2949 2656 3208 2728 ἠγάπησα
3238 2656 3337 2720 τὰς
3371 2659 3520 2710 ἐντο-

1938 2746 2034 2808 λάς
2070 2761 2188 2800 σου.

2010 2837 2133 2894 128.
2160 2835 2263 2892 Διά
2297 2835 2456 2891 τοῦτο
2486 2836 2622 2908 πρὸς
2649 2837 2824 2890 πάντα
2849 2836 2917 2890 τὰ
2951 2836 3230 2908 θελήματά
3257 2854 3350 2891 σου
3379 2837 3520 2891 210t-

267 2944 438 2994 eram,
464 2941 517 2985 et
539 2945 698 2985 omne
724 2939 1003 2998 peccatum
1033 2931 1378 2985 abominatus
1401 2946 1545 2996 sum,
1576 2931 1828 3000 quoniam

2004 2950 2040 2996 ις
2062 2933 2234 3005 ήμην,
2255 2931 2349 2986 καὶ
2370 2934 2545 2984 πᾶσαν
2567 2932 2839 3003 ἁμαρτίαν
2860 2930 3304 3002 ἁπεστρεφὸμην,
3328 2931 3523 3003 ἐπειδὴ

268 3021 321 3076 in
352 3022 766 3076 retributionem
799 3021 1052 3090 respicio.

337 3112 460 3166 129.
491 3111 830 3167 Testimonia
866 3121 956 3165 tua
989 3113 1350 3166 admiratione
1394 3113 1553 3181 plena
1589 3121 1718 3168 sunt
1767 3114 1837 3177 ei,

266 3203 359 3272 qui
413 3203 503 3256 illa
564 3203 863 3272 intelligere
922 3212 1140 3272 potest;
1194 3212 1481 3272 propterea
1534 3203 1838 3258 desideravi

265 3307 559 3360 agnoscere
585 3293 694 3345 vim
727 3302 941 3346 tuarum
975 3291 1402 3362 Scripturarum.

339 3383 462 3439 150.
497 3383 875 3453 lnterpretatio
927 3382 1334 3454 Scripturarum
1376 3395 1593 3439 tuarum
1631 3385 1837 3440 illumi-

265 3486 378 3544 nat,
404 3487 457 3532 et
487 3477 539 3530 in
566 3477 904 3532 intellectum
939 3477 1178 3543 adducit,
1209 3477 1304 3548 qui
1346 3477 1581 3533 infantes
1624 3488 1752 3533 sunt
1781 3479 1834 3533 in
1882 3541 1891 3563 ι

265 3567 634 3638 intelligendo.

339 3659 463 3715 151.
515 3657 716 3715 Sitiens
764 3661 990 3730 gratiam
1033 3669 1180 3715 tuam
1230 3660 1552 3730 deprecatus
1587 3675 1707 3715 sum
1758 3669 1832 3724 te,

260 3760 315 3806 et
343 3752 538 3807 dedisti
571 3753 703 3806 mihi
752 3751 1014 3822 Spiritum
1062 3764 1308 3808 sanctum
1357 3763 1532 3817 tuum,
1572 3753 1834 3822 quoniam

260 3843 636 3898 desiderabam
686 3858 985 3912 agnoscere
1040 3841 1451 3915 Scripturarum
1508 3844 1834 3913 interpreta-

261 3935 486 3988 tionem.

334 4025 454 4082 152.
502 4023 971 4091 Quemadmodum
1019 4026 1244 4095 respicis
1293 4025 1584 4093 diligentes
1620 4032 1673 4078 te
1704 4041 1828 4080 cum

261 4113 634 4169 misericordia
665 4122 719 4168 et
751 4113 1101 4168 miseratione
1131 4152 1146 4177 ,
1182 4113 1253 4166 ita
1285 4113 1451 4166 etiam
1489 4128 1575 4166 me
1623 4113 1828 4181 aspice,

259 4215 313 4261 et
342 4204 601 4260 miserere
629 4205 756 4259 mei.

1944 3025 2024 3088 εἰς
2047 3025 2145 3095 τὴν
2172 3023 2592 3094 μισθαποδοσίαν
2623 3023 2934 3076 ἀποϐλέπω.

2016 3111 2136 3167 129.
2171 3112 2361 3184 Πάσης
2394 3111 2708 3182 ἐκπλήξεως
2745 3112 2881 3182 μετά
2907 3111 3128 3184 [μεστά]
3153 3113 3258 3164 είσι
3283 3111 3352 3164 τὰ
3380 3129 3520 3183 μαρ-

1940 3200 2105 3272 τύριά
2135 3217 2229 3255 σου
2264 3199 2546 3272 δυναμένῳ
2580 3200 2720 3254 αὑτά
2749 3201 2970 3271 νοῆσαι·
2993 3200 3096 3254 -διά
3129 3202 3290 3255 τοῦτο
3321 3199 3518 3253 ἐπεθύ-

1943 3309 2091 3362 μησα
2124 3291 2325 3360 γνῶναι
2358 3292 2457 3363 τὴν
2494 3290 2721 3361 δύναμιν
2753 3291 2859 3343 τῶν
2897 3291 3125 3362 Γραφῶν
3152 3309 3266 3346 σου.

2012 3383 2134 3438 150.
2168 3385 2233 3436 Ἦ
2261 3382 2524 3456 ἑρμηνεία
2554 3382 2659 3435 τῶν
2682 3380 2910 3453 Γραφῶν
2933 3398 3025 3433 σου
3054 3380 3296 3449 φωτίζει,
3322 3382 3413 3433 καὶ
3435 3382 3517 3442 εἰς

1941 3474 2153 3528 σύνεσιν
2187 3475 2310 3544 ἄγει
2344 3476 2472 3538 τοὺς
2498 3473 2724 3547 νηπίους
2749 3473 2908 3537 ὄντας
2943 3473 3189 3544 περὶτοῦ
3227 3475 3441 3545 νοῆσαι.

2010 3657 2130 3711 151.
2160 3657 2338 3727 Διψῶν
2363 3658 2462 3729 τὴν
2488 3658 2646 3729 χάριν
2670 3674 2762 3710 σου
2793 3657 3014 3729 ἐδεήθην
3044 3675 3158 3719 σου.
3188 3658 3282 3710 καὶ
3307 3657 3517 3721 ἔδωκάς

1940 3765 2029 3819 μοι
2067 3748 2126 3801 τὸ
2169 3748 2394 3820 Πνεῦμά
2429 3765 2522 3801 σου
2555 3749 2614 3800 τὸ
2655 3749 2829 3816 ἆγιον,
2861 3748 3047 3818 ἐπειδὴ
3077 3747 3378 3802 ὲπεπόθουν
3410 3752 3514 3818 τὴν

1935 3842 2231 3914 ἑρμηνείαν
2262 3842 2466 3895 ννῶναι
2497 3840 2606 3894 τῶν
2640 3841 2892 3912 Γραφῶν.

2007 4023 2127 4078 152.
2151 4022 2346 4086 Καθὼς
2369 4023 2571 4094 ἐφορᾷς
2592 4023 2715 4086 τοὺς
2738 4023 3064 4090 ἀγαπωντάς
3088 4040 3145 4075 σε
3172 4023 3308 4094 μετὰ
3327 4024 3507 4086 ἐλέους

1935 4115 2028 4166 καὶ
2056 4113 2372 4185 οἰκτιρμῶν,
2398 4113 2569 4177 οὕτως
2595 4114 2937 4185 κάμὲ-ἔπιδε,
2968 4115 3062 4166 καὶ
3083 4114 3220 4167 ἐλέει
3252 4132 3338 4186 με.

331 4294 453 4350 155.
495 4294 604 4350 Fac
659 4309 755 4350 cor
800 4309 982 4349 meum
1017 4303 1264 4363 prompte
1298 4295 1455 4363 sequi
1490 4294 1824 4348 voluntatem

2005 4291 2124 4346 155.
2159 4293 2267 4363 Τὴν
2298 4294 2604 4365 προθυμίαν
2646 4294 2744 4365 τῆς
2769 4294 2996 4365 καρδίας
3025 4313 3127 4366 μου
3155 4297 3376 4367 ποίησον
3422 4297 3501 4362 ἐξ·

260 4397 431 4454 tuam,
461 4396 516 4442 et
540 4403 646 4441 non
672 4387 870 4457 poterit
903 4386 1083 4440 omnis
1129 4385 1333 4441 diaboli
1373 4395 1618 4456 potestas
1660 4386 1832 4440 abdu-

258 4493 383 4533 cere
417 4493 506 4534 me
528 4478 598 4534 ab
625 4495 814 4534 amore
841 4488 951 4534 tuo.

331 4660 453 4718 151.
487 4659 680 4715 Libera
713 4677 798 4715 me
836 4663 905 4716 ab
929 4661 1079 4718 omni
1127 4661 1436 4719 daemonum
1485 4660 1732 4726 incursu,
1776 4672 1830 4717 et

257 4755 502 4826 implebo
527 4755 780 4810 mandata
808 4765 921 4809 tua.

327 4847 450 4902 155.
483 4845 600 4902 Lux
639 4848 822 4917 gratiae
855 4858 959 4902 tua:
1003 4846 1112 4913 fac,
1148 4855 1210 4903 ut
1250 4848 1534 4902 exoriatur
1580 4862 1636 4901 tn
1665 4848 1830 4903 corde

255 4950 402 4999 meo,
445 4945 500 4990 et
530 4937 665 4991 doce
692 4952 780 4990 me
827 4937 1149 5007 intelligere,
1184 4944 1240 4991 et
1265 4934 1446 4990 facere
1478 4935 1828 5004 iustiﬁcatio-

255 5041 355 5082 nes
385 5035 524 5100 tuas.

329 5115 450 5168 156.
483 5115 702 5173 Fluvios
735 5117 1098 5189 lacrymarum
1137 5116 1336 5172 deduxi
1370 5117 1440 5170 ab
1477 5117 1653 5171 oculis
1686 5117 1826 5171 meis

254 5221 518 5274 tremens,
576 5222 630 5264 et
673 5211 920 5280 cogitans
965 5209 1109 5278 quod
1166 5223 1274 5262 non
1325 5210 1592 5284 custodivi
1651 5209 1825 5278 legem

254 5308 424 5352 tuam.

326 5389 448 5442 157.
480 5387 667 5442 Justus
691 5389 856 5458 jutlex
892 5404 971 5453 es,
1003 5389 1253 5455 Domine,
1287 5398 1343 5444 et
1371 5405 1478 5444 non
1523 5400 1604 5444 est
1634 5404 1822 5458 perso-

253 5495 444 5534 narum
480 5481 720 5548 acceptio
746 5481 887 5550 apud
917 5489 990 5536 te.

323 5570 444 5627 158.
477 5569 784 5640 Praecepisti
828 5570 1005 5626 facere
1033 5571 1303 5638 justitiam
1344 5571 1399 5626 in
1437 5570 1516 5626 tui
1562 5572 1812 5627 testimo-

253 5659 426 5730 nium,
452 5669 503 5718 et
538 5661 668 5721 nihil
697 5677 793 5731 per
830 5661 1251 5716 simulationem.

1930 4382 2239 4435 ακολουθεῖν
2270 4384 2345 4454 τῷ
2389 4383 2654 4456 θελήματι
2706 4401 2822 4451 σου,
2855 4387 2948 4438 καὶ
2997 4387 3070 4456 μὴ
3129 4388 3319 4462 ἰσχύσῃ
3357 4391 3505 4442 πᾶσα

1926 4472 2152 4545 δύναμις
2210 4473 2304 4527 τοῦ
2351 4474 2596 4529 διαϐόλου
2643 4476 2948 4548 ἀποστῆσαί
3002 4494 3070 4547 με
3117 4477 3216 4548 τῆς
3265 4480 3399 4550 πρὸς
3443 4482 3502 4532 σὲ

1930 4567 2171 4638 ἀγάπης.

1998 4661 2117 4716 154.
2150 4661 2436 4732 Λύτρωσαί
2469 4679 2535 4732 με
2563 4661 2670 4714 ἀπὸ
2701 4659 2880 4732 πάσης
2909 4662 3162 4733 ἀφορμῆς
3187 4661 3293 4715 τῶν
3314 4662 3504 4734 δαιμό-

1927 4771 2054 4817 νων,
2085 4755 2179 4807 καὶ
2209 4753 2482 4825 πληρώσω
2509 4755 2605 4817 τὰς
2638 4755 2855 4818 ἐντολάς
2892 4771 3007 4807 σου.

1998 4844 2118 4899 155.
2155 4844 2228 4897 Τὸ
2254 4846 2368 4914 φῶς
2397 4845 2494 4915 τῆς
2520 4845 2739 4916 χάριτός
2764 4862 2855 4898 σου
2885 4845 3164 4899 ἀνάτειλον
3191 4845 3249 4898 ἐν
3272 4849 3339 4918 τῇ
3366 4865 3501 4920 καρ-

1922 4936 2008 5008 δίᾳ
2040 4953 2162 5008 μου,
2191 4937 2284 4990 καὶ
2308 4935 2518 5003 δίδαξόν
2552 4955 2617 5007 με
2652 4941 2812 5001 νοεῖν,
2841 4939 2934 4990 καὶ
2967 4941 3139 4991 ποιεῖν
3173 4937 3242 4991 τὰ
3272 4939 3499 4993 δικαιώ-

1926 5030 2068 5099 ματά
2102 5046 2210 5083 σου.

1996 5117 2114 5170 156.
2141 5119 2426 5187 Ποταμοὺς
2443 5116 2692 5188 δακρύων
2716 5117 3028 5185 κατήγαγον
3055 5117 3162 5168 ἀπὸ
3179 5117 3286 5169 τῶν
3307 5116 3500 5185 ὀφθαλ-

1927 5208 2042 5278 μῶν
2077 5225 2177 5278 μου
2205 5208 2429 5272 κλαίων,
2458 5211 2550 5261 καὶ
2577 5208 2994 5280 ἐνθυμούμενος,
3019 5209 3100 5260 ὅτι
3131 5209 3230 5260 οὑκ
3255 5209 3496 5278 ἐφύλαξα

1922 5298 2013 5351 τὸν
2047 5298 2210 5369 νόμον
2243 5316 2358 5350 σου.

1993 5391 2111 5444 157.
2141 5391 2520 5462 Δικαιοκρίτης
2544 5388 2625 5458 εί,
2670 5391 2861 5460 Κύριε,
2891 5391 2983 5443 καὶ
3027 5392 3128 5443 οὑκ
3172 5390 3287 5442 ἔστι
3330 5407 3496 5458 προσ-

1920 5481 2202 5552 ωποληψία
2230 5499 2378 5552 παρα
2419 5483 2518 5534 σοί.

1994 5573 2116 5627 158.
2150 5573 2492 5644 Προσέταξας
2536 5576 2614 5636 εἰς
2661 5573 2965 5644 μαρτυρίαν
3013 5589 3106 5625 σου
3147 5569 3492 5642 δικαιοσύνην

1921 5666 2113 5728 ποιεῖν,
2147 5663 2242 5717 καὶ
2270 5663 2437 5736 μηδὲν
2469 5664 2587 5717 καθ’
2620 5664 2928 5734 ὑπόκρισιν.
