3748 6282
211 308 349 368 1201

1068 309 1160 366 DE
1201 308 1477 366 TITULIS
1513 306 1961 364 PSALMORUM.
2000 336 2070 349 —-
2106 304 2301 361 PSAL.
2340 301 2570 360 CXVIII.

3310 293 3451 352 1209

294 424 410 480 139.
434 423 683 495 Ἐεέτηξέ
722 440 789 495 με
813 424 842 476 ὁ
868 421 1024 491 ζῆλός
1059 438 1180 477 σου*
1216 425 1296 477 ὅτι
1325 423 1646 478 ἐπελάθοντο
1677 421 1784 475 τῶν
1813 427 1833 484 1

1968 419 2087 475 159.
2122 417 2428 480 {fabescere
2466 431 2553 470 me
2576 413 2703 468 fecit
2728 427 2876 469 zelus
2903 426 3091 468 meus:
3125 411 3252 480 quia
3294 408 3446 467 obliti

212 519 391 588 λόγων
418 532 508 570 σου
544 518 593 570 οἱ
620 515 803 587 ἐχθροί
835 533 957 587 μου.

290 606 414 662 140.
440 606 843 679 Πεπυρωμένον
874 606 936 659 τὸ
978 606 1156 675 λόγιόν
1201 623 1293 658 σου
1341 607 1575 678 σφοδρα,
1627 623 1719 658 και

214 696 403 760 δοῦλός
428 712 521 749 σου
553 696 836 767 ἠγάπησεν
862 695 1013 749 αὑτό.

290 787 413 842 141.
444 786 725 859 Νεώτερος
749 786 858 855 ὲγώ
884 789 998 858 εἰμι
1026 786 1116 840 καὶ
1148 785 1584 858 ὲξουδενωμένος,
1618 785 1686 838 τὰ
1710 785 1786 839 δι-

214 874 511 946 καιώματά
544 892 636 927 σου
668 876 767 929 οὐκ
797 876 1160 946 ἐπελαθόμην.

290 966 413 1020 142.
453 967 517 1019 Ἦ
556 966 871 1037 δικαιοσύνη
903 984 994 1020 σου
1027 967 1340 1038 δικαιοσύνη
1371 969 1451 1032 εἰς
1474 967 1565 1024 τόν
1591 967 1783 1032 αίῶνα,

215 1056 313 1110 καὶ
332 1046 365 1111 ’ὁ
392 1056 554 1127 νόμος
581 1074 671 1110 σου
699 1057 943 1129 ἀλήθεια.

292 1149 413 1203 145.
456 1149 676 1219 Θλίψεις
721 1149 816 1205 καὶ
846 1151 1077 1220 ἀνάγκαι
1110 1150 1339 1222 εὖροσάν
1369 1168 1458 1223 με,
1492 1154 1547 1206 αἱ
1578 1151 1786 1206 ὲντολαί

214 1259 314 1295 σου
346 1241 545 1311 μελέτη
576 1260 702 1311 μου.

289 1326 414 1380 144.
447 1329 768 1402 Δικαιοσύνη
799 1330 868 1384 τὰ
904 1332 1175 1404 μαρτύριά
1222 1349 1313 1386 σου
1358 1333 1437 1396 εἰς
1464 1331 1556 1385 τὸν
1592 1331 1783 1395 αἰῶνα,

216 1418 497 1472 συνέτισόν
531 1437 619 1490 με,
656 1420 749 1474 καὶ
772 1420 1025 1493 ζήσομαι.

293 1508 413 1562 145.
446 1510 750 1582 Ἐκέκραξα
804 1514 861 1565 ὲν
915 1511 1011 1585 ὅλῃ
1055 1512 1250 1584 καρδίᾳ
1297 1529 1434 1583 μου,
1482 1511 1787 1567 ὲπάκουσόν

216 1616 346 1672 μου,
382 1599 576 1671 Κύριε,
602 1600 670 1654 τὰ
696 1601 1036 1668 δικαιώματα
1070 1621 1162 1657 σου
1187 1602 1490 1675 ὲκζητήσω.

288 1688 414 1743 146.
446 1690 752 1763 Ἐχέκραξά
775 1710 876 1759 σοι,
902 1693 1074 1749 σῶσόν
1093 1712 1181 1767 με,
1207 1695 1301 1749 καὶ
1324 1693 1542 1765 φυλάξω
1564 1691 1633 1748 τὰ
1655 1710 1788 1767 μαρ-

210 1777 380 1852 τύριᾶ
412 1797 526 1834 σου.

288 1870 411 1924 147.
444 1871 773 1943 Προέφθασα
804 1877 861 1929 ὲν
890 1876 1069 1948 ἀωρεα
1098 1874 1192 1931 καὶ
1227 1874 1520 1944 ἐκέκραξα,
1551 1878 1631 1942 εις
1659 1875 1787 1941 τοὺς

210 1962 410 2031 λόγους
437 1980 531 2018 σου
564 1966 859 2022 ὲπΰλπισα.

1887 519 2011 566 sunt
2037 508 2199 564 verba
2224 518 2316 562 tua
2341 506 2545 561 inimici
2573 506 2697 561 mei.

1962 599 2086 654 140.
2120 599 2353 670 Ignitum
2386 598 2660 665 eloquium
2687 605 2839 650 tuum
2873 598 3236 657 vehementer,
3265 603 3318 646 et
3334 606 3449 646 ser-

1888 707 1989 745 vus
2019 700 2144 746 tuus
2176 689 2363 744 dilexit
2393 688 2544 743 illud.

1961 781 2084 835 141.
2130 778 2593 834 Adolescentulus
2621 791 2740 832 sum
2770 790 2870 845 ego
2894 783 2948 830 et
2981 782 3341 843 contemptus,
3363 771 3453 840 ju-

1890 873 2246 930 stiﬁcationes
2269 881 2393 928 tuas
2420 886 2527 927 non
2566 885 2687 926 sum
2708 868 2928 924 oblitus.

1959 965 2086 1020 142.
2134 962 2355 1020 Justitia
2386 974 2498 1029 tua,
2521 961 2732 1034 justitia
2760 962 2815 1016 in
2844 969 3128 1024 aeternum,
3160 964 3215 1012 et
3238 956 3320 1009 lex
3358 964 3449 1011 tua

1887 1058 2102 1113 veritas.

1958 1147 2083 1202 145.
2114 1145 2421 1202 Tribulatio
2442 1153 2496 1200 et
2520 1144 2781 1216 angustia:
2811 1143 3131 1198 invenerunt
3157 1156 3261 1204 me,
3297 1155 3453 1195 man-

1888 1238 2014 1294 data
2047 1248 2140 1293 tua
2173 1237 2453 1293 meditatio
2489 1251 2609 1291 mea
2632 1243 2733 1291 est.

1958 1328 2085 1383 144.
2121 1327 2343 1384 Justitia
2385 1327 2695 1384 testimonia
2722 1335 2815 1381 tua
2859 1325 2916 1381 in
2962 1334 3246 1390 aeternum,
3294 1322 3451 1378 intel-

1888 1417 2093 1474 lectum
2121 1419 2189 1473 da
2219 1418 2375 1484 mihi,
2404 1427 2460 1475 et
2490 1420 2691 1473 vivam.

1960 1508 2085 1562 145.
2112 1506 2355 1563 Clamavi
2387 1509 2444 1563 in
2470 1517 2582 1565 toto
2612 1508 2775 1564 corde
2795 1522 2935 1575 meo,
2973 1508 3170 1566 exaudi
3208 1524 3313 1571 me,
3344 1494 3452 1562 Do-

1890 1598 2055 1661 mine,
2077 1597 2495 1667 iustiﬁcationes
2527 1607 2648 1654 tuas
2671 1600 2968 1670 requiram.

1960 1690 2085 1744 146.
2115 1689 2356 1745 Clamavi
2390 1691 2460 1746 ad
2490 1701 2562 1758 te,
2588 1691 2797 1747 salvum
2818 1706 2907 1748 me
2931 1691 3039 1756 t‘ac,
3071 1701 3125 1746 et
3151 1692 3450 1747 custodiam

1887 1783 2136 1837 mandata
2162 1791 2273 1837 tua.

1962 1872 2088 1928 147.
2119 1871 2361 1928 Praeveni
2388 1874 2443 1927 in
2481 1873 2815 1931 maturitate.
2843 1880 2898 1930 et
2932 1873 3200 1930 clamavi:
3233 1872 3363 1943 quia
3397 1873 3458 1930 in

1896 1964 2065 2022 verba
2094 1971 2188 2020 tua
2214 1965 2612 2037 supersperavi.

1349 2124 2334 2199 ATHANASIll-LINTERPRETATIO.

288 2264 411 2321 159.
449 2265 795 2338 Ἐμαράνθην
833 2266 952 2330 ὅλος
982 2266 1089 2323 ἀπὸ
1131 2265 1226 2322 τοῦ
1251 2266 1413 2340 ζήλου
1444 2285 1569 2340 περ.
1596 2282 1676 2332 σε,
1707 2266 1791 2320 ὅτι

94 2383 99 2388 “
212 2360 331 2430 ὁρῶ
368 2362 495 2424 τοὺς
540 2362 850 2432 αἱρετικοὺς
897 2359 1113 2416 ἐναντία
1157 2359 1266 2415 τῶν
1295 2361 1526 2432 Γραφῶν
1566 2377 1659 2413 σου
1692 2359 1788 2413 λα-

213 2452 413 2514 εόντας
445 2451 572 2522 περὶ
604 2452 701 2522 τῆς
731 2450 965 2516 πίστεώς
985 2470 1098 2507 σου.

292 2541 411 2596 140.
432 2542 645 2612 Ἐπειδὴ
677 2543 787 2615 πῦρ
816 2544 974 2609 αὐτὸς
1000 2543 1232 2615 ὑπάρχει
1254 2541 1589 2615 [ὑπάρχεις],
1627 2559 1794 2595 πεπυ-

217 2634 546 2705 ρακτωμένα
568 2635 664 2687 καὶ
691 2634 760 2688 τὰ
787 2634 943 2703 λόγιά
976 2636 1068 2688 σού
1100 2638 1204 2690 εισι
1232 2636 1368 2708 πρὸς
1390 2635 1451 2688 τδ
1477 2632 1790 2688 κατακαίειν

214 2724 372 2790 ξύλα,
408 2724 600 2796 χόρτον
623 2766 639 2791 ,
683 2724 930 2796 καλάμου
966 2725 1291 2798 [καλάμην]
1312 2767 1327 2790 ,
1378 2726 1618 2780 τουτέστι
1672 2726 1793 2788 ταῖς

215 2818 484 2887 πονηραῖς
504 2815 735 2887 πράξεσι
762 2816 883 2890 [τὰς
905 2836 1040 2889 πονη
1049 2819 1145 2890 ράς
1165 2816 1435 2891 πράξειςῙ.
1454 2820 1510 2871 Ὁ
1529 2817 1587 2871 δὲ
1611 2816 1793 2880 δοῦλός

216 2922 314 2959 σου
351 2906 609 2978 ὑπάρχων
637 2908 825 2979 ἀγαπᾷ
851 2908 912 2961 τὸ
942 2908 1119 2977 λόγιόν
1153 2925 1269 2970 σου,
1319 2909 1504 2979 ἐπειδὴ
1537 2925 1795 2980 πεπυρω-

219 2994 382 3065 μένον
417 2994 675 3067 ὑπάρχων
706 2996 1059 3068 καταφθείρει
1088 2996 1186 3061 τὰς
1212 2995 1452 3060 ἀκάνθας
1476 2994 1570 3050 τοῦ
1601 2995 1735 3067 βίου.

1960 2264 2081 2320 159.
2114 2261 2367 2318 Emarcui
2397 2271 2545 2318 totus
2591 2259 2661 2315 ob
2697 2259 2871 2314 zelum
2908 2273 3036 2328 erga
3073 2266 3145 2322 te,
3195 2256 3452 2327 quoniam

1887 2355 2048 2411 video
2099 2355 2384 2411 haereticos
2434 2352 2709 2409 contraria
2772 2350 2897 2406 ﬁdei
2946 2360 3052 2406 tua:
3094 2358 3373 2405 sumentes
3423 2364 3456 2406 ο

1889 2446 2186 2517 Scripturis
2214 2445 2347 2501 tuis.

1967 2537 2090 2592 140.
2119 2536 2391 2604 Quoniam
2416 2534 2559 2606 ignis
2585 2549 2703 2605 ipse
2738 2548 2820 2599 es,
2847 2541 2901 2588 et
2927 2532 3089 2604 ignita
3124 2532 3337 2601 eloquia
3363 2540 3456 2585 tua

1894 2639 2021 2685 sunt
2046 2629 2113 2684 ad
2164 2627 2592 2683 comburendum
2640 2625 2806 2695 ligna,
2858 2623 3064 2690 fenum,
3109 2623 3364 2694 stipulam
3387 2623 3454 2687 ⁸⁸,

1894 2719 1999 2774 boc
2027 2726 2113 2774 est
2141 2717 2418 2788 improbas
2448 2716 2710 2771 actiones.
2759 2712 2862 2780 Qui
2898 2721 3075 2766 autem
3106 2725 3298 2767 servus
3330 2719 3459 2765 tuus

1892 2819 1997 2875 est,
2036 2810 2210 2880 diligit
2250 2808 2528 2878 eloquium
2565 2817 2740 2873 tuum,
2766 2805 3053 2875 quoniam,
3074 2819 3197 2859 cum
3228 2803 3454 2873 ignitum

1894 2899 1984 2965 sit,
2020 2899 2143 2954 vitae
2177 2899 2361 2969 spinas
2389 2896 2677 2952 comburit.

288 3085 412 3141 141.
447 3056 599 3155 Ἐγῶ
634 3086 728 3142 νῦν
775 3056 1027 3161 ἠρξάμην
1070 3056 1180 3143 τοῦ⁷
1203 3056 1524 3160 ὲπιστρέιιμαι
1558 3056 1695 3160 πρὸς
1733 3060 1833 3142 σὲ⁴

1969 3075 2092 3129 141.
2143 3072 2256 3145 Ego
2297 3088 2440 3128 nunc
2472 3071 2609 3142 coepi
2653 3082 2967 3127 convertere
3017 3083 3103 3122 me
3147 3082 3175 3121 a
3226 3063 3465 3136 peccatis

215 3177 327 3232 ἀπὸ
352 3177 464 3231 τῶν
492 3178 776 3250 ἁμαρτιῶν
802 3198 925 3251 μου,
950 3181 1045 3234 καὶ
1075 3181 1273 3244 πάντες
1305 3181 1502 3244 ὄνειδός
1537 3197 1603 3251 με
1642 3178 1793 3251 ἔχου·-

218 3286 304 3322 σιν
332 3269 410 3332 ὡς
439 3269 759 3341 ἀμαρτωλόν
780 3287 791 3299 ·
837 3254 948 3341 ἐςγῶ
977 3271 1033 3325 δὲ
1065 3269 1452 3342 ὀνειδιζόμενος
1489 3272 1579 3324 ὑπ’
1614 3270 1792 3324 αὐτῶν

216 3360 287 3413 τά
320 3359 667 3432 δικαιώματᾶ
699 3379 790 3415 σου
821 3362 1134 3432 ἐφύλαττον.

289 3452 413 3506 142.
449 3453 511 3507 Ὀ
540 3453 709 3508 ποιῶν
749 3454 846 3527 τὴν
877 3447 1218 3525 δικαιοσύνην
1272 3455 1481 3519 δίκαιός
1526 3457 1672 3509 ἐστιν
1714 3456 1791 3519 εἰς

216 3543 310 3597 τὸν
337 3545 530 3607 αἰῶνα,
561 3546 656 3598 καί
687 3545 863 3600 πάντα
891 3546 990 3599 ὅσα
1014 3546 1324 3617 ὲπηγγείλω
1351 3547 1480 3619 περὶ
1513 3546 1622 3603 τῶν
1667 3547 1794 3620 μελ-

216 3636 419 3690 λόντων
444 3636 665 3706 ἀγαθῶν
691 3636 918 3709 ἁλήθειά
948 3640 1115 3691 ἐστιν.

289 3728 413 3782 145.
443 3729 678 3792 Ἔνδεια,
702 3730 795 3782 καὶ
825 3729 1063 3800 διωγμὸς
1082 3727 1308 3803 εὖροσάν
1333 3746 1423 3801 με,
1453 3727 1564 3798 ἐγὼ
1600 3729 1658 3783 δὲ
1691 3730 1794 3783 ὐπ-

1893 3168 2032 3223 meis
2072 3168 2138 3223 ad
2188 3176 2259 3230 te,
2293 3175 2347 3221 et
2393 3179 2584 3221 omnes
2615 3178 2703 3219 me
2748 3160 3041 3234 opprobrio
3072 3160 3293 3223 habent,
3335 3167 3454 3212 tmt-

1892 3274 2058 3330 quam
2091 3267 2432 3329 peccatorem
2460 3274 2475 3323 ;
2509 3268 2610 3326 ego
2636 3262 2818 3309 autem
2846 3251 3205 3323 opprobratns
3226 3249 3295 3304 ab
3325 3249 3475 3320 ipsis

1886 3350 2310 3421 justiﬁcationes
2342 3357 2467 3404 tuas
2499 3347 2788 3403 custodivi.

1965 3441 2090 3497 142.
2116 3440 2344 3496 Faciens
2377 3440 2645 3510 justitiam
2676 3439 2862 3508 justus
2890 3446 2972 3492 est
3003 3436 3057 3490 in
3091 3444 3378 3498 aeternum,
3407 3444 3469 3486 et

1891 3547 1954 3588 ea
1999 3532 2203 3596 omnia,
2237 3546 2359 3603 quae
2384 3532 2450 3585 de
2489 3530 2727 3585 venturis
2775 3528 2933 3583 bonis
2971 3525 3291 3596 promisisti,
3322 3527 3458 3579 veri-

1889 3630 1973 3677 tas
2002 3628 2151 3676 sunt.

1963 3711 2086 3765 145.
2141 3709 2441 3782 indigentia
2499 3717 2554 3764 et
2612 3704 2920 3778 perseeutio
2968 3710 3291 3760 invenerunt
3350 3719 3460 3768 me,

216 3818 576 3889 ιμνησκόμην
602 3820 698 3889 (α),
722 3821 804 3873 ὅτι
832 3795 1448 3893 περιεῖπαςδΜακάριοι
1471 3795 1525 3875 οι
1547 3819 1794 3875 πεινῶν-

1959 3819 1993 3859 ο
2026 3813 2209 3858 autem
2244 3800 2560 3858 recordatus
2589 3816 2732 3865 sum,
2762 3801 3033 3871 quoniam'
3054 3797 3238 3853 dixisti
3264 3815 3277 3850 :
3309 3795 3460 3850 Beati

216 3926 320 3974 τες
344 3905 470 3980 [καὶ
510 3906 804 3977 διψῶντες
831 3890 949 3977 τὴν
984 3907 1401 3980 δικαιοσύνην]
1419 3949 1434 3973 ,
1473 3908 1573 3962 καὶ
1604 3907 1796 3978 μακά-

1958 3896 1986 3949 :i
2014 3895 2259 3949 esuriunt
2289 3891 2361 3967 [et
2382 3893 2572 3947 sitiunt
2593 3890 2905 3963 iustitiam],
2934 3901 2982 3944 et
3012 3891 3150 3945 beati
3169 3890 3313 3954 estis,
3344 3901 3460 3942 cum

208 3977 529 4069 ,οισι-ἐστε,
563 3999 710 4053 ὅταν
742 4001 1124 4056 ὀνειδίσωσιν
1154 3977 1332 4072 ὑμᾶς,
1360 3977 1458 4056 καὶ
1481 4001 1754 4067 διώξωσι.

1958 3984 2270 4038 aledixerint
2302 3983 2466 4049 vobis,
2497 3991 2546 4036 et
2572 3981 2829 4053 persecuti
2856 3995 2943 4036 vos
2975 3977 3251 4048 fuerint".

292 4089 415 4143 144.
449 4092 771 4165 Δικαιοσύνη
805 4096 921 4148 ἐστὶ
951 4097 1020 4151 τὰ
1054 4067 1329 4169 μαρτύριά
1357 4113 1451 4150 σου
1482 4098 1575 4150 καὶ
1603 4096 1794 4159 εἰςτὸν

1968 4077 2092 4132 144.
2127 4075 2347 4132 iustitia
2383 4084 2513 4131 sunt
2537 4073 2844 4131 testimonia
2877 4080 2989 4138 tua,
3022 4079 3079 4125 et
3102 4070 3156 4122 in
3186 4067 3460 4139 prasenti,

217 4184 337 4249 νῦν,
367 4186 463 4239 καὶ
497 4188 577 4250 εἰς
605 4162 865 4257 μέλλοντα
896 4162 1087 4243 αἰῶνα·
1122 4162 1397 4242 συνέτισόν
1427 4205 1495 4258 με
1517 4188 1675 4252 αὐτὰ,
1700 4187 1797 4241 καὶ
1896 4180 1950 4225 ει
1980 4170 2035 4224 in
2069 4169 2254 4224 ἶυῐιιΐο
2289 4168 2511 4235 εωευιο,
2562 4167 2649 4224 fac
2684 4174 2745 4222 ut
2801 4179 2862 4221 ea
2913 4162 3231 4233 intelligam,
3264 4169 3318 4214 et
3365 4174 3462 4229 per

218 4274 462 4347 ζήσομαι
493 4276 561 4330 δι’
590 4276 791 4331 αὐτῶν.

1958 4276 2015 4315 sa
2042 4259 2241 4313 vivam.

291 4340 418 4420 145.
451 4365 645 4438 Κύριε,
694 4366 1120 4439 μακροθύμησον
1157 4365 1243 4421 ἐπ’
1283 4365 1435 4436 ἐμοὶ,
1486 4367 1580 4418 καὶ
1623 4365 1833 4439 ’πάντα1

1974 4351 2098 4405 145.
2143 4348 2393 4414 Domine,
2443 4348 2711 4418 patienter
2754 4360 2968 4400 mecum
3011 4356 3132 4405 age.
3181 4350 3234 4395 et
3284 4340 3463 4394 omnia

219 4473 307 4509 σοι
362 4432 662 4510 ἀποδώσων·
695 4432 979 4527 επιέλέψω
1012 4432 1139 4530 ’γὰρ
1172 4459 1252 4521 εἰς
1284 4432 1384 4520 τάς
1418 4456 1639 4527 Γραφάς
1678 4473 1795 4519 σου,
1824 4432 1833 4458 1

1960 4442 2121 4496 ddam
2167 4439 2313 4493 tibi:
2360 4438 2646 4508 respiciam
2675 4436 2820 4491 enim
2869 4436 2924 4490 in
2966 4432 3277 4503 Scripturas
3320 4438 3463 4492 tuas,

217 4548 315 4601 καὶ
350 4547 444 4599 ἐπὶ
476 4546 675 4616 γνῶσιν
709 4547 761 4601 τί
800 4522 919 4619 [καί
955 4522 1241 4616 ἐπέγνωκα
1278 4543 1354 4620 τι]
1378 4522 1479 4600 οὐκ
1505 4522 1800 4618 ὲιιτλήρωσα

1985 4545 2312 4600 cognoscam
2370 4529 2498 4600 quid
2558 4545 2668 4584 non
2714 4527 2930 4597 implevi
2961 4525 3018 4580 in
3058 4524 3211 4595 ipsis,
3261 4531 3316 4578 et
3363 4522 3467 4576 hov.

217 4639 280 4690 ιν
302 4637 516 4699 αὐταῖς,
545 4639 637 4690 καὶ
659 4636 818 4691 τοῦτὸ
845 4655 925 4691 σοι
961 4635 1363 4708 άποπληρώσω.

1958 4622 1993 4677 ›ἱ
2020 4621 2346 4690 adimplebo.

291 4726 415 4779 146.
448 4727 540 4780 Ἐν
567 4727 728 4800 ὀδύνῃ
749 4728 850 4797 τῆς
877 4727 1102 4800 καρδίας
1137 4704 1239 4800 μου
1279 4727 1415 4801 πρὸς
1455 4728 1516 4781 σέ
1536 4742 1550 4757 ·
1582 4726 1797 4796 βεσυθι-

1974 4711 2097 4766 146.
2134 4710 2375 4766 Clamavi
2407 4711 2462 4763 in
2519 4709 2705 4763 dolore
2749 4708 2930 4763 cordis
2962 4708 3067 4762 mei
3100 4705 3165 4761 ad
3198 4713 3286 4772 te;
3334 4704 3467 4757 sub—

220 4818 420 4887 σμένον
445 4818 574 4871 ὄντα
614 4792 828 4891 με
862 4792 964 4890 τῆς
1000 4792 1276 4891 ἁμαρτίας
1310 4792 1505 4883 σῶσον,
1546 4792 1622 4881 ῶς
1660 4816 1797 4871 ἔσω-

1959 4818 2143 4857 ersum
2185 4817 2275 4856 me
2314 4816 2344 4855 a
2381 4809 2602 4870 peccato
2650 4799 2822 4863 salva,
2872 4795 3330 4868 quemadmodum
3363 4792 3470 4847 sal-

218 4886 323 4972 σας
382 4910 472 4962 τὸν
506 4886 711 4982 Πέτρον
751 4913 808 4963 ἐν
846 4886 928 4981 τῶ
962 4886 1188 4964 κλύδωνι
1238 4911 1336 4983 τῆς
1370 4909 1679 4979 θαλάσσης,
1710 4908 1803 4960 καὶ

1958 4895 2039 4949 ιειί
2092 4893 2313 4948 Petrum
2344 4893 2401 4946 iu
2445 4890 2615 4946 ﬂuctu
2659 4892 2849 4958 maris,
2901 4899 2955 4945 et
3007 4903 3114 4943 non
3167 4886 3466 4953 relinquam

218 5000 324 5051 οὐκ
365 4999 432 5051 ἂν
472 4998 616 5053 ἐάσω
644 5000 711 5053 τὰ
743 4999 1018 5074 μαρτύριά
1048 5018 1165 5057 σου.
1902 4985 2215 5071 ῑεεῑίῐηοηίέι
2246 4993 2359 5038 ‘03-

292 5089 419 5144 147.
468 5091 554 5155 Ὧς
585 5090 803 5163 ἑώρακα
824 5094 1201 5164 ἡσυχάζουσαν
1228 5092 1326 5163 τὴν
1356 5091 1535 5162 ψυχήν
1569 5108 1670 5161 μου
1694 5090 1802 5143 ἀπὸ

217 5181 330 5234 τῶν
351 5183 683 5253 ὲνοχλουσῶν
710 5184 899 5256 αὐτὴν,
922 5184 1374 5256 ὲξωμολογούμην
1398 5201 1479 5236 σοι
1501 5183 1599 5247 τάς
1626 5168 1807 5253 ἁμαρ-Δ

216 5276 344 5339 τίας
377 5293 501 5347 μου·
539 5277 745 5347 ἤλπισα
784 5278 893 5347 γὰρ
936 5279 1017 5340 εἰς
1059 5278 1186 5339 τοὺς
1222 5276 1414 5344 λόγους
1453 5293 1568 5338 σου,
1610 5275 1690 5327 ὅτι
1726 5270 1794 5344 ἧς

217 5365 461 5438 εἰρηκώς
481 5382 496 5397 ·
526 5367 702 5421 Δεῦτε
734 5369 883 5435 πρός
904 5383 981 5436 με
1007 5364 1229 5430 πάντες
1260 5367 1314 5417 οἱ
1341 5363 1666 5429 κοπιῶντες
1694 5364 1791 5416 καὶ

218 5456 708 5526 πεφορτισμένοι,
746 5456 907 5527 κάγὼ
935 5458 1266 5511 ἀναπαύσω
1300 5453 1471 5525 ὑμᾶς.

1972 5078 2095 5133 147.
2124 5066 2201 5132 ὐι
2232 5076 2341 5130 vidi
2372 5076 2609 5130 animam
2652 5089 2827 5127 meam
2863 5072 3231 5142 quiescentem
3268 5080 3299 5120 a
3347 5079 3468 5134 per-

1901 5171 2251 5227 turbantibus
2284 5184 2427 5233 eam,
2455 5166 2741 5223 confessus
2779 5182 2899 5220 sum
2937 5164 3031 5219 tibi
3076 5168 3296 5233 peccata
3323 5171 3464 5217 mea;

1906 5266 2116 5337 speravi
2149 5264 2293 5318 enim
2326 5264 2379 5316 in
2420 5261 2764 5316 sermonibus
2798 5258 2926 5322 tuis.
2964 5255 3221 5326 quoniam
3244 5250 3463 5307 dixisti:

1914 5357 2095 5411 Venite
2130 5355 2197 5407 ad
2244 5369 2344 5418 me,
2382 5368 2557 5405 omnes
2580 5350 2670 5419 qui
2704 5348 2959 5402 laboratis
2992 5355 3043 5399 et
3087 5343 3289 5398 onerati
3318 5339 3467 5401 estis.

1898 5462 1950 5506 et
1980 5467 2073 5520 ego
2114 5448 2346 5516 reﬁciam
2376 5460 2462 5498 vos
2486 5443 2551 5496 “.

296 5568 386 5623 “I
420 5568 547 5625 Cor.
587 5585 670 5634 Ill,
709 5570 794 5624 12.
875 5572 920 5601 ⁵⁸
947 5568 1136 5626 Matth.
1178 5587 1233 5637 ν,
1266 5568 1445 5635 6,,11.
1529 5566 1784 5623 “Matth.
1822 5583 1833 5622 1

1958 5564 2022 5619 18.

302 5683 380 5754 (α)
422 5682 563 5752 Lege
595 5684 1108 5755 ύπεμιμνησκόμην,
1150 5681 1337 5752 ὅτιπερ
1368 5677 1546 5745 εἴπας,
1592 5688 1649 5735 ιιι
1690 5680 1793 5735 col.
1832 5703 1833 5707 η

1958 5677 1988 5741 τ,
2025 5673 2089 5730 N.
2127 5672 2245 5726 tot.
