3706 6412
268 341 406 399 1205
1110 344 1167 400 S.
1210 343 1581 403 ATHANASII
1621 347 1769 403 OPP.
1813 346 1991 404 PARS
2028 348 2118 404 Ill.
2158 378 2227 388 —-
2263 348 2673 406 EXEGETICA.
3369 352 3490 406 19.οἇ

344 460 469 515 148.
502 458 884 517 Prevenerunt
932 461 1075 517 oculi
1105 462 1209 518 mei
1270 464 1337 519 ad
1368 473 1420 520 te
1469 465 1742 534 diluculo,
1777 484 1807 522 u

2027 467 2136 521 148.
2176 468 2530 539 Προέφθασαν
2554 470 2611 521 οῖ
2630 466 2905 539 ὀφθαλμοί
2918 468 3175 554 μοιεψπρος
3191 468 3389 551 όρθρον
3411 469 3490 524 τοῦ

271 550 565 605 meditarer
592 551 807 621 eloquia
838 559 950 605 tua.

1950 560 2177 631 μελετᾷν
2202 560 2270 613 τὰ
2294 560 2445 629 λόγιά
2478 577 2591 615 σου.
3122 551 3138 557 ’

345 641 468 697 149.
493 641 691 701 Vocem
721 657 896 695 meam
926 642 1051 696 audi
1082 644 1381 697 secundum
1411 644 1808 699 misericordiam

2031 651 2140 705 M9.
2163 651 2273 721 Τῆς
2296 653 2478 722 φωνῆς
2509 670 2608 723 μου
2641 654 2888 716 ἄκουσον,
2913 655 3102 725 Κύριε,
3126 652 3264 706 κατὰ
3286 653 3346 706 τὸ
3366 654 3494 718 ἔλεός

274 747 444 798 tnam,
474 733 723 800 Domine,
765 732 861 805 [et]
894 734 1193 789 secundum
1227 735 1493 805 judicium
1522 746 1673 791 tuum
1704 755 1732 791 v

1657 753 1673 790 ι
1704 738 1840 791 vivi-
1952 758 2067 804 σου,
2102 740 2243 813 [καὶ]
2268 742 2410 796 κατά
2435 743 2495 795 τὸ
2523 743 2695 814 κρῖμά
2725 761 2816 797 σου
2842 743 3000 815 ζῆσόν
3035 762 3120 815 με.

274 826 374 881 tica
391 840 499 879 me.

346 915 471 971 150.
503 914 1088 985 Appropinquaverunt
1119 926 1507 987 persequentes
1532 933 1617 973 me
1640 920 1809 990 iniqui

2031 918 2142 972 I50.
2168 920 2548 989 Προσήγγισαν
2567 920 2615 972 οἱ
2635 920 3056 984 καταδιώκοντές
3080 939 3146 993 με
3167 922 3385 993 ἀνομίᾳ,
3401 922 3494 975 ἀπό

277 1009 392 1074 tati,
431 1024 461 1062 a
489 1009 606 1076 lege
632 1017 813 1062 autem
850 1016 941 1063 tua
974 1009 1132 1079 longe
1158 1008 1286 1063 facti
1320 1019 1467 1062 sunt.

1441 1020 1467 1062 ξ.
1947 1010 2002 1063 δὲ
2032 1009 2124 1063 τοῦ
2148 1010 2311 1081 νόμον
2344 1027 2437 1063 σου
2469 1011 2904 1083 ἐμακρύνθησαν.

345 1099 471 1152 151.
501 1096 678 1169 Prope
706 1113 766 1154 es
795 1107 874 1166 tu,
906 1098 1155 1165 Domine,
1189 1109 1244 1155 et
1281 1116 1472 1155 omnes
1497 1100 1598 1153 viae
1630 1108 1734 1154 tua:
1762 1115 1808 1153 rt

2031 1101 2145 1156 151.
2182 1102 2383 1170 Ἐγγὺς
2413 1098 2463 1154 εἴ
2494 1104 2580 1168 σὺ,
2614 1103 2820 1175 Κύριε,
2854 1106 2947 1159 καὶ
2980 1107 3145 1159 πᾶσαι
3176 1107 3233 1159 αἱ
3276 1106 3382 1158 ὁδοί
3414 1123 3494 1159 σου

274 1190 427 1244 ritas.

1943 1191 2186 1262 ἀλήθεια.

346 1281 469 1335 152.
504 1280 661 1336 Initio
695 1281 922 1352 cognovi
949 1280 1017 1337 de
1052 1282 1381 1337 testimoniis
1428 1281 1540 1335 tuis
1563 1321 1577 1344 ,
1609 1280 1738 1349 quia
1787 1279 1809 1332 i1

2038 1280 2141 1334 52.
2177 1282 2311 1334 Κατ’
2335 1282 2508 1353 ἀρχὰς
2537 1282 2706 1352 ἔγνων
2728 1286 2792 1338 ἐκ
2827 1285 2931 1339 τῶν
2962 1287 3272 1358 μαρτυρίων
3296 1305 3408 1353 σου,
3425 1289 3501 1343 ὅτε

274 1378 536 1425 aeternum
572 1370 811 1427 fundasti
853 1388 937 1427 ea.

1945 1377 2024 1437 είς
2054 1374 2145 1427 τὸν
2178 1374 2349 1427 αίώνα
2383 1374 2747 1446 ἐθεμελίωσας
2771 1377 2924 1431 αὐτά.

348 1460 470 1515 155,
511 1460 645 1517 Vide
668 1462 1026 1517 humilitatem
1058 1478 1232 1519 meam
1254 1502 1270 1527 ,
1306 1471 1360 1518 et
1392 1462 1539 1532 eripe
1567 1477 1683 1529 me,
1716 1461 1811 1531 qui

2052 1465 2136 1520 55.
2176 1467 2285 1518 Ἴδε
2319 1465 2418 1537 τὴν
2448 1466 2773 1520 ταπείνωσιν
2813 1485 2935 1540 μου,
2970 1467 3063 1522 καὶ
3089 1466 3271 1532 ἐξελοῦ
3304 1486 3393 1539 με,
3427 1468 3502 1521 ὅτι

275 1549 445 1620 legem
479 1561 629 1605 tuam
664 1566 774 1606 non
809 1567 930 1607 sum
965 1552 1187 1607 oblitus.

1945 1558 2039 1612 τοῦ
2072 1558 2236 1629 νόμου
2264 1575 2356 1611 σου
2386 1559 2483 1611 οὐκ
2514 1559 2870 1630 ἐπελαθόμην.

346 1641 473 1696 151.
503 1641 695 1697 Judica
718 1643 982 1711 judicium
1009 1648 1215 1706 meum,
1244 1652 1299 1697 et
1325 1643 1528 1698 redime
1557 1657 1644 1696 me
1675 1660 1700 1695 :-
1720 1655 1809 1711 pro

2040 1649 2139 1702 54.
2171 1650 2372 1721 Κρῑνον
2397 1649 2494 1719 τὴν
2516 1650 2695 1720 κρίσιν
2726 1666 2849 1720 μου,
2880 1651 2972 1705 καὶ
3003 1650 3279 1723 λότρωσαί
3311 1668 3396 1722 με,
3424 1651 3503 1705 διὰ

276 1743 394 1805 pter
420 1735 699 1803 eloquium
730 1745 881 1790 tuum
905 1736 1119 1790 viviﬁca
1146 1751 1251 1790 me.

1175 1751 1251 1790 ne.
1875 1805 1911 1811 Α
1945 1740 2034 1794 τὸν
2060 1739 2213 1808 λόγον
2240 1757 2331 1793 σου
2361 1737 2523 1811 ζῆσόν
2548 1757 2638 1811 με.

346 1826 472 1880 155.
507 1824 693 1896 Longe
727 1842 759 1880 a
789 1826 1167 1896 peccatoribus
1193 1824 1380 1896 salus},
1406 1824 1556 1894 'quia
1581 1823 1809 1893 justillca

2041 1805 2142 1887 55.
2174 1805 2905 1905 Μακράννάπδίἀμαρτωλῶν
2928 1833 3189 1905 σωτηρία,
3226 1835 3309 1888 ὅτι
3346 1834 3411 1887 τὰ
3433 1835 3504 1888 διο

279 1916 456 1971 tiones
487 1924 613 1972 tuas
644 1932 763 1972 non
785 1919 1181 1988 exquisierunt:

1945 1924 2236 1994 καιώματά
2263 1940 2355 1977 σου
2381 1924 2481 1977 οὐκ
2512 1923 2859 1995 ἐξεζήτησαν.

349 2005 471 2062 156.
503 2005 888 2063 Misericordiae
918 2016 1023 2061 tua:
1048 2007 1251 2073 multa,
1276 2004 1521 2065 Domine.
1551 2002 1812 2059 secundm

2040 2014 2139 2069 56.
2171 2016 2233 2067 Οἱ
2264 2013 2536 2086 οἰκτιρμοί
2568 2031 2660 2067 σου
2687 2013 2904 2079 πολλοὶ,
2923 2012 3115 2086 Κύριε,
3142 2013 3287 2068 κατά
3313 2014 3373 2073 τὸ
3398 2019 3503 2084 κρί-

272 2097 539 2165 judicium
577 2108 731 2154 tuum
760 2100 973 2154 vivilica
1010 2116 1113 2154 me.

1010 2116 1113 2154 me.
1949 2100 2025 2171 μά
2055 2117 2148 2153 σου
2175 2100 2341 2171 ζῆσόν
2371 2118 2457 2173 με.

351 2189 473 2244 157.
498 2189 648 2245 Multi
676 2191 770 2261 qui
800 2199 1199 2262 persequuntur
1224 2204 1332 2255 me,
1355 2199 1408 2244 et
1433 2188 1695 2244 tribulant
1717 2202 1805 2241 me

2037 2191 2144 2245 [57.
2180 2192 2372 2245 Πολλοὶ
2411 2193 2460 2245 ol
2489 2191 2838 2257 ἐκδιώκοντές
2868 2210 2954 2264 με,
2992 2192 3380 2257 xalO).l60v1é;
3406 2210 3500 2263 με·

278 2300 312 2339 a
339 2284 666 2341 testimoniis
693 2286 804 2342 tuis
831 2302 939 2342 non
972 2286 1264 2341 declinavi.

1951 2284 2015 2337 ἐκ
2034 2282 2144 2337 τῶν
2186 2283 2499 2355 μαρτυρίων
2530 2301 2623 2337 σου
2650 2285 2749 2338 οὐκ
2778 2284 3039 2352 ἐξέκλινα.

350 2377 473 2432 158.
501 2376 1082 2450 Vidiprazvaricautes,
1104 2386 1159 2433 et
1182 2377 1526 2434 tabescebam
1554 2394 1568 2430 :
1593 2375 1721 2446 quia
1740 2374 1813 2429 elc

2054 2373 2142 2428 58.
2167 2370 2318 2426 Εἶδον
2366 2374 2755 2438 ἀσυνετοῦντας
2776 2415 2791 2440 ,
2823 2376 2918 2429 καὶ
2941 2374 3276 2447 ἐξετηκόμην
3299 2415 3315 2439 ,
3340 2376 3419 2428 ὄπι
3447 2376 3507 2428 τά

277 2467 403 2537 quia
433 2475 525 2522 tua
551 2484 660 2523 non
692 2470 1089 2525 custodierunt.

1943 2464 2100 2534 λόγιά
2133 2483 2228 2519 σου
2265 2466 2363 2519 οὐκ
2386 2464 2734 2535 ἐφυλάξαντο.

350 2557 473 2613 159.
509 2557 642 2614 Vide
665 2599 681 2623 ,
710 2562 969 2630 quoniam
1002 2560 1257 2616 mandata
1287 2568 1381 2615 tua
1407 2560 1571 2614 dilexi
1608 2576 1622 2613 :
1660 2557 1813 2613 Domi

2051 2556 2137 2610 59.
2168 2556 2294 2619 Ἴδε,
2324 2557 2407 2611 ὅτι
2433 2556 2534 2620 τὰς
2561 2557 2781 2621 ἐντολάς
2800 2573 2892 2611 σου
2912 2558 3207 2629 ἡγάπησω
3236 2559 3427 2630 Κύριε,
3456 2560 3514 2611 ἐκ

280 2664 367 2717 ne,
399 2651 454 2705 in
482 2651 855 2709 misericordia
886 2653 1226 2708 tuavivitlca.
1247 2669 1356 2708 me.

1151 2669 1226 2708 ca.
1247 2669 1356 2708 me.
1941 2647 2020 2718 τῷ
2054 2647 2194 2701 ἐλέει
2229 2664 2321 2702 σου
2354 2647 2520 2719 ζῆσόν
2547 2666 2614 2720 με

1399 2802 1774 2863 ATHANASII
1821 2801 2401 2859 INTEBPRETATIO.

355 2961 476 3018 M8.
504 2962 876 3035 Vigilaverunt
896 2965 1040 3023 oculi
1067 2966 1247 3020 cordis
1272 2964 1377 3018 mei
1404 2963 1472 3017 ad
1499 2961 1739 3018 suaviter
1755 2975 1818 3015 ex

2056 2960 2139 3016 48.
2165 2959 2403 3031 Ἀνῆψαν
2422 2961 2472 3013 οἱ
2495 2960 2759 3033 ὀφθαλμοὶ
2776 2962 2876 3033 τῆς
2895 2962 3121 3035 καρδίας
3144 2979 3248 3034 μου
3270 2964 3333 3016 τὸ
3351 2962 3519 3033 ἡδέως

281 3053 585 3123 cipiendam
614 3056 791 3110 lucem
826 3055 1230 3126 Seripturarum
1262 3063 1503 3110 tuarum.

1946 3048 2201 3115 δέξασθαι
2234 3050 2294 3103 τὸ
2323 3051 2437 3119 φῶς
2469 3050 2577 3103 τῶν
2609 3051 2838 3123 Γραφῶν
2879 3069 2992 3106 σου.

354 3144 480 3200 149.
506 3144 664 3201 Sicut
679 3147 946 3203 immensa
967 3159 1051 3203 est
1071 3148 1443 3203 misericordia
1467 3156 1578 3215 tua,
1594 3148 1669 3203 ita
1685 3164 1817 3203 exau

2050 3140 2141 3195 #9.
2174 3140 2370 3205 Καθὼς
2412 3142 2715 3214 ἁμέτρητόν
2757 3145 2873 3195 ἐστι
2902 3143 2964 3195 τὺ
2994 3141 3139 3205 ἔλεός
3183 3159 3278 3195 σου
3303 3182 3318 3207 ,
3350 3140 3511 3203 οὕτως

282 3236 337 3290 di
357 3251 466 3301 me,
483 3247 537 3291 et
562 3237 863 3292 secundum
886 3238 1217 3293 voluntatem
1235 3245 1384 3292 tuam
1408 3239 1481 3293 ita
1504 3239 1716 3294 viviﬁca
1741 3257 1745 3293 1

1947 3232 2177 3286 ἄκουσόν
2212 3250 2336 3304 μου,
2362 3234 2665 3307 καὶκαθὼς
2692 3235 2885 3300 θέλεις,
2910 3234 3083 3297 οὕτως
3112 3236 3277 3306 ζῆσόν
3305 3254 3393 3306 με.

354 3327 479 3381 150.
527 3328 838 3383 Attulerunt
889 3328 1211 3385 adversaria:
1246 3339 1541 3400 potestates
1575 3331 1817 3399 improba

2058 3322 2146 3379 50.
2176 3323 2521 3396 Προσέφερον
2569 3328 2624 3380 al
2655 3325 2891 3379 ἐναντίαι
2930 3325 3188 3395 δυνάμεις
3229 3325 3515 3393 ἐπιθυμίας

285 3415 600 3484 cupiditates
617 3435 632 3484 ;
649 3425 709 3471 ut
724 3433 852 3472 vero
868 3419 1118 3474 viderunt
1138 3420 1191 3474 in
1213 3436 1298 3476 me
1316 3421 1663 3477 exsistentetu
1680 3422 1748 3493 leg

2052 3415 2194 3487 ηράς
2213 3432 2227 3445 ·
2277 3416 2406 3469 ὡσεὶ
2441 3414 2538 3488 [ὡς
2568 3416 2647 3489 δὲ]
2676 3413 2812 3471 εἶδον
2850 3419 2908 3469 ἐν
2940 3418 3060 3488 ἐμοὶ
3087 3417 3215 3472 ὄντα
3247 3418 3337 3473 τὸν
3361 3418 3515 3487 νόμον

283 3517 457 3576 tuam,
491 3508 898 3579 disparuerunt.

1954 3524 2068 3570 σου.
2097 3508 2319 3576 ἀφανεῖς
2351 3508 2613 3575 ἐγένοντο.

358 3601 479 3656 151.
505 3601 679 3673 Prope
707 3617 768 3658 es
793 3612 848 3657 tu
871 3645 887 3667 ,
918 3601 1177 3667 Domine,
1210 3605 1512 3661 volentibus
1546 3606 1614 3660 ad
1644 3614 1697 3660 te
1722 3622 1821 3662 con

2063 3598 2144 3651 5i.
2174 3598 2407 3667 Πλησίον
2435 3594 2485 3651 εἴ
2504 3599 2589 3661 σὺ,
2615 3598 2804 3669 Κύριε,
2832 3598 2939 3650 τῶν
2958 3596 3218 3651 θελόντων
3240 3596 3526 3669 νίι-ιροσιρεύ-⁴

287 3690 510 3763 fugere,
540 3705 593 3749 et
618 3695 803 3750 omnia
841 3694 1097 3750 mandata
1136 3705 1229 3751 tua
1260 3712 1371 3750 non
1402 3706 1529 3753 sunt
1556 3714 1750 3754 oneros

2053 3704 2068 3739 ιο
2102 3703 2201 3750 σοι,
2236 3688 2329 3739 καὶ
2360 3688 2528 3740 πᾶσαι
2557 3688 2613 3740 αἱ
2650 3686 2856 3751 ἐντολαί
2885 3703 2977 3739 σου
3012 3688 3112 3740 οὐκ
3155 3687 3263 3739 εἰσὶ
3290 3686 3516 3757 βαρεῖαι.

360 3784 485 3840 152.
512 3786 594 3842 Ab
646 3787 809 3849 initio
837 3788 1071 3857 cognovi
1105 3803 1136 3842 e
1176 3786 1474 3858 Scripturis
1506 3790 1616 3847 tuis
1641 3830 1658 3854 .
1707 3807 1823 3861 quo.

2060 3778 2147 3831 52.
2181 3777 2272 3844 Ἐξ
2300 3779 2476 3849 ἀρχῆς
2507 3777 2820 3848 συνετίσθην
2855 3778 2920 3830 ἐκ
2959 3777 3067 3830 τῶν
3118 3777 3353 3848 Γραφῶν
3405 3793 3514 3835 σου.

289 3876 487 3931 invicta
517 3876 926 3952 [immutabilia]
955 3888 1083 3935 sunt
1102 3880 1353 3935 mandata
1386 3891 1500 3936 tua.

1953 3870 2035 3923 ὅτι
2064 3871 2296 3940 ἀνίκητὰ
2324 3868 2598 3941 [ἀκίνητά]
2625 3871 2729 3921 εἱσι
2754 3868 2821 3921 τὰ
2849 3868 3247 3940 προστάγματὰ
3269 3885 3382 3921 σου.

356 3970 480 4025 155.
510 3971 1000 4041 Recordare,quod
1018 3981 1160 4027 terra
1188 3981 1242 4027 et
1265 3973 1444 4042 pulvis
1471 3989 1612 4041 sum,
1636 3975 1819 4045 eterip

2061 3960 2147 4014 55.
2172 3959 2476 4030 Μνήσθητι,
2495 3961 2576 4012 ὅτι
2594 3959 2665 4028 γῆ
2692 3959 2785 4011 καὶ
2812 3959 3003 4021 σποδός
3029 3960 3165 4028 εἰμι,
3192 3959 3288 4011 καὶ
3315 3955 3516 4021 ἐξελοῦ‹

284 4077 373 4117 me
400 4061 470 4116 ab
501 4063 830 4118 adversariis
854 4063 1234 4132 potestatibus.
1256 4065 1516 4132 quoniam
1540 4064 1747 4120 indesin

2079 4049 2285 4121 [ἐξελοῦ
2314 4049 2405 4122 με]
2435 4052 2498 4102 ἐκ
2526 4050 2633 4102 τῶν
2659 4049 2914 4103 ἐναντίων
2934 4047 3242 4119 δυνάμεων,
3266 4050 3348 4101 ὅτι
3374 4064 3520 4118 μεριε

286 4163 369 4209 ter
398 4154 664 4210 sollicitus
706 4171 850 4217 sum,
886 4155 1164 4224 quomodo
1196 4157 1443 4225 impleam
1478 4158 1647 4228 legem
1683 4167 1749 4212 tu:

2054 4143 2073 4195 3
2107 4142 2465 4205 ἀδιαλείπτως
2504 4142 2563 4195 τὸ
2597 4142 2715 4205 πῶς
2747 4142 3018 4215 πληρώσω
3049 4142 3141 4194 τὸν
3193 4142 3359 4212 νόμον
3412 4156 3517 4192 σου.

355 4245 935 4315 l54.Quandoquidem
959 4244 1143 4314 justus
1168 4245 1337 4315 judex
1360 4247 1598 4317 emisistis,
1627 4264 1714 4302 me
1748 4249 1818 4301 ini

2059 4234 2145 4287 54.
2164 4234 2250 4297 Ὠς
2269 4234 2638 4305 δικαιοκρίτης
2656 4234 2937 4305 ὑπάρχεις,
2957 4232 3307 4302 ἁδικούμενόν
3335 4248 3399 4301 με
3424 4228 3522 4281 ὐπὸ

283 4352 391 4406 que
413 4352 732 4407 oppressum
757 4350 788 4388 a
813 4333 1152 4389 daemonibus
1177 4335 1344 4390 libera
1365 4375 1380 4401 ,
1409 4345 1463 4390 et
1484 4350 1735 4390 sermone

2058 4327 2353 4397 ’δαιμόνων
2382 4326 2672 4398 λύτρωσαι,
2703 4327 2795 4378 καὶ
2819 4325 2906 4379 διὰ
2936 4325 3026 4379 τὸν
3047 4324 3205 4393 λόγον
3236 4340 3331 4377 σου
3357 4322 3521 4375 amo;

283 4428 492 4483 viviﬁca
523 4444 627 4484 me.

1958 4437 2024 4490 με
2060 4420 2248 4493 [ζῆσόν
2281 4418 2392 4491 με].

352 4520 478 4575 155.
503 4519 773 4587 Quoniam
794 4518 981 4575 dixisti
1008 4517 1208 4574 :Nemo
1230 4526 1465 4573 vestrum
1495 4518 1679 4588 inique
1700 4526 1815 4588 agat

2062 4514 2153 4567 55.
2171 4514 2292 4565 Ὀτι
2316 4508 2502 4575 εἶπαςο
2535 4510 2699 4564 Οὐδὲν
2730 4508 2949 4581 [οὐδεὶς]
2975 4508 3128 4579 ὑμῶν
3156 4508 3217 4560 οὐ
3246 4508 3320 4578 μὴ
3345 4505 3522 4573 ἀδικήτ-

283 4612 444 4666 morti
465 4612 646 4667 traditi
676 4620 805 4666 sunt
830 4620 1149 4681 peccatores
1172 4653 1187 4675 ,
1220 4611 1345 4681 quia
1379 4621 1702 4681 respuerunt
1728 4627 1746 4681 ι

2086 4604 2520 4675 τεθανατωμένοι
2547 4603 2682 4655 εἰσὶν
2706 4603 2755 4654 οἱ
2780 4599 3107 4673 ἁμαρτωλοὶ,
3135 4599 3218 4652 ὅτι
3240 4597 3338 4668 τὴν
3362 4598 3533 4662 ἐπαγο.

284 4703 602 4758 missionem
625 4704 750 4758 vita:
779 4711 1039 4757 venturae.

1904 4687 1931 4741 δ
1956 4700 2148 4769 γελίαν-
2171 4698 2275 4767 τῆς
2300 4697 2447 4766 ζωῆς
2484 4696 2584 4765 τῆς
2620 4694 2917 4766 μελλούσης
2948 4694 3048 4746 οὐκ
3077 4692 3367 4761 ἠθέλησαν.

355 4794 478 4851 156.
511 4792 648 4849 Novi
682 4795 980 4849 immensas
1016 4810 1136 4849 esse
1166 4793 1544 4849 miserationes
1574 4802 1698 4848 tuas
1718 4832 1733 4858 ,
1765 4808 1818 4849 se

2061 4788 2148 4843 56.
2181 4783 2311 4841 υἷδα
2350 4788 2431 4841 ὅτι
2452 4785 2749 4860 ἀμέτρητοί
2768 4787 2903 4838 εἰσιν
2936 4784 2987 4836 οἱ
3011 4781 3284 4853 οἰκτιρμοί
3312 4797 3423 4844 σου,
3452 4775 3523 4837 ὡς

284 4888 524 4941 cundum
557 4887 892 4942 voluntatem
930 4896 1078 4941 tuam
1114 4885 1325 4939 vivihca
1361 4899 1466 4937 me.

993 4901 1078 4938 am
1114 4885 1325 4939 vivihca
1361 4899 1466 4937 me.
1956 4880 2147 4944 θέλεις,
2179 4879 2339 4951 ζῆσόν
2371 4896 2456 4950 με.

355 4977 479 5031 157.
508 4978 811 5033 Contraria:
852 4984 1165 5047 potestates.
1218 4975 1353 5030 Nam
1385 4976 1702 5031 recordatus
1734 4992 1818 5030 sur

2064 4972 2149 5026 57.
2172 4975 2237 5025 Al
2257 4969 2789 5040 ἐναντίαιδυνάμεις.
2836 4970 3194 5040 Ἐμεμνήμην
3214 4968 3323 5039 γὰρ
3352 4963 3524 5018 εἰπόν⁴

285 5073 338 5121 te
356 5067 591 5123 dixisse:
612 5067 680 5122 In
701 5069 963 5137 patientia
980 5066 1308 5137 possidebitis
1333 5068 1539 5120 animas
1560 5076 1748 5121 vestrm

2071 5081 2163 5118 σου
2184 5080 2199 5094 ⁸
2247 5064 2341 5116 Ἐν
2357 5060 2635 5133 ὑπομονῇ
2657 5060 2964 5126 κτήσασθε
2982 5062 3087 5125 τὰς
3112 5060 3319 5128 ψυχὰς
3340 5053 3518 5126 ὑμῶν»

283 5164 339 5211 et
366 5175 379 5209 :
406 5154 509 5222 Qui
532 5159 842 5212 sustinuerit
866 5159 923 5212 in
951 5158 1107 5227 ﬁnem
1129 5197 1145 5223 ,
1177 5158 1261 5211 hic
1293 5157 1468 5211 salvus
1493 5159 1592 5212 erit
1615 5158 1680 5211 ⁸⁸.

1955 5156 2053 5209 καὶ
2077 5159 2109 5210 ὀ
2138 5156 2464 5224 ὑπομείνας
2482 5157 2567 5219 εὶς
2594 5152 2771 5219 τέλος
2799 5149 2975 5217 οὗτος
3005 5151 3358 5216 σωθήσεται.

357 5248 477 5302 158.
510 5248 804 5305 Observavi
836 5258 1144 5318 pereuntes,
1172 5259 1225 5303 et
1259 5264 1369 5319 pra:
1404 5250 1754 5305 tribulatione
1779 5257 1820 5303 ta

2061 5248 2457 5318 58.,Προσεῖχον
2478 5246 2603 5308 τοὺς
2622 5244 2823 5298 ἀπολλυ
2831 5242 3397 5314 μένουςιέξετηκόμην
3418 5234 3523 5289 ἀπὸ

289 5339 599 5401 hescebam,
632 5341 760 5411 quia
790 5340 1058 5395 voluntati
1091 5349 1195 5395 tua:
1232 5342 1577 5396 resistebant.

1957 5338 2058 5407 τῆς
2092 5338 2344 5408 θλίψεως,
2371 5339 2450 5390 ὅτι
2478 5336 2557 5407 τῷ
2591 5335 2889 5406 βουλήματί
2924 5351 3020 5392 σου,
3047 5332 3382 5385 ἀνθίσταντο.

359 5428 482 5484 159.
505 5427 610 5496 Qui
661 5430 909 5483 omnium
957 5428 1123 5484 corda
1164 5430 1376 5495 noscis,
1442 5430 1641 5485 novisti
1694 5443 1822 5484 suav

2065 5431 2153 5485 59.
2190 5428 2612 5501 Καρδιογνὼστα
2646 5428 2884 5490 πάντων,
2912 5422 3078 5487 οἶδας,
3112 5425 3193 5477 ὃτι
3232 5423 3399 5494 ἡδέως
3422 5419 3526 5488 ἔχω

287 5520 419 5575 mihi
460 5538 582 5577 esse
618 5520 845 5590 implere
880 5529 1145 5591 praecepta
1178 5530 1291 5586 tua,
1323 5521 1571 5587 Domine,
1598 5522 1750 5577 miser

2064 5523 2244 5595 ⁵ρῶσαι
2300 5523 2397 5584 τὰς
2428 5520 2645 5582 ἐντολάς
2678 5537 2771 5573 σου
2796 5562 2811 5586 ,
2842 5518 3046 5589 Κύριε*
3083 5516 3251 5569 ἐλεῶν
3280 5532 3347 5587 με
3369 5552 3385 5579 ,
3438 5509 3527 5563 καὶ

287 5611 414 5677 mei,
434 5621 490 5668 et
515 5612 786 5682 adjuvans
813 5627 899 5666 me
927 5612 1142 5667 viviﬁca
1171 5627 1257 5667 me
1282 5613 1456 5682 gratia
1488 5624 1603 5667 tua.

1963 5615 2173 5687 βοηθῶν
2212 5632 2300 5684 με,
2335 5613 2501 5685 ζῆσόν
2533 5630 2600 5685 με
2625 5612 2715 5668 διὰ
2738 5613 2834 5684 τῆς
2864 5611 3082 5687 χάριτός
3108 5626 3221 5666 σου.

366 5725 410 5758 ⁸⁷
434 5725 564 5780 Luc.
604 5741 716 5788 XXI,
754 5724 842 5779 19.
947 5725 992 5756 ⁸⁸
1020 5723 1184 5779 Marc.
1223 5740 1319 5778 xm
1344 5765 1358 5791 ,
1401 5725 1484 5782 l5.

3093 5834 3133 5850 κ
