3706 6410
239 265 369 324 1166

1059 262 1147 317 DE
1188 259 1463 316 TlTULlS
1505 258 1953 316 PSALMORUH.
1991 292 2059 302 -
2094 260 2291 317 PSAL.
2339 262 2591 318 CXVI"-

298 382 414 439 160.
433 380 601 451 Ἀρχὴ
620 378 726 432 τῶν
746 377 916 447 λόγων
934 394 1024 431 σου
1042 377 1283 448 ἀλήθεια,
1303 379 1395 431 καὶ
1416 380 1492 441 είς
1510 378 1599 431 τὸν
1621 376 1790 431 αἰῶνα

1967 376 2086 431 160.
2120 376 2454 447 Principium
2482 377 2777 433 verborum
2815 388 3036 433 tuorum
3074 378 3295 446 veritas,
3328 390 3383 438 et
3414 383 3466 437 iu

233 474 400 527 πάντα
431 470 500 523 τὰ
528 468 771 541 κρίματα
797 469 895 538 τῆς
921 468 1267 538 δικαιοσύνης
1303 486 1415 522 σου.

296 560 414 616 161.
442 562 733 631 ’Ἄρχοντες
753 559 1091 626 κατεδίωξάν
1106 577 1175 630 με
1196 559 1422 629 δωρεάν,
1444 559 1538 613 καὶ⁵
1559 559 1668 613 ἀπὸ
1686 560 1798 614 τῶν

228 653 393 721 λόγων
425 668 520 705 σου
554 650 848 704 ὲδειλίασεν
874 651 906 721 ἡ
935 651 1129 722 καρδία
1164 668 1286 721 μου.

292 743 413 797 162.
447 742 874 812 Ἀγαλλιάσομαι
905 740 1015 812 ἐγὼ
1047 743 1139 796 ἐπὶ
1169 742 1238 796 τὰ
1277 741 1432 811 λόγιά
1472 760 1564 796 σου
1593 782 1609 808 ,
1659 742 1734 806 ὼς
1767 743 1796 797 ὁ

223 835 492 908 εὑρίσκων
523 834 693 887 σκῦλα
727 832 914 887 πολλά.

291 926 410 981 163.
441 924 681 979 Ἀδικίαν
698 926 959 997 ἐμίσησα,
976 925 1069 980 καὶ
1091 924 1459 996 ἐϐδελυξάμην
1477 943 1491 957 ·
1514 926 1605 979 τὸν
1633 924 1689 978 δὲ
1708 924 1794 978 νό-

226 1031 319 1085 μον
352 1032 444 1068 σου
472 1014 754 1085 ἠγάπησα.

289 1104 409 1159 164.
438 1106 701 1169 Ἑπτάκις
717 1106 816 1177 τῆς
838 1105 1051 1178 ἡμέρας
1073 1106 1241 1177 ⁴ᾔνεσά
1269 1124 1327 1160 σε
1351 1106 1443 1159 ἐπὶ
1462 1106 1529 1161 τά
1549 1108 1791 1178 κρίματα

219 1195 315 1266 τῆς
341 1195 683 1268 δικαιοσύνης
713 1214 828 1251 σου.

287 1286 406 1341 165.
431 1288 637 1360 Εἰρήνη
663 1288 829 1360 πολλὴ
850 1292 961 1353 τοῖς
981 1289 1232 1359 ἀγαπῶσι
1255 1290 1344 1343 τὸν
1367 1288 1533 1360 νόμον
1554 1306 1668 1357 σου,
1694 1290 1789 1344 καὶ

218 1382 313 1434 οὐκ
349 1380 497 1434 ἔστιν
531 1382 715 1445 αὐτοῖς
749 1380 1062 1435 σκάνδαλον.

286 1470 408 1526 166.
444 1472 794 1542 Προσεδόκων
820 1473 882 1526 τὸ
910 1472 1176 1544 σωτήριόν
1211 1489 1328 1537 σου,
1353 1471 1546 1542 Κύριε,
1569 1472 1664 1526 καὶ
1687 1472 1787 1534 τάς

217 1560 428 1623 1ντολάς
462 1577 557 1613 σου
592 1561 876 1633 ἠγάπησα.

282 1650 404 1707 167.
439 1651 737 1723 Ἐφύλαξεν
765 1655 798 1724 ἡ
824 1652 970 1724 ψυχή
1001 1670 1102 1723 μου
1132 1652 1202 1706 τὰ
1236 1650 1511 1724 μαρτύριά
1540 1667 1654 1718 σου,
1690 1651 1785 1704 καὶ

216 1741 492 1813 ἠγάπησεν
523 1743 663 1798 αύτά
690 1744 915 1815 σφόδρα.

281 1833 404 1890 168.
435 1833 707 1904 Ἐφύλαξα
734 1834 832 1898 τάς
864 1834 1083 1898 ἐντολάς
1116 1852 1211 1889 σου
1256 1835 1350 1889 καὶ
1391 1833 1462 1887 τά
1514 1831 1789 1904 μαρτύριά

214 1942 322 1977 σου·
358 1926 439 1979 ὅτι
468 1927 641 1980 πᾶσαι
673 1929 727 1980 αἱ
752 1926 859 1980 ὁδοί
893 1944 994 1998 μου
1018 1927 1271 1981 ἐναντίον
1303 1943 1419 1991 σου,
1451 1925 1643 1998 Κύριε.

280 2015 400 2073 169.
434 2018 745 2088 Ἐγγισάτω
775 2020 808 2090 ή
840 2018 1023 2089 δέησίς
1051 2036 1154 2091 μου
1186 2017 1415 2081 ἐνώπιόν
1437 2034 1529 2071 σου
1550 2056 1564 2081 ,
1588 2015 1783 2088 Κύριε,

214 2105 347 2160 κατά
373 2107 435 2161 τὸ
463 2107 643 2177 λόγιόν
677 2126 769 2163 σου
798 2108 1071 2163 συνέτισόν
1106 2125 1193 2181 με.

1902 475 2173 529 aeternum
2193 466 2373 520 omnia
2401 465 2609 535 judicia
2636 463 2862 534 justitize
2883 472 3010 519 tuae.

1973 556 2094 610 161.
2123 555 2405 627 Principes
2437 557 2707 626 persecuti
2732 564 2867 611 sunt
2889 570 2977 610 me
3004 556 3194 626 gratis,
3223 565 3279 612 et
3300 570 3334 612 ι
3356 572 3452 613 ver

1898 649 1983 704 bis
2011 650 2119 703 tuis
2156 648 2466 703 formidavit
2492 663 2589 703 cor
2611 663 2811 702 meum.

1967 741 2088 794 162.
2122 739 2367 795 Laetabur
2390 755 2490 810 ego
2514 754 2678 810 super
2699 739 2914 809 eloquia
2942 748 3034 795 tua
3053 779 3069 806 ,
3106 740 3247 795 sicut
3267 738 3362 810 qui
3388 737 3464 792 ln-

1894 832 2042 885 venit
2072 830 2243 899 spolia
2275 830 2465 884 multa.

1964 915 2087 985 165.
2113 915 2459 987 lniquitalem
2482 918 2609 972 odio
2631 916 2819 985 habui,
2849 926 2901 973 et
2930 917 3274 972 abominatus
3298 932 3459 973 sum:

1890 1005 2062 1076 legem
2103 1006 2281 1060 autem
2324 1016 2472 1062 tuam
2504 1009 2689 1063 dilexi.

1962 1098 2086 1153 164.
2123 1100 2333 1170 Septies
2362 1100 2419 1154 in
2450 1100 2538 1156 die
2571 1101 2787 1155 laudem
2821 1099 2932 1157 dixi
2963 1099 3096 1165 tibi,
3129 1114 3291 1170 super
3315 1099 3462 1169 judi-

1889 1190 1972 1246 cia
2002 1191 2227 1260 justitia:
2258 1206 2386 1246 tuae.

1960 1282 2083 1337 165.
2121 1281 2234 1337 Pax
2271 1283 2443 1337 multa
2478 1281 2832 1353 diligentibus
2862 1281 3034 1353 legem
3060 1288 3235 1348 tuam,
3264 1288 3318 1335 et
3349 1295 3458 1335 non

1887 1381 1972 1429 est
1999 1374 2107 1429 illis
2130 1375 2468 1430 scandalum.

1958 1465 2078 1520 l66.
2102 1466 2495 1536 Exspectabam
2506 1465 2743 1523 salutare
2766 1473 2940 1529 tuum,
2962 1463 3217 1530 Domine,
3231 1471 3284 1518 et
3304 1478 3457 1518 man-

1885 1555 2009 1609 data
2048 1564 2139 1609 tua
2167 1556 2351 1611 dilexi.

1958 1645 2083 1703 167.
2108 1645 2413 1701 Custodivit
2440 1646 2623 1700 anima
2652 1660 2773 1700 mea
2800 1644 3113 1700 testimonia
3144 1653 3259 1711 tua,
3292 1650 3347 1698 et
3373 1639 3458 1697 d3-

1814 1722 1859 1780 Β
1887 1737 2018 1791 lexit
2048 1752 2111 1791 ea
2144 1736 2513 1791 vehementer.

1954 1827 2079 1883 168.
2105 1828 2331 1883 Servavi
2355 1826 2612 1882 mandata
2638 1834 2733 1881 tua
2752 1833 2808 1880 et
2834 1823 3145 1881 testimonia
3171 1831 3262 1879 tua
3287 1841 3300 1877 :
3324 1824 3453 1894 quia

1882 1933 2073 1974 omnes
2101 1919 2204 1974 via:
2233 1934 2369 1975 mea:
2398 1919 2453 1973 in
2483 1927 2779 1989 conspectu
2818 1927 2946 1985 tuo,
2984 1915 3235 1971 Domine.

1953 2009 2079 2065 169.
2130 2010 2542 2080 Appropinquet
2572 2008 2883 2080 deprecatio
2922 2022 3044 2064 mea
3072 2006 3129 2062 in
3157 2011 3451 2075 conspectu

1881 2111 1997 2169 tuo,
2042 2101 2291 2172 Domine,
2317 2101 2477 2173 juxta
2507 2100 2786 2173 eloquium
2819 2110 2972 2156 tuum
3011 2099 3081 2155 da
3109 2097 3244 2155 mihi
3295 2094 3454 2152 intel-

1881 2195 2101 2250 lectum.

1327 2324 1705 2380 ATHANASII
1753 2324 2338 2383 INTERPRETATIO.

281 2432 400 2487 160.
420 2433 590 2506 Ἀρχὴ
607 2433 716 2488 τῶν
738 2436 1173 2506 προσταγμάτων
1196 2453 1288 2489 σου
1310 2436 1372 2489 τὸ
1398 2434 1670 2489 πιστεύειν
1700 2437 1781 2499 είς

1952 2436 2083 2494 160.
2114 2438 2332 2493 Initium
2364 2438 2747 2493 mandatorum
2778 2446 2997 2491 tuorum
3036 2433 3255 2490 credere
3286 2433 3340 2488 in
3375 2442 3448 2500 te,

213 2524 289 2589 οὶ,
323 2524 418 2577 καὶ
443 2525 501 2577 ὲν
528 2523 607 2595 τῷ
640 2524 885 2596 μέλλοντι
912 2526 1065 2581 αίῶνι
1099 2526 1352 2591 ἀπόδοσις
1379 2526 1609 2581 ἑκάστου
1642 2526 1783 2581 κατά

1964 2528 2018 2582 in
2054 2537 2282 2584 venturo
2321 2527 2519 2583 saeculo
2552 2526 2968 2582 retributionem
3009 2524 3205 2596 cuique
3252 2540 3449 2581 secun-

213 2621 277 2673 τὰ
300 2619 436 2689 ἔργα
469 2619 659 2675 αὐτοῦ.

280 2705 399 2761 161.
422 2708 487 2759 Ai
508 2708 745 2761 ἐναντίαι
766 2708 1024 2780 δυνάμεις
1042 2705 1204 2781 ἦλθον
1218 2709 1469 2779 κατέχειν
1489 2726 1557 2780 με
1578 2709 1656 2773 εἰς
1681 2726 1784 2779 μα-

212 2797 463 2869 ταιότητα
493 2800 868 2871 ματαιοτήτων
888 2841 902 2866 ,
933 2800 1030 2855 καὶ
1055 2799 1409 2871 ἐπιμνησθεὶς
1433 2802 1533 2870 τῆς
1558 2799 1777 2853 αἰωνίου

211 2890 438 2962 κρίσεως
470 2890 711 2963 ὲφοὸήθη
740 2894 773 2963 ἠ
804 2891 1000 2963 καρδία
1036 2909 1135 2963 μου
1170 2887 1308 2945 εἶναι
1344 2892 1441 2946 σὺν
1466 2891 1668 2954 αὐτοῖς.

275 2980 399 3036 162.
429 2980 616 3044 Οὕτως
638 2982 814 3052 χαίρω
834 2984 914 3046 είς
941 2982 1009 3037 τά
1033 2982 1193 3052 λόγιά
1217 3000 1333 3048 σου,
1364 2983 1438 3049 ὡς
1461 2984 1490 3036 ὁ
1509 2983 1777 3054 εὑρίσκων

210 3070 476 3143 θησαυρὸν
505 3070 835 3143 ἀμέτρητον.

274 3161 396 3217 163.
430 3162 619 3215 Πᾶσαν
646 3163 918 3237 ἁμαρτίαν
946 3166 1186 3237 ἐμίσησα
1205 3205 1220 3229 ,
1256 3165 1350 3219 καὶ
1384 3163 1775 3237 βδελύσσομαιο

209 3253 264 3306 τὸ
304 3252 361 3305 δὲ
390 3253 614 3324 ἀγαπᾷν
657 3271 717 3307 σε
770 3254 981 3309 καὶτὸν
1014 3255 1259 3327 πλησίον,
1292 3257 1437 3329 χαρά
1473 3257 1573 3328 μού
1609 3261 1777 3314 ἐστιν.

274 3342 398 3397 164.
428 3343 502 3396 To
531 3346 630 3415 μὲν
657 3345 869 3418 πρῶτον
890 3363 906 3377 ⁸
940 3347 1233 3412 ἀπαύστως
1261 3348 1431 3420 ᾔνεσά
1464 3366 1566 3413 σοι,
1602 3351 1783 3403 ἐπιτε-

208 3435 281 3489 λῶ
315 3435 601 3509 διεγείρων
629 3439 837 3511 ἀγαθὴν
866 3440 965 3510 τὴν
995 3440 1341 3511 δικαιοσύνην
1372 3458 1465 3497 σου
1486 3459 1500 3473 ⁸
1534 3445 1630 3497 καὶ
1657 3444 1779 3497 ὲτέ-

208 3545 316 3598 ρως
340 3529 398 3581 δὲ
431 3530 594 3584 πάλιν
624 3533 856 3584 νοεῖται·
889 3531 970 3584 ὅτι
1002 3532 1091 3585 διὰ
1121 3532 1227 3585 τῶν
1254 3532 1394 3587 ὲπτά
1430 3536 1781 3606 χαρισμάτων

208 3616 298 3671 τοῦ
339 3620 520 3689 φωτός
558 3636 653 3674 σου
680 3620 790 3674 τῶν
824 3622 1012 3686 ἐντοῖς
1050 3623 1432 3696 προστάγμασι
1454 3626 1551 3696 τῆς
1575 3626 1782 3681 δικαιο-

210 3709 374 3781 σύνης
402 3727 497 3765 σου
527 3711 696 3782 ᾖνεσά
728 3730 786 3765 σε
810 3711 957 3785 ἔργῳ
987 3714 1082 3767 καὶ
1108 3714 1267 3785 λόγῳ.

282 3800 401 3855 165.
433 3799 500 3856 Oi
531 3802 693 3856 πόθον
716 3803 930 3874 ἔχοντες
966 3804 1250 3875 πληρῶσαι
1288 3805 1380 3860 τὸν
1408 3807 1571 3877 νόμον
1596 3823 1690 3860 σου
1717 3808 1778 3860 ού

210 3891 571 3963 πολεμοῦνται
612 3895 918 3960 ὑπό-τινος,
953 3895 1073 3949 ούδέ
1113 3898 1257 3950 ἐστιν
1287 3898 1344 3950 ὲν
1380 3898 1560 3962 αὐτοῖς
1593 3896 1781 3950 ἐπιθυ-

214 3984 311 4051 μία
332 4001 421 4048 τις
450 3985 662 4057 πονηρά
678 4002 692 4016 ’
730 3986 943 4056 ἔχοντες
967 3989 1075 4063 γὰρ
1104 3991 1161 4043 ἐν
1192 3993 1402 4055 ἑαυτοῖς
1422 3990 1519 4062 τὴν
1543 3991 1783 4064 ἀμέτρη-

208 4091 297 4129 τον
324 4074 488 4148 χάριν
516 4094 633 4143 σου,
658 4077 726 4149 ἢν
747 4080 1059 4151 ἠγάπησας,
1087 4081 1362 4154 βοηθοῦσι,
1390 4084 1483 4137 καὶ
1507 4083 1784 4138 διδάσκου-

210 4183 291 4220 σιν
320 4166 541 4232 αὐτούς.

1877 2619 2006 2674 dum
2038 2635 2199 2690 opera
2230 2618 2369 2688 ejus.

1951 2707 2075 2761 161.
2094 2706 2397 2762 Contraria:
2423 2712 2724 2776 potestates
2752 2713 3038 2769 venerunt,
3068 2715 3128 2761 ut
3147 2706 3450 2762 detinerent

1887 2816 1975 2856 me
2009 2801 2065 2856 in
2097 2801 2334 2857 vanitate
2363 2802 2658 2856 vanitatum
2685 2842 2700 2866 ,
2730 2809 2782 2855 et
2812 2801 3125 2856 recordatus
3155 2802 3341 2856 aeterni
3364 2799 3449 2870 ju-

1886 2893 2015 2949 dicii
2043 2893 2292 2948 extimuit
2323 2909 2417 2949 cor
2443 2909 2625 2949 meum
2662 2908 2785 2949 esse
2821 2909 2944 2948 cum
2977 2893 3132 2962 ipsis.

1957 2982 2077 3037 162.
2099 2982 2175 3038 Ita
2201 2984 2409 3055 gaudeo
2439 2985 2493 3039 in
2521 2985 2756 3057 eloquiis
2782 2985 2913 3049 tuis,
2932 2984 3076 3040 sicut
3098 2982 3193 3054 qui
3221 2983 3451 3037 immen-

1884 3090 2003 3130 sum
2036 3076 2353 3129 thesaurum
2379 3075 2606 3130 invenit.

1927 3162 2075 3244 ⁸165.
2096 3162 2234 3218 Odio
2262 3164 2448 3231 habui,
2475 3176 2529 3219 et
2548 3164 2835 3219 abominor
2854 3179 3016 3220 omne
3035 3170 3316 3234 peccatum
3336 3179 3351 3230 ;
3374 3162 3451 3217 di-

1883 3254 2048 3326 ligere
2076 3264 2257 3310 autem
2284 3265 2337 3311 te
2366 3263 2420 3310 et
2453 3257 2795 3326 proximum,
2830 3256 3088 3327 gaudium
3125 3269 3303 3309 meum
3345 3263 3446 3310 est.

1954 3345 2078 3402 161.
2133 3347 2377 3403 Primum
2427 3350 2647 3419 quidem
2684 3367 2698 3404 :
2731 3349 3070 3404 incessanter
3119 3345 3333 3402 laudavi
3379 3354 3449 3411 te,

1881 3453 2083 3509 perago
2126 3441 2371 3495 excitans
2412 3440 2684 3509 justitiam
2721 3449 2868 3495 tuam
2897 3440 3097 3494 bonam
3128 3458 3145 3494 ς
3173 3439 3331 3492 aliter
3355 3451 3454 3490 au-

1884 3538 1992 3585 tem
2032 3531 2193 3585 etiam
2228 3531 2547 3603 intelligitur
2572 3550 2585 3586 :
2609 3532 2754 3600 quod
2789 3547 2887 3603 per
2919 3541 3120 3601 septem
3172 3530 3308 3585 lucis
3348 3539 3454 3583 tua:

1883 3619 2049 3685 dona,
2081 3637 2203 3690 qua:
2233 3620 2287 3674 in
2312 3623 2595 3691 praeceptis
2618 3622 2845 3692 j'ustitize
2878 3630 2983 3675 tuae
3010 3629 3156 3683 sunt,
3185 3634 3367 3688 opere,
3399 3627 3454 3675 et

1884 3710 2050 3764 verbo
2076 3710 2290 3763 laudavi
2325 3719 2395 3764 te.

1956 3800 2077 3855 165.
2110 3800 2213 3867 Qui
2238 3800 2548 3855 desiderant
2569 3800 2795 3869 implere
2821 3800 2995 3869 legem
3022 3808 3193 3860 tuam,
3224 3812 3256 3852 a
3279 3795 3455 3850 nemi-

1883 3902 1951 3943 ne
1980 3888 2367 3957 impugnantur
2387 3928 2403 3953 ,
2434 3901 2611 3957 neque
2639 3897 2724 3942 est
2756 3888 2810 3941 in
2839 3887 2973 3957 ipsis
3001 3885 3181 3955 aliqua
3208 3882 3454 3954 improba

1885 3980 2152 4051 cupiditas
2178 4000 2194 4036 :
2218 3982 2478 4037 habentes
2497 3980 2640 4035 enim
2667 3980 2722 4035 in
2745 3981 2940 4051 seipsis
2961 3980 3283 4035 immensam
3303 3986 3452 4033 tuam

1885 4074 2139 4145 gratiam.
2169 4089 2337 4144 quam
2374 4072 2614 4129 dilexisti
2642 4112 2657 4139 ,
2692 4073 2993 4144 adjuvant,
3023 4081 3075 4128 et
3103 4072 3301 4127 docent
3334 4084 3450 4125 eos.

279 4257 407 4312 166.
442 4258 777 4313 ’Δπέὸλεπον
807 4263 887 4325 είς
906 4262 1003 4334 τὴν
1033 4263 1249 4317 αἰώνιον
1280 4262 1445 4337 ζωὴν,
1480 4265 1667 4339 Κύριε,
1690 4267 1787 4321 καὶ

1961 4271 2081 4325 166.
2116 4268 2347 4355 Respexi
2381 4268 2435 4324 in
2458 4277 2717 4323 :eternam
2749 4254 3212 4330 vitam,'Domine,
3241 4273 3295 4320 et
3322 4279 3453 4334 pro-

209 4346 296 4401 διὰ
325 4347 485 4402 τοῦτο
520 4350 665 4422 ειπερ
696 4352 1036 4423 πῳσέταξάς
1073 4372 1183 4425 μοι,
1210 4354 1381 4426 ἡδέως
1408 4351 1572 4426 εἶχον.

160 4506 161 4509 η
280 4438 403 4494 167.
426 4441 720 4513 Μέμνηται
738 4443 823 4495 ἀεὶ
843 4443 953 4497 τῶν
974 4444 1315 4515 παθημάτων
1333 4459 1424 4499 σου
1446 4450 1479 4518 ἡ
1495 4448 1639 4520 ψυχή
1663 4465 1785 4518 μου,

210 4531 303 4583 καὶ
333 4531 633 4602 ἐγκείμενά
661 4533 806 4587 ἐστιν
839 4536 925 4588 ἀεὶ
955 4535 1044 4589 διὰ
1070 4536 1170 4607 τῆς
1202 4538 1420 4609 μνήμης
1448 4539 1528 4603 είς
1558 4540 1663 4611 τὴν.
1682 4539 1790 4593 διά-

209 4639 357 4677 νοιαν
379 4626 551 4695 αὐτῆς
576 4627 736 4680 πάνυ.

281 4713 406 4769 168.
446 4715 725 4783 Ἐφύλαξα
761 4719 820 4772 ὲν
856 4720 1080 4791 ἐμαυτῷ
1119 4723 1259 4794 ὅπερ
1282 4724 1645 4795 -προσὲταξάς
1675 4742 1789 4797 μοι,

211 4806 302 4857 καὶ
331 4805 732 4877 διεμαρτύρουν
764 4826 853 4879 μοι
880 4812 1080 4875 πάντες
1107 4814 1343 4885 σφόδρα,
1375 4813 1563 4887 ὥσπερ
1608 4817 1789 4870 ἐπιτε-

210 4894 314 4947 λῶν
342 4893 509 4968 [ὅπερ
535 4898 846 4971 ἐπετέλουν]
880 4901 1025 4972 ἔργῳ
1058 4904 1153 4957 καὶ
1183 4905 1345 4977 λόγῳ.

284 4984 406 5041 169.
430 4985 625 5049 Οὕτως
653 4989 899 5061 ίσχυράν,
926 4995 1018 5045 καὶ
1040 4993 1270 5067 δυνατὴν
1296 4996 1518 5067 ποίησον
1548 4999 1647 5068 τὴν
1669 4998 1786 5069 δέη-

211 5075 295 5127 σίν
334 5094 438 5145 μου
457 5117 472 5139 ,
514 5076 657 5131 ὥστε
689 5079 982 5151 δυνηθῆναι
1011 5086 1178 5157 αὐτὴν
1203 5087 1527 5142 ἀνελθοῦσαν
1564 5089 1789 5161 πλησίον

214 5181 307 5218 σου
340 5167 657 5238 εὑρεθῆναι.
701 5173 771 5223 Ἢ
806 5174 1001 5228 πάλινο
1030 5179 1202 5241 Αὐτὸς
1244 5181 1432 5233 ἑαυτὸν
1479 5180 1666 5244 κλίνας
1702 5182 1790 5235 διὰ

213 5254 312 5325 τῆς
344 5258 757 5331 φιλανθρωπίας
784 5263 1011 5333 πλησίον
1053 5268 1222 5338 αὐτῆς
1246 5270 1405 5337 γένου
1433 5268 1641 5342 [γενοῦ]
1661 5311 1675 5332 ,
1704 5271 1792 5325 ἵνα

213 5344 335 5400 οὔτε
358 5346 581 5421 [οὕτως]
610 5352 804 5423 ὲγγίσῃ
841 5371 965 5423 μου,
1004 5356 1098 5410 καὶ
1128 5357 1310 5423 καθὼς
1342 5354 1526 5426 εἶπας,
1548 5359 1788 5423 Αἰτεῖτε,

214 5437 313 5491 καὶ
352 5438 679 5508 δοθήσεται
711 5438 873 5511 ὑμῖν,
911 5446 1000 5509 δός
1034 5465 1123 5517 μοι
1153 5449 1462 5520 αἰτουμένῳ
1492 5450 1591 5520 τὴν
1632 5453 1792 5521 χάριν

213 5543 328 5592 σου,
363 5530 459 5584 καὶ⁸
486 5532 546 5582 ὲν
576 5532 716 5603 αὑτῇ
752 5536 1026 5590 συνέτισόν
1058 5555 1163 5607 με..

284 5645 327 5676 "
356 5645 548 5701 Matth.
582 5663 671 5713 vn,
708 5648 756 5703 7.

1891 4369 2071 4430 pterea
2103 4375 2225 4428 quae
2273 4359 2578 4429 praecepisti
2612 4358 2746 4412 mihi
2766 4399 2783 4424 ,
2832 4356 3021 4413 suavia
3050 4356 3183 4410 mihi
3212 4355 3451 4409 fuerunt.

1961 4448 2085 4502 167.
2111 4446 2409 4502 Recordata
2429 4456 2514 4501 est
2535 4462 2748 4517 semper
2767 4446 3081 4517 passionum
3104 4456 3318 4500 tuarum
3336 4445 3458 4499 aui-

1889 4553 1976 4592 ma
2008 4553 2150 4602 mea,
2166 4544 2219 4590 et
2244 4537 2618 4592 recordatione
2640 4552 2853 4607 semper
2874 4538 3051 4591 inﬁxae
3074 4544 3203 4592 sunt
3226 4537 3281 4590 in
3304 4550 3459 4590 men-

1888 4638 1941 4684 te
1972 4628 2091 4697 ejus
2115 4627 2290 4681 valde.

1892 4766 1895 4769 .
1966 4719 2088 4774 l68.
2120 4717 2403 4773 CuStodivi
2437 4717 2499 4771 in
2520 4732 2608 4773 me
2639 4733 2757 4788 ipso
2785 4718 2929 4788 quod
2961 4716 3261 4787 praecepisti
3301 4715 3457 4781 mihi,

1890 4817 1944 4862 et
1973 4807 2315 4862 testabantur
2337 4805 2473 4859 mihi
2496 4821 2689 4861 omnes
2715 4806 3081 4869 vehementer,
3122 4805 3268 4875 quod
3296 4819 3461 4874 opere

1890 4908 1945 4954 et
1975 4913 2225 4953 sermone
2256 4897 2620 4967 perﬁciebam.

1964 4989 2086 5045 169.
2115 4989 2192 5045 Ita
2221 4990 2459 5045 validam
2506 5006 2571 5045 ac
2600 4998 2873 5060 potentem
2900 4990 3065 5046 redde
3092 4989 3459 5059 precationem

1892 5097 2091 5146 meam,
2124 5090 2184 5137 ut
2210 5082 2457 5151 proxime
2484 5083 2552 5137 ad
2576 5091 2627 5136 te
2657 5083 2833 5137 valeat
2868 5083 2986 5151 ipsa
3018 5081 3320 5150 pervenire.
3354 5080 3463 5134 Aut

1893 5175 1999 5228 alio
2037 5180 2237 5231 modo:
2268 5176 2609 5230 humanitate
2668 5185 2721 5228 te
2769 5174 2946 5243 ipsum
2989 5172 3258 5228 inclinans
3292 5187 3463 5243 prope

1893 5282 2015 5320 eam
2043 5267 2141 5334 sis,
2174 5275 2236 5322 ut
2262 5266 2368 5322 hoc
2391 5268 2555 5321 modo
2584 5265 2717 5319 mihi
2743 5265 3164 5335 appropinques,
3191 5274 3245 5318 et
3272 5279 3464 5335 quem-

1897 5358 2190 5413 admodum
2244 5357 2430 5412 dixisti
2477 5375 2491 5411 :
2532 5355 2723 5420 Petita,
2779 5365 2826 5410 et
2880 5355 3096 5410 dabitur
3138 5355 3280 5411 vobis
3298 5357 3462 5424 ",da

1896 5449 2031 5504 mihi
2063 5450 2264 5520 petenti
2322 5449 2516 5504 ratiam
2544 5456 2716 5505 tuam.
2744 5459 2796 5502 ct
2821 5448 2875 5502 in
2912 5450 3029 5519 ipsa
3052 5448 3120 5505 da
3144 5449 3276 5505 mihi
3304 5448 3467 5504 intel-

1896 5542 2114 5597 lectum.

3332 267 3467 325 me
3548 342 3555 349 κ
