3706 6406
254 245 392 324 iam

1094 268 1152 321 S.
1194 265 1567 321 ATHANASII
1612 266 1763 319 UPP.
1806 264 1989 317 PARS
2028 264 2116 317 lll.
2154 295 2216 305 —-
2243 264 2660 324 EXEGETlCA.

3360 277 3500 335 12438

317 382 441 439 170.
472 381 640 439 Intret
668 384 963 455 postulatio
993 396 1109 439 mea
1143 384 1197 437 in
1226 394 1524 453 conspectu
1556 395 1669 449 tuo,
1710 384 1805 440 Do-

1994 384 2115 440 170.
2149 385 2394 440 Εἱσέλθοι
2430 387 2491 441 τὸ
2513 387 2731 459 ἀξίωμά
2761 404 2863 459 μου
2888 387 3116 443 ἐνώπιόν
3142 406 3237 442 σου
3257 430 3272 455 ,
3306 391 3500 464 Κύριε,

241 476 430 544 mine,
463 476 762 531 secundum
791 476 1067 545 eloquium
1100 485 1253 529 tuum
1284 477 1435 546 eripi
1468 492 1573 530 me.

313 567 436 622 171.
471 566 813 623 Eructabunt
838 568 979 622 labia
1005 584 1123 622 mea
1145 569 1431 640 hymnum.
1457 584 1582 623 cum
1613 570 1821 624 docue-

242 659 320 713 ris
353 674 440 713 me
472 659 892 729 iustiﬁcationes
926 669 1071 715 tuas.

312 752 437 807 172.
475 752 860 809 Pronuntiabit
911 753 1096 825 lingua
1131 768 1250 808 mea
1301 754 1582 823 eloquium
1633 762 1814 818 tuum,

240 845 367 917 quia
395 846 580 901 omnia
610 847 865 901 mandata
898 857 991 901 tua
1022 849 1274 917 aequitas.

310 936 431 992 175.
463 935 585 993 Fiat
609 954 807 994 manus
834 949 924 994 tua
952 948 1011 994 ut
1036 939 1208 995 salvet
1236 954 1344 1004 me,
1368 939 1629 1009 quoniam
1655 955 1816 993 man-

239 1025 362 1081 data
393 1036 485 1082 tua
511 1028 669 1099 elegi.

308 1116 428 1172 174.
456 1117 757 1190 Concupivi
787 1121 1028 1177 salutare
1046 1130 1200 1176 tuum
1238 1121 1491 1187 Domine,
1516 1129 1571 1178 et
1596 1122 1684 1176 lex.
1719 1131 1812 1177 tua

238 1209 515 1265 meditatio
546 1227 665 1266 mea
688 1222 793 1267 est.

309 1298 435 1355 175.
468 1299 617 1357 Vivet
635 1304 816 1358 anima
854 1320 994 1372 mea,
1020 1317 1073 1361 et
1100 1306 1349 1363 laudabit
1379 1317 1543 1377 te,-et
1596 1309 1802 1380 judicia

241 1400 331 1446 tua
353 1392 685 1462 adiuvabunt
716 1412 823 1451 me.

306 1487 430 1543 176.
461 1487 653 1545 Erravi
679 1490 823 1547 sicut
860 1492 979 1547 ovis
999 1509 1122 1563 qua:
1153 1495 1334 1565 periit,
1371 1511 1557 1566 quazre
1584 1511 1804 1552 servum

236 1588 412 1647 tuum,
432 1580 561 1651 quia
591 1582 846 1637 mandata
876 1592 968 1637 tua
992 1598 1104 1638 non
1129 1599 1250 1638 sum
1277 1584 1504 1639 oblitus.

1920 479 2061 531 κατὰ
2089 478 2150 531 τὸ
2180 477 2359 547 λόγιόν
2396 497 2489 533 σου
2518 480 2678 552 ῥῦσαί
2716 498 2805 551 με.

1991 569 2112 623 171.
2132 569 2544 641 Ἐξερεύξαιντο
2573 571 2643 625 τά
2666 572 2823 644 χείλη
2851 589 2952 643 μου
2978 571 3169 644 ὕμνον,
3201 575 3333 628 ὅταν
3358 575 3501 628 διδά-

1918 661 2015 735 ξῃς
2051 680 2119 733 με
2143 663 2214 716 τὰ
2238 664 2589 735 δικαιώματά
2611 683 2725 720 σου.
3362 706 3389 727 ,

1989 753 2115 808 172.
2146 754 2449 824 Φθέγξαιτο
2485 759 2519 828 ἡ
2551 757 2776 825 γλῶσσά
2822 775 2925 828 μου
2953 757 3023 811 τὰ
3049 758 3207 824 λόγιά
3250 776 3378 824 σου,
3421 760 3502 814 ὅτι

1918 845 2090 897 πᾶσαι
2120 847 2174 898 αἱ
2204 846 2423 899 ἐντολαί
2450 863 2544 899 σου
2575 848 2908 916 δικαιοσύνη.

1989 935 2115 991 175.
2146 936 2393 990 Γενέσθω
2416 939 2450 1004 ή
2468 938 2603 1009 χείρ
2627 956 2719 993 σου
2744 940 2839 994 τοῦ
2865 939 3039 995 σῶσαί
3067 958 3158 1013 με,
3186 943 3269 995 ὅτι
3292 943 3392 1006 τὰς
3410 943 3501 996 ὲν-

1913 1029 2075 1093 τολάς
2103 1046 2196 1082 σου
2225 1031 2450 1102 ᾑρετισά
2457 1048 2585 1102 μην.

1988 1120 2110 1175 174.
2145 1122 2496 1194 Ἐπεπόθησα
2536 1124 2599 1177 τὸ
2649 1125 2918 1198 σωτήριόν
2951 1143 3066 1191 σου,
3098 1127 3296 1198 Κύριε,
3344 1128 3441 1181 καὶ
3467 1127 3498 1181 δ

1912 1212 2075 1283 νόμος
2113 1230 2205 1265 σου
2243 1213 2438 1284 μελέτη
2469 1214 2576 1285 μού
2611 1217 2747 1269 ἐστι.

1990 1304 2111 1359 175.
2143 1306 2377 1377 Ζήσεται
2405 1309 2438 1378 ἡ
2471 1307 2621 1379 ψυχή
2661 1325 2785 1378 μου,
2822 1310 2916 1363 καὶ
2948 1309 3154 1363 αἰνέσει
3179 1326 3261 1373 σε,
3305 1310 3401 1365 καὶ
3428 1310 3498 1366 τὰ

1919 1398 2164 1471 κρίματά
2190 1415 2283 1451 σου
2317 1398 2575 1470 βοηθήσει
2609 1417 2721 1471 μοι.

1990 1491 2111 1545 176.
2153 1492 2492 1564 Ἐπλανήθην
2519 1494 2595 1558 ὡς
2623 1493 2897 1566 πρόϐατον
2916 1494 3192 1559 ἀπολωλός
3215 1510 3230 1524 ·
3261 1493 3497 1564 ζήτησον

1844 1602 1888 1655 ιι
1915 1582 2007 1636 τδν
2032 1582 2218 1637 δοῦλόν
2254 1600 2370 1651 σου,
2402 1585 2491 1638 ὅτι
2505 1585 2604 1649 τὰς
2636 1586 2858 1650 ἐντολάς
2890 1604 2985 1639 σου
3005 1588 3104 1640 οὐκ
3125 1586 3498 1658 ἐπελαθόμην.

1408 1766 1580 1819 ΨᾹΛ.
1611 1766 1765 1823 PlH'.
1792 1763 2003 1819 PSAL.
2037 1762 2276 1819 CXVIII.

299 1901 353 1958 1.
390 1904 688 1975 Μακάριοι,
722 1913 830 1959 etc.
860 1902 1032 1967 Beati,
1058 1912 1168 1959 etc.

294 1995 351 2050 2.
386 1998 453 2049 Οἱ
483 1996 861 2067 πορευόμενοι,
897 2006 1004 2051 etc.
1041 1995 1146 2062 Qui
1185 1996 1487 2061 ambulant,
1515 2004 1623 2050 etc.

298 2086 352 2142 5.
385 2088 681 2159 Μακάριοι,
711 2097 817 2144 etc.
849 2087 1020 2152 Beati,
1047 2098 1155 2143 etc.

1983 1902 2037 1956 Δ.
2080 1904 2168 1957 Ἐν
2199 1902 2319 1976 ὅλῃ,
2346 1911 2452 1958 etc.
2481 1902 2537 1957 In
2573 1911 2708 1968 toto,
2738 1914 2855 1960 etc.

1984 1994 2038 2049 5.
2063 1995 2140 2048 Οὐ
2171 1995 2304 2067 γάρ,
2331 2005 2438 2052 etc.
2462 1994 2583 2052 Non
2619 1997 2797 2062 enim,
2831 2004 2938 2053 etc.

1351 2225 1725 2283 ATHANASH
1777 2220 2363 2281 INTERPRETATIO.

299 2365 421 2422 170.
448 2367 611 2437 Aperi
637 2376 823 2438 portas
848 2368 1110 2423 cmlorum
1149 2378 1368 2425 tuorum
1389 2411 1404 2434 ,
1452 2378 1509 2424 et
1540 2368 1804 2437 depreca-

222 2455 430 2512 tionem
467 2473 643 2512 meam
680 2458 861 2529 recipe
884 2498 899 2521 ,
947 2459 1407 2530 quemadmodum
1454 2459 1680 2514 dixisti:
1709 2458 1803 2512 ln-

230 2564 353 2602 ooca
379 2565 460 2603 me
486 2551 542 2603 in
571 2550 659 2604 die
688 2549 1049 2605 tribulationis
1080 2560 1207 2615 tuae,
1232 2560 1283 2605 et
1300 2567 1482 2605 eruam
1514 2560 1582 2614 te,
1611 2560 1661 2604 et
1686 2550 1803 2621 glo-

228 2640 462 2710 rificabis
495 2658 575 2696 me
596 2641 645 2674 "'
674 2661 689 2696 :
719 2642 792 2697 ita
842 2659 990 2700 nunc
1036 2643 1319 2714 excipiens
1363 2642 1802 2713 deprecationem

228 2748 406 2788 meam
443 2735 609 2790 libera
644 2751 749 2791 me.

304 2824 425 2880 171.
452 2823 722 2897 Hymnum
748 2827 1038 2897 rependam
1065 2826 1377 2897 gloriﬁcans
1411 2836 1463 2883 te
1481 2867 1497 2890 ,
1527 2841 1652 2881 cum
1687 2826 1808 2880 illu-

227 2915 461 2973 minabis
492 2933 579 2973 me
613 2919 679 2974 ad
732 2919 1110 2990 intelligendas
1156 2927 1210 2975 et
1240 2917 1516 2975 faciendas
1539 2919 1808 2990 justilica-

228 3008 406 3063 tiones
436 3017 575 3064 tuas.

299 3098 423 3155 172.
464 3099 686 3172 Loquar
713 3102 1046 3157 conﬁdenter
1078 3116 1388 3157 sermonem
1425 3109 1578 3156 tuum
1603 3138 1620 3165 ,
1665 3113 1807 3169 quo-

225 3189 371 3245 niam
400 3192 469 3246 ab
512 3192 667 3247 initio
697 3209 869 3262 usque
898 3194 952 3247 in
998 3193 1161 3248 ﬁnem
1203 3192 1417 3264 iustitia
1468 3199 1635 3255 sunt,
1684 3203 1807 3260 quae

226 3282 499 3337 mandasti
533 3283 710 3338 nobis.

304 3374 423 3430 175.
451 3373 701 3446 Praspara
727 3377 954 3448 gratiam
977 3388 1126 3433 tuam
1157 3377 1223 3432 ad
1249 3377 1664 3433 custodiendum
1692 3394 1799 3446 me,

227 3467 487 3538 quoniam
516 3479 781 3539 praecepta
809 3479 900 3524 tua
932 3469 1088 3541 elegi.

300 3560 419 3615 174.
451 3560 786 3626 Desideravi,
817 3562 1065 3630 Domine,
1097 3578 1431 3635 cognoscere
1479 3564 1802 3620 manilesta-

229 3651 433 3707 tionem
494 3663 889 3725 praeceptorum
945 3664 1185 3720 tuorum,
1230 3665 1517 3725 propterea
1564 3656 1799 3726 exquiro

225 3742 565 3812 singularum
592 3742 1000 3815 Scripturarum
1037 3745 1475 3815 explicationem.

297 3833 420 3888 175.
454 3833 677 3891 Vivitlca
722 3837 961 3893 animam
996 3854 1171 3892 meam
1213 3854 1308 3908 per
1343 3839 1575 3909 gratiam
1620 3846 1795 3903 tuam,

220 3926 274 3971 et
329 3919 447 3989 ejus
481 3924 685 3979 auxilio
739 3934 790 3979 te
834 3925 1085 3980 laudabit
1124 3943 1138 3980 :
1171 3933 1226 3981 et
1267 3926 1475 3997 judicia
1510 3937 1600 3981 tua
1638 3942 1792 3980 arma

219 4010 355 4065 mihi
382 4012 491 4067 sint
514 4014 778 4071 adversus
799 4018 1104 4072 contrarias
1129 4025 1446 4086 potestates.

1979 2360 2095 2417 170.
2125 2360 2372 2428 ’Δνοιξον
2397 2359 2496 2425 τὰς
2521 2362 2696 2425 πύλας
2723 2362 2835 2415 τῶν
2854 2364 3102 2435 οὐρανῶν
3125 2382 3243 2431 σου,
3270 2367 3366 2421 καὶ
3392 2372 3497 2440 τὴν

1906 2453 2252 2526 παράκλησίν
2276 2471 2377 2525 μου
2401 2451 2573 2519 δέξαι,
2600 2454 2781 2518 καθὼς
2807 2450 2996 2519 εἴπας·
3032 2457 3487 2512 Ἐπικαλέσεταί

1898 2564 1975 2617 με
2016 2546 2399 2619 [ὲπικάλεσαι
2422 2545 2522 2619 με]
2554 2547 2626 2601 ἐν
2670 2546 2860 2615 ἡμέρᾳ
2896 2547 3158 2617 θλίψεώς
3184 2564 3306 2604 σου
3329 2591 3345 2615 ,
3392 2551 3487 2604 καὶ

1903 2639 2230 2709 ἐξελοῦμαι
2270 2654 2378 2704 σε,
2410 2638 2510 2693 καὶ
2539 2638 2812 2706 δοξάσει(
2839 2657 2917 2709 με
2939 2657 2954 2671 ’
2986 2640 3160 2706 οὕτως
3184 2641 3305 2707 νῦν,
3335 2641 3485 2710 δεξα-

1831 2761 1880 2825 c
1911 2731 2076 2825 μένου
2110 2749 2211 2802 μου
2241 2730 2340 2803 τὴν
2367 2731 2742 2825 παράκλησιν,
2776 2732 2944 2825 ρύσαί
2970 2750 3057 2805 με.

1982 2820 2104 2874 171.
2138 2820 2457 2891 Ἀνέπεμψα
2492 2819 2886 2895 [Ἀναπέμψω]
2920 2821 3089 2894 ὕμνον
3117 2821 3359 2888 δοξάζων
3403 2840 3489 2887 σε,

1907 2913 2035 2966 ὅταν
2068 2911 2312 2985 φωτίσῃς
2338 2928 2405 2983 με
2436 2911 2504 2966 τὰ
2531 2912 2876 2984 δικαιώματά
2910 2931 3004 2967 σου
3023 2956 3039 2981 ,
3071 2915 3167 2969 καὶ
3190 2918 3367 2981 νοεῖν,
3394 2916 3484 2968 καὶ

1909 3003 2191 3072 πράττειν.

1979 3094 2104 3149 172.
2161 3094 2396 3167 Λαλήσω
2420 3095 2511 3149 τὸν
2537 3096 2693 3166 λόγον
2725 3113 2820 3149 σου
2860 3097 2997 3169 μετά
3024 3098 3374 3171 παρρησίας,
3405 3101 3481 3154 ὅτι

1906 3186 2005 3240 ἀπ’
2031 3188 2207 3260 ἀρχῆς
2228 3188 2333 3253 ἓως
2359 3188 2545 3253 τέλους
2571 3187 2881 3261 δικαιοσύνη
2921 3189 3080 3257 εἰσὶν,
3108 3190 3257 3263 ἅπερ
3287 3192 3482 3247 ἐνετεί-

1907 3277 1985 3332 λω
2012 3280 2141 3349 ὑμῖν
2171 3279 2226 3352 [ἡ
2234 3279 2371 3352 μῖν].

1984 3369 2102 3424 175.
2145 3371 2481 3444 Εὐτρέπισον
2506 3370 2604 3443 τὴν
2639 3372 2796 3444 χάριν
2831 3390 2925 3427 σου
2958 3370 3061 3446 [είς
3081 3371 3168 3446 τὸ]
3202 3374 3486 3443 φυλάττειν

1914 3476 2001 3531 με,
2030 3460 2113 3513 ὅτι
2148 3460 2248 3525 τὰς
2279 3462 2499 3527 ἐντολάς
2534 3479 2625 3515 σου
2662 3462 3011 3535 ἐξελεξάμην.

1983 3549 2108 3603 174.
2142 3550 2493 3624 Ἐπεπόθησα
2531 3552 2754 3621 γνῶναι,
2797 3553 2985 3625 Κύριε,
3029 3554 3129 3628 τὴν
3178 3556 3485 3627 φανέρωσιν

1906 3641 2016 3695 τῶν
2042 3644 2485 3714 προσταγμάτων
2514 3663 2605 3699 σου
2632 3663 2645 3675 ·
2684 3646 2773 3700 διὰ
2796 3647 2957 3701 τοῦτο
2981 3648 3229 3721 ἐπιζητῶ
3250 3650 3480 3717 ἑκάστης

1908 3735 2131 3807 Γραφῆς
2152 3734 2252 3807 τὴν
2276 3736 2545 3791 ἐπίλυσιν.

1980 3829 2100 3884 175.
2136 3830 2481 3900 Ζωοποίησον
2503 3832 2602 3901 τὴν
2634 3830 2815 3903 ψυχήν
2863 3850 2967 3905 μου
3012 3833 3101 3887 διὰ
3141 3834 3243 3904 τῆς
3267 3835 3485 3906 χάριτός

1907 3939 2021 3987 σου,
2046 3922 2142 3975 καὶ
2173 3922 2379 3975 αἰνέσει
2408 3920 2502 3994 [σε
2524 3922 2543 3995 ]
2575 3923 2643 3977 δι’
2664 3925 2834 3995 αὐτῆς
2859 3942 2874 3955 ο
2907 3927 3001 3980 καὶ
3026 3925 3097 3979 τὰ
3121 3926 3373 3998 κρίματά
3390 3943 3485 3980 σού

1903 4014 2043 4068 ὅπλα
2076 4032 2167 4086 μοι
2194 4015 2437 4083 γένοιντο
2466 4016 2610 4070 κατὰ
2635 4016 2744 4073 τῶν
2776 4018 3033 4072 ἐναντίων
3057 4018 3365 4090 δυνάμεων.

291 4103 413 4159 176.
447 4105 640 4162 Erravi
671 4109 989 4180 relinquens
1023 4120 1074 4165 te
1106 4126 1296 4165 verum
1343 4121 1621 4180 pastorem
1650 4129 1662 4164 :
1703 4109 1795 4165 sed

1979 4104 2104 4158 176.
2153 4103 2493 4175 Ἐπλανήθην
2516 4102 2832 4159 καταλιπών
2856 4123 2917 4158 σε
2950 4104 3042 4159 τὸν
3068 4104 3327 4178 ἀληθινὸν
3366 4122 3477 4157 ποι-

216 4200 504 4268 cOgnoscis
537 4202 628 4258 ubi
655 4219 814 4270 sum;
848 4203 934 4261 fac
981 4213 1042 4260 ut
1083 4206 1217 4261 velis
1254 4221 1341 4260 me
1381 4206 1638 4276 reperire,
1666 4219 1801 4274 quo-

217 4290 365 4346 niam
418 4293 583 4349 etiam
618 4296 963 4353 errabundus
1014 4297 1308 4364 exsistens,
1357 4304 1617 4368 tanquam
1678 4296 1796 4351 ovis

216 4384 461 4442 clamans
507 4404 693 4459 quarro
737 4396 812 4454 te,
854 4399 909 4445 et
954 4406 1179 4462 gregem.
1229 4399 1408 4455 tuum,
1470 4390 1675 4444 timens
1722 4404 1797 4442 ne

216 4486 437 4548 propter
458 4495 639 4535 meum
665 4493 948 4553 peccatum
972 4482 1100 4539 etin
1129 4483 1365 4552 praedam
1411 4480 1515 4534 sim
1555 4489 1782 4534 contra-

218 4571 315 4626 iiis
343 4574 729 4642 potestatibus.

295 4716 362 4769 Ἦ
393 4717 729 4790 προκειμένη
769 4719 1048 4792 ἐπιγραφὴ
1096 4721 1130 4791 ἡ
1166 4718 1254 4773 διὰ
1286 4719 1388 4787 τῆς
1413 4716 1793 4786 κινναϐάρεως

216 4808 481 4879 περιέχει,
505 4819 607 4864 etc.
644 4810 1037 4882 Ἐρμηνεύεται
1067 4811 1342 4883 διαφόρως
1379 4812 1475 4864 καὶ
1508 4809 1782 4881 πολυτρό-

215 4916 333 4964 πως
354 4902 454 4965 είς,
481 4910 588 4958 etc.
634 4902 782 4974 ἡμᾶς
830 4904 1292 4975 προτρεπόμενον.
1328 4902 1546 4959 Titulus
1572 4918 1789 4972 praepo-

217 4990 355 5046 situs
386 4993 669 5048 cinnabari
696 4994 932 5063 scriptus
956 4995 1219 5060 continet,
1255 5007 1363 5051 etc.
1396 4994 1788 5063 Interpretatur

215 5079 425 5135 diverse
445 5090 500 5136 et
519 5084 668 5139 varie
692 5084 759 5137 ad
792 5086 1023 5155 hymnos
1037 5094 1092 5141 et
1116 5085 1333 5141 laudem
1360 5103 1460 5141 nos
1475 5087 1792 5142 exhortans.

290 5171 341 5223 1.
375 5171 652 5244 Μακάριοι
680 5176 730 5227 οί
760 5176 905 5229 κατὰ
932 5176 1025 5230 τὸν
1077 5175 1217 5230 Ἰώϐ.
1269 5178 1344 5231 Τὸ
1376 5179 1588 5245 Ἀλεφ,
1614 5177 1676 5230 τὸ
1707 5177 1795 5230 διὰ

214 5259 312 5327 τῆς
355 5263 725 5335 κινναϐάρεως
756 5266 1183 5337 παρακείμενον,
1211 5267 1574 5340 ἑρμηνεύεται
1633 5268 1791 5337 ἀρχὴ

216 5349 532 5419 στόματος,
577 5355 853 5409 τουτέστιν
908 5360 937 5411 ό
977 5358 1276 5422 δυνάμενος
1338 5359 1413 5429 μὴ
1463 5357 1676 5411 πταίειν
1735 5360 1796 5411 ὲν

214 5439 376 5512 λόγῳ,
402 5436 560 5507 οὗτος
582 5445 785 5511 τέλειος
805 5449 965 5519 ἁνήρ.
999 5450 1174 5515 Beati,
1202 5452 1297 5520 qui
1326 5452 1625 5507 secundum
1653 5450 1780 5509 Job.

219 5533 385 5603 Aleph
445 5536 728 5592 cinnabari
792 5541 972 5595 versui
1032 5543 1331 5612 ascriptum
1397 5544 1794 5613 interpretatur

296 5651 342 5684 "
374 5651 518 5707 l‘sal.
552 5668 701 5718 sunt,
739 5652 820 5707 15.
926 5657 966 5688 τ’
1000 5653 1115 5711 Jac.
1155 5672 1240 5722 Ill,
1270 5658 1323 5709 2.

1905 4196 2077 4268 μένα’
2106 4196 2244 4251 ἀλλὰ
2276 4194 2569 4266 γινώσκεις
2603 4197 2708 4252 ποῦ
2737 4199 2884 4269 εἰμι’
2910 4197 3139 4269 θέλησον
3174 4199 3358 4270 εὑρεῖν
3392 4212 3477 4268 με,

1897 4292 1980 4345 ὅτι
2004 4291 2099 4345 καὶ
2121 4290 2546 4363 πεπλανημένος
2585 4291 2659 4344 ὢν
2689 4291 2764 4355 ὡς
2810 4291 3081 4362 πρόϐατον
3110 4289 3360 4344 ἀναϐοῶν
3387 4287 3481 4358 ζη-

1895 4384 2003 4439 τῶν
2033 4382 2260 4456 [ζητῶ]
2294 4400 2376 4448 σε,
2408 4386 2507 4438 καὶ
2551 4384 2649 4455 τὴν
2682 4383 2781 4455 σὴν
2810 4384 3048 4455 ποίμνην
3073 4422 3089 4447 ,
3124 4383 3472 4454 φοϐούμενος.

1900 4474 2108 4544 μήποτε
2131 4471 2224 4525 διὰ
2250 4475 2347 4543 τῆς
2376 4473 2654 4544 ἁμαρτίας
2683 4488 2787 4542 μου
2827 4472 2922 4525 κα)⁵
2946 4471 3286 4545 θηριάλωτος
3308 4470 3478 4542 γένωο

1905 4581 2002 4636 μαι
2027 4562 2131 4616 ὑπὸ
2156 4562 2265 4616 τῶν
2295 4562 2554 4617 ἐναντίων
2577 4563 2880 4634 δυνάμεων.

1901 4707 2230 4777 principatus
2256 4705 2387 4772 oris,
2411 4706 2519 4760 hoc
2544 4713 2671 4768 est,
2700 4704 2794 4775 qui
2841 4712 3022 4773 potest
3064 4718 3174 4757 non
3209 4702 3479 4757 oﬂ‘endere

1904 4798 1958 4853 in
1992 4796 2180 4861 verbo,
2218 4795 2309 4851 hic
2338 4792 2612 4863 perfectus
2640 4794 2724 4848 vir
2756 4795 2825 4848 '“.

1964 4889 2017 4943 2.
2044 4889 2106 4942 Οί
2141 4887 2500 4959 ἀπεχόμενοι,
2530 4895 2634 4940 etc.
2669 4883 2773 4951 Qui
2805 4884 3100 4947 abstinent,
3131 4892 3236 4939 etc.

1965 4981 2020 5035 5.
2041 4977 2350 5051 Μακάριοι,
2376 4987 2483 5034 etc.
2511 4977 2681 5041 Beati,
2708 4985 2815 5031 etc.

1968 5072 2020 5127 4.
2050 5071 2275 5143 Θερμοί,
2307 5079 2444 5135 etc.,
2477 5070 2539 5123 τὸ
2585 5070 2729 5132 πῶς,
2770 5079 2901 5132 etc.,
2939 5068 3148 5121 ἔνοικον
3182 5068 3243 5119 ὲν
3273 5068 3468 5127 αὐτοῖς.

1898 5164 2213 5229 Ferventes,
2248 5172 2382 5227 etc.,
2407 5161 2691 5233 quomodo
2715 5175 2840 5215 eum
2866 5158 3138 5228 accipiant
3171 5158 3477 5211 inhabitan-

1893 5264 1998 5309 tem
2034 5256 2089 5309 in
2117 5270 2177 5311 se
2205 5255 2358 5325 ipsis.

1964 5346 2015 5400 5.
2045 5350 2108 5400 Οἱ
2128 5346 2237 5419 γάρ
2262 5345 2569 5416 λεγόμενοι,
2596 5354 2731 5407 etc.,
2762 5346 2877 5406 τοῖς
2918 5341 3340 5413 προστάγμασιν
3378 5340 3474 5394 αὖ.

1892 5436 1986 5490 τοῦ
2005 5438 2066 5490 οὐ
2090 5437 2386 5493 πείθονται.
2438 5436 2696 5492 Dicentes
2724 5436 2871 5491 enim
2915 5449 2975 5489 se
3012 5448 3156 5497 esse,
3189 5445 3478 5507 etc.,pm—

1893 5528 2063 5597 ceplis
2082 5529 2198 5598 ejus
2221 5543 2329 5583 non
2361 5528 2652 5585 obediunt.
