3706 6432
201 314 322 370 I209

257 431 308 486 ϐ.
340 429 434 494 Σύ,
471 438 578 484 etc.
599 428 701 492 Tu,
729 440 856 493 etc.,
888 430 981 485 τοῦ
1013 433 1184 488 deest.

256 522 304 579 7.
341 523 592 590 Ὄφελον,
627 533 731 576 etc.
762 522 1006 589 Utinam,
1037 535 1146 580 etc.

255 608 304 666 8.
339 611 493 674 Τότε,
528 621 635 666 etc.
669 610 841 676 Tunc,
873 623 978 668 etc.
1088 601 1104 620 “

251 703 301 756 9.
337 703 856 774 ἒΕξομολογήσομαι,
879 714 983 759 etc.
1020 704 1351 769 Conﬁtebor,
1385 716 1470 760 etc

250 795 334 852 10.
379 797 467 849 Ἑν
497 795 575 866 τῷ
601 797 1001 868 μεμαθηκέναι,
1037 805 1144 852 etc.
1171 797 1228 850 In
1260 814 1346 862 eo,
1384 798 1527 867 quod
1559 798 1745 872 didici,

185 900 282 942 CIC.

257 979 340 1033 11.
373 977 454 1031 Τά
485 977 828 1048 δικαιώματὰ
855 995 970 1042 σου,
997 988 1104 1034 etc.
1135 976 1564 1034 Justiticationcs
1597 987 1742 1040 tuas,

193 1079 290 1123 etc.

262 1161 345 1216 12.
389 1163 476 1216 Ἐν
499 1162 626 1227 τίνι,
657 1172 761 1218 etc.
802 1161 858 1216 In
886 1178 1015 1232 quo,
1043 1171 1148 1218 etc.

251 1255 334 1308 15.
375 1255 462 1307 Ἑν
488 1254 567 1324 τῷ
598 1253 955 1323 φυλάξασθαι,
989 1261 1094 1307 etc.
1132 1251 1191 1306 In
1233 1250 1610 1316 custodiendo,
1638 1262 1744 1305 etc.

249 1346 332 1402 14.
372 1348 462 1400 Ἐν
490 1346 606 1419 ὅλῃ,
643 1354 748 1400 etc.
782 1344 838 1398 In
876 1354 1012 1408 toto,
1044 1354 1148 1399 etc.

243 1435 327 1490 15.
364 1436 456 1488 Ἐν
490 1437 554 1504 τῇ
590 1434 810 1506 καρδίᾳ,
835 1442 939 1488 etc.
967 1432 1025 1486 In
1057 1431 1244 1497 corde,
1269 1441 1372 1488 etc.

244 1529 326 1581 16.
357 1527 684 1597 Εὐλογητὸς,
713 1535 823 1580 etc.
860 1525 1204 1590 Benedictus,
1238 1533 1344 1580 etc.

243 1619 327 1672 17.
371 1619 460 1670 Ἐν
481 1621 595 1680 τοῖς
621 1615 820 1686 χείλεσὶ
849 1633 975 1686 μου,
1010 1625 1114 1671 etc.
1143 1615 1197 1670 In
1222 1615 1386 1670 labiis
1421 1613 1579 1679 meis,
1607 1622 1714 1668 etc.

244 1709 326 1763 18.
374 1709 463 1761 Ἐν
488 1711 554 1779 τῇ
581 1707 704 1778 ὁδῷ,
739 1716 846 1763 etc.
887 1706 940 1762 In
969 1707 1076 1771 via,
1112 1715 1216 1761 etc.

243 1797 326 1851 19.
371 1799 459 1850 Ἐν
493 1802 614 1861 ταῖς
662 1798 905 1862 ἐντολαῖς
930 1838 944 1861 ,

179 1887 450 1958 θαυμάσιά
479 1906 594 1943 σου.
649 1889 706 1944 In
742 1890 1033 1955 mandatis,
1093 1900 1236 1956 etc.,
1282 1898 1337 1944 et
1381 1887 1740 1944 considerabo

178 1980 441 2034 mirabilia
478 1991 593 2037 tua.

239 2071 326 2124 20.
363 2071 453 2123 Ἐν
489 2074 603 2134 τοῖς
635 2069 967 2141 δικαιώμασὶ
1003 2086 1118 2134 σου,
1148 2079 1252 2124 etc.
1299 2066 1358 2121 In
1400 2065 1741 2136 iustiﬁcatio-

177 2161 328 2216 uibus
365 2162 496 2223 tuis,
525 2171 630 2217 etc.

239 2248 327 2305 21.
357 2251 471 2304 Οὐκ
501 2250 851 2322 ἐπιλήσομαι,
884 2262 987 2307 etc.
1023 2250 1141 2306 Non
1173 2250 1480 2312 obliviscar,
1521 2256 1624 2303 etc.

1018 316 1108 371 DE
1146 313 1422 371 TITULIS
1460 311 1909 370 PSALMORUM.
1949 341 2019 350 --
2059 309 2252 364 PSAL.
2293 306 2522 364 CXVIII.

1003 1808 1134 1861 etc.,
1181 1797 1277 1851 καὶ
1311 1797 1634 1865 κατανοήσω
1671 1811 1741 1846 τα
1770 1777 1812 1832 Β

3271 300 3410 357 1210

1777 435 1820 492 Α
1921 448 2011 502 22.
2052 445 2396 510 Ἀνταπόδος,
2425 456 2530 500 etc.
2569 444 2845 506 Itetribue,
2875 451 2978 497 etc.

1919 537 2009 591 25.
2054 537 2450 606 Ἀποκάλυψον,
2474 545 2577 589 etc.
2616 533 2849 598 Revela,‘
2866 544 2969 586 etc.

1918 628 2007 681 24.
2041 629 2328 698 Πάροικος,
2357 635 2462 679 etc.
2501 624 2697 687 lncola,
2717 633 2820 676 etc.

1917 721 2007 776 25.
2035 722 2125 791 Μὴ
2156 719 2504 790 ἀποκρύψῃς,
2531 729 2637 771 etc.
2669 714 2786 768 Non
2815 713 3138 777 abscondas,
3165 720 3268 769 etc.

1917 813 2008 867 26.
2041 811 2434 878 Ἐπεπόθησεν,
2458 817 2560 861 etc.
2598 807 2944 874 Concupivit,
2978 815 3082 858 etc.

1916 904 2005 956 27.
2043 903 2438 973 Ἐπετίμηοας,
2466 913 2566 954 etc.
2595 899 2908 966 Increpasti,
2931 907 3027 952 etc.

1917 994 2008 1048 28.
2051 993 2496 1064 Ἐπικατάρατοι,
2526 1000 2630 1046 etc.
2669 990 2954 1055 Maledicti,
2989 997 3093 1042 etc.

1914 1086 2006 1140 29.
2039 1085 2282 1156 Περίελε,
2307 1095 2409 1138 etc.
2443 1083 2640 1146 Aufer,
2675 1092 2779 1137 etc.

1916 1177 2004 1231 5t).
2043 1177 2152 1228 Καὶ
2179 1176 2307 1246 γάρ,
2332 1186 2435 1229 etc.
2471 1175 2701 1238 Etenim,
2737 1182 2840 1227 etc.

1914 1264 2002 1318 51.
2040 1267 2150 1318 Καὶ
2179 1267 2286 1336 γὰρ
2319 1266 2387 1318 τὰ
2423 1264 2699 1334 μαρτύριά
2723 1279 2838 1328 σου,
2868 1271 2974 1317 etc.
3006 1257 3140 1314 Nam
3172 1264 3227 1312 et
3257 1255 3409 1312 testi-

1845 1358 2024 1412 .nonia
2061 1368 2166 1420 tua,
2199 1366 2300 1410 etc.

1915 1449 2004 1502 52.
2051 1447 2366 1519 Ἐκολλήθη,
2395 1456 2500 1501 etc.
2541 1446 2799 1510 Adlizesit,
2827 1453 2930 1498 etc.

1911 1540 2000 1594 55.
2043 1539 2152 1602 Τὰς
2180 1539 2330 1602 ὁδούς
2357 1555 2477 1608 μου,
2512 1548 2615 1591 etc.
2653 1535 2784 1591 Vias
2818 1549 2985 1598 meas,
3021 1545 3125 1588 etc.

1915 1629 2004 1682 54.
2048 1630 2218 1692 Ὀδόν,
2251 1640 2354 1685 etc.
2395 1628 2571 1691 Viam,
2608 1637 2710 1681 etc.

1913 1719 2003 1772 55.
2043 1720 2384 1786 Ἐνύσταξεν,
2415 1731 2516 1774 etc.
2556 1719 2893 1780 Dormitavit,
2933 1727 3036 1771 etc.

1909 1809 1998 1863 56.
2046 1811 2216 1874 Ὀδόν,
2248 1823 2352 1864 etc.
2390 1810 2562 1872 Viam,
2591 1819 2693 1864 etc.

1906 1901 1994 1953 57.
2042 1901 2192 1955 ὀδὸν
2227 1901 2506 1973 ἀληθείας,
2543 1913 2672 1965 etc.,
2701 1901 2794 1954 καί
2823 1900 2991 1954 deest.
3022 1895 3177 1950 Viam
3205 1893 3406 1948 verita-

1840 1992 1928 2051 tis,
1959 2002 2062 2046 etc.

1906 2081 1993 2134 42.
2039 2082 2336 2152 Ὀδήγησόν
2370 2101 2458 2154 με,
2491 2094 2596 2138 etc.
2632 2084 2813 2137 Deduc
2840 2096 2949 2145 me,
2983 2088 3088 2134 etc.

1907 2171 1992 2224 (ὖ.
2029 2173 2242 2238 Κλῖνον,
2273 2183 2381 2230 etc.
2411 2175 2636 2241 lnctina,
2667 2185 2772 2228 etc.

1290 2363 1670 2421 ATHANASII
1703 2363 2291 2429 INTERPRETATIO.

249 2483 300 2537 6.
331 2483 402 2536 Σὺ
448 2479 628 2545 εἴπας,
664 2491 792 2544 etc.,
845 2482 913 2534 τὰ
959 2483 1094 2553 ἔργα
1123 2480 1326 2552 Κυρίου
1375 2480 1614 2552 ἀμελῶς.
1655 2478 1738 2534 Tu

177 2575 377 2635 dixisti,
411 2584 540 2636 etc.,
575 2589 739 2642 Opera
767 2571 861 2627 Dei
890 2575 1238 2644 negligenter.

240 2665 290 2718 7.
328 2664 472 2737 Δῴη,
500 2675 604 2718 etc.
639 2665 756 2729 Det,
792 2674 896 2719 etc.

245 2753 293 2807 8.
340 2755 426 2806 Ἐν
453 2756 519 2824 τῇ
557 2753 739 2824 ἡμέρᾳ
762 2753 860 2823 τῆς
887 2753 1120 2825 κρίσεώς
1154 2769 1247 2806 σου
1281 2753 1378 2824 μή,
1421 2761 1524 2808 etc.
1557 2751 1614 2806 In
1650 2752 1739 2808 die

173 2845 357 2913 judicii
391 2861 497 2898 non
521 2845 760 2906 audiam,
791 2856 894 2899 etc.

239 2939 291 2992 9.
329 2935 522 2999 Ἐκδῶ,
554 2945 655 2989 etc.
691 2933 942 3000 Tradam,
973 2945 1074 2989 etc.

242 3027 325 3081 10.
357 3027 447 3079 ‘Ev
475 3025 554 3096 τῷ
584 3024 812 3078 ἀκοῦσαί
850 3041 938 3095 με,
969 3033 1075 3078 etc.
1113 3021 1246 3077 Cum
1277 3022 1523 3086 audiero,
1557 3032 1662 3077 etc.

241 3118 328 3170 11.
361 3115 444 3170 Τά
474 3114 820 3185 δικαιώματά
843 3131 958 3178 σου,
993 3125 1099 3168 etc.
1135 3112 1561 3168 Justiﬁcationes
1591 3123 1734 3174 tuas,

174 3217 271 3261 etc.

245 3299 330 3354 12.
364 3299 492 3361 Πῶς
535 3297 645 3351 τῶν
689 3297 1028 3369 νεωτερικῶν
1065 3296 1371 3366 ἐπιθυμιῶν
1427 3296 1740 3348 ὲπιλὰθεταί

174 3411 283 3456 τις;
309 3392 382 3445 Τὸ
409 3392 496 3445 διὰ
517 3390 617 3460 τῆς
645 3391 1014 3462 κινναϐάρεως
1039 3391 1440 3461 παρακείμενον
1471 3390 1658 3460 ὄνομα,
1681 3389 1740 3441 τὸ

180 3483 317 3550 Eho,
349 3482 711 3554 ἑρμηνεύεται
729 3479 910 3547 οἶκος.
937 3482 1097 3553 Δηλοῖ
1114 3482 1192 3545 δὲ,
1219 3482 1300 3535 ὅτι
1323 3480 1464 3534 οὕτω
1489 3481 1742 3553 κατορθοῖ

173 3575 431 3645 νεώτερος
460 3574 558 3645 τὴν
581 3574 696 3628 ὁδὸν
731 3574 896 3627 αὑτοῦ
935 3577 990 3627 ἐν
1017 3574 1095 3644 τῷ
1132 3570 1271 3628 εἶναι
1298 3574 1395 3645 τὴν
1429 3573 1602 3643 ψυχὴν
1645 3575 1738 3626 καὶ

171 3667 237 3719 τὰ
265 3667 406 3736 μέλη
462 3666 628 3719 αὐτοῦ
682 3662 829 3720 οἷκον
880 3665 1038 3720 Θεοῦ.
1100 3663 1385 3732 Quomodo
1413 3664 1736 3733 juveniliuut

175 3757 528 3826 cupiditatum
600 3758 724 3826 quis
782 3755 1168 3818 oblivjscitur?
1228 3754 1366 3810 Illud
1449 3755 1735 3810 cinnabari

174 3849 468 3918 ascriptum
505 3863 701 3902 nomen
724 3869 736 3902 :
759 3848 883 3900 Beth
917 3849 1301 3917 interpretatur
1331 3848 1539 3901 domus.
1559 3846 1740 3916 Signi-

172 3940 292 3994 ﬁcat
325 3948 534 4004 autem,
567 3939 713 4009 quod
767 3941 841 3993 ita
893 3941 1117 4010 corrigit
1171 3939 1566 3994 adolescentior
1593 3939 1738 3992 viam

172 4048 348 4098 suam,
408 4031 455 4086 si
490 4031 674 4086 anima
726 4040 781 4086 et
839 4032 1081 4086 membra
1149 4031 1320 4088 iusius
1382 4031 1490 4086 sint
1541 4033 1739 4086 domus

171 4121 282 4177 Dei.

240 4212 326 4266 15.
376 4212 464 4264 Ἐν
489 4209 588 4282 τῷ,
623 4221 751 4273 etc.,
778 4210 840 4262 τὸ
883 4209 1096 4262 αἰώνιον
1133 4211 1192 4262 τὸ
1233 4211 1630 4282 ἡτοιμασμένον
1663 4211 1738 4281 τῷ

167 4302 394 4373 διαϐόλῳ
426 4303 521 4356 καὶ
567 4305 680 4364 τοῖς
720 4301 971 4370 ἀγγέλοις
1019 4301 1207 4354 αὐτοῦ.
1258 4303 1393 4356 Cum
1425 4305 1738 4358 recordatus

1912 2483 1999 2537 25.
2034 2486 2368 2560 Διαχὼρισον
2395 2489 2457 2542 τὸ
2488 2489 2676 2552 σκότος
2701 2505 2816 2550 σου,
2851 2495 2955 2541 etc.
3005 2485 3206 2552 Separa
3253 2489 3405 2536 tene-

1838 2574 1986 2640 bras,
2018 2588 2122 2632 etc.

1905 2665 1995 2720 24.
2023 2669 2136 2720 Οὐκ
2165 2667 2293 2738 ἔχω,
2325 2679 2429 2723 etc.
2455 2668 2572 2722 Non
2610 2669 2805 2729 habeo,
2833 2676 2937 2721 etc.

1901 2757 1992 2811 25.
2028 2759 2118 2830 Μὴ
2144 2761 2364 2827 ἀνάξιον
2389 2763 2564 2832 ἡγήσῃ
2605 2778 2670 2830 με
2699 2760 2791 2813 τοῦ
2839 2755 3041 2826 γνῶναί
3070 2755 3158 2824 ’με
3183 2753 3263 2820 τό,
3295 2763 3400 2807 etc.

1838 2844 1916 2900 Ne
1938 2848 2218 2919 indignum
2245 2851 2525 2906 existimes
2563 2866 2648 2904 me
2673 2863 2970 2920 agnoscere
3018 2861 3106 2900 me
3152 2844 3404 2898 volunta-

1839 2946 1947 2993 tem
1976 2950 2144 2995 tuam.

1908 3029 1998 3081 26.
2037 3029 2334 3093 Ἐπιποθεῖ,
2363 3039 2498 3095 etc.,
2553 3031 2646 3083 καὶ
2683 3032 2742 3083 οὐ
2799 3027 3114 3097 κορέννυται
3153 3024 3242 3089 τά,
3295 3032 3399 3076 etc.

1840 3117 2116 3174 Desiderat
2147 3121 2328 3174 anima
2361 3137 2500 3186 mea,
2536 3131 2588 3175 et
2627 3137 2731 3174 non
2766 3121 2995 3173 satiatur
3027 3117 3227 3170 facere.

1908 3211 1996 3263 27.
2035 3211 2124 3281 Τῷ
2149 3211 2397 3283 διαϐόλῳ,
2427 3223 2534 3268 etc.
2560 3211 2868 3273 Diabolum,
2901 3222 3006 3262 etc.

1911 3301 1998 3356 28.
2036 3304 2159 3356 Ἐπὶ
2211 3304 2476 3375 ἀπωλείᾳ,
2537 3316 2667 3368 etc.,
2744 3301 2986 3372 πονηρὰς
3060 3293 3402 3367 ἀναστροφὰς

1839 3394 2213 3464 πορευόμενοι.
2243 3394 2297 3448 In
2332 3395 2631 3454 interitum.
2659 3402 2789 3458 etc.,
2823 3392 2889 3446 ad
2911 3389 3168 3461 pristinas
3192 3387 3407 3470 iniquas

1840 3501 1966 3538 suas
1996 3488 2439 3541 conversationes
2472 3494 2845 3540 revertuntur.

1912 3578 2000 3631 29.
2037 3578 2256 3646 Ἀφελε,
2276 3589 2403 3646 etc.,
2437 3577 2855 3648 μεμαρτύρησαι
2883 3575 3113 3627 ἕκαστον
3143 3570 3271 3633 τῶν,
3297 3578 3399 3623 etc.

1839 3669 2053 3730 Adime,
2087 3679 2192 3722 etc.

1910 3760 1996 3812 50.
2034 3757 2138 3810 Καὶ
2165 3757 2292 3828 γάρ,
2319 3765 2426 3811 etc.
2449 3755 2892 3825 ὲπεσκεπτόμην,
2918 3763 3023 3808 etc.
3045 3750 3398 3814 Etenim,ctc.

1910 3850 1996 3903 5|.
2032 3847 2135 3900 Καὶ
2166 3849 2275 3918 γὰρ
2314 3846 2574 3918 μελετῶν,
2611 3856 2713 3899 etc.
2754 3845 2984 3906 Etenim,
3018 3851 3122 3896 etc.

1907 3941 1995 3995 52.
2033 3937 2452 4006 Ἐταπεινὼοην,
2487 3947 2589 3992 etc.
2624 3935 2950 3990 llumiliatus
2980 3949 3122 3996 sum,
3156 3940 3262 3986 etc.

1908 4033 1994 4085 55.
2035 4029 2564 4100 Ἑξωμολογησὰμην
2609 4044 2710 4088 σοι,
2758 4037 2887 4088 etc.,
2928 4027 3020 4078 καὶ
3053 4022 3252 4084 εὐοέως
3280 4019 3400 4090 ἠθε-

1836 4123 2007 4194 λησάς
2035 4140 2124 4193 με,
2157 4132 2265 4176 etc.
2294 4119 2594 4175 Confessus
2629 4135 2749 4173 sum
2787 4118 2909 4184 tibi,
2944 4125 3072 4179 etc.,
3122 4123 3176 4169 et
3217 4113 3400 4167 statim

1836 4213 2056 4269 voluisti
2086 4229 2191 4278 me,
2221 4221 2327 4266 etc.

1910 4305 1998 4359 54.
2031 4304 2132 4356 Τὸν
2157 4301 2458 4372 φωτισμόν,
2487 4311 2614 4363 etc.,
2669 4299 2763 4352 καὶ
2800 4299 2905 4350 ἀπὸ
2940 4297 3038 4366 τῆς
3075 4295 3315 4365 τέρψεως
3343 4291 3404 4344 οὐ

169 4404 313 4453 sum,
343 4405 465 4459 quae
497 4404 528 4442 a
555 4397 606 4442 te
631 4389 794 4452 dicta,
822 4400 950 4454 etc.,
978 4391 1030 4442 in
1061 4390 1238 4459 ignem
1266 4399 1550 4452 aeternum,
1588 4394 1731 4459 quod
1766 4414 1779 4468 ι

1899 4397 2119 4462 ιύσομαι
2154 4393 2392 4464 μελετῶν
2415 4395 2471 4446 ἐν
2505 4395 2592 4462 τῇ,
2624 4401 2728 4444 etc.
2773 4388 3247 4448 llluminationem,
3273 4394 3404 4450 etc.,

168 4488 414 4547 paratum
440 4489 526 4536 est
555 4479 774 4535 diabolo
802 4489 854 4533 ct
880 4481 1085 4549 angelis
1115 4480 1233 4548 ejus
1263 4481 1329 4532 ⁷³.

238 4571 325 4624 14.
368 4571 459 4635 Ἐξ
486 4571 636 4643 ὅλης,
665 4581 796 4640 etc.,
819 4574 1020 4644 ἡγήσῃ,
1053 4581 1157 4626 etc.
1184 4571 1261 4625 Ex
1300 4579 1432 4638 tota,
1467 4575 1742 4639 etc.,,exi-

169 4663 380 4725 stimcs,
419 4673 527 4717 etc.

243 4751 326 4804 I7.
366 4753 478 4822 Οὐχ
506 4752 912 4824 ὑπεστειλάμην
935 4757 1029 4805 τοῦ
1063 4750 1294 4817 διδάξαι,
1342 4760 1447 4806 etc.
1504 4750 1617 4807 Non
1663 4769 1740 4807 re-

167 4841 278 4912 fugi
310 4843 530 4907 docere,
562 4852 670 4899 etc.

237 4934 324 4988 18.
360 4933 547 4997 Οὕτως
579 4936 771 5004 χαρᾶς,
797 4945 900 4988 etc.
940 4935 1016 4989 Ita
1047 4935 1263 5004 gaudio,
1295 4946 1399 4992 etc.

234 5027 322 5082 19.
365 5029 454 5079 Ἐν
479 5029 600 5090 ταῖς
646 5028 888 5097 Γραφαῖς
925 5044 1039 5092 σου,
1067 5038 1197 5091 etc.,
1229 5029 1328 5098 τῆς
1351 5029 1575 5101 καρδίας
1615 5045 1738 5098 μου,

167 5127 264 5170 etc.
304 5115 362 5169 In
401 5118 690 5186 scripturis
723 5119 852 5179 tuis,
881 5129 1009 5182 etc.,
1043 5120 1222 5174 cordis
1254 5121 1359 5174 mei
1386 5161 1399 5184 ,
1428 5131 1532 5174 etc.

235 5203 325 5259 2C.
362 5204 576 5266 Νυκτὸς
605 5206 699 5258 καὶ
733 5207 967 5276 ἡμέρας.
994 5206 1088 5260 Die
1113 5217 1407 5276 noctuque.

235 5294 326 5347 21.
359 5293 467 5347 Καὶ
503 5294 774 5366 πληρώσω
817 5298 1012 5362 αὐτοὺς
1043 5297 1207 5368 ἔργῳ.
1251 5297 1317 5352 Et
1377 5300 1611 5372 implebo
1644 5316 1737 5353 eos

162 5400 346 5453 opere.

230 5475 318 5528 22.
355 5476 476 5539 Δός,
514 5488 643 5540 etc.,
674 5477 769 5529 τοῦ
798 5480 954 5548 ἁγίου
987 5498 1102 5545 σου,
1141 5489 1246 5536 etc.
1268 5479 1368 5545 Da,
1395 5492 1521 5547 etc.,
1562 5481 1734 5538 sancti

160 5567 237 5619 tui
269 5567 532 5636 Spiritus,
565 5577 671 5622 etc.

235 5698 492 5754 "Matth.
533 5715 662 5765 xxv,
699 5699 787 5752 41.

1836 4497 1888 4541 et
1919 4501 2027 4555 pra:
2055 4484 2413 4538 delectatione
2449 4497 2554 4535 non
2581 4481 2808 4533 cessabo
2839 4478 3107 4532 meditans
3131 4476 3208 4540 in,
3240 4485 3343 4530 etc.

1907 4577 1997 4631 55.
2034 4573 2380 4634 Βεϐύθισται,
2409 4581 2516 4626 etc.
2554 4571 2847 4625 Submersa
2871 4579 2974 4632 est,
3001 4578 3106 4623 etc.

1901 4668 1991 4721 56.
2030 4665 2346 4729 Ἀπέλασον,
2378 4673 2485 4718 etc.
2517 4663 2734 4732 Expellc
2757 4702 2772 4727 ,
2825 4672 2928 4716 etc.
2949 4699 2965 4724 ,
2996 4660 3296 4716 secundum
3338 4676 3406 4730 με

1836 4762 2005 4815 deest.

1909 4851 1999 4904 57.
2031 4845 2380 4916 Ἐπεπόθησόι
2411 4863 2468 4899 σε
2506 4846 2617 4907 τόν,
2653 4854 2755 4897 etc.
2790 4843 3129 4915 Μνημονεύω
3176 4842 3284 4911 γὰρ
3322 4840 3406 4899 τό,

1835 4953 1942 4996 etc.
1983 4939 2296 4994 Desideravi
2354 4948 2405 4992 te
2439 4937 2630 5001 lilium,
2681 4949 2810 5000 etc.,
2844 4936 3063 4991 memini
3099 4934 3243 4988 enim
3301 4941 3408 4984 tre-

1834 5032 2037 5092 mendi,
2071 5039 2175 5084 etc.

1906 5124 1994 5177 42.
2027 5121 2248 5192 Ἐπειδὴ
2278 5122 2493 5190 νήπιος,
2527 5132 2630 5173 etc.
2667 5119 2900 5189 βαδίσαι,
2937 5126 3069 5178 etc.,
3103 5115 3322 5184 ζητήσω
3349 5113 3404 5166 δὲ

1833 5215 1954 5285 τήν,
1988 5224 2116 5276 etc.,
2149 5230 2216 5283 με
2250 5213 2593 5282 περιπατεῖν,
2623 5221 2724 5262 etc.
2757 5209 3024 5272 Quoniam
3049 5205 3250 5265 infans,
3274 5215 3405 5265 etc.,

1837 5303 2110 5368 incedere,
2143 5313 2272 5364 etc.,
2303 5315 2543 5370 quierant
2575 5310 2754 5351 autem
2782 5299 2946 5361 viam,
2971 5307 3100 5362 etc.,
3125 5305 3176 5349 et
3209 5293 3298 5349 fac
3321 5310 3408 5346 me

1836 5394 2178 5447 inambulare
2204 5394 2254 5444 in
2291 5392 2443 5459 ipsis.

1907 5482 1976 5536 45
2033 5480 2351 5544 ’1⁸πόταξον,
2399 5488 2540 5539 etc.,
2583 5477 2675 5528 καὶ
2726 5477 2799 5546 μὴ
2849 5479 2928 5538 εἰς
2973 5477 3091 5548 τήν,
3141 5487 3269 5537 etc.,
3319 5475 3409 5528 ἵνα

1835 5575 1968 5643 εἰμί,
2001 5583 2105 5628 etc.
2145 5571 2384 5641 Subjice,
2417 5579 2544 5633 etc.,
2569 5580 2622 5623 et
2653 5586 2782 5636 non,
2816 5581 2944 5634 etc.,
2979 5580 3034 5623 ut
3060 5568 3184 5634 sim,
3215 5578 3322 5622 etc.
