3706 6404
212 304 335 359 1215

265 424 348 481 88.
386 422 618 492 Ἐγνων,
650 433 754 480 etc.
782 424 1042 496 Cognovi,
1073 438 1178 484 etc.

262 518 348 575 89.
380 518 491 571 Καὶ
513 516 758 589 ἀληθείᾳ,
783 528 887 573 etc.
923 517 990 573 Et
1020 522 1266 587 veritate,
1294 532 1400 577 etc.

258 607 345 666 90.
376 607 686 678 Γενηθήτω,
716 618 819 662 etc.
851 607 969 662 Fiat
1000 609 1392 677 misericordia,
1417 620 1521 666 etc.

257 696 345 753 91.
385 695 738 757 Ἐλθέτωσαν,
768 707 873 752 etc.
910 697 1159 765 Veniant,
1190 709 1293 755 etc.

257 789 341 847 92.
376 790 855 860 Αἰσχυνθήτωσαν,
886 801 988 847 etc.
1020 791 1456 859 Confundautur,
1483 804 1587 849 etc.

255 885 340 941 95.
410 883 930 953 Ἐπιστρεψάτωσάν
992 902 1107 955 με,
1177 895 1282 940 etc.
1346 884 1748 941 Convertautur

192 976 314 1030 mihi
334 1018 349 1041 ,
395 985 504 1031 etc.

251 1067 335 1123 94.
369 1067 677 1138 Γενηθήτω,
703 1077 806 1122 etc.
834 1067 955 1122 Fiat
981 1083 1078 1123 cor
1102 1084 1304 1133 meum,
1330 1079 1435 1125 etc.

251 1158 337 1213 95.
378 1159 676 1223 Ἐκλείπει,
712 1170 840 1225 etc.,
871 1160 965 1213 καὶ
996 1162 1076 1224 είς
1103 1160 1482 1229 ωὺςΊόγους,
1513 1171 1617 1219 ctc.
1641 1161 1743 1217 Dc~

188 1248 325 1313 fecit,
360 1261 489 1314 etc.,
526 1259 578 1304 et
607 1252 659 1305 in
695 1259 819 1305 tuos
849 1267 1147 1314 sermones,
1182 1262 1285 1307 etc.

248 1341 333 1396 96.
374 1342 669 1407 Ἐξέλιπον,
699 1353 804 1398 etc.
836 1343 1178 1410 Defecerunt,
1202 1354 1306 1399 etc.

247 1434 334 1489 97.
363 1434 508 1490 Ὅτι.
534 1445 638 1489 etc.
665 1434 822 1501 Quia,
845 1445 949 1489 etc.

245 1525 331 1581 98.
361 1526 443 1580 Τὰ
473 1525 816 1597 δικαιώματά
845 1544 960 1593 σου,
1005 1535 1112 1583 etc.
1145 1526 1573 1583 Justilicationes
1597 1537 1739 1592 tuas,

181 1627 275 1671 etc.

244 1707 328 1762 99.
359 1708 555 1771 Πόσαι,
575 1717 676 1764 etc.
708 1707 852 1775 Quot
885 1719 1034 1776 sunt,
1066 1718 1171 1765 etc.

1008 358 1011 365 .
1042 310 1132 366 DE
1167 311 1443 369 TlTULlS
1477 313 1924 373 PSALMORUM.
1963 347 2036 360 —
2070 315 2268 373 PSAL.
2305 316 2542 375 CXVlll.

3276 320 3417 377 1214

1778 437 1825 493 Α
1924 432 2048 488 105.
2073 434 2168 498 Εἰς
2191 436 2281 488 τὸν
2310 434 2503 499 αἰῶνα,
2529 444 2633 490 etc.
2661 436 2716 491 In
2744 445 3026 503 aeternum,
3050 449 3152 494 elc.

1924 521 2045 577 106.
2074 524 2168 586 Et;
2195 523 2410 593 γενεάν,
2439 534 2544 579 etc.
2570 523 2629 578 In
2658 528 3084 595 generationem,
3110 539 3213 585 etc.

1923 611 2043 666 107.
2088 613 2503 683 Ἔθεμελίωσας,
2534 623 2637 669 etc.
2674 614 2954 682 Fundasti,
2983 629 3089 673 etc.

1921 702 2040 756 108.
2070 704 2146 774 Τῇ
2169 703 2427 768 διατάξει,
2456 714 2560 759 etc.
2588 703 2959 775 Ordinatiune,
2989 718 3096 764 etc.

1919 792 2040 846 109.
2070 795 2131 846 Ei
2168 796 2265 864 μή,
2293 802 2399 850 etc.
2432 794 2568 859 Nisi,
2596 805 2700 850 etc.

1918 883 2038 938 110.
2070 885 2164 947 Εἰς
2193 884 2303 948 τόν,
2338 894 2441 939 etc.
2475 884 2531 939 In
2564 894 2846 949 aeternum,
2873 896 2977 941 etc.

1915 974 2034 1027 111.
2064 974 2163 1037 Σός
2190 976 2326 1045 εἰμι,
2353 984 2460 1030 etc.
2495 976 2646 1031 Tuus
2671 992 2812 1041 sum,
2848 989 2952 1031 etc.

1915 1065 2035 1120 112.
2079 1067 2229 1136 Ἐμέ,
2265 1076 2369 1122 etc.
2399 1067 2482 1121 Me
2515 1078 2979 1135 exspectaverunt,
3007 1078 3113 1125 etc.

1915 1157 2035 1210 115.
2066 1158 2273 1230 nam,
2303 1168 2408 1214 etc.
2439 1159 2646 1222 Omnis,
2669 1173 2775 1215 etc.

1912 1249 2034 1301 114.
2066 1249 2318 1314 Πλατεία,
2342 1260 2447 1305 etc.
2476 1250 2691 1315 Latum,
2722 1262 2824 1307 etc.

1912 1339 2034 1393 115.
2076 1340 2181 1403 Ὦς,
2209 1351 2314 1395 etc.
2343 1342 2647 1406 Quomodo,
2677 1350 2782 1396 ctc.

1912 1429 2033 1483 116.
2064 1430 2252 1500 Ὅλην,
2286 1440 2393 1485 etc.
2428 1430 2585 1494 Tota,
2622 1440 2727 1486 etc.

1912 1520 2036 1575 117.
2075 1520 2243 1591 ’Υπὲρ
2274 1522 2434 1587 τούς,
2481 1530 2609 1587 etc.,
2652 1522 2758 1593 ὲμή
2790 1522 2954 1574 ἐστιν.
3004 1518 3179 1591 Super
3222 1518 3375 1574 inimi

1840 1624 1956 1675 cos,
1985 1618 2090 1663 etc.

1913 1701 2033 1756 118.
2071 1702 2245 1774 ’Υπὲρ
2274 1702 2502 1767 πάντας,
2528 1711 2634 1757 etc.
2669 1702 2844 1772 Super
2867 1718 3077 1765 omnes,
3112 1714 3216 1758 etc.

245 1796 366 1851 100.
398 1772 747 1869 Διηγήσαντόν
770 1818 892 1869 μοι,
923 1772 1051 1862 etc.,
1082 1800 1423 1872 ἀδολεσχίαν,
1462 1809 1566 1858 etc.
1597 1801 1736 1857 Ναβ-
1769 1773 1781 1830 1

1910 1793 2030 1847 119.
2070 1772 2262 1864 Ὑπὲρ,
2300 1803 2407 1848 etc.
2438 1794 2614 1863 Super
2645 1809 2825 1856 senes,
2858 1804 2963 1848 etc.

179 1897 428 1942 raverunt
460 1890 615 1954 mihi,
648 1898 776 1955 etc.,
803 1889 1211 1959 tabulationem,
1243 1903 1349 1948 etc.

245 1979 363 2033 101.
398 1982 598 2045 Πᾶσαι,
623 1993 728 2036 etc.
764 1981 978 2045 Omnia,
1011 1992 1119 2037 etc.

241 2070 363 2125 102.
404 2073 650 2138 ’Δδίκως,
679 2084 805 2139 etc.,
826 2074 1095 2145 βοήθησον
1124 2093 1213 2147 με,
1241 2085 1347 2133 etc.
1371 2076 1582 2149 Inique,
1605 2087 1741 2145 etc.,

175 2163 366 2234 adiuva
400 2181 507 2219 me.

240 2254 360 2308 105.
389 2256 567 2325 Παρὰ,
596 2265 701 2312 etc.
729 2256 897 2311 Paulo
926 2256 1126 2323 minus,
1152 2267 1255 2315 etc.

240 2344 360 2399 104.
385 2347 562 2411 Κατὰ,
590 2357 694 2403 etc.
724 2348 1057 2416 Secundum,
1086 2360 1189 2404 etc.

1902 1882 2025 1936 120.
2069 1884 2162 1937 Ἐκ
2197 1884 2399 1956 πάσης,
2428 1895 2533 1939 etc.
2568 1884 2653 1938 Ab
2681 1884 2830 1938 omni
2861 1883 2970 1948 via,
3003 1891 3109 1937 etc.

1902 1973 2027 2028 121.
2065 1973 2197 2027 Ἀπὸ
2228 1973 2359 2037 τῶν,
2389 1984 2494 2027 etc.
2527 1973 2572 2026 A
2601 1972 2848 2042 judiciis,
2877 1980 2982 2025 etc.

1903 2064 2025 2119 122.
2062 2065 2167 2129 Ὡς,
2197 2072 2303 2121 etc.
2334 2066 2510 2132 Quam
2538 2066 2740 2131 dulcia,
2771 2074 2875 2120 etc.

1903 2156 2023 2210 125.
2063 2157 2194 2211 Ἀπὸ
2222 2158 2354 2222 τῶν,
2381 2166 2485 2213 etc.
2517 2157 2561 2209 Α
2593 2156 2882 2222 mandatis,
2911 2164 3018 2210 etc.

1910 2249 2030 2304 124.
2060 2249 2286 2320 Λύχνος,
2317 2259 2424 2307 etc.
2451 2249 2716 2315 Lucerna,
2738 2258 2826 2304 etc

1250 2439 1630 2497 ATHANASII
1670 2441 2249 2507 INTERPRETATIO.

236 2530 324 2585 88.
349 2530 663 2597 Φωτισθείς,
698 2541 800 2586 etc.
827 2532 1189 2597 Illuminatus,
1220 2543 1326 2589 etc.

242 2622 332 2677 89.
364 2623 474 2676 Καὶ
499 2623 664 2693 ειπερ,
693 2632 798 2678 etc.
835 2622 901 2677 Et
929 2640 1068 2694 quae,
1102 2634 1208 2681 etc.

235 2712 325 2769 90.
365 2713 527 2767 Ἀλλὰ
565 2714 726 2767 πάλιν
774 2714 980 2784 γένοιτο
1007 2717 1086 2780 τό,
1122 2726 1226 2770 etc.
1265 2714 1390 2779 Sed,
1416 2725 1519 2772 etc.

231 2804 320 2859 91.
358 2804 779 2877 Ἐπισκηνώσει,
806 2815 938 2871 etc.,
970 2806 1323 2877 ζωοποίησον,
1352 2809 1455 2876 ὅτι,
1479 2817 1581 2864 etc.
1624 2810 1733 2864 lla-

166 2896 317 2961 bitet,
347 2906 477 2961 etc.,
514 2896 749 2962 viviﬁca,
778 2898 1062 2966 quoniam,
1095 2906 1200 2951 etc.

232 2988 322 3043 95.
365 2989 750 3059 Κατηχήσουσι
775 3029 789 3053 ,
820 2997 924 3042 etc.
949 3026 965 3053 ,
1015 2988 1109 3041 καὶ
1164 2988 1361 3052 ἰδόντες
1404 2988 1511 3043 τῶν
1562 2990 1732 3059 ἁγίων

164 3078 414 3150 Γραφῶν.
442 3078 738 3143 lnstruent,
768 3090 898 3146 etc.,
942 3089 995 3135 et
1024 3082 1289 3148 videntes,
1331 3091 1461 3150 etc.,
1507 3091 1728 3137 sancta-

165 3187 283 3227 rum
317 3169 532 3242 Scriptu
541 3188 747 3226 rarum.

228 3258 800 3336 94.Ἶξππρττσθήτω.
830 3271 937 3318 etc.
972 3260 1312 3329 Perticiatur,
1335 3273 1440 3319 etc.

230 3355 317 3410 95.
350 3357 512 3426 Διῲᾷ,
546 3364 653 3411 etc.
691 3353 837 3421 Sitit,
864 3365 997 3412 etc..

228 3449 316 3507 96.
359 3446 620 3518 Ἐξετὰκη
654 3447 683 3498 ὁ
710 3446 864 3515 λόγος
887 3488 901 3511 ,
951 3456 1057 3502 etc.
1110 3446 1480 3516 Consumptus
1505 3455 1591 3501 est
1619 3462 1735 3503 ser-

160 3557 269 3605 mo,
302 3550 430 3598 etc.,
467 3539 671 3610 legend.
705 3552 763 3592 ut
807 3542 860 3592 in
902 3539 1018 3592 cod.
1060 3538 1231 3592 Barb.
1274 3538 1565 3609 Ἐξετάκην
1589 3538 1726 3603 ὅλος.

227 3633 317 3688 97.
346 3633 491 3697 Ὅτι,
522 3642 626 3685 etc.
658 3630 949 3696 Quoniam,
982 3641 1085 3684 etc.

226 3723 316 3778 98.
344 3718 476 3776 Οἶδα
498 3762 514 3788 ,
558 3722 654 3775 καί
686 3720 1007 3792 μνημονεύω
1025 3760 1040 3785 ,
1088 3731 1217 3784 etc.,
1253 3719 1361 3773 τῶν
1388 3717 1730 3793 ἁμαρτωλῶν

160 3811 672 3885 ἀντιλαμϐάνεσθαι.
722 3809 884 3877 Novi,
915 3821 969 3866 et
999 3810 1280 3877 recordor,
1315 3819 1446 3875 etc.,
1480 3817 1727 3879 peccato-

160 3905 312 3959 ribus
341 3903 651 3958 subvenire.

224 3992 315 4048 99.
346 3994 528 4057 Πόσας
547 4036 561 4058 ,
589 4000 733 4054 etc.,
762 3989 956 4055 δώσεις
988 4009 1107 4062 μοι,
1144 4000 1278 4057 etc.,
1314 4008 1417 4064 μου
1444 3991 1731 4045 κατεδυνὰ-

158 4102 418 4151 στευσανς
450 4084 634 4152 Quot,
666 4092 794 4152 etc.,
833 4084 989 4140 dabis
1023 4085 1157 4139 mihi
1180 4123 1197 4150 ,
1226 4091 1359 4149 etc.,
1414 4084 1470 4138 in
1502 4098 1590 4137 me
1633 4084 1729 4138 do-

159 4177 346 4231 miuati
379 4185 508 4230 sunt
530 4175 557 4228 ?

226 4269 350 4324 100.
392 4266 686 4321 ’Υπέθεντό
716 4283 805 4338 μοι
829 4266 909 4332 τό,
936 4275 1066 4331 etc.,
1095 4267 1213 4321 ἁλλ’
1235 4268 1333 4339 οὐχ
1353 4267 1526 4332 οὕτως
1554 4269 1614 4321 ού
1641 4268 1730 4321 θέ-

155 4358 294 4425 λεις.
342 4358 535 4433 Κύριε.
582 4345 957 4415 Subdiderunt
1002 4360 1173 4424 mihi,
1210 4367 1341 4425 etc.,
1384 4360 1476 4415 sed
1509 4375 1619 4413 non
1649 4361 1729 4415 sic

154 4454 257 4516 vis,
290 4452 541 4517 Domine,
572 4463 675 4508 etc.

225 4544 346 4599 101.
393 4540 526 4598 Οἶδα
548 4585 565 4609 ,
606 4542 688 4597 ὅτι
714 4542 1084 4616 δικαιοκρίτης
1127 4537 1180 4597 εἶ
1220 4543 1301 4608 είς
1330 4541 1525 4597 πάντα.
1556 4542 1724 4612 Novi,

152 4633 296 4704 quod
321 4632 507 4704 justus
530 4632 695 4703 iudex
728 4648 787 4688 es
821 4632 873 4687 in
898 4649 1135 4687 omnem.

220 4723 344 4778 102.
374 4722 671 4793 Φεύγοντος
702 4741 824 4793 μου,
854 4734 956 4779 etc.
983 4723 1243 4794 Fugiente
1273 4740 1379 4791 me,
1409 4734 1511 4780 etc.

1831 2542 1971 2598 dasti
2000 2560 2217 2600 omnem
2253 2545 2538 2606 mundum,
2563 2550 2668 2599 etc.

1901 2636 2023 2691 110.
2050 2638 2163 2690 Οὐκ
2194 2637 2291 2703 ἄν,
2320 2645 2450 2701 etc.,
2480 2634 2836 2706 ὲζωποίησας.
2866 2631 2986 2687 Non
3016 2632 3239 2703 utique,
3265 2641 3395 2697 etc.,

1832 2727 2135 2782 vhilicasti.

1902 2820 2023 2874 112.
2062 2818 2212 2890 Ἐμέ,
2254 2826 2385 2886 etc.,
2436 2818 2587 2891 παρὰ
2618 2817 2710 2871 σοῦ
2751 2817 2879 2889 περὶ
2921 2816 3019 2887 τῆς
3061 2816 3160 2887 σῆς
3185 2813 3399 2877 ἐλπίδος

1835 2908 2070 2972 ἀκούσας
2098 2908 2412 2961 ἐπίστευσα.
2440 2907 2543 2975 Me,
2565 2918 2692 2973 etc.,
2718 2906 2859 2961 dicta
2884 2914 3063 2959 autem
3088 2919 3118 2957 a
3146 2913 3197 2959 te
3214 2903 3281 2957 de
3305 2912 3395 2958 tua

1832 3014 1927 3069 spe
1953 3000 2179 3053 audirns
2213 3000 2439 3054 credidi.

1904 3090 2026 3144 115.
2061 3090 2268 3161 Πάσης,
2304 3101 2431 3155 etc.,
2478 3083 2616 3142 εἶδον
2650 3086 2840 3159 πέρας.
2874 3084 3085 3152 Omnis,
3115 3097 3221 3142 etc.
3242 3126 3258 3151 ,
3285 3086 3395 3140 vidi

1831 3182 2016 3235 tinem.

1901 3273 1960 3326 11
1982 3272 2027 3328 ﬁ.
2056 3275 2119 3327 Οί
2145 3272 2222 3336 δέ,
2252 3284 2354 3329 etc.
2384 3272 2761 3329 Custodientes
2791 3281 2995 3336 autem,
3024 3281 3129 3328 etc.

1900 3363 2022 3417 115.
2067 3364 2154 3429 Ὠς
2186 3365 2365 3437 μόνον,
2394 3374 2523 3432 etc.,
2553 3366 2771 3436 ἀγαπᾷν
2792 3364 2853 3417 τὸ
2870 3364 3040 3435 δνομὰ
3070 3380 3184 3418 σου.
3219 3360 3287 3420 Ut
3306 3377 3397 3418 so-

1830 3455 1963 3520 lum,
1996 3464 2125 3521 etc.,
2155 3473 2351 3511 nomen
2383 3466 2556 3511 tuum.

1902 3548 2025 3601 116.
2066 3547 2480 3611 Ἀδιαλείπτως,
2516 3554 2619 3601 etc.
2641 3587 2655 3610 ,
2690 3547 2782 3601 καὶ
2824 3548 3114 3620 προκύπτω
3139 3548 3198 3601 ὲν
3224 3545 3391 3616 αὐτῷ.

1830 3636 2219 3701 lndesinenter,
2256 3647 2384 3701 etc.,
2415 3647 2469 3691 et
2500 3637 2727 3706 proﬁcio
2755 3638 2806 3689 in
2835 3638 2971 3706 ipsa.

1900 3728 2022 3783 117.
2048 3729 2180 3791 Ταῖς
2208 3728 2336 3799 γάρ,
2364 3738 2495 3789 etc.,
2532 3729 2629 3799 τὴν
2663 3727 2822 3799 χάριν
2846 3727 3065 3799 ταύτην.
3100 3727 3233 3782 Nam
3256 3744 3360 3784 con
3378 3757 3395 3770 -

1836 3820 2040 3884 trariis,
2077 3831 2207 3884 etc.,
2234 3821 2374 3873 lianc
2398 3820 2648 3889 gratiam.

1902 3910 2022 3965 118.
2064 3910 2255 3984 Ὑπὲρ,
2286 3919 2390 3964 etc.
2428 3910 2620 3979 Supcr,
2650 3919 2755 3965 etc.

1900 4001 2020 4057 119.
2059 4001 2231 4072 ’Υπὲρ
2257 4002 2384 4064 τοὺς
2408 4002 2534 4072 πρό,
2564 4012 2670 4055 etc.
2700 4001 2874 4070 Super
2902 4016 3114 4066 omnes,
3134 4009 3240 4056 etc.

1902 4093 2023 4147 120.
2060 4093 2192 4146 Ἀπὸ
2226 4093 2426 4164 πάσης,
2459 4102 2562 4147 etc.
2600 4091 2683 4146 Ab
2712 4093 2883 4155 omni,
2913 4104 3018 4147 etc.

1898 4186 2020 4240 121.
2063 4186 2151 4237 Ἑν
2178 4187 2310 4248 τοῖς,
2346 4196 2430 4239 etc
2458 4226 2473 4250 ,
2499 4184 2725 4253 πλάγιος
2756 4186 2856 4237 οὐκ
2879 4184 3202 4255 ἐπορεύθην,
3225 4184 3307 4236 ὅτι
3331 4184 3393 4235 σὺ

1827 4278 1892 4347 τῇ
1922 4276 2106 4347 χάριτί
2129 4292 2243 4338 σου,
2262 4286 2366 4330 etc.
2394 4275 2448 4328 In
2474 4277 2755 4344 praeceptis
2779 4276 2885 4329 tuis
2915 4276 3260 4329 transversim
3284 4289 3394 4329 non

1828 4360 1991 4425 abivi,
2021 4362 2277 4430 quoniam
2315 4373 2368 4414 tu
2403 4362 2572 4429 gratia
2608 4370 2693 4414 tua
2723 4362 2992 4414 deduxisti
3026 4376 3130 4414 me.

1759 4468 1804 4523 υ
1900 4450 2022 4503 122.
2051 4451 2123 4503 Τὸ
2149 4451 2245 4521 μὲν
2268 4450 2485 4521 πρῶτον
2510 4450 2570 4503 τὸ
2598 4451 2782 4511 ἰδικόν,
2805 4464 2933 4513 etc.,
2967 4451 3081 4503 ἐστί
3112 4467 3202 4521 μοι
3231 4452 3299 4505 τὰ
3317 4452 3396 4505 δι-

1829 4540 2121 4610 καιώματὰ
2137 4558 2228 4593 σου
2250 4559 2263 4572 ο
2291 4542 2381 4593 καὶ
2399 4540 2535 4611 μετὰ
2558 4541 2618 4594 τὸ
2634 4540 2961 4611 παραλαϐεῖν
2980 4540 3129 4601 αὐτό,
3154 4565 3167 4590 ι
3188 4552 3281 4603 tc.,
3299 4543 3396 4595 αὐ-

1825 4632 1921 4685 τοῦ
1950 4632 2159 4695 πὲεται,
2197 4641 2298 4688 etc.
2331 4630 2501 4683 Τοῦτο
2542 4631 2725 4703 δηλοῖ,
2765 4632 2843 4684 ὅτι
2874 4631 3012 4703 ὑπὲρ
3046 4632 3246 4695 πᾶσαν,
3284 4641 3391 4687 etc.

1827 4721 2045 4777 Primus
2069 4722 2285 4790 quidem
2316 4722 2589 4790 proprius,
2634 4729 2763 4786 etc.,
2807 4722 3076 4776 dulciores
3102 4731 3232 4776 sunt
3261 4723 3395 4776 mihi

220 4813 345 4868 103.
378 4812 588 4876 υύτως,
619 4822 746 4876 etc.,
782 4813 1058 4884 ἐπέϐησάν
1086 4830 1196 4884 μοι,
1224 4823 1353 4879 etc.,
1377 4816 1435 4867 ὲν
1460 4818 1526 4888 τῇ
1550 4815 1729 4885 ἁμαρ-

1901 4812 2240 4867 stilicatioues
2286 4819 2431 4875 tuae,
2482 4819 2610 4877 etc.,
2664 4821 2719 4865 et
2771 4821 3059 4882 postquam
3112 4821 3393 4881 acceptum

148 4901 240 4975 τίᾳ
270 4919 396 4973 μου,
432 4901 567 4971 ἐγώ,
598 4911 703 4956 etc.
738 4901 837 4967 Ita,
869 4912 998 4967 etc.,
1031 4902 1311 4957 irruerunt
1338 4903 1493 4969 mihi,
1517 4916 1648 4967 etc.,
1670 4905 1726 4959 in

150 5004 371 5062 peccato
401 5009 545 5056 meo,
578 5008 700 5063 ego,
732 5001 837 5047 ctc.

220 5084 343 5139 104.
395 5083 630 5149 Καθὼς,
682 5096 823 5151 etc.,
867 5083 935 5139 τὰ
983 5085 1385 5156 προστάγματὰ
1433 5102 1561 5151 σου,
1617 5093 1722 5137 ctc.

150 5174 642 5242 Quemadmodum,
668 5184 796 5239 etc.,
829 5185 1091 5246 praecepta
1123 5183 1237 5238 tua,
1265 5187 1369 5230 etc.

220 5267 341 5322 105.
368 5267 465 5330 Εἰς
493 5266 592 5336 τὴν
621 5265 867 5335 καρδίαν,
903 5268 958 5319 ὲν
1048 5268 1215 5328 οἰκεῖς
1234 5306 1248 5329 ,
1282 5266 1376 5320 καὶ
1410 5267 1723 5336 ἐμπεριπα-

150 5360 294 5421 τεῖς,
341 5367 452 5413 etc.
499 5357 561 5410 in
597 5359 795 5422 corde,
842 5358 896 5411 in
939 5374 1049 5428 quo
1090 5357 1303 5411 habitas
1328 5397 1342 5422 ,
1378 5366 1433 5412 et
1472 5359 1723 5410 inambu-

150 5448 246 5511 las,
272 5458 378 5503 etc.

218 5540 337 5596 106.
374 5540 475 5602 Εἰς
512 5539 641 5601 τοὺς
681 5541 867 5605 ἁγίους
909 5556 1002 5592 σου
1045 5539 1169 5601 τοὺς
1211 5538 1329 5592 καθ’
1360 5541 1596 5610 ἑκάστην
1628 5557 1722 5609 γε-

150 5626 296 5688 νεάν,
324 5637 433 5683 etc.
462 5626 522 5681 lu
551 5628 755 5680 sanctis
788 5628 919 5689 tuis,
943 5626 1059 5696 qui,
1094 5634 1200 5681 etc.

217 5718 340 5774 107.
396 5715 796 5784 Ἐθεμελίωσας
826 5716 999 5773 πάντα
1041 5717 1131 5771 τὸν
1164 5718 1385 5789 κόσμον,
1416 5728 1517 5776 etc.
1571 5718 1715 5775 Fun-

1826 4913 1927 4970 est,
1956 4911 2085 4971 etc.,
2124 4903 2305 4959 statim
2338 4904 2537 4958 excidit
2568 4903 2687 4973 ejus
2712 4904 2965 4965 dulcedo,
2987 4912 3092 4956 etc.

1900 4996 2022 5050 125.
2066 4995 2197 5049 Ἀπὸ
2220 4995 2352 5062 τῶν,
2382 5007 2514 5064 etc.,
2548 4995 2881 5065 συνετίσθην.
2915 4996 2961 5048 Α
2989 4991 3392 5062 justiﬁcationi-

1826 5088 1950 5149 bus,
1986 5095 2091 5141 etc.

1897 5178 2020 5233 124.
2057 5169 2244 5243 Ὅταν,
2292 5187 2420 5240 etc.,
2464 5179 2642 5248 φαίνει
2691 5194 2780 5247 μοι
2820 5179 2849 5230 ὁ
2877 5176 3037 5245 νόμος
3083 5190 3176 5227 σου
3208 5174 3286 5245 τῷ
3316 5175 3391 5247 μὴ

1825 5270 2193 5341 προσκόψαντί
2239 5288 2326 5340 μοι
2370 5268 2712 5341 [προσκόψαι
2761 5265 2863 5338 με]
2906 5268 2971 5337 τῇ
3013 5266 3255 5337 ἁμαρτίᾳ
3289 5281 3391 5336 μου

1825 5365 2010 5414 πεσεῖν
2042 5362 2074 5433 ἢ
2102 5359 2373 5432 πληγῆναί
2405 5377 2460 5429 τι
2487 5360 2584 5428 τῆς
2607 5396 2622 5417 .
2663 5369 2766 5412 etc.
2795 5356 2964 5420 Cum,
3006 5371 3134 5420 etc.,
3168 5367 3392 5427 apparet

1824 5454 1956 5507 mihi
1986 5454 2071 5506 lex
2102 5463 2211 5515 tua,
2241 5467 2308 5505 ne
2335 5450 2611 5506 oﬂ‘endens
2645 5450 2697 5503 in
2730 5458 3013 5520 peccatum
3063 5447 3273 5513 cadam,
3296 5456 3392 5502 aut

1823 5542 2029 5613 aliquid
2062 5542 2258 5596 mentis
2290 5555 2422 5594 meae
2445 5542 2781 5608 vulneretur,
2813 5549 2869 5596 et
2897 5539 3169 5595 illuminat
3196 5553 3306 5603 me,
3330 5548 3391 5592 ut

1822 5635 1990 5690 sciam
2022 5634 2152 5705 quid
2185 5630 2426 5688 faciam?
