3706 6408
320 272 461 326 1215

388 387 512 442 125.
548 392 781 461 Ὠμοσα,
810 403 918 450 etc.
939 394 1153 464 iuravi,
1183 412 1289 457 etc.

387 477 513 531 126.
553 480 970 555 Ἐταπεινὼθην,
1002 498 1108 543 etc.
1148 490 1474 552 Humiliatus
1505 515 1650 565 sum,
1672 513 1782 559 etc.

388 568 510 621 127.
533 570 615 623 Τὰ
634 572 876 636 ἑκούσια,
902 588 1009 632 etc.
1044 577 1385 649 Voluntaria,
1410 596 1516 642 etc.

386 659 507 711 128.
537 662 649 715 Καὶ
674 663 744 716 τὰ
767 666 1034 737 κρίματα,
1062 681 1167 727 etc.
1197 673 1262 729 Et
1284 675 1514 745 judicia,
1548 693 1652 737 etc.

381 748 506 803 129.
545 751 609 803 Ἦ
635 753 779 825 ψυχή
810 774 934 827 μου,
968 770 1073 817 etc.
1102 765 1297 821 Anima
1319 783 1461 834 mea,
1495 781 1598 826 etc.

381 841 503 895 150.
538 844 783 911 Ἐθεντο,
808 859 914 906 etc.
949 851 1277 925 Posuerunt,
1301 868 1405 915 etc.

380 934 504 988 131.
539 935 1002 1013 Ἐκληρονόμησα,
1029 957 1133 1003 etc.
1170 948 1512 1022 Haereditavi,
1538 966 1641 1010 etc.

382 1023 506 1080 132.
536 1027 780 1097 Ἕκλινα,
811 1043 918 1090 etc.
946 1036 1233 1104 lnclinavi,
1258 1052 1367 1098 etc.

379 1112 504 1166 133.
531 1115 905 1192 Παρανόμους,
934 1136 1038 1182 etc.
1073 1128 1316 1200 lniquos,
1349 1146 1451 1192 etc.

378 1204 502 1260 134.
527 1208 727 1281 Βοηθός
759 1233 882 1285 μου,
914 1230 1020 1276 etc.
1053 1222 1303 1293 Adjutor,
1328 1237 1435 1286 etc.

378 1296 502 1351 135.
541 1301 851 1361 Ἐκκλίνατε
885 1312 980 1363 ἀπ’
1012 1315 1171 1384 ἐμοῦ,
1203 1327 1306 1373 etc.
1337 1319 1633 1387 Declinate,
1662 1334 1765 1381 etc.

383 1389 504 1445 156.
546 1393 891 1465 ’Δντιλαϐοὖ,
943 1414 1070 1471 etc.,
1115 1410 1209 1462 καὶ
1257 1411 1528 1483 ζήσομαι,
1575 1426 1679 1470 etc.
1735 1413 1879 1470 Sus-

306 1477 447 1547 cipe.
479 1490 585 1537 etc.

385 1572 502 1625 137.
529 1574 803 1648 Βοήθησὸν
835 1600 945 1652 μοι,
973 1597 1081 1643 etc.
1117 1589 1327 1660 Adjuva
1355 1610 1459 1660 me,
1486 1606 1590 1651 etc.

378 1661 503 1718 138.
539 1664 952 1737 Ἐξουδένωσας,
984 1686 1093 1732 etc.
1129 1678 1412 1748 Sprevisti,
1434 1694 1538 1739 etc.

378 1752 500 1807 159.
531 1756 989 1831 Παραῦαἱνοντας,
1015 1777 1122 1824 etc.
1147 1770 1595 1839 Prazvaricantes,
1630 1790 1736 1832 etc.

380 1841 501 1897 130.
534 1846 884 1919 Καθήλωσον,
912 1866 1018 1911 etc.
1045 1857 1286 1934 Conlige,
1313 1876 1418 1921 etc.

378 1934 501 1990 111.
541 1939 823 2014 Ἐποίησα,
855 1958 961 2003 etc.
996 1948 1146 2018 Feci,
1181 1964 1288 2011 etc.

1199 285 1260 341 S.
1295 289 1669 350 ATHANASII
1709 296 1861 357 OPP.
1899 302 2082 361 PARS
2116 306 2206 363 111.
2242 340 2315 351 -
2347 296 2762 373 ΕῘΕϐΕΤΙΟΔ.

3419 327 3552 383 1216

1912 426 1961 482 Α
2057 424 2184 480 112.
2213 429 2485 497 Ἔκδεξαι,
2516 444 2623 489 etc.
2656 435 2907 506 Suscipe,
2928 448 3033 495 etc.

2058 516 2179 571 143.
2211 521 2273 572 Oi
2307 521 2572 595 ὀφθαλμοί
2599 544 2726 597 μου,
2754 538 2862 585 etc.
2894 530 3048 588 Oculi
3079 538 3207 595 mei.
3235 550 3343 594 etc.

2059 608 2184 663 1.11.
2214 612 2467 683 Ποίησον,
2499 626 2605 671 etc.
2640 617 2771 682 Fac,
2797 632 2904 679 etc.

2059 699 2183 756 115.
2208 701 2406 767 Δοῦλός
2430 722 2544 769 σου,
2577 717 2680 763 etc.
2714 710 2918 768 Servus
2943 726 3089 783 tuus,
3110 728 3215 773 etc.

2060 792 2184 845 146.
2213 795 2438 869 Καιρός,
2471 810 2576 855 etc.
2602 800 2860 873 Tempus,
2885 817 2991 863 etc.

2062 883 2183 938 117.
2215 887 2313 939 Διὰ
2339 888 2519 955 τοῦτο,
2549 902 2654 947 etc.
2684 893 2827 957 Ideo,
2854 908 2957 952 etc.

2058 973 2180 1029 148.
2208 977 2309 1030 Διά
2331 978 2505 1044 τοῦτο,
2531 991 2637 1035 etc.
2673 983 2963 1055 Propterea
2985 990 3072 1056 ad,
3094 1001 3197 1048 etc.

2060 1067 2181 1121 119.
2216 1068 2535 1140 Θαυμπά,
2568 1084 2671 1129 etc.
2707 1076 2995 1147 Mirabilia,
3024 1093 3130 1139 etc.

2061 1157 2180 1213 .50.
2217 1162 2284 1213 Ἠ
2315 1162 2566 1232 δήλωσις,
2601 1176 2704 1221 etc.
2740 1168 3062 1241 Declaratio,
3091 1187 3198 1230 etc.

2059 1250 2181 1303 151.
2220 1251 2293 1303 Τὸ
2328 1254 2521 1324 στόμα,
2549 1266 2656 1312 etc.
2686 1257 2760 1314 Os
2787 1277 2989 1325 meum,
3013 1276 3119 1320 etc.

2052 1340 2178 1395 152.
2219 1340 2558 1413 Ἐπίόλεψον,
2605 1358 2737 1413 etc.,
2778 1351 2840 1404 τὸ
2881 1352 3052 1423 ὄνομα
3099 1375 3215 1423 σου,
3254 1370 3360 1414 etc.
3390 1362 3546 1430 Aspi-

1978 1445 2074 1494 ce,
2105 1441 2235 1496 etc.,
2274 1449 2471 1488 nomen
2503 1446 2677 1503 tuum,
2707 1450 2810 1495 etc.

2054 1517 2175 1572 153.
2206 1518 2285 1572 Τὰ
2309 1520 2621 1592 διαδήματα
2644 1543 2766 1595 μου,
2792 1537 2896 1586 etc.
2921 1531 3153 1590 Gressus
3181 1552 3356 1602 meos.
3379 1551 3480 1598 etc.

2049 1608 2172 1661 151.
2201 1609 2492 1679 Λύτρωσαί
2525 1631 2615 1682 με.
2644 1625 2747 1671 etc.
2779 1617 3001 1677 Redime
3026 1639 3131 1689 me,
3160 1636 3266 1682 etc.

2046 1700 2168 1753 159.
2207 1700 2456 1771 Ἐξὲτηξέ
2486 1721 2572 1773 με.
2605 1716 2710 1763 etc.
2742 1708 3051 1769 Tabescere
3085 1732 3194 1783 me,
3226 1729 3337 1775 etc.

1909 1775 1953 1829 Β
2046 1789 2168 1844 160.
2194 1791 2612 1863 Πεπυρωμένον,
2641 1810 2749 1854 etc.
2785 1802 3042 1871 Ignitum,
3069 1816 3175 1863 etc.

2051 1879 2175 1938 161.
2206 1882 2318 1935 Καὶ
2343 1886 2373 1936 ὁ
2402 1884 2587 1951 δοῦλός
2610 1904 2726 1951 σου,
2756 1899 2864 1946 etc.
2892 1892 2957 1947 Et
2984 1910 3177 1953 servus
3199 1909 3349 1962 tuus.
3376 1913 3478 1960 etc.

1425 2097 1800 2154 ATIIANASI]
1833 2097 2426 2156 l‘STERPRETATlO.

375 2189 500 2251 125.
543 2197 600 2251 Ὀ
631 2200 811 2273 ὅρκος,
841 2215 945 2263 etc.
973 2206 1371 2281 Juramentnm,
1397 2228 1503 2274 etc.

377 2286 499 2342 126.
530 2290 869 2363 Κυριευθεῐς,
895 2309 1024 2366 etc.,
1055 2302 1282 2359 ἐνώπιόν
1306 2325 1401 2362 σου
1420 2326 1434 2340 ·
1459 2312 1551 2364 καὶ
1584 2312 1746 2383 ζῆσόν
1778 2332 1868 2385 με,

304 2374 486 2440 καθὼς
537 2379 802 2452 εἴρηκας·
854 2390 917 2447 ὁ.
969 2401 1074 2445 etc.
1131 2393 1301 2451 Antea
1369 2414 1492 2453 cum
1553 2374 1867 2458 dominai‘eo

304 2476 412 2527 tur.
440 2480 543 2524 etc.
566 2509 582 2533 ,
608 2487 791 2529 coram
828 2487 912 2545 te;
938 2491 993 2534 et
1019 2484 1227 2540 viviﬁca
1255 2504 1342 2543 me
1368 2506 1381 2541 :
1408 2493 1864 2560 quemadmodum

194 2588 207 2601 ι
302 2556 514 2625 dixisti,
537 2571 643 2615 etc.

376 2646 499 2702 127.
526 2652 954 2728 Κατευθυνθήτω
985 2664 1017 2733 ἡ
1050 2672 1319 2742 προσευχὴ
1363 2689 1491 2742 μου,
1522 2674 1598 2738 ὡς
1623 2675 1870 2749 θυμίαμα

303 2734 532 2793 ἐνώπιόν
561 2759 674 2797 σου.
721 2745 995 2821 Dirigatur
1034 2760 1208 2813 oratio
1238 2777 1381 2830 mea,
1411 2765 1555 2819 sicut
1585 2766 1870 2823 incensum

294 2827 357 2881 in
387 2845 677 2902 conspectu
706 2846 821 2895 tuo.

371 2919 494 2975 128.
529 2924 639 2979 Καὶ
669 2927 739 2981 τὰ
768 2930 958 3002 ἄδηλα,
987 2944 1091 2990 etc.
1129 2938 1194 2992 Et
1229 2940 1453 3009 incerta,
1480 2957 1586 3003 etc.

370 3011 493 3066 129.
526 3014 598 3068 Σὺ
628 3018 915 3090 ἐξέδωκας,
941 3039 1046 3080 etc.
1078 3027 1159 3081 Tu
1191 3034 1483 3102 tradidisti,
1509 3048 1618 3095 etc.

369 3102 493 3158 130.
533 3108 594 3160 Οἱ
622 3108 872 3179 δαίμονες
900 3117 1164 3173 ὲπέϐαλόν
1194 3139 1306 3191 μοι,
1333 3138 1437 3183 etc.
1471 3128 1758 3190 Daemones
1783 3136 1868 3190 in-

294 3193 542 3262 jecerunt
573 3202 725 3268 mihi,
756 3216 861 3260 etc.

372 3288 493 3341 131.
528 3290 927 3369 Κατετρύφησα
959 3303 1037 3366 ἐν,
1065 3315 1193 3370 etc.,
1221 3308 1366 3363 ἔστιν
1397 3312 1453 3365 ὲν
1485 3316 1583 3385 τῇ,
1615 3326 1723 3371 etc.
1760 3316 1865 3373 Dc-

298 3375 516 3434 liciatus
545 3399 664 3437 sum
697 3387 751 3440 in
776 3390 999 3447 sciendo
1026 3399 1547 3467 manifestationem,
1579 3418 1867 3478 etc.,quo-

299 3469 446 3524 niam
480 3475 737 3543 gaudium
767 3480 1038 3539 ineffabile
1061 3498 1145 3543 est
1171 3490 1226 3543 in
1251 3494 1417 3549 corde
1439 3511 1581 3554 meo.

373 3562 490 3616 132.
532 3566 827 3638 Ἐξέδωκα,
868 3584 1008 3643 etc.,
1056 3580 1413 3656 εὐαρεστῆσαι
1457 3603 1541 3641 σοι
1587 3590 1709 3659 διά,
1758 3603 1864 3648 etc.

298 3648 516 3711 Tradidi
550 3666 720 3715 totum
751 3665 1017 3736 meipsum
1049 3670 1114 3724 ad
1143 3648 1463 3742 placendum
1492 3680 1609 3744 tibi,
1640 3648 1743 3737 etc.

370 3744 490 3801 133.
527 3748 685 3818 Τούς,
726 3765 857 3821 etc.,
890 3766 1369 3838 περιεπτυσσόμην
1397 3772 1476 3835 ἐν,
1533 3783 1638 3827 etc.
1672 3773 1869 3831 Volen-

296 3843 401 3903 tes,
418 3848 823 3916 etc.,praecepta
846 3860 1029 3907 autem
1058 3863 1148 3910 tua
1169 3861 1453 3929 amplexus
1478 3879 1602 3918 sum
1625 3865 1679 3919 in
1703 3869 1866 3923 corde

295 3941 440 3983 meo.

368 4021 486 4075 134.
514 4025 609 4090 Σύ,
632 4037 763 4095 etc.,
794 4037 903 4096 τοῖς
931 4035 1239 4105 εἰρημένοις
1271 4057 1381 4110 μοι,
1412 4053 1542 4110 etc.,
1587 4044 1689 4112 Tu,
1730 4059 1863 4116 etc.,

294 4125 416 4180 quae
442 4116 583 4172 dicta
612 4132 742 4176 sunt
767 4139 797 4177 a
828 4134 879 4180 te
914 4129 1046 4183 mibi
1079 4131 1167 4195 de,
1195 4142 1298 4188 etc.

366 4206 488 4264 135.
528 4210 976 4287 ’Δναχωρήσατε,
1030 4230 1159 4289 etc.,
1214 4224 1273 4277 τὸ
1321 4225 1475 4292 πῶς,
1534 4237 1639 4285 etc.
1688 4229 1861 4288 Rece-

294 4295 424 4366 dite,
457 4311 563 4359 etc.

363 4391 486 4449 1.36.
528 4396 715 4453 Ῥἰσαι
747 4418 837 4472 με,
862 4415 969 4460 etc.
995 4403 1189 4462 Libera
1221 4424 1327 4476 me,
1358 4418 1464 4466 etc.

365 4483 486 4539 137.
518 4488 840 4561 Κύκλωσον,
886 4506 1019 4563 etc.,
1048 4480 1199 4553 οὗδέν
1235 4518 1323 4570 μοι
1353 4501 1486 4576 ἄλλη
1530 4503 1715 4569 ἔσται,
1751 4514 1854 4561 etc.

291 4571 602 4643 Circumda,
627 4593 757 4649 etc.,
790 4588 936 4643 nulla
963 4590 1094 4643 mihi
1128 4592 1233 4646 alia
1263 4593 1367 4648 erit
1393 4571 1547 4661 cura,
1573 4606 1680 4651 etc.

364 4665 485 4726 138.
513 4670 638 4726 Ὅτι
680 4678 729 4729 ei
779 4678 879 4749 μὲν
920 4680 1020 4733 οὐκ
1056 4682 1402 4751 ἐπίστευσαν,
1435 4696 1540 4741 etc.
1587 4686 1856 4753 Quoniam

289 4758 381 4814 alii
408 4762 627 4831 quidem
661 4783 769 4823 non
797 4772 1163 4836 crediderunt,
1191 4784 1298 4829 etc.

361 4852 483 4908 159.
523 4856 900 4933 Ἐλογισάμην,
926 4873 1055 4928 etc.,
1086 4866 1136 4917 οἱ
1159 4870 1259 4937 τῆς
1281 4867 1568 4936 ἀσελγείας
1599 4866 1857 4940 κεκολλη-

290 4940 466 5011 μένοι,
492 4953 622 5013 etc.,
657 4949 825 5006 ἐστίν.
856 4950 1124 5023 Cogitavi,
1152 4964 1257 5009 etc.

362 5037 482 5091 :40.
512 5039 842 5113 Πεπηγέναι,
874 5054 978 5099 etc.
1013 5043 1121 5098 Fac
1152 5055 1207 5099 ut
1239 5046 1552 5110 immobilis,
1588 5058 1694 5104 etc.

359 5126 483 5183 141.
526 5131 849 5188 Ἐπίστευσα
889 5137 971 5200 είς
1007 5136 1067 5188 σὲ
1097 5136 1299 5201 καθώς,
1341 5149 1444 5193 etc.
1471 5138 1688 5195 Credidi
1718 5141 1771 5196 in
1804 5151 1855 5199 te

289 5222 765 5288 quemadmodum,
795 5236 899 5282 etc.

361 5311 483 5367 142.
518 5315 978 5387 Μακροθύμησον,
1007 5331 1137 5383 etc.,
1176 5320 1546 5392 κατηγορῆσαί
1585 5339 1687 5391 μου
1715 5323 1852 5394 πρὸς

290 5400 370 5456 σέ.
402 5400 675 5459 Patienter
703 5421 790 5460 me
811 5417 1059 5477 exspecta
1083 5447 1098 5473 ,
1124 5419 1231 5464 etc.

1969 2218 2037 2272 τὰ
2064 2218 2405 2290 δικαιώματά
2436 2239 2551 2276 σου.
2580 2223 2688 2279 Fac
2721 2242 2959 2295 mecum,
2990 2240 3122 2298 etc.,
3157 2236 3535 2296 misericordia:

1968 2319 2096 2370 tuae,
2129 2319 2260 2374 etc.,
2289 2321 2348 2363 ut
2370 2311 2789 2380 justiﬁcationes
2820 2330 2943 2374 tuas
2976 2322 3226 2378 eﬂiciam.

2041 2399 2165 2454 115.
2197 2400 2586 2474 Ἐξηγόρασας,
2608 2416 2737 2470 etc.,
2760 2410 2929 2481 τιμίῳ
2958 2429 3074 2480 σου,
3100 2427 3233 2483 etc.,
3267 2419 3368 2490 τὴν
3388 2422 3531 2492 χάριν

1973 2509 2103 2557 σου,
2144 2502 2275 2558 etc.,
2317 2493 2379 2545 τὸ
2418 2493 2566 2561 πῶς,
2602 2506 2707 2553 etc.
2758 2497 3053 2557 Redemisti
3077 2544 3093 2570 ,
3124 2516 3257 2573 etc.,
3304 2513 3529 2579 pretioso

1968 2592 2085 2649 ’uo,
2115 2597 2244 2645 etc.,
2271 2583 2501 2651 gratiam
2531 2593 2702 2645 tuam.
2735 2598 2845 2642 etc.

2035 2673 2160 2729 1.16.
2194 2674 2309 2727 Νῦν
2332 2675 2498 2739 ἐστιν,
2531 2686 2636 2731 etc.
2671 2676 2826 2733 Nunc
2853 2691 3067 2751 tempus
3090 2694 3194 2745 est.
3231 2697 3339 2742 etc.

2035 2765 2157 2820 117.
2188 2765 2288 2818 Διὰ
2318 2765 2475 2819 τοῦτο
2503 2806 2517 2829 ,
2546 2779 2654 2823 etc.
2699 2770 2915 2844 Ἐπειδὴ
2942 2769 3033 2827 οὖν
3059 2770 3218 2841 οὗτος
3251 2781 3280 2831 6
3316 2778 3530 2843 πλοῦτος

1964 2855 2299 2926 πρόσκαιρος
2317 2894 2333 2919 ,
2368 2856 2398 2907 ὁ
2427 2855 2483 2907 δὲ
2515 2856 2604 2911 διὰ
2633 2859 2738 2912 τῶν
2767 2860 2999 2914 ἐντολῶν
3032 2879 3124 2916 σου
3161 2866 3394 2932 πλοῦτος
3414 2869 3531 2923 aid;-

1963 2962 2076 3010 νιος
2106 2946 2365 3019 ὑπάρχει,
2389 2949 2479 3003 διὰ
2504 2951 2661 3005 τοῦτο
2697 2952 2916 3018 μᾶλλον,
2943 2965 3045 3010 etc.
3083 2954 3241 3012 Nunc
3274 2970 3381 3025 est,
3410 2972 3526 3024 etc.,

1891 3045 1935 3103 ο
1966 3036 2094 3104 quia
2125 3035 2287 3105 igitur
2326 3050 2621 3106 praesentes
2667 3042 2871 3098 divitiae
2901 3049 3248 3117 temporaria:
3279 3063 3423 3116 sunt,
3454 3054 3523 3107 di-

1967 3126 2111 3181 vitia:
2156 3137 2335 3183 autem
2392 3146 2459 3185 ex
2502 3135 2785 3204 praeceptis
2833 3136 2942 3193 tuis
2982 3149 3198 3196 aeterna:
3226 3144 3521 3209 exsistunt,

1965 3228 2248 3289 propterea
2282 3225 2454 3293 magis
2480 3225 2664 3290 dilexi,
2697 3237 2800 3283 etc.

2036 3311 2159 3365 148.
2191 3311 2291 3366 Διά
2318 3313 2497 3380 τοῦτο,
2532 3327 2663 3383 etc.,
2696 3319 3021 3376 ἀπέϐλεπον.
3061 3323 3375 3395 Pr0pterea,
3407 3338 3521 3392 etc.,

1966 3403 2341 3472 rcspiciebam.

2037 3491 2161 3545 M9.
2190 3492 2377 3564 Πάσης
2406 3495 2717 3567 ἐκπλήξεως
2750 3503 2927 3569 μεστά
2957 3506 3084 3567 εἰσι,
3116 3516 3247 3571 etc.,
3275 3508 3353 3578 τῷ
3377 3509 3522 3561 δυνα-

1970 3581 2137 3652 μένῳ,
2174 3592 2279 3639 etc.
2324 3585 2426 3639 Διὰ
2452 3588 2613 3641 τοῦτο
2636 3585 2751 3654 οὖν,
2777 3601 2904 3656 etc.,
2935 3594 3043 3647 τῶν
3071 3595 3329 3665 Γραφῶν.
3365 3597 3522 3654 Testi-

1964 3674 2145 3727 monia
2181 3682 2271 3729 tua
2298 3674 2454 3745 plena
2480 3690 2627 3743 sunt,
2662 3689 2793 3745 etc.,
2826 3693 3110 3752 propterea
3138 3687 3330 3756 igitur,
3356 3701 3455 3743 etc.

2036 3762 2156 3818 150.
2209 3765 2275 3818 Ἡ
2323 3767 2588 3840 ἑρμηνεία
2634 3772 2763 3842 περὶ
2833 3773 2894 3826 τὸ
2943 3777 3153 3843 νοῆσαι.
3214 3779 3521 3850 Interpreta-

1965 3856 2062 3915 tio.
2089 3864 2197 3911 etc.

2050 3948 2167 4003 151.
2222 3950 2429 4021 Διψῶν,
2478 3964 2609 4018 etc.,
2658 3957 2842 4027 ἐπειδὴ
2889 3958 3197 4032 ἐπεθύμουν
3241 3964 3517 4033 ἐπιγνῶναι

1961 4040 2060 4110 τὴν
2092 4041 2386 4112 ἑρμηνείαν
2415 4044 2524 4098 τῶν
2563 4047 2793 4117 Γραφῶν
2824 4066 2939 4103 σου.
2983 4050 3209 4118 Sitiens,
3239 4067 3368 4121 etc.,
3398 4071 3518 4126 quo-

1964 4129 2107 4182 niam
2147 4132 2524 4189 desiderabam
2555 4152 2854 4208 agnoscere
2886 4140 3388 4213 interpretationem
3417 4158 3518 4201 tua-

1962 4235 2082 4274 rum
2115 4220 2547 4292 Scripturarum.

2034 4312 2157 4367 152.
2188 4314 2387 4381 Καθὼς
2427 4319 2698 4392 ἐφόρεσας
2723 4320 2879 4391 τούς,
2904 4334 3040 4388 etc.,
3068 4327 3165 4380 καὶ
3191 4328 3409 4399 ἐλέησόν
3436 4347 3513 4401 με.

1886 4385 1939 4445 Ῐ)
1962 4401 2431 4469 Quemadmodum
2462 4412 2773 4480 respexisti,
2801 4422 2934 4476 etc.,
2964 4426 3019 4470 et
3043 4417 3308 4473 miserere
3337 4421 3454 4474 mei.

2031 4496 2153 4551 153.
2188 4498 2299 4570 Τὴν
2328 4500 2653 4572 προθυμίαν,
2687 4514 2792 4579 etc.
2829 4504 2935 4560 Fac
2959 4523 3054 4562 cor
3081 4524 3287 4574 meum,
3322 4522 3422 4565 etc.

2029 4588 2153 4643 151.
2181 4589 2469 4663 Λύτρωσαί
2517 4610 2584 4664 με
2628 4596 2737 4649 ἀπὸ
2786 4597 2966 4669 πάσης
3017 4603 3381 4670 συκοφαντίας
3432 4600 3514 4655 καὶ

1957 4679 2210 4751 ἀφορμῆς
2234 4721 2251 4747 ,
2296 4693 2404 4736 etc.
2457 4680 2652 4739 Libera
2695 4700 2783 4741 me
2824 4686 2893 4740 ab
2923 4689 3071 4742 omni
3116 4688 3308 4746 fraude
3348 4701 3401 4747 et
3442 4692 3513 4743 iu-

1958 4786 2142 4829 CUI‘SU.
2175 4783 2279 4826 €10.

2030 4862 2152 4918 159.
2194 4864 2559 4937 Ἐμαράνθην,
2577 4876 2706 4934 etc.,
2730 4868 3025 4934 λαλοῦντας
3051 4873 3201 4943 περί,
3216 4882 3321 4927 etc.
3348 4871 3512 4926 Emar-

1955 4954 2046 5007 cui
2075 4963 2242 5021 totus,
2281 4966 2420 5021 etc.,
2468 4957 2751 5015 haereticos
2779 4963 3053 5016 contraria
3096 4963 3391 5035 Scriptnris
3416 4963 3508 5016 tuis

1956 5046 2235 5117 loquentes
2256 5047 2322 5102 de
2348 5047 2451 5103 ﬁde
2480 5058 2594 5103 tua.
2640 5072 2648 5079 ·

2028 5136 2150 5191 160.
2189 5137 2429 5209 Ἐπειδὴ,
2453 5149 2579 5206 etc.,
2604 5141 2888 5212 ὑπάρχεις,
2918 5152 3047 5208 etc.,
3082 5146 3354 5219 καλάμην,
3380 5161 3507 5199 τουτο

1954 5228 2102 5282 ἐστιν
2142 5232 2198 5282 αί
2238 5228 2465 5301 πράξεις
2506 5233 2561 5284 αἱ
2612 5233 2858 5305 πονηραί.
2910 5236 3177 5302 Quoniam
3223 5241 3362 5309 ignis
3404 5240 3505 5309 ipse

1960 5320 2201 5382 exsistis.
2226 5327 2354 5385 etc.,
2385 5322 2663 5391 stipulam,
2692 5323 2797 5379 hoc
2822 5336 2905 5380 est
2927 5342 3123 5395 pravas
3151 5330 3498 5398 operationes.

2024 5417 2145 5472 161.
2187 5418 2243 5471 '0
2272 5418 2330 5471 δὲ
2348 5418 2531 5483 δοῦλός
2555 5435 2669 5487 σου,
2691 5430 2819 5488 etc.,
2853 5422 2949 5485 τὰς
2977 5423 3035 5476 ὲν
3069 5423 3248 5495 ἐαυτῷ
3277 5422 3496 5484 ἀκάνθας

360 5492 482 5549 143.
537 5493 696 5560 ὐλος
755 5499 784 5550 ὁ
837 5499 999 5563 πόθος
1055 5502 1156 5571 μού
1202 5502 1319 5554 ἐστι
1375 5501 1437 5553 τὸ
1483 5501 1730 5565 δέξασθαί
1782 5522 1840 5574 με

2033 5510 2043 5562 i
2077 5509 2211 5580 βίου.
2257 5509 2360 5575 Qui
2391 5520 2569 5566 autem
2608 5526 2820 5573 servus.
2844 5522 2976 5580 etc.,
3010 5514 3135 5568 vita:
3158 5492 3345 5595 spinas
3368 5515 3420 5570 in
3445 5528 3497 5569 se

288 5583 386 5652 τήν
406 5623 423 5648 ,
450 5593 554 5639 etc.
587 5584 780 5650 Omne,
815 5598 918 5643 etc.

363 5671 486 5727 1M.
507 5674 738 5737 Ποίησον
769 5680 885 5739 μετ’
910 5678 1063 5745 ἐμοῦ,
1091 5689 1219 5745 etc.,
1248 5681 1339 5735 τοῦ
1369 5681 1547 5745 ἐλέους
1573 5699 1684 5748 σου,
1717 5693 1843 5753 etc.,

1950 5606 2067 5672 ipso
2096 5602 2383 5658 comburit.
