3706 6482
238 327 362 382 1ΞΞ1
1118 333 1204 388 DE
1244 336 1518 393 TITULIS
1557 339 2007 396 PSALMORUM.
2046 371 2116 381 —
2156 341 2352 398 PSAL.
2391 345 2548 403 CXX.
3327 357 3466 411 1222

479 443 602 512 ῼδὴ
641 461 758 496 των
781 447 1172 518 Ἀναϐαθμῶν.
1206 455 1375 507 ΨΑΛ.
1416 456 1546 510 PK’.
1816 466 1863 522 Α

1816 466 1863 522 Α
2153 458 2429 514 Canticum
2461 460 2754 515 Graduum.
2785 462 2982 516 PSAL.
3017 464 3185 520 CXX.

301 532 348 586 1.
367 528 516 602 Ἦρα
569 533 694 596 τοὺς
737 533 1048 608 ὀφθαλμούς
1077 557 1175 608 μου
1220 544 1299 605 εἰς
1324 551 1390 596 τὰ
1416 545 1537 614 ὅρη,
1568 545 1688 599 ὅθεν
1717 548 1764 618 (a

2003 587 2016 600 .
2058 546 2252 604 Levavi
2306 551 2494 606 oculos
2545 567 2694 605 meos
2750 553 2801 605 in
2855 561 3084 620 monles,
3119 555 3261 611 unde
3285 557 3462 610 veniet

229 623 398 694 ἧξειή
439 622 659 695 βοήθειά
696 643 816 695 μου.

1892 639 2149 693 auxilium
2184 643 2337 697 mihi.

296 713 346 768 2.
375 715 436 766 Ἡ
473 714 695 785 βοήθειά
727 735 825 786 μου
855 717 1003 789 παρὰ
1028 720 1256 792 Κυρίου,

1958 731 2012 784 2.
2054 733 2330 786 Auxilium
2364 748 2541 786 meum
2569 749 2598 787 a
2633 733 2879 797 Domino,

289 805 340 858 3.
380 804 486 857 Τοῦ
520 809 842 878 ποιήσαντος
871 810 960 863 τὸν
991 812 1217 882 οὑρανδν
1240 816 1334 868 καὶ
1361 816 1458 888 τὴν
1489 818 1608 889 γῆν.

1404 817 1458 888 ήν
1489 818 1608 889 γῆν.
1955 821 2008 876 5.
2050 822 2152 890 Qui
2181 824 2310 880 fecit
2341 826 2536 880 caelum
2564 835 2616 880 et
2647 838 2867 882 terram.

288 897 342 950 6.
381 898 472 964 Μὴ
501 897 643 968 δῴης
671 902 749 962 εἰς
775 901 933 954 σάλον
955 903 1048 956 τὸν
1083 905 1216 958 πόδα
1249 924 1364 971 σου,

1953 916 2007 970 1.
2048 917 2164 973 Νοη
2198 921 2288 975 del.
2317 921 2368 974 in
2397 923 2816 977 commotionem
2846 924 3032 992 pedem
3063 935 3241 989 tuum,

283 987 340 1042 5.
380 988 531 1058 Μηδὲ
557 989 792 1063 νυστάξῃ
821 995 848 1045 6
870 993 1155 1061 φυλάσσων
1181 1014 1258 1050 σε.

1953 1009 2006 1062 5.
2047 1009 2233 1081 Neque
2262 1014 2514 1067 dormitet
2541 1014 2634 1083 qui
2669 987 2906 1070 custodit
2935 1027 3005 1070 te.

285 1079 338 1134 6.
364 1080 492 1134 Ἰδοὺ
526 1082 586 1135 οὐ
609 1083 877 1149 νυστάξει,
904 1085 1024 1138 οὐδὲ
1050 1086 1283 1140 ὑπνώσει
1317 1089 1346 1140 6
1378 1088 1664 1158 φυλάσσων
1692 1089 1748 1144 τὸ

1990 1140 2005 1154 .
2047 1079 2184 1157 Ecce
2215 1119 2321 1157 non
2357 1079 2693 1172 dormitabit,
2750 1122 2925 1176 neque
2973 1105 3207 1161 dormiet
3239 1107 3330 1176 qui
3357 1124 3451 1162 cu-

227 1170 458 1244 Ἰσραήλ.

1880 1193 2043 1246 stodit
2071 1194 2252 1248 Israel.

283 1261 333 1316 7.
368 1263 570 1335 Κύριος
595 1265 815 1335 φυλάξοι
845 1285 926 1333 σε,

1949 1287 2001 1338 7.
2036 1285 2295 1342 Dominus
2319 1289 2555 1344 custodit
2586 1300 2670 1346 te:

280 1351 330 1407 8.
360 1353 565 1425 Κύριος
598 1356 772 1429 σκέπη
802 1374 882 1410 σοι
901 1357 1042 1432 [σου]
1066 1361 1155 1414 ἐπὶ
1181 1364 1337 1434 χεῖρα
1358 1363 1537 1430 δεξιάν
1575 1382 1688 1418 σου.

1985 1416 1999 1429 .
2033 1376 2293 1435 Dominus
2315 1383 2580 1450 protectio
2603 1391 2712 1448 tua,
2733 1396 2896 1437 suoer
2917 1396 3137 1435 manum
3167 1380 3444 1434 dexteram

1878 1475 2045 1520 tuam.

271 1549 326 1604 9.
369 1551 612 1623 Ἡμέρας
635 1557 662 1608 6
691 1556 839 1626 ἣλιος
871 1558 929 1610 οὐ
965 1559 1258 1627 συγκαύσει
1281 1578 1341 1613 σε
1360 1578 1375 1593 ’

1360 1578 1375 1593 θ
1946 1561 1996 1616 9.
2027 1559 2124 1614 Per
2148 1561 2288 1615 diem
2318 1561 2398 1615 sol
2427 1577 2534 1615 non
2564 1572 2686 1617 uret
2717 1571 2766 1618 te
2792 1580 2806 1617 :

278 1642 359 1697 10.
387 1643 518 1696 Οὐδὲ
546 1647 580 1716 ή
615 1646 810 1718 σελήνη
844 1648 1148 1718 τὴννύκτα.

1945 1652 2032 1706 10.
2064 1651 2248 1720 Neque
2277 1652 2402 1704 luna
2438 1668 2533 1720 per
2557 1663 2789 1707 noctem.

275 1733 354 1789 11.
390 1736 597 1807 Κύριος
630 1739 854 1806 φυλάξοι
885 1757 943 1792 σε
973 1741 1080 1792 ἀπὸ
1111 1742 1308 1805 παντὸς
1330 1743 1502 1796 κακοῦ
1521 1759 1534 1773 ε

1944 1742 2031 1798 11,
2067 1741 2326 1798 Dominus
2349 1743 2585 1797 custodit
2613 1755 2664 1798 te
2692 1744 2760 1797 ab
2788 1745 2934 1798 omni
2965 1747 3139 1800 malo:

270 1822 350 1877 12.
383 1825 611 1892 Φυλάξοι
638 1828 736 1898 τὴν
761 1829 936 1898 ψυχήν
966 1847 1058 1882 σου
1083 1833 1110 1882 6
1138 1831 1362 1903 Κύριος.

1798 1815 1840 1868 Β
1937 1832 2024 1886 12.
2052 1833 2338 1888 Custodiat
2365 1832 2604 1886 animam
2635 1841 2784 1887 tuam
2812 1833 3096 1891 Dominus.

267 1936 340 2004 (α)
372 1933 527 1990 Vers.
558 1937 614 1993 2.
636 1939 803 1995 Πόθεν
827 1941 966 2012 ἡξει,
997 1952 1100 1998 etc.
1134 1943 1288 2000 Vcrs.
1317 1947 1451 2000 5οἮ
1475 1946 1714 2018 βοήθειά,

688 1939 803 1995 όθεν
827 1941 966 2012 ἡξει,
997 1952 1100 1998 etc.
1134 1943 1288 2000 Vcrs.
1317 1947 1451 2000 5.Ἦ
1475 1946 1714 2018 βοήθειά,
1731 1957 1860 2015 etc.,
1899 1948 1998 2020 τὴν
2030 1949 2151 2020 γῆν.

1308 2075 1683 2132 ATHANASII
1722 2060 2309 2133 I'NTERPRETATIO.

270 2203 332 2294 ᾜ
359 2207 695 2279 προκειμένη
720 2209 992 2284 ἐπιγραφὴ
1019 2215 1280 2286 περιέχει*
1311 2217 1450 2286 ’ῼδὴ
1471 2218 1589 2272 τῶν
1607 2220 2008 2290 Ἀναϐαθμῶν·
2040 2219 2422 2292 ἐξομολόγησις
2451 2221 2526 2292 (1)
2553 2218 2662 2272 τῶν
2685 2219 2941 2274 ἀνιέντων
2969 2221 3076 2274 ἀπὸ
3096 2221 3189 2275 τοῦ
3220 2221 3434 2294 πρώτου

193 2289 394 2364 βαθμοῦ
432 2297 526 2350 ἐπὶ
558 2299 651 2352 τὸν
683 2300 950 2373 δεύτερον.
984 2307 1258 2360 τουτέστιν
1283 2310 1390 2362 ἀπὸ
1420 2311 1519 2380 τῆς
1561 2313 1996 2385 ἐξομολογήσεως
2023 2289 2145 2368 τῶν*
2172 2289 2468 2384 ἁμαρτιῶν
2497 2313 2613 2382 ἅμα
2642 2315 2832 2384 νήφειν
2860 2316 2926 2385 τῇ
2975 2314 3052 2385 (2)
3082 2289 3308 2385 διανοία,
3339 2315 3434 2368 καὶ

190 2385 282 2453 τὴν
309 2386 558 2459 βοήθειαν
584 2392 746 2446 αὐτοῦ
776 2397 1176 2465 ἐπιγινώσκειν,
1209 2403 1398 2474 ὅτιπερ
1426 2405 1572 2474 παρὰ
1591 2406 1728 2460 ,θεοῦ
1754 2408 1921 2461 ἐστιν.

257 2475 475 2532 Titulus
491 2484 817 2550 praepositus
851 2489 1094 2543 continet
1129 2508 1142 2542 :
1174 2489 1452 2544 Canticum
1484 2491 1796 2559 Graduum;
1831 2495 2106 2551 confessio
2133 2495 2540 2551 ascendentium
2566 2509 2594 2547 a
2623 2495 2799 2563 primo
2829 2495 2996 2565 gradu
3026 2494 3077 2549 in
3107 2497 3426 2562 secundum,

181 2568 283 2622 hoc
311 2577 394 2622 est
431 2585 461 2623 a
489 2572 833 2631 confessione
858 2587 1204 2646 peccatorum
1231 2582 1300 2636 ad
1323 2584 1488 2638 simul
1516 2585 1887 2654 evigilandum
1921 2597 2122 2652 mente,
2157 2597 2213 2642 et
2236 2588 2303 2642 ad
2328 2586 2734 2658 agnoscendum
2764 2587 3025 2640 auxilium
3069 2602 3250 2655 suum,
3281 2591 3427 2658 quod

179 2675 208 2712 a
240 2659 351 2715 Deo
375 2671 479 2717 est.

247 2753 300 2807 1.
336 2755 609 2810 Ἀνέτεινα
663 2761 787 2824 τοὺς
833 2762 1143 2835 ὀφθαλμοὺς
1201 2767 1299 2837 τῆς
1351 2769 1588 2833 διανοίας
1643 2787 1710 2840 μο

1959 2812 1970 2826 .
2029 2770 2234 2826 Intendi
2269 2771 2456 2826 oculos
2489 2773 2686 2824 mentis
2731 2786 2864 2825 mem.
2907 2770 2974 2824 ad
3026 2771 3354 2826 audiendum
3390 2789 3422 2828 a

177 2845 403 2900 ἀκοῦσαι
448 2850 598 2920 παρὰ
640 2851 747 2906 τῶν
790 2855 958 2922 ἁγίων
987 2857 1026 2908 Γ
1031 2859 1239 2928 ραφῶν,
1277 2861 1438 2916 πόθεν
1471 2861 1640 2915 ἐλεύσε

1844 2862 2048 2918 sanctis
2080 2861 2390 2931 Scripturis,
2428 2860 2570 2915 unde
2602 2861 2782 2949 veniet
2810 2861 3076 2920 auxilium
3102 2862 3261 2916 mihi.

178 2938 208 3006 ή
231 2936 450 3009 βοήθειά
473 2957 596 3010 μου.

242 3027 295 3091 2,
337 3030 390 3082 5.
442 3033 552 3084 Καὶ
595 3034 800 3104 ήκουσα
839 3038 896 3089 ἐν
937 3039 1144 3104 αὑταῖς,
1181 3041 1263 3096 ὅτι
1309 3044 1343 3115 ή
1380 3044 1600 3116 βοήθειά
1647 3063 1705 3116 με

1957 3077 1970 3098 ,
1997 3035 2048 3089 ὅ.
2087 3033 2152 3087 Et
2175 3050 2238 3089 ex
2270 3035 2400 3103 ipsis
2427 3035 2628 3099 audivi,
2654 3035 2797 3104 quod
2829 3035 3091 3090 auxilium
3110 3051 3291 3091 meum
3315 3039 3419 3092 erit

174 3119 318 3228 παρὰ
352 3122 559 3192 Κυρίου
590 3123 769 3179 ἔσεται
798 3129 873 3198 (5)
901 3130 996 3182 τοῦ
1027 3131 1356 3206 δημιουργοῦ
1391 3137 1606 3190 πάντων

1950 3127 2143 3180 Ιοιηίηο
2176 3136 2420 3181 creatore
2467 3126 2762 3180 visibilium
2795 3126 3122 3197 omniumlet
3165 3128 3413 3182 invisibi-

171 3209 378 3280 ὁρατῶν
411 3215 508 3267 καὶ
539 3216 647 3268 τῶν
669 3218 936 3288 ἀοράτων.
1772 3209 1813 3228 υ
1846 3218 2002 3272 lium-

234 3303 286 3356 4.
326 3304 674 3376 Παραγγελεῖ
709 3310 725 3378 (
740 3311 784 3375 ί)
809 3311 953 3382 αὐτῷ
978 3311 1162 3368 λοιπὸν
1184 3316 1212 3366 6
1231 3314 1362 3378 Θεός
1380 3332 1394 3345 ·
1428 3317 1639 3386 Μηκέτι
1663 3335 1687 3370 ε

1948 3343 1969 3361 η.
2005 3308 2356 3363 Denuntiabit
2384 3307 2578 3362 deinde
2606 3306 2709 3376 ipsi
2739 3306 2882 3362 Deus
2915 3326 2929 3362 :
2955 3305 3034 3362 Ne
3064 3308 3298 3377 amplius
3329 3309 3411 3362 iu-

170 3395 253 3446 τὺν
269 3395 482 3449 ὄλισθον
499 3398 607 3450 τῶν
625 3401 902 3471 προτέρων
923 3420 1015 3456 σου
1033 3405 1438 3475 ἁμαρτημάτων
1455 3425 1518 3459 πε
1527 3424 1633 3477 pm

1944 3415 2002 3453 as
2059 3400 2112 3453 in
2156 3400 2365 3454 lubrico
2415 3399 2751 3452 anterioru‘m
2795 3393 3011 3452 tuorum
3039 3407 3407 3468 peccatorum.

169 3483 556 3559 [περιπατεῖν].
604 3491 802 3557 Σάλος
847 3494 953 3563 γὰρ
989 3495 1316 3564 πειρασμὸς
1358 3498 1632 3568 ιέρμήνεύε⁴

1378 3498 1734 3568 ὶρμηνεύεται,
1840 3489 1994 3544 Salo:
2020 3491 2162 3544 enim
2190 3492 2408 3544 tentatio
2438 3491 2841 3558 interpretatur.

230 3578 281 3633 5.
315 3580 467 3650 Μηδὲ
499 3581 554 3633 δὲ
601 3582 821 3656 ὑπνώσῃ
863 3587 890 3637 ό
923 3585 1046 3648 νοῦς
1074 3603 1167 3638 σου
1197 3587 1290 3639 τοῦ
1321 3587 1505 3640 λοιποῦ
1533 3591 1610 3651 εὶς
1638 3589 1693 3641 ci

1945 3619 1960 3635 .
1996 3579 2178 3650 Neque
2211 3597 2363 3635 mens
2401 3591 2490 3633 tua
2525 3580 2762 3633 dormiat
2795 3581 2846 3631 in
2881 3589 3153 3648 posterum
3185 3580 3240 3634 in
3278 3595 3406 3650 pec-

163 3669 450 3740 ἁμαρτίαν,
481 3671 618 3725 ἀλλὰ
669 3676 1031 3745 γρηγορείτω,
1074 3677 1170 3731 καὶ
1219 3679 1598 3750 προσευχέσθω

1934 3687 1978 3734 o,
2013 3673 2103 3724 sed
2135 3673 2338 3741 vigilet,
2365 3682 2417 3726 et
2445 3683 2580 3737 oret,
2615 3689 2680 3725 ne
2710 3673 2914 3726 incidat
2942 3673 2994 3725 in
3023 3674 3397 3726 teutationem.

165 3760 235 3829 μή
261 3763 521 3829 ἐμπεσεῖν
549 3763 628 3826 εἰς
651 3766 977 3835 πειρασμόν.

1943 3805 1955 3816 .
1992 3762 2130 3818 Ecce
2171 3781 2344 3834 neque
2375 3774 2654 3833 punctum,
2692 3780 2868 3832 neque
2901 3776 3229 3817 momentum
3269 3778 3403 3835 prd:-

227 3848 278 3902 6.
308 3849 440 3904 Ὶδοὺ
490 3850 656 3925 [οὐδὲ]
715 3857 972 3926 στιγμὴν,
1040 3857 1158 3909 οὐδὲ
1215 3857 1406 3928 χρόνον
1471 3859 1690 3932 παραλει

1939 3866 1958 3909 t
1992 3855 2154 3916 Deus,
2188 3856 2240 3908 in
2286 3870 2396 3924 quo
2448 3871 2556 3907 non
2596 3855 2841 3924 aspiciat,
2870 3864 2924 3908 et
2949 3854 3219 3908 custodiat
3245 3870 3398 3907 men-

163 3957 248 3992 πει
280 3944 357 4013 (ες)
392 3947 420 3996 ὁ
453 3945 587 4007 Θεὸς
628 3947 860 4018 ἐφορῶν,
902 3949 994 4000 καὶ
1031 3950 1317 4018 φυλάσσων
1349 3951 1440 4004 τὸν
1474 3952 1598 4006 νοῦν

1968 3948 2236 4002 videntem
2267 3961 2413 4001 eum.
2444 3945 2618 4000 Israel
2647 3947 2794 4000 enim
2819 3946 3203 4016 interpretatur
3223 3947 3399 4000 videns

159 4033 363 4100 ὁρῶντα
383 4036 567 4089 αὐτόν.
604 4037 851 4104 Ἰσραὴλ
871 4039 978 4111 γὰρ
1003 4042 1359 4111 ἑρμηνεύεται
1381 4043 1534 4111 ὀρῶν
1559 4044 1723 4099 Θεόν.
1827 4041 2016 4094 Deum-

224 4126 354 4192 7,8.
384 4129 590 4200 Κύριος
613 4131 676 4182 ἐκ
703 4130 890 4196 δεξιῶν
942 4134 1034 4186 σου
1086 4136 1233 4186 ἐστιν
1291 4134 1578 4203 φυλάσσων
1631 4155 1687 4190 κο

1937 4171 1950 4194 ,
1979 4129 2032 4182 8.
2076 4127 2339 4183 Dominus
2376 4143 2406 4182 a
2449 4128 2658 4183 dextris
2681 4128 2791 4184 tuis
2831 4137 2915 4184 est
2961 4128 3310 4196 custodiens,
3344 4138 3399 4182 et

157 4217 370 4270 σκέπων
402 4218 476 4290 (6)
516 4221 596 4281 εἰς
620 4221 686 4273 τὰ
715 4220 852 4290 ἔργα
879 4222 1247 4294 δικαιοσύνης.

1188 4243 1247 4294 ις.
1824 4235 2112 4292 pretegens
2137 4222 2189 4275 in
2221 4236 2383 4290 opera
2405 4220 2651 4290 iustitiae.

219 4312 271 4365 9.
317 4312 406 4364 ’Ev
431 4311 510 4382 τῷ
545 4314 682 4380 φωτὶ
707 4312 781 4368 ὢν
806 4315 878 4385 (7)
911 4314 1083 4388 [ὄντα]
1121 4320 1267 4370 πᾶσα
1294 4317 1468 4388 θέρμη
1497 4336 1682 4390 πειρας

1932 4355 1944 4368 .
1975 4316 2031 4367 In
2063 4315 2180 4367 luce
2211 4323 2617 4381 permanentem
2659 4311 2838 4366 omnis
2881 4309 3197 4366 tentationis
3225 4319 3391 4364 aestus

153 4398 253 4464 μοῦ
280 4401 341 4462 οὺ
379 4400 606 4472 ξηρανεί
637 4419 696 4455 σε
717 4418 730 4432 ⁸
766 4403 908 4474 ἔχεις
956 4405 1063 4475 γὰρ
1092 4407 1148 4457 ὲν
1176 4407 1387 4467 ἑαυτοῖς
1416 4406 1514 4477 τὴν
1541 4424 1616 4477 πη

1921 4422 1934 4458 ι
1974 4415 2026 4460 te
2055 4416 2284 4470 exuret;
2312 4405 2500 4472 _habes
2536 4405 2682 4458 enim
2719 4405 2770 4456 in
2799 4403 2974 4472 teipso
3000 4403 3205 4456 fontem
3241 4403 3384 4456 vitae.

150 4488 243 4558 τῆς
269 4489 435 4561 ζωῆς.
1743 4505 1795 4561 D

217 4581 302 4634 10.
331 4582 466 4635 Οὐδὲ
519 4585 552 4654 ή
604 4584 785 4656 ἀπάτη
816 4586 910 4638 τοῦ
939 4586 1057 4657 βίου
1091 4587 1278 4642 τούτου
1312 4589 1370 4640 ὲν
1426 4587 1504 4659 τῷ
1537 4587 1680 4641 σκότε

1923 4585 1972 4638 0.
2005 4582 2190 4652 Neque
2214 4583 2459 4651 deceptio
2483 4582 2646 4651 hujus
2685 4582 2806 4636 vita:
2850 4583 2906 4635 in
2941 4583 3181 4638 tenebris
3209 4583 3386 4638 domi-

151 4671 425 4741 κυριεύσει
461 4690 577 4727 σου.

1812 4676 2030 4729 nabitur
2059 4676 2173 4729 tibi.

217 4762 302 4827 11,
340 4763 426 4816 12.
471 4765 556 4817 Ἐν
593 4769 659 4838 τῇ
688 4768 871 4840 ἡμέρᾳ
913 4769 1011 4839 τῆς
1055 4767 1285 4841 κρίσεως
1340 4771 1368 4821 6
1411 4769 1614 4841 Κύριος
1651 4790 1678 4824 ο

1925 4769 1971 4831 l,
2006 4767 2091 4821 12.
2127 4768 2187 4819 ln
2221 4765 2309 4820 die
2335 4763 2529 4833 judicii
2556 4763 2825 4817 Dominus
2859 4779 2966 4818 non
2999 4774 3047 4818 te
3076 4765 3381 4825 comburet,

147 4852 444 4917 συγκαύσει
476 4871 568 4906 σε·
596 4857 658 4909 οὐ
703 4857 812 4928 γὰρ
844 4857 1060 4927 μέλλεις
1105 4858 1248 4928 ἔχειν
1287 4859 1513 4912 τοιαῦτα
1551 4859 1610 4928 ἔρ

1920 4911 1921 4914 η
1948 4863 2093 4916 enim
2123 4861 2409 4915 habiturus
2439 4870 2521 4915 est
2545 4861 2669 4914 talia
2704 4875 2893 4930 opera,
2927 4860 3252 4931 quibuscum
3275 4857 3383 4925 igni

147 4943 260 5011 μεθ’
285 4938 360 4996 ὧν
381 4943 631 5012 ὡφείλεις
652 4946 730 5018 τῷ
758 4948 888 5019 πυρὶ
914 4947 1304 5019 παραδοθῆναι,
1330 4949 1501 5018 οὐδὲή
1537 4965 1610 5018 πρ

1918 4953 2112 5006 lendus
2155 4953 2232 5006 sis
2270 4965 2445 5020 neque
2496 4951 2825 5022 temporaria
2868 4951 3037 5020 gloria
3076 4949 3381 5018 principum

143 5053 328 5105 καιρος
351 5037 481 5102 δόξα
506 5037 616 5090 τῶν
640 5038 913 5109 ἀρχόντων
938 5040 1030 5092 τοῦ
1071 5040 1276 5110 κόσμου
1310 5040 1498 5092 τούτου
1521 5043 1554 5110 ή
1588 5057 1606 5091 >

1918 5058 1982 5096 us
2023 5041 2210 5095 mundi
2250 5040 2507 5110 paulatim
2535 5040 2814 5106 deﬁciens,
2843 5041 2984 5095 sicut
3029 5037 3175 5091 luna.
3203 5035 3381 5092 domi-

141 5125 312 5194 ὸλίγον
344 5125 628 5195 φθίνουσα,
662 5127 850 5200 ὥσπερ
875 5131 908 5200 ή
951 5129 1144 5202 σελήνη
1165 5171 1180 5194 ,
1210 5129 1604 5184 καταδυναστει]

759 5146 850 5200 περ
875 5131 908 5200 ή
951 5129 1144 5202 σελήνη
1165 5171 1180 5194 ,
1210 5129 1704 5184 καταδυναστεύσει
1813 5135 2033 5188 nabitur
2063 5135 2116 5187 in
2152 5142 2222 5187 te.

142 5229 232 5265 σου
271 5214 366 5285 (8).

1098 5311 1395 5373 Addenda
1428 5322 1487 5374 et
1528 5312 1902 5390 corrigenda
1933 5330 2014 5373 ex
2065 5313 2206 5374 cod.
2238 5313 2438 5374 Valic.

163 5448 165 5450 η
207 5407 277 5479 (ι)
303 5409 366 5492 ΣΗ
395 5407 483 5460 διὰ
519 5410 616 5492 ﬁ;
647 5413 1012 5493 κξνὶηδᾲρεως
1053 5411 1296 5481 περιέχει
1318 5431 1330 5442 .
1385 5415 1460 5484 ᾯ,
1515 5431 1563 5466 τ,
1615 5413 1695 5466 Ἀ,
1859 5412 2186 5493 έδχχρόνον
2215 5415 2274 5465 οὐ
2303 5411 2654 5482 παραλείπει,
2683 5409 2934 5474 εῐο.,τῶν
2958 5409 3375 5482 ὁρώντωνβωη

137 5477 266 5554 ὅπερ
301 5477 660 5554 ἑρμηνεύεται
691 5477 1091 5554 ἐξομολόγησις.
1123 5477 1262 5554 clm:
1341 5553 1346 5554 γ
1414 5477 1426 5484 ’
1796 5477 2112 5554 νοῦζόρῷν,
2144 5494 2246 5536 etc.

204 5547 276 5618 (ἐν.)
314 5547 428 5623 Τῆς
458 5548 679 5619 πρώτης
712 5547 1142 5620 ἐξομολογήσεως
1163 5567 1212 5604 τ.
1240 5552 1294 5605 ἁ.
1318 5553 1544 5623 ἄρχεται
1569 5555 1698 5607 ἀνα·
1865 5552 1939 5623 (6)
1971 5547 2366 5623 Φυλὰτςωνάσε,
2397 5550 2495 5602 καὶ
2520 5549 2739 5623 σκέπων
2769 5557 2986 5623 σεηοιο.

137 5619 430 5689 νήῬέινζτῇ,
469 5630 571 5670 etc.
639 5618 642 5619 ⁷
808 5618 816 5620 ‘
993 5618 1001 5620 ~
1119 5688 1124 5689 ν

1866 5618 1942 5689 (7)
1971 5623 2110 5674 Φωτξ
2140 5639 2231 5674 σου
2261 5620 2432 5689 ὄντος,
2468 5629 2598 5681 etc.,
2632 5621 2690 5673 ἐν
2718 5618 2915 5689 ἑαυτῷ.

223 5675 510 5761 ᾄγξέται,
542 5696 668 5761 etc.,
701 5689 896 5744 desunt
929 5690 1037 5743 duo
1061 5688 1187 5741 τῶν.

1122 5688 1187 5741 ὂν.
1867 5675 1940 5761 8)
1973 5675 2445 5744 Καταδυναστεύεί
2471 5705 2585 5742 σου.

223 5695 510 5753 5)Ἕστοιι,
542 5696 668 5751 etc.,
701 5695 896 5744 desunt
929 5695 1037 5743 duo
1061 5695 1187 5741 τῶν.

203 5695 271 5826 ξι)
311 5755 710 5825 Παραγγέλλω,
739 5770 864 5824 etc.,
904 5761 1301 5830 παριπατήσῃς,
1335 5770 1439 5816 etc.
