3706 6412
276 280 410 337 i227
1099 266 1157 319 S.
1198 257 1568 317 ATHANASII
1606 255 1756 310 OPP.
1801 248 1979 304 PARS
2017 247 2103 300 ill.
2146 276 2216 285 —
2257 237 2675 298 EXEGETICA.
3387 224 3526 276 i228

340 397 394 447 4.
427 389 582 448 Sicut
605 386 749 445 oculi
779 383 988 440 ancilla:
1016 382 1071 435 in
1103 377 1360 434 manibus
1411 371 1648 427 domina:
1675 383 1791 425 suae

2117 361 2204 422 Ὠς
2239 356 2507 426 ὀφθαλμοὶ
2542 351 2835 419 παιδίσκης
2868 346 2946 408 είς
2998 345 3183 414 χεῖρας
3206 340 3305 411 τῆς
3339 341 3537 412 κυρίας

1947 454 2142 523 αὐτῆς⁸

342 568 396 624 5.
425 569 506 623 Ita
535 564 678 620 oculi
709 560 880 616 nostri
912 557 979 612 ad
1004 554 1296 609 Dominum
1344 549 1514 604 Deum
1558 554 1805 601 nostrum

2079 521 2292 605 ήοῦτως
2321 543 2371 594 οἱ
2399 537 2666 610 ὀφθαλμοὶ
2693 532 2850 605 ἡμῶν
2878 531 3014 600 πρὸς
3045 525 3251 597 Κύριον
3282 522 3374 576 τὸν
3402 521 3537 576 Θεὸν

345 742 398 796 6.
433 740 616 794 Donec
659 738 983 791 misereatur
1020 731 1212 786 nostri.

2018 728 2072 782 6.
2103 727 2247 787 Ἕως
2277 715 2337 776 οὗ
2368 719 2707 790 οἰκτειρῆσαι
2735 717 2903 786 ἡμᾶς.

345 833 399 884 7.
438 830 697 884 Miserere
749 827 942 888 nostri,
983 823 1233 884 Domine,
1267 819 1528 873 miserere
1560 811 1776 867 nostri:

1762 829 1776 864 ε
2019 820 2072 872 7.
2115 818 2366 886 Ἐλέησον
2391 817 2559 884 ἡμᾶς,
2581 811 2771 878 Κύριε,
2804 808 3024 878 ἐλέησον

345 925 398 978 8.
435 921 572 988 Quia
603 920 833 974 multum
861 916 1050 985 repleti
1076 928 1270 968 sumus
1297 906 1671 978 despectione.

2019 909 2072 962 8.
2106 909 2226 961 Ὀτι
2259 907 2350 958 ἐπὶ
2377 905 2511 956 πολὺ
2546 900 2900 972 ἐπλήσθημεν
2931 893 3357 962 ἐξουδενὼσεως.

343 1016 397 1070 9.
432 987 570 1080 Quia
602 1012 833 1065 multum
858 1009 1061 1079 repleta
1090 1015 1174 1060 est
1201 1005 1383 1058 anima
1409 1007 1618 1054 nostra.

2021 998 2075 1056 9.
2124 998 2247 1050 Ἐπὶ
2280 996 2462 1048 πλεῖον
2488 993 2729 1063 ἐπλήσθη
2771 995 2804 1061 ἡ
2837 991 2984 1060 ψυχὴ
3014 987 3190 1059 ἡμῶν.

349 1106 436 1162 10.
466 1104 831 1177 Opprobrium
860 1097 1296 1158 abundantibus,

2025 1091 2110 1145 10.
2153 1089 2226 1141 Τὸ
2256 1087 2457 1150 ovatae;
2481 1089 2592 1148 τοῖς
2619 1083 2924 1153 εὐθηνοῧσι,

351 1200 437 1252 ιι.
462 1173 529 1250 Et
551 1173 842 1265 despectio
873 1191 1147 1260 superbis.

2025 1182 2111 1234 il.
2146 1182 2257 1233 Καὶ
2283 1182 2317 1250 ἡ
2353 1179 2698 1245 ἐξουδένωσις
2726 1178 2840 1238 τοῖς
2871 1173 3265 1244 ὑπερηφάνοις.

490 1262 772 1342 Canticum
806 1282 1100 1336 Graduum.
1134 1275 1336 1331 ρεΑι..
1368 1270 1645 1329 CXXIII.

2141 1274 2281 1344 ’ῼδὴ
2345 1271 2464 1326 τῶν
2531 1266 2933 1336 Ἀναϐαθμῶν.
2981 1269 3156 1320 ΨΑΛ.
3190 1262 3373 1316 ΡΚΓ’.

351 1379 404 1433 1.
431 1376 546 1432 Nisi
577 1378 707 1446 quia
735 1374 1002 1428 Dominus
1037 1379 1155 1426 erat
1195 1370 1248 1422 in
1286 1367 1482 1433 nobis;

2026 1367 2075 1419 Ι.
2114 1367 2175 1419 Εἰ
2205 1367 2278 1435 μὴ
2307 1365 2389 1416 ὅτι
2417 1363 2619 1432 Κύριος
2642 1357 2706 1430 ἦν
2737 1362 2794 1411 ἐν
2829 1361 2977 1428 ἡμῖν·

348 1469 402 1522 2.
441 1467 593 1521 Dicat
627 1481 772 1519 nunc
803 1465 1002 1517 Israel:

2025 1458 2081 1511 2.
2115 1457 2337 1509 Είπὰτω
2373 1454 2436 1524 δὴ
2482 1452 2719 1524 Ἰσραήλ·

350 1561 404 1615 5.
437 1558 549 1614 Nisi
573 1559 699 1629 quia
736 1556 1000 1610 Dominus
1028 1558 1143 1607 erat
1172 1550 1225 1604 in
1251 1548 1432 1610 nobis,

2025 1549 2078 1601 ὃ.
2115 1549 2178 1600 El
2211 1547 2286 1617 μὴ
2314 1547 2396 1598 ὅτι
2423 1543 2627 1615 Κύριος
2654 1538 2722 1613 ἦν
2753 1544 2809 1593 ἐν
2834 1542 2989 1611 ἡμῖν,

353 1655 406 1707 4.
439 1652 578 1707 Cum
605 1659 962 1720 exsurgerent
993 1645 1240 1699 homines
1277 1643 1332 1696 in
1372 1655 1503 1704 nos,

2029 1637 2080 1690 4.
2135 1638 2218 1689 Ἐν
2244 1637 2320 1706 τῷ
2353 1634 2723 1704 ἐπαναστῆναι
2751 1630 3068 1703 ἀνθρώπους
3096 1629 3181 1697 ἐφ’
3207 1627 3374 1698 ἡμᾶς·

357 1746 410 1798 5.
440 1744 602 1799 Forte
634 1745 788 1797 vivos
819 1738 1181 1810 deglutissent
1212 1749 1334 1790 nos.

1895 1738 1938 1793 Β
2038 1728 2090 1782 5.
2127 1729 2270 1798 ’Δρα
2298 1727 2508 1791 ζῶντας
2540 1724 2606 1778 ἂν
2633 1723 2890 1777 κατέπιον
2915 1723 3082 1792 ἡμᾶς.

1406 1839 1781 1897 ATHANASII
1821 1836 2404 1894 INTERPRETATIO.

361 1994 514 2049 4..Et
538 1993 680 2048 sicut
704 1989 882 2044 omnis
922 1988 1150 2051 ancilla,
1179 2001 1302 2056 qua:
1358 1981 1622 2053 peccavit,
1661 1994 1824 2048 paren

2084 2019 2095 2032 .
2127 1977 2232 2032 Kal.
2258 1978 2334 2041 ὡς
2392 1975 2598 2046 ἑκάστη
2646 1975 2928 2045 παιδίσκη,
2986 1969 3367 2042 ἡμαρτηκυῖα,
3421 1964 3547 2038 μετὰ

290 2101 346 2146 et
381 2102 618 2144 tremens
641 2095 784 2140 astat
809 2084 1045 2138 dominre
1069 2097 1182 2138 sua:
1201 2073 1549 2149 exspectans,
1582 2085 1677 2130 aut
1701 2091 1751 2129 tu

2084 2089 2136 2124 ου
2167 2071 2262 2122 καὶ
2290 2068 2492 2138 τρόμου
2533 2067 2864 2138 παρίσταται
2893 2065 2959 2132 τῇ
2993 2060 3159 2131 κυρίᾳ
3212 2059 3384 2128 αὐτῆς
3415 2055 3547 2109 ἐκδε-

292 2183 454 2247 tradi,
474 2190 569 2235 aut
593 2180 702 2233 vita
724 2177 917 2232 donari
946 2194 960 2230 :

2083 2162 2175 2232 ένη
2222 2162 2255 2232 ἦ
2290 2159 2628 2225 θανατῶσαι,
2668 2158 2701 2229 ἢ
2749 2158 2824 2229 (1)
2857 2155 3140 2228 χαρίσεται
3186 2146 3546 2223 [χαρίσασθαι]

1972 2259 2110 2327 αὐτῇ
2137 2257 2198 2310 τὸ
2227 2254 2326 2326 ζῇν
2349 2271 2362 2282 ·

365 2363 419 2426 5,
458 2360 511 2417 6.
542 2360 618 2415 lta
649 2360 813 2415 etiam
841 2373 941 2412 nos
969 2369 1120 2410 nunc
1145 2359 1550 2421 exspectamus,
1575 2356 1671 2402 aut
1706 2347 1828 2400 vita:

2087 2389 2101 2412 ,
2125 2349 2176 2403 6.
2211 2348 2368 2401 Οὕτω
2403 2349 2495 2401 καὶ
2526 2347 2690 2418 ἡμεῖς
2717 2341 3136 2414 ἀπεκδεχόμεθα
3163 2338 3260 2393 νῦν
3284 2337 3362 2407 (2)
3388 2335 3425 2410 ἢ
3462 2335 3548 2405 τὴν

295 2454 452 2508 nobis
484 2468 515 2506 a
556 2450 666 2505 Deo
700 2449 956 2512 concedi,
1003 2454 1098 2500 aut
1145 2444 1349 2514 justam
1387 2446 1737 2510 peccatorum

2085 2457 2120 2510 ιν
2152 2438 2369 2508 δοθῆναι
2390 2440 2522 2508 ἡμῖν
2551 2436 2703 2509 παρὰ
2736 2434 2894 2499 θεοῦ,
2924 2434 2958 2504 ἢ
2993 2435 3093 2505 τὴν
3149 2431 3365 2484 δικαίαν
3399 2429 3548 2482 ἀντα-

294 2556 534 2602 strorum
565 2542 1002 2598 retributionem.

1976 2534 2191 2586 πόδοσιν
2217 2531 2325 2582 τῶν
2349 2530 2633 2602 ἁμαρτιῶν
2663 2531 2839 2600 ἡμῶν.
3068 2578 3074 2585 .

368 2638 418 2691 7.
449 2635 744 2690 Precamur
767 2643 840 2699 te,
871 2632 1123 2694 Domine,
1152 2631 1416 2684 miserere
1447 2625 1640 2680 nostri.

2047 2627 2100 2680 7.
2135 2623 2376 2696 Δεόμεθά
2399 2641 2512 2686 σου,
2547 2623 2736 2694 Κύριε,
2760 2622 2981 2691 ἐλέησον
3009 2619 3178 2689 ἡμᾶς.

368 2730 418 2784 8.
455 2728 661 2799 lmpleti
701 2728 847 2783 enim
891 2741 1084 2780 sumus
1129 2721 1281 2777 omni
1331 2718 1620 2790 iniquitate
1655 2724 1709 2772 et
1753 2729 1831 2785 pet

2089 2759 2100 2770 .
2146 2716 2574 2789 Πεπληρωμένοι
2627 2715 2734 2786 γάρ
2771 2716 2938 2785 ἐσμεν
2967 2711 3150 2781 πάσης
3196 2709 3424 2778 ἁνομιας
3470 2701 3552 2755 καὶ

298 2829 444 2877 cato.

1979 2809 2274 2882 ἁμαρτίας.

367 2914 422 2968 9.
457 2912 778 2968 lnsanabilis
813 2918 897 2965 est
938 2907 1233 2964 multitudo
1269 2913 1618 2976 peccatorum
1664 2908 1830 2956 nostri

2091 2943 2100 2954 .
2174 2900 2504 2971 Ἀνήκαστόν
2556 2895 2940 2970 [Ἅνήκεστὸν]
2997 2896 3075 2966 ('5)
3119 2896 3237 2947 ἐστι
3272 2892 3337 2945 τὸ
3370 2887 3554 2959 πλῆθος

295 3020 440 3062 rum.
1980 2994 2087 3047 τῶν
2114 2991 2397 3063 ἁμαρτιῶν
2418 2991 2594 3061 ἡμῶν.

371 3099 574 3165 10,11.
615 3096 882 3151 Dominus
927 3106 1105 3148 aulem
1152 3093 1217 3146 ad
1262 3089 1508 3145 eoszNe
1553 3088 1834 3144 timeatisc

2089 3087 2142 3151 0,
2173 3086 2260 3141 Η.
2307 3087 2364 3138 '0
2391 3085 2444 3136 δέ
2473 3083 2672 3154 Κύριος
2722 3081 2862 3153 πρὸς
2904 3077 3119 3142 αὐτούς·
3169 3076 3265 3148 Μὴ
3301 3071 3552 3144 φοϐεῖσθε,

296 3201 556 3265 peccata,
576 3206 675 3261 pro
704 3190 904 3258 quibus
929 3187 997 3240 ad
1033 3201 1119 3240 me
1146 3184 1396 3240 conversi
1426 3183 1560 3238 estis
1584 3201 1597 3248 ;
1625 3181 1759 3250 iniqi

2092 3182 2100 3202 '
2129 3173 2203 3232 ὧν
2230 3176 2599 3247 ἐπεστρέψατε
2627 3173 2704 3244 (4)
2755 3173 2891 3243 πρός
2933 3189 3000 3242 με
3022 3189 3036 3200 ο
3065 3171 3121 3224 αἱ
3150 3169 3371 3238 ἀνομίαι
3420 3163 3555 3235 ὑμῶν

299 3293 386 3341 les
410 3292 606 3338 vestra:
632 3287 913 3334 vertentur
943 3293 1108 3346 super
1141 3275 1446 3330 contrarias
1486 3281 1762 3343 potestate:

2105 3272 2203 3335 τὰς
2228 3271 2477 3333 ἐναντίας
2503 3269 2782 3339 δυνάμεις,
2822 3267 2918 3319 καὶ
2973 3266 3033 3318 τὸ
3078 3265 3397 3334 κατάκριμα
3422 3258 3556 3329 ὑμῶν

304 3373 690 3431 condemnatio
733 3381 910 3427 vestra
949 3371 1053 3425 erit
1088 3384 1254 3439 super
1315 3367 1656 3437 principatus
1692 3373 1746 3420 et

1784 3379 1886 3434 ρο·
1989 3366 2084 3418 ἐπὶ
2120 3365 2220 3428 τὰς
2243 3364 2340 3418 τοῦ
2365 3362 2609 3417 διαϐόλου
2632 3359 2806 3432 ἀρχὰς
2838 3361 2934 3413 καὶ
2964 3357 3236 3424 ἐξουσίας.

305 3476 528 3523 testates
558 3465 784 3522 diaboli.
1921 3453 1968 3513 C

389 3563 451 3615 Ἡ
478 3560 810 3633 προκειμένη
844 3558 1124 3630 ἐπιγραφὴ
1154 3556 1398 3629 περιέχει
1429 3555 1526 3625 (5)‘
1568 3553 1706 3626 ’ῼδὴ
1737 3553 1854 3608 τῶν
1898 3553 2302 3623 Ἀναόαθμῶν,
2328 3553 2466 3623 ὅπερ
2493 3549 2858 3623 ἑρμηνεύεται
2897 3545 3288 3618 ἐξομολόγησις
3320 3540 3422 3594 τῶν
3447 3539 3559 3592 ἀνα·

305 3652 600 3707 δαινὸντων
628 3653 736 3707 ἀπὸ
765 3653 842 3722 (6)
868 3652 1129 3722 τετάρτου
1156 3648 1366 3720 βαθμοῦ
1401 3649 1500 3718 τῆς
1531 3647 1845 3710 θεοσεϐείας
1901 3647 1995 3699 ἐπὶ
2053 3647 2146 3699 τὸν
2181 3646 2457 3716 πέμπτονο
2487 3643 2733 3696 τουτέστι
2766 3642 2843 3712 (7)
2901 3638 3037 3711 μετὰ
3070 3639 3167 3708 τὴν
3197 3634 3560 3706 ἐξομολόγησιν

305 3742 690 3809 φωτισθέντες,
713 3719 1178 3810 καὶνμεμνημένοι
1212 3738 1329 3801 πῶς
1356 3737 1430 3808 (8)
1458 3737 1806 3807 ἐκυριεύοντο
1833 3735 1938 3788 ὑπὸ
1967 3735 2074 3788 τῶν
2097 3736 2356 3788 ἐναντίων
2402 3733 2685 3803 δυνάμεων
2725 3731 2787 3784 τὸ
2838 3729 3125 3802 πρότερον
3167 3726 3264 3780 καὶ
3291 3726 3372 3778 ὃτι
3405 3724 3472 3795 μὴ
3494 3719 3560 3792 (9)

303 3833 334 3886 ὁ
365 3833 496 3899 Θεὸς
515 3835 602 3889 διὰ
631 3835 724 3889 τοῦ
753 3835 1128 3906 βαπτίσματος
1156 3833 1426 3906 ἐρρύσατο
1453 3833 1651 3896 αὐτοὺς
1677 3831 1735 3899 ἐξ
1763 3831 1966 3895 αὐτῶν,
2006 3831 2238 3902 ἤμελλον
2296 3828 2662 3900 ἀποθνήσκειν
2697 3829 2753 3882 ἐν
2789 3831 2857 3899 τῇ
2905 3823 3151 3896 ἁμαρτίᾳ
3182 3821 3384 3876 αὐτῶν.

383 3943 604 4002 Titulus
631 3948 959 4016 praepositus
993 3949 1241 4002 continet
1277 3966 1290 4000 :
1327 3947 1609 4001 Canticum
1648 3945 1945 4012 Graduum,
1975 3945 2121 4014 quod
2149 3943 2541 4010 interpretatur
2581 3938 2860 3995 confessio
2887 3935 3303 3992 ascendentium
3335 3950 3365 3988 a
3389 3935 3560 4002 quarto

307 4038 482 4110 gradu
519 4040 700 4093 cultus
723 4055 850 4110 erga
883 4040 1050 4094 Deum
1084 4040 1137 4092 in
1174 4040 1429 4107 quintum
1466 4056 1478 4091 :
1510 4039 1615 4092 hoc
1638 4047 1723 4092 est
1743 4053 1961 4102 eorum,
1990 4036 2085 4106 qui
2123 4043 2251 4104 post
2280 4032 2682 4088 confessionem
2711 4028 3004 4085 illuminati
3036 4035 3186 4092 sunt,
3215 4036 3269 4081 et
3292 4027 3346 4079 in
3377 4035 3560 4078 memo-

307 4138 448 4192 riam
480 4143 760 4195 revocant,
793 4135 1071 4202 quomodo
1103 4132 1324 4186 fuerunt
1364 4133 1517 4201 prius
1553 4132 1655 4186 sub
1697 4132 1944 4186 dominio
1979 4130 2380 4184 contrariarum
2419 4134 2790 4196 potestatum;
2821 4134 2876 4180 et
2907 4123 3056 4194 quod
3088 4122 3197 4178 nisi
3225 4121 3373 4176 Deus
3394 4133 3480 4174 eos
3505 4115 3561 4168 ab

310 4213 446 4300 ipsis
469 4228 794 4298 baptismate
820 4226 1124 4288 liberasset,
1152 4224 1406 4279 morituri
1429 4232 1587 4278 erant
1615 4225 1668 4278 in
1698 4239 1892 4278 eorum
1928 4231 2172 4294 peccato.

381 4320 432 4373 1.
461 4315 577 4372 Nisi
603 4316 764 4371 Jesus
793 4313 887 4368 Dei
916 4313 1085 4368 Filius
1112 4312 1378 4368 Dominus
1413 4323 1600 4368 noster
1624 4314 1841 4368 venisse

2094 4349 2122 4361 ..
2153 4310 2215 4362 Εί
2248 4308 2322 4380 μὴ
2359 4308 2563 4378 Ἰησοῦς
2591 4309 2619 4360 ὁ
2645 4307 2773 4370 Υἱὸς
2805 4305 2900 4359 τοῦ
2933 4303 3067 4359 Θεοῦ
3113 4305 3142 4356 ὁ
3170 4301 3372 4374 Κύριος
3429 4295 3557 4368 ἡμῶν

311 4418 365 4463 et
411 4407 752 4478 apparuisset
806 4419 968 4473 super
1019 4411 1256 4469 terram,
1309 4407 1363 4456 et
1407 4415 1534 4454 cum
1574 4399 1774 4454 homini

2094 4419 2148 4466 ιε,
2181 4403 2274 4454 καὶ
2325 4400 2481 4472 ὤφθη
2539 4401 2632 4454 ἐπὶ
2686 4401 2790 4470 τῆς
2837 4399 2964 4469 γῆς,
3000 4399 3094 4451 καὶ
3133 4400 3248 4458 τοῖς
3282 4389 3557 4463 ἀνθρώποις

311 4512 664 4555 οοηγετεειυε
693 4506 858 4553 esset.

2001 4493 2434 4564 συνανεστράφη.

379 4591 436 4646 2.
473 4592 625 4646 Dicat
655 4599 836 4645 autem
861 4588 1097 4658 populus
1127 4595 1310 4642 mente
1340 4585 1704 4640 illuminatus.

2069 4582 2124 4638 2.
2156 4583 2376 4636 Είπατω
2399 4583 2463 4652 δὴ
2485 4583 2513 4634 ὁ
2539 4582 2668 4644 λαὸς
2702 4583 2730 4634 ὁ
2759 4579 3047 4650 φωτισθεὶς
3067 4578 3166 4649 τὴν
3189 4576 3442 4630 διάνοιαν.

382 4682 434 4734 5.
469 4681 625 4749 Quod
650 4683 753 4735 nisi
789 4681 903 4749 ipse
929 4679 1192 4733 Dominus
1221 4679 1553 4732 advenisset.

1925 4671 1966 4688 ν
2071 4674 2124 4727 '5.
2162 4675 2283 4726 Ὅτι
2306 4675 2353 4726 εί
2395 4674 2471 4743 μὴ
2502 4673 2664 4736 αὐτὸς
2696 4675 2724 4726 ὁ
2761 4673 2956 4745 Κύριος
2987 4671 3343 4742 παρεγένετο.

386 4769 437 4825 ι.
471 4771 610 4826 Cum
634 4772 688 4824 in
722 4786 822 4825 nos
849 4769 1121 4825 irruerent
1142 4768 1429 4823 contraria:
1449 4773 1770 4837 potestates.

2095 4764 2128 4818 ἱι.
2175 4767 2262 4819 Ἐν
2284 4765 2362 4836 τῷ
2389 4766 2488 4829 τὰς
2521 4764 2769 4828 ἐναντίας
2795 4765 3051 4835 δυνάμεις
3082 4760 3414 4834 ἐπέρχεσθαι
3462 4749 3558 4809 καθ’

2082 4876 2179 4912 ων.

384 4953 439 5008 5.
471 4953 706 5009 Omnino
749 4952 824 5007 uti
857 4953 1034 5007 adhuc
1078 4968 1297 5007 eramus
1328 4951 1383 5006 in
1428 4959 1573 5005 terra
1626 4949 1847 5002 vivente:

2095 4876 2179 4912 ων.

2095 4951 2127 5003 ἰ.
2149 4951 2318 5004 Παντὶ
2344 4950 2549 5020 τρόπῳ,
2577 4947 2654 5011 ὡς
2679 4947 2889 5020 ετςμο)
2909 4942 3052 5018 ἦμεν
3071 4947 3165 4999 ἐπὶ
3188 4946 3290 5016 τῆς
3311 4944 3428 5015 γῆς,
3451 4935 3558 5004 ζῶνο

317 5047 479 5101 morti
507 5047 689 5102 traditi
723 5045 1039 5101 fuissemus.

2002 5060 2094 5107 τες
2124 5042 2189 5096 ἂν
2223 5040 2660 5112 ἐθανατώθημεν.

1271 5159 1575 5220 Addenda
1609 5163 1669 5219 et
1697 5157 2078 5236 corrigenda
2110 5176 2190 5221 ex
2225 5157 2368 5218 cod.
2400 5154 2605 5216 Vatic.

582 5277 878 5366 θανατιῢσει
907 5278 1093 5343 αὐτὴν,
1118 5280 1172 5349 ἦ,
1206 5289 1310 5334 etc.
2077 5277 2152 5366 (ξ)
2185 5274 2474 5366 ΓᾇΑττὸΙτοῦ.

410 5343 467 5418 2';
491 5352 604 5406 Νῦν
627 5355 797 5406 deest.
1141 5343 1152 5349 '

1141 5343 1152 5349 ’
2185 5346 2437 5418 Τουτέστι
2463 5343 2590 5398 τῶν.

319 5375 858 5547 δίνὲἓῖ
919 5429 1049 5484 etc.,
1089 5421 1374 5492 ἁμαρτιῶν
1430 5437 1552 5492 μου.
1591 5419 1742 5473 Fort.
1790 5419 1896 5489 leg,
2612 5417 2708 5469 xui.
2746 5409 3108 5486 μεμνημένων
3136 5409 3196 5463 τὸ
3225 5407 3345 5471 πῶς

390 5511 479 5628 (4)λ
506 5531 922 5628 Ἐπιστρέψατε,

390 5503 593 5566 ικητον.
2107 5503 2159 5552 ν)
2195 5503 2255 5538 ιι
2294 5503 2386 5556 μη.

390 5561 468 5634 (4)
506 5559 922 5634 Ἐπιστρέψατε,
1005 5631 1055 5634 __
2080 5503 2190 5628 2N)
2227 5553 2376 5611 Ὀτε.

391 5633 468 5704 (5)
503 5631 566 5688 Ἦ
599 5632 686 5688 διὰ
702 5631 806 5702 τῆς
837 5631 1204 5702 κινναϐάρεως
1237 5648 1388 5702 περ-.
