3748 6282
222 354 370 411 1233

291 471 347 526 2.
377 469 745 543 Ἐγενήθημεν
771 472 901 527 ὡσεὶ
934 476 1435 550 παρακεκλημένοι.

293 563 348 618 3.
391 560 524 617 Τότε
560 563 802 636 ἐπλήσθη
834 568 1008 638 χαρᾶς
1040 567 1100 621 τὸ
1130 569 1305 640 στόμα
1333 572 1365 643 ἡ
1377 573 1516 643 μῶν,

295 653 352 707 4.
392 652 501 705 Καὶ
529 654 562 724 ή
590 653 809 722 γλῶσσα
840 655 993 727 ἡμῶν
1027 657 1419 725 ἀγαλλιάσεως.

293 743 349 799 5.
392 744 526 798 Τότε
554 745 772 816 ἐροῦσιν
800 748 858 801 ἐν
890 751 1003 811 τοῖς
1032 748 1273 804 ἔθνεσιν⁸

296 836 350 892 6.
377 838 709 908 Ἐμεγάλυνε
740 839 942 912 Κύριος
968 841 1060 895 τοῦ
1094 843 1317 915 ποιῆσαι
1344 847 1462 916 μετ’
1492 846 1692 902 αὐτῶν.

296 929 351 984 7.
380 930 709 1002 Ἐμεγάλυνε
739 932 942 1005 Κύριος
968 934 1061 988 τοῦ
1093 938 1315 1007 ποιῆσαι
1346 938 1465 1010 μεθ’
1496 940 1652 1010 ἡμῶν
1687 955 1701 968 ·

299 1021 354 1076 8.
382 1021 646 1095 Ἐγενήθη
656 1041 754 1095 μεν
788 1026 1225 1097 εὐφραινόμενοι.

295 1114 347 1169 9.
378 1115 754 1187 Ἐπίστρεψον,
782 1116 976 1189 Κύριε,
1008 1117 1105 1191 τὴν
1133 1120 1509 1193 αἰχμαλωσίαν
1534 1121 1712 1193 ήμῶν,

298 1204 385 1261 l0.
410 1206 497 1271 Ὠς
522 1207 854 1279 χειμάρρους
878 1210 936 1262 ἐν
959 1207 1036 1279 τῷ
1057 1210 1213 1282 νότῳ.

1153 358 1246 413 DE
1293 358 1447 420 τιτι
1465 363 1574 418 LIS
1604 364 2054 423 PSALMORL‘M.
2097 397 2169 408 -—-
2202 366 2395 423 PSAL.
2430 367 2643 426 CXXV.

1837 493 1883 548 Α
1979 488 2034 542 2.
2071 485 2222 542 Facti
2254 504 2448 543 sumus
2475 486 2618 544 sicut
2644 490 2937 544 consolati.

3353 370 3492 432 12Ξᾶ

1978 579 2032 635 5.
2066 579 2223 636 Tunc
2253 581 2521 650 repletum
2553 592 2640 639 est
2673 583 2876 652 gaudio
2905 597 2968 637 os
2995 590 3263 648 nostrum,

1980 670 2033 725 4.
2061 668 2123 725 Et
2163 670 2347 742 lingua
2382 682 2572 728 nostra
2596 671 2976 727 exsultatione.

1981 760 2036 815 5.
2073 759 2229 817 Tunc
2255 762 2442 818 dicent
2473 764 2616 819 inter
2651 773 2839 835 gentes
2869 783 2881 818 :

1982 849 2035 905 6.
2072 850 2442 923 Magnitieavit
2473 852 2736 910 Dominus
2765 853 2942 909 facere
2965 871 3088 909 cum
3117 854 3218 909 eis.

1987 939 2041 997 7.
2070 941 2442 1013 Magnitieavit
2468 944 2732 1002 Dominus
2760 945 2941 1003 facere
2967 947 3255 1003 nobiscum
3280 967 3295 1003 :

1989 1033 2044 1088 8.
2078 1033 2229 1090 Facti
2263 1051 2456 1092 sumus
2488 1038 2754 1094 laetantes.

1987 1126 2043 1182 9.
2080 1127 2371 1195 Converte,
2404 1130 2652 1195 Domine,
2687 1132 3054 1202 captivitatem
3086 1141 3352 1201 nostram,

1986 1219 2075 1275 10.
2110 1220 2263 1277 Sicut
2304 1233 2519 1280 torrens
2554 1224 2608 1278 in
2646 1234 2855 1280 austro.

1359 1349 1740 1405 ATHANASII
1780 1350 2367 1418 lhTERPRETATIO.

291 1456 349 1512 2.
380 1455 708 1528 Ἐγενόμεθα
740 1457 816 1522 ὡς
844 1457 922 1530 (l)
949 1459 1258 1516 ἀνάπαυσιν
1279 1478 1291 1494 ο
1323 1462 1388 1517 '0
1417 1464 1527 1534 γὰρ
1548 1480 1819 1533 παρακα-

216 1546 351 1603 λῶν
375 1548 517 1614 τοὺς
544 1549 865 1616 ταπεινοὺς
899 1550 1319 1619 παρεκάλεσεν
1347 1553 1506 1622 ἡμᾶς
1540 1556 1709 1623 Θεός.

295 1639 351 1693 5.
383 1637 517 1691 Τότε
557 1636 907 1709 ἐπλήσθημεν
938 1639 1257 1710 Ηνεύματος
1285 1641 1440 1710 ἁγίου
1461 1658 1476 1675 ·

297 1728 350 1783 4.
382 1728 493 1782 Καὶ
517 1727 802 1798 ἠρξάμεθα
820 1728 1002 1784 λαλεῖν
1021 1732 1236 1797 ἑαυτοῖς
1254 1732 1331 1803 (2)
1351 1734 1421 1787 ἐν
1438 1734 1701 1805 ψαλμοῖς
1716 1735 1814 1789 καὶ

1984 1472 2040 1528 2.
2072 1472 2221 1529 Facti
2255 1490 2447 1530 sumus
2482 1474 2649 1529 veluti
2681 1473 2735 1527 in
2775 1474 3004 1543 requie:
3049 1470 3154 1538 Qui
3202 1471 3341 1525 enim
3368 1487 3494 1524 cou-

1913 1564 2120 1619 solalur
2154 1565 2405 1632 Immites,
2438 1565 2740 1620 consolatus
2770 1575 2847 1619 est
2875 1581 2967 1618 nos
2996 1563 3136 1617 Deus
3160 1563 3223 1618 ⁷⁸.

1982 1655 2036 1711 '5.
2063 1654 2218 1711 Tunc
2251 1652 2440 1725 repleti
2464 1671 2657 1712 sumus
2691 1655 2903 1727 Spiritu
2936 1665 3128 1711 sancto
3158 1674 3171 1709 :

1979 1746 2034 1800 4.
2084 1746 2148 1800 Ει
2183 1748 2454 1818 coepimus
2507 1748 2919 1818 nobismetipsis
2960 1747 3108 1817 loqui
3157 1747 3211 1798 in
3244 1744 3489 1814 psalmis,

218 1821 457 1890 ὕμνοις,
474 1821 574 1874 καὶ
596 1819 776 1888 ᾠδαῖς
789 1823 1215 1892 πνευματικαῖς
1229 1821 1498 1891 ᾄδοντες,
1525 1825 1623 1879 καὶ
1646 1824 1808 1893 ψάλ-
1841 1872 1869 1925 Ε

1991 1839 2235 1910 hymnis,
2292 1849 2345 1894 et
2386 1840 2613 1894 canticis
2653 1838 3026 1910 spiritualibus
3075 1845 3351 1891 cantantes
3377 1878 3391 1902 ,
3438 1842 3491 1891 τι

178 1934 189 1943 -
216 1915 440 1977 λοντες
467 1913 539 1967 ἐν
562 1911 694 1978 ταῖς
732 1912 1000 1982 καρδίαις
1022 1914 1193 1984 ἡμῶν
1217 1914 1298 1981 τῷ
1324 1917 1564 1985 ὀνόματι
1591 1916 1800 1971 αὐτοῦ.

293 2003 351 2067 5,
387 2003 441 2059 6.
478 2004 554 2073 (5)
589 2004 723 2058 Τότε
751 2005 939 2074 ἔλεγον
965 2007 1022 2059 αί
1047 2006 1287 2060 ἐναντίαι
1309 2006 1598 2079 δυνάμεις*
1638 2006 1803 2061 Εὐδό-

219 2112 396 2167 κησεν
426 2097 455 2149 6
491 2095 620 2160 Υἱὸς
650 2097 744 2150 τοῦ
771 2097 907 2151 Θεοῦ
941 2097 1035 2152 τοῦ
1068 2099 1241 2153 σῶσαι
1266 2099 1484 2164 αὐτούς.

295 2185 349 2240 7.
376 2186 565 2257 Ἡμεῖς
596 2187 652 2239 δὲ
681 2188 840 2242 πάλιν
868 2188 1214 2261 καυχώμενοι
1240 2193 1297 2245 ἐν
1326 2192 1517 2264 Κυρίῳ
1549 2191 1800 2264 λέγομεν·

221 2277 516 2332 ’Ἡπλωσεν
538 2279 632 2333 ἐπὶ
660 2279 889 2343 πάντας,
921 2282 1016 2333 καὶ
1050 2282 1130 2345 είς
1156 2282 1303 2352 ήμᾶς
1330 2282 1392 2335 τὸ
1430 2283 1578 2347 ἕλεος
1613 2283 1799 2337 αὑτοῦ.

294 2455 351 2509 8.
392 2453 717 2527 Εὑρέθημεν
745 2457 1076 2529 πλησθέντες
1104 2477 1169 2532 τῃ
1200 2477 1382 2534 χαριτι
1422 2462 1498 2533 (4)
1530 2462 1716 2519 αὐτοῦ.

293 2546 348 2610 9,
383 2545 471 2599 10.
506 2547 562 2601 '0
589 2564 667 2617 χει
679 2549 922 2622 μάρρους
945 2545 1122 2617 οὗτος,
1166 2555 1293 2625 περὶ
1326 2548 1386 2608 οὗ
1414 2555 1563 2625 λέγει
1606 2556 1634 2608 6
1664 2558 1805 2628 Προ⁹

223 2637 423 2708 φήτης,
451 2637 510 2690 ὲν
553 2638 631 2707 τῷ
674 2639 812 2711 νότῳ
854 2642 1001 2694 ἐστὶν
1042 2644 1100 2695 ἐν
1144 2646 1211 2715 τῇ
1246 2643 1664 2718 Ῥινοκουρούρᾳ
1702 2648 1803 2720 (5),

220 2731 345 2803 ἣτις
377 2732 525 2785 ἐστὶν
555 2733 697 2805 ἀρχὴ
745 2735 844 2802 τῆς
872 2736 1151 2805 Αἰγύπτου
1171 2755 1185 2766 ·
1216 2738 1298 2792 διὸ
1322 2741 1414 2793 καὶ
1450 2742 1480 2795 6
1509 2741 1806 2815 Προφήτης

221 2822 469 2894 εἴρηκεν,
501 2823 582 2890 ὡς
627 2829 659 2879 d
704 2825 1058 2896 χειμάρρους
1095 2829 1165 2883 ἐν
1205 2829 1284 2896 τῷ
1310 2833 1479 2895 νότῳ.
1513 2833 1683 2887 Τοῦτο
1711 2830 1806 2890 οὖν

225 2913 628 2986 μεμαθήκαμεν
688 2916 839 2988 ποιρά
878 2918 1157 2983 πλειόνων,
1196 2919 1387 2994 ὅτιπερ
1412 2925 1462 2976 οί
1500 2924 1806 2997 Σαρακηνοὶ

222 3008 559 3078 κατήρχοντο
590 3010 671 3071 είς
701 3008 799 3080 τὴν
832 3009 1301 3083 Ῥινοκουρούραν,
1331 3014 1363 3084 ἦ
1403 3011 1522 3088 [ὡς]
1557 3017 1650 3069 καὶ
1672 3034 1805 3070 κατ-

222 3099 474 3169 έρχονται
523 3097 682 3169 μέχρι
730 3099 824 3153 τοῦ
888 3101 1017 3164 νῦν,
1066 3102 1161 3157 καὶ
1215 3104 1559 3159 παιδεύουσιν
1617 3106 1806 3180 ὥσπερ

1905 1931 2191 2000 psallentes
2222 1932 2279 1985 in
2301 1932 2548 1987 cordibus
2572 1935 2768 1986 nostris
2800 1932 3002 1985 nomini
3029 1932 3141 1997 eius
3165 1931 3231 1985 ".

1974 2021 2029 2086 5,
2063 2021 2116 2077 6.
2150 2021 2306 2078 Tunc
2337 2023 2596 2078 dixerunt
2629 2023 3249 2086 contrarize'potestates
3277 2039 3292 2075 :
3330 2018 3494 2075 Com.

1904 2110 2113 2182 placuit
2148 2109 2289 2164 Filio
2320 2109 2416 2166 Dei
2447 2111 2601 2182 ipsos
2630 2111 2812 2166 salvos
2842 2110 3044 2166 facere.

1980 2202 2035 2256 Ἰ.
2069 2200 2181 2257 Nos
2209 2211 2392 2258 autem
2422 2217 2617 2262 rursus
2662 2202 2960 2272 gloriantes
2996 2202 3051 2255 in
3085 2199 3319 2254 Domino
3356 2198 3495 2255 dici-

1904 2308 2068 2349 mus:
2122 2294 2393 2365 Expandit
2437 2309 2603 2365 super
2640 2308 2853 2360 omnes,
2895 2301 2949 2347 et
2987 2307 3152 2363 super
3194 2307 3297 2348 nos
3334 2293 3496 2348 mise-

1904 2389 2196 2445 ricordiam
2230 2404 2409 2444 suam.

1975 2480 2029 2537 8.
2058 2479 2265 2537 Inventi
2299 2496 2492 2536 sumus
2522 2479 2712 2552 repleti
2742 2479 2914 2552 gratia
2941 2479 3136 2550 ipsius.

1976 2573 2034 2638 9,
2071 2574 2159 2629 10.
2201 2572 2439 2630 Torrens
2489 2574 2614 2641 iste,
2664 2573 2731 2628 de
2762 2587 2874 2644 quo
2924 2572 3168 2643 loquitur
3201 2568 3493 2641 Propheta,

1904 2676 1989 2723 est
2015 2668 2069 2721 in
2106 2676 2261 2738 parte
2292 2667 2522 2722 australi
2547 2667 2601 2721 in
2639 2664 3042 2731 Rhinocerura,
3072 2679 3195 2734 quae
3226 2671 3312 2718 est
3345 2662 3496 2733 prin-

1905 2759 2106 2828 cipium
2143 2757 2397 2831 Egypti;
2439 2758 2560 2814 ideo
2603 2768 2657 2814 et
2686 2756 2960 2830 PrOpheta
2991 2756 3151 2822 dixit,
3185 2755 3346 2811 veluti
3381 2763 3493 2808 tor-

1907 2866 2027 2905 rens
2075 2850 2132 2904 in
2188 2861 2396 2905 austro.
2436 2849 2549 2906 Ποε
2595 2851 2742 2906 enim
2789 2851 3086 2907 didicimus
3131 2864 3162 2903 a
3218 2845 3492 2918 pluribus,

1907 2943 2054 3014 quod
2095 2941 2354 2997 Saraceni
2413 2943 2776 2999 deveniebant
2821 2944 2874 2998 in
2925 2941 3399 3004 Rhinoceruram,
3435 2948 3496 2995 ut

1906 3037 2207 3091 etiamnum
2241 3036 2487 3103 veniunt,
2518 3044 2572 3090 et
2605 3035 3009 3106 depOpnlantur
3044 3048 3386 3105 quaecunque
3414 3032 3496 3086 in-

1916 3129 2167 3196 veniunt,
2196 3137 2251 3184 et
2281 3136 2632 3184 revertuntur
2659 3128 2712 3183 in
2746 3128 2865 3183 loca
2896 3143 3015 3184 sua.
3047 3126 3284 3182 Torrcns
3314 3133 3494 3180 autem

222 3189 553 3265 [πορθοῦσιν
602 3192 773 3266 ὅπερ]
829 3195 1174 3266 εὑρίσκουσι,
1223 3198 1319 3250 καὶ
1368 3198 1683 3270 ἀνέρχονται
1734 3202 1869 3270 είς(

1980 3232 2040 3288 Le,
2072 3221 2140 3277 de
2188 3237 2300 3292 quo
2351 3221 2597 3292 loquitur
2633 3219 2901 3291 Propheta
2924 3259 2939 3285 ,
2989 3235 3056 3274 ex
3095 3217 3492 3274 Saracenorum

220 3284 348 3346 τοὺς
385 3283 588 3348 τόπους
634 3283 836 3339 αὐτῶν.
856 3286 914 3339 ’0
943 3286 999 3338 δὲ
1030 3288 1364 3360 χειμάρρους
1386 3282 1562 3356 οὗτος,
1597 3291 1725 3361 περὶ
1751 3286 1813 3344 οὗ

222 3366 376 3425 εἶπεν
408 3374 437 3425 6
468 3373 787 3444 Προφήτης,
832 3376 897 3427 ἐκ
923 3374 1032 3428 τῶν
1077 3376 1414 3449 Σαρακηνῶν
1448 3376 1774 3450 κατέρχεται
1796 3397 1810 3411 ’

222 3464 367 3518 κατά
396 3463 651 3535 βούλησιν
674 3461 766 3519 οὖν
788 3466 948 3531 Θεοῦ,
978 3468 1141 3538 ἡνίκα
1164 3468 1388 3539 γένηται
1417 3469 1569 3533 ὑετὸς
1593 3469 1812 3542 λάϐρος,

222 3555 486 3628 πληθύνει
518 3560 547 3611 6
569 3559 1077 3631 χειμάῤῥους,ὧστε
1104 3561 1468 3632 κατέρχεσθαι
1493 3563 1655 3616 αὑτὸν
1683 3579 1813 3632 σφο-

220 3647 387 3719 ὁρῶς,
417 3646 761 3717 λαμϐάνοντα
799 3649 898 3713 τὰς
943 3648 1150 3719 σκηνάς
1199 3650 1308 3705 τῶν
1340 3651 1690 3723 Σαρακηνῶν,
1720 3651 1816 3706 καὶ

223 3742 422 3805 αὐτοὺς
462 3740 519 3794 δὲ
551 3740 865 3806 ἀπόλλυσιν,
902 3741 1046 3813 άπερ
1087 3742 1144 3795 δὲ
1173 3740 1481 3815 διήρπασαν
1505 3742 1685 3796 λαϐὼν
1720 3742 1815 3811 φέ-

228 3848 312 3906 ρει
347 3833 428 3895 είς
457 3831 556 3902 τὴν
598 3831 1071 3903 Ῥινοκουρούραν,
1100 3831 1221 3885 ὅθεν
1243 3832 1339 3886 καὶ
1370 3831 1685 3904 ἐλήφθησαν
1706 3833 1814 3887 ἀπὸ

220 3926 331 3981 τῶν
359 3925 694 3999 Σαρακηνῶν
724 3928 785 3980 τὸ
816 3927 1083 3998 πρότερον
1105 3943 1118 3956 ·
1158 3926 1253 3979 καὶ
1285 3928 1444 3998 ἡμεῖς
1474 3926 1553 3992 δὲ,
1586 3926 1815 3997 γενόμε-

221 4034 303 4074 νοι
347 4021 407 4073 ἐν
454 4021 591 4091 αὐτῇ
624 4023 691 4091 τῇ
733 4014 907 4083 πόλει,
938 4018 1282 4090 ἐθεασάμεθα
1324 4020 1414 4072 τὸν
1455 4020 1811 4092 χειμάρρουν.

220 4113 395 4169 Τοῦτο
434 4109 528 4168 οὖν
559 4115 712 4167 ἐστιν
757 4113 786 4167 ὃ
829 4112 976 4180 λέγει
1021 4114 1049 4165 6
1078 4114 1374 4185 Προφήτης
1412 4112 1478 4166 ἐκ
1521 4112 1813 4185 προσώπου

219 4207 331 4263 τῶν
356 4205 794 4261 πεπιστευκότων
810 4222 824 4236 ·
857 4206 960 4267 ὅτι,
985 4203 1174 4275 ὥσπερ
1198 4204 1405 4268 ἐκεῖνος
1430 4206 1459 4257 6
1479 4203 1816 4279 χειμάρρους

219 4300 351 4363 τοὺς
390 4300 489 4371 μὲν
516 4298 1015 4370 αἰχμαλωτίζοντας
1052 4296 1332 4360 ἀπόλλυσι,
1362 4296 1430 4350 τά
1459 4296 1516 4349 δέ
1541 4295 1814 4367 ληφθέντα

221 4389 356 4462 παρ’
390 4387 566 4442 αὐτῶν
594 4387 766 4442 σκῦλα
798 4384 1249 4455 ἀποκαθίστησιν,
1275 4384 1334 4451 ἐξ
1363 4377 1438 4437 ὧν
1462 4384 1557 4436 καὶ
1580 4383 1816 4454 ἐλήφθη-

223 4498 347 4542 σαν,
378 4479 524 4533 οὕτω
550 4480 774 4551 ποίησον
810 4478 905 4532 καὶ
933 4477 1117 4541 αὐτὸς,
1173 4476 1267 4528 καὶ
1293 4474 1393 4539 τὰς
1430 4476 1527 4546 μὲν
1560 4475 1813 4537 ἐναντίας

220 4572 482 4643 δυνάμεις
512 4571 611 4635 τὰς
654 4568 1137 4642 αἰχμαλωτισάσας
1185 4568 1332 4638 ἡμᾶς
1378 4566 1688 4621 θανάτωσον
1733 4567 1811 4637 τῷ
1843 4555 1890 4612 D

223 4663 379 4718 ὕδατι
407 4662 503 4717 τοῦ
538 4662 934 4733 βαπτίσματος,
962 4660 1028 4713 δι’
1056 4659 1221 4713 αὑτοῦ
1245 4659 1302 4712 δὲ
1328 4658 1422 4711 τοῦ
1457 4657 1647 4722 ὓδατος
1674 4658 1810 4712 ἀπό-

219 4756 313 4820 δος
345 4756 476 4826 ἡμῖν
506 4755 604 4825 τὴν
630 4753 789 4820 δόξαν
818 4753 913 4806 καὶ
934 4752 1032 4823 τὴν
1059 4750 1392 4822 ἐλευθερίαν,
1425 4751 1490 4823 ἢν
1520 4749 1810 4819 ἀφείλαντο

221 4848 360 4919 ἡμῖν
389 4847 445 4899 αἱ
480 4846 575 4899 τοῦ
616 4843 813 4918 ἐχθροῦ
838 4843 1116 4914 δυνάμεις.
1153 4841 1301 4911 Αὕτη
1345 4836 1437 4896 οὖν
1484 4844 1518 4912 ή
1559 4841 1810 4913 διήγησις

220 4936 334 4993 τοῦ
369 4936 711 5006 χειμάρῤου.
754 4936 848 4990 καὶ
880 4934 1018 5007 αὕτη
1047 4936 1081 5003 ἡ
1119 4934 1269 4989 αίτία
1292 4933 1385 4988 τοῦ
1414 4934 1693 5006 εἰρηκέναι
1720 4934 1808 4988 τὸν

222 5029 544 5102 Προφήτην-

295 5142 348 5175 ’δ
380 5140 422 5194 ll
454 5139 581 5195 Cor.
620 5155 693 5194 vn
746 5137 800 5193 6.
881 5139 927 5170 "
952 5135 1150 5206 Ephes.
1185 5153 1237 5203 v,
1271 5138 1324 5192 4.

1918 3322 2062 3369 terra
2087 3314 2356 3385 originem
2388 3313 2591 3368 habet:
2626 3312 2924 3368 secundum
2976 3312 3141 3384 igitur
3169 3310 3265 3367 Dei
3306 3310 3497 3365 volun-

1916 3415 2106 3474 tatem,
2140 3422 2264 3461 cum
2300 3406 2557 3476 cepiosus
2594 3405 2769 3459 imber
2801 3405 2965 3469 cadit,
2990 3404 3126 3459 adeo
3159 3404 3355 3458 crescit
3386 3412 3497 3456 tor-

1918 3512 2066 3560 l‘CﬂS,
2094 3505 2155 3550 ut
2189 3496 2541 3550 vehementer
2573 3509 2633 3550 $8
2670 3494 2867 3549 inferat
2916 3496 3138 3547 trahens
3173 3506 3358 3547 secum
3410 3499 3494 3544 ta-

1918 3589 2215 3645 bernacula
2252 3587 2675 3653 Saracenorum,
2727 3594 2783 3641 et
2826 3587 2972 3656 ipsos
3021 3582 3490 3667 quidem.peqlit,

1916 3696 2260 3755 quaecunque
2290 3687 2472 3735 autem
2508 3684 2835 3749 rapuerunt,
2890 3678 3163 3747 accipiens
3215 3676 3319 3730 fert
3362 3673 3496 3729 Rhi-

1918 3787 2266 3838 nocernram,
2309 3770 2453 3824 unde
2487 3777 2541 3824 et
2564 3776 2722 3823 antea
2753 3778 2911 3839 capta
2959 3767 3183 3822 fuerunt
3209 3781 3239 3821 a
3270 3765 3499 3820 Sarace-

1915 3864 2045 3919 nis:
2088 3873 2144 3918 et
2196 3879 2298 3919 nos
2344 3862 2564 3934 quidem
2618 3876 2743 3916 cum
2793 3876 3040 3917 essemus
3090 3860 3145 3915 in
3181 3876 3243 3916 ea
3279 3860 3498 3918 civitate

1916 3955 2158 4010 vidimus
2184 3964 2509 4010 torrentem.
2536 3950 2652 4008 Hoc
2685 3953 2849 4022 igitur
2874 3962 2977 4017 est,
3011 3953 3156 4024 quod
3193 3953 3325 4007 dicit
3358 3951 3496 4008 Pro‘

1917 4051 2074 4119 pheta
2109 4064 2176 4103 ex
2228 4064 2462 4118 persona
2501 4048 2882 4103 credentium:
2939 4046 3086 4117 quod
3141 4046 3496 4116 quemadmo-

1915 4142 2045 4196 dum
2083 4141 2174 4197 ille
2208 4149 2425 4197 torrens
2453 4155 2572 4203 eos,
2608 4140 2700 4210 qui
2734 4140 2873 4194 alios
2904 4139 2956 4192 in
2996 4121 3364 4208 captivitatem
3396 4138 3497 4190 ab-

1917 4233 2220 4299 duxerunt,
2254 4234 2451 4301 perdit,
2483 4241 2638 4302 capta
2688 4242 2869 4287 autem
2913 4232 2983 4286 ab
3035 4231 3167 4300 ipsis
3202 4230 3373 4299 spolia
3412 4243 3498 4283 re-

1918 4328 2100 4384 stituit
2127 4327 2227 4392 eis,
2264 4327 2466 4396 quibus
2491 4336 2546 4380 et
2570 4336 2755 4396 erepta
2787 4323 3036 4384 fuerant;
3063 4326 3136 4378 ita
3162 4322 3248 4379 fac
3275 4333 3327 4377 et
3356 4322 3490 4391 ipse,

1917 4429 1973 4474 et
1995 4418 2303 4474 contrarias
2332 4426 2649 4488 potestates,
2681 4415 2774 4487 qni
2807 4417 3050 4486 captivos
3072 4429 3174 4469 nos
3198 4415 3491 4479 duxerunt,

1919 4507 2169 4563 interﬁce
2202 4522 2346 4578 aqua
2396 4507 2678 4576 baptismi,
2720 4506 2907 4560 eadem
2942 4514 3121 4558 autem
3154 4518 3296 4573 aqua
3335 4503 3498 4556 redde

1917 4601 2079 4656 nobis
2127 4600 2381 4672 gloriam,
2413 4609 2469 4654 et
2514 4600 2843 4662 libertatem,
2877 4613 3041 4669 quam
3074 4597 3235 4652 nobis
3279 4596 3497 4665 eripue-

1919 4702 2050 4747 runt
2087 4701 2385 4767 potestates
2432 4691 2660 4746 inimici.
2718 4689 2842 4745 Haac
2884 4689 3052 4760 igitur
3079 4698 3162 4745 est
3207 4687 3497 4758 explicatio

1918 4782 2176 4839 dictionis
2224 4782 2376 4838 illius
2406 4823 2420 4844 .
2459 4783 2598 4836 sicut
2653 4792 2882 4849 torrens,
2910 4792 2966 4838 et
2995 4784 3112 4839 hate
3159 4795 3348 4848 causa,
3396 4791 3499 4835 cur

1917 4874 2186 4947 Propheta
2213 4875 2331 4946 ejus
2365 4875 2693 4931 meminerit.

1186 5253 1495 5316 Addenda
1528 5263 1589 5316 et
1621 5253 2001 5332 corrigenda
2047 5270 2127 5315 ex
2161 5251 2301 5315 cod.
2336 5252 2540 5315 Vatic.

296 5358 375 5427 (1)
418 5357 510 5422 Εἰς
534 5357 863 5422 ἀνάπαυσιν,
891 5365 1020 5420 etc.,
1052 5357 1080 5409 6
1108 5354 1259 5419 Θεός.

297 5359 349 5427 (Ι
418 5359 510 5422 Εἰς
534 5359 751 5412 ἀνάπαυ

319 5429 356 5482 ‘2
404 5428 492 5482 Ἑν
516 5430 751 5492 ἑαυτοῖς.

297 5359 377 5571 (δὲ
414 5501 482 5554 Ν.
518 5499 571 5564 5,
595 5500 750 5564 Τότε,

1912 5356 1971 5409 ἐν
2000 5352 2077 5425 τῷ
2107 5352 2316 5426 ξυρίῳ,
2348 5363 2478 5418 etc.,
2505 5355 2584 5416 εἰς
2616 5352 2825 5417 πάντας
2849 5354 3017 5426 ἡμᾶς,
3046 5359 3152 5406 ειε.

1986 5423 2064 5495 (4)
2104 5423 2217 5495 ’[ἧς
2241 5423 2481 5495 χάριτος,
2508 5431 2613 5495 etc.

1987 5431 2041 5492 (4
2104 5431 2217 5495 Τῆς
2241 5431 2481 5494 χάριτος,
2508 5431 2613 5477 elc.

1987 5431 2182 5567 (5;1’Ev
2218 5495 2286 5564 τῇ
2321 5493 2658 5565 Ῥινοκούρᾳ,
2700 5502 2829 5559 etc.,
2858 5493 2935 5559 ὡς
2966 5492 3322 5565 χειμάρρους,
3366 5499 3496 5553 etc.,

414 5466 491 5554 ﬁ:
516 5466 751 5564 Ξῖϊὶἑέζ
768 5506 899 5563 etc.,
914 5496 1009 5551 τοῦ
1025 5496 1193 5552 deest.
1220 5495 1290 5549 N.
1308 5494 1362 5562 6,
1379 5466 1431 5561 7,
1451 5495 1662 5567 Ἡμεῖς,
1679 5505 1808 5559 ειε.,

225 5628 358 5683 nem
409 5611 675 5683 ascripsi;
722 5621 871 5668 recte
899 5622 1109 5683 autem,
1160 5626 1230 5683 an
1272 5624 1436 5667 secus
1481 5608 1701 5680 benigni
1743 5608 1965 5665 lectoris
2005 5608 2217 5679 judicio
2260 5607 2588 5683 relinquam.
2623 5605 2812 5683 Neque
2858 5608 3006 5683 enim
3058 5606 3189 5662 mihi
3238 5620 3361 5675 spes
3393 5619 3496 5683 est,

224 5677 419 5741 omnia
455 5683 520 5739 ad
553 5677 758 5738 rectam
791 5690 844 5737 et
878 5697 1063 5737 veram
1095 5681 1388 5737 lectionem
1432 5677 1691 5736 revocare
1722 5694 1904 5748 posse.
1937 5689 1990 5735 ει
2008 5677 2140 5750 qua
2171 5688 2396 5735 sanctus
2425 5677 2638 5733 doctor
2678 5678 2918 5749 scripsit,
2952 5688 3006 5733 et
3049 5692 3195 5733 nunc
3222 5691 3412 5731 manca
3446 5677 3498 5731 et

225 5754 427 5811 mutila
456 5769 521 5810 ac
552 5762 813 5823 corrupta
839 5753 1116 5825 leguntur,
1145 5752 1200 5808 in
1228 5753 1499 5823 integrum
1528 5750 1838 5807 restituere.
