3748 6282
185 328 327 384 1257

249 445 306 500 5.
331 445 426 506 Et;
457 441 631 514 μάτην
657 441 784 512 ὑμῖν
805 444 918 494 ἐστι
937 440 997 494 τὸ
1025 439 1166 512 [τοῦ]
1195 440 1463 512 ὀρθρίζειν
1486 456 1499 471 σ

249 535 307 589 6.
349 532 657 603 Ἐγείρεσθε
694 530 831 602 μετὰ
851 530 912 583 τὺ
943 528 1234 598 καθῆσθαι,

250 625 308 679 7.
341 623 407 676 Ol.
436 621 707 683 ἐσθίοντες
731 620 892 690 ἄρτον
912 617 1122 686 ὀδύνης.

251 717 311 772 8.
345 715 513 768 Ὅταν
547 711 622 783 δῷ
653 714 763 774 τοῖς
792 711 1097 780 ἀγαπητοῖς
1124 703 1287 760 αὐτοῦ
1322 703 1509 757 ὕπνον.

258 806 316 861 9.
359 803 490 856 Ἰδοὺ
523 804 557 872 ἠ
590 798 920 871 κληρονομία
946 796 1174 868 Κυρίου,
1202 795 1337 848 υίοίο

257 895 346 950 10.
391 895 450 946 '0
477 892 666 963 μισθὸς
701 890 792 943 τοῦ
822 887 1036 960 καρποῦ
1060 886 1161 956 τῆς
1188 883 1439 956 γαστρός.

258 988 348 1042 11.
397 984 543 1038 Ὢσεὶ
577 983 706 1054 βέλη
732 985 788 1036 ἑν
814 981 957 1053 χειρὶ
976 977 1199 1033 δυνατοῦ
1220 995 1233 1009 ο

260 1081 351 1134 12.
384 1077 572 1141 Οὕτως
602 1079 650 1129 οἱ
689 1076 793 1128 υἱοὶ
831 1075 933 1128 τῶν
956 1069 1439 1141 ἑκτετιναγμὲνων.

262 1175 352 1228 15.
385 1170 692 1242 Μακάριος,
725 1168 783 1232 ὃς
811 1165 1085 1238 πληρώσει
1123 1162 1222 1234 τὴν
1274 1159 1568 1232 ἐπιθυμίαν
1596 1156 1759 1212 αύτοῦ

189 1265 252 1331 ἐξ
282 1263 464 1318 αὐτῶν
478 1277 493 1292 ⁶

268 1356 355 1411 M.
393 1355 466 1408 Ού
539 1350 1091 1422 καταισχυνθὴσονται
1119 1388 1134 1414 ,
1203 1348 1330 1402 ὅταν
1389 1343 1590 1400 λαλῶσι
1651 1343 1762 1404 τοῖς

191 1447 410 1520 ἐχθροῖς
441 1444 603 1498 αὐτοῦ
631 1440 858 1516 [αὐτῶν]
891 1443 948 1494 ἑν
977 1440 1191 1502 πύλαις.

1043 317 1132 372 DE
1171 315 1449 371 Tl'l‘ULlS
1491 313 1936 372 PSALMORUM.
1971 340 2041 356 -ι
2067 310 2263 366 PSAL.
2295 303 2532 362 CXXVI.

1776 447 1823 501 Α
1924 436 1975 490 5.
2007 433 2217 488 Vanum
2244 438 2325 486 est
2354 427 2510 484 vobis
2543 432 2668 481 ante
2698 425 2874 479 lucem
2905 434 3128 492 surgere
3154 436 3168 474 :

3277 297 3420 354 1258

1921 527 1974 582 6.
2011 526 2229 596 Surgite
2254 531 2538 594 postquam
2571 517 2840 581 sederitis,

1927 620 1980 674 7.
2011 618 2113 684 Qui
2145 613 2490 671 manducatis
2521 625 2716 680 panem
2748 607 2974 662 doloris.

1928 710 1981 765 8.
2017 709 2152 763 Cum
2185 705 2396 762 dederit
2423 702 2636 756 dilectis
2675 701 2790 756 suis
2820 713 3073 755 somnum
3093 738 3109 755 .

1932 803 1986 857 9.
2026 800 2167 856 Ecce
2200 797 2494 852 hereditas
2516 794 2754 857 Domini,
2791 793 2918 848 ﬁlii:

1932 890 2021 944 10.
2050 889 2258 943 Merces
2291 885 2504 940 fructus
2539 883 2768 938 ventris.

1930 982 2017 1035 11.
2053 979 2205 1034 Sicut
2233 978 2441 1048 sagittae
2470 977 2524 1031 in
2556 990 2721 1031 manu
2751 973 3027 1045 potentis:

1932 1072 2020 1126 12.
2058 1071 2132 1125 lta
2167 1069 2262 1124 ﬁlii
2293 1082 2674 1123 excussorum.

1934 1164 2022 1217 15.
2059 1163 2258 1217 Beatus
2287 1161 2370 1214 vir
2396 1161 2490 1231 qui
2522 1157 2772 1229 implebit
2817 1153 3149 1213 desiderium
3181 1167 3339 1208 suum
3367 1166 3429 1204 ex

1864 1255 1997 1325 ipsis
2024 1273 2038 1310 :

2977 1293 2998 1314 Ο

1943 1343 2026 1396 14.
2056 1340 2175 1397 Non
2230 1341 2636 1398 confundentur
2695 1354 2820 1396 cum
2861 1338 3150 1409 loquentur
3200 1331 3437 1388 inimicis

1871 1435 1984 1490 suis
2011 1434 2064 1489 in
2088 1442 2266 1505 porta.

1318 1642 1691 1699 ATHANASII
1730 1634 2318 1698 INTERPRETATIO.

271 1851 326 1906 5.
372 1848 530 1920 Ὑμῖν
553 1847 664 1910 τοῖς
690 1845 996 1916 προφήταις
1024 1844 1103 1907 είς
1134 1843 1312 1914 μάτην
1348 1843 1464 1895 ἐστὶ
1495 1842 1555 1894 τὸ
1579 1841 1626 1908 (1
1637 1845 1654 1911 )
1679 1842 1773 1911 όρ-
1803 1825 1841 1883 Β

1956 1839 1998 1893 5.
2035 1837 2218 1903 Vobis,
2252 1834 2546 1906 prophetae,
2575 1845 2774 1886 vanum
2819 1835 2904 1883 est
2939 1833 3065 1881 ante
3113 1823 3286 1878 lucem
3319 1839 3446 1880 sur-

196 1942 408 2016 θρίζειν
435 1940 598 2010 ὑμᾶς,
631 1937 726 1990 καὶ
754 1937 938 1990 λαϐεῖν
959 1936 1048 1990 τὸν
1077 1936 1232 2004 λόγον
1252 1935 1345 1988 τοῦ
1375 1933 1510 1988 Θεοῦ
1549 1934 1637 1988 διὰ
1679 1934 1775 2005 τὴν

197 2035 488 2092 ἀπείθειαν
517 2031 626 2085 τῶν
653 2030 748 2084 ἀνθ
758 2029 972 2101 ρώπων.

273 2146 329 2200 6.
365 2144 554 2214 Ὅμως
593 2139 730 2213 μετά
775 2140 872 2212 τὴν
910 2141 1163 2210 κοίμησιν
1199 2140 1350 2211 ὑμῶν
1384 2139 1704 2193 ἀνίστασθε·
1749 2140 1777 2191 ὁ

198 2237 362 2306 λόγος
386 2234 494 2306 γὰρ
520 2233 672 2304 ὑμῶν
703 2232 884 2302 μέλλει
913 2230 1303 2303 κηρύσσεσθαι,
1337 2232 1430 2285 καὶ
1461 2232 1613 2299 ἄγειν
1641 2233 1778 2285 πάν-

199 2346 307 2392 τας
345 2329 425 2390 είς
456 2325 554 2396 τὴν
585 2324 771 2378 πίστιν
798 2323 892 2377 τοῦ
924 2323 1079 2377 Θεοῦ.

279 2444 335 2497 7.
365 2443 428 2494 Oi
455 2440 570 2504 νῦν,
599 2438 688 2492 διὰ
708 2438 765 2492 τὸ
798 2437 1001 2509 μηδὲνα
1031 2436 1185 2508 ὑμῶν
1207 2436 1444 2503 ἀκούειν,
1476 2455 1542 2508 με
1571 2437 1782 2508 (εΖ)ὀδύ-

206 2546 309 2601 νης
340 2526 607 2587 ἐσθίοντες
633 2523 724 2576 τὸν
751 2522 957 2575 ἑαυτῶν
989 2523 1172 2594 ἄρτον.

281 2638 336 2692 8.
375 2637 511 2690 Πότε
538 2633 977 2704 (5)διεγείρεσθε,
997 2632 1169 2685 ὅτανὸ
1199 2631 1400 2702 Κύριος
1423 2631 1631 2701 μέλλων
1659 2631 1783 2684 συλ-

207 2728 581 2801 λαμὸἀνεσθαι
615 2726 718 2780 ὑπὸ
749 2725 854 2777 τῶν
896 2723 1164 2777 Ἰουδαίων
1195 2722 1288 2775 ἐπὶ
1334 2726 1444 2784 τοῖς
1482 2723 1783 2792 ἀγαπητοῖς

209 2817 400 2882 αὑτοῦ,
433 2815 679 2869 τουτέστι
703 2816 815 2876 τοῖς
839 2812 1154 2874 ἀποστόλοις
1175 2828 1187 2843 ·
1223 2811 1551 2864 Καθεύδετε
1574 2812 1638 2864 τὸ
1660 2815 1784 2865 λοι-

210 2909 350 2973 τὸν,
386 2908 486 2962 καὶ
529 2907 986 2962 ἀναπαύσεσθεσ
1039 2903 1251 2973 ﬁrmate
1293 2903 1402 2973 γὰρ
1455 2905 1486 2957 ὸ
1540 2903 1786 2971 παραδι-

209 2999 360 3065 δούς
386 3015 482 3068 με.

283 3109 338 3166 9.
380 3108 510 3162 Ἰδοὺ
546 3108 577 3178 ή
606 3106 938 3178 κληρονομία
968 3106 1170 3177 Κυρίου
1199 3105 1306 3158 υἱοὶ
1339 3104 1492 3176 ὑμῶν
1515 3105 1622 3158 τῶν
1653 3121 1784 3176 προ-

215 3202 424 3276 φητῶν,
449 3203 498 3254 oi
525 3199 829 3254 ἀπόστολοι.

288 3315 376 3369 10.
414 3313 523 3368 Καὶ
547 3315 575 3367 ό
607 3313 794 3384 μισθὸς
818 3310 910 3364 τοῦ
945 3310 1108 3363 πόνου
1140 3311 1168 3363 ὑ
1179 3310 1293 3381 μῶν
1326 3311 1419 3364 καὶ
1451 3311 1547 3382 τῆς
1575 3310 1784 3381 ὀδύνης,

214 3404 284 3481 ἧς
319 3409 468 3480 ἔχετε
498 3405 572 3478 (ό)
593 3405 712 3459 τότε
739 3403 1136 3475 κυριεύσοντες,
1163 3403 1384 3467 τούτους
1406 3405 1532 3466 τοὺς
1558 3403 1791 3456 ἀποστό-

214 3507 342 3570 λους
365 3506 494 3576 ἡμῖν
519 3503 722 3556 ἔτεκεν.

292 3618 382 3672 11.
423 3617 509 3681 Ὠς
546 3615 672 3686 βέλη
697 3617 1021 3684 πεμπόμενα
1057 3612 1205 3683 παρά
1240 3629 1383 3676 τινος
1415 3612 1667 3682 εύστόχου
1699 3613 1792 3665 καὶ

225 3709 468 3781 ἰσχυροῦ,
507 3707 678 3770 οὕτως
711 3707 846 3759 εἰσὶν
873 3707 919 3758 οί
950 3703 1236 3759 ἀπόστολοι
1277 3705 1380 3757 ὑπὸ
1407 3705 1611 3775 Κυρίου
1649 3722 1792 3774 πεμ-

223 3804 451 3874 πόμενοι
474 3801 553 3863 είς
580 3799 640 3853 τὸ
672 3801 952 3870 κήρυγμα.

296 3917 383 3971 12.
412 3917 474 3970 Oi
507 3915 613 3968 υἱοὶ
637 3914 746 3967 τῶν
778 3911 1090 3984 προφητῶν,
1121 3909 1229 3964 τῶν
1263 3908 1337 3980 μὴ
1369 3909 1599 3980 ἑχόντων
1627 3910 1682 3962 ἑν
1699 3907 1796 3962 αύ-

222 4012 336 4072 τοῖς
381 4007 456 4077 (5)
507 4008 647 4069 σῖτα,
677 4005 710 4076 ἢ
741 4003 942 4075 βρῶσιν
970 4001 1068 4072 τὴν
1088 3999 1475 4069 ἀφανίζουσαν.

293 4122 383 4176 15.
413 4120 718 4191 Μακάριος,
741 4117 1060 4190 ὅτι[ὂστις]
1087 4117 1161 4187 (6)
1198 4117 1295 4189 τὴν
1343 4113 1635 4183 ἐπιθυμίαν
1657 4110 1794 4181 ἔχων

222 4215 304 4278 είς
350 4211 419 4265 τά
454 4210 717 4282 εἰρημένα
768 4207 872 4260 ὑπὸ
909 4207 1016 4259 τῶν
1064 4206 1414 4268 ἀποστόλων,
1475 4203 1560 4259 καὶ
1609 4200 1797 4276 μαθὼν

221 4303 385 4366 αὐτὰ,
421 4303 515 4354 καὶ
548 4300 787 4373 πληρῶν.

297 4416 387 4469 14.
419 4417 480 4468 Οἱ
516 4414 744 4466 τοιοῦτοι
768 4413 876 4482 γάρ
904 4410 964 4463 ού
988 4408 1454 4478 καταισχύνονται,
1484 4407 1610 4459 ὅταν
1643 4423 1798 4475 μεταο

1877 1943 2022 1999 gere,
2045 1935 2099 1982 et
2129 1939 2350 1981 sumere
2394 1923 2616 1978 verbum
2661 1920 2756 1975 Dei
2787 1926 3006 1989 propter
3035 1913 3320 1969 hominum
3360 1914 3446 1967 in-

1876 2021 2275 2078 credulitatem.

1948 2132 2001 2188 6.
2037 2132 2425 2187 Verumtamen
2475 2137 2599 2199 post
2647 2127 3033 2182 dormitionem
3083 2135 3318 2181 vestram
3362 2137 3449 2176 re-

1879 2226 2115 2295 surgite;
2142 2233 2324 2278 vester
2362 2222 2507 2276 enim
2553 2234 2733 2274 sermo
2760 2217 3166 2289 prtedicabitur,
3193 2225 3247 2271 et
3273 2215 3448 2271 addu-

1879 2324 1965 2372 cet
1993 2330 2184 2370 omnes
2217 2315 2280 2368 ad
2307 2313 2400 2368 Dei
2427 2313 2609 2367 ﬁdem.

1953 2429 2004 2483 7.
2032 2427 2188 2483 Nunc
2221 2436 2424 2490 autem,
2455 2425 2582 2495 quia
2627 2437 2789 2477 nemo
2835 2435 2934 2475 vos
2979 2419 3148 2488 audit,
3183 2432 3308 2475 cum
3355 2418 3452 2472 do-

1879 2521 1996 2578 lore
2025 2520 2188 2576 editis
2221 2535 2416 2590 panem
2449 2526 2712 2572 vestrum.
3431 2511 3436 2518 ’

1953 2635 2004 2690 8.
2034 2634 2273 2688 Tandem
2301 2631 2623 2702 ‘resurgetis,
2651 2643 2774 2684 cum
2809 2625 3074 2682 Dominus
3099 2624 3453 2694 comprehen-

1883 2727 2040 2782 detur
2085 2740 2116 2778 a
2160 2722 2362 2786 ludatis
2417 2722 2559 2775 inter
2617 2735 2747 2775 suos
2780 2719 3030 2782 dilectos,
3062 2717 3164 2770 hoc
3197 2723 3281 2770 est
3319 2729 3452 2784 apo-

1884 2820 2074 2883 stolos,
2104 2828 2157 2872 et
2195 2815 2434 2872 dixerit:
2467 2814 2705 2867 Dormite
2749 2813 2866 2882 jam
2902 2819 2950 2864 et
2992 2808 3316 2879 requiescite,
3359 2822 3456 2877 ap-

1885 2911 2252 2983 propinquavit
2283 2909 2420 2962 enim
2449 2906 2538 2976 qui
2569 2921 2647 2959 me
2677 2904 2849 2958 tradet
2873 2903 2939 2954 ⁷⁸.

1957 3109 2012 3164 9.
2040 3107 2179 3164 Ecce
2207 3106 2495 3162 hmreditas
2521 3104 2734 3160 Domini
2760 3102 2856 3157 lilii
2881 3101 3067 3165 vestri,
3099 3115 3132 3156 o
3163 3100 3453 3170 prophetae,

1891 3202 2140 3273 apostoli.

1963 3317 2050 3372 10.
2087 3314 2152 3369 Ει
2181 3329 2390 3369 merces
2439 3311 2640 3367 laboris
2694 3309 2893 3373 vestri,
2945 3317 2999 3364 et
3045 3306 3249 3362 doloris
3299 3320 3456 3375 quem

1889 3409 2170 3465 habebatis
2198 3416 2326 3462 tunc
2355 3407 2728 3476 praedicantes,
2751 3403 2971 3459 eosdem
2999 3400 3276 3472 apostolos
3308 3398 3460 3452 nobis

1890 3499 2117 3571 peperit.

1965 3616 2053 3670 11.
2084 3615 2234 3671 Sicut
2268 3613 2371 3668 tela
2395 3611 2562 3666 missa
2594 3608 2662 3662 ab
2692 3607 2876 3676 aliquo
2914 3604 3092 3675 perito
3125 3611 3180 3657 et
3214 3600 3341 3656 forti
3372 3616 3460 3655 sa-

1892 3707 2143 3778 gittario;
2175 3707 2248 3760 ita
2278 3712 2405 3760 sunt
2450 3700 2680 3772 apostoli
2711 3698 2866 3753 missi
2895 3713 2926 3751 a
2951 3695 3182 3751 Domino
3215 3693 3282 3749 ad
3320 3709 3460 3759 prae-

1891 3799 2198 3856 dicandum.
2517 3807 2522 3812 '

1965 3911 2052 3966 12.
2091 3908 2210 3962 Filii
2238 3907 2622 3978 pr0phetarum
2665 3919 2773 3958 non
2810 3901 3125 3956 habentium
3165 3899 3220 3953 in
3246 3914 3304 3954 se
3329 3898 3460 3968 ipsis

1894 4002 2250 4066 frumentum,
2283 4008 2378 4052 aut
2402 4011 2583 4053 escam
2620 3994 2983 4049 deiicientem.

1972 4111 2059 4166 15.
2094 4108 2290 4164 Beatus
2318 4108 2627 4178 quicunque
2652 4105 2860 4159 habens
2890 4099 3218 4156 desiderium
3251 4113 3463 4162 eorum,

1894 4218 2015 4275 quae
2043 4202 2182 4257 dicta
2206 4210 2333 4254 sunt
2365 4199 2432 4253 ab
2457 4197 2740 4267 apostolis,
2767 4204 2819 4248 et
2846 4193 3008 4248 discit
3031 4191 3148 4260 ipsa
3180 4197 3233 4244 et
3255 4188 3460 4258 implet.

1967 4403 2054 4456 14.
2085 4399 2245 4454 Tales
2274 4397 2419 4452 enim
2447 4409 2556 4449 non
2589 4391 3021 4453 confunduntur,
3050 4404 3171 4444 cum
3203 4385 3468 4442 decedunt

224 4511 484 4566 ϐαίνωσιν
516 4511 580 4563 ἐκ
625 4506 718 4560 τοῦ
752 4507 956 4575 κόσμου
993 4501 1181 4556 τούτου
1201 4544 1215 4566 ,
1258 4501 1348 4554 καὶ
1378 4500 1612 4553 ἐναντίαι
1640 4497 1797 4550 δυνά-
1829 4519 1841 4573 ι

1956 4511 1966 4547 ι
1994 4494 2097 4548 hoc
2126 4490 2353 4552 mundo,
2371 4496 2424 4541 et
2441 4485 2729 4540 contrariae
2751 4489 3048 4552 potestates
3080 4487 3289 4534 stantes
3315 4483 3469 4530 extra

228 4618 355 4673 μεις
383 4599 617 4653 ἑστῶσαι
646 4596 842 4662 ἔξωθεν
871 4595 980 4649 τῶν
1002 4592 1181 4646 πυλῶν
1207 4591 1298 4645 τοῦ
1325 4589 1554 4662 ούρανοῦ
1578 4587 1800 4660 ζητοῦσι

1956 4585 2025 4640 eli
2057 4591 2242 4653 portas
2273 4588 2526 4650 quaerunt
2567 4585 2754 4632 contra
2782 4575 2930 4643 ipsos
2956 4569 3198 4626 invenire
3232 4568 3468 4637 aliquam

224 4695 352 4748 κατ’
377 4691 555 4746 αὐτῶν
584 4691 762 4761 εὑρεῖν
786 4705 908 4742 τινα
935 4685 1130 4758 πρᾶξιν
1166 4684 1406 4756 πονηρὰν
1448 4683 1522 4753 (7)
1560 4684 1642 4743 είς
1692 4681 1792 4734 αύ-

224 4785 377 4847 τοὺς,
407 4783 493 4835 ἵνα
521 4780 968 4851 κατηγορήσωσιν
999 4775 1176 4832 αὐτῶν
1220 4774 1356 4846 πρὸς
1399 4773 1490 4826 τὸν
1540 4772 1673 4826 Θεὸν
1725 4770 1800 4836 ὡς

227 4872 650 4948 ἡμαρτηκότων.

303 5052 351 5084 ⁷⁸
381 5049 572 5106 Matth.
612 5065 761 5114 τινι,
793 5048 882 5112 45,
915 5046 1010 5106 16.

1906 4675 2208 4744 improbam
2236 4671 2528 4737 actionem,
2550 4678 2613 4724 ut
2640 4682 2734 4722 eos
2756 4676 3014 4735 tanquam
3038 4669 3349 4735 peccatores
3363 4657 3470 4716 Deo

1906 4773 2182 4823 accusent.

1185 5205 1486 5270 Addenda
1518 5209 1581 5266 et
1618 5197 1993 5280 corrigenda
2028 5211 2107 5256 ex
2156 5192 2298 5255 cod.
2328 5186 2530 5251 Vatic.

411 5396 809 5483 Τρῦόρθρίζειν
833 5397 995 5483 ἡμᾶς,
1016 5396 1124 5483 Δκαὶ
1154 5394 1351 5456 λαλεῖν,
1378 5402 1482 5448 etc.

301 5469 382 5540 (2)
415 5472 544 5525 Μετ’
567 5469 754 5536 ὀδύνης
779 5469 982 5540 ἢσθιον,
1006 5473 1112 5540 etc.

305 5531 383 5611 (ὅθ
415 5541 551 5594 Πότε
590 5541 647 5593 δὲ
692 5531 990 5610 ἐγείρεσθε,
1025 5537 1206 5611 ὅτανό
1245 5533 1448 5611 Ἰησοῦς
1487 5535 1514 5586 ὁ
1543 5531 1800 5611 μέλλων,

230 5603 648 5679 ει6.,”ιουδαίων
681 5603 974 5681 εἴπητοῖς,
1004 5616 1107 5664 etc.
1141 5605 1264 5660 Mox
1286 5603 1435 5660 deest
1462 5603 1554 5657 καί
1580 5611 1632 5658 et
1663 5603 1788 5671 γάο.

1979 5388 2054 5459 (1)
2082 5387 2269 5509 Egere
2294 5383 2414 5436 τότε
2446 5380 2829 5451 κηρύσσοντες.

1981 5461 2057 5509 (5)
2103 5457 2116 5476 ’
2141 5474 2189 5509 ιν
2218 5456 2429 5509 ἑαυτοῖς
2464 5455 2604 5509 σῖτα,
2638 5449 2671 5509 ἣ
2701 5447 2829 5509 βρῶι

2218 5456 2429 5515 ἑαυτοῖς
2464 5445 2604 5515 σῖτα,
2638 5449 2671 5519 ἢ
2701 5445 2900 5519 βρῶσίν
2926 5457 3070 5506 τινα,
3100 5449 3206 5497 etc.

1971 5529 2062 5670 ((13)
2085 5528 2334 5664 Πῗκδηράν
2361 5589 2708 5663 πεπραχότας
2743 5586 2957 5650 αύτούς,
2980 5595 3081 5640 etc.
