3740 6294
125 5652 145 5685 ΐ

112 225 279 279 1249
1059 208 1146 264 DE
1185 207 1463 264 TlTULlS
1501 199 1961 263 PSALHORUM.
1994 228 2065 240 -—
2097 196 2296 252 PSAL;
2329 194 2573 251 CXXXI.

189 339 257 392 4.
294 335 361 391 El
388 333 735 404 ἀναϐήσομαι
755 331 849 385 ἐπὶ
874 328 1058 400 κλίνης
1092 327 1382 399 στρωμνῆς
1411 342 1536 397 μου.

195 430 264 487 5.
297 430 363 483 Εἰ
382 425 539 481 δώσω
572 423 739 478 ὕπνον
763 424 875 486 τοῖς
896 419 1191 491 ὀφθαλμοῖς
1227 434 1349 489 μου,

193 516 261 573 6.
294 516 407 570 Καὶ
428 515 541 576 τοῖς
566 510 855 582 βλεφάροις
886 526 986 580 μου
1007 506 1338 577 νυσταγμὸν,

201 608 265 663 7.
294 608 403 660 Καὶ
425 605 729 658 ἀνάπαυσιν
755 604 866 665 τοῖς
894 600 1185 672 κροτάφοις
1211 616 1312 671 μου
1346 640 1361 664 ,

202 699 421 761 8.”Εως
449 691 511 751 οὗ
530 694 676 766 εὖρω
704 694 867 747 τόπον
901 691 978 763 τῷ
1006 692 1227 764 Κυρίῳ,

202 789 267 846 9.
303 790 577 860 Σκήνωμα
604 784 683 857 τῷ
717 783 835 855 Θεῷ
873 782 1086 837 Ἰακώϐ.

215 882 312 937 10.
334 881 462 935 Ἰδοὺ
489 878 803 949 ἠκούσαμεν
830 877 999 947 αὐτὴν
1030 876 1087 929 ὲν
1125 873 1370 946 Ἐφραθά
1390 890 1404 904 ·

214 975 313 1030 11.
344 973 590 1044 Εὖρομεν
623 970 792 1042 αὐτὴν
820 972 876 1022 ὲν
906 971 1019 1032 τοῖς
1064 967 1269 1030 πεδίοις
1297 950 1395 1020 τού
1422 960 1653 1037 δρυμοῦ.

210 1065 311 1122 12.
340 1062 775 1134 Είσελευσόμεθα
807 1064 887 1125 είς
915 1061 984 1115 τά
1013 1061 1347 1133 σκηνώματα
1378 1056 1542 1113 αὑτοῦ
1565 1073 1579 1087 ⁸

214 1159 309 1215 15.
354 1157 811 1229 Προσκυνήσομεν
852 1155 932 1219 εἰς
964 1153 1054 1207 τὸν
1082 1152 1266 1219 τόπον,
1307 1147 1369 1206 οὗ
1407 1150 1641 1221 ἔστησαν
1677 1151 1726 1204 οί

128 1251 314 1315 πόδες
342 1247 532 1303 αὐτοῦ.

221 1344 315 1399 14.
358 1340 671 1413 Ἀνάστηθι,
701 1339 897 1412 Κύριε,
924 1338 1004 1401 είς
1029 1338 1125 1407 τὴν
1156 1336 1462 1391 ἀνάπαυσίν
1494 1351 1609 1400 σου,

217 1433 315 1488 15.
342 1433 415 1486 Σὺ
445 1432 539 1485 καὶ
568 1433 601 1502 ἡ
632 1429 863 1492 κιϐωτὸς
891 1426 985 1480 τοῦ
1016 1426 1357 1497 ἀγιάσματός
1388 1442 1502 1479 σου.

218 1524 314 1579 16.
343 1524 407 1578 Οἱ
444 1525 610 1594 ἱερεῖς
641 1539 732 1575 σου
760 1504 1069 1575 eve-5mm:
1095 1516 1462 1587 δικαιοσύνην,

221 1617 316 1670 17.
345 1615 457 1669 Καὶ
497 1616 547 1668 οἱ
593 1614 728 1668 ὅσιοί
783 1630 877 1666 σου
923 1610 1339 1682 ἀγαλλιάσονται
1388 1606 1731 1682 [ἀγαλλιάσει

139 1702 618 1777 ἀγαλλιάσονται].

222 1795 316 1850 18.
349 1795 576 1849 Ἕνεκεν
610 1793 775 1849 Δαδὶδ
804 1791 897 1847 τοῦ
927 1790 1114 1846 δούλου
1142 1808 1241 1845 σου

3256 183 3402 242 1250

1744 327 1793 382 Α
1889 316 1941 370 4.
1987 312 2044 370 Si
2070 313 2367 369 aseendero
2399 312 2452 365 in
2498 311 2697 365 lectum
2726 307 2882 363 strati
2914 304 3043 364 mei.

1888 405 1943 460 5.
1988 403 2046 458 Si
2075 404 2275 458 dedero
2310 415 2568 456 somnum
2606 398 2785 454 oculis
2814 397 2974 462 meis,

1899 497 1952 551 6.
1994 494 2062 550 Et
2108 493 2383 565 palpebris
2419 493 2555 547 meis
2589 488 3065 548 dormitationem.

1897 595 1948 650 7.
1984 594 2053 648 Et
2090 591 2338 662 requiem
2372 589 2714 659 temporibus
2747 588 2907 642 meis.

1894 686 1950 742 8.
1990 685 2176 741 Donec
2210 684 2484 739 inveniam
2516 683 2699 736 locum
2737 679 2993 744 Domino,

1902 780 1957 836 9.
2002 776 2440 833 Tabernaculum
2476 774 2588 830 Deo
2611 772 2801 828 Jacob.

1897 869 1983 925 10.
2023 868 2162 924 Ecce
2188 867 2500 922 audivimus
2527 881 2645 920 eam
2681 865 2733 918 in
2766 860 3045 932 Ephralha
3077 877 3092 889 ·

1897 961 1982 1015 11.
2026 958 2339 1013 Invenimus
2378 970 2499 1011 eam
2529 956 2583 1010 in
2620 955 2830 1025 campis
2867 954 3039 1009 silvae.

1900 1050 1986 1104 1εὶ.
2019 1048 2371 1103 lntroibimus
2400 1047 2455 1101 in
2488 1045 2837 1101 tabernacula
2864 1044 2985 1114 ejus
3016 1059 3031 1097 :

1901 1141 1990 1196 l5.
2037 1139 2404 1194 Adorabimus
2442 1138 2499 1192 in
2554 1137 2710 1204 loco,
2773 1135 2867 1191 ubi
2922 1139 3189 1201 steterunt
3243 1130 3410 1202 pedes

1830 1234 1972 1305 ejus.

1902 1325 1991 1379 14.
2023 1323 2214 1395 Surge,
2247 1322 2495 1389 Domine,
2527 1321 2581 1377 in
2613 1321 2855 1392 requiem
2886 1328 3056 1383 tuam,

1910 1421 1999 1474 15.
2037 1418 2118 1472 Tu
2145 1427 2199 1473 et
2224 1434 2348 1473 arca
2379 1415 2829 1472 sanctiﬁcationis
2860 1423 2987 1468 tuae.

1906 1511 1997 1565 16,
2035 1507 2358 1563 Sacerdotes
2391 1506 2466 1561 tui
2494 1506 2787 1561 induentur
2813 1503 3105 1573 justitiam,

1911 1605 1997 1659 17.
2026 1602 2092 1657 Et
2120 1601 2294 1657 sancti
2323 1601 2400 1655 tui
2429 1599 2780 1655 exsultabunt
2811 1595 3200 1670 [exsultatione
3222 1590 3410 1649 exsul-

1765 1695 1808 1751 B
1838 1693 2079 1767 tabunt].

1915 1787 2003 1842 18.
2034 1785 2264 1857 Propter
2295 1782 2468 1839 David
2495 1798 2716 1840 servum
2747 1790 2928 1839 tuum-

1279 1965 1650 2024 ATHANASII
1692 1962 2286 2021 INTERPRETATIO.

225 2130 285 2184 ι.
315 2130 380 2183 Ei
407 2129 482 2201 μὴ
517 2129 602 2181 ἐπ’
629 2126 705 2198 (1)
735 2126 967 2197 ἐδάφους
993 2124 1219 2179 ὕπνωσα
1236 2123 1330 2177 τοῦ
1357 2120 1569 2176 λοιποῦ.

225 2221 286 2284 5,
314 2220 365 2276 6.
399 2220 462 2272 Εἰ
499 2218 780 2288 παύσομαι
810 2215 1127 2288 ἀγρυπνῶν,
1159 2214 1252 2269 καὶ
1282 2214 1737 2287 προσευχόμενος,

150 2310 256 2369 καὶ
280 2305 523 2379 μελετῶν
553 2304 746 2366 νυκτὸς
774 2305 866 2357 κα)⁵
896 2302 1108 2374 ἡμέρας
1134 2303 1191 2354 ἐν
1230 2299 1309 2371 τῷ
1338 2300 1487 2371 νόμῳ
1517 2317 1632 2354 σου.

230 2401 288 2455 7.
327 2400 439 2454 Kal.
458 2401 508 2451 εἰ
534 2396 689 2451 δώσω
715 2395 896 2451 ἄνεσιν
924 2396 991 2466 τῇ
1019 2393 1229 2465 διανοίᾳ
1251 2393 1350 2463 τῆς
1373 2391 1606 2464 καρδίας
1638 2409 1739 2465 μου

155 2492 295 2563 περὶ
313 2490 385 2544 τὰ
409 2490 659 2559 νοήματα
682 2486 790 2540 τῶν
824 2483 1074 2556 Γραφῶν.

236 2583 292 2644 8,
322 2584 378 2636 9.
411 2581 555 2643 Ἕως
584 2572 644 2632 οὗ
670 2576 759 2631 διὰ
794 2576 891 2645 τῆς
934 2574 1157 2648 χάριτος
1191 2570 1358 2626 αὐτοῦ
1406 2572 1744 2644 οἰκοδομήσω

159 2673 406 2748 ἐμαυτὸν
430 2668 579 2726 οἷκον
606 2668 684 2739 τῷ
714 2667 918 2739 Κυρίῳ,
945 2668 1039 2720 καὶ
1068 2667 1371 2720 ἀνάπαυσιν
1391 2662 1468 2734 τῷ
1495 2662 1614 2732 Θεῷ
1635 2663 1743 2715 ύπ-

156 2769 339 2837 ακοῆς
382 2763 459 2836 (2)
488 2779 501 2791 ·
548 2762 785 2832 εἴπαμεν
814 2760 946 2830 γὰρ,
990 2756 1205 2813 Ἰακὼϐ
1238 2754 1601 2829 ἑρμηνεύεται
1631 2756 1717 2809 ὑπ

1923 2762 2094 2815 timus
2126 2761 2272 2815 enim
2296 2758 2443 2829 quod
2464 2756 2633 2811 Jacob
2669 2757 3056 2823 interpretatur
3088 2750 3432 2815 auscultatio,

156 2855 345 2922 ακοή.
1775 2841 1817 2898 C

240 2947 331 3004 10.
358 2946 492 3001 Ἰδοὺ
527 2942 845 3015 ἠκούσαμεν
892 2943 949 2996 ὲν
997 2938 1337 3011 Εὑαγγελίῳ,
1368 2939 1452 2992 ὅτι
1494 2937 1632 3009 αὕτη
1669 2936 1733 3008 (5]

1923 2934 2009 2990 10.
2048 2933 2185 2989 Ecce
2210 2934 2523 2988 audivimus
2554 2931 2607 2987 in
2647 2931 2966 3002 Evangelia,
3016 2929 3163 3000 quod
3198 2930 3313 2983 haec
3352 2935 3433 2983 est

165 3044 320 3099 ἔστὶν
351 3044 387 3115 η
417 3039 723 3101 ἀνάπαυσις
764 3035 859 3090 τοῦ
897 3032 1070 3100 Θεοῦ,
1120 3033 1250 3085 ὅταν
1292 3047 1375 3095 τις
1421 3030 1647 3099 πωλὴσῃ
1686 3028 1733 3081 τέ

1923 3026 2069 3094 quies
2107 3024 2223 3086 Dei.
2254 3040 2378 3079 cum
2402 3025 2528 3093 quis
2560 3023 2868 3078 vendiderit
2897 3021 3085 3092 omnia
3120 3021 3261 3074 bona
3306 3033 3430 3088 sua,

168 3108 489 3205 ὑπάρχοντα
513 3127 697 3193 αὑτοῦ,
726 3127 824 3181 καὶ
869 3123 946 3196 δῷ
974 3126 1230 3194 πτωχοῖς,
1260 3122 1354 3176 καὶ
1391 3119 1627 3193 ἀπέλθῃ,
1662 3122 1733 3171 κα

1933 3115 2144 3191 dederit
2190 3116 2540 3186 pauperibus,
2581 3121 2636 3168 et
2669 3110 2920 3175 abiverit,
2963 3119 3017 3164 et
3047 3108 3304 3164 omnibus
3350 3122 3434 3161 re.

168 3200 515 3295 amet—{6mm
540 3236 554 3249 °
592 3218 854 3288 Ἐςρραθὰ
891 3214 1001 3288 γὰρ
1039 3213 1399 3286 ἑρμηνεύεται
1434 3208 1733 3283 παραδιδόν‹

1923 3209 2224 3263 mtiaverit:
2252 3207 2528 3270 Ephralha
2554 3210 2700 3259 enim
2732 3205 3122 3273 interpretatur
3143 3201 3211 3257 de
3240 3216 3328 3263 eo,
3346 3200 3437 3271 qui

170 3334 263 3380 τος
290 3310 725 3383 καρποφορίαν.

1923 3300 2061 3353 abet
2082 3298 2354 3368 fructuum
2382 3296 2693 3349 ubertatem.

1931 3391 2017 3445 11.
2055 3388 2368 3443 Invenimus
2404 3386 2650 3457 requiem
2694 3385 2837 3440 hanc
2866 3384 2923 3439 in
2980 3398 3186 3448 eremo,
3234 3382 3324 3437 ubi
3357 3390 3444 3438 est

1862 3481 2158 3537 multitudo
2188 3480 2434 3534 virorum
2482 3476 2803 3531 habentium
2850 3475 3017 3531 corda
3065 3490 3166 3530 sua
3203 3489 3444 3542 expansa

1864 3574 1931 3629 ad
1972 3573 2138 3628 Deum
2186 3568 2564 3639 (manifestum
2602 3576 2721 3633 est,
2755 3566 2902 3638 quod
2943 3563 3245 3621 monachos
3269 3564 3444 3634 signi-

1910 2120 1960 2178 1.
1999 2116 2114 2174 Nisi
2141 2118 2197 2172 in
2223 2103 2466 2172 futurum
2499 2116 2652 2171 humi
2688 2129 2943 2171 somnum
2988 2112 3241 2184 capiam:

1912 2212 1966 2277 5,
1994 2211 2051 2268 6.
2092 2209 2149 2265 Si
2185 2224 2476 2266 cessavere
2510 2208 2755 2279 vigilare,
2787 2214 2841 2262 et
2875 2221 3055 2272 orare,
3094 2214 3150 2260 et
3172 2202 3423 2259 meditari

1835 2303 1923 2358 die
1948 2318 2012 2357 ac
2037 2311 2196 2357 nocte
2230 2300 2284 2354 in
2320 2300 2434 2370 lege
2459 2307 2576 2354 tua.

1909 2395 1964 2449 7.
2003 2392 2072 2448 Et
2127 2394 2174 2449 si
2223 2393 2425 2449 dedero
2481 2391 2727 2462 requiem
2786 2389 2953 2446 menti
2986 2387 3169 2444 cordis
3212 2386 3319 2441 mei
3372 2385 3426 2441 in

1851 2485 2148 2555 Scripturis
2192 2483 2625 2555 perscrutandis.

1920 2578 1974 2643 8,
2005 2578 2059 2633 9.
2095 2576 2280 2632 Donec
2326 2576 2497 2646 gratia
2542 2582 2631 2629 tua
2680 2570 2959 2627 rediiicabo
3005 2584 3092 2624 me
3143 2568 3322 2638 ipsum
3372 2565 3429 2621 in

1850 2671 2072 2725 domum
2125 2667 2380 2733 Domino,
2415 2678 2470 2721 et
2518 2667 2762 2735 requiem
2799 2662 2912 2717 Deo
2960 2659 3429 2716 auscultationis:

250 3409 339 3463 11.
367 3404 616 3477 Εὖρομεν
656 3401 733 3469 (Δ)
778 3400 878 3471 τὴν
926 3397 1234 3453 ἀνάπαυσιν
1283 3394 1487 3468 ταύτην
1538 3396 1619 3459 εἰς
1660 3393 1760 3465 τὴν

172 3503 408 3575 ἔρημον,
441 3497 573 3551 ἔνθα
602 3494 664 3549 τὸ
689 3492 893 3564 πλῆθός
937 3493 1051 3545 ἐστι
1085 3489 1196 3543 τῶν
1227 3487 1437 3560 ἀνδρῶν
1463 3486 1573 3541 τῶν
1605 3487 1759 3557 ἐχόν-

174 3608 287 3648 των
312 3588 642 3663 ήπλωμένας
665 3585 765 3649 τὰς
808 3582 1033 3656 καρδίας
1078 3579 1216 3654 πρὸς
1244 3579 1336 3633 τὸν
1375 3577 1538 3633 Θεόν·
1570 3577 1726 3650 δῆλον
1746 3617 1762 3642 ,

175 3685 309 3749 τοὺς
345 3682 613 3755 μοναχοὺς
641 3678 811 3747 λέγει.

1923 3664 2039 3730 :at).

378 3748 813 3843 Εἰσελευσόμεθα
840 3770 920 3833 εἰς
936 3767 1006 3822 τὰ
1029 3766 1364 3839 μοναστήρια
1391 3762 1527 3836 πρὸς
1552 3762 1613 3816 τὸ
1636 3762 1733 3815 ἀπε

1942 3756 2030 3810 12.
2063 3751 2416 3809 Introibimus
2458 3766 2517 3807 In
2548 3750 2885 3806 monasteria
2924 3748 2992 3805 ad
3023 3748 3446 3805 renuntiandum

183 3869 471 3938 τάξασθαι.

1929 3848 2089 3902 unde.

258 3964 349 4018 15.
404 3959 507 4013 Τὸν
571 3955 803 4027 σταυρὸν
860 3951 1024 4008 αὐτοῦ
1083 3950 1535 4024 προσκυνήσομεν
1565 3986 1580 4013 ,
1643 3943 1774 4003 ἔνθα

187 4057 479 4126 ὲπάγησαν
507 4054 554 4105 οί
581 4050 737 4113 πόδες
760 4046 948 4101 αὑτοῦ.

260 4148 351 4203 14.
387 4142 785 4218 Προσεύχονται
820 4140 869 4193 οἱ
903 4137 1196 4208 ἡγούμενοι
1224 4134 1365 4207 ὑπὲρ
1391 4133 1501 4187 τῶν
1535 4133 1775 4186 ἀποτασ-

1948 3941 2035 3995 15.
2069 3938 2301 3994 Crucem
2346 3937 2466 4009 ejus
2494 3937 2885 4003 adorabimus,
2934 3936 3026 3992 ubi
3072 3935 3272 3991 conﬁxi
3321 3946 3450 3993 sunt

1875 4034 2040 4106 pedes
2068 4032 2208 4102 ejus.

1952 4127 2037 4181 M.
2076 4125 2248 4180 Orant
2293 4124 2553 4195 praesides
2605 4124 3001 4178 monachorum
3051 4136 3150 4191 pro
3208 4120 3313 4185 iis,
3361 4121 3455 4190 qui

192 4199 460 4313 mpévwv',
510 4199 789 4303 Xéy'owecr
832 4199 1009 4293 Ἐλίίὲ,
1047 4199 1253 4299 Κύριε,
1302 4199 1383 4289 είς
1423 4224 1522 4295 τὴν
1548 4222 1733 4294 καρδία

1923 4220 2076 4274 tundo
2123 4219 2535 4281 renuntiarunt,
2572 4215 2815 4271 dicentes
2859 4231 2873 4267 :
2906 4213 3076 4275 Veni,
3115 4212 3364 4277 Domine,
3402 4212 3457 4264 in

189 4336 399 4391 τούτων
420 4330 529 4383 τῶν
554 4328 652 4400 τὴν
680 4323 984 4380 ἀνάπαυσιν
1010 4339 1104 4375 σου
1134 4320 1429 4374 τελούντων
1463 4316 1566 4389 (5).

1923 4329 1976 4369 or
2008 4314 2259 4373 istorum,
2291 4309 2383 4379 qui
2411 4308 2656 4378 requiem
2688 4316 2834 4360 tuam
2859 4304 3118 4358 cilicium.

267 4423 361 4479 15.
391 4423 465 4475 Σὺ
499 4390 641 4486 ἐλθέ,
675 4416 770 4471 καὶ
797 4418 831 4488 η
864 4415 1020 4487 χάρις
1048 4428 1152 4482 ,σου
1189 4412 1286 4464 σὺν
1328 4410 1441 4472 τοῖς
1478 4406 1655 4477 ἀγίοις
1686 4421 1733 4457 σι

1956 4403 2043 4457 15.
2077 4400 2212 4455 Veni
2246 4408 2339 4464 tu,
2384 4408 2438 4452 et
2469 4397 2641 4467 gratia
2676 4406 2768 4452 tua
2801 4411 2926 4451 cum
2967 4393 3224 4448 omnibus
3257 4390 3462 4447 sanctis

197 4519 389 4573 πᾶσιν.

1923 4496 2012 4550 iis.

274 4607 363 4663 16.
403 4604 595 4674 Ἡμεῖς
626 4603 676 4656 οί
728 4601 891 4671 ἱερεῖς
924 4615 1018 4652 σου
1067 4592 1402 4665 ὲνδυσόμεθα
1441 4590 1520 4664 (6)
1563 4588 1654 4643 διά
1686 4588 1733 4640 τί

1957 4586 2049 4643 16.
2078 4584 2192 4642 Nos
2219 4585 2536 4642 sacerdotes
2583 4581 2662 4636 tui
2693 4579 2985 4634 induemur
3023 4593 3122 4650 per
3156 4577 3464 4633 doctrinam

198 4700 550 4763 διδασκαλίας
579 4697 800 4759 τούτους
818 4695 945 4758 τοὺς
964 4693 1063 4764 τῆς
1093 4687 1441 4758 δικαιοσύνης
1473 4683 1644 4748 υἱούς.

1923 4683 1976 4735 .is
1996 4680 2221 4750 justitiae
2247 4678 2393 4733 ﬁliis.

278 4794 367 4848 17.
399 4793 511 4847 Καὶ
531 4759 753 4853 ’πάντες
789 4788 837 4841 οἱ
866 4759 1088 4855 ἄγγελοί
1122 4799 1217 4836 σου
1248 4780 1343 4835 καὶ
1381 4780 1530 4833 πᾶσα
1563 4778 1597 4847 ή
1630 4773 1733 4828 ἀδεῖ

1964 4770 2151 4826 17.Ει
2195 4783 2388 4824 omnes
2435 4765 2613 4836 angeli
2664 4764 2765 4832 tui,
2820 4774 2875 4819 et
2920 4762 3100 4817 omnis
3154 4759 3469 4816 fraternitas

205 4888 381 4961 φότης
426 4851 841 4955 ἀγαλλιάσονται
1010 4880 1079 4950 τῇ
1121 4875 1373 4945 ἀποταγῇ
1425 4869 1633 4925 τούτων
1680 4867 1733 4920 τί

1923 4863 2240 4918 xsultabunt
2267 4860 2320 4914 in
2352 4859 2754 4916 renuntiatione
2780 4874 2870 4912 seu
2890 4855 3217 4927 professione
3249 4851 3470 4915 borum,

206 4952 604 5052 προελθόντων.

1923 4955 1984 5025 ui
2018 4955 2086 5008 ad
2119 4954 2467 5007 monasticam
2500 4952 2663 5006 vitam
2690 4956 2974 5003 venerunt.
3080 4967 3088 4979 -
3272 5012 3281 5021 ι

284 5070 372 5126 18.
418 5067 517 5123 Διά
561 5067 653 5120 τὸν
696 5062 855 5137 χορὸν
900 5063 990 5116 τὸν
1032 5059 1413 5132 πεπυθημένον
1465 5056 1575 5110 τῶν
1624 5052 1733 5125 ἀγίι

1964 5046 2053 5101 18.
2086 5046 2313 5115 Propter
2346 5045 2579 5100 chorum
2610 5042 2976 5098 desideratum
3005 5045 3324 5094 sanctorum
3359 5043 3457 5090 tuo

212 5179 311 5217 σου
329 5175 346 5192 '
374 5158 553 5215 Δαϐὶδ
578 5130 1081 5231 γὰρ-ερμηνεύεται
1111 5130 1547 5221 πεποθημένος.

1928 5154 2017 5194 um
2053 5156 2068 5193 :
2104 5136 2274 5191 David
2300 5137 2445 5191 enim
2478 5135 2867 5206 interpretatur
2895 5130 3247 5185 desideratus.

1167 5283 1476 5350 Addenda
1505 5291 1567 5345 et
1615 5276 1994 5357 corrigenda
2031 5291 2111 5335 ex
2141 5271 2284 5334 cod.
2319 5269 2523 5333 Vatic.

1900 5408 2051 5544 euis)
2093 5466 2586 5544 amnem.
2755 5533 2779 5544 -
2930 5531 2955 5544 _
3076 5531 3090 5544 .
3204 5527 3229 5540 -

1964 5523 2053 5622 $6,)
2093 5537 2457 5611 Ἐνδυσόμεθα
2497 5534 2717 5600 τούτους
2749 5533 2798 5589 δ.
2841 5549 2893 5588 τ.
2925 5531 2972 5588 δ.
3011 5531 3136 5599 τοὺς
3171 5527 3270 5601 τῆς
3301 5526 3351 5582 δ.
3380 5523 3478 5581 αὐ·

1899 5628 1993 5667 του
2027 5609 2196 5675 υἱούς.

287 5428 366 5501 (1)
406 5425 740 5501 Efﬁce“;
874 5490 897 5501 -
1148 5485 1160 5501 .
1257 5484 1281 5501 .

293 5477 373 5570 ig)
536 5477 779 5570 ιῖᾱέὸῆς
800 5508 814 5522 ’
841 5490 1077 5562 εἴπαμεν
1102 5485 1240 5569 ξαρ,
1254 5484 1337 5539 ὅτι
1361 5477 1583 5543 Ἰακώϐ,
1607 5483 1746 5537 etc.:

292 5558 781 5644 (ξδῑέιάύτηιυιδ-
961 5558 992 5644 .”
1085 5558 1303 5644 δῖ..
1349 5616 1728 5644 μ--.-.--.--.ε

296 5619 375 5713 id}
404 5619 836 5711 ὲῐοέρᾀμέᾐιο..
882 5630 1017 5706 πρὸς
1052 5629 1143 5686 τδν
1173 5625 1327 5694 Θεὸν,
1349 5619 1617 5679 ’τουτέστι
1640 5619 1788 5682 τούς.
