3702 6402
237 317 370 373 ηδτ

1098 315 1186 370 DE
1222 314 1494 373 TITULIS
1525 315 1974 373 PSALMOBUM.
2015 347 2085 360 —
2118 319 2310 376 PSAL.
2341 321 2627 377 CXXXIII.

3305 326 3443 384 1258

291 460 342 514 6.
383 459 469 522 σος
498 457 683 530 δρόσος
718 458 963 528 Ἀερμὼν
991 459 1441 529 ήκαταδαίνουσα
1471 462 1562 514 ἐπὶ
1591 461 1658 516 τὰ
1680 463 1779 536 ὅρη
1809 473 1855 530 Α

1951 463 2006 518 6.
2036 461 2186 520 Sicut
2231 479 2324 520 ros
2371 463 2632 532 Hermon,
2665 466 2759 536 qui
2811 464 3090 520 descendit
3137 466 3196 520 in
3235 476 3446 524 montes

228 547 376 602 Σιών.

287 641 338 693 7.
371 639 491 691 Ὅτι
519 639 636 691 ἐκεῖ
661 637 960 692 ἐνετείλατο
986 638 1189 710 Κύριος
1212 640 1310 712 τὴν
1334 641 1600 712 εὐλογίαν,

287 732 336 788 8.
369 731 522 802 Ζωὴν
552 731 656 794 ἕως
676 729 769 784 τοῦ
792 730 1004 795 αἰῶνος.

439 845 577 916 ’ῼδὴ
610 843 727 897 τῶν
751 844 1122 915 ἀναϐαθμῶν.
1183 848 1352 902 ΨΑΛ.
1381 850 1566 904 ΡΛΓ¹.

286 938 334 990 1.
374 935 502 990 Ἰδοὺ
527 936 590 1005 δὴ
621 936 890 1004 εὐλογεῖτε
913 937 1004 990 τὸν
1036 937 1253 1008 Κύριον,
1295 939 1492 1003 πάντες
1517 940 1568 993 οἱ
1604 938 1783 996 δοῦλοι

223 1027 441 1098 Κυρίου.

283 1118 332 1172 2.
355 1119 418 1172 Οἱ
444 1117 672 1181 ἑστῶτες
718 1119 774 1171 ἐν
801 1117 934 1188 οἴκῳ
958 1119 1185 1190 Κυρίου,

285 1211 334 1264 5.
374 1211 461 1264 Ἐν
481 1211 669 1273 αὐλαῖς
695 1209 842 1263 οἴκου
871 1209 1007 1262 Θεοῦ
1043 1209 1217 1280 ἡμῶν.

1889 555 2040 611 Sion.

1958 571 1982 610 ο
2026 596 2040 611 .

1958 571 2288 712 71.]Quoniam
2307 647 2417 702 illic
2431 648 2706 702 mandavit
2721 645 2981 704 Dominus
2993 649 3447 714 benedictionem,

1959 733 2013 789 8.
2042 733 2220 790 Vitam
2253 750 2424 806 usque
2449 735 2504 790 in
2531 737 2808 792 saeculum.

2059 848 2335 904 Canticum
2359 850 2639 922 graduum.
2671 850 2870 906 PSAL.
2905 851 3235 908 CXXXIII.

1950 937 2004 994 I.
2027 937 2164 996 Ecce
2196 957 2344 996 nunc
2384 940 2684 997 benedicite
2721 940 3033 1006 Dominum,
3061 957 3254 999 omnes
3300 941 3445 998 serv'.

1881 1026 2119 1086 Domini.

1955 1121 2008 1176 2.
2041 1121 2144 1189 Qui
2176 1125 2334 1179 statis
2362 1124 2416 1179 in
2445 1124 2606 1180 domo
2631 1123 2868 1193 Domini,

1951 1213 2005 1266 5.
2042 1213 2097 1267 In
2127 1216 2280 1270 atriis
2309 1216 2504 1272 domus
2530 1216 2626 1272 Dei
2655 1218 2851 1274 nostri.

1339 1385 1701 1440 ATHANASII
1743 1383 2322 1444 INTERPRETATIO.

279 1585 330 1620 ο.
364 1567 588 1634 Δρόσςος
626 1566 868 1635 Αερμὼν
898 1568 1253 1638 ἑρμηνεύεται
1299 1567 1516 1636 δρόσος
1532 1569 1776 1634 ἔνδοξα·
1805 1581 1849 1636 Β

1957 1569 2010 1623 6.
2038 1568 2140 1624 Ras
2163 1569 2395 1624 Hermon
2434 1572 2819 1644 interpretatur
2844 1591 2930 1630 ros
2953 1576 3281 1648 gloriﬁcatur
3297 1597 3316 1635 :
3341 1583 3448 1642 hoc

213 1657 465 1728 ζόμενος·
529 1655 688 1710 τοῦτο
734 1652 827 1711 οὖν
879 1658 1046 1726 λέγει,
1083 1659 1163 1712 ὅτι
1215 1659 1388 1723 οὕτως
1455 1659 1776 1731 ὑπάρχουσι,

215 1749 335 1820 περὶ
361 1741 434 1802 ὧν
459 1747 571 1801 ἄνω
596 1749 916 1820 εἰρήκαμεν,
943 1750 1019 1814 ὼς
1044 1752 1077 1822 ὴ
1105 1750 1262 1822 χάρις
1289 1751 1382 1805 τοῦ
1418 1750 1495 1848 ρ)
1527 1751 1779 1824 Πνεύμα-

212 1858 296 1904 τος
320 1842 354 1911 ἡ
376 1840 777 1904 πολυποίκιλος,
806 1843 840 1913 ὴ
888 1841 1150 1897 κατιοῦσα
1175 1842 1265 1895 ἐπὶ
1317 1840 1449 1906 τοὺξ
1473 1845 1777 1916 προφήτας,

212 1934 300 1988 καὶ
332 1934 658 2006 ἐπουρανίου
685 1935 912 1999 πόλεως·
948 1937 986 2004 ἠ
1035 1934 1252 2004 δρόσος
1278 1934 1384 2007 γὰρ
1410 1935 1448 2004 ἠ
1473 1936 1781 2012 ἐνδοεαζο-

206 2017 372 2086 μένη,
400 2018 580 2086 δῆλον,
607 2019 689 2071 ὅτι
714 2017 783 2072 τὰ
820 2018 1134 2091 χαρίσματά
1164 2021 1266 2072 είσι
1304 2018 1397 2072 τοῦ
1429 2019 1582 2088 ἁγίου
1612 2020 1781 2074 Πνεύ-

209 2127 372 2179 ματος
403 2110 576 2164 διὰτὸ
619 2110 944 2164 λεπτότατον
992 2109 1192 2175 αὐτῶν,
1244 2111 1339 2164 καὶ
1387 2110 1680 2182 ὠφέλιμον·
1709 2111 1780 2166 τὰ

205 2201 260 2254 δὲ
283 2201 382 2274 ὅρη
409 2201 649 2272 δηλονότι
681 2205 729 2256 οἱ
762 2201 1037 2274 προφῆταί
1070 2205 1224 2256 είσιψ
1248 2203 1280 2272 ἡ
1332 2201 1390 2255 δὲ
1416 2199 1569 2254 Σιὼν
1593 2202 1780 2271 σαφῶς

205 2295 236 2362 ὴ
270 2293 380 2348 ἄνω
421 2293 773 2365 Ἰερουσαλὴμ
801 2297 858 2347 ὲν
913 2293 1123 2357 πολλοῖς
1171 2291 1562 2347 ἀποδέδεικται.
1593 2291 1780 2356 Ούτως

205 2381 294 2439 οὖν
313 2387 409 2440 καὶ
435 2378 584 2440 οὗτοι
611 2386 896 2458 ὁμοψύχως
920 2385 1316 2455 ἁποταξάμενοι
1341 2385 1522 2455 ἔχουσι
1548 2384 1780 2456 διάφορα

205 2475 538 2546 χαρίσματα,
597 2475 689 2528 καὶ
722 2476 797 2539 ὡς
833 2476 890 2530 ὲν
925 2477 991 2546 τῇ
1022 2475 1132 2530 ἄνω
1193 2473 1549 2546 Ἰερουσαλὴμ
1604 2474 1776 2539 ὄντες,

203 2563 373 2628 οὕτως
395 2565 787 2620 πολιτεύονται.

271 2657 323 2720 7,
350 2658 404 2713 8.
436 2659 559 2712 Ὅτι
620 2661 738 2712 ἐκεῖ
777 2660 857 2723 είς
893 2658 991 2729 τὴν
1034 2658 1145 2712 ἄνω
1205 2656 1556 2728 Ἰερουσαλὴμ
1609 2657 1778 2728 ἐπηγ-

202 2766 260 2817 γε
270 2750 416 2805 ίλατο
439 2750 470 2805 ὁ
493 2751 696 2822 Κύριος
719 2752 917 2821 λέγειν’
949 2750 1146 2813 Δεῦτε,
1170 2751 1224 2802 οι
1265 2745 1652 2819 εὐλογημένοι
1673 2748 1779 2802 τοῦ

200 2843 428 2910 Πατρός
458 2860 598 2912 μου,
633 2842 964 2897 ἀπολάϐετε
989 2840 1103 2911 τὴν
1150 2840 1598 2909 ἡτοιμασμένην
1636 2837 1781 2908 ὑμῖν

1883 1661 2050 1733 igitur
2079 1661 2363 1731 signiﬁcat,
2397 1664 2541 1734 quod
2581 1665 2655 1720 ita
2702 1676 2831 1722 sunt
2854 1668 2914 1732 ii,
2940 1667 3008 1723 de
3052 1670 3253 1739 quibus
3281 1689 3448 1745 supra

1883 1751 2051 1808 locuti
2078 1768 2288 1818 sumus,
2318 1753 2460 1810 sicut
2483 1755 2656 1826 gratia
2692 1755 2931 1828 Spiritus
2965 1759 3288 1829 multifaria,
3325 1781 3448 1836 qua:

1883 1844 2165 1900 descendit
2201 1843 2258 1898 in
2290 1845 2607 1915 prophetas,
2635 1856 2691 1903 et
2721 1864 2846 1919 qua:
2877 1851 3280 1922 superctnlestis
3305 1855 3442 1911 civi-

1885 1934 2012 1990 tatis
2041 1942 2163 2002 est;
2215 1951 2300 1991 ros
2343 1938 2488 1993 enim
2533 1939 2860 2010 gloriﬁcatur
2903 1942 3123 2000 evidens
3170 1953 3276 2011 est,
3303 1948 3451 2016 quod

1884 2035 2011 2082 sunt
2034 2025 2176 2080 dona
2209 2026 2445 2096 Spiritus
2467 2031 2639 2085 sancti
2662 2039 2886 2102 propter
2919 2047 3108 2088 eorum
3142 2035 3449 2092 sublimita-

1883 2121 1992 2169 tem
2011 2121 2067 2168 et
2092 2113 2383 2170 utilitatem
2412 2157 2427 2172 .
2449 2129 2662 2174 montes
2691 2128 2870 2175 autem
2889 2122 3168 2192 propheta:
3190 2124 3450 2180 nimirum

1888 2215 2054 2263 sunt:
2082 2205 2213 2261 Sion
2257 2220 2438 2263 autem
2486 2211 2778 2268 manifeste
2811 2228 3103 2283 supernam
3146 2213 3449 2272 Jerusalem

1884 2298 2071 2354 multis
2100 2298 2153 2353 in
2188 2299 2321 2356 locis
2345 2300 2650 2372 signiﬁcare
2687 2313 2968 2360 ostensum
3016 2314 3122 2362 est.
3166 2305 3245 2363 Ita
3285 2309 3451 2378 igitur

1883 2390 2048 2445 etiam
2089 2390 2176 2444 isti
2222 2391 2554 2448 unanimiter
2587 2395 2792 2450 mundo
2827 2396 3200 2454 renuntiantes
3242 2397 3446 2454 habent

1883 2481 2097 2536 diversa
2125 2481 2288 2546 dona,
2319 2494 2374 2538 et
2412 2486 2634 2554 perinde
2672 2501 2736 2543 ac
2777 2487 2832 2542 in
2883 2503 3119 2559 superna
3143 2487 3446 2545 Jerusalem

1883 2578 2088 2636 essent,
2121 2569 2195 2625 ita
2229 2571 2400 2627 vitam
2433 2582 2618 2645 agunt.

1950 2663 2008 2727 7,
2034 2661 2088 2716 8.
2122 2662 2393 2728 Quoniam
2432 2665 2540 2719 illic
2564 2664 2620 2719 in
2645 2681 2881 2736 superna
2903 2665 3206 2724 Jerusalem
3239 2671 3448 2740 promi-

1884 2756 1956 2812 sit
1978 2754 2244 2811 Dominus
2286 2772 2346 2812 se
2385 2756 2696 2812 dicturum:
2735 2757 2935 2825 Venite,
2961 2760 3215 2815 benedicti
3265 2761 3448 2816 Patris

1885 2846 2011 2911 mei,
2046 2847 2267 2916 accipite
2295 2857 2654 2917 praeparatum
2683 2849 2826 2903 vobis
2859 2866 3078 2920 regnum
3103 2862 3226 2907 ante
3255 2853 3450 2907 conui-

201 2933 532 2996 ,ϐασιλείαν
574 2934 686 3002 πρὸ
710 2932 1049 3018 καταϐολῆς
1091 2932 1321 3001 κόσμου
1354 2933 1441 2996 εἰς
1483 2932 1627 2997 τοὺς
1647 2930 1781 2985 ἁτε·
1808 2944 1850 3002 c
1884 2945 1914 2989 ιι

1945 2936 2138 2990 tionem
2171 2937 2354 2991 mundi
2381 2936 2427 2969 ⁸⁸
2457 2939 2512 2990 in
2535 2939 2851 3009 sempiterna
2883 2941 3097 2995 secula.

198 3025 528 3094 λωτήτους
542 3026 781 3094 αἰῶνας.

278 3159 342 3214 Ἠ
375 3160 712 3233 προκειμένη
757 3159 1036 3232 ἐπιγραφὴ
1079 3157 1322 3230 περιέχει
1351 3153 1460 3224 (2)·
1507 3153 1646 3226 ᾮδὴ
1694 3153 1814 3211 τῶν
1841 3154 2198 3226 ἀναϐαθμῶν
2228 3156 2308 3222 τῷ
2334 3158 2532 3224 Δαϐὶδ,
2567 3160 2596 3212 ὅ
2637 3160 2807 3224 ἐστιν,
2839 3161 2920 3213 ὅτι
2947 3160 2982 3232 ἡ
3011 3159 3122 3232 ᾠδὴ
3158 3161 3298 3232 αὕτη
3340 3160 3451 3214 τῶν

199 3253 528 3324 ἀναϐαθμῶν
573 3252 669 3306 τοῦ
725 3252 887 3306 Δαὸίδ
946 3255 1094 3306 ἐστι·
1120 3250 1420 3313 τουτέστιν,
1455 3249 1555 3302 οὐκ
1587 3248 1668 3302 ἔτι
1718 3250 1784 3302 ὲκ
1832 3248 2126 3322 προσώπου
2167 3249 2277 3306 τῶν
2318 3251 2762 3326 ἐπιστρεψάντων
2804 3253 2951 3308 ἐστὶν
2982 3254 3016 3325 ὴ
3043 3253 3175 3325 ᾠδὴ,
3207 3253 3344 3308 ἀλλὰ
3364 3253 3446 3320 τῷ

199 3344 381 3410 ἱκανῷ
403 3342 482 3412 τῇ
511 3342 686 3412 χειρί,
711 3341 856 3411 λέγω
884 3341 949 3414 δὴ
975 3341 1052 3412 τῷ
1077 3340 1193 3411 Υίῷ
1216 3340 1309 3394 τοῦ
1339 3338 1506 3394 Θεοῦο
1541 3338 1682 3393 οὕτω
1702 3339 1813 3412 γὰρ
1841 3339 2203 3412 ἑρμηνεύεται
2229 3341 2291 3395 τὸ
2327 3343 2493 3398 Δαὸὶδ
2514 3343 2682 3415 ὄνομα
2711 3344 2916 3411 ἱκανὸς
2951 3345 3123 3414 χειρί.
3169 3345 3452 3416 Προστάσ·

200 3455 278 3492 σει
296 3437 410 3510 γὰρ
440 3437 605 3500 αὐτὸς
624 3437 652 3489 ὀ
685 3436 814 3499 Υἱὸς
833 3436 926 3490 τοῦ
955 3435 1090 3489 Θεοῦ
1115 3437 1228 3500 τοῖς
1250 3433 1688 3504 ἀποταξαμένοις
1716 3433 1811 3486 καὶ
1837 3435 2184 3490 κατοικοῦσιν
2208 3438 2324 3509 ἅμα
2345 3440 2439 3492 ἐπὶ
2469 3438 2530 3492 τὸ
2555 3439 2686 3492 αὐτὸ
2721 3439 3006 3511 λατρεύειν
3042 3438 3190 3510 αύτῷ
3226 3439 3286 3495 ὲν
3317 3439 3451 3494 εἱλι-

198 3532 371 3602 κρινεί
397 3527 630 3598 διανοίᾳ.

261 3641 479 3724 Titulus
503 3662 821 3736 praepositus
842 3661 1118 3718 continet:
1142 3661 1421 3716 Canticum
1451 3658 1711 3729 graduum
1736 3656 1908 3713 David
1924 3699 1940 3724 ,
1969 3659 2074 3716 hoc
2103 3668 2207 3726 est,
2242 3662 2388 3731 quod
2410 3661 2517 3717 hoc
2539 3661 2813 3717 canticum
2839 3663 3106 3731 graduum
3132 3663 3302 3720 David
3325 3673 3444 3722 est:

194 3780 387 3835 nempe
417 3777 528 3816 non
566 3759 800 3829 amplius
823 3773 888 3812 ex
916 3771 1153 3828 persona
1179 3770 1395 3819 eorum,
1431 3753 1526 3824 qui
1571 3768 1630 3809 se
1660 3762 2052 3810 converterunt
2095 3754 2367 3811 canticum
2407 3756 2513 3812 hoc
2555 3755 2779 3822 dicitur,
2812 3757 2907 3812 sed
2947 3757 3016 3812 ad
3049 3773 3217 3813 manu
3252 3758 3447 3814 fortem

193 3852 450 3923 pertinet,
484 3849 588 3903 hoc
624 3855 709 3903 est
736 3846 802 3900 ad
827 3845 923 3901 Dei
951 3843 1192 3899 Filium:
1226 3843 1303 3898 ita
1323 3843 1470 3899 enim
1498 3843 1892 3914 interpretatur
1933 3859 2132 3899 nomen
2172 3843 2344 3900 David
2386 3861 2547 3900 manu
2581 3845 2759 3915 fortis.
2800 3846 2918 3917 Ipse
2949 3846 3097 3903 enim
3137 3847 3233 3904 Dei
3275 3849 3448 3905 Filius

191 3945 440 4015 pmcipit
463 3942 530 3998 iis
556 3956 650 4012 qui
679 3938 882 3993 mundo
912 3938 1312 4002 renuntiarunt,
1337 3949 1390 3992 et
1414 3937 1578 3991 simul
1605 3937 1660 3989 in
1685 3952 1854 3991 unum
1882 3936 2146 4004 habitant,
2174 3945 2236 3992 ut
2257 3937 2474 3993 sincero
2497 3937 2662 3993 corde
2693 3937 2771 3992 illi
2795 3938 3058 3994 serviant.

1949 4073 2002 4128 I.
2032 4071 2196 4128 Vobis
2217 4072 2360 4140 dico,
2389 4073 2481 4144 qui
2505 4072 2710 4129 mundo
2730 4071 3117 4129 renuntiastis:
3142 4070 3436 4127 Abundan—

1876 4174 1959 4222 ter
1980 4166 2264 4221 benedicite
2287 4165 2591 4234 Dominum,
2617 4167 2722 4222 hoc
2742 4174 2824 4221 est
2850 4180 2938 4220 me
2957 4182 2972 4220 :
3000 4163 3130 4219 illud
3154 4164 3299 4218 enim
3321 4178 3435 4217 ecce

1875 4273 2014 4311 nunc
2033 4256 2394 4323 abundanter,
2426 4272 2524 4311 seu
2553 4255 2756 4310 aﬁ‘atim
2802 4256 3192 4324 interpretatur
3234 4253 3300 4306 de
3343 4252 3432 4314 iis,

1874 4347 1968 4418 qui
1992 4348 2203 4416 seipsos
2229 4348 2568 4403 tradiderunt
2596 4347 2651 4401 in
2669 4346 2869 4401 Christi
2894 4343 3230 4414 patientiam,
3257 4350 3438 4396 mente

1875 4438 2182 4508 vigilantes,
2225 4447 2390 4510 atque
2442 4446 2810 4508 assurgentes,
2848 4437 2994 4491 illam
3049 4445 3437 4506 praesentantes

1874 4529 2138 4585 voluntati
2175 4529 2268 4584 Dei
2300 4531 2354 4584 in
2388 4531 2721 4586 sublimitate
2749 4528 3031 4606 caelorum.

262 4084 311 4139 I.
355 4083 522 4153 Ὑμῖν
564 4079 709 4148 λέγω
769 4081 882 4143 τοῖς
945 4076 1394 4148 ἁποταξαμένοις
1456 4073 1624 4146 [Ἰδοὺ
1683 4072 1774 4145 δὴ]

201 4175 425 4240 Ἱκανῶς
454 4173 532 4244 (5)
562 4170 864 4240 εὐλογεῖτε
913 4170 1020 4224 τὸν
1062 4171 1305 4238 Κύριον,
1353 4166 1629 4220 τουτέστιν
1658 4165 1775 4237 ἐμέο

187 4267 245 4320 τὸ
270 4266 384 4338 γὰρ
427 4265 494 4336 δὴ
524 4261 724 4326 ἱκανῶς
735 4261 1101 4334 ,ἑρμηνεύεται
1124 4259 1278 4331 [ἰδοὺ
1293 4258 1358 4330 δὴ
1373 4255 1777 4330 ὲρμηνεύεται],

184 4361 232 4412 οἱ
261 4359 338 4429 (ι)
371 4354 738 4418 ὲκδεδωκύτες
791 4353 1017 4416 ἑαυτοὺς
1075 4353 1157 4414 είς
1202 4350 1301 4420 τὴν
1367 4347 1654 4419 ὑπομονὴν
1680 4345 1775 4400 τοῦ

185 4447 453 4521 Χριστοῦ,
475 4448 526 4499 οἱ
570 4448 638 4516 τῇ
666 4445 873 4518 διανοίᾳ
902 4445 1185 4516 νήφοντες,
1253 4441 1348 4494 καὶ
1404 4440 1774 4510 ἀνιστάμενοι,

185 4539 351 4611 αὐτὴν
381 4534 761 4608 παριστῶντες
822 4533 902 4604 τῷ
945 4531 1243 4602 βουλήματι
1300 4527 1392 4582 τοῦ
1427 4529 1562 4581 Θεου
1611 4530 1672 4581 ὲν
1697 4526 1776 4598 τῷ

186 4627 307 4697 ὕψει
333 4626 452 4681 τῶν
471 4625 533 4678 οὐ
542 4623 734 4696 ρανῶν.

249 4720 304 4787 2,
324 4720 382 4774 5.
409 4717 525 4770 Καὶ
551 4717 753 4787 ἑδραῖοι
779 4715 930 4777 ὄντες
957 4716 1014 4767 ὲν
1039 4717 1158 4767 ταίτ
1194 4712 1433 4774 ἐντολαῖς
1484 4707 1580 4762 τοῦ
1610 4716 1768 4788 υεου,

182 4815 273 4867 καὶ
292 4815 353 4867 ὲν
376 4813 574 4876 αὐταῖς
597 4808 956 4878 αὐλιζόμενοι.

1944 4710 1999 4774 2,
2026 4712 2079 4765 5.
2112 4710 2176 4764 Et
2219 4710 2361 4764 ﬁrmi
2408 4712 2731 4765 exsistentes
2758 4709 2812 4762 in
2844 4708 2937 4763 Dei
2967 4709 3270 4780 praeceptis,
3296 4714 3349 4761 et
3386 4706 3440 4759 iu

1799 4812 1842 4866 ι)
1874 4796 2003 4867 ipsis
2034 4799 2406 4855 immorantes.

256 4950 519 5006 “Matth.
554 4961 678 5011 xxv,
709 4945 796 4999 54.

1146 5123 1450 5184 Addenda
1493 5129 1554 5182 et
1600 5117 1971 5197 corrigenda
2000 5134 2076 5178 ex
2109 5117 2248 5177 cod.
2283 5115 2488 5178 Vatic.

1924 5275 1999 5343 (5)
2031 5273 2094 5343 Ν.
2123 5271 2530 5343 Licetnment.
2570 5265 2758 5343 incipit
2782 5277 2818 5343 ο
2841 5261 2995 5343 verb.
3043 5259 3286 5343 ξικαγως.

1922 5327 2002 5414 (t’)
2030 5342 2090 5395 N.
2113 5341 2168 5395 ε.
2192 5340 2399 5401 Πάντες
2417 5338 2570 5460 λῇίει
2600 5338 2646 5389 οἱ
2667 5327 3026 5416 ξκδεδωκότες
3046 5329 3093 5381 ε.
3122 5327 3190 5381 εί.
3219 5345 3268 5380 τ.
3326 5327 3434 5383 ὕπο

1923 5412 2018 5460 n"nv
2046 5411 2140 5460 τοῦ
2174 5408 2428 5460 Χριστοῦ.
2511 5445 2526 5460 .
2555 5407 2607 5460 5.
2633 5406 2778 5460 Οιτῆ
2806 5402 3016 5460 διανοίᾳ
3039 5400 3318 5460 νήφοντες.
3341 5398 3434 5451 καὶ

1850 5398 2018 5483 ακὸὴν
2046 5411 2153 5484 τοῦ-
2174 5398 2428 5484 Χριστοῦ.
2461 5398 2526 5460 Ν.
2555 5407 2607 5460 5.
2633 5406 2779 5474 Οἱτῇ
2806 5400 3318 5484 διανοίᾳινήφοντεξ,
3341 5398 3435 5484 καὶ

1850 5467 2256 5551 ἀνατεταμένην
2282 5479 2473 5551 αὐτήν,
2507 5486 2612 5551 etc.
2641 5467 2815 5544 usque
2842 5471 2952 5526 τῶν
2978 5467 3243 5551 οὐρανῶν.
3372 5468 3429 5528 4,

1852 5554 1907 5617 5,
1943 5553 1997 5606 6.
2039 5538 2127 5604 Ἑν
2162 5538 2285 5618 ταῖς
2327 5538 2748 5618 ἐπερχομέναις,
2777 5555 2883 5600 etc.
2927 5538 3098 5614 usque
3152 5539 3218 5593 ad
3267 5538 3434 5608 εὐχα-

1849 5622 2060 5698 ριστίας
2091 5621 2182 5674 τὸν
2208 5616 2432 5689 Κύριον.

243 5298 324 5370 μ)
355 5293 467 5348 Τοῦ
498 5289 658 5359 ἁγίου
683 5286 1015 5408 Πνεύζατος,
1044 5290 1147 5364 etc.
1178 5283 1316 5365 Τοςύς
1344 5279 1627 5401 προφήτας
1654 5273 1754 5343 τῆς

243 5365 535 5408 ηιηνιυίου-
563 5366 671 5408 etc.
699 5356 778 5408 Τὰ
805 5355 834 5407 δ
892 5354 1014 5408 bon.
1043 5352 1222 5408 δηλον.
1250 5368 1332 5403 οτι
1356 5367 1384 5401 ο
1411 5358 1554 5408 ,_etc.
1609 5345 1753 5396 Απο-

175 5345 684 5438 επὲζίρσῐᾴίδυὼιε,
699 5356 778 5409 Td:
805 5345 863 5438 si
890 5345 1014 5438 ιςρή2
1040 5352 1222 5438 eam,
1250 5352 1337 5438 ὅτε
1356 5345 1753 5438 attigi}??-

476 5417 585 5485 etc.
616 5420 772 5481 Οὗτοι
793 5427 842 5477 oi
881 5417 1170 5494 ὁμοψύχὶυς
1199 5419 1340 5474 κατὰ
1380 5419 1511 5471 Θεὸν
1543 5417 1752 5470 ἀποτα-

175 5507 424 5577 ξάμενοι,
450 5511 562 5555 etc.
1577 5555 1602 5567 ὀ

245 5577 326 5640 (2)
370 5575 438 5626 Ἦ
463 5569 554 5624 διὰ
581 5567 680 5636 τῆς
705 5564 1074 5640 νινναὸᾀρεως
1100 5559 1365 5640 πῇριέκεέν
1383 5567 1492 5640 Fui;
1510 5556 1614 5640 ..Τέρ
1646 5558 1752 5608 Aa-

174 5626 452 5716 ὅ¹ιύῖί5περ
479 5626 863 5710 ἑρμηνεύεται,
890 5626 992 5697 ὅτι,
1018 5641 1122 5687 etc.
1145 5626 1218 5686 Τὸ
1245 5626 1337 5682 τοῦ
1370 5627 1534 5684 Δαϐὶδ
1557 5626 1752 5698 δνομα,

174 5727 280 5772 etc.
2497 5775 2503 5781 .

512 5799 780 5858 Ρλτιιοι..
821 5793 936 5856 Gtt.
974 5791 1244 5856 XXVII.
2497 5775 2503 5781 ’
3033 5766 3108 5826 to
