3702 6410
236 315 363 373 1261

613 430 978 498 Ἆλληλούτα.
1037 433 1208 485 ΨΑΛ.
1246 435 1416 486 ΡΛΔ⁶.

302 547 325 600 1
378 547 584 600 Αἰνεῖτε
605 545 665 598 τὸ
688 545 858 614 ὄνομα
888 545 1093 616 Κυρίου
1112 585 1126 609 ,

295 638 348 692 2.
376 639 606 701 Αἰνεῖτε,
643 636 838 702 δοῦλοι,
864 635 1086 706 Κύριον.

293 728 344 782 5.
373 728 436 779 Oi
461 725 693 790 ἑστῶτες
720 727 776 778 ὲν
809 726 942 797 οἴκῳ
975 727 1200 797 Κυρίου,

291 819 342 873 4.
391 819 480 872 Ἑν
514 817 704 881 αὐλαῖς
733 818 880 871 οἴκου
906 816 1040 870 Θεοῦ
1067 818 1240 889 ἡμῶν.

292 911 344 964 5.
380 912 584 962 Αἰνεῖτε
619 910 709 961 τὸν
734 909 955 980 Κύριον,
989 911 1070 963 ὃτι
1097 910 1301 979 ἀγαθὸς
1324 911 1544 984 Κύριος.

291 999 340 1054 6.
365 999 583 1052 Ψάλατε
615 998 691 1069 τῷ
724 999 943 1068 ὀνόματι
973 1000 1157 1065 αὑτοῦ,
1198 1001 1277 1053 ὅτι
1304 1001 1486 1056 καλόν.

293 1090 341 1144 7.
367 1091 488 1143 Ὀτι
518 1089 608 1142 τὸν
643 1087 836 1142 Ἰακὼϐ
870 1089 1152 1156 ἐξελέξατο
1174 1091 1347 1161 ἐαυτῷ
1366 1094 1395 1144 6
1421 1093 1639 1164 Κύριος,

291 1181 343 1235 8.
385 1181 596 1253 Ἰσραὴλ
626 1185 704 1244 εἰς
734 1183 1161 1253 περιουσιασμὸν
1191 1184 1369 1254 ἐαυτῷ
1398 1183 1659 1257 [ἐαυτοῦ].

291 1273 341 1326 9.
373 1275 491 1326 ’Ὁτι
533 1273 642 1342 ἐγὼ
668 1273 900 1342 ἔγνωκα,
931 1275 1011 1327 ὃτι
1039 1277 1068 1327 6
1103 1280 1176 1343 (a)
1218 1277 1387 1345 μέγας
1416 1279 1444 1330 6
1467 1279 1670 1350 Κύριος
1694 1297 1709 1313 ο

291 1367 374 1422 10.
400 1367 507 1421 Καὶ
529 1369 556 1420 6
582 1367 782 1438 Κύριος
803 1367 959 1437 ἡμῶν
984 1368 1134 1438 παρὰ
1159 1369 1362 1432 πάντας
1391 1371 1514 1434 τοὺς
1540 1369 1717 1434 θεούς.

291 1459 374 1514 11.
401 1459 584 1512 Πάντα
620 1458 719 1510 ὅσα
747 1457 1006 1527 ἠθέλησεν
1039 1459 1066 1509 6
1091 1458 1293 1529 Κύριος
1318 1461 1571 1532 ἐποίησεν

290 1551 375 1606 19.
421 1551 509 1604 Ἐν
531 1549 606 1620 τῷ
627 1549 838 1621 οὐρανῷ
859 1551 952 1603 καὶ
979 1551 1034 1604 ὲν
1066 1553 1132 1621 τῇ
1164 1553 1255 1622 γῇ.

289 1643 371 1698 15.
409 1644 496 1696 Ἐν
510 1645 628 1705 ταῖς
649 1642 943 1705 θαλάσσαις
963 1643 1056 1695 καί⁵
1072 1644 1128 1695 ὲν
1151 1643 1350 1707 πάσαις
1365 1647 1484 1708 ταῖς
1505 1644 1778 1708 άὸύσσοις.

286 1734 370 1787 14.
414 1734 652 1802 Ἀνάγων
674 1733 900 1802 νεφέλας
929 1733 986 1798 ἐξ
1010 1734 1236 1802 ἐσχάτου
1261 1734 1360 1804 τῆς
1387 1736 1509 1806 γῆς,

290 1827 375 1881 15.
420 1825 728 1898 Ἀστραπὰς
759 1827 837 1889 είς
863 1825 1015 1878 ύετὸν
1037 1827 1308 1897 ἐποίησεν.

290 1918 361 1989 (ιι)
395 1917 552 1974 Deest
577 1927 802 1987 uterque
834 1926 935 1972 art.
967 1917 994 1969 6

1108 318 1198 373 DE
1236 320 1512 377 TlTULlS
1547 322 1996 380 PSALMORUM.
2032 357 2100 366 -—
2133 329 2326 385 PSAL.
2367 333 2650 391 CXXXIV.

3319 342 3456 405 1262

2257 445 2502 501 Alleluia.
2539 447 2744 504 PSAL.
2770 447 3008 504 CXXXI
3025 449 3084 509 V.

1966 559 2016 612 1.
2047 559 2285 618 Laudate
2314 581 2509 621 nomen
2545 567 2779 633 Domini,

1961 648 2014 701 ἓ.
2047 647 2306 714 Laudate,
2335 656 2497 719 servi,
2532 656 2840 713 Dominum.

1958 738 2010 792 5.
2048 739 2150 806 Qui
2177 745 2334 798 statis
2359 745 2412 798 in
2443 747 2605 803 domo
2629 748 2865 816 Domini,

1957 831 2012 884 4.
2043 830 2100 885 ln
2126 834 2281 890 atriis
2308 837 2502 892 domus
2533 837 2628 895 Dei
2662 844 2858 898 nostri.

1958 924 2013 978 5.
2049 921 2291 982 Laudate
2322 927 2632 995 Dominum,
2669 935 2798 1004 quia
2831 936 3008 996 bonus
3033 939 3296 1001 Dominus
3325 961 3342 1003 τ

1955 1013 2008 1068 6.
2045 1013 2266 1072 Psallite
2295 1023 2504 1076 nomini
2535 1025 2677 1094 ejus,
2709 1029 2968 1096 quoniam
2999 1048 3182 1090 suave.

1957 1104 2007 1160 7.
2043 1106 2311 1173 Quoniam
2339 1109 2508 1168 Jacob
2538 1115 2697 1186 elegit
2728 1118 2830 1172 sibi
2865 1119 3149 1191 Dominus,

1952 1196 2006 1252 8.
2039 1195 2203 1255 Israel
2231 1202 2285 1256 in
2318 1206 2718 1272 possessionem
2746 1211 2849 1266 sibi
2883 1213 3039 1286 [sui].

1952 1289 2006 1344 9.
2034 1290 2169 1355 Quia
2202 1308 2302 1364 ego
2322 1299 2570 1366 cognovi,
2606 1302 2750 1370 quod
2782 1317 3012 1374 magnus
3035 1314 3117 1362 est
3142 1305 3440 1371 Dominus:

1957 1377 2042 1431 10.
2077 1378 2142 1432 Et
2176 1380 2317 1438 Deus
2347 1397 2530 1440 uoster
2551 1404 2659 1456 prae
2690 1393 2943 1449 omnibus
2970 1395 3094 1452 diis.

1955 1470 2042 1524 11.
2075 1473 2260 1526 Omnia
2292 1492 2629 1550 quaecunque
2662 1483 2832 1538 voluit
2857 1486 3138 1556 Dominus,
3176 1491 3304 1549 fecit

1955 1560 2043 1615 12.
2073 1561 2128 1616 In
2161 1566 2319 1629 ccelo,
2347 1577 2399 1621 et
2425 1570 2476 1622 in
2509 1579 2672 1638 terra,

1955 1652 2040 1706 15.
2073 1652 2138 1708 Ει
2160 1656 2215 1710 in
2247 1660 2402 1723 mari,
2427 1669 2481 1713 et
2528 1663 2582 1715 in
2620 1667 2873 1723 omnibus
2902 1671 3134 1742 abyssis.

1957 1743 2044 1798 14.
2074 1745 2326 1806 Educens
2353 1753 2527 1809 nubes
2559 1757 2628 1811 ab
2653 1769 2894 1815 extremo
2917 1771 3073 1818 terra
3102 1781 3114 1816 :

1953 1835 2039 1890 15.
2075 1838 2309 1911 Fulgura
2343 1844 2395 1898 iu
2425 1847 2662 1915 pluviam
2697 1850 2842 1907 fecit.

1334 1989 1701 2047 ATHANASII
1740 1991 2320 2056 INTERPRETATIO.

919 2085 994 2154 (1)
1036 2084 1340 2154 Explicatio
1370 2087 1516 2140 tituli
1551 2087 1706 2158 hujus
1732 2089 1926 2158 psalmi
1953 2091 2098 2146 deest
2127 2095 2184 2147 in
2223 2099 2402 2154 codice
2427 2101 2741 2160 Barberino.

288 2169 334 2226 1.
373 2173 673 2226 Ἐπαινεῖτε
697 2172 794 2243 τὴν
818 2173 1128 2246 ὡραιότητα
1162 2173 1348 2230 αὐτοῦ.

283 2265 335 2320 2.
365 2268 426 2318 Οἰ
460 2264 888 2337 ὑποτασσόμενοι
925 2268 1092 2339 αὐτῷ.

279 2355 329 2410 5.
353 2357 416 2409 Οἰ
443 2355 798 2426 ἀδιαλείπτως
817 2360 1207 2429 παριστάμενοι
1227 2363 1294 2432 τῇ
1312 2360 1519 2433 διανοίᾳ
1540 2361 1618 2432 τῷ
1639 2362 1776 2432 Θεῷ.

279 2447 330 2501 1.
378 2449 468 2500 Ἐν
493 2450 606 2511 τοῖς
627 2448 685 2501 ού
696 2453 896 2522 ρανοῖς.

278 2538 327 2592 5.
360 2539 569 2592 Αἰνεῖτε
599 2540 691 2592 τὸν
719 2539 934 2612 Κύριον,
967 2541 1048 2595 ὅτι
1079 2543 1138 2596 ού
1172 2543 1420 2614 βούλεταί
1442 2562 1565 2598 τινα
1593 2545 1780 2598 ἀπολέο

217 2628 350 2694 σθαι,
386 2629 525 2683 ἀλλὰ
549 2630 754 2695 πάντας
788 2633 867 2694 εἰς
902 2633 1187 2702 μετάνοιαν
1215 2631 1357 2686 θέλει
1399 2633 1475 2704 (2)
1510 2635 1776 2706 χωρῆσαι,

213 2724 300 2776 καὶ
325 2721 434 2775 τῶν
466 2722 698 2776 αἰωνίων
729 2723 892 2777 αὑτοῦ
917 2724 1138 2792 ἀγαθῶν
1173 2725 1504 2779 ἀπολαῦσαι.

277 2813 326 2868 6.
366 2816 675 2884 Ἀνυμνεῖτε
708 2814 783 2885 (5)
807 2814 868 2867 τὸ
916 2815 1086 2885 ὄνομα
1130 2816 1293 2870 αὐτοῦ
1343 2819 1400 2870 ὲν
1448 2818 1648 2890 καρδία
1679 2838 1775 2874 κα-

212 2905 363 2978 θαρᾷ,
385 2907 469 2960 ὅτι
495 2906 652 2959 τοῦτο
677 2908 804 2977 ὑμῖν
829 2907 1164 2977 ἀποϐήσεται
1192 2911 1273 2972 εἰς
1301 2910 1597 2982 σωτηρίαν.

275 2997 325 3052 7.
351 2997 474 3050 Ὀτι
501 2996 590 3050 τὸν
623 2996 748 3049 λαὸν
776 2997 866 3049 τὸν
890 2995 1019 3050 ὄντα
1060 2999 1201 3052 κατὰ
1229 3000 1321 3053 τὸν
1362 2999 1558 3055 Ἰακὼϐ
1597 3001 1773 3056 ἄπλακ

212 3103 325 3142 στον
353 3092 421 3161 τῇ
453 3088 651 3160 καρδία
681 3089 963 3155 ἐξελέξατο
989 3091 1165 3162 ἑαυτῷ
1199 3094 1226 3146 6
1258 3091 1475 3165 Κύριος.

274 3179 326 3235 8.
353 3181 435 3251 Τῇ
461 3180 537 3252 (4)
559 3180 756 3253 καρδίᾳ
777 3181 868 3234 τὸν
891 3181 1022 3234 Θεὸν
1049 3183 1332 3256 [ὁρῶντας]
1355 3188 1777 3258 περιεποιήσατο

211 3266 280 3334 εἰς
312 3270 539 3324 πλοῦτον
564 3269 772 3323 ἑαυτῶν
802 3269 889 3324 διά
923 3269 1016 3323 τοῦ
1055 3270 1186 3324 ἰδίου
1215 3273 1463 3342 αἵματος.

272 3363 322 3416 9.
355 3361 702 3425 Συνετισθείς
734 3363 865 3434 παρ’
893 3361 1058 3416 αὑτοῦ
1087 3364 1330 3432 ἐπέγνων
1359 3365 1460 3435 τὴν
1497 3366 1776 3436 μεγαλειό-

208 3468 334 3522 τητα
358 3451 527 3506 αὑτοῦ
546 3452 634 3506 διὰ
661 3453 759 3524 τῆς
790 3451 972 3523 ἰσχύος
1004 3453 1098 3507 τοῦ
1127 3454 1358 3508 θανάτου
1392 3456 1578 3510 αὐτοῦ.

272 3545 352 3599 10.
384 3543 496 3598 Καὶ
519 3544 595 3614 (5)
618 3543 776 3607 αὐτὸς
795 3546 824 3597 6
842 3543 1041 3617 Κύριος
1066 3547 1098 3616 ἠ
1107 3545 1221 3616 μῶν
1237 3545 1601 3620 δυνατιῦτερός
1627 3551 1770 3604 ἐστιν

206 3632 340 3705 ὑπὲρ
369 3635 581 3697 πάντας
607 3635 730 3698 τοὺς
773 3633 947 3699 θεοὺς,
995 3635 1153 3708 οἵπερ
1185 3639 1290 3690 εἰσὶ
1323 3637 1603 3709 λεγόμενοι
1650 3641 1769 3712 μὲν,

205 3724 298 3776 οὐκ
325 3725 481 3787 ὄντες
512 3724 567 3778 δὲ
602 3724 734 3788 θεοὶ,
766 3726 875 3778 εἴτε
903 3728 961 3779 ἐν
991 3726 1070 3798 τῷ
1097 3727 1330 3800 οὐρανῷ,
1362 3728 1471 3782 εἴτε
1498 3732 1556 3784 ἐν
1580 3734 1645 3802 τῇ
1670 3734 1763 3804 γῇ.

273 3815 356 3883 11,
398 3816 488 3870 12.
523 3815 599 3887 (6)
633 3816 722 3888 Τῷ
747 3815 855 3887 γὰρ
899 3817 1196 3888 βουλήματι
1228 3819 1392 3872 αὐτοῦ
1433 3820 1606 3886 οὐδεὶς
1648 3822 1771 3878 οὗτε

206 3908 516 3980 ἀντιστῆναι
549 3908 797 3980 ἐδυνήθη,
829 3909 950 3962 οὔτε
986 3909 1322 3964 ἀνθίσταται.

265 3999 347 4055 15.
375 3999 486 4055 Καὶ
518 4001 576 4052 ἐν
624 3999 703 4070 τῷ
731 4000 964 4071 οὐρανῷ,
989 4001 1084 4055 καὶ
1115 4003 1173 4053 ὲν
1202 4005 1269 4074 τῇ
1300 4004 1394 4075 γῇ,
1441 4005 1538 4057 κα)⁵
1561 4006 1618 4058 ὲν
1657 4005 1772 4068 τοῖς

205 4089 350 4145 ὕδασι
367 4090 466 4146 τοῦ
501 4090 874 4162 βαπτίσματος
901 4096 958 4145 ὲν
989 4093 1069 4162 τῷ
1119 4093 1334 4166 θανάτῳ
1372 4095 1566 4150 ἑαυτοῦ
1594 4097 1772 4151 πάντα

203 4181 295 4238 ὅσα
318 4185 607 4256 ἠθέλησεν,
655 4186 898 4256 ἐποίησε,
948 4185 1166 4248 καὶτὰς
1206 4188 1454 4251 ἐναντίας
1513 4190 1771 4262 δυνάμεις

206 4276 540 4348 συνέτριψεν.

268 4366 350 4420 14.
399 4368 522 4420 Ἐπ’
550 4367 778 4437 ἐσχάτου
801 4367 910 4420 τῶν
936 4367 1156 4438 ἡμερῶν
1185 4367 1274 4421 τοῦ
1305 4369 1510 4439 κόσμου
1533 4369 1770 4436 ἀνέδειξε

203 4457 484 4529 προφήτας
529 4458 656 4521 τοὺς
686 4459 813 4528 περὶ
846 4458 936 4511 τὸν
964 4456 1203 4526 Ἀγαὸον
1255 4456 1351 4528 (7),
1390 4458 1482 4512 καί
1509 4459 1772 4529 Συμεῶνα

209 4544 285 4600 ιὸν
303 4547 641 4620 καλούμενον
677 4549 886 4621 Νῆγερ,
932 4549 1028 4602 καὶ
1053 4548 1280 4603 Λούκιον
1312 4547 1403 4602 τὸν
1445 4547 1768 4621 Κυρηναῖον,

211 4639 290 4694 καὶ
318 4639 554 4710 Μαναῆν
574 4639 665 4694 τὸν
705 4640 941 4711 Ἡρώδου
987 4639 1082 4694 τοῦ
1123 4640 1418 4712 τετράρχου
1454 4640 1767 4713 σύντροφον.

268 4725 352 4783 15.
381 4729 525 4792 Τοὺς
548 4728 882 4791 ἀποστόλους
905 4729 1069 4782 αὐτοῦ
1098 4731 1309 4798 φαίνειν
1334 4729 1410 4800 τῷ
1441 4729 1630 4801 κόσμῳ
1657 4731 1770 4786 ἀπὸ

1951 2180 2003 2236 1.
2040 2169 2765 2259 Ιιαιιάθιεῇῖιίοἰιτὶιιιάἱηεῐη
2791 2197 2930 2268 ejus,

1947 2274 1999 2328 2.
2037 2274 2141 2342 Qui
2167 2278 2215 2333 ei
2247 2281 2447 2336 subditi
2484 2287 2639 2340 estis.

1951 2366 2004 2420 5.
2041 2367 2416 2428 lndesinenter
2449 2387 2628 2432 mente
2660 2390 2901 2438 astantes
2927 2383 3056 2442 Deo.

1947 2460 2003 2512 τι.
2038 2460 2094 2514 In
2124 2463 2298 2520 cmlis.

1948 2548 2000 2602 5.
2038 2547 2282 2608 Laudate
2320 2552 2648 2624 Dominum,
2699 2563 2956 2631 quoniam
3018 2568 3284 2624 neminem
3329 2573 3442 2629 vult

1879 2637 2076 2704 perire,
2131 2639 2223 2694 sed
2257 2657 2445 2699 omnes
2502 2651 2684 2703 venire
2737 2652 2802 2706 ad
2837 2654 3216 2723 paenitentiam
3269 2659 3336 2725 ",
3387 2674 3442 2718 et

1877 2728 2093 2785 aeternis
2115 2731 2231 2788 suis
2259 2735 2413 2792 bonis
2441 2736 2566 2793 frui.

1947 2815 2001 2871 6.
2030 2817 2342 2877 Gloriticate
2375 2840 2574 2880 nomen
2608 2843 2726 2898 ejus
2782 2833 2946 2888 corde
2985 2849 3144 2902 puro,
3181 2836 3439 2906 quoniam

1877 2905 1931 2960 id
1961 2907 2116 2966 vobis
2146 2912 2338 2967 evadet
2372 2914 2427 2968 in
2454 2916 2703 2972 salutem.

1949 2998 2000 3054 7.
2035 2999 2303 3081 Quoniam
2333 3007 2615 3075 populum,
2643 3011 2864 3079 perinde
2889 3030 2952 3070 ac
2971 3014 3254 3085 Iacobum,
3281 3019 3444 3077 corde

1878 3095 2208 3166 simplicem,
2239 3095 2342 3151 sibi
2368 3097 2531 3166 elegit
2565 3098 2846 3156 Dominus.

1947 3187 2000 3241 8.
2029 3186 2206 3243 Corde
2225 3187 2391 3244 Deum
2407 3189 2696 3265 [videntes]
2715 3199 3122 3267 acquisivitsibi
3143 3203 3196 3256 in
3227 3203 3441 3260 divitias

1875 3291 1972 3346 per
1998 3280 2280 3348 proprium
2312 3280 2654 3352 sanguinem.

1946 3367 1997 3422 9.
2027 3369 2109 3424 Ab
2142 3353 2261 3440 ipso
2291 3372 2515 3430 edoctus
2543 3376 2770 3446 cognovi
2824 3382 3252 3451 magnitudinem
3286 3401 3440 3443 suam

1801 3459 1843 3517 C
1877 3471 1973 3526 per
2004 3456 2261 3513 virtutem
2301 3463 2496 3517 mortis
2534 3463 2674 3533 ejus.

1945 3545 2032 3600 10.
2065 3547 2131 3602 Et
2162 3550 2277 3619 ipse
2305 3550 2570 3610 Dominus
2624 3565 2810 3612 noster
2847 3563 3115 3628 potentior
3157 3573 3240 3619 est
3280 3581 3440 3638 super

1871 3649 2063 3694 omnes
2086 3639 2240 3706 deos,
2267 3643 2361 3712 qui
2387 3645 2489 3698 etsi
2531 3645 2791 3703 dicuntur
2821 3649 2918 3716 dii,
2952 3667 3138 3708 revera
3159 3670 3266 3710 non
3286 3669 3437 3723 sunt,

1871 3729 1985 3784 sive
2017 3730 2070 3783 in
2099 3733 2260 3797 caelo,
2297 3735 2411 3789 sive
2444 3736 2500 3791 in
2526 3747 2673 3794 terra
2704 3740 2774 3796 ”.

1941 3822 2148 3890 11,12.
2179 3824 2314 3880 Nam
2365 3829 2631 3886 voluntati
2663 3833 2784 3904 ejus
2829 3850 2990 3892 nemo
3040 3840 3293 3896 resistere
3341 3857 3440 3912 po-

1871 3922 1994 3979 test,
2023 3931 2199 3986 neque
2228 3920 2452 3976 resistit.

1940 4007 2026 4063 15.
2063 4007 2129 4063 Ει
2157 4010 2212 4064 in
2239 4012 2399 4077 caelo,
2429 4023 2483 4070 ‘et
2523 4015 2576 4071 in
2615 4025 2782 4086 terra,
2811 4028 2866 4076 et
2900 4021 2954 4076 in
2982 4024 3140 4094 aquis
3182 4024 3436 4095 baptismi

1871 4098 1926 4153 in
1959 4110 2132 4158 morte
2155 4118 2253 4158 sua
2279 4108 2482 4174 omnia,
2504 4125 2842 4182 quaecunque
2868 4115 3041 4169 voluit
3070 4116 3217 4182 fecit,
3239 4131 3439 4173 e.'.on-

1872 4191 2071 4248 trarias
2103 4203 2402 4264 potestates
2425 4201 2702 4257 contrivit.

1944 4373 2028 4426 11.
2069 4371 2290 4430 Ultimis
2342 4377 2534 4434 diebus
2596 4382 2784 4436 mundi
2844 4385 3082 4438 ostendit
3144 4386 3436 4456 prophetas

1871 4463 2113 4533 Agabum
2143 4475 2196 4520 et
2226 4465 2524 4533 Simonem,
2559 4471 2651 4538 qui
2675 4473 2965 4528 vocabatur
2994 4475 3182 4544 Niger,
3225 4485 3279 4531 et
3324 4475 3435 4532 Lu-

1872 4556 2013 4609 cium
2035 4555 2404 4628 Cyrenensem
2429 4601 2444 4626 ,
2488 4570 2542 4615 et
2571 4561 2861 4630 Manahen,
2897 4565 2991 4634 qui
3043 4577 3159 4620 erat
3208 4566 3438 4626 Herodis

1873 4648 2159 4703 tetrarchae
2189 4650 2554 4709 collactaneus
2588 4653 2654 4709 “.

1945 4738 2032 4792 15.
2091 4739 2383 4811 Apostolos
2451 4743 2570 4814 ejus
2633 4760 2892 4817 apparere
2940 4748 3065 4805 fecit
3106 4753 3310 4808 mundo
3370 4753 3438 4805 ab

211 4819 469 4874 ὶνατολῶν
501 4817 581 4891 (8)
611 4820 703 4872 καὶ
731 4819 834 4882 ἕως
857 4819 1097 4890 δυσμῶν,
1123 4820 1216 4873 καί
1249 4820 1324 4883 ὡς
1345 4819 1498 4911 ὑετὸν
1521 4821 1764 4876 κατιέναι

1937 4828 2078 4882 iente
2104 4801 2275 4902 usque
2325 4832 2379 4886 in
2419 4801 2848 4899 occidentemet
2881 4839 3049 4894 veluti
3079 4841 3314 4911 pluviam
3344 4840 3440 4894 de-

208 4909 282 4960 ιὸν
309 4907 470 4977 λόγον
498 4908 678 4963 αὐτῶν
708 4909 788 4971 εις
813 4907 910 4979 τὴν
931 4908 1160 4980 καρδίαν
1180 4911 1277 4979 τὴν
1304 4907 1365 4980 ξη
1376 4909 1658 4979 ρανθεῖσαν
1682 4911 1764 4967 διὰ

1937 4919 2129 4975 endere
2182 4936 2487 4978 sermonem
2520 4941 2709 4997 eorum
2760 4929 2813 4983 in
2842 4945 2938 4987 cor
2967 4930 3266 4986 arefactum
3307 4946 3436 5000 pec-

201 4997 292 5065 τῆς
313 4998 612 5080 άμαρτίας.

266 5092 309 5120 ’⁵
343 5089 556 5144 llPetr.
601 5104 684 5154 ιιι,
711 5089 764 5144 9.
829 5091 922 5144 ⁸⁸1
957 5090 1084 5144 Cor.
1123 5108 1242 5155 vm,
1266 5094 1318 5147 5.
1398 5094 1444 5125 "
1478 5096 1598 5148 Act.
1625 5112 1744 5159 xm,
1773 5098 1820 5153 1.

1869 5011 2023 5068 catis.

1143 5184 1450 5246 Addenda
1487 5193 1548 5248 et
1578 5189 1952 5270 corrigenda
2002 5213 2080 5256 ex
2111 5199 2252 5260 cod.
2290 5201 2484 5262 Vatic.

265 5281 344 5371 (1)
373 5282 438 5336 Ἠ
455 5282 789 5371 πρρξιειμένη
803 5285 1084 5371 ἐπιγραφὴ
1109 5288 1140 5371 η
1161 5285 1253 5371 διᾶι
1271 5287 1367 5358 τῆς
1392 5289 1762 5371 κινναϐάρεως

197 5351 456 5428 περιέχει·
500 5351 834 5428 Ἀλληλρύῖα.
870 5351 1043 5428 οὖτῤ
1073 5351 1186 5428 γὰρ
1236 5351 1599 5428 ἑρμηνεύεται
1626 5351 1763 5412 "Al:-

194 5418 414 5500 ληλούῗα
438 5460 453 5484 ,
505 5418 834 5500 ὃπφζδηλσῖ
858 5426 885 5477 6
918 5418 1353 5500 -πρῶτοςξστίῇίὸς
1369 5418 1380 5426 ’
1403 5427 1495 5478 τοῦ
1525 5429 1760 5500 ψαλμοῦ,

194 5493 495 5564 τουτέστιν·
531 5492 758 5564 Αἰνεῖτε,
783 5492 998 5564 μνεῖτε
1027 5497 1116 5547 τὸν
1143 5492 1357 5564 Κύριον.

261 5559 338 5622 (Ξ)
368 5560 526 5613 Θέλει
563 5575 669 5613 non
705 5559 918 5626 legitur.

380 5631 698 5704 ίᾼνυμνεῖτε
723 5631 884 5704 αύτδν
915 5635 974 5686 ὲν
1002 5633 1217 5704 καρδίᾳ,
1245 5644 1347 5687 etc.

261 5697 336 5780 (.1)
383 5697 604 5770 Ἰσραὴλ
628 5700 982 5820 ἑρμηνεύεται
1001 5697 1140 5785 ⁴ᾁνῆρ
1166 5697 1305 5790 ὀρῶν
1331 5703 1483 5768 Θεὸν,
1518 5708 1612 5760 καὶ
1637 5708 1761 5772 νοῦς

261 5786 326 5820 ων
356 5769 489 5820 Θεόν
511 5783 522 5794 ⁸
545 5767 639 5820 τὸν
696 5769 789 5820 αδν
809 5771 899 5820 τὸν
927 5775 1156 5820 ὁοωντα.
1189 5791 1252 5820 τη
1286 5774 1480 5820 καρδία
1513 5777 1602 5820 τὸν
1627 5777 1756 5820 βεδε)

193 5767 214 5820 ἰ
224 5767 326 5833 ρῶν
356 5767 489 5822 Θεόν
511 5783 522 5794 ·
545 5767 639 5821 τὸν
663 5767 789 5823 λαὸν
809 5771 899 5823 τὸν
927 5767 1156 5843 ὁρῶντα,
1189 5767 1253 5844 τῇ
1286 5767 1480 5846 καρδία
1513 5777 1602 5830 τὸν
1627 5767 1756 5832 Θεὸν

1870 5301 2292 5377 περιεποιήσατο
2317 5304 2412 5377 εἰς-
2431 5303 2658 5360 πλοῦτον
2685 5307 2864 5377 ἑαυτῷ
2884 5307 2990 5375 διά,
3019 5320 3122 5364 ctc.

2039 5367 2245 5424 Καῖὄτι
2281 5373 2463 5436 αὐτός,
2488 5381 2592 5428 etc.

1934 5437 2103 5517 (6)
2139 5443 2224 5517 11_.
2256 5442 2497 5517 T@,_etc.
2545 5444 2952 5517 ’I_1_66v~l;61;,etc.
2989 5450 3055 5505 N.
3091 5451 3176 5510 12,
3216 5451 3300 5506 15.
3334 5449 3438 5506 Καὶ

1862 5503 1904 5557 ι.
2021 5509 2102 5592 ρο.
2140 5511 2265 5592 γάρ,
2295 5503 2406 5592 (Idi,
2435 5522 2549 5592 εειρζ
2577 5513 2685 5569 Καὶ
2719 5503 2775 5592 ἐν
2798 5503 2881 5592 ’τῷ
2916 5503 3289 5592 eameam,

1931 5579 1947 5642 ζ
1956 5578 2007 5646 7)
2026 5578 2229 5649 Ἀγα6,
2248 5583 2336 5634 καὶ
2366 5583 2649 5652 Συμεῶνα,
2670 5588 2764 5640 rel.
2798 5578 2989 5645 desunt
3024 5578 3197 5662 usque
3219 5589 3439 5664 σύντρο-

1860 5661 1977 5711 (ρον.

1931 5713 2005 5786 (3)
2048 5719 2176 5770 Ἀπὸ
2203 5720 2469 5774 ἀνατολῶν
2498 5723 2602 5787 ἕως
2633 5725 2852 5796 δυσμῶν
2879 5730 3058 5786 αὐτῶν
3083 5735 3160 5796 εἰς
3187 5735 3308 5806 τήν,
3327 5742 3433 5789 etc.
