3702 6392
199 275 326 332 1265

255 391 338 444 51.
357 390 480 442 Ὀτι
505 391 680 461 κρινεί
706 389 911 462 Κύριος
938 391 1027 443 τὸν
1066 391 1193 448 λαὸν
1221 392 1385 446 αὑτοῦ
1409 411 1422 425 ·

254 479 338 534 52.
378 479 487 534 Καὶ
521 481 612 533 ἐπὶ
646 483 756 545 τοῖς
783 480 988 546 δούλοις
1021 483 1184 537 αὐτοῦ
1219 486 1718 560 παρακληθήσεται.

255 574 338 628 55.
379 572 461 627 Τὰ
499 573 692 628 εἴδωλα
730 573 837 628 τῶν
889 574 1057 631 ἐθνῶν
1090 578 1353 652 ἀργύριον
1386 582 1481 636 καὶ
1515 585 1736 656 χρυσίον

192 665 318 737 ἔργα
343 665 540 737 χειρῶν
573 664 896 740 ἀνθρώπων.

257 755 340 810 51.
382 755 568 826 Στόμα
596 756 801 827 ἔχουσι,
831 759 923 812 καὶ
948 759 1007 812 ού
1041 759 1365 834 λαλήσουσιν
1385 787 1399 799 ο

255 847 338 902 55.
363 846 711 920 Ὀφθαλμοὺς
739 849 942 922 ἔχουσι,
960 853 1054 906 καὶ
1075 853 1175 907 οὐκ
1199 854 1440 925 ὄψονται.

253 937 338 994 56.
356 934 496 993 Ὦτα
529 940 730 1011 ἔχουσι,
762 943 856 996 καὶ
883 944 984 997 οὐκ
1005 946 1456 1018 ἐνωτισθήσονται
1479 948 1760 1020 [ἀκούσον-

189 1029 313 1102 ται]·

254 1125 338 1180 57.
379 1125 516 1180 Ούδὲ
543 1127 651 1198 γάρ
673 1128 789 1181 ἐστι
820 1129 1037 1199 πνεῦμα
1064 1131 1121 1184 ὲν
1153 1130 1232 1202 τῷ
1261 1131 1490 1203 στόματι
1523 1131 1721 1188 αὐτῶν.

258 1217 582 1290 58.“Ὀμοιοι
611 1221 795 1286 αὐτοῖς
819 1221 1061 1291 γένοιντο
1091 1225 1140 1277 oi
1172 1225 1451 1289 ποιοῦντες
1477 1227 1637 1291 αὐτὰ,

256 1309 340 1365 59.
383 1311 495 1365 Καὶ
527 1312 726 1376 πάντες
752 1314 801 1366 οί
828 1314 1146 1378 πεποιθότες
1172 1317 1258 1367 ἐπ’
1288 1317 1487 1380 αὐτοῖς.

252 1405 339 1460 10.
379 1402 543 1472 Οἶκος
574 1408 811 1480 Ἰσραὴλ,
841 1409 1169 1482 εὐλογήσατε
1198 1411 1286 1464 τὸν
1309 1410 1542 1482 Κύριονο

253 1498 338 1552 41.
379 1496 545 1562 Οἶκος
571 1498 805 1571 Ἀαρὼν,
832 1499 1162 1574 εὐλογήσατε
1192 1502 1283 1556 τὸν
1303 1502 1508 1574 Κύριον
1527 1521 1539 1534 ⁸

253 1589 339 1644 42.
380 1585 546 1654 Οἶκος
576 1590 726 1655 Λευῒ,
765 1592 1098 1664 εὐλογήσατε
1125 1594 1217 1647 τὸν
1250 1592 1454 1664 Κύριον
1479 1610 1492 1624 ο

257 1681 340 1736 15.
381 1681 447 1736 Οί
497 1682 822 1755 φοϐούμενοι
870 1686 959 1739 τὸν
1008 1684 1230 1758 Κύριον,
1292 1685 1621 1758 εύλογήσατε
1670 1687 1759 1740 τὸν

189 1772 404 1844 Κύριον.

259 1864 345 1920 44.
387 1863 713 1938 Εὕλογητὺς⁹
733 1868 936 1940 Κύριος
967 1870 1030 1922 ὲκ
1063 1868 1222 1933 Σιὼν,

257 1953 344 2008 15.
371 1954 433 2010 Ὀ
468 1957 738 2011 κατοικῶν
781 1957 1157 2030 Ἰερουσαλήμ.

981 311 988 319 -
1073 278 1162 333 DE
1203 278 1481 338 TITULIS
1530 284 1986 349 PSALMORUM.
2031 321 2101 338 -ο
2138 287 2332 348 PSAL.
2369 286 2648 344 CXXX”.

3310 294 3448 352 1206

1790 404 1833 457 Α
1934 401 2025 455 51.
2070 401 2207 468 Quia
2239 402 2511 472 judicabit
2538 401 2803 458 Dominus
2842 405 3102 475 populum
3139 421 3339 462 suum:

1937 491 2026 544 52.
2070 492 2136 546 Ει
2159 493 2211 547 in
2238 493 2411 548 servis
2447 493 2565 549 suis
2592 493 2992 564 deprecabitur.

1933 585 2020 639 55.
2062 584 2367 641 Simulacra
2403 585 2650 655 gentium
2677 595 2958 658 argentum
2991 596 3045 642 et
3076 603 3296 656 aurum,
3322 603 3449 658 0pc-

1861 689 1920 729 ra
1952 690 2212 730 manuum
2244 676 2549 733 hominum.

1933 769 2022 824 51.
2065 767 2139 824 Os
2168 770 2390 839 habent,
2421 780 2477 826 et
2505 785 2614 826 non
2647 771 2937 842 loquentur
2967 791 2983 826 ι

1932 861 2021 917 55.
2060 859 2262 918 Oculos
2293 861 2514 926 habent,
2545 872 2601 918 et
2630 878 2737 918 non
2772 863 3046 918 videbunt.

1932 953 2018 1008 56.
2063 953 2239 1009 Aures
2274 952 2496 1018 habent,
2523 961 2579 1009 et
2610 968 2719 1009 non
2752 953 2976 1008 audient
3005 972 3019 1007 :

1934 1130 2023 1185 57.
2066 1128 2252 1200 Neque
2276 1131 2423 1185 enim
2454 1137 2540 1184 est
2567 1128 2795 1200 spiritus
2829 1129 2882 1182 in
2913 1143 3007 1182 ore
3039 1128 3302 1198 ipsorum.

1932 1221 2021 1277 58.
2065 1220 2282 1278 Similes
2310 1222 2418 1277 illis
2451 1221 2584 1276 ﬁant
2610 1221 2703 1292 qui
2740 1221 2950 1276 faciunt
2976 1210 3063 1287 ea,

1933 1313 2022 1367 59.
2066 1311 2132 1367 Et
2158 1326 2349 1368 omnes
2381 1311 2477 1382 qui
2514 1311 2793 1366 conﬁdunt
2821 1311 2874 1364 in
2899 1311 3000 1367 eis.

1936 1410 2024 1465 10.
2061 1409 2269 1466 Domus
2298 1408 2485 1476 Israel,
2525 1409 2830 1464 benedicite
2855 1407 3125 1462 Domino;

1934 1502 2023 1556 41.
2067 1500 2272 1557 Domus
2300 1503 2505 1568 Aaron,
2539 1499 2844 1556 benedicite
2875 1499 3105 1554 Domino
3132 1518 3145 1554 :

1933 1594 2022 1647 49..
2069 1591 2275 1648 Domus
2300 1589 2452 1658 Levi,
2486 1591 2791 1647 benedicite
2825 1590 3093 1646 Domino:

1937 1685 2023 1740 45.
2064 1682 2169 1750 Qui
2198 1683 2403 1740 timetis
2435 1683 2752 1750 Dominum,
2785 1681 3088 1738 benedicitc
3122 1680 3367 1738 Domino.

1938 1863 2026 1916 44.
2071 1862 2396 1917 Benedictus
2425 1861 2691 1916 Dominus
2725 1875 2790 1913 ex
2818 1858 2971 1922 Sion,

1938 1955 2029 2009 45.
2071 1952 2176 2020 Qui
2205 1952 2417 2008 habitat
2443 1952 2497 2006 in
2523 1949 2848 2007 Jerusalem.

1314 2155 1597 2212 ᾹΤΗΑΝΑ
1611 2155 1696 2212 Sll
1737 2149 2318 2210 INTERPRETATIO.

254 2337 340 2393 51.
359 2336 481 2390 Ὀτι
507 2339 720 2408 ποιήσει
745 2336 950 2409 Κύριος
971 2338 1071 2409 τὴν
1094 2338 1370 2409 ἐκδίκησιν
1398 2337 1490 2392 τοῦ
1515 2337 1642 2390 λαοῦ
1664 2339 1750 2391 αύ-

187 2430 277 2486 τοῦ
309 2432 374 2484 ὲκ
405 2428 514 2484 τῶν
543 2430 799 2484 ἐναντίων
827 2429 1129 2501 δυνάμεων.

253 2523 340 2578 52.
375 2523 488 2579 Καὶ
538 2524 631 2577 ἐπὶ
662 2525 774 2586 τοῖς
823 2523 1156 2576 ὑπακούουσι
1186 2522 1262 2594 τῷ
1298 2523 1439 2595 λόγῳ
1462 2523 1556 2577 τοῦ
1587 2523 1764 2593 Εύαγ-

186 2617 361 2686 γελίου
392 2616 586 2670 ἑαυτὸν
617 2617 947 2689 δυσωπήσας
980 2615 1472 2687 καταλλαγήσεται.

253 2709 341 2763 55.
389 2709 471 2762 Τὰ
504 2707 735 2780 σώματα
765 2710 857 2764 καὶ
891 2709 948 2763 αἱ
991 2708 1159 2779 ψυχαὶ
1195 2709 1304 2762 τῶν
1337 2707 1565 2772 ἐθνικῶς
1591 2707 1766 2780 βιούν-

187 2819 289 2855 των
343 2800 666 2855 δεδούλωται
709 2802 786 2874 (1)
832 2805 898 2874 τῇ
942 2799 1307 2872 φιλαργυρίαι
1353 2799 1415 2854 τὸ
1455 2801 1552 2871 μὲν
1606 2801 1768 2854 ίδικὸν

187 2891 260 2954 ὡς
284 2892 380 2946 καὶ
410 2891 644 2963 ἀλλαχοῦ
665 2894 880 2966 εἴρηται
910 2892 1068 2963 δῆλόν
1099 2893 1268 2953 ἐστιν.
1293 2893 1328 2962 ἡ
1348 2891 1404 2944 δὲ
1429 2890 1630 2963 θεωρία
1649 2889 1772 2944 τοῦ·

188 3001 245 3038 το
276 2983 550 3055 βούλεται.

251 3079 341 3133 54.
381 3077 550 3132 Οὐδὲν
580 3076 690 3150 γὰρ
717 3078 991 3150 εἰρηνικὸν
1023 3080 1082 3132 ὲν
1108 3076 1187 3149 τῷ
1212 3079 1440 3150 στόματι
1465 3077 1663 3132 αὐτῶν.

1937 2336 2025 2390 51.
2059 2334 2327 2403 Quoniam
2358 2332 2626 2389 Dominus
2655 2330 2959 2388 vindicabit
2995 2331 3264 2400 populum
3289 2346 3449 2388 suum

1869 2439 1899 2478 a
1931 2423 2224 2479 contrariis
2257 2422 2638 2494 potestatibus.

1939 2516 2028 2570 52.
2090 2514 2158 2570 Ει
2214 2514 2270 2569 in
2326 2513 2708 2570 obedientibus
2735 2512 2906 2569 verbo
2951 2512 3232 2584 Evangelii
3278 2513 3362 2570 sui
3391 2529 3451 2571 se

1869 2609 2047 2678 ipsum
2081 2622 2320 2663 exorans
2349 2607 2817 2663 reconciliabitur.

1939 2701 2031 2755 55.
2061 2699 2328 2771 Corpora,
2362 2709 2418 2756 et
2444 2701 2643 2755 animae
2687 2714 2900 2766 eorum,
2942 2699 3032 2770 qui
3071 2699 3347 2770 gentiliter
3371 2699 3450 2753 vi-

1867 2801 2024 2858 vunt,
2053 2792 2358 2848 inserviunt
2387 2791 2632 2847 avaritiae
2680 2809 2696 2845 :
2741 2791 2966 2862 proprie
2999 2801 3182 2848 autem
3213 2791 3344 2862 quid
3375 2792 3451 2846 si-

1869 2884 2088 2956 gniﬁcet
2107 2883 2236 2939 alibi
2255 2884 2420 2940 etiam
2451 2884 2658 2940 dictum
2687 2892 2791 2950 est,
2810 2883 3069 2954 allegoria
3100 2891 3282 2938 autem
3308 2883 3451 2938 hanc

1867 2975 2036 3046 exigit
2062 2974 2508 3046 explicationem.

1941 3069 2030 3124 54.
2071 3066 2220 3123 Nihil
2245 3069 2391 3124 enim
2427 3068 2718 3139 paciﬁcum
2750 3068 2804 3123 in
2840 3083 2938 3124 ore
2970 3069 3236 3137 ipsorum.

253 3170 342 3225 55.
371 3169 459 3224 Ἑν
489 3170 673 3224 σκότει
701 3171 811 3244 γὰρ
859 3171 1303 3243 διαπορευόμενοι
1327 3171 1403 3242 (2)
1430 3173 1532 3225 οὐκ
1572 3171 1741 3242 ἀνανή

1943 3162 2032 3216 55.
2075 3161 2134 3216 In
2190 3159 2430 3217 tenebris
2460 3175 2677 3232 semper
2703 3160 3049 3217 ambulantes
3081 3161 3150 3215 ad
3183 3157 3446 3216 sobrieta-
3475 3229 3477 3232 η

187 3277 399 3330 φουσιν.

253 3348 344 3406 56.
363 3349 477 3422 Οὐχ
504 3351 838 3406 ὑπακούουσι
867 3353 975 3426 γὰρ
998 3356 1111 3417 τοῖς
1134 3354 1226 3408 τοῦ
1257 3353 1392 3407 θεοῦ
1415 3355 1772 3426 προστάγμα-

191 3456 292 3507 σιν,
325 3439 405 3504 ὼς
448 3441 540 3494 καὶ
591 3442 622 3494 ὁ
669 3441 876 3514 Κύριος
921 3444 1059 3515 πρὸς
1086 3445 1213 3508 τοὺς
1247 3444 1520 3508 τοιούτους
1551 3445 1768 3514 ἐλεγενο

199 3531 255 3585 '0
280 3521 442 3603 ἔχων
467 3527 591 3588 ὦτα
622 3534 889 3604 ἀκούειν,
920 3537 1206 3592 ἀκουέτω.

253 3623 346 3680 57.
386 3624 522 3678 Οὐδὲ
555 3625 632 3697 (5)
668 3625 776 3699 γὰρ
806 3627 989 3700 ἔχουσι
1017 3628 1242 3700 Πνεῦμα
1275 3631 1450 3699 ἅγιον.

255 3716 346 3772 58.
372 3715 604 3787 Ὁμοίως
629 3719 738 3773 τῶν
763 3721 1059 3793 χρημάτων
1087 3721 1164 3794 τῷ
1198 3723 1330 3794 πυρὶ
1370 3724 1771 3796 παραδοθήσον-

187 3827 276 3864 ται
303 3811 356 3865 οἱ
386 3810 812 3883 θησαυρίζοντες
837 3816 1003 3871 αὑτά.

257 3904 348 3960 59.
388 3906 501 3960 Καὶ
539 3906 740 3971 πάντες
762 3908 812 3962 οἱ
842 3907 1162 3973 πεποιθότες
1194 3909 1288 3962 ἐπὶ
1315 3909 1545 3963 πλούτου
1580 3908 1771 3980 ἀδηλό-

191 4009 332 4068 τητι.

257 4090 352 4145 40.
388 4091 454 4145 Oi
483 4090 700 4146 εὐθεῖαν
731 4090 945 4164 ἔχοντες
971 4092 1070 4166 τὴν
1099 4093 1326 4157 καρδίαν
1349 4093 1485 4167 πρὸς
1505 4095 1597 4148 τὸν
1619 4095 1773 4157 Θεὸν.

193 4181 450 4249 δοξάσατε
479 4185 572 4238 τὸν
600 4185 804 4258 Κύριον
824 4203 838 4217 ·
875 4186 1124 4257 Ἰσραὴλ
1151 4187 1258 4261 γὰρ
1293 4187 1656 4259 ἑρμηνεύεται
1680 4190 1764 4242 εὺν-

196 4274 378 4342 θύτης
403 4275 576 4332 Θεοῦ.

262 4365 353 4421 41.
392 4367 455 4421 Οί
487 4367 690 4439 ἑδραῖοι
711 4368 863 4432 ὄντες
887 4370 1014 4438 περὶ
1038 4367 1137 4440 τὴν
1169 4370 1352 4422 πίστιν
1377 4370 1471 4422 καὶ
1495 4369 1595 4433 τὰς
1624 4371 1774 4421 ἐντο-

195 4459 290 4525 λὰς
315 4458 411 4514 τοῦ
439 4461 598 4526 Θεοῦ,
628 4461 884 4528 δοξάσατε
915 4460 992 4532 (1)
1017 4461 1109 4514 τὸν
1132 4461 1334 4532 Κύριον
1358 4477 1371 4490 ·
1412 4460 1631 4530 Ἀαρὼν
1667 4460 1776 4531 γὰρ
1806 4496 1851 4551 D

197 4553 557 4624 ἑρμηνεύεται
586 4553 724 4621 ὅρος
748 4553 1030 4608 δυνατόν.

265 4641 357 4696 42.
381 4642 444 4694 Oi
473 4643 858 4714 προσκείμενοι
887 4641 965 4714 τῷ
989 4640 1128 4713 Θεῷ,
1153 4641 1412 4708 δοξάσατε
1438 4641 1529 4696 τὸν
1549 4641 1769 4712 Κύριον·

197 4718 344 4785 Λεὺτ
375 4730 453 4801 (5)
478 4731 586 4802 γὰρ
611 4733 968 4806 ἑρμηνεύεται
997 4734 1450 4803 προσκείμενος.

269 4822 356 4876 45.
393 4825 456 4876 Οί
481 4824 728 4889 εὐλαὸεἴς
751 4828 817 4898 τῇ
840 4825 1054 4898 καρδίᾳ,
1080 4823 1459 4896 ἐγκωμιάσατε
1485 4822 1666 4876 αὐτόν.

268 4912 359 4978 14,
384 4914 470 4969 45.
504 4914 658 4969 Σιὼν
679 4916 1034 4988 ἑρμηνεύεται
1064 4915 1337 4985 ditt-(Boa-
1381 4910 1776 4982 Ἰερουσαλὴμ

200 5003 562 5075 ἑρμηνεύεται
601 5003 810 5073 ὅρασις
835 5005 1077 5074 εἰρήνης
1100 5023 1112 5035 ·
1144 5007 1209 5058 ὲκ
1236 5004 1460 5076 καρδίας
1484 4998 1578 5056 οὖν
1610 4999 1775 5069 διψώ-

202 5110 304 5164 σης
337 5093 414 5166 (6)
444 5094 734 5164 εὐλογητὸς
757 5095 960 5168 Κύριος
990 5099 1018 5149 ὁ
1051 5095 1318 5150 κατοικῶν
1352 5096 1411 5150 ἐν
1443 5095 1599 5165 αὐτῇ.

1872 3264 1979 3310 tem
2013 3252 2214 3310 mentis
2242 3267 2354 3309 non
2379 3253 2632 3310 redeunt.

1941 3346 2028 3402 56.
2081 3345 2199 3401 Non
2234 3346 2381 3402 enim
2423 3346 2684 3402 obediunt
2730 3343 2928 3400 divinis
2973 3343 3280 3414 praeceptis,
3310 3340 3453 3398 sicut

1872 3449 1927 3494 et
1951 3439 2217 3496 Dominus
2237 3438 2360 3495 istis
2387 3438 2526 3494 dixit
2555 3437 2694 3504 :Qui
2717 3437 2870 3492 habet
2895 3452 3051 3491 aures
3079 3433 3332 3490 audiendi
3354 3449 3451 3488 au-

1871 3534 2008 3588 diat.

1941 3625 2030 3680 57.
2071 3623 2258 3694 Neque
2284 3623 2432 3679 enim
2468 3622 2671 3677 habent
2703 3621 2970 3693 Spiritum
3003 3627 3273 3676 sanctum.

1945 3717 2034 3772 58.
2076 3715 2308 3772 Perinde
2353 3729 2418 3770 ac
2462 3713 2704 3782 pecunia:
2730 3713 2840 3785 igni
2873 3713 3157 3768 tradentur
3182 3711 3453 3768 thesauri-

1875 3818 2062 3864 zantes
2083 3824 2196 3863 eas.
2788 3872 2800 3880 η

1945 3900 2034 3956 59.
2074 3899 2141 3954 Et
2169 3913 2381 3964 omnes,
2395 3898 2488 3970 qui
2519 3895 2872 3955 conﬁduntin
2891 3895 3098 3952 incerto
3113 3894 3448 3952 divitiarum.

1944 4078 2039 4134 40.
2074 4075 2179 4146 Qui
2217 4084 2429 4133 rectum
2459 4074 2672 4131 habetis
2723 4089 2819 4130 cor
2849 4073 2915 4128 ad
2956 4071 3125 4128 Deum
3159 4069 3456 4143 gloriﬁcate

1876 4172 2164 4230 Dominum
2193 4189 2207 4226 :
2241 4169 2414 4224 Israel
2451 4168 2596 4225 enim
2623 4168 3016 4237 interpretatur
3044 4162 3304 4219 rectitude
3332 4161 3452 4218 Dei.

1948 4351 2040 4405 41.
2071 4348 2176 4416 Qui
2202 4348 2345 4403 ﬁrmi
2370 4347 2504 4404 estis
2528 4347 2584 4402 in
2612 4345 2716 4400 ﬁde
2748 4353 2801 4399 et
2834 4343 3119 4415 preceptis
3143 4341 3260 4408 Dei,
3288 4339 3454 4412 glori-

1878 4442 2036 4497 ﬁcate
2081 4440 2374 4495 Dominum
2426 4455 2441 4491 :
2497 4443 2679 4492 Aaron
2715 4436 2860 4490 enim
2897 4436 3277 4504 interpretatur
3309 4449 3455 4487 mons

1880 4537 2054 4607 fortis.
2429 4611 2437 4619 .

1949 4630 2039 4684 4'2.
2073 4626 2318 4699 Appositi
2345 4624 2458 4680 Deo
2481 4624 2779 4696 gloriﬁcate
2802 4622 3093 4680 Dominum
3120 4642 3134 4678 :
3165 4622 3290 4677 Levi
3312 4623 3462 4678 enim

1879 4723 2268 4792 interpretatur
2294 4717 2589 4788 appositus.

1942 4810 2030 4865 45.
2060 4807 2141 4864 Pii
2166 4816 2220 4863 et
2243 4808 2494 4863 timentes
2527 4807 2711 4870 corde,
2739 4807 2978 4862 exaltate
3006 4821 3154 4861 eum.

1947 4903 2038 4970 M,
2069 4901 2158 4957 15.
2191 4898 2322 4957 Sion
2355 4900 2744 4970 interpretatur
2772 4898 2955 4952 sitiens
2986 4915 3003 4951 :
3037 4896 3335 4952 Jerusalem
3379 4895 3464 4949 in-

1884 5004 2213 5066 terpretatur
2244 4994 2378 5050 visio
2406 4994 2554 5064 pacis
2582 5009 2601 5046 :
2630 5007 2698 5048 ex
2725 4992 2888 5047 corde
2917 4992 3080 5060 igitur
3122 4989 3338 5046 sitiente
3373 4986 3470 5043 be-

1888 5087 2140 5144 nedictus
2169 5085 2458 5153 Dominus,
2481 5086 2578 5158 qui
2609 5084 2819 5140 habitat
2852 5083 2908 5137 in
2933 5083 3073 5153 ipso.

1161 5275 1470 5338 Addenda
1513 5280 1574 5336 et
1606 5269 1984 5351 corrigenda
2016 5287 2095 5334 ex
2135 5269 2275 5332 cod.
2310 5266 2514 5330 Vatic.

300 5469 353 5523 1)
391 5466 774 5523 Δεδούλωνται.

300 5470 324 5522 1
391 5470 774 5523 Δεδούλωνται.

276 5470 358 5682 iii
391 5538 777 5610 Πορευόμενοι.

278 5606 336 5681 (5
398 5607 534 5682 Quae
555 5609 659 5664 sub
686 5625 740 5662 n.
766 5607 777 5662 ε

307 5604 358 5676 5)
398 5604 534 5676 Quae
555 5604 659 5664 sub
686 5625 740 5662 n.
766 5607 835 5662 57
858 5607 1074 5663 desunt.
1094 5608 1162 5662 At
1197 5607 1285 5672 57,
1313 5606 1400 5673 58,
1421 5605 1493 5660 ita
1519 5604 1782 5676 τὈμοίως

204 5675 312 5736 τῶν
339 5675 650 5753 ’χρημάτων
681 5677 1138 5749 παραδοθήσονται
1167 5677 1243 5747 τῷ
1276 5677 1478 5748 αἰωνίῳ
1518 5675 1649 5749 πυρὶ
1690 5675 1785 5747 θης

1893 5465 2236 5529 σαυρίζοντες
2263 5459 2420 5515 αὑτά.

1963 5482 1992 5517 υ
2038 5482 2236 5529 ιςοντες
2263 5482 2420 5515 αυτα.

1961 5482 2037 5605 (ί)
2077 5532 2344 5605 Δοξᾴσατε
2377 5531 2467 5584 τὸν
2499 5530 2722 5603 Κύριον,
2751 5530 2902 5586 deest
2935 5530 2990 5587 in
3017 5531 3138 5589 eod.

1961 5601 2038 5673 (5)
2076 5602 2238 5673 Λευῒς
2271 5601 2400 5673 γάρ,
2415 5610 2530 5673 etc.

1966 5610 2016 5673 [5
2076 5610 2238 5666 Λευϊς
2271 5610 2400 5673 γαρ,
2427 5610 2530 5656 etc.

1966 5610 2041 5747 (6)
2083 5672 2332 5744 Διψώσης
2364 5672 2549 5738 αὑτὸν,
2579 5671 2886 5742 εὐλογητός,
2920 5681 3026 5733 etc.
