3740 6294
264 244 431 303 i269.
1155 240 1244 295 DE
1283 238 1561 296 TITULIS
1601 239 1741 296 PSA]

2036 280 2049 295 .
2090 270 2161 280 —
2200 238 2394 295 PSAL.
2435 239 2695 296 CXXXV.
3374 243 3513 299 I270

335 364 427 421 15.
464 361 569 417 Τὸν
594 362 745 434 ἥλιον
771 363 850 427 εἰς
881 361 1127 427 ἐξουσίαν
1148 364 1246 433 τῆς
1276 364 1490 435 ἡμέρας
1514 381 1531 396 ·

1427 381 1490 427 ας
1514 381 1531 396 ·
1867 368 1914 425 Α
2012 362 2100 417 15.
2142 362 2323 418 Solem
2358 363 2412 417 in
2447 372 2768 433 potestatem
2797 362 2904 418 diei

336 451 425 509 16⁵.
457 453 580 508 Ὅτι
605 454 686 517 εἰς
706 450 799 506 τὸν
820 450 992 505 αἰῶνα
1025 453 1086 505 τὸ
1115 451 1260 515 ἔλεος
1289 452 1475 507 αὐτοῦ.

2018 456 2100 512 l6.
2138 454 2408 522 Quoniam
2431 458 2486 510 in
2515 465 2776 511 aeternum
2820 454 3196 511 misericordia
3229 458 3366 527 ejus.

337 544 429 600 17.
462 544 573 599 Τὴν
596 544 821 617 σελήνην
844 544 1085 607 καὶτοὺς
1114 545 1347 617 ἀστέρας
1369 547 1451 609 εἰς
1475 544 1721 611 ἐξουσίαν
1741 547 1814 617 τῆ

2021 547 2105 601 l7.
2142 547 2353 602 Lunam
2379 557 2435 604 et
2467 548 2653 604 stellas
2683 547 2736 602 in
2766 556 3093 619 potestatem
3128 549 3333 604 "noctis:

260 636 464 701 νυκτός
482 652 497 666 '

342 728 428 783 I8.
470 730 593 783 Ὅτι
619 730 702 793 εἰς
727 728 819 783 τὸν
853 728 1027 783 αἰῶνα
1048 736 1109 781 το
1130 729 1276 794 ἔλεος
1298 730 1481 785 αὑτοῦ.

2016 726 2103 783 {8.
2148 728 2424 795 Quoniam
2452 746 2505 784 in
2550 739 2814 785 aeternum
2850 728 3226 785 misericordia
3258 729 3398 800 ejus.

340 818 430 873 19.
466 818 557 890 Τῷ
578 820 878 886 πατάξαντι
902 818 1174 888 Αἴγυπτον
1207 800 1302 874 σὺν
1342 824 1456 885 τοῖς
1478 820 1817 893 πρωτοτόκοι

2031 821 2102 875 l9.
2134 819 2240 887 Qui
2292 821 2565 892 percussit
2601 821 2895 893 Egyptum
2957 838 3082 878 cum
3136 822 3508 893 primogenltis

264 913 451 968 αὐτῶν
470 930 484 944 ·
1054 938 1059 949 ι
1240 952 1241 957 η

1054 938 1059 949 ¹
1240 952 1241 957 η
1939 929 2131 970 eorum
2155 931 2171 969 2

335 1004 429 1060 20.
462 1004 584 1058 Ὀτι
612 1006 693 1069 εἰς
719 1004 809 1059 τὸν
836 1004 1008 1060 αἰῶνα
1038 1005 1099 1059 τὸ
1126 1004 1273 1069 ἔλεος
1296 1005 1484 1059 αὑτοῦ.

2011 1006 2103 1062 20.
2139 1003 2410 1073 Quoniam
2445 1007 2502 1062 in
2536 1017 2799 1062 aeternum
2829 1008 3209 1064 misericordia
3228 1008 3367 1079 ejus.

337 1096 429 1150 2I.
465 1097 575 1151 Kal
596 1096 918 1167 ὲξαγαγόντι
946 1097 1035 1151 τὸν
1077 1096 1291 1168 Ἰσραὴλ
1315 1099 1380 1150 ὲκ
1412 1096 1577 1167 μέσου
1602 1098 1778 1151 αὐτῶν
1796 1114 1810 1127 ν

2008 1098 2099 1151 2i.
2133 1094 2238 1163 Qui
2266 1098 2459 1153 eduxit
2487 1097 2655 1155 Israel
2687 1099 2755 1155 de
2778 1100 2960 1157 medio
2983 1115 3204 1156 eorum:

336 1186 429 1240 22.
458 1187 582 1241 Ὅτι
615 1189 693 1251 εἰς
720 1187 810 1240 τὸν
835 1189 1008 1243 αἰῶνα
1036 1187 1097 1242 τὸ
1124 1187 1269 1252 ἕλεος
1299 1187 1485 1242 αὑτοῦ.

2013 1188 2103 1244 22.
2141 1186 2410 1254 Quoniam
2438 1190 2494 1244 in
2528 1198 2794 1245 aeternum
2848 1191 3225 1247 misericordia
3263 1191 3399 1261 ejus.

339 1278 434 1333 εδ.
475 1279 563 1333 Ἐν
587 1280 731 1350 χειρί
755 1281 996 1351 κραταιᾷ
1023 1280 1116 1333 καὶ
1141 1282 1198 1333 ὲν
1222 1279 1466 1352 βραχίονι
1490 1279 1679 1352 ὑψηλῷ
1699 1297 1711 1309 ·

2012 1281 2103 1335 25.
2146 1281 2204 1335 In
2242 1296 2408 1336 manu
2436 1283 2640 1351 potenti
2683 1292 2736 1337 et
2767 1282 2992 1338 brachio
3020 1283 3267 1338 excelso:

337 1370 429 1425 24.
461 1371 587 1426 Ὅτι
619 1373 699 1436 εἰς
730 1372 820 1425 τὸν
844 1371 1016 1427 αἰῶνα
1043 1373 1102 1426 τὸ
1122 1372 1269 1436 ἔλεος
1300 1372 1489 1426 αὐτοῦ.

2015 1372 2109 1426 24.
2144 1372 2419 1439 Quoniam
2447 1373 2503 1428 in
2535 1383 2802 1429 aeternum
2831 1374 3204 1430 misericordia
3232 1374 3369 1445 ejus.

338 1462 432 1517 25.
466 1461 558 1534 Τῷ
600 1462 970 1518 καταδιελόντι
1016 1463 1114 1536 τὴν
1155 1461 1423 1535 Ἐρυθρὰν
1454 1463 1727 1518 θάλασσαν
1762 1478 1815 1517 ει

2018 1462 2108 1517 25.
2140 1462 2246 1528 Qui
2268 1463 2454 1520 divisit
2480 1479 2632 1520 mare
2658 1464 2902 1520 Rubrum
2928 1465 2982 1519 in
3014 1464 3342 1520 divisiones:

260 1553 563 1625 διαιρέσεις
578 1570 593 1584 ⁸
762 1556 775 1567 ⁸
1906 1600 1911 1603 ,

337 1642 430 1699 26.
469 1645 591 1698 Ὀτι
624 1646 700 1708 εἰς
728 1645 816 1699 τὸν
841 1646 1013 1700 αἰῶνα
1036 1645 1097 1699 τὸ
1126 1645 1276 1710 ἔλεος
1300 1643 1486 1698 αὐτοῦ.

2022 1641 2111 1697 26.
2148 1641 2420 1709 Quoniam
2462 1643 2519 1699 in
2543 1653 2805 1699 aeternum
2832 1641 3208 1699 misericordia
3230 1642 3371 1712 ejus.

335 1735 432 1790 27.
462 1736 571 1790 Kal
604 1736 921 1806 διαγαγόντι
957 1738 1049 1793 τὸν
1091 1736 1308 1808 Ἰσραὴλ
1344 1734 1431 1789 διὰ
1467 1735 1631 1808 μέσου
1671 1736 1809 1807 αὐτῆ

2036 1735 2112 1791 ἰἸ.
2150 1734 2216 1790 Et
2241 1736 2430 1793 eduxit
2459 1732 2628 1790 Israel
2659 1749 2752 1804 per
2774 1733 3011 1789 medium
3049 1732 3168 1801 ejus
3195 1730 3307 1803 [ex
3337 1732 3513 1788 medio

263 1826 373 1898 [ἐκ
396 1827 561 1899 μέσου
589 1828 768 1882 αὐτῶν
790 1827 812 1902 ]

734 1847 768 1882 Ν
790 1827 812 1902 ]
1945 1825 2169 1897 eorum]
2198 1845 2211 1880 :

334 1917 428 1972 28.
466 1918 586 1973 Ὀτι
605 1919 685 1983 εἰς
713 1919 803 1973 τὸν
831 1919 1001 1973 αἰῶνα
1022 1919 1082 1973 τὸ
1106 1919 1252 1984 ἕλεος
1281 1920 1466 1975 αὐτοῦ.

2014 1918 2105 1972 28.
2139 1917 2410 1984 Quoniam
2438 1921 2495 1973 in
2523 1928 2787 1975 aeternum
2827 1916 3202 1974 misericordia
3231 1916 3370 1986 ejus.

335 2008 429 2064 29.
460 2010 572 2064 Kal
600 2010 935 2076 ὲκτινάξαντι
966 2009 1166 2083 Φαραὼ
1201 2012 1295 2065 καὶ
1327 2010 1426 2082 τὴν
1474 2010 1704 2081 δύναμιν
1735 2010 1812 2063 αὑ·

2037 2009 2107 2063 ἰ9.
2141 2009 2218 2079 (a)
2253 2008 2318 2064 Et
2344 2009 2590 2067 excussit
2626 2008 2969 2070 Pharaonem
2991 2015 3077 2080 '_et.
3104 2008 3360 2064 virtutem
3396 2006 3514 2064 e'tu

261 2099 360 2154 τοῦ
392 2103 472 2166 εἰς
495 2102 768 2157 Θάλασσαν
820 2103 1105 2176 Ἐρυθράν.

953 2103 1105 2174 θράν,
1944 2101 1999 2154 iu
2027 2100 2164 2159 mari
2196 2099 2381 2156 Rubro
2403 2119 2430 2155 ε.

341 2192 419 2264 (a)
450 2191 608 2252 Vers.
638 2194 729 2261 29,
761 2197 850 2263 50,
886 2197 1083 2252 desunt
1117 2198 1171 2251 in
1205 2200 1326 2253 cod.

1386 2349 1475 2405 AT
1484 2348 1759 2405 HANASII
1797 2345 2382 2406 INTEBPRETATIO.

339 2506 426 2561 15.
464 2508 603 2573 Τοὺς
648 2508 722 2581 (l)
756 2509 943 2578 ἁγίους
977 2496 1164 2582 ἄρχειν
1211 2506 1307 2562 τοῦ
1334 2507 1467 2562 λαοῦ
1507 2509 1603 2563 τοῦ
1639 2507 1816 2578 φωτὸς

2059 2506 2105 2562 5.
2147 2504 2383 2561 Sanetos
2411 2515 2648 2574 praeesse
2674 2498 2876 2570 populo
2908 2498 3066 2563 lucis,
3099 2498 3166 2553 de
3197 2495 3328 2567 ipsis
3371 2496 3536 2552 enirn-

264 2599 433 2664 αὐτὸς
464 2598 627 2674 [περί
658 2601 880 2675 αὐτῶν]
910 2601 1016 2675 γὰρ
1039 2601 1277 2675 εἴρηται,
1324 2600 1408 2656 ὅτι
1454 2601 1589 2655 τότε
1622 2601 1741 2654 cui

1945 2600 2152 2655 dictum
2177 2605 2282 2663 est,
2310 2596 2458 2668 quod
2490 2605 2615 2649 tunc
2640 2591 2914 2663 fulgebunt
2946 2593 3081 2645 sicut
3111 2588 3191 2643 sol
3222 2588 3287 2654 ’⁸,
3319 2595 3422 2643 etc.

264 2696 499 2762 ψουσιν
527 2694 607 2760 ὡς
639 2694 671 2747 d
702 2693 895 2761 ἣλιος.

340 2778 430 2832 17.
457 2778 567 2850 Τὴν
599 2780 843 2834 Παλαιὰν
869 2781 1141 2854 Διαθήκην
1175 2779 1417 2847 καὶτοὺς
1440 2783 1725 2855 προφήτας
1748 2780 1817 2854 ἄρ

2055 2790 2107 2845 7.
2149 2788 2320 2844 Vetus
2369 2785 2779 2844 Testamentum
2833 2795 2887 2839 et
2934 2784 3231 2854 prophetas
3285 2796 3520 2852 praeesse

263 2888 385 2944 χειν
410 2870 521 2925 τῶν
547 2872 666 2926 τότε
711 2874 996 2928 Ἰουδαίων.

846 2874 996 2975 alexi.
1075 2966 1101 2975 -
1194 2966 1216 2975 Δ
1338 2968 1350 2975 .
1696 2970 1706 2975 Α
1869 2883 2076 2975 Colim
2100 2879 2323 2936 Judwis.

338 2960 426 3017 I9.
462 2962 552 3034 Τῷ
574 2965 682 3017 πᾶν
708 2963 769 3017 τὸ
803 2964 1005 3036 πλῆθος
1036 2966 1142 3019 τῶν
1188 2966 1459 3039 δαιμόνων
1489 2970 1815 3043 συντρίψαντ

2032 2974 2105 3029 l9.
2141 2973 2244 3039 Qui
2279 2971 2541 3028 contrivit
2595 2984 2812 3024 omnem
2858 2968 3167 3023 daemonum
3218 2965 3509 3020 multitudi-

267 3053 368 3107 σὺν
389 3056 512 3118 ταῖς
538 3055 735 3126 ἀρχαῖς
758 3057 851 3110 καί
887 3058 964 3128 (2)
993 3061 1114 3124 ταῖς
1154 3059 1427 3135 ἐξουσίαις
1461 3063 1659 3120 αὐτῶν.

1945 3080 2067 3119 nem
2086 3078 2211 3119 cum
2242 3060 2640 3133 principatibus
2664 3068 2718 3115 et
2743 3056 3104 3128 potestatibus
3136 3069 3349 3110 eorum.

336 3143 429 3198 2i.
462 3146 571 3198 Kal
604 3146 896 3219 ῥυσαμένῳ
917 3149 1007 3201 τὸν
1036 3148 1163 3203 λαὸν
1190 3150 1531 3219 φωτισθέντα
1554 3152 1632 3225 (5)
1649 3156 1717 3225 τῇ
1741 3154 1813 3209 διο

2040 3155 2112 3209 ll.
2144 3152 2209 3206 Et
2228 3152 2323 3222 qui
2378 3149 2580 3219 eripuit
2610 3148 2873 3219 populum
2924 3152 3103 3198 mente
3149 3140 3517 3197 illuminatum

262 3236 385 3309 νοίᾳ
414 3239 479 3293 ὲκ
504 3239 603 3311 τῆς
633 3240 875 3304 δουλείας
904 3242 1103 3297 αὐτῶν.

1091 3285 1103 3297 ο
1945 3263 2013 3303 ex
2042 3249 2259 3301 illorum
2285 3244 2568 3300 servitute.

335 3327 428 3382 25.
468 3327 557 3382 Ἐν
587 3328 666 3400 τῷ
695 3329 810 3401 Υἰῷ
838 3331 1000 3385 αὐτοῦ
1030 3332 1108 3404 τῷ
1144 3338 1419 3405 μονογενεϊ

1352 3338 1419 3389 θεῖ
2014 3339 2105 3394 25.
2140 3337 2197 3391 In
2227 3335 2369 3390 Filio
2397 3350 2500 3390 suo
2528 3332 2829 3403 unigenito.

338 3421 433 3476 25.
464 3421 555 3493 Τῷ
576 3422 667 3476 τὸν
697 3424 901 3494 κόσμον
927 3426 1300 3497 διαμερίσαντι
1317 3431 1429 3492 τοῖς
1456 3428 1813 3493 ἀποστόλοιςὲ

2048 3430 2110 3484 :5.
2143 3427 2246 3494 Qui
2282 3427 2469 3481 divisit
2500 3424 2768 3479 mundum
2802 3420 3064 3490 apostolis
3093 3418 3147 3471 in
3175 3429 3367 3471 eorum
3386 3427 3525 3483 prae-

263 3513 345 3585 τῷ
372 3513 688 3586 κηρύγματι
715 3516 913 3571 αὐτῶν.
959 3517 1033 3570 Τὸ
1072 3519 1169 3588 μὲν
1194 3518 1392 3573 εἰδικόν
1437 3519 1513 3587 (4)
1542 3536 1740 3592 γεγενη

2045 3526 2242 3579 atione.
2280 3522 2438 3588 Quod
2470 3519 2712 3591 speciale
2740 3516 2960 3587 quidem
3013 3512 3243 3582 contigit
3292 3520 3424 3565 tunc
3470 3509 3522 3563 in

264 3623 360 3659 νον
388 3605 509 3659 τότε
536 3608 595 3660 ἐν
633 3609 700 3678 τῇ
748 3607 984 3679 Ἐρυθρᾷ
1030 3607 1273 3680 θαλάσσῃ
1307 3611 1399 3663 ἐπὶ
1437 3611 1738 3675 Μωῡσὲως,

2048 3621 2090 3674 ri
2116 3618 2302 3674 Rubro
2350 3614 2454 3671 sub
2501 3611 2704 3682 Moyse,
2740 3604 3203 3677 quemadmodum
3240 3601 3399 3656 multi
3429 3616 3525 3655 ve-

265 3697 459 3753 πολλοὶ
490 3698 598 3753 τῶν
628 3700 874 3753 παλαιῶν
925 3701 1231 3773 ἱστοροῦσι,
1274 3704 1463 3773 ὅτιπερ
1508 3704 1591 3766 εἰς
1634 3701 1728 3755 δύο

2049 3729 2130 3767 um
2162 3712 2433 3774 scribunt,
2471 3703 2616 3774 quod
2645 3717 2793 3755 mare
2818 3699 3064 3754 Rubrum
3094 3696 3331 3751 divisum
3356 3700 3442 3748 est
3472 3692 3526 3746 in

264 3791 404 3845 δέκα
436 3791 578 3863 μέρη
619 3790 778 3845 διεῖλε
816 3793 936 3846 τότε
976 3793 1075 3865 τὴν
1110 3793 1386 3848 θάλασσαν
1416 3794 1519 3866 τὴν
1559 3793 1741 3866 Ἐρυθε

2050 3807 2243 3862 κὶεοίηὶ
2280 3811 2484 3874 partes,
2525 3798 2660 3854 adeo
2688 3803 2749 3850 ut
2781 3792 3035 3864 quaelibet
3073 3789 3252 3845 tribus
3282 3802 3382 3843 sua
3440 3784 3527 3839 via

267 3884 361 3938 ἵνα
399 3883 607 3957 ἑκάστη
635 3885 777 3956 φυλὴ
828 3886 963 3941 ἰδίαν
1004 3888 1122 3941 ὁδδν
1174 3888 1366 3962 ὁδεύσῃ
1410 3888 1478 3941 δι’
1516 3890 1686 3961 αὐτῆς
1720 3907 1733 3920 ·

2051 3898 2214 3953 illud
2243 3894 2557 3955 incederet;
2584 3888 2814 3957 ideoque
2842 3887 2915 3939 ita
2957 3884 3092 3939 dicit
3123 3881 3395 3952 psalmus,
3440 3878 3528 3971 qui

269 3977 368 4030 καὶ
381 3974 525 4029 οὕτω
544 3975 692 4046 λέγει
717 3980 745 4031 ὁ
758 3977 991 4049 ψαλμὸς,
1010 3978 1089 4044 τῷ
1113 3980 1525 4035 κιῑττιδιελόντι
1550 3980 1666 4050 τὴν
1694 3982 1746 4035 Ἐ

2066 3991 2135 4044 sit
2161 4004 2306 4043 mare
2350 3985 2605 4049 Rubrum,
2637 3989 2691 4035 et
2720 3994 2828 4035 non
2858 3979 2935 4032 ait
2973 3979 3030 4030 in
3070 3974 3406 4034 divisionem,
3439 3967 3542 4020 sed

271 4066 435 4145 θρὰτν·Δ
454 4065 798 4133 θάλασσαν,
835 4070 928 4121 καί
951 4069 1050 4122 οὐκ
1071 4063 1224 4123 εἶπεν
1255 4073 1342 4136 εἰς
1364 4070 1679 4141 διαίρεσιν,
1729 4071 1748 4123 ὁ

2067 4079 2341 4134 ῐὶινὶδὶοηεε.
2389 4076 2443 4131 Id
2480 4075 2657 4145 ipsum
2688 4070 2873 4141 igitur.
2896 4067 3039 4138 quod
3069 4082 3137 4121 ex
3167 4062 3398 4119 historia
3423 4070 3544 4113 tra-.

270 4162 361 4226 εἰς
390 4142 727 4229 δῖαιρέσεις.
765 4159 917 4231 Αὕτη
965 4156 1056 4214 οὖν
1092 4163 1125 4233 ή
1158 4162 1367 4234 ἰστορία
1414 4165 1447 4231 ἠ
1498 4162 1747 4233 γενομέντ

2056 4187 2128 4224 tm
2162 4180 2268 4233 est,
2306 4142 2604 4236 contigisse
2636 4164 2688 4217 in
2722 4161 2858 4215 mari
2894 4158 3103 4221 Rubro,
3138 4157 3193 4209 in
3227 4156 3400 4224 ﬁgura
3431 4149 3533 4204 fuit

268 4254 339 4322 τῇ
381 4250 621 4324 Ἐρυθρᾷ
646 4251 891 4323 θαλάσσῃ
926 4254 1005 4315 εἰς
1047 4252 1217 4306 τύπον
1260 4254 1477 4324 ὑπῆρχε
1520 4253 1613 4306 τοῦ
1641 4253 1741 4305 κόσ

2064 4265 2167 4331 ridi,
2196 4266 2292 4335 qui
2326 4262 2654 4319 dividendus
2712 4266 2832 4313 erat
2880 4273 2911 4311 a
2964 4254 3194 4311 Domino
3248 4246 3541 4307 duodecim

270 4341 369 4396 τοῦ
395 4342 679 4413 μέλλοντος
708 4341 1032 4414 διαιρεῖσθαι
1063 4346 1177 4408 τοῖς
1211 4344 1303 4397 δύο
1330 4345 1423 4398 καὶ
1453 4343 1585 4396 δέκα
1615 4343 1849 4396 ἀποστό-
1959 4354 2239 4425 apostolis,

272 4436 389 4500 ὶοις
420 4435 572 4508 παρὰ
600 4435 825 4507 Κυρίου.

344 4528 437 4582 27.
467 4528 544 4599 (a)
574 4529 687 4582 Kal
719 4527 881 4582 αὐτὸν
913 4527 1003 4580 τὸν
1043 4526 1200 4597 χορὸν
1245 4526 1353 4579 τῶν
1395 4526 1706 4580 ἀποστόλων
1746 4525 1821 4578 τῶ

2055 4531 2119 4583 l7.
2149 4529 2231 4601 ,Εἰ
2293 4530 2470 4600 ipsum
2532 4526 2903 4598 apostolorum
2966 4522 3195 4577 chorum
3232 4514 3532 4573 videntium

275 4622 634 4695 θεασαμένων
661 4621 822 4676 αὐτὸν
849 4620 1126 4690 διαγαγὼν
1178 4619 1267 4674 διὰ
1325 4620 1489 4691 μέσου
1535 4620 1634 4691 τῆς
1675 4620 1752 4672 οἰκ

1609 4637 1634 4683 ς
1675 4620 1853 4672 οἱκου-
1961 4637 2109 4687 eum,
2139 4636 2239 4691 per
2267 4621 2507 4676 medium
2547 4620 2810 4674 mundum
2843 4616 3086 4672 deduxit.

276 4716 469 4786 μένης.

348 4809 437 4865 29.
469 4808 580 4863 Kal
612 4806 961 4880 συντρίψαντι
987 4806 1079 4859 τὸν
1100 4804 1364 4869 διάϐολον,
1393 4806 1485 4857 καὶ
1507 4802 1581 4875 (5)
1613 4804 1711 4876 τὴν
1762 4803 1823 4857 δύ

2058 4807 2124 4862 l9.
2160 4803 2227 4858 Et
2257 4802 2514 4860 contrivit
2542 4801 2845 4865 diabolum,
2877 4809 2932 4855 et
2969 4796 3263 4870 potentiam
3320 4792 3440 4862 ejus
3464 4790 3535 4842 .in

282 4920 450 4974 ναμιν
475 4899 642 4956 αὐτοῦ
674 4904 732 4955 ἐν
755 4899 832 4972 τῷ
868 4901 1203 4972 βαπτίσματι
1233 4918 1245 4929 ·
1287 4898 1553 4972 Ἐρυθρὰν
1582 4898 1637 4951 δὲ
1659 4898 1758 4952 θάλ

2063 4897 2275 4963 uismo;
2313 4909 2465 4949 mare
2496 4902 2675 4950 autem
2707 4891 2956 4947 Rubrum
3006 4888 3128 4944 ideo
3159 4894 3317 4942 vocat
3359 4880 3540 4950 bapti-w

359 4994 405 5063 9⁸
430 4991 622 5049 Matth.
667 5006 784 5057 xui,
818 4992 876 5046 4-

1198 5101 1510 5163 Addenda
1570 5107 1631 5163 et
1689 5100 2066 5179 corrigenda
2099 5118 2176 5164 ex
2221 5102 2363 5165 cod.
2426 5101 2627 5162 Vatic.

352 5237 440 5308 μ)
467 5238 575 5290 Του
600 5236 786 5307 ἄρχειν
807 5250 900 5287 του
934 5232 1066 5285 λαοῦ
1090 5247 1184 5284 του
1213 5228 1391 5299 φωτός
1414 5245 1428 5258 ·
1455 5228 1618 5292 αὐτὸς
1649 5225 1758 5298 γὰρ
1790 5227 1865 5279 εῐ-
1982 5229 2221 5308 Δ-(ιχτζ)
2252 5226 2350 5300 μὲν
2377 5227 2560 5308 ἰδικός.
2586 5236 2717 5308 etc.,,
2748 5223 2823 5308 ῶς
2846 5212 3281 5308 μέρῃᾼδ.
3313 5209 3539 5308 ᾖξ’-θ.

354 5281 439 5308 \‘l
478 5281 573 5360 ’νιν
600 5281 779 5307 ’νι-Λνη
819 5281 895 5287 -τ-
937 5281 1057 5285 -ηνν-
1210 5281 1320 5328 ,ι
1372 5281 1389 5292 -
1462 5281 1513 5282 κν
1574 5281 1616 5292 ν-
1662 5281 1674 5296 ι
1728 5281 1738 5298 ι

283 5322 758 5415 mgr’rrejhmu
772 5414 775 5415 ,

2070 5281 2272 5370 πυθράνξ
2300 5308 2429 5362 etc.,
2458 5300 2492 5367 ἡ
2522 5281 2739 5366 ’ἱστορία
2764 5281 3122 5415 γεναμένή,
3149 5281 3280 5348 etc.,
3312 5284 3426 5345 τοῖς
3445 5281 3547 5334 δώ·-

2070 5387 2100 5415 ει
2129 5369 2449 5415 ἀποστόλοις
2474 5365 2626 5415 παρὰ
2649 5364 2742 5415 τοῦ
2817 5361 2992 5415 υοίου.
3024 5369 3130 5411 εις.

356 5361 578 5449 (5)191,c
608 5375 850 5449 (πεδί-η
1022 5444 1031 5449 -
1114 5443 1188 5449 --
1398 5443 1410 5449 ,
1525 5442 1551 5449 _
1623 5440 1645 5449 -
1713 5440 1729 5449 .
1782 5441 1794 5449 .
1966 5361 2100 5449 δεδὲεξ
2129 5361 2626 5449 ἑποέῑόλοιςέἳαρᾲ
2649 5361 2743 5449 Ἑοὲ
2760 5361 2992 5449 3‘99‘33'
3024 5369 3133 5449 ἓξὲξ

356 5430 434 5532 ξεῖ)
466 5448 578 5532 κει
618 5430 951 5532 male?“
984 5443 1370 5532 civitatem.
1392 5443 1460 5532 ἐξ
1481 5440 1832 5532 fissam

2039 5440 2117 5509 (5)
2142 5439 2206 5493 Ν.
2242 5439 2311 5495 29
2338 5430 2527 5508 incipit
2557 5430 2636 5490 'ab
2670 5432 2774 5504 hisl
2799 5430 3001 5493 verbis,
3029 5430 3141 5482 Καὶ
3175 5430 3295 5497 τήν,
3329 5432 3431 5479 etc.

286 5510 487 5578 αὐτῶν.
518 5510 734 5589 Ἰσραὴλ
769 5515 877 5587 γάρ
899 5510 1255 5587 ὲρμτένεύεται
1282 5512 1405 5575 νοῦς
1437 5510 1580 5582 ὁρῶν
1602 5510 1753 5565 Θεόν.

361 5638 439 5704 (a)
471 5633 929 5704 Commentarius,
974 5648 1066 5685 seu
1122 5629 1575 5704 interpretation.
1617 5628 1684 5684 27
1731 5635 1787 5684 et
1843 5624 1914 5681 28
1965 5625 2115 5683 deest
2143 5626 2198 5680 in
2230 5622 2497 5693 cod.,jsed
2528 5620 2647 5691 ejus
2667 5620 2790 5675 loco
2844 5622 3022 5673 exstat
3056 5613 3280 5679 interpr.
3318 5619 3438 5677 qua:
3461 5609 3546 5659 est

286 5700 448 5765 n..29
481 5713 532 5760 et
563 5703 653 5769 30,
685 5703 774 5775 qui
806 5703 1086 5776 duo_vers.
1121 5703 1171 5757 iu
1209 5700 1331 5758 cod.
1369 5701 1642 5757 deﬁciunt.
