3740 6294
222 247 357 305 ητι
1146 252 1204 310 S.
1244 253 1621 312 ATHANASII’
1655 256 1804 314 OPP.
1848 257 2023 314 PARS
2061 258 2148 314 lll.
2191 289 2258 300 —-
2297 253 2706 313 EXEGETICA.
3345 251 3500 308 1272

290 360 383 417 50.
419 359 687 428 Quoniam
710 361 766 416 in
796 371 1058 418 mternum
1088 364 1468 422 misericordia
1503 369 1650 440 ejus.

1824 377 1871 432 A
1971 371 2059 425 50.
2087 371 2210 423 ’Ότι
2235 371 2316 433 εἰς
2344 370 2437 422 τὸν
2473 367 2646 422 αἰῶνα
2681 365 2742 419 τὸ
2772 365 2920 426 ἕλεος
2942 363 3127 419 αὐτου.

288 453 377 508 51.
418 452 522 519 Qui
551 452 795 508 traduxit
841 455 1100 524 populum
1133 472 1292 512 suum
1327 474 1425 529 per
1452 459 1763 516 desertum:

1983 463 2062 518 5|.
2094 461 2184 532 Τῷ
2212 461 2530 530 διαγαγόντι
2562 459 2654 512 τὸν
2677 457 2804 510 λαὸν
2835 454 2999 510 αὐτοῦ
3023 456 3082 508 ἐν
3119 457 3189 527 τῇ
3222 455 3418 529 ἐρήμῳ
3438 470 3460 487 ο

288 545 380 600 52.
415 543 685 611 Quoniam
709 546 766 600 in
795 554 1063 603 aeternum
1101 548 1476 607 misericordia
1507 552 1648 622 ejus.

1975 554 2066 609 52.
2102 556 2224 607 Ὅτι
2250 554 2330 617 εἰς
2360 553 2453 607 τδν
2483 551 2656 607 αἰῶνα
2687 549 2748 604 τὸ
2779 549 2928 612 ἔλεος
2951 547 3139 603 αὑτοῦ.

288 635 378 690 55.
409 634 516 702 Qui
542 637 815 706 percussit
853 652 1006 709 reges
1040 654 1302 709 magnos:

1971 647 2062 702 55.
2097 646 2187 718 Τῷ
2215 643 2514 711 πατάξαντι
2556 642 2796 715 βασιλεῖς
2829 641 3127 714 μεγάλους*

287 727 380 783 54.
415 727 687 794 Quoniam
726 729 779 783 in
805 739 1070 786 aeternum
1107 733 1484 788 misericordia
1516 733 1654 804 ejus.

1975 737 2066 793 54.
2105 738 2228 791 Ὅτι
2256 738 2338 801 εἰς
2361 736 2453 791 τὸν
2478 735 2651 810 αἰῶνα
2681 734 2748 788 τὸ
2782 733 2928 798 έλεος
2957 729 3141 787 αὑτοῦ.

287 821 377 876 55.
412 820 478 876 Ει
497 822 698 879 occidit
724 839 880 895 reges
907 823 1108 882 fortes:

1973 830 2064 885 55.
2097 830 2208 884 Kal
2229 819 2608 884 ἀποκτείναντι
2633 826 2874 898 βασιλεῖς
2905 824 3199 900 κραταιούς
3216 842 3230 858 ·

291 913 381 969 56.
423 914 699 982 Quoniam
730 916 783 970 in
821 927 1086 973 aeternum
1122 918 1499 973 misericordia
1524 918 1663 989 ejus.

1649 957 1663 972 .
1973 919 2062 975 56.
2100 922 2222 974 Ὅτι
2249 922 2328 984 εἰς
2349 919 2439 974 τὸν
2469 917 2640 974 αἰῶνα
2670 918 2730 972 τὸ
2759 917 2906 980 ἔλεος
2938 914 3121 969 αὐτοῦ.

289 1007 380 1062 57.
417 1007 598 1063 Sehon
629 1023 809 1080 regem
835 1009 1320 1064 Amorrhaeorum:

1971 1012 2060 1067 57.
2097 1011 2200 1065 Τὸν
2229 1011 2386 1083 Σηὼν
2420 1011 2645 1082 βασιλέα
2679 1009 2788 1062 τῶν
2827 1007 3173 1080 ’Δμορῤαἰων
3195 1021 3210 1036 ·

293 1098 382 1153 58.
422 1099 697 1165 Quoniam
727 1102 781 1155 in
809 1110 1076 1156 aeternum
1109 1101 1482 1157 misericordia
1511 1099 1654 1172 ejus.

1971 1107 2063 1162 58.
2093 1106 2220 1160 Ὅτι
2247 1107 2327 1171 εἰς
2359 1106 2448 1159 τὸν
2473 1105 2648 1159 αἰῶνα
2672 1103 2733 1158 τὸ
2762 1102 2916 1166 ἔλεος
2947 1098 3131 1155 αὐτοῦ.

295 1193 384 1248 59.
420 1191 489 1248 Et
515 1193 596 1266 0g
620 1209 799 1266 regem
828 1195 1043 1250 Basan:

1978 1198 2064 1252 59.
2100 1198 2215 1251 Kal
2237 1197 2328 1252 τὸν
2355 1198 2456 1266 ’Ὡγ
2488 1197 2713 1268 βασιλέα
2734 1197 2832 1268 τῆς
2855 1196 3035 1250 Βασάν
3053 1212 3067 1226 ·

291 1284 382 1338 40.
412 1283 679 1352 Quoniam
709 1288 762 1341 in
789 1297 1052 1343 aeternum
1082 1286 1456 1343 misericordia
1485 1289 1623 1359 ejus.

1976 1290 2066 1344 40.
2097 1290 2224 1343 Ὅτι
2250 1290 2331 1352 εἰς
2361 1289 2453 1342 τὸν
2488 1289 2663 1342 αἰῶνα
2695 1288 2756 1341 τὸ
2783 1287 2932 1352 ἔλεος
2961 1286 3151 1342 αὐτοῦ.

289 1377 381 1432 41.
415 1376 662 1433 Et-dedit
691 1387 890 1435 terram
919 1392 1114 1434 eorum
1145 1379 1512 1435 luereditatem
1540 1399 1552 1434 :

1979 1383 2068 1438 41.
2106 1383 2217 1437 Καὶ
2242 1383 2385 1436 δόντι
2417 1381 2518 1453 τὴν
2551 1381 2657 1452 γῆν
2691 1379 2872 1434 αὐτῶν
2899 1377 3265 1451 κληρονομίαν
3286 1395 3304 1412 ο

293 1469 383 1523 42.
420 1467 693 1542 Quoniam
731 1471 786 1526 in
813 1480 1077 1527 aeternum
1103 1471 1486 1527 misericordia
1517 1472 1658 1542 ejus.

1643 1511 1658 1525 .
1973 1473 2061 1527 42.
2087 1473 2209 1526 Ὀτι
2239 1473 2318 1536 εἰς
2349 1470 2441 1524 τὸν
2463 1470 2640 1525 αἰῶνα
2666 1470 2729 1524 τὸ
2749 1469 2899 1534 έλεος
2930 1467 3118 1524 αὐτοῦ.

289 1560 382 1616 45.
421 1541 802 1616 Ηεὲιδθίίἰιιιιεηι
832 1561 998 1617 Israel
1025 1576 1186 1618 servo
1212 1577 1348 1619 suo:
1550 1541 1559 1542 ί

1977 1567 2067 1620 45.
2103 1563 2485 1636 κληρονομίαν
2532 1563 2749 1635 Ἰσραὴλ
2773 1561 2946 1634 δούλῳ
2971 1561 3137 1616 αὐτοῦ
3161 1579 3174 1592 ο

291 1652 382 1706 44.
422 1652 691 1719 Quoniam
723 1653 778 1708 in
815 1662 1079 1710 aeternum
1111 1655 1490 1712 misericordia
1517 1655 1654 1726 ejus.

1632 1675 1654 1711 ι.
1974 1658 2063 1712 44.
2096 1659 2216 1711 Ὅτι
2237 1659 2316 1721 εἰς
2341 1656 2435 1710 τὸν
2461 1655 2635 1710 αἰῶνα
2668 1655 2729 1710 τὸ
2749 1655 2899 1719 ἔλεος
2924 1653 3109 1715 αὐτοῦ.

297 1744 388 1799 45.
417 1744 555 1810 Quia
585 1745 640 1799 in
673 1745 979 1801 humilitate
1012 1757 1201 1803 nostra
1229 1763 1439 1803 memor
1471 1746 1577 1803 fuit
1625 1757 1774 1804 nostr

1978 1751 2069 1806 45.
2099 1750 2223 1804 Ὅτι
2255 1753 2312 1804 ὲν
2339 1751 2405 1803 τοῖἱ
2447 1747 2776 1804 ταπεινώσει
2805 1747 2962 1802 ὐμῶν
2993 1745 3238 1819 ἐμνήσθη
3267 1742 3427 1815 ἡμῶν

225 1835 521 1893 Dominus:

1909 1843 2114 1915 Κύριος
2138 1859 2151 1872 ·

296 1930 383 1985 46.
419 1929 694 1996 Quoniam
724 1933 778 1986 in
805 1940 1070 1987 :eternum
1095 1933 1476 1990 misericordia
1495 1934 1637 2006 ejus.
1676 1985 1680 1990 .

1630 1979 1637 1990 .
1676 1985 1680 1990 .
1978 1932 2066 1988 46.
2093 1933 2219 1986 Ὅτι
2249 1933 2327 1996 εἰς
2347 1933 2440 1986 τὸν
2468 1932 2643 1986 αἰῶνα
2672 1931 2733 1984 τὸ
2753 1929 2898 1993 ἕλεος
2921 1929 3107 1983 αὑτοῦ.

295 2023 387 2079 47.
420 2023 489 2078 Et
514 2023 744 2079 redemit
766 2039 868 2080 nos
902 2024 972 2078 ab
995 2024 1232 2080 inimicis
1263 2025 1500 2082 nostris:

1981 2025 2071 2079 47.
2106 2024 2219 2079 Kal
2251 2023 2596 2096 ἐλυτρῶσατο
2624 2023 2775 2094 ἡμᾶς
2799 2023 2863 2075 ὲκ
2885 2021 2993 2076 τῶν
3017 2020 3226 2093 ἐχθρῶν
3254 2019 3440 2092 ἡμῶν·

294 2115 384 2171 48.
421 2115 693 2183 Quoniam
729 2117 783 2170 in
811 2123 1076 2171 aeternum
1104 2117 1483 2174 misericordia
1523 2120 1661 2190 ejus.

1632 2137 1661 2175 ἱ.
1979 2115 2068 2170 48.
2098 2117 2221 2169 Ὅτι
2246 2116 2326 2178 εἰς
2357 2115 2449 2168 τὸν
2472 2113 2642 2167 αἰῶνα
2666 2112 2727 2166 τὸ
2748 2111 2898 2176 ἔλεος
2926 2111 3109 2168 αὐτοῦ.

297 2207 385 2262 49.
420 2206 525 2274 Qui
551 2207 644 2262 dat
670 2221 854 2263 escam
887 2208 1037 2262 omni
1065 2208 1250 2264 carni:

1981 2208 2071 2266 49.
2111 2208 2169 2262 Ὀ
2198 2207 2376 2272 διδοὺς
2399 2207 2606 2280 τροφὴν
2637 2206 2787 2278 πάσῃ
2818 2205 3013 2276 σαρκία

1365 2363 1741 2421 ATHANASII
1779 2361 2362 2422 INTERPRETATIO.

232 2505 437 2556 smum,
467 2490 595 2560 quia
620 2490 1083 2560 quemadmodum
1118 2490 1174 2544 in
1211 2489 1352 2544 mari
1387 2488 1709 2545 vivescunt:

2014 2485 2128 2542 ’διὰ
2161 2486 2319 2542 τοῦτο
2345 2486 2493 2555 λέγει
2526 2486 2587 2540 τὸ
2619 2485 2903 2556 βάπτισμα
2951 2481 3074 2536 ἐπεὶ
3102 2480 3178 2551 (1)
3221 2481 3298 2544 ὡς
3337 2481 3396 2534 ὲν
3421 2482 3491 2552 τῇ

230 2582 430 2652 pisces,
463 2581 536 2635 ita
569 2588 626 2636 et
676 2581 732 2635 in
779 2579 884 2638 hoc
929 2581 1137 2636 mundo
1173 2588 1425 2636 natantes
1467 2578 1707 2634 viviﬁcar

2018 2578 2159 2650 άσσῃ
2181 2577 2572 2648 ζωογονοῦνται
2609 2577 2658 2630 οἰ
2692 2576 2871 2648 ἰχθύες
2905 2575 3096 2646 αὐτῆς,
3139 2573 3282 2628 οὕτω
3321 2575 3418 2628 καὶ
3441 2575 3495 2627 οἰ

233 2673 486 2728 homines
517 2673 776 2744 baptizati
808 2674 863 2729 in
891 2674 1158 2744 sanguine
1186 2671 1405 2728 Domini
1436 2671 1614 2727 nostri
1643 2669 1710 2725 Je:

2105 2669 2296 2741 κόσμῳ
2311 2668 2484 2740 τούτῳ
2513 2669 2801 2740 νηχόμενοι
2850 2666 3126 2738 ἄνθρωποι
3170 2663 3497 2728 ζωοποιοῦνο

234 2774 523 2836 propterea
540 2763 686 2820 enim
719 2765 923 2820 dicitur
949 2765 1224 2832 Rubrum,
1250 2772 1311 2819 ut
1336 2764 1565 2834 sanguis
1595 2761 1711 2818 Don

2023 2800 2039 2828 ,
2087 2759 2470 2832 βαπτιζόμενοι
2523 2763 2582 2814 ἐν
2608 2757 2687 2830 τῷ
2709 2759 2901 2828 αἵματι
2945 2757 3039 2810 τοῦ
3091 2756 3291 2828 Κυρίου
3335 2755 3497 2827 ἡμῶν

231 2858 390 2915 nobis
423 2857 783 2929 signiﬁcetur.

2016 2853 2102 2907 σοῦ
2132 2870 2145 2883 ο
2166 2853 2255 2907 διὰ
2281 2853 2390 2925 γὰρ
2417 2852 2577 2906 τοῦτο
2608 2853 2824 2923 εἴρηται
2863 2847 3118 2920 Ἐρυθρὰ,
3145 2849 3230 2901 ἵνα
3257 2847 3317 2901 τὺ
3353 2843 3493 2917 αἷμα

1910 2944 2002 2998 τοῦ
2029 2944 2102 3016 (2)
2144 2944 2349 3016 Κυρίου
2381 2945 2617 3016 σημαίνῃ
2641 2946 2790 3014 ἡμῖν.

302 3036 396 3089 51.
423 3035 524 3101 Qui
555 3034 826 3106 gubernat
854 3035 1114 3105 populum
1143 3050 1305 3090 suum
1331 3035 1388 3090 in
1419 3034 1648 3091 mundo.

1984 3035 2069 3090 51.
2101 3033 2192 3105 Τῷ
2230 3035 2566 3106 ποιμαίνοντι
2591 3035 2683 3087 τὸν
2711 3034 2838 3088 λαὸν
2866 3032 3032 3086 αὐτοῦ
3063 3035 3122 3086 ὲν
3151 3031 3229 3103 τῷ
3248 3033 3461 3103 κόσμῳ.

302 3125 394 3180 55.
419 3124 773 3196 Principatus
802 3125 1030 3180 diaboli.

1983 3126 2072 3182 55.
2111 3126 2223 3191 Τὰς
2249 3126 2426 3198 ἀρχὰς
2450 3123 2548 3179 τοῦ
2577 3126 2845 3180 διαϐόλου·

304 3216 396 3271 55.
426 3216 494 3271 Et
523 3225 820 3287 potestates
845 3217 988 3286 ejus.

1984 3215 2076 3270 '55.
2103 3217 2216 3270 Kal
2246 3215 2347 3280 τὰς
2373 3214 2620 3281 ἐξουσίας
2643 3214 2831 3269 αὐτοῦ.

303 3308 396 3363 57.
431 3307 568 3364 Seon
590 3310 979 3380 interpretatur
1025 3313 1244 3366 lentatio
1290 3311 1471 3366 calida
1517 3327 1616 3368 seu
1667 3313 1780 3370 velte

2010 3309 2070 3363 i7.
2105 3308 2278 3378 Σηὼν
2305 3309 2382 3380 (5)
2407 3307 2766 3382 ἑρμηνεύεται
2803 3307 3138 3377 πειρασμὸς
3171 3304 3402 3374 θερμὸς,
3428 3302 3487 3364 ὃς

234 3415 409 3464 mens,
445 3399 625 3468 qualis
654 3409 739 3454 est
784 3399 1039 3456 diabolus
1072 3416 1166 3456 rex
1202 3401 1606 3457 mundanarum
1656 3418 1711 3458 vc

2015 3419 2063 3456 ιν
2095 3404 2124 3456 6
2149 3401 2396 3467 διάϐολος
2420 3402 2449 3455 6
2479 3401 2731 3473 βασιλεὺς
2753 3400 2862 3455 τῶν
2883 3399 3088 3472 ἡδονῶν
3120 3397 3216 3452 τοῦ
3261 3397 3488 3467 κόσμου.

236 3501 449 3565 ptatum
484 3509 501 3547 :
529 3491 962 3547 Amorrhworum
1012 3503 1192 3549 autem
1221 3493 1611 3564 interpretatur
1643 3511 1709 3566 aq

2016 3495 2284 3564 ιορῤαίων
2304 3494 2361 3548 δὲ
2387 3493 2751 3567 ἑρμηνεύεται
2776 3494 3215 3564 πικραινόντων
3237 3488 3493 3553 ὑδάτων,

237 3604 356 3642 ram
383 3573 838 3653 exac'erbantiam,
867 3586 1060 3657 quales
1086 3597 1214 3642 sunt
1242 3587 1533 3644 contraria:
1578 3600 1714 3660 pote:

2021 3604 2053 3659 ρ
2080 3589 2221 3642 εἰσὶν
2245 3589 2303 3642 αἰ
2333 3587 2577 3642 ἐναντίαι
2604 3587 2886 3659 δυνάμεις,
2915 3587 2971 3640 αἰ
2992 3583 3373 3658 πικραίνουσαι
3392 3585 3496 3637 πᾶν·

239 3691 322 3739 tes
345 3682 738 3739 exacerbantes
762 3696 983 3737 omnem
1023 3679 1282 3735 animam.

762 3696 983 3737 omnem
1023 3679 1282 3735 animam.
1917 3689 2017 3732 σαν
2039 3676 2236 3749 ψυχήν.

308 3777 401 3834 59.
432 3776 515 3848 Og
547 3777 940 3848 interpretatur
969 3789 1292 3846 congregans
1328 3791 1348 3830 :
1399 3776 1581 3833 Busan
1633 3787 1785 3835 auten

2016 3769 2073 3825 i9.
2111 3770 2218 3840 Ὦγ
2245 3769 2610 3842 ἑρμηνεύεται
2642 3766 2926 3836 αθροιζων
2948 3782 2963 3796 ⁸
2995 3764 3208 3821 Bucar
3234 3764 3292 3819 δὲ
3317 3765 3493 3839 ἑρμη-

239 3870 630 3940 interpretatur
653 3869 947 3940 ignominia
975 3868 1118 3920 sicca
1137 3881 1157 3920 :
1187 3877 1420 3924 mortem
1455 3870 1624 3940 igitur
1647 3871 1716 3940 sig

2018 3879 2130 3916 εται
2157 3862 2422 3932 αἰσχύνη
2471 3860 2624 3930 ξηρά
2653 3877 2668 3892 ·
2703 3859 2794 3914 τὸν
2823 3859 3052 3914 θάνατον
3093 3853 3186 3912 οὖν
3224 3857 3372 3927 λέγει
3402 3854 3495 3908 τὸν

239 3961 368 4016 ﬂeat
409 3971 831 4032 congregantem
879 3961 1097 4030 quidem
1133 3968 1407 4028 mortuos,
1443 3963 1716 4018 dominanl

2019 3953 2222 4021 άγοντα
2277 3951 2376 4023 μὲν
2420 3950 2547 4015 τοὺς
2589 3950 2854 4021 νεκροὺς,
2901 3946 3254 4019 βασιλεύοντα
3297 3943 3356 3998 δὲ
3394 3943 3495 4013 τῆς

239 4063 421 4109 autem
451 4068 546 4123 per
567 4063 874 4124 peccatum.

729 4063 874 4108 tum.
1917 4045 2206 4116 ἁμαρτιας.

311 4146 402 4200 41.
434 4145 502 4201 Et
522 4145 676 4202 dedit
708 4147 914 4217 populo
968 4149 1111 4204 ﬁdeli
1163 4165 1456 4221 supernam
1489 4147 1788 4206 Jerusalem

2020 4135 2084 4189 ρΙ.
2115 4135 2226 4188 Kal
2247 4134 2391 4189 δόντι
2421 4133 2499 4206 τῷ
2526 4133 2642 4206 λαῷ
2674 4133 2751 4206 τῷ
2789 4131 2966 4203 πιστῷ
2996 4131 3098 4203 τὴν
3139 4130 3253 4184 ἄνω
3299 4131 3497 4202 Ἱερουο

242 4239 298 4294 in
329 4255 436 4310 qua
471 4239 562 4296 isti
598 4239 921 4295 habitabant
959 4219 1278 4313 priusquam
1318 4258 1350 4298 e
1394 4243 1534 4298 cazlo
1583 4242 1719 4315 proji

2016 4226 2123 4298 .ὴμ,
2179 4227 2238 4278 ὲν
2274 4221 2308 4300 ᾖ
2357 4220 2502 4282 οὗτοι
2549 4225 2833 4298 κατῴκουν
2865 4223 2974 4296 πρὸ
3017 4221 3114 4277 τοῦ
3170 4219 3391 4293 ῥιφῆναι
3418 4219 3493 4289 (4)

241 4342 453 4389 rentur.

1925 4318 2034 4372 ἀπὸ
2071 4318 2163 4373 τοῦ
2195 4319 2255 4372 ού
2265 4319 2446 4391 ρανοῦ.

313 4426 404 4482 45.
432 4425 813 4482 Haereditatem
846 4427 1052 4483 sanctis
1077 4428 1214 4482 suis.
1992 4411 2079 4469 45.
2114 4412 2496 4504 Κληρονομιαν
2519 4413 2631 4475 τοῖς
2652 4409 3055 4504 ἁγίοις-αύτοῦομ
3247 4496 3260 4504 Δ
3317 4498 3330 4504 _
3429 4493 3455 4504 _

315 4516 404 4571 45.
437 4516 576 4583 Quia
609 4517 747 4572 vidit
769 4533 870 4574 nos
899 4518 954 4572 iu
990 4517 1311 4573 servitutem
1341 4519 1590 4574 redactos
1624 4535 1655 4573 a
1678 4533 1792 4575 con

2111 4506 2233 4558 Ὅτι
2277 4499 2414 4558 εἶδεν
2455 4505 2534 4576 (5)
2568 4504 2717 4574 ἡμᾶς
2755 4499 3184 4568 δεδουλωμένους
3238 4496 3343 4550 ὑπὸ
3386 4496 3497 4548 τῶν

240 4609 429 4664 trariis
479 4611 860 4679 potestatibus,
891 4619 947 4664 et
973 4609 1350 4665 misericordia
1385 4619 1566 4666 motus
1613 4619 1716 4675 est,

2018 4596 2183 4650 wiwv
2201 4596 2504 4667 δυνάμεων,
2534 4596 2630 4648 καὶ
2660 4591 3084 4663 ἐσπλαγχνίσθη,
3137 4589 3231 4643 καὶ
3267 4587 3495 4658 ἠλέησεν

2018 4689 2074 4715 α-

240 4703 502 4758 misertus
525 4709 609 4756 est
642 4703 838 4758 nostri.

642 4703 838 4758 nostri.
1854 4689 1895 4715 "
1927 4689 2088 4759 ἡμᾶς.

312 4794 403 4848 47.
429 4792 497 4848 Et
552 4793 782 4848 redemit
834 4809 933 4850 nos
980 4796 1239 4865 passione
1287 4812 1389 4853 sua
1419 4798 1488 4852 ab
1522 4797 1786 4852 immundi

2017 4779 2076 4833 ,7.
2120 4779 2230 4834 Kal
2263 4778 2612 4850 ὲλυτρώσατο
2652 4779 2799 4850 ἡμᾶς
2846 4776 2937 4831 διὰ
2973 4774 3068 4829 τοῦ
3099 4773 3303 4837 πάθους
3330 4770 3494 4824 αὑτοῦ

239 4887 549 4957 spiritibus.

1919 4873 1982 4924 ἐκ
2009 4872 2118 4925 τῶν
2149 4873 2480 4946 ἀκαθάρτων
2501 4872 2844 4942 πνευμάτων.

310 4980 400 5036 49.
437 4979 648 5036 Sensus
691 4977 910 5050 quidem
935 4981 1190 5052 proprius
1221 4981 1548 5038 manifestus
1579 4990 1681 5048 est,
1736 4981 1787 5034 in

2023 4967 2076 5020 9.
2113 4966 2187 5018 T6
2219 4965 2318 5037 μὲν
2366 4964 2565 5018 εἰδικὺν
2607 4963 2766 5034 δῆλόν
2813 4964 2989 5025 ἐστιν,
3043 4961 3076 5030 ὴ
3129 4957 3186 5011 δὲ
3235 4954 3497 5029 ἑρμηνεία

243 5073 556 5144 terpretatio
613 5048 796 5128 autem
858 5048 1149 5145 allegorica
1198 5075 1488 5129 verborum
1531 5073 1720 5145 Proph

2037 5057 2112 5130 (6)
2150 5059 2438 5131 Προφήτου
2474 5055 2632 5112 τοῦτο
2691 5056 2840 5128 δηλοῖ
2870 5073 2882 5086 ·
2948 5057 2976 5108 6
3013 5051 3203 5106 ἑαυτὸν
3243 5048 3497 5121 παρέχων

241 5142 348 5223 hoc
368 5167 672 5239 signiﬁcat:
702 5169 796 5239 qui
829 5142 1032 5240 prtebet
1053 5168 1294 5238 seipsum
1321 5168 1517 5237 cibum
1563 5168 1616 5222 in
1646 5142 1718 5222 ⁷νίι

2018 5151 2101 5222 »φὴ
2159 5152 2239 5215 εἰς
2267 5150 2412 5223 ζωὴν
2438 5150 2656 5205 αἰώνιον
2690 5149 2852 5204 παντὶ
2878 5145 3150 5218 ἀνθρώπῳ
3167 5142 3495 5217 βουλομένῳ.

237 5267 499 5315 alternam
526 5260 676 5315 omni
715 5262 923 5316 homini
953 5261 1174 5317 volenti.

1196 5379 1502 5442 Addenda
1536 5388 1596 5442 et
1633 5384 2006 5463 corrigenda
2044 5406 2120 5448 cx
2149 5387 2288 5449 cod.
2328 5385 2527 5447 Vatic.

313 5479 388 5560 (1)
417 5483 662 5560 Ῥτξεξβή·
710 5556 732 5560 _
887 5557 894 5560 Α
1995 5492 2064 5560 (ι)
2102 5490 2358 5560 ’ῐξιφῶσιν
2385 5489 2480 5543 ἀπ’
2514 5485 2777 5559 οὐρανῶν.

309 5551 389 5630 ί
415 5553 522 5630 [ού
562 5551 736 5624 Ἰησοῦ
757 5557 972 5630 σημάνῃ
991 5561 1142 5630 ἡμῖν.

1078 5561 1142 5612 ἰν.
1990 5551 2066 5630 (si
2099 5551 2270 5615 Εἷδὲν.
2492 5629 2496 5630 ν
2549 5613 2555 5626 ,

311 5621 391 5704 ς5)
426 5625 582 5704 ξιξῦν,
605 5621 717 5704 53:9.
771 5621 900 5698 (leg.
945 5621 1137 5704 Σηῶν)
1168 5631 1304 5704 ὅπερ
1362 5631 1593 5702 ὑπάρχει
1632 5635 1659 5686 6
1696 5632 1801 5687 διά-
2091 5631 2202 5703 Τῆς
2235 5621 2586 5704 προφητείας

242 5693 398 5760 ωιος
425 5698 454 5749 ό
477 5693 795 5766 βασιλεύωνζ
824 5706 951 5768 (ξω,
983 5693 1130 5771 ὅπερ
1163 5693 1317 5765 εἰσίν,
1341 5711 1446 5756 ctc.
