3702 6384
197 293 327 354 1275

265 416 362 474 50.’
381 415 608 481 'Ort’ei;
633 414 725 470 τὸν
756 413 926 468 αἰῶνα
945 415 1004 468 τὸ
1029 415 1176 481 ἔλεος
1197 416 1378 470 αὐτοῦ.

267 510 348 565 54.
392 507 824 580 Ἐξομολογείσθε
853 506 929 578 τῷ
949 507 1067 578 Θεῷ
1095 507 1187 562 τοῦ
1213 509 1441 580 ούρανοῦ
1462 525 1473 536 ·

267 600 350 656 52.
375 600 499 654 Ὀτι
529 599 609 662 εἰς
645 599 737 651 τὸν
775 597 947 653 αἰῶνα
975 599 1037 652 τὸ
1057 599 1204 664 ἕλεος
1225 600 1406 652 αὐτοῦ.

262 691 496 760 Ψαλμὸς
532 687 612 756 τῷ
644 688 820 743 Δαϐὶδ
849 688 948 742 διὰ
981 689 1272 758 Ἰερεμίου.
1314 693 1484 744 ΨΑΛ.
1525 693 1671 756 ΡΛν...
1707 729 1721 742 .

263 784 309 837 1.
353 783 471 834 Ἐπὶ
495 779 603 835 τῶν
625 780 882 852 ποταμῶν
903 778 1238 844 Βαϐυλῶνος,

261 874 308 927 2.
349 874 494 926 Ἑκεί
521 871 853 942 ἐκαθίσαμέν
881 873 974 926 καὶ
1002 871 1368 942 ἐκλαύσαμεν.

259 968 307 1022 3.
348 969 435 1020 Ἐν
472 965 549 1037 τῷ
584 965 888 1037 μνησθῆναι
916 968 1063 1038 ἡμᾶς
1092 967 1193 1036 τῆς
1221 965 1357 1018 Σιών
1388 963 1510 1035 [τὴν
1537 960 1716 1034 Σιών].

261 1059 307 1111 4.
353 1059 474 1111 Ἐπὶ
503 1061 624 1122 ταῖς
659 1058 844 1122 ἱτέαις,
875 1059 934 1110 ἐν
967 1058 1114 1129 μέσῳ
1155 1057 1324 1127 αὐτῆς
1364 1055 1744 1128 ἐκρεμάσαμεν

193 1150 258 1203 τὰ
275 1149 475 1219 ὄργανα
493 1151 527 1218 ἡ
537 1147 672 1218 μῶν.

263 1241 308 1294 5.
338 1241 458 1294 Ὅτι
481 1242 596 1294 ἐκεῖ
625 1239 986 1313 ἐπηρώτησαν
1011 1241 1161 1312 ἡμᾶς
1185 1239 1235 1292 οἱ
1269 1237 1749 1310 αἰχμαλωτεύσαν-

194 1352 278 1398 τες
305 1335 469 1404 ἡμᾶς,
508 1333 700 1402 λόγους
726 1332 906 1402 ᾠδῶν·

257 1427 305 1482 6.
336 1425 439 1480 Καὶ
462 1427 512 1480 οἱ
533 1427 908 1495 ἀπαγαγόντες
931 1427 1097 1496 ἡμᾶς,
1128 1423 1158 1478 ὖ
1168 1437 1326 1496 μνον·

260 1520 309 1571 7.
344 1519 546 1590 ’ᾼσατε
578 1520 707 1589 ἡμῖν
742 1519 806 1570 ἐκ
829 1517 938 1570 τῶν
968 1517 1119 1588 ᾠδῶν
1151 1515 1303 1571 Σιών.

257 1609 307 1665 8.
334 1611 457 1675 Πῶς
473 1611 692 1682 ᾅσωμεν
707 1609 806 1682 τὴν
821 1609 963 1682 ᾠδὴν
974 1609 1174 1682 Κυρίου
1195 1607 1288 1662 ἐπὶ
1313 1605 1420 1679 γῆς
1434 1603 1748 1678 ἀλλοτρίας

1020 295 1110 352 ne
1148 297 1425 355 TlTULlS
1460 276 2002 355 pSALMonuu.—'
2038 295 2232 352 PSAL.
2269 280 2563 352 cxxxvr.‘

3273 291 3414 351 {9.74

1773 419 1820 476 Α
1916 414 2006 470 50.
2038 413 2306 481 Quoniam
2334 413 2388 466 in
2419 423 2682 466 aeternum
2714 406 3088 464 misericordia
3117 405 3260 476 eius.

1915 507 2004 560 51.
2039 505 2381 560 Conﬁtemini
2412 503 2522 558 Deo
2560 503 2704 559 cmli.

1918 597 2005 652 52.
2044 595 2313 662 Quoniam
2358 595 2410 648 in
2440 603 2701 648 aeternum
2739 592 3108 647 misericordia
3139 589 3278 658 ejus.

1981 684 2227 738 Psalmus
2263 685 2432 738 David
2467 682 2732 738 Jeremiw.
2764 681 2966 736 PSAL.
2995 678 3307 738 CXXXVI.

1921 781 1971 832 1.
2011 777 2183 835 Super
2211 776 2435 832 ﬂumina
2463 776 2757 848 Babylonis
2778 814 2796 842 ,

1918 873 1972 926 9..
2003 870 2118 926 lllic
2149 869 2391 926 sedimus
2420 879 2474 924 et
2503 869 2751 926 ﬂevrmus
2770 911 2785 934 ,

1920 964 1970 1016 5.
2001 963 2137 1017 Cum
2159 963 2570 1018 recordaremur
2601 962 2754 1017 Sion.

1925 1055 1969 1108 ιι.
2003 1055 2057 1108 1η
2092 1055 2385 1118 salicibus,
2437 1054 2490 1106 in
2554 1053 2730 1107 medio
2771 1052 2890 1123 ejus
2923 1053 3306 1123 suSpendimus
3329 1065 3419 1106 or-

1851 1164 1985 1218 gana
2011 1156 2216 1201 nostra.

1916 1239 1968 1293 5.
2004 1239 2140 1305 Quia
2183 1239 2293 1295 illic
2341 1239 2816 1311 interrogaverunt
2858 1254 2996 1303 nos,
3039 1239 3130 1310 qui
3181 1237 3419 1306 captivos

1849 1330 2121 1386 duxerunt
2144 1346 2268 1398 nos,
2297 1332 2459 1386 verba
2483 1331 2800 1400 cantionum
2823 1369 2839 1395 ,

1923 1417 1974 1469 6.
1999 1414 2066 1468 Ει
2094 1415 2184 1478 qui
2215 1415 2558 1470 abduxerunt
2587 1431 2722 1479 nos,
2764 1415 3022 1484 hymnum
3054 1430 3068 1466 :

1923 1506 1974 1558 7.
2017 1504 2243 1559 Cantate
2273 1506 2429 1560 nobis
2453 1506 2519 1560 de
2551 1505 2780 1560 canticis
2817 1504 2968 1557 Sion.

1923 1596 1977 1650 8.
2017 1595 2300 1661 Quomodo
2367 1597 2712 1652 cantabimus
2765 1595 3038 1651 canticum
3095 1591 3310 1649 Domini
3365 1589 3421 1647 in

1855 1696 1999 1742 terra
2025 1687 2240 1740 aliena?

1293 1803 1666 1862 ATHANASII
1703 1797 2280 1856 INTERPRETATIO.

257 1908 342 1974 51,
369 1908 460 1963 52.
487 1907 746 1973 Δοξάζετε
774 1906 864 1962 τδν
881 1905 1015 1961 Θεὸν
1037 1903 1134 1961 τοῦ
1152 1905 1313 1978 χοροῦ
1344 1904 1424 1976 [οἱ
1441 1901 1620 1975 χοροὶ]
1643 1900 1746 1954 τῶν

1928 1900 2015 1961 51,
2042 1899 2128 1952 5'2.
2162 1897 2473 1952 Glorilicate
2501 1895 2692 1958 Deum,
2737 1891 2893 1948 chori
2932 1900 3264 1953 sanctorum,
3300 1902 3422 1940 nar—

188 1998 368 2067 ἁγίων,
415 1999 855 2070 διηγούμενοιτά
887 1999 962 2070 (1)
1012 1977 1397 2070 προλεχθέντα,
1428 1996 1508 2049 ὅτι
1536 1991 1746 2046 ἀτελεύ-

1906 2001 2042 2044 mtes
2070 2004 2192 2059 qua:
2219 1999 2343 2042 ante
2368 1989 2512 2042 dicta
2544 1996 2711 2049 sunt,
2749 1985 3007 2055 quoniam
3041 1983 3157 2037 sine
3195 1981 3297 2034 ﬁne
3327 1977 3424 2030 mi-

188 2107 340 2163 τητον
368 2091 432 2144 τὸ
462 2091 608 2156 ἔλεος
637 2091 825 2146 αὐτοῦ.

1906 2080 2147 2135 :ricordia
2180 2081 2318 2149 ejus.

267 2187 330 2241 Ἠ
360 2187 703 2260 προκειμένη
723 2186 1000 2258 ἐπιγραφὴ
1029 2185 1273 2258 περιέχει
1295 2183 1371 2254 (2)
1397 2199 1411 2214 ο
1447 2181 1530 2247 Τῷ
1559 2178 1735 2234 Δαϐὶδ
1763 2177 1858 2231 διὰ
1891 2176 2196 2244 Ἱερεμίου,
2229 2173 2632 2241 ἀνεπίγραφος
2653 2173 2786 2237 παρ’
2820 2167 3129 2234 Ἑϐραίοις.
3159 2165 3305 2231 Αὕτη
3334 2157 3425 2214 οῦν

185 2253 502 2355 ήέρμηνεία
533 2253 628 2337 τοῦ
661 2253 1115 2355 επιγράμματος,
1134 2253 1223 2347 τῶν
1263 2253 1446 2342 ἱκάνῷ
1476 2275 1553 2345 τῇ
1577 2273 1746 2345 χειρὶ,
1776 2273 1853 2342 τῷ
1883 2271 1997 2341 mp
2034 2269 2127 2323 τοῦ
2185 2267 2344 2334 Θεοῦ,
2391 2266 2666 2320 τουτέστιν
2697 2263 3133 2330 ἐξομολόγησις
3179 2257 3276 2310 διὰ
3319 2253 3426 2309 τοῦ

183 2349 599 2448 βαπτίσματος
634 2349 1087 2447 τᾶν-προτέρων
1110 2375 1387 2445 πονηρῶν·
1409 2371 1702 2442 πράξεων.
1742 2366 1912 2419 Τοῦτο
1945 2365 2054 2436 γὰρ
2082 2362 2441 2436 ἑρμηνεύεται
2470 2360 2530 2413 τὸ
2554 2359 2652 2412 διὰ
2676 2355 2983 2424 ,Ἱερεμίοιῃ
3004 2351 3216 2423 παροχὴ
3237 2349 3426 2413 ὓδατος

181 2441 371 2526 ῶσανεὶ
397 2441 460 2525 τὸ
485 2441 786 2544 βάπτισμα,
819 2441 912 2525 παὶ
952 2441 1138 2543 μνήμη
1177 2441 1286 2522 τῶν
1330 2462 1784 2538 προσερχομένων
1812 2459 1890 2530 τῷ
1922 2458 2232 2529 φωτίσματι
2273 2453 2572 2514 Ἰουδαίων,
2616 2451 2734 2511 πῶς
2770 2449 2826 2501 αἱ
2877 2446 3115 2499 ἐναντίαι
3166 2441 3424 2513 δυνάμεις

183 2535 496 2632 ἠνάγκαζον.
517 2535 712 2627 αὐτοὺς
737 2535 1021 2636 λατρεύειν
1045 2535 1257 2625 αὑταῖς.
1291 2535 1472 2623 Tuas,
1498 2535 1902 2624 ἀνεπίγραφος
1927 2550 2062 2618 παρ’
2103 2548 2406 2616 Ἑϐραίοις,
2431 2543 2793 2618 ἀπρόσδεκτος
2809 2541 2953 2609 λέγει
2993 2540 3106 2602 τοῖς
3135 2535 3419 2591 ἀπειθοῦσι

194 2660 486 2726 Ἰουδαίοις
520 2663 584 2715 οὐ
608 2649 928 2734 προείλαντο
960 2660 1066 2732 γὰρ
1097 2659 1154 2713 τὸ
1191 2659 1472 2730 βάπτισμα
1504 2653 1596 2708 τοῦ
1629 2648 1884 2724 Χριστοῦ.
2523 2696 2541 2720 ι

251 2754 467 2811 Titulus
516 2723 840 2826 praepositus
885 2723 1127 2810 continet
1155 2723 1364 2807 :David
1397 2723 1494 2820 per
1541 2723 1851 2810 Jercrniam,
1886 2743 1998 2796 sine
2034 2740 2189 2794 titulo
2222 2739 2360 2808 apud
2397 2735 2666 2789 llebrwos.
2718 2729 3096 2801 Inscriptionis
3126 2733 3308 2780 autem
3340 2723 3426 2775 in—

186 2847 499 2916 lcrpretatio
535 2847 658 2903 talis
690 2857 774 2902 est
811 2866 824 2902 :
863 2864 1023 2901 manu
1050 2847 1202 2917 forti,
1237 2860 1430 2914 nempe
1459 2842 1556 2898 Dei
1587 2841 1749 2905 Filio,
1779 2837 2039 2903 confessio
2068 2851 2159 2903 per
2203 2836 2519 2903 baptismum
2554 2833 2790 2902 priorum
2839 2829 3102 2880 malarum
3135 2823 3426 2881 actionum,

186 2936 256 2991 Ita
284 2939 428 2992 enim
482 2939 869 3008 interpretatur
916 2914 1060 2992 illud
1104 2954 1195 3009 per
1241 2936 1528 2991 Ieremiam
1557 2931 1805 3004 prtebitio
1835 2944 2008 2999 aqum,
2043 2926 2300 2980 nimirum
2341 2925 2664 2994 baptismus,
2706 2930 2760 2974 et
2788 2917 3092 2974 recordatio
3118 2914 3426 2968 Judazorum

186 3029 582 3085 advenientium
628 3007 700 3084 ad
753 3007 1229 3097 illuminationem,
1261 3025 1540 3099 quomodo
1571 3023 1858 3083 contrariae
1887 3025 2184 3090 potestates
2214 3017 2478 3087 cogebant
2528 3030 2622 3069 eos
2674 3014 2822 3084 ipsas
2851 3011 3046 3066 colere.
3086 3007 3222 3064 Illud
3247 3013 3429 3060 autem

184 3126 287 3184 sine
312 3123 469 3177 titulo
502 3122 645 3192 apud
677 3120 930 3176 Hebraeos
961 3121 1231 3191 signiﬁcat
1266 3098 1544 3189 receptum
1599 3132 1706 3171 non
1756 3111 1927 3168 fuisse
1981 3109 2050 3163 ab
2098 3105 2393 3161 incredulis
2441 3103 2684 3169 Judaeis;
2724 3115 2833 3155 non
2863 3099 3008 3155 enim
3044 3098 3427 3169 prmelegerunl

181 3214 506 3288 baptismum
531 3213 754 3269 Christi.

252 3330 300 3384 1.
333 3331 408 3402 (α)
439 3330 543 3383 Ἑν
563 3328 690 3394 ταῖς
705 3329 1039 3398 ἐπιθυμίαις
1061 3327 1169 3396 τῆς
1189 3329 1567 3399 συγχύσεως.
1583 3327 1746 3380 Τοῦτο

1926 3317 1981 3375 1.
2013 3315 2082 3370 1η
2118 3313 2550 3384 concupiscentiis
2579 3309 2902 3380 confusionis
2934 3324 2952 3362 :
2988 3311 3057 3362 ita
3092 3308 3236 3362 enim
3266 3309 3432 3363 inter-

186 3421 289 3490 γὰρ
315 3417 682 3492 ἑρμηνεύεται
719 3417 1098 3486 Βαϐυλῶνος,
1127 3421 1184 3472 ἐν
1215 3414 1303 3483 αἷς
1337 3418 1751 3488 ὲδελεὰσθημεν,

186 3514 272 3568 καὶ
300 3510 599 3582 ἐξεκλύσθη
609 3529 706 3581 μεν
733 3511 834 3583 (5),
865 3511 1341 3584 ἐναπομείναντες.

247 3602 300 3668 2,
330 3604 384 3657 5.
433 3602 584 3654 Ἐκεῖ
617 3598 964 3670 ἐκλαύσαμεν
1013 3600 1343 3672 μνησθέντες
1390 3600 1487 3669 τῆς
1535 3597 1754 3668 ἐντολῆς

183 3691 270 3746 τοῦ
297 3691 456 3745 Θεοῦ.
494 3688 648 3743 Σιὼν
680 3689 788 3762 γὰρ
815 3689 1175 3762 ἑρμηνεύεται
1198 3687 1441 3757 ἐντολή.

249 3785 302 3840 4.
347 3785 416 3837 Ἦ
463 3782 582 3835 ἰτέα
615 3781 804 3854 τέρψιν
832 3783 928 3852 μὲν
953 3782 1066 3852 ἔχει
1092 3779 1186 3834 τοῦ
1234 3781 1383 3846 ἰδεῖν,
1422 3779 1670 3852 ἄκαρπον
1697 3777 1755 3830 δὲ

187 3873 391 3948 δένδρον
443 3874 698 3946 ὑπάρχει.
750 3873 920 3928 Τοῦτο
945 3870 1038 3928 οῦν
1069 3873 1218 3942 λέγει
1252 3872 1350 3944 (4),
1401 3871 1482 3924 ὅτι
1529 3873 1588 3924 ἐν
1638 3873 1757 3934 ταῖς

185 3970 420 4034 ἀπάταις
468 3969 564 4023 καὶ
599 3969 920 4039 ματαιότητι
963 3966 1058 4020 τοῦ
1107 3966 1224 4037 βίου
1274 3965 1661 4038 ἀπεκρέμαντο
1691 3964 1756 4034 τῇ

186 4062 451 4135 ἐπιθυμίᾳ
499 4063 570 4116 τά
629 4061 764 4133 μέλη
798 4061 955 4133 ἡμῶν
984 4063 1042 4115 ἐν
1096 4061 1246 4133 μέσῳ
1287 4060 1388 4132 τῆς
1423 4059 1756 4131 συγχύσεως,

183 4157 432 4211 τουτέστι
460 4156 562 4227 τῆς
589 4154 882 4227 ἁμαρτίας.

248 4250 359 4305 5-7.
394 4250 527 4302 Ὀτι
553 4251 689 4313 ἐκεῖ,
739 4251 796 4302 ἐν
842 4250 910 4320 τῇ
947 4247 1206 4318 συγχύσει
1257 4247 1426 4302 ὄντων
1477 4245 1632 4318 ἡμῶν
1659 4244 1760 4314 τῆς

183 4336 478 4411 ἁμαρτίας,
503 4337 689 4391 λοιπὸν
712 4337 807 4391 καὶ
830 4337 1055 4408 ἡπάτων
1075 4338 1224 4408 ἡμᾶς
1255 4339 1310 4391 αἱ
1339 4337 1574 4393 ἐναντίαι
1599 4337 1759 4390 δυνά-

187 4446 303 4498 μεις
326 4427 882 4499 αἱχμαλωτεύσασθαι
910 4426 986 4498 (5)
1012 4428 1161 4498 ἡμᾶς
1192 4425 1288 4479 τοῦ
1326 4425 1633 4498 λατρεύειν,
1668 4427 1760 4479 καὶ

187 4519 440 4574 σέϐεσθαι
471 4516 664 4582 αύτὰς,
687 4517 782 4572 κα).
802 4517 982 4586 λέγειν
1012 4519 1142 4588 ἡμῖν
1162 4534 1177 4548 °
1210 4516 1483 4582 Δοξάσατε
1508 4518 1656 4588 ἡμᾶς
1685 4517 1761 4581 ὡς

183 4610 268 4663 τὸν
300 4611 434 4665 Θεὸν
453 4609 550 4665 τοῦ
578 4609 830 4680 οὐρανοῦ.
854 4610 928 4663 Τὸ
948 4610 1056 4680 γὰρ
1088 4609 1240 4664 Σιὼν
1270 4608 1432 4664 πάλιν
1461 4607 1761 4681 ἑρμηνεύε-

184 4719 268 4758 ται
297 4706 484 4770 τόπος
515 4703 668 4757 ὅπου
691 4703 730 4771 ὴ
759 4702 981 4770 σκηνὴ,
1005 4703 1203 4756 ὡσανεὶ
1230 4704 1258 4757 ὁ
1293 4702 1553 4774 οὐρανός.

253 4881 306 4935 8.
349 4880 548 4951 Ἡμεῖς
578 4877 634 4930 δὲ
659 4878 794 4949 πρὸς
812 4877 910 4941 τὰς
931 4877 1178 4940 ἐναντίας
1199 4876 1458 4946 δυνάμεις
1480 4874 1755 4946 ἐλέγομεν’

186 4970 304 5037 Πῶς
325 4973 456 5044 ὑμῖν
486 4970 875 5042 λατρεύσωμεν
900 4971 1011 5033 τοῖς
1039 4969 1258 5040 δαίμοσι
1288 4971 1399 5031 τοῖς
1448 4967 1655 5038 γηίνοις
1683 4966 1758 5036 (6)

185 5067 291 5128 τοῖς
315 5063 656 5135 ἀλλοτρίοις;

1856 3419 2102 3481 pretatur
2128 3423 2284 3476 super
2310 3405 2534 3475 [lumina
2551 3401 2865 3471 Babylonis,
2885 3401 2940 3454 in
2962 3400 3164 3470 quibus
3183 3399 3430 3467 inescati,

1854 3508 1910 3556 et
1939 3497 2211 3556 submersi
2242 3511 2435 3551 sumus
2459 3501 2872 3563 permanentes;

1897 3592 1978 3657 .2,
2012 3593 2067 3646 3.
2104 3591 2215 3644 Illic
2250 3588 2497 3642 ﬂevimus
2543 3584 2811 3639 recordati
2846 3580 3086 3636 mandati
3119 3579 3212 3634 Dei
3251 3598 3264 3634 :
3303 3578 3431 3634 Sion

1855 3683 2001 3739 enim
2039 3682 2428 3749 interpretatur
2461 3675 2790 3729 mandatum.

1926 3773 1981 3827 4.
2020 3771 2168 3825 Salix
2200 3778 2421 3839 aspectu
2453 3766 2672 3837 quidem
2709 3763 3074 3828 delectabilis,
3119 3761 3214 3817 sed
3267 3759 3430 3816 arbor

1857 3859 2196 3917 infructifera
2243 3868 2347 3914 est.
2382 3857 2498 3912 Hoc
2535 3857 2700 3928 igitur
2726 3855 3014 3925 signiﬁcat,
3055 3851 3201 3922 quod
3243 3851 3298 3906 in
3332 3849 3431 3905 de-

1857 3955 2196 4028 ceptionibus
2219 3962 2272 4007 et
2302 3951 2637 4006 vanitatibus
2690 3949 2814 4002 vita:
2837 3948 2906 4002 ob
2934 3945 3433 4017 concupiscentiam

1859 4061 2124 4119 suspensa
2157 4044 2378 4100 fuerunt
2410 4042 2654 4097 membra
2684 4048 2867 4095 nostra
2912 4039 2968 4093 in
3021 4037 3202 4094 medio
3242 4035 3434 4092 confu-

1860 4123 2054 4208 sionis,
2075 4141 2181 4196 hoc
2208 4147 2293 4194 est
2321 4137 2549 4208 peccati.

1933 4232 2048 4288 5-7.
2100 4229 2366 4298 Quoniam
2397 4229 2544 4290 illic,
2600 4226 2728 4280 dum
2777 4225 2829 4277 in
2871 4223 3193 4277 confusione
3228 4222 3433 4288 peccati

1859 4338 2130 4385 essemus,
2170 4323 2390 4376 demum
2438 4320 2602 4374 etiam
2653 4331 2754 4370 nos
2801 4309 3435 4382 deceperuntcontrariae

1860 4423 2158 4485 potestates
2203 4412 2502 4480 redigendo
2553 4425 2653 4464 nos
2705 4408 2759 4461 in
2817 4404 3176 4476 captivitatem
3228 4403 3294 4456 ad
3341 4417 3451 4472 co-r

1861 4507 2077 4562 lendum
2145 4515 2200 4560 et
2281 4505 2620 4559 adorandum
2685 4516 2815 4566 eas,
2890 4515 2953 4553 ac
3032 4495 3261 4552 dicendo
3336 4510 3435 4550 no-

1859 4601 1944 4656 bis
1981 4619 1993 4654 :
2033 4598 2340 4654 Glorilicate
2389 4611 2490 4650 nos
2546 4595 2688 4649 sicut
2737 4591 2908 4646 Deum
2957 4587 3102 4644 cadi.
3133 4585 3266 4642 Nam
3306 4584 3437 4640 Sion

1789 4678 1838 4738 Ῑ)
1865 4695 2029 4748 etiam
2070 4693 2457 4760 interpretatur
2485 4689 2628 4742 locus
2665 4686 2756 4740 ubi
2783 4682 3211 4749 tabernaculum,
3245 4679 3436 4734 videli-

1865 4796 1950 4841 cet
1987 4786 2206 4841 caelum.

1932 4875 1985 4930 8.
2018 4872 2130 4929 Nos
2164 4883 2346 4927 autem
2399 4870 2692 4926 contrariis
2743 4865 3101 4939 potestatibus
3152 4861 3387 4918 diximus
3415 4898 3430 4914 .

1864 4964 2148 5032 Quomodo
2168 4979 2266 5020 vos
2286 4962 2552 5022 colemus.
2574 4962 2666 5033 qui
2691 4962 2825 5016 estis
2850 4960 3125 5016 daemones
3151 4961 3438 5008 terrestres

1867 5058 2068 5113 alieni?

1143 5169 1450 5231 Addenda
1483 5175 1542 5229 et
1567 5166 1940 5245 corrigenda
1991 5184 2069 5229 ex
2109 5167 2250 5230 cod.
2284 5169 2485 5228 Vatic.

254 5279 329 5352 (1)
351 5278 542 5332 Ταῦτα
563 5275 634 5329 τὰ
676 5273 1062 5345 προλεχθέντα,
1094 5273 1174 5326 ὅτι
1200 5269 1552 5340 ἀτελεύτητόν
1594 5271 1760 5332 ἐστιν,

373 5418 443 5472 Ἤ
471 5416 563 5470 διά
606 5415 707 5490 τῇς
749 5412 1118 5490 κινναϐάρεως
1171 5411 1450 5490 περιέχει·
1486 5407 1764 5490 magis

277 5420 333 5490 2)
373 5420 443 5472 Ἥ
471 5420 563 5470 διὰ
606 5420 706 5483 τῆς
749 5420 1118 5482 κινναόἀρεως
1171 5420 1450 5483 περιέχει·
1486 5420 1576 5478 ἰῳ
1603 5420 1764 5459 Δαοιο

185 5420 429 5574 nemo
615 5476 1764 5574 Kalnienseaoose><se929:39-19

189 5552 325 5681 ἓῶς,
354 5571 465 5640 el_c.
525 5557 601 5610 Οὐ
639 5552 975 5626 προσήλαντο
1027 5552 1142 5624 γὰρ
1180 5552 1257 5624 τῷ
1305 5552 1636 5622 βαπτίσματι
1669 5564 1761 5598 του

241 5646 450 5694 ριστου.

1932 5268 2008 5409 (5)
2040 5269 2143 5322 Καὶ
2172 5267 2589 5337 ἐξεκλύσθημεν,
2617 5263 2788 5318 deest.

1932 5338 1985 5407 (4
2039 5340 2224 5408 Λέγει,
2259 5339 2334 5402 ὡς
2363 5337 2583 5406 νομίζω,
2622 5336 2724 5398 ὅτι,
2759 5348 2788 5388 c

1931 5326 2006 5408 (4)
2039 5326 2231 5408 Λέγει,
2259 5339 2334 5402 ὡς
2363 5326 2584 5406 νομῖἶζω,
2622 5336 2724 5398 ὅτι,
2759 5341 2867 5388 etc.
2905 5329 3012 5385 Τοῦ
3057 5329 3171 5401 βίου
3200 5326 3438 5396 τούτου,

1860 5415 1989 5546 θα(ξὸ
2036 5477 2577 5549 Αἰχμαλωτεύσασαι.

1933 5479 2010 5620 (6)
2043 5552 2164 5611 Τοῖς
2193 5547 2397 5619 γηίνοις
2424 5545 2571 5600 deest

1933 5545 2007 5619 (6)
2043 5545 2164 5611 Τότε
2193 5547 2397 5619 γηὶνοις
2424 5545 2593 5600 deest.
2621 5582 2629 5589 .

262 5723 336 5795 (α)
362 5722 429 5777 Ν.
464 5722 516 5787 ιι,
546 5718 603 5785 ‘2,
635 5719 687 5772 ’5.
725 5717 929 5773 Unicus
964 5726 1252 5773 comment.
1291 5715 1352 5769 Et
1384 5714 1637 5768 submersi
1663 5727 1746 5765 sui

1906 5708 2050 5766 lceSt.
