3702 6396
251 324 273 380 1
284 326 389 383 275

1129 309 1208 377 s.‘
1228 315 1599 376 namss"
1632 313 1784 368 ore.
1818 309 1998 367 mas
2035 306 2122 363 ut.
2145 336 2218 348 —
2259 302 2669 362 EXEGETICA.

3361 300 3489 359 ΙΞἹδ

317 441 371 498 9.
404 438 465 496 Si
498 439 699 496 oblitus
735 437 887 493 luero
917 436 1017 501 tui,
1074 433 1398 499 Jerusalem,
1430 430 1689 487 oblivioni
1717 427 1813 483 dc-

1993 423 2036 478 9.
2082 422 2207 476 Ἐὰν
2241 417 2584 488 ἐπιλάθωμαι
2607 435 2721 483 σου,
2761 417 3486 495 Ίερουσαλὴμ,¹ξὲπιλησθείη

249 544 337 589 tur
362 531 587 588 dextera
613 544 755 584 mea.

319 620 408 677 10.
446 619 730 676 Δᾶιιαιτεει
762 618 944 688 lingua
981 630 1101 671 mea
1137 614 1389 670 lancibus
1427 612 1564 668 meis
1585 653 1601 678 ,
1630 611 1677 667 si
1710 625 1819 665 non

250 712 553 768 meminero
582 710 681 765 tni.

323 796 410 849 11.
453 792 510 848 Si
558 808 669 850 non
730 807 1072 864 proposuero
1111 792 1411 847 .erusalem
1451 789 1505 844 in
1553 787 1820 859 principio

252 884 448 940 laetitia:
479 898 630 937 meat.

329 974 412 1030 .2.
448 973 651 1028 Memor
679 981 828 1035 esto.
868 974 1095 1030 Domine
1155 973 1392 1028 ﬁliorum
1423 971 1617 1035 Edom,
1647 971 1703 1026 in
1733 971 1821 1027 die

249 1062 575 1120 Jerusalem.
926 1118 933 1130 ,

322 1155 410 1210 15.
441 1152 548 1221 Qui
577 1156 1143 1222 dicuntzEsinanite,
1195 1156 1472 1213 exinanito
1520 1169 1698 1225 usque
1752 1155 1819 1209 ad

251 1244 661 1302 fundamentum
689 1248 829 1317 ejus.

248 1391 262 1405 ,
322 1335 410 1391 14.
443 1335 581 1392 Filia
621 1336 912 1410 Babylonis
946 1339 1145 1395 misera
1178 1358 1191 1394 :

251 1424 415 1491 '115.
439 1426 659 1492 Beatus,
684 1429 776 1498 qui
806 1430 1069 1486 retribuet
1091 1431 1187 1486 tibi
1214 1430 1624 1487 retributionem
1648 1440 1819 1491 tuam.

254 1532 419 1586 quam
446 1519 742 1575 retribuisti
773 1521 951 1577 nobis.

328 1606 415 1662 16.
445 1607 679 1681 Beatus,
705 1612 799 1682 qui
831 1612 1037 1669 tenebit
1103 1621 1159 1669 et
1190 1613 1372 1669 allidet
1414 1615 1668 1684 parvulos
1702 1624 1822 1670 tuos

252 1700 320 1755 ad
350 1710 580 1772 petram.

501 1790 749 1849 Psalmus
780 1793 973 1848 David.
1013 1792 1217 1849 PSAL.
1250 1795 1596 1851 CXXXVII.

329 1881 380 1939 1.
408 1882 722 1941 Conﬁtebor
750 1887 867 1952 tibi,
902 1886 1152 1955 Domine,
1181 1886 1235 1942 in
1264 1898 1376 1943 toto
1397 1889 1559 1943 corde
1583 1904 1705 1944 meo
1730 1908 1744 1944 :

1920 518 1953 586 ἡ
1978 512 2127 580 δεξιά
2151 529 2273 582 μου.

1997 604 2084 659 10.
2111 602 2409 675 Κολληθείη
2462 599 2839 675 [normam
2891 601 3111 669 γλῶσσά
3150 619 3253 674 μου
3303 603 3381 675 τῷ
3408 603 3493 660 Mr

1924 697 2082 770 ρυγγί
2117 713 2239 768 μου,
2271 694 2367 748 ἐὰν
2403 697 2476 767 μή
2509 713 2601 749 σου
2628 693 2873 767 μνησθῶ.

1990 789 2076 844 11.
2117 788 2244 842 Ἐὰν
2274 786 2347 859 μὴ
2377 787 2845 859 προανατάξωμαι
2876 786 2975 856 τὴν
3023 786 3394 859 Ἰερουσαλὴμ,
3416 788 3491 853 ὡς

1922 884 1978 935 ὲν
2003 882 2141 952 ἀρχῇ
2180 880 2279 949 τῆς
2306 876 2643 949 εὐφροσύνης
2669 894 2790 949 μου.

1993 971 2081 1027 12.
2116 969 2425 1042 Μνὴσθητι,
2467 969 2661 1042 Κύριε,
2692 968 2802 1023 τῶν
2830 968 2959 1022 υίῶν
2997 968 3194 1040 Ἐδὼμ,
3229 968 3327 1043 τὴν
3352 970 3490 1042 ἡμέ-

1926 1081 2025 1136 ραν
2056 1062 2428 1135 Ἰερουσαλήμ.

1994 1157 2079 1212 i5.
2108 1156 2228 1210 Τῶν
2248 1154 2513 1224 λεγόντων
2531 1170 2547 1186 ·
2579 1152 2920 1220 Ἐκκενοῦτε,
2950 1152 3236 1209 ὲκκενοῦτε
3258 1152 3364 1217 ἕως
3384 1152 3491 1208 τῶν

1923 1245 2187 1317 θεμελίων
2217 1245 2408 1315 αὐτῆς.

1998 1339 2081 1393 14.
2113 1339 2371 1410 θυγάτηρ
2395 1336 2709 1401 Βαϐυλῶνος
2737 1338 2771 1407 ἠ
2793 1336 3159 1410 ταλαίπωρος·

1995 1427 2080 1482 15.
2110 1428 2416 1499 Μακάριος,
2439 1427 2499 1493 ὃς
2519 1428 2888 1484 ἀνταποδώσει
2921 1444 3003 1481 σοι
3048 1426 3110 1481 τὸ
3148 1424 3499 1496 ἀνταπόδομά

1925 1537 2041 1585 σου,
2064 1520 2093 1573 ὃ
2128 1520 2517 1585 άνταπὲδωκας
2546 1522 2696 1592 ἡμῖν.

1996 1610 2082 1665 16.
2113 1613 2419 1683 Μακάριος,
2451 1613 2511 1678 ὃς
2540 1614 2822 1686 κρατήσει,
2859 1613 2953 1667 καὶ
2985 1612 3194 1682 ὲδαφιεῒ
3227 1613 3298 1667 τὰ
3330 1612 3498 1685 νήπια

1929 1717 2022 1755 σου
2056 1699 2176 1773 [καὶ
2201 1703 2411 1773 ἐδαφιεϊ
2438 1702 2601 1775 αὐτὰ]
2629 1703 2762 1773 πρὸς
2795 1702 2893 1773 τὴν
2921 1703 3145 1774 πέτραν.

2219 1796 2466 1866 Ψαλμὸς
2485 1793 2566 1861 τῷ
2595 1794 2793 1849 Δαϐίδ.
2836 1796 3009 1849 ΨΑΛ.
3034 1797 3215 1849 ΡΛΖ’.

2002 1891 2054 1945 1.
2095 1886 2585 1960 Ἐξομολογήσομαί
2606 1904 2709 1952 σοι,
2738 1885 2926 1958 Κύριε,
2948 1888 3007 1941 ὲν
3030 1887 3128 1961 ὅλῃ
3147 1886 3346 1959 καρδία
3376 1903 3497 1957 μου.

1410 2023 1777 2079 ATHANASH
1817 2023 2373 2080 [NTERPRETATIO

327 2148 378 2204 9.
413 2148 477 2205 Et
512 2152 780 2209 essistens
828 2155 882 2209 in
908 2167 1164 2225 peccato,
1199 2159 1246 2213 si
1286 2160 1489 2216 oblitus
1531 2159 1689 2216 fuero
1716 2161 1820 2225 tui,

1987 2160 2043 2215 9.
2071 2158 2177 2213 Καὶ
2198 2160 2255 2213 ἐν
2276 2160 2520 2232 ἁμαρτίᾳ
2542 2161 2618 2231 (ι)
2642 2159 2716 2215 ὢν
2738 2160 2833 2215 ἐὰν
2849 2161 3087 2217 ὲπιλάθω
3115 2180 3232 2228 σου,
3263 2161 3437 2234 Ἰησοῦ
3465 2164 3501 2233 ἡ

252 2235 381 2293 Jesu
408 2254 512 2309 pax
538 2249 742 2304 nostra.
766 2243 1011 2300 decidam
1035 2247 1106 2301 ab
1133 2248 1339 2303 auxilio
1360 2258 1456 2304 tuo
1479 2268 1493 2304 :
1522 2248 1819 2304 Jerusalem

1993 2255 2108 2325 δήνη
2124 2252 2282 2324 ἡμῶν
2294 2295 2304 2314 ,
2318 2253 2578 2306 ἁποπέσω
2589 2254 2685 2324 τῆς
2703 2253 2958 2324 βοηθείας
2974 2271 3086 2308 σου·
3104 2253 3505 2323 Ἰερουσαλὴμ

253 2330 398 2384 enim
429 2330 815 2402 interpretatur
857 2338 989 2391 visio
1021 2339 1169 2408 pacis
1190 2381 1205 2406 ,
1253 2339 1359 2396 hoc
1384 2350 1467 2397 est
1502 2341 1594 2398 Dei
1627 2340 1831 2400 Filius.

252 2421 517 2491 Apparuit
539 2425 683 2479 enim
716 2429 919 2483 mundo
945 2445 1050 2500 pax
1076 2432 1367 2489 exsistens.

324 2511 416 2567 10.
446 2512 670 2569 Deﬁciat
712 2518 894 2572 anima
940 2535 1056 2573 mea
1098 2537 1348 2591 quaerens
1380 2524 1611 2595 gratiam
1651 2525 1825 2581 sancti

256 2603 516 2675 Spiritus,
544 2616 730 2663 etnon
763 2625 1082 2681 asseqnwns,
1131 2615 1235 2670 nisi
1287 2616 1367 2671 tui
1408 2617 1728 2686 meminero,
1772 2628 1828 2675 et

254 2707 541 2754 convertar
569 2699 636 2754 ad
677 2709 745 2754 te.

330 2788 413 2845 11.
480 2788 779 2847 Jerusalem
850 2795 1238 2865 interpretatur
1315 2800 1537 2869 spiritus
1595 2803 1826 2872 gratim;

254 2881 359 2938 hoc
384 2883 568 2955 igitur,
601 2895 660 2940 nt
685 2902 828 2951 reor,
864 2887 1137 2959 signiﬁcat
1170 2905 1184 2945 :
1216 2891 1319 2946 nisi
1352 2893 1513 2949 rebus
1544 2895 1823 2960 omnibus,

253 2990 376 3045 qua:
407 2977 460 3031 in
496 2980 698 3033 mundo
722 2989 883 3045 sunt,
913 2982 1198 3051 praeferam
1235 2984 1464 3055 gratiam
1495 2988 1671 3043 sancti
1704 2985 1827 3057 Spi-
1851 2962 1897 3019 δ

253 3067 406 3133 ritus,
437 3085 561 3125 cum
592 3072 926 3142 evigilaverit
956 3091 1049 3131 cor
1076 3092 1283 3132 meum.

326 3161 414 3229 l2,
452 3163 537 3218 l3.
572 3162 745 3219 Edam
788 3167 1178 3237 interpretatur
1207 3170 1452 3238 deﬁciens
1478 3210 1493 3234 ,
1526 3172 1705 3242 qualis
1744 3182 1831 3228 est

255 3254 527 3310 diabolus.
564 3254 703 3310 Dicit
731 3258 915 3329 igitur,
940 3275 1152 3314 memor
1183 3262 1349 3315 etiam
1379 3271 1499 3317 esto
1526 3264 1824 3333 exprobra-

255 3345 422 3401 tionis
478 3349 876 3404 contrariarum
932 3363 1260 3422 potestatum
1289 3395 1305 3420 ,
1356 3370 1479 3424 quae
1527 3356 1653 3411 lilia:
1700 3358 1828 3412 mali

258 3446 388 3491 sunt
436 3437 668 3495 dicentis
701 3459 714 3493 :
745 3439 953 3507 Deﬁcit,
1006 3444 1188 3500 deﬁcit
1235 3461 1407 3513 genus
1459 3447 1700 3504 ﬁdelium
1732 3468 1745 3516 ;
1776 3459 1830 3505 et

257 3544 451 3585 rursus
495 3531 548 3585 in
583 3532 773 3589 eodem
806 3550 986 3601 versu,
1040 3539 1095 3591 in
1142 3540 1228 3592 die
1254 3539 1547 3596 Jerusalem
1570 3582 1585 3607 ,
1615 3544 1718 3599 hoc
1747 3554 1830 3598 est

256 3618 312 3671 in
346 3619 743 3680 illuminatione
801 3641 1053 3698 superna:
1113 3630 1356 3686 scientiae
1401 3647 1498 3703 per
1548 3633 1829 3689 lavacrum

256 3714 700 3775 immortalitatis.

330 3893 414 3949 14.
446 3894 641 3951 Infelix
679 3901 892 3967 anima,
940 3916 1059 3971 quae
1097 3901 1206 3957 ﬁlia
1239 3918 1297 3958 es
1330 3903 1689 3963 confusionis.
1722 3903 1830 3958 sci-

257 3982 382 4039 licet
404 3987 612 4055 peccati
642 4006 654 4042 :
682 3988 922 4059 Babylon
958 3991 1102 4045 enim
1139 3992 1526 4061 interpretatur
1565 3993 1827 4062 confusio.

329 4160 417 4215 15.
455 4160 673 4230 Beatus,
698 4162 895 4233 inquit,
918 4173 1020 4229 est,
1039 4165 1134 4234 qui
1162 4166 1309 4219 itam
1340 4175 1652 4220 servantem
1672 4182 1828 4222 snam

1922 2344 2032 2416 γὰρ
2064 2345 2424 2416 ἑρμηνεύεται
2458 2346 2668 2415 ὅρασις
2700 2346 2965 2415 εἰρήνης,
2992 2347 3273 2402 τουτέστιν
3316 2349 3347 2401 ὁ
3376 2346 3504 2411 Υίδς

1922 2436 2016 2489 τοῦ
2039 2436 2191 2489 Θεοῦ.
2241 2435 2488 2507 Ἐωράθη
2527 2438 2636 2509 γὰρ
2664 2436 2742 2508 τῷ
2769 2440 2959 2509 κόσμῳ
2989 2440 3183 2510 εἰρήνη
3216 2438 3501 2509 ὑπάρχων.

1996 2526 2085 2582 10.
2140 2528 2391 2600 Ἐκλείψῃ
2414 2531 2448 2600 ἡ
2480 2529 2624 2602 ψυχή
2650 2548 2750 2601 μου
2801 2530 3040 2604 ζητοῦσα
3080 2531 3179 2603 τὴν
3204 2532 3370 2603 χάριν
3405 2530 3503 2585 τοῦ

1926 2620 2081 2689 ἁγίου
2112 2620 2462 2692 Πνεύματος,
2494 2624 2689 2695 καὶμὴ
2734 2625 3103 2695 τυγχάνουσα,
3149 2624 3248 2679 ἐὰν
3297 2623 3373 2695 μή
3409 2639 3502 2676 σου

1927 2714 2173 2785 μνησθῶ,
2204 2716 2295 2769 καὶ
2314 2716 2636 2788 ἐπιστραφῶ
2669 2717 2805 2788 πρὸς
2842 2717 2921 2771 σέ.

1995 2803 2082 2858 11.
2128 2805 2523 2875 Ἰερουσαλὴμ
2561 2806 2921 2879 ἑρμηνεύεται
2968 2806 3211 2876 πνεῦμα
3237 2805 3315 2876 (2.)
3341 2804 3506 2875 χάρι-

1925 2916 2027 2964 τος
2047 2914 2064 2931 ο
2095 2898 2255 2952 τοῦτο
2283 2896 2374 2953 οὖν
2421 2899 2591 2966 λέγει,
2622 2900 2697 2963 ὡς
2726 2899 2931 2970 νομίζω
2951 2940 2965 2964 ,
3021 2898 3116 2952 ἐάν
3154 2898 3231 2969 μὴ
3288 2900 3506 2952 πάντων

1927 2988 2036 3042 τῶν
2068 2990 2123 3041 ὲν
2169 2989 2247 3060 τῷ
2279 2990 2471 3061 κόσμῳ
2514 2990 2835 3061 προτιμήσω
2864 2989 2961 3060 τὴν
3000 2989 3169 3061 χάριν,
3203 2987 3299 3041 τοῦ
3351 2988 3505 3055 ἁγίου

1928 3076 2266 3148 Πνεύματος,
2302 3080 2360 3132 ὲν
2396 3076 2477 3150 τῷ
2501 3078 2794 3149 ἀνανήφειν
2816 3078 2912 3151 τὴν
2943 3077 3175 3150 καρδίαν
3204 3094 3332 3148 μου.

1999 3167 2213 3232 12,15.
2272 3168 2463 3240 Ἐὃὼμ
2530 3169 2891 3242 ἑρμηνεύεται
2934 3168 3234 3222 ἐκλείπων
3288 3165 3511 3240 [ἐκλεί-

1929 3255 2137 3327 πουσα]
2169 3257 2268 3328 (5),
2318 3259 2457 3329 ὅπερ
2510 3259 2658 3312 ἐστὶν
2690 3255 3007 3320 ὀδιάϐολος.
3051 3256 3342 3327 Μνήσθητι
3392 3249 3506 3321 οὖν,

1928 3350 2096 3418 λέγει,
2152 3352 2245 3403 καὶ
2291 3352 2384 3404 τοῦ
2418 3349 2724 3421 ὀνειδισμοῦ
2772 3348 2879 3403 τῶν
2914 3348 3173 3402 ἐναντίων
3200 3349 3533 3425 δυνάμεωνη

1928 3441 2036 3495 τῶν
2094 3440 2224 3493 υἱῶν
2274 3442 2368 3494 τοῦ
2432 3439 2671 3511 πονηροῦ
2710 3438 2802 3492 τοῦ
2855 3438 3137 3506 λέγοντος·
3210 3438 3504 3500 Ἐκλείπει,

1930 3533 2168 3586 ἐκλείπει
2221 3534 2281 3587 τὸ
2336 3535 2493 3603 γένος
2537 3533 2647 3586 τῶν
2695 3532 2934 3586 πιστῶν·
2975 3533 3071 3586 καὶ
3099 3531 3266 3586 πάλιν
3295 3533 3376 3594 είς
3416 3530 3513 3583 τὸν

1930 3624 2091 3676 αὐτὸν
2130 3623 2344 3695 στίχον·
2386 3624 2506 3693 Τὴν
2533 3624 2763 3693 ἡμέραν
2806 3622 3228 3693 Ἰερουσαλὴμ,
3263 3621 3509 3676 τουτέστι

1928 3713 2020 3767 τὸν
2046 3716 2323 3787 φωτισμὸν
2344 3717 2442 3787 τῆς
2479 3715 2684 3771 ἄνωθεν
2731 3712 2984 3783 γνώσεως
3014 3716 3104 3769 διά
3135 3716 3232 3768 τοῦ
3285 3712 3509 3782 λουτροῦ

1929 3806 2028 3877 τῆς
2054 3805 2374 3871 ἀθανασίας.

2004 3896 2090 3950 ⁵4·
2123 3898 2481 3971 Ταλαίπωρος
2508 3899 2653 3971 ψυχὴ
2679 3902 2710 3970 ἡ
2737 3894 2870 3953 οὖσα
2901 3897 3148 3968 θυγάτηρ
3176 3898 3278 3967 τῆς
3314 3894 3513 3965 συγχύ-

1931 4006 2086 4053 σεως,
2117 3989 2319 4043 ὡσανεὶ
2338 3992 2434 4062 τῆς
2461 3992 2765 4063 ἁμαρτίας·
2804 3989 3094 4045 Βαϐυλὼν
3142 3988 3219 4061 (4)
3258 3989 3370 4062 γὰρ
3416 3989 3510 4060 ἑρ-

1933 4080 2225 4152 μηνεύεται
2248 4082 2570 4152 σύγχυσις.

2003 4173 2089 4226 15.
2127 4173 2431 4245 Μακάριος,
2454 4174 2623 4244 λέγει,
2652 4176 2799 4229 ἐστὶν
2826 4174 2884 4239 ὃς
2912 4172 3088 4236 οὕτως
3111 4172 3513 4227 καταδουλώσει

254 4253 523 4325 redegerit
579 4268 860 4327 peccatum
887 4297 902 4323 ,
955 4257 1414 4327 quemadmodum
1466 4260 1580 4327 ipse
1614 4259 1764 4328 prius
1798 4276 1819 4313 a

1993 4263 2109 4335 ,υτῷ
2143 4264 2239 4336 τὴν
2263 4265 2556 4337 ἁμαρτίαν,
2579 4266 2765 4338 ὥσπερ
2791 4265 2928 4336 αύτὴ
2960 4263 3228 4337 πρότερον
3261 4262 3514 4318 meson.

253 4355 477 4417 peccato
501 4349 557 4404 in
591 4351 906 4407 servitutem
934 4352 1185 4408 redactus
1213 4362 1315 4408 est.
1354 4356 1363 4367 ’

330 4436 415 4490 16.
452 4437 692 4509 Beatus,
746 4443 841 4514 qui
898 4445 1203 4499 carnalium
1257 4444 1826 4515 concupiscentiarum

253 4528 510 4589 dominus
540 4534 765 4593 eﬁ‘ectus
820 4538 1138 4593 contriverit
1178 4554 1271 4592 eas
1320 4538 1388 4593 ad
1440 4547 1671 4609 petram,
1728 4538 1828 4591 hoc

254 4630 340 4674 est
360 4620 660 4681 Christum.
698 4626 863 4685 Petra
894 4638 1077 4686 autem
1118 4642 1232 4685 erat
1266 4629 1534 4694 Christus,
1564 4630 1828 4701 quemad-

254 4713 477 4770 modum
513 4718 643 4774 dicit
672 4723 967 4791 Apostolus
996 4726 1064 4777 θ’.

1931 4353 2099 4408 λωσεν
2131 4356 2294 4410 αὐτόν

2003 4446 2088 4499 16.
2131 4448 2416 4519 Μακάριος
2453 4449 2531 4512 ὃς,
2564 4448 2858 4522 κυριεύσας
2883 4449 2993 4501 τῶν
3025 4447 3308 4519 σαρκικῶν
3331 4444 3521 4500 ἐπιθυ-

1935 4536 2093 4606 μιῶν,
2131 4539 2411 4610 συντρίψει
2452 4540 2527 4609 (5)
2560 4539 2731 4604 αύτὰς
2774 4540 2909 4611 πρὸς
2937 4539 3038 4609 τὴν
3086 4539 3319 4609 πέτραν,
3361 4552 3520 4590 τουτ-

1930 4631 2047 4684 έστι
2068 4630 2159 4685 τὸν
2181 4633 2418 4696 Χριστόν
2435 4648 2449 4662 ·
2486 4635 2525 4703 ἡ
2551 4634 2661 4705 γὰρ
2686 4634 2874 4705 πέτρα
2904 4631 2983 4704 ἦν
3014 4637 3047 4687 ὀ
3084 4633 3349 4703 Χριστὸς
3373 4673 3387 4698 ,
3414 4648 3523 4684 κα-

1932 4723 2039 4788 θὼς
2057 4724 2204 4794 λέγει
2228 4728 2256 4779 ὁ
2294 4726 2636 4791 ’Δπόστολος.

275 4810 332 4881 6)
361 4813 664 4883 Explicatio
707 4813 849 4870 tituli
885 4816 1041 4886 hujus
1080 4817 1272 4887 psalmi
1307 4817 1449 4871 deest
1488 4819 1542 4871 in
1580 4818 1758 4871 codice
1806 4816 2115 4881 Barberino,
2150 4817 2379 4886 forsitan
2414 4821 2541 4890 quia
2584 4819 2767 4874 eadem
2805 4827 2882 4873 est
2933 4825 3092 4889 atque
3132 4816 3523 4882 antecedentis,

912 4913 1148 4966 videlicet
1179 4929 1196 4967 :
1226 4911 1474 4967 Psalmus
1508 4911 1697 4979 David,
1729 4913 1827 4967 hoc
1864 4924 1942 4968 est
1972 4929 2136 4969 manu
2166 4914 2317 4982 forti,
2355 4930 2536 4985 nempe
2568 4914 2665 4968 Dei
2702 4913 2865 4968 Filio.

330 5004 380 5060 1.
409 5004 649 5077 Populus
668 5021 883 5076 eorum,
908 5008 1003 5078 qui
1027 5009 1312 5063 illuminati
1340 5017 1468 5064 sunt
1498 5009 1663 5064 dicit:
1691 5009 1827 5063 Tra-

253 5093 365 5148 didi
400 5111 486 5151 me
512 5097 689 5166 ipsum
721 5097 840 5155 tibi.

323 5209 413 5264 "l
447 5211 573 5267 Cor.
601 5230 659 5277 ι,
698 5220 765 5274 ι.

2006 5011 2057 5064 1.
2107 5010 2166 5064 '0
2193 5011 2319 5075 λαὸς
2348 5011 2456 5066 τῶν
2483 5009 2867 5081 φωτιζομένων
2889 5008 3070 5077 λέγει’
3108 5007 3415 5063 Ἐκδέδωκά
3430 4989 3525 5061 σοι

1933 5104 2189 5175 ἐμαυτόν.

1213 5332 1520 5393 Addenda
1553 5338 1613 5392 et
1647 5332 2024 5409 corrigenda
2056 5350 2135 5392 ex
2175 5332 2317 5393 cod.
2350 5330 2550 5392 Vatic.

332 5466 412 5609 νζ
443 5466 760 5551 ’Ᾱμαρτίαις
795 5470 891 5553 ὢν,
928 5473 1024 5557 ἐάν
1052 5472 1396 5542 ἐπιλάθωμαι
1435 5490 1549 5556 σοου,
1581 5481 1684 5527 etc.

354 5537 390 5591 2
447 5537 675 5609 Πνευμα
708 5543 873 5595 αὐτου
922 5558 1182 5609 χαριτος,
1229 5553 1333 5598 etc.
1367 5543 1684 5609 Πνευματὸς

354 5537 412 5593 2i
447 5537 675 5612 Πνεῦμα
708 5542 873 5595 αὐτοῦ
922 5542 1182 5613 χάριτος,
1229 5537 1333 5598 etc.
1367 5542 1685 5612 Πνεύματὸς
1734 5560 1828 5596 σου

255 5618 405 5757 eu:(15)
434 5686 733 5757 Ἐκλεῖπον,
756 5694 859 5757 etc.
876 5682 1284 5757 Tchieydwwv
1304 5700 1316 5713 °
1360 5682 1638 5753 Ἐκλείπῃ,
1668 5681 1831 5735 ἔκλεε.

256 5763 365 5827 πῃ,
390 5753 494 5813 etc.
524 5756 633 5827 Τῆς
663 5753 865 5809 ἄνωθεν
890 5755 1175 5820 γενέσεως,
1209 5763 1310 5806 etc.

2010 5471 2087 5537 (ιι)
2119 5470 2453 5533 Βαϐυλῶνος.

2012 5540 2088 5613 (ᾗ)
2118 5541 2230 5613 Καὶ
2258 5540 2569 5613 συντρίψεις
2596 5539 2785 5604 αὑτάς,
2813 5547 2916 5613 etc.

2010 5606 2093 5682 (6)
2122 5612 2184 5663 Ἡ
2210 5606 2546 5682 προκείμένη
2566 5609 2841 5682 ἐπιγραφὴ
2866 5610 2899 5680 ἡ
2925 5607 3013 5682 διέ
3027 5607 3129 5682 τῆς
3150 5606 3384 5682 rem“

1939 5676 2185 5753 περιέχει
2210 5696 2225 5709 ·
2245 5676 2743 5753 Ϊῴῌιξαδὶξητοιῖΐ
2778 5676 2922 5735 ἔστιν
2947 5676 3024 5747 τῷ
3046 5676 3221 5749 ἱκανῷ
3252 5680 3318 5750 τῇ
3348 5683 3533 5750 χειρεο

1941 5748 2178 5820 λέγωδὴ
2202 5749 2279 5820 τῷ
2310 5748 2422 5821 mp
2453 5748 2547 5803 τοῦ
2576 5748 2711 5803 Θεοῦ
