3740 6294
261 253 404 311 ηπ
1106 258 1192 312 DE
1217 259 1507 345 ITlTULlS
1545 261 1989 320 PSALMORUM.
2022 294 2076 306 —-
2118 263 2312 320 PSAL.
2354 262 2664 319 CXXXVII.
3361 264 3494 320 1278

325 371 382 426 2.
411 369 519 425 Καὶ
542 373 782 426 ἐναντίον
809 371 1055 442 ἀγγέλων
1086 373 1242 444 ψαλῶ
1265 393 1344 429 σοι
1368 395 1380 408 ’

1874 385 1901 441 1
2002 381 2059 436 2.
2093 379 2161 437 Et
2190 382 2244 434 in
2284 392 2578 450 conspectu
2615 380 2930 450 angelorum
2957 379 3184 450 psallam
3213 381 3308 435 tibi.
3344 425 3351 436 .

326 462 383 518 3.
419 462 540 517 ὀτι
573 463 811 534 ἤκουσας
854 465 1032 520 πάντα
1061 466 1132 520 τὰ
1159 468 1378 539 ῥήματα
1415 470 1507 523 τοῦ
1563 472 1803 541 στόματός

1803 489 1827 536 ς
2001 473 2053 528 5.
2092 472 2360 540 Quoniam
2389 472 2588 527 audisti
2614 472 2796 526 omnia
2826 472 2986 526 verba
3014 472 3126 527 oris
3155 473 3280 526 mei.

255 570 384 626 μου.

327 643 382 700 ι.
417 644 788 718 Προσκυνήσω
812 647 950 721 πρὸς
985 649 1109 702 ναὸν
1136 651 1289 719 ἅγιόν
1316 669 1408 704 σου
1425 669 1438 681 ’

2006 656 2053 710 4.
2089 655 2342 709 Adorabo
2370 653 2436 707 ad
2467 652 2720 722 templum
2752 659 2998 706 sanctum
3033 659 3219 705 tuum:

328 736 380 793 5.
417 738 527 791 Kal
558 737 1020 812 ὲξομολογήσομαι
1047 743 1121 814 τῷ
1144 744 1365 815 ὀνόματί
1390 761 1482 797 σου
1505 785 1520 810 ,

1390 761 1482 797 σου
1505 785 1520 810 ,
2004 741 2057 796 5.
2090 739 2156 794 Et
2183 741 2477 795 confitebor
2513 739 2721 794 nomini
2749 748 2862 806 tuo,

328 828 381 884 6.
431 830 553 884 Ἐπὶ
581 831 659 903 τῷ
692 832 830 886 ἐλέει
860 851 953 887 σου
979 835 1073 888 καὶ
1107 839 1169 907 τῇ
1212 835 1438 908 ἀληθείᾳ
1468 853 1561 889 σου
1582 853 1597 867 ’

2001 833 2054 887 6.
2094 831 2268 903 Super
2292 831 2662 887 misericordia
2695 842 2806 898 tua,
2834 839 2887 886 et
2912 831 3134 887 veritate
3158 839 3246 885 tua
3271 849 3283 884 :

327 921 380 976 Ἰ.
412 920 536 977 Ὅτι
565 923 902 996 ἐμεγάλυνας
931 926 1023 980 ἐπὶ
1052 928 1159 981 πᾶν
1195 925 1446 1000 [πάντας]
1489 929 1550 982 τὸ
1570 929 1737 1000 ὄνομα
1768 929 1804 984 τί

2016 926 2052 982 l.
2077 924 2344 992 Quoniam
2373 923 2732 993 magniﬁcasti
2761 937 2925 993 super
2950 938 3110 977 omne
3133 920 3368 996 [omnes]
3394 937 3493 978 no-

251 1015 421 1084 ἆγιόν
442 1032 556 1070 σου.

1927 1036 2049 1076 men
2075 1027 2322 1075 sanctum
2355 1027 2530 1073 tuum.

325 1110 380 1164 8.
427 1107 515 1161 Ἐν
634 1107 701 1162 ἂν
734 1110 916 1182 ἡμέρᾳ
948 1112 1340 1185 ὲπικαλέσομαί
1397 1131 1454 1166 σε
1479 1154 1492 1178 ,
1524 1113 1661 1186 ταχὺ
1726 1114 1802 1168 ὲπι

2016 1114 2049 1167 i.
2074 1111 2130 1166 In
2161 1126 2486 1182 quacunque
2506 1111 2594 1167 die
2619 1113 2941 1170 invocavero
2960 1120 3032 1178 te,
3059 1111 3314 1167 velociter
3334 1125 3493 1164 exau-

248 1199 486 1253 άκουσόν
507 1218 629 1272 μου·

1926 1208 1980 1263 di
2009 1223 2092 1263 me
2117 1225 2129 1259 :

321 1292 377 1348 9.
410 1293 788 1368 Πολυωρήσεις
822 1317 889 1370 με
921 1302 978 1353 ὲν
1001 1301 1142 1373 ψυχῇ
1188 1319 1288 1373 μου
1316 1303 1540 1374 δυνάμει
1569 1320 1682 1356 σου.

2003 1302 2056 1353 9.
2087 1298 2470 1368 Multiplicabis
2496 1317 2582 1355 me
2618 1301 2671 1354 in
2702 1302 2883 1355 anima
2916 1314 3035 1354 mea
3061 1299 3258 1353 virtute
3291 1308 3394 1351 tua.

323 1384 412 1440 10.
462 1387 1076 1461 Ἐξομολογησάσθωσάν
1132 1411 1214 1448 σοι
1242 1433 1256 1460 ,
1301 1395 1472 1466 Κύριε
1497 1435 1512 1460 ,
1547 1397 1746 1459 πάντες
1778 1414 1800 1449 ο

2014 1391 2089 1445 10.
2127 1391 2498 1447 Conﬁteantur
2535 1395 2652 1460 tibi,
2680 1393 2908 1448 Domine
2930 1434 2944 1458 ,
2977 1406 3164 1447 omnes
3201 1406 3352 1459 reges
3382 1399 3491 1444 ter~

247 1477 495 1548 βασιλεῖς
522 1483 622 1552 τῆς
653 1486 756 1555 γῆς
775 1501 788 1514 ο

561 1483 622 1552 ῆς
653 1486 788 1555 γῆς’
1928 1501 2038 1541 rae:

323 1569 412 1624 11.
446 1568 571 1626 Ὀτι
601 1572 840 1642 ἥκουσαν
874 1576 1052 1630 πάντα
1077 1576 1148 1635 τὰ
1177 1578 1396 1649 ῥήματα
1434 1576 1526 1631 τοῦ
1564 1579 1800 1647 στόματά

1772 1579 1828 1642 ός
2005 1576 2094 1632 il.
2130 1575 2268 1642 Quia
2298 1577 2585 1632 audierunt
2613 1577 2794 1632 omnia
2827 1578 2991 1632 verba
3018 1579 3128 1632 oris
3157 1577 3249 1632 tui.

245 1677 349 1715 σου

321 1748 408 1839 12.
445 1750 550 1802 Καὶ
580 1751 867 1821 ᾴσάτωσαν
903 1756 959 1808 ἐν
985 1759 1102 1820 ταῖς
1131 1758 1269 1823 ὁδοῖς
1291 1759 1496 1839 κυρίου
1523 1759 1681 1832 [ὁδοῖς
1705 1776 1796 1814 σου

2009 1760 2087 1816 I2.
2114 1759 2181 1816 Et
2209 1769 2426 1815 cantent
2443 1761 2498 1814 in
2524 1759 2628 1814 viis
2646 1758 2862 1814 Domini
2890 1756 3019 1829 [viis
3046 1759 3174 1820 tuis,
3199 1753 3445 1830 Domine]
3472 1775 3486 1810 .-

245 1838 448 1911 Κύριε]
469 1858 482 1869 ·

318 1932 409 1986 13.
444 1934 562 1987 Ὅτι
597 1937 804 2007 μεγάλη
831 1938 861 2008 ἡ
890 1937 1014 2002 δόξα
1036 1940 1261 2011 Κυρίου.

1881 2001 1886 2004 _
2001 1939 2086 1992 15.
2124 1937 2392 2004 Quoniam
2425 1951 2616 2008 magna
2643 1943 2728 1991 est
2754 1934 2925 2006 gloria
2948 1931 3178 1986 Domini.

317 2023 408 2077 14.
437 2024 560 2078 Ὅτι
589 2025 790 2097 ὑψηλὸς
814 2029 1038 2100 Κύριος,
1069 2031 1162 2083 καὶ
1193 2030 1263 2084 τὰ
1292 2031 1518 2086 ταπεινά
1544 2033 1745 2104 ἐφορᾷο

2008 2030 2085 2084 14.
2105 2028 2372 2094 Quoniam
2388 2028 2638 2083 excelsus
2653 2026 2934 2091 Dominus,
2949 2033 3002 2079 et
3015 2022 3236 2078 humilia
3249 2020 3485 2092 respicit:

316 2115 406 2171 15.
440 2116 552 2170 Kal
579 2117 650 2172 τὰ
675 2119 855 2192 ὑψηλὰ
892 2121 1000 2176 ἀπὸ
1035 2123 1308 2196 μακρόθεν
1335 2123 1610 2193 γινώσκει.

2000 2122 2088 2176 15.
2120 2121 2186 2175 Et
2219 2122 2324 2176 alta
2364 2137 2394 2175 a
2426 2122 2584 2191 longe
2623 2119 2914 2191 COgnoscit.
3337 2119 3345 2122 ’

1371 2293 1747 2349 ATHANASH
1785 2293 2373 2350 INTERPRETATIO.

311 2445 368 2500 2.
400 2444 506 2501 Kal
547 2448 640 2503 ἐπὶ
670 2447 780 2502 τῶν
827 2448 997 2517 ἁγίων
1030 2449 1276 2519 ἀγγέλων
1304 2450 1411 2506 τῶν
1457 2450 1788 2524 παρεστώτω

2011 2451 2037 2504 l.
2075 2447 2138 2502 cit
2191 2449 2330 2501 inter
2381 2455 2603 2502 sanctos
2656 2461 2876 2516 angelos
2929 2456 3169 2502 astantes
3218 2445 3325 2500 luci
3385 2454 3488 2500 tute

235 2537 318 2609 τῷ
351 2540 662 2612 φωτίσματί
687 2559 779 2596 σου
807 2542 1101 2614 ἀνυμνήσω
1131 2561 1212 2597 σε.

859 2560 904 2594 δυ
913 2544 1101 2614 μνήσω
1131 2561 1212 2597 σε.
1918 2540 2232 2611 gloriﬁnabo
2268 2549 2336 2593 te.

313 2630 368 2683 5.
400 2629 522 2683 Ὅτι
553 2631 859 2702 προσεδέξω
875 2632 971 2703 τὴν
993 2632 1376 2705 ἐξομολόγησιν
1396 2651 1524 2704 μου,
1551 2633 1645 2688 καὶ
1669 2634 1790 2703 ὴξία

2010 2633 2047 2687 5.
2087 2629 2356 2697 Quoniam
2392 2631 2648 2701 accepisti
2680 2630 3077 2686 confessionem
3107 2647 3301 2696 meam,
3324 2643 3376 2685 et
3402 2629 3487 2686 di-

238 2719 341 2782 σάς
373 2736 441 2789 με
478 2720 575 2791 τῆς
607 2721 825 2792 χάριτός
851 2739 965 2776 σου.

1917 2733 2118 2798 gnatus
2144 2739 2203 2778 es
2236 2739 2324 2779 me
2351 2725 2526 2795 gratia
2554 2736 2667 2777 tua.

313 2821 367 2865 4.
400 2812 670 2866 Εἰσελθὼν
696 2816 754 2867 ὲν
781 2813 859 2884 τῷ
893 2814 965 2884 (1)
1001 2814 1140 2886 ἁγίῳ
1169 2817 1284 2886 ναῷ
1329 2833 1423 2870 σου
1460 2815 1790 2887 προσκυνήσι

2012 2815 2048 2870 ι.
2082 2817 2394 2888 Ingrediens
2422 2816 2474 2870 in
2505 2817 2761 2886 templum
2791 2825 3036 2872 sanctum
3072 2824 3221 2870 tuum
3257 2815 3489 2869 adorabo

237 2919 346 2966 σοι,
380 2903 519 2974 μετὰ
544 2905 604 2958 τὸ
641 2905 975 2976 φωτισθῆναί
1005 2923 1093 2977 με.

1859 2903 1891 2908 ’ί
1924 2916 1997 2974 te,
2035 2918 2321 2980 postquam
2352 2910 2691 2964 illuminatus
2720 2909 2895 2964 fuero.

311 2997 364 3051 5.
399 2998 508 3051 Kal
539 2998 920 3070 ὲξομολογήσω
959 2998 1034 3069 (‘2)
1068 2997 1303 3068 ἐμαυτὸν
1347 2999 1707 3053 δεδουλῶσθαι
1740 2996 1788 3049 τε

2013 2997 2043 3054 ἱ.
2078 2995 2148 3052 Et
2176 2998 2477 3054 conﬁtebor
2500 3041 2514 3064 ,
2539 3015 2625 3053 me
2657 3000 2833 3070 ipsum
2864 3015 3079 3054 servum
3114 3013 3234 3053 esse
3258 2998 3490 3051 nominis

233 3089 468 3159 ὀνόματί
496 3105 589 3142 σου
610 3128 626 3153 ,
654 3112 659 3118 ·

559 3108 659 3153 υν’
1920 3091 2033 3154 tui,

312 3181 366 3236 6.
391 3181 488 3234 Διὰ
507 3181 567 3235 τὸ
591 3180 740 3244 £156;
763 3199 878 3245 σου,
904 3183 998 3235 καὶ
1019 3183 1116 3253 τὴν
1136 3183 1391 3256 ἀλήθειάν
1416 3200 1529 3247 σου,
1551 3182 1616 3252 ἢν
1641 3180 1789 3250 ὲποίη

2011 3183 2044 3238 i.
2090 3181 2322 3254 Propter
2383 3182 2817 3236 misericordiam
2866 3191 3012 3233 tuam
3043 3217 3057 3243 ,
3116 3185 3169 3230 et
3211 3173 3488 3227 veritatem

240 3289 344 3336 σας
373 3275 455 3337 είς
489 3274 604 3345 ἐμέ.

1918 3281 2070 3331 tuam
2095 3318 2112 3342 ,
2148 3292 2311 3346 quam
2344 3275 2517 3330 iecisti
2551 3277 2602 3328 in
2636 3291 2740 3330 me.

315 3362 368 3416 7.
392 3362 518 3418 Ὀτι
539 3363 634 3416 καὶ
657 3365 748 3416 ἐπὶ
775 3364 850 3433 (5)
874 3365 1078 3428 πάντας
1105 3363 1415 3430 δεδόξασται
1439 3363 1498 3416 τὸ
1513 3363 1683 3416 ὃνοιιά
1700 3380 1792 3416 σου

2014 3364 2039 3417 ν.
2074 3362 2345 3428 Quoniam
2382 3374 2438 3418 et
2467 3379 2630 3432 super
2676 3378 2866 3417 omnes
2897 3359 3254 3431 gloriﬁcatum
3284 3366 3367 3410 est
3395 3371 3491 3408 no-

1923 3471 2046 3512 men
2079 3465 2252 3509 ιιιιιῐιι.

312 3535 367 3591 8.
383 3536 501 3606 Ἀφ’
518 3529 577 3590 οὗ
602 3534 840 3605 ἠξίωσας
869 3553 934 3606 με
958 3537 1058 3606 τῆς
1079 3537 1368 3601 υἱοθεσίας,
1403 3537 1560 3608 μόνον
1583 3536 1690 3607 βοῶ
1705 3537 1780 3609 (4)

2012 3546 2046 3600 ζ.
2079 3544 2157 3600 Ex
2191 3561 2300 3616 quo
2330 3545 2584 3615 dignatus
2619 3557 2678 3597 es
2714 3555 2802 3595 me
2831 3539 3122 3607 adoptione
3147 3577 3162 3601 ,
3224 3539 3314 3591 vix
3361 3537 3489 3592 dum

235 3627 431 3696 Πάτερ
456 3625 645 3698 ἡμῶν,
670 3630 701 3682 ὀ
715 3628 786 3680 ἐν
807 3627 932 3692 τοῖς
953 3628 1250 3697 οὐρανοῖς,
1272 3628 1431 3692 εὐθὺς
1451 3627 1667 3692 ἀκούεις
1694 3648 1712 3699 ι

2013 3653 2095 3693 mo
2130 3657 2142 3691 :
2177 3637 2341 3691 Pater
2370 3648 2567 3702 noster,
2605 3636 2695 3706 qui
2732 3650 2784 3688 es
2827 3635 2883 3687 in
2914 3632 3090 3686 caelis'
3117 3672 3142 3704 ,γ
3177 3631 3358 3685 statim
3405 3646 3490 3684 me

1919 3730 2166 3786 exaudis.

303 3806 360 3861 9.
392 3807 486 3871 Εἰς
513 3807 582 3860 τὰ
617 3808 724 3880 ὕψη
761 3809 988 3862 ὲντολίον
1022 3827 1114 3864 σου
1144 3809 1442 3879 ἀναγάγεις
1469 3809 1546 3881 (5)
1577 3812 1676 3883 τὴν
1714 3810 1780 3880 eu

2012 3821 2044 3872 ι.
2099 3817 2156 3872 In
2193 3815 2506 3871 altitudines
2539 3819 2930 3882 praeceptorum
2985 3819 3205 3864 tuorum
3256 3808 3489 3864 deduces

235 3901 341 3972 χήν
367 3917 467 3971 μου
501 3903 568 3972 τῇ
603 3901 827 3973 δυνάμει
861 3919 974 3957 σου.

1928 3911 2168 3966 animam
2204 3923 2377 3963 meam
2407 3907 2607 3960 virtute
2639 3913 2748 3958 tua.

315 3992 401 4047 10.
429 3991 719 4057 Δοξάσουσι
755 4011 824 4064 με
855 3995 1055 4059 πάντες
1085 3997 1134 4048 οἱ
1169 3995 1593 4059 πεπιστευκότες
1626 3996 1706 4059 εἰς
1735 3995 1792 4049 σέ

2008 4003 2081 4059 10.
2111 3999 2505 4056 Gloriticabunt
2535 4007 2588 4052 te
2616 4010 2826 4060 omnes,
2856 3995 2949 4064 qui
2977 3994 3028 4047 in
3055 4001 3104 4047 te
3124 3991 3485 4047 crediderunt.

312 4086 398 4140 ﬂ.
433 4085 558 4140 Ὅτι
583 4086 850 4154 ἐδέξαντο,
887 4087 980 4140 καὶ
1003 4088 1325 4158 ὲπλήρωσας
1356 4087 1432 4159 (6)
1467 4088 1609 4159 ἅπερ
1638 4089 1789 4142 αὐτοῖ

2011 4094 2082 4148 ll.
2111 4091 2250 4160 Quia
2281 4096 2641 4160 acceperunt,
2673 4097 2724 4144 ct
2758 4086 3075 4157 implevisti,
3114 4101 3232 4152 quae
3257 4084 3362 4137 illis
3393 4083 3488 4135 de-

235 4175 578 4246 ἀπηγγείλω.

1848 4199 1895 4255 D
1919 4187 2202 4242 nuntiasti.

312 4268 398 4322 12.
428 4269 539 4325 Καὶ
570 4271 628 4323 εν
649 4269 963 4339 ἀγαλλιάσει
996 4269 1222 4340 καρδίας
1243 4271 1609 4340 ἀνυμνήσουσί
1635 4270 1711 4340 (7)
1737 4288 1789 4324 σε

2013 4279 2081 4332 2.
2117 4277 2185 4331 Et
2214 4277 2270 4330 in
2317 4275 2679 4331 exsultatione
2712 4270 2894 4326 cordis
2939 4268 3238 4323 laudabunt
3267 4276 3315 4320 te
3337 4304 3352 4330 ,
3383 4264 3490 4318 Do-

235 4359 432 4432 Κύριε.

1915 4370 2078 4424 mine.

313 4455 400 4510 15.
429 4453 554 4509 Ὅτι
579 4454 942 4524 ἀνεκλάλητός
965 4452 1039 4524 (8)
1071 4454 1217 4504 ἐστιν
1244 4453 1279 4524 ἡ
1316 4451 1693 4523 φιλανθρωπία
1720 4450 1790 4502 τοὶ

1812 4475 1814 4492 ’
1985 4461 2072 4515 15.
2112 4457 2383 4527 Quoniam
2413 4457 2703 4514 ineffabilia
2735 4463 2817 4511 est
2844 4453 3148 4525 benignitas
3175 4451 3289 4507 Dei.

233 4547 396 4602 Θεοῦ.

311 4641 398 4696 14.
428 4640 551 4696 Ὅτι
577 4641 850 4705 τοσοῦτος,
896 4641 988 4694 καὶ
1016 4638 1333 4711 τηλικοῦτος
1360 4636 1434 4690 ὢν
1454 4679 1470 4703 ,
1505 4637 1598 4690 καὶ
1627 4652 1788 4689 κατοι¹

2017 4642 2069 4695 4.
2095 4640 2358 4710 Quoniam
2389 4643 2531 4706 talis,
2561 4651 2617 4698 et
2643 4651 2824 4697 tantus
2853 4639 3143 4700 exsistens,
3174 4645 3228 4692 et
3255 4637 3308 4691 in
3334 4635 3485 4690 ccelis

231 4735 348 4790 κῶν
373 4737 431 4790 ὲν
459 4738 573 4800 τοῖς
603 4737 851 4807 οὐρανοῖς
870 4774 884 4798 ,
917 4734 1174 4807 πρόνοιαν
1204 4732 1426 4804 ποιῆσαι
1455 4731 1529 4802 (9)
1558 4732 1708 4802 ἁμαρ

2008 4737 2200 4803 litans,
2231 4751 2416 4792 curam
2451 4736 2594 4808 geris
2624 4735 2690 4789 de
2736 4730 3109 4804 peccatoribus
3133 4770 3147 4795 ,
3191 4744 3256 4784 ac
3289 4727 3485 4781 vilibus

229 4829 362 4893 λῶν,
397 4829 490 4882 κα).
517 4827 787 4882 ταπεινῶν
826 4826 1151 4898 ἀνθρώπων,
1183 4826 1465 4881 τουτέστιν
1496 4824 1691 4896 ﬁgi-3v;

1252 4826 1465 4880 υτέστιν
1496 4824 1691 4896 ﬁni-3v;
1729 4829 1809 4870 fw
1912 4829 2260 4893 hominibus,
2299 4829 2401 4883 hoc
2441 4837 2525 4883 est
2557 4828 2729 4882 nobis.

311 4922 396 4976 15.
415 4923 525 4976 Καὶ
547 4922 672 4985 τοὺς
697 4921 884 4989 ἁγίους
903 4920 1011 4990 (10)
1035 4919 1142 4974 ἀπὸ
1171 4917 1586 4992 προκαταδολῆς
1608 4917 1788 4987 κόσμοι

2010 4922 2077 4976 η5.
2109 4922 2174 4976 Et
2211 4931 2430 4977 sanctos
2466 4937 2495 4975 a
2544 4921 2934 4977 constitutione
2968 4914 3155 4970 mundi
3192 4910 3487 4982 praescivit,

235 5015 509 5086 προέγνω,
550 5014 644 5067 καὶ
679 5011 1004 5084 προώρισεν.

941 5030 1004 5066 εν.
1914 5021 1966 5069 et
1996 5015 2418 5080 praedestinavit.

310 5161 324 5192 ⁸
362 5155 551 5211 Matth.
588 5171 661 5218 vr,
695 5151 746 5205 9.

1185 5261 1500 5323 Addenda
1529 5270 1594 5324 et
1622 5263 1994 5341 corrigenda
2030 5281 2108 5325 ex
2138 5269 2274 5328 cod.
2310 5267 2511 5327 Vatic.

529 5417 606 5492 τῷ
635 5415 748 5487 ναῷ
773 5432 864 5470 σου
885 5412 963 5485 τῷ
985 5413 1146 5484 ἀίίῳν
1179 5423 1286 5468 εῑο·
2092 5417 2621 5492 γἘπλήριοσανμᾶπερ
2648 5417 2832 5478 αὐτοῖς
2861 5413 3126 5470 ἐνετειλω.

303 5487 381 5562 (2)
412 5487 790 5562 λ’ρμολογὴσω.
954 5557 967 5562 _
1019 5556 1029 5562 _
1111 5555 1133 5562 _
1171 5554 1252 5562 μὴ
1981 5489 2058 5562 (Ἰ)
2090 5487 2464 5562 Ἀνυμνήσωσί
2491 5504 2570 5548 σε,
2593 5487 2708 5540 etc.

305 5554 382 5632 (ὅ)
411 5554 536 5632 Έίεὶ
565 5554 691 5621 τοδέ
720 5556 1079 5632 ᾴμαρτωλρὺς
1107 5554 1436 5621 δεδόξασται,
1456 5563 1561 5632 e_tc.
1658 5625 1668 5632 _
1983 5554 2058 5632 (8)
2086 5554 2632 5632 Ἀνέὲλειπτοςηειρη
2653 5555 2748 5611 τοῦ
2772 5555 3003 5626 Κυρίου.

418 5631 610 5699 Βοήσω
644 5624 779 5699 πρὸξ
815 5624 872 5681 είέ
892 5645 905 5658 °
936 5626 1118 5698 Πάτερ
1151 5643 1274 5697 μου,
1309 5633 1436 5690 elc.,
1470 5624 1700 5679 ἄκουσόν
1721 5643 1786 5695 με
1980 5624 2056 5700 (9)
2080 5629 2339 5693 Καταξιοῖ
2368 5627 2671 5700 ποιεῖσθαι.-
2694 5640 2801 5681 etc.

309 5695 384 5776 (5)
419 5695 706 5767 Ἀνόιγαγε.
1088 5695 1097 5698 ⁷
1154 5695 1160 5697 ⁷
1983 5695 2093 5771 (10)
2132 5701 2344 5769 Ἀγίους
2376 5698 2539 5755 αὑτοῦ
2571 5697 2693 5769 πρό,
2729 5707 2832 5752 etc.
