3702 6392
298 296 439 355 ιετθ
1134 294 1197 354 ε.
1232 292 1606 351 ATHANASI‘I
1641 295 1760 351 0P!

2060 293 2149 350 lil.
2189 323 2262 336 ——
2300 289 2710 348 EXEGETICA.
3408 279 3522 338 ηερ

366 412 454 469 16.
487 413 545 469 Si
576 413 926 469 ambulavero
968 413 1020 468 in
1049 413 1227 468 medio
1259 412 1626 468 tribulationis
1646 453 1662 479 ,
1690 409 1828 466 viviﬂ

2054 409 2128 464 l6.
2167 407 2291 463 Ἐἀν
2319 402 2570 478 πορευθῶ
2604 403 2661 455 ἔν
2685 397 2833 471 μέσῳ
2855 395 3104 465 θλίψεως.
3130 394 3317 463 ζήσεις
3340 407 3403 460 με
3424 390 3516 458 Κή-

292 506 443 562 cabis
470 522 596 562 me:

1973 517 2071 571 σῃς
2095 496 2207 570 με]-

366 597 451 650 17.
482 595 655 667 Super
704 595 841 650 iram
891 592 1241 648 inimicorum
1279 607 1526 648 meorum
1576 593 1824 650 extendis

2059 591 2130 643 l7.
2177 589 2295 643 Ἐπ’
2346 585 2514 657 ὀργὴν
2548 583 2758 653 ἐχθρῶν
2812 598 2912 650 μου
2944 579 3214 645 ἐξέτεινας
3240 575 3422 646 χεῖράς
3448 591 3521 628 σου

290 704 490 744 manus
520 695 641 742 tuas
674 685 920 758 [manum
957 681 1132 754 tuam]
1162 702 1176 738 :
1972 677 2152 750 [χεῖρά
2185 676 2322 748 acu].

361 779 450 834 18.
486 778 552 833 Et
578 778 787 833 salvum
815 793 902 832 me
923 776 1052 834 fecit
1074 778 1296 833 dextera
1330 787 1445 834 tua.

2041 767 2128 821 18.
2161 767 2272 820 Καὶ
2302 766 2472 819 ἔσωσέ
2510 780 2576 835 με
2611 758 2816 834 ἡδεξιά
2840 775 2956 812 σου.

362 869 449 925 19.
485 869 748 925 Dominus
776 870 1040 926 retribuet
1065 884 1164 938 pro
1197 886 1282 925 me
1311 887 1326 926 :

2043 859 2128 914 19.
2160 858 2364 931 Κύριος
2394 855 2764 911 ἀνταποδώσει
2789 852 2923 925 ὑπὲρ
2951 849 3107 922 ἐμοῦ.

355 961 447 1016 20.
473 961 722 1030 Domine,
750 963 1124 1020 misericordia
1155 973 1247 1019 tua
1273 964 1328 1018 in
1371 962 1653 1020 saecula.

2038 951 2130 1006 ΞΟ.
2163 949 2358 1020 Κύριε,
2383 947 2444 1001 τὸ
2467 946 2614 1010 ἔλεός
2647 963 2741 998 σου
2781 945 2860 1007 εἰς
2885 943 2974 996 τὸν
3005 940 3178 994 αἰῶνα
3198 957 3209 968 ·

355 1052 444 1108 21.
475 1051 650 1124 Opera
682 1071 942 1110 manuum
985 1065 1200 1112 tuarum
1233 1072 1298 1112 ne
1335 1056 1629 1127 despicias.

2037 1040 2130 1097 21.
2160 1041 2241 1095 Τὰ
2268 1041 2403 1113 ἔργα
2431 1039 2539 1092 τῶν
2566 1035 2766 1109 χειρῶν
2808 1052 2900 1127 σου
2931 1033 3005 1105 μὴ
3032 1033 3280 1127 παρίδῃςΣ

356 1142 424 1200 1η
461 1145 656 1212 ﬁnem:
676 1145 920 1204 Psalmus
951 1148 1142 1205 David.
1170 1148 1375 1204 PSAL.
1407 1123 1611 1205 έΧΧΧ
1629 1143 1797 1207 VIII.

2175 1135 2279 1199 Εἰς
2309 1132 2374 1186 τὸ
2408 1130 2582 1196 τέλος
2603 1128 2682 1194 τῷ
2707 1126 2902 1182 mare.
2934 1129 3106 1180 ΨΑΛ.
3128 1123 3331 1180 ΡΛΗ¹.

358 1238 412 1293 1.
438 1237 666 1294 Domine
693 1281 706 1306 ,
736 1240 981 1310 probasti
1014 1257 1122 1307 me,
1152 1249 1206 1298 et
1230 1242 1528 1313 cognovisti
1564 1257 1651 1297 me
1672 1259 1691 1297 ι

2040 1227 2093 1282 1.
2119 1225 2313 1297 Κύριε,
2343 1220 2673 1292 ἐδοκίμασας
2702 1236 2790 1290 με,
2825 1218 2919 1272 καὶ
2943 1216 3113 1286 ἔγνως
3142 1233 3231 1287 με.

356 1331 410 1385 2.
445 1329 526 1385 Tu
553 1331 855 1401 cognOvisti
883 1334 1182 1390 sessionem
1206 1349 1382 1389 meam
1403 1373 1419 1399 ,
1442 1347 1495 1390 et
1520 1333 1818 1390 resurrectit

2057 1318 2092 1373 Β.
2121 1319 2192 1371 Σὺ
2214 1316 2383 1386 ἔγνως
2401 1313 2500 1385 τὴν
2522 1311 2790 1384 καθέδραν
2822 1327 2920 1382 μου
2944 1309 3036 1365 καὶ
3057 1310 3154 1382 τὴν
3175 1307 3391 1380 ἔγερσίν
3416 1325 3519 1378 μου.

287 1436 411 1476 nem
445 1436 618 1474 meam
629 1461 642 1474 .

357 1513 410 1567 5.
451 1513 767 1568 Intellexisti
801 1510 1162 1582 cogitationes
1194 1526 1346 1567 meas
1376 1512 1441 1566 de
1471 1514 1650 1585 longe.

2058 1497 2094 1553 ἰ.
2112 1497 2184 1550 Σὺ
2203 1495 2440 1566 συνῆκας
2459 1494 2584 1558 τοὺς
2603 1492 2982 1562 διαλογισμους
3006 1507 3106 1561 μου
3123 1487 3230 1542 ἀπὺ
3251 1487 3520 1560 μακρόθεν.

359 1603 412 1656 1.
440 1602 703 1660 Semitam
733 1618 910 1659 meam
941 1611 996 1660 et
1024 1601 1329 1658 funiculum
1362 1607 1542 1660 meum
1571 1607 1821 1680 invesugt

2062 1587 2094 1646 ἱ.
2119 1590 2230 1662 Τὴν
2254 1587 2440 1661 τρίϐον
2473 1603 2574 1658 μου
2621 1586 2715 1639 καὶ
2744 1583 2951 1654 σχοῖνόν
2987 1599 3085 1653 μου
3114 1581 3178 1634 σὺ
3214 1578 3524 1651 ἔξιχνίασας,

288 1693 384 1749 sti.
2094 1684 2105 1696 ’

367 1735 384 1763 9

357 1789 412 1844 5.
441 1787 510 1844 Et
543 1803 737 1844 omnes
769 1790 889 1845 vias
919 1803 1071 1845 meas
1094 1790 1387 1860 praevidisti
1413 1809 1428 1846 :

1891 1754 1938 1811 Β
2039 1793 2088 1849 5.
2117 1792 2227 1846 Καὶ
2252 1791 2432 1856 πάσας
2458 1788 2561 1853 τὰς
2589 1786 2744 1851 ὁδούς
2783 1804 2885 1858 μου
2919 1784 3165 1856 προεῖδες
3197 1803 3206 1812 ·

358 1880 412 1937 6.
459 1881 600 1948 Quia
633 1898 740 1936 non
771 1890 856 1938 est
885 1881 1043 1936 dolus
1077 1881 1130 1935 in
1184 1881 1366 1953 lingua
1395 1896 1536 1939 mea.

2043 1883 2095 1937 6.
2133 1882 2257 1936 ’Ότι
2275 1880 2377 1935 οὐκ
2396 1877 2510 1935 ἔστι
2538 1877 2690 1941 δόλος
2715 1878 2774 1930 ὲν
2803 1874 3020 1946 γλώσσῃ
3053 1890 3179 1945 μου.

361 1992 409 2046 7.
449 1991 607 2060 Ecce,
649 1992 895 2061 Domine,
922 2004 978 2048 tu
1020 1993 1322 2063 cognovisti
1351 1996 1536 2053 omnia
1567 2001 1823 2058 novissim

2065 1978 2094 2030 ν.
2135 1975 2286 2042 Ἰδοὺ,
2307 1971 2501 2047 Κύριε,
2530 1973 2594 2028 σὺ
2629 1971 2801 2032 ἔγνως
2835 1967 3010 2023 πάντα
3033 1967 3103 2022 τὰ
3134 1966 3342 2038 ἔσχατα
3365 1965 3450 2020 καὶ
3473 1964 3527 2017 τὰ

290 2093 346 2143 ct
375 2086 594 2157 antiqua
623 2105 638 2140 :

1971 2070 2173 2142 ἀρχαῖα
2191 2085 2204 2098 ·

1401 2248 1773 2305 ATHANASH
1814 2251 1876 2304 ΙΝ
1897 2261 1912 2304 l
1930 2241 2399 2304 ERPRETATIO.

362 2359 450 2415 16.
484 2358 541 2415 Si
573 2359 628 2414 in
673 2359 761 2414 via
796 2369 1024 2432 angusta
1076 2371 1470 2438 praeceptorum
1507 2375 1722 2422 tuorum
1751 2384 1824 2421 am

2067 2359 2121 2416 6.
2143 2360 2271 2413 Ἐὰν
2307 2361 2364 2412 ὲν
2391 2359 2459 2430 τῇ
2485 2355 2592 2429 ὀδῷ
2630 2355 2700 2428 τῇ
2729 2357 2891 2428 στενῇ
2912 2353 3020 2410 τῶν
3053 2350 3288 2408 ἐντολῶν
3329 2366 3420 2405 σου
3448 2365 3529 2405 πο-

291 2449 568 2513 bLlavero,
601 2449 906 2507 viviﬁcabis
933 2467 1038 2507 me.

1964 2451 2165 2524 ρευθῶ,
2195 2449 2380 2522 ζήσεις
2411 2466 2501 2520 με.

364 2542 448 2595 17.
483 2542 621 2597 Cum
675 2543 885 2599 inimici
921 2544 1023 2598 mei
1066 2554 1384 2615 quaererent
1409 2561 1496 2599 me
1534 2550 1826 2602 interficere

2069 2543 2123 2596 7.
2163 2543 2253 2596 ’Ev
2295 2539 2373 2612 τῷ
2423 2541 2548 2604 τοὺς
2593 2537 2823 2611 ἐχθρούς
2859 2554 2960 2608 μου
2992 2535 3180 2608 ζητεῖν
3224 2534 3304 2608 (1)
3355 2551 3420 2607 με
3446 2531 3528 2587 τοῦ

290 2635 591 2704 opitulatus
615 2651 674 2690 es
700 2636 833 2690 mihi
868 2651 965 2706 per
993 2637 1283 2691 adventum
1316 2647 1494 2694 tuum.

1964 2636 2192 2698 ἀνελεῖν,
2225 2633 2524 2688 ἀντελάϐου
2561 2649 2661 2704 μου
2691 2631 2782 2685 διὰ
2804 2632 2900 2703 τῆς
2931 2630 3240 2703 παρουσίας
3273 2647 3387 2684 σου.

362 2727 442 2782 18.
480 2727 546 2781 Et
574 2729 786 2785 salvum
818 2745 906 2784 me
939 2729 1066 2784 fecit
1100 2729 1272 2800 gratia
1307 2739 1424 2786 tua.

2033 2728 2120 2782 18.
2155 2729 2264 2781 Καὶ
2295 2726 2465 2780 ἔσωσέ
2504 2742 2570 2796 με
2605 2727 2637 2796 ἡ
2673 2724 2833 2796 χάρις
2863 2741 2973 2776 σου.

363 2821 448 2877 19.
480 2821 744 2878 Dominus
770 2821 1061 2878 debellabit
1081 2823 1390 2879 contrarias
1411 2832 1714 2895 potestates
1739 2841 1825 2896 prc

2069 2819 2122 2873 9.
2158 2818 2361 2889 Κύριος
2389 2818 2832 2887 καταπολεμήσει
2856 2816 2951 2879 τὰς
2977 2816 3226 2879 ἐναντίας
3270 2815 3527 2883 δυνάμεις,

289 2921 410 2983 pter
436 2927 519 2978 ea,
555 2927 655 2982 pro
683 2913 883 2983 quibus
917 2929 1004 2968 me
1036 2913 1514 2985 impugnavcrunt.

1254 2925 1514 2971 laverunt.
1964 2913 2106 2984 ὑπὲρ
2142 2903 2215 2964 ὧν
2245 2909 2590 2981 ἐπολέμησαν
2631 2926 2716 2980 με.

359 3003 450 3058 20.
487 3002 552 3058 Et
581 3019 859 3075 nunquam
899 3005 1162 3060 oblivioni
1208 3004 1455 3062 tradetur
1493 3007 1821 3064 misericordi

2071 3006 2125 3062 0.
2161 3005 2272 3060 Καὶ
2291 3003 2669 3076 ἀληθάργητον
2704 3002 2766 3055 τὸ
2795 3001 2940 3064 ἔλεός
2978 3017 3071 3052 σου
3095 2997 3277 3065 τοῦτο,
3306 2999 3334 3052 ὃ
3367 2997 3533 3067 ἐποίη-

291 3103 383 3149 tua
410 3095 545 3160 haec,
580 3111 743 3165 quam
774 3095 952 3151 fecisti
985 3097 1168 3166 generi
1197 3097 1460 3155 humano.

1379 3113 1460 3155 no.
1971 3111 2069 3161 σας
2095 3095 2171 3168 τῷ
2200 3095 2347 3164 γένει
2376 3097 2484 3150 τῶν
2520 3095 2618 3150 ἀνθ
2629 3094 2841 3167 ρώπων.

359 3186 450 3243 21.
483 3185 550 3242 Et
579 3203 753 3257 usque
781 3187 844 3248 in
875 3188 1036 3243 ﬁnem
1069 3204 1138 3243 ne
1169 3189 1439 3260 despicias
1463 3232 1478 3258 ,
1513 3207 1653 3262 quos
1688 3191 1820 3248 fecis

2072 3189 2134 3243 ιι.
2167 3189 2279 3243 Καὶ
2304 3188 2408 3253 ἕως
2431 3188 2616 3252 τέλους
2648 3189 2723 3259 μὴ
2749 3185 3002 3256 παρίδῃς,
3028 3183 3122 3247 οὓς
3147 3184 3410 3254 ἐποίησας
3429 3181 3534 3236 κατ’

290 3278 589 3334 secundum
622 3279 911 3349 imaginem
947 3289 1116 3334 tuam.

844 3295 911 3334 :m
947 3289 1116 3334 tuam.
1974 3281 2158 3334 είκὸνα
2190 3283 2306 3352 σήν.

375 3371 440 3422 Ἦ
480 3371 815 3442 προκειμένη
861 3370 1146 3444 ἐπιγραφὴ
1189 3369 1434 3444 περιέχει
1467 3371 1575 3441 (2)·
1607 3373 1712 3437 Εἰς
1744 3372 1812 3428 τὸ
1858 3373 2033 3442 τέλος
2064 3374 2309 3445 gini-uec
2343 3374 2424 3440 τῷ
2455 3372 2662 3439 Δαϐὶδ,
2707 3373 2845 3443 ὅπερ
2880 3369 3245 3443 ἑρμηνεύεται
3295 3372 3420 3443 περὶ
3460 3374 3536 3424 ἐπ’

293 3462 535 3532 ὲσχάτων
559 3461 668 3516 τῶν
687 3461 907 3534 ἡμερῶν
936 3462 1242 3534 μελλόντων
1269 3461 1510 3527 ἔσεσθαι,
1537 3461 1754 3535 εἴρηται
1776 3465 1804 3518 ὁ
1830 3464 2040 3537 eam;
2067 3465 2147 3531 τῷ
2173 3465 2359 3530 ἱκανῷ
2389 3465 2462 3533 τῇ
2497 3465 2678 3533 χειρὶ,
2704 3464 2781 3535 τῷ
2803 3463 2917 3535 Υἱῴ
2936 3464 3030 3517 τοῦ
3057 3464 3217 3520 Θεοῦ.

363 3555 578 3612 Titulus
606 3556 888 3628 appositus
916 3558 1160 3613 continet
1185 3576 1198 3611 ε
1226 3556 1293 3610 In
1311 3557 1466 3626 ﬁnem
1492 3557 1731 3627 psalmus
1775 3557 1972 3629 David,
2001 3562 2151 3631 quod
2179 3561 2570 3632 interpretatur
2597 3561 2664 3617 de
2692 3561 2778 3626 iis,
2809 3560 2902 3631 Qui
2931 3561 2986 3614 in
3013 3558 3334 3616 novissimis
3361 3559 3540 3616 diebus

290 3646 458 3705 futuri
499 3659 659 3715 sunt,
690 3650 868 3706 dictus
891 3659 976 3707 est
1000 3653 1245 3722 psalmus
1277 3668 1438 3706 manu
1468 3652 1598 3722 forti
1625 3693 1640 3718 ,
1679 3653 1784 3710 hoc
1811 3664 1895 3710 est
1925 3654 2018 3711 Dei
2047 3654 2204 3712 Filio.

285 3767 287 3781 ί
363 3742 416 3798 1.
445 3740 693 3810 Domine,
717 3743 1034 3800 discernens
1058 3745 1414 3817 cogitationes
1439 3762 1610 3813 meas,
1637 3757 1691 3803 et
1707 3765 1747 3803 ιι]

2078 3793 2085 3806 .
2115 3751 2322 3823 Κύριε,
2357 3749 2641 3821 διακρίνας
2680 3766 2778 3813 τας
2827 3753 3157 3820 ενθυμησεις
3196 3765 3298 3818 μου
3335 3747 3430 3802 καὶ
3454 3746 3540 3819 τὴν

291 3843 400 3891 tem
425 3836 606 3893 cordis
625 3837 733 3892 mei
757 3839 1082 3910 cognovisti,
1101 3839 1281 3910 qualis
1300 3840 1548 3897 incedam
1573 3857 1753 3897 coram

2078 3861 2202 3897 νοιαν
2228 3843 2328 3914 τῆς
2356 3841 2581 3905 καρδίας
2611 3857 2711 3910 μου
2745 3839 2917 3908 ἔγνως
2940 3878 2956 3904 ,
2982 3837 3168 3902 ὁποῖος
3205 3838 3540 3910 ἀποϐήσομαι

1967 3934 2198 3987 ἐνώπιόν
2232 3951 2349 3986 σου.

361 4010 416 4066 2.
452 4011 534 4068 Tu
575 4017 920 4085 cognovisti,
960 4035 1085 4089 quae
1116 4019 1186 4076 sit
1234 4020 1456 4090 requies
1507 4021 1689 4077 cordis
1733 4038 1820 4078 me

2080 4065 2092 4077 .
2115 4025 2188 4078 Σὺ
2216 4024 2406 4093 ἔγνως,
2428 4024 2480 4076 τί
2501 4025 2649 4077 ἔστιν
2670 4025 2704 4096 ἡ
2725 4023 3029 4089 ἀνάπαυσις
3048 4025 3151 4096 τῆς
3177 4023 3405 4096 καρδίας
3429 4040 3537 4094 μου,

291 4114 348 4158 et
370 4103 699 4161 desiderium
726 4109 926 4166 animae
953 4126 1108 4166 meat.

1967 4117 2064 4171 καὶ
2091 4118 2124 4187 ἡ
2152 4115 2428 4187 προθυμία
2459 4116 2557 4187 τῆς
2595 4115 2772 4188 ψυχῆς
2806 4134 2929 4187 μου.

361 4196 415 4251 5.
452 4195 533 4251 Tu
575 4197 896 4270 priusquam
928 4216 1028 4274 ego
1065 4203 1250 4258 ﬁerem
1276 4241 1292 4268 ,
1323 4203 1530 4258 solvisti
1559 4218 1683 4274 quae
1712 4205 1823 4275 cogi

2078 4249 2090 4262 .
2124 4207 2197 4260 Σὺ
2225 4207 2331 4278 πρὸ
2362 4207 2456 4261 τοῦ
2493 4224 2560 4279 με
2587 4207 2882 4279 γενηθῆναι
2915 4209 3064 4279 εῐδης
3089 4205 3286 4281 [οἶδας]
3309 4208 3389 4279 ('5)
3411 4207 3540 4274 ἅπερ

289 4295 505 4345 taturus
535 4304 678 4344 sum.

1971 4301 2153 4373 μέλλω
2180 4300 2602 4370 διαλογίζεσθαι.

363 4381 414 4435 4.
451 4379 939 4439 Conversationem
967 4400 1145 4440 meam
1177 4386 1232 4441 in
1257 4386 1365 4443 hoc
1388 4387 1625 4453 mundo,
1656 4397 1708 4443 et
1734 4403 1825 4458 qu:

2080 4435 2093 4447 .
2126 4393 2238 4466 Τὴν
2268 4395 2326 4447 ἔν
2366 4391 2445 4464 τῷ
2490 4393 2679 4464 κόσμῳ
2699 4394 2872 4465 τοὺτῳ
2904 4393 3253 4465 ἀναστροφήν
3285 4411 3388 4464 μου
3411 4433 3426 4457 ,
3461 4390 3542 4444 καὶ

292 4469 424 4524 lium
450 4473 827 4542 operationum
852 4476 1120 4531 bonarum
1149 4493 1256 4544 me,
1279 4494 1348 4534 an
1378 4479 1643 4535 malarum
1669 4495 1754 4536 ser

2081 4484 2168 4537 ίων
2199 4482 2377 4555 ἔργων
2405 4483 2648 4552 ἀγαθῶν,
2677 4484 2709 4555 ἢ
2739 4483 2991 4555 πονηρῶν
3015 4483 3250 4555 ἤμελλον
3268 4523 3282 4548 ,
3309 4485 3344 4556 ἦ
3380 4480 3543 4554 μέλλω

292 4562 606 4632 expleturus
634 4581 807 4630 eram,
841 4567 925 4622 vel
955 4583 1075 4622 sum
1103 4568 1159 4622 in
1190 4569 1380 4625 diebus
1411 4570 1570 4632 meis,
1607 4579 1662 4624 tu
1697 4587 1754 4625 us

2080 4575 2206 4628 ελεῖν
2236 4575 2442 4646 πλοκὴν
2476 4577 2534 4629 ὲν
2561 4577 2684 4639 ταῖς
2706 4576 2936 4646 ἡμέραις
2961 4593 3063 4647 μου
3089 4614 3103 4640 ,
3137 4576 3200 4628 σὺ
3230 4577 3339 4640 ἕως
3369 4575 3542 4635 τέλους

295 4653 351 4711 in
385 4655 545 4712 tinem
580 4657 648 4714 ad
675 4659 962 4714 minimum
993 4661 1194 4717 novisti
1225 4676 1413 4716 earum
1447 4662 1672 4718 exitum.

1668 4704 1672 4716 .
1970 4668 2306 4722 κατάλεπτον
2337 4663 2486 4732 οἶδας
2512 4669 2612 4741 τὴν
2637 4669 2904 4724 ἀπόϐασιν
2931 4668 3130 4724 αὐτῶν.

365 4749 418 4805 5.
449 4750 708 4808 Actiones
736 4769 886 4809 meas
915 4755 1336 4826 praecognoscis.
1792 4826 1801 4836 ι

1792 4826 1801 4836 ι
2041 4760 2095 4815 5.
2132 4761 2244 4825 Τὰς
2268 4760 2345 4830 (4)
2380 4760 2610 4834 πράξεις
2647 4778 2746 4833 μου
2777 4761 3192 4833 προγινώσκεις.

364 4843 417 4899 6.
447 4841 515 4898 Et
538 4845 758 4910 novisti,
788 4846 934 4916 quod
960 4861 1070 4902 non
1098 4847 1223 4903 dico
1251 4845 1409 4902 falsa.

2037 4853 2092 4907 6.
2124 4853 2235 4906 Καὶ
2257 4848 2423 4918 οἶδας,
2450 4854 2532 4906 ὅτι
2565 4853 2628 4906 οὐ
2651 4853 2795 4922 λέγω
2812 4852 3001 4925 ψευδῆ.

367 4935 420 4991 7.
463 4934 546 4990 Tu
579 4936 727 4992 enim
778 4937 961 4994 futura
1014 4949 1068 4995 et
1106 4941 1376 5010 praeterita
1424 4939 1644 4996 novisti.
1699 4939 1829 4994 Alite

2082 4987 2094 5000 .
2116 4945 2187 4997 Σὺ
2209 4944 2318 5017 γὰρ
2336 4944 2406 4998 τὰ
2431 4944 2693 5017 μέλλοντα
2715 4945 2932 5000 ἔσεσθαι
2951 4987 2964 5010 ,
2982 4946 3076 5000 καὶ
3102 4947 3172 5001 τά
3196 4946 3460 5016 γεγονότα
3476 4943 3543 5014 (5)

297 5021 458 5076 etiam
515 5032 691 5094 potest
739 5027 1041 5082 versiculus
1088 5027 1192 5083 iste
1227 5029 1516 5100 allegorice
1545 5029 1759 5100 .explic:

2079 5051 2285 5089 ττασαι.
2321 5035 2478 5087 Ἔστι
2504 5033 2562 5088 δὲ
2592 5036 2687 5089 καὶ
2709 5035 2884 5100 ἄλλως
2918 5035 3194 5108 θεωρῆσαι
3230 5038 3324 5091 τὸν
3351 5036 3541 5105 στίχον.

295 5117 553 5184 quoniam
597 5121 896 5175 secundum
917 5121 1245 5191 Prophetam
1296 5098 1502 5176 dictum
1549 5098 1679 5178 est:
1710 5121 1757 5174 E

2081 5126 2219 5179 κατὰ
2254 5127 2546 5198 Προφήτην
2585 5126 2833 5197 εἴρηται’
2866 5098 2876 5100 ἡ
2906 5098 3060 5182 Ἰδοὖ
3085 5098 3112 5191 ν,
3175 5129 3354 5196 Κύριε
3394 5167 3409 5189 ,
3441 5098 3543 5176 ’-σὺ

297 5203 539 5272 Domine,
573 5217 629 5262 tu
663 5213 949 5280 cognovisti
982 5214 1160 5267 omnia
1195 5214 1509 5277 novissima,
1532 5223 1582 5267 et
1624 5216 1759 5284 antiq

2083 5234 2160 5283 ως
2175 5216 2372 5271 πάντα
2387 5218 2459 5271 τὰ
2477 5217 2727 5286 ἔσχατα,
2743 5217 2839 5271 καὶ
2860 5217 2930 5271 τὰ
2945 5217 3184 5287 ἀρχαῖα,
3199 5217 3466 5278 τουτέστι,
3491 5219 3545 5264 σὺ

299 5295 404 5351 hoc
435 5308 557 5364 est,
587 5308 644 5355 tu
678 5302 963 5360 habiturus
987 5319 1046 5360 es
1079 5305 1406 5361 novissimas
1438 5319 1629 5362 omnes
1656 5320 1754 5374 gen

2084 5309 2190 5372 λεις
2223 5307 2369 5378 ἔχειν
2404 5308 2584 5362 πάντα
2612 5307 2681 5362 τὰ
2705 5307 2908 5379 ἔσχατα
2936 5307 3066 5379 ἔθνη
3087 5347 3102 5373 ,
3129 5308 3225 5362 καὶ
3256 5308 3326 5361 τὰ
3354 5305 3546 5376 ἀρχαῖα

276 5394 352 5439 νει
379 5389 632 5459 antiquas
661 5391 968 5452 Judaeorum
998 5398 1307 5469 progenies.

1091 5398 1307 5469 igenies.
1970 5398 2079 5452 τῶν
2101 5398 2371 5453 Ἰουδαίων
2400 5398 2553 5469 γένη.

1243 5510 1550 5574 Addenda
1577 5517 1637 5572 et
1661 5509 2032 5591 corrigenda
2063 5527 2142 5571 ex
2178 5509 2321 5570 cod.
2354 5509 2534 5571 Vatic

371 5601 783 5743 glg'Zigcsi'v'foﬁ
816 5610 1020 5665 ἀνελεῖν
1050 5632 1137 5684 με,
1171 5623 1274 5671 etc.

395 5673 430 5726 ‘2
482 5675 529 5726 Η
573 5674 627 5727 ιὰ
642 5692 739 5743 της
771 5682 1137 5743 κινναϐάρεως
1164 5687 1428 5743 περιέγει.
1455 5697 1540 5743 etc
1571 5728 1584 5743 .
1610 5687 1736 5743 περὶ
1757 5685 1832 5740 τῶ

893 5612 1020 5665 ελεῖν
1050 5632 1137 5684 με,
1171 5623 1274 5671 etc.
2045 5612 2120 5743 ('5;
2156 5613 2355 5683 ᾟδεις.

893 5682 1137 5743 αϐάρεως
1164 5687 1428 5743 περιέγει.
1455 5697 1540 5743 etc
1571 5728 1584 5743 .
1610 5687 1736 5743 περὶ
1757 5685 1864 5742 τῶν
2044 5683 2098 5743 (4
2153 5684 2263 5736 Καὶ
2290 5683 2355 5737 πό

395 5673 1137 5769 θὶῖἓδιδξξῆἱ,δεξνναίὶάρέέυέ
1164 5687 1428 5769 περιέχειν
1455 5697 1540 5744 etc
1571 5728 1584 5756 ν
1610 5687 1736 5758 περ’ι
1757 5685 1864 5742 τῶν
2044 5673 2120 5769 {ii}
2148 5673 2263 5769 Καὶ
2290 5673 2471 5769 τέάταβ
2496 5684 2629 5769 τάςε
2661 5692 2765 5741 ειε-

308 5743 418 5800 ἑπ“.
446 5754 575 5821 etc,
604 5749 668 5818 τῇ
697 5743 858 5819 χειρὶ,
884 5743 1030 5830 τοῦτέ
1055 5743 1200 5809 ἔστιν
1220 5743 1533 5836 «Ξῷίέιιξςτ
1571 5743 1583 5756 ’
1684 5743 1694 5758 ’
2148 5743 2521 5825 Προγεγονότα
2542 5797 2556 5824 ,
2574 5743 2710 5826 etc,
2737 5755 2876 5812 κατὰ
2899 5755 3272 5827 προφητείαν,
3299 5765 3403 5814 etc.
