3740 6294
281 296 421 352 I28l
657 303 662 308 ‘
1102 292 1187 348 DE
1225 290 1501 350 TITULIS
1539 286 1988 348 PSALMOBUM.
2012 317 2080 332 ——
2103 283 2297 340 PSAL.
2336 281 2669 339 CXXXVIII.
3383 277 3522 333 I282

357 412 414 466 8.
444 411 516 464 Σὺ
549 410 786 474 ἕπλασάς
818 427 883 482 με
911 450 925 476 ,
955 410 1048 464 καὶ
1078 408 1280 483 ἔθηκας
1329 411 1413 464 ἐπ’
1443 409 1545 482 ἐμὲ
1574 408 1670 482 τὴν
1697 410 1834 480 χεῖρέ

2041 402 2076 458 Ξ.
2114 401 2196 458 Τιι
2225 400 2473 458 formasti
2501 416 2609 467 me,
2640 407 2694 455 et
2723 396 2949 469 posuisti
2981 409 3141 467 super
3178 410 3267 452 me
3299 411 3518 453 manum

280 520 404 556 σου.

1954 504 2125 553 tuam;

354 593 408 649 9.
446 591 868 665 Ἐθαυμαστώθη
906 593 940 665 ἡ
967 590 1165 662 γνῶσίς
1198 609 1289 644 σου
1319 591 1376 658 ἐξ
1402 589 1568 662 ἐμοῦ’

2025 588 2078 645 9.
2109 585 2374 642 Mirabilis
2398 583 2540 639 facta
2575 592 2658 639 est
2685 581 2915 638 scientia
2937 591 3030 638 tua
3061 595 3129 638 ex
3156 596 3244 638 me
3269 599 3281 635 :

353 685 442 741 I0.
481 681 880 756 Ἔκραταιώθη,
905 684 966 738 οὐ
998 683 1072 755 μὴ
1100 683 1342 754 δύνωμαι
1368 682 1506 753 πρὸς
1535 681 1720 751 αὑτήν.

2025 679 2112 734 I0.
2145 676 2463 735 Confortata
2493 683 2596 740 est,
2628 687 2737 729 non
2766 681 2954 743 potero
2987 671 3054 727 ad
3081 686 3221 727 eam.

355 777 444 832 II.
481 776 594 829 Ποῦ
628 774 878 847 πορευθῶ
915 775 1020 828 ἀπὸ
1050 773 1143 828 τοῦ
1172 773 1487 845 Πνεῦματός
1515 789 1640 838 σου;

1362 773 1487 836 ατός
1515 789 1640 838 σου;
2027 772 2112 827 11.
2141 770 2262 839 Quo
2299 770 2390 826 ibo
2422 785 2453 824 a
2476 767 2681 838 Spiritu
2707 767 2839 822 tuo?

355 866 442 922 I2.
473 866 585 920 Kal
607 865 714 919 ἀπὸ
739 863 832 918 τοῦ
863 863 1155 937 προσώπου
1187 882 1280 918 σου
1320 863 1422 918 ποῦ
1461 863 1648 933 φύγως

1506 863 1648 932 ύγως
2026 865 2115 919 12.
2153 863 2220 918 Et
2244 877 2354 935 quo
2382 877 2414 917 a
2441 859 2582 917 facie
2614 868 2705 915 tua
2741 857 2983 929 fugiam?

353 960 444 1014 I3.
490 958 616 1013 Ἐάν
639 958 824 1014 άναϐὦ
855 961 933 1024 είς
959 959 1047 1012 τὸν
1075 958 1319 1030 οὐρανὸν,
1351 958 1415 1011 σὺ
1449 960 1566 1012 ἐκεῖ
1594 951 1674 1010 εἷ’

2025 956 2114 1011 15.
2157 954 2213 1010 Si
2244 953 2540 1011 ascendere
2569 953 2624 1008 in
2653 953 2875 1016 caelum,
2907 960 2966 1006 tu
2997 949 3108 1004 illic
3135 962 3197 1004 es
3225 964 3237 1000 :

349 1049 440 1108 14.
479 1051 603 1105 Ἐάν
632 1051 850 1106 καταϐῶ
873 1055 952 1118 εἰς
979 1057 1068 1107 τὸν
1096 1054 1248 1126 ᾅδην,
1285 1054 1466 1126 πάρει.
1728 1104 1747 1120 ,

1728 1104 1747 1120 ,
2026 1048 2113 1104 14.
2157 1048 2216 1102 Si
2244 1047 2578 1105 descendero
2604 1046 2660 1102 in
2694 1045 2992 1110 infernum,
3019 1042 3169 1098 ades.

351 1138 441 1195 I5.
460 1139 587 1194 Ἐὰν
607 1141 931 1214 ἀναλάϐοιμι
951 1143 1050 1207 τὰς
1071 1144 1347 1216 πτέρυγάς
1371 1162 1470 1216 μου
1493 1143 1614 1198 κατ’
1637 1141 1828 1215 ὄρθρον

1742 1157 1852 1215 ρον,
2027 1145 2114 1200 15.
2154 1142 2213 1199 Si
2239 1158 2524 1214 sumpsero
2550 1155 2758 1213 pennas
2779 1154 2931 1195 meas
2956 1135 3219 1201 diluculo,

353 1231 441 1287 I6.
459 1233 569 1286 Kal
590 1234 999 1304 κατασκηνώσω
1024 1238 1103 1300 εἰς
1118 1236 1185 1290 τὰ
1199 1236 1405 1307 ἔσχατα
1430 1237 1527 1307 τῆς
1545 1235 1817 1307 θαλάσσης

1686 1252 1817 1307 σσης
1841 1249 1857 1266 ·
2028 1234 2116 1292 I6.
2146 1233 2211 1290 Et
2242 1235 2558 1290 habitavero
2588 1233 2644 1288 in
2665 1231 2924 1289 extremis
2954 1228 3160 1285 maris:

348 1324 441 1381 I7.
473 1325 585 1380 Kal
619 1327 726 1398 γὰρ
752 1329 868 1381 ἐκεῖ
897 1331 930 1400 ή
960 1329 1081 1401 χείρ
1108 1347 1200 1383 σου
1232 1329 1486 1403 ὁδηγήσει
1511 1347 1608 1400 με·

2026 1329 2115 1384 I7.
2148 1327 2362 1384 Etenim
2395 1328 2523 1383 illuc
2552 1341 2753 1383 manus
2780 1335 2873 1382 tua
2901 1323 3135 1380 deducet
3157 1333 3246 1376 me
3274 1332 3290 1372 :

350 1414 440 1470 18.
473 1417 583 1471 Kal
611 1418 825 1484 καθέξει
861 1437 928 1490 με
963 1423 996 1493 ή
1028 1421 1176 1487 δεξιά
1201 1439 1318 1475 σου.

2027 1420 2116 1478 18.
2156 1419 2223 1475 Et
2254 1421 2459 1476 tenebit
2489 1434 2576 1476 me
2601 1420 2824 1476 dextera
2859 1427 2971 1474 tua.

347 1509 436 1566 I9.
462 1511 574 1564 Kal
598 1507 754 1566 εἶπα·
783 1515 927 1586 Ἀρα
959 1515 1148 1580 σκότος
1180 1515 1556 1587 καταπατήσει
1593 1530 1678 1566 us.

2037 1512 2116 1568 l9.
2160 1513 2228 1568 Et
2254 1512 2366 1568 dixi
2391 1528 2405 1564 :
2434 1511 2690 1568 Forsitan
2717 1513 2957 1568 tenebrae
2979 1507 3374 1568 conculcabunt
3397 1517 3514 1559 me:

347 1599 439 1656 20.
466 1601 577 1656 Kal
610 1602 706 1670 νὺξ
739 1606 1016 1677 φωτισμὸς
1047 1608 1105 1662 ἐν
1132 1609 1199 1679 τῇ
1231 1608 1408 1678 τρυφῇ
1437 1623 1558 1677 μου.

2027 1603 2118 1656 20.
2156 1602 2223 1658 Ει
2245 1617 2354 1658 nox
2377 1601 2704 1658 illuminatio
2733 1603 2789 1658 in
2818 1603 3026 1658 deliciis
3049 1601 3204 1657 meis.

347 1691 441 1748 2I.
470 1693 590 1748 Ὅτι
621 1697 806 1762 σκότος
835 1698 896 1752 οὐ
926 1698 1337 1770 σκοτισθήσεται
1367 1697 1476 1752 ἀπὸ
1507 1694 1625 1762 σοῦ,

1887 1757 1931 1814 Β
2027 1693 2120 1751 21.
2160 1692 2299 1762 Quia
2331 1695 2570 1753 tenebrae
2601 1709 2710 1750 non
2737 1694 3178 1750 obscurabuntur
3208 1705 3238 1746 ο
3267 1697 3339 1754 te.

1398 1921 1775 1982 ATHANASII
1837 1919 2411 1980 INTERPRETATIO.

353 2145 406 2199 8.
436 2145 508 2199 Σὺ
536 2145 971 2220 ἐδημιούργησάς
1004 2165 1070 2221 με
1091 2189 1106 2214 ,
1137 2165 1232 2202 και
1274 2145 1474 2219 ἔθηκας
1513 2146 1601 2201 ἐπ’
1627 2147 1726 2219 ἐμὲ
1757 2146 1830 2219 τὴ¹

2044 2145 2085 2202 3.
2115 2143 2198 2199 Tu
2223 2142 2421 2200 creasti
2447 2157 2564 2208 me,
2595 2150 2650 2197 et
2677 2141 2908 2213 posuisti
2939 2153 3104 2210 super
3130 2151 3218 2192 me
3261 2135 3521 2192 auxilium

282 2237 539 2309 βοήθειάν
568 2255 660 2292 σου
689 2238 995 2294 σκέπουσάν
1026 2257 1114 2312 με.

1081 2257 1114 2294 ε.
1959 2246 2112 2293 tuum
2138 2245 2425 2308 protegens
2452 2249 2558 2290 me.

351 2330 404 2386 9.
429 2330 703 2401 Μνησθεὶς
732 2332 910 2398 τὸ,τίς
933 2333 1168 2405 ὑπάρχει
1190 2334 1223 2404 ή
1253 2331 1482 2404 δύναμίς
1506 2349 1622 2400 σου,
1649 2330 1754 2397 ἔξω
1777 2331 1822 2404 (1

2047 2329 2079 2385 1.
2125 2327 2497 2393 Recordatus,
2532 2342 2654 2398 quae
2699 2326 2769 2383 sit
2796 2325 3036 2396 potentia
3071 2332 3162 2379 tua
3187 2363 3202 2388 ,
3255 2328 3409 2378 extra
3437 2335 3524 2375 me

277 2418 523 2491 ἐμαυτοῦ
562 2421 766 2490 γέγονα
803 2421 1208 2492 ἀποθαυμάζων
1243 2423 1300 2475 ἐν
1338 2418 1578 2492 ἐμαυτῷ.

1568 2460 1578 2474 .
1959 2425 2138 2494 ipsum
2169 2422 2346 2478 factus
2380 2437 2500 2479 sum
2530 2437 2640 2492 prae
2670 2419 3045 2479 admiratione.

352 2511 440 2572 I0.
469 2512 812 2578 Ἀνείκαστος
839 2513 1072 2586 ὑπάρχει
1113 2517 1146 2586 ή
1174 2513 1402 2584 δύναμίς
1435 2529 1570 2579 σου,
1601 2511 1662 2566 οὐ
1693 2509 1826 2566 δύνα

2046 2515 2120 2571 10.
2152 2513 2545 2584 lnvestigabilis
2573 2522 2654 2570 est
2678 2515 2848 2570 virtus
2879 2523 2992 2580 tua,
3017 2527 3132 2590 non.
3147 2525 3371 2583 possum
3395 2523 3523 2566 con-

282 2620 382 2674 μαι
417 2603 732 2675 ἀντιστῆναι
763 2604 899 2677 πρὸς
927 2606 1117 2676 αὑτήν.

1014 2606 1117 2676 τήν.
1960 2616 2042 2664 tra
2072 2623 2192 2664 eam
2219 2608 2491 2663 resistere.

355 2696 442 2750 II.
470 2696 583 2748 Ποῦ
608 2695 716 2769 γὰρ
737 2696 968 2768 δύναμαι
987 2697 1254 2769 κρυϐῆναι
1278 2696 1355 2769 (2)
1378 2697 1488 2751 ἀπὸ
1507 2693 1568 2750 τὺ
1587 2694 1742 2766 ἅγιόν
1765 2711 1832 2748 eoi

2047 2701 2117 2756 ll.
2149 2699 2255 2756 Ubi
2280 2699 2425 2755 enim
2454 2697 2713 2754 abscondi
2747 2711 2972 2768 possum
3022 2710 3055 2750 a
3097 2694 3300 2766 Spiritu
3333 2689 3524 2750 sancto

275 2787 526 2859 Πνεῦμα,
557 2789 617 2841 τὸ
636 2789 901 2858 γινῶσκον
923 2789 1039 2861 [τοῦ
1067 2790 1223 2859 ἁγίου
1256 2805 1348 2843 σου
1379 2787 1694 2859 Πνεῦματος
1719 2825 1734 2851 ,

1186 2807 1223 2842 νυ
1256 2805 1348 2843 σου
1379 2787 1694 2859 Πνεύματος
1719 2825 1734 2851 ν
1763 2784 1856 2839 τοῦ
1960 2799 2076 2858 ιυο,
2105 2790 2199 2861 qui
2227 2791 2403 2846 noscit
2437 2790 2663 2846 omnia?

276 2878 662 2954 γινώσκοντος]
697 2882 766 2936 τὰ
795 2882 971 2936 πάντα
995 2900 1010 2948 ;

350 2971 440 3028 12.
470 2973 582 3027 Kal
606 2973 715 3027 ἀπὸ
749 2972 843 3027 σοῦ
867 2975 936 3027 τὰ
967 2973 1042 3046 (5)
1077 2975 1257 3030 πάντα
1277 2973 1601 3048 ἐφορῶντος,
1633 2969 1736 3024 ποῦ
1761 2966 1827 3022 δύι

2048 2969 2115 3026 L2.
2145 2968 2212 3024 Et
2241 2976 2369 3034 ate,
2400 2969 2493 3040 qui
2515 2967 2696 3022 omnia
2719 2965 2890 3032 vides,
2919 2979 3028 3035 quo
3056 2977 3278 3034 possum
3302 2957 3525 3032 fugere?

277 3079 450 3133 ναμαι
477 3065 702 3133 φυγεῖν;
727 3064 810 3118 ὅτι
849 3037 1046 3119 πάντα
1076 3065 1291 3136 γυμνὰ,
1319 3037 1436 3119 ’καὶ
1467 3037 1754 3133 τετραχηλ

1833 3089 1857 3100 -
1881 3037 1925 3097 C
1959 3063 2217 3136 quoniam
2245 3037 2433 3115 omnia.
2449 3061 2622 3128 nuda,
2653 3070 2702 3114 et
2731 3068 2912 3128 aperta
2947 3055 3112 3111 oculis
3145 3056 3248 3108 tuis
3269 3054 3310 3107 ¹.

271 3153 430 3223 μένα
455 3155 581 3222 τοῖς
613 3155 943 3225 ὀφθαλμοῖς
969 3169 1107 3210 σου.

349 3247 439 3300 15.
478 3245 803 3320 Ἀχώριστος
829 3247 905 3321 (1)
936 3243 989 3301 el
1007 3247 1116 3300 τῶν
1140 3243 1420 3317 πατρικῶν
1443 3243 1678 3298 κόλπων.

1579 3260 1678 3298 ων·
2035 3268 2117 3324 15.
2147 3265 2526 3338 lnseparabilis
2553 3279 2612 3322 es
2644 3280 2675 3319 a
2709 3265 2832 3320 sinu
2860 3263 3056 3320 Patris.

351 3340 440 3394 14.
473 3339 848 3413 Ἐθανατὼθης
876 3341 984 3414 γὰρ
1012 3341 1078 3394 δι’
1105 3340 1226 3411 ἐμέ.

2033 3358 2121 3414 II.
2158 3357 2316 3415 Morti
2341 3358 2488 3414 enim
2519 3356 2751 3413 traditus
2785 3373 2844 3412 es
2873 3364 3091 3426 propter
3117 3369 3221 3409 me.

349 3432 438 3486 15.
464 3432 634 3486 Τοῦτό
681 3450 770 3504 μοι
819 3433 979 3505 μόνον
1013 3432 1423 3506 περιλείπεται,
1455 3431 1550 3486 ἐὰν
1578 3431 1686 3503 ἀρα
1728 3428 1826 3484 ἀνα

2046 3449 2122 3505 [5.
2148 3448 2263 3506 Hoc
2289 3451 2467 3511 solum
2495 3449 2626 3504 mihi
2667 3448 2938 3516 reliquum
2972 3457 3053 3502 est
3076 3486 3091 3510 ,
3126 3447 3169 3501 si
3202 3445 3337 3500 forte
3366 3460 3523 3500 assu-

276 3521 428 3577 λάϐω
446 3523 544 3588 τάς
565 3523 891 3597 ἐνθυμήσεις
922 3525 1020 3596 τῆς
1043 3524 1269 3596 καρδίας
1311 3542 1436 3596 μου,
1469 3523 1753 3593 καταφύγα

2050 3556 2103 3595 m
2132 3541 2490 3612 cogitationes
2519 3539 2702 3595 cordis
2736 3538 2862 3604 mei,
2893 3545 2948 3594 et
2974 3536 3282 3607 confugiam
3310 3538 3376 3591 ad
3401 3537 3522 3591 illu—

276 3612 357 3686 τῷ
387 3614 695 3687 φωτίσματι
718 3615 820 3687 τῆς
850 3615 1086 3680 πίστεώς
1126 3633 1217 3670 σου
1246 3616 1348 3689 (5).

1140 3633 1217 3670 που
1246 3616 1348 3689 (5).
1959 3633 2310 3688 minationem
2338 3633 2460 3688 ﬁdei
2493 3643 2617 3687 tuae.

352 3709 439 3767 I6.
473 3712 584 3764 Kal
609 3710 766 3765 δώσω
792 3712 1027 3783 ἐμαυτὸν
1057 3713 1138 3777 εἰς
1166 3713 1226 3766 τὸ
1249 3712 1551 3785 βάπτισμα.

2027 3725 2114 3782 I6.
2142 3724 2208 3780 Et
2241 3725 2381 3780 dabo
2412 3739 2498 3780 me
2529 3724 2706 3794 ipsum
2733 3723 2788 3776 in
2820 3719 3170 3792 baptismum.

351 3803 450 3871 I7,
489 3802 578 3859 I8.
609 3803 720 3857 Kal
758 3804 866 3876 γὰρ
921 3806 1038 3859 ἐκεῖ
1071 3806 1104 3876 ή
1135 3805 1297 3877 χάρις
1341 3805 1422 3877 (6)
1473 3823 1565 3860 σου
1604 3805 1828 3877 όδηγήσε

2042 3817 2226 3886 17,18.
2255 3816 2468 3873 Etenim
2495 3817 2626 3873 illuc
2656 3815 2828 3888 gratia
2861 3823 2954 3870 tua
2979 3813 3211 3870 deducet
3238 3828 3343 3876 me,
3379 3822 3432 3867 et
3465 3813 3519 3867 in

282 3911 373 3965 με,
402 3893 497 3946 καὶ
528 3895 923 3968 περικρατήσει
960 3913 1049 3967 με.

976 3913 1049 3950 ιε.
1957 3924 2045 3965 me
2067 3909 2453 3965 dominabitur.

353 3985 439 4040 I9.
480 3985 592 4038 Kal
641 3986 974 4061 ἐλογισάμην
1020 3989 1142 4044 κατ’
1196 3989 1432 4060 ἐμαυτὸν
1473 3989 1679 4059 λέγων·
1709 3985 1830 4063 1rAp:

2044 4000 2121 4055 l9.
2150 3999 2218 4055 Et
2245 4015 2460 4057 mecum
2485 3999 2717 4073 cogitavi
2745 3998 2932 4056 dicens
2959 4015 2974 4052 :
3008 3999 3091 4054 An
3117 3999 3193 4056 ita
3227 3999 3403 4071 patiar
3429 4016 3521 4056 us-

273 4077 452 4141 οῦτως
494 4077 816 4151 ἀνάσχωμαι
847 4079 953 4146 ἕως
989 4081 1176 4145 τέλους
1218 4082 1576 4152 κυριεύεσθαι
1616 4083 1722 4136 ὑπὸ

273 4169 588 4224 auaritiae:

1719 4108 1722 4129 ι
1755 4083 1854 4154 τῆς
1958 4108 2063 4164 que
2097 4094 2151 4148 in
2183 4093 2344 4150 finem
2370 4094 2643 4151 dominari
2676 4093 2732 4148 in
2760 4109 2845 4149 me
2872 4091 3196 4164 peccatum?

432 4185 524 4223 τια
572 4186 588 4236 ;

469 4188 582 4310 Keil
623 4259 956 4333 ἐλογισάμην
1001 4260 1184 4315 δοῦναι
1223 4264 1458 4333 ἐμαυτὸν
1487 4265 1565 4334 (7)
1589 4267 1655 4336 τῇ
1688 4281 1794 4318 κατι

2042 4264 2113 4320 l0.
2162 4265 2227 4320 Et
2273 4267 2506 4338 cogitavi
2555 4267 2769 4322 tradere
2813 4282 2900 4322 me
2948 4267 3124 4336 ipsum
3176 4264 3519 4334 baptismatis

272 4349 426 4402 δύσει
450 4349 543 4404 τοῦ
576 4349 968 4424 βαπτίσματος,
999 4355 1082 4407 ὃτι
1115 4355 1394 4425 φωτισμὸς
1421 4355 1517 4409 καὶ
1543 4357 1723 4430 τρυφή

2042 4355 2293 4412 mersioni
2320 4397 2335 4422 ,
2363 4357 2621 4428 quoniam
2659 4357 3007 4421 illuminatio,
3045 4366 3097 4412 et
3131 4356 3338 4412 delicia:
3384 4371 3519 4411 mete

272 4442 393 4496 ἐστι
418 4441 479 4495 τὸ
505 4441 726 4516 λουτρὸν
751 4445 848 4517 τῆς
873 4444 1173 4510 ἀθανασίας
1191 4463 1204 4478 ο
1231 4446 1348 4500 ἐκεῖ
1370 4447 1478 4518 γὰρ
1507 4448 1746 4521 καταλιμ

2041 4455 2082 4502 ιι
2128 4447 2406 4504 lavacrum
2441 4449 2912 4505 immortalitatis:
2952 4449 3025 4503 ibi
3072 4449 3218 4504 enim
3269 4449 3518 4520 relinquo

273 4551 352 4588 νω
379 4534 478 4600 τὰς
507 4537 784 4610 ἁμαρτίας
812 4557 936 4611 μου.

867 4557 936 4594 zu.
1954 4548 2176 4610 peccata
2203 4556 2344 4596 mea.

343 4625 434 4682 21.
467 4629 589 4684 Ὅτι
619 4632 770 4687 πᾶσα
800 4632 946 4706 ψυχὴ
975 4637 1032 4688 ἐν
1069 4633 1250 4689 σκότει
1278 4634 1560 4706 καθημενη
1579 4676 1594 4700 ,
1621 4636 1820 4690 ελθουσι

2040 4632 2109 4685 II.
2143 4631 2283 4699 Quia
2317 4632 2498 4688 omnis
2544 4632 2728 4687 anima
2771 4633 2825 4686 in
2879 4632 3118 4688 tenebris
3163 4634 3359 4689 sedens
3393 4648 3517 4689 cum

273 4716 368 4770 ἐπὶ
397 4719 460 4772 τὸ
485 4719 786 4794 βάπτισμα,
817 4725 918 4779 οὐκ
944 4724 1023 4779 ἔτι
1048 4725 1497 4797 σκοτισθήσεται,
1522 4727 1630 4780 άπὸ
1663 4727 1750 4781 τοῦ

2038 4724 2158 4779 ierit
2181 4724 2247 4779 ad
2277 4724 2630 4794 baptismum,
2652 4739 2761 4780 non
2784 4724 3018 4794 amplius
3041 4724 3515 4790 .obtenebrabitur,

273 4807 333 4860 τὸ
359 4807 556 4881 ἀληθὲς
579 4812 660 4882 (8)
691 4813 806 4883 φῶς
831 4815 1084 4870 ἐπιϐῆναι
1117 4817 1175 4869 ὲν
1203 4817 1364 4889 αὐτῇ.

2015 4816 2209 4872 ioniam
2242 4825 2299 4872 tu
2318 4857 2333 4884 ,
2358 4816 2452 4888 qui
2481 4831 2607 4873 vera
2638 4817 2731 4873 lux
2761 4832 2844 4888 es,
2871 4817 3125 4875 ascendis
3154 4817 3212 4872 in
3247 4816 3442 4887 ipsam.
3479 4879 3492 4893 η

345 4989 367 5020 ³
401 4985 565 5045 Hebr.
600 5005 676 5058 ιν,
712 4992 800 5048 15.

1229 5153 1537 5219 Addenda
1567 5164 1629 5218 et
1660 5157 2030 5237 corrigenda
2077 5175 2157 5221 ex
2189 5159 2330 5224 cod.
2360 5161 2562 5225 Vatic.

447 5333 540 5422 ’ἓξ
565 5336 760 5422 simul;
783 5339 1149 5422 y‘éy-ovazelcq
1173 5345 1249 5422 ἐν.
1260 5344 1454 5422 ἑαυτῷ.
1591 5415 1603 5422 _
1726 5417 1737 5422 _

951 5349 1149 5422 aleth
1173 5344 1454 5422 ἐν’-ἑαυτῷ.
1591 5415 1603 5422 _
1726 5417 1737 5422 _
2130 5347 2232 5422 Σοῦ
2257 5349 2425 5422 deest.

346 5404 430 5490 (2)
457 5405 738 5490 Κρυσῆναι
770 5404 832 5463 τὸ
865 5404 1098 5490 ’μνεῦμα
1120 5404 1198 5490 ’τὸ
1224 5413 1377 5490 ἅγιόν
1407 5404 1502 5468 σου
1556 5415 1617 5470 τὸ
1669 5417 1844 5473 πάντα
2138 5421 2201 5471 Ἠ
2228 5419 2347 5490 χείρ
2374 5437 2487 5472 σου.

273 5475 799 5559 γιγνωσκοῠνταζϐθβ.
837 5482 946 5538 vid.
983 5475 1328 5552 γίγνῶσκον).

1032 5475 1328 5551 ἱγνῶσκονὶ.
2016 5475 2096 5559 7)
2132 5475 2376 5553 Ἐαῦτόν,
2404 5499 2509 5544 etc.

344 5492 799 5558 rvwcxo_wa_(leg.
837 5492 946 5538 για.
983 5492 1328 5552 γιγνωσκον).
2016 5492 2072 5559 (7
2132 5492 2376 5553 Ἐαυτόν,
2404 5499 2510 5544 etc.

450 5546 788 5637 SOU)“.
823 5562 930 5637 8}C-
997 5632 1005 5637 _
2018 5492 2096 5633 (8)
2135 5559 2408 5632 Ἀληθινὸν
2440 5558 2556 5630 φῶς
2583 5559 2840 5632 ἐπιϐῆναι
2874 5563 2930 5616 ἐν
2955 5560 3147 5637 ταύτῃ.

346 5613 423 5684 (ι)
457 5615 782 5690 ’Δχώριστος
803 5623 928 5695 γάρ,
961 5632 1065 5680 etc.
