3740 6294
329 243 458 302 ma
1150 245 1204 300 S.
1247 243 1620 299 ATHANASII
1659 243 1808 300 OPP.
1846 243 2025 300 PARS
2078 244 2163 300 111.
2190 275 2260 287 -
2302 245 2712 304 EXEGETICA.
3333 201 3343 206 I
3431 256 3574 314 1284

390 369 481 424 22.
523 369 590 424 Et
612 386 718 424 nox
751 368 889 425 sicut
917 370 1032 425 dies
1059 369 1450 424 illuminabitur
1477 385 1489 420 :

2051 367 2142 422 22.
2173 369 2284 422 Καὶ
2304 369 2403 436 νὺξ
2431 368 2506 432 ὡς
2538 369 2720 440 ἡμέρα
2743 373 3140 444 φωτιοοήσεται
3161 389 3173 402 ο

390 463 480 518 25.
520 461 675 518 Sicut
703 464 934 518 tenebrat:
969 464 1105 532 ejus,
1141 465 1208 516 ita
1243 473 1297 518 et
1329 465 1508 517 lumen
1537 463 1676 532 ejus.

2054 459 2142 512 25.
2186 459 2271 522 Ὠς
2299 458 2361 512 τὸ
2393 459 2583 522 σκότος
2609 459 2780 529 αὑτῆς
2803 499 2818 524 ,
2849 460 2992 515 οὑτω
3023 460 3116 516 κα).
3142 462 3203 516 τὸ
3229 461 3347 533 φῶς
3370 463 3567 534 αὑτῆς.

391 553 479 609 24.
519 555 655 620 Quia
682 565 736 608 tu
766 554 1054 624 possedisti
1078 567 1236 608 renes
1271 569 1422 608 meos
1454 571 1464 606 :

2050 549 2138 606 24.
2166 550 2286 603 Ὀτι
2321 549 2383 601 σὺ
2415 550 2631 619 ἐκτήσω
2660 550 2788 614 τοὺς
2819 552 3048 623 νεφρούς
3083 572 3182 624 μου
3203 571 3217 585 ³

390 645 481 700 25.
522 628 820 714 Suscepisti
855 661 940 700 me
967 646 1034 698 de
1067 655 1219 698 utero
1253 645 1445 699 matris
1480 659 1631 699 meae.

2053 641 2144 694 25.
2181 640 2496 694 ’Λντελάϐου
2531 657 2631 710 μου
2661 642 2726 696 ὲκ
2750 644 2984 716 γαστρὸς
3013 647 3218 718 μητρός
3253 662 3376 717 μου.

391 734 481 788 26.
524 733 831 792 Conﬁtcbor
871 737 1007 800 tibi,
1052 736 1180 805 quia
1222 735 1535 790 terribiliter
1576 735 1814 805 magnitit

2055 731 2145 786 26.
2191 732 2684 804 Ἐξομολογήσομαί
2739 752 2861 804 σοι,
2907 738 2987 790 ὅτι
3033 738 3276 809 φοϐερῶς
3323 740 3570 811 ἐθαυμα-

323 832 410 878 1118
435 839 494 878 es
523 841 536 878 Ζ

2021 822 2217 893 τώθης.

385 913 472 967 27.
516 913 781 970 Mirabilia
811 931 976 986 opera
1026 925 1141 984 tua,
1172 925 1226 970 et
1251 915 1430 970 anima
1461 931 1576 970 mea
1610 931 1810 982 cognos

2047 915 2134 969 27.
2166 915 2454 986 Θαυμάσια
2494 914 2563 970 τὰ
2601 915 2741 990 ἔργα
2783 935 2902 986 σου,
2937 922 3032 974 καὶ
3084 925 3117 994 ή
3155 923 3296 995 ψυχή
3341 941 3444 994 μου
3480 940 3568 993 γι-

319 1005 503 1062 nimis.

2021 1005 2180 1060 ώσκει
2213 1007 2435 1079 σφόδρα.

383 1097 474 1154 28.
512 1095 630 1152 Non
655 1106 738 1154 est
765 1101 1096 1156 occultatum
1122 1116 1184 1156 os
1211 1115 1393 1155 meum
1436 1114 1465 1152 a
1498 1110 1568 1162 te,

2053 1099 2141 1152 28.
2172 1100 2285 1152 Οὑκ
2320 1099 2524 1172 ἐκρύϐη
2553 1099 2615 1153 τὸ
2643 1099 2835 1157 ὀστοῦν
2869 1122 2972 1176 μου
3005 1106 3112 1160 ἀπὸ
3142 1105 3257 1171 σοῦ,

383 1187 472 1242 29.
515 1187 670 1254 Quod
704 1188 881 1246 fecisti
914 1191 968 1246 in
1003 1192 1240 1254 occulto,
1287 1196 1293 1204 '

2052 1189 2140 1245 29.
2175 1192 2239 1242 Ὃ
2273 1191 2534 1260 ἐποίησας
2564 1195 2623 1246 ἐν
2656 1197 2838 1266 κρυφῇ
2859 1236 2874 1258 ν

383 1283 474 1340 50.
513 1284 577 1340 Et
607 1286 910 1341 substantia
937 1302 1050 1340 mea
1077 1287 1130 1340 in
1162 1284 1512 1339 interioribus
1539 1293 1696 1337 terra!
1727 1299 1739 1336 :

2055 1284 2308 1356 50.Κα).ὴ
2333 1286 2626 1350 ὑπόστασίς
2649 1305 2751 1359 μου
2773 1292 2829 1343 ὲν
2849 1292 2960 1354 τοῖς
2977 1292 3308 1356 κατωτάτοις
3324 1294 3558 1364 τῆςγῆς.

383 1374 471 1428 51.
513 1373 891 1444 Imperfectum
930 1391 1106 1430 meum
1142 1375 1390 1428 viderunt
1425 1373 1565 1428 oculi
1595 1373 1690 1426 tui.

2046 1377 2134 1431 51.
2164 1378 2236 1430 Τὸ
2266 1379 2676 1452 ἁκατέργαστόν
2707 1400 2808 1453 μου
2838 1379 2976 1437 εἶδον
3000 1386 3048 1436 0!
3079 1385 3343 1456 ὀφθαλμοί
3371 1403 3485 1440 σου.

383 1461 472 1519 32.
515 1466 580 1520 Et
613 1468 664 1520 in
697 1467 836 1521 libro
869 1477 958 1520 tuo
987 1483 1176 1522 omnes
1211 1467 1518 1521 scribentur
1548 1481 1560 1515 :

2051 1469 2120 1523 52
2173 1471 2282 1522 Καὶ
2313 1470 2405 1522 ἐπὶ
2435 1470 2498 1524 τὸ
2531 1471 2735 1542 βιϐλίον
2780 1491 2873 1527 σου
2917 1476 3115 1538 πάντες
3148 1478 3556 1548 γραφήσονται’

377 1556 466 1611 55.
510 1557 633 1613 Dies
667 1558 1070 1623 formabuntur,
1097 1571 1149 1614 et
1176 1575 1335 1613 nemo
1370 1560 1423 1612 in
1453 1559 1552 1612 eis.

2053 1562 2142 1615 55.
2187 1561 2430 1634 Ἡμέρας
2459 1562 2859 1636 πλασθήσονται
2883 1605 2898 1628 ,
2941 1569 3035 1620 καὶ
3061 1565 3236 1630 οὐδεὶς
3269 1570 3325 1620 ἐν
3353 1567 3558 1630 αὑτοῖς.

380 1649 467 1703 54.
491 1648 637 1712 Mihi
665 1661 844 1704 autem
875 1651 1037 1704 nimis
1061 1649 1404 1704 honorilicati
1433 1655 1561 1703 sunt
1584 1647 1744 1702 amici
1777 1655 1814 1700 ιι

2051 1653 2140 1706 54.
2178 1653 2330 1724 Ἐμοὶ
2357 1653 2412 1706 δὲ
2441 1652 2560 1708 λίαν
2582 1655 2918 1727 ἐτιμήθησαν
2946 1659 2994 1710 οί
3015 1657 3156 1726 φίλοι
3186 1674 3301 1722 σου,
3336 1658 3363 1709 6
3388 1657 3552 1720 Θεός’

310 1739 452 1794 Deus
483 1757 496 1792 :
1783 1735 1788 1742 ’

379 1833 466 1889 55.
506 1831 678 1888 Nimis
709 1831 1044 1888 confortatus
1071 1842 1153 1888 est
1187 1831 1519 1901 principatus
1549 1842 1760 1883 eorum.

2051 1826 2140 1880 55.
2173 1826 2306 1881 Δίαν
2339 1825 2786 1899 ὲκραταιώοησαν
2819 1829 2874 1883 αἱ
2904 1827 3067 1899 ἀρχαὶ
3098 1827 3295 1880 αὑτῶν.

1422 1983 1791 2040 ATHANASII
1848 1979 2433 2038 INTERPRETATIO.

374 2109 464 2164 22.
513 2107 579 2163 Et
615 2124 734 2178 quae
763 2108 815 2162 in
862 2110 1098 2178 peccatis
1125 2117 1347 2177 aegrotat
1374 2110 1553 2160 anima
1585 2105 1806 2160 subleva

2037 2103 2125 2156 22.
2159 2103 2267 2157 Καὶ
2291 2105 2323 2174 ἡ
2350 2103 2428 2174 (1)
2459 2105 2516 2157 ὲν
2563 2104 2860 2176 ἁμαρτίαις
2909 2103 3231 2157 ὲπινοσοῦσα
3273 2103 3442 2174 ψυχὴ,
3489 2103 3556 2157 διο

304 2203 357 2256 in
386 2201 676 2270 baptismo,
701 2201 866 2256 veluti
915 2203 1030 2256 dies
1060 2200 1474 2264 illuminabitur,
1507 2198 1782 2254 exoriente

2021 2195 2254 2266 rspﬂsisa
2274 2196 2332 2248 ἐν
2349 2194 2426 2266 τῷ
2453 2194 2808 2266 βαπτίσματι,
2833 2195 2910 2258 ὡς
2932 2195 3112 2264 ἡμέρα
3134 2195 3554 2266 φωτισθήσεται,

303 2293 356 2344 in
388 2292 524 2360 ipsa.

2021 2286 2348 2351 ιατείλαντός
2378 2305 2472 2340 σου
2504 2289 2561 2340 ὲν
2593 2289 2752 2358 αὑτῇ.

371 2384 461 2440 25.
490 2383 563 2438 Ita
595 2385 739 2438 enim
765 2385 943 2438 omnis
977 2383 1157 2437 anima
1189 2381 1491 2434 illuminata
1526 2395 1554 2433 a
1592 2387 1663 2442 te,
1687 2379 1814 2432 imit:

2039 2377 2128 2430 25.
2173 2377 2359 2441 Οὕτως
2408 2376 2486 2448 (2)
2553 2375 2662 2448 γὰρ
2711 2379 2955 2448 μιμεῖται
3003 2377 3060 2429 ὲν
3109 2377 3187 2448 τῷ
3222 2375 3554 2447 βαπτίσματι

299 2491 388 2534 tur
417 2481 470 2534 in
493 2479 764 2548 baptismo
794 2479 1034 2532 triduum
1058 2475 1246 2531 mortis
1272 2484 1376 2528 tua:
1422 2481 1475 2526 et
1508 2471 1814 2525 resurrectit

2021 2472 2120 2523 Ξίσα
2164 2469 2310 2542 ψυχὴ
2353 2467 2697 2540 φωτιζομένη
2727 2470 2831 2523 ὑπὸ
2860 2469 2951 2524 σοῦ
2981 2471 3080 2542 τὴν
3123 2471 3419 2541 τριήμερον
3460 2468 3552 2523 τοῦ

298 2572 407 2633 nis,
435 2582 648 2626 noctem
696 2581 858 2640 atque
889 2571 1054 2624 diem.

2021 2561 2202 2615 ινάτου
2240 2579 2331 2614 σου
2367 2561 2460 2615 καὶ
2491 2561 2590 2632 τῆς
2619 2562 2968 2625 ἀναστάσεως
2996 2561 3163 2615 νύκτα
3194 2563 3286 2615 καὶ
3316 2562 3550 2634 ἡμέραν.

367 2663 456 2717 21.
514 2661 648 2728 Quia
691 2672 746 2716 tu
801 2660 1073 2716 redemisti
1115 2673 1332 2714 omnem
1383 2673 1557 2712 meam
1605 2656 1814 2710 virtute}

2040 2653 2132 2708 24.
2175 2653 2300 2708 Ὅτι
2353 2655 2417 2708 σὺ
2477 2654 2818 2726 ὲξηγόρασας
2869 2659 3050 2708 πᾶσαν
3094 2655 3193 2726 τὴν
3249 2653 3402 2726 ίσχὺν
3451 2671 3553 2725 μου

298 2755 536 2824 pretioso
568 2763 660 2807 tuo
695 2755 978 2825 sanguine.

2021 2747 2050 2822 ξ)
2080 2749 2157 2820 (5)
2182 2748 2347 2819 τιμίῳ
2381 2764 2472 2800 σου
2503 2723 2715 2818 αἵματι.

368 2839 458 2894 25.
486 2839 801 2909 Adjutorem
835 2841 965 2895 mihi
997 2839 1190 2896 dedisti
1220 2843 1406 2896 statim
1435 2855 1465 2894 a
1492 2837 1712 2894 lavacro
1745 2835 1814 2908 Sp

2038 2839 2129 2896 25.
2166 2841 2366 2912 Βοηθόν
2394 2840 2470 2910 (4)
2511 2856 2601 2910 μοι
2641 2839 2881 2903 δέδωκας
2933 2838 3132 2901 εὐθέως
3164 2839 3272 2892 ἀπὸ
3331 2837 3432 2907 τῆς
3462 2855 3550 2891 κο-

295 2933 456 2986 ritum
493 2945 740 2988 sanctum
773 2945 948 2988 tuum.

2021 2931 2290 3005 ιμϐήϐρας
2311 2933 2371 2986 τὸ
2391 2931 2617 3002 Πνεῦμα
2641 2949 2735 2985 σου
2760 2933 2820 2985 τὸ
2849 2931 3019 3000 ἆγιον.

361 3025 450 3082 26.
489 3025 721 3082 Tradam
757 3037 928 3082 totum
960 3042 1045 3082 me
1074 3028 1252 3097 ipsum
1286 3024 1416 3093 tibi,
1443 3026 1568 3096 quia
1595 3025 1814 3081 excellet

2039 3023 2130 3077 26.
2169 3022 2422 3076 Ἐκδὼσω
2449 3041 2531 3077 σοι
2558 3023 2679 3077 ὅλον
2712 3024 2969 3095 ἐμαυτὸν,
3001 3025 3081 3077 ὃτι
3107 3021 3550 3095 ὑπερϐαλλόντως

291 3121 372 3169 ter
404 3115 741 3186 gloriﬁcatus
773 3131 854 3172 es.

2021 3115 2273 3180 ιδόξασαι.

359 3206 449 3262 27.
481 3208 874 3262 Admirationis
924 3207 1096 3276 plenm
1146 3216 1274 3261 sunt
1306 3207 1592 3274 passiones
1632 3213 1774 3269 tuae,
1811 3228 1814 3250 ι

2035 3207 2485 3279 27.Ἑκπλήξεως
2525 3207 2668 3278 μετὰ
2698 3206 2777 3279 (5)
2819 3207 3122 3279 ὑπάρχουσι
3152 3204 3218 3258 τὰ
3253 3204 3395 3273 παθή
3407 3200 3548 3272 ματά

288 3297 470 3351 anima
503 3313 620 3352 mea
646 3298 818 3352 credit
847 3299 902 3352 in
934 3298 1070 3368 ipsis
1101 3313 1274 3366 usque
1301 3298 1354 3350 in
1380 3299 1563 3350 linem.

2021 3320 2083 3365 μυ,
2125 3300 2220 3354 καὶ
2246 3301 2278 3372 ὴ
2305 3300 2449 3372 ψυχή
2484 3318 2585 3372 μου
2615 3301 2860 3354 πιστεύει
2895 3302 2952 3353 ὲν
2979 3299 3161 3362 αὑτοῖς
3192 3300 3296 3360 ἓως
3338 3295 3546 3356 τέλους.

361 3386 448 3444 28.
471 3387 587 3445 Non
618 3390 949 3460 despiciatur
984 3406 1014 3444 a
1043 3400 1094 3444 te
1137 3389 1426 3443 inﬁrmitas
1455 3388 1650 3442 anima:
1705 3402 1814 3441 mea

2034 3391 2126 3448 28.
2160 3391 2238 3460 (6)
2275 3391 2348 3445 Οὑ
2394 3392 2726 3464 παρεωράθη
2791 3392 2943 3463 παρὰ
2978 3391 3072 3444 σοῦ
3113 3391 3172 3444 τὸ
3199 3388 3424 3450 ἀσθενὲς
3449 3384 3546 3455 τῆς

1386 3483 1408 3504 ⁸
1963 3483 2140 3554 ψυχῆς
2169 3483 2246 3554 (7)
2272 3501 2397 3554 μου,

357 3565 447 3624 29.
472 3564 538 3622 Et
566 3567 869 3623 substantia
908 3569 1077 3638 ipsius
1107 3569 1406 3624 inveterata
1443 3570 1498 3624 in
1537 3573 1800 3641 peccatis.

2033 3574 2124 3630 29.
2181 3574 2292 3627 Καὶ
2341 3575 2375 3645 ἡ
2430 3573 2728 3639 ὑπόστασις
2771 3575 2944 3646 αὑτῆς
2990 3575 3023 3647 ἡ
3071 3571 3439 3628 παλαιωθεῖσα
3480 3571 3543 3622 ιν

1963 3666 2282 3720 ἁμαρτίαις.

356 3739 444 3796 50.
470 3740 762 3795 Renovasti
788 3740 933 3794 enim
976 3756 1063 3796 me
1090 3742 1143 3795 in
1169 3743 1402 3808 occulto,
1423 3744 1541 3824 boc
1563 3752 1648 3798 est
1671 3743 1724 3798 in
1761 3743 1814 3798 b2

2021 3684 2078 3718 ια
2121 3683 2229 3720 τιαι
2269 3706 2282 3720 .

2031 3684 2118 3810 5οἢ
2171 3683 2547 3820 Ἀξεκαίνισας
2581 3755 2689 3828 γάρ
2721 3774 2786 3828 με
2817 3760 2878 3812 ἒν
2921 3761 3138 3830 κρυφῇ,
3178 3756 3452 3809 τουτέστιν
3480 3752 3543 3805 ἐν

281 3832 509 3923 ιηίξξῐιο1
538 3837 866 3888 001⁵111801οο
1959 3848 2035 3922 τῷ
2067 3851 2402 3923 βαπτίσματι
2435 3850 2534 3923 τὴν
2563 3850 2791 3923 καρδίαν
2821 3869 2943 3923 μου.

352 3920 439 3974 51.
471 3921 869 3991 Corruptelam,
893 3932 947 3978 et
979 3923 1324 3978 inutilitatem
1354 3924 1552 3979 mentis
1585 3940 1720 3980 meae
1743 3940 1812 3980 no

2029 3920 2117 3997 51.
2160 3942 2235 3996 Τὸ
2263 3920 2660 4016 διεφθαρμένον
2690 3920 2832 4013 μους
2869 3943 2962 3996 καὶ
2996 3943 3266 4014 ἄχρηστον
3295 3941 3395 4012 τῆς
3424 3940 3540 3995 δια-

279 4009 594 4104 despexile
630 4013 722 4067 sed
752 4015 801 4068 ei
837 4016 1144 4083 providisli.
1883 4087 1925 4104 λ
1957 4032 2105 4096 νοίας
2125 4030 2186 4085 οὑ
2215 4009 2635 4104 παρεὲδεξξάλγ
2666 4009 2908 4104 ἐποιήσω
2940 4009 3215 4103 πρόνοιαν.

349 4105 438 4160 52.
473 4103 540 4159 Et
569 4106 658 4176 qui
687 4106 833 4177 digni
869 4106 992 4162 facti
1033 4117 1163 4162 sunt
1204 4107 1472 4177 baptismo
1499 4117 1595 4163 tuo
1617 4148 1636 4177 ,
1658 4122 1814 4164 omne

2025 4087 2114 4180 52'.
2146 4125 2258 4179 Καὶ
2277 4087 2328 4178 cii.
2351 4087 2673 4190 ἀξιωθέντες
2695 4125 2786 4179 τοῦ
2810 4087 3183 4196 βαπτίσματός
3211 4140 3305 4176 σου
3338 4122 3540 4186 πάντες

279 4197 333 4253 in
363 4197 504 4254 libro
527 4200 650 4255 vitae
673 4201 860 4270 scripti
889 4210 1016 4256 sunt
1051 4201 1106 4254 in
1140 4201 1318 4256 caelis.

2036 4215 2203 4290 βίόλῳ
2245 4219 2443 4291 σμιλίῳ
2485 4219 2563 4290 (8)
2611 4219 2884 4289 ὲτάγησαν
2939 4215 3078 4289 [τῆς
3107 4215 3253 4287 ζωῆς
3295 4214 3540 4286 ἐγράφη·

1951 4309 2072 4385 σαν]
2096 4312 2155 4366 ἐν
2183 4315 2296 4377 τοῖς
2324 4313 2595 4383 οὐρανοῖς.

345 4379 434 4435 55.
467 4379 523 4433 In
558 4379 678 4435 luce
704 4380 958 4450 baptismi
1009 4389 1364 4449 renovantur,
1409 4390 1463 4436 et
1498 4397 1660 4436 nemo
1710 4383 1814 4436 alin

2021 4401 2110 4458 55.
2149 4403 2236 4456 Ἐν
2269 4403 2346 4474 τῷ
2382 4403 2521 4474 φωτὶ
2545 4400 2640 4456 τοῦ
2678 4401 3055 4474 βαπτίσματος
3086 4398 3534 4464 ἀνακαινοὺνται,

273 4471 407 4536 :llic,
437 4473 542 4527 nisi
569 4483 623 4528 tu
655 4474 804 4529 solus
829 4475 882 4528 in
920 4475 1073 4543 ipsis.

2021 4496 2042 4548 l.
2076 4495 2250 4560 οὐδεὶς
2279 4471 2437 4562 ἄλλός
2461 4499 2579 4552 ἐκεῖ
2623 4471 2687 4552 εί
2707 4497 2781 4571 μὴ
2835 4471 2899 4552 σὺ
2931 4497 3092 4568 μόνος
3121 4497 3177 4549 ἐν
3204 4496 3399 4560 αὑταῖς
3433 4495 3533 4567 (9).

343 4563 435 4618 54.
479 4563 606 4618 Mihi
653 4573 834 4620 autem
871 4565 1124 4636 deinceps
1170 4565 1522 4623 honorabiles
1551 4578 1680 4622 sunt
1713 4582 1814 4638 apo

2021 4585 2109 4642 54.
2148 4588 2304 4657 Ἐμοὶ
2333 4588 2389 4642 δὲ
2418 4587 2516 4643 τοὺ
2545 4563 2734 4643 λοιποο
2770 4563 2944 4660 τίμιοι
2980 4587 3093 4658 (10)
3121 4563 3457 4658 ὑπάρχουσιν

271 4655 395 4711 stoli
421 4656 522 4724 tui,
555 4657 619 4712 ad
645 4673 783 4726 quos
809 4658 987 4713 dixisti
1016 4678 1027 4712 :
1071 4657 1173 4713 Vos
1209 4661 1370 4714 amici
1403 4661 1530 4715 estis
1548 4660 1591 4715 ⁸.

2021 4655 2238 4733 τόστολοί
2268 4697 2399 4748 σου,
2447 4681 2582 4754 πρὸς
2628 4681 2721 4746 οὓς
2761 4655 3098 4756 εἰρήκαμεν-ο
3137 4655 3322 4749 'r
3368 4680 3536 4748 φίλοι

1949 4768 2110 4828 ἐστέ.

333 4828 423 4886 55.
457 4829 691 4886 Fortiter
734 4831 1006 4887 dominata
1041 4845 1122 4888 est
1165 4835 1410 4902 potentia
1435 4835 1840 4906 praedicationis

266 4938 480 4979 eorum.

2021 4861 2111 4918 55.
2151 4864 2408 4936 ’ἰσχυρῶς
2460 4865 3011 4936 κατεδυνάστευσενή
3055 4862 3272 4927 ἐξουσία
3304 4859 3400 4915 τοῦ
3435 4877 3532 4916 κτι-

341 4949 480 4979 rum.

341 5036 362 5067 ³
397 5034 557 5091 Joan.
595 5053 684 5100 xv,
725 5037 810 5091 14.

2021 4967 2228 5021 γματος
2253 4954 2452 5007 αὑτῶν.

1225 5112 1532 5176 Addenda
1570 5125 1630 5179 et
1663 5124 2039 5206 corrigenda
2073 5147 2150 5191 ex
2195 5131 2336 5194 cod.
2369 5133 2571 5195 Vatic.

333 5225 410 5296 (1)
449 5229 560 5284 Καὶ
601 5230 657 5282 ἐν
711 5231 1006 5302 ἀμαοτίαις
1041 5233 1280 5290 ὑπνοῦσα
1316 5237 1498 5311 ψυχή,
1531 5251 1661 5308 ete.,
1698 5246 1772 5310 ὡς
1805 5265 1814 5300 1

261 5293 598 5394 ὴιεὶραλξξς·

2021 5255 2225 5378 [7)ῑῖἧς
2255 5255 2466 5325 ψυχῆς,
2508 5258 2604 5310 καὶ
2639 5259 2670 5328 ἡ
2714 5255 3012 5324 ὑπόστασις
3053 5261 3151 5330 τῆς
3193 5255 3373 5327 ψυχῆς
3420 5270 3522 5326 μου

2061 5344 2089 5378 e

454 5339 598 5388 Uf‘"
654 5381 690 5388 ,-
1939 5339 2014 5388 η,
2061 5339 2167 5378 NC-

439 5368 797 5518 ῗὲξέἰῷῗιὲία
1945 5367 1971 5394 "
2001 5367 2408 5518 sitim)
2437 5395 2582 5468 ζωῆς
2607 5398 2962 5471 ἑνετάγησαν,
2998 5411 3102 5454 etc.

337 5467 415 5507 ιο)
469 5467 538 5492 DV
564 5467 662 5522 περ,
693 5467 797 5497 cui.
2123 5467 2334 5527 Αὐτοῖς.
2541 5467 2546 5468 γ
2782 5467 2786 5468 7
2827 5467 2837 5471 ⁷

442 5510 661 5634 ῧοετκᾶῗιέν
680 5531 800 5639 52:,
835 5525 919 5570 etc
1717 5603 1726 5618 ί
2014 5535 2122 5617 (10)
2155 5536 2363 5604 Τιμῆς,
2395 5544 2524 5604 ειη,
2559 5539 2694 5608 πρδς
2725 5539 2818 5603 οὓς
2852 5557 3079 5613 am“;
3106 5557 3116 5569 .
3163 5537 3350 5608 Ὑμεῖς
3383 5532 3521 5604 ψίλα

577 5619 592 5634 υ
639 5624 652 5644 ’
771 5623 784 5636 .
1941 5620 2041 5648 mu
2076 5621 2216 5648 εστε.

577 5596 817 5676 ςαὲξωέη
862 5657 985 5676 Pw
1036 5675 1041 5676 ν
1182 5661 1190 5671 ο
1717 5603 1726 5618 ’
1939 5605 2041 5676 μού
2076 5607 2218 5657 ἐστε.

327 5648 402 5716 (6)
425 5650 488 5704 Ν.
520 5653 608 5716 28,
635 5653 721 5713 29.
752 5656 836 5710 50.
861 5657 1068 5712 Comm.
1104 5661 1313 5716 unicus.
