3740 6294
213 295 363 350 1285

1047 291 1133 348 DE
1177 295 1455 352 TITULIS
1493 294 1941 352 PSALMORUM.
1984 327 2052 336 —-
2089 295 2263 349 PSAL
2325 293 2656 348 CXXXVIII.

3327 291 3461 346 1286

284 406 376 466 56.
412 407 877 481 Ἐξαριθμὴσομαι
910 409 1125 479 αὐτοὺς,
1151 413 1245 466 καὶ
1279 413 1417 485 ὑπὲρ
1443 413 1624 484 ἄμμον
1658 414 1791 484 πλη-

1976 412 2050 467 56.
2086 411 2449 466 Dinumerabo
2483 425 2597 474 eos,
2650 418 2701 462 et
2731 421 2893 476 super
2933 419 3155 460 arenam
3201 402 3462 476 multiplio

212 499 580 571 Θυνθήσονται
600 517 615 532 ο

292 592 382 648 57.
422 592 775 665 Ἐξηγέρθην,
802 596 896 649 καὶ
931 595 1010 649 ἐτι
1039 596 1154 666 εἰμὶ
1180 597 1319 667 μετὰ
1355 596 1470 650 σοῦ.

290 684 384 740 58.
423 685 548 738 Ἐὰν
579 685 904 758 ἀποκτείνῃς
937 688 1312 760 ἁμαρτωλοὺς,
1344 690 1372 741 6
1397 687 1527 751 Θεός
1547 704 1560 716 ·

286 775 378 833 39.
411 777 636 848 Ἀνδρες
669 778 935 848 αἱμάτων,
962 779 1243 832 ἐκκλίνατε
1277 779 1370 833 ἀπ’
1399 777 1534 850 ἐμοῦ
1554 795 1569 810 ·

295 868 386 922 40.
420 869 538 921 Ὅτι
565 869 778 940 ἐρισταί
812 873 932 923 ἐστε
968 873 1047 934 εἰς
1074 869 1492 943 διαλογισμούς·

293 957 385 1013 41.
409 958 682 1029 Λήψονται
715 961 793 1025 είς
827 961 1157 1033 ματαιότητα
1181 963 1279 1026 τὰς
1310 963 1492 1026 πόλεις
1525 962 1644 1035 [σου
1650 967 1688 1035 j.

293 1047 386 1101 42.
421 1051 557 1120 Οὐχὶ
586 1052 709 1114 τοὺς
744 1051 1032 1123 μισοῦντας
1065 1071 1144 1118 σε,
1175 1054 1367 1126 Κύριε,
1401 1057 1670 1127 ἐμίσησας

289 1141 381 1195 45.
419 1142 528 1194 Καὶ
567 1143 658 1196 ἐπὶ
698 1146 822 1208 τοὺς
852 1145 1078 1218 ἐχθρούς
1123 1163 1217 1200 σου
1247 1145 1395 1218 [τοῖς
1421 1147 1634 1220 ἐχθροῖς
1664 1149 1794 1221 σου]

216 1230 563 1305 ἐξετηκόμην
581 1250 600 1300 ;

291 1325 382 1379 44.
407 1325 623 1380 Τέλειον
649 1329 800 1398 μῖσος
827 1329 1045 1400 ἐμίσουν
1071 1330 1266 1396 αὐτούς
1285 1350 1298 1364 ·

287 1417 379 1471 45.
416 1418 510 1479 Εἰς
538 1418 764 1490 ἐχθροὺς
799 1422 1044 1491 ἐγένοντό
1073 1441 1185 1494 μοι.

286 1509 378 1564 46.
406 1510 705 1581 Δοκίμασόν
736 1530 802 1581 με
823 1554 837 1577 ,
871 1517 898 1567 6
935 1515 1099 1579 Θεὸς,
1129 1516 1220 1569 καὶ
1246 1515 1413 1580 γνῶθι
1439 1514 1536 1584 τὴν
1567 1514 1794 1588 καρδίαν

217 1620 329 1675 μου
354 1621 367 1633 ·

292 1698 381 1752 47.
418 1697 649 1752 Ἐτασόν
679 1717 767 1771 με,
793 1702 883 1754 καὶ
907 1703 1076 1771 γνῶθι
1103 1705 1200 1768 τὰς
1225 1703 1444 1775 τρίϐους
1479 1719 1601 1774 μου.

1901 507 2168 561 cabunlur
2194 523 2208 560 :

1969 597 2057 650 57.
2101 594 2416 655 Exsurrexi,
2443 602 2497 647 et
2520 591 2699 646 adhuc
2727 606 2848 646 sum
2877 600 3074 645 tecum.

1972 687 2060 741 58.
2102 685 2158 739 Si
2189 684 2477 747 occideris,
2512 683 2677 748 Deus,
2707 686 3021 751 peccatores
3050 695 3063 730 :

1968 777 2056 832 59.
2097 775 2208 830 Viri
2239 775 2590 846 sanguinum,
2628 771 2891 828 declinate
2920 786 2950 823 a
2985 783 3112 823 me:

1969 871 2059 926 40.
2097 869 2234 936 Quia
2262 865 2593 923 contentiosi
2625 865 2755 920 estis
2787 864 2839 918 in
2871 860 3294 934 cogitationibus
3323 877 3336 912 :

1969 967 2058 1022 41.
2094 965 2374 1035 Accipient
2404 963 2459 1017 in
2489 962 2728 1017 vanitate
2752 959 3001 1014 civitates
3038 953 3226 1028 [tuas].

1967 1059 2057 1115 42.
2095 1057 2286 1113 Nonne
2316 1057 2410 1127 qui
2442 1056 2674 1110 oderunt
2707 1062 2776 1116 te,
2815 1050 3061 1113 Domine,
3094 1043 3363 1102 oderam?

1965 1149 2055 1204 4⁵5.
2099 1148 2166 1204 Et
2191 1163 2354 1218 super
2378 1145 2626 1200 inimicos
2653 1149 2776 1197 tuos
2805 1135 3186 1195 tabescebam?

1967 1337 2058 1391 44.
2098 1332 2346 1389 Perfecto
2380 1334 2504 1387 odio
2531 1329 2755 1385 oderam
2793 1328 2914 1381 illos

1959 1430 2051 1485 45.
2090 1427 2304 1483 Inimici
2336 1425 2464 1480 facti
2488 1431 2617 1479 sunt
2644 1423 2798 1477 mihi.

1964 1519 2055 1575 46.
2073 1518 2250 1574 Proba
2280 1533 2387 1585 me,
2408 1515 2553 1571 Deus
2576 1555 2592 1582 ,
2611 1523 2665 1569 et
2690 1513 2826 1568 scito
2842 1525 2935 1566 cor
2950 1522 3130 1564 meum
3145 1507 3186 1576 εξ

1967 1698 2056 1754 47.
2097 1699 2376 1766 Interroga
2405 1709 2512 1761 me,
2535 1704 2589 1748 et
2619 1706 2888 1761 cognosce
2915 1689 3136 1745 semitas
3165 1701 3336 1742 meas.

292 1789 384 1845 48.
410 1791 516 1843 Καὶ
546 1789 641 1857 ἴδε,
672 1763 719 1844 ἐξ
737 1792 852 1856 ὁδὸς
873 1763 944 1865 [ευί
972 1794 1116 1848 ἔστιν
1142 1763 1280 1867 ὁδὸς]
1301 1763 1530 1866 ἀνομίας
1553 1794 1611 1849 ἐν
1633 1793 1757 1848 ἐμοί
1775 1810 1790 1824 ·

1976 1792 2058 1848 48.
2096 1790 2162 1844 Et
2186 1763 2395 1853 vide,51
2414 1789 2498 1842 via
2514 1787 2582 1860 [si
2599 1795 2682 1842 est
2697 1784 2805 1856 vta]
2822 1784 3120 1854 iniquitatis
3135 1782 3187 1835 in
3208 1795 3292 1834 me
3317 1793 3334 1830 :

297 1881 383 1937 49.
412 1883 521 1937 Καὶ
547 1883 810 1956 ὁδήγησόν
841 1903 908 1957 με
935 1888 993 1942 ἐν
1023 1887 1127 1959 ὁδῷ
1156 1888 1369 1960 αἰωνίᾳ.

1338 2063 1710 2121 ATHANASII

290 2238 382 2295 36.
412 2238 632 2295 Δώδεκά
659 2243 785 2309 είσι,
808 2241 904 2297 καὶ
931 2240 1020 2296 τδν
1040 2241 1244 2313 κόσμον
1274 2242 1392 2296 ὅλον
1411 2240 1500 2295 διὰ
1521 2239 1611 2295 τοῦ
1635 2240 1793 2312 λόγου

216 2333 400 2388 αὐτῶν
424 2337 864 2408 περιποιήσανται
893 2336 974 2399 είς
996 2335 1144 2399 υἱοὺς
1172 2336 1264 2388 καὶ
1295 2334 1618 2406 θυγατέρας.

289 2511 379 2569 57.
419 2513 818 2587 Ἐζωοποιὴθην
844 2515 931 2569 διὰ
959 2512 1053 2568 τοῦ
1099 2513 1497 2584 βαπτίσματος,
1524 2514 1620 2566 καὶ
1645 2512 1796 2568 ἀδια-

217 2598 456 2664 λείπτως
482 2601 672 2673 ἔσομαι
709 2603 843 2674 μετὰ
874 2602 988 2657 σοῦ.

218 2776 248 2838 ὁ
422 2691 546 2745 Ἐὰν
573 2692 985 2768 θανατώσῃςταύ
1004 2712 1104 2758 τας
1118 2694 1217 2759 τὰς
1243 2694 1491 2758 ἐναντίας
1518 2694 1794 2766 δυνάμεις,

323 2785 411 2848 εός
431 2801 446 2816 ⁸

289 2877 381 2932 59.
429 2879 553 2942 Τοῖς
593 2879 811 2951 δαίμοσι
858 2879 1368 2952 λέγειἈίμοπόται
1404 2879 1800 2951 μισάνθρωποι,

218 2968 612 3041 ἀναχωρήσατε
640 2972 732 3025 ἀπ’
763 2972 896 3043 ἐμοῦ
919 2990 933 3002 ·

291 3063 380 3118 40,
423 3065 543 3116 Ὅτι
597 3064 921 3137 ἐνθυμήσεις
971 3066 1216 3138 πονηρὰς
1265 3065 1586 3120 ὑποτίθεσθε
1645 3065 1801 3119 πολε-

220 3157 450 3228 μοῦντες
486 3159 583 3226 (1).

1968 1883 2059 1939 49.
2100 1881 2166 1936 Et
2188 1881 2363 1937 deduc
2389 1894 2477 1934 me
2507 1879 2564 1932 in
2590 1878 2678 1932 via
2704 1888 2924 1932 aeterna.

1775 2059 2356 2118 INTERPRETATIO.

1976 2220 2063 2276 56.
2096 2217 2387 2274 Duodecim
2423 2219 2588 2279 sunt,
2619 2220 2673 2267 et
2699 2217 2874 2265 totum
2923 2206 3185 2262 mundum
3220 2217 3471 2261 sermone

1904 2328 2005 2370 suo
2040 2313 2093 2367 in
2124 2311 2263 2367 ﬁlios
2312 2318 2364 2364 et
2405 2307 2544 2362 filias
2600 2319 2698 2374 per
2757 2300 3099 2370 adoptionem
3135 2296 3464 2365 spiritualem

1902 2404 2203 2476 acquirenl.

1975 2498 2063 2553 37.
2091 2495 2369 2566 Baptismo
2393 2489 2696 2546 vivilicatus
2725 2500 2870 2551 sum,
2895 2492 2948 2538 et
2976 2479 3346 2535 indesinenter
3373 2489 3472 2531 ero

1900 2601 2102 2648 tecum.

1972 2685 2058 2738 38.
2094 2680 2152 2735 Si
2183 2677 2344 2734 morti
2375 2672 2680 2738 tradideris,
2719 2669 2880 2736 Deus,
2908 2666 3007 2722 has
3033 2661 3337 2721 contrarias
3371 2675 3469 2732 po-

1902 2790 2126 2838 testates
2153 2792 2168 2832 2

1977 2874 2066 2929 '59.
2114 2872 2464 2926 Daemomnus
2496 2865 2630 2921 dicit
2660 2882 2674 2917 :
2706 2864 3128 2930 Sanguipotores
3157 2868 3347 2912 osores
3374 2850 3474 2906 ho-

1903 2969 2136 3032 minum,
2166 2963 2400 3019 recedite
2422 2976 2452 3014 a
2483 2973 2571 3014 mc
2601 2975 2616 3011 :

1973 3062 2062 3116 40.
2079 3057 2218 3126 Quia
2235 3055 2595 3128 cOgitationes
2617 3063 2813 3120 pravas
2837 3049 3141 3116 pugnantes
3166 3035 3468 3108 subjicitis:

290 3250 380 3304 Η.
411 3211 878 3321 Αἰχμαλωτίζουσι
903 3269 1002 3316 τας
1040 3269 1217 3324 ψυχας
1253 3258 1361 3306 τῶν
1396 3253 1697 3324 ἀνθρώπων
1722 3254 1791 3316 εἰς

1976 3244 2061 3299 41.
2091 3239 2347 3311 Captivas
2387 3233 2660 3290 alnlueent
2683 3228 2897 3284 animas
2923 3211 3223 3280 liominum'
3238 3217 3294 3271 in
3321 3212 3474 3268 vani-

221 3341 404 3413 μάτην
420 3359 434 3373 ο
460 3344 620 3397 πάλιν
642 3345 750 3417 γὰρ
778 3345 1165 3417 ἐπιστρέφουσι
1190 3345 1327 3416 πρὸς
1351 3344 1432 3398 σέ.

293 3437 381 3490 42.
400 3435 540 3505 Ἐγὼ
558 3437 613 3490 δὲ
645 3438 850 3501 πάντας
874 3438 999 3501 τοὺς
1028 3436 1456 3507 ἀνθισταμένους
1479 3439 1547 3507 τῇ
1575 3435 1803 3508 ἀληθείᾳ

222 3544 342 3590 σου,
373 3528 566 3600 Κύριε,
601 3528 860 3600 ἐμίσησα.

294 3617 387 3670 43.
415 3619 526 3670 Καὶ
568 3619 660 3671 ἐπὶ
692 3623 804 3683 τοῖς
836 3615 1151 3672 ἀπειθοῦσιν
1179 3616 1256 3688 (2)
1301 3615 1640 3688 ἐξετηκόμην
1695 3616 1802 3670 ἀπὸ

220 3707 318 3760 τοῦ
347 3705 525 3778 ζήλου.
562 3711 670 3762 Καὶ
694 3709 867 3773 ἄλλως
896 3710 954 3762 δὲ
987 3713 1184 3764 νοεῖται
1213 3711 1242 3762 6
1273 3708 1435 3773 αὐτὸς
1463 3707 1644 3779 στίχος
1669 3724 1683 3740 ο
1709 3707 1802 3760 καὶ

221 3800 319 3853 ἐπὶ
363 3803 481 3863 ταῖς
531 3801 800 3866 ἐναντίαις
838 3802 1100 3873 δυνάμεσι
1132 3800 1222 3856 διὰ
1263 3801 1370 3874 τῆς
1413 3800 1667 3872 νηστείας
1711 3800 1803 3853 καὶ

223 3889 573 3961 ἐγκρατείας.
1216 3935 1221 3940 .

293 3979 381 4034 44.
412 3979 546 4033 Οὔτε
573 3982 974 4054 προσηγόρευον
1019 3983 1146 4047 τοὺς
1176 3981 1407 4055 ἐχθροὺς
1432 3981 1530 4052 τῆς
1564 3979 1801 4043 πίστεώς

222 4089 342 4126 σου.

294 4165 383 4221 45.
415 4165 600 4230 Οὕτως
634 4166 1030 4240 ἐϐδελυσσόμην
1063 4170 1260 4233 αὐτοὺς
1282 4209 1296 4234 ,
1333 4170 1409 4233 ὡς
1448 4167 1800 4240 ἐπισυστῆναι

219 4259 422 4323 αὐτοὺς
448 4258 565 4330 ἅμα
592 4260 676 4312 ἐπ’
710 4259 829 4330 ἐμὲ,
859 4260 940 4323 εἰς
974 4260 1033 4313 τὸ
1068 4260 1326 4329 φονεῦσαί
1359 4279 1448 4332 με.

289 4351 380 4406 46.
433 4351 754 4422 Ἐπίσκεψαι
796 4351 894 4424 τὴν
940 4352 1164 4424 καρδίαν
1213 4370 1338 4422 μου,
1387 4351 1482 4407 καὶ
1526 4351 1798 4424 πρόσχες,

215 4444 269 4497 εί
299 4443 378 4512 (5)
408 4443 488 4506 εἰς
516 4443 692 4498 πάντα
718 4442 976 4497 ἐπακούει
1001 4460 1116 4498 σου.

288 4535 375 4589 47.
424 4536 737 4607 Ἀνάκρινον
759 4536 858 4608 τὴν
885 4538 1112 4610 καρδίαν
1141 4556 1264 4610 μου,
1290 4537 1385 4592 καὶ
1417 4537 1679 4606 ἐπίγνωθι
1700 4536 1799 4601 τὰς

225 4627 546 4699 ἐνθυμήσεις
578 4645 701 4700 μου.

294 4720 379 4775 48.
426 4722 536 4775 Καὶ
573 4720 668 4775 ἐὰν
713 4720 881 4795 εὕρῃς
928 4724 987 4777 ἐν
1029 4725 1154 4795 ἐμοὶ
1197 4723 1495 4795 ἐπιθυμίαν
1529 4721 1798 4795 πονηρὰν,

219 4812 553 4882 φυγάδευσον
580 4812 747 4885 αὐτὴν
772 4818 839 4886 τῇ
871 4815 1052 4888 χάριτί
1090 4834 1203 4871 σου.

293 4904 378 4961 49.
405 4905 514 4960 Καὶ
540 4906 806 4978 ὁδήγησόν
834 4925 901 4979 με
935 4911 992 4963 ἐν
1017 4913 1084 4982 τῇ
1135 4909 1336 4982 αἰωνίῳ
1361 4909 1436 4981 (4)
1464 4909 1598 4980 ζωῇ.

1911 3346 2039 3400 tate,
2063 3349 2255 3389 rursus
2280 3332 2423 3387 enim
2451 3331 2834 3384 convertentur
2857 3318 2924 3374 ad
2949 3327 3019 3373 te.

1977 3428 2067 3482 42.
2119 3425 2231 3494 Ego
2275 3432 2456 3478 autem
2491 3432 2681 3475 omnes
2708 3415 3056 3470 adversantes
3084 3402 3301 3463 veritati
3346 3409 3472 3464 tuae,

1910 3520 2159 3581 Domine,
2193 3517 2433 3571 oderam.

1979 3611 2067 3664 45.
2114 3608 2182 3662 Et
2213 3621 2373 3677 super
2414 3601 2787 3658 inobedientcs
2834 3596 2930 3652 tibi
2977 3589 3317 3649 tabescebam
3364 3598 3475 3656 pra:

1910 3703 2045 3758 zelo.
2089 3700 2262 3754 Aliter
2311 3706 2492 3752 autem
2544 3694 2861 3762 intelligitur
2908 3690 3010 3744 iste
3054 3683 3359 3740 versiculus
3417 3677 3473 3732 in

1911 3797 2057 3851 hunc
2102 3791 2340 3848 modum,
2367 3803 2420 3846 et
2469 3805 2632 3860 super
2682 3785 2983 3844 contrarias
3015 3788 3310 3853 potestates
3335 3773 3475 3847 jeju-

1909 3889 2003 3943 nio
2027 3894 2080 3943 et
2105 3883 2437 3941 continentia
2465 3881 2832 3937 tabescebam.

1977 3975 2278 4034 M.Neaue
2305 3974 2610 4031 salutabam
2644 3971 2897 4026 inimicos
2930 3969 3054 4024 (idet
3087 3973 3210 4020 tuae.

1910 4169 1920 4227 ῗ
1978 4164 2068 4220 45.
2099 4161 2176 4216 Ita
2206 4175 2301 4216 eos
2333 4156 2679 4214 abominatus
2710 4167 2852 4217 sum,
2878 4158 2937 4204 ut
2965 4145 3128 4204 simul
3156 4141 3259 4214 ipsi
3291 4137 3476 4195 consi-

1910 4264 2115 4312 sterent
2139 4256 2194 4308 in
2227 4267 2334 4315 me,
2361 4259 2420 4304 ut
2447 4265 2535 4303 me
2563 4244 2892 4301 occiderent.

1979 4350 2069 4405 46.
2106 4347 2280 4401 Visita
2305 4358 2399 4399 cor
2423 4353 2630 4403 meum,
2670 4343 2726 4390 et
2771 4331 3007 4394 attende,
3053 4329 3099 4383 si
3126 4327 3182 4381 in
3222 4320 3478 4378 omnibus

1907 4442 2004 4498 tibi
2033 4441 2385 4506 obtemperet.
3034 4475 3050 4486 .

1981 4533 2073 4588 47.
2101 4528 2346 4601 Dijudica
2391 4540 2487 4580 cor
2525 4535 2730 4586 meum,
2763 4526 2819 4574 et
2858 4526 3092 4586 agnosce
3120 4507 3478 4582 cogitationes

1832 4636 1876 4691 D
1904 4642 2093 4685 111838..

1979 4719 2069 4774 48.
2105 4716 2170 4771 Et
2201 4714 2247 4771 si
2278 4708 2552 4768 inveneris
2579 4706 2634 4761 in
2659 4719 2746 4760 me
2775 4699 3248 4771 concupiscentias
3280 4707 3476 4755 maas,

1906 4814 2043 4885 ejice
2071 4825 2186 4875 eas,
2218 4805 2390 4877 gratia
2423 4812 2535 4857 tua.

1975 4905 2065 4959 49.
2099 4901 2165 4956 Ει
2194 4899 2371 4955 deduc
2400 4911 2487 4950 me
2520 4895 2574 4949 in
2608 4891 2774 4949 vitam
2809 4896 3089 4945 aeternam.

1178 5085 1492 5148 Addenda
1527 5089 1588 5147 et
1620 5080 1994 5161 corrigenda
2029 5095 2110 5139 ex
2155 5076 2298 5139 cod.
2330 5074 2530 5137 Vatic.

295 5274 372 5350 )
401 5277 775 5350 Πολεμοῦντές
808 5294 895 5348 με.

297 5340 374 5417 (‘2)
411 5340 717 5403 Ἀπεὶθοῦσι
756 5340 883 5410 ⁷τοῖς
913 5416 920 5417 7
952 5341 1334 5417 προστάγμασι
1402 5357 1497 5396 σου
1519 5340 1801 5417 ,ἐξετηκό-

222 5411 364 5490 μηνί
386 5427 517 5487 etc.,
544 5420 602 5474 δὲ
633 5418 851 5492 νοητέον
877 5416 968 5470 τὸν
999 5411 1160 5468 αὐτὸν
1195 5411 1404 5484 στίχονο
1437 5411 1552 5479 καί,
1587 5422 1691 5467 etc.

1981 5266 2057 5335 (5)
2083 5267 2199 5321 Ἵνα
2227 5268 2327 5329 είς,
2358 5274 2466 5322 etc.

1977 5340 2053 5414 (4)
2082 5338 2307 5408 Αίωνίᾳ,
2341 5346 2448 5391 etc.
