3740 6294
269 277 412 335 1187
1140 262 1198 317 S.
1238 254 1608 315 ATHANAS“
1647 252 1798 310 OPP.
1841 252 2023 310 PARS
2061 248 2150 306 ΙΙΙ.
2189 277 2257 290 -
2295 243 2706 304 EXEGETICA.
3372 239 3517 296 1988

362 394 431 454 In
451 395 608 466 ﬁnem
629 409 647 448 :
671 389 914 448 Psalmus
933 347 1125 443 ‘David.
1161 381 1364 438 PSAL.
1400 379 1494 434 CX
1501 376 1695 433 XXIX
1705 419 1718 434 .

1992 375 2098 440 Εἰς
2124 370 2191 426 τὸ
2218 370 2394 436 τέλος
2427 367 2668 438 ψαιιμὸς
2694 363 2774 428 τῷ
2801 362 2998 417 Δασιδ.
3041 362 3215 415 ΨΑΛ.
3248 361 3433 415 PAO.

335 451 388 544 1.
420 451 581 556 Eripe
610 499 718 550 me,
752 481 999 544 Domine,
1029 479 1097 533 ab
1131 476 1355 532 homine
1383 473 1527 527 malo
1560 493 1572 528 ε

2009 468 2058 521 1.
2088 465 2299 531 Ἑξελοῦ
2329 482 2416 536 με,
2448 461 2641 532 Κύριε,
2677 457 2736 524 ἐξ
2763 455 3050 528 ἀνθρώπου
3083 451 3349 524 πονηροῦ·

335 579 390 636 2.
419 578 460 633 A
490 547 607 633 viro
634 547 820 646 ini-quo
841 574 991 643 eripe
1026 585 1133 626 me.

2004 557 2058 611 2.
2089 558 2221 609 Ἀτὼ
2254 555 2451 626 ἀνδρὸς
2483 552 2668 606 ἀδίκου
2703 547 2866 620 ῥῦσαί
2895 564 2982 618 με.

336 671 391 728 5.
421 669 526 736 Qui
548 635 1264 738 cogitaserunt-iniquitates
1304 662 1358 715 in
1394 659 1592 716 corde:

2003 647 2058 701 3.
2103 646 2313 709 Οϊτινες
2345 641 2658 712 ὲλογίσαντο
2689 638 2901 694 ἀδικίαν
2929 639 2984 690 ἐν
3013 635 3241 708 καρδίαι

337 727 390 818 1.
426 727 561 818 ’Ῐοιο
589 727 675 816 (ἦε
703 727 1105 815 constituebant
1140 755 1345 826 praﬂia.

2005 734 2243 806 4.’⁹Ολην
2265 732 2361 805 τὴν
2393 731 2607 802 ἡμέραν
2633 727 3032 800 παρετάσσοντο
3065 727 3352 794 πολέμους.

340 857 392 912 5.
427 855 703 910 Acuerunt
739 853 948 922 linguas
970 864 1099 906 suas
1143 848 1282 902 sicut
1306 845 1573 914 serpentis
1601 861 1615 896 :

2008 827 2062 882 5.
2088 827 2391 898 Ἦκόνησαν
2415 824 2666 895 γλῶσσαν
2687 818 2864 875 αὐτῶν
2889 817 3022 872 ὡσεὶ
3051 817 3224 885 δφεως
3241 831 3256 847 ·

337 947 390 1004 6.
419 947 698 1002 Venenum
735 912 984 1016 aspidum
1012 942 1114 998 sub
1142 940 1302 995 labiis
1329 912 1544 993 eorum.

2009 918 2064 973 6.
2090 918 2191 982 Ἰὸς
2218 917 2458 972 ἀσπίδων
2483 915 2588 970 ὑπὸ
2605 915 2675 970 τὰ
2702 914 2854 987 χείλη
2879 912 3078 966 αὐτῶν.

339 1041 389 1094 7.
418 1038 642 1095 Custodi
669 1053 783 1102 me,
802 1001 1047 1092 'Domine
1064 1076 1080 1102 ,
1105 1034 1171 1089 de
1197 1046 1360 1086 manu
1393 1028 1693 1101 peccatoris

2010 1011 2062 1066 7.
2100 1008 2340 1076 Φύλαξόν
2369 1027 2460 1081 με,
2488 1008 2684 1080 Κύριε,
2711 1008 2775 1062 ὲκ
2805 1005 2986 1079 χειρὸς
3011 1001 3361 1075 ἀμαρτωλοῦ’

339 1132 391 1188 8.
429 1134 508 1187 Ab
530 1099 842 1186 hominibus
875 1099 1076 1199 iniquis
1097 1124 1248 1195 eripe
1275 1139 1360 1178 me
1385 1099 1410 1180 :—

2004 1105 2058 1162 8.
2083 1103 2217 1158 ’Δπδ
2241 1102 2542 1176 ἀνθρώπων
2567 1101 2767 1158 ἀδίκων
2798 1099 2984 1167 ἐξελοῦ
3017 1114 3084 1169 με
3105 1113 3116 1123 ’

339 1225 392 1281 9.
430 1224 534 1292 Qui
557 1224 932 1295 cOgitaverunt
953 1221 1301 1292 supplantare
1330 1230 1553 1288 gressus
1585 1228 1760 1269 meos.

2051 1255 2062 1269 .
2103 1213 2312 1278 Οἴτινες
2335 1211 2701 1284 διελογίσαντο
2724 1208 2819 1264 τοῦ
2842 1209 2914 1280 (a‘,
2937 1204 3288 1261 ύποσκελίσαι
3309 1200 3381 1256 τά
3409 1201 3528 1255 δια-

1941 1305 2007 1378 δή
2016 1303 2162 1377 ματά
2189 1321 2312 1375 μου.

339 1401 425 1457 1ο.
458 1400 870 1458 Absconderunt
899 1400 1117 1472 superbi
1151 1400 1404 1470 laqueum
1437 1397 1595 1452 mihi.

2015 1397 2103 1451 10.
2125 1395 2408 1468 Ἔκρυψαν
2433 1395 2772 1467 ὑπερήφανοι
2809 1392 3013 1462 παγίδα
3044 1409 3133 1463 μοι
3151 1408 3164 1423 ·

344 1495 432 1550 11.
464 1493 1396 1564 Etfunibusextenderuntlaqueum
1421 1489 1651 1561 pedibus
1671 1487 1808 1544 meis

2057 1487 2110 1542 1.
2152 1488 2263 1541 Καὶ
2293 1487 2549 1558 σχοινίοις
2573 1487 2833 1542 διέτειναν
2861 1485 3062 1554 παγίδα
3091 1487 3201 1549 τοῖς
3232 1484 3357 1538 mi
3384 1500 3486 1556 μου
3507 1499 3523 1514 ⁶

343 1584 430 1638 12.
462 1583 620 1640 Juxta
648 1585 749 1641 iter
777 1584 1030 1640 scandala
1074 1590 1376 1654 posuerunt
1405 1579 1559 1634 mihi.

2018 1578 2107 1634 12.
2134 1579 2398 1651 Ἐχόμενα
2420 1579 2608 1652 τρίϐου
2642 1579 2909 1634 σκάνδαλα
2940 1578 3122 1632 ἐθεντό
3157 1595 3263 1648 μοι.

347 1701 421 1772 (a)
453 1699 606 1758 Vers.
635 1702 689 1754 3.
726 1699 938 1766 Omnes,
963 1709 1067 1754 etc.
1091 1700 1122 1768 ᾖ
1149 1698 1204 1754 4.
1231 1697 1356 1765 Qui,
1386 1704 1517 1762 etc.,
1547 1703 1600 1750 et
1627 1693 1708 1749 sic
1734 1691 2013 1762 deinceps,
2041 1690 2096 1747 It.
2121 1709 2169 1748 e.
2199 1705 2345 1747 vers.
2387 1692 2442 1746 in
2474 1692 2595 1748 cod.
2623 1690 2744 1747 Vat.
2771 1699 2896 1747 sunt
2923 1707 2979 1746 n.
3005 1689 3061 1745 8.

1386 1856 1760 1914 ATHANASII
1817 1855 2417 1917 INTERPRETATIO.

273 1979 277 1981 ⁵
354 2016 417 2072 Ἦ
448 2019 784 2090 προκειμένη
813 2015 1092 2089 ἐπιγραφὴ
1118 2015 1359 2088 περιέχει
1387 2013 1486 2086 (1)’
1515 2016 1621 2082 Εἰς
1648 2013 1716 2068 τὸ
1746 2014 1922 2082 τέλος
1947 2015 2029 2081 τῷ
2054 2016 2233 2071 Δαϐὶδ
2260 2015 2528 2086 ψαλμὸς,
2563 2015 2700 2086 ὅπερ
2734 2015 3094 2088 ἑρμηνεύεται
3134 2011 3262 2084 περὶ
3297 2009 3406 2064 τῶν
3444 2011 3536 2064 ἐπὶ

277 2109 554 2180 συντελείᾳ
585 2108 695 2162 τῶν
723 2107 934 2162 αίώνων
965 2105 1262 2179 μελλόντων
1305 2104 1523 2159 ἔσεσθαι
1571 2108 1686 2170 τοῖς
1728 2105 2148 2178 ἀνθισταμένοις
2181 2109 2248 2180 τῇ
2283 2106 2534 2180 ἀληθείᾳ,
2565 2108 2659 2162 καὶ
2684 2108 2937 2180 περὶτῆς
2966 2104 3385 2180 μισθαποδοσίας
3429 2104 3536 2156 τῶν

276 2207 446 2276 ἁγίων
493 2207 705 2278 εἴρηται
746 2203 962 2276 ψαλμὸς
1002 2203 1083 2270 τῷ
1129 2200 1315 2268 ικανῷ
1347 2200 1422 2271 τῇ
1458 2201 1628 2272 χειρί,
1653 2203 1936 2257 τουτέστιν
1962 2201 2040 2276 τῷ
2070 2203 2187 2275 Υίῷ
2207 2202 2304 2258 τοῦ
2327 2202 2467 2258 Θεοῦ
2487 2220 2500 2234 ·
2526 2204 2686 2258 τοῦτο
2708 2204 2818 2276 γάρ
2851 2203 3212 2277 ἑρμηνεύεται
3240 2199 3438 2265 Δώὶό,
3462 2200 3536 2256 ὡς

278 2301 539 2365 πολλάκις
570 2300 894 2372 εἰρήκαμεν.

355 2419 571 2474 Titulus
605 2418 933 2489 praepositus
966 2415 1208 2472 continet
1238 2433 1250 2470 :
1289 2415 1355 2470 In
1385 2417 1542 2487 finem
1563 2417 1804 2487 psalmus
1835 2417 2032 2487 Dauid,
2065 2419 2212 2490 quod
2242 2419 2631 2489 interpretatur
2699 2420 2767 2475 de
2827 2419 2915 2483 iis,
2943 2433 3065 2489 quae
3094 2416 3148 2471 in
3181 2415 3286 2470 [ine
3312 2413 3539 2470 saeculo-

275 2527 403 2566 rum
435 2512 618 2566 futura
646 2520 778 2567 sunt
808 2510 941 2575 illis,
975 2509 1071 2578 qui
1104 2508 1371 2564 resistunt
1401 2511 1638 2577 veritati,
1665 2521 1719 2566 et
1751 2513 1818 2567 de
1840 2512 2204 2570 retributione
2235 2521 2588 2570 sanctorum:
2618 2514 2797 2570 dictus
2826 2521 2910 2569 est
2937 2512 3179 2584 psalmus
3209 2525 3368 2564 manu
3390 2508 3538 2576 forti,

279 2605 384 2661 boc
410 2615 494 2661 est
522 2604 617 2660 Dei
648 2605 807 2672 Filio,
835 2605 910 2660 ita
939 2606 1084 2660 enim
1116 2605 1504 2677 interpretatur
1534 2604 1725 2671 David,
1750 2613 1812 2663 ut
1836 2605 2043 2679 pluries
2067 2607 2329 2665 diximus.

350 2763 403 2817 1.
441 2761 633 2818 Libera
665 2777 786 2828 me,
814 2762 1042 2818 Domine
1062 2804 1078 2830 ,
1111 2763 1180 2818 ab
1208 2763 1298 2829 iis,
1334 2764 1430 2834 qui
1463 2766 1699 2836 speciem
1728 2767 1825 2837 qui

2067 2811 2082 2826 .
2123 2767 2412 2841 Λύτρωσαί
2435 2787 2524 2840 με,
2554 2766 2749 2838 Κύριε,
2775 2767 2840 2820 ὲκ
2859 2765 2969 2820 τῶν
2999 2763 3232 2836 ἑχόντων
3264 2761 3543 2833 μόρφωσιν

279 2855 399 2910 dem
431 2856 632 2911 habent
659 2856 899 2927 pietatis,
917 2857 1036 2927 ejus
1059 2864 1244 2912 autem
1273 2856 1546 2928 denegant
1567 2859 1756 2916 virtutt

2022 2878 2061 2914 ιν
2086 2860 2388 2926 εὐσεϐείας,
2420 2860 2518 2932 τὴν
2542 2859 2598 2913 δὲ
2625 2858 2853 2930 δύναμιν
2881 2856 3050 2927 αὐτῆς
3073 2852 3371 2926 ἠρνημένοι
3406 2851 3499 2920 (2).

351 2949 405 3002 2.
441 2949 524 3005 Ab
549 2949 700 3004 omni
734 2949 885 3012 viro,
921 2951 1018 3021 qui
1062 2959 1310 3008 armatus
1355 2959 1441 3008 est
1485 2961 1679 3009 contra
1709 2954 1827 3010 veri

2070 2994 2084 3008 .
2107 2955 2240 3008 Ἀπὸ
2271 2954 2471 3018 παντὸς
2498 2953 2854 3023 όπλιζομένου
2873 2949 3014 3004 κατά
3040 2949 3140 3012 τῆς
3162 2945 3422 3018 ἀληθείας
3442 2945 3543 3013 (5)⁶

283 3049 469 3098 tatem.

355 3135 408 3188 5.
442 3134 546 3201 Qui
570 3135 976 3190 simulationem
1007 3135 1211 3191 habent
1239 3136 1294 3192 in
1324 3153 1384 3194 se
1414 3137 1572 3210 ipsis.

2033 3136 2086 3190 5.
2129 3133 2338 3198 Οἴτινες
2356 3133 2456 3205 τὴν
2481 3131 2771 3204 ὑπόκρισιν
2805 3130 3018 3202 ἔχουσιν
3044 3131 3101 3183 ὲν
3132 3130 3362 3188 ἑαυτοῖς.

357 3226 408 3280 1.
448 3225 673 3296 Semper
703 3224 888 3281 festini
911 3234 1040 3281 sunt
1058 3227 1128 3281 ad
1159 3226 1491 3283 fundendum
1511 3230 1832 3302 sanguinem

2034 3229 2088 3283 ὁ.
2108 3226 2493 3290 Ἀδιαλείπτως
2520 3224 2729 3296 ταχινοί
2759 3225 2864 3277 εἰσι
2889 3221 2982 3276 τοῦ
3006 3221 3191 3291 ἐκχέαι
3221 3212 3382 3285 αἷμα.

359 3316 411 3374 5.
448 3315 733 3386 Decipiunl
784 3316 945 3372 bonis
1001 3317 1056 3372 in
1109 3319 1347 3388 speciem
1381 3323 1754 3390 sermonibus,
1805 3338 1836 3379 e

2075 3362 2089 3376 .
2127 3321 2226 3376 Διά
2259 3321 2357 3392 τῆς
2382 3319 2772 3391 χρηστολογίας
2800 3316 2895 3370 καὶ
2915 3313 3160 3384 εὐλογίας
3182 3309 3428 3365 ἀπατῶσι
3447 3305 3547 3372 τὰς

286 3410 426 3466 ﬁctis
469 3408 718 3464 laudibus
755 3409 971 3466 animas
1015 3409 1367 3481 simplicium,
1399 3414 1763 3485 quemadmod

2071 3414 2142 3484 ’ἀς
2170 3420 2279 3466 τῶν
2302 3411 2546 3476 ἀκάκων,
2583 3409 2771 3481 ὥσπερ
2805 3411 2833 3462 ό
2862 3408 2985 3478 ὄφις
3013 3406 3103 3459 διὰ
3132 3404 3241 3457 τῶν
3258 3403 3428 3470 λόγων
3447 3400 3548 3451 αύν

287 3515 510 3572 serpens
538 3500 883 3556 sermonibus
916 3501 1031 3556 suis
1047 3500 1214 3556 Evam
1243 3502 1479 3575 decepit.

1149 3518 1214 3556 tm
1243 3502 1479 3575 decepit.
1966 3505 2061 3560 τοῦ
2089 3505 2232 3560 Εὕαν
2263 3504 2626 3578 ἐξηπάτησεν.

357 3593 412 3648 6.
437 3593 694 3649 Doctrina
723 3608 911 3650 eorum
937 3635 953 3660 ,
999 3603 1054 3652 et
1096 3593 1398 3653 admonitio
1439 3599 1728 3656 mortifera
1758 3613 1834 3658 est

2079 3641 2092 3656 .
2119 3601 2186 3653 'H
2224 3599 2546 3655 διδασκαλία
2573 3596 2752 3652 αὐτῶν
2777 3596 2874 3650 καὶ
2902 3596 2934 3664 ἡ
2966 3589 3215 3645 νουθεσία
3247 3581 3551 3652 θανατηφό-

289 3687 454 3742 veluti
489 3702 755 3742 venenum
783 3688 1013 3759 aspidis.

1971 3712 2063 3769 ρος
2095 3693 2375 3764 τυγχάνει,
2410 3692 2489 3756 ὡς
2520 3692 2550 3744 ό
2583 3691 2658 3755 to;
2687 3689 2789 3759 τῆς
2817 3686 3063 3749 ἀσπίδος.

361 3778 413 3832 7.
444 3777 528 3833 Ab
561 3779 876 3849 huiusmodi
913 3781 1229 3837 hominibus
1257 3783 1474 3839 custodi
1510 3798 1633 3850 me,
1677 3782 1836 3840 Domi

2079 3827 2092 3842 .
2118 3785 2358 3853 Φύλαξόν
2398 3801 2487 3856 με,
2528 3782 2723 3853 Κύριε,
2751 3781 2815 3833 ἐκ
2840 3777 2947 3831 τῶν
2983 3775 3258 3835 τοιούτων,
3307 3769 3389 3822 ὅτι
3431 3766 3554 3836 χεὶρ

289 3886 378 3934 ne,
406 3871 664 3942 quoniam
699 3889 893 3928 manus
923 3874 1126 3930 diaboli
1167 3885 1317 3931 sunt.

1252 3885 1317 3931 it.
1971 3878 2064 3933 τοῦ
2099 3878 2346 3933 διαϐόλου
2374 3877 2729 3948 ὑπάρχουσιν.

364 3959 418 4016 8.
452 3962 608 4032 Eripe
630 3977 718 4017 me
747 3963 816 4016 ab
845 3964 1161 4022 hominibus
1186 3969 1556 4026 detinentibus
1579 3971 1841 4044 veritaten

2081 4013 2097 4028 .
2136 3972 2273 4024 Ἀπὸ
2311 3969 2614 4042 ἀνθρώπων
2665 3965 2774 4020 τῶν
2824 3963 2923 4036 τὴν
2955 3958 3213 4025 ἀλήθειαν
3270 3957 3328 4008 ὲν
3374 3951 3557 4019 ἀδικία

293 4053 346 4108 in
376 4055 643 4124 injustitia
666 4056 708 4111 ⁸.

1975 4065 2312 4135 κατεχόντων
2345 4060 2528 4129 ἐξελοῦ
2556 4078 2642 4132 με.

361 4146 414 4203 9.
449 4147 553 4214 Qui
589 4149 835 4203 meditati
871 4158 1001 4204 sunt
1043 4152 1434 4220 persuasibiles
1476 4169 1758 4212 sermones
1801 4172 1838 4211 at

2083 4199 2098 4215 .
2133 4158 2340 4222 υἴτινες
2385 4155 2682 4226 ὲσκέχαντο
2727 4151 2803 4223 (4)
2849 4145 3215 4215 πιθανότητας
3244 4139 3417 4209 λόγων
3449 4137 3559 4190 ἀπὸ

295 4237 664 4296 deducendum
701 4256 786 4296 me
817 4257 846 4296 a
872 4240 1077 4297 Christi
1102 4242 1226 4298 lide.

1977 4253 2065 4310 τοῦ
2095 4254 2430 4323 καταγαγεῖν
2457 4267 2524 4322 με
2550 4247 2658 4303 ἀπὸ
2689 4246 2790 4317 τῆς
2827 4245 2907 4307 εἰς
2937 4239 3168 4312 Χριστὸν
3200 4236 3454 4323 πίστεως.

367 4331 454 4386 il).
487 4332 973 4406 Congrcgaverunt
1017 4336 1123 4391 sibi
1165 4336 1320 4407 ipsis,
1375 4339 1467 4406 qui
1515 4337 1610 4394 Dei
1658 4341 1844 4396 verital

2084 4344 2136 4400 0.
2169 4321 2484 4413 Συνήγαγον
2511 4337 2739 4399 ἑαυτοὺς
2762 4329 3024 4405 [ἑαυτοῖς]
3051 4327 3130 4402 (5)
3155 4328 3206 4380 οἱ
3238 4327 3305 4398 τῇ
3333 4321 3561 4394 ἀληθεία

296 4423 577 4491 resistunt,
614 4441 897 4483 sermones
953 4427 1222 4500 quosdam
1281 4430 1581 4499 captiosos,
1631 4431 1773 4487 volei

2101 4435 2235 4491 Θεοῦ
2264 4432 2645 4504 ἀνθιστάμενοι
2690 4428 2881 4496 λόγους
2906 4422 3061 4487 τινὰς
3098 4419 3428 4492 ζητημάτων
3458 4433 3562 4468 πα-

298 4529 386 4569 me
420 4515 738 4586 illaqueare.

1981 4526 2222 4597 γιδεῦσαί
2248 4542 2317 4596 με
2348 4523 2610 4584 θέλοντες.

372 4603 458 4660 il.
498 4604 564 4662 Et
589 4623 762 4664 nexus
794 4609 1064 4680 quosdam
1115 4625 1344 4676 eorum,
1386 4612 1480 4681 qui
1531 4613 1585 4667 in
1629 4628 1849 4669 sermon

2085 4619 2150 4674 ,1.
2177 4619 2288 4673 Καὶ
2318 4616 2522 4679 πλοκάς
2549 4629 2700 4676 τινας
2737 4613 2812 4682 (ti)
2843 4610 2949 4664 τῶν
2987 4603 3434 4678 διεστραμμένων
3465 4602 3562 4656 αὐ-

301 4710 403 4750 suo
439 4698 674 4765 perversi
700 4709 848 4765 sunt,
883 4699 951 4755 ad
975 4701 1550 4772 comprehendendum
1587 4718 1676 4760 me
1706 4714 1778 4761 tet

302 4788 498 4842 (lerunt
518 4789 677 4842 mihi.

1984 4711 2092 4764 τῶν
2117 4708 2288 4779 λόγων
2319 4704 2671 4780 προσέτεινάν
2703 4721 2790 4774 μοι
2821 4703 2912 4756 ἐπὶ
2940 4699 3000 4754 τὸ
3027 4695 3288 4753 λαϐέσθαι
3314 4712 3436 4767 μου.

302 4789 498 4842 (lerunt
518 4789 677 4844 mihi.

377 4879 463 4934 12.
498 4880 564 4936 Ει
594 4883 923 4953 quaestiones
967 4885 1234 4957 quasdam
1274 4887 1505 4956 noxias,
1559 4898 1618 4945 et
1660 4890 1854 4945 inutile

2089 4891 2143 4944 2.
2198 4891 2307 4944 Καὶ
2354 4888 2610 4960 ζητήσεις
2654 4885 2806 4950 τινας
2840 4883 3106 4956 βλαϐερὰς
3138 4880 3233 4935 καὶ
3269 4874 3564 4945 ἀνωφελεῖς

307 4972 609 5042 injecerunt
633 4975 788 5031 mihi.

1989 4980 2383 5053 προσεϐάλοντό
2413 4980 2487 5049 (7)
2525 4997 2634 5050 μοι.

376 5135 395 5166 ⁸
422 5133 576 5192 Rom.
606 5156 621 5193 I
671 5141 756 5194 18.

1262 5304 1566 5366 Addenda
1615 5312 1676 5366 et
1709 5301 2089 5381 corrigenda
2135 5319 2215 5362 ex
2247 5300 2386 5362 cod.
2415 5298 2615 5361 Vatic.

572 5467 662 5522 διὰ
684 5471 784 5546 τῆς
807 5473 1174 5546 κινναϐάρεως
1199 5492 1461 5546 περιεχει,
1502 5484 1610 5531 etc.
2066 5478 2143 5542 (5)
2163 5476 2255 5528 Ἐν
2287 5477 2521 5540 ἑαυτοις,
2551 5482 2657 5531 etc.

406 5529 850 5660 2)Ἦρνημένων.
1038 5529 1052 5546 ⁵
1155 5529 1172 5538 '
1272 5529 1284 5546 '
1357 5529 1389 5546 λ
1449 5529 1460 5541 ’
1514 5529 1522 5531 ⁷

410 5607 464 5660 3)
487 5609 544 5660 Ἀ
581 5608 787 5660 τιθείας.
825 5613 982 5660 Miami
1013 5633 1094 5660 us,

2092 5529 2141 5616 65
2181 5546 2345 5610 Τινὰς
2371 5529 2815 5616 διεσῖραμμὲνων
2843 5543 3020 5599 αὐτῶν
3041 5541 3215 5609 λόγων
3253 5529 3569 5606 προέτεινάν

2112 5616 2206 5660 ἐπὶ
2232 5616 2292 5660 τὸ
2318 5615 2576 5660 λαϐέσθαι
2609 5634 2717 5660 μοι-

483 5607 787 5748 ςὲᾢὲθείας,
824 5613 982 5684 ῥῦσαί
1012 5633 1097 5687 με.
1137 5685 1148 5701 ν
1438 5687 1447 5700 ⁸
1999 5607 2088 5689 μοί
2112 5607 2206 5668 ἐπὶ
2232 5616 2292 5669 τὺ
2318 5607 2576 5701 λαϐέσθαι
2595 5607 2718 5685 μοι.

615 5696 808 5737 υσαντο
829 5685 1188 5748 πιθανότητας
1212 5704 1363 5748 τινας
1391 5687 1584 5748 λογων,
1620 5693 1725 5744 etc.
2066 5687 2143 5748 (7)
2182 5686 2548 5748 Προεδαλοντό
2585 5703 2696 5748 μοι.

411 5677 462 5748 4)
483 5677 808 5751 Ἐψεύσαντο
824 5677 1188 5750 πιθανότης-ἀς
1212 5704 1363 5752 τινας
1391 5687 1584 5756 λόγων,
1620 5693 1725 5744 etc.
1999 5677 2010 5689 ’
2066 5687 2143 5758 (7)
2182 5686 2548 5759 Προεδάλοντό
2585 5677 2696 5758 μοι.
