3702 6452
286 395 418 452 429!

352 518 442 575 27.
471 519 536 575 Et
564 519 858 575 vindictam
895 532 1209 589 pauperum.

349 611 440 666 28.
473 609 854 666 Verumtamen
876 609 1008 679 justi
1043 608 1441 663 conﬁtebuntur
1468 606 1673 662 nomini
1702 616 1832 663 tuo:

354 704 443 760 29.
476 703 543 759 Et
572 703 889 760 habitabunt
917 702 1049 756 reeti
1082 716 1204 757 cum
1228 702 1378 754 vultu
1413 710 1525 754 tuo.

594 817 838 874 Psalmus
874 816 1065 872 David.
1120 815 1326 870 PSAL.
1358 814 1519 870 CXL.

354 912 404 968 l.
438 911 684 977 Domine,
707 909 934 966 clamavi
957 909 1023 964 ad
1047 918 1117 971 te,
1141 907 1335 962 exaudi
1364 922 1448 960 me
1474 926 1486 961 :

343 1003 396 1056 2.
426 1001 645 1056 Intende
667 1000 786 1055 voci
814 997 1209 1069 deprecationis
1236 1010 1391 1058 mete.

348 1095 405 1148 ὃς
430 1092 563 1148 Cum
600 1092 904 1148 clamavero
933 1090 999 1144 ad
1030 1099 1103 1144 te.

345 1184 397 1236 4.
424 1182 696 1252 Dirigatur
716 1181 891 1236 oratio
914 1194 1029 1235 mea
1055 1180 1198 1234 sicut
1219 1178 1501 1234 incensum
1528 1178 1582 1233 in
1610 1192 1837 1247 conspe-

278 1283 366 1329 ctu
404 1283 497 1328 tuo
533 1290 549 1326 :

345 1364 399 1419 5.
436 1364 674 1422 Elevatio
702 1380 959 1421 manuum
990 1380 1233 1419 mearum
1268 1362 1589 1419 sacriﬁcium
1617 1375 1808 1431 vesper

277 1465 471 1512 tmum.
1010 1520 1013 1529 ι

345 1551 397 1602 6.
425 1549 592 1614 Pone,
626 1549 873 1616 Domine,
901 1550 1204 1606 custodiam
1238 1549 1321 1604 ori
1346 1562 1468 1602 meo
1506 1562 1520 1599 :

350 1641 402 1695 7.
433 1640 499 1696 Et
530 1642 728 1696 ostium
764 1641 1194 1699 circumstantiae
1219 1640 1362 1694 circa
1392 1637 1532 1692 labia
1560 1650 1701 1689 mea.

343 1733 399 1789 8.
431 1732 551 1789 Non
579 1734 815 1790 declines
837 1750 931 1790 cor
954 1748 1133 1788 meum
1173 1732 1226 1784 in
1256 1730 1418 1784 verba
1452 1727 1691 1792 malitiae,

1133 396 1190 452 S.
1231 394 1599 451 ATllANASll
1638 395 1787 452 OPP.
1834 394 2013 452 PARS
2052 395 2119 451 lll
2181 425 2249 437 —
2288 394 2697 454 EXEGETICA.

1870 522 1918 580 Α
2011 518 2099 573 27.
2143 518 2251 571 Kal
2287 516 2383 589 τὴν
2417 518 2570 588 δίκην
2599 517 2707 571 τῶν
2739 495 3000 588 πενήτων.

3372 396 3491 455 1292

2013 607 2101 662 28.
2142 607 2285 679 Πλὴν
2308 607 2501 662 δίκαιοι
2531 608 3008 679 ὲξομολογήσονται
3034 606 3111 678 τῷ
3136 606 3359 677 ὀνόματί
3384 623 3487 660 σου·

2011 700 2100 755 29.
2140 699 2248 751 Kal
2264 701 2670 772 κατοικήσουσιν
2686 698 2858 762 εύθεῖς
2884 699 2978 752 σὺν
2993 697 3069 768 τῷ
3091 695 3365 768 προσώπῳ
3386 714 3486 753 σου.

2260 815 2503 884 iram);
2522 813 2601 880 τῷ
2624 812 2818 868 Δαϐἰδ.
2851 816 3023 868 ΨΑΑ.
3050 817 3188 868 PM’.

2014 906 2065 962 Ι.
2104 905 2298 978 Κύριε,
2337 907 2608 978 ἐκέκραξα
2636 908 2773 979 πρὸς
2803 906 2884 970 σὲ,
2919 905 3237 960 είσάκουσόν
3266 922 3393 977 μου·

2012 999 2066 1053 2.
2102 999 2341 1070 Πρόσχες
2370 1000 2436 1070 τῇ
2465 1001 2615 1069 φωνῇ
2644 998 2741 1070 τῆς
2769 995 3006 1069 δεήσεώς
3037 1013 3162 1067 μου,

2010 1092 2064 1145 5.
2106 1092 2192 1145 Ἐν
2224 1091 2299 1162 τῷ
2324 1090 2651 1163 κεκραγέναι
2677 1108 2743 1161 με
2767 1090 2903 1161 πρὸς
2930 1089 3009 1143 σέ.

2013 1182 2065 1237 4.
2100 1182 2526 1254 Κατευθυνθήτω
2574 1184 2607 1254 ἡ
2669 1182 2941 1254 προσευχή
2979 1199 3079 1252 μου
3122 1179 3198 1245 ὡς
3257 1181 3491 1252 θυμιαμσ.

1943 1272 2172 1327 ἐνώπιόν
2204 1289 2320 1326 σοιν

2008 1364 2060 1420 5.
2093 1364 2360 1450 Ἐπαρσες
2386 1361 2493 1416 τῶν
2516 1361 2711 1434 χειρῶν
2747 1379 2846 1433 μου
2871 1361 3029 1416 θυσία
3060 1362 3349 1433 ὲσπερινή.

2009 1541 2062 1596 6.
2097 1539 2223 1605 Θοῦ,
2254 1539 2447 1613 Κύριε,
2479 1536 2721 1609 φυλακὴν
2751 1536 2827 1607 τῷ
2862 1535 3088 1607 στόματί
3123 1554 3225 1608 μου
3247 1554 3262 1568 ·

2011 1630 2061 1684 7.
2093 1628 2203 1684 Kal
2232 1627 2401 1699 θύραν
2429 1627 2687 1699 περιοχῆς
2713 1626 2839 1696 περὶ
2866 1626 2933 1678 τὰ
2954 1625 3101 1697 χείλη
3134 1642 3256 1696 μου.

2009 1720 2063 1774 8.
2081 1717 2171 1790 Μὴ
2186 1716 2433 1788 ἐκκλίνῃς
2448 1714 2545 1788 τὴν
2563 1715 2789 1788 καρδίαν
2810 1733 2909 1786 μου
2922 1717 3000 1779 εἰς
3010 1714 3202 1784 λόγους
3215 1731 3353 1786 πονη
3363 1713 3487 1787 ρίας,

1384 1836 1761 1896 ATllANASll
1803 1827 2391 1890 INTERPRETATIO.

337 1956 429 2012 27.
463 1956 530 2011 Et
555 1955 847 2012 vindictam
884 1970 1096 2022 eorum,
1123 1955 1213 2026 qui
1247 1969 1395 2010 nunc
1421 1953 1699 2009 laboribus
1727 1967 1825 2022 op-
1856 1938 1889 1993 Ε

1997 1946 2082 2000 27.
2118 1945 2226 2001 Kal
2242 1944 2342 2017 τὴν
2362 1943 2638 2017 ἐκδίκησιν
2665 1943 2774 1998 τῶν
2795 1942 3284 2013 καταπονουμένων
3304 1943 3398 1997 νῦν
3414 1943 3491 1999 διὰ

271 2042 443 2111 pressi
473 2050 600 2097 sunt
627 2049 845 2111 propter
876 2055 1025 2110 spem
1057 2040 1112 2095 in
1140 2041 1439 2094 Christum.

339 2130 429 2187 28.
460 2129 672 2187 Etenim
698 2142 890 2202 praeter
916 2131 1064 2201 ipsos
1103 2138 1321 2186 sanctos
1350 2129 1532 2185 nullus
1570 2137 1652 2184 est
1685 2126 1825 2183 alius

272 2222 617 2292 injustorum,
652 2221 746 2293 qui
772 2229 827 2276 te
853 2221 1133 2292 glorillcet.

339 2314 429 2370 29.
463 2313 526 2370 Et
554 2316 628 2370 ita
674 2328 889 2385 semper
913 2323 1074 2369 erunt
1118 2313 1293 2369 sancti
1327 2312 1404 2367 tui
1459 2311 1657 2383 gaudio
1688 2310 1826 2369 inef-

268 2403 416 2460 fabili
445 2403 687 2459 videntes
739 2402 964 2475 gloriam
1016 2412 1186 2467 tuam,
1238 2411 1292 2458 et
1337 2402 1673 2458 incessanter
1700 2402 1814 2457 lau-

267 2498 460 2551 dantes
490 2503 563 2550 te.

1930 2036 2029 2109 τὴν
2056 2038 2135 2102 είς
2161 2037 2393 2108 Χριστὸν
2422 2036 2631 2093 ἐλπίδα.

2001 2129 2093 2184 28.
2126 2127 2273 2199 Πλὴν
2296 2128 2407 2200 γὰρ
2436 2127 2612 2182 αὐτῶν
2647 2126 2755 2182 τῶν
2787 2126 2959 2195 ἁγίων
2985 2142 3161 2189 ουοεις
3187 2142 3376 2196 ετερος
3393 2125 3491 2179 τῶν

1929 2220 2128 2278 ἀδίκων
2152 2220 2299 2273 ἐστὶν
2325 2222 2355 2272 ό
2380 2218 2615 2284 δοξάζων
2650 2236 2730 2273 σε.

1996 2310 2089 2367 29.
2135 2311 2246 2365 Kal
2276 2310 2449 2375 οὕτως
2480 2309 2710 2364 πάντοτε
2752 2308 2965 2363 ἔσονται
3001 2309 3050 2364 οἱ
3096 2311 3112 2366 ί
3122 2309 3176 2378 Ι)
3219 2308 3367 2377 ἅγιοι
3407 2326 3490 2363 σου

1927 2406 2074 2478 χαρᾷ
2121 2403 2469 2475 ἀνεκλαλήτῳ
2515 2402 2844 2475 θεωροῦντες
2890 2401 2992 2457 τὴν
3036 2401 3196 2468 δόξαν
3249 2418 3367 2465 σου,
3408 2402 3493 2455 καὶ

1932 2496 2228 2562 ἀπαύστως
2257 2494 2552 2568 ὑμνοῦντες
2584 2510 2662 2548 σε.

336 2609 414 2681 (2)
428 2609 496 2664 Ἦ
518 2609 848 2682 προκειμένη
873 2609 1147 2683 ἐπιγραφὴ
1171 2610 1411 2682 περιέχει
1430 2609 1549 2681 (2⁸)·
1574 2612 1815 2682 Ψαλμὸς
1841 2611 1919 2680 τῷ
1941 2613 2138 2678 Δαϐιὸ,
2154 2614 2285 2687 ὅπερ
2303 2610 2659 2686 ἑρμηνεύεται
2674 2610 2913 2680 ψαλμὸς
2924 2608 3003 2676 τῷ
3016 2608 3199 2675 ἱκανῷ
3226 2608 3306 2677 τῇ
3334 2607 3494 2679 χειρὶ,

263 2702 506 2757 τουτέστι
535 2703 612 2775 τῷ
635 2703 749 2774 Υἱῷ
773 2703 864 2757 τοῦ
894 2703 1028 2757 Θεοῦ
1048 2721 1062 2734 ·
1092 2702 1248 2757 τοῦτο
1278 2706 1403 2774 γὰρ,
1433 2705 1509 2769 ὡς
1542 2707 1599 2758 ὲν
1622 2710 1733 2769 τοῖς
1762 2705 2067 2779 ἔμπροσθεν
2099 2707 2422 2779 εἰρήκαμεν,
2451 2706 2514 2759 τὸ
2545 2705 2652 2760 τοῦ
2681 2703 2857 2758 Δαϐὶό
2906 2704 3076 2775 ὄνομα
3095 2721 3109 2734 ·
3142 2704 3238 2758 καὶ
3264 2702 3425 2765 ἄλλας
3443 2702 3496 2755 δὲ

270 2795 559 2867 ιρμηνείας
594 2793 704 2866 ἔχει
730 2794 791 2849 τὸ
813 2794 945 2848 αὐτὸ
974 2795 1175 2866 ὄνομαο
1202 2795 1433 2848 ἐνταῦθα
1464 2794 1622 2849 τοῦτο
1654 2796 2037 2868 ἑρμηνεύεται,
2073 2797 2149 2862 ὡς
2182 2798 2620 2869 προγέγραπται.

334 2908 547 2964 Titulus
575 2908 899 2980 praepositus
922 2908 1164 2963 continet
1189 2926 1204 2961 :
1230 2906 1483 2962 Psalmus
1515 2907 1707 2976 David,
1741 2909 1885 2979 quod
1909 2909 2315 2980 interpretatur,
2343 2908 2589 2980 psalmus
2614 2922 2777 2961 manu
2806 2906 2958 2976 fora,
2984 2920 3179 2977 nempe
3203 2902 3300 2962 Dei
3325 2905 3492 2972 Filio;

264 3002 369 3057 hoc
393 3000 561 3068 enim,
592 3008 651 3054 ut
683 3014 844 3071 supra
875 3000 1135 3068 diximus,
1169 2999 1339 3054 David
1387 3016 1586 3056 nomen
1616 3000 1927 3073 signiﬁcat;
1961 3003 2098 3059 alias
2130 3002 2294 3059 etiam
2330 3000 2754 3074 signiﬁcationes
2799 2999 2962 3053 habet
2997 2998 3102 3053 hoc
3145 3013 3382 3069 nomen;
3412 2998 3495 3054 hic

262 3093 336 3147 ita
363 3093 767 3163 interpretatur,
796 3102 857 3147 ut
882 3093 1042 3147 modo
1076 3093 1339 3164 scriptum
1371 3101 1476 3150 est.

334 3210 386 3264 l.
411 3209 672 3273 Domine,
703 3207 760 3264 in
804 3208 994 3265 dolore
1032 3210 1214 3266 cordis
1252 3212 1358 3265 mei
1397 3211 1624 3267 clamavi
1654 3214 1719 3269 ad
1746 3222 1817 3281 te,
1849 3214 1889 3275 C

1997 3213 2043 3267 l.
2080 3212 2272 3285 Κύριε,
2306 3214 2363 3268 ὲν
2391 3211 2552 3285 ὀδύνῃ
2581 3212 2679 3285 τῆς
2702 3210 2926 3282 καρδίας
2945 3228 3046 3283 μου
3072 3210 3347 3283 ἀνεϐόησα
3368 3209 3494 3281 πρὶς

260 3301 455 3356 exaudi
498 3316 606 3356 me.

328 3392 386 3444 2.
419 3387 640 3446 Intende
674 3391 848 3447 labori
880 3391 1215 3458 cordismei,

333 3481 388 3533 5.
420 3479 556 3535 Cum
588 3480 719 3537 illud
743 3482 1068 3551 ingemuerit
1094 3482 1161 3537 ad
1192 3491 1269 3538 te.

327 3570 381 3623 4.
419 3569 646 3627 Sursum
680 3573 900 3628 elevans
926 3573 1096 3644 gratia
1129 3584 1219 3629 tua
1267 3577 1568 3634 orationem
1622 3595 1822 3649 meam,

261 3669 314 3714 et
347 3661 588 3718 suaviter
630 3663 851 3718 trahens
878 3668 946 3717 ad
973 3664 1234 3735 seipsam,
1272 3675 1329 3719 ut
1360 3668 1642 3726 incensum
1685 3674 1826 3729 deti-

263 3762 387 3808 neat
413 3754 555 3824 apud
590 3769 669 3810 se.

333 3845 385 3900 5.
417 3844 751 3901 Exclamatio
806 3849 989 3905 cordis
1042 3850 1146 3905 mei
1178 3852 1250 3905 ita
1283 3852 1590 3909 inveniatur
1633 3870 1819 3912 coram

261 3943 314 3991 te
343 3935 506 3990 veluti
543 3935 893 4003 sacriﬁcium,
950 3940 1092 4010 quod
1142 3940 1377 3996 oﬁ‘erunt
1437 3946 1611 3999 sancti
1643 3948 1819 4015 angeli

261 4026 740 4084 tulconvertentes
771 4044 830 4084 se
883 4031 949 4084 ad
993 4042 1045 4085 te
1089 4047 1119 4085 a
1148 4033 1453 4089 ministerio
1481 4051 1668 4091 eorum
1724 4039 1819 4096 uui

260 4118 501 4175 heredes
531 4118 697 4174 futuri
724 4130 850 4175 sunt
874 4122 1084 4176 salutis.

325 4208 378 4274 6,
409 4209 459 4263 7.
487 4207 655 4275 Muni,
685 4209 935 4274 Domine,
975 4227 1037 4267 os
1074 4228 1279 4276 meum,
1302 4224 1356 4269 et
1389 4217 1619 4286 gratiam
1672 4228 1817 4275 tuam

258 4298 391 4352 mihi
420 4297 623 4353 circum
661 4299 799 4353 labia
824 4315 965 4365 mea,
995 4316 1061 4356 ne
1084 4304 1308 4371 prodeat
1340 4321 1404 4359 ex
1430 4322 1525 4360 ore
1552 4323 1672 4363 meo
1699 4325 1816 4363 ser-

258 4404 347 4444 mo
386 4387 656 4458 impurus,
687 4399 738 4444 et
771 4389 838 4445 de
871 4392 1036 4447 verbo
1070 4394 1250 4448 otioso
1280 4396 1544 4451 rationem
1594 4400 1815 4455 reddere

254 4480 497 4548 debeam,
527 4480 623 4538 sed
680 4482 859 4552 potius
904 4484 948 4540 si
989 4485 1116 4554 quid
1166 4495 1250 4540 est
1287 4488 1355 4542 ad
1401 4489 1811 4547 aediﬁcationem

1932 3304 2013 3370 σὲ,
2045 3304 2362 3358 είσάκουσόν
2391 3321 2513 3376 μου.

1994 3396 2050 3450 2.
2073 3397 2316 3468 Πρόσχες
2337 3396 2414 3467 τῷ
2437 3384 2582 3466 πόνῳ
2604 3395 2705 3467 τῆς
2734 3394 2959 3467 καρδίας
2984 3412 3109 3466 μου,

1996 3489 2051 3543 '5.
2097 3489 2183 3541 Ἐν
2204 3488 2283 3559 τῷ
2316 3488 2523 3540 στένειν
2557 3488 2726 3557 αὐτὴν
2758 3486 2894 3558 πρὸς
2918 3486 3000 3540 σέ.

1993 3579 2047 3633 4.
2096 3580 2528 3651 Ἀνειμησαμένη
2550 3579 2625 3649 (5)
2661 3577 3132 3650 [Ἀνιμησαμένη]
3157 3580 3190 3650 ἡ
3219 3579 3378 3652 χάρις
3408 3597 3492 3633 σου

1924 3673 2022 3742 τὴν
2054 3673 2364 3744 προσευχήν
2399 3688 2521 3742 μου,
2547 3670 2640 3723 καὶ
2676 3669 2843 3740 ἡδέως
2869 3669 3147 3723 ἑλκύσασα
3192 3673 3329 3746 πρὸς
3375 3674 3494 3725 ἑαυ-

1922 3764 2042 3835 τὴν,
2066 3762 2140 3827 ὡς
2173 3762 2424 3833 θυμίαμα
2453 3759 2674 3833 κατέχει
2698 3761 2825 3833 παρ’
2854 3763 3042 3834 ἑαυτῇ.

1992 3854 2046 3908 5.
2095 3854 2156 3907 Ἢ
2184 3854 2475 3924 ἀναϐόησις
2496 3855 2571 3925 (ι)
2596 3854 2694 3925 τῆς
2720 3853 2946 3925 καρδίας
2977 3871 3079 3926 μου
3101 3854 3275 3919 οὕτως
3303 3854 3494 3927 εὑρεθῇ

1924 3946 2154 3999 ἐνώπιόν
2188 3962 2303 4009 σου,
2339 3945 2414 4009 ὡς
2442 3947 2475 4017 ἠ
2513 3944 2693 4009 θυσία,
2724 3945 2784 4017 ἢν
2816 3946 3233 4016 ἀναπέμπουσιν
3270 3948 3321 3999 oi
3351 3948 3493 4015 ἅγιοι

1920 4036 2139 4106 ἄγγελοί
2163 4053 2254 4089 σου
2285 4036 2701 4108 ἐπιστρέφοντες
2728 4036 2863 4108 πρὸς
2886 4037 2945 4090 σὲ
2970 4038 3078 4091 ἀπὸ
3099 4036 3202 4108 τῆς
3226 4038 3493 4102 διακονίας

1918 4128 2027 4182 τῶν
2057 4127 2357 4198 μελλόντων
2382 4126 2736 4200 κληρονομεῖν
2768 4128 3063 4199 σωτηρίαν.

1988 4218 2042 4282 6,
2072 4218 2126 4271 7.
2167 4218 2484 4287 Ἀσφάλισαι
2509 4257 2523 4282 ,
2554 4217 2748 4290 Κύριε,
2774 4216 2835 4271 τὸ
2866 4219 3042 4289 στόμα
3076 4234 3203 4289 μου,
3253 4219 3349 4272 καὶ
3395 4216 3492 4287 τὴν

1917 4308 2077 4380 χάριν
2095 4325 2190 4360 σου
2205 4308 2293 4371 δός
2313 4325 2401 4379 μοι
2418 4308 2547 4380 περὶ
2573 4308 2641 4362 τὰ
2668 4309 2821 4380 χείλη
2848 4325 2971 4380 μου,
2991 4310 3079 4362 ἵνα
3105 4311 3182 4381 μὴ
3200 4310 3494 4382 ὲκπορεύη-

1917 4419 2005 4455 ται
2038 4402 2103 4454 ὲκ
2125 4401 2217 4454 τοῦ
2243 4402 2509 4472 στόματός
2538 4419 2639 4472 μου
2670 4402 2826 4470 λόγος
2856 4403 2936 4474 (5)
2963 4403 3195 4474 σαπρὸς,
3230 4404 3327 4457 καὶ
3355 4402 3492 4473 ὑπὲρ

1919 4491 2089 4563 ἀργοῦ
2123 4491 2281 4561 λόγου
2313 4493 2521 4564 εὑρεθῶ
2547 4493 2703 4561 λόγον
2732 4494 2926 4558 διδοὺς,
2958 4494 3096 4548 ἀλλὰ
3122 4495 3329 4565 μᾶλλον
3360 4494 3413 4548 εἴ
3437 4510 3492 4547 τι

254 4571 616 4641 audientium,
639 4583 697 4629 ut
723 4574 776 4629 id
805 4576 1018 4646 loquar,
1051 4587 1106 4632 et
1136 4579 1426 4648 impleatur
1450 4581 1506 4634 in
1537 4597 1622 4637 me
1643 4582 1809 4637 illud:
1847 4555 1889 4610 D

1997 4555 2057 4648 δς
2089 4555 2512 4657 οἰκοδομὴν-τῶν
2547 4555 2850 4639 ἀκουόντων
3001 4555 3144 4654 λέγω
3168 4624 3183 4649 ,
3215 4588 3313 4641 καὶ
3354 4587 3491 4658 πλη-

250 4661 470 4732 Δρεηιξι
500 4679 556 4717 οε
580 4681 754 4729 suum,
785 4674 892 4721 etc.

323 4752 378 4808 8.
411 4752 487 4810 Ne
518 4757 804 4826 permittas
824 4773 919 4814 cor
949 4774 1152 4825 meum,
1187 4768 1249 4815 ut
1270 4776 1329 4818 se
1349 4762 1527 4818 tradat
1567 4764 1620 4819 in
1642 4766 1810 4821 verba

252 4845 645 4911 simulationis,

1925 4674 2069 4747 ρωθῇ
2103 4676 2159 4729 ὲν
2186 4677 2307 4747 ἐμοὶ
2337 4677 2418 4743 τὸ,
2445 4676 2715 4743 Διήνοιξε
2748 4675 2814 4729 τὸ
2850 4678 3043 4746 στόμα
3069 4677 3279 4732 αὐτοῦ.

1987 4768 2037 4823 8.
2079 4769 2169 4842 Μὴ
2193 4772 2547 4842 συγχωρήσῃς
2569 4769 2666 4842 τὴν
2694 4770 2923 4836 καρδίαν
2950 4787 3049 4841 μου
3084 4768 3270 4824 δοῦναι
3296 4769 3493 4840 ἑαυτὴν

1918 4863 1995 4926 είς
2023 4862 2214 4932 λόγους
2238 4865 2596 4935 ὑποκρίσεως,

1158 4968 1460 5031 Addenda
1522 4981 1582 5033 et
1638 4977 2015 5057 corrigenda
2066 4996 2145 5041 ex
2193 4980 2333 5043 cod.
2373 4981 2575 5043 Vatic.

1912 5098 2072 5175 oﬁvj
2101 5102 2354 5175 διήγησις
2380 5104 2507 5175 περὶ
2534 5102 2627 5157 τοῦ
2642 5101 3039 5175 διαψάλματος.

1985 5169 2084 5244 (2⁸)
2112 5169 2184 5225 Ἡ
2205 5169 2305 5227 ’διὰ
2344 5169 3291 5244 τῆς’κιννα6άρεωςπεριέχειηεῑα,
3319 5174 3495 5244 ἑρμης

2740 5281 2754 5305 ,
2790 5238 3071 5307 θιαίέχει
3101 5238 3165 5291 τὸ
3197 5241 3293 5294 τοῦ
3328 5238 3495 5294 iam

349 5088 374 5142 1
437 5089 689 5144 Ἔσονται
716 5091 813 5145 σὺν
841 5092 921 5145 col
948 5094 1018 5156 οἱ,
1052 5102 1155 5147 etc.

324 5089 401 5229 £2;
438 5159 573 5213 Ante
623 5160 838 5214 titulum
890 5178 981 5215 seu
1031 5163 1155 5216 imm

344 5158 401 5233 2)
438 5159 575 5233 Ante
623 5160 838 5233 titulum
889 5178 981 5233 seu
1031 5163 1424 5232 inscriptionem
1474 5165 1612 5233 psal.
1667 5166 1811 5221 CXL

250 5228 444 5298 legitur
482 5229 786 5302 ltujusmodi
831 5230 1100 5285 adnotatio
1144 5228 1208 5286 de
1252 5228 1651 5302 Diapsal'mate,
1695 5253 1811 5302 qua:

251 5307 423 5373 exstat
450 5300 612 5373 etiam
654 5309 765 5366 post
795 5302 1005 5373 tertium
1027 5302 1288 5373 psalmum
1308 5347 1322 5367 ,
1338 5300 1511 5373 ~supra
1539 5320 1558 5357 :
1595 5300 1667 5359 Τδ
1693 5300 1810 5361 διά-

1911 5242 2126 5295 νεύεται
2175 5244 2236 5296 τὸ
2260 5243 2355 5296 τοῦ
2377 5243 2543 5297 Δασὶδ
2564 5244 2653 5296 ὅνο

1909 5312 2079 5381 ὄνομα
2098 5328 2112 5342 ·
2141 5313 2289 5383 ὅμως
2319 5311 2551 5367 ἐνταῦθα
2596 5306 2757 5365 τοῦτο
2798 5306 3185 5381 ἑρμηνεύεται,
3212 5310 3243 5364 ὃ
3289 5313 3495 5383 γέγρα-

250 5367 439 5444 ψαλμα
459 5363 551 5420 οὖν
576 5363 934 5444 ξρμηνεύεται
961 5363 1044 5444 ἀεί
1065 5372 1276 5444 ’.είςᾲὸν
1305 5363 1609 5444 οὗνξστίχον
1631 5379 1807 5431 κεῖται
1912 5363 2063 5436 πται.

253 5435 1144 5528 Ἦῐξιηξῇξλξγόμενονορητρν
1185 5440 1427 5528 ύπὸπού
1463 5435 1694 5528 ,στ’ίχουη
1726 5449 1805 5501 ὅτι
1984 5451 2420 5524 (5)Ἀνισαμένη·
2449 5451 2586 5508 forte
2614 5452 2718 5522 leg.
2746 5452 3103 5528 ἀνισταμένη,
3141 5462 3272 5508 θιο..
3314 5451 3492 5508 κατά-

826 5504 998 5591 ἔνιτιῖί
1016 5504 1178 5591 στίχῳ
1200 5512 1365 5591 ἐστ-ιν·
1399 5514 1518 5591 ἀεὶ,
1535 5504 1644 5591 sive
1667 5504 1804 5591 ava-
1912 5504 2055 5591 cxi};
2070 5530 2172 5576 etc.

247 5505 406 5627 :23?
434 5505 497 5559 τὸ
515 5505 800 5627 λαζόμενοι)
826 5509 884 5561 ἐν
911 5505 997 5580 τῷ’
1016 5505 1178 5582 στίχῳ
1200 5512 1365 5595 ἐστίν·
1399 5514 1518 5603 ἀεὶ,
1535 5505 1644 5568 εἴτε
1667 5505 1802 5583 αγα-

314 5642 335 5654 .
399 5572 580 5654 στινδ
623 5575 735 5654 έγει
761 5578 1161 5654 δέςτίχοςηεζτε
1204 5582 1427 5652 φαυλον.
1455 5584 1527 5654 ου
1559 5584 1717 5651 μόνον
1748 5585 1802 5639 δὲ

250 5642 427 5727 τοῦτο³
458 5642 593 5727 ang
631 5640 734 5707 ἕως
759 5640 990 5727 oblisi);
1007 5640 1107 5727 εἰς)
1130 5640 1404 5727 ὃνμόιείιιςαιΔ
1420 5654 1480 5707 τὸ
1507 5640 1800 5727 διᾶψᾳλμα,

252 5684 1801 5794 a;§.;;,"ag;gpgjalzs_animum“

250 5778 346 5847 nil
367 5782 487 5854 οὐχὶ
512 5784 639 5854 περὶ
668 5778 743 5836 οἶί
771 5784 954 5855 ἔλεγεν
978 5778 1090 5851 ἕως
1111 5789 1203 5843 τοῦ
1236 5778 1625 5864 διατᾷἶάλματος.
1655 5778 1801 5867 Αὕτη

1982 5576 2058 5657 ζῖί)
2089 5590 2400 5655 Ἀνάόασις,
2425 5602 2530 5648 etc.

1984 5658 2060 5736 (_5)
2089 5661 2416 5736 ῌᾶςᾲλόγος,
2449 5673 2553 5736 etc.
2574 5702 2589 5725 ,
2612 5662 2718 5736 εἴτε
2744 5679 2878 5736 προς
2908 5663 3223 5736 οζκοδομῆν,
3258 5673 3399 5730 etc.,
3431 5661 3496 5717 tv

1910 5730 2031 5798 ἐμοὶ
2054 5730 2135 5793 τὸ,
2180 5732 2394 5800 Ἀνοιγε
2429 5731 2602 5804 στόμα
2638 5733 2725 5787 σὸν
2753 5730 2895 5802 λόγῳ
2933 5733 3094 5787 Θεοῦ.
