3740 6294
292 255 428 313 1299
1121 265 1176 321 S.
1215 262 1588 324 ATHANASII
1627 269 1777 327 OPP.
1819 272 1998 332 PARS
2034 277 2120 334 ΙΙΙ.
2163 311 2230 320 -—
2259 281 2668 341 EXEGETICA.
3367 288 3508 346 I300

354 377 408 432 3.
449 375 657 435 Exaudi
683 395 767 436 me
798 382 851 436 in
882 393 972 438 tua
1002 383 1211 450 justitia
1233 427 1249 452 ,

1865 411 1911 464 Α
2008 402 2061 454 3.
2103 400 2427 454 Είσὰκουσόν
2463 421 2564 472 μου
2587 404 2643 456 ἐν
2671 406 2736 474 τῇ
2766 403 3080 476 δικαιοσύνῃ
3106 412 3216 469 σου,

351 469 406 523 4.
449 469 516 524 Et
543 487 649 527 non
675 473 844 530 intres
877 476 930 529 in
954 476 1219 545 judicium
1259 494 1383 533 cum
1415 493 1576 534 servo
1603 490 1694 534 tuo
1725 499 1740 534 :

2024 494 2066 546 ι.
2111 494 2217 546 Καὶ
2249 495 2320 564 μὴ
2345 469 2587 564 είσέλθῃς
2605 497 2684 556 είς
2706 469 2884 565 κρίσιν
2910 469 3159 564 μετὰ-τοῦ
3181 495 3367 550 δούλου
3386 513 3501 552 σουο

351 561 405 614 5.
445 560 585 629 Quia
602 579 709 619 non
736 565 1128 637 justiticabitur
1151 570 1204 622 in
1229 582 1525 639 conspectu
1551 581 1644 625 tuo
1662 571 1828 625 oinni:

2011 583 2062 637 5.
2081 584 2204 636 Ὅτι
2235 560 2754 656 οὑτδικαιωθνήσεταιν
2771 560 3000 638 ἐνώπιόν
3029 603 3123 639 σου
3151 587 3260 650 πᾶς
3287 586 3415 652 ζῶν.

280 666 484 708 Vivens.

347 743 400 797 6.
443 743 584 810 Quia
615 759 934 815 persecutus
969 759 1053 804 est
1078 751 1333 806 inimicus
1363 753 1603 808 animam
1627 768 1800 808 meam

2015 753 2066 807 6.
2087 754 2207 805 Ὅτι
2239 751 2559 818 κατεδίωξεν
2587 756 2615 806 6
2641 753 2832 826 ἐχθρὸς
2855 754 2952 825 τὴν
2978 754 3157 826 ψυχήν
3191 771 3325 826 μου·

350 833 400 888 7.
443 833 757 895 Humiliat'it
796 842 850 896 in
884 851 1028 898 terra-
1059 845 1222 898 vitam
1256 862 1452 901 meam.
1785 847 1790 854 ’

1785 847 1790 854 ”
2017 847 2066 898 7.
2097 845 2485 896 Ἑταπείνωσεν
2511 847 2588 908 είς
2615 846 2725 916 γῆν
2745 845 2841 916 τὴν
2863 844 3006 916 ζωήν
3035 863 3156 916 μου.

345 923 398 980 8.
432 927 724 987 Collocavit
771 949 856 988 me
899 934 953 988 in
985 935 1232 990 obscuris
1263 938 1404 992 sicut
1445 949 1690 996 mortuos
1742 953 1822 993 sas

2015 935 2066 988 8.
2104 935 2349 988 Ἐκάθισέ
2386 952 2452 1006 με
2485 937 2542 989 ὲν
2575 939 2864 999 σκοτεινοῖς
2885 936 2958 1000 ὡς
2987 940 3212 1008 νεκροὺς
3238 937 3451 1005 αἰῶνος,

273 1016 408 1082 Ασυιί,

346 1110 400 1166 9.
429 1110 495 1166 Et
519 1113 772 1170 auxiatus
802 1125 886 1170 est
921 1132 1090 1187 super
1117 1133 1202 1172 me
1235 1118 1460 1187 spiritus
1495 1133 1648 1175 meus
1673 1133 1695 1171 ι

2015 1119 2066 1174 9.
2101 1118 2215 1172 Καὶ
2231 1120 2523 1190 ήκηδίασεν
2551 1119 2636 1172 ἐπ’
2663 1118 2762 1188 ἐμὲ
2789 1117 2849 1170 τὸ
2870 1116 3084 1188 πνεῦμά
3115 1135 3220 1188 μου
3239 1135 3252 1148 ν

347 1203 433 1256 10.
461 1203 518 1257 ln
551 1221 635 1260 me
662 1207 941 1263 turbatum
969 1219 1051 1265 est
1079 1226 1176 1266 cor
1201 1223 1408 1270 meum.

2012 1209 2099 1264 10.
2147 1210 2235 1264 Ἐν
2265 1211 2386 1280 ἐμοὶ
2419 1209 2692 1282 ἐταράχθη
2724 1212 2756 1280 ἡ
2787 1207 2979 1278 καρδία
3017 1225 3136 1278 μου.

1395 1385 1772 1442 ATHANASII
1809 1384 2396 1442 ιΝτΕιτΡιιΕΤΑΤιο.

271 1557 532 1615 δαίων.Ἤ
564 1566 695 1618 τότε
729 1560 886 1638 [εῐτα,
913 1566 1096 1640 ὁπότε]
1127 1567 1312 1623 αὐτὸν
1336 1568 1692 1622 κατεδίωκεν
1717 1567 2048 1638 Ἀὄεσαλὼμ
2073 1571 2106 1623 ὁ
2133 1569 2261 1635 υἱὸς
2290 1568 2506 1624 αὐτοῦ’
2549 1568 2879 1637 Ἁϐεσαλὼμ
2910 1566 3264 1639 ἑρμηνεύεται
3307 1563 3505 1632 πατὴρ

269 1657 546 1725 εἰρήνης-ο
572 1661 666 1714 τὸν
687 1661 814 1716 λαὸν
835 1659 932 1716 οὖν·
960 1663 1050 1716 τὸν
1078 1665 1469 1736 ἐπιστρέφοντα
1494 1662 1608 1716 τῶν
1637 1663 1900 1717 Ἰουδαίων
1929 1663 2250 1717 κατεδίωκεν
2269 1667 2297 1717 6
2321 1662 2498 1738 πατὴρ
2521 1662 2618 1733 τῆς
2643 1664 2858 1734 εἰρήνης
2889 1661 3091 1732 Ἰησοῦς
3112 1659 3307 1714 ὡσανεὶ
3330 1661 3359 1712 6
3385 1659 3508 1728 δρο-

273 1747 419 1815 μέως
447 1748 744 1825 [δρομεύς]⁶
775 1754 1131 1825 κατελήλυθεν
1173 1754 1376 1825 Ἰησοῦς
1405 1757 1468 1807 ὲκ
1502 1752 1608 1806 τῶν
1640 1751 1884 1823 οὐρανῶν
1911 1751 2004 1804 τοῦ
2030 1755 2320 1822 κατασχεῖν
2354 1753 2513 1805 αὐτὸν
2543 1753 2621 1814 είς
2655 1751 2942 1823 σωτηρίαν.
2965 1749 3133 1804 Τοῦτο
3153 1749 3260 1820 γὰρ
3297 1764 3509 1818 μεμνη-

274 1843 432 1911 μένος
452 1847 480 1898 6
502 1847 787 1920 Προφήτης
817 1849 1000 1920 ἔλεγεν
1019 1869 1033 1881 ο
1059 1850 1195 1921 μετὰ
1225 1850 1282 1904 δὲ
1313 1850 1412 1919 τῆς
1440 1848 1603 1918 ἄλλης
1631 1848 1924 1919 ἑρμηνείας
1954 1849 2050 1918 τῆς
2075 1847 2480 1919 παρακειμένης
2509 1845 2585 1917 τῷ
2619 1846 2782 1916 στίχῳ
2805 1843 2895 1897 τοῦ
2921 1843 3263 1912 ὀγδοδεκάτου
3291 1839 3506 1911 ψαλμοῦ

268 1937 469 2007 ὁμοίως
489 1939 546 1992 δὲ
571 1941 727 1996 τοῦτο
761 1943 940 2016 δηλῶν·
962 1943 1024 1997 τὸ
1053 1940 1483 2011 καταδεὸηκέναι
1514 1940 1672 1993 αὑτὸν
1705 1941 1770 1992 ἐκ
1800 1939 1906 1992 τῶν
1938 1939 2179 2012 οὐρανῶν
2207 1940 2266 1994 ὲν
2293 1940 2370 2011 τῷ
2398 1940 2572 2009 λέγειν
2599 1939 2754 1992 αὐτόν
2773 1955 2786 1968 ⁸
2818 1935 3254 2006 Ἀττιλλιάσεται
3297 1936 3379 2000 ὠς
3419 1935 3507 2002 γι-

265 2045 377 2098 φας
411 2030 652 2100 δραμεῖν
678 2033 838 2100 ὁδὸν,
866 2035 968 2089 ἀπ’
998 2033 1182 2101 ἄκρου
1217 2031 1324 2086 τοῦ
1354 2030 1609 2100 οὐρανοῦ
1640 2032 1678 2098 ἡ
1705 2029 1913 2096 ἔξοδος
1941 2030 2146 2096 αὐτοῦ,
2177 2031 2273 2085 καί
2326 2031 2393 2084 τὸ
2436 2029 2773 2098 κατάντημα
2814 2027 2996 2081 αὐτοῦ
3036 2026 3144 2091 ἕως
3177 2024 3360 2092 ἄκρου
3395 2021 3506 2076 τοῦ

265 2123 544 2188 οὐρανοῦ.
576 2124 723 2196 Αὕτη
755 2122 848 2181 οὖν
875 2130 909 2198 ὴ
940 2127 1202 2199 ἑρμηνεία
1225 2127 1318 2180 τοῦ
1341 2127 1755 2197 ἐπιγράμματος
1774 2143 1787 2156 ·
1825 2125 2044 2196 Ψαλμὺς
2070 2125 2287 2197 τῷ“λαῷ
2312 2125 2418 2180 τῶν
2463 2124 2725 2179 Ἰουδαίων
2750 2122 2827 2192 τῷ
2842 2120 3221 2192 ἐπιστρέψαντι
3251 2117 3387 2188 πρὸς
3415 2117 3506 2170 τὸν

268 2210 421 2275 Θεὸν,
447 2215 534 2266 ὅτε
563 2216 591 2268 6
620 2215 799 2288 πατὴρ
822 2217 919 2288 τῆς
950 2219 1172 2290 εἰρήνης
1214 2217 1418 2287 Ἰησοῦς
1444 2217 1769 2270 κατεδίωκεν
1799 2216 1907 2269 ἀπὸ
1932 2215 2042 2268 τῶν
2067 2216 2307 2287 οὐρανῶν
2338 2215 2397 2268 τὸ
2421 2214 2574 2282 γένος
2599 2213 2709 2266 τῶν
2747 2213 3062 2285 ἀνθρώπων.
3095 2209 3369 2265 συλλαϐεῖν
3408 2209 3504 2260 αύ-

265 2301 391 2364 τοὺς
419 2303 498 2365 είς
527 2306 818 2376 σωτηρίαν.
858 2308 930 2360 Τὸ
956 2307 1016 2362 δὲ·
1043 2310 1214 2361 εἰπεῖν
1247 2311 1304 2363 ἐν
1328 2307 1406 2378 τῷ
1438 2307 1834 2378 ἐπιγράμματι,
1863 2305 1961 2360 ὅτε
2001 2309 2034 2360 ό
2076 2307 2205 2371 υίὸς
2235 2305 2341 2358 τόν
2379 2303 2604 2372 πατέρα
2627 2302 2809 2356 αὑτοῦ
2843 2302 3182 2363 seandimus,
3213 2299 3373 2368 δῆλον,
3409 2298 3500 2349 εύ-

266 2397 451 2467 ρήσεες
471 2398 644 2454 τοῦτο.
662 2401 732 2454 'O-
749 2403 855 2474 γὰρ
882 2404 1070 2474 Πατὴρ
1095 2405 1190 2475 τῆς
1219 2405 1442 2474 εἰρήνης
1468 2401 1692 2472 Ἰησοῦς,
1709 2405 1738 2455 ὁ
1760 2401 1884 2463 Υἱὸς
1903 2399 2139 2469 γεγονὼς
2172 2399 2310 2453 κατὰ
2335 2398 2490 2469 χάριν
2520 2397 2649 2450 ἰδίαν
2674 2395 2781 2449 τῶν
2809 2393 3094 2463 Ἰουδαίων,
3115 2390 3281 2454 οὔτως
3301 2387 3500 2442 ἐσπού-

263 2485 393 2551 δαζε
427 2490 706 2548 συλλαϐεῖν
739 2496 934 2559 αὐτοὺς
958 2497 1061 2551 ὑπὸ
1088 2497 1183 2561 τὰς
1209 2500 1482 2570 πτέρυγας
1513 2495 1682 2552 αὑτοῦ
1711 2497 1791 2559 είς
1829 2495 2120 2566 σωτηρίαν.

263 2583 480 2647 quando
514 2599 629 2636 eum
672 2587 1074 2654 persequebatur
1109 2587 1354 2641 Absalom
1395 2589 1540 2655 ﬁlius
1573 2587 1685 2656 ejus
1717 2601 1738 2638 :
1766 2585 2013 2640 Absalom
2065 2586 2449 2655 interpretatur
2475 2594 2624 2654 pater
2660 2585 2807 2654 pacis
2840 2599 2860 2638 :
2885 2577 3141 2653 populum
3181 2579 3348 2652 igitur
3396 2575 3495 2632 Ju-

271 2671 508 2727 daeorum
542 2684 943 2731 convertentem
970 2693 1026 2733 se
1052 2679 1474 2748 persequebatur
1508 2688 1656 2748 pater
1684 2677 1830 2748 pacis
1860 2676 2017 2732 Jesus
2039 2676 2204 2732 veluti
2233 2692 2424 2732 cursor
2451 2695 2464 2732 :
2497 2676 2772 2734 descendit
2800 2676 2944 2732 enim
2973 2674 3130 2730 Jesus
3172 2689 3202 2728 e
3227 2673 3395 2735 ctelo,
3437 2679 3496 2726 ut

271 2781 396 2821 eum
431 2771 852 2838 apprehenderet
877 2811 891 2838 ,
926 2788 989 2828 ac
1028 2775 1235 2828 salvum
1269 2773 1489 2828 faceret.
1524 2771 1635 2826 Hoc
1671 2773 1815 2826 enim
1857 2786 2288 2827 commemorans
2336 2769 2602 2840 Propheta
2630 2771 2825 2826 cecinit
2857 2769 3074 2840 (juncta
3125 2766 3341 2837 quidem
3391 2763 3493 2818 alia

272 2860 717 2930 interpretatione
758 2867 1006 2936 apposita
1050 2869 1319 2924 versiculo
1370 2869 1566 2940 psalmi
1592 2869 1787 2923 decimi
1834 2869 2045 2933 octavi,
2082 2868 2177 2938 qui
2206 2867 2309 2922 hoc
2343 2868 2519 2937 ipsum
2563 2866 2865 2938 signiﬁcat,
2905 2863 3245 2921 descendisse
3274 2876 3398 2916 eum
3427 2863 3495 2914 de.

267 2955 464 3024 malis),
490 2955 674 3014 dicens
697 2957 1029 3015 :Exsultavit
1077 2972 1133 3014 ut
1177 2964 1322 3033 gigas
1358 2970 1426 3016 ad
1451 2962 1760 3015 currendum
1790 2961 1944 3024 viam,
1971 2979 2003 3014 a
2036 2977 2237 3014 summa
2267 2959 2393 3012 caelo
2416 2961 2640 3029 egressio
2677 2960 2812 3030 ejus,
2839 2968 2888 3013 et
2911 2975 3154 3013 occursus
3178 2957 3293 3026 ejus
3335 2971 3495 3024 usque

269 3047 346 3100 ad
372 3063 632 3102 summum
658 3049 794 3120 ejus.
821 3050 948 3106 Haec
975 3051 1138 3122 igitur
1168 3065 1250 3109 est
1273 3053 1642 3123 interpretatio
1678 3051 2046 3122 inscriptionis
2083 3071 2096 3106 :
2133 3051 2380 3107 Psalmus
2406 3051 2604 3120 populo
2635 3048 2943 3105 Iudaeorum
2975 3049 3306 3104 convertenti
3335 3064 3392 3102 se
3418 3047 3486 3101 ad

275 3136 482 3204 Deum,
525 3137 738 3210 quando
784 3150 936 3211 pater
980 3145 1128 3213 pacis
1169 3143 1330 3201 Iesus
1365 3144 1845 3214 persequebatur‘e
1882 3145 2034 3200 cmlis
2074 3159 2244 3212 genus
2274 3143 2593 3208 humanum,
2639 3154 2696 3198 ut
2723 3142 3198 3228 comprehenderet
3237 3157 3360 3196 eum
3384 3181 3399 3206 ,
3431 3149 3487 3194 et

269 3231 521 3287 salvaret.
565 3231 721 3299 Quod
777 3243 962 3288 autem:
995 3235 1192 3290 dicitur
1230 3236 1283 3290 in
1326 3237 1681 3306 inscriptione
1715 3255 1728 3291 :
1763 3240 1970 3307 quando
2012 3238 2155 3307 ﬁlius
2195 3245 2397 3304 patrem
2439 3253 2602 3290 suum?
2638 3235 3057 3306 persequebatur,
3102 3232 3390 3288 manifesto
3436 3233 3492 3288 id

277 3323 597 3393 eomperies.
624 3323 784 3381 Pater
810 3326 952 3381 enim
979 3327 1125 3396 pacis
1153 3325 1333 3394 Iesus,
1365 3328 1533 3385 Filius
1561 3345 1654 3400 per
1690 3331 1918 3399 gratiam
1950 3346 2104 3387 suam
2150 3328 2458 3386 Judzeorum
2487 3329 2682 3398 factus,
2708 3330 2780 3384 ita
2806 3327 3011 3385 studuit
3035 3327 3491 3398 comprehendere

263 3431 360 3471 eos
392 3416 494 3470 sub
525 3417 648 3471 alas
669 3431 818 3482 suas,
851 3426 908 3472 ut
937 3420 1116 3474 salvos
1144 3418 1362 3476 faceret.

332 3529 385 3583 5.
428 3530 494 3584 Et
525 3530 688 3602 imple
720 3547 839 3587 eam
875 3549 974 3603 per
1004 3535 1200 3606 ipsum.

1858 3527 1901 3581 Β
1998 3539 2052 3594 5.
2093 3540 2202 3592 Καὶ
2228 3539 2516 3612 πλήρωσον
2545 3537 2716 3609 αὐτὴν
2743 3536 2809 3590 δι’
2835 3534 3022 3589 αὐτοῦ.

327 3619 383 3673 ι.
424 3618 488 3674 Et
517 3635 583 3676 ne
609 3621 752 3676 velis
785 3623 1047 3678 rationem
1087 3640 1297 3680 mecum
1335 3640 1572 3696 ponere,
1604 3627 1709 3683 hoc
1735 3637 1804 3683 est

2014 3632 2042 3685 ι.
2084 3633 2194 3686 Καὶ
2225 3633 2300 3704 μὴ
2331 3632 2562 3702 θελήσῃς
2586 3631 2812 3701 συνᾶραι
2841 3628 2995 3696 λόγον
3024 3629 3138 3698 μετ’
3159 3626 3314 3698 ἐμοῦ,
3335 3643 3491 3680 τουτ-

257 3725 484 3764 examen
521 3711 698 3768 facere
729 3713 1078 3784 iniquitatum
1119 3731 1385 3770 mearum.

1921 3722 2065 3777 ἐστιν
2098 3723 2342 3790 ἐξέτασιν
2374 3721 2696 3794 ποιήσασθαι
2717 3720 2824 3774 τῶν
2852 3720 3087 3790 ἀνομιῶν
3117 3736 3216 3790 μου
3248 3719 3346 3788 (1).

329 3801 383 3856 5.
423 3801 691 3868 Quoniam
725 3820 832 3859 non
864 3813 947 3860 est
967 3806 1174 3875 justus,
1206 3822 1381 3877 neque
1415 3823 1592 3864 unus:
1626 3808 1806 3864 Omne:

2017 3815 2044 3870 ἱ.
2066 3814 2189 3867 Ὅτι
2221 3815 2322 3866 ούκ
2349 3812 2494 3867 ἔστιν
2541 3811 2766 3874 δίκαιος,
2808 3809 2928 3863 οὕτε
2968 3802 3079 3872 εἷς’
3111 3807 3336 3872 Πάντες
3380 3807 3494 3875 τὰρ

255 3891 396 3944 enim
420 3904 779 3960 peccaverunt,
813 3905 860 3948 et
882 3907 1026 3966 egent
1054 3897 1224 3968 gloria
1251 3907 1362 3965 tua,
1381 3899 1672 3968 justiﬁcati
1691 3918 1732 3971 g1

2016 3917 2208 3969 αρτον,
2226 3902 2322 3954 καὶ
2345 3901 2731 3968 ὑστεροῦνται
2753 3897 2859 3967 τῆς
2874 3897 3062 3966 δόξης,
3081 3912 3216 3962 σου,
3231 3895 3493 3950 mxuma-

257 3983 322 4038 tis
351 3985 525 4054 gratia
551 3995 640 4040 tua
665 3987 710 4040 ⁸.
1208 4031 1215 4040 .

1917 4008 2089 4059 μενοι
2126 3991 2349 4059 δωρεὰν
2371 3989 2446 4060 τῇ
2473 3990 2557 4060 σῇ
2589 3990 2803 4060 χάριτι.

327 4073 382 4128 6.
423 4073 849 4146 Comprehendit
873 4077 1124 4134 diabolus
1150 4081 1386 4135 animam
1412 4097 1609 4137 meam.

1989 4081 2041 4134 6.
2082 4081 2344 4152 Συνέσχεν
2374 4081 2447 4151 (2)
2484 4083 2512 4134 ὁ
2537 4080 2780 4143 διάϐολος
2801 4081 2900 4149 τὴν
2926 4079 3102 4150 ψυχήν
3134 4095 3267 4148 μου.⁴

325 4165 380 4222 Ἰ.
421 4165 765 4224 Mortiﬁcavit
808 4171 862 4225 in
911 4172 1144 4228 terrenis
1193 4175 1651 4243 concupiscentiis
1699 4173 1802 4228 ani-

2004 4172 2048 4226 7.
2072 4171 2436 4228 Ἐθανάτωσεν
2468 4175 2550 4237 είς
2577 4171 2675 4236 τὰς
2707 4172 2898 4241 γηίνας
2929 4170 3221 4242 ἐπιθυμίας
3254 4169 3355 4240 τὴν
3381 4169 3481 4239 ψυτ-

253 4272 396 4311 mam
425 4274 618 4314 meam.

1921 4267 2020 4338 χήν
2057 4283 2180 4337 μου.

324 4350 376 4404 8.
413 4352 878 4427 ρυθηιοθιηοαμιη
903 4363 1148 4412 mortuos
1169 4357 1223 4411 in
1250 4358 1621 4412 monumentis
1649 4357 1801 4412 inclul

2018 4359 2050 4414 ι.
2097 4358 2184 4422 Ὠς
2216 4359 2342 4422 τοὺς
2369 4357 2442 4429 (5)
2497 4356 2721 4429 νεκροὺς
2773 4355 2832 4408 ὲν
2874 4356 2986 4418 τοῖς
3035 4354 3310 4424 μνήμασιν
3350 4353 3495 4406 ἀποο-

253 4438 412 4506 dunt,
438 4452 492 4496 ct
527 4444 808 4499 dimittunt
838 4461 932 4501 eos
976 4447 1030 4501 in
1069 4446 1238 4504 fetore
1285 4466 1399 4505 sua:
1431 4451 1730 4520 corruptior

2002 4449 2186 4514 είουσι,
2218 4450 2310 4502 καὶ
2344 4449 2504 4502 ὲῶσιν
2535 4449 2729 4512 αὐτοὺς
2780 4447 2837 4499 ἐν
2880 4449 2944 4516 τῇ
2977 4445 3209 4516 δυσωδία
3233 4445 3331 4515 τῆς
3366 4444 3479 4496 διαρ

254 4531 328 4584 ita
357 4533 521 4588 etiam
558 4536 689 4590 mihi
720 4536 846 4591 fecit
873 4538 1148 4596 diabolus.
1179 4541 1455 4596 Conclusit
1479 4542 1621 4596 enim
1656 4557 1731 4596 me

2002 4541 2128 4610 ορᾶς
2163 4541 2361 4605 αὐτῶν,
2397 4540 2567 4603 οὕτως
2601 4537 2868 4608 πεποίηκέ
2919 4555 3006 4608 μοι
3047 4538 3138 4590 καὶ
3165 4537 3194 4588 ὁ
3215 4535 3479 4598 διάϐολος.-

254 4622 446 4677 faetore
472 4637 814 4694 peccatorum
849 4644 1116 4696 meorum,
1141 4640 1203 4685 ut
1229 4647 1628 4702 corrumperer,
1659 4644 1713 4688 et

1998 4631 2243 4683 πέκλεισε
2272 4632 2376 4702 γάρ
2409 4649 2474 4701 με
2498 4633 2555 4684 ὲν
2579 4634 2643 4700 τῇ
2677 4629 2906 4701 δυσωδία
2928 4629 3035 4683 τῶν
3062 4627 3345 4699 ἁμαρτιῶν
3375 4644 3473 4697 μου

250 4717 580 4784 computrui,
602 4727 661 4772 ut
687 4717 929 4773 lictorem
969 4737 1180 4784 eorum,
1205 4739 1325 4792 qua:
1351 4722 1476 4789 feci,
1499 4722 1618 4778 'non.
1652 4723 1727 4779 fer

1996 4721 2360 4792 ιφθείρεσθαι,
2420 4722 2513 4774 καὶ
2555 4721 2727 4785 οὕτως
2771 4721 3154 4794 προσὼξουσα,
3189 4721 3330 4773 ὥστε
3376 4719 3473 4789 τὴν

249 4809 428 4862 anima
466 4825 612 4877 mea,
639 4811 732 4866 sed
756 4827 813 4866 sc
841 4813 1011 4882 ipsam
1039 4814 1468 4869 abominaretur.

1994 4810 2178 4863 ςωδίαν
2218 4805 2292 4863 ὧν
2317 4811 2528 4881 ἔπραξα
2557 4812 2631 4883 μὴ
2663 4811 2847 4882 φέρειν
2879 4812 2974 4881 τὴν
3001 4810 3174 4881 ψυχήν
3208 4827 3330 4882 μου,
3359 4809 3471 4863 ἀλλ’

1913 4902 2108 4972 ἑαυτὴν
2139 4902 2528 4972 βδελύττεσθαι.

317 4987 370 5040 9.
401 4987 466 5040 Et
493 4989 826 5044 conscientia
855 4990 1037 5045 cordis
1065 4992 1193 5055 mei,

1981 4993 2033 5046 9.
2072 4993 2179 5044 Xa".
2205 4992 2265 5044 τὸ
2299 4992 2536 5058 συνειδὸς
2561 4996 2655 5064 τῆς
2690 4992 2912 5062 καρδίας
2948 5010 3046 5063 μου
3070 5030 3084 5055 ,

318 5075 404 5130 10.
439 5077 576 5134 Cum
615 5082 931 5138 recordarer
960 5082 1128 5137 futuri
1155 5082 1370 5152 judicii,
1402 5083 1600 5138 timore
1623 5097 1795 5138 corre-

1990 5085 2068 5140 IO.
2103 5085 2445 5156 Μνησθέντος
2475 5105 2573 5157 μου
2593 5088 2690 5156 τῆς
2722 5085 3016 5157 μελλούσης
3047 5084 3298 5156 κρίσεως,
3319 5083 3467 5154 φόὸῳ

245 5174 334 5234 pta
371 5177 452 5222 est

1916 5175 2229 5246 συνεσχέθη.

377 5277 530 5332 ηοω.
559 5295 637 5342 nr,
677 5283 763 5347 l0,
794 5285 882 5338 23.

1163 5353 1466 5415 Addenda
1533 5361 1594 5414 et
1649 5357 2016 5437 corrigenda
2067 5379 2144 5423 ex
2176 5363 2314 5424 cod.
2364 5363 2562 5426 Vatic.

314 5449 332 5512 ί
345 5448 388 5534 ἶ)
406 5450 719 5534 lim-97“?”
747 5472 869 5522 μουο
1915 5463 2194 5534 ἁμαρτιῶν
2219 5461 2642 5534 διαφθείρεσθαι,
2667 5462 2757 5534 καὶ
2775 5462 2943 5534 οὕτως
2971 5459 3307 5534 πρρσῴζεσςα,
3327 5465 3463 5534 _etc._,

312 5517 964 5604 ςιιῖρτεάενέεκένηειςο
1107 5596 1118 5604 .
1239 5594 1317 5604 ..
1545 5597 1556 5604 .
1682 5595 1701 5604 -

1985 5554 1988 5602 ι
2019 5517 2257 5603 ᾧθείρειν
2285 5517 2402 5604 τήν,
2426 5517 2566 5604 etc,
2584 5517 2981 5604 βδελύσσεσθαι.
3014 5517 3088 5583 ’Ν.
3129 5517 3210 5584 10.
3242 5517 3347 5581 κει
3379 5517 3462 5591 τό,

313 5591 391 5656 (5)
414 5590 480 5672 N_.
505 5590 558 5672 8,
581 5591 634 5645 9.
653 5590 904 5672 'ﬂisoﬁg,
933 5604 1062 5672 ett}.
1096 5594 1469 5672 ἀποκλείουσιν
1513 5597 1559 5649 οἱ
1616 5595 1790 5672 τεθνη-

1184 5594 1469 5672 δκλείουσιν
1513 5597 1559 5649 οἱ
1616 5595 1804 5672 τεθνη-
1909 5590 2214 5672 ὲιὲ.ὐεηύο
2249 5603 2314 5657 ad
2341 5590 2661 5672 ’συνεσ-χέθη.

243 5660 395 5721 the;
419 5663 628 5725 αὑτοίις,
668 5664 779 5727 καί,
810 5673 937 5723 etc.,
967 5665 1061 5734 τῆς
1092 5665 1292 5737 φθορᾶς
1335 5666 1529 5729 αὐτῶν,
1557 5676 1658 5720 etc.
1693 5660 1798 5718 τῶν
