3740 6294
244 273 380 330 1501
1145 277 1234 334 DE
1267 280 1540 340 TITULIS
1575 285 1721 341 PSA}

1989 288 2024 345 Ι.
2057 317 2128 330 -
2167 289 2359 348 PSAL.
2403 294 2588 351 CXLII
3326 303 3466 360 1302

317 395 408 487 1
452 393 756 487 ξξμνήσθην
777 395 994 466 ήμερῶν
1019 397 1257 470 ἀρχαίων
1278 417 1294 431 ο

1827 413 1876 469 Α
1975 408 2061 462 11.
2094 408 2298 468 Memor
2321 413 2396 468 fui
2431 414 2640 470 dierum
2666 417 3045 487 antiquorum:

316 486 406 540 12.
452 485 780 557 Ἐμελὲτησα
813 490 870 542 ἐν
893 491 1025 543 πᾶσι
1046 494 1158 556 τοῖς
1189 491 1369 564 ἔργοις
1396 512 1510 552 σου.

1987 497 2072 551 12.
2101 498 2387 558 Meditalus
2417 519 2538 558 sum
2573 505 2626 558 in
2659 485 2911 562 omnibus
2945 508 3201 576 operibus
3236 509 3361 568 tuis.

317 576 406 630 15.
445 575 531 628 Ἐν
558 577 822 648 ποιήμασι
846 578 952 632 τῶν
975 581 1182 653 χειρῶν
1201 600 1294 636 σου
1327 585 1612 655 ἐμελέτων.

1986 591 2071 644 15.
2108 591 2164 645 In
2199 590 2358 649 factis
2388 611 2645 651 manuum
2677 606 2893 652 tuarum
2921 575 3241 654 meditabar.

238 659 248 665 ’
315 664 404 718 14.
437 664 743 720 Διεπέτασα
773 668 908 739 πρὸς
930 669 990 721 σὲ
1015 671 1113 734 τὰς
1135 672 1321 742 χεῖράς
1356 691 1458 743 μου
1483 690 1500 706 ο

1483 690 1500 706 ⁹
1981 682 2068 738 11.
2101 682 2344 754 Expandi
2366 701 2558 742 manus
2586 702 2735 742 meas
2767 685 2832 740 ad
2865 696 2948 742 te:

447 756 511 810 'H
537 757 680 829 ψυχή
710 777 810 830 μου
840 761 915 824 ὡς
938 761 1011 832 γῆ
1039 763 1264 834 ἄνυδρός
1293 782 1394 819 σοι.

1983 774 2072 828 15.
2099 774 2294 829 Anima
2323 791 2444 830 mea
2474 777 2614 831 sicut
2646 787 2786 831 terra
2817 778 2935 832 sine
2961 792 3098 848 aqua
3131 777 3246 834 tibi.

323 845 409 901 16.
438 848 586 918 Ταχὺ
610 849 922 904 εἰσάκουσόν
958 871 1079 924 μου,
1113 851 1282 924 Κύριε
1307 870 1321 883 ·

1981 863 2069 918 16.
2102 864 2373 919 Velociter
2397 865 2596 920 exaudi
2626 881 2734 928 me,
2767 845 3025 922 Domine;

323 940 411 994 17.
452 940 695 1007 Ἐξέλιπε
721 942 782 995 τὸ
809 941 1027 1014 πνεῦμά
1061 962 1182 1016 μου.

1984 955 2073 1009 17.
2102 955 2307 1012 Deiecit
2333 957 2558 1027 spiritus
2593 973 2764 1014 meus.

319 1031 408 1086 18.
437 1031 530 1102 Μὴ
563 1032 910 1108 άποστρέψῃς
936 1036 998 1089 τὸ
1019 1037 1308 1107 πρόσωπόν
1338 1039 1550 1092 σου-ἀπ’
1582 1040 1737 1110 ἐμοῦ.

1588 1040 1737 1110 ἐμοῦ.
1981 1045 2066 1100 18.
2103 1045 2219 1100 Νοη
2252 1057 2466 1103 avertas
2496 1047 2692 1103 faciem
2718 1057 2866 1103 tuam
2901 1065 2932 1104 a
2958 1065 3065 1116 me,

319 1120 406 1175 19.
435 1121 545 1174 Καὶ
569 1122 975 1194 ὁμοιωθήσομαι
1006 1127 1116 1187 τοῖς
1147 1127 1563 1181 καταὸαίνουσιν
1587 1130 1666 1192 εἰς
1689 1129 1796 1184 λάκ

1981 1138 2066 1193 19.
2094 1138 2157 1194 Ει
2187 1139 2382 1195 similis
2412 1156 2508 1197 ero
2536 1141 2992 1197 descendentibus
3023 1141 3076 1196 in
3103 1142 3298 1198 lacum.

249 1229 348 1266 διον
354 1255 366 1268 .

317 1307 407 1362 20.
450 1307 737 1360 Ἀκουστὸν
765 1308 987 1378 ποίησόν
1019 1326 1106 1379 μοι
1136 1310 1196 1362 τὸ
1222 1310 1366 1380 πρωὶ
1401 1311 1462 1364 τὸ
1495 1311 1642 1375 ἔλεός
1675 1329 1764 1366 σου
1793 1331 1794 1339 η

1993 1316 2072 1370 ΞΟ.
2101 1315 2354 1370 Auditam
2381 1313 2465 1370 fac
2485 1315 2620 1371 mihi
2645 1331 2806 1372 mane
2831 1316 3260 1373 misericordiam
3289 1327 3470 1372 tuam:

319 1399 409 1452 21.
447 1398 567 1451 Ὅτι
602 1399 694 1451 ἐπὶ
729 1399 811 1452 σοὶ
841 1401 1065 1470 ἤλπισα.

1981 1405 2072 1460 21.
2109 1405 2249 1471 Quia
2281 1407 2336 1460 in
2372 1413 2424 1460 te
2453 1406 2684 1476 speravi.

319 1491 412 1544 22.
445 1490 716 1562 Γνώρισόν
746 1509 857 1562 μοι,
892 1494 1085 1565 Κύριε,
1107 1496 1243 1561 ὁδὸν,
1278 1497 1337 1550 ὲν
1433 1497 1766 1569 πορεύσομαι
1793 1516 1796 1526 ⁴

1980 1493 2071 1548 22.
2099 1492 2291 1548 Notam
2318 1493 2403 1550 fac
2435 1496 2567 1548 mihi
2598 1496 2763 1561 viam,
2793 1495 2847 1548 in
2881 1509 2988 1564 qua
3023 1494 3290 1549 ambulem
3319 1513 3331 1548 :

319 1583 413 1639 23.
444 1582 566 1636 Ὅτι
597 1583 731 1653 πρὸς
760 1585 818 1636 σὲ
843 1580 952 1656 ἦρα
971 1586 1070 1656 τὴν
1091 1586 1268 1658 ψυχήν
1303 1604 1426 1658 μου.

1981 1585 2072 1640 25.
2104 1583 2238 1651 Quia
2263 1585 2330 1640 ad
2361 1594 2412 1640 te
2437 1586 2609 1640 levavi
2642 1586 2877 1640 animam
2906 1600 3101 1640 meam.

316 1673 408 1728 24.
450 1672 662 1738 Ἐξελοῦ
688 1691 754 1744 με
785 1675 848 1727 ὲκ
867 1675 973 1729 τῶν
1006 1676 1213 1748 ἐχθρῶν
1244 1695 1366 1748 μου,
1405 1676 1599 1749 Κύριε,

1981 1676 2072 1730 24.
2103 1675 2264 1746 Eripe
2291 1690 2380 1730 me
2411 1675 2477 1731 de
2511 1675 2746 1730 inimicis
2779 1675 2936 1738 meis,
2977 1674 3224 1735 Domine.

312 1764 406 1820 25.
435 1765 577 1837 Πρὸς
610 1766 669 1818 σὲ
692 1766 1022 1835 κατέφυγον.

1842 1753 1886 1807 Β
1987 1767 2078 1822 25.
2103 1767 2183 1821 Ad
2215 1776 2266 1822 te
2297 1765 2539 1838 confugi.

317 1859 408 1914 26.
441 1858 658 1925 Δίδαξόν
688 1874 755 1930 με
776 1859 869 1912 τοῦ
902 1863 1075 1914 ποιεῖν
1097 1861 1157 1916 τὸ
1183 1862 1392 1935 θέλημά
1418 1879 1534 1927 σου,
1561 1863 1642 1916 ὃτι
1674 1863 1737 1916 σὺ
1765 1858 1794 1914 ε’

2000 1857 2078 1911 ὶ6.
2113 1856 2253 1912 Doce
2283 1873 2370 1913 me
2400 1856 2578 1913 facere
2606 1858 2936 1914 voluntatem
2976 1865 3145 1923 tuam,
3181 1857 3305 1927 quia
3337 1855 3477 1912 Deus

244 1952 279 2007 ὃ
299 1951 431 2015 Θεός
461 1967 581 2022 μου.

1920 1965 2079 2005 meus
2101 1965 2159 2005 ES
2187 1959 2240 2003 ιιι
2251 1990 2278 2005 ..

1359 2204 1745 2260 A’TllAN-ASII—-
1776 2203 2368 2264 INTERPRETATIO.

323 2425 412 2480 11.
460 2424 765 2497 Ἐμνήσθην
798 2426 905 2497 γὰρ
937 2427 1045 2479 τῶν
1101 2426 1379 2498 προτέρων
1443 2443 1559 2480 αουν
1597 2428 1800 2498 ήμερῶι

2002 2427 2082 2482 11.
2108 2424 2324 2483 Memini
2343 2423 2488 2481 enim
2512 2422 2844 2478 anteriorqu
2869 2419 3080 2475 dierum
3101 2426 3368 2476 meorum,
3388 2412 3479 2482 qui

248 2515 361 2569 τῶν
383 2514 798 2570 παλαιωθεισῶνν
824 2517 882 2570 ὲν
903 2517 1174 2588 άνομίαις.

1924 2519 2363 2576 inveteraverunt
2391 2516 2445 2570 in
2480 2513 2876 2584 iniquitatibus.

324 2606 414 2660 12.
447 2608 557 2660 Καὶ
586 2606 837 2678 ἠρξάμην
885 2607 1218 2679 ἐπιστρέψας
1246 2609 1540 2680 γυμνάζειν
1584 2609 1801 2680 ὲμαυτὸι

2007 2611 2084 2667 l2.
2119 2611 2186 2666 Et
2207 2623 2504 2666 conversus
2534 2606 2673 2678 ccepi
2703 2605 2967 2676 meipsum
2993 2613 3246 2658 exercere
3269 2597 3322 2652 in
3356 2610 3484 2667 ope-

254 2698 337 2769 (l)
361 2701 418 2753 ὲν
443 2701 555 2762 τοῖς
586 2700 767 2771 ἔργοις
798 2701 895 2770 τῆς
927 2700 1226 2764 εὐσεὸείας.

868 2718 895 2764 ς
927 2700 1226 2764 εὐσεὸείας.
1924 2703 2078 2760 ribus
2104 2703 2341 2774 pietatis.

330 2790 413 2844 15.
447 2791 557 2844 Καὶ
582 2791 658 2854 ὼς
682 2791 739 2857 ἐξ
773 2791 947 2862 ἀρχῆς
979 2791 1417 2864 ὲδημιούργησάς
1459 2811 1547 2864 με,
1588 2794 1807 2867 ἐπειρώ-

2008 2799 2085 2853 l5.
2118 2797 2183 2852 Et
2206 2793 2658 2867 quemadmodum
2683 2793 2750 2846 ab
2776 2790 2930 2845 initio
2957 2803 3043 2843 me
3073 2786 3292 2848 creasti,
3321 2782 3485 2836 talem

256 2898 367 2949 μην
390 2881 629 2946 τοιοῦτος
652 2883 938 2952 εὑρεθῆναι
969 2881 1200 2936 ἐνώπιόν
1236 2901 1352 2940 σου.

1925 2901 2154 2947 conatus
2183 2905 2303 2944 sum
2333 2886 2561 2943 inveniri
2591 2900 2770 2940 coram
2795 2891 2865 2937 te.

327 2974 416 3029 14.
459 2975 766 3038 Ἀνατείνας
786 2976 884 3047 τήν
913 2975 1138 3046 καρδίαν
1166 2993 1288 3048 μου,
1317 2977 1430 3047 μετ’
1458 2978 1648 3050 ὀδύνης
1673 2979 1804 3050 ὲὸόηη

2008 2989 2085 3044 14.
2116 2986 2422 3042 Extendens
2448 3001 2542 3040 cor
2565 2998 2766 3047 meum,
2795 2994 2919 3035 cum
2952 2977 3138 3034 dolore
3161 2972 3390 3030 clamavi
3419 2969 3485 3024 ad

254 3081 328 3118 σα
353 3064 430 3136 (2)
462 3067 599 3138 πρὸς
624 3067 684 3119 σέ
1926 3092 1996 3136 te.

331 3156 419 3211 15.
450 3159 734 3228 Ἀκαρπος
758 3158 1017 3233 ὑπάρχει,
1047 3160 1139 3214 καὶ
1164 3157 1493 3230 κεχώρισται
1529 3161 1603 3232 μὴ
1626 3160 1808 3232 ἔχουσα

2012 3173 2083 3229 l5.
2113 3169 2454 3226 Infructil‘era
2485 3176 2568 3224 est
2592 3175 2646 3221 et
2671 3165 2932 3228 desonata,
2971 3175 3080 3215 non
3110 3157 3316 3212 habens
3343 3155 3396 3210 in
3430 3167 3489 3209 se

251 3249 316 3300 ὲν
342 3248 507 3319 ἑαυτῇ
531 3248 592 3301 τὺ
617 3248 757 3302 11νεῦ
768 3250 857 3321 μάι
871 3269 964 3305 σου
991 3254 1052 3306 τὸ
1085 3255 1259 3324 ἅγιον.

1924 3263 2038 3334 ipsa
2071 3263 2331 3336 Spiritum
2358 3271 2601 3316 sanctum
2633 3266 2806 3312 tuum.

327 3337 414 3392 16.
444 3338 646 3410 Δέομαί
671 3357 786 3405 σου,
817 3341 987 3414 Κύριε
1009 3358 1023 3372 ⁸
1059 3347 1196 3416 ταχὺ
1249 3345 1535 3418 πλήρωσον
1559 3345 1697 3414 ὅπερ
1738 3345 1804 3396 αἰ·

2011 3357 2081 3412 16.
2129 3356 2398 3426 Deprecor
2444 3365 2516 3417 te,
2561 3351 2807 3415 Domine,
2839 3345 3086 3404 celeriter
3129 3342 3293 3414 imple
3343 3337 3488 3410 quod

255 3430 463 3500 τθῦμαι
492 3429 580 3503 (5)
591 3447 606 3462 ·
831 3466 833 3469 -

603 3449 606 3461 ’
831 3466 833 3469 ·
1923 3459 2080 3519 peto;

329 3520 418 3574 17.
449 3521 840 3594 Τεθανάτωμαι
862 3523 971 3596 γὰρ
992 3526 1098 3580 ὑπὸ
1127 3527 1225 3598 τῆς
1260 3525 1551 3598 ἁμαρτίας.

1995 3538 2082 3593 17.
2109 3534 2242 3590 Nam
2269 3535 2628 3591 mortiﬁcatus
2652 3545 2772 3588 sum
2807 3546 2836 3585 a
2871 3537 3115 3600 peccato.

328 3611 428 3666 18..
448 3613 550 3684 Μὴ,
567 3613 792 3686 βδελύξῃ
821 3632 888 3693 με
915 3615 1003 3670 διὰ
1026 3617 1087 3670 τὸ
1114 3617 1191 3690 (4)
1217 3617 1388 3689 ὄνομά
1415 3635 1528 3670 σου.

1996 3627 2082 3682 18.
2115 3625 2193 3680 Ne
2215 3623 2547 3679 abomineris
2578 3636 2662 3676 me
2690 3628 2910 3690 propter
2941 3630 3142 3671 nomen
3172 3621 3348 3668 tuum.

329 3703 415 3758 19.
446 3705 555 3759 Καὶ
573 3706 754 3777 ὅμοιος
780 3708 1024 3779 γένωμαι
1046 3708 1154 3764 τῶν
1186 3710 1260 3782 μὴ
1297 3707 1546 3781 ὁρώντων
1584 3706 1738 3761 τοῦτο
1766 3708 1806 3760 τὲ

2010 3719 2086 3774 19.
2112 3717 2178 3771 Ει
2194 3715 2388 3772 similis
2413 3713 2535 3768 ﬁam
2556 3712 2663 3767 illis
2686 3725 2793 3764 non
2819 3706 3128 3764 videntibus
3156 3704 3295 3758 hanc
3313 3702 3487 3754 lucem

257 3795 396 3864 φῶς,
431 3797 524 3850 καὶ
550 3798 854 3852 πιπτόντων
873 3801 951 3862 εἰς
985 3800 1197 3871 βόθρον,
1220 3801 1316 3854 καὶ
1335 3801 1442 3854 άπὸ
1463 3799 1558 3853 τοῦ
1586 3800 1728 3871 κάμὲ

2012 3805 2364 3880 incidentibus
2388 3804 2442 3858 in
2467 3801 2701 3867 foveam,
2725 3797 2854 3869 quia
2882 3796 3046 3852 etiam
3071 3808 3170 3864 ego
3199 3791 3277 3847 sic
3302 3789 3489 3853 incidi,

256 3906 368 3953 τως
397 3889 691 3961 ἐμπίπτειν
714 3891 811 3964 (5),
849 3893 943 3947 καὶ
969 3891 1319 3964 ὲναπομένειν
1347 3895 1413 3964 τῇ
1455 3892 1718 3964 ἁμαρτίᾳ.

1154 3891 1319 3946 ιένειν
1347 3895 1413 3964 τῇ
1455 3892 1718 3964 ἁμαρτίᾳ.
1925 3911 1978 3958 et
2001 3898 2273 3972 permansi
2303 3898 2357 3951 in
2394 3904 2631 3966 peccato.

328 3980 420 4045 20,
443 3981 533 4034 21.
553 3981 629 4053 (6)
649 3983 769 4036 Ὅτι
810 3984 905 4037 ἐπὶ
934 3986 1016 4037 σοὶ
1035 3985 1261 4055 ἧλπισα,
1282 3983 1452 4048 οὕτως
1487 3984 1709 4056 ἐλέησόν
1736 4003 1801 4056 με

1995 3993 2086 4058 20,
2117 3991 2206 4046 21.
2238 3990 2375 4057 Quia
2409 3989 2462 4042 in
2495 3997 2548 4042 te
2579 3983 2816 4056 speravi,
2850 3981 2971 4035 ideo
2993 3977 3263 4033 miserere.
3283 3974 3417 4030 mei.

328 4073 418 4126 22.
458 4074 618 4127 Ὥστε
666 4075 873 4141 πάντας
901 4077 1122 4146 γνῶναι,
1168 4079 1357 4148 ὅτιπερ
1384 4076 1622 4148 ἡλέησὰς
1656 4095 1721 4147 με
1769 4078 1805 4128 ἐπ

2017 4078 2084 4132 22.
2124 4074 2195 4130 Ut
2212 4089 2400 4131 omnes
2424 4079 2672 4136 noscant,
2691 4067 2838 4140 quod
2865 4063 2972 4120 mei
2993 4064 3250 4119 misertus
3267 4075 3348 4127 es,
3366 4058 3494 4115 dum

259 4161 340 4235 τῷ
366 4163 427 4218 τὸ
450 4163 566 4234 φῶς
594 4182 686 4218 σου
716 4167 990 4221 ἀνατεῖλαι
1013 4169 1072 4221 ἐν
1098 4169 1243 4238 ἐμοί.

1927 4171 2019 4226 lux
2047 4179 2137 4224 tua
2162 4167 2406 4223 exoritur
2431 4165 2485 4218 in
2513 4177 2620 4216 me.

331 4254 423 4310 25.
459 4255 583 4308 Ὅτι
611 4273 693 4309 σοι
716 4259 1064 4328 προσήγαγον
1091 4259 1191 4328 τὴν
1221 4258 1398 4329 ψυχήν
1442 4277 1564 4329 μου,
1598 4261 1678 4313 ὅτι
1723 4258 1808 4311 ἀπῖ

2018 4261 2088 4314 15.
2121 4257 2260 4325 Ουτοι
2291 4257 2386 4312 tibi
2413 4255 2583 4309 obtuli
2612 4252 2848 4306 animam
2868 4262 3068 4310 meam,
3088 4249 3344 4316 quoniam
3369 4255 3398 4293 a
3421 4249 3495 4292 te-

148 4379 158 4394 .
266 4343 487 4408 σκότους
511 4346 624 4416 εἰμὶ
657 4345 1080 4418 ίὲσκοτισμένος]
1111 4347 1217 4400 τῶν
1260 4347 1490 4419 πρώτων
1522 4367 1622 4418 μου

2020 4351 2111 4406 πίε
2139 4348 2473 4403 anteriorum
2514 4359 2757 4399 meorum
2795 4348 3143 4410 peccatorum
3176 4332 3497 4389 obtenebra-

259 4435 416 4501 τιῶν,
449 4437 540 4489 καὶ⁵
567 4438 669 4491 οὐκ
694 4434 808 4492 οῖδα
833 4440 895 4492 τὸ
921 4439 1038 4502 πῶς
1075 4439 1325 4511 πορευθῶ
1353 4441 1488 4512 πρὸς
1523 4441 1583 4494 τὸ
1608 4443 1729 4509 ὲγγί

2037 4456 2179 4504 sum,
2204 4449 2257 4494 et
2286 4440 2477 4509 ignoro
2495 4452 2603 4506 quo
2630 4432 2960 4503 progrediar,
2988 4425 3495 4497 ut'appropinquem

263 4545 366 4595 σοι,
395 4529 483 4594 δός
514 4548 603 4601 μοι
635 4531 732 4602 τὴν
759 4532 1060 4602 ὁδηγοῦσαν
1090 4504 1160 4603 με
1186 4532 1322 4604 πρὸς
1346 4504 1424 4586 σέ.
1649 4504 1658 4508 Π
1687 4504 1696 4509 ν

1949 4536 2052 4600 .ibi,
2070 4535 2137 4590 da
2165 4504 2558 4600 miliivgratiar—n
2586 4537 2732 4582 tuam
2761 4524 3115 4580 deducentem
3148 4533 3234 4573 me
3259 4515 3324 4571 ad
3353 4523 3425 4570 te.

329 4620 421 4675 24.
467 4621 678 4688 Ἐξελοῦ
711 4641 778 4694 με
805 4624 869 4676 ἐκ
889 4624 999 4677 τῶν
1029 4624 1316 4696 δαιμόνων,
1355 4624 1547 4696 Κύριε.

2001 4628 2095 4682 24‘.
2128 4625 2288 4693 Eripe
2321 4637 2406 4676 me
2429 4638 2459 4675 a
2482 4618 2784 4678 daemoniis.
2810 4613 3055 4670 Domine.

331 4714 422 4769 25.
461 4714 584 4768 Ὅτι
607 4715 711 4768 ὑπὸ
733 4715 832 4785 τὴν
862 4715 959 4787 σὴν
993 4715 1305 4769 δεσποτείαν
1328 4715 1465 4768 θέλω
1487 4711 1651 4770 εἶναι.

2001 4719 2092 4773 25.
2127 4716 2394 4784 Quoniam
2425 4713 2527 4769 sub
2551 4720 2700 4765 tuum
2727 4707 3028 4764 dominium
3057 4718 3179 4760 esse
3209 4701 3356 4757 volo.

327 4805 418 4860 26.
450 4807 559 4862 Καὶ
588 4807 774 4878 ἐπειδὴ
795 4807 984 4878 νήπιός
1013 4809 1127 4879 εἰμι
1152 4809 1336 4879 ἀκμὴν
1363 4809 1420 4860 ὲν
1445 4811 1562 4872 ταῖς
1593 4809 1802 4862 ὲντολαῖ

2010 4809 2092 4864 26.
2117 4808 2184 4863 Et
2221 4808 2350 4878 quia
2382 4804 2563 4860 infans
2596 4817 2717 4857 sum
2753 4800 2931 4856 adhuc
2968 4798 3023 4852 in
3058 4793 3332 4851 mandatis
3363 4793 3487 4851 tuis.

266 4915 383 4965 σου,
409 4899 716 4972 κατήχησόν
749 4917 836 4971 με,
864 4901 917 4954 τε
947 4901 1015 4954 τὸ.
1033 4900 1236 4955 τέλειον
1262 4902 1356 4955 καὶ
1399 4901 1690 4972 εὐάρεστον

2015 4909 2142 4956 ιιι-υο
2173 4915 2279 4964 me,
2307 4896 2436 4969 quid
2481 4892 2776 4965 perfectum
2815 4901 2867 4948 ct
2898 4890 3153 4962 placitum
3190 4887 3262 4941 sit
3310 4897 3492 4939 coram

263 4986 432 5042 ὡπιόν
457 5005 571 5042 σου.

528 5006 571 5042 υ.
1937 5001 2005 5046 te.

1179 5168 1483 5230 Addenda
1519 5177 1578 5230 et
1623 5169 1994 5248 corrigenda
2051 5187 2128 5231 ex
2187 5169 2323 5232 cod.
2380 5169 2580 5229 Vatic.

341 5331 414 5410 (1)
450 5332 694 5410 Ῐῐιὲαυίεᾷνν
719 5341 826 5388 ειεο

2198 5336 2295 5410 Δ20,
2329 5334 2418 5388 21.
2454 5334 2596 5393 Ὅτι,
2621 5341 2743 5410 ιρις.
2797 5344 2985 5410 usque
3014 5329 3092 5382 ad
3129 5329 3193 5410 ἐς)
3255 5327 3398 5410 spei.
3423 5325 3493 5406 N:

447 5404 764 5484 ᾉνβδόησα»
789 5412 899 5484 εις·
1009 5475 1030 5484 η
1203 5477 1214 5484 _
1286 5475 1310 5484 _
1406 5476 1416 5484 λ
1935 5397 2030 5484 22..
2060 5397 2146 5460 25.
2197 5407 2317 5484 ’ίυτι
2354 5421 2435 5484 σοι
2465 5403 2811 5484 προσήγαγον
2866 5397 2916 5484 τ.
2947 5397 3494 5484 ψζνμλξτιηάπδντοῦ

256 5507 258 5509 ›
282 5531 286 5536 _
447 5467 758 5556 ρλήρωσον,
789 5473 979 5556 Κύριε,
1005 5475 1138 5547 ὅπερ
1164 5475 1416 5546 αἰτοῦμαί
1457 5495 1531 5530 τε.
1937 5476 2156 5538 σκότους
2183 5475 2295 5544 εἰμὶ
2328 5474 2435 5556 τςῇν
2459 5467 2688 5554 gem-um
2721 5488 2840 5540 μου,
2873 5467 2973 5555 etc.
3096 5470 3186 5554 24ζ
3215 5469 3304 5523 25.
3331 5467 3461 5556 com
3489 5497 3498 5503 -

338 5536 415 5677 ξι)
449 5536 696 5610 Βδελύξει
734 5536 800 5615 με
842 5536 922 5610 τό,
956 5553 1057 5598 (τις.
1109 5536 1120 5547 ’
1321 5536 1333 5546 ’

362 5614 416 5677 5)
465 5616 776 5668 Πιπτόντων
816 5613 906 5669 καὶ
960 5616 1065 5669 άπὸ
1114 5615 1338 5677 τούτου,
1393 5621 1484 5670 καὶ
1529 5617 1626 5677 ἐμὲ
1659 5615 1815 5677 οὕτως

2016 5556 2098 5600 rnt.
2131 5536 2290 5600 umis.
2339 5536 2548 5606 Ἐξελόῦ
2578 5558 2663 5610 με.
2711 5536 2836 5604 (δια,
2877 5541 2973 5612 τὴν
3017 5541 3112 5610 σὴν
3159 5536 3493 5602 δεσποτείαν,

362 5614 416 5688 5)
465 5613 776 5668 Πιπτόντων
816 5613 906 5669 καὶ
960 5616 1065 5669 άπὸ
1114 5615 1338 5680 τούτου,
1393 5621 1484 5670 καὶ
1529 5617 1626 5688 ἐμὲ
1659 5615 1826 5679 οὕτως
1933 5626 2036 5670 ctc.

269 5682 554 5740 ἐκπίπτειν
569 5724 584 5752 ,
624 5694 725 5741 etc.
