3740 6294
247 251 386 308 1505
1039 253 1098 309 S.
1140 251 1518 308 ATHANASII
1557 253 1707 308 OPP.

1995 254 2056 310 ιι.
2099 287 2167 296 -
2208 255 2618 313 EXEGETICA.
3322 235 3471 315 1304'

309 367 398 421 27.
437 366 672 438 Spiritus
715 377 839 423 tuus
882 368 1058 425 bonus
1089 368 1319 425 deducet
1358 386 1446 425 me
1498 371 1552 425 in
1600 382 1786 426 terrarr

1995 372 2058 425 l7.
2096 372 2168 424 Τὸ
2198 373 2420 446 Πνεῦμά
2471 390 2563 427 σου
2600 373 2660 426 τὸ
2687 370 2892 439 ἀγαθὸν
2919 371 3174 446 ὁδηγήσει
3209 391 3275 446 με
3307 376 3366 428 ὲν
3398 379 3472 448 γῇ

245 467 466 511 rectam.

1914 463 2114 516 εὐθεία-

310 549 400 603 28.
431 548 656 620 Propter
687 565 881 605 nomen
911 557 1088 615 tuum,
1119 549 1367 617 Domine,
1397 552 1700 608 viviﬁcabis
1724 569 1787 608 nn

1999 554 2069 608 28.
2102 555 2321 608 Ἕνεκεν
2353 555 2446 608 τοῦ
2471 555 2728 626 ὀνόματός
2754 573 2866 619 σου,
2892 554 3084 626 Κύριε,
3111 555 3293 628 ζήσεις
3329 574 3396 627 με
3416 558 3476 611 ὲν

248 639 302 693 in
331 641 602 710 aequitate.

1914 651 1978 724 τῇ
2013 648 2323 718 δικαιοσύνῃ
2354 665 2466 704 σου.

312 729 402 786 29.
432 730 639 786 Educes
658 730 723 786 de
751 731 1099 786 tribulatione
1133 733 1372 790 animam
1395 747 1596 796 meam,

1985 739 2074 792 29.
2123 738 2360 806 Ἐξάξεις
2389 742 2452 793 ἐκ
2481 739 2711 810 θλίψεως
2737 739 2837 810 τὴν
2859 740 3038 811 ψυχήν
3070 756 3190 811 μου,

314 823 401 876 30.
434 821 498 876 Et
542 823 597 876 in
647 823 1027 884 misericordia
1067 835 1161 881 tua
1219 826 1502 895 disperdes
1553 825 1791 880 inimico:

1996 830 2069 884 50.
2099 831 2205 883 Καὶ
2232 831 2288 882 ὲν
2310 829 2387 901 τῷ
2407 830 2547 884 ἐλέει
2569 847 2660 884 σου
2682 830 3078 903 ὲξολοθρεύσεις
3101 830 3226 894 τοὺς
3251 831 3473 902 ἐχθρούς

246 929 417 968 meos.

1923 938 2020 974 μου
2029 962 2041 974 .

312 939 417 968 SUB.

312 1006 400 1060 51.
433 1003 500 1059 Ει
531 1005 722 1076 perdes
740 1020 931 1063 omnes
951 1007 1045 1078 qui
1071 1008 1331 1065 tribulant
1347 1009 1583 1066 animam
1612 1025 1785 1066 meam

1999 939 2042 974 υ.

1999 1011 2072 1065 Si.
2107 1010 2210 1065 Καὶ
2239 1011 2458 1075 ἀπολεῖς
2481 1012 2692 1075 πάντας
2717 1013 2843 1077 τοὺς
2869 1011 3148 1076 θλίϐοντας
3167 1012 3266 1081 τὴν
3297 1011 3476 1083 ψυχήν

315 1178 402 1233 32.
433 1178 700 1244 Quoniam
723 1195 823 1252 ego
843 1197 1033 1238 servus
1067 1191 1194 1240 tuus
1222 1199 1366 1240 sum.

1963 1121 2042 1156 ου·
2334 1139 2342 1145 -

1923 1121 1961 1173 μ
1990 1195 2078 1249 39..
2117 1196 2236 1248 Ὀτι
2267 1195 2376 1265 ἐγὼ
2402 1195 2583 1262 δοῦλός
2616 1214 2708 1254 σου
2738 1197 2868 1268 εἰμί.

250 1311 492 1370 Psalmus
520 1315 711 1379 David,
750 1319 994 1374 adversus
1025 1319 1260 1374 Goliath.
1300 1318 1494 1375 PSAL.
1545 1319 1640 1375 CX
1648 1319 1727 1375 ιι.

1994 1329 2168 1398 κλμὸς
2194 1329 2273 1395 τῷ
2299 1329 2493 1395 Δαϐὶδ,
2527 1332 2674 1402 πρὸς
2696 1331 2798 1385 τὸν
2823 1331 3063 1386 Γολιὰθ.
3093 1332 3264 1386 ΨΔΛ.
3281 1305 3471 1384 ΡΜῘἾ.

323 1425 370 1478 1.
398 1425 718 1484 Benedictus
739 1427 1002 1486 Dominus
1030 1431 1176 1491 Deus
1204 1448 1360 1488 meus
1392 1433 1486 1511 qui
1516 1432 1674 1494 docet
1700 1448 1800 1494 ma-

2000 1442 2041 1495 l.
2072 1442 2373 1513 Εὐλογητὸς
2405 1441 2611 1517 Κύριος
2653 1445 2682 1496 ὁ
2719 1443 2853 1507 Θεός
2882 1461 2982 1515 μου
3006 1483 3022 1507 ,
3046 1446 3074 1498 ὁ
3104 1444 3180 1514 (α)
3215 1443 3477 1498 διδάσκων

251 1531 352 1576 nus
385 1532 533 1572 meas
563 1520 626 1573 ad
655 1521 924 1590 praelium,

1920 1533 2017 1595 τὰς
2045 1534 2229 1603 χεῖράς
2257 1551 2354 1603 μου
2381 1536 2460 1598 εἰς
2489 1533 2810 1607 παράταξιν.

317 1609 373 1662 2.
400 1608 466 1663 Et
493 1611 690 1682 digitos
719 1631 867 1671 meos
896 1617 962 1673 ad
994 1617 1219 1686 bellum.

1992 1623 2037 1675 2.
2077 1623 2212 1686 Τοὺς
2237 1624 2532 1689 δακτύλους
2561 1643 2662 1697 μου
2693 1628 2772 1689 εἰς
2801 1627 3051 1696 πόλεμον,

320 1699 370 1754 5.
399 1699 761 1758 Misericordia
792 1721 909 1760 mea
933 1716 986 1760 et
1015 1707 1282 1776 refugium
1315 1724 1515 1773 meum,

1514 1753 1515 1760 η
1993 1712 2045 1766 3.
2082 1712 2267 1777 Ἐλεός
2295 1731 2396 1783 μου
2431 1715 2524 1769 καὶ
2549 1719 2834 1788 καταφυγή
2871 1734 2991 1788 μου,

321 1879 396 1946 la)
431 1875 584 1933 Vers.
613 1879 666 1932 2.
690 1881 982 1954 Διδάσκων.

1371 2043 1742 2106 ATIlANASll
1783 2040 2370 2098 INTERPRETATIO.

322 2196 412 2250 27.
445 2195 568 2263 Tui,
594 2198 686 2267 qui
713 2198 892 2254 bonus
916 2213 999 2263 es,
1033 2197 1212 2256 bonus
1237 2207 1295 2255 et
1321 2207 1545 2256 sanctus
1578 2198 1799 2270 Spiritus

2002 2198 2073 2252 ΓΙ.
2106 2196 2206 2250 Σοῦ
2229 2196 2320 2250 τοῦ
2345 2193 2548 2264 ἀγαθοῦ
2571 2195 2631 2248 τὸ
2652 2195 2853 2264 ἀγαθὸν
2877 2196 2970 2258 καὶ
2991 2194 3142 2264 ἅγιον
3158 2191 3382 2264 Πνεῦμα
3407 2165 3479 2264 (1)

254 2290 483 2344 deducet
509 2305 616 2353 me,
644 2299 702 2343 ut
727 2291 1034 2359 perveniam
1067 2293 1122 2344 in
1153 2306 1446 2362 supernam
1489 2291 1731 2348 Jerusale

1922 2292 2173 2364 ὁδηγήσει
2219 2307 2284 2361 με
2321 2288 2648 2356 καταντῆσαι
2678 2289 2734 2340 ὲν
2767 2289 2832 2358 τῇ
2861 2286 2971 2341 ἄνω
3006 2285 3377 2358 Ἰερουσαλήμ.

321 2380 410 2434 28.
437 2378 574 2448 Quia
601 2380 739 2436 Deus
760 2383 948 2437 vivens
974 2397 1054 2449 es,
1077 2390 1132 2437 et
1160 2383 1262 2437 hoc
1289 2383 1383 2438 tibi
1413 2399 1633 2451 nomen,
1663 2394 1717 2438 et
1733 2401 1798 2438 m1

2002 2382 2081 2436 28.
2115 2380 2191 2450 (Ξ)
2228 2381 2351 2433 ’Ότι
2396 2377 2501 2442 ζῶν
2531 2378 2808 2448 ὑπάρχων,
2849 2377 2943 2431 καὶ
2995 2375 3153 2432 τοῦτο
3184 2375 3357 2446 ὄνομά
3383 2390 3479 2440 σοι,

258 2473 356 2531 etsi
393 2473 776 2526 mortiﬁcatum
818 2474 1028 2535 vivilica
1062 2474 1118 2529 in
1148 2473 1286 2529 Filio
1322 2483 1414 2530 tuo
1437 2475 1586 2545 justo
1614 2475 1733 2546 judi

2007 2473 2069 2544 μὲ
2101 2474 2190 2524 τὸν
2213 2469 2554 2542 νεκρωθέντα
2578 2468 2909 2540 ζωοποίησον
2935 2468 2992 2521 ὲν
3019 2466 3096 2539 τῷ
3149 2465 3262 2538 Υἱῷ
3293 2483 3384 2518 σου
3410 2463 3484 2535 τῷ

1924 2563 2287 2636 δικαιοκρίτῃ.

326 2651 417 2705 29.
453 2651 660 2707 Educes
686 2667 772 2707 me
791 2667 857 2706 ex
887 2651 1123 2708 tenebris
1165 2663 1217 2708 et
1243 2653 1474 2710 vinculis
1509 2653 1803 2712 inhaerenti-

2008 2657 2085 2710 29.
2128 2655 2366 2722 Ἑξάξεις
2401 2671 2468 2724 με
2520 2655 2582 2706 ὲκ
2612 2651 2706 2707 τοῦ
2737 2652 2960 2718 σκότους
3001 2652 3094 2705 καὶ
3137 2649 3243 2703 τῶν
3274 2647 3485 2718 δεσμῶν

257 2743 360 2796 bus
382 2744 578 2798 anima:
602 2758 754 2799 mete.

1926 2749 2032 2803 τῶν
2066 2747 2438 2820 προκειμένων
2462 2748 2528 2817 τῇ
2551 2744 2694 2816 ψυχῇ
2730 2761 2850 2814 μου.

325 2835 415 2888 ‘50.
449 2835 516 2888 Et
547 2836 734 2891 videns
765 2836 948 2906 plagas
983 2837 1180 2891 animm
1224 2852 1377 2902 meae,
1409 2852 1546 2908 quas
1576 2835 1796 2905 fecerun

2010 2841 2082 2895 50.
2119 2840 2229 2892 Καὶ
2261 2837 2400 2906 ὁρῶν
2433 2837 2558 2899 τοὺς
2586 2834 2855 2905 μώλωπας
2873 2833 2972 2902 τῆς
2999 2831 3174 2902 ψυχῆς
3231 2847 3354 2900 μου,
3399 2826 3487 2890 οὒς

259 2922 391 2978 mihi
413 2924 619 2980 inimici
651 2925 780 2993 mei,
811 2927 1217 2992 commiserere,
1245 2937 1298 2981 et
1322 2937 1522 2982 aeterno
1546 2927 1736 2998 ignitr:

2008 2929 2233 3002 ποίηκάν
2269 2929 2434 3000 μοιοὶ
2467 2925 2648 2998 ἐχθροί
2685 2943 2809 2997 μου,
2855 2921 3342 2992 εὐσπλαγχνὶσθητι
3388 2919 3485 2988 ('5),

261 3012 401 3069 illos.
1931 3024 2024 3076 καὶ
2050 3021 2128 3093 τῷ
2154 3019 2357 3090 αἰωνίῳ
2389 3019 2522 3088 πυρὶ
2551 3015 2790 3087 παράδος
2810 3015 3035 3076 αὐτούς.

331 3107 418 3160 5-1.
450 3105 516 3177 Et
557 3122 770 3173 omnes,
800 3109 893 3179 qui
936 3108 1231 3176 subjiciunt
1266 3111 1416 3165 cordi
1460 3125 1581 3166 meo
1624 3111 1801 3180 impro

2014 3115 2091 3168 51.
2115 3112 2226 3168 Καὶ
2248 3113 2453 3174 πάντας
2474 3109 2600 3172 τοὺς
2621 3105 3043 3178 ὑποτιθεμένους
3068 3106 3134 3176 τῇ
3165 3101 3361 3173 καρδία
3390 3115 3491 3171 μω

263 3195 358 3251 bas
397 3197 520 3251 vita:
564 3199 1057 3268 concupiscentias,
1105 3200 1354 3270 disperde
1413 3201 1468 3255 in
1519 3201 1740 3272 geltenn;

2014 3223 2029 3268 ;
2073 3203 2165 3268 τοῦ
2195 3202 2309 3273 βίου
2356 3199 2598 3272 πονηράς
2648 3198 2942 3270 ἐπιθυμίας
2994 3194 3270 3251 ἀπώλεσαν
3296 3195 3374 3257 εἰς
3396 3191 3491 3262 τὴν

265 3288 426 3361 ignis.

1933 3300 2154 3367 γέενναν
2187 3295 2280 3349 τοῦ
2308 3295 2498 3366 πυρός.

333 3379 422 3434 '52.
441 3377 708 3446 Quoniam
731 3397 830 3453 ego
848 3383 1086 3454 pretioso
1109 3393 1201 3442 tuo
1228 3384 1491 3454 sanguine
1520 3385 1810 3456 redemptu:

2003 3387 2090 3441 32.
2118 3386 2238 3439 Ὅτι
2267 3383 2378 3453 ἐγὼ
2412 3382 2490 3454 τῷ
2515 3382 2680 3454 τιμίῳ
2711 3381 2899 3452 αἵματι
3057 3371 3442 3446 ὲξηγοράσθην.

265 3486 414 3534 sum.
1859 3486 1902 3546 C

362 3615 408 3668 H
440 3616 773 3688 προκειμένη
806 3618 1086 3690 ἐπιγραφὴ
1116 3620 1358 3691 περιέχει
1384 3620 1460 3690 (5)
1479 3635 1494 3650 ·
1528 3620 1774 3689 Ψαλμὸς
1801 3618 1882 3685 τῷ
1914 3618 2112 3684 Δαόὶδ,
2139 3616 2291 3686 πρὸς
2322 3616 2430 3671 τὸν
2461 3613 2687 3669 Γολιάθ
2712 3630 2724 3641 ·
2751 3611 2910 3666 τοῦτο
2952 3604 3044 3662 οὖν
3088 3606 3231 3673 λέγει
3265 3601 3340 3672 τῷ
3387 3596 3499 3691 λαῷ

265 3706 342 3777 τῷ
368 3709 730 3780 πεποθημένῳ
766 3709 869 3762 ὑπὸ
905 3709 998 3762 τοῦ
1029 3710 1164 3763 Θεοῦ
1192 3690 1328 3782 πρὸς
1357 3711 1450 3764 τὸν
1471 3711 1714 3764 διάϐολον
1733 3727 1751 3744 ο
1781 3710 2139 3784 ἑρμηνεύεται
2165 3707 2273 3780 γὰρ
2300 3707 2360 3761 τὸ
2402 3706 2496 3760 τοῦ
2534 3704 2712 3759 Δαόὶδ
2740 3703 2907 3774 ὄνομα
2936 3695 3364 3767 πεποθημένος,
3405 3690 3502 3742 καὶ

266 3799 325 3852 τὸ
352 3799 443 3854 τοῦ
481 3801 702 3857 Γολιὰθ
731 3802 902 3874 ὄνομα
922 3805 1285 3874 μετοικίζων,
1329 3806 1608 3860 τουτέστιν
1629 3805 2073 3876 αἱχμαλωτίζων
2091 3847 2106 3871 ,
2131 3806 2268 3875 ὅπερ
2297 3802 2483 3874 σαφῶς
2501 3803 2530 3854 ὁ
2553 3799 2794 3863 διάϐολός
2825 3800 2995 3860 ἐστιν,
3016 3795 3044 3848 ὁ
3068 3792 3274 3854 πάντας.
3302 3789 3503 3857 αἰχμα-

265 3893 527 3958 λωτίζων.

337 3995 553 4065 Titulus
577 4011 900 4081 praepositus
925 4013 1168 4066 continet
1195 4031 1208 4064 :
1243 4010 1486 4065 Psalmus
1515 4011 1686 4065 David
1721 4010 1970 4067 adversus
1999 4010 2253 4075 Goliam;
2288 4012 2392 4066 boc
2419 4010 2582 4080 igitur
2611 4008 2744 4064 dicit
2785 4005 3026 4077 psalmus
3061 3998 3256 4070 populo
3288 3994 3506 4052 deSide'

267 4115 388 4161 rato
411 4122 440 4160 a
465 4105 574 4160 Deo
597 4106 860 4161 adversus
889 4107 1165 4161 diabolum
1195 4126 1206 4160 :
1242 4107 1440 4161 etenim
1471 4122 1668 4161 nomen
1697 4106 1869 4160 David
1895 4108 2282 4176 interpretatur
2309 4105 2659 4169 desideratus,
2689 4111 2744 4156 et
2772 4115 2967 4158 nomen
3001 4094 3213 4150 Goliam
3244 4092 3507 4156 interpre-

270 4212 412 4257 tatur
439 4203 814 4271 transmigrare
837 4203 1036 4273 faciens
1059 4219 1076 4258 :
1103 4203 1208 4259 hoc
1240 4212 1326 4260 est
1355 4205 1410 4258 in
1444 4205 1801 4274 captivitatem
1847 4205 2073 4273 ducens,
2101 4203 2280 4275 qualis
2331 4200 2620 4260 manifeste
2653 4197 2904 4254 diabolus
2947 4201 3048 4260 est,
3082 4191 3176 4256 qui
3204 4201 3392 4241 omnes
3447 4184 3506 4237 in

267 4294 630 4365 captivitatem
654 4294 824 4364 ducit.

340 4387 392 4440 1.
419 4386 728 4442 Secundum
777 4397 1024 4444 naturam
1048 4389 1366 4446 benedictus
1400 4388 1664 4447 Dominus
1698 4391 1817 4446 Deu:

2026 4390 2067 4445 Ι.
2097 4388 2253 4444 Κατὰ
2273 4388 2435 4457 φύσιν
2466 4384 2756 4454 εὐλογητὸς
2782 4386 2810 4436 ὁ
2836 4379 3037 4449 Κύριος
3057 4378 3084 4428 ὁ
3106 4373 3179 4444 (6)
3209 4370 3337 4432 Θεός
3372 4384 3503 4438 μου.

269 4498 460 4547 meus,
503 4483 598 4552 qui
649 4483 821 4554 gratia
871 4483 1046 4538 sancti
1104 4481 1339 4554 Spiritus
1397 4486 1483 4539 sui
1533 4484 1694 4540 docet

2040 4482 2078 4552 7)
2109 4485 2174 4552 τῇ
2203 4481 2387 4551 χάριτι
2420 4479 2512 4532 τοῦ
2545 4478 2700 4546 ἁγίου
2723 4472 3037 4541 Πνεύματος
3063 4461 3517 4520 αὑτοῦδιδάσκων,

193 4627 202 4637 ,
271 4589 450 4627 meum
483 4590 540 4629 se
564 4575 741 4645 ipsum
779 4589 1082 4645 prmparare
1111 4576 1374 4632 adversus
1417 4591 1635 4632 omnem
1667 4590 1670 4625 ι

2030 4594 2038 4622 ν
2062 4573 2287 4645 καρδίαν
2319 4588 2418 4643 μου
2443 4566 2780 4640 εὐτρεπίζειν
2802 4561 2995 4632 ἑαυτὴν
3020 4557 3152 4628 πρὸς
3180 4553 3353 4608 πάντα
3379 4565 3507 4600 πει-

272 4666 495 4721 tionem.

1947 4664 2173 4721 οασμόν.

339 4682 495 4720 mem.

339 4751 395 4805 2.
429 4749 494 4804 Et
519 4761 751 4808 mentem
779 4767 956 4807 meam
987 4753 1243 4808 resistere
1266 4752 1522 4810 omnibus
1550 4754 1674 4809 telis
1701 4753 1816 4824 igni

2036 4682 2050 4715 I'
2095 4682 2174 4715 ον.

2036 4682 2202 4808 flia).
2223 4755 2323 4824 τὴν
2346 4753 2584 4808 διάνοιάν
2624 4768 2722 4821 μου
2761 4741 3114 4801 ἀνθίστασθαι
3144 4739 3280 4811 πρὸς
3329 4737 3513 4789 πάντα

273 4845 342 4899 tis
371 4843 600 4899 inimici.

1943 4841 2010 4895 τὰ
2048 4843 2173 4912 βέλη
2199 4843 2292 4895 τοῦ
2325 4841 2520 4913 ἐχθροῦ
2547 4841 2616 4893 τὰ
2648 4835 3035 4907 πεπυρωμένα.

344 4939 395 4993 5.
433 4937 666 5008 Requies
701 4953 820 4992 mea
849 4947 902 4993 et
931 4938 1196 5007 protectio
1225 4953 1365 4993 mea.
1811 4982 1816 4987 .

1811 4982 1816 4987 .
2017 4936 2070 5002 ὅ.
2110 4935 2435 4998 Ἀνάπαυσίς
2465 4951 2587 5005 μου,
2624 4932 2717 4987 καὶ
2746 4929 2918 5001 σκέπη
2947 4943 3071 4998 μου.

1192 5199 1502 5266 Addenda
1559 5205 1619 5261 et
1663 5196 2033 5278 corrigenda
2081 5213 2160 5258 ex
2217 5196 2360 5259 cod.
2407 5193 2606 5256 Valic.

351 5369 426 5438 (l)
459 5368 533 5422 τὸ
563 5369 716 5436 ἆγιον
746 5369 950 5438 ἀγαθὸν
978 5367 1222 5438 Πνεῦμα.
1248 5375 1353 5429 etc.
1669 5432 1682 5438 _
1734 5433 1757 5438 μ

2044 5361 2107 5438 15>
2149 5358 2331 5438 1H9?
2362 5361 2462 5438 τῇς
2506 5345 3326 5438 κινναξάρξως-τξ.εριέιειῇἶῖίέ’
3346 5343 3521 5438 959‘

353 5416 428 5506 iii
460 5416 529 5492 is:
554 5416 1377 5510 ἐέξῖνοέίξώζιίῐᾶῥῇἷξζέίὲ.
1419 5432 1684 5510 ωηο-..ι
1728 5433 1830 5497 ξω.

2044 5416 2102 5495 δέ
2117 5430 2207 5482 τὸν
2223 5416 2589 5510 Γολιάδξθιοη
2616 5426 2709 5510 καὶ
2736 5416 2798 5479 τὸ
2821 5416 2916 5477 τοῦ
2937 5416 3125 5477 Γολιὰδ
3148 5418 3316 5488 δνομα
3343 5416 3521 5487 ἑρμη-

283 5501 632 5584 ποξησωι.-Ν.
657 5509 745 5584 29_.
776 5510 878 5584 ΔἘν
910 5509 1010 5578 τῷ.
1045 5501 1149 5564 οἰδ.
1183 5522 1358 5576 usque
1387 5505 1452 5560 ad
1482 5501 1625 5576 ψυχῇ
1657 5520 1756 5573 μου

1206 5522 1358 5576 Isque
1387 5505 1452 5560 ad
1482 5501 1625 5576 ψυχῇ
1657 5520 1778 5573 μου.
1958 5501 2175 5584 vstigia:
2188 5501 2545 5584 peratx‘ijy,
2564 5506 2683 5584 εἰς).

458 5578 912 5662 Ξπλᾳγχνίσθηξι.
949 5566 1054 5634 ἑιό.
1271 5566 1287 5576 ³
1497 5566 1508 5576 ’
1658 5566 1668 5573 ·

1497 5566 1508 5576 .
1658 5566 1668 5573 .
2137 5566 2438 5662 Ξῦλὲγηὶδς
2451 5566 2537 5655 ἐἷ’
2564 5568 2757 5662 ξύριε,
2785 5568 2833 5634 6,
2863 5575 2963 5620 etc.

357 5641 432 5718 (4)
465 5641 767 5719 Τιμίῴ”σου
799 5641 1008 5718 αἶ’ματι.

2031 5641 2107 5712 (τ)
2137 5641 2201 5693 Ν.
2238 5641 2292 5693 2.
2329 5641 2386 5694 'o
2417 5643 2502 5711 τῇ,
2544 5650 2647 5696 etc.
