3740 6294
304 201 440 260 1307

373 322 459 378 19.
495 319 560 377 Et
586 322 806 378 dextera
823 335 1033 386 eorum,
1057 319 1274 376 dextera
1298 319 1621 389 iniquitatis.

369 412 459 467 20.
502 411 662 479 Deus,
703 412 974 468 canticum
1012 427 1210 466 novum
1242 411 1470 466 cantabo
1509 411 1604 463 tibi
1639 427 1652 463 :

369 502 458 557 21.
494 502 552 558 1η
581 502 841 574 psalterio
874 502 1210 559 decacliordo
1238 501 1466 572 psallam
1497 501 1612 556 tibi.

368 593 460 649 22.
493 593 597 659 Qui
622 593 721 648 das
747 593 977 649 salutem
1004 593 1223 662 regibus
1249 611 1260 646 :

368 682 458 738 23.
489 681 595 748 Qui
631 683 910 738 redemisti
943 680 1113 736 David
1145 696 1362 737 servum
1400 689 1553 735 tuum
1585 679 1648 734 de
1687 678 1865 750 gladio

301 776 542 846 maligno
567 775 844 848 [liberabit
864 775 1035 847 eum].

366 868 456 923 24.
496 866 652 937 Eripe
681 881 787 932 me,
814 874 868 920 et
899 881 1031 921 erue
1059 880 1144 920 me
1166 865 1232 920 de
1263 881 1426 920 manu
1465 864 1702 919 ﬁliorum
1733 862 1865 918 alie-

301 973 496 1012 norum
529 975 547 1011 ζ’

367 1049 458 1104 25.
490 1049 734 1115 Quorum
757 1063 819 1105 os
838 1049 1079 1104 locutum
1101 1057 1185 1103 est
1211 1047 1498 1103 vanitatem
1516 1088 1530 1113 ,

367 1140 457 1194 26.
489 1139 556 1194 Et
579 1140 804 1194 dextera
832 1154 1043 1204 eorum,
1074 1140 1293 1195 dextera
1327 1138 1650 1208 iniquitatis.

368 1228 458 1283 27.
492 1228 737 1296 Quorum
760 1229 856 1284 ﬁlii
881 1229 1023 1285 sicut
1045 1230 1271 1284 novella:
1293 1228 1659 1299 plantationes
1687 1226 1740 1280 in
1776 1225 1864 1296 juc

299 1329 517 1376 ventute
543 1337 661 1376 sua.

367 1413 458 1468 28.
492 1412 642 1470 Filia:
687 1429 878 1470 eorum
933 1412 1288 1484 compositae,
1344 1411 1760 1466 circumornatae
1807 1415 1867 1462 ut

299 1502 598 1558 similitudo
632 1504 838 1574 templi.

371 1592 462 1649 29.
497 1593 876 1666 Promptuaria
897 1609 1086 1651 eorum
1111 1595 1290 1664 plena,
1328 1591 1634 1648 eructantia
1663 1606 1730 1644 ex
1754 1589 1858 1644 hoc

299 1683 355 1740 in
397 1685 553 1741 illud.

367 1773 456 1830 30.
492 1775 631 1832 Oves
663 1791 854 1832 eorum
892 1774 1132 1844 fmtosw,
1182 1774 1521 1830 abundantes
1547 1771 1599 1825 in
1625 1769 1860 1841 egressi-

298 1864 402 1922 bus
429 1865 546 1922 suis
570 1883 584 1919 :

1163 199 1221 257 S.
1261 198 1631 257 ATHANASII
1672 198 1820 255 OPP.
1871 199 2054 254 PARS
2092 196 2176 253 lll.
2218 225 2286 236 —
2315 195 2720 252 EXEGETICA.

1882 322 1934 378 Ἀ
2033 317 2118 371 19.
2157 316 2262 368 Kal.
2290 317 2322 385 ἡ
2355 313 2506 380 δεξιά
2532 311 2719 366 αὐτῶν
2739 310 2886 375 δεξιά
2909 309 3143 373 ἀδικίας.

3393 190 3536 250 1508

2035 410 2125 462 20.
2163 407 2218 459 '0
2252 406 2402 470 θεὸς,
2429 404 2570 476 ᾠδὴν
2602 403 2794 474 καινὴν
2821 402 3020 472 ᾁσομαί
3059 419 3160 456 σοι.

2031 502 2121 554 21.
2161 503 2246 554 Ἐν
2276 498 2556 571 ψαλτηρίῳ
2583 496 2893 567 δεκαχὸρδῳ
2921 494 3074 563 ψαλῶ
3107 509 3208 546 σοι’

2034 593 2124 647 22.
2161 591 2250 662 Τῷ
2277 591 2467 645 διδόντι
2493 589 2588 660 τὴν
2613 587 2883 658 σωτηρίαν
2912 589 3022 648 τοῖς
3048 582 3323 654 βασιλεῦσι
3361 599 3377 614 ·

2033 685 2123 739 25.
2155 684 2244 754 Τῷ
2291 681 2640 752 λυτρουμένῳ
2670 679 2829 732 Δαϐὶδ
2878 679 2967 731 τὸν
2993 676 3190 730 ’δοῦλον
3241 673 3406 728 αὑτοῦ
3461 675 3527 727 ἐκ

1967 776 2236 846 ῥομφαίας
2268 775 2507 844 πονηρᾶς
2541 758 2798 844 [ῥύσεται
2827 769 3046 841 adadv].

2035 866 2122 918 24.
2164 864 2350 918 Ῥὖσαί
2382 881 2470 935 με,
2505 864 2597 916 καί⁵
2625 861 2808 928 ἐξελοῦ
2850 878 2916 932 με
2960 863 3024 913 ἐκ
3062 861 3238 932 χειρὸς
3267 858 3397 911 υἱῶν
3430 856 3525 910 ἀλ-

1967 957 2194 1028 λοτρίων
2221 976 2233 986 ·

2037 1047 2127 1100 25.
2165 1040 2264 1098 ’Ὧν
2300 1046 2360 1098 τὸ
2391 1045 2560 1114 στόμα
2595 1044 2818 1115 ἐλάλησε
2860 1058 3188 1113 ματαιοτητα
3224 1079 3239 1102 ,

1989 1195 1995 1200 _
2037 1137 2127 1190 26.
2159 1136 2267 1189 Kal.
2296 1139 2326 1206 ὴ
2358 1135 2508 1199 δεξιὰ
2535 1136 2710 1188 αὐτῶν
2737 1133 2886 1199 δεξιά
2916 1133 3146 1194 ἀδικίας.

2033 1227 2122 1282 27.
2162 1220 2259 1279 Ὧν
2293 1227 2342 1278 οἱ
2373 1227 2478 1279 υἱοὶ
2510 1226 2684 1279 αὐτῶν
2717 1226 2793 1289 ὡς
2812 1225 3041 1294 νεόφυτα
3067 1223 3322 1294 ἱδρυμένα
3364 1222 3422 1273 ἐν
3456 1223 3520 1290 τῇ

1967 1318 2175 1388 νεότητι
2205 1317 2402 1371 αὐτῶν.

2033 1409 2122 1463 28.
2156 1411 2220 1461 Ai
2252 1409 2546 1480 Θυγατέρες
2569 1407 2746 1462 αὐτῶν
2791 1405 3314 1475 κεκαλλωπισμέναι,
3368 1421 3523 1474 περιο

1964 1501 2369 1572 κεκοσμημέναι
2405 1501 2477 1570 (a)
2507 1500 2582 1563 ὡς
2605 1500 2853 1570 ὁμοίωμα
2886 1497 3046 1550 ναοῦ..

2034 1593 2122 1648 29.
2157 1593 2236 1645 Τά
2277 1596 2495 1662 ταμιεῖα
2541 1591 2720 1645 αὐτῶν
2755 1591 2933 1662 πλήρη
2959 1630 2974 1654 ,
3025 1587 3420 1660 ἐξερευγόμενα
3459 1588 3524 1638 ἐκ

1895 1677 1938 1730 Β
1965 1682 2152 1735 τούτου
2187 1683 2265 1744 εἰς
2296 1682 2470 1735 τοῦτο.

2039 1772 2127 1828 50.
2160 1771 2240 1824 Ta
2268 1771 2514 1841 πρόϐατα
2543 1770 2722 1824 αὐτῶν
2753 1770 3021 1824 πολυτόκα
3043 1810 3057 1834 ,
3089 1767 3421 1840 πληθῦνοντα
3465 1784 3522 1820 εν

1967 1865 2088 1925 ταῖς
2120 1862 2318 1927 ἐξόδοις
2350 1863 2526 1916 αὐτῶν
2542 1880 2555 1894 ’

364 1975 444 2046 (α)
478 1971 633 2030 Vers.
662 1974 753 2040 29,
782 1973 1322 2045 Περικεκοσμημέναι
1354 1972 1431 2034 ὡς
1469 1969 1721 2041 ὁμοίωμα
1748 1967 1860 2039 ἀνθι

2011 1989 2056 2022 υ.
2094 1970 2248 2024 Vers.
2284 1972 2376 2036 50,
2402 1971 2483 2026 Τά
2515 1975 2758 2043 ταμιεῖα,
2790 1981 2895 2030 etc.

1407 2088 1783 2144 ATIIANASII
1821 2084 2408 2147 INTERPRETATIO.

370 2180 455 2236 19.
497 2178 618 2236 Non
656 2181 833 2236 solum
864 2182 1083 2238 sinistra
1124 2199 1310 2239 earum
1359 2184 1590 2254 perditio
1621 2191 1724 2246 est,
1762 2181 1856 2236 sed

297 2272 461 2327 etiam
490 2287 678 2328 earum
714 2272 939 2329 dextera
967 2289 1116 2330 mors
1137 2276 1371 2332 exsistit.

364 2365 457 2423 20.
488 2363 746 2420 Mundum
766 2406 782 2431 ,
818 2365 1224 2421 immaculatum
1251 2368 1318 2422 de
1355 2368 1606 2438 passione
1640 2377 1750 2420 tua.

366 2457 457 2512 2t.
497 2457 678 2512 Gratia
727 2459 901 2513 sancti
951 2458 1186 2528 Spiritus
1237 2460 1293 2514 in
1348 2460 1533 2514 decem
1577 2458 1859 2528 praeceptis

296 2547 586 2619 perticiens
615 2562 701 2603 me
727 2547 928 2618 ipsum,
951 2548 1268 2620 gloriﬁcabo
1294 2557 1347 2603 te
1379 2549 1538 2604 bonis
1577 2547 1854 2617 operibus.

366 2723 458 2779 22.
497 2723 600 2792 Qui
637 2724 879 2781 viviﬁcas
911 2727 1083 2796 gratia
1111 2735 1201 2780 tua
1228 2733 1448 2779 sanctos
1487 2733 1774 2793 regnantes
1805 2725 1857 2777 in

2038 2182 2122 2237 19.
2149 2185 2222 2235 Οὐ
2256 2185 2414 2254 μόνον
2447 2183 2516 2236 τὰ
2550 2183 2811 2255 ἀριστερά
2847 2182 3024 2236 αὐτῶν
3071 2182 3314 2236 ἀπώλειὰ
3355 2184 3535 2244 ἐστιν,

1964 2273 2098 2328 ἀλλά
2126 2275 2217 2327 καὶ
2249 2277 2281 2346 ἡ
2317 2274 2464 2339 δεξιά
2487 2275 2661 2329 αὐτῶν
2686 2275 2915 2328 Θανάτου
2949 2275 3024 2344 (1)
3059 2275 3308 2346 ὑπάρχει.

2033 2365 2120 2420 20.
2157 2365 2436 2435 Καθαράν,
2466 2366 2694 2436 ἄμωμον
2727 2366 2865 2436 ὑπὲρ
2898 2364 2990 2417 τοῦ
3030 2365 3233 2429 πάθους
3258 2383 3370 2419 σου.

2033 2455 2122 2508 21.
2167 2454 2253 2508 Ἐν
2279 2458 2344 2527 τῇ
2375 2456 2558 2527 χάριτι
2589 2457 2682 2510 τοῦ
2729 2458 2884 2526 ἁγίου
2941 2455 3256 2526 Πνεύματος
3299 2458 3356 2509 ἐν
3403 2460 3524 2518 ταῖς

1964 2547 2094 2601 δέκα
2144 2547 2386 2612 ἐντολαῖς
2419 2548 2752 2621 καταρτίσας
2808 2549 3060 2618 ἐμαυτὸν,
3095 2548 3300 2613 δοξάσω
3349 2564 3410 2600 σε
3455 2547 3520 2600 δι’

1965 2638 2141 2710 ἔργων
2169 2639 2406 2709 ἀγαθῶν.

2035 2731 2125 2787 22.
2159 2732 2248 2803 Τῷ
2281 2731 2629 2798 ζωοποιοῦντι
2680 2732 2767 2786 διὰ
2803 2733 2903 2805 τῆς
2949 2731 3166 2804 χάριτος
3207 2729 3369 2784 αὐτοῦ
3401 2732 3521 2794 τοὺς

296 2823 443 2869 terra
473 2827 661 2871 contra
692 2823 1007 2886 peccatum,
1050 2822 1104 2870 et
1151 2817 1204 2870 in
1235 2814 1375 2870 caelo
1418 2815 1473 2869 in
1506 2815 1718 2870 inﬁnita
1758 2831 1856 2870 sae-

2011 2823 2152 2891 γίους
2184 2824 2311 2887 τοὺς
2343 2826 2401 2876 ἐν
2430 2828 2493 2896 τῇ
2529 2829 2598 2897 γῇ
2632 2825 3011 2896 βασιλεύοντας
3046 2823 3185 2878 κατὰ
3216 2826 3312 2894 τῆς
3342 2824 3520 2895 ἀμαρ-

297 2905 443 2959 cola.

365 3078 455 3134 25.
490 3077 595 3145 Qui
623 3079 841 3135 tradidit
883 3096 943 3138 se
981 3081 1158 3151 ipsum
1189 3083 1352 3138 morti
1387 3083 1440 3137 in
1476 3083 1871 3153 redemptionis

295 3169 534 3238 pretium
580 3183 679 3238 pro
724 3170 929 3240 populo
969 3172 1316 3240 desiderato,
1352 3183 1410 3229 ut
1443 3173 1676 3244 eriperet
1700 3190 1802 3229 nos
1831 3190 1862 3228 a

297 3259 537 3315 diabolo.

367 3350 458 3404 24.
500 3349 714 3417 Libera,
745 3362 799 3408 et
830 3353 1082 3411 abstrahe
1116 3371 1202 3412 me
1227 3371 1257 3412 e
1285 3357 1530 3413 dominio
1561 3359 1862 3414 contraria-

295 3457 419 3498 rum
443 3454 768 3515 potestatum
800 3465 816 3502 :

367 3536 458 3591 25.
490 3535 732 3603 Quarum
787 3539 1040 3596 doctrina
1080 3541 1403 3598 disseminat
1451 3543 1505 3598 in
1547 3545 1860 3603 hominibus

296 3625 664 3697 iniquitatem,
692 3640 746 3686 et
774 3642 1063 3701 peccatum
1087 3653 1100 3688 :

367 3719 458 3776 26.
493 3720 559 3775 Et
590 3737 779 3776 carum
815 3725 1053 3793 potentia
1113 3726 1228 3779 hac
1256 3735 1372 3792 est,
1416 3736 1476 3782 ut
1518 3729 1722 3799 aliquid
1773 3745 1862 3783 ra-

297 3810 470 3878 piant,
491 3819 545 3866 et
565 3811 618 3866 vi
646 3813 700 3867 in
733 3815 1048 3869 servitutem
1080 3817 1348 3886 redigant.

368 3901 458 3954 27.
489 3901 554 3955 Et
575 3902 629 3956 in
660 3905 1139 3973 concupiscentiis,
1171 3915 1226 3960 et
1253 3908 1562 3964 daemonum
1606 3911 1862 3982 iniquita-

297 3991 446 4047 tibus
487 3993 657 4062 geniti
707 3993 988 4048 abundant
1016 3994 1253 4061 divitiis,
1300 4005 1354 4050 et
1396 3997 1600 4066 gloria,
1635 4009 1690 4054 et
1730 4016 1861 4056 con-

296 4082 468 4153 specti
521 4084 590 4138 ab
637 4083 948 4140 hominibus
1005 4086 1058 4138 in
1112 4101 1301 4140 eorum
1358 4087 1574 4143 fallacia
1627 4091 1857 4146 laudan-

296 4182 407 4242 tur,
463 4185 721 4247 tanquam
773 4177 998 4233 novellaa
1046 4178 1410 4248 plantationes
1438 4181 1646 4246 validae,
1675 4193 1729 4237 et
1760 4183 1856 4239 llo.

295 4279 394 4322 ren
401 4274 502 4321 tes.

365 4355 456 4412 28.
491 4355 560 4412 Et
598 4357 792 4412 animae
827 4373 1015 4412 eorum
1044 4360 1192 4414 omni
1219 4362 1458 4430 pretioso
1485 4363 1685 4418 amictu
1731 4381 1859 4420 coo-

295 4457 484 4518 perta),
525 4456 580 4503 et
621 4463 778 4516 auro,
821 4456 876 4503 et
903 4459 1150 4520 argento,
1193 4461 1246 4506 et
1278 4452 1456 4522 lapide
1481 4456 1722 4523 pretioso
1751 4457 1859 4511 cir-

297 4538 658 4608 cumstipatte.

367 4629 461 4686 29.
494 4629 665 4684 Corda
703 4645 888 4686 eorum
930 4633 1087 4702 plena
1128 4634 1274 4688 omni
1308 4634 1609 4705 iniquitate,
1644 4646 1698 4693 et
1726 4653 1854 4708 pec-

297 4729 440 4786 cato,
487 4729 541 4776 et
584 4736 652 4777 ex
700 4738 810 4778 uno
863 4725 1109 4794 improbo
1158 4726 1429 4784 desiderio
1475 4737 1760 4786 transeunt
1797 4732 1851 4786 in

296 4812 460 4868 aliam
490 4812 728 4883 peiorem
757 4817 1274 4886 concupiscentiam.

365 4904 454 4958 30.
492 4904 658 4958 Iidem
691 4905 941 4960 homines
969 4923 1092 4960 cum
1135 4910 1340 4976 peccati
1369 4912 1550 4981 cupidi
1595 4915 1735 4975 sint,
1772 4914 1851 4966 in-

295 5005 544 5052 ventores
571 5005 698 5052 sunt
731 4997 997 5052 malorum
1019 5041 1033 5066 ,
1065 5001 1356 5056 educentes
1385 5020 1414 5057 c
1442 5004 1697 5059 cordibus
1735 5004 1850 5060 suis

295 5099 488 5156 pravas
526 5086 896 5157 cogitationes.

1964 2916 2101 2980 τίας,
2135 2916 2227 2968 καὶ
2252 2917 2310 2969 ἐν
2333 2915 2546 2987 οὐρανῷ
2572 2920 2651 2981 εἰς
2693 2917 2770 2988 (2)
2809 2919 2934 2980 τοὺς
2967 2915 3351 2986 ἀτελευτήτους
3395 2914 3523 2968 αἰῶ-

1964 3017 2088 3062 νας.

2033 3089 2124 3143 25.
2161 3087 2250 3159 Τῷ
2295 3089 2549 3144 δεδωκοτι
2599 3091 2790 3144 ἑαυτὸν
2839 3090 3152 3162 ἀντίλυτρον
3193 3089 3270 3159 τῷ
3310 3089 3524 3156 Θανάτῳ

1963 3179 2104 3251 ὑπὲρ
2132 3179 2224 3233 τοῦ
2255 3179 2384 3234 λαοῦ
2409 3181 2504 3234 τοῦ
2545 3181 2945 3252 πεποθημένου,
2980 3185 3125 3246 ὅπως
3157 3181 3402 3251 ἐξέληται
3445 3182 3521 3251 (δ)

1961 3273 2110 3343 ἡμᾶς
2137 3274 2200 3326 ἐκ
2225 3272 2319 3326 τοῦ
2352 3273 2618 3326 διαϐόλου.

2031 3363 2120 3417 24.
2167 3363 2374 3426 Ῥὖσαι,
2421 3365 2516 3416 καὶ
2569 3363 2644 3433 (4)
2677 3364 2990 3418 ἀπόσπασόν
3038 3381 3103 3434 με
3146 3363 3209 3416 ἐκ
3237 3363 3336 3432 τῆς
3370 3361 3523 3425 ἐξου-

1964 3455 2085 3518 σίας
2108 3454 2216 3507 τῶν
2247 3454 2501 3508 ἐναντίων
2527 3455 2810 3525 δυνάμεων
2833 3473 2846 3486 ·

2029 3543 2119 3597 25.
2150 3537 2248 3596 Ὧν
2280 3546 2312 3614 ἡ
2341 3543 2528 3614 διδαχὴ
2551 3544 2829 3615 διέσπειρε
2853 3546 3078 3616 ἀνομίαν
3107 3545 3184 3615 (5)
3214 3544 3308 3598 καὶ
3339 3546 3524 3616 ἀμαρ-

1962 3634 2084 3687 τίαν
2111 3637 2169 3688 ἐν
2201 3637 2314 3698 τοῖς
2343 3634 2649 3705 ἀνθρώποις
2676 3652 2688 3665 ⁸

2031 3726 2120 3780 26.
2158 3724 2321 3796 Καὶή
2355 3726 2582 3796 δύναμις
2610 3727 2788 3780 αὐτῶν
2828 3727 2964 3799 αὕτη
3016 3728 3182 3791 ἐστὶν,
3217 3729 3270 3780 τί
3317 3728 3402 3781 ἵνα
3429 3728 3528 3798 ἀρ-

1963 3817 2175 3870 πάσωσι
2207 3817 2304 3887 (ὃ),
2337 3819 2430 3870 καὶ
2461 3817 2551 3889 βίᾳ
2575 3817 3102 3872 καταδουλώσωνται.

2028 3908 2117 3963 27.
2155 3907 2257 3962 Kal.
2291 3911 2350 3962 ἐν
2377 3911 2496 3971 ταῖς
2530 3909 2847 3980 ἐπιθυμίαις
2876 3910 2969 3962 καὶ
3000 3911 3121 3972 ταῖς
3156 3908 3408 3978 ἀνομίαις
3444 3909 3525 3977 (7}

1959 4000 2067 4054 τῶν
2087 4001 2354 4070 δαιμόνων
2395 4000 2804 4072 γεγεννημένοι,
2847 3999 3132 4070 εὐθηνοῦσι
3180 3998 3394 4068 πλούτῳ
3431 3999 3526 4050 καὶ

1960 4090 2106 4163 δόξῃ.
2140 4089 2406 4162 ὁρώμενοι
2437 4091 2585 4162 παρά
2631 4090 2736 4144 τῶν
2784 4089 3084 4162 ἀνθρώπων
3127 4089 3184 4141 ἐν
3224 4090 3290 4158 τῇ
3337 4088 3524 4159 ἀπάτῃ

1962 4181 2140 4234 αὐτῶν
2161 4181 2542 4252 ἐπαινούμενοι
2571 4183 2646 4245 ὡς
2678 4182 2911 4252 νεόφυτα
2940 4179 3133 4251 ίσχυρά
3159 4180 3250 4233 καὶ
3274 4178 3494 4250 εὐθαλῆ.

2029 4274 2119 4327 28.
2155 4274 2230 4344 (8)
2265 4275 2372 4326 Καὶ
2407 4277 2460 4327 αἱ
2491 4273 2660 4344 ψυχαὶ
2693 4273 2870 4328 αὐτῶν
2920 4274 3065 4345 πάσῃ
3111 4271 3369 4342 περιϐολῇ
3422 4289 3516 4322 πο-

1959 4363 2167 4416 λυτελεῖ
2198 4365 2588 4436 ἠμφιεσμέναι,
2638 4365 2731 4418 καὶ
2762 4364 2964 4436 χρυσῷ,
3001 4364 3095 4417 καὶ
3135 4363 3378 4434 ἀργύρῳ,
3427 4364 3517 4416 καὶ

1958 4454 2090 4525 λίΘῳ
2115 4455 2395 4508 πολυτελεῖ
2422 4454 2909 4526 δορυφορούμεναι.

2025 4547 2115 4602 29.
2143 4549 2208 4601 Δί
2241 4548 2459 4619 καρδίαι
2490 4547 2671 4601 αὐτῶν
2716 4544 3138 4617 πεπληρωμέναι
3173 4545 3352 4614 πάσης
3391 4544 3514 4596 ἀνο-

1963 4639 2090 4709 μίας
2119 4641 2212 4693 καὶ
2237 4640 2525 4710 ἁμαρτίας,
2555 4640 2649 4693 καὶ
2674 4640 2738 4691 ἐκ
2766 4639 2953 4691 τούτου
2990 4637 3082 4690 τοῦ
3128 4635 3362 4709 πονηροῦ
3395 4639 3514 4687 ἐπι-

1958 4730 2294 4802 τηδεύματος
2342 4733 2421 4794 είς
2469 4730 2597 4785 ἀλλο
2627 4730 2924 4800 δεινότερον
2956 4728 3303 4798 μετέρχονται
3329 4725 3516 4778 ἐπιθύ-

2081 4839 2132 4874 α.

2081 4839 2132 4874 α.

1959 4839 2109 4964 Pﬂigi).
2143 4911 2206 4962 υἱ
2230 4909 2383 4965 αὐτοὶ
2406 4909 2501 4964 ἀνθ
2511 4927 2702 4982 ρωποι,
2735 4911 2832 4979 τῆς
2855 4907 3128 4979 ἁμαρτίας
3150 4907 3299 4969 ὄντες
3325 4905 3509 4959 ἐπιθυ-

1957 5004 2144 5074 μηταὶ,
2177 5002 2465 5074 ἐφευρεταί
2488 5005 2594 5055 εἰσι
2624 5001 2830 5066 κακῶν,
2857 4999 3139 5069 ἐξάγοντες
3171 4996 3233 5053 ἐκ
3251 5000 3348 5070 τῆς
3375 5017 3510 5071 καρ-

1953 5095 2069 5159 δίας
2094 5095 2272 5149 αὑτῶν
2302 5093 2684 5165 διαλογισμοὺς
2717 5090 3004 5162 πονηρούς.

1199 5185 1505 5250 Addenda
1559 5195 1617 5250 et
1656 5189 2026 5271 corrigenda
2074 5208 2152 5252 ex
2188 5189 2327 5250 cod.
2368 5189 2565 5250 Vatic.

394 5276 446 5411 Ιξ
478 5277 738 5344 Θάνατος,
765 5294 869 5336 etc.

387 5349 422 5402 2
471 5349 694 5411 Οὐρανῷ
727 5351 869 5411 βασι)

471 5349 694 5421 Ορρανῷ
727 5351 1108 5420 βασιλεύοντας
1133 5356 1231 5421 είς,
1264 5366 1370 5414 etc.

386 5417 440 5485 5)
483 5417 793 5485 Emam,
819 5431 922 5476 etc.

396 5486 446 5554 4)
478 5486 649 5540 Ρῢσαί
686 5507 773 5554 με,
798 5491 912 5554 καί,
941 5501 1048 5548 etc.

470 5557 656 5630 Πᾷσαν
677 5557 926 5630 ἀνομίαν.

396 5492 424 5542 4
478 5492 649 5540 Ρῠσαί
759 5529 773 5553 ,
798 5492 912 5554 καί,
941 5501 1048 5548 etc.

363 5492 446 5700 {si
470 5557 656 5644 Πςσαν
677 5507 926 5630 ἔομίαν.

389 5627 422 5681 6
473 5628 622 5701 Δυτη
655 5629 770 5684 ἐστὶ
800 5629 880 5700 τὸ,
911 5630 963 5684 τί
990 5632 1326 5706 ἁρπάσωσιν,
1352 5647 1456 5697 εις.

2020 5293 2098 5370 (ἶ)
2129 5290 2545 5370 Καὶένεμίριεςν
2577 5299 2681 5370 elc-

2019 5359 2093 5429 (8)
2129 5361 2193 5414 N.
2223 5361 2314 5423 28,
2349 5359 2453 5442 Καὶ
2468 5361 2829 5432 ψυχαὶαύτῶν
2848 5363 3204 5442 tractatusque
3222 5359 3288 5414 ad
3311 5359 3513 5480 ὴμῗέε-

2019 5430 2244 5480 .έναι.Ν.
2263 5431 2353 5480 2:).
2379 5443 2524 5480 quta
2563 5434 2986 5480 sunrasm'intam
3019 5432 3335 5480 dn‘tsmnem
3364 5445 3377 5480 :
3454 5431 3509 5479 αὶ

1950 5433 2161 5502 σμέναι.
2178 5430 2244 5484 Ν.
2263 5431 2368 5503 29_._
2375 5433 2524 5500 juxta
2547 5430 2986 5503 'suprascriptam
3019 5430 3335 5503 divisionem
3364 5445 3377 5480 :

1947 5498 2152 5573 χὲνθσῷς
2188 5511 2293 5556 elc-
2326 5498 2391 5555 NL
2427 5503 2515 5567 30,
2547 5503 2610 5554 Ai
2633 5498 2882 5573 ’καρδίαῐ,
2914 5514 3022 5573 etc.
3059 5500 3128 5573 _N.
3157 5501 3243 5573 δι,
3268 5500 3335 5573 ρι
3357 5498 3532 5573 eam.

1951 5567 2306 5643 ἀνθρώποιμοὶ
2335 5573 2432 5641 τῆς
2455 5567 2744 5643 ἁμαρτίας,
2782 5582 2883 5627 etc.
2914 5571 3111 5643 18.752,
3153 5571 3214 5623 Ut
3263 5567 3499 5621 διδάσκει.

1950 5640 2185 5708 λοι,’ριρ.
2220 5640 2284 5695 Ν.
2320 5640 2407 5710 55,
2440 5640 2550 5696 Οὖκ
2575 5640 2691 5696 ἔστι
2714 5643 2832 5698 τινὰ
2861 5642 3110 5712 ἐπιϐῆναι
3138 5643 3268 5708 τοῖς,
3299 5648 3402 5694 etc.
