3740 6294
990 197 1021 206 ν

246 281 391 340 1509

316 396 406 451 51.
444 395 508 447 Οἱ
540 393 660 464 βόες
688 392 874 446 αὐτῶν
897 396 1112 464 παχεῖς.

314 487 407 544 52.
439 487 552 540 Οὐκ
581 485 693 539 ἔστι
719 486 1056 556 κατάπτωμαι
1086 487 1337 558 φραγμοῦ
1370 486 1488 540 οὑδὲ
1509 484 1754 551 διέξοδος·

312 581 402 634 55.
434 578 567 633 Οὐδὲ
600 578 812 649 κραυγὴ
846 580 902 630 ἑν
929 580 1048 642 ταῖς
1077 579 1364 643 πλατείαις
1385 578 1583 632 αὐτῶν.

308 668 398 723 54.
439 668 810 739 Ἐμακάρισαν
835 667 926 720 τὸν
949 667 1094 732 λαὸν,
1129 661 1172 735 ᾦ
1197 668 1369 721 ταῦτά
1398 671 1510 721 ἑστι
1540 684 1554 698 ο

308 759 398 815 55.
435 757 718 828 Μακάριος
746 759 775 811 ό
801 751 1028 822 λαὸς,.οῦ
1061 757 1256 830 Κύριος
1288 759 1316 811 ὁ
1345 759 1477 823 Θεὸς
1505 758 1691 815 αὑτοῦ.

513 869 757 936 Αἰγεσις
780 867 859 935 τῷ
886 869 1079 924 Δαϐίδ.
1117 873 1289 926 ΨΑΛ.
1327 874 1509 926 ΡΜΔ¹.

308 961 362 1016 1.
389 960 468 1034 [In
497 976 668 1030 marg.
701 961 766 1016 ad
796 978 936 1018 vers.
964 962 1012 1018 1.
1041 963 1221 1035 ’Ἀλέφ]
1259 963 1486 1033 Ὑψώσω
1505 980 1584 1029 σε,
1607 965 1636 1016 ό
1663 963 1800 1025 Θεός

235 1069 342 1124 μου
369 1053 399 1106 δ
427 1052 676 1123 βασιλεύς
713 1070 812 1123 μου
834 1070 847 1083 ·

304 1145 362 1200 2.
394 1145 499 1200 Kal
523 1145 800 1217 εὐλογήσω
827 1146 888 1200 τὸ
907 1146 1077 1217 ὄνομά
1111 1165 1204 1201 σου
1238 1151 1318 1213 εἰς
1340 1149 1431 1203 τὸν
1463 1149 1652 1214 αἰῶνα,

204 1301 211 1318 1
302 1236 361 1292 5.
390 1237 498 1289 Καὶ
522 1238 602 1300 εἰς
628 1235 726 1290 τὸν
746 1236 916 1290 αἰῶνα
938 1237 1035 1290 τοῦ
1065 1238 1280 1302 αἰῶνος.

199 1323 212 1365 ⁸
302 1328 361 1384 4.
593 1326 724 1382 Καθ’
756 1326 992 1397 ἑκάστην
1029 1329 1240 1400 ἡμέραν
1269 1329 1546 1401 εὐλογήσω
1571 1345 1660 1396 σε,

301 1419 358 1475 5.
391 1418 495 1474 Καὶ
517 1418 716 1472 αἰνέσω
739 1417 799 1471 τὸ
829 1418 1006 1490 ὄνομά·
1029 1436 1123 1473 σου
1148 1421 1228 1483 εἰς
1261 1420 1353 1474 τὸν
1377 1419 1548 1473 αἰῶνα
1567 1459 1584 1485 ,

1116 279 1206 335 DE
1242 279 1517 336 TlTULlS
1555 279 2002 340 PSALMOﬂ-UM.
2040 310 2109 321 --
2148 279 2345 338 PSAL.
2388 280 2615 339 CXLIV.

1832 401 1880 457 Α
1957 393 2065 448 ς51.
2099 394 2268 450 Boves
2298 409 2487 450 eorum
2531 411 2748 451 crassae.

3333 287 3469 344 55H)

1974 481 2066 538 32.
2109 481 2226 538 Non
2261 494 2348 540 est
2381 487 2543 540 ruina
2577 487 2850 550 maceriae,
2883 501 3060 556 neque
3093 488 3356 545 transitus
3383 507 3398 546 :

1971 574 2061 628 55.
2097 573 2281 645 Neque
2306 576 2514 632 clamor
2535 578 2594 631 iu
2622 579 2814 648 plateis
2841 591 3051 632 eorum.

1971 665 2061 720 54.
2105 664 2607 734 Βοοιυηιηάἰχοι-υηι
2635 667 2916 738 populum,
2949 667 3038 722 cui
3065 668 3178 723 haec
3200 678 3365 724 sunt:

1970 756 2060 812 55.
2104 757 2302 814 Beatus
2345 758 2615 830 populus,
2655 760 2813 829 cujus
2865 758 3128 814 Dominus
3158 759 3299 816 Deus
3327 759 3467 832 ejus.

2113 871 2372 926 Laudalio
2413 873 2513 942 ipsi
2552 871 2742 926 Dauid.
2778 870 2978 926 PSAL.
3009 871 3185 928 CXLI
3201 872 3258 925 V.

1976 965 2028 1020 1.
2065 964 2291 1037 [ΑιρριιῙ
2321 965 2582 1022 Exaltabo
2618 976 2688 1032 te,
2715 965 2859 1023 Deus
2893 981 3050 1023 meus
3089 983 3183 1024 rex
3239 982 3392 1023 meus
3421 983 3437 1022 :

1965 1140 2021 1194 2.
2067 1141 2132 1196 Et
2161 1141 2475 1197 benedicam
2507 1143 2714 1198 nomini
2755 1152 2848 1198 tuo
2881 1143 2935 1198 in
2968 1143 3256 1208 saeculum,

1969 1234 2024 1288 5.
2067 1234 2132 1288 Et
2169 1233 2222 1288 in
2263 1235 2517 1290 saeculum
2551 1236 2756 1292 saeculi.

1969 1323 2023 1376 ζ.
2066 1321 2247 1396 [Belli]
2267 1321 2369 1378 Per
2394 1324 2638 1394 singulos
2661 1324 2776 1379 dies
2801 1325 3112 1380 benedicam
3145 1324 3238 1380 tib‘

1970 1414 2021 1468 5.
2064 1414 2130 1470 Et
2166 1416 2399 1472 laudabo
2436 1432 2635 1472 nomen
2676 1426 2826 1472 tuum
2867 1417 2921 1472 in
2962 1418 3255 1480 saeculum,

1335 1526 1713 1585 ATHANASII
1748 1523 2341 1582 INTERPRETATIO.

296 1642 388 1697 5L
413 1643 477 1696 Οἱ
505 1641 808 1697 διδάσκαλοι
832 1643 1009 1698 αὐτῶν
1037 1645 1416 1710 σπαταλῶντες
1445 1647 1504 1699 ἑν
1548 1647 1669 1708 ταῖς
1703 1644 1786 1696 εὑ-

1963 1640 2047 1696 51.
2085 1639 2329 1712 Magistri
2372 1657 2564 1696 eorum
2606 1643 2946 1698 luxuriantes
2999 1642 3054 1696 in
3107 1642 3462 1699 comessatio-

224 1751 306 1804 ωχ
317 1734 422 1799 ίαις
437 1732 636 1798 αὐτῶν,
659 1735 753 1787 καὶ
771 1735 1232 1806 μεγαλαυχοῦντες
1244 1735 1384 1791 κατά
1397 1736 1497 1806 τῆς
1513 1735 1790 1808 ἀληθείας.

297 1822 388 1875 52.
424 1820 542 1876 οὐκ
566 1821 681 1876 ἐστι
707 1822 830 1877 τινὰ
861 1825 1123 1895 ἑπιμῆναι
1141 1826 1254 1888 τοῖς
1283 1827 1556 1896 κτήμασιν
1586 1825 1787 1887 αὑτῶν,

219 1911 348 1966 οὐδὲ
378 1913 669 1986 παρελθεῖν
701 1915 912 1980 ἑαυτοῖς
931 1935 946 1949 ο
979 1917 1128 1990 πάσῃ
1163 1917 1270 1988 γάρ
1303 1916 1516 1988 φυλακῇ
1562 1915 1790 1987 τηροῦν-

219 2020 336 2056 ται.

294 2095 384 2148 55.
415 2094 548 2148 Οὑδὲ
588 2113 708 2149 τινα
730 2095 993 2168 τολμῆσαι
1029 2098 1088 2150 ἑν
1113 2101 1232 2161 ταῖς
1259 2098 1333 2170 (1)
1359 2097 1552 2161 οἰκίαις
1577 2096 1786 2150 αὐτῶν·

217 2186 482 2239 τοσοῦτον
503 2187 664 2255 φόϐον
696 2186 934 2258 ἔχουσιν.

292 2277 381 2332 54.
415 2277 519 2332 Καὶ
560 2278 743 2334 λοιπὸν
773 2280 822 2333 oi
848 2281 1120 2353 ἄνθρωποι
1145 2281 1508 2353 ὲμακάρισαν,
1542 2275 1586 2351 ᾧ
1617 2282 1790 2337 ταῦτα

215 2368 466 2440 ὑπῆρξεν

295 2463 384 2516 55.
423 2462 567 2532 Ἐγω
593 2463 650 2516 δὲ
675 2463 817 2532 λέγω
845 2480 857 2492 ·
891 2465 1174 2533 Μακάριος
1202 2467 1230 2519 ὁ
1259 2465 1407 2530 λαὸς,
1450 2458 1512 2519 οὗ
1541 2465 1737 2538 Κυριος
1761 2469 1791 2521 ό

213 2553 356 2618 Θεὸς
387 2556 572 2621 αὑτοῦ,
611 2555 840 2619 πλοῦτος
865 2557 1030 2610 αὑτοῦ
1070 2559 1164 2611 καὶ
1203 2559 1328 2624 δόξα
1381 2559 1638 2630 ὑπάρχων
1689 2558 1782 2630 (2).

215 2644 330 2700 Καὶ
363 2645 535 2709 ἄλλως
563 2646 621 2700 δὲ
648 2646 763 2700 ἐστι
793 2646 1064 2718 θεωρῆσαι
1097 2650 1226 2713 τοὺς
1255 2653 1644 2722 προκειμένους
1677 2653 1791 2706 στί-

213 2750 353 2806 χους
385 2733 544 2788 πάλιν
581 2737 662 2798 εἰς
692 2737 816 2799 τοὺς
845 2737 1034 2805 ἁγίους
1054 2739 1217 2792 αὐτοῦ
1242 2755 1254 2768 ·
1286 2740 1497 2794 ὅτιτῶν
1536 2743 1632 2812 μὲν
1669 2744 1788 2798 δαι-

216 2822 404 2891 μόνων
430 2825 498 2877 τὰ
531 2826 776 2898 πρόϐατα
812 2828 903 2880 καὶ
935 2829 983 2879 οἱ
1012 2827 1133 2896 βόες
1171 2831 1300 2895 εἰσὶ,
1331 2831 1472 2885 καθὰ
1499 2833 1790 2903 ἑρμηνεύε-

214 2931 311 2967 ται
346 2917 470 2987 περὶ
501 2917 678 2971 αὑτῶν
699 2935 713 2948 ’
738 2921 795 2971 ἑν
823 2918 879 2972 δὲ
900 2922 1012 2982 τοῖς
1044 2919 1270 2985 δικαίοις
1318 2923 1418 2975 οὑκ
1456 2922 1537 2976 ἑτι
1568 2926 1666 2994 τὴν
1702 2925 1790 2995 βο-

219 3004 616 3079 ήθειαν[βόσκη
625 3007 722 3080 μα]
745 3008 921 3063 αὐτῶν
947 3010 1338 3082 παλαιωθῆναι,
1362 3013 1456 3068 καὶ
1473 3017 1656 3068 πεσεῖν
1673 3015 1786 3086 [βό-

218 3096 405 3168 σκειν]
439 3114 451 3126 ’
478 3098 628 3152 οὐδὲν
659 3099 766 3171 γὰρ
802 3100 1175 3172 ὑπερηφανίας
1193 3103 1250 3156 ὲν
1275 3106 1392 3167 ταῖς
1412 3105 1672 3170 διανοίαις
1696 3109 1789 3162 ad-

212 3189 329 3242 τῶν
356 3207 369 3219 ·
401 3191 740 3263 ἑμακάρισαν
788 3195 845 3248 αί
880 3195 920 3246 Γ
924 3197 1122 3265 ραφαὶ,
1151 3188 1196 3264 ᾧ
1226 3196 1399 3250 ταῦτα
1434 3199 1668 3270 ὑπάρχει
1707 3200 1788 3254 λέ-

215 3297 430 3350 γουσαν
459 3282 758 3354 Μακάριος
786 3286 820 3340 ό
844 3284 1010 3352 λαὸς,
1028 3282 1099 3343 οὗ
1129 3287 1342 3356 Κύριος
1368 3292 1401 3344 ὀ
1417 3289 1560 3358 Θεὸς
1575 3291 1782 3347 αὐτοῦ.

1898 1731 2058 1786 nibus
2085 1732 2226 1794 suis.
2257 1739 2312 1787 et
2339 1732 2634 1801 gloriantes
2671 1743 2859 1786 contra
2885 1733 3182 1786 veritatem.

1966 1822 2057 1879 5Ξ.
2095 1821 2217 1876 Non
2270 1833 2356 1880 est
2411 1824 2503 1894 qui
2554 1824 2933 1894 possessiones
2989 1837 3177 1877 eorum
3221 1822 3459 1888 invadat,

1896 1925 2070 1981 neque
2106 1927 2200 1967 eas
2245 1922 2633 1984 pertranseat:
2668 1913 2819 1969 omni
2863 1913 3010 1968 enim
3058 1911 3300 1968 custodia
3341 1929 3458 1968 ser-

1895 2011 2110 2056 vitantur.

1963 2092 2052 2148 55.
2085 2093 2268 2164 Neque
2300 2095 2569 2165 quispiam
2622 2096 2676 2150 in
2726 2111 2913 2150 eorum
2959 2096 3212 2151 domibus
3257 2095 3461 2166 aliquid

1893 2185 2077 2249 audet,
2119 2186 2255 2240 adeo
2289 2187 2411 2242 iilos
2443 2202 2634 2242 omnes
2664 2188 2874 2242 timent.

1961 2281 2050 2334 δι.
2087 2280 2152 2334 Ει
2203 2282 2421 2336 demum
2465 2282 2684 2338 beatum
2735 2283 2983 2337 homines
3038 2282 3326 2347 dixerunt,
3370 2281 3461 2336 cui

1892 2372 2021 2427 talia
2051 2383 2198 2428 sunt.

1961 2462 2056 2517 55.
2086 2461 2201 2534 Ego
2223 2473 2404 2520 autem
2430 2465 2554 2521 dico
2585 2483 2597 2520 :
2626 2465 2828 2522 Beatus
2861 2466 3092 2536 populus
3113 2506 3127 2532 ,
3169 2465 3325 2533 cujus
3347 2461 3458 2515 Do-

1891 2553 2075 2610 minus
2105 2554 2248 2612 Deus
2292 2557 2412 2627 ejus
2446 2557 2647 2612 divitize
2693 2557 2866 2627 ipsius
2909 2565 2963 2612 et
3005 2555 3174 2628 gloria
3219 2553 3454 2610 exsistit.

1891 2643 1958 2699 Et
2004 2647 2163 2702 aliter
2214 2647 2377 2703 etiam
2431 2648 2755 2718 prmpositos
2802 2664 2994 2703 versus
3042 2647 3328 2717 allegorice
3373 2645 3456 2698 in-

1892 2739 2180 2808 terpretari
2216 2740 2413 2795 iterum
2462 2740 2588 2794 licet
2623 2739 2690 2795 de
2735 2740 2941 2794 sanctis
2993 2738 3111 2808 ejus
3152 2757 3165 2792 :
3199 2736 3456 2807 quoniam

1890 2829 2198 2886 daemonum
2235 2831 2456 2902 quidem
2497 2847 2628 2888 oves
2653 2871 2668 2897 ,
2708 2840 2763 2887 et
2797 2831 2962 2888 boves
2985 2840 3131 2895 sunt,
3157 2829 3456 2885 secundum

1891 2923 2036 2991 quod
2088 2925 2378 2996 allegorice
2426 2925 2494 2982 de
2546 2925 2680 2995 ipsis
2714 2925 3160 2994 interpretantur.
3197 2923 3256 2975 ln
3289 2921 3454 2991 justis

1813 3000 1855 3057 C
1888 3022 2070 3069 autem
2113 3030 2222 3069 non
2267 3015 2502 3085 amplius
2543 3015 2802 3070 auxilium
2838 3012 3050 3087 [pecus]
3093 3028 3280 3067 eorum
3312 3021 3457 3066 vete-

1896 3119 2148 3169 rascere,
2181 3113 2236 3160 et
2262 3105 2460 3160 cadere
2497 3102 2798 3177 {pascere};
2830 3104 2975 3158 nulla
3022 3103 3164 3156 enim
3201 3099 3454 3171 superbia

1888 3197 1944 3252 iu
1985 3197 2259 3252 mentibus
2299 3212 2524 3264 eorum;
2563 3196 2780 3252 beatum
2827 3195 3083 3250 dixerunt
3133 3192 3450 3262 Scriptura,

1886 3285 1984 3342 cui
2005 3285 2119 3341 haec
2150 3292 2298 3352 sunt,
2327 3284 2574 3340 dicentes
2604 3300 2619 3339 :
2657 3281 2850 3338 Beatus
2879 3279 3102 3352 populus
3123 3320 3138 3350 ,
3168 3279 3320 3344 cuius
3348 3277 3456 3332 Da-

1885 3380 2056 3433 minus
2093 3376 2228 3431 Deus
2263 3375 2398 3445 ejus.

299 3465 366 3519 Ἦ
397 3467 729 3540 προκειμένη
761 3470 1038 3542 ἐπιγραφὴ
1067 3472 1307 3544 περιέχει
1346 3474 1424 3543 (5)
1444 3490 1459 3506 ·
1492 3475 1741 3542 Αινεσις
1774 3473 1854 3541 τῷ
1887 3474 2086 3540 Δαϐἰδ,
2137 3473 2382 3526 τουτέστι
2410 3471 2490 3537 τῷ
2525 3469 2711 3530 ἰκανῶ
2742 3469 2818 3540 τῇ
2849 3471 3021 3540 χειρὶ,
3078 3467 3156 3539 τῷ
3201 3467 3317 3537 Tit}:
3358 3462 3454 3518 τοῦ

212 3558 355 3614 Θεοῦ
373 3576 386 3589 ·
421 3561 580 3615 τοῦτο
601 3562 717 3634 γὰρ
739 3564 1101 3634 ἑρμηνεύεται
1134 3566 1333 3630 Διιὸἰδ,
1360 3567 1436 3630 ὠς
1474 3568 1734 3633 πολλάκις
1758 3570 2082 3641 εἰρήκαμεν.

289 3651 502 3708 Titulus
533 3654 857 3724 praepositus
879 3657 1124 3711 continet
1155 3673 1170 3711 :
1206 3655 1348 3712 Laus
1366 3656 1561 3722 David,
1597 3661 1703 3716 hoc
1727 3669 1812 3714 est
1843 3675 2000 3712 manu
2030 3655 2183 3727 forti,
2219 3653 2273 3710 id
2296 3661 2380 3710 est
2404 3652 2502 3710 Dei
2529 3651 2708 3708 Filio:
2741 3653 2814 3708 ita
2865 3652 3009 3707 enim
3065 3651 3452 3722 interpretatur

214 3746 414 3810 ὑανία,
443 3757 502 3800 ut
529 3748 728 3818 saepius
761 3748 1000 3804 diximus
1030 3748 1134 3820 (ᾖ).

289 3839 339 3893 1.
374 3839 592 3906 Δοξάσω
618 3858 676 3894 σε
699 3883 715 3909 ,
749 3844 778 3897 ό
811 3843 942 3907 Θεὸς
983 3844 1058 3915 (4)
1091 3845 1120 3896 ὁ
1155 3843 1408 3915 βασιλεύς
1431 3864 1554 3918 μου,
1586 3849 1615 3900 ὁ
1637 3848 1780 3901 διδάα

215 3931 316 3996 ξας
341 3948 407 3999 με
443 3930 639 3997 γνῶναι
659 3946 674 3962 ’
701 3931 763 3985 τὸ
782 3932 891 4005 γάρ
932 3935 1339 4007 παρακείμενον
1371 3937 1448 4008 τῷ
1474 3939 1642 4009 στίχῳ
1667 3938 1785 3992 δνο-

217 4038 295 4091 μα
316 4019 377 4073 τὸ
408 4019 576 4088 Ἁλὲφ
602 4021 960 4092 ἑρμηνεύεται
988 4021 1379 4080 διδασκαλία..

285 4110 340 4164 9..
383 4108 472 4165 Ἐν
492 4111 571 4182 (5)
599 4110 676 4182 τῷ
706 4111 828 4178 νῦν,

285 4201 345 4255 5.
370 4199 474 4253 Καὶ
504 4203 561 4255 ὲν
584 4202 661 4274 τῷ
690 4203 934 4274 μέλλοντι
951 4205 1125 4260 αἰῶνι.

285 4292 342 4346 4.
375 4291 507 4346 Καθ’
533 4295 769 4366 ἑκάστην
798 4296 995 4368 πρᾶξιν
1025 4297 1119 4350 τοῦ
1145 4299 1320 4368 φωτός
1361 4317 1453 4352 σου
1492 4300 1700 4367 δοξάσω
1723 4317 1783 4354 σε

215 4385 276 4438 ἑν
304 4387 371 4455 τῇ
395 4384 589 4456 καρδίᾳ
626 4403 724 4456 μου
751 4387 826 4458 (6)
851 4403 864 4415 ⁸
891 4387 1049 4442 τοῦτο
1075 4389 1185 4461 γάρ
1227 4389 1379 4460 δηλοῖ
1406 4394 1438 4462 ὴ
1478 4392 1716 4462 συλλαϐὴ
1748 4395 1782 4464 ἡ

216 4477 598 4548 παρακειμένη
643 4477 722 4548 τῷ
761 4479 958 4550 στίχῳο
1005 4481 1362 4553 ἑρμηνεύεται
1409 4483 1517 4556 γάρ
1546 4485 1605 4539 τὸ
1633 4485 1780 4554 Βὴθ,

216 4565 403 4636 οἶκος,
437 4570 572 4642 ὅπερ
596 4570 743 4624 ἐστὶν
772 4574 804 4643 ή
843 4573 1052 4645 καρδία.

290 4662 342 4716 5.
373 4663 448 4714 Οὐ
476 4661 735 4736 διαλείψῃ,
755 4663 920 4735 ῦμνος
958 4668 1022 4718 ὲκ
1055 4665 1148 4720 τοῦ
1183 4666 1450 4738 στόματός
1481 4685 1582 4738 μου
1612 4669 1780 4721 ἑκποο

220 4754 507 4826 ρευόμενος
532 4756 589 4808 ἑν
617 4755 693 4826 (7)
717 4755 793 4827 τῷ
813 4755 906 4809 νῦν
931 4757 1110 4815 αἰῶνι.

1960 3847 2011 3902 Ι.
2052 3843 2381 3901 Gloriﬁeabo
2411 3853 2498 3910 te,
2529 3840 2672 3898 Deus
2709 3856 2804 3897 rex
2850 3855 3002 3895 meus
3027 3881 3042 3902 ,
3077 3839 3170 3910 qui
3216 3839 3450 3893 docuisti

1885 3952 1975 3992 me
2005 3936 2288 3992 scientiam
2322 3954 2337 3990 :
2365 3950 2490 3990 nam
2515 3949 2718 3989 nomen
2743 3931 2908 4002 Aleph
2932 3932 3110 3987 versui
3150 3930 3449 4001 ascriptum

1886 4025 2274 4096 interpretatur
2307 4025 2570 4079 doctrina.

1956 4117 2012 4171 ‘2.
2046 4117 2099 4170 lu
2131 4117 2380 4187 praesenti
2404 4158 2422 4183 ,

1959 4212 2015 4268 5.
2052 4211 2117 4266 Et
2154 4213 2207 4265 in
2256 4211 2438 4265 futuro
2471 4210 2689 4266 sarculo.

1959 4301 2012 4356 ι.
2059 4301 2372 4357 Secundum
2419 4301 2666 4370 singulas
2701 4298 2944 4354 actiones
2980 4297 3125 4352 lucis.
3153 4305 3260 4352 tuae
3285 4294 3447 4364 glori-

1885 4392 2063 4447 ficabo
2095 4404 2146 4448 te
2179 4393 2231 4446 in
2267 4389 2432 4448 corde
2461 4406 2604 4456 meo,
2644 4391 2749 4445 hoc
2777 4390 2919 4445 enim
2945 4388 3213 4459 signiﬁcat
3243 4385 3446 4458 syllaba

1885 4485 2070 4540 versui
2110 4484 2360 4554 apposita
2402 4501 2418 4538 :
2454 4481 2586 4536 Belli
2629 4481 2774 4537 enim
2809 4481 3196 4550 interpretatur
3238 4479 3444 4544 domus,

1884 4591 2006 4648 qua:
2037 4584 2122 4630 est
2154 4591 2268 4630 cor.

1955 4668 2017 4721 5.
2053 4666 2170 4721 Non
2205 4665 2441 4722 cessabit
2469 4667 2704 4737 hymnus
2732 4663 2992 4736 prodiens
3019 4678 3088 4718 ex
3117 4677 3210 4718 ore
3232 4675 3358 4716 meo
3387 4659 3442 4714 in

1885 4760 2139 4830 prasenti
2179 4759 2401 4814 saeculo.

1124 4869 1435 4932 Addenda
1483 4877 1544 4932 et
1596 4870 1973 4950 corrigenda
2030 4887 2103 4930 ex
2140 4870 2280 4931 cod.
2317 4869 2518 4930 Vatic.

287 4973 362 5038 (1)
396 4971 676 5043 Τολμῆσαι
705 4972 934 5044 λαλῆσαι
961 4978 1020 5028 ἑν
1049 4977 1192 5038 ταῖς,
1227 4985 1332 5030 etc.

285 5045 363 5114 ('2)
391 5044 525 5108 Δόξα
566 5044 964 5114 ὑπάρχει,ειο.,
995 5046 1075 5098 ὃτι
1099 5047 1207 5098 τῶν
1233 5047 1329 5114 μὲν
1355 5044 1682 5114 εὐδαιμόνων
1713 5044 1783 5098 τὰ

214 5113 610 5184 πρόδατα,νκαὶ
638 5113 692 5184 αἱ
725 5113 863 5184 βόες,
904 5124 1032 5178 etc.,
1081 5115 1181 5168 οὐκ
1222 5113 1338 5167 ἐστι
1388 5114 1486 5184 τὴν
1512 5113 1780 5184 βοήθειαν

209 5183 406 5264 4131(1))!-
423 5183 813 5264 παλῳωθῇναι,
844 5185 1162 5264 καὶ-,πεσεῖν
1181 5227 1196 5251 ,
1235 5185 1355 5264 οὐδὲ
1391 5183 1649 5264 τελευτὴν
1681 5186 1779 5238 αὑ-

210 5253 354 5326 τῶνῌ·
505 5254 620 5326 γάρ
638 5251 803 5326 ζῶσιν
822 5269 835 5284 ο
866 5254 987 5326 οὐδὲ
1009 5255 1358 5326 ὑπερηφανία
1387 5255 1445 5308 ἑν
1480 5251 1742 5326 ταῖςζθῑο.

285 5322 361 5387 (5)
402 5323 465 5396 Ἡ
500 5322 593 5396 διά
624 5324 722 5392 τῆς
759 5322 1131 5396 κινναϐάρεως
1155 5322 1774 5396 περιέχειηθιοηῌείρή-

210 5409 408 5462 κάμεν,
439 5394 617 5458 ἱκανὸς
647 5395 808 5465 χειρὶ,
835 5396 970 5466 ὅπερ
992 5393 1141 5446 ἐστὶν
1165 5397 1194 5448 ὁ
1223 5393 1348 5457 Υἱὸς
1373 5393 1466 5446 τοῦ
1492 5393 1644 5448 Θεοῦ.

1886 5274 1948 5309 στ

1879 5334 2028 5450 mi?

1959 4975 2036 5044 (4)
2079 4976 2135 5028 Ὀ
2161 4974 2291 5036 Θεός
2326 4990 2446 5043 μου,
2470 4982 2574 5026 etc.
2661 4970 2876 5036 διδάξας
2905 4987 2972 5040 με
2993 4971 3188 5037 γνῶσιν
3209 4985 3222 4999 ο
3249 4967 3313 5020 τὸ
3336 4967 3442 5038 γὰρ

1885 5050 1986 5118 τῆς
2015 5044 2383 5168 κινναϐάρεως
2405 5043 2827 5114 παρακείμενον,
2862 5053 2960 5095 etc.
3031 5108 3054 5120 -

1958 5115 2033 5169 (Sl
2066 5113 2130 5167 N.
2165 5117 2219 5169 2.
2288 5157 2300 5168 .
2339 5112 2444 5166 Καὶ
2474 5115 2532 5165 ὲν
2559 5111 2635 5169 τῶ
2652 5113 2765 5169 νῦν,
2799 5120 2927 5169 etc.,
2960 5109 3132 5162 αἰωνι.

1958 5117 2033 5184 (5)
2066 5117 2130 5167 Ν.
2165 5117 2219 5175 2,
2250 5117 2300 5168 5.
2339 5117 2444 5166 Καὶ
2474 5117 2532 5165 ἐν
2559 5117 2635 5180 τῷ
2652 5117 2765 5172 νῦν,
2799 5120 2927 5170 ctc.,
2960 5117 3132 5162 αἰῶνι.
3408 5175 3431 5187 ⁴

1954 5187 2028 5274 (6)
2061 5186 2387 5274 Mourde‘est,‘
2413 5181 2701 5274 συλλαϐήὴ
2728 5179 2815 5234 διὰ
2850 5180 2949 5250 τῆς
2972 5177 3336 5248 κινναϐάρεως
3367 5193 3442 5246 τῳ

1956 5255 2054 5325 ίχῳ
2080 5255 2479 5325 παρακειμένη,
2503 5263 2612 5306 etc.

1972 5274 2054 5378 χῳ
2080 5273 2479 5380 παρακειμενη,
2503 5273 2612 5306 etc.
2654 5320 2666 5332 .
3401 5317 3413 5333 ⁹

2011 5327 2028 5398 )
2057 5325 2124 5382 Ν.
2194 5366 2208 5388 ,
2239 5324 2289 5378 6.
2319 5326 2538 5398 Comm.
2575 5335 2770 5398 unicus
2799 5362 2813 5376 .
2849 5360 2864 5376 .
2899 5319 3046 5398 .-καὶ
3077 5318 3136 5370 ἑν
3171 5335 3221 5372 τ.
3268 5335 3314 5372 ν.
3358 5334 3393 5369 α
3424 5353 3438 5371 .

2001 5390 2046 5453 ἑ.
2075 5414 2123 5452 τ.
2162 5414 2218 5450 α.
2249 5396 2340 5448 καὶ
2361 5396 2437 5458 εἰς
2455 5391 2554 5455 τάς
2575 5391 2824 5454 αἰωνίους
2855 5390 3022 5453 αὑλάς
3049 5405 3161 5442 σου.

283 5528 364 5599 (1-)
390 5528 633 5605 Quatuor
669 5533 908 5603 psalmos
937 5533 1238 5589 secundum
1265 5531 1512 5605 ordinem
1548 5532 1897 5588 Hebraeorum
1932 5532 2170 5605 incipere
2199 5531 2634 5605 elem_entorum,_
2667 5538 2768 5584 etc.
2804 5528 2874 5605 _In
2911 5525 3208 5584 centesimo
3229 5523 3436 5605 decimo

209 5595 686 5672 octavo’psalmo;
705 5605 947 5672 singulas
977 5605 1184 5657 litteras
1217 5604 1396 5672 octoni
1432 5619 1624 5658 versus
1653 5612 1974 5672 sequuntur.
2019 5595 2072 5655 In
2135 5601 2437 5672 centesimo
2490 5599 2914 5672 quadragesimo
2972 5605 3172 5668 quarto
3238 5595 3436 5664 singuli

209 5683 402 5726 versus
419 5671 766 5743 deputantur.
796 5669 946 5733 Hier.
981 5675 1034 5731 in
1060 5673 1229 5745 Epist.
1260 5671 1325 5727 ad
1361 5671 1608 5741 Paulam,
1646 5669 2024 5745 de‘iuterpret.
2061 5671 2290 5742 Alphab.
2339 5669 2499 5727 llcbr.
