3702 6388
339 316 479 373 1515

1173 307 1234 362 5.
1270 303 1641 360 ATHANASII
1682 301 1832 357 OPP.
1874 299 2055 356 PARS
2093 299 2180 356 lli.
2212 330 2282 339 —
2307 298 2715 354 EXEGETICA.

3423 296 3547 351 1516

407 425 495 482 29.
529 422 600 496 [73
626 422 751 478 Sam
775 420 874 492 (l)]
899 419 1098 474 Fidelis
1127 416 1389 473 Dominus
1416 417 1470 470 in
1501 414 1753 469 omnibus
1787 429 1900 468 ver-
1929 422 1964 476 Λ

2067 413 2153 466 29.
2185 410 2339 483 [Σάμ
2361 411 2382 483 ἰ
2412 412 2607 475 Πιστὸς
2636 409 2830 482 Κύριος
2863 411 2918 462 ὲν
2940 410 3070 463 πᾶσι
3093 411 3206 472 τοῖς
3237 408 3412 477 λόγοις
3457 407 3546 461 αῦ-

338 519 424 574 bis
462 517 604 579 suis,

406 608 494 663 30.
529 606 594 659 Et
618 611 840 659 sanctus
870 601 922 655 in
950 600 1204 656 omnibus
1237 599 1498 668 operibus
1526 597 1662 652 suis.

407 699 494 751 51.
532 695 593 768 [o
635 692 799 766 Kam]
852 692 1063 747 Allevat
1119 690 1387 744 Dominus
1422 704 1612 742 omnes
1654 686 1747 757 qui
1780 701 1902 740 cor-

337 799 538 855 ruunt,

405 879 493 933 32.
526 876 593 930 Et
615 875 773 946 erigit
795 889 984 929 omnes
1016 874 1199 928 elisos.

403 970 494 1024 33.
535 968 594 1041 [ν
619 969 744 1040 Mei]
773 967 927 1023 Oculi
956 968 1198 1021 omnium
1229 966 1282 1019 in
1319 975 1369 1018 te
1405 972 1658 1034 sperant,

404 1059 491 1114 54.
525 1059 590 1114 Et
627 1069 679 1114 tu
723 1061 821 1114 das
853 1073 1036 1114 escam
1075 1058 1292 1111 illorum
1336 1057 1390 1110 in
1424 1066 1669 1125 tempore
1707 1069 1902 1125 oppor-

335 1161 466 1207 tuno
499 1150 701 1223 [escam
736 1152 815 1205 eis
849 1131 1186 1220 teinporibus
1221 1147 1597 1219 opportunis].

405 1244 491 1298 35.
523 1242 583 1316 [Β
613 1242 744 1314 Phe]
784 1243 976 1313 Aperis
1027 1251 1082 1296 tu
1128 1258 1350 1295 manum
1411 1250 1590 1304 tuam,
1622 1247 1676 1294 et
1715 1236 1902 1307 imples

335 1350 494 1392 omne
523 1335 726 1391 animal
756 1333 1155 1390 benedictione.

1997 501 2115 565 τοῦ,

2065 595 2152 648 50.
2189 591 2292 646 Καὶ
2322 594 2465 656 ὅσιος
2491 594 2546 646 ὲν
2577 593 2710 645 πᾶσι
2740 593 2852 654 τοῖς
2877 589 3057 663 ἔργοις
3087 591 3272 645 αὑτοῦ.
3311 580 3314 583 ’

2065 686 2153 739 51.
2189 685 2387 757 [Χάμ]
2423 683 2800 756 Ὑποστηρίζει
2839 683 3035 757 Κύριος
3063 684 3271 749 πάντας
3296 684 3420 748 τοὺς
3458 701 3549 737 κα-

1997 778 2360 840 ταπίπτοντας
2377 817 2392 841 ,

2070 870 2158 923 52.
2189 869 2292 922 Kal.
2321 868 2536 940 ἁνορθοῖ
2563 868 2768 932 πάντας
2795 868 2920 931 τοὺς
2952 867 3447 940 κατερῤαγμένους.

2070 961 2159 1014 55.
2194 960 2212 1032 [
2235 960 2374 1032 Μεί]
2400 963 2462 1013 Οἱ
2489 960 2753 1031 ὀφθαλμοὶ
2779 959 2994 1013 πάντων
3021 962 3100 1023 εἰς
3123 961 3181 1013 σὲ
3205 960 3498 1024 ἐλπίζουσι,

2069 1051 2155 1104 51.
2192 1050 2294 1104 Kal.
2326 1053 2388 1104 σὺ
2432 1052 2586 1114 δίδως
2609 1051 2704 1122 τὴν
2736 1051 2940 1124 τροφὴν
2977 1052 3154 1106 αὐτῶν
3207 1055 3264 1106 ὲν
3309 1053 3552 1125 εὐκαιρίᾳ

1997 1142 2020 1214 Ῑ
2043 1145 2223 1207 αὐτοῖς
2254 1145 2310 1195 ἐν
2333 1142 2632 1212 εὐκαιρίαις
2654 1142 2672 1214 ]
2700 1159 2712 1171 '

2069 1235 2156 1289 35.
2187 1233 2340 1306 [Φήλ]
2381 1233 2644 1301 Ἀνοίγεις
2684 1234 2748 1286 σὺ
2785 1234 2882 1307 τὴν
2907 1235 3067 1308 χεῖρά
3103 1253 3218 1302 σου,
3265 1255 3360 1292 και
3393 1239 3548 1310 ὲμπιυ

2002 1324 2140 1394 πλᾷς
2179 1324 2286 1376 πᾶν
2316 1321 2452 1387 ζῶον
2483 1322 2744 1386 εὐδοκίας.

1454 1467 1830 1524 ATHANASII
1866 1461 2441 1520 INTERPRETATIO.

401 1588 489 1642 29.
524 1587 694 1641 Verax
717 1628 731 1648 .
762 1588 950 1642 firmus
970 1627 985 1651 ,
1019 1587 1374 1643 immutabilis
1404 1587 1458 1640 in
1485 1589 1588 1652 iis,
1620 1604 1740 1658 quae
1768 1587 1898 1642 deli-
1928 1603 1964 1656 ῃ

2066 1581 2153 1636 29.
2198 1579 2449 1651 Ἀληθὴς,
2484 1579 2716 1652 ἑδραῖος,
2761 1579 3176 1653 ἁμετακίνητος,
3220 1583 3308 1652 ἐφ’
3338 1581 3418 1648 οἷς
3440 1584 3551 1658 ὦρι-

333 1678 469 1732 uivit
517 1679 570 1730 in
609 1677 854 1744 judicio;
909 1677 1012 1732 boc
1045 1678 1188 1731 enim
1236 1678 1504 1746 signiﬁcat
1532 1678 1756 1749 syllaba,
1780 1693 1900 1748 qua:

333 1771 532 1826 dicitur
557 1767 683 1824 Sam
705 1810 720 1835 ,
749 1772 854 1826 hoc
877 1778 960 1824 est
990 1769 1269 1834 stabilivit,
1301 1780 1354 1824 et
1375 1771 1538 1824 etiam
1582 1771 1900 1840 interpreta-

333 1871 423 1917 tur
453 1863 586 1925 illic,
619 1861 722 1916 hoc
746 1871 830 1916 est
856 1861 910 1915 in
939 1860 1166 1930 judicio.

403 1952 494 2008 50.
529 1953 595 2007 Ει
635 1953 1122 2024 irreprehensibilis
1153 1953 1204 2006 in
1232 1951 1488 2008 omnibus
1513 1967 1634 2022 qua:
1659 1951 1895 2016 creavit;

332 2053 387 2101 et
426 2045 479 2098 in
520 2045 772 2099 omnibus
801 2043 1082 2113 praeceptis
1127 2043 1272 2108 suis;
1308 2053 1360 2098 et
1389 2044 1444 2096 in
1495 2043 1752 2097 omnibus
1777 2058 1900 2112 quae

335 2136 590 2208 suscepit,
618 2145 670 2192 et
694 2150 887 2206 passus
923 2144 1006 2190 est
1028 2144 1250 2205 propter
1274 2143 1517 2189 nostram
1550 2134 1802 2189 salutem.

401 2316 490 2372 51.
524 2315 755 2386 Subjicit
791 2314 1053 2371 Dominus
1079 2314 1308 2386 gratiam
1345 2329 1523 2369 suam.

402 2405 490 2459 52.
525 2405 589 2460 Et
630 2420 852 2476 surgere
880 2403 1008 2458 facit
1038 2419 1228 2460 omnes
1268 2403 1552 2474 prolapsos
1591 2401 1643 2455 in
1682 2399 1894 2466 faciem,

333 2495 440 2550 hoc
487 2503 571 2550 est
610 2495 663 2548 in
711 2495 872 2550 corda
891 2551 902 2559 ἴ,
921 2510 1057 2558 sua,
1085 2503 1139 2549 et
1168 2494 1468 2548 inﬁrmatos
1513 2493 1567 2548 in
1613 2493 1894 2562 peccatis:

333 2585 538 2658 syllaba
563 2586 706 2640 enim
735 2585 1000 2654 apposita,
1039 2600 1159 2654 quae
1188 2585 1388 2639 dicitur
1415 2583 1601 2649 Cham,
1635 2592 1899 2637 sustenta-

335 2676 510 2730 culum
541 2677 944 2747 interpretatur,
979 2675 1199 2746 perinde
1233 2692 1297 2731 ac
1349 2677 1394 2731 si
1449 2676 1650 2730 diceret
1679 2675 1900 2743 subjicit

332 2780 390 2820 se
418 2766 590 2834 ipsum
625 2765 905 2833 Dominus,
925 2778 978 2821 et
1005 2775 1181 2836 portat
1204 2767 1472 2831 inlirmos,
1502 2775 1564 2820 ut
1595 2781 1790 2820 versus
1820 2767 1897 2820 si-

332 2855 596 2926 gnificat:
637 2866 686 2912 et
722 2867 1098 2928 permanentes
1143 2864 1322 2912 mente
1383 2871 1484 2912 sua
1539 2857 1592 2910 in
1637 2858 1895 2926 peccatis,

2004 1692 2093 1728 σεν
2121 1675 2176 1726 ὲν
2203 1675 2267 1743 τῇ
2301 1674 2477 1743 κρίσει
2497 1689 2510 1701 ⁵
2547 1672 2703 1726 τοῦτο
2728 1672 2836 1744 γὰρ
2867 1672 3166 1745 βούλεταιὴ
3204 1675 3441 1746 συλλαϐὴ
3480 1679 3549 1747 (1)

1999 1765 2033 1834 ἡ
2069 1763 2338 1832 λεγομένη
2367 1762 2515 1828 Σὰμ,
2551 1761 2579 1814 ὃ
2621 1762 2766 1813 ἐστιν
2807 1760 3106 1827 ἐστήριξε,
3154 1763 3249 1816 καὶ
3279 1764 3436 1817 πάλιν
3467 1766 3550 1836 ἐρ-

2003 1855 2296 1926 μηνεῦεται
2329 1850 2477 1916 ἐκεῖ,
2508 1851 2779 1905 τουτέστιν
2819 1853 2877 1904 ὲν
2907 1854 2972 1922 τῇ
3001 1853 3200 1923 κρίσει.

2069 1946 2156 1999 50.
2187 1943 2290 1996 Καὶ
2321 1943 2607 2014 ἄμεμπτος
2643 1944 2700 1996 ὲν
2734 1945 2898 1998 πᾶσιν
2923 1984 2938 2007 ,
2993 1938 3074 2008 οἷς
3111 1945 3549 2017 ἐδημιούργησεν,

1999 2038 2092 2090 καὶ
2114 2038 2172 2089 ὲν
2195 2038 2326 2090 πᾶσι
2364 2039 2477 2098 τοῖς
2506 2036 2920 2107 προστάγμασιν
2962 2034 3144 2099 αὐτοῦ,
3172 2037 3268 2089 καὶ
3299 2039 3357 2089 ὲν
3381 2040 3549 2102 πᾶσιν,

1998 2128 2079 2193 οἷς
2123 2127 2464 2193 κατεδέξατο,
2495 2127 2587 2180 καὶ
2638 2127 2869 2180 πέπονθε
2911 2127 2986 2198 (2)
3016 2127 3104 2181 διά
3149 2128 3246 2198 τὴν
3298 2129 3551 2200 ἡμετέραν

2001 2220 2292 2291 σωτηρίαν.

2066 2311 2151 2365 51.
2185 2310 2262 2379 (5)
2297 2308 2613 2378 ’Υποτίθησι
2645 2307 2843 2380 Κύριος
2873 2309 2970 2380 τὴν
3013 2308 3172 2378 χάριν
3196 2307 3390 2364 αὐτοῦ.

2066 2403 2153 2456 52.
2191 2401 2293 2455 Καὶ
2324 2402 2586 2470 ἀνέστησε
2617 2401 2822 2465 πάντας
2856 2404 2978 2465 τοὺς
3006 2401 3450 2466 καταπίπτοντας
3467 2405 3548 2456 ἐπι

1997 2492 2066 2546 τὰ
2091 2493 2375 2564 πρόσωπα,
2405 2493 2681 2546 τουτέστιν
2726 2493 2820 2545 ἐπὶ
2844 2492 2942 2555 τὰς
2978 2492 3204 2563 καρδίας
3237 2493 3436 2560 αὐτῶν,
3470 2495 3552 2548 καὶ

1998 2581 2352 2643 ἀσθενοῦντας
2375 2584 2432 2634 ἐν
2470 2586 2534 2654 τῇ
2565 2583 2839 2655 ἁμαρτίᾳο
2870 2585 2902 2654 ἡ
2940 2583 2996 2635 δὲ
3037 2585 3422 2656 παρακειμένη
3447 2587 3554 2638 συλ-

1997 2671 2135 2742 λαϐὴ
2167 2673 2199 2741 ἡ
2233 2670 2500 2742 λεγομένη
2547 2674 2674 2743 Χὰμ
2727 2673 2873 2744 ὅμως
2926 2671 3325 2742 ἑρμηνεύεται,
3370 2676 3554 2730 ὡσανεὶ

2001 2767 2314 2838 ὑποτίθησιν
2344 2767 2529 2819 ἑαυτὸν
2561 2767 2588 2817 6
2624 2764 2840 2836 Κύριος,
2866 2766 2958 2818 καὶ
2979 2765 3238 2834 βαστάζει
3268 2769 3396 2832 τοὺς
3416 2769 3556 2822 ἀσθε-

1998 2861 2126 2921 νεῖς,
2170 2857 2244 2921 ὡς
2285 2860 2312 2910 6
2344 2857 2521 2927 στίχος
2555 2857 2706 2926 δηλοῖ
2740 2873 2753 2887 ο
2797 2859 2889 2909 καὶ
2930 2859 3053 2921 τοὺς
3101 2860 3556 2930 ὲναπομείναντας

332 2946 495 3000 veluti
541 2961 608 3001 ex
663 2962 856 3002 somno
886 2947 1150 3010 suscitat,
1183 2963 1553 3018 compungens
1589 2963 1682 3002 eos
1726 2948 1894 3017 gratia
1925 2943 1964 3000 C

2095 2948 2302 3019 διανοίᾳ
2329 2951 2407 3011 είς
2431 2950 2529 3020 τὴν
2553 2948 2848 3020 ἁμαρτίαν,
2890 2949 2964 3012 ὡς
2992 2950 3050 3016 ἐξ
3086 2950 3257 3005 ὕπνου
3293 2952 3553 3023 διεγείρει,

333 3054 453 3104 sua,
481 3048 534 3094 et
563 3055 785 3110 surgere
809 3039 1013 3094 faciens
1032 3079 1046 3104 ,
1081 3048 1142 3093 ut
1171 3039 1554 3108 conﬁteantur,
1593 3047 1649 3094 et
1681 3039 1901 3110 vigilent

333 3127 606 3199 deinceps,
644 3146 711 3185 ne
739 3131 971 3200 amplius
1000 3139 1246 3200 peccent.

401 3301 488 3354 55.
524 3299 700 3354 Corda
738 3299 980 3354 omnium
1016 3300 1356 3355 credentium
1388 3300 1443 3354 in
1479 3309 1529 3354 te
1557 3300 1785 3371 gratiam
1814 3316 1899 3354 re-

331 3391 558 3461 cipiunt.

398 3481 487 3535 54.
523 3481 587 3536 Ει
617 3491 704 3547 ιιι,
763 3496 884 3538 cum
936 3496 1090 3536 mens
1135 3495 1323 3536 eorum
1374 3480 1609 3551 quiescit
1651 3481 1720 3535 ab
1750 3483 1897 3536 omni

330 3572 603 3627 mundana
654 3589 807 3638 cura,
857 3585 910 3629 et
954 3574 1417 3644 concupiscentia,
1468 3574 1746 3630 illuminas
1802 3591 1896 3630 eos

331 3664 552 3720 scientia
578 3673 971 3735 praeceptorum
1005 3674 1246 3720 tuorum.

399 3761 485 3815 35.
519 3761 872 3816 Abundanter
900 3761 1153 3816 donando
1182 3761 1413 3831 gratiam
1447 3761 1620 3814 sancti
1659 3758 1892 3830 Spiritus

330 3853 479 3908 omni
531 3852 776 3917 homini,
835 3853 926 3922 qui
987 3852 1223 3906 adhaeret
1276 3852 1540 3906 voluntati
1599 3859 1704 3904 tua:
1737 3871 1750 3906 :
1785 3850 1891 3905 Phe

329 3943 472 3997 enim
505 3944 884 4012 interpretatur
913 3959 968 3996 os
994 3984 1008 4009 ,
1044 3943 1146 3997 hoc
1179 3953 1261 3998 est
1293 3943 1575 3997 insulllans
1623 3943 1798 4011 ipsum
1834 3945 1887 3996 in

1997 3037 2314 3106 κατανύγων
2336 3039 2531 3102 αὐτοὺς
2561 3041 2626 3110 τῇ
2668 3039 2849 3110 χάριτι
2890 3041 3074 3104 αὑτοῦ,
3109 3043 3204 3096 καὶ
3232 3044 3557 3107 ἀναστάντας

1998 3127 2191 3190 αὐτοὺς
2221 3127 2678 3198 ἐξομολογεῖσθαι,
2698 3131 2789 3183 καὶ
2818 3132 3004 3201 νήφειν
3026 3131 3119 3183 τοῦ
3145 3132 3338 3186 λοιποῦ
3362 3133 3454 3187 τοῦ
3487 3133 3554 3204 μὴ

1997 3219 2346 3290 ἁμαρτάνειν.

2066 3315 2153 3367 55.
2185 3316 2248 3366 Δί
2281 3315 2499 3385 καρδίαι
2535 3316 2750 3369 πάντων
2802 3315 2908 3367 τῶν
2959 3317 3324 3372 πιστευόντων
3370 3321 3449 3384 είς
3499 3319 3554 3373 σὲ

1996 3406 2093 3475 τὴν
2119 3407 2276 3476 χάριν
2307 3406 2714 3476 ἁπεκδέχονται.

2064 3495 2151 3548 54.
2182 3494 2284 3547 Καὶ
2315 3497 2399 3561 σὺ,
2426 3497 2553 3549 ὅταν
2587 3495 2846 3568 ἡσυχάζει
2887 3500 2914 3550 6
2950 3497 3074 3561 νοῦς
3110 3499 3294 3552 αὐτῶν
3345 3500 3419 3571 (4)
3454 3501 3555 3555 ἀπὸ

1995 3586 2174 3656 πάσης
2213 3586 2473 3657 βιωτικῆς
2506 3587 2782 3660 φροντίδος
2817 3588 2911 3640 κα)⁵
2950 3589 3244 3660 ἐπιθυμίας
3265 3631 3279 3654 ,
3314 3591 3555 3662 φωτίζεις

1993 3677 2190 3742 αὐτοὺς
2217 3677 2314 3748 τὴν
2333 3678 2533 3746 γνῶσιν
2560 3679 2666 3732 τῶν
2701 3678 3136 3750 προσταγμάτων
3158 3697 3272 3734 σου.

2061 3767 2151 3821 55.
2185 3767 2457 3831 Πλουσίως
2476 3767 2713 3840 δώρησαι
2750 3768 2847 3838 τὴν
2881 3769 3039 3840 χάριν
3077 3768 3173 3822 τοῦ
3207 3770 3366 3838 ἁγίου
3401 3769 3555 3824 Πνεῦ-

2001 3875 2170 3928 ματος
2203 3857 2280 3928 (5)
2307 3860 2468 3912 παντὶ
2490 3857 2758 3929 ἀνθρώπῳ
2790 3859 3134 3930 προκειμένῳ
3178 3859 3259 3930 τῷ
3302 3860 3553 3932 θελήματι

1998 3965 2124 4003 σουο
2165 3951 2227 4002 τὸ
2259 3950 2366 4021 γὰρ
2417 3952 2504 4017 Φὴ
2542 3950 2902 4022 ἑρμηνεύεται
2947 3952 3175 4020 στόμα,
3209 3953 3456 4006 τουτέστι
3499 3953 3554 4005 τδ

329 4033 522 4087 faciem
577 4041 886 4088 sanctorum
967 4042 1022 4087 et
1073 4033 1260 4088 dicens
1305 4052 1317 4086 :
1356 4035 1590 4102 Accipite
1631 4032 1888 4102 Spiritum

327 4134 567 4179 sanctum
582 4124 624 4178 ⁸.

1995 4043 2247 4114 ὲμφυσᾷν
2269 4043 2430 4096 αὑτὸν
2459 4045 2538 4106 είς
2569 4043 2638 4096 τὰ
2676 4043 2940 4115 πρόσωπα
2982 4043 3090 4096 τῶν
3120 4043 3316 4113 ἁγίων,
3357 4045 3449 4099 καὶ
3476 4045 3555 4098 λέρ

1921 4121 1966 4176 Ῑ)
1993 4151 2110 4201 γειν
2135 4153 2146 4164 °
2178 4135 2398 4190 Λάϐετε
2423 4134 2664 4206 Πνεῦμα
2685 4135 2872 4204 ἄτιον.

397 4241 418 4272 ³
451 4238 608 4297 Joan.
643 4259 733 4312 xx,
767 4247 855 4303 22.

1229 4334 1534 4396 Addenda
1593 4341 1653 4396 et
1706 4338 2084 4419 corrigenda
2141 4355 2220 4399 ex
2277 4339 2417 4400 cod.
2452 4339 2656 4400 Vatic.

401 4436 474 4507 (1)
507 4437 577 4514 ςΗ
612 4435 698 4490 διὰ
720 4438 823 4514 τῆς
869 4437 1506 4514 κινναθάρεωςισυλλαϐὴ
1547 4438 1879 4514 ήβλεγομένη
1982 4443 2149 4513 δηλοῖ.
2175 4441 2354 4514 Νη52,
2391 4440 2646 4514 Καὶντοὺς
2677 4441 3156 4512 ὲναπομείναντας,
3197 4452 3330 4510 etc.,
3367 4446 3430 4514 τῇ
3459 4443 3549 4514 χά-

328 4507 468 4584 mg,
502 4507 876 4584 ἑρμηνεύεται,
900 4507 1146 4577 στηρίξαι
1165 4507 1278 4571 καί,
1297 4519 1425 4572 etc.,
1449 4507 1724 4561 τουτέστιν
1748 4507 1880 4564 ἐκεῖξ
1985 4507 2094 4584 ρι’τι
2119 4511 2282 4584 αὑτοῦ
2304 4513 2672 4584 ίὰναστάντας,
2710 4521 2815 4567 ctc.

399 4525 468 4576 ιμ,
502 4525 876 4628 ῗρμηνευεται,
900 4525 1425 4577 στηριςαικαι,ειο.,
1449 4525 1724 4561 τουτέστιν
1748 4525 1880 4564 εκεῖ.
1985 4531 2094 4584 ριτι
2119 4525 2282 4566 αὐτου
2313 4525 2672 4577 ανασταντας,
2710 4525 2815 4567 ctc.

399 4577 473 4658 (2)
505 4576 789 4658 νέτξοιθενζ
904 4645 944 4658 Μ
1126 4655 1134 4658 _
1318 4649 1329 4658 ι
1387 4647 1398 4658 _
1450 4647 1462 4658 .
1730 4649 1741 4658 Δ
2024 4584 2138 4658 *(4)
2181 4582 2367 4658 Αὐτῶν
2412 4585 2440 4635 6
2481 4581 2624 4658 νοῦς,
2667 4592 2795 4658 etc.,
2828 4581 2935 4634 τῶν
2980 4583 3421 4654 προσταγμάτων
3461 4600 3550 4636 σου

395 4647 470 4730 (5)
495 4645 581 4732 .N;
595 4647 704 4726 51..
727 4645 1063 4732 ’Υποτίθησι,
1088 4655 1216 4732 etc.,.
1246 4649 1340 4700 καὶ
1375 4647 1624 4718 ἀνίστησι
1660 4649 1880 4732 πάντας
1980 4645 2494 4732 τῶν“δυναμοῦντων
2531 4651 2747 4732 αὐτούς.

325 4715 982 4793 τοῦςιάσθενοῦνταςηκαὶ
1009 4716 1465 4793 καταπίπτοντας,
1494 4715 1624 4793 etc.,
1658 4719 1748 4772 ἐπὶ
1784 4720 1879 4793 τᾲς
2052 4722 2128 4793 (5)
2161 4715 2271 4793 ΤοῦΔ
2297 4723 2450 4789 ἁγίου
2475 4739 2569 4793 σου
2601 4715 2955 4793 ῌΠνεύματος,
2974 4730 3117 4793 etc.,
3153 4723 3549 4793 προσκειμένῳ,

325 4785 748 4864 καρδίαςιᾳύῖῷν
768 4787 843 4864 ’,ἡ
870 4785 926 4837 δὲ
969 4786 1340 4864 πᾳραζιξξμένη
1373 4787 1466 4864 διεξ
1495 4788 1879 4864 τῆςηκινναϐᾁ-
1977 4785 2196 4857 (διάητδ
2217 4791 2325 4863 γάρ
2345 4785 2524 4863 δὴπὸ
2538 4791 2624 4844 διὰ
2646 4785 3152 4862 τῆςκινναδάρεως,
3173 4785 3550 4864 ἑρμηνεῦεται,

329 4855 464 4924 ρεως
487 4855 740 4924 συλλαὸὴ,
768 4858 799 4923 ἡ
828 4855 1089 4926 λεγομένη
1125 4855 1267 4926 Χάμ.
1291 4867 1419 4910 etc..
1447 4855 1761 4926 ὑποτίθησιν
1785 4859 1879 4909 αὺ-
1979 4871 2083 4916 etc.

324 4923 414 4978 τὸν
447 4927 494 4988 6,
527 4937 654 4990 etc.,
689 4923 812 4987 τοὺς
839 4923 1101 4986 ἀσθενεῖς,
1140 4924 1320 4988 καθὼς
1347 4928 1441 4978 καὶ
1467 4930 1494 4979 ὁ
1526 4923 1705 4997 στίχος
1727 4928 1884 4980 τοῦτο

395 5039 472 5110 (1)
499 5039 656 5095 Deest
689 5040 743 5094 in
781 5047 929 5094 textu
961 5038 1186 5096 Hebraeo
1219 5041 1394 5096 littera
1425 5054 1472 5103 J,
1521 5044 1649 5112 quia
1702 5043 1885 5097 deficit
1935 5057 2159 5106 versus,
2217 5043 2311 5112 qui
2353 5042 2420 5096 ab
2458 5043 2549 5096 illa
2589 5042 2828 5114 incipere
2869 5042 3117 5107 debebat,
3166 5056 3365 5112 nempe
3390 5051 3549 5126 ῖῠκε.

330 5131 388 5186 id
417 5140 507 5202 est,
530 5131 749 5196 Fidelis,
790 5140 850 5185 ut
884 5131 1170 5187 advertunt
1194 5131 1487 5197 Vatalilus,
1517 5144 1572 5188 et
1603 5133 1825 5188 Simeon
1859 5133 1926 5187 de
1960 5133 2100 5187 Muis
2123 5173 2137 5197 ,
2165 5134 2388 5202 aliique.
2420 5132 2576 5188 Hunc
2611 5143 2793 5188 autem
2821 5149 3039 5188 versum
3073 5148 3300 5189 necesse
3329 5147 3444 5194 est,
3470 5132 3550 5186 vel

328 5201 671 5255 librariorum
712 5202 866 5270 culpa
911 5203 1181 5257 excidisse
1207 5244 1220 5262 .
1262 5203 1342 5256 vel
1375 5203 1442 5255 de
1479 5205 1747 5257 industria
1782 5205 1851 5257 ab
1881 5203 2118 5258 Hebraeis
2142 5201 2312 5258 fuisse
2352 5204 2648 5257 sublatum.
2689 5203 2822 5258 Nam
2858 5205 3006 5257 illum
3053 5203 3108 5256 in
3143 5213 3290 5258 textu
3328 5204 3551 5256 Hebraeo

323 5271 763 5343 originaliantea
793 5271 1067 5343 exstitisse
1111 5273 1305 5342 probat
1335 5274 1470 5326 ordo
1497 5274 1798 5326 litterarum
1836 5273 2112 5342 alphabeti
2149 5271 2398 5343 Hebraici
2428 5313 2443 5335 ,
2487 5281 2746 5343 certoque
2773 5274 3060 5329 confirmat
3107 5274 3293 5327 versio
3320 5275 3550 5340 Septua—

324 5342 470 5413 ginta
495 5339 772 5413 ,_ali:eque
809 5339 1008 5395 Graecae
1036 5339 1344 5408 versioncs;
1379 5353 1432 5396 et
1465 5352 1659 5413 praeter
1686 5339 1993 5413 Vulgatam,
2027 5358 2146 5411 qua:
2180 5358 2244 5398 ex
2279 5339 2665 5411 Septuaginta
2692 5355 2905 5411 sumpta
2947 5353 3065 5408 est,
3097 5346 3263 5396 etiam
3321 5339 3551 5395 Arabica

323 5405 376 5462 et
416 5405 836 5482 Syriaca,‘qu:e
873 5426 1060 5466 omnes
1093 5428 1309 5466 versum
1334 5405 1496 5466 illum
1547 5405 1887 5476 habentfet
1939 5405 2420 5482 cansequenter'in
2457 5405 2743 5482 codicibus
2776 5405 3015 5468 llebrteis
3041 5405 3060 5476 ,’
3098 5414 3244 5466 unde
3273 5419 3553 5466 adornata:

325 5475 473 5550 sunt,
508 5475 768 5550 legerunt.
804 5477 984 5550 Quare
1020 5483 1211 5536 merito
1236 5494 1425 5536 contra
1457 5483 1842 5536 Masoretaz‘um
1877 5475 2228 5536 veneratores
2255 5481 2434 5550 inquit
2473 5480 2695 5538 Grotius
2730 5502 2742 5536 :
2776 5475 3048 5548 Quomodo
3076 5483 3145 5535 ad
3183 5482 3295 5535 lucc
3336 5497 3551 5550 respon-

322 5547 533 5621 debunt,
561 5547 648 5613 qui
683 5562 773 5600 ita;
795 5548 1099 5621 jubentper
1129 5555 1305 5621 omnia
1344 5551 1724 5605 Masoretarum
1753 5562 1893 5606 stare
1923 5553 2188 5607 decretis?
2233 5551 2298 5606 Et
2335 5547 2570 5619 insuper
2604 5552 2707 5607 hac
2737 5547 2805 5606 de
2837 5569 2891 5606 re
2917 5553 3077 5621 digna
3111 5552 3338 5620 quidem
3366 5547 3552 5621 obserf

323 5617 538 5692 vatione
569 5624 695 5668 sunt
720 5656 734 5675 ,
779 5632 900 5684 quae
937 5617 1161 5692 adnotat
1188 5620 1404 5675 Clarius
1431 5621 1709 5692 referens:
1736 5631 1928 5676 veteres
1963 5621 2210 5678 Hebra'os
2248 5623 2446 5675 dixisse
2480 5617 2713 5688 tempore
2751 5623 2955 5676 Messia’
2978 5617 3143 5674 Ἶιιιηὸ
3192 5639 3433 5689 rcrsum,
3464 5620 3553 5692 qui

326 5695 432 5738 tum
466 5685 662 5748 deerat,
695 5687 1034 5753 reponendum
1059 5691 1196 5757 quod
1230 5693 1509 5756 cernimus,
1546 5691 1641 5757 ait,
1667 5691 1883 5757 factum.
