3740 6294
286 263 425 320 1519

395 376 645 433 Alleluia.
679 375 858 446 Αθρωὶ
876 383 923 429 et
964 373 1260 432 Zachariae.
1298 375 1503 433 PSAL.
1530 375 1747 434 CXLV.

363 491 416 548 1.
449 487 655 554 Lauda,
699 487 879 542 anima
907 500 1050 552 mea,
1084 485 1375 541 Dominum
1400 528 1416 553 ,

361 579 418 633 2.
454 576 708 632 Laudabo
743 573 1029 628 Dominum
1061 574 1114 628 in
1145 574 1252 628 vita
1287 589 1447 629 mea:

364 671 419 725 5.
451 667 685 724 Psallam
729 665 839 720 Deo
874 681 997 720 meo
1026 665 1266 735 quandiu
1305 665 1475 722 lucro.

365 761 420 816 6.
453 759 630 815 Nolite
661 759 934 814 conlidere
967 757 1020 812 in
1063 757 1423 827 principibus,
1479 757 1532 811 in
1589 756 1712 812 ﬁliis
1765 756 1865 810 ho-

298 853 530 920 minum,
563 853 616 906 in
649 851 850 922 quibus
879 864 986 904 non
1025 858 1109 904 est
1137 849 1308 905 salus.

371 941 422 995 5.
460 939 642 995 Exibit
673 938 901 1008 spiritus
935 937 1052 1008 ejus
1073 979 1088 1004 ,

372 1031 426 1087 6.
467 1031 534 1086 Et
563 1039 865 1087 revertetur
899 1030 952 1084 in
994 1038 1193 1083 terram
1224 1043 1400 1084 suam.

375 1125 427 1181 7.
466 1125 524 1180 ln
571 1126 660 1181 illa
689 1125 778 1180 die
825 1124 1080 1196 peribunt
1107 1137 1299 1177 omnes
1328 1119 1683 1191 cogitationes
1728 1119 1867 1190 ejus.

377 1299 430 1357 8.
466 1299 663 1355 Beatus
685 1337 700 1364 ,
731 1296 890 1367 cujus
916 1295 1060 1350 Deus
1093 1293 1260 1349 Iacob
1283 1293 1497 1364 adjutor
1518 1293 1637 1364 ejus
1669 1311 1683 1347 :

377 1391 432 1445 9.
466 1390 601 1461 Spes
630 1390 747 1459 ejus
769 1389 823 1443 in
858 1387 1086 1442 Domino
1111 1386 1222 1440 Deo
1263 1387 1457 1456 ipsius,

382 1482 468 1537 10.
510 1480 612 1546 Qui
647 1479 776 1534 fecit
816 1479 1015 1534 cmlum
1055 1486 1108 1532 et
1143 1485 1379 1542 terram,
1415 1489 1568 1530 mare
1611 1482 1664 1530 et
1693 1474 1876 1528 omnia

309 1589 434 1641 qua:
464 1573 516 1628 in
543 1573 624 1628 eis
653 1580 780 1627 sunt
816 1589 830 1626 :

1130 261 1187 316 S.
1226 258 1598 316 ATHANASII
1631 259 1781 315 OPP.
1823 256 2005 314 PARS
2039 254 2127 312 lll.
2164 287 2235 296 —
2271 251 2681 310 EXEGETICA.

1887 387 1930 443 Α
1972 374 2343 442 Ἁλληλούῖα.
2360 372 2622 443 Ἀγγαίου
2645 367 2743 425 καὶ
2779 367 3096 438 Ζαχαρίου.
3134 370 3304 422 ΨΑΛ.
3335 369 3534 420 PMB.

3390 250 3416 304 1
3427 247 3534 304 ’520

2039 469 2089 524 1.
2130 467 2298 531 Αἴνει,
2331 466 2526 538 ἡψυχὴ
2562 481 2685 536 μου,
2714 462 2806 516 τὸν
2830 461 3056 533 Κύριον,

2035 557 2093 610 2.
2131 554 2338 608 Αἱνέσω
2370 554 2571 626 Κύριον
2600 554 2657 606 ὲν
2679 555 2744 624 τῇ
2775 551 2886 623 ζωῇ
2917 567 3040 621 μουσ

2041 646 2094 702 5.
2133 646 2303 700 Ψαλῶ
2330 645 2406 716 τῷ
2437 645 2554 718 Θεῷ
2595 661 2696 715 μου
2732 643 2838 706 ἓως
2866 641 3114 715 ύπάργω.

2037 736 2092 792 4.
2133 737 2224 809 Μὴ
2253 735 2543 802 πεποίθατε
2569 738 2654 790 ἐπ’
2685 735 2972 806 ἄρχοντας,
3006 733 3099 786 ἐπὶ
3140 731 3210 801 (a)
3260 728 3409 792 υἱοὺς
3443 743 3540 780 ανε-

1972 829 2205 901 Θρώπων
2230 828 2312 896 οἷς
2346 831 2446 886 οὐκ
2469 830 2583 883 ἐστι
2614 828 2874 900 σωτηρία.

2042 921 2096 977 5.
2124 923 2490 987 Ἐξελεύσεται
2515 922 2574 975 τὸ
2605 920 2823 992 πνεῦμα
2851 917 3036 982 αὑτοῦ,

2045 1017 2099 1074 6.
2139 1019 2247 1071 Καὶ
2273 1015 2585 1088 ἐπιστρέψει
2614 1018 2691 1079 εἰς
2713 1014 2810 1085 τὴν
2837 1013 2940 1083 γῆν
2971 1009 3155 1064 αὐτοῦ·

2048 1108 2101 1164 7.
2127 1106 2215 1162 Ἐν
2245 1109 2424 1182 ἐκείνῃ
2458 1112 2524 1181 τῇ
2560 1110 2740 1180 ἡμέρᾳ
2771 1105 3093 1162 ἀπολοῦνται
3127 1102 3325 1166 πάντες
3352 1100 3404 1154 οἱ
3429 1099 3545 1152 δια-

1979 1198 2228 1271 λογισμοὶ
2257 1200 2444 1256 αὐτοῦ.

2052 1291 2105 1346 8.
2143 1292 2444 1364 Μακάριος,
2474 1285 2535 1344 οὗ
2562 1293 2590 1344 6
2619 1289 2750 1353 Θεὸς
2772 1287 2968 1342 Ἰακὼϐ
3000 1285 3191 1358 βοηθὸς
3222 1283 3386 1338 αὑτοῦ
3405 1299 3419 1312 ·

2054 1383 2107 1437 9.
2134 1383 2197 1436 Ἦ
2223 1385 2374 1448 ἐλπὶς
2406 1383 2569 1438 αὑτοῦ
2601 1385 2693 1437 ἐπὶ
2714 1383 2916 1454 Κύριον
2947 1380 3035 1434 τὸν
3060 1379 3191 1432 Θεὸν
3220 1374 3408 1438 αὑτοῦ,

2058 1476 2143 1532 10.
2185 1478 2287 1530 Τὸν
2321 1479 2620 1550 ποιήσαντα
2661 1477 2750 1530 τὸν
2788 1475 3014 1547 οὐρανὸν
3041 1473 3135 1527 καὶ
3166 1471 3264 1542 τὴν
3291 1469 3418 1540 γῆν,
3449 1467 3550 1537 τὴν

1988 1565 2257 1620 θάλασσαν
2281 1569 2374 1621 καὶ
2408 1569 2583 1622 πάντα
2607 1569 2675 1623 τά
2707 1569 2764 1622 ὲν
2796 1568 2976 1629 αὐτοῖς
2995 1585 3008 1596 ·

384 1690 460 1757 (a)
502 1687 651 1743 Vers.
679 1686 733 1741 5.
764 1684 992 1758 Καὶᾼὲπὶ
1016 1683 1201 1758 υἱούς,
1223 1691 1331 1758 etc.
1372 1682 1436 1738 ν.
1472 1683 1525 1738 6.
1569 1681 1956 1750 Ἐξελεύσεται,

2070 1702 2128 1749 3.,
2165 1686 2519 1758 ἀποστρέψει,
2556 1697 2685 1752 etc.,
2733 1701 2906 1755 usque
2940 1684 3005 1739 ad
3053 1681 3241 1736 αὑτοῦ.
3278 1680 3340 1735 ν.
3378 1680 3430 1732 7.
3464 1680 3552 1731 Ἐν

315 1753 518 1831 ³’κείνῃ,
547 1769 672 1821 etc.,
704 1759 752 1809 οἱ
784 1755 1122 1824 διαλογισμοὶ
1145 1753 1342 1808 αὐτῶν.

1449 1867 1822 1922 ATllANASll
1860 1865 2438 1922 INTERPRETATIO.

396 1958 462 2012 Ἦ
487 1956 817 2032 προκειμένη
847 1958 1126 2031 ἐπιγραφὴ
1151 1957 1396 2031 περιέχει
1425 1957 1521 2029 (1)·
1556 1957 1927 2026 Ἀλληλούἲα,
1945 1955 2206 2027 Ἀγγαίου
2239 1956 2336 2010 καὶ
2368 1957 2664 2026 Ζαχαρίου
2683 1975 2697 1988 ο
2724 1954 3062 2024 ἀλληλούὶϊι
3081 1947 3174 2006 οὖν
3195 1952 3553 2022 ἑρμηνεύετ;ι

317 2053 616 2120 αινέσατε,
658 2052 967 2122 ὐμγήσατε
993 2053 1101 2106 τὸν
1140 2050 1284 2104 ὄντα
1323 2051 1502 2104 Θεόνσ
1551 2049 1814 2120 Ἀγγαίου
1862 2049 1919 2102 δὲ
1952 2047 2308 2122 ἑρμηνεύεται
2348 2049 2750 2118 ἐορτὰζοντος·
2783 2047 3080 2117 Ζαχαρίου
3112 2044 3168 2098 δὲ
3198 2042 3558 2116 ἑρμηνεύεται

317 2149 455 2216 νίκη
483 2147 744 2212 λέοντος.
771 2146 1027 2201 Αῐνέσατε
1058 2141 1150 2200 οὖν
1177 2144 1274 2217 τὴν
1307 2145 1500 2217 ἑορτὴν
1523 2145 1630 2200 τῶν
1663 2146 1998 2218 παθημάτων
2021 2147 2113 2199 τοῦ
2146 2147 2360 2210 λέοντος
2383 2145 2477 2200 τού
2509 2145 2753 2218 νικητοῦ,
2772 2142 2946 2216 Ἰησοῦ
2984 2141 3078 2196 τοῦ
3125 2139 3332 2212 Κυρίου
3379 2138 3554 2209 ἡμῶν.

317 2243 409 2296 Διὸ
437 2243 530 2296 καὶ
561 2244 589 2296 6
618 2243 910 2314 Προφήτης
933 2241 1067 2295 αὐτὸ
1089 2239 1248 2292 τοῦτο
1276 2241 1503 2310 ἄρχεται
1529 2240 1615 2294 διά
1647 2241 1739 2294 τού
1771 2241 1950 2310 λέγειν
1969 2257 1984 2272 ο
2017 2243 2200 2306 Atrei,
2235 2243 2273 2310 ἡ
2303 2243 2473 2313 ψυχή
2503 2260 2642 2312 μου.

389 2335 602 2393 Titulus
628 2335 951 2408 prapositus
984 2333 1266 2389 continet:
1301 2331 1568 2399 Alleluia,
1618 2331 1800 2404 Aggwi
1821 2373 1835 2399 ,
1881 2344 1932 2388 et
1983 2333 2299 2389 Zachariaz:
2335 2334 2553 2388 alleluia
2595 2333 2761 2404 igitur
2797 2333 3186 2402 interpretatur
3216 2340 3467 2389 tauaate,
3511 2337 3560 2379 et

322 2429 573 2498 hymnum
596 2427 756 2480 dicite
787 2425 896 2478 Deo
926 2441 1044 2479 vero
1077 2441 1095 2479 :
1131 2424 1312 2496 Aggwi
1349 2433 1529 2478 autem
1561 2424 1950 2494 interpretatur
1994 2426 2182 2494 festum
2225 2427 2425 2497 agentis
2460 2442 2478 2480 :
2511 2423 2790 2479 Zacharia:
2823 2438 2954 2478 vero
2982 2423 3368 2492 interpretatur
3397 2422 3561 2473 victo-

322 2521 419 2573 riae
461 2518 647 2572 leonis.
699 2515 942 2572 Laudate
972 2517 1140 2586 igitur
1172 2515 1372 2571 festum
1400 2516 1671 2586 passionis
1700 2517 1900 2583 leonis,
1933 2519 2028 2589 qui
2075 2518 2360 2577 victoriam
2395 2517 2604 2585 retulit,
2630 2514 2757 2571 Jesu
2790 2513 3007 2570 Domini
3041 2513 3236 2568 nostri.
3272 2507 3564 2581 Propterea

322 2618 377 2665 et
399 2607 669 2678 Propheta
703 2622 770 2663 ex
813 2607 919 2663 hoc
947 2607 1068 2679 ipso
1104 2607 1390 2662 exorditur
1426 2607 1656 2664 dicendo
1688 2626 1703 2665 :
1740 2607 1949 2678 Lauda,
1980 2610 2157 2664 anima
2182 2625 2317 2676 mea,
2351 2616 2457 2664 etc.

395 2705 446 2758 1.
484 2703 696 2760 Laudes
737 2703 930 2775 dignas
961 2704 1196 2774 repende
1235 2703 1468 2760 Domino
1499 2712 1614 2770 tuo,
1641 2707 1736 2777 qui
1767 2707 1890 2762 red-
1919 2720 1956 2775 Β

2070 2707 2111 2760 Ι.
2134 2704 2418 2768 Ἐπαίνους
2449 2703 2629 2771 ἀξίου..
2663 2700 2956 2772 ἀνάπεμπε
2980 2698 3056 2770 τῷ
3081 2697 3328 2772 Δεσπότῃ
3367 2714 3462 2750 σου
3489 2695 3567 2766 τῷ

325 2796 456 2854 emit
492 2805 543 2851 te
575 2796 797 2867 proprio
823 2798 1111 2868 sanguine.

393 2887 448 2952 2,
469 2887 522 2943 5.
544 2885 802 2942 Laudabo
817 2903 963 2956 eum,
978 2889 1151 2943 donec.
1167 2887 1398 2958 accipiat
1414 2887 1665 2958 spiritum
1694 2903 1896 2952 meum,

323 2989 378 3036 et
398 2996 591 3036 rursus
615 2989 904 3052 postquam
935 2981 1208 3036 acceperit
1236 2981 1352 3036 inse
1399 2981 1650 3037 soiritum
1693 2996 1897 3045 meum,

324 3072 438 3129 illic
461 3072 696 3126 laudabo
730 3087 878 3128 eum.

397 3165 450 3220 4.
488 3163 665 3220 Nolite
704 3164 1001 3234 confugere
1048 3165 1116 3220 ad
1165 3163 1428 3219 auxilium
1460 3178 1648 3218 eorum
1670 3205 1685 3231 ,
1719 3163 1810 3234 qui
1844 3164 1901 3219 in

329 3255 662 3311 sublimitate
711 3261 875 3320 sunt,
922 3269 1096 3324 neque
1148 3253 1216 3308 ad
1268 3252 1412 3308 ﬁlios
1457 3253 1775 3318 hominum,
1807 3254 1902 3324 qui

327 3361 440 3403 non
490 3354 723 3417 possunt
772 3359 832 3401 se
876 3345 1027 3416 ipsos
1087 3345 1321 3412 salvare,
1369 3344 1462 3400 sed
1498 3343 1554 3399 in
1595 3345 1746 3400 illum
1779 3361 1902 3416 spe-

326 3449 478 3505 rate,
523 3440 619 3511 qui
662 3439 841 3496 dictus
882 3446 965 3494 est
1013 3437 1186 3494 Filius
1224 3437 1465 3493 hominis
1513 3447 1732 3509 propter
1776 3454 1904 3509 prn-

327 3535 503 3604 priam
533 3530 957 3597 humanitatem,
987 3527 1238 3584 Salvator
1271 3536 1455 3583 autem
1488 3544 1612 3584 cum
1639 3529 1710 3585 sit
1738 3544 1903 3602 gene-

330 3624 408 3679 ris
438 3622 684 3678 humani.

403 3713 464 3778 5,
502 3713 555 3768 6.
615 3711 1056 3784 Uniuscujusque
1116 3712 1356 3768 hominis
1417 3711 1704 3767 morientis
1764 3710 1906 3767 redit

333 3806 638 3862 substantia
671 3805 726 3859 in
756 3813 976 3869 terram,
1009 3820 1080 3859 ex
1128 3820 1234 3874 qua
1279 3814 1495 3874 sumpta
1523 3811 1607 3859 est
1639 3820 1652 3856 :
1685 3803 1776 3857 ille
1802 3819 1903 3856 an-

335 3907 444 3954 tem
482 3897 654 3952 Filius
681 3897 943 3964 hominis,
971 3897 1136 3951 etiam
1167 3906 1460 3966 postquam
1511 3902 1764 3950 mortuus
1800 3893 1906 3948 fuit

335 3998 553 4064 propter
582 4005 702 4056 nos,
731 3998 786 4044 et
816 3990 1170 4059 incorruptus
1192 3989 1491 4058 permansit
1528 3987 1751 4050 urooria
1791 3988 1903 4041 vir-

335 4092 472 4151 tute,
497 4092 552 4138 et
588 4088 832 4137 mortuos
861 4081 1174 4136 viviﬁcavit.

407 4177 460 4230 7.
490 4176 549 4231 ln
571 4176 657 4231 die
675 4174 867 4246 judicii
893 4174 1104 4229 occulta
1124 4172 1405 4227 hominum
1431 4171 1702 4242 judicahit
1732 4171 1899 4236 Deus,

337 4268 722 4325 accusantibus
763 4266 1186 4338 cogitationibus
1236 4279 1684 4336 unumquemque
1718 4265 1785 4320 de
1816 4278 1909 4320 ac-

341 4361 578 4416 tionibus
611 4360 727 4415 suis
751 4361 796 4414 ’.

411 4451 463 4505 8.
500 4451 693 4506 Beatus
728 4449 915 4515 homo,
943 4448 1101 4518 cujus
1131 4447 1510 4518 inseparabilis
1535 4445 1750 4516 adjutor
1788 4446 1909 4517 ejus

344 4550 429 4597 est
449 4542 614 4598 Deus.

412 4632 466 4690 9.
500 4633 568 4687 Et
593 4646 810 4690 omnem
859 4647 1017 4689 suam
1049 4649 1235 4689 curam
1269 4631 1523 4704 projiciet
1552 4632 1608 4687 in
1638 4631 1842 4702 ipsum.

415 4827 504 4885 10.
534 4827 699 4897 Mare,
723 4838 776 4884 et
801 4829 985 4884 omnia
1019 4845 1138 4900 qua:
1167 4830 1221 4884 in
1250 4831 1330 4886 eis
1368 4839 1532 4898 sunt,
1572 4830 1804 4887 Creator
1834 4831 1915 4885 vi«

347 4925 607 4991 sibilium,
638 4934 692 4980 et
731 4924 1088 4980 invisibilium
1114 4927 1382 4980 omnium.

416 5059 438 5091 ’
469 5059 623 5115 Rom.
649 5075 711 5124 ιι,
738 5056 826 5122 15,
858 5057 944 5114 16.

1999 2797 2386 2871 ἐξαγοράσαντί
2421 2814 2480 2850 σε
2506 2796 2584 2868 τῷ
2614 2796 2727 2867 ἰδίῳ
2759 2795 2971 2866 αἵματι.

2065 2890 2121 2958 2,
2155 2891 2208 2944 5.
2231 2889 2551 2960 Ἀνυμνήσω
2591 2886 2753 2940 αὑτὸν
2780 2886 2885 2948 ἕως
2909 2884 2975 2938 ἂν
3001 2882 3219 2954 δέξηται
3253 2880 3314 2934 τὺ
3345 2879 3572 2951 πνεῦμά

2002 2997 2124 3052 μου,
2165 2980 2259 3034 καὶ
2300 2979 2459 3034 πάλιν
2497 2978 2634 3050 μετὰ
2673 2977 2732 3031 τὺ
2772 2975 3026 3041 δέξασθαι
3064 2971 3230 3028 αὑτὸν
3261 2971 3323 3026 τὸ
3353 2970 3575 3042 πνεῦμά

2004 3089 2128 3145 μου,
2154 3073 2268 3126 ἐκεῖ
2295 3072 2588 3142 άνυμνήσω
2615 3070 2797 3124 αὐτόν.

2069 3166 2123 3220 4.
2162 3163 2236 3236 (2)
2270 3165 2360 3238 Μὴ
2395 3163 2736 3232 καταφύγετε
2765 3163 2858 3215 ἐπὶ
2885 3160 2982 3232 τὴν
3020 3159 3270 3231 βοήθειαν
3310 3157 3493 3211 αὐτῶν
3521 3159 3578 3210 ὲν

2001 3259 2238 3332 ὑπεροχῇ
2269 3258 2457 3323 ὄντων,
2503 3256 2635 3329 μηδὲ
2657 3256 2749 3309 ἐπὶ
2788 3254 2938 3318 υἱοὺς
2972 3251 3293 3325 ἀνθρώπων,
3326 3252 3456 3314 τοὺς
3504 3251 3579 3322 μὴ

1999 3353 2327 3424 δυναμένους
2355 3352 2579 3414 ἑαυτοὺς
2605 3349 2807 3404 σῶσαι·
2844 3349 2956 3402 ἀλλ’
2991 3350 3078 3401 ἐπ’
3093 3350 3298 3401 ἐκεῖνον
3321 3345 3583 3399 ἐλπίσατε

2001 3449 2091 3503 τὸν
2121 3447 2410 3518 λεγόμενον
2439 3445 2563 3498 Υῑὸν
2593 3442 2876 3515 ἀνθρώπου
2907 3441 2997 3496 διὰ
3037 3442 3134 3512 τὴν
3164 3439 3369 3494 οἰκείαν
3395 3439 3583 3509 φιλανο

2003 3540 2270 3614 Θρωπίαν,
2294 3537 2520 3609 Σωτῆρα
2549 3536 2605 3589 δὲ
2641 3536 2772 3590 ὄντα
2800 3532 2894 3588 τοῦ
2916 3534 3106 3602 γένους
3125 3531 3230 3585 τῶν
3254 3527 3579 3603 ἀνθρώπιον.

2072 3724 2126 3788 5,
2163 3721 2216 3777 6.
2252 3720 2510 3775 Ἐκάστου
2538 3715 2822 3790 ἀνθρώπου
2852 3714 3274 3786 τελευτήσαντος
3319 3709 3586 3782 ὑποστρέο

2005 3835 2092 3888 φει
2121 3815 2416 3877 ὑπόστασις
2454 3815 2533 3876 εἰς
2560 3812 2658 3882 τὴν
2689 3812 2811 3882 γῆν,
2848 3808 2908 3876 ἐξ
2937 3803 3006 3881 ἧς
3027 3805 3232 3878 ἐλήφθη
3250 3821 3265 3835 ο
3302 3804 3584 3866 ὲκεϊνοςδὲ

2005 3907 2133 3970 Υἱὸς
2164 3904 2259 3960 τοῦ
2287 3903 2596 3977 ἀνθρώπου,
2631 3903 2725 3956 καὶ
2781 3901 2920 3973 μετά
2964 3901 3025 3953 τὸ
3075 3899 3255 3953 Θανεῖν
3305 3895 3475 3950 αὑτὸν
3519 3895 3586 3948 δι’

2007 4004 2174 4072 ἡμᾶς,
2207 4001 2302 4055 καὶ
2353 3997 2626 4070 ἄφθαρτος
2671 3996 2935 4065 διέμεινεν
2990 3991 3168 4064 οἰκείᾳ
3215 3989 3467 4060 δυνάμει,
3495 3991 3588 4042 καὶ

1931 4075 1974 4133 C
2006 4098 2132 4160 τοὺς
2163 4095 2387 4165 νεκροὺς
2417 4092 2800 4162 ὲζωοποίησεν.

2083 4189 2132 4244 7.
2157 4190 2247 4243 ’Ev
2273 4191 2340 4260 τῇ
2374 4187 2558 4260 ἡμέρᾳ.
2594 4185 2696 4257 τῆς
2741 4183 2976 4257 κρίσεως
3017 4183 3085 4236 τὰ
3113 4179 3330 4254 κρυπτά
3350 4178 3462 4232 τῶν
3501 4181 3589 4232 ἀνι

2013 4283 2245 4358 θρὼπων
2275 4285 2451 4356 κρινεῖ
2469 4284 2498 4336 6
2526 4279 2679 4346 Θεὸς,
2703 4274 3155 4349 κατηγορούντων
3185 4273 3289 4328 τῶν
3312 4273 3588 4343 λογισμῶν

2012 4376 2242 4430 ἕκαστον
2272 4375 2348 4448 (5)
2380 4372 2636 4446 περὶτῶν
2669 4371 2844 4444 ἔργων
2875 4367 3060 4424 αὑτοῦ.

2087 4469 2141 4523 8.
2171 4466 2452 4539 Μακάριος
2483 4466 2512 4519 6
2546 4464 2852 4536 ἄνθρωπος,
2909 4452 2970 4514 οὗ
3011 4462 3041 4515 6
3085 4459 3217 4524 Θεὸς
3246 4475 3342 4512 του
3381 4457 3587 4512 ἀπελά-

2026 4577 2150 4613 στου
2185 4556 2534 4630 [ἁπέλαστος]
2569 4555 2761 4626 βοηθὸς
2795 4553 2870 4625 (4)
2898 4551 3064 4608 αὑτοῦ
3089 4553 3257 4606 ἐστιν.

2092 4651 2148 4708 9.
2188 4651 2298 4705 Kal.
2341 4651 2520 4704 πᾶσαν
2547 4647 2645 4719 τὴν
2679 4647 2950 4720 μέριμναν
2987 4642 3150 4699 αὑτοῦ
3195 4640 3473 4713 ἑπιρῤίψει
3506 4639 3592 4694 ἐπ’

2024 4743 2205 4888 αυῖῗέ.
2222 4834 2333 4904 Τὴν
2367 4832 2658 4894 θάλασσαν,
2675 4829 2768 4884 καὶ
2791 4828 2970 4882 πάντα
2994 4827 3061 4880 τὰ
3093 4827 3150 4880 ὲν
3184 4825 3386 4887 αὐτοῖς,
3403 4821 3496 4875 τὸν
3518 4821 3589 4892 (5')

2020 4927 2357 5000 Δημιουργὸν
2381 4926 2487 4980 τῶν
2515 4923 2762 4996 ἀοράτων
2789 4923 2884 4976 καὶ
2911 4919 3119 4993 ὁρατῶν
3145 4918 3380 4972 πάντων.

1187 5173 1492 5236 Addenda
1530 5180 1592 5236 et
1629 5175 2005 5253 corrigenda
2037 5193 2112 5235 ex
2141 5174 2282 5235 cod.
2316 5167 2521 5235 Vatic.

420 5274 495 5344 (1)
521 5275 585 5350 Ἡ
614 5274 709 5350 δεά,
730 5275 829 5346 τῆς
872 5276 1240 5350 κινναδάρεως
1279 5277 1542 5350 περιέχει,
1589 5284 1691 5350 el_c.
1711 5277 1917 5350 ’Ῑξμνή-

355 5343 484 5398 σατε
515 5345 605 5416 τὸν
633 5343 852 5416 Κύριον.
871 5343 1116 5416 Ἀγγέουζ
1148 5354 1251 5400 etc.
1287 5343 1544 5400 Αἰνέσσπε
1590 5343 1702 5409 οὖν,
1747 5343 1920 5416 ὑμνή-

355 5415 840 5494 δαῖε-τὴνέορτὴν,
878 5415 1005 5494 et_c.,
1040 5417 1408 5494 zqivmqrod,
1435 5418 1720 5494 course-ctu
1743 5415 1914 5494 Ἰησοῦ

352 5484 444 5570 τοῦ
478 5483 882 5570 Κυρίουήμῷν,
913 5487 988 5550 ὼς
1016 5487 1109 5540 καὶ
1135 5489 1183 5549 6,
1205 5483 1336 5552 διὰ,
1363 5489 1604 5558 ἄρχεται.
1635 5487 1734 5540 Διὰ
1758 5483 1918 5538 τοῦτο

355 5553 498 5623 λέγει
514 5570 528 5584 ο
561 5553 738 5618 Δῐνει,
751 5553 865 5612 etc.

422 5626 496 5695 (Ξ)
534 5624 603 5678 Ν.
635 5623 690 5710 4;
718 5626 807 5695 Μὴ
838 5628 1183 5696 καταφύγητε
1233 5626 1324 5677 ἐπὶ
1369 5627 1466 5748 την

457 5697 694 5748 ὑπερογη
744 5695 912 5748 ὄντων
984 5697 1048 5748 Ν.
1083 5697 1133 5748 5.
1170 5697 1318 5748 Μηδὲ
1344 5697 1413 5748 ἐπ
1441 5737 1455 5748 .

357 5696 413 5748 ιν
457 5697 694 5773 ὑπεροχῇ
744 5695 912 5748 ὄντων
984 5697 1048 5749 Ν.
1083 5695 1133 5751 5.
1170 5697 1318 5768 Μηδὲ
1344 5695 1455 5758 sui.
1483 5695 1611 5767 etc,
1643 5712 1815 5767 usque
1845 5698 1911 5750 ad

2022 5277 2249 5347 Σωτῆρα
2277 5276 2371 5329 τοῦ
2411 5277 2600 5344 γένους
2628 5265 2746 5347 ,τῶν
2793 5271 3112 5344 ἀνθρώπων.
3146 5284 3212 5324 ιν.
3241 5270 3292 5325 ϐ.
3312 5267 3595 5333 Ἐκάςτου,

2023 5345 2277 5409 ειε.,’καὶ
2309 5347 2584 5418 ἄφθαρτος
2611 5345 2844 5417 ἔμεινεν,
2878 5353 2982 5398 etc.

2095 5419 2171 5486 (5)
2201 5418 2483 5476 Ἐκάστου.
2509 5429 2613 5471 etc.

2095 5485 2170 5557 ('4)
2196 5488 2494 5541 Ἀπλάστου
2523 5487 2650 5540 λαοῦ
2679 5485 2888 5557 βοηθός,
2921 5496 3026 5540 etc.

2211 5560 2278 5615 N.
2317 5559 2402 5612 10.
2447 5559 2638 5628 Incipit
2675 5552 2856 5612 abhis
2887 5557 3083 5624 verbis,
3114 5555 3206 5610 τὸν
3246 5552 3595 5634 δημιουργόν,

1518 5625 1769 5696 βοήθειαν
1809 5627 1914 5678 τῶν
2019 5625 2124 5686 εις,
