3702 6400
191 254 305 309 1321

245 371 325 425 11.
362 369 462 422 Τὸν
490 370 823 438 φυλάσσοντα
849 373 1105 447 ἀλήθειαν
1138 377 1219 440 εἰς
1239 376 1331 430 τὸν
1356 376 1528 431 αἰῶνα
1547 394 1563 410 ·

244 459 324 514 12.
363 459 623 513 Ποιοῦντα
656 464 827 533 κρῖμα
855 464 967 529 τοῖς
992 464 1368 537 ἀδικουμένοις
1388 484 1400 497 ·

241 552 321 606 15.
359 551 579 606 Διδόντα
600 555 802 624 τροφὴν
824 558 935 617 τοῖς
961 557 1209 613 πεινῶσι.

239 643 321 697 14.
358 642 561 714 Κύριος
592 643 706 698 λύει
736 646 1141 718 πεπεδημένους
1160 665 1175 678 ’

240 733 319 787 15.
360 733 562 807 Κύριος
596 740 749 806 σοφοί
774 737 1003 807 τυφλούς
1028 756 1042 769 ο

241 824 319 878 16.
355 824 561 896 Κύριος
594 826 807 899 ἀνορθοῖ
833 831 1336 903 κατερῤαγμένους·

239 915 318 969 17.
357 916 561 987 Κύριος
591 917 781 990 ἀγαπᾷ
806 919 1047 984 δικαίους
1068 938 1082 953 ·

239 1006 318 1063 18.
357 1007 561 1079 Κύριος
591 1009 851 1078 φυλάσσει
872 1011 998 1075 τοὺς
1027 1010 1413 1082 προσηλύτους.

238 1097 317 1151 19.
338 1099 603 1171 Ὀρφανὸν
636 1101 727 1154 καὶ
761 1102 936 1172 χήραν
967 1102 1319 1174 ἀναλήψεται,

235 1188 319 1243 20.
358 1190 467 1242 Καὶ
496 1189 614 1243 ὁδὸν
642 1191 977 1263 ἁμαρτωλῶν
1005 1193 1244 1263 ἀφανιετ.

233 1279 318 1333 21.
358 1279 668 1336 Βασιλεύσει
714 1282 913 1355 Κύριος
955 1285 1034 1347 εἰς
1086 1284 1178 1336 τὸν
1222 1283 1462 1348 αἰῶνα,ὀ
1491 1283 1566 1354 (a)
1596 1283 1727 1349 Θεός

177 1387 259 1424 σου
286 1371 443 1435 Σιὼν,

202 1478 205 1479 ⁷
232 1462 314 1516 22.
353 1464 447 1528 Εἰς
477 1462 667 1533 γενεὰν
697 1465 789 1518 καὶ
827 1466 1040 1534 γενεάν.

171 1553 530 1622 Ἀωηλούϊω
548 1557 815 1627 Ἀγγαίου
844 1557 941 1610 καί
974 1556 1290 1626 Ζαχαρίου.
1327 1558 1497 1610 ΨΑΛ.
1523 1558 1717 1625 FMG".

233 1648 279 1699 1.
318 1648 523 1701 Αἰνεῖτε
547 1647 637 1700 τὸν
670 1646 891 1719 Κύριον,
922 1649 1004 1700 ὃτι
1032 1645 1235 1715 ἀγαθὸν
1261 1645 1472 1717 ψαλμός
1493 1663 1507 1678 ·

1017 254 1125 309 'DE
1163 253 1437 313 TITULIS
1470 254 1917 313 PSALMORUM.
1958 287 2027 299 --
2065 258 2262 315 PSAL.
2305 260 2536 316 CXLVI.

1755 381 1799 436 Α
1898 377 1986 432 11.
2027 376 2131 445 Qui
2156 379 2398 435 custodit
2416 380 2698 436 veritatem
2732 379 2787 434 in
2820 382 3131 439 saeculum:

3252 268 3393 323 1522

1902 470 1989 524 12.
2022 468 2172 525 Facit
2194 471 2462 541 judicium
2486 471 2742 541 injuriam
2775 472 3108 542 patientibus
3140 489 3157 528 :

1903 561 1988 614 15.
2022 560 2124 616 Dat
2156 577 2337 618 escam
2363 563 2753 619 esurientibus.

1901 652 1987 706 14.
2024 651 2288 708 Dominus
2318 653 2481 708 solvit
2512 655 2885 725 compeditos:

1900 741 1987 796 15.
2026 739 2289 797 Dominus
2315 741 2589 797 illuminat
2613 757 2790 799 caecos
2820 760 2836 799 :

1904 830 1987 885 16.
2033 831 2294 888 Dominus
2331 831 2489 902 erigit
2514 833 2680 889 elisos
2715 851 2729 888 :

1902 921 1990 975 17.
2024 920 2290 979 Dominus
2314 922 2491 992 diligit
2512 923 2691 993 justos
2723 943 2737 979 :

1901 1012 1989 1068 18.
2026 1012 2282 1070 Dominus
2314 1015 2555 1070 custodit
2589 1015 2849 1070 advenas.

1901 1103 1991 1158 19.
2020 1102 2311 1173 Pupillum,
2338 1112 2393 1160 et
2421 1104 2640 1159 viduam
2674 1103 2937 1173 suscipiet
2956 1142 2974 1170 ,

1900 1192 1992 1249 20.
2028 1193 2095 1249 Ει
2126 1194 2245 1250 vias
2274 1203 2622 1265 peccatorum
2650 1196 2950 1267 disperdet.

1898 1285 1990 1340 21.
2025 1285 2292 1355 Regnabit
2312 1286 2575 1343 Dominus
2600 1286 2656 1342 in
2693 1287 2890 1343 sazcula
2920 1284 3064 1341 Deus
3086 1293 3213 1341 tuus
3233 1281 3390 1350 Sion,

1894 1459 1986 1515 22.
2022 1460 2079 1514 in
2108 1461 2509 1531 generationem
2541 1471 2597 1517 et
2636 1462 3059 1533 generationem.

1908 1552 2155 1606 Alleluia.
2193 1552 2374 1623 Aggazi
2402 1562 2452 1607 et
2483 1552 2783 1610 Zachariae.
2825 1552 3026 1610 PSAL.
3068 1549 3319 1609 CXLVI.

1895 1644 1947 1698 1.
1984 1642 2226 1698 Laudate
2259 1642 2548 1700 Dominum
2569 1686 2586 1712 ,
2629 1646 2890 1717 quoniam
2912 1645 3114 1701 bonum
3144 1652 3228 1700 est
3254 1643 3398 1713 psal—

1824 1748 1949 1789 IDUS
1990 1751 2005 1786 ε

231 1851 303 1920 ια)
342 1848 494 1905 Vers.
524 1849 686 1904 22.1)
720 1848 851 1915 Θεὸς
886 1867 1003 1915 σου,
1034 1857 1165 1916 etc.,
1207 1865 1381 1920 usque
1409 1849 1477 1905 ad
1509 1850 1603 1904 καὶ
1635 1849 1849 1920 γενεάν.

1262 1983 1645 2040 ATHANASII
1686 1984 2272 2042 INTERPRETATIO.

229 2100 287 2154 11
300 2141 313 2155 .
353 2099 457 2153 Τὸν
481 2098 687 2170 ἀψευδῆ
699 2099 829 2154 Θεὸν
847 2098 937 2153 τδν
956 2099 1293 2172 φρουροῦντα
1309 2102 1485 2155 πᾶσαν
1504 2103 1728 2174 καρδίαν

1899 2103 1985 2157 11.
2022 2102 2127 2169 Qui
2157 2117 2321 2158 verax
2357 2099 2501 2157 Deus
2536 2106 2620 2157 est
2664 2101 2980 2157 custodiens
3007 2102 3176 2157 corda
3212 2103 3396 2160 omnia

164 2192 265 2246 τῶν
286 2190 454 2261 ἁγίων
478 2190 667 2246 αὐτοῦ.

230 2283 310 2336 12.
348 2283 610 2336 Ποιοῦντα
648 2282 920 2353 ἐκδίκησιν
965 2281 1059 2336 καὶ
1102 2284 1159 2335 ὲν
1187 2280 1263 2352 τῷ
1293 2281 1409 2347 νῦν,
1442 2284 1536 2337 καί
1567 2284 1627 2337 ὲν
1648 2284 1727 2355 τῷ

165 2374 399 2445 μέλλοντι
434 2374 590 2429 αἰῶνι
618 2378 732 2438 τοῖς
765 2373 1277 2445 καταπονουμένοις,
1310 2373 1344 2446 ἢ
1379 2374 1483 2427 ὑπὸ
1514 2374 1724 2448 ἀνθρώ⁴

159 2484 291 2533 πων,
311 2470 345 2540 ἢ
373 2468 477 2522 ὑπὸ
504 2469 617 2521 τῶν
643 2469 899 2523 ἐναντίων
923 2469 1223 2540 δυνάμεων.

224 2560 311 2617 15.
336 2539 412 2614 Τὸ
437 2561 535 2632 μὲν
565 2561 728 2615 ἰδικδν
756 2561 911 2632 δῆλόν
940 2539 1107 2626 ἐστιν,
1124 2563 1207 2615 ὅτι
1228 2559 1388 2624 αὐτὸς
1409 2559 1597 2633 τρέφει
1617 2562 1724 2615 πᾶ-

158 2638 253 2706 σαν
276 2653 454 2724 σάρκα
479 2670 494 2685 ο
526 2655 676 2723 ὅμως
700 2653 756 2706 δὲ
782 2653 858 2722 (1)
884 2653 979 2706 καὶ
1000 2653 1155 2706 τοῦτο
1179 2652 1484 2725 θεωρεῖται,
1510 2654 1592 2706 ὅτι
1615 2655 1726 2718 τοῖς

156 2746 373 2801 ποθοῦσι
399 2748 500 2818 τὴν
531 2746 691 2819 χάριν
715 2744 881 2800 αὑτοῦ
917 2745 1183 2809 πλουσίως
1212 2745 1380 2817 αὐτὴν
1412 2746 1658 2817 παρέχει.

218 2921 308 2976 ﬂ.
346 2921 484 2985 Τοὺς
515 2920 973 2991 συνεσφιγμένους
1001 2920 1106 2974 ὑπὸ
1137 2919 1244 2973 τῶν
1274 2919 1417 2974 ἰδίων
1447 2920 1519 2992 (2)
1545 2921 1724 2994 ἀμαρ-

153 3011 275 3066 τιῶν
307 3012 636 3066 ἀπαλλάττει
663 3012 860 3075 αὐτοὺς
888 3012 977 3066 διὰ
1003 3014 1101 3085 τῆς
1120 3013 1341 3084 χάριτος
1369 3014 1556 3069 αὐτοῦ.

217 3103 306 3158 15.
336 3103 475 3166 Τοὺς
498 3102 927 3173 πεπηρωμένους
959 3104 1036 3174 (5)
1063 3105 1160 3175 τὴν
1178 3104 1415 3159 διάνοιαν
1443 3108 1596 3174 σοφοῖ
1624 3105 1723 3160 αύ-

149 3196 289 3259 τοὺς,
322 3197 385 3248 ού
432 3196 532 3267 τὴν
581 3197 773 3263 σοφίαν
815 3194 910 3249 τοῦ
949 3196 1153 3267 κόσμου
1193 3197 1404 3262 τούτου,
1440 3197 1573 3251 ἀλλά
1621 3199 1718 3269 τὴν

148 3287 400 3359 ἀνίκητον
428 3285 727 3359 [ἀκίνητον]
759 3288 852 3340 καὶ
877 3286 1248 3358 ἀτελεύτητον.

214 3377 300 3434 16.
349 3377 554 3448 Κύριος
589 3377 854 3450 ἀνεγείρει
885 3379 1012 3442 τοὺς
1043 3377 1453 3441 καταπεσόντας
1495 3380 1552 3432 ἐν
1598 3381 1717 3442 ταῖς

146 3468 462 3540 ἁμαρτίαις.

209 3561 235 3613 1
247 3561 473 3614 7.”Ωστε
491 3560 583 3612 καὶ
598 3557 695 3629 τὴν
709 3557 887 3629 ψυχὴν
899 3558 1064 3612 αὑτοῦ
1082 3558 1160 3629 (1)
1181 3558 1350 3613 θεῖναι
1367 3559 1506 3631 ὑπὲρ
1521 3558 1718 3613 αὐτῶν.

208 3652 298 3706 18.
340 3653 480 3715 Τοὺς
528 3651 967 3722 προσφεύγοντας
1001 3650 1149 3722 αὐτῷ
1201 3651 1387 3705 σκέπει
1426 3653 1492 3723 τῇ
1542 3651 1721 3722 χάριτι

138 3756 327 3796 αυτου.

205 3833 294 3888 19.
339 3832 415 3885 Τὸ
468 3832 567 3902 μὲν
610 3830 804 3884 εἰδικδν
834 3829 990 3903 δῆλόν
1024 3832 1192 3897 ἐστιν,
1249 3833 1329 3886 ὅτι
1369 3830 1600 3901 ὀρφανὸν
1627 3831 1721 3884 καὶ

132 3927 304 3995 χήραν
341 3921 780 3993 ἀναλαμϐάνεται
802 3937 817 3952 ·
865 3924 995 3996 περί
1033 3924 1088 3977 δὲ
1120 3923 1213 3976 τοῦ
1244 3923 1523 3977 νεανίσκου
1550 3922 1717 3991 λέγει,

132 4009 189 4068 οὗ
217 4015 524 4085 ἀνέστησεν
557 4015 586 4065 ὁ
613 4011 814 4083 Κύριος
858 4015 916 4066 ἐν
957 4017 1022 4084 τῇ
1065 4010 1223 4078 Ναῒν,
1258 4011 1354 4065 καὶ
1392 4012 1490 4084 τῆς
1529 4010 1716 4065 τούτου

133 4107 448 4245 μηέἕξξιξαί
494 4189 673 4242 πᾶσαν
705 4188 802 4259 τὴν
835 4190 1149 4263 ἐπιθυμίαν,
1199 4191 1295 4246 καὶ
1334 4189 1432 4260 τὴν
1480 4188 1717 4259 ἀπάτην,

125 4284 219 4336 καὶ
248 4284 352 4355 τὴν
382 4280 731 4337 διδασκαλίαν
761 4280 867 4335 τῶν
890 4283 1165 4355 ἀρχόντων
1191 4284 1286 4337 τοῦ
1314 4282 1505 4344 αἰῶνος
1528 4280 1717 4334 τούτου

128 4375 467 4430 συντελέσει.

192 4467 285 4533 21,
314 4468 412 4520 22.
460 4464 539 4535 (5)
575 4462 967 4535 Ἀτελευτήτως
1006 4466 1036 4517 ὁ
1076 4462 1208 4528 Θεός
1264 4480 1355 4516 σου
1389 4468 1420 4533 ὴ
1472 4460 1582 4515 ἄνω
1625 4461 1718 4514 Ἰε-

123 4560 437 4631 ρουσαλὴμ,
465 4555 595 4611 ἔνθα
626 4556 685 4609 τὸ
709 4557 1023 4627 ἐπουράνιον
1047 4556 1429 4626 θυσιαστήριον
1457 4553 1714 4624 ὑπάρχει·

118 4654 281 4707 Σιὼν
309 4653 428 4723 γὰρ
463 4648 825 4722 ἑρμηνεύεται
859 4651 1038 4716 τόπος
1061 4649 1214 4702 ὅπου
1246 4649 1285 4715 ἡ
1315 4645 1538 4715 σκηνὴ,
1560 4662 1715 4699 τουτ-

118 4743 269 4798 έστιν
297 4747 440 4798 ὅπου
476 4743 542 4796 τὸ
570 4741 884 4812 ἐπουράνιον
918 4740 1322 4813 θυσιαστήριον.

1828 2202 2140 2252 sanctorum
2176 2209 2343 2250 81101⁵11
2351 2208 2400 2248 m
2410 2235 2424 2249 .

1898 2283 1985 2340 12.
2014 2282 2341 2346 Vindicans,
2385 2291 2441 2339 et
2468 2281 2524 2337 in
2562 2281 2849 2354 praesenti,
2884 2290 2938 2340 et
2976 2283 3029 2338 in
3065 2283 3249 2340 futuro
3292 2302 3396 2342 sae-

1825 2376 1949 2431 culo
2005 2374 2257 2439 afﬂictos,
2297 2382 2393 2430 aut
2439 2374 2508 2429 ab
2537 2374 2884 2439 hominibus.
2916 2384 3010 2431 aut
3034 2391 3065 2431 ει
3100 2379 3393 2434 contrariis

1824 2465 2215 2537 potestatibus.

1895 2558 1983 2613 15.
2012 2557 2274 2630 Proprias
2293 2557 2514 2628 quidem
2542 2571 2739 2613 sensus
2762 2556 3087 2614 manifestus
3103 2568 3207 2624 est,
3246 2560 3388 2631 quod

1826 2649 1944 2720 ipse
1980 2664 2201 2704 omnem
2231 2663 2451 2703 carnem
2476 2648 2571 2703 alit
2599 2665 2612 2702 :
2639 2658 3013 2705 verumtamen
3036 2650 3087 2704 id
3105 2651 3393 2721 allegorice

1822 2738 1986 2794 etiam
2020 2739 2286 2809 explicari
2348 2747 2564 2808 potest,
2619 2738 2763 2807 quod
2801 2738 3235 2796 desiderantibus
3265 2757 3391 2811 gra-

1824 2832 1953 2886 tiam
1979 2846 2134 2887 suam
2168 2831 2510 2887 abundanter
2551 2831 2724 2901 ipsam
2755 2832 2993 2887 exhibet.

1894 2921 1981 2975 14.
2021 2920 2363 2977 Constrictos
2404 2937 2434 2975 a
2480 2921 2716 2992 propriis
2767 2922 3005 2992 peccatis
3055 2922 3251 2978 liberat
3295 2938 3390 2979 eos

1822 3012 1994 3083 gratia
2017 3028 2139 3069 sua.

1891 3103 1979 3158 15.
2028 3103 2204 3160 Mente
2248 3111 2552 3161 excaecatos
2604 3104 2881 3174 sapientes
2930 3105 3106 3159 reddit
3132 3120 3246 3170 eos,
3280 3121 3388 3160 non

1820 3196 2085 3266 sapientia
2111 3196 2275 3266 hujus
2315 3195 2541 3263 mundi,
2573 3196 2668 3252 sed
2715 3195 3077 3266 insuperabili
3109 3195 3389 3268 [immuta-

1816 3284 1937 3358 bili]
1977 3298 2030 3340 et
2066 3295 2290 3341 aeterna.
2866 3310 2871 3315 ί

1889 3375 1985 3430 16.
2015 3375 2279 3434 Dominus
2313 3376 2475 3450 erigit
2499 3392 2683 3448 lapsos
2706 3378 2760 3432 in
2795 3387 3040 3449 peccata.

1901 3566 1989 3621 17.
2023 3566 2175 3625 Adeo
2205 3577 2265 3623 ut
2293 3577 2348 3624 et
2375 3571 2616 3626 animam
2656 3587 2808 3627 suam
2839 3588 2938 3642 pro
2962 3573 3094 3642 ipsis
3123 3574 3382 3642 posuerit.

1897 3657 1984 3712 18.
2019 3658 2408 3730 Conlugientes
2437 3661 2504 3716 ad
2537 3662 2715 3731 ipsum
2743 3663 2980 3733 protegit
3000 3663 3172 3733 gratia
3194 3678 3314 3718 sua.

1894 3835 1981 3890 19.
2017 3835 2226 3893 Sensus
2246 3836 2465 3908 quidem
2493 3840 2749 3911 proprius
2772 3841 3094 3896 manifestus
3116 3849 3219 3905 est,
3240 3841 3385 3910 quod

1825 3926 2013 3995 pupilli
2052 3936 2107 3983 et
2146 3929 2324 3983 vidua:
2344 3944 2533 3986 curam
2565 3933 2832 4002 suscipit:
2866 3933 3156 4004 allegorice
3207 3941 3388 3988 autem

1823 4014 2062 4084 loquitur
2105 4018 2172 4074 de
2216 4019 2451 4089 juvene,
2497 4038 2660 4092 quem
2707 4023 2966 4081 Dominus
3004 4024 3286 4080 suscitavit
3332 4025 3385 4079 in

1824 4109 1959 4163 urbe
1981 4108 2141 4176 Nain,
2165 4119 2220 4166 et
2247 4113 2313 4167 de
2334 4113 2481 4170 illius
2505 4124 2703 4173 matre.

1892 4198 1983 4253 20.
2020 4199 2084 4253 Et
2112 4216 2326 4257 omnem
2351 4206 2848 4274 concupiscentiam
2872 4247 2889 4271 ,
2935 4215 2989 4261 et
3011 4206 3384 4275 deceptionem

1822 4294 1878 4340 et
1911 4287 2213 4344 doctrinam
2240 4290 2548 4361 principum
2579 4294 2740 4366 hujus
2769 4295 2951 4350 saeculi
2974 4295 3245 4353 conficiet.

1892 4462 1984 4528 21,
2007 4461 2095 4515 22.
2122 4461 2183 4516 in
2205 4471 2469 4518 aeternum
2495 4462 2637 4520 Deus
2663 4441 2789 4520 tuus
2812 4479 3048 4534 superna
3062 4462 3385 4532 Jerusalem,

1821 4553 1912 4608 ubi
1945 4554 2335 4623 supercmleste
2375 4555 2546 4610 altare
2574 4554 2790 4611 exsistit
2822 4569 2838 4608 :
2870 4553 2996 4610 Sion
3030 4556 3176 4610 enim
3222 4556 3388 4611 inter-

1819 4652 2061 4714 pretatur
2100 4643 2245 4698 locus
2300 4645 2390 4698 ubi
2419 4644 2849 4710 tabernaculum,
2888 4647 2992 4702 hoc
3027 4656 3112 4700 est
3148 4648 3239 4702 ubi
3295 4664 3387 4703 su-

1750 4754 1794 4809 n
1821 4735 2140 4807 percteleste
2162 4735 2350 4792 altare.

198 4859 268 4912 Ἡ
309 4855 660 4931 προκειμένη
694 4857 971 4928 ἐπιγραφὴ
1005 4855 1246 4928 περιέχει
1275 4853 1371 4925 (6)”
1413 4852 1783 4920 Ἀλληλούῖα,
1835 4849 2098 4921 Ἀγγαίου
2131 4850 2229 4903 καί
2258 4850 2588 4918 Ζαχαρίοιν
2613 4851 2949 4918 (Lundonia
2976 4846 3069 4905 οὖν
3092 4850 3386 4922 ἑρμηνεύε-

187 4945 424 5001 Titulus
453 4944 780 5015 praapositus
815 4946 1056 5001 continet
1086 4962 1101 4997 :
1134 4944 1364 4998 Alleluia
1384 4982 1399 5007 ,
1431 4943 1609 5013 Aggwi
1629 4982 1645 5006 ,
1683 4952 1733 4995 et
1760 4940 2040 4995 Zacharia:
2072 4955 2091 4993 :
2117 4940 2334 4994 alleluia
2372 4943 2537 5012 igitur
2561 4942 2947 5013 interpretatur
2972 4945 3089 4996 laus
3146 4955 3194 4996 et
3232 4943 3385 5012 hym-

184 5035 242 5092 1.
286 5038 513 5089 Αἰνεῖτε
554 5032 645 5085 τὸν
691 5032 911 5105 Κύριον,
942 5037 1023 5090 ὅτι
1065 5035 1164 5106 ἡδὺ
1209 5034 1287 5105 τῷ
1337 5033 1458 5104 Θεῷ
1491 5032 1550 5086 τὸ
1582 5031 1723 5103 ψάλ-

112 5128 169 5181 λε
179 5147 229 5182 ιν
264 5129 352 5200 (7)
390 5125 569 5197 αὐτῷ.

1899 5033 1951 5085 1.
1986 5030 2228 5087 Laudate
2272 5030 2606 5099 Dominum,
2653 5034 2912 5105 quoniam
2955 5033 3256 5104 jucundum
3306 5040 3384 5088 est

1830 5121 1960 5188 Deo,
1991 5130 2050 5176 ut
2073 5124 2176 5193 ipsi
2197 5124 2482 5193 psallatur.

1016 5236 1320 5301 Addenda
1350 5244 1415 5300 et
1449 5234 1823 5313 corrigenda
1855 5252 1931 5295 ex
1964 5237 2102 5297 cod.
2136 5236 2342 5299 Vatic.

184 5338 205 5405 ί
214 5338 265 5407 1)
309 5338 389 5391 Δέ
420 5336 598 5407 deest.

181 5405 267 5479 (2t
298 5407 483 5461 Ἰδίων
520 5405 692 5479 deest.

179 5473 264 5550 (5)
305 5475 882 5550 Πεπορωμένουςλιθε.
911 5475 1122 5530 videtur
1154 5473 1603 5543 πεπηρωμένους.

179 5545 265 5619 (4)
310 5546 519 5619 Αὐτῶν
532 5545 685 5619 .-1εεῖ
712 5545 895 5619 αὑτοῦ.

178 5609 263 5693 (ὅᾷ
306 5618 386 5671 Ν.
438 5609 960 5685 21.’Ᾱτελευτήτως.
998 5613 1065 5669 Ν.
1107 5610 1199 5667 22.
1233 5613 1290 5665 '0
1336 5610 1468 5675 Θεὸς
1506 5612 1539 5681 ἡ
1581 5609 1713 5675 ἀνω,

460 5709 735 5767 Ρλτηοι.
766 5707 883 5766 Gn.
922 5702 1181 5764 XXVII.

1824 5341 1954 5397 etc.,
1983 5334 2255 5387 τουτέστιν
2282 5336 2462 5399 τόπος,
2492 5337 2647 5401 ὅπου,
2672 5345 2776 5390 etc.

1898 5402 1972 5477 g6)
2003 5403 2067 5456 Ἠ
2105 5404 2193 5477 διά
2223 5401 2322 5472 τῆς
2356 5405 2719 5477 κινναϐάρεως
2748 5405 3010 5477 περιέχει,
3041 5412 3172 5465 etc.,
3203 5404 3383 5477 έρμης

1825 5470 2035 5547 videant
2080 5470 2530 5547 μνήμηΚυρίου,
2566 5470 2698 5543 etc.,
2737 5470 3120 5546 αἶνος,”ὖμνος
3160 5470 3383 5544 τῷίθεᾶἒ

1822 5541 1900 5613 τῷ
1935 5542 2059 5614 ρντι
2071 5541 2237 5614 παρά,
2254 5541 2370 5598 ἐιο.

1893 5613 1970 5683 (7)
2010 5613 2209 5680 Ψάλαι,
2241 5621 2347 5671 em.

3070 5709 3145 5775 12
