3740 6294
364 266 504 324 1325

429 384 485 439 2.
519 383 630 439 Deo
659 393 847 440 nostro
875 383 945 439 sit
967 383 1209 455 jucunda
1243 384 1507 440 laudatio.

429 477 485 530 5.
519 473 818 531 Ediﬁcans
845 471 1143 530 Jerusalem
1173 474 1432 530 Dominus
1467 491 1482 529 :

429 568 484 623 4.
519 567 891 638 Dispersiones
917 567 1130 622 lsraelis
1155 567 1522 638 congregabit.

427 660 480 714 5.
510 657 614 726 Qui
643 666 800 713 sanat
829 659 1094 713 contritos
1129 657 1324 722 corde;

427 749 478 805 6.
511 749 576 805 Et.
612 749 797 820 alligat
825 749 1180 805 contritiones
1206 763 1414 812 eorum,

425 842 485 898 7.’
514 841 617 909 Qui
649 851 900 898 numerat
926 841 1326 896 multitudinem
1359 841 1636 897 stellarum
1659 882 1674 907 ,

427 929 477 986 8.
512 931 578 988 Et
609 932 862 988 omnibus
900 931 980 987 eis
1013 931 1230 986 nomina
1264 939 1439 986 vocat.

1163 266 1221 322 S.
1262 263 1640 330 ATHANASII
1677 263 1827 322 OPP.
1869 264 2049 322 PARS
2087 266 2172 322 Ill.
2219 297 2285 308 —
2326 267 2739 326 EXEGETICA.

1957 393 2001 449 Α
2094 385 2149 440 2.
2187 385 2304 457 Θεῷ
2330 385 2576 458 ήδυνθείη
2599 386 2820 450 αἴνεσις.

3451 272 3587 333 £534

2096 479 2150 533 5.
2189 478 2496 549 Οίκοδομῶν
2535 477 2886 550 Ἰερουσαλὴμ
2907 478 2935 532 ὁ
2961 476 3188 550 Κύριος·

2090 571 2144 625 ὅ.
2184 571 2293 634 Τὰς
2326 571 2622 641 διασπορὰς
2650 569 2744 623 τοῦ
2773 569 2992 642 Ἰσραὴλ
3017 569 3348 637 ἐπισυνάξει.

2091 660 2143 714 5.
2190 661 2246 714 Ὀ
2279 660 2500 731 ἰώμενος
2529 661 2653 724 τοὺς
2678 659 3165 732 συντετριμμένους
3190 661 3288 730 τὴν
3330 659 3582 733 καρδίανο

2007 738 2018 753 ”
2090 751 2142 804 6.
2179 751 2286 805 Καὶ
2307 751 2582 823 δεσμεύων
2613 751 2684 805 τὰ
2707 752 3088 824 συντρίμματα
3107 751 3305 806 αὐτῶν.

2092 843 2146 894 7.
2189 841 2250 896 'O
2275 841 2520 914 ἀριθμῶν
2546 843 2725 914 πλήθη
2747 843 2959 914 ἄστρων
2978 881 2992 904 ,

2092 931 2145 985 8.
2181 932 2290 986 Kal
2320 933 2483 986 πᾶσιν
2505 933 2687 997 αὐτοῖς
2715 931 2952 1003 ὀνόματα
2979 929 3177 987 καλῶν.

1472 1075 1847 1132 ATHANASII
1883 1077 2468 1140 INTERPRETATIU.

358 1241 444 1278 ται
470 1217 636 1287 αἶνος
666 1219 761 1274 καὶ
799 1219 1020 1288 ὕμνοςο
1047 1217 1310 1288 Ἀγγαίου
1341 1216 1397 1269 δὲ
1427 1216 1784 1287 ἑρμηνεύεται
1812 1215 2187 1286 ἑορτάζων-τος
2207 1237 2220 1252 ’
2251 1224 2544 1292 Ζαχαρίου
2572 1223 2628 1277 δὲ
2684 1223 3040 1295 ἑρμηνεύεται
3066 1224 3309 1295 μνήμης
3339 1223 3580 1297 Κυρίου.

346 1320 548 1391 ’Σαφῶς
574 1318 666 1375 οὖν
694 1316 850 1371 τοῦτο
880 1316 1044 1386 λέγει,
1076 1311 1222 1378 αἶνος
1246 1313 1339 1368 καὶ
1373 1312 1539 1384 ὕμνος
1560 1311 1639 1382 τῷ
1668 1311 1780 1366 ὄντι
1809 1313 1928 1384 Θεῷ
1966 1317 2116 1387 παρὰ
2142 1317 2235 1371 τοῦ
2265 1319 2611 1392 ἑορτάζοντος
2637 1320 2766 1374 λαοῦ
2803 1321 2898 1392 τὴν
2935 1323 3154 1394 μνήμην
3180 1324 3287 1377 τῶν
3329 1324 3582 1396 παθημά·

355 1435 462 1472 των
484 1418 667 1472 αὑτοῦ.
726 1433 730 1437 ‘

356 1528 455 1564 nus
484 1527 502 1566 :
527 1510 705 1581 Aggwi
744 1519 922 1564 autem
978 1505 1163 1574 festum
1183 1503 1389 1573 agentis
1419 1515 1436 1552 :
1469 1499 1746 1555 Zachariae
1769 1509 1946 1555 autem
1989 1502 2375 1576 interpretatur
2411 1507 2678 1562 memoria:
2705 1507 2937 1562 Domini.
2967 1509 3163 1580 Aperte
3191 1510 3355 1583 igitur
3384 1513 3488 1567 hoc
3514 1513 3583 1567 si-

347 1606 595 1678 gniﬁcat,
626 1605 744 1657 laus
775 1615 828 1657 et
856 1603 1090 1671 hymnus
1119 1597 1228 1652 Deo
1273 1611 1405 1649 vero
1439 1609 1469 1649 a
1503 1594 1735 1664 populo,
1763 1595 1854 1666 qui
1891 1595 2090 1655 festum
2121 1601 2233 1673 agit
2266 1603 2545 1659 memoriae
2575 1605 2848 1675 passionis
2872 1606 3011 1677 ejus.

423 1719 478 1774 Ξ.
509 1716 870 1772 Delectahitur
896 1714 1038 1768 enim
1072 1709 1384 1781 hujusmodi
1408 1709 1573 1764 laude
1606 1709 1771 1765 Deus.

421 1810 478 1864 3.
506 1805 802 1861 Jerusalem
843 1805 1227 1872 interpretatur
1259 1801 1390 1854 visio
1431 1801 1802 1870 pacis,,quale
1836 1810 1919 1856 est

353 1913 449 1954 cor
482 1896 679 1951 fidele:
712 1893 925 1964 singula
976 1891 1141 1962 igitur
1189 1889 1503 1958 hujusmodi
1544 1890 1708 1944 corda
1757 1889 1920 1945 aedifi-

306 2021 308 2024 ν
353 2000 443 2046 cat
474 1988 757 2044 Dominus.
817 1983 1300 2040 Verumenimvcro
1347 1996 1636 2051 supernam
1701 1979 1919 2036 Jerusa-

353 2084 457 2138 lem
490 2084 604 2152 ipse
629 2078 952 2146 aediﬁcavit;
1001 2086 1055 2132 et
1085 2075 1375 2131 multitudo
1419 2076 1737 2146 angelorum
1784 2077 1919 2131 dici-

356 2186 442 2229 tur
493 2173 791 2228 Jerusalem
817 2211 832 2236 ,
877 2180 932 2224 et
967 2169 1225 2224 omnibus
1256 2167 1608 2223 manifestum
1635 2175 1738 2233 est,
1771 2169 1916 2237 quod

354 2267 470 2335 ipse
495 2279 590 2319 eos
621 2262 850 2317 aediﬁcat
878 2261 1102 2314 domum
1149 2258 1525 2329 spiritualem,
1557 2258 1916 2328 quemadmo-

352 2358 482 2412 dum
506 2355 682 2426 inquit
709 2353 991 2424 apostolus
1021 2353 1086 2406 ¹⁰.

421 2449 474 2502 4.
509 2447 762 2517 Dispersa
795 2445 1038 2500 membra
1063 2453 1402 2508 sanctorum,
1425 2443 1530 2497 hoc
1555 2449 1640 2497 est
1663 2440 1913 2512 populos,

352 2541 444 2610 qui
468 2555 534 2594 ex
565 2537 767 2592 Judaais
793 2546 955 2602 sunt,
984 2545 1038 2592 et
1078 2535 1174 2606 qui
1211 2550 1284 2591 ex
1317 2533 1590 2604 gentibus,
1617 2547 1916 2603 congrega-

353 2632 432 2686 hit
455 2644 550 2700 per
573 2629 884 2700 passionem
909 2644 1088 2684 suam.
1113 2628 1292 2682 Aliam
1319 2626 1485 2682 etiam
1513 2625 1917 2694 interpretatio-

353 2737 476 2776 nem
522 2721 685 2790 hujus
712 2735 902 2775 versus
931 2719 1130 2774 dicam.
1185 2717 1354 2773 Israel
1400 2717 1786 2786 interpretatur
1839 2716 1915 2768 ui-

351 2813 476 2866 dens
527 2811 694 2867 Deum
729 2827 749 2866 :
789 2813 988 2866 mentis
1028 2810 1190 2881 igitur
1225 2809 1460 2866 videntis
1516 2824 1642 2863 eum
1695 2821 1914 2861 omnem

343 2905 713 2975 captivitatem
742 2903 1127 2973 COngregabit,
1175 2910 1230 2956 et
1263 2901 1318 2956 in
1355 2916 1509 2956 suam
1560 2900 1787 2955 liberam
1820 2912 1917 2968 po-

345 3006 598 3053 testatem
635 2997 808 3066 ipsam
851 2997 1117 3050 restituet.
1713 2984 1722 2996 “

1947 1699 1990 1755 Β
2086 1717 2140 1771 2.
2181 1717 2554 1789 Τερφθήσεται
2580 1721 2688 1792 γὰρ
2709 1721 2801 1773 ἑπὶ
2820 1724 2886 1792 τῇ
2915 1719 3134 1792 τοιαύτῃ
3161 1720 3362 1774 αἰνέσει
3386 1724 3414 1776 ὁ
3435 1722 3580 1788 Θεός.

2084 1809 2137 1863 5.
2166 1809 2548 1880 Ἰερουσαλὴμ
2615 1812 2972 1884 ἑρμηνεύεται
3035 1813 3242 1882 ὅρασις
3303 1813 3581 1892 ε’ζρήνιης·ν

2016 1897 2151 1968 ὅπερ
2185 1898 2418 1969 ὑπάρχει
2459 1900 2655 1971 καρδία
2702 1905 2865 1972 πιστή
2893 1920 2906 1934 ο
2954 1903 3190 1974 ἑκάστην
3217 1898 3310 1957 οὖν
3335 1904 3582 1974 τοιαύτην

2017 1987 2240 2058 καρδίαν
2273 1990 2544 2061 οἰκοδομεί
2586 1995 2613 2046 ὁ
2643 1992 3061 2068 Κύριοςξομως
3108 1993 3166 2046 δὲ
3210 1993 3285 2064 (1)
3333 1993 3431 2064 τὴν
3475 1994 3582 2048 ἄνω

2027 2080 2380 2154 Ἰερουσαλὴμ
2423 2083 2582 2146 αὐτὸς
2620 2083 3037 2155 ἐδημιούργησε,
3073 2085 3166 2138 xal.
3211 2085 3272 2138 τὸ
3300 2085 3499 2157 πλῆθος
3529 2087 3582 2139 δὲ

2015 2171 2122 2224 τῶν
2146 2173 2391 2240 ἀγγέλων
2415 2173 2629 2242 λέγεται
2658 2176 3027 2247 Ἰερουσαλὴμ,
3051 2177 3144 2230 καὶ
3171 2177 3324 2248 δῆλόν
3345 2179 3458 2230 ἑστι
3480 2180 3582 2231 πᾶ-

2018 2278 2090 2324 σι,
2120 2262 2310 2332 ὅτιπερ
2339 2262 2496 2326 αὐτὸς
2519 2262 2712 2326 αὐτοὺς
2732 2263 3003 2335 οἰκοδομεί
3023 2259 3170 2318 οἷκον
3197 2264 3581 2336 πνευματικὸν,

2016 2349 2193 2414 καθὼς
2225 2350 2301 2422 (2)
2332 2347 2484 2404 εἶπεν
2512 2350 2889 2415 ὁἈπόστολος.

2084 2443 2137 2497 4.
2179 2441 2258 2496 Τὰ
2289 2443 2744 2514 διεσκορπισμένα
2793 2442 2928 2514 μέλη
2976 2441 3085 2498 τῶν
3128 2443 3317 2513 ἁγίων,
3341 2443 3584 2498 τουτέστι

2014 2534 2138 2597 τοὺς
2187 2534 2246 2600 ἑξ
2286 2535 2550 2589 Ἰουδαίων
2587 2534 2775 2598 λαοὺς,
2836 2535 2929 2589 καὶ
2973 2535 3096 2600 τοὺς
3133 2535 3192 2600 ἑξ
3233 2536 3433 2602 ἑθνῶν,
3465 2539 3583 2589 ὲπι-

2017 2623 2232 2690 συνάξει
2258 2623 2346 2677 διὰ
2371 2624 2465 2678 τοῦ
2501 2624 2702 2687 πάθους
2725 2624 2910 2679 αὑτοῦ.
2944 2625 3053 2678 Kal.
3085 2625 3249 2696 ἄλλην
3289 2625 3343 2678 δὲ
3374 2625 3451 2695 τῷ
3483 2627 3585 2680 αύ-

2013 2713 2091 2784 τῷ
2112 2713 2276 2784 στίχῳ
2307 2713 2598 2786 ἑρμηνείαν
2614 2713 2856 2784 λέξομεν.
2875 2714 3106 2782 Ἰσραὴλ
3127 2715 3202 2786 (5)
3229 2714 3585 2787 ἑρμηνεύεται

2015 2801 2167 2871 ὁρῶν
2202 2803 2381 2858 Θεόνο
2416 2805 2513 2874 τῆς
2544 2802 2778 2866 διανοίας
2810 2799 2903 2857 οὖν
2931 2805 3030 2875 τῆς
3056 2802 3266 2876 ὁρώσης
3293 2804 3453 2860 αὐτὸν
3487 2807 3585 2859 πᾶ-

2017 2911 2114 2948 σαν
2139 2893 2512 2964 αἰχμαλωσίαν
2533 2892 2867 2959 ἐπισυνάξει,
2897 2894 2990 2948 καί¹
3019 2895 3098 2958 εἰς
3139 2895 3237 2966 τὴν
3261 2896 3428 2968 αὐτῆς
3455 2897 3586 2951 αὐτ·

2021 2984 2372 3057 εξουσιότητα
2396 2985 2556 3040 αὑτὸν
2589 2985 3047 3058 ἀποκαταστήσει.

730 3110 1097 3180 Interpretatio
1127 3108 1371 3164 versiculi
1403 3109 1572 3178 quinti
1598 3123 1759 3178 usque
1795 3104 1865 3159 ad
1891 3104 2148 3158 decimum
2177 3110 2416 3155 octauum
2445 3117 2548 3155 non
2572 3110 2746 3156 exstat
2777 3103 2834 3156 in
2865 3102 2982 3161 cod.
3017 3102 3179 3157 Barb.

420 3229 484 3294 ὅ,
537 3228 589 3282 6.
649 3227 713 3280 Et
792 3227 1256 3294 concupiscentias
1320 3237 1508 3278 eorum
1566 3228 1886 3276 conterente:

2091 3217 2135 3286 5,
2168 3217 2223 3272 6.
2285 3217 2396 3271 Kal.
2443 3217 2541 3281 τὰς
2601 3217 2898 3288 ἐπιθυμίας
2960 3217 3138 3271 αὐτῶν
3178 3218 3276 3282 τὰς
3325 3220 3593 3292 πρότερον

351 3329 506 3374 antea
531 3317 692 3373 corda
720 3314 997 3369 hominum
1038 3314 1266 3381 alligans
1303 3311 1535 3366 vinculis
1564 3309 1783 3366 mternis
1811 3348 1826 3372 ,
1861 3317 1915 3363 et

338 3411 570 3466 tradens
601 3407 708 3480 igni
738 3415 939 3461 aatcrno
963 3447 977 3470 ,
1015 3405 1118 3460 hoc
1141 3413 1227 3460 est
1259 3403 1561 3458 contrarias
1595 3408 1910 3472 potestates.

420 3583 472 3650 7,
522 3581 573 3638 8.
628 3577 973 3634 Manifestum
1032 3575 1262 3646 quidem
1306 3581 1422 3638 est,
1478 3571 1623 3644 quod
1685 3571 1800 3642 ipse
1856 3578 1915 3626 ut

349 3673 522 3729 factor
543 3713 558 3737 ,
614 3672 768 3725 novit
797 3667 1154 3738 quantitatem
1196 3680 1385 3722 earum
1421 3665 1701 3720 stellarum
1729 3703 1744 3728 ,
1777 3677 1914 3733 quas

347 3769 496 3824 fecit.
537 3768 609 3822 De
635 3765 838 3821 sanctis
869 3764 1030 3819 etiam
1059 3761 1345 3832 allegorice
1373 3759 1630 3829 explicari
1662 3767 1910 3828 possunt,

351 3875 472 3930 quae
496 3859 562 3913 de
588 3857 861 3913 stellarum
900 3869 1123 3910 numero
1152 3853 1441 3920 dicuntur;
1475 3852 1723 3906 similiter
1767 3851 1912 3904 enim

351 3962 404 4006 et
431 3951 621 4004 horum
650 3962 932 4002 numerum
963 3945 1224 4016 agnoscit.
1253 3943 1368 3998 Nisi
1419 3944 1564 3998 enim
1595 3942 1914 4012 praevideret

323 4055 473 4112 quae
498 4040 568 4092 sit
591 4053 778 4092 eorum
805 4035 1083 4105 quantitas
1103 4073 1116 4097 ,
1149 4049 1256 4087 non
1292 4040 1649 4102 przparasset
1677 4031 1809 4100 ipsis
1833 4030 1914 4084 ci—

351 4132 568 4186 vitatem
589 4170 605 4194 ,
637 4142 758 4197 quae
782 4132 967 4195 posset
994 4139 1087 4178 eos
1117 4123 1386 4192 excipere.
1414 4119 1724 4174 Numerans
1753 4119 1917 4190 igitur

334 4221 746 4280 multitudinem
804 4217 1116 4279 stellarum,
1178 4212 1511 4283 perspiciens
1569 4219 1621 4265 et
1680 4210 1916 4280 probans

351 4314 513 4385 quale
564 4309 835 4366 charisma
865 4349 878 4372 ,
923 4317 976 4361 et
1021 4313 1286 4375 quantum
1333 4304 1502 4374 possit
1541 4302 1916 4371 unusquisque

351 4412 663 4462 sanctorum
695 4399 938 4467 accipere
957 4439 971 4461 ,
999 4396 1153 4472 etita
1182 4395 1464 4450 exhibens.
1511 4392 1711 4448 Deinde
1737 4393 1917 4462 sequi-

339 4508 440 4550 ‘tur
469 4495 523 4549 in
551 4493 759 4563 psalmo
787 4509 801 4545 :
829 4487 895 4542 Et
925 4487 1163 4541 omnibus
1192 4487 1266 4539 eis
1297 4485 1512 4538 nomina
1543 4499 1730 4536 vocans
1755 4497 1773 4535 :
1797 4497 1916 4536 mos

2017 3309 2406 3382 συντριὸούσας
2437 3311 2537 3372 τὰς
2563 3309 2788 3380 καρδίας
2815 3309 2923 3361 τῶν
2967 3307 3265 3380 ἀνθρώπων
3309 3309 3590 3381 δεσμεύων

2013 3402 2232 3472 δεσμοῖς
2253 3401 2466 3464 ἀϊδίοις,
2488 3401 2582 3453 καὶ
2605 3399 2928 3472 παραδιδοὺς
2949 3398 3026 3469 τῷ
3047 3399 3247 3469 αίωνίῳ
3269 3401 3421 3471 πυρὶ,
3439 3412 3592 3453 τουτο

2015 3493 2130 3545 ἐστι
2155 3492 2254 3554 τὰς
2289 3491 2536 3553 ἐναντίας
2564 3490 2845 3560 δυνάμεις.

2105 3584 2158 3648 7,
2187 3582 2241 3636 8.
2302 3582 2468 3653 Δῆλον
2529 3581 2625 3652 μέν
2678 3583 2845 3644 ἐστιν,
2874 3581 2975 3644 ὄτι,
3007 3581 3082 3645 ὡς
3112 3583 3448 3651 πεποιηκὼς,
3480 3580 3596 3636 οἵδε

2015 3675 2112 3746 τὴν
2151 3673 2421 3743 ποσότητα
2445 3666 2518 3726 ὧν
2547 3671 2867 3741 πεποίηκεν.
2917 3673 3027 3726 Kal.
3059 3674 3137 3736 είς
3168 3672 3292 3736 τοὺς
3322 3673 3515 3741 ἁγίους
3541 3675 3596 3727 δὲ

2018 3763 2299 3835 θεωρεῖται
2321 3765 2347 3815 ὁ
2374 3761 2575 3815 τούτων
2597 3762 2848 3834 ἀριθμδς,
2874 3762 3179 3832 καὶὸμοίως
3192 3761 3353 3816 πάλιν
3376 3763 3476 3815 καὶ
3503 3764 3578 3817 αὖ

2015 3854 2123 3908 τῶν
2144 3853 2398 3922 γινώσκει
2425 3853 2513 3906 τὸν
2541 3853 2788 3924 ἀριθμόν.
2809 3853 2872 3906 Ei
2895 3851 2969 3924 μὴ
2995 3851 3102 3924 γὰρ
3129 3851 3318 3924 προῖδῃ
3337 3852 3432 3923 (5’)
3454 3853 3598 3906 1:661:

2017 3947 2169 4000 ἔσται
2200 3949 2232 4017 ἡ
2267 3945 2500 4017 ποσότης
2533 3945 2732 4010 αὐτῶν,
2757 3947 2857 3999 οὐκ
2885 3946 2949 3999 ἂν
2982 3946 3383 4018 προητοίμασεν
3408 3949 3599 4012 αὐτοῖς

2017 4039 2170 4091 πόλιν
2215 4039 2314 4108 τὴν
2348 4038 2650 4110 δυναμένην
2687 4039 2884 4101 αὐτοὺς
2909 4037 3181 4104 δέξασθαι.
3255 4037 3313 4091 Ὀ
3343 4038 3599 4109 ἀριθμῶν

2015 4127 2106 4184 οὖν
2141 4130 2317 4201 πλήθη
2351 4130 2564 4202 ἄστρων
2587 4170 2604 4194 ,
2651 4132 2678 4183 ὁ
2709 4131 2928 4202 Θεωρῶν
2958 4131 3052 4184 καὶ
3097 4129 3402 4201 δοκιμάζων
3444 4135 3601 4186 ποῖον

2016 4222 2258 4290 χάρισμα
2282 4260 2296 4282 ,
2332 4221 2426 4273 καὶ
2481 4221 2643 4273 πόσον
2673 4221 2893 4273 δύναται
2925 4219 3177 4283 δέξασθαι
3221 4219 3456 4284 ἕκαστος
3486 4222 3601 4274 τῶν

2019 4312 2208 4379 ἁγίων,
2239 4313 2334 4365 καὶ
2364 4310 2505 4364 οὕτω
2545 4312 2817 4382 παρέχων.
2852 4308 3005 4376 Εἶτα,
3036 4311 3145 4366 Καὶ
3175 4312 3364 4367 πᾶσιν
3386 4316 3606 4382 αὐτοῖς

2018 4405 2278 4473 ὀνόματα
2303 4404 2533 4458 καλῶν·
2577 4402 2725 4463 ἔθνος
2767 4401 2875 4472 γὰρ
2920 4402 2978 4454 ὲν
3029 4404 3098 4472 τῇ
3142 4401 3438 4473 Ἐκκλησία
3467 4408 3608 4470 τοὺς

2019 4493 2204 4561 ἁγίους
2229 4493 2397 4563 αὐτῆς
2417 4493 2542 4555 τοὺς
2569 4492 2666 4561 μὲν
2688 4490 3036 4554 ἀποστόλους,
3053 4493 3177 4554 τοὺς
3198 4491 3254 4544 δὲ
3280 4495 3606 4564 προφήτας,

351 4589 495 4644 enim
526 4588 580 4640 in
616 4585 849 4640 Ecclesia
879 4590 954 4636 est
988 4589 1206 4635 sanctos
1232 4592 1364 4633 suos
1409 4576 1546 4658 alios
1575 4575 1794 4644 quidem
1821 4587 1886 4628 vo

2091 4585 2144 4647 υς
2167 4584 2224 4636 δὲ
2253 4554 2620 4646 διδασκάλουςο
2651 4577 2769 4635 εἶτα
2789 4581 3065 4653 δυνάμεις,
3092 4583 3283 4648 οἵτινες

347 4692 477 4734 care
511 4676 804 4746 apostolos,
835 4672 970 4727 alios
1003 4679 1182 4725 autem
1215 4654 1547 4737 prophetas,
1577 4663 1712 4718 alios
1733 4671 1912 4718 autem

353 4767 677 4838 magistros;
707 4763 899 4818 deinde
925 4762 1172 4822 lectores,
1204 4757 1396 4812 deinde
1421 4755 1740 4824 interpretes
1768 4754 1916 4808 Scri-

339 4869 628 4930 pturarum
647 4872 712 4911 ex
741 4870 848 4910 una
877 4854 1057 4920 lingua
1088 4852 1141 4905 in
1161 4851 1339 4904 aliam.
1361 4846 1460 4902 llic
1486 4847 1650 4915 igitur
1678 4861 1796 4902 mos
1811 4854 1914 4913 est,

341 4953 598 5021 inquam,
645 4945 897 5001 omnibus
921 4944 1000 4998 eis
1027 4941 1247 4996 nomina
1275 4953 1478 4995 vocans
1505 4937 1600 5006 (α).

424 5064 516 5119 ¹⁰>1
547 5062 692 5118 Petr.
725 5060 871 5127 ιι,

2023 4692 2106 4727 σιν
2144 4676 2192 4727 oi
2217 4674 2490 4729 διάκονοι·
2528 4669 2646 4727 εἶτα
2677 4674 2800 4737 τοὺς
2827 4673 3206 4738 ἐπιτελοῦντας
3249 4675 3346 4739 τὰς
3384 4679 3608 4744 ἰάσεις·

2022 4760 2138 4818 εἶτα
2161 4764 2508 4832 ἀναγνώστας
2525 4782 2539 4798 ·
2567 4761 2687 4818 εἶτα
2708 4763 2833 4824 τοὺς
2861 4765 3257 4836 ἑρμηνεύοντας
3286 4768 3395 4822 ἀπὸ
3425 4770 3614 4840 τῆσδε

2021 4857 2120 4925 τῆς
2158 4854 2408 4926 γλώσσης
2435 4857 2515 4918 είς
2543 4855 2700 4928 τήνδε
2733 4855 2830 4918 τὰς
2864 4857 3107 4929 Γραφάς.
3143 4859 3317 4913 Τοῦτο
3343 4857 3437 4915 οὖν
3483 4864 3616 4917 ἐστι

2020 4943 2102 5008 τὸ,
2139 4947 2304 4999 πᾶσιν
2329 4948 2513 5010 αὐτοῖς
2538 4946 2774 5017 ὀνόματα
2803 4947 2996 5002 καλῶν.

1307 5121 1609 5184 Addenda
1649 5130 1707 5183 et
1740 5124 2116 5206 corrigenda
2149 5143 2221 5185 ex
2257 5125 2393 5186 cod.
2421 5123 2623 5186 Vatia.

419 5258 496 5326 (l)
533 5255 640 5310 Καί
669 5271 764 5323 pro
788 5255 871 5326 δέ.

534 5320 728 5388 Καθῶς
760 5320 909 5378 εἶπεν
935 5324 962 5374 ὁ
998 5322 1335 5384 Ἀπόστολος,
1363 5321 1558 5374 desunt
1583 5321 1696 5373 hmc
1726 5321 1912 5374 ultima

347 5398 509 5453 verba
545 5401 595 5448 in
631 5397 752 5448 cod.
1448 5404 1452 5410 '

2091 5249 2170 5325 (5)
2196 5247 2409 5319 Ἰσραὴλ
2440 5247 2549 5325 γάρ
2592 5247 2948 5318 ἑρμηνεύεται
2980 5252 3102 5316 νοῦς
3143 5253 3302 5325 ὁρῶν,
3331 5263 3472 5321 etc.,
3512 5259 3622 5313 αὐ-

2017 5321 2117 5387 τὴν
2149 5321 2607 5388 ἀποκαταστήσει.

2083 5390 2175 5459 (δ’)
2208 5388 2290 5453 In.
2320 5388 2560 5459 προῄδει.
2583 5389 2736 5445 Ent'r.

442 5515 495 5584 α)
539 5515 612 5568 Ex
649 5515 958 5582 hujusmodi
1008 5524 1185 5570 autem
1216 5515 1470 5584 loquendi
1513 5515 1724 5584 ratione
1750 5554 1764 5578 ,
1800 5529 1904 5584 qua
1938 5514 2042 5567 hoc
2086 5514 2208 5566 loco
2244 5514 2510 5583 interpres
2539 5525 2728 5570 noster
2758 5516 2940 5571 varios
2982 5526 3290 5572 sanctorum
3344 5517 3622 5577 ﬁdelium

416 5515 495 5638 Sa)
539 5515 612 5568 Ex
649 5515 958 5582 hujusmodi
1008 5524 1185 5570 autem
1216 5515 1470 5584 loquendi
1513 5515 1724 5568 ratione
1750 5554 1764 5578 ,

345 5587 564 5640 ortincs
594 5585 646 5637 in
674 5584 730 5636 Β.
763 5584 911 5638 Pauli
942 5585 1194 5654 Epistolis
1237 5601 1526 5653 expressos
1571 5583 1772 5647 refert,

1815 5586 2050 5652 quisque
2099 5598 2282 5656 rerum
2322 5586 2815 5640 ecclesiasticarum
2845 5590 3047 5656 peritus
3091 5588 3209 5655 eius
3262 5597 3622 5647 \etnstatem

346 5655 618 5726 coniicere
644 5663 840 5722 potest,
873 5653 995 5707 tum
1011 5657 1172 5709 etiam
1205 5671 1271 5710 ex
1297 5657 1366 5708 iis
1398 5671 1519 5726 ane
1553 5654 1606 5707 in
1629 5654 2168 5726 explicatinuevcrs.
2200 5653 2292 5726 l2,
2326 5655 2467 5726 psal.
2490 5672 2637 5720 xxvt,
2663 5653 2918 5726 leguntur
2944 5679 2954 5710 :
2985 5653 3174 5725 nempe
3206 5660 3624 5725 baptisterium

346 5724 516 5775 fuisse
550 5725 726 5776 locum
759 5727 1030 5777 occultum
1061 5725 1115 5778 in
1143 5726 1394 5780 ecclesia.
1419 5722 1566 5778 Nam
1599 5725 1790 5790 primis
1815 5722 2069 5779 Ecclesia:
2098 5723 2317 5778 sazculis
2354 5733 2407 5777 et
2460 5725 2512 5779 in
2546 5727 2661 5795 ipsa
2694 5722 2828 5784 urbe
2860 5722 3184 5784 Alexandria
3205 5722 3625 5798 baptisterium
