3740 6294
230 315 376 373 1525

295 430 352 485 9.
386 424 580 496 Μέγας
606 422 683 495 (a)
709 425 738 477 ὁ
758 422 960 494 Κύριος
987 423 1175 494 ἡμῶν,

299 519 387 575 1ο.
418 516 531 570 Καὶ
568 515 776 587 μεγάλη
811 517 842 585 ή
879 515 1031 585 ἰσχὺς
1062 515 1250 582 αὐτοῦ,

301 609 390 666 11.
433 607 546 662 Καὶ
575 606 676 678 τῆς
708 606 975 670 συνέσεως
1009 606 1173 660 αὐτοῦ
1227 607 1327 662 οὐκ
1355 606 1501 664 ἔστιν
1551 609 1806 683 ἀριθμός.

300 701 389 757 12.
431 697 852 769 Ἀναλαμϐάνων
886 700 1081 769 πραεῖς
1122 699 1151 750 ὀ
1186 696 1421 770 Κύριος’

299 794 389 849 15.
420 790 706 846 Ταπεινῶν
743 790 800 843 δὲ
827 789 1187 861 ἁμαρτωλοὺς
1211 790 1315 853 ἓως
1346 791 1446 861 τῆς
1477 795 1600 864 γῆς.

300 885 389 940 14.
437 882 729 955 Ἐξάρξατε
753 879 833 951 τῷ
861 881 1053 951 Κυρίῳ
1085 881 1143 935 ὲν
1173 879 1558 953 ἐξομολογήσει
1577 898 1590 911 ο

300 976 388 1031 15.
418 974 641 1029 Ψάλατε
673 970 751 1042 τῷ
775 970 894 1042 Θεῷ
919 974 952 1042 ἡ
963 969 1078 1042 μῶν
1109 971 1167 1026 ὲν
1201 971 1424 1044 κιθάρᾳ.

301 1068 389 1123 16.
419 1066 511 1136 Τῷ
542 1064 920 1136 περιϐάλλοντι
956 1063 1047 1117 τὸν
1079 1062 1309 1134 οὐρανὸν
1342 1064 1400 1117 ὲν
1427 1062 1698 1134 νεφέλαις,

300 1160 388 1214 17.
420 1156 512 1229 Τῷ
540 1153 880 1227 ὲτοιμάξοντι
907 1157 974 1225 τῇ
1004 1157 1074 1225 γῇ
1104 1154 1275 1207 ὑετόν.

299 1250 386 1306 18.
423 1248 513 1320 Τῷ
548 1247 949 1313 ὲξανατὲλλοντι
975 1248 1033 1299 ἐν
1065 1246 1214 1319 ὄρεσι
1246 1246 1438 1318 χόρτον
1461 1287 1477 1311 ,

298 1341 386 1395 19.
421 1341 533 1393 Ka‘t
565 1339 726 1411 χλόην
756 1341 821 1410 τῇ
854 1338 1069 1409 δουλείᾳ
1096 1337 1205 1391 τῶν
1238 1337 1561 1409 ἀνθρώπων.

294 1434 386 1490 20.
415 1433 620 1487 Διδόντι
648 1434 761 1495 τοῖς
783 1433 1009 1502 κτήνεσι
1035 1431 1243 1502 τροφὴν
1271 1431 1478 1495 αὐτῶν,

293 1524 387 1580 21.
417 1524 528 1578 Καὶ
550 1525 664 1587 τοῖς
689 1524 926 1586 νεοσσοῖς
958 1521 1067 1575 τῶν
1096 1522 1347 1593 κοράκων
1371 1526 1483 1587 τοῖς
1515 1523 1807 1576 ἐπικαλου-

224 1617 412 1689 μένοις
438 1615 621 1671 αὐτόν.

1134 304 1223 361 DE
1257 300 1536 365 TlTULlS
1573 306 2028 368 PSALMORUM.
2063 340 2133 350 —
2168 307 2368 365 PSAL.
2408 307 2642 366 CXLVI.

3360 304 3494 362 I326

1834 439 1879 491 Α
1979 428 2029 484 9.
2062 427 2293 498 Magnus
2321 427 2586 486 Dominus
2610 438 2819 496 noster,

1984 519 2067 575 10.
2102 521 2165 575 Et
2192 536 2389 590 magna
2415 520 2586 577 virtus
2610 521 2750 592 ejus,

1984 613 2070 669 11.
2109 612 2176 668 Et
2202 613 2482 684 sapientiae
2512 614 2633 683 ejus
2654 628 2763 669 non
2786 619 2871 669 est
2898 625 3181 666 numerus.

1985 705 2073 760 12.
2108 704 2422 777 Suscipiens
2455 715 2776 763 mansuetos
2810 705 3116 760 Dominus:

1988 798 2074 852 15.
2106 796 2410 854 Humilians
2431 807 2611 854 autem
2636 808 2948 869 peccatores
2975 811 3150 868 usque
3171 796 3237 852 ad
3266 805 3486 851 terram.

1986 888 2071 942 14.
2100 886 2388 943 Praecinite
2414 887 2647 944 Domino
2676 888 2728 943 in
2762 888 3104 944 confessione
3133 906 3151 943 :

1985 979 2071 1034 15.
2106 979 2327 1036 Psallite
2348 978 2460 1035 Deo
2493 988 2683 1037 nostro
2705 979 2761 1034 in
2800 979 3029 1036 cithara.

1982 1071 2069 1126 16.
2104 1071 2208 1139 Qui
2243 1073 2417 1144 operit
2445 1073 2645 1129 coelum
2676 1072 2949 1135 nubibus,

1983 1163 2069 1217 17.
2110 1163 2175 1218 Ει
2209 1172 2366 1234 parat
2404 1172 2560 1219 terra:
2593 1164 2852 1234 pluviam.

1986 1252 2071 1308 18.
2111 1253 2213 1320 Qui
2247 1254 2501 1324 producit
2531 1254 2585 1308 in
2620 1253 2898 1308 montibus
2931 1250 3138 1315 fenum,

1987 1343 2075 1398 19.
2103 1342 2170 1398 Ει
2199 1344 2420 1398 herbam
2449 1343 2696 1400 servituti
2724 1344 3029 1399 hominum.

1981 1434 2073 1490 20.
2105 1433 2210 1501 Qui
2237 1436 2324 1490 dat
2354 1436 2618 1506 jumentis
2640 1451 2823 1492 escam
2857 1436 3099 1507 ipsorum
3123 1477 3140 1497 .

1985 1525 2073 1580 21.
2102 1524 2167 1580 Ει
2195 1527 2356 1595 pullis
2390 1542 2680 1582 corvorum
2712 1528 3090 1583 invocantibus
3114 1542 3261 1581 enm.

297 1729 378 1802 (τι)
420 1729 579 1802 Vers.
604 1728 658 1783 9.
686 1728 910 1802 Μέγας,
958 1736 1091 1802 et_c.,
1129 1744 1303 1802 usque
1333 1729 1407 1802 ad
1431 1729 1617 1802 αὐτοῦ.
1651 1727 1805 1802 Vers.
1848 1729 1862 1783 1

1978 1728 2082 1784 Καὶ
2122 1728 2251 1801 τῆς,
2278 1740 2384 1785 etc.
2421 1729 2575 1786 Vers.
2600 1731 2686 1785 ll.
2726 1730 3171 1802 Ἀναλαμϐάνων,
3196 1737 3301 1785 etc.
3326 1726 3482 1785 Vers.

220 1798 314 1858 12.
338 1799 643 1866 Ταπεινῶν,
676 1807 807 1863 etc.,
838 1800 941 1862 ἕως
970 1798 1094 1869 γῆς,
1129 1807 1183 1855 et
1210 1800 1291 1856 sic
1316 1799 1573 1871 deinceps
1607 1800 1661 1854 in
1692 1800 1813 1855 cod.
1854 1816 1862 1829 ε

1983 1841 1995 1854 .
2043 1798 2412 1857 recensentur.

1360 1913 1737 1972 ATHANASII
1778 1915 2362 1973 INTERPRETATIO.

291 2013 454 2080 9,10.
489 2012 552 2069 '0
576 2012 665 2067 διὰ
693 2011 788 2065 τοῦ
836 2012 1068 2067 θανάτου
1103 2011 1269 2066 αὐτοῦ
1299 2014 1656 2084 καταργήσας
1708 2013 1800 2067 τὸν
1830 2021 1862 2077 Ε

1978 2013 2028 2075 9,
2073 2012 2159 2067 10.
2210 2013 2311 2080 Qui
2366 2030 2462 2084 per
2520 2025 2749 2071 mortem
2787 2031 2943 2070 suam
3002 2013 3487 2084 proﬂigaviteum,

218 2108 282 2163 τὸ
310 2108 509 2179 κράτος
536 2104 729 2176 ἔχοντα
755 2104 849 2157 τοῦ
877 2103 1128 2167 Θανάτου,
1162 2103 1510 2157 τουτέστιτὸν
1536 2103 1800 2159 διάϐολον.

293 2200 384 2254 11.
424 2198 488 2251 Ὠ
539 2195 732 2262 ,βάθος
781 2190 1071 2258 πλούτου,
1125 2196 1220 2248 καὶ
1254 2196 1511 2264 σοφίας,
1542 2195 1641 2249 καί
1666 2196 1808 2267 ογινώ⁸

217 2306 378 2356 σεως
412 2285 597 2341 Θεοῦ]
627 2286 702 2352 ὡς
735 2285 1171 2353 ἁνεξερεύνητα
1199 2283 1270 2338 τὰ
1309 2285 1561 2354 κρίματα
1594 2286 1803 2351 αὐτοῦ,

218 2379 321 2435 καὶ
363 2378 809 2448 ἀνεξιχνίαστοι
838 2380 898 2431 αἱ
948 2376 1074 2431 ὁδοί
1118 2376 1349 2430 αὐτοῦ]
1381 2377 1476 2443 Τίς
1514 2377 1624 2447 γὰρ
1655 2376 1808 2448 ἔγνω

217 2467 374 2526 γοῦν
418 2469 673 2537 Kvplov;
702 2465 741 2535 ἢ
785 2467 877 2531 τίς
919 2466 1267 2534 σύμϐουλος
1297 2464 1484 2519 αὑτοῦ
1524 2463 1808 2535 ἐγένετο;

218 2562 323 2617 σὺν
350 2560 430 2632 τῷ
466 2559 643 2630 Πατρὶ
670 2557 903 2632 γάρρκαὶ
926 2557 1004 2628 τῷ
1029 2558 1171 2628 ἁγίῳ
1201 2557 1478 2629 Πνεύματι
1512 2557 1807 2629 βουλευσά-

205 2669 417 2726 μενος,
447 2649 778 2713 θανατωθεὶς
807 2636 1141 2721 ἐζωοποίησε
1169 2650 1297 2712 τοὺς
1322 2648 1568 2721 νεκρούς.

293 2744 384 2799 12.
432 2742 830 2815 Προσκαλεῖται
893 2742 1030 2813 πρὸς
1094 2740 1287 2794 ἑαυτὸν
1360 2741 1488 2806 τοὺς
1557 2742 1634 2815 μὴ
1681 2741 1808 2797 ἀνθ.

219 2836 551 2907 ισταμένους
581 2837 695 2898 τοῖς
725 2833 1141 2906 προστάγμασιν
1172 2830 1357 2886 αὑτοῦ.

296 2930 388 2985 15.
411 2927 697 3001 Παραδοὺς
739 2926 796 2980 δὲ
830 2925 922 2979 τὸν
959 2924 1206 2981 διάϐολον
1226 2925 1532 2998 τηρεῖσθαι,
1567 2926 1807 2990 καὶτοὺς

215 3004 487 3091 ἀγγέλους
530 3016 730 3085 αὐτοῦ,
780 3018 876 3071 καὶ
915 3016 1042 3081 τοὺς
1096 3017 1458 3090 πειθομένους
1505 3018 1690 3082 αὐτοῖς
1745 3019 1806 3072 ὲν

214 3116 334 3178 τοῖς
364 3111 701 3174 κατωτάτοις
735 3111 833 3181 τῆς
871 3110 995 3180 γῆς.

290 3207 382 3262 14.
441 3205 754 3271 Διανοίξατε
814 3204 913 3267 τὰς
988 3201 1208 3272 καρδίας
1255 3194 1410 3273 ὒμῶν
1459 3200 1538 3271 τῷ
1592 3200 1803 3273 Κυρίῳ,

214 3297 702 3371 ἐξομολογούμενοι
739 3293 908 3366 αὐτῷ.

1906 2107 2000 2177 qui
2047 2108 2242 2163 mortis
2274 2109 2563 2178 imperium
2621 2110 2886 2173 habebat,
2918 2110 3025 2165 hoc
3047 2118 3130 2164 est
3186 2109 3484 2164 diabolum.

1980 2199 2065 2253 11.
2114 2198 2160 2254 0
2201 2199 2430 2253 altitudo
2470 2201 2799 2267 divitiarum,
2842 2214 2892 2256 et
2934 2203 3225 2272 sapientia,
3252 2212 3301 2255 et
3327 2204 3489 2257 scien-

1908 2292 1998 2345 tiw
2021 2286 2160 2346 Dei!
2186 2309 2342 2363 quam
2364 2293 2847 2363 imperscrutabilia
2876 2303 3000 2348 sunt
3018 2293 3229 2363 judicia
3259 2295 3375 2364 ejus
3395 2335 3410 2359 ,
3440 2304 3490 2349 et

1908 2384 2296 2455 investigabiles
2323 2385 2421 2439 viae
2439 2385 2552 2455 ejus
2580 2385 2600 2438 .'
2628 2384 2760 2450 Quis
2788 2386 2927 2440 enim
2961 2388 3104 2440 novit
3135 2396 3356 2441 mentem
3385 2386 3487 2440 Do-

1907 2476 2061 2540 mini,
2101 2484 2150 2529 et
2171 2476 2289 2546 quis
2316 2477 2654 2531 consiliarius
2683 2478 2798 2548 ejus
2816 2478 2919 2549 fuit
2938 2479 3016 2533 “1'
3034 2476 3169 2533 Nam
3186 2494 3310 2534 cum
3328 2478 3488 2536 Patre

1907 2574 1962 2622 et
1989 2583 2113 2623 cum
2142 2566 2350 2638 Spiritu
2381 2579 2572 2625 sancto
2617 2571 2752 2626 inito
2778 2571 3032 2638 consilio,
3062 2559 3225 2627 morti
3256 2572 3488 2627 traditus

1907 2669 2157 2716 mortuos
2189 2660 2500 2716 viviﬁcavit.

1979 2751 2065 2806 12.
2118 2752 2363 2808 Advocat
2403 2756 2470 2809 ad
2511 2769 2572 2810 se
2626 2755 2805 2826 ipsum
2838 2771 2946 2811 non
2975 2757 3328 2813 adversantes
3350 2771 3482 2828 pra:-

1906 2844 2080 2914 ceptis
2111 2845 2247 2899 suis.

1977 2938 2060 2993 15.
2111 2935 2359 2993 Tradidit
2403 2946 2584 2995 autem
2624 2939 2926 3005 diabolum,
2969 2950 3022 2996 et
3077 2943 3299 3012 angelos
3343 2958 3485 3014 ejus,

1906 3037 1961 3085 et
1981 3030 2300 3088 obedientes
2331 3032 2486 3102 ipsis,
2520 3041 2581 3088 ut
2609 3034 3021 3090 custodirentur
3053 3036 3107 3089 in
3136 3034 3486 3094 inferioribus

1904 3128 2082 3175 terrae.

1910 3298 1922 3311 .
1975 3210 2069 3312 1.4.:
2123 3211 2337 3284 Aperite
2389 3215 2555 3272 corda
2600 3229 2778 3273 vestra
2838 3217 3101 3288 Domino,
3171 3224 3484 3280 conﬁtentes

1908 3314 2034 3369 ψει.

292 3390 383 3445 15.
416 3387 811 3461 Νεκρώσαντες
862 3386 930 3440 τὰ
956 3386 1091 3458 μέλη
1139 3385 1314 3458 ὑμῶν,
1361 3383 1616 3452 δοξάσατε
1642 3385 1805 3439 αὐτὸν
1831 3375 1862 3432 ε

1980 3392 2065 3447 t5.
2100 3392 2487 3455 Mortiﬁcantes
2516 3399 2764 3457 membra
2804 3409 3004 3469 vestra,
3033 3403 3332 3473 gloriﬁcate
3356 3421 3485 3461 eum

212 3486 279 3541 ιν
308 3484 511 3546 αὐτοῖς.
608 3552 616 3556 _

287 3572 378 3628 16.
407 3571 499 3643 Τῷ
526 3570 782 3625 σκέποντι
837 3569 929 3623 τὸν
990 3569 1147 3641 χορὸν
1200 3568 1310 3623 τῶν
1348 3569 1522 3638 ἁγίων
1551 3568 1718 3623 αὐτοῦ
1744 3570 1804 3623 ὲν

210 3667 331 3729 τοῖς
354 3664 688 3738 χαρίσμασιν
711 3660 803 3715 τοῦ
826 3659 966 3715 Πνεύ
975 3678 1142 3732 ματος
1163 3660 1258 3713 τοῦ
1284 3660 1462 3729 ἁγίου.
1495 3660 1604 3714 Kal.
1628 3659 1805 3724 ἄλλως

209 3756 281 3829 δὴ
328 3754 570 3827 λέξωμεν
589 3771 603 3784 ο
659 3754 764 3808 Τὸν
815 3754 1127 3826 πληροῦντα
1175 3753 1267 3807 τὸν
1316 3751 1643 3822 παράδεισον
1693 3752 1803 3807 τῶν

208 3842 390 3913 ἁγίων
422 3841 609 3898 αὐτοῦ.

289 3936 378 3990 17.
423 3935 515 4006 Τῷ
570 3935 945 4007 εὐτρεπίζοντι
983 3935 1045 3988 τὸ
1078 3935 1339 4007 κήρυγμα
1395 3932 1560 3986 αὐτοῦ
1612 3936 1681 4004 τῇ
1720 3935 1802 3987 οί-

209 4027 477 4101 κουμένῃ.
545 4028 736 4099 Ὅμως
765 4027 862 4082 καὶ
893 4026 1066 4092 ἄλλως
1108 4025 1383 4097 λέξωμεν⁸
1435 4024 1527 4097 Τῷ
1570 4025 1803 4097 ἑτοίμως

209 4120 510 4191 παρέχοντι
534 4119 733 4193 καρδίᾳ
762 4123 928 4191 πιστῇ
959 4119 1060 4191 τὴν
1088 4120 1250 4191 χάριν
1276 4117 1462 4173 αὑτοῦ.

287 4212 378 4268 18.
412 4212 489 4284 (1)
519 4212 600 4265 Τὰ
643 4211 781 4283 ἄνθη
837 4212 947 4265 τῶν
992 4212 1347 4283 χαρισμάτων
1382 4209 1552 4266 αὐτοῦ
1599 4213 1657 4264 ὲν
1688 4215 1802 4277 τοῖς

206 4304 448 4360 ἔθνεσιν.

284 4395 374 4449 19.
396 4395 508 4449 Καὶ
532 4394 601 4447 τὰ
632 4393 789 4464 λόγια
818 4390 984 4446 αὐτοῦ
1017 4394 1096 4456 είς
1116 4392 1422 4446 ἀνάπαυσιν
1449 4394 1570 4457 ταῖς
1599 4392 1800 4466 ψυχαῖς

209 4486 446 4548 καὶτοῖς
478 4484 664 4556 μέλεσι
691 4483 803 4538 τῶν
837 4482 1159 4555 ἀνθρώπων.

282 4578 375 4633 20.
413 4576 618 4630 Διδόντι
662 4579 774 4640 τοῖς
814 4574 1094 4637 άσυνέτοις
1143 4573 1356 4628 σύνεσιν
1387 4574 1481 4628 τοῦ
1519 4576 1798 4648 μεταλαμ-

208 4669 398 4723 ϐάνειν
434 4667 541 4721 τῶν
580 4667 1017 4739 προσταγμάτων
1047 4666 1212 4719 αὑτοῦ
1249 4664 1357 4720 τῷν
1389 4665 1797 4731 ξωοποιούντων

203 4763 433 4827 αὐτούς.

279 4854 372 4910 21.
404 4853 516 4907 Καὶ
545 4854 657 4916 τοῖς
698 4851 805 4906 τῶν
837 4851 1307 4923 μεμελανωμένων
1344 4851 1437 4905 καὶ¹
1465 4851 1795 4925 ἀκαθάρτων

204 4943 381 5001 ἰθνῶν
404 4943 615 5006 τέκνοις
652 4941 826 5005 διδοὺς
863 4942 1068 5013 τροφὴν
1108 4941 1205 5013 τὴν
1246 4943 1403 5013 χάριν
1446 4941 1610 4995 αὑτοῦ
1631 4982 1645 5007 ,
1681 4947 1794 5010 τοῖς

203 5034 299 5088 διὰ
325 5033 428 5105 τῆς
457 5033 692 5095 πίστεως
718 5032 988 5086 ἀναϐοῶσι
1019 5032 1155 5104 πρὸς
1183 5032 1365 5086 αὐτόν.

284 5149 325 5179 ⁸³
365 5137 522 5201 Rom.
564 5162 657 5215 xi,
685 5145 777 5199 55.

1904 3498 1960 3537 ιη
1987 3499 2142 3553 φειδ.

1977 3574 2063 3631 16.
2111 3575 2217 3643 Qui
2266 3580 2496 3652 protegit
2534 3581 2761 3637 chorum
2790 3594 3106 3639 sanctorum
3135 3586 3255 3656 ejus
3302 3587 3358 3643 in
3387 3587 3502 3643 do-‘

1904 3663 1991 3718 nis
2027 3664 2266 3736 Spiritus
2295 3670 2492 3725 sancti.
2532 3671 2598 3726 Et
2632 3673 2790 3728 aliter
2822 3675 3041 3746 quidem
3064 3677 3482 3746 explicabimus,

1905 3754 2137 3813 dicendo
2164 3777 2177 3814 :
2203 3758 2308 3827 Qui
2338 3762 2525 3834 implet
2552 3764 2869 3835 paradisum
2899 3769 3109 3824 sanctis
3131 3769 3266 3825 suis.

1981 3936 2071 3990 17.
2113 3936 2220 4005 Qui
2254 3951 2527 4011 praeparat
2572 3945 3013 4015 praedicationem
3063 3966 3219 4008 suam
3266 3954 3485 4011 univer-

1904 4040 1981 4081 sae
2029 4038 2202 4084 terrae.
2239 4028 2626 4089 Verumtamen
2673 4044 2729 4091 et
2779 4038 2936 4094 aliter
2962 4042 3283 4111 explicando
3332 4046 3486 4101 dice-

1904 4133 2028 4174 mus
2045 4138 2058 4175 :
2074 4118 2178 4187 Qui
2201 4133 2450 4194 prompte
2470 4126 2693 4184 exhibet
2712 4131 2863 4185 cordi
2889 4130 3029 4187 fideli
3052 4136 3280 4203 gratiam
3298 4151 3479 4195 suam.

1975 4217 2061 4273 18.
2089 4218 2278 4276 Flores
2303 4221 2423 4292 ejus
2461 4224 2854 4283 charismatum
2874 4228 2928 4282 in
2958 4231 3234 4300 gentibus.

1975 4397 2063 4453 19.
2091 4398 2158 4453 Ει
2187 4399 2407 4471 eloquia
2454 4403 2576 4475 ejus
2603 4405 2657 4460 in
2709 4408 2950 4478 requiem
2985 4411 3182 4468 animis
3216 4422 3274 4470 et
3304 4430 3480 4473 mem-

1900 4489 2016 4545 bris
2044 4490 2351 4548 hominum.
2676 4486 2695 4501 ’

1977 4580 2063 4636 20.
2098 4580 2203 4649 Qui
2231 4583 2324 4640 dat
2362 4585 2746 4657 insipientibus
2771 4589 3102 4649 intellectum
3134 4596 3202 4652 ad
3232 4612 3481 4670 compre-

1903 4673 2189 4731 hendenda
2218 4676 2339 4747 ejus
2366 4690 2633 4752 praecepta
2655 4725 2671 4751 ,
2697 4683 2898 4754 quibus
2928 4688 3289 4748 viviﬁcantur.

1969 4855 2059 4911 21.
2078 4854 2146 4911 Et
2169 4856 2295 4915 ﬁliis
2317 4859 2582 4930 gentium,
2605 4878 2727 4934 quae
2777 4865 3073 4940 denigratae
3097 4881 3152 4928 et
3182 4873 3478 4934 immunda

1900 4955 2051 5010 sunt,
2086 4947 2453 5006 clamantibus
2478 4953 2548 5009 ad
2578 4967 2704 5010 eum
2732 4972 2831 5027 per
2859 4959 3020 5015 ﬁdem
3048 4962 3102 5016 in
3138 4963 3321 5021 cibum
3349 4983 3475 5037 gra-

1899 5037 2028 5093 tiam
2064 5055 2219 5096 suam
2251 5044 2471 5113 praebet.

1173 5211 1479 5274 Addenda
1515 5222 1577 5275 et
1616 5215 1989 5297 corrigenda
2023 5239 2101 5284 ex
2132 5227 2272 5288 cod.
2306 5229 2510 5294 Vatic.

279 5319 359 5390 ti)
388 5319 457 5373 N.
490 5320 576 5373 17.
607 5318 699 5390 Τῷ
723 5314 1127 5384 ἐξανατέλλοντι
1154 5314 1221 5367 τά
1272 5313 1430 5394 ἄνθη,
1457 5323 1562 5371 etc.
1600 5314 1667 5371 N.
1701 5316 1786 5404 1.8.

279 5389 403 5442 ιὶ’τὰ
424 5390 715 5442 λόγια,ειε.
731 5389 800 5442 Ν.
821 5388 901 5442 19.
921 5386 1145 5442 Διδόντι,
1171 5394 1406 5442 etc..':ou
1437 5384 1784 5442 μεταλαὸειν.

202 5389 403 5448 καττὰ
424 5390 715 5459 λόγια,ειε.
731 5389 800 5443 Ν.
821 5389 901 5442 19.
921 5389 1145 5447 Διδὸντι,
1171 5389 1406 5449 ειε.,τοῦ
1436 5389 1784 5455 μεταλαϐεῖν,

202 5472 315 5538 ςιε-
338 5460 503 5538 Ν⁶29.·
528 5461 637 5538 ίξειὶ
662 5458 785 5538 £621
801 5455 1524 5538 eawiaveeét9"2.€E€-.N-
1550 5456 1640 5510 ει·
1669 5455 1785 5538 οὐδε

202 5532 288 5598 ιν,
315 5542 417 5586 etc.
444 5531 512 5584 N.
542 5531 633 5585 22.
661 5524 909 5600 Οὐδὲτῷ,
923 5535 1027 5582 etc.
1043 5524 1112 5579 N.
1143 5525 1234 5579 25.
1268 5524 1409 5577 Ἀλλ’
1434 5526 1491 5579 ὲν
1522 5543 1578 5580 κ.
1605 5544 1657 5580 σ.
1690 5529 1784 5581 καὶ

1896 5328 2339 5403 τεταπεινωμενῃ
2361 5371 2377 5395 ,
2412 5341 2517 5388 etc.
2554 5336 2766 5391 εὐδοκεῖ
2810 5343 3103 5395 κατοικεῖν.
3140 5343 3209 5399 Ν.
3233 5345 3322 5400 24.
3365 5349 3474 5403 Καὶ

2236 5393 2389 5492 sefe-
2411 5405 2461 5492 εει
2484 5406 2553 5492 εὶ·
2580 5406 2814 5492 ξίκαεςίι·
2841 5393 3475 5492 έλπιςρντξςιαίοξῑείξτῖξ

1893 5463 2096 5537 cauato)
2118 5468 2206 5534 δὲ,
2239 5463 2320 5524 ὅτι
2348 5472 2437 5526 διά
2466 5475 2567 5547 τῆς
2593 5476 2928 5550 ἀγαθότητος
2953 5463 3154 5548 esse:
3171 5463 3276 5541 ὲὶὲἶ

205 5647 380 5736 {vises
400 5646 601 5736 leam:
618 5640 1707 5736 e32,89¢,‘9§ia,sei.‘1999¥:2fﬁscgiﬁéiae
1729 5642 2070 5736 adfecti???
2091 5646 2494 5736 geseoretae"
2527 5654 2809 5736 declarant
2844 5660 3188 5736 ροιίεςίτειιιπι
3215 5679 3313 5730 ea.
3350 5682 3472 5736 quae

204 5719 277 5774 de
308 5720 453 5773 caede
478 5716 710 5772 Proterii
732 5713 972 5794 episcopi
998 5710 1353 5794 Alexandrini
1377 5711 1452 5794 ab_
1476 5710 1706 5794 Evagrio
1725 5723 1781 5767 et
1804 5713 2058 5794 [πίθοι-διο
2083 5716 2605 5794 dia_cono,aliisque
2636 5710 3465 5794 iraaiia'sb'hii‘séé'iia'éu‘ié'ﬁ

207 5797 369 5847 sexto
395 5798 604 5845 certum
635 5795 737 5849 est.
768 5782 1092 5850 baptisteria
1121 5784 1176 5841 in
1202 5782 1491 5854 propatulo
1525 5789 1579 5840 et
1612 5782 1667 5840 in
1703 5784 1962 5842 narthece
1989 5787 2233 5847 ecclesiae
2268 5782 2531 5853 aediﬁcata
2561 5782 2752 5856 fuisse.
