3702 6400
203 309 332 367 1329

263 422 315 479 7.
366 423 424 480 '0
453 425 793 481 ἀποστέλλων
824 429 886 482 τὸ
910 429 1089 500 λόγιον
1121 433 1284 489 αὑτοῦ
1311 440 1375 509 τῇ
1403 442 1475 511 γῇ
1493 456 1505 470 ·

257 514 310 572 8.
340 514 486 580 Ἕως
511 518 707 588 τάχους
736 518 1025 590 δραμεῖται
1054 525 1082 576 ὁ
1107 524 1264 593 λόγος
1289 530 1476 585 αὑτοῦ.

263 606 315 664 9.
354 606 595 666 Διδόντο;
622 610 773 679 χιόνα
797 612 964 665 αὑτοῦ
988 613 1118 667 ὡσεὶ
1140 617 1285 688 ἔριον
1301 637 1315 650 ο

264 693 346 750 10.
398 694 659 768 Ὁμίχλην
682 698 813 752 ὡσεὶ
840 701 1031 754 σποδὸν
1060 705 1380 771 πάσσοντος.

264 785 349 840 11.
390 785 681 853 Βάλλοντος
706 789 1038 864 κρύσταλλον
1062 796 1224 849 αὑτοῦ
1249 798 1382 853 ὡσεὶ
1404 800 1629 870 ψωμούς
1655 821 1666 834 ·

261 878 344 932 12.
365 879 521 933 Κατά
541 880 829 951 πρόσωπον
851 884 1055 957 ψύχους
1072 890 1238 943 αὐτοῦ
1266 892 1350 956 τίς
1367 894 1757 968 ὐποστήσεται;

259 970 343 1024 15.
370 969 748 1035 Ἐξαποστελεῖ
771 975 861 1030 τὸν
889 977 1046 1046 λόγον
1074 981 1261 1046 αὐτοῦ,
1290 984 1383 1037 καὶ
1413 986 1562 1056 τήξει
1584 989 1753 1043 αύτά·

262 1060 344 1115 ﬂ.
364 1061 594 1116 Πνεύσει
615 1064 674 1118 τὸ
692 1066 908 1137 πνεῦμα
939 1069 1123 1133 αὑτοῦ,
1152 1073 1246 1125 καὶ
1276 1075 1534 1144 ρυήσεται
1568 1076 1754 1135 ὕδατα.

258 1150 345 1205 15.
394 1152 454 1206 '0
481 1154 841 1223 ἀπαγγέλλων
866 1159 928 1211 τὸ
953 1159 1131 1229 λόγιον
1156 1164 1321 1217 αὐτοῦ
1353 1165 1429 1235 τῷ
1471 1167 1683 1234 Ἰακὼϐ,

258 1240 343 1297 16.
383 1243 740 1315 Δικαιώματα
764 1248 857 1301 καὶ
881 1249 1125 1321 κρίματα
1154 1255 1317 1309 αὑτοῦ
1351 1257 1427 1329 τῷ
1464 1258 1696 1334 Ἰσραήλ.

261 1332 345 1387 17.
386 1335 500 1387 Οὐκ
522 1335 775 1407 ἐποίησεν
806 1338 949 1394 οὕτω
980 1344 1141 1397 παντὶ
1172 1344 1333 1399 ἔθνει.

256 1423 340 1478 18.
385 1424 495 1478 Καὶ
519 1424 588 1479 τά
617 1425 861 1498 κρίματα
897 1432 1062 1487 αὐτοῦ
1097 1435 1196 1490 ούκ
1234 1438 1501 1509 ἐδήλωσεν
1544 1444 1748 1510 αὐτοῖς.

1050 313 1138 369 DE
1174 315 1452 375 TITULIS
1490 320 1941 383 psacuoaou.
1983 358 2055 369 -
2092 329 2289 389 PSAL.
2334 290 2593 392 cxun.

3314 351 3453 408 1330

1786 452 1832 508 Α
1931 448 1982 502 7.
2023 449 2128 515 Qui
2158 455 2362 507 emittit
2384 455 2663 526 eloquium
2694 474 2859 515 suum
2895 470 3091 518 terrae:

1934 540 1983 591 8.
2024 538 2304 597 Velociter
2332 548 2504 600 currit
2538 564 2721 603 sermo
2749 551 2891 618 ejus.

1930 627 1981 681 9.
2023 628 2127 693 Qui
2159 630 2254 685 dat
2282 635 2460 688 nivem
2490 637 2633 692 sicut
2659 640 2838 694 lanam
2871 658 2885 693 :

1934 718 2016 772 10.
2059 718 2324 779 Nebulam
2361 727 2503 781 sicut
2530 730 2769 785 cinerem
2807 735 3031 804 spargit.

1931 812 2017 864 11.
2059 810 2222 867 Mittit
2251 819 2569 886 crystallum
2594 835 2754 876 suum
2790 823 2934 878 sicut
2963 825 3239 881 buccellas
3266 843 3282 878 :

1933 901 2019 956 12.
2058 901 2203 958 Ante
2232 904 2426 962 faciem
2464 908 2685 981 frigoris
2713 914 2832 983 ejus
2858 916 2980 983 quis
3008 919 3336 973 sustinebit?

1932 993 2019 1048 15.
2058 992 2586 1070 Emittegeloquium
2621 1018 2803 1071 suum,
2827 1015 2881 1059 et
2914 1006 3228 1075 liquefaciet
3256 1023 3321 1062 ea
3350 1025 3365 1063 :

1930 1082 2016 1137 14.
2055 1083 2233 1142 Flabit
2259 1092 2485 1160 spiritus
2510 1094 2649 1163 ejus,
2685 1105 2740 1151 et
2762 1098 2927 1152 liuent
2949 1114 3123 1168 aqum.

1929 1174 2013 1228 15.
2057 1174 2157 1241 Qui
2185 1183 2478 1237 annuntiat
2507 1186 2733 1241 verbum
2763 1204 2925 1242 suum
2951 1188 3120 1245 Jaeob
3146 1207 3160 1242 :

1927 1265 2016 1321 16.
2055 1266 2310 1326 Justitias
2337 1283 2393 1328 et
2417 1273 2625 1342 judicia
2659 1292 2757 1332 sua
2784 1277 2971 1334 Israel.

1930 1356 2018 1412 17.
2058 1357 2177 1415 Non
2204 1360 2334 1417 fecit
2363 1365 2541 1419 taliter
2570 1368 2718 1421 omni
2744 1370 2970 1425 nationi.

1929 1450 2018 1505 18.
2059 1452 2126 1509 Ει
2148 1456 2358 1524 judicia
2383 1474 2483 1514 sua
2513 1476 2619 1515 non
2655 1462 3026 1518 manifestavit
3053 1464 3155 1521 eis.

1306 1570 1678 1630 ATHANASII
1717 1576 2301 1646 INTERPBETATIO.

263 1697 326 1763 7.,
359 1698 412 1753 8.
442 1700 516 1770 (1)
567 1701 624 1755 '0
664 1702 1007 1760 ἀποστέλλων
1048 1709 1109 1761 τὸ
1147 1711 1410 1783 κήρυγμα
1460 1717 1625 1770 αὐτοῦ
1665 1719 1740 1773 διὰ

1929 1727 1978 1793 7,
2012 1730 2067 1784 8.
2110 1731 2215 1799 Qui
2249 1736 2450 1792 emittit
2473 1739 2912 1807 praedicationem
2950 1759 3103 1797 suam
3140 1754 3316 1809 terrm,
3336 1762 3430 1816 per

197 1788 290 1880 τῶν
316 1791 610 1863 προφητῶν
623 1794 722 1865 τῆς
739 1799 1061 1869 συναγωγῆς
1087 1803 1153 1872 τῇ
1179 1804 1345 1877 γηίνῃ
1373 1805 1460 1879 [τῇ
1486 1808 1604 1880 γῇῙ,
1629 1811 1753 1878 ἕως,

198 1879 277 1934 τοῦ
309 1881 515 1954 κόσμου
541 1884 636 1938 τοῦ
671 1888 730 1940 ἐν
762 1888 915 1959 τάχει
951 1892 1262 1963 παριόντος,
1295 1879 1698 1973 κηρυχθήσεται
1728 1906 1758 1958 ὁ

192 1970 337 2040 λόγος
362 1972 548 2027 αὐτοῦ.

252 2068 305 2123 9.
348 2069 422 2121 Τὸ
469 2070 709 2141 καθαρὸν
741 2073 816 2144 (2)
868 2074 962 2129 τοῦ
1009 2075 1168 2146 λόγου
1216 2079 1365 2150 λέγει
1411 2084 1506 2137 καὶ
1551 2084 1756 2141 ἁπαλὸν

194 2160 293 2221 τοῖς
322 2157 666 2232 βουλομένοις
687 2202 701 2228 ,
746 2166 839 2218 καὶ
865 2166 1056 2239 ὅτιπερ
1092 2174 1202 2234 τοῖς
1229 2174 1506 2243 ἐπιμελῶς
1530 2178 1757 2248 ἐργαζο-

190 2247 367 2318 μένοις
400 2249 554 2322 λὸγον
582 2253 829 2324 γίνεται,
854 2257 931 2323 ὡς
958 2260 1067 2313 ἀπὸ
1098 2262 1279 2334 ἐρέας,
1310 2247 1650 2339 περιϐόλαιον
1688 2275 1754 2344 τῇ

191 2339 344 2412 ίυχῇ-
1728 2339 1741 2403 Ῐ

250 2431 335 2486 10.
366 2433 439 2487 Τὸ
461 2433 790 2492 λεπτότατον
813 2440 907 2494 καὶ
929 2440 1218 2515 δυσνόητω
1243 2448 1301 2501 ἐν
1328 2453 1440 2513 τοῖς
1465 2450 1646 2520 λόγοις
1666 2457 1759 2509 αύ-

192 2523 274 2578 ιοῦ
307 2527 624 2597 ἐγκείμενον
648 2530 837 2602 δηλοῖ’
876 2534 1069 2607 ὅτιπερ
1109 2537 1177 2591 τὰ
1216 2539 1444 2612 πλησίον
1489 2544 1617 2599 ὄντα
1662 2546 1755 2600 τοῦ

187 2614 643 2685 ἀναγινώσκοντος
666 2620 824 2691 λόγια
861 2625 923 2678 ού
967 2632 1330 2702 συγχωρεῖται
1362 2636 1395 2705 ἡ
1423 2635 1632 2690 διάνοια
1660 2638 1757 2691 αύ-

193 2707 273 2761 εοῦ
304 2709 544 2781 καθορᾷν
560 2712 647 2766 διὰ
670 2715 768 2785 τὴν
795 2710 957 2770 οὖσαν
980 2721 1038 2772 ἐν
1079 2721 1289 2787 ἑαυτοῖς
1314 2724 1411 2796 (2‘)
1434 2727 1754 2799 λεπτότητα,

186 2798 368 2872 ὥσπερ
391 2802 621 2874 ὁμίχλης
646 2808 1001 2880 ἐπικειμένης
1034 2812 1091 2864 ἐν
1122 2815 1306 2880 αὐτοῖς
1326 2835 1338 2845 ·
1372 2820 1529 2890 χρεία
1551 2817 1642 2875 οῦν
1658 2798 1755 2877 δῖνα

186 2890 436 2964 ἀνατείλῃ
464 2895 522 2947 ἐν
550 2897 615 2966 τῇ
643 2895 851 2969 διανοίᾳ
890 2899 1039 2970 ἥλιος
1065 2903 1433 2981 δικαιοσύνης,
1466 2913 1560 2965 καὶ
1615 2932 1757 2988 παρ-

185 2984 363 3057 αγάγῃ
400 2987 475 3054 (3)
510 2989 610 3059 τὴν
637 2990 991 3065 ἐπικειμένην
1015 2997 1265 3069 ὁμίχλην,
1304 3000 1369 3053 ἶν’
1392 3002 1533 3057 οὕτω
1558 2984 1753 3080 δυνηόῇ

1859 1821 2151 1890 prophetas
2186 1841 2492 1898 synagoga},
2524 1831 2697 1887 donec
2728 1873 2743 1896 ,
2788 1835 2991 1888 mundo
3037 1835 3282 1891 celeriter
3316 1854 3431 1908 per-

1859 1918 2194 1982 transeunte,
2228 1920 2618 1988 praedicabitur
2643 1940 2826 1980 sermo
2850 1926 2991 1996 ejus.

1926 2085 1980 2141 9.
2017 2086 2316 2147 Puritatetn
2346 2095 2616 2151 sermonis
2640 2095 2758 2166 ejus
2785 2098 3072 2169 signiﬁcat,
3120 2111 3173 2157 et
3200 2101 3430 2160 facilita-

1856 2181 1963 2230 tent
1993 2178 2320 2245 volentibus,
2347 2192 2401 2239 et
2433 2187 2578 2256 quod
2611 2188 2896 2259 diligenter
2925 2193 3277 2262 operantibus
3312 2209 3429 2251 ser-

1859 2284 2073 2325 monem
2118 2272 2177 2328 lit
2208 2276 2402 2333 animae
2456 2292 2681 2345 eorum,
2723 2281 2891 2338 veluti
2934 2285 3332 2354 Operimentum
3361 2302 3429 2342 ex

1858 2361 2001 2417 lana.

1929 2452 2015 2509 10.
2056 2453 2462 2527 Subtilitatem,
2514 2472 2569 2518 et
2632 2463 2963 2537 intelligendi
3025 2467 3421 2536 diiIicultatem,

1856 2560 1979 2616 quae
2016 2549 2070 2603 in
2117 2554 2466 2610 sermonibus
2515 2556 2634 2626 ejus
2671 2566 2784 2623 est,
2825 2558 3135 2629 signiﬁcat:
3166 2563 3422 2632 quoniam

1855 2652 1981 2692 cum
2013 2654 2177 2711 prope
2219 2642 2480 2715 legentem
2531 2646 2641 2701 sint
2671 2648 2885 2718 eloquia
2912 2689 2926 2713 ,
2975 2665 3083 2705 non
3113 2653 3427 2710 conceditur

1859 2730 2024 2784 menti
2059 2732 2230 2800 ipsius
2257 2749 2321 2788 ea
2348 2735 2705 2804 introspicere
2745 2748 2965 2811 prapter
2988 2758 3179 2799 eorum
3208 2745 3424 2801 subtili-

1856 2829 2042 2885 tatem,
2082 2824 2305 2892 peiinde
2335 2841 2400 2879 ac
2429 2827 2474 2882 si
2506 2827 2699 2883 nebula
2723 2845 2789 2884 ea
2831 2830 3140 2900 obtegeret;
3171 2849 3310 2904 opus
3339 2842 3425 2890 est

1856 2911 2039 2981 igitur,
2072 2922 2132 2967 ut
2162 2914 2216 2968 in
2245 2926 2423 2971 mente
2454 2918 2738 2973 exoriatur
2769 2920 2850 2976 sol
2871 2921 3118 2992 justitite,
3163 2932 3218 2979 et
3243 2923 3426 2996 abigat

1860 3003 2206 3060 incubantem
2242 3008 2516 3073 nebulam,
2547 3019 2607 3064 ut
2637 3011 2709 3065 ita
2739 3012 2908 3080 possit
2938 3014 3107 3070 lector
3133 3030 3270 3086 puro
3296 3030 3425 3071 cor-

185 3077 407 3150 καθαρῷ
437 3078 516 3150 τῷ
542 3080 747 3153 ὄμματι
769 3086 868 3158 τῆς
890 3088 1117 3160 καρδίας
1146 3090 1270 3146 ἰδεῖν
1298 3095 1326 3147 ὁ
1359 3077 1740 3164 ἀναγινώσκων

1924 3110 1934 3148 ε
1967 3097 2127 3151 oculo
2151 3097 2333 3154 videre
2357 3115 2578 3156 sensum
2610 3104 2885 3159 latentem.

183 3167 267 3221 τὸν
298 3170 620 3240 ἐγκείμενον
643 3174 785 3229 νοῦν.

244 3259 331 3314 11.
379 3262 454 3316 Τὸ
487 3263 721 3337 σκληρὸν
762 3267 857 3322 τοῦ
902 3269 1061 3339 λόγου
1101 3273 1266 3327 αὑτοῦ
1313 3277 1405 3329 καὶ
1450 3279 1752 3351 τηλαυγὲς,

181 3348 370 3426 ὥσπερ
407 3355 470 3409 τὸ
510 3356 846 3428 κρύσταλλον
873 3378 886 3391 ·
923 3363 1177 3435 σημαίνει
1206 3365 1263 3418 δὲ
1300 3366 1375 3437 (4)
1404 3348 1513 3423 καὶ⁷
1538 3371 1599 3424 τὸ
1624 3348 1758 3436 ζωο-

180 3444 365 3499 ποιοῦν
393 3447 581 3508 αύτοῦ.
610 3449 797 3524 ὥσπερ
824 3454 851 3506 ὁ
881 3453 1094 3525 ψωμός.

244 3538 332 3593 12.
371 3540 445 3593 Τὸ
474 3543 744 3613 φρικῶδες
784 3547 880 3599 καὶ
907 3547 1135 3618 φοϐερὸν
1188 3548 1282 3602 τοῦ
1332 3550 1498 3622 νόμου
1537 3553 1611 3626 (5)
1636 3553 1757 3625 ἐδή-

179 3638 368 3695 λωσεν,
400 3632 477 3695 ὡς
505 3634 732 3704 νομίζω.

244 3723 334 3778 13.
357 3723 742 3787 Ἐξαποστελεί
769 3728 859 3783 τὸν
896 3729 1023 3782 Υἰὺν
1053 3731 1219 3785 αὐτοῦ
1251 3732 1339 3787 τὸν
1371 3738 1631 3809 μονογενῆ
1663 3737 1755 3791 τὸν

178 3813 333 3884 ἥλιον
364 3816 464 3886 τῆς
489 3817 853 3882 δικαιοσύνης,
874 3822 968 3873 καὶ
989 3820 1228 3876 διαλύσει
1255 3823 1414 3887 αὐτὰ,
1439 3826 1756 3898 ἑρμηνεύων

176 3907 304 3976 ἡμῖν
337 3906 408 3961 τὰ
436 3909 645 3981 σκληρὰ
670 3914 765 3963 καὶ
787 3912 1053 3982 δυσνόητα
1086 3913 1179 3966 τοῦ
1205 3914 1371 3986 νόμου
1398 3915 1496 3989 (6).

248 4000 340 4057 14.
404 4002 776 4073 Ἐπιιροιτήσει
822 4006 877 4058 τὸ
910 4006 1135 4078 Πνεῦμα
1186 4008 1246 4061 τὸ
1291 4009 1447 4078 ἅγιον
1496 4009 1661 4063 αὐτοῦ
1696 4011 1754 4066 ἐν

176 4093 280 4156 τοῖς
304 4091 639 4164 ἀνθρώποις,
669 4097 762 4148 καὶ
796 4098 1081 4167 ῥεύσουσιν
1112 4102 1177 4153 ἐκ
1211 4100 1310 4171 τῆς
1342 4099 1549 4165 κοιλίας
1574 4101 1755 4155 αὐτῶν

175 4184 417 4255 ποταμοὶ
452 4182 642 4249 ὓδατος
666 4186 889 4251 ζῶντος.

240 4265 350 4329 15.⁴
378 4274 438 4328 Ὀ
470 4276 716 4347 φανερῶν
763 4278 851 4330 τὸν
887 4279 1011 4331 Υἰδν
1045 4279 1207 4333 αὐτοῦ
1240 4279 1318 4350 τῷ
1349 4279 1460 4350 λαῷ
1480 4279 1557 4351 τῷ
1590 4280 1753 4350 ἐσχά-

170 4380 264 4437 τῳ.
284 4364 493 4421 Ἰακὼϐ
515 4367 622 4439 γὰρ
652 4369 1007 4440 ἑρμηνεύεται
1034 4370 1265 4439 κρατῶν
1290 4375 1541 4440 ἔσχατα.

1932 3277 2015 3331 11.
2050 3276 2278 3345 Durum,
2323 3295 2388 3335 ac
2433 3278 2730 3335 dilucidum
2772 3296 2892 3337 esse
2936 3297 3245 3339 sermonem
3281 3282 3423 3354 ejus,

1858 3369 2002 3423 sicut
2044 3371 2357 3441 crystallum
2387 3388 2401 3424 :
2432 3372 2703 3443 signiﬁcat
2736 3382 2915 3428 autem
2962 3375 3126 3429 etiam
3151 3374 3425 3432 viviticum

1857 3476 1999 3525 esse,
2035 3464 2199 3517 veluti
2235 3464 2555 3519 buccellam.

1928 3553 2015 3609 12.
2054 3552 2350 3611 Ostendere
2399 3557 2591 3624 voluit,
2618 3564 2677 3611 ut
2705 3566 2856 3628 puto,
2903 3557 3199 3613 timendum
3224 3574 3289 3614 ac
3322 3568 3428 3614 που

1857 3644 2112 3699 mendum
2145 3660 2265 3701 esse
2290 3660 2600 3703 sermonem
2627 3646 2768 3716 ejus.

1928 3736 2015 3790 15.
2057 3735 2279 3792 Emittet
2306 3735 2504 3792 Filium
2560 3752 2719 3793 suum
2748 3737 3083 3807 unigenitum
3128 3738 3295 3793 solem
3338 3737 3426 3809 ju-

1857 3827 2036 3893 stitiae,
2060 3837 2112 3883 et
2145 3828 2404 3885 dissolvet
2425 3845 2489 3885 ea
2522 3830 2649 3899 (hoc
2678 3838 2760 3885 est
2802 3830 3015 3899 eloquia
3063 3830 3426 3901 interpretans

1857 3921 2015 3976 nobis
2037 3920 2271 3976 obscura
2296 3931 2350 3976 et
2377 3921 2611 3976 dilIicilia
2639 3921 2812 3992 legis).

1928 4013 2015 4067 14.
2055 4012 2319 4068 Adveniet
2363 4013 2598 4084 Spiritus
2639 4020 2861 4067 sanctus
2904 4011 3023 4081 ejus
3051 4011 3104 4066 in
3141 4011 3425 4074 homines,

1856 4109 1912 4156 et
1949 4100 2117 4157 ﬂuent
2145 4119 2210 4157 ex
2254 4102 2497 4174 ipsorum
2529 4113 2715 4159 ventre
2760 4100 2985 4158 ﬂumina
3019 4116 3173 4171 aqua:
3202 4102 3339 4155 vivae
3359 4099 3424 4154 ν’.

1932 4276 2020 4331 15.
2061 4275 2165 4343 Qui
2205 4278 2523 4334 manifestat
2567 4279 2767 4335 Filium
2820 4296 2979 4336 suum
3015 4279 3215 4352 populo
3246 4279 3425 4337 novis-

1859 4369 2020 4424 simo.
2073 4368 2237 4423 Iacob
2268 4373 2413 4426 enim
2446 4373 2831 4445 interpretatur
2858 4385 3035 4432 tenens
3065 4386 3320 4430 extrema.

239 4458 329 4513 16.
356 4459 468 4512 Καὶ
496 4429 562 4513 τά
582 4429 979 4533 προστάγματα
1000 4429 1166 4516 αὑτοῦ
1199 4429 1450 4535 φανερῶν
1474 4466 1589 4528 τοῖς
1613 4464 1740 4536 ὁρῶ-

1928 4458 2015 4514 16.
2058 4457 2124 4514 Ει
2156 4471 2423 4532 praecepta
2456 4479 2557 4519 sua
2589 4429 2911 4523 manifestat
2953 4467 3020 4522 iis
3046 4507 3062 4532 ,
3106 4465 3201 4536 qui
3248 4469 3429 4518 mente

169 4566 252 4603 σιν
278 4551 450 4605 αὐτὸν
480 4554 545 4623 τῇ
580 4551 808 4624 διανοίᾳ.

233 4641 323 4695 17.
356 4641 508 4708 Ἕως
535 4643 642 4715 γὰρ
673 4644 775 4715 τῆς
814 4644 1113 4715 παρουσίας
1141 4645 1305 4700 αὑτοῦ
1336 4648 1435 4701 ούκ
1496 4648 1752 4719 ἐποίησεν

164 4730 309 4786 οὕτω
344 4734 513 4786 παντὶ
563 4733 728 4799 ἔθνει,
768 4734 829 4787 τὸ
871 4735 946 4806 (7)
976 4735 1065 4789 τὸν
1116 4735 1272 4805 λόγον
1308 4737 1470 4793 αὑτοῦ
1522 4738 1752 4793 ἀκοῦσαι

163 4820 229 4874 ἐκ
262 4821 539 4892 στόματός
567 4840 690 4893 μου.

240 4912 328 4969 18.
362 4914 478 4967 Καὶ
517 4913 661 4969 οὕτω
701 4914 771 4969 τὰ
796 4918 1038 4988 κρίματα
1060 4916 1223 4970 αὑτοῦ
1251 4919 1352 4973 οὐκ
1374 4917 1754 4989 ἐδήλωσεν,ὠς

162 5007 276 5071 τοῖς
306 5006 403 5059 ἐπ’
427 5005 672 5077 ἐσχάτων
697 5007 805 5062 τῶν
828 5010 1049 5082 ἡμερῶν
1072 5009 1428 5065 πιστεύσασιν
1449 5012 1529 5075 είς
1559 5011 1745 5066 αὐτόν.

236 5144 284 5177 ⁸⁵
320 5143 489 5203 Joan.
533 5162 629 5212 vn,
671 5147 760 5213 58,
802 5149 893 5204 59.

1857 4568 1983 4608 eum
2013 4553 2212 4608 vident.

1931 4644 2018 4698 17.
2065 4644 2248 4715 Usque
2273 4645 2416 4701 enim
2452 4646 2519 4702 ad
2561 4647 2851 4702 adventum
2878 4648 2998 4719 ejus
3028 4648 3160 4703 nulli
3187 4644 3331 4718 genti
3356 4645 3428 4700 ita

1857 4735 2006 4805 fecit,
2040 4747 2100 4792 ut
2126 4739 2351 4793 verbum
2382 4754 2543 4812 suum
2573 4754 2641 4793 ex
2674 4754 2770 4795 ore
2796 4740 2916 4811 ejus
2944 4741 3217 4795 audirent.

1932 4917 2019 4972 18.
2059 4914 2247 4987 Neque
2276 4916 2349 4969 ita
2377 4915 2583 4985 judicia
2613 4930 2713 4971 sua
2746 4916 3137 4983 manifestavit,
3168 4921 3230 4970 ut
3256 4914 3312 4994 in
3343 4913 3426 4966 ul-

1856 5006 2009 5063 timis
2037 5007 2231 5064 diebus
2260 5008 2610 5063 credentibus
2636 5009 2690 5062 in
2712 5024 2862 5064 eum.

1122 5264 1425 5327 Addenda
1470 5272 1530 5325 et
1564 5261 1940 5343 corrigenda
1973 5278 2051 5324 ex
2099 5264 2239 5326 cod.
2271 5261 2476 5323 Vatia.

231 5432 502 5519 (1).Ν..7.
541 5432 602 5519 ’ρ
633 5430 992 5519 ἁπρσξέέὲων,
1023 5438 1150 5512 cit},
1172 5432 1577 5519 'ﬁpogo-Tzév’cﬁ

156 5499 356 5577 αγὼγῇ
382 5505 451 5575 τῇ
476 5500 659 5572 γηίνῃ.
684 5499 751 5555 Ν.
778 5500 983 5559 8.”Εως
1009 5501 1103 5554 τοῦ
1126 5499 1330 5583 κόσμου
1356 5499 1414 5556 ἐν
1435 5499 1611 5574 τάχει,
1631 5512 1736 5559 etc.

231 5576 324 5647 (2)7
354 5572 431 5647 Τὸ
451 5570 777 5647 ἀκᾴθαῳρτονῄ,
802 5572 902 5640 leg.
927 5579 1106 5626 tamen
1135 5574 1241 5626 vnd.
1271 5572 1528 5643 καθαρόν.

231 5640 337 5726 (ξ’)
354 5643 457 5726 ἐκ,
490 5642 692 5726 αὐτοῖς.
728 5640 881 5726 Εοιτ.
1028 5710 1071 5726 Μ
1166 5712 1177 5723 .
1260 5710 1282 5726 ⁸
1312 5713 1334 5726 υ

232 5710 327 5784 (ω’
354 5714 729 5781 Παραγαγεϊν,
756 5721 884 5774 elc.,
917 5710 1136 5773 καοδίας
1163 5710 1384 5778 ἐπιδεῖν,
1410 5719 1516 5766 etc.

1920 5438 1997 5485 ιιι)
2037 5431 2103 5483 Δέ
2135 5431 2303 5485 deest.

1922 5438 1998 5570 ηιξ
2037 5438 2303 5510 Aé_deest.
2424 5497 2502 5515 ψ
2727 5495 2740 5512 ι

1922 5496 1977 5572 (5
2038 5502 2145 5552 Του
2176 5501 2341 5572 νόμον
2392 5500 2679 5572 ἐοηλωσεν,
2712 5514 2787 5561 ως
2829 5496 3132 5568 λογίζομαι.
3157 5527 3228 5540 ιο-
3248 5497 3420 5567 Λόγου

1848 5569 1905 5624 in
1932 5567 2105 5637 marg.
2135 5567 2257 5625 cod.
2287 5567 2567 5624 Barberin.

1922 5638 2209 5723 ςὲὶὲἱουκ
2327 5717 2337 5723 .
2525 5706 2538 5723 ,
2790 5706 2905 5723 .-

1923 5642 1976 5708 (6
2038 5642 2185 5691 Βίου.
2881 5706 2905 5717 _

1923 5642 2001 5780 (7;
2035 5708 2125 5779 Τῷ
2152 5710 2262 5776 τόν,
2292 5717 2420 5778 etc.,
2450 5706 2711 5777 στόματος
2744 5706 2928 5760 αὐτου.
