3702 6392
235 349 365 405 15⁸51

1111 347 1169 405 S.
1209 347 1586 405 ATHANASII
1621 349 1772 406 OPP.
1813 350 1996 407 PARS
2025 350 2114 406 lll.
2155 379 2230 393 —
2260 350 2674 410 EXEGETICA.

3378 351 3494 409 I353

289 465 542 522 Alleluia.
581 468 763 539 Aggtei
789 476 839 522 et
868 466 1165 522 Zachariae.
1213 466 1414 523 PSAL.
1453 467 1595 524 CXL
1610 467 1778 525 VIII.

1992 472 2306 538 λληλούτα.
2350 472 2617 542 Ἀγγαίου
2643 469 2740 524 καὶ
2772 469 3095 540 Ζαχαρίου.
3123 472 3293 525 ΨΑΛ.
3319 473 3490 529 PMH'.

316 557 364 608 l.
405 554 648 609 Laudate
678 553 970 608 Dominum
1002 553 1070 609 de
1101 554 1258 610 caelis
1288 572 1306 609 :

347 688 362 702 .
403 644 646 700 Laudate
675 659 801 699 eum
831 644 889 698 iu
917 644 1173 701 excelsis.

348 777 363 791 .
406 736 647 792 Laudate
675 750 824 800 enm,
864 750 1058 791 omnes
1086 738 1263 809 angeli
1296 740 1441 810 ejus.

350 868 364 882 .
405 826 649 883 Laudate
676 843 825 891 eum,
852 842 1045 884 omnes
1074 828 1306 889 virtutes
1335 833 1480 903 ejus.

349 959 365 973 .
405 917 648 976 Laudate
667 934 817 982 eum,
848 918 928 975 sol
953 931 1008 975 et
1031 920 1157 975 luna
1191 938 1206 974 :

351 1055 363 1067 .
404 1013 648 1069 Laudate
674 1029 824 1082 eum,
858 1030 1051 1072 omnes
1082 1017 1253 1073 stella:
1282 1028 1337 1075 et
1361 1019 1566 1076 lumen.

308 1105 364 1162 7.
407 1104 651 1160 Laudate
678 1121 828 1173 eum,
860 1107 987 1163 caeli
1023 1106 1315 1177 caelorum,

307 647 344 701 9.

309 737 344 792 5

308 828 343 883 ι

309 920 343 973 5

308 1014 345 1068 6

2003 561 2054 614 l.
2092 561 2304 615 Αἰνεῖτε
2333 563 2427 615 τὸν
2456 562 2660 634 Κύριον
2688 564 2753 615 ὲκ
2783 561 2893 615 τῶν
2917 561 3164 635 οὐρανῶν
3182 578 3199 592 ·

1991 652 2046 705 Ξ.
2089 654 2299 707 Αἰνεῖτε
2331 655 2493 708 αὑτὸν
2522 656 2581 707 ὲν
2606 657 2720 720 τοῖς
2750 654 3013 725 ὑψίστοις.

1998 746 2051 799 5.
2095 747 2307 799 Αἰνεῖτε
2336 746 2521 811 αὐτὸν,
2556 746 2756 811 πάντες
2784 748 2834 799 οἱ
2860 746 3081 816 ἄγγελοι
3107 747 3299 806 αὑτοῦ.

1996 836 2050 889 4.
2087 838 2299 891 Αἰνεῖτε
2332 838 2515 902 αὐτὸν,
2550 841 2721 893 πᾶσαι
2754 841 2809 892 αἱ
2838 839 3098 910 δυνάμεις
3125 840 3292 894 αὑτοῦ
3316 856 3331 871 ’

1996 928 2049 983 5.
2089 930 2301 983 Αἰνεῖτε
2330 930 2515 995 αὐτὸν,
2540 930 2691 1002 ἥλιος
2719 930 2813 985 καὶ
2842 930 3034 1004 σελήνη
3056 948 3070 962 ·

1994 1018 2049 1074 6.
2089 1022 2299 1075 Αἰνεῖτε
2329 1022 2511 1090 αὐτὸν,
2538 1023 2716 1076 πάντα
2744 1023 2813 1077 τά
2839 1022 3016 1095 ἄστρα
3046 1024 3142 1079 καὶ
3167 1024 3227 1079 τὸ
3257 1025 3389 1097 φῶς.

1994 1115 2048 1167 7.
2089 1115 2302 1168 Αἰνεῖτε
2330 1115 2515 1179 αὐτὸν,
2545 1116 2595 1169 οἱ
2629 1115 2850 1188 οὐρανοὶ
2878 1115 2988 1169 τῶν
3013 1116 3283 1188 οὐρανῶν,

1362 1290 1746 1346 ATHANASII
1791 1290 2387 1348 INTERPRETATIO.

321 1443 384 1498 Ἦ
412 1446 744 1518 προκειμένη
778 1448 1057 1520 ἐπιγραφὴ
1084 1449 1329 1520 περιέχει
1354 1450 1429 1521 (l)
1452 1467 1466 1482 '
1503 1450 1795 1518 Ἀλληλού

1992 1450 2200 1520 γυναίου
2230 1450 2329 1504 καὶ
2359 1449 2659 1519 Ζαχαρίου
2683 1466 2701 1483 ·
2733 1450 2933 1523 εἴρηκα
2957 1451 3016 1506 δὲ
3040 1450 3325 1517 πολλάκις,
3347 1452 3494 1508 ὅτιτὸ

236 1539 574 1606 summa
604 1542 965 1613 ἑρμηνεύεται
990 1543 1209 1598 αίνεῐτε
1230 1545 1336 1599 τὸν
1366 1549 1514 1600 Θεόν
1532 1563 1546 1575 ·
1568 1546 1842 1616 Ἀγγαίου
1867 1544 1925 1598 δὲ
1945 1544 2305 1619 ἑρμηνεύεται
2326 1543 2705 1614 ἐορτάζοντος
2723 1559 2737 1573 ·
2754 1544 3050 1614 Ζαχαρίου
3069 1543 3125 1597 δὲ
3153 1543 3495 1615 ἑρμηνεύεται

236 1638 627 1706 μνησκομένη
661 1636 1237 1710 [μνημονευομένου]
1253 1643 1497 1709 Κυρίου,
1527 1642 1620 1695 καὶ
1644 1641 1805 1695 πάλιν
1826 1642 1964 1709 νίκη
1999 1641 2104 1696 τοῦ
2140 1642 2412 1707 λέοντος.
2456 1637 2663 1694 Ούκοῦν
2694 1634 2843 1702 αἶνος
2870 1636 2991 1709 Θεῷ
3018 1637 3126 1691 τῶν
3150 1637 3496 1708 ἑορταζόντων

238 1727 337 1796 τὴν
360 1730 583 1800 μνήμην
607 1731 700 1783 καὶ
725 1731 821 1801 τὴν
845 1731 1002 1802 νίκην
1031 1733 1126 1787 τοῦ
1154 1734 1389 1799 λεοντος,
1404 1737 1652 1790 τουτέστι
1675 1737 1771 1789 τοῦ
1794 1736 2002 1808 Κυρίου
2034 1737 2066 1808 ἡ
2074 1736 2192 1807 μῶν
2206 1735 2381 1808 Ἰησοῦ
2402 1732 2642 1807 Χριστοῦ
2666 1734 2765 1805 τὴν
2782 1733 3083 1806 παρουσίαν
3108 1734 3206 1787 καὶ
3225 1733 3290 1786 τδ
3323 1732 3495 1795 πάθος.

312 1816 528 1874 Titulus
557 1823 883 1890 praepOsitus
934 1825 1180 1881 continet
1208 1843 1221 1879 :
1247 1827 1505 1895 Alleluia,
1541 1830 1726 1898 Aggazi
1748 1838 1799 1883 et
1826 1827 2103 1883 Zachariae
2133 1844 2152 1883 :
2186 1829 2387 1899 saepius
2440 1836 2621 1883 autem
2651 1827 2765 1882 dixi
2808 1825 2955 1896 quod
2986 1825 3209 1880 alleluia
3243 1825 3497 1895 interpre-

240 1920 414 1972 tatur,
446 1909 667 1965 laudate
690 1912 861 1966 Deum
886 1926 905 1967 :
933 1914 1118 1987 Agga'i
1150 1930 1333 1973 autem
1367 1920 1781 1988 interpretatur,
1810 1917 2002 1987 festum
2034 1919 2237 1988 agentis
2266 1930 2286 1968 :
2315 1915 2595 1970 Zacharia:
2623 1923 2805 1970 autem
2839 1915 3251 1986 interpretatur,
3286 1916 3373 1985 qui
3402 1931 3499 1969 nte-

244 2024 357 2061 mor
388 2018 466 2062 est
504 2009 717 2064 Domini
743 2020 906 2081 atque
934 2012 1098 2067 etiam
1130 2011 1358 2065 victoria
1388 2012 1577 2066 leonis.
1612 2011 1756 2066 Laus
1787 2011 1953 2082 igitur
1998 2009 2108 2065 Deo
2137 2025 2327 2079 eorum
2382 2009 2477 2079 qui
2511 2008 2711 2064 festum
2739 2016 2929 2079 agunt,
2961 2008 3272 2063 recolentes
3305 2022 3498 2062 memo-

243 2099 380 2153 riam
425 2109 480 2155 et
509 2100 796 2156 victoriam
821 2102 1019 2170 leonis,
1055 2102 1161 2158 hoc
1182 2111 1290 2170 est,
1325 2103 1622 2160 adventum
1658 2114 1714 2159 et
1735 2103 2055 2175 passionem
2081 2102 2298 2158 Domini
2322 2101 2495 2157 nostri
2527 2099 2652 2156 Jesu
2676 2098 2902 2155 Christi.

312 2215 423 2269 l4.
468 2215 603 2271 Cum
650 2218 794 2272 enim
832 2228 993 2274 natus
1019 2227 1104 2274 est
1133 2217 1275 2274 Deus
1320 2220 1376 2273 in
1420 2228 1563 2275 terra
1594 2228 1795 2291 proptei

1997 2218 2111 2272 1-4.
2153 2218 2346 2272 Ἡνίκα
2375 2217 2484 2289 γὰρ
2524 2214 2720 2287 ἐτέχθη
2752 2214 2845 2269 ἐπὶ
2872 2213 2972 2285 τῆς
2996 2211 3102 2284 γῆς
3135 2211 3225 2266 διὰ
3252 2212 3353 2285 τὴν
3380 2214 3501 2285 ἡμε-

242 2315 483 2362 nostram
514 2309 766 2374 salutem,
811 2310 1187 2367 clamaverunt
1219 2312 1286 2367 de
1316 2311 1472 2367 ctelis
1494 2350 1510 2377 ,
1540 2321 1594 2366 et
1624 2328 1691 2367 ex
1726 2328 1821 2367 ex-

240 2400 402 2455 celsis
438 2416 630 2456 omnes
674 2401 928 2458 ctelestes
956 2402 1235 2459 exercitus
1265 2422 1280 2460 :
1318 2403 1503 2459 Gloria
1533 2405 1587 2458 in
1617 2403 1822 2459 altissi-

241 2491 341 2545 mis
372 2490 510 2559 Deo,
560 2502 609 2546 el
647 2494 703 2547 in
751 2503 897 2548 terra
925 2510 1065 2565 pax,
1105 2497 1161 2550 in
1190 2497 1493 2551 horninibus
1524 2495 1822 2566 beneplaci-

241 2583 448 2650 tum";
474 2584 728 2641 similiter
755 2586 920 2640 etiam
950 2587 1194 2657 quotidie
1222 2589 1450 2644 laudant
1476 2604 1601 2643 eum
1630 2606 1644 2642 :
1674 2588 1821 2658 quod

238 2683 421 2728 autem
461 2675 593 2731 dicit
636 2691 782 2731 nunc
823 2676 1091 2749 Propheta
1139 2680 1429 2737 manifeste
1471 2696 1502 2736 e
1542 2680 1822 2750 Scriptura

241 2766 672 2823 demonstratum
717 2778 821 2825 est.
872 2769 1141 2827 Nimirum
1190 2774 1278 2829 hic
1339 2774 1500 2830 nobis
1564 2775 1825 2830 indicavit

242 2857 694 2927 gloriﬁcationem
738 2862 937 2917 laetam
985 2865 1041 2920 in
1086 2865 1207 2935 ejus
1252 2866 1488 2922 adventu
1539 2883 1571 2921 a
1612 2868 1822 2923 ccelesti

242 2952 505 3018 exercitu,
529 2956 993 3027 quemadmodum
1026 2958 1299 3028 scriptum,
1323 2968 1428 3014 est.

315 3156 371 3223 5,
392 3157 445 3213 6.
471 3157 679 3216 Sensus
695 3161 912 3231 quidem
934 3163 1187 3232 proprius
1203 3163 1526 3221 manifestus
1550 3174 1652 3231 est,
1679 3166 1825 3236 quod

250 3247 460 3304 scilicet
487 3263 556 3304 ex
593 3260 842 3320 aspectu,
869 3260 923 3306 et
954 3267 1019 3306 ex
1049 3267 1115 3305 eo
1149 3254 1294 3323 quod
1330 3256 1693 3324 praestitutum
1719 3256 1823 3311 sibi

247 3352 473 3393 cursum
520 3339 852 3405 conﬁciant,
890 3342 1117 3410 gloriam
1149 3335 1390 3412 praebent
1437 3344 1629 3400 factori
1675 3361 1821 3401 suo:

250 3426 320 3483 Ut
348 3429 559 3484 videant
602 3448 761 3501 opera
798 3442 968 3486 vestra
996 3436 1152 3498 bona,
1188 3444 1239 3488 et
1268 3434 1562 3505 gloriﬁcent
1603 3435 1826 3492 Patrem

245 3533 477 3573 oestrum
502 3562 517 3589 ,
552 3522 643 3592 qui
686 3523 744 3576 in
778 3522 922 3577 caelis
975 3532 1054 3578 est
1077 3525 1164 3578 ¹⁸⁶.
1201 3523 1621 3594 Verumtamen,
1678 3527 1825 3597 quod

1926 2311 2093 2382 τέραν
2122 2311 2398 2382 σωτηρίαν
2425 2312 2453 2364 ὁ
2490 2309 2624 2373 Θεὸς
2660 2307 2758 2380 (2),
2794 2306 3094 2378 ἀνεϐόησαν
3124 2307 3190 2359 ὲκ
3216 2305 3331 2359 τῶν
3353 2308 3500 2378 ούρα-

1933 2403 2039 2457 νῶν
2065 2403 2160 2456 καὶ
2186 2405 2251 2455 ἐκ
2270 2402 2379 2457 τῶν
2408 2401 2648 2472 ὑψίστων
2672 2402 2844 2453 πᾶσαι
2873 2400 2928 2453 αἱ
2956 2398 3205 2471 οὐράνιαι
3230 2397 3500 2470 στρατιαί’

1922 2494 2078 2559 Δόξα
2123 2495 2193 2547 ἐν
2229 2494 2514 2562 ὑψίστοις
2548 2491 2703 2558 Θεῷ,
2752 2491 2852 2546 καί
2881 2490 2980 2545 ἐπὶ
3020 2489 3138 2560 τῆς
3180 2488 3416 2559 εἰρήνη,
3440 2490 3500 2543 ἐν

1922 2583 2255 2653 ἀνθρώποις
2282 2583 2527 2638 εὐδοκία
2551 2601 2566 2615 ο
2602 2584 2804 2655 ὁμοίως
2853 2584 2944 2637 καὶ
3002 2582 3125 2636 καθ’
3158 2582 3395 2652 ἑκάστην
3419 2583 3500 2636 ἀν-

1924 2677 2182 2749 υμνούσιν
2211 2677 2392 2731 αὐτόν.
2420 2678 2485 2730 '0
2511 2677 2566 2730 δὲ
2602 2676 2751 2745 λέγει
2780 2675 2877 2729 νῦν
2906 2677 2935 2729 ὁ
2961 2676 3251 2747 προφήτης
3275 2715 3290 2739 ,
3332 2673 3501 2744 σαφῶς

1924 2770 2035 2824 ἀπὸ
2078 2770 2180 2841 τῆς
2218 2770 2445 2842 Γραφῆς
2492 2769 2908 2823 ἀποδέδεικται·
2954 2769 3037 2821 ὅτι
3081 2769 3181 2839 τὴν
3215 2767 3503 2839 γενομένην

1924 2863 2031 2915 ὑπὸ
2066 2863 2167 2933 τῆς
2200 2862 2453 2934 οὐρανίου
2497 2863 2754 2933 στρατιᾶς
2786 2859 3095 2928 δοξολογίαν
3120 2861 3216 2913 ἐπὶ
3243 2862 3343 2931 τῆς
3377 2877 3504 2932 παρ-

1922 2955 2107 3020 ουσίας
2154 2955 2319 3008 αὑτοῦ
2370 2954 2641 3026 ἐδήλωσεν
2690 2955 2821 3025 ἡμῖν
2864 2952 3134 3019 ἐνταῦθα,
3189 2952 3372 3017 καθὼς
3420 2952 3503 3005 νέ-

1926 3065 2193 3121 γραπται.

1996 3140 2050 3208 5,
2087 3140 2141 3195 6.
2174 3140 2248 3193 Τὸ
2282 3138 2381 3211 μὲν
2406 3139 2606 3193 εἰδικὸν
2628 3136 2790 3208 δῆλόν
2815 3136 2986 3198 ἐστιν,
3012 3137 3093 3189 ὅτι
3116 3135 3208 3189 διὰ
3240 3135 3337 3206 τῆς
3367 3134 3503 3197 θέας,

1927 3233 2020 3286 καὶ
2040 3231 2136 3285 τοῦ
2164 3231 2338 3285 τελεῖν
2359 3231 2499 3286 αύτά
2535 3230 2626 3284 τὸν
2651 3228 3066 3301 προσταχθέντα
3091 3227 3278 3290 αὐτοῖς
3297 3226 3505 3297 δρόμον,

1925 3323 2238 3388 δοξάζουσιν
2279 3322 2441 3377 αὐτὸν
2465 3322 2556 3375 τὸν
2589 3322 2892 3392 ποιήσαντα
2915 3318 2985 3372 τὰ
3013 3317 3158 3372 αύτά
3185 3317 3287 3388 ('5)°
3319 3317 3507 3379 Ὅπως

1927 3413 2140 3468 ἴδωσιν
2176 3412 2345 3483 ὑμῶν
2383 3414 2457 3466 τὰ
2493 3410 2652 3467 καλὰ
2687 3410 2831 3479 ἕρτα
2852 3451 2867 3477 ,
2912 3407 3013 3462 καὶ
3063 3407 3375 3473 δοξάσωσι
3410 3405 3509 3459 τὸν

1927 3506 2158 3574 Πατέρα
2186 3504 2352 3575 ὑμῶν
2374 3503 2481 3558 τὸν
2506 3504 2576 3557 ἐν
2600 3501 2727 3568 τοῖς
2754 3500 3052 3571 οὐρανοῖς.
3072 3502 3268 3573 Ὅμως
3285 3500 3347 3553 τὸ
3369 3501 3509 3570 clm-

244 3614 477 3685 mystice
505 3590 846 3687 signiﬁcatur
889 3618 943 3672 in
985 3617 1260 3685 versibus,
1288 3618 1358 3673 de
1382 3620 1586 3689 quibus
1606 3590 1795 3691 vagi-tur

1992 3596 2091 3651 ἕνον
2146 3596 2240 3649 ἐπὶ
2270 3594 2366 3649 τοῦ
2402 3593 2791 3667 προκειμένου,
2824 3593 2901 3657 ὡς
2931 3592 3040 3647 ἀπὸ
3070 3593 3173 3664 τῆς
3205 3590 3509 3662 ἐπιγραφῆς

245 3714 392 3761 certe
434 3721 498 3761 ex
551 3707 712 3763 titulo
761 3723 856 3763 seu
905 3707 1262 3777 inscriptione
1312 3709 1612 3780 intelligere
1649 3711 1823 3767 licet:

243 3795 494 3853 videlicet
519 3786 757 3865 laudem,
787 3815 953 3870 quam
981 3800 1034 3854 in
1068 3799 1326 3870 passione
1356 3816 1453 3857 sua
1479 3802 1530 3857 ei
1580 3796 1828 3872 praebue-

245 3896 377 3944 runt
401 3889 692 3945 luminaria
724 3900 779 3945 et
826 3891 942 3955 lux,
997 3891 1258 3947 indicavit
1285 3891 1444 3948 nobis
1476 3909 1490 3947 :
1522 3909 1647 3948 cum
1678 3894 1826 3949 enim

247 3978 497 4035 conﬁxus
522 3991 608 4035 est
635 3980 691 4035 in
722 3996 886 4037 cruce
907 4021 923 4046 ,
958 3983 1195 4038 tenebris
1242 3985 1448 4041 suﬂ'usa
1480 3986 1827 4042 demonstra-

246 4075 414 4134 runt,
443 4069 601 4124 illum
639 4086 763 4126 esse
783 4110 799 4137 ,
839 4071 935 4140 qui
968 4086 1032 4127 ea
1064 4073 1302 4127 creando
1327 4073 1617 4141 effecerat,
1650 4087 1709 4131 ut
1734 4077 1828 4130 lux

247 4170 450 4216 essent.

321 4251 372 4308 7.
434 4252 719 4311 Manileste
769 4254 933 4310 etiam
977 4255 1107 4312 ειειί
1149 4256 1414 4313 caelorum
1467 4256 1832 4314 laudaverunt

248 4357 397 4409 eum,
423 4344 750 4400 inclinantes
778 4344 998 4415 quidem
1027 4362 1089 4402 se
1124 4345 1226 4417 ipsi
1254 4346 1380 4416 ejus
1408 4346 1605 4402 virtuti.
1627 4346 1680 4400 in
1706 4346 1828 4416 eius

249 4434 321 4491 ad
349 4450 451 4492 nos
479 4436 738 4503 adventu,
781 4446 836 4492 et
882 4453 1078 4494 rursus
1105 4453 1164 4493 se
1206 4438 1310 4508 ipsi
1338 4438 1664 4508 aperientes,
1703 4456 1828 4496 cum

252 4542 284 4580 a
310 4527 470 4583 nobis
502 4543 756 4585 reversus
783 4538 886 4594 est,
919 4529 1063 4585 unde
1087 4530 1424 4586 descendens
1451 4530 1831 4601 inseparabilis

252 4629 550 4674 manserat.
576 4618 962 4676 Verumtamen
991 4621 1153 4675 aliam
1179 4637 1396 4692 quoque
1428 4623 1713 4694 mysticam
1742 4639 1831 4679 ex-

251 4706 598 4771 plicationem
622 4709 688 4764 de
712 4710 815 4765 hoc
834 4726 995 4766 versu
1024 4710 1292 4766 adducam
1337 4710 1456 4777 tibi,
1480 4712 1828 4772 charissime.

252 4797 431 4879 Nam:
463 4798 708 4853 Laudate
754 4816 893 4864 eum,
930 4800 1046 4855 caeli
1080 4802 1329 4856 caelorum
1355 4820 1373 4857 :
1407 4802 1510 4858 hoc
1539 4812 1647 4869 est,
1697 4821 1829 4875 apo-

254 4890 381 4945 stoli
407 4890 665 4969 omnibus
692 4892 899 4948 sanctis
919 4890 1296 4959 sublimiores,
1319 4894 1533 4951 laudate
1549 4910 1673 4952 eum
1696 4912 1829 4968 prte-

254 4980 523 5037 dicatione
552 4990 755 5037 vestra.

328 5115 372 5146 ³⁸
406 5112 545 5171 Luc.
581 5133 641 5182 ιι,
684 5118 772 5173 14.
851 5119 916 5150 ¹⁸⁶
957 5117 1145 5174 Matth.
1169 5136 1223 5184 ν,
1249 5120 1336 5175 l6.

1931 3689 2048 3742 ἔστι
2087 3687 2341 3753 συνιδεῖν,
2377 3688 2461 3741 ὅτι
2497 3686 2596 3758 τὴν
2622 3687 2679 3738 ὲν
2711 3684 2791 3756 τῷ
2827 3685 2989 3740 πάθει
3017 3684 3184 3739 αὑτοῦ
3213 3682 3507 3754 γενομένην

1932 3781 2139 3836 αίνεσιν
2167 3780 2273 3833 ὑπὸ
2306 3778 2413 3832 τῶν
2457 3777 2761 3848 φωστήρων
2789 3776 2885 3830 καὶ
2915 3774 3010 3829 τοῦ
3042 3775 3225 3846 φωτὸς
3251 3774 3509 3846 ἐδήλωσεν

1927 3873 2089 3944 ἡμῖνς
2118 3871 2281 3941 ἡνίκα
2311 3868 2422 3942 γὰρ
2456 3870 2669 3941 ὑπῆρχε
2714 3867 2977 3939 πεπηγὼς
3010 3867 3104 3922 ἐπὶ
3132 3866 3228 3921 τοῦ
3258 3863 3507 3936 σταυροῦ,

1932 3962 2288 4016 σκοτισθέντα
2338 3959 2627 4025 ἀπέδειξαν
2669 3961 2874 4013 ἐκεῖνον
2919 3959 3010 4011 τὸν
3054 3958 3157 4029 τὴν
3211 3957 3507 4011 ὑπόστασιν

1928 4053 2023 4108 τοῦ
2054 4050 2193 4107 εἶναι
2228 4053 2369 4106 αύτά
2401 4052 2516 4122 φῶς
2543 4053 3040 4125 δημιουργήσαντα.

2001 4254 2053 4307 7.
2095 4251 2290 4323 Σαφῶς
2327 4251 2421 4305 καὶ
2455 4252 2506 4305 οί
2543 4252 2767 4323 οὐρανοὶ
2795 4248 2902 4304 τῶν
2928 4248 3178 4320 οὐρανῶν
3208 4248 3413 4321 ⁴ᾔνεσαν
3442 4246 3511 4316 (4⁷)

1929 4346 2112 4407 αὐτὸν.
2141 4346 2421 4409 κλίναντες
2447 4345 2545 4415 μὲν
2568 4345 2792 4409 ἑαυτοὺς
2815 4346 2880 4415 τῇ
2906 4341 3071 4396 αὐτοῦ
3108 4342 3343 4413 δυνάμει
3371 4342 3430 4393 ὲν
3451 4341 3514 4410 τῇ

1931 4438 2070 4511 πρὸς
2094 4438 2242 4509 ἡμᾶς
2268 4438 2551 4509 ἐπιδημίᾳ,
2576 4436 2876 4507 ἁνεῳγότες
2908 4434 2966 4486 δὲ
2995 4433 3160 4487 πάλιν
3189 4432 3364 4504 αὐτῷ,
3390 4432 3512 4485 ὅταν

1930 4531 2023 4599 ἀφ’
2053 4530 2209 4600 ἡμῶν
2246 4529 2420 4600 ἀνῄει,
2456 4527 2576 4581 ὅθεν
2610 4525 2886 4581 κατελθὼν
2928 4524 3237 4598 ἀχώριστος
3282 4525 3512 4596 ἔμεινεν.

1932 4621 2123 4691 Ὅμως
2148 4620 2205 4673 δὲ
2226 4620 2320 4673 καὶ
2341 4620 2507 4689 ἄλλην
2532 4635 2613 4671 σοι
2641 4618 2951 4690 παραγάγω
2978 4616 3218 4688 Θεωρίαν
3240 4617 3373 4688 περὶ
3398 4614 3516 4667 τού-

1928 4729 2046 4778 του,
2088 4712 2340 4783 ἀγαπητέ
2363 4729 2376 4741 ο
2413 4709 2640 4765 Αίνεῖτε
2664 4710 2773 4781 γὰρ
2803 4708 3009 4774 αὐτὸν,
3038 4711 3094 4762 οί
3122 4707 3375 4777 οὐρανοὶ
3406 4704 3520 4760 τῶν

1930 4803 2203 4872 οὐρανῶν
2229 4820 2242 4833 ·
2292 4802 2602 4866 τουτέστιν,
2652 4805 2701 4856 οἱ
2755 4802 3040 4856 ἀπόστολοι
3092 4803 3142 4854 οἱ
3193 4800 3519 4873 ὑψηλότεροι

1935 4896 2153 4950 πάντων
2181 4894 2290 4948 τῶν
2320 4895 2511 4965 ἁγίων,
2539 4895 2788 4950 αἰνέσατε
2815 4894 2976 4949 αὐτὸν
2997 4892 3088 4947 διὰ
3109 4892 3207 4947 τοῦ
3234 4891 3520 4966 κηρύγμα-

1932 5005 2022 5051 τος
2050 5006 2229 5059 υμων.

1208 5244 1516 5307 Addenda
1565 5255 1627 5308 et
1660 5250 2035 5329 corrigenda
2071 5271 2146 5315 ex
2185 5254 2321 5314 cod.
2361 5254 2558 5315 Vatic.

333 5358 407 5427 ll)
457 5360 520 5443 Ἡ
550 5359 764 5443 step];
805 5361 1175 5443 κινναϐάρεως
1213 5367 1487 5443 περιέχει,
1529 5377 1633 5443 etc.
1669 5370 1836 5443 Είρή-

333 5389 407 5427 μ]
476 5389 520 5412 ιι
550 5389 638 5413 usu
667 5389 761 5429 της,
808 5389 1174 5433 διινναυυιρεως
1213 5389 1487 5481 περιεχξι,
1529 5389 1633 5423 εις.
1669 5389 1732 5424 nt
1774 5389 1836 5443 η-

257 5446 434 5551 καμεν
469 5429 525 5482 δὲ
559 5430 838 5494 πολλάκις,
870 5441 1001 5495 etc.,
1031 5435 1230 5487 αἰνεῖτε
1257 5453 1346 5489 τιν
1373 5438 1499 5491 ὄντα
1522 5437 1673 5494 Θεόν.
1712 5389 1836 5528 ’.ἰγ-

257 5517 329 5551 γα
351 5516 421 5551 00
447 5500 502 5551 δὲ
535 5501 895 5551 ἑρμηνεύεται
930 5506 1302 5551 αντσκοαένου
1341 5508 1565 5551 Κυιιίηυ-
1605 5511 1698 5551 νηὶ
1725 5529 1833 5551 οτι-η-

256 5500 421 5580 γαίοο
447 5500 502 5553 δὲ
535 5501 895 5580 ἑρμηνεύεται
928 5506 1321 5580 μνησκομένουΔ
1341 5508 1568 5580 Κυρίου,
1605 5511 1699 5563 καὶ
1725 5500 1833 5565 πά-

257 5570 523 5645 λινλοιον
551 5571 643 5645 sed
675 5576 797 5645 mel.
827 5570 939 5645 _a|t.
961 5570 1111 5636 lect.,
1141 5570 1508 5645 ἑορτάζοντος,
1543 5570 1646 5635 etc.

331 5640 408 5709 (‘2)
462 5642 519 5694 Ὀ
550 5639 680 5719 θεῇς
715 5640 915 5719 αὐτῶν,
944 5652 1079 5719 εις...
1107 5639 1285 5719 καὶξὲν
1318 5639 1432 5712 τοῖς
1462 5639 1706 5719 ὖψίστοις
1731 5655 1836 5706 πᾶ-

261 5722 536 5785 cat,_etc.
562 5751 577 5774 ,
619 5712 769 5779 ὅμως
795 5711 907 5785 ,θεαὶ
958 5711 1097 5785 καθ’Δ
1120 5714 1354 5783 ἑκάστην
1416 5711 1709 5785 ἀπαύστως
1746 5725 1834 5776 ἁν-

261 5780 537 5849 υμνοῦσιν,
558 5777 688 5846 ειοζ,
717 5777 899 5843 καθὼς
929 5777 1363 5854 προγέγραπται.

2013 5377 2088 5444 (5)
2130 5376 2606 5447 Ποιήσανταναύτά
2629 5418 2643 5442 ,
2682 5374 2757 5439 ῶς
2782 5392 2883 5429 που
2919 5373 3191 5447 περὶ-τῶν
3217 5371 3526 5447 ἀνθρώπων

1937 5445 2179 5517 εἴρηται,
2229 5449 2376 5509 ὅπως
2420 5446 2635 5510 ἴδωσιν,
2666 5459 2805 5509 etc...
2846 5447 2941 5517 καὶ
2976 5445 3343 5517 ᾲδοξάσουσιν,
3382 5447 3522 5512 etc.l,

1938 5515 2242 5586 Eartv‘duiv
2276 5517 2423 5576 ἰδεῖν.
2470 5517 2585 5581 ὅτι,
2615 5527 2745 5579 etc.,
2779 5515 3060 5582 ἀπέδειξεν
3105 5518 3353 5581 ἐκεῖνον,
3392 5524 3523 5578 etc.,

1936 5584 2029 5637 τοῦ
2062 5582 2200 5639 εἶναι
2231 5586 2414 5655 σαφῶς
2450 5587 2947 5657 δημιουργήσαντα.

2009 5657 2083 5727 (4)
2123 5657 2381 5727 Διῄνεσαν
2432 5655 2627 5719 αὐτόν,
2654 5655 2783 5727 ήοιο.
2827 5658 3016 5727 "Qum;
3070 5655 3170 5710 καὶ
3216 5656 3393 5727 ἄλλην
3444 5668 3525 5707 σοι

1940 5721 2169 5796 παράγω
2194 5721 2427 5798 θεωρίαν
2455 5728 2581 5797 περὶ
2617 5726 2824 5792 τούτου,
2857 5721 3207 5799 ῶάγαπητέ.
3238 5721 3349 5785 etc.
