3702 6402
199 325 328 382 1553

257 446 310 502 8.
350 447 460 501 Καὶ
491 448 552 501 τὸ
579 446 722 522 ὕδωρ
753 451 812 505 τὸ
848 453 1099 525 ὑπεράνω
1128 459 1235 511 τῶν
1268 461 1532 531 οὐρανῶν,

256 537 306 592 9.
341 539 718 594 Αίνεσάτωσαν
745 543 806 595 τὸ
835 543 1002 614 δνομα
1035 549 1239 618 Κυρίου
1257 564 1271 578 ⁸

257 625 340 681 10.
378 628 500 681 ’Ότι
525 631 682 694 αὐτὸς
707 626 847 698 εἶπε,
878 637 970 688 καὶ
994 638 1330 710 ἐγενήθησαν
1352 659 1366 674 ο
1409 706 1419 714 .

256 717 342 774 11.
375 718 546 784 Αὐτὸς
573 723 890 787 ἐνετείλατο,
922 729 1015 781 καὶ
1042 730 1390 802 ἐκτίσθησαν.

255 808 340 863 12.
378 810 642 882 Ἔστησεν
678 815 816 869 αὐτὰ
846 819 925 881 εἰς
951 818 1042 872 τὸν
1064 821 1252 888 αἰῶνα,

254 899 339 955 15.
369 902 480 955 Καὶ
506 905 586 967 είς
610 904 702 959 τὸν
724 907 892 960 αἰῶνα
917 909 1010 962 τοῦ
1040 913 1232 976 αἰῶνος
1252 931 1264 943 ’

253 990 337 1043 ﬂ.
367 992 699 1066 Πρόσταγμα
726 996 892 1064 ἔθετο,
922 1001 1014 1054 καὶ
1041 1003 1102 1055 οὑ
1137 1006 1548 1076 παρελεύσεται.

253 1082 338 1136 15.
365 1084 573 1138 Αἰνεῖτε
604 1087 692 1140 τὸν
716 1087 918 1160 Κύριον
946 1093 1010 1145 ἐκ
1029 1095 1128 1164 τῆς
1149 1097 1270 1166 γῆς,

254 1172 339 1228 16.
368 1175 668 1246 Δράκοντες
697 1179 791 1233 καὶ
814 1183 983 1235 πᾶσαι
1009 1184 1253 1242 ἄϐυσσοι.

996 335 1085 390 DE
1127 337 1405 397 TITULIS
1446 343 1901 404 PSALMURUM.
1937 380 2008 389 —
2049 351 2245 408 PSAL.
2283 354 2562 412 CXLVIII.

1781 501 1825 554 Α
1926 469 1979 522 8.
2022 469 2088 525 Ει
2118 487 2262 542 aqua
2293 490 2416 544 qua:
2456 492 2624 545 super
2663 478 2866 542 caelos,

1924 560 1977 614 9.
2021 560 2266 616 Laudent
2293 579 2492 620 nomen
2529 565 2746 622 Domini
2779 586 2794 622 :

1926 652 2007 706 10.
2051 651 2188 718 Quia
2216 655 2330 722 ipse
2365 655 2542 724 dixit,
2578 668 2631 712 et
2665 659 2812 713 facta
2846 669 2976 715 sunt
2997 677 3023 716 εν

1927 745 2012 798 11.
2059 745 2178 813 Ipse
2211 747 2509 812 mandavit,
2539 761 2592 804 et
2622 761 2800 805 creata
2824 761 2971 807 sunt.

1917 831 1997 884 12.
2047 831 2249 887 Statuit
2269 849 2333 889 ea
2359 835 2412 889 in
2437 846 2722 906 aeternum,

1917 922 2002 980 15.
2038 923 2105 978 Et
2144 925 2197 979 in
2227 927 2490 983 saeculum
2523 933 2705 986 saeculi
2741 952 2754 988 :

1921 1015 2008 1069 14.
2050 1016 2384 1090 Praeceptum
2412 1025 2617 1093 posuit,
2651 1033 2704 1080 et
2736 1042 2845 1081 non
2874 1028 3185 1096 praeteribit.

1921 1106 2008 1161 15.
2053 1107 2294 1166 Laudate
2329 1111 2619 1170 Dominum
2645 1119 2714 1171 de
2752 1129 2916 1184 terra,

1919 1197 2005 1255 16.
2047 1199 2321 1258 Dracones
2351 1213 2405 1258 et.
2446 1220 2634 1261 omnes
2656 1208 2855 1279 abyssi.

1288 1360 1672 1418 ATHANASII
1709 1362 2293 1427 INTERPRETATIO.

250 1506 302 1569 8,
324 1507 378 1563 9.
407 1507 481 1561 Τὸ
511 1509 609 1579 μὲν
636 1510 778 1585 ὕδωρ
811 1513 874 1565 τὸ
903 1514 1159 1587 ὑπεράνω
1203 1515 1310 1570 τῶν
1334 1516 1579 1586 οὐρανῶν
1615 1518 1737 1589 ᾔνε-

1919 1520 1965 1587 Β,
1991 1523 2046 1578 9.
2076 1522 2230 1595 Aqua
2264 1529 2504 1598 quidem,
2526 1550 2648 1604 quae
2674 1550 2841 1606 super
2865 1540 3035 1596 ctelos
3067 1553 3148 1597 est
3173 1544 3415 1601 laudavit

181 1615 267 1652 σεν
289 1600 450 1653 αὑτὸν
473 1603 564 1655 ἐπὶ
589 1602 683 1656 τοῦ
713 1603 855 1670 Νῶε,
879 1606 1065 1676 σαφῶς
1092 1607 1375 1672 ἁποδεῖξαν
1397 1610 1495 1682 τὴν
1515 1610 1742 1681 δύναμιν

181 1687 264 1741 τοῦ
303 1691 666 1760 Δημιουργοῦ,
708 1693 790 1746 ὅτι
837 1696 1220 1767 προστάγματι
1253 1697 1418 1751 αὑτοῦ
1451 1700 1545 1751 καὶ
1573 1717 1741 1752 κατα-

180 1775 406 1848 ϐέϐηκεν
431 1783 509 1844 είς
535 1782 632 1852 τὴν
666 1783 784 1854 γῆν,
813 1783 934 1837 ὅθεν
963 1785 1173 1856 ἀνήχθη
1207 1787 1264 1840 ἐν
1294 1790 1360 1858 τῇ
1395 1790 1740 1860 κοσμοποιίᾳ.

179 1871 267 1924 καὶ
303 1871 466 1925 πάλιν
509 1873 815 1946 ἀναϐέϐηκε
859 1877 994 1946 μετὰ
1037 1878 1129 1932 τὸν
1168 1879 1571 1952 κατακλυσμὸν,
1621 1881 1742 1935 ὅθεν

178 1963 553 2034 κατελήλυθεν,
575 1967 851 2020 τουτέστιν
879 1971 944 2022 ἐκ
969 1970 1078 2024 τῶν
1107 1972 1351 2042 οὐρανῶν
1371 1989 1384 2002 ·
1420 1975 1569 2044 ὅμως
1596 1973 1738 2044 τάχα

177 2052 264 2106 νῦν
317 2054 573 2126 εὑρήσεις
617 2057 677 2110 τὸ
721 2057 865 2130 ὕδωρ
917 2060 978 2112 τὸ
1032 2061 1286 2132 ὑπεράνω
1336 2063 1444 2116 τῶν
1501 2063 1744 2135 οὐρανῶν

175 2143 437 2217 [δουλοῦν]
461 2147 522 2200 τὸ
539 2148 632 2200 τοῦ
660 2150 1038 2222 βαπτίσματος·
1062 2153 1229 2225 ὕδωρ,
1251 2155 1313 2208 τὸ
1336 2155 1476 2228 ὑπὲρ
1503 2157 1744 2228 κεφαλῆς

177 2235 270 2304 μὲν
320 2235 706 2306 εὑρισκόμενον
744 2238 852 2292 τῶν
893 2241 1158 2311 οὐρανῶν,
1203 2243 1402 2297 ὡσανεὶ
1433 2246 1542 2299 τῶν
1580 2262 1744 2298 πεπι-

174 2325 502 2393 στευκότων,
532 2328 842 2399 ἐκχεόμενοι
885 2330 959 2402 (1)
992 2333 1048 2385 δὲ
1081 2334 1244 2387 πάλιν
1270 2336 1494 2400 ἑαυτούς
1525 2336 1737 2410 [ἐκχεό-

174 2433 330 2487 μενον
373 2418 430 2471 δὲ
473 2419 614 2490 ὑπὲρ
652 2421 870 2494 αὐτούς]
897 2439 910 2454 ·
942 2425 1017 2487 ὼς
1047 2423 1156 2496 γάρ
1192 2427 1253 2479 τὺ
1298 2426 1438 2501 ὕδωρ
1477 2429 1539 2483 τὸ
1574 2430 1716 2505 ὑπερ

1848 1626 1971 1667 eum
2005 1616 2106 1670 sub
2131 1617 2280 1684 Noe,
2311 1623 2598 1681 manifeste
2641 1631 2932 1688 ostendens
2961 1634 3218 1690 virtutem
3249 1637 3415 1694 Crea-

1848 1706 2003 1770 toris,
2054 1711 2312 1778 quoniam
2349 1727 2617 1786 praecepto
2651 1720 2770 1789 ejus
2812 1731 2865 1776 et
2908 1725 3184 1782 descendit
3219 1729 3273 1783 in
3303 1739 3406 1786 ter-

1851 1809 1967 1849 ram
1989 1837 2004 1860 ,
2033 1799 2176 1854 unde
2207 1815 2486 1872 assumpta
2517 1807 2694 1862 fuerat
2720 1809 2772 1862 in
2811 1813 2998 1867 mundi
3026 1816 3333 1884 creatione;
3362 1829 3417 1874 et

1849 1903 2044 1944 rursus
2073 1895 2319 1948 ascendit
2347 1907 2471 1964 post
2513 1899 2776 1956 diluvium
2797 1943 2812 1969 ,
2843 1905 2985 1958 unde
3017 1921 3272 1976 venerat,
3312 1909 3418 1966 hoc

1848 1988 1982 2051 este
2004 1982 2191 2047 caelis;
2216 1993 2395 2039 tamen
2430 1986 2570 2044 forte
2615 2007 2760 2048 nunc
2795 1994 3039 2052 invenies
3069 2013 3266 2069 aquam
3297 2017 3417 2072 qua:

1847 2088 2010 2144 supra
2040 2076 2209 2134 ctelos
2233 2089 2351 2146 est,
2368 2097 2489 2137 esse
2520 2082 2880 2159 [significare]
2908 2103 3107 2160 aquam
3133 2092 3414 2162 baptismi,

1847 2179 1966 2233 qua“:
1998 2182 2162 2237 supra
2204 2180 2369 2239 caput
2399 2172 2615 2240 quidem
2666 2175 2944 2231 invenitur
2980 2180 3244 2236 caelorum
3267 2222 3282 2249 ,
3312 2184 3434 2239 hoc.

1845 2263 1929 2310 est
1955 2258 2311 2324 credentium,
2353 2260 2522 2316 eﬂ‘usa
2553 2277 2684 2318 vero
2718 2280 2880 2335 super
2906 2269 3074 2336 ipsos.
3106 2269 3242 2325 Nam
3276 2272 3416 2328 sicut

1848 2361 2011 2418 aqua,
2041 2365 2163 2419 quae
2195 2367 2358 2421 super
2402 2354 2572 2410 caelos
2603 2368 2719 2421 est,
2750 2359 3076 2429 submersit,
3101 2371 3155 2418 et
3185 2365 3416 2434 perdidit

1848 2452 2038 2493 omnes
2061 2437 2155 2493 Dei
2187 2440 2472 2508 inimicos;
2503 2443 2578 2498 ita
2611 2460 2753 2514 aqua
2778 2447 3030 2518 baptismi
3064 2451 3282 2508 inventa
3319 2469 3413 2509 su-

172 2509 280 2563 άνω
322 2511 431 2564 τῶν
476 2513 720 2584 οὐρανῶν
752 2516 1052 2570 κατέκλυσε
1073 2558 1086 2582 ,
1121 2520 1215 2572 καὶ
1247 2521 1490 2576 ἀπώλεσε
1538 2524 1737 2589 πάντας

1919 2545 1964 2596 ι·,
1993 2532 2237 2601 inquam,
2265 2544 2426 2603 caput
2450 2509 2809 2605 credentium,
2841 2509 3142 2614 submersit
3167 2552 3218 2598 et
3241 2547 3415 2616 perdit

172 2604 290 2666 τοὺς
317 2603 544 2676 ἐχθροὺς
574 2605 667 2659 τοῦ
695 2605 829 2660 Θεοῦ
851 2622 864 2636 °
903 2607 1044 2661 οὑτω
1094 2609 1156 2662 τὸ
1185 2613 1279 2665 καὶ
1305 2612 1398 2666 τοῦ
1443 2613 1737 2688 βαπτίσμα-

1921 2620 2154 2675 ntrarias
2185 2630 2502 2698 potestates,
2527 2603 2988 2694 quemadmodum
3019 2603 3093 2686 inv
3102 2603 3306 2689 diluvio
3335 2634 3414 2692 fe-

171 2712 256 2758 τος
300 2697 685 2768 εὑρισκόμενον
725 2700 1014 2772 ὑπεράνω,
1065 2701 1205 2772 λέγω
1239 2703 1294 2758 δὲ
1327 2706 1468 2779 ὑπὲρ
1509 2711 1737 2782 κεφαλῆς

1919 2722 1928 2767 l
1957 2714 2216 2770 adversus
2241 2715 2457 2787 iniquos
2483 2734 2646 2788 aqua,
2681 2735 2800 2790 qua:
2829 2736 2992 2790 super
3025 2725 3192 2781 cmlos
3219 2733 3321 2782 est.

170 2788 273 2842 τῶν
323 2790 746 2856 πιστευσάντων,
794 2792 1120 2858 κατακλύζει
1181 2797 1275 2849 καὶ
1321 2799 1580 2855 ἀπόλλυσι
1630 2803 1728 2868 τὰς
1758 2805 2005 2870 ἐναντίας
2064 2807 2351 2878 δυνάμειςο
2390 2808 2466 2872 ὡς
2505 2810 2564 2863 ἐν
2596 2808 2671 2881 τῷ
2696 2788 3078 2886 κατακλυσμῷ
3115 2819 3412 2890 πεποίηκεν

170 2885 257 2937 ἐπὶ
283 2886 411 2947 τοὺς
438 2884 671 2955 ἀνόμους
694 2886 752 2939 τὸ
782 2887 1035 2958 ὑπεράνω
1070 2887 1178 2944 τῶν
1206 2891 1449 2964 οὐρανῶν
1484 2896 1546 2949 τὸ
1573 2896 1738 2971 ὕδωρ.

235 2977 324 3034 10.
355 2979 527 3040 Αὐτὸς
565 2980 675 3051 γὰρ
737 2976 889 3035 εἶπεν
945 2985 1377 3060 ἀναγεννηθῆναι
1425 2991 1620 3058 αὐτοὺς
1667 2996 1732 3050 δι’

1919 2993 1991 3048 ιο.
2031 2991 2104 3064 (a)
2156 2991 2276 3062 Ipse
2333 2991 2479 3047 enim
2528 2991 2664 3047 dixit
2709 3008 2806 3049 eos
2842 2995 3240 3065 regenerandos
3291 3012 3412 3056 esse

170 3068 357 3133 ὓδατος
381 3070 478 3122 καὶ
507 3071 648 3123 Πνεύ
658 3089 848 3141 ματος.

233 3161 292 3214 11
307 3201 321 3214 .
349 3160 523 3224 Αὐτὸς
538 3161 646 3233 γὰρ
667 3161 969 3218 ἐνετείλατο
993 3169 1104 3229 τοῖς
1121 3167 1438 3238 ἀποστόλοις
1462 3174 1626 3230 αὑτοῦ
1647 3177 1737 3231 λέ-

168 3269 293 3320 γωνο
313 3257 712 3322 Πορευθέντες
737 3259 1152 3325 μαθητεύσατε
1165 3264 1359 3318 πάντα
1373 3267 1444 3320 τὰ
1454 3268 1616 3337 ἔθνη,
1626 3271 1740 3334 βα-

167 3341 468 3408 πτίζοντες
481 3344 706 3410 αὐτοὺς
725 3347 812 3410 εὶς
829 3345 895 3399 τὸ
912 3345 1106 3416 ὄνομα
1124 3351 1230 3406 τοῦ
1247 3355 1496 3422 Πατρός,
1518 3358 1613 3410 καὶ
1634 3359 1738 3412 τοῦ

176 3435 326 3500 Υιοῦ,
353 3437 574 3492 καὶτοῦ
597 3435 768 3508 ἁγὼν
789 3436 1156 3510 Πνεὺματος,
1173 3443 1263 3495 καὶ
1279 3442 1449 3506 οὕτως
1463 3445 1741 3501 άνεκαινοη

166 3528 466 3599 ποιήθησαν
490 3530 548 3582 ἐν
574 3529 653 3600 τῷ
688 3529 1046 3603 βαπτίσματι.

230 3617 318 3681 12,
353 3618 443 3672 15.
474 3618 621 3689 Δῆλα
646 3620 744 3690 μέν
773 3623 878 3674 εἰσι
905 3623 974 3676 τὰ
1005 3625 1136 3693 περὶ
1181 3624 1290 3677 τῶν
1329 3625 1570 3680 είδικῶν·
1614 3629 1648 3699 ἡ
1679 3627 1737 3681 δὲ

163 3710 470 3780 προφητεία
500 3710 629 3781 περὶ
671 3705 745 3764 ὧν
789 3714 920 3784 ἡμῖν
947 3717 974 3768 ὁ
1024 3715 1183 3782 λόγος
1229 3719 1392 3783 ἐστὶν,
1428 3719 1615 3791 δηλοῖ,
1656 3722 1737 3774 ὅτι

163 3800 285 3862 τοὺς
319 3802 378 3852 ἐν
429 3799 507 3870 τῷ
559 3800 896 3874 βαπτίσματι
942 3806 971 3858 ὁ
1027 3805 1232 3878 Κύριος
1286 3810 1585 3881 προσέταξε
1638 3809 1738 3882 ζῇν

161 3885 554 3959 ἀτελευτήτως,
569 3889 748 3953 καθὼς
765 3893 822 3945 ἐν
838 3893 1085 3962 Εὐαγγελ
1093 3896 1154 3966 ίῳ
1173 3897 1410 3970 εἴρηκεν·
1432 3903 1739 3957 Πιστεύων

160 3979 242 4044 είς
267 3978 394 4048 ἐμὲ,
431 3978 550 4032 κᾶν
575 3979 868 4051 ἀποθάνῃ,
897 3982 1154 4051 ζήσεται.

229 4176 316 4230 14.
349 4175 464 4247 Τὴν
490 4178 706 4250 ἡμέραν
736 4181 838 4251 τῆς
873 4182 1083 4248 δικαίας
1109 4184 1536 4252 ἀνταποδόσεως.

230 4272 314 4326 15.
345 4270 435 4325 16.
471 4272 538 4324 Al
571 4272 665 4325 τοῦ
716 4273 910 4346 ἐχθροῦ
941 4276 1202 4347 δυνάμεις
1235 4279 1290 4331 αἱ
1347 4280 1612 4347 ἓρπουσαι
1645 4280 1738 4333 ἐπὶ

156 4365 259 4436 τῆς
285 4365 393 4435 γῆς
433 4366 802 4436 συντριϐεῖσαι
829 4369 920 4421 ὑπ’
943 4369 1107 4422 αὐτοῦ
1126 4409 1140 4432 ,
1177 4370 1272 4422 καὶ
1309 4371 1384 4441 μὴ
1421 4371 1742 4443 βουλόμεναι

155 4457 442 4529 ὁμολογεῖν
490 4459 590 4530 τῆς
634 4459 803 4512 ἀϊδίου
839 4460 1092 4534 θεότητος
1121 4462 1286 4516 αὐτοῦ
1349 4463 1637 4517 αὑθεντίαν
1683 4481 1743 4517 τε

158 4553 252 4604 καὶ
275 4551 514 4621 δύναμιν
551 4551 788 4622 βοῶσαι·
827 4555 960 4621 Ἔα,
997 4554 1054 4608 τί
1089 4555 1233 4623 ἡμῖν
1267 4557 1366 4609 καὶ
1397 4559 1520 4622 σοὶ,
1547 4554 1743 4623 Ἰησοῦ

1843 3106 1938 3162 per
1958 3102 2155 3158 aquam
2185 3095 2239 3142 et
2272 3084 2553 3156 Spiritum.
2679 3141 2686 3156 ,

1917 3182 2004 3236 11.
2040 3181 2160 3250 Ipse
2206 3179 2351 3234 enim
2401 3179 2648 3250 praecipit
2696 3181 2958 3256 apostolis
3008 3180 3124 3237 suis
3175 3183 3408 3238 dicens:

1847 3273 2041 3328 Euntes
2075 3273 2254 3327 docete
2286 3288 2461 3326 omnes
2503 3281 2700 3342 gentes,
2737 3271 3062 3342 baptizantes
3091 3291 3178 3328 eos
3225 3275 3281 3329 in
3326 3291 3413 3328 no-

1843 3367 1981 3419 mine
2023 3364 2231 3430 Patris,
2273 3373 2322 3418 et
2367 3362 2528 3427 Filii,
2570 3372 2620 3417 et
2665 3362 2898 3433 Spiritus
2934 3366 3105 3420 sancti
3131 3366 3194 3433 ¹⁶,
3243 3375 3297 3421 et
3340 3366 3411 3421 ita

1843 3455 2089 3512 renovati
2115 3463 2244 3510 sunt
2272 3453 2330 3509 in
2363 3454 2660 3526 baptismo.

1918 3634 2004 3698 12,
2037 3634 2123 3690 15.
2165 3631 2452 3688 Manifesta
2497 3631 2714 3703 quidem
2750 3641 2900 3698 sunt,
2933 3647 3055 3703 quae
3086 3631 3152 3686 ad
3191 3645 3413 3686 sensum

1842 3726 2124 3796 pr0prium
2151 3733 2427 3796 spectant;
2463 3725 2749 3795 prophetia
2777 3735 2956 3780 autem
2985 3740 3172 3781 earum
3205 3739 3411 3788 rerum,

1841 3817 1910 3872 de
1935 3816 2132 3886 quibus
2160 3817 2317 3871 nobis
2345 3831 2523 3872 sermo
2555 3824 2657 3881 est,
2696 3817 2987 3895 significat,
3011 3816 3156 3886 quod
3196 3824 3416 3872 renatos

1843 3908 1898 3962 in
1923 3907 2215 3979 baptismo,
2259 3907 2524 3964 Dominus
2552 3909 2859 3976 constituit,
2886 3917 2947 3964 ut
2977 3909 3157 3963 vivant
3179 3907 3232 3962 in
3259 3917 3418 3963 aeter-

1846 4017 1999 4066 num,
2035 4001 2494 4071 quemadmodum
2524 4001 2582 4056 in
2623 4000 2921 4072 Evangelio
2957 4000 3136 4057 dixit:
3169 4000 3274 4068 Qui
3305 4017 3414 4056 cre-

1846 4093 1923 4146 dit
1954 4093 2006 4146 in
2043 4110 2142 4160 me,
2172 4093 2382 4148 etiamsi
2410 4102 2648 4147 mortuus
2681 4093 3022 4163 fuerit,.vivet
3050 4094 3147 4150 ιδ’..

1917 4184 2006 4240 14.
2051 4182 2199 4238 Diem
2226 4183 2387 4254 iustae
2426 4183 2834 4239 retributionis.

1923 4275 2012 4340 15,
2052 4276 2138 4329 16.
2175 4275 2480 4330 Potestates
2510 4274 2717 4329 inimici
2751 4283 2999 4346 repentes
3028 4289 3191 4344 super
3213 4282 3421 4328 terram

1847 4368 2099 4424 contrita
2126 4367 2194 4420 ab
2232 4366 2376 4436 ipso,
2423 4375 2478 4421 et
2507 4368 2756 4422 nolentes
2805 4365 3051 4421 confiteri
3083 4374 3300 4420 aeterna;
3327 4365 3416 4419 di-

1847 4461 2091 4516 vinitatis
2119 4461 2239 4530 ejus
2291 4459 2671 4515 auctoritatem
2704 4467 2760 4514 et
2788 4459 3041 4514 virtutem
3073 4459 3372 4514 clamantes
3399 4477 3415 4513 :

1852 4553 1995 4618 Sine,
2029 4555 2153 4625 quid
2181 4552 2330 4608 nobis
2359 4561 2410 4606 et
2440 4553 2554 4617 tibi,
2589 4551 2720 4606 Iesu
2762 4551 2972 4606 Christe
3019 4549 3132 4605 Fili
3173 4549 3290 4618 Dei,
3329 4567 3417 4605 ue-

157 4641 378 4712 Χριστὲ
401 4643 497 4695 Υἱὲ
534 4642 640 4695 τοῦ
668 4643 836 4709 Θεοῦ,
861 4641 1046 4714 ἦλθες
1071 4644 1184 4713 πρὸ
1207 4646 1416 4712 καιροῦ
1447 4646 1737 4701 ἀπολέσαι

1919 4649 1979 4702 sti
2017 4657 2139 4702 ante
2170 4661 2371 4717 tempus
2399 4647 2612 4715 perdere
2658 4661 2753 4700 nos
2797 4644 2875 4697 1"‘l
2899 4653 2953 4728 et
2979 4654 3239 4716 tanquam
3270 4645 3417 4716 judi-

157 4732 350 4802 ’ἴμᾶςὶ
383 4733 474 4787 καὶ
507 4734 655 4796 ὅπως
693 4734 882 4806 κριτὴν
925 4736 1020 4792 τοῦ
1065 4736 1346 4806 μέλλοντος
1373 4738 1466 4791 καὶ
1507 4737 1580 4809 μὴ
1621 4738 1748 4810 βου-

157 4821 384 4894 λόμεναι
411 4823 693 4894 ὁμολογεῖν
729 4824 915 4890 αὑτὸν,
954 4824 1095 4879 καθὰ
1138 4827 1499 4899 προείπαμεν.

1849 4753 1967 4793 cem
1999 4737 2168 4793 futuri
2200 4739 2446 4793 nolentes
2473 4737 2636 4792 etiam
2671 4733 2923 4791 conﬁteri
2957 4736 3160 4808 ipsum,
3187 4745 3246 4794 ut
3273 4751 3415 4807 prae-

1777 4827 1824 4884 D
1849 4830 2104 4887 diximus.

230 4961 274 4992 “
312 4959 506 5015 Matth.
533 4976 738 5026 xxvmj,
771 4962 860 5018 19.
942 4965 1006 4996 η’
1041 4961 1198 5020 Joan.
1231 4981 1321 5031 x1,
1351 4964 1442 5020 25.
1522 4966 1563 4997 ¹⁷
1604 4965 1737 5022 Mart

1919 4969 1981 5036 5;
2009 4967 2142 5023 Luc.
2175 4983 2251 5034 tv,
2286 4969 2374 5024 35.

1112 5148 1418 5210 Addenda
1449 5155 1514 5209 et
1551 5145 1928 5228 corrigenda
1959 5162 2037 5208 ex
2067 5145 2206 5208 cod.
2239 5147 2442 5210 Vatic.

232 5297 311 5366 (I)
349 5293 704 5365 Ἐκχεόμενον
725 5295 975 5368 δέαπάλιν
1016 5298 1102 5350 ἐπ’
1133 5298 1362 5368 αὐτοὺς,
1391 5297 1465 5361 ὡς
1499 5297 1569 5368 ,τὸ
1596 5295 1738 5368 ὕδωρ

160 5366 218 5420 τὸ
263 5367 543 5438 ὑπεράνω,
572 5375 705 5429 etc.,
753 5366 927 5430 οὑτως
972 5368 1065 5420 καὶ
1097 5369 1158 5420 τὸ
1195 5367 1288 5420 τοῦ
1346 5366 1736 5438 βαπτίσματος,

1843 5305 1972 5363 etc.,
2010 5295 2153 5422 iit-57w
2180 5297 2264 5369 δή,
2298 5307 2426 5365 etc.,
2451 5297 2526 5362 ὡς
2571 5298 2629 5351 ἐν
2668 5296 2745 5370 τῷ
2799 5297 3165 5371 κατακλυσμῷ
3196 5302 3415 5372 πεποίη-

1843 5383 1960 5422 κεν.
1990 5382 2020 5422 e
2047 5384 2095 5422 c.

1843 5383 1960 5432 κεν,
1990 5382 2095 5422 etc.

227 5526 306 5597 (a)
346 5524 649 5580 Comment.
684 5539 716 5575 a
751 5537 885 5605 vers.
1054 5538 1215 5602 usique
1247 5521 1316 5574 ad
1367 5522 1524 5602 ﬁnem
1567 5521 1902 5609 desideratur
1932 5541 2037 5578 una
2066 5540 2183 5578 cum
2228 5524 2509 5609 uersiculis
2550 5523 2776 5609 Psalmi,
2817 5526 2908 5609 qui
2955 5525 3415 5609 alternalitntum

157 5592 616 5680 interpretatione,
649 5607 766 5674 qua:
791 5594 1149 5680 interlinea‘ris
1185 5601 1282 5656 est,
1319 5609 1410 5680 seu
1458 5592 1680 5674 singulis
1737 5595 2064 5680 psalmorum
2092 5594 2387 5680 .uersiculis
2432 5596 2768 5680 interposita,
2804 5592 2988 5680 scripti
3021 5608 3165 5680 sunt.
3199 5594 3416 5680 Integra

154 5660 523 5743 enim'pagina
542 5660 682 5743 deest
713 5664 766 5743 in
809 5665 1006 5743 codice.
1051 5660 1278 5743 sequens
1321 5673 1496 5717 autem
1533 5660 1943 5734 pagina'incipit
1974 5665 2037 5718 ab
2085 5666 2167 5717 Itis
2195 5665 2361 5719 verbis
2405 5660 2786 5733 commentarii,
2829 5660 2922 5721 seu
2965 5660 3414 5737 interpretationis

153 5732 407 5795 versiculi
431 5733 606 5806 quinti
646 5732 841 5802 psalmi
881 5733 1138 5806 sequentis
1175 5747 1354 5786 cxux.
