3702 6406
330 342 471 400 ιδδδ
965 395 969 399 _
1150 340 1207 395 ε.
1248 338 1620 396 ATHANASII
1658 341 1809 403 or».
1850 343 2031 399 rans
2068 345 2156 401 ιιι.
2196 377 2266 387 -
2305 332 2713 404 EXEGETICA.
3394 349 3493 407 tsu

391 462 479 517 17.
500 454 663 533 “ignis
687 461 913 534 grando,
959 461 1071 527 nix,
1107 461 1445 531 crystallum,
1487 463 1712 531 spiritus
1744 480 1843 535 pro

2053 468 2134 520 17.
2164 466 2302 538 Πῦρ,
2326 469 2554 539 χάλαζα,
2587 467 2719 540 χιὼν
2739 506 2755 531 ,
2795 467 3146 540 κρύσταλλος,
3183 468 3382 523 πνεῦαα
3401 487 3478 525 κατ

321 553 488 620 cellae,

1985 559 2208 627 αιγίδος,

388 644 474 701 18.
517 643 646 712 Quae
673 642 877 700 faciunt
899 644 1124 699 verbum
1168 644 1311 714 ejus,

2053 648 2139 702 18.
2182 648 2261 702 Τά
2295 650 2547 703 ποιοῦντα
2579 649 2671 704 τὸν
2694 647 2851 717 λόγον
2874 647 3059 715 αὐτοῦ,

386 737 471 791 19.
514 734 722 791 Montes
744 745 796 789 et
823 750 1015 790 omnes
1042 735 1231 801 colles,

2053 741 2138 796 19.
2176 742 2256 794 Τά
2276 742 2374 813 ὅρη
2398 743 2492 796 καὶ
2520 742 2721 804 πάντες
2746 743 2796 794 ot
2831 740 3023 809 βουνοί,

384 823 473 878 20.
514 822 684 895 Ligna
709 822 987 879 fructifera
1017 832 1071 878 et
1101 840 1292 880 omnes
1333 824 1501 887 cedri,

2047 832 2135 886 20.
2161 832 2301 895 Ξύλα
2332 832 2653 904 καρποφόρα
2675 832 2771 885 καὶ
2798 834 2964 885 πᾶσαι
2997 829 3195 902 κέδροι,

382 916 469 971 21.
509 916 703 972 Bestia:
735 927 789 972 et
839 918 1089 974 universa
1134 933 1355 988 pecora,

2045 923 2137 977 21.
2167 924 2249 977 Τὰ
2276 924 2440 995 θηρία
2464 926 2557 978 καὶ
2579 926 2756 979 πάντα
2775 924 2843 977 τὰ
2872 924 3066 996 κτήνη,

376 1009 467 1064 22.
511 1009 798 1079 Serpentes
826 1021 881 1064 et
906 1011 1154 1067 volucres
1185 1020 1455 1081 pennata,

2045 1014 2135 1068 22.
2179 1015 2413 1085 Ἐρπετά
2439 1017 2535 1070 καὶ
2571 1015 2794 1070 πετεινὰ
2818 1015 3086 1085 πτερωτὰ,

372 1099 463 1153 25.
505 1097 682 1168 Reges
704 1109 861 1155 terra:
884 1112 940 1156 et
968 1116 1160 1156 omnes
1184 1102 1391 1172 populi,

2045 1101 2138 1156 25.
2170 1101 2415 1165 Βασιλεῖς
2441 1103 2539 1173 τῆς
2558 1103 2664 1173 γῆς
2688 1103 2782 1156 καὶ
2813 1103 3012 1168 πάντες
3038 1103 3175 1168 λαοὶ,

371 1190 463 1243 24.
506 1188 785 1261 Principes
810 1199 865 1246 et
898 1206 1091 1247 omnes
1125 1191 1339 1262 iudices
1372 1199 1552 1258 terrae,

2044 1192 2135 1246 24.
2174 1193 2465 1265 ’Ἄρχοντες
2493 1196 2588 1247 καὶ
2622 1196 2822 1259 πάντες
2848 1195 3031 1267 κριταὶ
3056 1194 3190 1266 γῆς,

371 1282 462 1336 25.
496 1280 733 1339 Iuvenes
762 1293 816 1339 et
841 1285 1101 1355 virgines,

2043 1282 2133 1337 25.
2168 1283 2454 1335 Νεανίσκοι
2487 1284 2579 1336 καὶ
2609 1283 2888 1356 παρθένοι,

364 1370 455 1426 26.
526 1370 697 1428 Senes
729 1388 854 1427 cum
881 1372 1214 1443 junioribus,

2044 1372 2134 1429 26.
2164 1373 2529 1445 Πρεσῦύτεροι
2559 1375 2694 1445 μετά
2716 1375 3011 1446 νεωτέρων,

366 1460 457 1516 27.
497 1459 744 1517 Laudent
776 1476 975 1517 nomen
1012 1462 1228 1517 Domini
1263 1482 1277 1517 :

2042 1463 2131 1518 27.
2162 1464 2539 1517 Αίνεσάτωσαν
2572 1464 2633 1516 τὸ
2650 1464 2820 1533 ὄνομα
2848 1463 3053 1535 Κυρίου
3076 1478 3091 1494 ⁸

365 1549 455 1606 28.
494 1548 632 1617 Quia
657 1552 951 1607 exaltatum
974 1562 1054 1607 est
1090 1567 1288 1608 nomen
1333 1552 1453 1623 ejus
1489 1552 1685 1608 solius.

2042 1553 2132 1608 28.
2167 1553 2290 1607 ὐτι
2316 1552 2505 1625 ὑψώθη
2527 1554 2588 1607 τὸ
2618 1554 2788 1625 ὄνομα
2816 1553 2980 1607 αὑτοῦ
3006 1552 3186 1625 μόνου.

1418 1725 1798 1785 ATHANASII
1838 1726 2419 1784 INTERPRETATIO.

374 1917 464 1983 17,
506 1916 597 1973 18.
638 1912 907 1968 Nimirum
964 1913 1078 1983 igni
1150 1912 1438 1968 assimilati
1492 1919 1622 1966 sunt
1692 1917 1836 1966 sancl

2037 1907 2124 1972 17,
2157 1907 2246 1961 18.
2281 1907 2532 1976 Δηλονότι
2576 1906 2655 1978 τῷ
2688 1909 2823 1981 πυρὶ
2861 1909 3104 1963 ἐοίκασιν
3137 1910 3186 1961 οἱ
3222 1908 3361 1976 ἆγιοι
3389 1908 3499 1962 ἀπό-

290 2008 521 2083 apostoli
572 2008 957 2064 comburentes
997 2005 1306 2060 contrarias
1354 2012 1674 2074 potestates,
1721 2019 1752 2072 q

2038 1999 2164 2063 σλοι,
2189 2000 2286 2061 τὰς
2314 2000 2558 2064 ἐναντίας
2577 1999 2830 2072 δυνάμεις
2862 2000 3294 2070 καταφλέγοντες
3310 2017 3322 2029 ·
3349 2000 3500 2053 ἐπειῶ

292 2102 437 2157 niam
480 2115 547 2154 ex
578 2099 723 2169 igne,
758 2098 854 2168 qui
886 2097 1002 2151 bare
1034 2096 1216 2149 omnia
1256 2095 1550 2158 consumit,
1577 2093 1751 2149 consti

2038 2093 2054 2145 ὶ
2092 2094 2156 2147 ἐκ
2186 2092 2277 2145 τοῦ
2314 2094 2483 2164 πυρὸς
2504 2093 2674 2148 ταῦτα
2698 2096 2873 2148 πάντα
2898 2094 3380 2157 καταναλίσκοντος
3405 2094 3500 2148 ἑτά-

290 2201 440 2258 sunt,
462 2201 515 2246 et
545 2190 750 2260 impleti
779 2198 928 2256 sunt,
958 2190 1065 2245 hoc
1088 2196 1169 2245 est
1206 2186 1411 2257 Spiritu
1444 2193 1655 2241 sancto.
1695 2185 1751 2239 Si

2040 2199 2188 2253 ησαν,
2241 2184 2337 2237 καὶ
2380 2185 2873 2257 ἐνεπληρὼθησαν,
2924 2186 3170 2240 τουτέστι
3221 2186 3502 2256 Πνεύματος

288 2285 410 2339 liter
437 2281 659 2354 perinde
685 2297 750 2338 ac
780 2281 990 2353 grando
1024 2289 1154 2336 sunt
1177 2280 1339 2334 iidem
1366 2277 1624 2348 apostoli,
1656 2276 1750 2331 cad

2039 2276 2134 2329 ίου.
2186 2276 2418 2347 Ὁμοίως
2469 2277 2563 2331 καὶ
2610 2278 2818 2348 χάλαζα
2871 2280 3230 2349 τυγχάνουσιν
3286 2281 3336 2332 cl
3377 2278 3501 2331 αὐτοὶ

288 2384 371 2432 tes
401 2376 546 2431 enim
577 2390 742 2446 super
789 2383 1068 2444 serpentes
1099 2382 1156 2428 et
1188 2372 1523 2441 scorpiones,
1563 2379 1616 2425 et
1639 2385 1748 2425 om:

2041 2366 2242 2419 ύστολοι
2265 2384 2279 2397 ο
2314 2367 2676 2437 ἐμπίπτοντες
2692 2368 2799 2440 γὰρ
2820 2371 2898 2432 εἰς
2916 2370 3043 2433 τοὺς
3068 2370 3237 2437 δφεας
3259 2368 3352 2422 καὶ
3373 2383 3503 2439 σκορ-

288 2460 496 2521 inimiCi
537 2473 883 2536 potestatem,
918 2464 1378 2520 conculcaverunt
1417 2477 1514 2517 eos
1557 2476 1746 2517 eorum

2041 2473 2133 2519 mg,
2166 2457 2258 2509 καὶ
2300 2459 2478 2510 πᾶσαν
2520 2458 2618 2531 τὴν
2656 2459 2880 2529 δύναμιν
2911 2458 3000 2512 τοῦ
3034 2457 3256 2530 ἐχθροῦ,
3290 2457 3503 2511 κατεπά-

286 2560 582 2631 potentiam
614 2557 658 2590 ι’
691 2576 705 2611 :
744 2559 837 2612 nix
868 2569 1049 2613 autem
1076 2557 1241 2614 etiam
1269 2564 1399 2612 sunt
1420 2565 1641 2627 propter
1673 2571 1748 2611 co;

2044 2565 2083 2600 »ν
2120 2549 2338 2613 αὐτοὺς,
2368 2550 2462 2604 καὶ
2486 2551 2587 2621 τὴν
2618 2553 2797 2606 αὐτῶν
2823 2553 3052 2623 δύναμιν
3077 2569 3091 2582 ⁸
3124 2553 3259 2623 χιὼν
3292 2552 3349 2605 δὲ
3370 2551 3506 2606 πάλιν

287 2650 637 2715 munditiem;
662 2661 716 2706 et
740 2650 1058 2723 crystallum
1105 2664 1324 2721 quoque
1354 2660 1483 2705 sunt
1507 2658 1732 2719 propter

2043 2641 2264 2713 ἀρχουσι
2328 2641 2419 2695 διὰ
2483 2643 2543 2697 τὸ
2590 2644 2827 2716 καθαρὸν
2894 2645 3071 2699 αὐτῶν
3121 2647 3223 2715 τῆς
3267 2645 3505 2717 καρδίας,

286 2758 410 2799 rum
430 2742 802 2798 claritudinem
834 2751 888 2799 et
913 2741 1036 2799 ﬁdei
1064 2742 1379 2798 ﬁrmitatem
1418 2760 1433 2796 :
1470 2741 1653 2811 itaque
1692 2742 1744 2812 ig

2044 2771 2050 2784 .
2097 2731 2428 2803 κρύσταλλός
2470 2737 2575 2787 εισι
2627 2736 2716 2789 διά
2772 2736 2833 2789 τὸ
2872 2738 3137 2807 τηλαυγὲς
3192 2739 3400 2804 αὐτῶν,
3432 2738 3506 2791 καὶ

286 2833 509 2903 grando,
541 2830 656 2897 nix,
697 2834 1020 2904 crystallum
1071 2834 1385 2905 signiﬁcant
1431 2832 1539 2888 hoc
1570 2831 1691 2886 loco
1722 2847 1748 2884 a

2046 2824 2178 2896 ηυρὸν
2200 2824 2302 2895 τῆς
2332 2826 2603 2890 πίστεως·
2650 2828 2839 2882 ούκοῦν
2896 2829 3028 2902 πῦρ.
3084 2830 3316 2901 χάλαζα,
3372 2829 3508 2900 χιὼν,

287 2923 479 2988 stolos,
502 2924 963 2995 quemadmodum
988 2926 1422 2997 demonstratum
1453 2933 1556 2980 est.
1588 2922 1749 2994 Spiril

2048 2915 2286 2980 ἱσταλλος
2356 2918 2690 2990 ὑπάρχουσιν
2764 2920 2995 2973 ἐνταῦθα
3074 2922 3126 2973 οἱ
3220 2919 3510 2986 ἀπόστολοι,

286 3023 469 3073 autem
520 3018 775 3088 procella:
809 3018 1055 3075 invenies
1106 3019 1260 3073 illum
1310 3019 1748 3087 obtemperanten

2049 3007 2137 3070 id);
2159 3008 2559 3065 ἀποδέδεικται.
2603 3010 2826 3081 Πνεῦμα
2850 3012 2905 3064 δὲ
2933 3012 3246 3081 καταιγίδος
3278 3013 3511 3085 εὑρήσεις

287 3109 344 3162 in
378 3106 546 3164 ﬂuctu
588 3109 776 3173 maris,
820 3110 1041 3180 quando
1085 3109 1336 3165 dicebant
1390 3108 1620 3178 apostoli
1656 3125 1670 3161 :
1720 3106 1749 3172 ε

2051 3100 2130 3151 ἰνο
2156 3099 2217 3152 τὸ
2247 3100 2563 3156 ὑπακοῦσαν
2596 3102 2743 3173 αὐτῷ
2768 3104 2824 3156 ὲν
2850 3102 2926 3173 τῷ
2950 3103 3182 3157 κλύδωνι
3206 3105 3307 3175 τῆς
3332 3104 3513 3157 θαλάσ-

282 3208 359 3255 est
388 3200 493 3268 hic,
525 3201 652 3271 quia
678 3212 727 3254 et
752 3202 888 3255 venti
926 3210 974 3255 et
1013 3217 1156 3255 mare
1196 3200 1441 3254 obediunt
1472 3200 1519 3253 ei
1552 3199 1629 3251 "?
1653 3198 1720 3253 de

2051 3207 2077 3255 Γ,
2103 3190 2192 3244 ὅτε
2222 3191 2405 3261 ἔλεγον
2435 3193 2484 3245 οί
2512 3192 2834 3248 ἀπόστολοι·
2871 3194 2967 3261 Τίς
2991 3196 3163 3248 ἐστιν
3191 3192 3400 3262 οὗτος,
3435 3195 3513 3250 ὁτι

282 3288 445 3342 etiam
478 3259 755 3359 i’ropheta
798 3290 937 3345 dixit
987 3290 1042 3344 in
1086 3290 1230 3345 libro
1277 3288 1624 3344 Psalmorum
1652 3288 1743 3342 “:

2085 3280 2310 3350 ἄνεμοι.
2345 3281 2443 3335 καί
2466 3283 2504 3350 ἠ
2554 3282 2837 3337 θάλασσα
2866 3285 3288 3338 ὑπακούουσιν
3333 3285 3514 3351 nimi);

283 3378 555 3447 imperavit
584 3381 848 3450 procellae,
879 3392 926 3435 et
962 3382 1109 3435 stetit
1134 3382 1190 3434 in
1215 3397 1353 3447 aere,
1378 3392 1426 3435 et
1462 3380 1717 3435 siluerunt

2049 3371 2082 3425 tt
2112 3364 2175 3424 οῦ
2220 3373 2311 3425 καὶ
2347 3374 2376 3425 ό
2405 3375 2690 3445 προφήτης
2733 3373 2919 3443 ἔλεγεν
2954 3376 3012 3428 ἐν
3042 3374 3213 3447 βίϐλῳ
3239 3376 3479 3447 Ψαλμῶν
3498 3392 3511 3406 ·

283 3477 397 3521 ctus
447 3468 584 3539 ejus.
636 3470 883 3540 Apostoli
936 3471 1104 3542 igitur
1147 3470 1310 3525 simul
1359 3480 1412 3526 et
1460 3479 1655 3527 ventus
1696 3487 1745 3527 et

2051 3464 2061 3517 ί
2094 3464 2347 3529 ἐπέταξε
2378 3464 2453 3534 τῇ
2479 3464 2768 3533 καταιγίδι
2794 3505 2808 3530 ,
2842 3466 2940 3519 καὶ
2971 3466 3121 3533 ἔστη
3174 3468 3265 3533 είς
3314 3468 3513 3535 αὔραν,

280 3566 412 3614 tunc
432 3558 486 3614 in
517 3560 787 3631 idipsum;
818 3562 1051 3632 apostoli
1080 3562 1300 3632 quidem
1347 3572 1653 3633 spectantes
1678 3564 1742 3617 mi

2081 3555 2379 3624 ἐσίγησαν
2410 3556 2483 3609 τὰ
2508 3558 2740 3625 κύματα
2773 3556 2983 3624 αὐτῆς.
3013 3558 3076 3610 Οἱ
3120 3557 3412 3611 ἀπόστολοι
3433 3553 3515 3611 οὖν

282 3652 489 3718 culum,
530 3661 724 3709 ventus
769 3664 951 3709 autem
981 3655 1182 3710 cedens
1211 3655 1378 3711 verbo
1423 3656 1680 3726 imperii:
1724 3656 1738 3710 i

2048 3643 2106 3709 ιῦ,
2131 3646 2225 3699 καὶ
2253 3647 2281 3698 ὁ
2303 3646 2500 3717 ἄνεμος
2525 3644 2593 3718 ἦν
2617 3646 2916 3700 ὲπαναυτὸν
2944 3646 3075 3716 [ἐπὶ
3095 3646 3156 3700 τὸ
3176 3648 3347 3721 αὐτὸ]
3371 3650 3483 3701 τότε
3499 3664 3510 3677 ·

280 3743 503 3814 subjicit
551 3745 619 3802 de
660 3747 919 3817 apostolis
960 3756 1015 3802 et
1050 3746 1255 3817 spiritu
1306 3748 1641 3819 tempestatis
1671 3748 1742 3814 ε(

2052 3739 2131 3790 ιὲν
2165 3738 2451 3792 ἀπόστολοι
2484 3739 2787 3811 ἑωρακότες
2822 3738 2883 3791 τὸ
2917 3738 3124 3809 θαῦμα,
3170 3739 3200 3791 ὁ
3230 3739 3287 3793 δὲ
3330 3740 3514 3810 ἄνεμος

279 3836 480 3905 faciunt
526 3837 736 3893 verbum
765 3840 900 3909 ejus.

2055 3827 2300 3899 απτήξας
2352 3828 2431 3900 τῷ
2466 3829 2609 3900 λόγῳ
2641 3829 2734 3883 τοῦ
2779 3830 3231 3901 προστάγματος-ο
3278 3831 3371 3884 διὰ
3426 3830 3514 3903 γὰρ

1945 3916 2102 3970 τοῦτο
2134 3916 2328 3986 ἐπάγει
2360 3919 2489 3990 περὶ
2531 3918 2639 3973 τῶν
2687 3919 2996 3974 ἀποστόλων
3028 3920 3125 3972 καὶ
3156 3920 3252 3974 τοῦ
3285 3923 3514 3992 πνεύμαο

1946 4026 2035 4071 τος
2054 4009 2156 4079 τῆς
2178 4011 2488 4079 καταιγίδος
2508 4029 2520 4041 ·
2559 4010 2635 4065 Τὰ
2660 4011 2948 4066 ποιοῦντα
2979 4012 3087 4066 τὸν
3100 4013 3294 4082 λόγον
3314 4012 3515 4067 αὐτοῦ.

347 4093 434 4160 19,
476 4094 564 4149 20.
607 4093 881 4153 Sublimes
929 4102 1246 4169 praeceptis,
1298 4109 1355 4155 et
1388 4101 1627 4158 humiles
1681 4104 1809 4158 cord

2054 4100 2105 4163 9,
2140 4100 2230 4154 20.
2262 4099 2328 4154 Οί
2357 4101 2550 4172 ὑψηλοὶ
2574 4105 2693 4166 ταῖς
2721 4103 2980 4168 ἐντολαῖς,
3025 4103 3122 4157 καὶ
3152 4106 3407 4158 ταπεινοὶ
3457 4104 3516 4172 τῇ

279 4185 534 4242 facientes
577 4185 815 4243 fructum
865 4188 1113 4259 iustitiae,
1162 4199 1218 4247 et
1267 4191 1566 4265 incorrupti
1625 4209 1741 4265 pert

2055 4192 2162 4263 δίᾳ,
2202 4192 2243 4246 ι»)
2269 4193 2544 4257 ποιοῦντες
2566 4194 2773 4265 καρπὸν
2787 4194 3152 4265 δικαιοσύνης,
3169 4197 3267 4250 καὶ
3292 4198 3515 4266 ἄσηπτοι

277 4283 485 4331 nentes.

1942 4282 2302 4353 διαμένοντες.

342 4366 432 4421 21.
472 4366 533 4422 in
572 4367 769 4424 eremis
799 4368 1067 4438 viventes,
1097 4380 1146 4426 et
1183 4373 1451 4429 mansueti
1480 4375 1665 4431 corde.

2054 4372 2099 4426 Ι.
2139 4372 2229 4427 Ἐν
2255 4375 2375 4436 ταῖς
2409 4373 2633 4443 ἐρήμοις
2660 4371 3026 4444 διαιτώμενοι,
3062 4377 3160 4429 καὶ
3213 4379 3418 4448 πραεῖς
3458 4377 3516 4444 τῇ

1944 4464 2163 4535 καρδίᾳ.

342 4540 433 4595 22.
472 4541 710 4617 Corpora
739 4552 796 4598 et
842 4545 1043 4600 animae
1092 4556 1432 4604 sanctorum.

1871 4613 1912 4626 λ
2011 4554 2100 4608 22.
2131 4554 2210 4607 Τὰ
2234 4553 2461 4625 σώματα
2492 4556 2586 4609 καὶ
2608 4556 2664 4609 αί
2695 4555 2864 4626 ψυχαὶ
2893 4575 3000 4611 των
3024 4558 3221 4625 ἁγίων.

339 4629 428 4724 25.
468 4613 828 4724 ξὶρίεοορί,εθι
865 4651 1058 4693 omnes
1092 4640 1277 4708 populi
1306 4642 1607 4699 credentes.

2054 4647 2098 4700 5.
2135 4649 2195 4701 Οί
2226 4648 2533 4712 ἐπίσκοποι,
2555 4650 2649 4703 καὶ
2683 4650 2881 4712 πάντες
2901 4650 3020 4704 λαοὶ
3062 4653 3113 4704 oi
3146 4653 3516 4713 πιστεύοντες.

476 4721 802 4814 l’resbyteri.
829 4735 885 4781 et
911 4729 1006 4798 qui
1040 4731 1246 4785 mundo
1292 4735 1693 4791 renuntiarunt.

2054 4740 2096 4792 1.
2128 4741 2190 4791 Οἱ
2220 4738 2579 4810 πρεσῢύτεροι
2603 4741 2695 4793 καὶ
2722 4742 2770 4794 0i
2790 4741 2868 4812 τῷ
2884 4742 3072 4812 κόσμῳ
3089 4743 3516 4814 ἁποταξάμενοι.

341 4812 436 4867 25.
472 4811 577 4879 Qui
617 4814 761 4869 malo
788 4818 1066 4883 resistunt,
1095 4827 1149 4874 et
1176 4823 1365 4877 mundi
1392 4834 1520 4880 sunt
1547 4828 1729 4883 corde.

2055 4828 2099 4883 5.
2128 4831 2190 4881 Οί
2212 4828 2590 4900 ἀνθιστάμενοι
2618 4832 2695 4903 τῷ
2718 4811 2956 4903 πονηρῷ,
2985 4811 3080 4887 καὶ
3099 4835 3279 4908 ἁγνὴν
3308 4811 3517 4908 ἔχοντες

1936 4918 2034 4973 τὴν
2072 4919 2316 4973 καρδίαν.

344 4986 434 5041 26.
472 4982 576 5053 Qui
619 4994 743 5041 ante
773 5001 1131 5056 speraverunt
1174 4994 1228 5049 in
1277 4985 1529 5063 Christo,
1564 5009 1619 5055 et
1650 5001 1806 5074 cogni

2072 4937 2142 4973 κα
2213 4921 2316 4973 ίαν.

2054 5010 2100 5066 Β.
2134 4919 2208 5065 gis
2236 5012 2632 5083 προηλπικότες
2654 5015 2711 5067 ὲν
2730 5013 2808 5084 τῷ
2828 5014 3068 5087 Χριστῷ,
3091 5018 3189 5071 καὶ
3219 5021 3290 5090 τῇ
3320 5016 3516 5088 γνώσει

276 5078 422 5134 tione
454 5078 689 5149 perfecta
714 5092 969 5154 aguntur,
999 5095 1053 5139 et
1088 5085 1284 5142 ﬂorent
1311 5090 1362 5142 in
1398 5090 1518 5146 ﬁde.

2063 5103 2154 5166 ίως
2177 5077 2487 5174 φερόμενοι,
2520 5104 2616 5156 καὶ
2634 5104 2682 5157 οἱ
2710 5077 2996 5170 ἀνθοῦντες
3019 5077 3157 5180 περὶ
3312 5077 3517 5164 πίστιν.

335 5167 424 5221 27.
466 5168 806 5229 Unanitnilcr
868 5192 1057 5231 omnes
1099 5193 1207 5233 uno
1257 5194 1353 5235 ore
1401 5192 1454 5237 et
1505 5201 1617 5241 uno
1673 5188 1797 5242 cord

2056 5192 2097 5245 1.
2137 5167 2506 5264 ’ὁμοθύμαδὺν
2530 5194 2587 5247 ὲν
2616 5196 2696 5248 ἐνὶ
2731 5167 2989 5266 στόματι,
3033 5167 3129 5251 καλ.
3172 5167 3275 5271 μιᾷ
3322 5197 3518 5270 καρδές

274 5254 573 5317 ‘audabunt
607 5278 803 5318 nomen
836 5263 1075 5321 Domini.

1937 5254 2301 5353 ἀνυμνήσουσι
2328 5254 2386 5336 ei)
2422 5282 2594 5356 ὄνομα
2626 5254 2841 5356 Κυρίου.
2863 5254 3084 5350 πάντες.
3172 5254 3185 5271 ⁸
3247 5257 3259 5272 ι

338 5348 427 5449 28.
469 5350 737 5417 Quoniam
800 5371 998 5412 nomen
1064 5359 1184 5429 ejus
1248 5359 1681 5418 demonstratum
1750 5382 1800 5421 es

2059 5374 2093 5427 l.
2129 5348 2252 5427 ίὈτι
2275 5375 2337 5429 τὸ
2364 5348 2536 5446 δνομά
2560 5348 2728 5431 αὑτοῦ
2746 5348 3053 5449 ἀπεδείχθη
3088 5378 3354 5436 κυοιεῦον
3390 5377 3521 5433 πάν-

275 5438 519 5494 omnium
555 5443 864 5503 dominans.

1941 5480 2067 5517 των.
2586 5492 2590 5495 ·

371 5696 414 5732 ⁸⁸
472 5699 602 5758 Luc.
665 5722 717 5770 ι,
773 5710 856 5764 19.
958 5712 998 5744 ι’
1018 5712 1201 5768 Matth.
1234 5731 1351 5781 vui,
1399 5716 1490 5771 27.
1569 5719 1613 5750 ²⁰
1654 5717 1798 5773 Psal.
1840 5735 1960 5786 ενι,
2009 5722 2097 5777 29.
