3702 6426
239 347 361 402 1557

1136 352 1225 408 DE
1261 352 1539 411 TITULIS
1568 353 2022 412 PSALMORUM.
2059 387 2132 399 -—
2178 355 2373 411 PSAL.
2415 355 2636 416 CXLIX.

3313 367 3335 421 1
3346 366 3454 424 558

299 469 385 523 29.
424 467 488 520 Ἦ
516 466 898 540 ἐξομολόγησις
920 467 1082 521 αὐτοῦ
1111 467 1203 521 ἐπὶ
1226 469 1328 538 γῆς
1361 469 1456 521 καὶ
1479 467 1729 540 ούρανοῦ,
1813 476 1861 531 Α

1956 470 2046 527 29.
2082 469 2375 527 Confessio
2402 472 2521 540 ejus
2548 486 2712 541 super
2739 480 2941 527 terram
2978 485 3031 529 et
3053 472 3275 542 caelum,

297 563 383 618 50.
407 562 517 614 Καὶ
546 559 746 630 ὑψώσει
778 558 945 631 κέρας
968 558 1096 613 λαοῦ
1119 557 1307 612 αὐτοῦ.

299 652 381 706 51.
413 652 619 720 ’Υμνος
646 652 779 704 πᾶσι
800 652 911 713 τοῖς
938 651 1104 712 ὁσίοις
1126 648 1313 713 αὐτοῦ,

296 741 377 795 52.
410 740 535 804 Τοῖς
555 741 690 803 υίοῖς
732 739 968 812 Ἰσραὴλ,
998 739 1110 809 λαῷ
1140 739 1406 807 ἐγγίζοντι
1435 738 1603 809 αύτῷ.

598 852 949 919 Ἀλληλούτα
1009 853 1181 907 ΨΑΛ.
1211 856 1395 908 ΡΜΘ.

297 940 344 993 1.
374 941 572 1011 ’ᾼσατε
601 940 678 1012 τῷ
701 942 889 1011 Κυρίῳ
917 938 1065 1013 ᾆσμα
1094 942 1277 996 καινόν
1295 958 1311 974 ·

293 1032 346 1086 2.
383 1032 445 1085 Ἥ
473 1031 674 1097 αἷνεσις
696 1033 858 1086 αὐτοῦ
891 1036 948 1087 ὲν
976 1034 1235 1105 ἐκκλησίᾳ
1259 1035 1441 1088 ὁσίων.

294 1125 345 1179 5.
371 1124 738 1197 Εὑφρανθήτω
768 1125 978 1196 Ἰσραὴλ
1005 1127 1097 1179 ἐπὶ
1134 1121 1212 1197 τῷ
1233 1127 1516 1196 ποιήσαντι
1548 1124 1727 1190 αὐτὸν,

188 1220 215 1247 ⁰
294 1215 345 1270 4.
380 1217 489 1270 Καὶ
521 1214 628 1269 υἱοὶ
651 1215 787 1269 Σιὼν
813 1215 1253 1285 ἀγαλλιάσθωσαν
1304 1216 1394 1268 ἐπὶ
1449 1215 1526 1287 τῷ
1573 1214 1784 1285 βασιλεί

230 1306 419 1362 αὐτῶν.

295 1397 343 1454 5.
372 1399 749 1453 Αίνεσάτωσαν
770 1398 830 1451 τὸ
852 1397 1019 1468 ὄνομα
1044 1395 1207 1450 αὐτοῦ
1245 1398 1302 1450 ὲν
1332 1395 1496 1468 χορῷ,

1951 562 2040 617 50.
2082 561 2149 616 Et
2174 564 2435 617 exaltabit
2463 579 2634 618 cornu
2679 565 2864 635 populi
2899 566 3005 621 sui.

1953 652 2038 706 51.
2085 652 2328 721 Hymnus
2361 654 2616 707 omnibus
2642 654 2848 708 sanctis
2882 655 3024 723 ejus,

1954 742 2045 796 52.
2086 741 2240 797 Filiis
2263 742 2454 809 Israel,
2486 743 2689 812 populo
2723 745 3180 813 appropinquanti
3221 745 3344 802 sibi.

2254 854 2503 908 Alleluia.
2565 851 2767 911 PSAL.
2820 853 3069 911 CXLIX.

1954 946 2005 999 1.
2055 943 2283 1000 Cantate
2317 945 2548 1001 Domino
2575 946 2845 1002 canticum
2890 962 3090 1002 novum
3118 966 3134 1003 :

1951 1036 2004 1090 2.
2046 1035 2190 1090 Laus
2231 1037 2349 1106 ejus
2391 1039 2445 1091 in
2485 1036 2713 1092 ecclesia
2762 1047 3099 1093 sanctorum.

1957 1128 2010 1180 5.
2053 1126 2285 1182 Lzetetur
2316 1126 2483 1182 Israel
2507 1127 2559 1181 in
2584 1144 2671 1192 eo,
2699 1128 2792 1199 qui
2828 1127 2955 1184 fecit
2983 1146 3133 1197 eum,

1955 1215 2009 1269 4.
2051 1215 2113 1270 Et
2152 1215 2245 1268 lilii
2285 1214 2414 1269 Sion
2462 1218 2736 1272 exsultent
2765 1217 2819 1272 in
2852 1233 2976 1289 rege
3010 1234 3131 1275 suo.

1959 1392 2014 1447 5.
2051 1390 2296 1446 Laudent
2342 1406 2539 1447 nomen
2573 1392 2691 1463 ejus
2718 1393 2773 1448 in
2799 1394 2991 1460 choro,

1331 1545 1709 1603 ATHANASII
1747 1543 2332 1601 lNTERPRETATlO.

288 1706 374 1761 29.
405 1706 512 1761 Καὶ
533 1707 624 1761 ἐπὶ
666 1708 768 1779 γῆς
802 1708 910 1779 γὰρ
946 1707 1097 1769 ὄντες
1130 1705 1277 1776 αὐτῷ
1315 1703 1781 1777 ἐξομολογούμεθα
1811 1714 1854 1768 Β

1951 1704 2042 1758 29.
2084 1703 2218 1759 Nam
2256 1714 2312 1760 et
2356 1705 2413 1760 in
2459 1713 2603 1760 terra
2635 1705 2963 1762 exsistentes
2992 1714 3212 1776 peccata
3258 1716 3445 1764 nostra

223 1798 316 1862 τὰς
347 1798 618 1870 ἁμαρτίας
662 1798 840 1870 ἡμῶν,
875 1799 970 1851 καὶ
1006 1798 1166 1852 πάλιν
1205 1800 1261 1850 ὲν
1308 1796 1521 1868 οὐρανῷ
1572 1796 1776 1859 πάντας

223 1891 361 1961 ἡμᾶς
389 1890 471 1943 δεῖ
497 1890 840 1962 παραστῆναι
862 1889 940 1961 τῷ
972 1890 1173 1961 βήματι
1209 1889 1372 1943 αύτοῦ
1393 1889 1485 1941 τοῦ
1518 1888 1775 1959 Χριστοῦ,

222 1981 394 2046 καθὼς
425 1979 576 2035 εἶπεν
602 1984 631 2036 ὁ
674 1981 1008 2045 Ἀπόστολος.

282 2068 370 2122 50.
404 2070 512 2123 Καὶ
535 2068 633 2141 τὴν
660 2069 936 2140 βασιλείαν
966 2068 1059 2123 τοῦ
1084 2068 1213 2125 λαοῦ
1235 2068 1587 2142 ἀτελεύτητον
1619 2071 1776 2142 ποιή-

219 2173 318 2212 σει.

285 2250 373 2304 51.
412 2251 669 2315 Ἐπαινος
698 2252 833 2305 πᾶσι
854 2254 969 2317 τοῖς
995 2250 1184 2315 ὁσίοις.

280 2337 368 2392 52.
395 2339 519 2402 Τοῖς
553 2340 686 2404 υἱοῖς
707 2339 812 2393 τῶν
843 2338 1012 2408 ἁγίων
1036 2338 1366 2404 ἀποστόλων,
1391 2339 1498 2394 τῶν
1528 2339 1774 2411 ὁρώντων

216 2427 369 2481 αὐτὸν
390 2431 457 2499 τῇ
475 2427 682 2500 διανοίᾳ
703 2447 716 2459 ·
742 2429 898 2482 τοῦτο
936 2428 1043 2500 γὰρ
1082 2428 1439 2502 ἑρμηνεύεται
1506 2430 1773 2500 Ἰσραὴλ,

222 2518 374 2588 ἀνὴρ
403 2518 556 2588 ὁρῶν
587 2521 754 2575 Θεόν.
1618 2544 1627 2554 ·

1881 1800 1983 1870 ipsi
2033 1802 2393 1865 conﬁtemur,
2444 1811 2497 1857 et
2562 1819 2755 1859 rursus
2807 1804 2864 1857 in
2913 1806 3051 1860 ccelo
3106 1821 3295 1863 omnes
3346 1824 3446 1863 nos

1879 1900 2093 1960 oportet
2125 1900 2272 1946 stare
2305 1901 2433 1948 ante
2478 1893 2715 1948 tribunal
2744 1893 2914 1965 ipsius
2940 1894 3162 1961 Christi,
3185 1898 3446 1966 quemad-

1879 1982 2099 2036 modum
2143 1983 2281 2038 dixit
2311 1986 2605 2055 Apostolus
2644 1986 2711 2040 “.

1948 2070 2037 2126 50.
2078 2070 2141 2127 Et
2174 2088 2400 2144 regnum
2431 2077 2616 2145 populi
2648 2075 2842 2132 etIiciet
2877 2078 3286 2148 sempiternum.

1949 2254 2040 2308 51.
2080 2255 2226 2311 Laus
2259 2257 2514 2312 omnibus
2556 2258 2782 2316 sanctis.

1950 2343 2043 2399 52.
2086 2344 2240 2401 Filiis
2315 2358 2632 2401 sanctorum
2710 2351 3081 2419 apostolorum
3148 2351 3446 2408 videntium

1878 2449 2004 2489 eum
2034 2446 2247 2504 mente;
2274 2437 2348 2491 ita
2382 2438 2530 2493 enim
2574 2438 2973 2511 interpretatur
3019 2440 3214 2508 Israel,
3244 2442 3326 2499 air
3369 2445 3446 2499 vi-

1879 2526 2007 2582 dens
2033 2527 2223 2584 Deum.

289 2674 353 2726 Ἥ
407 2674 737 2746 προκειμένη
784 2674 1062 2746 ἐπιγραφὴ
1106 2674 1380 2746 περιέχει’
1435 2675 1810 2745 Ἀλληλούῖα,
1849 2678 1986 2751 ὅπερ
2042 2681 2405 2754 ἑρμηνεύεται
2451 2684 2751 2752 αἰνέσατε,
2798 2685 3108 2757 ὐμνήσατε
3154 2687 3261 2743 τὸν
3305 2688 3448 2743 ὄντα

212 2766 374 2818 Θεόν.

278 2857 490 2916 Titulus
528 2861 850 2931 praepositus
900 2852 1178 2916 continet:
1217 2861 1471 2929 Alleluia,
1509 2864 1656 2933 quod
1706 2863 2096 2933 interpretatur
2145 2863 2384 2932 laudate,
2421 2865 2675 2934 hymnum
2716 2862 2877 2917 dicite
2920 2861 3026 2916 Deo
3058 2879 3197 2921 vero.

275 2976 326 3031 1.
358 2976 567 3048 ’Ὕμνον
598 2977 955 3049 ἀναπέμψατε
978 2976 1056 3048 τῷ
1089 2977 1278 3049 Κυρίῳ
1325 2978 1592 3050 καθαρόν·
1624 2980 1773 3050 ὅμως
1798 2964 1842 3023 (ἶ

1949 2982 2002 3036 1.
2042 2979 2314 3052 Hymnum
2365 2978 2630 3033 mundum
2679 2978 2911 3032 emittite
2961 2975 3237 3030 Domino:
3293 2975 3448 3030 aliter

211 3067 301 3120 καὶ
352 3067 531 3132 ἄλλως
584 3072 785 3122 νοεῖται
829 3072 858 3122 ὁ
898 3069 1058 3133 αὐτὸς
1090 3070 1294 3141 στίχος,
1318 3070 1399 3123 ὅτι
1425 3070 1591 3142 ὕμνον
1621 3070 1779 3140 δόξης

209 3159 394 3213 εἴπατε
421 3158 502 3229 τῷ
526 3159 714 3231 Κυρίῳ
745 3161 883 3231 ὑπὲρ
915 3159 1009 3214 τοῦ
1051 3160 1255 3224 πάθους
1286 3160 1472 3227 αὑτοῦ,
1516 3160 1574 3215 ὃν
1605 3161 1779 3226 οὐδεὶς

209 3249 392 3320 είρηκε
430 3248 537 3302 τῶν
569 3248 877 3320 ἔμπροσθεν
900 3249 1120 3317 γενεῶν,
1150 3252 1198 3303 εί
1231 3251 1305 3321 μὴ
1341 3250 1498 3322 μόνον
1522 3251 1702 3322 ἡμεῖς,
1729 3252 1776 3304 οἱ

208 3341 532 3412 θεασάμενοι
566 3341 660 3395 καὶ
688 3341 1017 3404 ἀκούσαντες
1035 3341 1126 3395 τὸν
1157 3341 1310 3395 Θεόν.

270 3432 324 3485 2.
369 3431 438 3484 Ἠ
489 3431 596 3503 γὰρ
647 3432 849 3495 αῖνεσις
911 3432 1075 3486 αὐτοῦ
1131 3431 1348 3500 λέγεται
1405 3433 1463 3486 ὲν
1514 3432 1779 3504 ἐκκλησίᾳ

204 3524 383 3587 ὁσίων,
410 3524 686 3577 τουτέστιν
720 3525 777 3577 ὲν
808 3528 1082 3597 συστροφῇ
1114 3525 1221 3577 τῶν
1243 3525 1434 3593 ἁγίων.
1466 3525 1655 3596 ’Ὅμως
1684 3524 1778 3577 καὶ

203 3615 372 3680 ἄλλως
408 3618 656 3670 νοεῖταιὸ
694 3616 855 3681 αὐτὸς
908 3617 1118 3686 στίχος·
1148 3617 1228 3669 ιἩ
1268 3617 1472 3679 αἴνεσις
1524 3615 1686 3668 αὑτοῦ
1719 3616 1777 3668 ὲν

202 3710 318 3772 ταῖς
344 3707 596 3779 καρδίαις
620 3709 713 3761 καὶ
740 3709 796 3760 ὲν
835 3712 946 3772 τοῖς
978 3708 1163 3780 μέλεσι
1198 3708 1306 3761 τῶν
1336 3708 1535 3777 ἁγίων·
1588 3707 1778 3777 Ὑμεῖς

202 3798 328 3868 γὰρ,
381 3799 547 3868 φησιν
572 3801 600 3852 ὁ
642 3799 983 3864 Ἀπόστολος,
1014 3800 1159 3866 ναὸς
1186 3800 1331 3855 Θεοῦ
1357 3802 1523 3854 ἐστε·
1560 3801 1655 3854 καὶ
1676 3798 1779 3852 πά-

200 3888 309 3942 λινο
342 3892 468 3944 Οὐκ
498 3890 715 3954 οἴδατε,
752 3891 841 3944 ὅτι
868 3894 939 3947 τὰ
974 3891 1217 3962 σώματα
1254 3893 1421 3961 ὑμῶν
1462 3895 1608 3959 ναίς
1647 3892 1778 3944 ἐστι

198 3980 301 4035 τοῦ
332 3983 404 4036 ἐν
421 3980 564 4051 ὑμῖν
586 3983 755 4052 ἁγίου
784 3986 1149 4053 Πνεύματος,
1179 3980 1250 4041 οὗ
1276 3985 1443 4055 ἔχετε
1465 3985 1584 4039 ἀπὸ
1607 3981 1774 4037 Θεοῦ.

262 4172 315 4228 5.
347 4170 726 4242 Εὑφρανθήτω
763 4174 792 4225 ὁ
818 4171 946 4235 λαὸς
999 4189 1026 4225 ο
1061 4173 1475 4243 περωτισμένος
1520 4171 1619 4243 τὴν
1665 4171 1778 4225 διά-

1875 3072 2040 3130 etiam
2064 3072 2154 3127 hic
2185 3071 2491 3127 versiculus
2530 3068 2756 3139 intelligi
2797 3076 2995 3139 potest,
3028 3066 3256 3132 scilicet,
3288 3065 3446 3136 bym-

1876 3182 2006 3220 num
2033 3164 2218 3236 gloritn
2244 3164 2409 3218 dicite
2461 3160 2692 3216 Domino
2729 3160 2796 3215 de
2823 3160 3077 3226 passione
3104 3158 3246 3227 ejus,
3281 3172 3446 3227 quem

1878 3250 2027 3304 nulla
2057 3248 2197 3303 dixit
2237 3246 2636 3316 praeteritarum
2683 3243 3097 3314 generationum
3128 3241 3232 3297 nisi
3270 3241 3457 3295 solum-

1877 3353 2001 3398 nos,
2032 3337 2125 3407 qui
2158 3337 2394 3390 vidimus
2420 3344 2476 3390 et
2502 3334 2811 3389 audivimus
2844 3333 3036 3386 Deum.

1944 3432 2001 3486 2.
2041 3430 2187 3486 Laus
2219 3430 2363 3485 enim
2392 3428 2511 3497 ejus
2536 3426 2735 3481 dicitur
2756 3426 2809 3478 in
2848 3422 3081 3479 ecclesia
3108 3428 3446 3477 sanctorum.

1877 3522 1982 3578 hoc
2007 3532 2092 3576 est
2125 3522 2177 3575 in
2208 3519 2628 3590 congregatione
2673 3526 3009 3571 sanctorum.
3064 3511 3448 3567 Verumtamen

1877 3616 2034 3670 aliter
2056 3614 2218 3669 etiam
2245 3610 2588 3681 interpretari
2617 3607 2946 3678 potestidem
2973 3618 3167 3659 versus
3193 3620 3207 3657 :
3234 3616 3446 3670 nempe,

1876 3706 1995 3761 laus
2023 3705 2143 3774 ejus
2189 3705 2243 3757 in
2278 3702 2537 3756 cordibus
2581 3710 2633 3753 et
2666 3700 2717 3752 in
2768 3696 3032 3753 membris
3087 3701 3444 3749 sanctorum:

1876 3796 1987 3852 Vos
2025 3797 2171 3850 enim
2191 3835 2206 3859 ,
2237 3794 2417 3863 inquit
2445 3790 2768 3861 Apostolus,
2806 3787 3051 3858 templum
3082 3782 3177 3836 Dei
3211 3781 3335 3835 estis
3365 3781 3445 3847 ";

1875 3900 1929 3945 et
1989 3903 2230 3943 rursus:
2279 3890 2359 3939 An
2420 3884 2655 3949 nescitis,
2706 3883 2957 3952 quoniam
3009 3891 3233 3945 corpora
3280 3882 3448 3927 vestra

1878 3979 2123 4049 templum
2154 3986 2275 4031 sunt
2302 3975 2533 4044 Spiritus
2557 3974 2752 4039 sancti,
2785 3972 2874 4043 qui
2910 3971 2962 4023 in
2997 3967 3139 4022 vobis
3170 3973 3269 4029 est,
3295 3977 3446 4033 quem

1874 4070 2077 4125 habetis
2103 4085 2135 4122 a
2169 4068 2272 4121 Deo
2306 4065 2398 4118 ﬂ?

1945 4162 2000 4218 5.
2040 4160 2273 4215 Laetetur
2296 4155 2528 4228 populus
2555 4161 2735 4209 mente
2756 4147 3169 4207 illuminatusin
3192 4143 3443 4210 Domino,

194 4282 339 4318 νοιαν
367 4235 466 4318 ὲπλ
592 4235 780 4333 Κυρίῳ
810 4263 888 4334 τῷ
911 4235 1201 4332 ποιήσαντι
1224 4235 1407 4328 αὑτὸν,
1432 4235 1523 4315 καὶ
1557 4235 1613 4314 έν
1633 4263 1772 4333 ἀρχῇ
1805 4299 1850 4353 D
1878 4270 1911 4323 (1

1946 4254 1973 4307 ἡ
2002 4253 2130 4307 fecit
2155 4265 2302 4313 eum,
2336 4258 2389 4300 et
2420 4248 2489 4301 ab
2540 4245 2720 4312 initio,
2759 4244 2887 4297 etin
2930 4240 3222 4309 baptismo.
3274 4235 3445 4290 Israel

1951 4345 1962 4353 -
2090 4343 2100 4353 -
2152 4351 2161 4353 -
2331 4349 2340 4353 -
2388 4348 2398 4353 -
2699 4334 2887 4353 ---μη
2971 4330 3201 4353 Amm”
3302 4342 3443 4353 nm“

192 4358 283 4410 καὶ
327 4357 387 4410 ὲν
436 4354 514 4424 τῷ
546 4354 909 4425 βαπτίσματι·
956 4354 1193 4420 Ἰσραὴλ
1231 4353 1338 4423 γὰρ
1394 4352 1771 4422 ἑρμηνεύεται,

190 4448 265 4514 ὡς
296 4448 565 4511 πολλάκις
600 4449 922 4519 εἰρήκαμεν,
950 4447 1097 4512 νοῦς
1124 4446 1278 4515 ὀρῶν
1300 4445 1465 4498 Θεόν.

258 4542 313 4596 4.
349 4541 468 4595 Καὶ
499 4542 549 4594 οἱ
579 4542 682 4593 uici
700 4540 797 4609 τῆς
826 4539 1147 4610 ἐπουρανίου
1193 4536 1544 4610 Ἰερουσαλὴμ
1571 4534 1774 4597 πόλεως

187 4631 645 4702 ἀγαλλιᾶσθωσαν
676 4631 768 4682 ἐπὶ
795 4630 872 4701 τῷ
897 4630 1082 4701 Κυρίῳ
1126 4628 1297 4698 Ἰησοῦ
1331 4626 1409 4697 τῷ
1436 4625 1643 4695 βασιλεῖ
1674 4624 1773 4677 αύ-

186 4726 323 4778 τῶν·
361 4724 524 4780 Σιὼν
542 4723 651 4793 γὰρ
677 4722 1036 4793 ἑρμηνεύεται
1071 4722 1252 4785 τόπος
1290 4719 1441 4772 ὅπου
1478 4718 1516 4785 ἠ
1545 4713 1767 4783 σκηνή.

260 4818 312 4873 5.
351 4815 738 4869 Αἱνεσάτωσαν
767 4813 926 4866 αὐτὸν
959 4813 1016 4863 ἐν
1049 4811 1145 4882 ὅλῃ
1170 4810 1387 4882 καρδία,
1424 4808 1519 4860 καὶ
1551 4809 1608 4861 ἐν
1630 4808 1768 4870 ὅλοις

187 4916 299 4975 τοῖς
331 4909 556 4980 μέλεσιν
590 4906 764 4958 αὐτῶν
784 4923 796 4934 ο
827 4905 902 4968 ὡς
939 4902 1045 4974 γὰρ
1071 4905 1100 4955 ὁ
1147 4903 1306 4975 χορὸς
1335 4901 1618 4955 ὑπόκειται
1663 4897 1768 4950 ύπὸ

189 5001 264 5074 (1)
288 5001 572 5071 διαφόρων
612 4996 932 5067 ἀνθρώπων,
959 4993 1101 5047 οὕτω
1139 4996 1232 5049 καὶ⁵
1256 4994 1325 5047 τά
1355 4994 1489 5065 μέλη
1519 4991 1768 5061 σύγκειν-

184 5113 273 5148 ται
301 5096 362 5146 ὲν
395 5092 476 5163 τῷ
502 5087 801 5161 ἀνθρώπῳ·
833 5091 889 5143 ἓν
920 5087 1058 5149 ὅλοις
1085 5084 1176 5141 οὖν
1204 5090 1315 5149 τοῖς
1347 5085 1556 5155 σώμασι
1594 5083 1687 5137 καὶ
1705 5082 1763 5135 ὲν

184 5190 250 5258 τῇ
281 5184 489 5257 καρδίᾳ
524 5181 774 5235 αἰνέσατε
798 5178 959 5235 αὐτὸν
989 5177 1057 5232 δι’
1084 5179 1259 5251 ἔργων
1293 5175 1531 5246 ἀγαθῶν.

248 5371 292 5401 ¹¹
348 5366 520 5422 Hebr.
563 5380 617 5427 x,
652 5363 736 5417 Η.

1876 4345 2023 4398 enim
2088 4343 2504 4409 interpretatur,
2572 4343 2632 4389 ut
2693 4334 2892 4404 saepius
2965 4330 3245 4393 diximus,
3302 4342 3443 4380 mens

1874 4429 2049 4483 videns
2093 4426 2278 4479 Deum.

1942 4523 1996 4575 ti.
2039 4518 2104 4572 Et
2132 4517 2226 4571 lilii
2266 4514 2506 4570 cmlestis
2534 4510 2772 4567 civitatis
2798 4507 3140 4564 Hierusalem
3173 4505 3444 4561 exsultent

1873 4615 1926 4669 in
1956 4612 2187 4667 Domino
2221 4607 2347 4663 Jesu
2398 4608 2642 4676 ipsorum
2678 4618 2846 4673 rege:
2897 4600 3026 4656 Sion
3073 4598 3220 4655 enim
3270 4599 3442 4653 inter-

1872 4714 2116 4777 pretatur
2161 4701 2302 4754 locus
2347 4699 2436 4752 ubi
2467 4695 2892 4751 tabernaculum.

1943 4796 1998 4853 5.
2048 4792 2297 4849 Laudent
2324 4805 2448 4845 eum
2480 4789 2535 4843 in
2561 4797 2677 4841 toto
2708 4786 2893 4853 corde,
2935 4792 2991 4840 et
3019 4783 3075 4838 in
3111 4781 3239 4837 totis
3270 4795 3446 4835 mem-

1873 4890 1987 4947 bris
2014 4887 2127 4943 suis
2154 4901 2169 4950 ;
2198 4880 2656 4953 quemadmodum
2686 4879 2831 4934 enim
2876 4877 3078 4933 chorus
3101 4870 3443 4942 componitur

1873 4999 1903 5039 a
1938 4975 2171 5036 diversis
2193 4971 2529 5034 hominibus,
2560 4970 2635 5024 ita
2673 4970 2837 5024 etiam
2872 4965 3114 5022 membra
3139 4962 3440 5032 composita

1872 5083 1998 5131 sunt
2043 5074 2097 5128 in
2137 5072 2358 5128 homine
2387 5090 2401 5127 :
2435 5072 2487 5124 in
2548 5078 2664 5124 toto
2709 5068 2873 5139 igitur
2905 5078 3133 5135 corpore
3177 5069 3233 5119 et
3275 5059 3442 5119 corde

1868 5165 2087 5222 laudate
2117 5178 2244 5219 eum
2267 5178 2364 5234 per
2393 5161 2534 5217 bona
2565 5174 2748 5228 opera.

837 5363 882 5395 "
914 5358 1092 5416 ICor.
1123 5375 1207 5426 ιιι,
1240 5356 1339 5422 16;
1393 5353 1437 5409 ll
1466 5353 1596 5409 Cor.
1629 5368 1702 5419 v1,
1742 5350 1831 5407 16.
1921 5348 1968 5381 ⁸³
2005 5347 2023 5402 l
2060 5345 2187 5403 Cor.
2227 5360 2303 5409 Vt,
2332 5341 2417 5397 19.

1101 5534 1405 5596 Addenda
1456 5538 1516 5593 et
1549 5527 1921 5607 corrigenda
1978 5545 2056 5589 ex
2102 5526 2241 5588 cod.
2287 5521 2490 5586 Vatic.

248 5704 333 5777 (1)
383 5699 526 5755 Ὑπὸ
554 5696 825 5768 διαφόρων
853 5697 997 5749 ἰδίων
1023 5695 1227 5766 κύκλῳ,
1259 5692 1401 5749 οὕτω
1437 5694 1549 5757 τοῖς
1580 5693 1817 5763 σώμασι,
1849 5690 1989 5747 καθά
2014 5688 2377 5765 προείπαμεν,
2402 5687 2495 5742 καὶ
2516 5686 2574 5741 ὲν
2596 5697 2688 5758 ττι,
2723 5698 2830 5743 etc.
