3740 6294
234 273 367 330 1559

298 385 351 442 6.
394 384 452 439 In
485 393 736 455 tympano
761 391 816 438 et
848 383 1106 454 psalterio
1157 384 1392 453 psallant
1443 385 1514 440 ei.

297 479 352 534 7.
393 476 530 543 Quia
560 475 953 546 beneplacitum
982 485 1066 530 est
1101 474 1330 528 Domino
1360 475 1413 527 in
1450 475 1646 546 populo
1675 491 1794 537 suo,

299 571 353 626 8.
396 569 462 623 Et
500 568 761 624 exaltabit
793 577 1108 623 mansuetos
1149 569 1203 621 in
1231 568 1480 622 salutem.

300 666 352 716 0.
390 661 754 750 Exsultabunt
782 661 955 715 sancti
982 661 1036 714 in
1062 660 1232 729 gloria
1267 677 1281 713 :

305 755 394 809 10.
433 751 500 806 Et
528 753 856 807 laetabuntur
882 753 937 806 in
976 752 1246 806 cubilibus
1287 750 1425 805 suis.

304 843 390 898 11.
432 841 1120 914 Exaltationesjexaltatio]
1141 840 1234 896 Dei
1265 841 1316 896 in
1339 850 1556 912 gutture
1584 855 1796 907 eorum,

305 1025 394 1080 12.
432 1024 498 1080 Et
527 1023 689 1095 gladii
723 1022 990 1092 ancipites
1041 1021 1095 1074 in
1145 1019 1398 1074 manibus
1447 1032 1659 1073 eorum.

304 1117 391 1172 15.
430 1113 513 1168 Ad
557 1113 862 1168 faciendam
897 1112 1194 1164 vindictam
1236 1111 1289 1163 in
1327 1107 1658 1173 nationibus,

304 1207 392 1261 14.
433 1204 840 1273 lncrcpationcs
873 1203 928 1255 in
973 1201 1210 1271 populis.

306 1297 392 1352 15.
431 1296 513 1350 Ad
541 1293 843 1364 alligandos
872 1309 1028 1362 reges
1077 1306 1264 1346 eorum
1319 1290 1374 1344 in
1422 1287 1801 1358 compedibus,

310 1390 398 1446 16.
441 1390 508 1445 Ει
529 1390 737 1444 nobiles
763 1401 956 1442 eorum
988 1387 1042 1440 in
1079 1385 1310 1440 manicis
1343 1383 1561 1440 ferreis.

307 1568 396 1623 17.
434 1565 500 1623 Ut
531 1566 736 1622 faciant
777 1566 830 1619 in
864 1565 943 1619 eis
974 1562 1238 1633 judicium
1281 1560 1648 1629 conscriptum
1681 1600 1693 1614 .

305 1661 394 1717 18.
433 1659 618 1715 Gloria
650 1659 764 1712 haec
788 1665 871 1711 est
892 1655 1147 1710 omnibus
1193 1652 1396 1708 sanctis
1431 1652 1569 1720 ejus.

1097 271 1158 326 s.
1200 271 1568 330 ATHANASII
1611 272 1762 330 OPP.
1796 243 1974 328 PARS
2013 272 2102 330 Ill.
2138 304 2208 317 —
2243 271 2658 330 EXEGETICA.

3335 279 3470 334 1340

1827 390 1872 445 Α
1967 384 2021 437 6.
2064 385 2151 436 Ἐν
2178 384 2446 454 τυμπάνῳ
2477 387 2570 438 καὶ
2601 385 2882 456 ψαλτηρίῳ
2909 385 3233 455 ψαλάτωσαν
3263 389 3428 460 αὐτῷ.

1967 474 2019 528 7.
2054 475 2176 527 Ὅτι
2204 474 2413 528 εὐδοκεῖ
2437 476 2638 546 Κύριος
2666 478 2723 528 ἐν
2754 476 2831 546 τῷ
2860 478 2971 548 λαῷ
2994 479 3188 544 αὑτοῦ,

1965 565 2018 620 8.
2061 566 2170 618 Καὶ
2193 565 2398 635 ὑψώσει
2431 570 2625 637 πραεῖς
2647 567 2705 618 ὲν
2731 569 2996 639 σωτηρίᾳ.

1963 657 2016 711 9.
2065 658 2443 728 Καυχησονται
2471 658 2608 710 ὅσιοι
2642 659 2700 709 ἐν
2727 657 2876 729 δόξῃο

1969 745 2057 800 10.
2094 747 2203 798 Καὶ
2233 746 2652 814 ἀγαλλιάσονται
2675 747 2767 799 ἐπὶ
2794 747 2902 799 τῶν
2931 747 3123 801 κοιτῶν
3145 749 3341 803 αὐτῶν.

1973 836 2059 890 11.
2094 839 2157 890 At
2181 837 2413 907 ὑψώσεις
2437 837 2492 910 [ἡ
2518 837 2747 910 ῦψωσις]
2769 837 2862 892 τοῦ
2896 837 3030 892 Θεοῦ
3058 841 3114 892 ἐν
3141 840 3216 911 τῷ
3241 839 3469 912 λάρυγγι

1903 926 2103 991 αὐτῶν,

1977 1019 2065 1072 19..
2100 1019 2209 1072 Kal
2241 1021 2502 1090 ρομφαῖαι
2533 1021 2771 1092 δίστομοι
2817 1023 2873 1074 ἐν
2901 1026 3021 1087 ταῖς
3052 1023 3238 1094 χερσῖν
3271 1021 3466 1077 αὐτῶν.

1974 1105 2060 1160 15.
2091 1106 2196 1160 Τοῦ
2236 1110 2457 1178 ποιῆσαι
2483 1111 2761 1180 ἐκδίκησιν
2785 1115 2841 1165 ἐν
2873 1116 2984 1176 τοῖς
3010 1113 3236 1180 ἔθνεσιν,

1977 1195 2060 1250 14.
2111 1197 2402 1268 Ἐλεγμοὺς
2433 1202 2490 1253 ὲν
2516 1205 2627 1265 τοῖς
2659 1201 2824 1266 λαοῖς.

1978 1287 2066 1343 15.
2099 1289 2204 1341 Τοῦ
2237 1290 2394 1360 δῆσαι
2428 1293 2553 1356 τοὺς
2585 1294 2824 1364 βασιλεῖς
2846 1295 3023 1348 αὐτῶν
3043 1297 3100 1349 ὲν
3126 1297 3332 1365 πέδαις,

1980 1381 2066 1436 16.
2097 1384 2206 1436 Καὶ
2233 1387 2358 1451 τοὺς
2382 1388 2625 1455 ἐνδόξους
2647 1391 2824 1444 αὐτῶν
2857 1395 2914 1446 ἐν
2950 1394 3287 1464 χειροπέδαις
3325 1396 3469 1468 σιδηο

1909 1489 2050 1542 ραις.

1978 1563 2064 1617 17.
2101 1566 2208 1620 Τοῦ
2242 1571 2462 1640 ποιῆσαι
2489 1571 2546 1623 ἐν
2581 1572 2763 1637 αὐτοῖς
2793 1578 2967 1645 κρῖμα
2990 1576 3296 1648 ἐγγραπτον
3319 1595 3334 1611 ’

1984 1655 2069 1709 18.
2097 1657 2234 1721 Δόξα
2266 1659 2404 1732 αῦτη
2444 1661 2594 1715 ἔσται
2626 1665 2759 1718 πᾶσι
2799 1669 2910 1730 τοῖς
2941 1667 3108 1733 ὁσίοις
3135 1669 3298 1723 αὑτοῦ

1368 1831 1740 1888 ΑΤΙΙΑΝΑΒΙΙ
1780 1829 2361 1896 INTERPRETATIO.

307 2019 361 2074 6.
401 2017 467 2074 Et
515 2016 904 2072 mortificantes
951 2028 1011 2068 se
1054 2012 1224 2083 ipsos.
1267 2019 1322 2066 et
1367 2009 1553 2080 repleti
1601 2007 1802 2078 Spiritu

1980 2014 2031 2068 6.
2056 2016 2167 2069 Καὶ
2191 2017 2560 2089 νεκρὼσαντες
2582 2022 2826 2086 ἑαυτοὺς,
2847 2023 2939 2075 καὶ
2959 2021 3285 2094 πλησθέντες
3307 2023 3450 2076 Πνεύ

242 2118 427 2166 sancto
451 2107 830 2178 gloriﬁcabunt
859 2119 1006 2159 eum.

309 2201 358 2256 7.
399 2201 538 2267 Quia
568 2201 819 2255 voluntas
855 2199 974 2267 ejus
1010 2197 1064 2250 in
1087 2195 1219 2266 ipsis
1249 2201 1352 2250 est.

307 2290 362 2346 8.
403 2289 468 2343 Et
491 2289 816 2360 glorificabit
847 2288 1163 2343 obedientes
1193 2286 1248 2339 in
1284 2282 1568 2354 praeceptis
1606 2281 1721 2337 suis
1751 2281 1807 2336 in

243 2380 400 2434 vitam
431 2389 709 2434 aeternam.

305 2472 358 2526 9.
401 2469 793 2525 Gloriabuntur
821 2467 1054 2538 apostoli
1105 2466 1161 2520 in
1211 2465 1331 2535 ipso
1364 2463 1595 2518 Domino
1655 2469 1711 2516 et
1751 2461 1806 2516 in

242 2577 400 2618 cruce
429 2562 627 2633 ipsius,
663 2559 1124 2630 quemadmodum
1159 2557 1292 2612 dicit
1323 2555 1658 2625 Apostolus:
1703 2552 1806 2617 Qui

241 2665 414 2707 autem
459 2654 718 2724 gloriatur
750 2653 804 2706 in
847 2651 1072 2704 Domino
1103 2649 1357 2720 glorietur
1403 2646 1481 2714 ²⁸;
1532 2655 1633 2702 et:
1673 2645 1808 2698 Mihi

241 2757 410 2799 autem
455 2745 595 2799 absit
633 2744 876 2815 gloriari,
927 2745 1034 2799 nisi
1069 2745 1125 2798 in
1174 2759 1325 2796 cruce
1377 2740 1588 2796 Domini
1639 2741 1808 2794 nostri

243 2839 362 2892 Iesu
396 2837 595 2894 Christi
625 2841 690 2891 ’⁵.

309 2931 396 2986 10,
437 2930 503 2985 Et
533 2931 886 2986 exsultabunt
911 2931 964 2984 in
1011 2929 1228 2985 aeternis
1267 2928 1627 2999 requietibus.

309 3025 396 3077 ll.
440 3023 884 3078 Prwdicationem
951 3021 1149 3076 divinae
1219 3020 1493 3091 passionis
1544 3018 1806 3074 inclama-

241 3115 395 3169 bunL

311 3208 401 3261 1‘2.
444 3205 651 3261 Veteris
691 3215 745 3260 et
790 3203 924 3260 Novi
981 3203 1318 3260 Testamenti
1353 3217 1546 3259 sensus
1588 3201 1645 3256 in
1676 3217 1802 3258 cor-

240 3299 400 3353 dibus
451 3312 666 3353 eorum.
716 3297 968 3350 Attamen
1017 3297 1179 3351 etiam
1233 3295 1392 3350 aliter
1445 3292 1802 3360 intelligitur:

242 3390 473 3456 scilicet,
513 3391 654 3444 dona
687 3388 858 3444 sancti
909 3386 1148 3457 Spiritus
1179 3387 1233 3440 in
1283 3385 1538 3440 manibus
1573 3398 1804 3450 eorum;

241 3489 510 3551 quotquot
533 3481 676 3536 enim
702 3494 838 3550 opus
867 3479 1195 3534 habentibus
1215 3477 1566 3547 imponebant
1590 3493 1805 3544 manus,

242 3575 445 3628 dabant
468 3574 602 3644 ipsis
625 3574 888 3644 Spiritum
915 3581 1187 3638 sanctum,
1211 3579 1265 3625 et
1289 3578 1556 3640 quotquot
1579 3569 1809 3625 infirmis

243 3681 440 3720 manus
497 3665 888 3735 imponebant,
937 3664 1204 3719 sanabant
1254 3678 1369 3718 eos.
1435 3661 1808 3731 Egritudines

243 3759 412 3825 enim,
447 3757 552 3814 hoc
584 3767 666 3813 est
695 3759 1002 3813 contrarias
1050 3765 1372 3828 potestates,
1405 3753 1810 3809 mortificabant

243 3850 441 3905 virtute
473 3851 649 3904 sancti
676 3848 937 3917 Spiritus.

313 3939 399 3993 l5.
439 3940 522 3993 Ad
557 3939 870 3993 liberandas
910 3952 1099 4008 gentes
1136 3951 1166 3989 a
1194 3934 1485 3990 contrariis
1529 3931 1810 4004 potestati-

243 4031 366 4095 bus,
393 4046 516 4100 qua:
540 4039 700 4084 antea
724 4030 778 4082 in
817 4030 965 4098 ipsas
991 4029 1435 4082 dominabantur.

313 4121 402 4176 M.
441 4121 523 4176 Ad
551 4119 987 4191 redarguendam
1025 4120 1078 4172 in
1115 4120 1332 4189 populis
1363 4115 1669 4182 audaciam,
1701 4131 1809 4186 qua

241 4223 430 4268 contra
462 4214 632 4268 Deum
670 4213 754 4266 usi
785 4220 938 4268 sunt.

314 4305 398 4364 15.
443 4303 528 4358 Ad
555 4303 858 4374 alligandos
882 4301 1158 4358 daemones
1188 4311 1478 4373 regnantes
1504 4300 1560 4355 in
1585 4300 1693 4356 illis
1715 4315 1811 4370 per

240 4403 522 4464 peccaturo
535 4435 550 4453 .

312 4487 395 4540 16.
437 4485 782 4556 Principatus
829 4495 881 4540 et
933 4493 1232 4555 potestates
1291 4484 1498 4539 inimici
1574 4483 1812 4539 vinculis

239 4579 454 4633 a'ternis
487 4579 588 4634 sub
622 4578 910 4649 caliginem
959 4577 1331 4642 tradiderunt,
1369 4585 1428 4630 ut
1467 4574 1811 4631 custodiren-

241 4680 328 4725 tur
358 4670 410 4724 in
444 4671 584 4725 diem
609 4670 798 4738 judicii
826 4672 893 4730 ".

311 4763 400 4830 l7,
435 4762 523 4817 18.
562 4760 634 4817 Ut
668 4761 871 4818 faciant
921 4761 1212 4817 vindictam
1249 4761 1302 4814 in
1343 4759 1556 4830 populis
1578 4767 1632 4814 et
1668 4775 1802 4830 gen-

240 4856 402 4913 tibus.

307 5054 354 5086 ἰ
403 5053 423 5108 l
455 5055 580 5110 Cor.
620 5071 674 5119 ι,
707 5055 796 5109 51.
900 5055 946 5085 ’⁵
975 5051 1152 5108 Galat.
1187 5068 1260 5118 vi,
1304 5052 1392 5107 14.
1469 5052 1516 5084 ’⁸
1554 5050 1682 5107 Iud.
1712 5050 1784 5122 ⁵6.

1914 2121 2081 2176 ματος
2110 2109 2267 2177 ἁγίου
2297 2111 2695 2183 άνυμνήσουσιν
2723 2114 2903 2168 αὐτόν.

1979 2197 2031 2250 7.
2070 2198 2192 2250 ’Ὀτι
2213 2198 2420 2271 θέλημα
2453 2202 2618 2255 αὑτοῦ
2662 2205 2718 2255 ἐν
2748 2204 2930 2267 αὐτοῖς
2958 2207 3092 2257 ἐστι.

1977 2283 2029 2338 8.
2067 2285 2176 2338 Kal
2200 2287 2412 2353 δοξάσει
2441 2291 2566 2353 τοὺς
2598 2291 2971 2356 ὑπακούοντας
2999 2293 3056 2345 ἐν
3087 2294 3208 2356 ταῖς
3239 2292 3475 2356 ἐντολαῖς

1907 2373 2072 2428 αὐτοῦ
2101 2379 2180 2440 είς
2213 2379 2356 2448 ζωὴν
2383 2382 2618 2434 αἰώνιον.

1977 2466 2028 2522 9.
2069 2471 2446 2540 Καυχήσονται
2475 2475 2526 2525 οί
2561 2474 2848 2528 ἀποστόλοι
2886 2477 2942 2529 ἐν
2977 2475 3124 2546 αὐτῷ
3160 2475 3238 2546 τῷ
3268 2477 3473 2547 Κυρίῳ,

1907 2560 2000 2612 καὶ
2029 2561 2086 2613 ἐν
2111 2561 2187 2631 τῷ
2219 2564 2434 2636 σταυρῷ
2461 2566 2648 2629 αὐτοῦ,
2677 2567 2856 2630 καθώς
2881 2585 3041 2638 φησιν
3071 2571 3099 2622 ὁ
3137 2569 3474 2634 Ἀπόστολοςο

1918 2649 1971 2702 Ὀ
2006 2651 2074 2704 δὲ
2113 2655 2493 2724 καυχώμενος
2544 2659 2613 2711 ἐν
2645 2657 2724 2723 τῷ
2748 2659 2945 2728 Κυρίῳ
2979 2660 3299 2729 καυχάσθω
3319 2678 3330 2690 ·
3363 2664 3480 2725 καὶ,

1920 2744 2078 2813 Ἐμοὶ
2119 2745 2192 2815 (1)
2226 2745 2294 2799 δὲ
2332 2747 2416 2816 μὴ
2463 2748 2690 2819 γένοιτο
2733 2751 3092 2820 καυχᾶσθαι,
3115 2755 3167 2806 εὶ
3192 2752 3279 2822 μὴ
3308 2754 3378 2807 ἐν
3401 2755 3480 2822 τῷ

1905 2837 2142 2906 σταιφῷ
2175 2839 2279 2892 τοῦ
2311 2841 2530 2907 Kvpt'ov
2559 2842 2729 2910 ἡμῶν
2762 2843 2958 2909 Ἰησοῦ
2990 2845 3268 2911 Χριστοῦ.

1976 2927 2064 2980 10.
2095 2929 2204 2981 Καὶ
2219 2929 2627 2998 ἀγαλλιάσονται
2646 2935 2725 2996 είς
2739 2933 2837 2996 τὰς
2854 2936 3104 2999 αἰωνίους
3120 2935 3473 2999 ἀναπαύσεις.

1906 3020 2063 3160 6011.
2101 3019 2174 3072 Τὸ
2201 3022 2462 3092 κήρυγμα
2497 3021 2604 3077 τῶν
2656 3024 2993 3096 παθημάτων
3047 3026 3140 3079 τοῦ
3173 3026 3310 3079 Θεοῦ
3349 3027 3475 3080 dva-

1969 3125 2048 3160 ωσ
2071 3126 2119 3160 ν.

1969 3125 2048 3160 ωσ
2071 3126 2119 3161 ν.

1975 3198 2061 3252 12.
2095 3200 2204 3270 Τῆς
2223 3200 2465 3264 Παλαιᾶς
2502 3203 2596 3254 καὶ
2627 3203 2772 3265 Νέας
2823 3203 3095 3275 Διαθήκης
3131 3205 3200 3259 τά
3234 3207 3474 3276 νοήματα

1837 3325 1880 3382 C
1912 3293 1969 3344 ἐν
1996 3297 2115 3382 τας
2136 3293 2383 3363 καρδίαις
2418 3293 2614 3346 αὐτῶν.
2647 3296 2834 3364 Ὅμως
2861 3295 2917 3348 δὲ
2939 3295 3013 3364 (2)
3035 3295 3206 3359 ἄλλως
3245 3300 3472 3350 νοεῖταιο

1915 3382 2042 3454 [ὅτι]
2069 3376 2143 3436 ὧν
2170 3383 2236 3436 τά
2266 3385 2578 3454 χαρίσματα
2597 3385 2690 3437 τοῦ
2725 3385 2878 3452 ἁγίου
2922 3385 3238 3456 Πνεῦματος
3279 3389 3338 3440 ἐν
3361 3391 3474 3452 ταῖς

1907 3478 2091 3547 χερσὶν
2122 3475 2510 3539 αὑτῶν.”οσοις
2536 3476 2643 3547 γὰρ
2665 3476 2938 3546 ἐπέθηκαν
2964 3477 3063 3540 τὰς
3084 3481 3269 3549 χεῖρας
3297 3480 3479 3550 χρείαν

1909 3567 2159 3637 ἔχουσιν,
2191 3567 2390 3620 ἐδίδουν
2451 3570 2630 3631 αὐτοῖς
2662 3567 2885 3638 Πνεῦμα
2941 3569 3124 3638 ἆγιον·
3190 3571 3285 3623 καὶ
3337 3572 3477 3633 ὅσοις

1908 3657 2209 3730 ἀρρώστοις
2256 3660 2537 3714 ἐπετίθουν
2571 3661 2669 3724 τὰς
2695 3663 2900 3731 χεῖρας,
2936 3663 3090 3715 ἰῶντο
3133 3661 3347 3724 αὐτούς.
3400 3661 3479 3713 Τὰ

1907 3751 2015 3822 γὰρ
2041 3751 2225 3823 πάθη,
2267 3753 2511 3805 τουτέστι
2551 3753 2649 3815 τὰς
2691 3753 2940 3815 ἐναντίας
2967 3752 3246 3822 δυνάμεις,
3297 3751 3478 3806 ἐθανά-

1906 3862 2032 3898 τουν
2055 3849 2121 3916 τῇ
2153 3845 2378 3915 δυνάμει
2410 3846 2504 3898 τοῦ
2536 3847 2692 3914 ἁγίου
2716 3847 3050 3918 Πνεύματος.

1978 3935 2065 3988 15.
2095 3934 2200 3986 Τοῦ
2252 3934 2612 4005 ἐλευθερῶσαι
2648 3935 2714 3988 τὰ
2765 3935 2890 4007 ἔθνη
2951 3935 3057 3988 ἀπὸ
3086 3935 3193 3988 τῶν
3227 3935 3482 3989 ἐναντίων

1907 4025 2184 4097 δυνάμεων
2205 4026 2312 4079 τῶν
2334 4027 2394 4080 τὸ
2412 4027 2672 4099 πρότερον
2694 4027 3263 4082 καταδυναστευόντων
3281 4024 3476 4079 αὐτῶν.

1978 4119 2063 4172 14.
2100 4119 2206 4172 Τοῦ
2237 4120 2450 4188 ἐλέγξαι
2487 4122 2544 4173 ἐν
2575 4124 2686 4184 τοῖς
2716 4121 2860 4184 λαοῖς
2893 4120 2968 4191 (5)
3014 4119 3356 4190 τὴν⁶τόλμαν
3380 4119 3476 4171 αὒ-

1909 4211 2035 4273 τῶν,
2069 4213 2165 4282 τὴν
2197 4211 2336 4264 κατὰ
2369 4211 2464 4264 τοῦ
2496 4212 2631 4264 Θεοῦ
2670 4212 3063 4283 γεγενημένην.

1984 4303 2069 4356 15.
2097 4303 2201 4355 Τοῦ
2231 4303 2388 4373 δῆσαι
2423 4304 2547 4364 τοὺς
2598 4304 2858 4375 δαίμονας
2915 4304 3042 4366 τοὺς
3100 4301 3482 4374 βασιλεύοντας

1909 4391 2086 4444 αὐτῶν
2113 4393 2199 4446 διὰ
2225 4393 2324 4462 τῆς
2347 4393 2639 4463 ἁμαρτίας.

1984 4481 2068 4534 16.
2101 4482 2309 4551 Τὰς(4)
2339 4483 2512 4554 ἀρχάς
2552 4483 2648 4535 καὶ
2694 4483 2793 4546 τὰς
2841 4482 3087 4547 ἐξουσίας
3135 4481 3229 4534 τοῦ
3286 4481 3478 4553 ἐχθροῦ

1907 4572 2124 4642 δεσμοῖς
2151 4573 2342 4636 ἀϊδίοις
2375 4574 2479 4627 ὑπὸ
2507 4573 2669 4643 ζόφου
2714 4572 3038 4646 παρέδωκαν
3072 4573 3354 4645 τηρεῖσθαι
3400 4575 3484 4636 είς

1834 4679 1879 4734 ι)
1905 4665 2117 4739 ἡμέραν
2150 4665 2402 4736 κρίσεως.

1979 4765 2067 4827 17,
2104 4763 2191 4818 18.
2218 4763 2324 4816 Τοῦ
2360 4764 2530 4816 ποιεῖν
2575 4762 2652 4834 (5)
2692 4764 2748 4815 ἐν
2780 4763 2892 4826 τοῖς
2935 4761 3086 4827 λαοῖς
3115 4762 3212 4816 καὶ⁵
3261 4763 3319 4816 ἐν
3368 4763 3482 4823 τοῖς

1909 4855 2116 4910 ἔθνεσιν
2145 4854 2441 4926 ἐκδίκησιν.

1142 5195 1444 5294 Addenda
1481 5237 1544 5292 et
1576 5229 1962 5310 Corrigenda
2009 5247 2088 5292 ex
2136 5237 2271 5294 cod.
2325 5231 2528 5294 Vatic.

307 5377 383 5445 (l)
419 5375 528 5430 Kal
557 5377 678 5447 ἐμοὶ
712 5376 786 5449 μὴ
823 5377 907 5450 εἴη
936 5379 1258 5450 καυχᾶσθαι,
1295 5381 1343 5432 εί
1375 5381 1473 5450 μή,
1497 5388 1623 5445 etc.;
1671 5381 1798 5437 mel.

237 5462 387 5602 fugi)
419 5517 485 5568 Ὅ
549 5533 606 5579 υς
636 5516 728 5570 καὶ
754 5516 928 5582 ἄλλως
954 5519 1169 5589 νοητέον
1209 5520 1277 5574 τά
1313 5522 1476 5606 χαρίσ
1522 5537 1658 5581 ατα.
1695 5530 1796 5576 etc.

266 5591 423 5639 Οσοις
447 5534 555 5639 7:;
582 5585 676 5638 ἐὰν
706 5587 1002 5639 ἐπέθηκαν.
1030 5602 1137 5639 etc.
1170 5591 1250 5639 Τὰ
1266 5608 1374 5639 γαο
1400 5539 1543 5639 πάδη
1577 5591 1796 5639 ἔκοπτον

266 5591 423 5661 Οσοις
447 5585 555 5661 γάρ
582 5585 676 5661 ἐάν
706 5587 1002 5661 ἐπέθηκαν,
1030 5585 1137 5661 etc.
1170 5591 1250 5661 Τά
1266 5585 1544 5661 γάρ’πάθη
1577 5591 1802 5644 ἔκοπτον

238 5658 331 5711 ἀπ’
363 5656 562 5719 αὐτῶν,
592 5656 689 5718 τὰς
713 5657 768 5709 δὲ
792 5658 1045 5721 ποιούσας
1075 5659 1144 5716 τὰ
1167 5656 1798 5731 πάθηξτουτέστινωια,

1905 5379 2196 5454 ἐθανάτουν
2244 5381 2336 5454 τοῦ
2395 5382 2551 5454 ἁγίου
2583 5381 2897 5454 Πνεῦματος
2919 5385 2985 5454 τῇ
3019 5383 3265 5454 δυνάμει.

1977 5451 2056 5518 (5)
2087 5453 2250 5514 Λαοῖς
2267 5451 2376 5504 τῶν
2414 5452 2698 5513 Ἰουδαίων,
2734 5451 2845 5505 etc.

1976 5521 2052 5593 (ί)
2084 5522 2193 5593 Kal
2227 5523 2344 5593 τάς,
2363 5530 2466 5577 etc.
2499 5523 2602 5575 ὑπὸ
2622 5523 2782 5592 ζόφον
2805 5521 3142 5593 παρέδωκεν,
3165 5531 3271 5593 etc.

1977 5591 2193 5664 (5)ΑΤοῦ
2231 5591 2474 5661 ποιῆσαι,
2509 5603 2614 5648 etc.
2651 5591 2926 5664 ἐκδίκησιν
2978 5597 3120 5645 κατὰ
3170 5592 3277 5645 τῶν
3319 5591 3485 5647 ἐναν·

1905 5661 2035 5715 τίων
2059 5661 2361 5730 δυνάμεων.
