3702 6416
252 339 390 397 1543

324 458 410 519 ii.
448 456 637 515 Omnis
669 454 891 525 spiritus
927 453 1110 507 laudet
1134 450 1446 507 Dominum.

1102 332 1160 386 S.
1200 328 1575 386 ATHANASII
1606 329 1757 386 OPP.
1796 328 1978 384 PARS
2009 327 2095 384 Ill.
2132 357 2201 367 —
2238 325 2644 382 EXEGETICA.

1847 466 1894 522 Α
1992 452 2078 505 il.
2113 450 2266 502 Πᾶσα
2294 451 2429 520 πνοὴ
2461 450 2733 503 αἰνεσάτῶ
2751 442 2844 502 τὸν
2864 449 3083 523 Κυριον.

3348 336 3464 393 Ιὸμ

1369 580 1743 637 ΑΤιιΑΝΑδιι
1788 580 2371 637 ιΝΤΕιιΡιιΕΤΑΤιο.

331 702 409 756 ll.
448 697 640 757 Omnis
671 697 897 768 spiritus
938 695 1124 752 laudet
1153 695 1467 751 Dominum.

322 791 542 846 Psallite
573 789 789 860 spiritu,
824 786 1036 858 psallite
1076 796 1131 841 et
1158 795 1360 849 mente,
1395 787 1499 841 hoc
1544 793 1626 840 est
1649 783 1821 857 gloria

254 883 408 938 ticate
435 881 602 937 Deum
640 888 693 935 et
718 878 899 933 anima
927 887 980 933 et
1009 892 1239 949 corpore
1268 885 1469 932 vestro.

1995 696 2081 749 11.
2116 696 2275 750 Πᾶσα
2305 696 2440 768 πνοὴ
2470 697 2735 751 αίνεσάτω
2756 698 2847 751 τὸν
2880 698 3103 772 Κύριον.

1990 786 2210 840 Ψάλατε
2263 787 2341 858 τῷ
2388 788 2652 858 πνεύματι
2678 829 2694 853 ,
2730 789 2933 859 ψάλατε
2962 793 3072 860 καὶ,
3092 790 3173 861 τῷ
3205 790 3303 856 νοτ,
3331 809 3468 849 τουτ-

1923 876 2058 940 ἐστι,
2091 876 2346 942 δοξάσατε
2376 875 2440 949 δὴ
2488 878 2577 933 τὸν
2607 879 2738 934 Θεὸν
2761 880 2855 934 καὶ
2881 883 2946 951 τῇ
2975 880 3120 952 ψυχῇ
3153 882 3249 936 καὶ
3278 883 3354 954 τῷ
3379 884 3467 938 σώ-

1924 983 2053 1037 ματι
2078 966 2250 1038 ὑμῶν.

262 1172 3433 1212 W

1154 1319 1235 1381 IN
1278 1320 1704 1381 EXCERPTA
1749 1319 1831 1378 ΙΝ
1895 1318 2038 1379 JOB
2090 1317 2559 1379 ADMONITIO

327 1510 605 1569 Athanasii
626 1510 923 1581 fragmenta
949 1508 1129 1562 ist/uec
1166 1523 1231 1561 ea:
1276 1504 1481 1561 Niceta:
1535 1505 1864 1560 Heracleotes
1903 1519 2087 1563 catena
2142 1509 2421 1576 desumpta
2468 1507 2727 1562 habentur
2774 1510 2829 1562 in
2856 1511 3004 1579 prius
3036 1511 3216 1566 editis.
3254 1510 3353 1566 Sed
3367 1516 3470 1581 jam

259 1608 496 1661 auctiora
522 1616 572 1661 et
596 1605 956 1660 emendatiora
998 1605 1257 1673 prodeunt
1303 1618 1366 1656 ex
1406 1602 1581 1655 codice
1626 1601 1783 1672 Regio
1828 1602 1989 1657 2454.
2030 1602 2165 1659 Sunt
2207 1613 2385 1657 autent
2410 1614 2655 1672 excerpta
2675 1612 2725 1656 et
2748 1617 2990 1671 expressa
3019 1619 3084 1657 ea:
3115 1604 3276 1657 variis
3319 1603 3468 1659 Atha-

259 1699 396 1752 nasii
438 1713 650 1769 operum
677 1697 827 1764 locis,
860 1697 950 1751 sed
984 1713 1086 1750 non
1116 1696 1302 1749 iisdem
1327 1695 1515 1749 verbis.
1562 1692 1684 1747 Non
1724 1696 1861 1748 enim
1899 1696 2067 1765 fertur
2095 1695 2421 1751 Athanasius
2451 1697 2828 1750 commentaria
2857 1697 2912 1749 in
2950 1694 3144 1749 Jobum
3165 1696 3401 1752 edidisse.

328 2009 632 2066 Athanasii.
685 2008 841 2075 Quod
881 2018 1058 2063 autem
1105 2007 1395 2079 Scriptura,
1426 2008 1572 2064 dicat
1608 2030 1621 2065 :
1655 2010 1814 2066 Facti

263 2112 377 2157 sunt
429 2104 477 2156 ei
524 2111 715 2168 septem
755 2100 857 2170 ﬁlii
895 2102 962 2162 ’⁷,
1020 2100 1073 2154 id
1132 2101 1289 2154 nobis
1352 2100 1614 2157 adversus
1658 2104 1817 2158 Ario-

262 2194 490 2247 mauitas
548 2191 651 2246 fert
712 2207 866 2261 opem
915 2209 928 2246 :
976 2192 1069 2260 qui
1121 2191 1278 2260 quasi
1329 2207 1554 2262 magnas
1597 2194 1818 2251 haeresis

262 2302 370 2341 sua:
413 2285 686 2354 suppetias
735 2283 865 2338 illud
916 2292 1200 2352 usurpant,
1241 2286 1385 2353 quod
1442 2286 1509 2339 ab
1557 2285 1819 2356 Apostolo

262 2377 323 2431 de
377 2374 662 2445 Unigenito
703 2374 905 2427 dictum
970 2384 1053 2428 est
1104 2392 1117 2427 :
1164 2372 1401 2428 Fidelem
1450 2377 1497 2429 ei
1552 2378 1643 2446 qui
1699 2378 1821 2447 fecit

263 2469 428 2538 ipsum
445 2468 490 2499 "
517 2486 529 2521 :
564 2477 726 2536 atque
751 2467 947 2520 acriter
967 2467 1318 2532 contendunt,
1348 2466 1544 2522 Filium
1580 2468 1673 2523 Dei
1704 2486 1825 2526 rem

262 2571 379 2611 esse
422 2553 639 2609 factam.
672 2555 742 2608 At
785 2554 1096 2623 hujusmodi
1127 2554 1361 2610 fulcrum
1394 2560 1551 2626 quasi
1580 2559 1824 2615 calamus

262 2647 526 2701 contritus
551 2656 634 2700 est
661 2646 831 2716 ipsis.’
862 2644 1092 2712 Quando
1118 2663 1352 2717 namque
1383 2649 1689 2704 substantia
1741 2660 1826 2706 est

264 2738 386 2807 quid
427 2737 626 2792 factum
675 2749 766 2792 aut
808 2748 1070 2806 creatum,
1117 2748 1247 2795 tunc
1297 2740 1466 2805 illud,
1516 2742 1735 2805 creavit,
1768 2752 1824 2797 et

262 2829 403 2897 fecit,
449 2830 666 2898 proprie
691 2829 756 2883 de
787 2829 854 2883 iis
903 2830 1065 2884 rebus
1095 2831 1368 2895 dicuntur.
1415 2840 1468 2886 et
1515 2832 1826 2899 signiﬁcant

260 2935 373 2975 rem
401 2919 616 2975 factam.
653 2921 790 2975 Cum
846 2933 1028 2976 autem
1082 2923 1385 2977 substantia
1431 2924 1612 2992 proles
1659 2932 1824 2981 estet

264 3010 424 3077 ﬁlius,
460 3020 587 3066 tunc
631 3011 785 3076 illud,
833 3012 978 3081 fecit,
1028 3022 1082 3067 et
1120 3014 1317 3082 factum
1351 3026 1460 3082 est,
1510 3025 1564 3070 et
1608 3018 1822 3084 creavit,

263 3118 368 3156 non
400 3103 616 3172 proprie
650 3112 1004 3171 usurpantur,
1038 3118 1212 3173 neque
1246 3118 1360 3157 rem
1411 3103 1612 3159 iactam
1657 3106 1823 3175 signi-

263 3193 445 3257 ﬁcant,
473 3192 564 3248 sed
603 3208 701 3261 pro
729 3193 817 3247 illa
841 3208 995 3253 voce.
1032 3196 1232 3263 genuit,
1265 3195 1388 3261 ἰδίει,
1423 3195 1565 3265 fecit,
1614 3196 1825 3251 indiffe-

264 3292 445 3337 renter
496 3282 621 3351 quis
656 3282 849 3335 utitur.
889 3281 1074 3351 Itaque
1116 3299 1235 3337 sese
1283 3285 1467 3338 Ariani
1516 3285 1821 3341 damnaturi

264 3381 412 3436 sunt,
448 3371 495 3427 si
547 3371 842 3435 Scriptura:
903 3388 1071 3427 sacra:
1121 3375 1501 3444 proprietatem
1557 3377 1821 3433 ediscant.

263 3462 399 3516 Nam
429 3462 474 3517 si
512 3461 706 3530 factos,
747 3464 942 3527 editos,
974 3475 1205 3529 creatos,
1235 3481 1264 3519 a
1295 3483 1353 3521 se
1380 3468 1594 3538 genitos
1623 3470 1823 3525 liberos

264 3564 512 3623 parentes
538 3556 740 3620 dicant,
776 3571 885 3610 non
922 3566 1099 3611 tamen
1131 3569 1376 3612 naturam
1411 3560 1488 3614 illi
1534 3561 1822 3632 abnegant.

264 3642 527 3702 Ezechias
568 3646 748 3717 igitur.
786 3656 846 3702 ut
891 3647 945 3703 in
979 3649 1112 3704 Isaia
1162 3650 1425 3722 scriptum
1468 3661 1573 3719 est,
1617 3654 1823 3709 orando

264 3738 503 3793 dicebat:
526 3737 603 3791 Ex
627 3738 729 3794 hoc
754 3741 842 3795 die
869 3740 1007 3796 ﬁlios
1030 3743 1246 3809 iaciam,
1267 3758 1418 3812 voce,
1443 3745 1664 3815 faciam,
1696 3762 1828 3802 usus

263 3843 364 3899 pro
403 3844 553 3896 voce,
588 3831 819 3901 gignam,
871 3832 1003 3886 dum
1038 3833 1106 3887 de
1143 3833 1211 3889 iis
1256 3835 1349 3904 qui
1402 3851 1433 3889 a
1484 3852 1543 3891 se
1575 3836 1828 3908 gignendi

265 3930 420 3975 erant
451 3922 781 3991 loqueretur.
815 3922 1002 3993 Neque
1042 3924 1220 3981 differt
1252 3927 1548 3982 ullatenus.

336 4102 404 4156 Et
446 4101 536 4156 hic
564 4100 631 4156 de
681 4098 781 4156 Job
813 4101 1021 4155 dictum
1070 4110 1156 4155 est
1191 4119 1204 4156 :
1245 4100 1404 4156 Facti
1457 4112 1581 4156 sunt
1634 4104 1681 4156 ei
1729 4103 1830 4171 ﬁlii

266 4195 536 4262 septem”.
556 4191 1155 4260 Quemadmadmodum
1180 4203 1232 4250 et
1255 4192 1466 4266 Moyses
1490 4195 1541 4248 in
1568 4194 1683 4267 lege
1711 4196 1787 4249 ait
1814 4214 1827 4251 :

270 4284 325 4339 Si
353 4283 480 4339 facti
515 4281 733 4338 fuerint.

336 4375 583 4430 Primum
631 4374 1006 4444 quaerendum,
1050 4391 1118 4429 an
1173 4374 1317 4430 ﬁlius
1366 4383 1469 4431 est.
1528 4373 1644 4429 Hoc
1685 4376 1830 4430 enim

269 4476 718 4533 commonstrato,
772 4468 915 4522 cadit
967 4468 1058 4522 illa
1103 4468 1168 4521 de
1217 4483 1273 4521 re
1329 4468 1468 4522 facta
1519 4469 1600 4523 vel
1649 4477 1829 4523 creata

270 4558 508 4629 suspicio
542 4577 557 4614 :
589 4559 953 4627 omnibusque
993 4558 1343 4627 perspicuum
1392 4568 1490 4623 est,
1541 4558 1829 4613 dictionem

272 4666 396 4720 quae
438 4652 517 4706 sic
546 4651 734 4715 habet,
787 4651 879 4721 qui
927 4650 1050 4715 fecit
1079 4667 1220 4717 eum,
1254 4651 1457 4705 nullam
1508 4666 1698 4705 eorum
1731 4650 1832 4704 bae-

270 4744 377 4799 resi
427 4744 708 4799 utilitatem
752 4743 967 4807 afferre,
1019 4745 1129 4798 imo
1175 4743 1355 4813 potius
1403 4743 1829 4797 damnationem.

272 4833 563 4891 Ostensum
602 4834 744 4889 enim
779 4833 899 4898 fuit,
937 4849 1144 4898 vocem,
1190 4837 1362 4903 {actus
1398 4843 1494 4899 est,
1521 4835 1684 4889 etiam
1735 4846 1832 4901 pro

273 4927 546 4999 germanis
572 4935 625 4981 et
667 4927 1008 4981 naturalibus
1052 4927 1177 4981 liliis
1211 4927 1265 4981 in
1311 4928 1496 4981 divina
1550 4925 1830 4994 Scriptura

1989 2009 2416 2072 'AGANAZIOY.
2453 2006 2526 2062 T6
2553 2024 2615 2077 γε
2638 2007 2715 2080 (1)
2747 2008 2852 2081 μὴν
2877 2008 3053 2078 λέγειν
3097 2009 3196 2081 τὴν
3227 2009 3467 2082 Γραφήν.

1933 2106 2234 2178 Ἐγένοντο
2256 2102 2324 2156 δὲ
2351 2100 2511 2166 αὐτῷ
2527 2100 2675 2154 ἑπτὰ
2697 2102 2833 2168 viai,
2858 2102 2952 2157 καὶ
2975 2101 3111 2173 πρὸς
3131 2104 3257 2166 τοὺς
3295 2103 3479 2174 ’Δρειο-

1925 2200 2150 2269 μανίτας
2181 2198 2310 2268 ἡμῖν
2343 2193 2716 2264 συμϐαλεῖται·
2747 2193 2796 2246 οἳ
2831 2193 2907 2258 ὡς
2939 2195 3080 2265 μέγα
3118 2192 3370 2266 βοήθημα
3393 2196 3478 2266 τῆς

1921 2290 2183 2363 αἱρέσεως
2210 2286 2388 2341 αὐτῶν
2436 2285 2726 2354 κατέχουσι
2762 2284 2823 2337 τὸ
2869 2285 2999 2356 περὶ
3035 2284 3130 2339 τοῦ
3163 2286 3479 2355 Μονογενοῦς

1926 2380 2078 2452 παρὰ
2108 2379 2201 2432 τοῦ
2236 2375 2557 2431 Ἀποστόλου
2588 2375 2879 2445 λεγόμενον
2900 2392 2912 2403 ·
2965 2375 3194 2428 Πιστὸν
3239 2375 3380 2430 ὄντα
3414 2374 3481 2441 τῷ

1924 2473 2244 2541 ποιήσαντι
2292 2469 2509 2522 αὐτόν*
2557 2466 2652 2519 καὶ
2707 2465 3065 2535 φιλονεικοῦσι
3114 2467 3326 2538 ποίημα
3360 2463 3481 2521 εἶναι

1924 2562 2014 2615 τὸν
2038 2560 2133 2614 τοῦ
2159 2558 2292 2613 Θεοῦ
2320 2556 2468 2612 Υῑόν.
2507 2558 2663 2610 Ἐστι
2714 2556 2771 2610 δὲ
2806 2557 2986 2620 αὐτοῖς
3031 2558 3275 2629 κάλαμος
3312 2558 3482 2611 τεθλα-

1926 2650 2120 2721 σμένος
2170 2648 2325 2701 τοῦτο
2381 2650 2438 2701 τὸ
2469 2646 2719 2718 ἔρεισμα.
2768 2645 2938 2699 Ὅταν
2991 2646 3088 2716 μὲν
3142 2649 3254 2719 γὰρ
3283 2649 3316 2718 ἡ
3347 2647 3484 2701 οὐσία

1925 2742 2134 2812 ποίημα
2162 2736 2311 2814 ᾖκαὶ
2338 2740 2564 2810 κτίσμα,
2602 2736 2901 2809 τηνικαῦτα
2940 2738 3000 2790 τὸ
3026 2777 3041 2800 ,
3082 2739 3354 2807 ἐποίησε,
3404 2739 3485 2791 καὶ

1923 2835 2002 2898 τὸ,
2033 2834 2255 2895 ἔκτισε,
2282 2832 2486 2903 κυρίως
2519 2830 2610 2885 ἐπὶ
2642 2830 2818 2884 αὐτῶν
2846 2830 3083 2900 λέγεται,
3119 2832 3216 2884 καὶ
3243 2832 3483 2904 σημαίνει

1921 2926 1983 2979 τὺ
2011 2924 2239 2994 ποίημα’
2270 2924 2395 2976 ὅταν
2416 2922 2473 2974 δὲ
2501 2923 2534 2992 ἡ
2557 2922 2712 2974 οὐσία
2730 2922 2976 2991 γέννημα
3060 2925 3156 2976 καὶ
3181 2923 3318 2989 υἱὸς,
3344 2923 3399 2975 τό
3416 2939 3486 2988 τε,

1922 3017 2191 3083 ἐποίησε,
2225 3014 2316 3067 καὶ
2346 3014 2429 3077 τὸ,
2458 3014 2716 3083 ἐγένετο,
2748 3016 2840 3068 καὶ
2867 3016 2949 3076 τὸ,
2984 3014 3251 3076 ἔκτισεν,
3277 3014 3373 3067 οὐκ
3416 3013 3486 3066 ἔτι

1925 3104 2125 3176 κυρίως
2153 3103 2238 3157 ἐπ’
2279 3100 2440 3154 αὐτοῦ
2471 3105 2666 3166 κεῖται,
2694 3103 2813 3157 οὐδὲ
2843 3104 3052 3174 ποίημα
3093 3102 3489 3175 σημαίνει,ἀλλ⁹

1925 3197 2043 3251 ἀντὶ
2074 3195 2168 3248 τοῦ
2191 3194 2484 3265 ἐγέννησε
2541 3194 2619 3266 τῷ
2648 3195 2933 3261 ἐποίησεν
2954 3195 3265 3266 ἀδιαφόρως
3292 3212 3372 3258 τις
3402 3194 3487 3248 κέ-

1924 3303 2123 3359 χρηται
2170 3287 2393 3357 ῥήματι.
2461 3285 2623 3338 Ὥστε
2678 3283 3117 3351 καταγνώσονται
3177 3285 3383 3339 ἑαυτῶν
3438 3286 3483 3338 οἱ

1938 3378 2221 3450 Ἀρειανοὶ,
2253 3379 2301 3428 εί
2326 3375 2546 3446 μάθοιεν
2566 3374 2626 3427 τὸ
2645 3374 2745 3443 τῆς
2777 3374 2996 3445 Γραφῆς
3021 3375 3221 3445 ἰδίωμα
3240 3394 3252 3406 ·
3281 3376 3491 3446 καὶγὰρ

1925 3472 1974 3523 εί
2013 3467 2379 3539 ποιουμένους,
2403 3466 2497 3520 καὶ
2523 3465 2856 3535 γινομένους,
2880 3468 2972 3519 καὶ
3000 3465 3353 3537 κτιζομένους
3378 3468 3491 3529 τοὺς

1926 3561 1986 3625 ea
2036 3559 2214 3614 αὐτῶν
2246 3558 2546 3630 φυομένους
2593 3557 2802 3625 λέγοιεν
2843 3558 2893 3609 oi.
2930 3561 3128 3627 γονεῖς,
3161 3559 3312 3611 οὐδὲν
3347 3553 3492 3629 ἦττον

1926 3654 2025 3706 οὐκ
2054 3650 2339 3722 ἀρνοῦνται
2375 3649 2472 3718 τὴν
2512 3649 2692 3717 φύσιν.
2740 3647 2798 3700 '0
2829 3646 2958 3715 γοῦν
3012 3646 3291 3719 Ἐζεκίας,
3344 3649 3416 3713 ὡς
3446 3650 3493 3702 ἐν

1930 3743 2008 3801 τῶ
2062 3743 2257 3813 Ἡσαΐᾳ
2284 3741 2591 3811 γέγραπται
2614 3778 2630 3804 ,
2664 3738 2953 3809 εὐχόμενος
2987 3737 3173 3806 ἔλεγεν
3198 3758 3211 3770 ·
3236 3741 3371 3793 Ἀπὸ
3397 3740 3493 3808 γὰρ

1929 3835 2024 3907 τῆς
2072 3835 2310 3906 σήμερον
2360 3833 2547 3886 παιδία
2589 3834 2817 3902 ποιήσω,
2857 3830 2978 3886 ἀντὶ
3005 3831 3121 3894 τοῦ,
3155 3834 3419 3901 γεννήσω,
3444 3831 3494 3884 τὸ

1931 3924 2162 3992 ποιήσω
2184 3921 2558 3996 εἰρηκὼςλκαὶ
2572 3923 2697 3987 τοὺς
2725 3922 2784 3987 ἐξ
2806 3920 2969 3975 αὑτοῦ
2990 3922 3297 3993 φυομένους
3318 3921 3494 3976 εἰπών.

1930 4017 2041 4070 Kal.
2073 4019 2131 4069 οὐ
2163 4015 2494 4086 διαφέρεται.

2002 4105 2292 4160 Κάνταῦθα
2318 4106 2376 4159 δὲ
2415 4104 2544 4178 περὶ
2583 4101 2679 4158 τοῦ
2735 4102 2854 4157 Ἰὼϐ
2895 4102 3111 4175 εἴρηται
3134 4120 3149 4134 ο
3200 4104 3497 4175 Ἐγένοντο

1930 4198 1998 4253 δὲ
2018 4197 2178 4264 αὐτῷ
2202 4198 2316 4251 υἱοὶ
2342 4198 2493 4250 ἑπτα
2511 4214 2524 4228 ο
2561 4196 2748 4267 ὥσπερ
2775 4197 2870 4250 καὶ
2893 4196 3136 4267 Μωῦσῆς
3170 4197 3229 4251 ὲν
3255 4196 3334 4268 τῷ
3364 4196 3498 4267 νόμῳ

1932 4288 2093 4361 φησίν
2113 4305 2127 4319 ·
2173 4288 2298 4342 Ἐὰν
2320 4286 2602 4355 γένωνται.

2004 4380 2124 4452 Χρὴ
2155 4379 2416 4450 πρότερον
2462 4376 2665 4446 ζητεῖν.
2696 4377 2745 4429 εί
2780 4375 2890 4441 υἱός
2918 4375 3087 4429 ἐστιν.
3146 4374 3355 4429 Τούτου
3401 4373 3499 4445 γὰρ

1931 4470 2406 4541 ἀποδεικνυμένου,
2446 4466 2733 4538 παύεται-Ι)
2760 4468 2886 4536 περὶ
2927 4465 3021 4520 τοῦ
3057 4468 3369 4537 ποιήματος
3417 4467 3500 4520 καὶ

1933 4563 2225 4630 κτίσματος
2257 4559 2500 4620 ὑπόνοια,
2540 4559 2633 4612 καὶ
2666 4556 2874 4628 φανερὰ
2903 4558 3069 4610 πᾶσιν
3104 4558 3403 4624 ἀπόδειξις,
3435 4556 3500 4619 ὡς

1930 4655 1963 4724 ἡ
2016 4650 2175 4725 λέξις.
2210 4651 2243 4721 ἡ
2273 4649 2525 4718 λέγουσα.
2570 4647 2650 4713 τῷ
2702 4646 3024 4714 ποιήσαντι
3053 4646 3267 4712 αὐτὸν,
3304 4647 3404 4702 οὐκ
3434 4647 3501 4708 εἰς

1931 4743 2113 4807 ὄνησίν
2136 4745 2249 4794 ἐστι
2276 4744 2341 4812 τῇ
2373 4741 2582 4810 αἱρέσει
2611 4740 2807 4806 αὐτῶν,
2831 4738 2967 4793 ἀλλὰ
2997 4739 3200 4810 μᾶλλον
3229 4742 3312 4804 εἰς
3338 4739 3499 4793 κατά-

1932 4848 2147 4902 γνωσιν.
2179 4830 2450 4883 Δέδεικται
2508 4829 2636 4900 γὰρ,
2682 4830 2763 4882 ὅτι
2807 4830 2840 4900 ἡ
2882 4828 3010 4891 τοῦ,
3043 4829 3330 4897 ἐποίησε,
3371 4826 3501 4893 λέξις

1933 4926 2026 4977 καὶ
2059 4924 2150 4977 επὶ
2198 4922 2305 4976 τῶν
2333 4921 2694 4993 γνησίωνικαὶ
2725 4921 2831 4973 τῶν
2884 4919 3043 4990 φύσει
3094 4921 3305 4976 τέκνων
3348 4923 3406 4974 ὲν
3442 4921 3499 4987 τῇ

274 5019 545 5089 usurpari.
574 5018 752 5084 Quare
791 5034 915 5072 cum
954 5018 1386 5072 demonstratum
1433 5018 1505 5071 sit
1539 5016 1826 5070 Dominum
1866 5055 1908 5109 ι)
1936 5017 1963 5069 θ

2001 5016 2055 5087 ia
2080 5018 2252 5069 κεῖται
2275 5015 2483 5085 Γραφῇ.
2517 5012 2677 5066 Ὅθεν
2701 5011 2794 5065 τοῦ
2818 5012 3021 5083 Κυρίου
3047 5014 3500 5084 ἀποδεικνυμένου

274 5126 392 5165 esse
427 5111 724 5164 naturalem
757 5124 819 5163 ac
846 5125 1033 5162 verum
1065 5109 1234 5162 tilium
1255 5148 1271 5172 ,
1303 5109 1429 5163 licet
1453 5109 1521 5162 de
1562 5108 1654 5161 illo
1682 5106 1833 5160 dica-

275 5215 383 5266 tur.
434 5203 607 5273 factus
651 5212 749 5269 est,
800 5211 891 5256 aut
927 5201 1178 5257 conditus
1219 5201 1340 5267 fuit,
1389 5201 1442 5254 id
1492 5215 1831 5269 nequaquam

275 5296 349 5350 ita
381 5295 578 5350 dicitur
600 5309 665 5348 ac
697 5295 742 5349 si
767 5294 838 5349 sit
871 5294 986 5363 ipse
1026 5308 1115 5347 res
1139 5302 1344 5357 creata,
1378 5292 1472 5347 sed
1516 5291 1831 5346 iudiﬂeren—

278 5395 359 5440 ter
389 5401 461 5441 ea'
485 5402 615 5441 voce
645 5394 870 5439 utuntur
894 5386 1069 5439 sancti
1108 5385 1230 5438 viri.

353 5564 399 5599 ⁸⁷
434 5561 536 5620 Job
580 5577 620 5623 ι,
643 5562 698 5616 2.
802 5562 848 5594 ”
878 5560 1038 5616 Hebr.
1078 5577 1159 5628 ιιι,
1188 5561 1242 5614 2.
1345 5563 1389 5592 ²⁹
1422 5558 1524 5615 Job
1570 5575 1608 5623 ι,
1634 5557 1688 5611 2.

1940 5110 2097 5178 φύσει
2124 5109 2218 5161 καὶ
2249 5107 2471 5177 γνησίου
2500 5104 2638 5170 υἱοῦ,
2668 5104 2772 5158 κᾶν
2802 5102 3027 5175 λέγηται
3080 5107 3169 5157 ἐπ’
3197 5106 3360 5159 αὐτοῦ
3389 5101 3499 5175 (sic)

1938 5201 2019 5267 τὸ,
2072 5199 2381 5267 ἐποίησεν,
2434 5198 2467 5267 ἦ
2505 5197 2737 5262 ἐγένετο,
2790 5196 2888 5265 οὐχ
2915 5194 2991 5258 ὡς
3025 5198 3333 5267 ποιήματος
3364 5196 3502 5254 δντος

1940 5291 2103 5348 αὑτοῦ
2135 5290 2373 5359 λέγεται,
2402 5288 2517 5343 ἀλλ’
2544 5286 2849 5358 αδιαφόρως
2907 5288 2973 5357 τῇ
3004 5286 3150 5352 λέξει
3185 5286 3424 5360 χρῶνται
3460 5284 3503 5336 οἱ

1942 5384 2106 5453 ἆγιοι.

368 5742 444 5801 (ll
479 5740 601 5797 Haec
638 5752 891 5802 expressa
921 5746 1045 5793 sunt
1072 5753 1138 5792 ex
1170 5739 1400 5792 oratione
1436 5752 1471 5791 ιι
1502 5746 1683 5790 contra
1714 5734 1962 5788 Arianos.
