3702 6430
276 304 412 360 I345

1534 314 1958 370 FRAGMENTA
1996 315 2065 371 ΙΝ
2095 317 2234 373 JOB.

3361 324 3500 381 1546

383 425 591 483 Νἰσειω
620 426 952 485 Heracleam:
985 429 1184 485 Catena
1211 431 1263 486 in
1289 431 1408 498 Job,
1451 439 1693 506 qua'dam
1735 439 1845 492 alia
1888 438 2039 493 habet
2071 452 2312 510 excerpta
2355 458 2420 495 ea:
2459 442 2738 498 Athanasii
2770 441 3009 511 operibus
3035 443 3152 514 jam
3195 445 3377 511 editis,

894 534 1097 577 tantum
1131 524 1409 593 a/feremus
1432 546 1548 599 qua:
1569 547 1823 602 nusquam
1849 542 2060 586 exstant
2087 534 2163 587 rel
2188 535 2472 589 admodum
2505 542 2713 592 mutata
2734 547 2875 593 sunt.

332 635 443 690 Kal
474 631 643 690 εἶπεν
672 641 705 692 ὁ
730 639 872 708 Θεὸς
913 644 991 711 τῷ
1030 646 1314 712 διαϐόλῳ·
1358 654 1547 707 Πόθεν
1585 656 1799 725 παραγέ

2007 657 2074 711 Ει
2103 660 2181 712 ait
2214 658 2352 715 Deus
2380 660 2590 715 diabolo
2614 677 2632 715 :
2659 660 2805 716 Unde
2828 663 2967 717 venis
2984 660 3070 717 ὀἳ

272 743 446 796 γονας
464 743 484 791 ;

331 818 701 873 Ἀθανασίου.
735 821 885 892 ’Ἅμα
911 824 967 877 δὲ
1005 825 1079 898 (2)
1110 831 1167 881 ἐν
1212 829 1419 895 τούτοις
1460 835 1827 905 παρίσταται,

268 909 311 961 εί
339 908 431 961 καὶ
458 907 526 962 τὰ
549 911 748 985 γενητὰ
773 913 950 968 πάντα
972 918 1030 970 ὲν
1051 923 1472 992 μεμερισμένοις
1496 926 1679 990 τόποις
1702 928 1826 996 εἰσὶ,

266 998 548 1090 φωστῆρες
569 1001 665 1070 μὲν
694 1004 751 1054 ὲν
769 1002 845 1074 τῷ
867 1007 1222 1079 περεὼματι,
1249 1012 1383 1084 νέφη
1409 1013 1466 1066 δὲ
1495 1015 1551 1066 ἐν
1581 1016 1659 1087 τῷ
1682 1017 1826 1090 ἀέρι.

266 1089 509 1179 Καὶ-τοῖς
542 1090 849 1179 ἀνθρώποις
882 1096 1105 1169 ἔστησεν
1133 1101 1255 1172 ὅρια
1276 1102 1475 1158 ὲθνῶν’
1509 1109 1557 1160 oi
1588 1107 1643 1161 δὲ
1668 1089 1830 1179 ἄγγε-

264 1183 338 1225 λοι
370 1175 787 1233 ἀποστέλλονται
813 1185 891 1246 είς
918 1184 1213 1255 διακονίας,
1246 1191 1340 1245 καὶ
1359 1175 1829 1253 ἀναϐαίνουσινκαὶ

263 1264 676 1321 καταϐαίνουσιν
703 1271 794 1323 ἐπὶ
822 1273 918 1343 τῆς
946 1274 1229 1347 κλίμακος.
1252 1282 1562 1352 Κάνταῦθα,
1587 1282 1824 1355 Ἦλθον,

261 1356 411 1426 φησὶ,
470 1359 848 1430 παραστῆναι
902 1367 1151 1424 ἐνώπιον
1191 1374 1431 1441 Κυρίου.
1476 1378 1584 1431 Kal.
1637 1380 1827 1446 πεῦσις

265 1447 461 1541 γίνεται
510 1450 647 1522 πρὸς
679 1453 768 1505 τὸν
798 1454 1038 1513 διάϐολον
1064 1479 1076 1492 ·
1137 1465 1327 1517 Πόθεν
1371 1469 1826 1541 παραγέγρνας;

260 1539 419 1592 Ὥστε
453 1543 510 1594 ἐν
542 1543 689 1615 τόπῳ
717 1546 843 1610 etot,
896 1551 990 1604 καὶ
1040 1551 1167 1607 ἔνθα
1211 1539 1665 1629 ἀποστέλλονται,
1712 1566 1829 1619 ἐκεῖ

258 1630 511 1701 πάρεισι·
543 1635 700 1704 μόνος
726 1636 781 1690 δὲ
810 1640 837 1691 6
860 1639 989 1707 Θεὸς
1024 1645 1126 1699 ἀπε
1137 1648 1434 1720 ρίγραπτος
1455 1666 1469 1679 ⁸
1504 1654 1593 1708 τὸν
1624 1632 1827 1712 stt-avra;

221 1774 227 1779 _
256 1722 348 1818 χοῦ
372 1723 910 1818 παρόντα-ζητοῦσιν,
938 1733 1003 1786 ἵν’
1038 1734 1248 1808 εὕροιεν
1274 1742 1330 1793 ὲν
1359 1743 1542 1815 χωρίῳ
1573 1746 1676 1799 τινὶ
1700 1765 1826 1818 συγ-

256 1806 565 1904 κλειόμενον
584 1812 674 1904 τόν
698 1814 966 1886 ἀόριστον.
1009 1806 1172 1877 Ἀλλά
1203 1828 1262 1880 τὸ
1289 1806 1647 1904 παραστῆναι,
1669 1806 1825 1892 τοῦτό

254 1895 367 1950 ἐστι
388 1898 452 1952 τὸ
485 1903 597 1965 τοῖς
627 1902 749 1977 θελή
759 1924 920 1977 μασιν
942 1912 1105 1967 αὑτοῦ
1126 1919 1461 1992 τυπωθῆναι,
1482 1895 1577 1979 καὶ
1606 1926 1665 1979 τὸ
1689 1929 1824 2000 πρὸς

252 1988 413 2087 αὑτὸν
441 1990 637 2087 όλικῶς
676 1996 1067 2058 ἀνατείνεσθαι.
1119 2006 1252 2062 Θεοῦ
1307 1988 1405 2083 μὲν
1443 2014 1551 2087 γάρ
1592 1988 1820 2075 ἐνώπιόν
1852 2004 1893 2058 Β

251 2081 364 2133 ἐστι
395 2085 546 2138 πᾶσα
573 2088 605 2156 ἡ
639 2088 833 2155 κτίσις,
862 2094 955 2147 καὶ
978 2097 1113 2169 αὑτὴ
1146 2101 1176 2171 ἡ
1211 2102 1545 2179 ἀποστατικὴ
1600 2111 1694 2163 καὶ
1724 2130 1820 2166 πο-

250 2174 712 2272 νηροτόιτη,ᾃκατά
736 2180 796 2233 τὸ
824 2184 1231 2258 ἀπερίγραπτον
1258 2196 1356 2264 τῆς
1375 2174 1559 2262 οὐσίας
1583 2201 1815 2272 ἐκείνης’

253 2263 396 2364 ἰδίως
421 2265 480 2364 δὲ
515 2270 564 2364 oi
599 2270 816 2364 ἄγγελοι
874 2276 1093 2348 πάρεισι
1125 2281 1200 2352 τῷ
1230 2263 1380 2356 Θεῷ,
1412 2288 1553 2341 κατὰ
1584 2290 1675 2345 τὸν
1719 2263 1819 2364 τῆς

251 2353 399 2422 θείας
423 2359 643 2433 ἀγάπης
673 2363 963 2436 ἀκόρεστον
995 2368 1189 2442 ἔρωτα.

329 2535 694 2634 Ἁρανάσιος.
739 2543 1061 2612 Ἢγωνίζετο
1096 2550 1195 2621 μὲν
1229 2549 1318 2608 οὖν
1348 2556 1375 2608 6
1422 2557 1559 2623 Ἰὼϐ,
1603 2563 1694 2616 καὶ
1723 2563 1815 2634 μέ-

246 2643 346 2725 γας
373 2625 440 2700 ἦν
467 2631 495 2682 6
531 2638 866 2725 πειρασμός·
906 2641 1107 2709 μείζων
1148 2644 1205 2697 δὲ
1243 2646 1491 2715 ἐφαίνετο
1518 2653 1545 2704 6
1579 2625 1817 2725 ἀθλητὴς

244 2718 335 2811 τού
372 2722 703 2811 πειρασμοῦ.
737 2726 847 2778 Kal.
898 2728 1061 2794 πολὺς
1114 2732 1213 2802 μὲν
1244 2733 1430 2806 ἔρρεεν
1460 2739 1488 2791 6
1521 2718 1811 2811 πειράζων,

243 2807 335 2860 καὶ
362 2810 600 2878 χαλεπὸς
629 2807 697 2884 ἦν
730 2814 758 2866 6
786 2816 1121 2889 μαχόμενος·
1158 2821 1526 2897 ἀνδρειότερος
1559 2807 1626 2880 δὲ*
1662 2807 1816 2900 ἑφαίέ

240 2915 360 2951 νετο
394 2902 422 2954 6
477 2902 889 2975 πειραζόμενος,
925 2910 1088 2964 νικῶν
1147 2912 1243 2977 τὰς
1300 2917 1670 2991 ἐπιχειρήσεις
1721 2923 1814 2976 καὶ

240 2993 549 3063 προσϐολὰς
593 2994 685 3048 τοῦ
735 3000 968 3071 πονηροῦ
1016 3002 1094 3075 τῷ
1127 3005 1347 3076 μεγέθει
1404 3009 1504 3080 τῆς
1557 3010 1808 3079 διανοίας.

237 3082 531 3179 ξ’νὼρισμα
555 3087 653 3159 τῆς
682 3089 930 3161 ἀνδρείας
957 3094 1103 3148 ἐστὶν
1133 3098 1165 3168 ή
1194 3098 1461 3172 ὑπομονή.
1494 3103 1677 3178 Ταύτῃ
1704 3107 1811 3179 γὰρ

236 3174 468 3272 έκαστος
515 3179 620 3232 τῶν
643 3182 813 3251 ἁγίων
862 3186 1037 3258 φέρων
1077 3188 1143 3243 τά
1192 3191 1472 3262 συμϐάντα
1517 3197 1575 3251 ἐν
1712 3174 1810 3272 βίῲ

236 3267 472 3323 ἐπίπονα
499 3273 596 3324 κοιλ⁹
624 3271 861 3347 λυπηρὰ,
889 3275 1037 3348 ίσχυε
1064 3281 1204 3334 κατά
1232 3282 1325 3336 τοῦ
1356 3283 1631 3341 διαϐόλονν
1655 3267 1808 3363 ⁷ειπερ

1987 837 2290 890 Athanasii.
2332 836 2429 892 His
2473 853 2692 909 quoque
2730 854 2968 910 praesens
2997 840 3172 905 adest,
3204 840 3331 896 licet
3363 856 3497 897 con-

1929 925 2037 979 dita
2065 928 2246 981 omnia
2293 930 2484 986 divisis
2523 931 2577 984 in
2615 932 2749 986 locis
2782 933 2918 999 sint;
2954 933 3241 989 luminaria
3276 935 3495 1004 quidem

1930 1016 1985 1070 in
2030 1017 2390 1087 firmamento,
2426 1023 2597 1078 nubes
2627 1023 2681 1077 in
2718 1040 2862 1079 aere.
2910 1023 2977 1077 Et
3005 1025 3223 1095 quidem
3257 1026 3494 1081 immini-

1929 1109 2029 1162 bus
2064 1112 2343 1179 constituit
2389 1115 2652 1168 terminos
2700 1115 2940 1185 gentium
2978 1133 2992 1170 :
3042 1116 3218 1186 angeli
3260 1132 3388 1171 vero
3423 1116 3490 1170 ad

1928 1199 2230 1256 ministeria
2264 1205 2576 1269 mittuntur,
2607 1218 2770 1277 atque
2812 1207 2866 1261 in
2914 1208 3059 1262 scala
3099 1208 3399 1262 ascendunt
3439 1218 3494 1264 et

1926 1291 2281 1349 descendunt.
2312 1295 2377 1349 Et
2402 1296 2506 1351 hoc
2534 1299 2585 1351 in
2614 1298 2736 1352 loco
2762 1301 2876 1355 ait:
2928 1298 3185 1354 Venerunt
3228 1311 3284 1354 ut
3327 1316 3380 1354 se
3412 1300 3489 1353 si-

1925 1391 2318 1439 sterentcoram
2362 1385 2606 1442 Domino.
2662 1387 3141 1461 lnterrogaturque
3187 1390 3486 1445 diabolus:

1930 1470 2075 1527 Unde
2107 1476 2290 1529 uenis?
2318 1475 2375 1530 In
2403 1476 2525 1532 loco
2557 1478 2741 1548 itaque
2773 1490 2902 1533 sunt
2932 1479 3125 1549 angeli,
3149 1487 3200 1534 et
3228 1496 3334 1551 quo
3364 1481 3491 1533 mit-

1925 1571 2114 1617 tuntur
2143 1565 2255 1621 illic
2279 1568 2513 1635 adsunt;
2549 1571 2698 1626 solus
2731 1586 2856 1627 vero
2901 1572 3042 1627 Deus
3082 1581 3165 1627 est
3196 1572 3488 1627 incircum-

1924 1656 2178 1724 scriptus.
2211 1655 2349 1712 Tum
2378 1674 2501 1714 eum
2541 1661 2633 1730 qui
2662 1677 2903 1730 prazsens
2926 1662 3129 1732 ubique
3157 1673 3240 1718 est
3272 1663 3491 1734 perqui-

1924 1755 2073 1813 runt,
2101 1757 2159 1801 ut
2183 1749 2499 1805 conclusum
2527 1754 2778 1821 quodam'
2799 1754 2852 1807 in
2895 1754 3016 1809 loco
3042 1754 3320 1810 inveniant
3360 1772 3485 1810 eum

1923 1836 2015 1904 qui
2059 1836 2314 1893 definitus
2346 1855 2453 1894 non
2487 1851 2588 1897 est.
2627 1841 2823 1897 Verum
2856 1843 3009 1908 illud,
3054 1859 3114 1899 se
3146 1844 3337 1900 sistere
3382 1844 3488 1900 Do-

1925 1928 2092 1993 mino,
2113 1928 2344 1998 idipsum
2372 1940 2458 1985 est
2479 1933 2624 2001 quod
2670 1935 3044 1990 voluntatibus
3067 1936 3292 2007 obsequi
3322 1937 3486 2003 illius,

1922 2032 1987 2072 ac
2014 2017 2062 2071 ei
2094 2018 2295 2088 ubique
2329 2030 2528 2089 prasto
2556 2038 2698 2078 esse.
2751 2022 3029 2081 Universae
3066 2025 3265 2096 quippe
3293 2035 3490 2079 creatae

1922 2123 2010 2163 res
2037 2124 2223 2164 coram
2273 2109 2380 2165 Deo
2414 2123 2569 2179 sunt;
2612 2115 2724 2169 imo
2769 2115 2901 2185 ipsa:
2951 2132 3171 2187 quoque
3220 2117 3488 2173 scelestis-

1921 2198 2073 2254 simae
2111 2216 2233 2270 quae
2265 2204 2630 2271 praevaricata:
2655 2216 2804 2271 sunt,
2852 2206 3152 2261 secundum
3192 2207 3486 2262 incircum-

1919 2294 2176 2361 scriptam
2226 2294 2371 2349 illius
2428 2295 2742 2351 substantiae
2789 2306 3062 2352 naturam.
3120 2298 3304 2368 Angeli
3356 2314 3486 2354 vero

1918 2384 2134 2452 proprie
2158 2385 2358 2441 adsunt
2388 2385 2518 2451 Deo,
2551 2402 2650 2457 pro
2682 2388 2977 2443 insatiabili
3001 2403 3102 2444 suo
3126 2390 3321 2444 divinae
3348 2390 3482 2445 cha-

1916 2460 2097 2531 ritatis
2123 2491 2328 2532 amore.

1987 2566 2334 2621 Athanasius.
2395 2565 2498 2645 Job
2547 2568 2731 2637 itaque
2779 2569 3129 2634 decertabat,
3182 2585 3487 2641 magnaque

1917 2660 2142 2712 tentatio
2163 2671 2315 2728 erat;
2361 2660 2560 2715 fortior
2585 2669 2764 2715 tamen
2790 2671 2907 2715 erat
2937 2662 3138 2715 athleta
3169 2663 3484 2718 tentatione.

1914 2748 2153 2804 Instabat
2203 2759 2461 2817 tentator,
2490 2764 2654 2823 atque
2682 2754 2937 2807 atrociter
2959 2754 3335 2824 oppugnabat;
3390 2755 3482 2810 scd

1912 2840 2091 2895 acrior
2119 2849 2235 2895 erat
2267 2841 2362 2912 qui
2396 2842 2727 2908 tentabatur,
2757 2857 2822 2897 ac
2871 2852 3101 2898 conatus
3134 2847 3481 2915 impetusque

1913 2933 2134 3001 maligni
2168 2949 2279 3003 [me
2331 2934 2502 2988 animi
2536 2935 2909 3005 magnitudine
2947 2937 3259 3006 superabat.
3301 2935 3479 2990 Forti-

1914 3024 2115 3080 tudinis
2139 3034 2520 3093 argumentum
2550 3034 2634 3093 est
2663 3027 2923 3095 patientia
2951 3047 2965 3083 :
3001 3044 3063 3083 ea
3088 3028 3232 3082 enim
3265 3038 3480 3083 sancto-

1911 3132 2030 3170 rum
2060 3118 2285 3186 quilibet
2334 3131 2683 3173 occurrentcs
2716 3118 2770 3172 in
2807 3120 3011 3174 saeculo
3057 3119 3237 3174 ferens
3278 3136 3479 3174 aerum-

1909 3222 2008 3261 nas
2039 3218 2201 3278 atque
2240 3208 2482 3274 dolores,
2537 3209 2754 3264 diabolo
2800 3210 3104 3280 praevaluit,
3158 3226 3271 3280 qua:
3316 3211 3478 3264 ambo

1911 3314 2034 3354 cum
2064 3299 2195 3355 velit
2225 3297 2467 3370 Spiritus
2502 3310 2724 3356 sanctus
2760 3312 2818 3354 ut
2844 3301 3207 3365 obtineamus,
3238 3301 3475 3371 praecipit

232 3360 294 3413 τὸ
327 3360 554 3463 λινεῢμα
583 3363 734 3420 θέλον
763 3369 911 3438 ἡμᾶς
942 3370 1225 3443 ἀμφότερα
1259 3376 1510 3438 κτᾶσθαι.
1540 3360 1799 3450 προστάτ-

1955 3409 1963 3444 ι
1995 3390 2211 3446 Psalmo
2241 3360 2534 3447 {Viriliter
2558 3408 2654 3463 age
2683 3401 2734 3446 et
2755 3392 3085 3461 confortetur
3104 3408 3195 3445 cor
3231 3400 3401 3458 tuum,
3426 3401 3476 3445 et

156 3512 169 3523 .
233 3469 311 3506 τει
331 3453 488 3522 λέγον
504 3457 561 3509 ὲν
578 3457 655 3526 τῷ
681 3458 878 3530 ψαλμῷ
897 3478 909 3489 ’
951 3462 1257 3531 Ἀνδρίζου,
1283 3468 1379 3521 καί
1403 3474 1806 3540 κραταιούσθω

231 3543 271 3611 ἠ
300 3543 514 3612 καρδία
546 3561 681 3611 σου,
717 3550 813 3602 καί
839 3552 1164 3622 ὑπόμεινον
1195 3557 1303 3609 τὸν
1325 3560 1562 3626 Κύριον.
1614 3563 1670 3616 '0
1700 3564 1804 3636 γὰρ

233 3634 520 3706 ὑπομένων
551 3638 791 3710 ἀνδρεῖός
820 3642 955 3706 ἐστι,
988 3644 1081 3698 καὶ
1100 3646 1128 3698 6
1148 3646 1388 3719 ἀνδρεῖος
1410 3634 1804 3722 ὑπομονητικὸς

230 3724 294 3777 ἂν
343 3728 450 3798 εἴη.
488 3727 580 3780 Διὸ
621 3730 713 3783 καὶ
757 3732 786 3783 6
833 3734 1099 3806 μακάριος
1140 3735 1259 3791 Ἰὼϐ
1288 3739 1376 3793 διὰ
1420 3742 1481 3794 τὸ
1514 3744 1803 3815 ὑπομένειν

229 3818 603 3886 ἐκραταιοῦτο,
626 3822 718 3873 καὶ
745 3822 832 3875 διὰ
860 3824 921 3877 τὸ
945 3826 1203 3898 ἀνδρείως
1236 3830 1423 3901 φέρειν
1454 3834 1582 3898 τοὺς
1610 3837 1802 3900 πόνους

230 3906 515 3977 ὑπέμεινε,
543 3908 635 3961 καὶ
669 3910 767 3982 τὴν
806 3917 1033 3981 γυναῖκα
1066 3916 1335 3986 διωθεῖτο,
1370 3922 1799 3996 ὲξαπατηθεῖσαν

228 3996 332 4050 ὑπὸ
366 3998 460 4051 τοῦ
486 3999 682 4069 ὄφεως,
719 4003 810 4056 καὶ
837 4004 1134 4077 φθαρεῖσαν
1171 4008 1239 4063 τά
1272 4014 1534 4084 νοήματα.
1583 4017 1798 4092 Ἐπειδὴ

225 4087 335 4160 γὰρ
357 4090 494 4154 ὅλως
520 4091 635 4145 ἐστὶ
664 4095 893 4166 μισητὴς
912 4098 940 4149 6
965 4098 1062 4168 τῆς
1089 4102 1286 4166 κακίας
1313 4105 1556 4179 εὑρετὴς,
1584 4109 1679 4162 καὶ
1705 4087 1799 4180 μόξ

223 4196 312 4232 νον
343 4182 666 4253 φαινόμενος
714 4185 889 4257 ζητῶν
920 4187 1041 4240 τίνα
1082 4190 1317 4261 ἁρπάσει
1374 4196 1465 4250 καὶ
1511 4203 1793 4254 καταπιεῖο

222 4270 309 4325 διὰ
336 4272 494 4327 τοῦτο
525 4275 553 4327 ὅ
584 4280 681 4345 μὲν
710 4276 855 4331 ἐστιν
874 4279 1035 4344 αὐτὸς
1072 4282 1408 4354 ὑποκρύπτει
1438 4289 1533 4341 καὶ
1568 4292 1758 4345 σκέπει
1780 4309 1793 4322 ’

223 4364 645 4438 ὑποκρινόμενος
680 4369 736 4421 δὲ
766 4372 831 4441 τῇ
864 4373 1132 4443 φαντασίᾳ
1160 4374 1258 4445 τὴν
1283 4377 1416 4431 πᾶσι
1450 4378 1794 4454 ποθουμένην

221 4454 497 4526 ἀλήθειαν,
522 4458 609 4513 τὸν
641 4458 770 4514 ἴδιον
802 4461 876 4514 ἰὸν
903 4463 1178 4517 ἐπιϐάλλει
1209 4468 1322 4530 τοῖς
1366 4467 1791 4543 ἀκολουθήσασιν

220 4544 388 4616 αὐτῷ.
426 4546 582 4601 Οὑτω
603 4550 694 4602 καὶ
713 4550 808 4622 τὴν
839 4551 980 4607 Εὑαν
1000 4555 1276 4625 ἠπάτησεν
1298 4596 1313 4620 ,
1348 4559 1408 4610 οὑ
1442 4559 1510 4613 τὰ
1551 4560 1654 4614 ἴδια
1701 4569 1792 4617 λα-

218 4631 347 4700 λῶν,
378 4634 492 4688 ἀλλ’
521 4637 942 4710 ὑποκρινόμενος
987 4643 1056 4696 τὰ
1087 4644 1179 4697 τοῦ
1213 4644 1347 4698 Θεοῦ
1393 4648 1616 4719 ῥήματα
1644 4689 1659 4713 ,
1694 4652 1788 4705 καὶ

219 4725 317 4796 τὴν
336 4726 571 4781 διάνοιαν
595 4729 772 4783 αὑτῶν
799 4733 1134 4803 παραποιῶν.
1156 4735 1311 4789 Οὑτω
1332 4737 1425 4789 καὶ
1438 4737 1534 4809 τὴν
1554 4744 1786 4808 γυναῖκα

218 4818 310 4871 τοῦ
352 4818 471 4871 Ἰὼϐ
501 4820 754 4885 ὑπέϐαλε,
786 4824 976 4888 πείσας
999 4825 1134 4896 αὑτῇ
1171 4827 1554 4898 ὑποκρίνεσθαι
1594 4830 1783 4899 φιλαν-

218 4908 392 4979 δρίαν,
441 4910 657 4976 διδάξας
692 4913 746 4966 δὲ
795 4913 1127 4986 βλασφημεῖν
1173 4919 1253 4982 είς
1297 4918 1386 4972 τὸν
1437 4920 1589 4975 Θεόν.
1626 4922 1781 4977 Οὖτω

1905 3480 2105 3534 sustine
2142 3480 2424 3535 Dominum
2455 3484 2520 3536 δι.
2560 3481 2695 3536 Nam
2729 3483 2821 3552 qui
2847 3483 3080 3537 sustinet
3112 3482 3159 3537 is
3190 3481 3349 3537 fortis
3370 3492 3474 3550 est,

1904 3569 1995 3639 qui
2028 3572 2206 3637 fortis,
2234 3573 2277 3628 is
2295 3574 2505 3642 patiens
2533 3572 2714 3628 fuerit.
2743 3572 3104 3640 Quamobrem
3134 3572 3324 3628 beatus
3351 3571 3472 3642 Job,

1904 3663 2029 3729 quia
2063 3663 2345 3729 tolerabat,
2396 3663 2674 3717 robustior
2712 3663 2917 3718 evasit:
2964 3670 3018 3717 et
3063 3662 3191 3732 quia
3242 3662 3472 3716 viriliter

1903 3749 2117 3805 labores
2165 3751 2489 3817 sustinebat,
2544 3767 2880 3821 uxoremque
2924 3751 3217 3821 repellebat
3264 3766 3299 3805 a
3352 3767 3469 3806 ser-

1901 3851 2060 3910 ponte
2092 3842 2392 3912 deceptam,
2426 3858 2490 3897 ac
2525 3853 2703 3898 mente
2737 3852 3075 3911 corruptam.
3132 3842 3270 3896 Cum
3321 3844 3465 3899 enim

1900 3934 2117 3988 malitia:
2142 3943 2356 4000 auctor,
2395 3934 2675 3989 hominum
2709 3936 2781 3989 sit
2823 3950 2976 4000 osor,
3015 3950 3081 3990 ac
3110 3935 3285 3990 solum
3318 3950 3469 4004 quae-

1899 4035 1982 4080 rat
2009 4040 2170 4094 quem
2196 4026 2372 4095 rapiat
2404 4041 2469 4081 ac
2499 4026 2738 4090 devoret,
2779 4026 2901 4080 ideo
2938 4042 2996 4081 se
3019 4028 3112 4095 qui
3139 4025 3210 4080 sit
3234 4025 3468 4080 occultat

1898 4130 1963 4169 ac
1991 4116 2251 4186 contegit.
2278 4117 2357 4170 Ac
2385 4116 2652 4172 simulans
2684 4118 2736 4170 in
2761 4118 3087 4187 phanthasia
3115 4116 3260 4171 illam
3285 4116 3466 4171 omni-

1898 4206 2000 4261 bus
2034 4206 2389 4262 desideratam
2447 4205 2753 4274 vetiatem,
2804 4223 3073 4263 venenum
3128 4209 3196 4264 iis
3238 4208 3330 4278 qui
3378 4222 3465 4263 se-

1896 4306 2135 4367 quuntur
2159 4299 2401 4355 immittit
2436 4315 2616 4354 suum.
2653 4298 2729 4352 Ita
2757 4301 2921 4354 Evam
2961 4299 3191 4369 decepit,
3220 4315 3324 4352 non
3362 4314 3461 4353 sua

1895 4386 2182 4455 loquendo,
2242 4372 2337 4441 sed
2391 4386 2485 4441 Dei
2535 4387 2701 4441 verba
2765 4388 3111 4451 simulando,
3162 4401 3464 4457 eorumque

1894 4476 2216 4531 sententiam
2255 4476 2624 4545 depravando.
2665 4477 2740 4531 Ita
2769 4475 2888 4531 Jobi
2937 4491 3162 4531 uxorem
3213 4478 3458 4541 immisit,

1893 4582 2013 4620 cum
2043 4565 2305 4620 suasisset
2352 4566 2455 4634 ipsi
2489 4576 2547 4619 ut
2575 4580 2813 4620 amorem
2853 4581 2980 4636 erga
3020 4567 3274 4621 maritum
3323 4582 3459 4636 pra:-

1893 4653 2055 4708 ferret
2082 4669 2146 4707 ac
2184 4654 2465 4709 simularet
2492 4672 2506 4708 :
2539 4670 2603 4708 ac
2625 4654 2901 4709 docuisset
2931 4670 3053 4709 eam
3077 4654 3457 4725 blasphemare

1892 4746 1945 4798 in
1981 4744 2167 4799 Deum.
2206 4745 2281 4800 Ita
2308 4746 2555 4800 homines
2584 4745 2850 4802 subdolus
2881 4746 2971 4801 ille
3009 4746 3312 4815 phantasiis
3342 4746 3457 4800 illu-

1889 4837 1986 4903 dit,
2020 4853 2288 4907 quemque
2323 4837 2640 4907 decipiendo
2662 4852 2727 4893 ac
2751 4838 3117 4908 pertrahendo
3145 4839 3198 4892 in
3233 4836 3457 4906 profun-

1887 4927 2015 4981 dum
2049 4928 2266 4982 malitia:
2307 4944 2439 4982 suae.

219 5007 343 5068 τοὺς
387 5005 701 5078 ἀνθρώπους
749 5010 777 5061 6
826 5010 995 5074 δόλιος
1035 5011 1216 5077 παίζει
1271 5017 1391 5078 ταῖς
1427 5018 1747 5083 φαντασίαις
1793 5021 2142 5075 ὑποκλέπτων
2208 5024 2303 5076 καὶ
2355 5022 2532 5094 σύρων
2565 5024 2794 5078 ἕκαστον
2827 5026 2906 5088 εἰς
2953 5024 3043 5077 τὸν
3078 5024 3207 5078 ἴδιον
3226 5024 3325 5093 τῆς
3348 5040 3451 5076 κα-

216 5097 340 5159 κίας
376 5095 586 5168 βόθρον.

276 5190 349 5240 El
376 5190 523 5243 κατὰ
564 5189 790 5244 παίδων
842 5192 1028 5246 αὐτοῦ
1059 5194 1130 5247 οὐ
1160 5197 1448 5261 πιστεύει,
1505 5196 1657 5250 κατὰ
1703 5196 1772 5250 δὲ

213 5277 487 5348 ἀγγέλων
505 5280 689 5335 αὑτοῦ
717 5284 969 5336 σκολιόν
998 5301 1052 5336 τι
1080 5284 1432 5353 ἐπενόησεν.

281 5371 652 5425 Ἂθανασίου.
687 5373 750 5425 Ἥ
766 5372 821 5425 δὲ
841 5374 945 5426 τῶν
971 5375 1237 5446 γεννητῶν
1259 5377 1353 5430 καὶ
1381 5377 1610 5430 κτιστῶν
1627 5378 1783 5448 φύσις

279 5528 329 5563 ³⁸
363 5526 469 5584 Job
494 5546 533 5593 ι,
560 5528 615 5582 7.
711 5529 754 5561 ³⁸
837 5529 979 5586 Psal.
1031 5547 1189 5597 xxvr,
1243 5532 1331 5585 14.

1951 5195 2011 5252 Si
2053 5206 2238 5250 contra
2278 5197 2469 5250 liberos
2523 5214 2646 5251 suos
2687 5214 2792 5252 non
2823 5199 3021 5262 credit,
3057 5206 3243 5250 contra
3284 5208 3445 5266 ango‘

1891 5288 1967 5340 los
2001 5297 2176 5339 autent
2200 5300 2320 5339 suos
2353 5302 2571 5356 pravum
2601 5287 2872 5356 quidpiam
2906 5287 3215 5357 excogitauit
3235 5286 3301 5341 ".

1961 5379 2260 5434 Athanasii.
2300 5378 2617 5433 Genitorum
2648 5387 3066 5448 creatorumque
3093 5387 3285 5431 natura
3324 5389 3446 5428 mu-

1433 5534 1477 5565 ”
1517 5532 1619 5588 Job
1677 5550 1750 5599 ιν,
1800 5537 1881 5590 18.

279 5689 361 5753 (2)
394 5688 522 5745 Haec
560 5689 629 5744 ad
661 5689 821 5744 ﬁnem
865 5704 1038 5758 usque
1083 5704 1343 5759 expressa
1390 5691 1639 5747 videntur
1688 5709 1755 5748 ex
1794 5691 1966 5766 Epist.
2004 5708 2019 5747 ι
2059 5693 2128 5746 ad
2174 5674 2533 5766 Serapionem.
