3702 6398
262 293 395 348 1547

1115 293 1174 349 S.
1212 293 1585 349 ATHANASII
1623 293 1773 350 OPP.
1810 293 1993 350 PARS
2029 293 2117 349 ill.
2161 325 2227 337 —
2265 291 2674 349 EXECETICA.

3360 294 3490 352 1548

261 410 442 465 tabilis
469 418 573 473 est,
608 416 795 478 utpote
816 422 940 478 que
961 407 1033 464 sit
1057 417 1208 465 extra
1229 408 1324 466 Dei
1347 410 1729 477 substantiam,
1753 421 1814 465 at-

1993 406 2131 477 επτή
2162 408 2299 471 ἐστι,
2333 407 2427 460 ἆτε
2456 408 2522 479 δὴ
2550 406 2748 474 ἔξωθεν
2777 401 2910 462 οὖσα
2938 408 3037 480 τῆς
3076 408 3173 464 τοῦ
3222 408 3360 466 Θεοῦ
3399 411 3488 468 οὖα

263 518 370 574 que
398 518 464 558 ex
487 519 593 557 non
621 501 959 557 exstantibus
977 500 1226 558 exsistat.
1249 502 1827 569 Quamobrem,'omnis

259 595 414 649 homo
437 594 661 648 Mendax
693 592 772 659 ³³;
803 601 875 658 et,
908 609 1083 648 omnes
1130 602 1471 661 peccaverunt
1505 603 1555 648 et
1590 594 1686 648 Dei
1716 594 1830 663 glo-

258 687 346 741 ria
378 686 653 755 priuantur
673 683 735 735 ³⁸.
771 683 1029 738 Diabolus
1058 695 1265 750 autem,
1293 685 1384 755 qui
1417 685 1472 739 in
1498 685 1677 740 medio
1705 684 1828 740 che-

258 776 578 831 rubinorum
599 782 734 841 erat,
762 790 825 828 ac
851 774 1088 846 sigillum
1115 776 1493 831 similitudinis
1525 776 1700 831 factus
1721 783 1827 842 est,

258 868 460 923 excidit
496 882 526 921 e
563 866 719 921 cmlis
780 867 936 936 quasi
989 866 1171 938 fulgur
1224 868 1289 922 ".
1344 866 1561 939 Nosque
1607 868 1828 937 angelos

254 956 690 1028 iudicabimus“,
712 971 807 1011 eos
830 956 1110 1021 nimirum,
1129 957 1221 1027 qui
1240 953 1398 1013 suum
1419 974 1524 1013 non
1545 972 1829 1013 servavere

256 1046 641 1117 principatum.
675 1044 737 1099 Et
778 1048 879 1100 hoc
906 1047 1028 1101 loco
1058 1064 1077 1101 ι
1125 1048 1172 1102 si
1217 1058 1405 1103 contra
1451 1048 1649 1104 liberos
1696 1064 1829 1105 suos

256 1151 362 1192 non
419 1136 630 1200 credit,
670 1150 733 1192 ac
793 1135 1113 1205 simpliciter
1171 1135 1466 1205 loquendo,
1499 1148 1695 1192 creata:
1739 1152 1828 1193 res

256 1228 527 1300 ejusmodi
552 1238 756 1283 natura:
784 1236 911 1283 sunt
950 1236 1009 1283 ut
1036 1237 1336 1283 mutentur.
1372 1227 1501 1283 Sola
1531 1237 1714 1282 autem
1743 1226 1828 1282 di-

256 1319 379 1373 vina
409 1328 601 1373 natura
623 1329 706 1373 est
739 1317 1119 1374 immutabilis.

320 1409 490 1466 Juxta
529 1428 787 1480 papyrum
819 1450 835 1474 ,
884 1411 1150 1466 calamum
1196 1420 1247 1465 et
1296 1412 1544 1465 caricem.

324 1499 598 1556 Fortassis
629 1517 723 1568 per
765 1503 1088 1557 arundinem
1143 1512 1196 1557 et
1234 1518 1524 1574 papyrum,
1562 1502 1821 1559 vilitatem

260 1606 325 1647 ac
350 1600 719 1663 paupertatem
747 1594 947 1648 diaboli
980 1593 1270 1650 adumbrat
1310 1593 1615 1663 Scriptura.

337 1768 548 1825 Viscera
571 1769 683 1839 ejus
715 1778 865 1825 scuta
896 1786 1066 1825 tensa.

326 1857 668 1913 Athanasius.
722 1857 860 1913 Olim
906 1858 1107 1914 multus
1145 1867 1261 1913 erat
1298 1855 1554 1913 inimicus
1585 1858 1638 1913 in
1674 1857 1822 1913 frau-

1932 495 2073 558 σίας,
2105 496 2199 547 καὶ
2234 494 2294 560 ἐξ
2321 496 2418 549 οὐκ
2446 496 2613 550 ὄντων
2642 498 2943 552 ὑποστᾶσα.
2973 499 3064 553 Διὸ
3104 500 3226 568 πᾶς
3270 502 3488 570 ἀνθρω-

1929 600 2043 649 πος
2057 584 2347 654 ψεύστης·
2373 586 2485 651 καὶ,
2516 585 2737 652 πάντες
2758 586 3039 656 ἥμαρτον,
3055 589 3153 643 καὶ
3168 592 3489 659 ὑστεροῦν-

1928 692 2019 728 ται
2052 674 2161 744 τῆς
2187 675 2365 745 δόξης
2404 676 2509 731 τοῦ
2546 677 2714 732 Θεοῦ.
2759 679 2816 732 '0
2854 679 2911 733 δὲ
2951 679 3214 746 διάϐολος,
3254 682 3313 736 ὲν
3348 683 3489 755 μέσῳ

1925 766 2033 819 τῶν
2068 767 2332 839 χερουϐὶμ
2384 767 2499 833 ὢν,
2541 770 2635 824 καὶ
2707 770 3133 843 ἀποσφράγισμα
3187 772 3489 843 ὁμοιώσεως

1925 857 2214 928 γενόμενος
2238 898 2254 923 ,
2301 859 2557 927 ἐξέπεσεν
2585 860 2651 914 ἐκ
2680 861 2790 915 τῶν
2833 863 3075 933 οὐρανῶν
3107 864 3185 929 ὡς
3216 866 3484 938 ἀστραπή.

1925 950 2035 1002 Καὶ
2065 949 2325 1019 ἀγγέλους
2341 952 2654 1025 κρινοῦμεν,
2684 954 2810 1019 τοὺς
2826 956 2900 1026 μὴ
2923 956 3270 1027 τηρήσαντας
3295 956 3485 1030 δηλαδὴ

1924 1038 2024 1110 τὴν
2052 1041 2259 1094 ἑαυτῶν
2290 1042 2484 1115 ἀρχήν.
2534 1044 2643 1097 Καὶ
2680 1043 2930 1109 ἐνταῦθα,
2986 1047 3035 1099 εί
3083 1046 3224 1100 κατά
3270 1048 3486 1102 παιδίων

1925 1131 2090 1185 αὐτοῦ
2120 1133 2181 1186 οὐ
2212 1134 2475 1200 πιστεύει,
2506 1135 2601 1189 καὶ
2630 1135 2815 1200 ἁπλῶς
2839 1138 2906 1192 τά
2938 1136 3214 1209 κτίσματά
3242 1140 3485 1210 τοιαύτην

1924 1221 2036 1293 ἔχει
2056 1222 2153 1295 τὴν
2178 1224 2358 1294 φύσιν,
2386 1226 2480 1280 καὶ
2505 1227 2789 1299 τρέπεται.
2824 1227 2977 1301 Μόνη
3006 1229 3063 1283 δὲ
3101 1231 3135 1302 ἡ
3173 1230 3291 1284 Θεία
3335 1231 3486 1302 φύσις

1923 1313 2293 1379 ἀναλλοίωτος.

1993 1404 2159 1472 Παρὰ
2191 1404 2487 1474 διάπυρον,
2518 1407 2616 1461 καί
2645 1407 2935 1477 κάλαμον,
2969 1409 3067 1463 καὶ
3097 1410 3422 1481 βούτομον.

1995 1494 2149 1565 Τάχα
2179 1495 2235 1548 δὲ
2269 1494 2357 1549 διά
2395 1495 2488 1549 τοῦ
2530 1496 2781 1569 καλάμου
2827 1498 2920 1551 καί
2970 1498 3061 1553 τοῦ
3105 1500 3361 1574 παπύρου
3396 1501 3486 1573 τὴν

1922 1585 2194 1640 εὐτέλειαν
2218 1587 2314 1641 καὶ
2336 1588 2435 1659 τὴν
2459 1590 2647 1644 πενίαν
2692 1588 2785 1643 τοῦ
2829 1590 3073 1645 διαϐόλου
3115 1592 3411 1647 αἰνίττεται
3454 1595 3485 1665 ἠ

1925 1675 2137 1747 Γραφή.

1854 1764 1900 1823 Β
2004 1762 2082 1819 Τὰ
2112 1762 2333 1833 ἔγκατα
2359 1765 2543 1820 αὐτοῦ
2573 1766 2828 1834 ἀσπίδες
2854 1785 3127 1837 χα..κεαι.

1993 1854 2357 1922 Ἀθανάσιος.
2394 1857 2571 1911 Πάλαι
2626 1857 2724 1928 μὲν
2750 1855 2843 1913 οὖν
2878 1859 3044 1924 πολὺς
3094 1856 3163 1932 ἦν
3223 1861 3253 1914 ὁ
3308 1861 3487 1934 ἐχθρὸς

256 1948 417 2004 dibus
442 1950 699 2004 adversus
721 1949 969 2004 homines
1000 1949 1279 2018 parandis,
1309 1950 1537 2018 suisque
1583 1950 1814 2018 phanta-

1993 1963 2090 2000 LVOU
2099 1948 2421 2018 ργευόμενος
2441 1950 2582 2001 κατά
2604 1947 2710 2001 τῶν
2732 1948 2826 2002 ἀνθ
2835 1948 3051 2021 ρώπων,
3064 1952 3157 2004 καὶ
3175 1953 3488 2021 φαντασίαις

257 2041 355 2096 siis
383 2040 646 2111 plurimos
675 2041 992 2109 decipiebat,
1017 2037 1245 2111 ejusque
1289 2040 1509 2095 fraudes
1540 2055 1681 2110 aegre
1726 2041 1822 2096 de-

257 2131 519 2203 prehendi
563 2141 841 2202 poterant;
875 2132 947 2185 ita
996 2141 1053 2185 ut
1075 2133 1301 2202 spiritus
1333 2133 1399 2185 de
1431 2131 1524 2185 illo
1568 2132 1772 2186 diceret
1805 2148 1820 2185 :

254 2220 387 2296 Quis
418 2222 662 2275 reuelabit
702 2221 891 2291 faciem
924 2222 1215 2274 indumenti
1237 2220 1350 2283 eius
1397 2220 1482 2274 '7?
1523 2228 1576 2275 et
1602 2227 1819 2275 caetera.

254 2310 441 2382 Neque
460 2314 604 2367 enim
642 2313 788 2382 quod
814 2321 951 2380 erat,
977 2313 1212 2382 idipsum
1239 2327 1360 2367 esse
1390 2311 1702 2382 apparebat,
1730 2311 1825 2365 sed

254 2423 360 2478 qua
396 2406 570 2461 forma
604 2408 669 2461 ad
699 2406 944 2461 fraudem
976 2406 1055 2461 uti
1094 2406 1332 2470 volebat,
1363 2420 1483 2459 eam
1517 2405 1643 2471 sibi,
1683 2404 1826 2458 ticti-

253 2499 383 2553 tiam
426 2498 571 2563 licet,
624 2499 952 2553 assumebat.
1008 2496 1375 2564 Quamobrem
1425 2488 1582 2550 multi
1629 2496 1698 2550 ab
1726 2496 1821 2550 illo

253 2589 701 2659 decipiebantur:
748 2604 872 2643 cum
905 2597 1084 2642 autem
1120 2588 1337 2642 advenit
1382 2586 1657 2647 Salvator.
1706 2595 1821 2641 tum

253 2680 434 2735 omnis
478 2679 687 2734 iallacia
718 2680 861 2735 illius
893 2680 1172 2749 propalam
1205 2679 1345 2733 facta
1378 2688 1481 2734 est.
1530 2678 1666 2734 Nam
1697 2680 1817 2750 ejus

251 2779 422 2841 gesta,
452 2786 573 2841 qua:
606 2770 732 2825 olim
768 2769 1071 2833 latitabant,
1103 2784 1198 2838 per
1222 2768 1421 2827 Christi
1461 2770 1695 2839 gratiam
1719 2784 1814 2824 co-

251 2870 587 2931 gnoscuntur
612 2880 626 2916 :
655 2871 709 2916 et
730 2862 927 2931 quibus
955 2861 1083 2915 olim
1114 2861 1363 2916 homines
1392 2859 1679 2928 fefellerat,
1710 2861 1810 2916 iis-

1922 2036 2087 2091 αὐτοῦ
2112 2038 2337 2101 πολλοὺς
2362 2038 2568 2109 ἠπάτα,
2596 2039 2689 2092 καὶ
2714 2039 2976 2112 δυσχερὴς
3005 2037 3071 2113 ἦν
3093 2043 3127 2113 ἡ
3158 2043 3259 2113 τῆς
3286 2044 3491 2115 ἀπάτης

1926 2125 2087 2181 αὐτοῦ
2112 2128 2445 2200 κατάληψις·
2476 2128 2616 2182 ὥστε
2647 2131 2738 2183 καὶ
2782 2131 2839 2182 τὸ
2885 2132 3100 2203 πνεῦμα
3144 2132 3328 2204 λέγειν
3370 2134 3490 2207 περὶ

1925 2217 2089 2272 αὑτοῦ
2113 2235 2128 2248 ⁸
2169 2222 2266 2287 Τίς
2295 2222 2677 2290 ἀποκαλύψει
2705 2225 3027 2299 πρόσωπον
3042 2224 3376 2294 ἐνδύματος
3401 2228 3490 2279 αὺ-

1925 2312 2030 2366 τοῦ
2052 2329 2070 2377 ;
2096 2313 2187 2367 καὶ
2226 2313 2293 2367 τὰ
2320 2312 2467 2379 ἑξῆς.
2504 2315 2577 2366 Οὐ
2628 2314 2735 2385 γὰρ
2758 2316 2894 2387 ὅπερ
2921 2311 3012 2388 ἦν,
3042 2316 3200 2370 τοῦτο
3225 2318 3321 2371 καὶ
3343 2318 3489 2387 ἐφαί-

1925 2420 2064 2468 νετο,
2100 2403 2235 2457 ἀλλά
2282 2405 2417 2477 πρὸς
2468 2404 2497 2456 ὃ
2526 2406 2977 2477 ὲπανουργεύετο,
3031 2408 3167 2478 πρὸς
3198 2409 3357 2463 τοῦτο
3404 2410 3491 2463 καὶ

1925 2497 2251 2565 ὲφαντασίσυ
2294 2498 2507 2551 ἑαυτὸν.
2552 2498 2652 2552 Διά
2684 2500 2842 2553 τοῦτο
2883 2502 2979 2554 καὶ
3006 2501 3193 2555 πολλοὶ
3213 2502 3491 2572 ὴπατῶντο

1925 2586 2017 2640 ὑπ’
2044 2588 2206 2642 αὑτοῦ
2229 2606 2243 2619 ’
2278 2589 2365 2643 ὅτε
2390 2590 2445 2643 δὲ
2477 2591 2821 2663 ἐπεδήμησεν
2853 2594 2880 2646 ὁ
2899 2593 3112 2665 Σωτὴρ,
3138 2593 3263 2646 τότε
3288 2595 3322 2664 ἡ
3352 2594 3491 2647 πᾶσα

1926 2678 2193 2746 φαντασία
2220 2677 2383 2732 αὐτοῦ
2407 2679 2791 2751 ὲδειγματίσθη
2814 2697 2828 2709 '
2851 2681 2887 2736 ἃ
2921 2682 3029 2754 γάρ
3055 2685 3307 2752 ἠγνοεῖτο
3334 2682 3492 2737 πάλαι

1924 2768 2112 2835 ποιῶν,
2147 2770 2315 2824 ταῦτα
2339 2774 2404 2843 τῇ
2439 2773 2622 2844 χάριτι
2657 2771 2751 2826 τοῦ
2780 2774 3019 2843 Χριστοῦ
3039 2773 3493 2843 γινώσκεται,καὶ

1923 2861 1981 2913 ὲν
2007 2856 2089 2925 οἷς
2119 2861 2302 2932 ἠπάτα
2325 2862 2489 2916 πάλαι
2513 2864 2638 2927 τοὺς
2673 2862 3013 2935 ἀνθρώπους,
3044 2866 3103 2918 ὲν
3149 2864 3362 2929 τούτοις
3406 2863 3492 2917 ὑπ’

249 2952 372 3007 dem
385 2953 496 3023 jam
514 2953 583 3008 ab
600 2952 911 3007 hominibus
933 2954 1245 3034 proteritur.
1266 2951 1425 3008 Fides
1444 2952 1641 3023 quippe
1665 2952 1814 3007 omni

1993 2953 2097 3007 τῶν
2118 2958 2530 3009 καταπατεῖται.
2550 2955 2737 3027 Πάσης
2754 2955 2861 3028 γὰρ
2880 2956 3190 3030 διαϐολικῆς
3204 2957 3492 3021 ἐπιθέσεως

250 3041 518 3099 diabolica
540 3045 763 3115 impetu,
803 3052 859 3098 et
893 3043 1202 3099 daemonum
1241 3041 1429 3099 furore
1481 3042 1675 3098 fortior
1708 3052 1813 3099 est.

1923 3046 2017 3099 καὶ
2045 3044 2239 3117 μανίας
2257 3046 2522 3118 δαιμόνων
2550 3048 2872 3120 ἰσχυροτέρα
2898 3050 2933 3118 ἡ
2964 3048 3168 3113 πίστις.

661 3404 1125 3468 ADMONITIO
1180 3405 1262 3466 ΙΝ
1317 3404 1817 3467 FRAGMENTA
1865 3404 2461 3479 SUBSEQUENTIA
2530 3408 2611 3470 ΙΝ
2669 3407 2822 3471 CAN

318 3735 683 3806 Expositiones
714 3734 997 3792 Athanasii
1034 3737 1091 3789 in
1116 3734 1406 3790 Canticum-
1428 3740 1752 3793 canticorum
1794 3756 1814 3792 τ

1995 3750 2051 3793 at
2090 3738 2314 3795 Plautius
2335 3740 2416 3796 Itis
2456 3742 2623 3797 verbis
2651 3760 2670 3796 :
2702 3741 3003 3814 Πεποίηται
3041 3742 3101 3798 δὲ
3138 3743 3307 3816 αὐτῷ,
3338 3744 3485 3816 φησὶ,

248 3830 342 3884 καὶ
368 3831 447 3893 εἰς
468 3828 559 3881 τὸν
608 3827 1054 3900 Ἐκκλησιαστὴν,
1090 3830 1183 3882 καὶ
1209 3831 1290 3893 εἰς
1313 3828 1374 3883 τὸ
1401 3827 1590 3902 τᾼσμα
1617 3832 1727 3885 τῶν
1746 3834 2006 3904 ᾀσμάτων
2041 3834 2430 3906 ὑπομνήματα,
2449 3834 2639 3907 ὥσπερ
2659 3836 2754 3890 καὶ
2782 3838 2860 3897 εἰς
2882 3836 2975 3890 τὸν
2995 3836 3286 3909 Ψαλτῆρα,
3313 3839 3405 3893 καὶ
3435 3841 3487 3892 ἐν

247 3923 452 3997 ἑτέροις
484 3921 716 3986 πολλοῖς.
743 3923 1169 3988 Commentaria,
1205 3926 1399 3994 inquit,
1430 3926 1598 3981 edidit
1634 3928 1688 3982 in
1720 3927 2116 3995 Ecclesiasten,
2148 3930 2202 3983 in
2239 3930 2526 3986 Canticum
2556 3933 2915 3995 canticorum,
2946 3930 3405 4002 quemadmodum
3439 3944 3487 3991 et

248 4014 303 4067 in
330 4015 651 4072 Psalterium
685 4024 738 4070 et
767 4016 822 4068 in
851 4015 958 4070 alia
980 4016 1172 4071 multa.
1208 4020 1336 4071 Haec
1372 4034 1529 4087 porro
1560 4019 1857 4091 fragmenta
1885 4025 2143 4094 prodeunt
2184 4038 2249 4078 ea:
2268 4025 2679 4095 expositionibus
2727 4026 2784 4079 in
2811 4023 3034 4080 Cantica
3054 4027 3214 4080 editis
3235 4045 3268 4081 a
3286 4025 3486 4083 Joanne

247 4106 480 4161 Heursio
501 4123 637 4161 anno
663 4105 822 4160 1617.

318 4199 387 4254 In
414 4200 649 4272 gregibus
680 4200 975 4252 amicarum
1004 4208 1216 4253 tuarum
1230 4201 1382 4271 quasi
1411 4201 1716 4259 errabunda
1743 4204 1811 4260 ³⁸.

2001 4207 2127 4262 Ἐπ’
2159 4206 2402 4276 ἀγέλαις
2426 4208 2676 4277 ἑταίρων
2700 4224 2816 4263 σου
2844 4209 2927 4275 ὡς
2940 4211 3303 4280 ῥεμϐομένη.

245 4281 339 4339 Ille
385 4286 467 4338 sic
508 4299 627 4338 eam
661 4283 959 4352 alloquitur
996 4281 1217 4338 :Nosce
1268 4285 1497 4355 teipsam
1552 4288 1728 4358 prius,
1752 4299 1812 4345 ut

244 4390 334 4429 me
359 4389 575 4444 quoque
597 4388 926 4443 cognoscere
959 4375 1158 4443 possis.
1193 4372 1249 4428 Si
1275 4384 1323 4430 te
1352 4392 1514 4433 nosse
1543 4393 1652 4433 non
1677 4395 1811 4449 pos-

246 4467 322 4522 sis
349 4483 363 4519 :
394 4466 440 4521 si
469 4481 575 4519 non
619 4466 855 4530 noveris,
887 4481 1061 4535 neque
1092 4468 1236 4521 scias
1267 4469 1523 4538 teipsam,
1547 4470 1811 4541 egredere

246 4568 304 4613 tu
329 4558 395 4612 ad
425 4558 674 4613 catcanea
702 4565 755 4612 et
798 4557 1046 4626 vestigia,
1074 4567 1129 4611 et
1172 4574 1333 4627 pasce
1377 4561 1618 4630 capellas
1660 4571 1806 4626 tuas,

244 4662 309 4702 ac
351 4647 559 4701 nutries
584 4655 805 4716 peccata
857 4648 1119 4701 virtutum
1159 4648 1301 4703 loco.
1341 4646 1408 4702 In
1453 4650 1808 4705 tabernaculis

243 4739 599 4810 pastorum”,
634 4739 690 4792 in
729 4738 1188 4808 concupiscentiis
1225 4740 1666 4798 adversariarum
1714 4759 1814 4813 po-

246 4841 519 4897 testatum,
552 4846 674 4901 qua:
699 4840 751 4886 te
777 4840 1030 4900 pascunt.

324 4923 514 4978 νοιςαυὶ
526 4939 663 4988 eum,
685 4938 776 4975 nec
792 4922 1058 4991 respondit
1080 4924 1227 4980 mihi.
1249 4921 1478 4994 Surgam
1506 4934 1555 4978 et
1575 4926 1807 4982 circuibo

243 5015 508 5069 civitatem
535 5015 603 5068 ".

313 5106 655 5162 Athanasius.
684 5106 879 5179 Legem
905 5107 1077 5177 legam
1097 5150 1113 5173 ,
1147 5110 1441 5180 prophetas
1468 5110 1679 5183 legam;
1717 5112 1806 5166 in-

1986 4296 2157 4360 Αὑτδς
2183 4296 2317 4368 πρὸς
2348 4297 2518 4369 αὑτήν
2541 4313 2556 4327 ·
2581 4296 2752 4350 Γνῶθι
2778 4297 3008 4369 σεαυτὴν
3029 4300 3266 4370 πρῶτον,
3297 4303 3382 4358 ἵνα
3399 4320 3484 4358 και

1916 4388 2015 4460 ἐμὲ
2054 4388 2255 4458 γνῶναι
2304 4389 2557 4461 δυνηθῇς.
2602 4389 2727 4444 Ἐὰν
2758 4390 2830 4460 μὴ
2862 4390 3008 4460 γνῷς
3037 4393 3273 4465 ἑαυτήνο
3309 4397 3358 4449 εἰ
3392 4398 3485 4451 οὐκ

1916 4475 2085 4543 ἔγνως
2107 4492 2122 4505 ο
2153 4477 2200 4528 εἰ
2230 4476 2303 4547 μὴ
2323 4472 2466 4540 οἶδας
2489 4515 2505 4540 ,
2540 4476 2718 4543 ἔξελθε
2742 4478 2804 4530 σὺ
2827 4479 2885 4530 ὲν
2905 4479 3165 4551 πτέρναις
3198 4486 3321 4550 κατ’
3349 4485 3482 4558 ἴχνη,

1915 4567 2007 4620 καὶ
2045 4566 2297 4638 ποίμαινε
2334 4568 2432 4632 τὰς
2456 4569 2674 4641 ἐρίφους
2703 4587 2795 4624 σου
2815 4586 2830 4600 ·
2859 4573 2954 4626 καὶ
2976 4572 3183 4649 θρέψῃς
3215 4579 3480 4651 ἁμαρτίας

1919 4658 2039 4712 ἀντὶ
2069 4658 2295 4729 ἀρετῶν.
2338 4659 2462 4713 Ἐπὶ
2493 4660 2844 4730 σκηνώμασι
2888 4662 3007 4718 τῶν
3040 4668 3376 4736 ποιμένων-ο
3428 4670 3482 4722 ἐν

1916 4752 2047 4813 ταῖς.
2065 4749 2380 4822 ἐπιθυμίαις
2398 4749 2505 4805 τῶν
2536 4752 2792 4806 ἐναντίων
2821 4753 3102 4825 δυνάμεων
3127 4757 3239 4811 τῶν
3266 4777 3479 4832 ποιμαι-

1915 4840 2112 4894 νόντων
2136 4857 2215 4894 σε.

2000 4931 2289 4987 Ἐκάλεσα
2320 4934 2534 4997 αὐτὸν,
2570 4935 2670 4989 καί
2712 4935 2825 5004 οὐχ
2877 4936 3196 5003 ὑπήκουσέ
3232 4942 3309 5014 (3)
3343 4960 3475 5014 μου.

1914 5023 2346 5094 Ἀναστήσομαι
2370 5026 2468 5078 καὶ
2504 5024 2795 5081 κυκλώσω
2817 5027 2888 5079 ἐν
2909 5028 2983 5097 τῇ
3011 5033 3209 5088 πόλει.

1996 5114 2366 5168 Ἄθανασίου.
2405 5115 2814 5188 Ἀναγνώσομαι
2840 5118 2932 5172 τὸν
2962 5119 3149 5192 νόμον,
3176 5123 3463 5193 ἀναγνώσο

244 5197 518 5267 vestigabo
549 5197 859 5269 Evangelia.
903 5198 1027 5254 Haec
1072 5207 1254 5253 autem
1301 5201 1376 5255 ait
1403 5202 1589 5257 divino
1618 5219 1806 5258 amore

1996 5222 2011 5257 t
2039 5206 2164 5268 τοὺς
2187 5207 2492 5278 προφήτας,
2524 5208 2800 5279 ὲρευνήσω
2820 5210 2890 5263 τὰ
2918 5212 3254 5282 Εὑαγγέλια.
3300 5215 3475 5272 Ταῦτα

251 5297 564 5357 compuncta
600 5308 614 5345 :
662 5288 731 5343 In
762 5290 894 5344 lecto
942 5306 1054 5345 meo
1110 5292 1164 5345 in
1215 5293 1455 5347 noctibus
1484 5293 1548 5349 “.
1579 5293 1802 5350 Lectum

1993 5300 2354 5366 mcavuyeiaa
2372 5298 2450 5370 τῷ
2470 5299 2599 5372 θείῳ
2621 5302 2769 5373 πόθῳ
2786 5303 2918 5373 φησι
2940 5321 2954 5335 ·
2989 5306 3121 5362 Ἐπὶ
3140 5309 3350 5377 κοίτην
3363 5326 3473 5379 μου

316 5447 361 5480 ³³
395 5448 543 5504 Psal.
577 5465 700 5513 σιν.
728 5453 782 5507 9..

882 5454 927 5485 ³⁸
969 5450 1147 5522 Rom.
1183 5468 1265 5514 ιιι.
1314 5456 1407 5509 i5.
1511 5458 1554 5490 ³⁵
1582 5455 1715 5512 Luc.
1748 5474 1803 5522 ι,
1841 5461 1927 5517 18.

251 5515 291 5549 ⁶’
318 5517 449 5573 ihid.
493 5522 547 5575 7.

653 5467 700 5513 v,
728 5464 782 5507 ξ’..
882 5464 927 5485 ³*
972 5464 1130 5505 “om.
1183 5468 1265 5514 ιιι.
1314 5464 1407 5509 ‘25.
1511 5464 1554 5490 ³⁵
1582 5464 1715 5512 Luc.
1748 5474 1803 5522 ι,

653 5521 700 5552 ⁸⁸
732 5523 887 5577 Cant.
924 5538 1009 5588 ιιι,
1036 5521 1089 5585 1,
1127 5521 1183 5577 2.
1265 5524 1309 5555 ⁸¹
1334 5526 1464 5581 ibid.
1500 5527 1553 5583 1.

2026 5464 2072 5496 ³⁸
2122 5467 2141 5520 Ι
2172 5466 2300 5522 Cor.
2334 5484 2408 5533 vi,
2436 5470 2489 5524 3.
2586 5470 2629 5501 τ’
2657 5468 2761 5526 Job
2795 5486 2879 5524 xu
2904 5510 2921 5537 ,
2947 5472 3004 5529 4.
3079 5474 3125 5507 ⁸⁸
3152 5472 3315 5531 Cant.
3350 5489 3390 5543 ι,
3419 5470 3469 5528 6.

320 5647 394 5718 (5)
423 5648 498 5705 De
522 5650 912 5722 signiﬁcatione
947 5655 1097 5713 vocis
1126 5657 1515 5731 ὑπακούωὴιιι
1549 5666 1799 5733 superius
1812 5675 1994 5726 actum
2021 5668 2123 5728 fuit
2148 5680 2205 5728 et
2230 5680 2422 5743 agetur
2452 5673 2509 5730 in
2540 5674 2878 5731 Onomastico
