3702 6388
259 287 394 344 1349

1377 255 1804 347 FRAGMENTA
1843 291 1912 348 1N
1943 291 2264 348 caunos.

3373 296 3508 354 1550

252 411 323 466 ἐν
352 410 554 476 νυείν.
583 412 784 484 Κοίτην
812 412 1066 484 ὀνομάζει
1089 413 1186 485 τὴν
1211 413 1546 489 τελειοτέραν
1575 417 1668 470 τοῦ
1696 419 1815 487 ἀγα-

2002 426 2088 473 cat
2135 416 2517 488 perfectiorem
2569 416 2699 471 boni
2743 416 3253 487 participationem;
3293 433 3512 475 noctem

255 502 348 558 θοῦ
382 505 693 574 μετουσίαν,
725 507 819 559 καὶ
846 506 1190 574 νύκταολέγει
1229 507 1320 561 τὸν
1358 508 1456 580 τῆς
1484 509 1670 580 κοίτης
1709 527 1831 562 και-

258 595 368 667 ρόν.
401 595 499 649 Διά
529 595 586 648 δὲ
611 595 704 650 τοῦ
732 597 994 668 ὀνόματος
1024 597 1127 667 τῆς
1157 597 1349 661 νυκτὸς
1372 599 1701 654 ἐνδείκνυται
1725 599 1834 654 τῶν

254 685 500 758 ἀοράτων
528 687 627 758 τὴν
651 687 904 758 θεωρίαν,
941 688 1063 742 καθ’
1093 689 1382 760 ὁμοιότητα
1414 691 1712 757 Μωῡσέως,
1738 691 1831 745 τοῦ

254 778 311 830 ὲν
337 776 416 846 τῷ
443 777 626 848 γνόφῳ
657 778 938 848 γεγονότος
957 781 1013 832 ὲν
1047 772 1090 846 ᾧ
1117 775 1183 850 ἦν
1209 781 1237 832 6
1271 779 1424 844 Θεός.

879 869 988 923 Τοῦ
1012 865 1223 923 αὐτοῦ.

325 959 400 1012 Ob
426 959 533 1031 γὰρ
561 959 707 1030 ᾔδειν
729 960 815 1024 τίς
844 956 914 1032 ἦν
938 962 966 1013 6
998 960 1213 1032 τρώσας
1244 978 1335 1031 με.
1369 961 1708 1030 Θεογνωσίαν
1742 979 1831 1032 μοι

255 1050 572 1122 κοιμωμένῃ
601 1050 912 1122 ὲνέσπειρεν
935 1053 964 1104 6
993 1051 1185 1119 Λόγος.
1223 1051 1448 1121 Ταχέως
1474 1050 1827 1115 διαναστᾶσα,

256 1140 404 1211 ζητῶ
431 1141 522 1194 τὸν
569 1140 876 1213 τρώσαντα,
915 1142 1010 1195 καὶ
1039 1141 1342 1214 παρακαλῷ
1395 1141 1544 1212 αὐτῷ
1601 1142 1831 1213 ὀφθῆναί

258 1248 365 1302 μοι,
398 1232 494 1285 καὶ
523 1231 881 1304 περιέρχομαι
916 1232 1155 1305 ζητοῦσα
1183 1233 1274 1287 τὸν
1300 1231 1612 1302 ἀδελφιδοῦν
1636 1249 1757 1303 μου.

323 1410 633 1476 Ἐξέλθετε
683 1413 784 1467 καὶ
825 1413 998 1480 ἴδετε,
1059 1415 1377 1486 θυγατέρες
1426 1414 1599 1479 Σιὼν,
1634 1414 1704 1467 ἐν
1752 1413 1831 1480 τῷ

245 1501 504 1564 ,βασιλεῖ
527 1503 834 1572 Σολομὼν.

337 1593 621 1658 Ἰουδαίους
652 1596 900 1667 ἐντρέπει
931 1595 1185 1664 λέγουσα,
1212 1595 1532 1659 Ἐξέλθατε,
1557 1595 1676 1648 ἀντὶ
1703 1593 1796 1647 τοῦ
1812 1633 1828 1658 ,

1938 524 2066 564 vero
2117 509 2251 565 dicit
2295 510 2416 564 lecti
2459 521 2692 580 tempus.
2735 508 2969 565 Nomine
3005 525 3165 580 porro
3210 511 3406 576 noctis,
3436 513 3512 566 in-

1935 601 2082 656 dicat
2131 601 2491 656 invisibilium
2530 616 2712 655 rerum
2761 601 3301 672 contemplationem,
3342 601 3410 657 ad
3436 604 3510 658 εἱ·-

1938 696 2300 751 militudinem
2329 694 2663 768 Moysis,qui
2694 695 2748 748 in
2772 695 3005 766 caligine
3035 694 3158 759 fuit,
3187 696 3240 749 in
3263 711 3370 766 qua
3393 711 3512 751 ver-

1939 787 2160 843 sabatur
2195 787 2357 843 Deus.

2577 875 2859 944 Ejusdem.

2003 967 2324 1038 lgnorabam
2374 968 2520 1023 enim
2551 969 2676 1038 quis
2721 979 2868 1024 esset
2893 969 2985 1039 qui
3020 985 3106 1024 me
3141 971 3502 1026 vulnerasset.

1936 1058 2066 1112 Mihi
2095 1060 2442 1116 decumbenti
2473 1058 2568 1114 Dei
2599 1060 2965 1130 cognitionem
3014 1061 3212 1116 indidit
3238 1061 3503 1118 Verbum.

1932 1153 2009 1208 Ac
2039 1154 2288 1222 protinus
2318 1168 2549 1223 surgens
2584 1167 2772 1223 quaero
2795 1168 2920 1208 eum
2950 1154 3042 1224 qui
3073 1169 3160 1208 me
3182 1155 3507 1218 vulneravit,

1932 1258 2175 1313 rogoque
2202 1244 2355 1298 illum
2384 1252 2441 1298 ut
2475 1259 2661 1298 coram
2697 1259 2786 1300 me
2817 1261 2878 1301 se
2911 1245 3106 1312 sistat,
3135 1261 3198 1300 ac
3230 1246 3509 1301 circumeo

1934 1351 2182 1406 quaerens
2213 1337 2511 1407 patruelem
2541 1353 2748 1394 meum.

2003 1423 2331 1492 Egredimini
2359 1437 2408 1482 et
2451 1428 2638 1494 videte,
2668 1430 2796 1499 ﬁlia:
2835 1427 2990 1495 Sion,
3041 1445 3210 1499 regem
3256 1429 3502 1484 Salomo-

1931 1527 2047 1565 nem
2061 1513 2130 1568 δ’.

2002 1601 2216 1659 Judaeos
2247 1605 2454 1674 pudore
2485 1607 2646 1663 allicit
2683 1607 2915 1664 dicendo
2950 1607 3301 1679 Egredimini,
3333 1607 3499 1678 quasi

254 1684 400 1748 Ἕως
427 1686 557 1739 πότε
597 1690 662 1758 τῇ
701 1691 828 1760 σκιᾷ
860 1688 1284 1760 παρακάθησθε;
1321 1689 1428 1742 ίδοὺ
1462 1687 1569 1758 γὰρ
1585 1687 1815 1752 ὲξἿούδο

2002 1688 2182 1746 ceret:
2219 1692 2518 1764 Quousque
2569 1695 2623 1749 in
2673 1697 2866 1750 umbra
2912 1697 3154 1752 sedetis?
3191 1712 3317 1752 ecce
3357 1696 3505 1752 enim

252 1775 610 1830 ἀνατέταλκεν
640 1780 668 1832 ό
701 1778 921 1850 Κύριος,
949 1779 1170 1852 ἀγάπην
1213 1779 1320 1832 ἀπὸ
1368 1779 1684 1851 θυγατέρων
1739 1780 1815 1832 Ἱε-

2031 1781 2172 1837 Juda
2208 1782 2473 1840 Dominus
2516 1792 2671 1840 ortus
2712 1793 2814 1852 est,
2850 1787 3172 1841 cbaritatem
3217 1803 3247 1841 a
3289 1787 3507 1842 filiabus

253 1867 556 1939 ρουσαλήμ.
593 1869 665 1922 Τὸ
690 1871 907 1943 στερεὸν
933 1872 1043 1926 τῶν
1065 1872 1340 1943 λογισμῶν
1361 1913 1376 1936 ,
1411 1871 1443 1941 ἢ
1498 1873 1550 1924 οἱ
1582 1871 1834 1941 ἐσωτέρω

250 1956 384 2012 λίθοι
410 1962 576 2030 ἅγιοι.
625 1963 718 2016 Ἐν
753 1963 833 2030 τῷ
853 1964 1152 2034 στεφάνῳ,
1193 1960 1688 2033 ᾧέστεεράνωσεν
1729 1965 1834 2016 αὺ-

250 2050 358 2104 τὸν
381 2054 420 2120 ἡ
441 2053 641 2123 μήτηρ
668 2058 873 2110 αὐτοῦ.
915 2060 1183 2126 Ἕθηκας
1209 2057 1339 2129 γὰρ,
1383 2057 1536 2126 φησὶ,
1577 2055 1677 2108 ἐπὶ
1718 2055 1832 2124 τὴν

250 2143 528 2211 κεφαλὴν
557 2148 742 2201 αὐτοῦ
781 2149 1086 2217 στέφανον
1116 2150 1184 2202 ἐκ
1218 2151 1391 2202 λίθου
1420 2148 1637 2216 τιμίου.

316 2234 638 2300 Καταϐἠτω
659 2237 978 2306 ἀδελφιδός
1003 2256 1122 2308 μου
1143 2241 1229 2304 εἰς
1251 2237 1450 2306 κῆπον
1479 2236 1688 2290 αὐτοῦ.

318 2322 559 2378 Πνεῦσόν
594 2344 707 2397 μοι,
731 2322 775 2381 ὦ
797 2329 957 2397 Λόγε,
990 2329 1083 2382 καὶ
1109 2327 1318 2393 δίδαξόν
1349 2345 1416 2398 με
1440 2327 1507 2381 τὰ
1533 2327 1690 2396 λόγιά
1710 2344 1823 2393 σου,

248 2417 342 2468 καὶ
371 2416 441 2470 τὰ
472 2419 869 2491 προστάγματα
902 2437 993 2473 σου
1029 2420 1379 2491 κατάγραψον
1422 2420 1514 2473 ἐπὶ
1539 2419 1600 2471 τὸ
1629 2418 1827 2482 πλάτος

245 2508 345 2578 τῆς
397 2509 626 2580 καρδίας
657 2528 780 2581 μου.
827 2513 1046 2584 Ἑτοίμη
1075 2513 1275 2581 γέγονα
1307 2512 1522 2565 λοιπόν·
1569 2511 1825 2581 δύναμαι,

245 2603 310 2672 τῇ
336 2604 401 2672 σῇ
431 2603 612 2674 χάριτι
640 2604 998 2677 βοηθουμένη,
1025 2606 1120 2660 καὶ
1157 2603 1543 2675 κυϐερνωμένη
1571 2605 1637 2674 τῇ
1665 2601 1828 2673 ἀορά-

245 2709 322 2762 τῳ
347 2710 441 2747 σου
472 2696 566 2748 καὶ
597 2697 986 2768 παντοδυνάμῳ
1024 2698 1207 2769 χειρὶ,
1254 2697 1346 2749 καὶ
1375 2695 1547 2765 λόγων
1598 2694 1828 2749 ἀκοῦσαι

241 2780 427 2850 θείων,
464 2785 558 2840 καὶ
581 2789 895 2859 μυστηρίων
927 2788 1152 2860 μέτοχος
1177 2786 1450 2856 γενέσθαι.

1932 1874 2260 1929 Jerusalem.
2314 1874 2718 1944 Cogitationum
2768 1875 3020 1940 ﬁrmitas,
3079 1885 3170 1930 aut
3221 1876 3508 1930 interiores

1935 1964 2108 2020 sancti
2141 1965 2366 2034 lapides.
2409 1964 2476 2018 In
2510 1982 2704 2020 corona
2736 1983 2842 2036 qua
2885 1967 3153 2020 coronavit
3191 1983 3308 2019 eum
3338 1976 3508 2019 mater
3574 1975 3583 1984 '

1934 2073 2031 2111 sua
2054 2055 2121 2109 ⁸³.
2154 2055 2386 2108 Posuisti
2417 2057 2585 2121 enim,
2627 2057 2722 2121 ait,
2759 2073 2918 2127 super
2938 2067 3093 2127 caput
3120 2057 3234 2126 ejus
3258 2072 3506 2111 coronam

1933 2148 1997 2202 de
2024 2146 2201 2215 lapide
2221 2149 2449 2216 pretioso
2470 2146 2540 2201 “.

2003 2239 2296 2294 Descendat
2325 2239 2580 2309 patruelis
2603 2255 2746 2293 meus
2782 2241 2834 2292 in
2859 2241 3068 2293 hortum
3091 2257 3244 2294 suum
3263 2239 3328 2293 ⁸⁵.

2003 2329 2138 2382 Aﬂla
2170 2345 2278 2394 me,
2310 2344 2343 2383 ο
2385 2327 2638 2392 Verbum,
2683 2340 2735 2385 et
2759 2330 2891 2385 doce
2922 2345 3006 2384 me
3039 2331 3256 2398 eloquia
3285 2337 3400 2392 tua,
3440 2346 3506 2385 ac

1933 2429 2202 2490 praecepta
2243 2428 2333 2474 tua
2373 2421 2659 2475 conscribe
2701 2422 2755 2475 in
2791 2421 2976 2475 tabula
3022 2421 3204 2475 cordis
3247 2421 3374 2474 mei.
3401 2419 3506 2475 Pa-

1932 2517 2051 2564 rata
2077 2511 2190 2580 jam
2238 2526 2358 2566 sum
2396 2531 2408 2565 :
2438 2527 2684 2582 possum,
2721 2522 2813 2566 tua
2848 2513 3146 2568 auxiliante
3174 2514 3369 2583 gratia,
3411 2521 3503 2566 tua

1935 2601 2199 2657 invisibili
2263 2610 2319 2657 et
2384 2605 2754 2673 omnipotente
2813 2605 3147 2674 gubernante
3197 2620 3396 2670 manu,
3449 2614 3506 2660 et

1933 2692 2100 2748 verba
2144 2692 2336 2750 audire
2381 2693 2602 2763 divina,
2637 2703 2691 2751 et
2741 2695 3132 2767 mysteriorum
3177 2709 3297 2750 esse
3339 2694 3507 2766 perti-

1934 2799 2083 2856 ceps.

1001 3134 1437 3200 APPENDIX
1485 3136 1598 3196 ΑΙ)
1635 3134 2168 3202 FRAGMENTA
2212 3136 2324 3202 IN‘
2376 3137 2477 3202 CA
2486 3137 2766 3236 ΝΤιοΑ.

1640 3503 2130 3568 ADMONITIO.

317 3689 562 3745 Homilia
581 3687 920 3760 subsequens,
955 3689 1113 3744 otiosi
1139 3699 1185 3744 et
1207 3691 1440 3761 imperiti
1465 3691 1693 3747 hominis
1720 3693 2055 3762 opusculum,
2079 3708 2142 3745 ea:
2165 3691 2342 3746 codice
2365 3708 2464 3746 ms.
2497 3691 2820 3747 bibliotheca:
2842 3691 3208 3746 Ambrosianus
3237 3709 3384 3748 num.
3411 3695 3500 3760 55,

243 3787 420 3856 prodit
449 3803 466 3840 :
495 3803 554 3840 eo
605 3797 859 3854 tempore.
901 3794 960 3838 ut
1012 3787 1274 3840 wstimare
1309 3786 1468 3851 licet,
1515 3788 1748 3853 editum,
1803 3805 1905 3855 quo
1938 3787 2223 3842 Manicha'i
2250 3788 2304 3840 in
2343 3786 2555 3842 Oriente
2597 3785 2774 3838 turbas
2807 3785 3024 3850 dabant,
3047 3787 3184 3856 quod
3214 3789 3503 3854 praesertim

245 3897 451 3948 octavo,
496 3898 633 3935 nono
668 3891 717 3935 et
745 3882 946 3935 decimo
987 3884 1181 3936 saeculo
1224 3883 1440 3953 contigit
1464 3899 1482 3936 :
1505 3900 1630 3936 nam
1659 3884 1889 3952 scriptor
1921 3885 2020 3937 iste
2056 3882 2401 3945 Manichazos,
2428 3891 2484 3934 ut
2513 3891 2634 3933 tunc
2665 3881 2889 3949 vigentes
2925 3888 3316 3933 commemorat.
3344 3878 3502 3933 Jero-

244 3979 505 4050 solymam
528 3993 646 4032 vero
671 3978 870 4031 adiisse
904 3992 959 4030 se
990 3977 1327 4046 testiﬁcatur,
1357 3978 1448 4030 ubi
1483 3978 1656 4032 locum
1680 3976 1883 4033 Christi
1925 3978 2209 4048 suspendio
2234 3985 2596 4030 consecratum
2625 3975 2693 4029 ad
2716 3977 3115 4045 septentrionem
3148 3975 3505 4046 Jerosolymo-

244 4091 363 4129 rum
398 4075 563 4128 situm
590 4072 848 4142 afﬁrmat.
879 4071 1054 4126 Hasce
1083 4071 1264 4142 quales
1286 4072 1467 4142 quales
1511 4089 1703 4127 merces
1736 4073 1832 4126 tibi
1856 4113 1871 4139 ,
1900 4072 2066 4127 lector
2106 4074 2312 4127 erudite
2332 4115 2346 4140 ,
2379 4072 2620 4127 sistimus
2644 4086 2663 4124 :
2698 4072 2845 4142 quia,
2874 4071 2973 4124 etsi
3007 4069 3382 4138 supposititiw,
3405 4085 3503 4122 suo

245 4169 426 4238 fructu
456 4185 560 4221 non
588 4176 798 4233 vacant,
827 4175 884 4219 ut
918 4165 1159 4235 pluribus
1183 4174 1261 4220 est
1287 4182 1320 4219 a
1359 4165 1507 4221 nobis
1532 4167 1670 4221 alias
1693 4169 2118 4237 comprobatum.

285 4332 399 4389 Τοῦ
428 4330 615 4403 αὐτοῦ
642 4329 995 4403 Ἀθαναοέου
1017 4329 1490 4403 ἀρχιείτιοσξιόπου
1511 4328 1789 4395 Ἀλεξαν-

2002 4333 2179 4386 usdem
2211 4329 2268 4384 S.
2312 4329 2592 4403 Athanasii
2626 4328 3006 4403 archiepiscopi
3059 4327 3396 4384 Alexandria
3443 4331 3499 4385 in

476 4401 676 4468 δρείας
702 4403 788 4466 εἰς
810 4399 876 4453 τὸ
901 4394 1247 4469 utaut—datin-
1279 4397 1585 4467 ᾀσμάτων.

314 4513 371 4570 1.
411 4511 645 4582 Ποθητοὶ
689 4511 739 4564 οἱ
781 4510 928 4578 λόγοι
973 4509 1067 4562 καὶ
1101 4507 1375 4579 ἐράσμιοι,
1412 4507 1506 4560 καὶ
1549 4509 1630 4570 εἰς
1656 4508 1822 4581 οὐρα.-

240 4608 371 4671 νοὺς
418 4605 730 4672 ἀνάγοντες,
779 4602 875 4655 καὶ
922 4597 1369 4670 πτεροποιοῦντες
1405 4597 1530 4660 τοὺς
1574 4598 1819 4663 πιστούς.

245 4693 639 4767 Πτεροποιοῦσι
672 4691 778 4763 γὰρ
808 4687 1022 4761 ἀληθῶς
1059 4688 1116 4740 αἱ
1151 4687 1288 4740 θεῖαι
1319 4684 1532 4756 Γραφαὶ
1573 4686 1698 4749 τοὺς
1736 4703 1825 4738 πι-

151 4785 154 4788 ’
247 4789 408 4849 στοὺς
440 4783 518 4856 τῷ
549 4782 696 4853 πόθῳ
726 4780 832 4834 τῶν
861 4776 1143 4848 οὐρανίων.
1174 4775 1372 4828 Τοῦτον
1405 4774 1514 4846 γὰρ
1544 4774 1634 4828 τὸν
1660 4773 1823 4828 πόθον

243 4879 386 4949 ἔχων
421 4870 502 4938 εἷς
523 4891 608 4936 τις
633 4873 738 4926 τῶν
765 4870 935 4939 ἁγίων
973 4869 1128 4936 ἔλεγε
1147 4885 1160 4898 ο
1204 4868 1300 4932 Τίς
1323 4865 1443 4934 δῴη
1476 4883 1576 4936 μοι
1608 4866 1824 4934 πτέρυ-

246 4988 357 5039 γας
380 4967 524 5021 ὡσεὶ
559 4960 932 5032 περιστερᾶς,
961 4961 1059 5014 καὶ
1089 4959 1563 5027 πετασθήσομαι,
1589 4957 1687 5010 καὶ
1718 4973 1824 5011 κα-

244 5060 568 5119 ταπαύσω;
613 5057 671 5108 Ὀ
706 5054 870 5118 πόθος
901 5053 1008 5107 τῶν
1035 5052 1301 5124 οὐρανίων
1336 5049 1497 5104 αὐτὸν
1527 5047 1701 5113 εἷλκε,
1731 5050 1824 5103 καὶ

246 5149 656 5220 ὲπτεροποιεῖτο
687 5145 848 5197 αὑτὸν
879 5143 988 5196 τῶν
1015 5144 1185 5211 ἁγίων
1230 5144 1259 5194 6
1301 5140 1444 5204 νοῦς,
1475 5138 1826 5194 ἐπιλανθανο-

251 5241 427 5312 μένων
453 5237 563 5291 τῶν
586 5237 790 5308 γηίνων
817 5234 1036 5288 καὶτῶν
1052 5233 1387 5305 ἐπουρανίων
1414 5230 1821 5302 μεριμνώντων.

246 5332 354 5385 Τὸν
382 5332 490 5402 γὰρ
522 5329 648 5383 νοῦν
672 5328 882 5382 ἑαυτῶν
907 5327 1085 5390 δόντες
1120 5329 1198 5390 εἱς
1236 5328 1325 5378 τὸν
1347 5322 1590 5396 οὐρανὸν,
1617 5324 1708 5376 καὶ
1730 5341 1827 5376 πο-

247 5423 468 5488 θοῦντες
497 5422 565 5476 τὰ
585 5420 828 5492 οὐράνια.
862 5419 1281 5475 ἐπελανθάνοντο
1307 5417 1414 5470 τῶν
1443 5416 1666 5485 γηίνων.
1687 5415 1823 5468 Τοῦ-

244 5532 340 5572 τον
370 5515 479 5585 γὰρ
510 5513 601 5567 τὸν
629 5511 794 5566 πόθον
816 5511 954 5582 ἔχων
976 5512 1070 5564 καὶ
1095 5510 1307 5572 Παῦλος
1336 5511 1364 5561 6
1392 5504 1688 5569 ἀπόστολος
1711 5504 1823 5558 ἕλε·

2383 4399 2661 4454 Canticunt
2687 4400 3035 4452 canticorum.

1999 4513 2049 4566 l.
2106 4509 2507 4565 Desiderabiles
2535 4524 2858 4569 sermones.
2917 4508 3184 4564 amabiles
3232 4519 3395 4580 atque
3443 4527 3497 4566 In

1925 4603 2122 4658 malum
2163 4601 2519 4665 adducentes,
2551 4601 2666 4655 alas
2696 4615 2915 4669 quoque
2944 4599 3196 4656 fidelibus
3216 4603 3496 4658 addentes.

1925 4693 2134 4748 Divina:
2171 4693 2374 4762 quippe
2410 4691 2710 4762 Scriptura;
2750 4691 2938 4746 ﬁdeles
2968 4706 3033 4745 ex
3059 4694 3365 4749 cmlestium
3406 4711 3497 4749 re-

1923 4799 2046 4838 rum
2073 4782 2348 4837 desiderio
2374 4797 2561 4836 revera
2593 4782 2697 4836 alis
2728 4780 3031 4835 instruunt.
3074 4780 3195 4848 Quo
3226 4783 3498 4838 desiderio

1928 4881 2109 4926 motus
2174 4879 2490 4926 sanctorum
2550 4869 2822 4939 quispiam
2873 4869 3133 4925 dicebat:
3170 4870 3300 4936 Quis
3348 4871 3498 4925 dabit

1929 4963 2057 5016 mihi
2108 4977 2305 5030 pennas
2347 4961 2484 5015 sicut
2534 4959 2822 5024 columbae,
2867 4968 2916 5012 et
2966 4959 3150 5013 volabo
3196 4969 3245 5013 et
3294 4963 3500 5031 requie-

1929 5071 2074 5108 scam
2091 5053 2175 5107 ‘°?
2215 5053 2491 5108 Trahebat
2523 5054 2698 5124 ipsum
2735 5051 3039 5108 caelestium
3070 5068 3254 5108 rerum
3281 5054 3500 5111 deside-

1927 5145 2108 5209 rium,
2163 5143 2280 5199 alas
2313 5143 2491 5199 eidem
2535 5143 2767 5198 addebat
2813 5157 2968 5196 mens
3021 5141 3112 5197 illa
3164 5151 3496 5201 sanctorum.

1932 5235 2026 5305 qui
2053 5245 2396 5290 terrenorum
2443 5235 2862 5298 obliviscuntur,
2908 5242 3072 5303 atque
3125 5250 3289 5288 unam
3337 5237 3473 5291 caele

1932 5327 2096 5381 stium
2131 5338 2326 5397 gerunt
2358 5326 2804 5382 sollicitudinem.
2838 5323 2975 5378 Cum
3015 5324 3161 5379 enim
3192 5326 3295 5394 ipsi
3325 5335 3500 5380 sanet.

1933 5425 2170 5471 mentem
2201 5427 2370 5470 t0tam
2414 5415 2554 5471 caelo
2592 5414 2906 5481 dedissent,
2940 5423 2991 5468 et
3020 5415 3326 5470 caelestium
3357 5415 3501 5469 dun-

1934 5516 2087 5563 taxat
2111 5508 2363 5577 cupidine
2395 5515 2730 5575 tenerentur,
2749 5507 3039 5563 veniebant
3069 5507 3125 5563 in
3157 5517 3498 5564 terrenarum

327 5691 375 5724 δ’
400 5689 560 5747 Cant.
592 5704 676 5754 tu,
708 5687 796 5741 11.
875 5685 920 5718 ⁵³
953 5685 1084 5742 ibid.
1173 5684 1219 5719 “
1247 5684 1394 5742 Psal.
1426 5699 1518 5750 xx,
1550 5687 1604 5738 4.
1680 5681 1725 5714 ⁸³
1752 5679 1815 5738 Ct

2002 5722 2011 5749 ,
2044 5683 2094 5737 1.
2169 5681 2215 5715 ⁸⁸
2246 5680 2391 5739 Psal.
2423 5698 2533 5750 LIV,
2567 5682 2617 5738 7.
