3702 6392
220 324 226 331 .
267 283 396 341 1551
1090 275 1147 333 S.
1187 274 1558 331 ATHANASII
1596 273 1749 331 OPP.
1792 272 1971 328 PARS
2007 271 2095 329 Ill.
2130 301 2201 311 —
2240 268 2647 327 EXEGETICA.
3359 270 3494 326 135?.

268 414 449 456 rerum
486 396 831 454 oblivionem.
860 393 973 447 Hoc
1008 394 1137 448 item
1162 393 1433 450 desiderio
1470 403 1652 449 motus
1676 392 1818 448 Pau-

1985 408 2022 439 η·
2057 389 2219 445 Κατὰ
2251 388 2487 443 σκοπὸν
2515 388 2702 443 διώκω
2731 389 2818 453 εις
2845 386 2909 441 τὸ
2931 385 3224 456 ,βραϐεῖον
3244 384 3356 454 τῆς
3379 386 3494 443 ἄνω

268 494 353 550 lus
400 492 679 563 apostolus
729 487 993 543 dicebat:
1040 486 1121 539 Ad
1168 485 1494 539 destinatum
1526 498 1818 553 persequor1

1985 482 2224 549 λήσεως.
2241 480 2402 552 Ὁρᾷς
2426 482 2551 543 τοὺς
2567 479 2752 549 ἁγίους
2781 477 3339 549 τηεροποιουμένους;
3368 480 3496 532 Πτε-

265 587 334 639 ad
375 584 612 638 brauium
667 594 904 648 superna:
950 578 1240 631 vocationis
1275 575 1345 630 ".
1386 574 1577 629 Viden'
1611 581 1818 629 sanctos

1985 572 2204 626 ’ποιοῦσι
2236 573 2343 644 γάρ
2375 572 2571 635 αὐτοὺς
2608 570 2824 642 ἀληθῶς
2857 571 2906 623 οἱ
2940 569 3088 639 λόγοι
3119 563 3289 624 οὗτοι.
3328 570 3493 631 Τίνων
3558 634 3569 643 ⁸

265 676 367 732 alis
403 672 733 729 instructos?
757 669 890 724 Nam
926 669 1043 724 alas
1084 668 1293 723 addunt
1324 681 1512 721 revera
1547 678 1818 720 sermones

1985 668 2036 735 ιρ
2057 666 2157 718 οὐκ
2186 667 2313 717 ἐπτε
2323 662 2583 735 ροποιήθη
2602 665 2631 716 6
2658 660 2781 719 νοῦς
2803 663 3121 733 ἀκηκοότων
3146 660 3243 715 τοῦ
3264 660 3495 730 ἀναγνώ-

268 762 595 835 hujusmodi.
653 760 897 826 Quorum
952 772 1191 827 namque
1239 772 1397 812 mens
1451 770 1562 810 non
1622 755 1818 824 accepil

1985 776 2132 822 tatam;
2151 775 2165 822 ;
2182 757 2279 811 ’ἰδὲ
2309 757 2417 827 γὰρ
2443 757 2535 810 τὸν
2568 756 2731 809 πόθον
2757 762 2855 825 της
2881 756 3158 827 μακαρίας
3179 755 3359 826 ψυχῆς
3373 756 3493 811 ταύ-

268 858 402 918 alas,
430 854 612 907 audita
640 850 954 920 hujusmodi
979 848 1253 904 lectione?
1278 847 1411 902 Vide
1436 848 1589 910 mihi,
1619 863 1818 916 quaeso.

1985 867 2026 920 ις
2058 848 2347 917 λεγούσηςο
2375 845 2762 917 Ἑξεγέρθητι,
2793 846 3006 915 βορῤἇ,
3033 847 3132 900 καὶ
3171 846 3376 914 ἔρχου,
3396 848 3492 901 νό-

266 949 435 1004 beata:
484 945 629 1000 illius
684 943 879 998 animae
936 941 1269 997 desiderium
1322 956 1445 1011 qua:
1486 940 1562 994 ait
1595 959 1609 994 :
1642 938 1818 1010 Surge1

1985 959 2011 1002 τ,
2037 940 2405 995 διάπνευσον
2432 938 2630 1007 κῆπόν
2646 957 2786 1008 μου,
2809 939 2906 992 καὶ
2921 938 3323 1006 ρευσάτωσαν
3347 938 3490 1006 ἀρώ-

266 1038 478 1109 aquila,
517 1046 567 1091 et
600 1035 745 1102 veni,
810 1044 1007 1097 auster,
1063 1034 1233 1102 perﬂa
1283 1032 1485 1088 hortum
1537 1048 1736 1094 meum,
1779 1043 1818 1084 et

1985 1033 2082 1088 2rd
2106 1051 2249 1103 μου.
2270 1032 2366 1086 ἰδὲ
2396 1032 2493 1103 τὴν
2527 1032 2843 1100 πεποίθησιν
2869 1032 2965 1101 τῆς
2996 1032 3274 1103 μακαρίας
3298 1014 3491 1096 ταύτης

268 1132 432 1193 ﬂuant
467 1138 704 1182 aromata
744 1143 859 1180 mea
892 1126 959 1180 “.
992 1122 1127 1179 Vide
1161 1124 1319 1187 mihi,
1344 1137 1553 1193 quaeso,
1577 1122 1818 1176 fiduciam

1985 1128 2123 1197 ›χῆς,
2160 1125 2274 1186 πῶς
2302 1124 2578 1196 θαρροῦσα
2615 1125 2780 1194 ἑαυτῇ
2824 1122 3130 1176 ἐκκαλεῖται
3155 1124 3281 1186 τοὺς
3311 1139 3491 1193 πειρα-

264 1224 435 1279 beatae
463 1221 609 1275 illius
638 1219 854 1285 animae,
885 1227 1092 1288 quanta
1116 1216 1443 1271 conﬁdentia
1463 1216 1529 1270 ad
1561 1214 1646 1269 sui
1671 1228 1818 1268 exer-

1985 1215 2098 1276 ιοὺς
2124 1213 2257 1285 πρὸς
2289 1213 2611 1283 δοκιμασίαν
2642 1212 2865 1282 ἐαυτῆς.
2897 1210 3295 1282 Ἐξεγὲρθητι,
3324 1211 3487 1280 λέγει,

265 1314 573 1368 citationem
635 1309 960 1364 tentatiunes
1014 1315 1292 1377 provocet.
1356 1305 1558 1375 Surge,
1627 1304 1818 1373 inquit1

1985 1303 2135 1374 νρῤᾶ,
2184 1305 2281 1359 καί
2322 1305 2524 1373 ἔρχου,
2565 1306 2797 1359 νότε.“0
2838 1304 2983 1372 λέγει
3024 1304 3265 1358 τοιοῦτόν
3313 1305 3488 1358 ἐστιν·

265 1402 460 1473 aquilo,
492 1410 541 1455 et
572 1402 714 1466 veni,
751 1408 951 1461 auster,
985 1413 1049 1452 ae
1086 1399 1131 1452 si
1161 1397 1400 1451 diceret:
1445 1396 1556 1466 Ego
1586 1395 1818 1450 ﬁrmatus

1985 1396 2079 1465 ζγὼ
2121 1397 2446 1469 ὲστήριγμαι
2496 1397 2588 1449 ἐπὶ
2631 1396 2728 1466 τὴν
2774 1396 2998 1468 πέτραν,
3053 1395 3398 1468 ἐρχέσθωσαν
3442 1396 3489 1451 οἱ

266 1510 385 1560 sum
424 1507 588 1562 supra
614 1500 843 1561 petram,
875 1490 1135 1544 accedant
1178 1488 1323 1541 venti
1356 1499 1410 1541 et
1439 1486 1744 1556 impingant
1772 1485 1818 1539 in

1985 1506 2114 1557 νεμοι
2142 1489 2235 1542 καὶ
2265 1488 2746 1559 προσϐαλλέτωσάν
2772 1506 2881 1558 μοι,
2907 1491 2936 1542 6
2972 1489 3070 1559 μὲν
3111 1482 3192 1552 εἷς
3238 1489 3297 1541 ἐν
3320 1488 3486 1561 τούτῳ

266 1601 386 1650 me,
421 1585 555 1638 alter
597 1599 665 1637 ex
719 1581 845 1644 illa,
890 1581 1026 1635 alter
1063 1595 1129 1633 ex
1173 1578 1278 1632 alia
1328 1586 1519 1647 parte:
1555 1577 1818 1631 neminem

1985 1579 2210 1650 ipépst,
2242 1580 2335 1632 καὶ
2386 1582 2415 1634 6
2457 1579 2613 1643 ἄλλος
2661 1581 2719 1633 ἐν
2768 1579 2846 1649 τῷ
2878 1578 3021 1649 ἄλλῳ
3069 1578 3261 1650 μέρει·
3291 1578 3400 1647 ἐγὼ
3428 1578 3486 1632 ού
3544 1562 3547 1567 ’

264 1691 365 1746 ego
392 1674 644 1738 formido,
675 1682 887 1743 petram
918 1672 1092 1726 habeo
1122 1685 1209 1724 me
1232 1667 1596 1724 sustinentem
1624 1676 1677 1722 et
1701 1682 1818 1738 por-

1985 1670 2193 1741 ιϐοὗμαι
2221 1670 2407 1724 οὐδένα
2426 1687 2440 1700 ο
2475 1670 2585 1741 ἔχω
2617 1670 2715 1741 τὴν
2757 1671 2957 1745 πέτραν
2983 1672 3081 1744 τὴν
3121 1671 3487 1741 βαστάζουσάν

267 1736 469 1822 tantem
512 1784 525 1820 :
561 1736 786 1821 domum
820 1763 1020 1833 quippe
1044 1776 1219 1816 meam
1263 1774 1428 1830 supra
1460 1767 1668 1828 petram
1698 1736 1818 1813 aedi-

1985 1778 2031 1814 ε·
2063 1736 2160 1832 την
2189 1761 2298 1832 γὰρ
2326 1736 2634 1833 οἰκίαν-*μου
2666 1736 2759 1816 ἐπὶ
2785 1736 2883 1833 τὴν
2912 1736 3131 1835 πέτραν-
3145 1764 3487 1837 ᾠκοδόμησα,

266 1857 446 1920 ticavi,
479 1855 973 1923 succedentibusque
993 1853 1169 1907 ventis
1202 1851 1338 1905 nihil
1381 1850 1629 1906 extimui.
1658 1849 1827 1906 Nosse

265 1947 350 2001 vis
378 1962 499 2016 quia
524 1947 597 2000 sit
624 1952 774 2013 petra
809 1943 900 1996 illa
922 1980 938 2007 ,
980 1942 1034 1996 in
1070 1956 1180 2011 qua
1220 1940 1402 1995 stabat
1435 1940 1595 1993 beata
1632 1938 1826 2007 hujus-

267 2037 413 2092 moili
478 2034 700 2094 anima?
756 2033 882 2087 audi
942 2030 1215 2101 quomodo
1270 2044 1389 2084 eam
1444 2028 1829 2097 interpretatur

266 2126 469 2181 Paulus
497 2125 716 2179 dicens:
738 2120 900 2175 Petra
926 2130 1101 2175 autem
1132 2128 1245 2173 erat
1282 2119 1525 2173 Christus
1552 2116 1618 2172 ⁸⁸.
1651 2115 1828 2186 Super

266 2220 407 2275 hanc
434 2226 640 2289 petram
662 2215 970 2273 consistens
998 2212 1133 2266 nihil
1162 2210 1507 2277 reformidat,
1532 2209 1641 2265 imo
1663 2209 1823 2263 etiam

263 2306 538 2361 diabolum
572 2305 640 2358 ab
678 2303 936 2373 aquilone
970 2301 1275 2356 venientem
1309 2315 1417 2354 non
1467 2299 1824 2368 pertimescit,

265 2415 366 2455 nec
417 2398 590 2469 magis
642 2398 791 2450 illum
828 2396 921 2464 qui
966 2394 1114 2448 venit
1158 2393 1226 2446 ab
1263 2401 1470 2446 austro.
1501 2389 1731 2457 Quando
1772 2391 1825 2445 in

264 2499 417 2562 petra
448 2489 706 2544 fundatus
734 2502 855 2543 sum
890 2487 944 2539 in
978 2487 1204 2554 ipsaque
1233 2484 1498 2546 consisto,
1529 2482 1665 2535 nihil
1695 2495 1827 2536 sane

263 2591 447 2639 metuo
475 2598 490 2634 :
517 2579 765 2649 quamvis
796 2586 1024 2631 mortem
1056 2576 1460 2635 interminetur.
1490 2588 1596 2627 non
1635 2586 1823 2643 paveo,

265 2690 366 2730 nec
394 2681 576 2728 metuo
607 2669 1063 2741 persecutionem.
1098 2667 1332 2722 Paratus
1364 2682 1485 2721 sum
1529 2665 1595 2719 ad
1653 2666 1824 2719 conli-

266 2763 484 2819 tendum
528 2780 541 2816 :
579 2778 685 2816 non
738 2761 904 2816 timeo
942 2759 1176 2825 famem,
1224 2759 1354 2829 quia
1402 2757 1638 2812 Verbum
1671 2757 1827 2812 adest

267 2858 397 2911 mihi
437 2854 580 2923 quod
610 2854 750 2907 vires
789 2852 949 2905 addat
985 2869 999 2905 :
1030 2867 1154 2904 nam
1212 2851 1336 2904 dico
1383 2848 1607 2919 perinde
1662 2857 1825 2917 atque

264 2948 324 3003 Β.
355 2948 554 3002 Paulus
584 2964 596 2999 :
629 2944 821 3000 Omnia
847 2960 1059 3015 possum
1093 2945 1147 2996 in
1186 2960 1264 3009 eo,
1305 2944 1395 3013 qui
1430 2959 1508 2996 me
1539 2942 1822 3011 confortat,

265 3040 470 3094 Christo
493 3038 559 3091 '°.
599 3036 657 3090 Si
692 3036 825 3089 mihi
859 3035 1137 3089 tribulatio
1162 3035 1404 3100 accidat,
1437 3035 1609 3103 ipsam
1655 3034 1822 3087 susti—
1851 3068 1890 3120 (ι

265 3144 403 3193 neo;
440 3125 746 3197 persecutio
769 3125 814 3179 si
836 3124 1040 3187 veniat,
1067 3125 1390 3195 martyrium
1419 3125 1625 3189 subeo;
1658 3122 1703 3178 si
1739 3121 1823 3176 fa-

266 3237 381 3275 mes
409 3219 619 3273 eveniat
641 3258 657 3282 ,
696 3215 930 3270 Verbum
962 3218 1113 3272 adest
1139 3217 1283 3286 quod
1322 3215 1453 3269 mihi
1487 3214 1665 3268 cibum
1696 3212 1824 3268 sub—

265 3311 570 3374 ministret;
601 3309 645 3364 si
677 3308 889 3377 gladius
937 3308 1161 3363 accedat
1184 3348 1199 3373 ,
1241 3307 1395 3365 adest
1424 3307 1513 3360 ille
1539 3308 1632 3376 qui
1674 3308 1823 3375 plus-

265 3417 428 3471 quam
490 3401 669 3457 omnis
720 3401 932 3472 gladius
983 3414 1182 3469 anceps
1236 3407 1483 3468 penetrat
1534 3412 1709 3466 usque
1754 3396 1823 3451 ad

266 3493 608 3564 compagines
651 3500 706 3548 et
749 3491 1048 3557 medullas;
1085 3490 1131 3546 si
1170 3490 1422 3560 voluptas
1452 3489 1634 3543 carnis
1675 3487 1823 3543 acci-

266 3584 361 3640 dat
408 3584 574 3652 mihi,
603 3584 783 3655 gladio
819 3582 1045 3653 ancipiti
1077 3584 1251 3652 ipsam
1288 3596 1474 3637 reseco
1496 3619 1511 3646 ,
1539 3588 1593 3635 et
1628 3579 1824 3649 abjieio

264 3693 329 3734 ac
352 3677 614 3747 meipsum
636 3684 842 3741 castro,
878 3689 987 3727 non
1029 3673 1250 3728 admoto
1278 3673 1480 3743 gladio,
1522 3673 1821 3744 utquidam

267 3768 546 3833 homines;
581 3767 696 3835 sed,
731 3775 789 3821 ut
814 3766 954 3820 dixit
978 3764 1277 3819 Dominus:
1312 3762 1449 3819 Sunt
1480 3763 1707 3818 eunuchi
1732 3764 1824 3834 qui

263 3863 456 3931 seipsos
491 3868 852 3914 castraverunt
874 3868 1088 3928 propter
1120 3873 1334 3928 regnum
1363 3856 1613 3911 ccelorum
1643 3856 1711 3910 δι.
1737 3854 1823 3909 Si-

262 3953 481 4024 quidem
512 3951 759 4006 homines
806 3950 941 4005 alios
983 3949 1233 4004 homines
1265 3955 1509 4004 castrant
1540 3963 1648 4001 non
1690 3961 1821 4016 pro-

262 4053 381 4112 pter
410 4056 632 4111 regnum
662 4039 948 4102 caelorum,
982 4037 1077 4092 sed
1116 4045 1342 4106 propter
1368 4051 1595 4107 regnum
1624 4035 1821 4089 mulie-

264 4149 383 4187 rum
434 4146 691 4195 suarum,
745 4139 807 4183 ut
859 4129 1069 4183 scilicet
1121 4143 1214 4183 eas
1257 4129 1621 4183 custodiant:
1667 4127 1823 4181 item-

263 4239 367 4295 que
408 4222 672 4291 superbite
699 4234 866 4276 causa
911 4220 963 4273 id
1000 4228 1187 4290 agunt.
1214 4218 1309 4274 Vis
1338 4219 1478 4274 seire
1512 4219 1603 4287 qui
1642 4218 1751 4273 sint
1784 4217 1818 4271 ii

262 4316 356 4386 qui
379 4316 586 4384 seipsos
607 4321 984 4368 castraverunt
1011 4320 1229 4381 propter
1254 4326 1477 4380 regnum
1513 4308 1819 4364 caelorum?

1926 1852 2019 1905 καὶ
2046 1853 2105 1905 ἐν
2126 1850 2205 1922 τῷ
2231 1852 2402 1905 ἐλθεῖν
2434 1854 2559 1917 τοὺς
2585 1853 2820 1926 ἀνέμους
2853 1854 2954 1907 οὐκ
2981 1855 3280 1929 ἐφοϐήθην.
3313 1856 3490 1920 Θέλεις

1924 1943 1982 1997 δὲ
2008 1942 2209 2011 γνῶναι
2239 1942 2323 2006 τίς
2346 1944 2492 1999 ἐστιν
2524 1945 2557 2015 ἡ
2585 1944 2779 2016 πέτρα,
2814 1947 2900 2016 ἐφ’
2930 1939 2998 2018 ἧς
3028 1947 3261 2019 ἔστηκεν
3296 1948 3431 2020 αὐτὴ
3456 1949 3488 2019 ἡ

1930 2033 2171 2105 μακαρία
2221 2033 2404 2104 ψυχή-ξ
2452 2035 2618 2089 ἄκουε
2662 2035 2756 2089 τοῦ
2804 2036 3015 2090 Παύλου
3057 2037 3175 2100 πῶς
3207 2038 3491 2109 ἐρμηνεύει

1927 2123 2091 2195 αὐτὴν
2135 2123 2229 2178 καὶ
2274 2123 2455 2192 λέγει·
2502 2126 2561 2179 Ἡ
2584 2124 2653 2178 δὲ
2684 2127 2869 2194 πέτρα
2894 2121 2971 2196 ἦν
3012 2128 3045 2179 ό
3082 2128 3358 2195 Χριστός.
3376 2127 3490 2181 Ἐπὶ

1924 2216 2125 2286 ταύτης
2156 2216 2256 2286 τῆς
2288 2217 2493 2288 πέτρας
2539 2219 2810 2287 στήκουσα
2830 2218 2890 2270 ού
2918 2220 3179 2281 πτοεῖται,
3224 2218 3362 2272 ἀλλὰ
3405 2217 3489 2272 καὶ

1924 2307 2015 2360 τὸν
2042 2308 2148 2361 ἀπὸ
2185 2308 2354 2379 βορρᾶ
2389 2307 2675 2380 ἐρχόμενον
2702 2309 2944 2362 διάϐολον
2981 2309 3044 2362 ού
3084 2309 3351 2379 φοϐεῖται,
3378 2309 3488 2364 οὐδὲ

1927 2400 2085 2454 πάλιν
2116 2400 2206 2452 τὸν
2228 2402 2293 2453 ἐκ
2317 2400 2662 2457 νό·εου.”οσον
2681 2399 2788 2472 γὰρ
2808 2400 3203 2472 τεθεμελίωμαι
3226 2402 3321 2455 καὶ
3342 2402 3491 2471 ἕστη-

1926 2510 1996 2547 κα
2025 2494 2116 2546 ἐπὶ
2140 2493 2239 2564 τὴν
2272 2493 2499 2564 πέτραν,
2528 2493 2681 2546 οὐδὲν
2707 2492 3003 2564 φοϐοῦμαι·
3044 2494 3148 2547 κᾶν
3177 2494 3375 2566 ἀπειλῇ
3406 2511 3488 2565 μοι

1926 2584 2174 2648 θάνατον,
2206 2586 2267 2638 οὐ
2290 2584 2576 2655 πτοοῦμαι,
2601 2584 2662 2636 ού
2682 2583 2947 2654 φοϐοῦμαι
2970 2583 3229 2654 διωγμόν.
3244 2584 3489 2655 Ἕτοιμός

1925 2679 2039 2747 εἰμι
2091 2677 2184 2730 τοῦ
2228 2676 2584 2747 ὁμολογῆσαι·
2620 2677 2680 2729 οὐ
2726 2675 2993 2746 φοϐοῦμαι
3024 2675 3204 2746 λιμὸν,
3240 2675 3379 2746 ἔχων
3405 2676 3489 2729 τὸν

1925 2769 2320 2840 ἐνδυναμοῦντά
2361 2786 2428 2840 με
2474 2768 2643 2836 Λόγον
2661 2784 2675 2798 ο
2725 2768 2818 2821 καὶ
2860 2767 3004 2833 λέγω
3031 2765 3188 2835 κάγὼ
3224 2766 3365 2820 κατά
3402 2765 3490 2820 τὸν

1929 2858 2336 2930 μακαριώτατον
2380 2856 2587 2910 Παῦλον
2607 2873 2620 2887 ·
2652 2855 2852 2910 Πάντα
2881 2858 3069 2924 ἰσχύω
3099 2856 3171 2908 ἐν
3202 2853 3286 2921 τῷ
3321 2855 3487 2909 ἐνδυ-

1924 2951 2213 3020 ναμοῦντί
2232 2967 2331 3019 με,
2361 2948 2611 3018 Χριστῷ.
2635 2948 2823 3017 emtor;
2860 2965 2949 3019 μοι
2975 2947 3072 3001 ἐάν
3106 2947 3257 3019 ἔλθῃ,
3295 2946 3491 3018 ὑπομέ-

1924 3059 1999 3094 νω
2040 3042 2242 3110 αὑτήνσ
2293 3040 2529 3109 διωγμὸς
2570 3039 2663 3092 ἐάν
2711 3039 2839 3112 ἔλθῃ
2869 3055 2981 3109 μοι,
3012 3038 3307 3111 μαρτυρῶ·
3342 3039 3488 3110 λιμὸς

1926 3135 2021 3188 ἐὰν
2057 3132 2184 3203 ἔλθῃ
2220 3149 2331 3203 μοι,
2363 3132 2472 3201 ἔχω
2494 3132 2584 3186 τὸν
2608 3130 2873 3204 τρέφοντά
2906 3148 2972 3201 με
3002 3130 3175 3199 Λόγον
3203 3147 3217 3161 ο
3254 3131 3487 3203 μάχαιρα

1924 3223 2018 3277 ἐάν
2059 3222 2209 3294 ἔλθῃ,
2237 3223 2343 3293 ἔχω
2373 3223 2464 3275 τὸν
2503 3221 2641 3293 ὑπὲρ
2693 3222 2871 3277 πᾶσαν
2920 3220 3193 3292 μάχαιραν
3238 3221 3485 3292 δίστομον

1922 3316 2012 3368 τὸν
2043 3315 2409 3385 διικνούμενον
2442 3314 2634 3385 μέχρις
2663 3313 2853 3385 ἁρμῶν
2879 3330 2939 3366 τε
2966 3314 3061 3367 καὶ
3099 3313 3314 3385 μυελῶν
3334 3332 3347 3345 ·
3373 3315 3487 3385 ἡδο·

1923 3408 1987 3478 νὴ
2025 3407 2224 3478 σαρκὸς
2269 3407 2358 3458 ἐὰν
2407 3404 2533 3476 ἔλθῃ
2571 3422 2685 3475 μοι,
2708 3407 2773 3475 τῇ
2807 3404 3041 3474 διστόμῳ
3072 3404 3319 3477 μαχαίρᾳ
3360 3406 3486 3458 ἀπο-

1921 3499 2105 3571 τέμνω
2138 3498 2326 3569 αὐτὴν,
2362 3498 2456 3550 καὶ
2488 3496 2776 3550 ἀποϐἀλλω
2803 3496 2896 3549 καὶ
2921 3496 3215 3566 εύνουχίζω
3236 3497 3484 3567 ἐμαυτόν·

1923 3592 1982 3643 οὗ
2012 3592 2279 3662 μάχαιραν
2307 3588 2627 3653 ἐπιϐάλλων,
2668 3588 2916 3660 καθάπερ
2953 3590 3098 3651 τινὲς
3129 3588 3243 3642 τῶν
3282 3589 3484 3661 ἀνθρώ-

1924 3701 2040 3737 πων
2063 3683 2322 3747 ποιοῦσιν,
2349 3682 2504 3745 ἀλλὰ,
2527 3681 2705 3745 καθὼς
2726 3677 2877 3737 εἶπεν
2916 3683 2945 3735 6
2977 3682 3215 3754 Κύριος,
3249 3684 3333 3737 ὅτι
3382 3686 3484 3737 Ἐἱ-

1922 3771 2027 3826 alr
2054 3773 2330 3842 εὐνοῦχοι
2352 3773 2568 3837 οἵτινες
2591 3774 2956 3841 εὐνούχισαν
2974 3773 3225 3841 ἑαυτοὺς
3260 3774 3358 3829 διὰ
3378 3774 3484 3841 τὴν

1915 3863 2240 3928 βασιλείαν
2261 3863 2376 3918 τῶν
2402 3863 3008 3936 οὺρανῶν.”Ανθρωποι
3035 3867 3135 3936 μὲν
3154 3867 3265 3939 γάρ
3285 3866 3485 3940 ἀνθρώ-

1923 3973 2055 4018 πους
2094 3956 2491 4025 εὐνουχίζουσιν
2531 3956 2592 4008 ού
2625 3954 2714 4009 διὰ
2752 3956 2849 4028 τὴν
2879 3955 3157 4026 βασιλείαν
3182 3957 3292 4011 τῶν
3324 3959 3481 4030 ούρα-

1921 4046 2047 4110 νῶν,
2074 4046 2209 4099 ἀλλά
2253 4046 2341 4100 διὰ
2380 4046 2479 4115 τὴν
2517 4044 2789 4115 βασιλείαν
2833 4046 2938 4099 τῶν
2975 4048 3253 4116 γυναικῶν
3286 4048 3483 4103 ἑαυτῶν

1922 4136 2014 4189 καὶ
2059 4135 2149 4190 διὰ
2191 4136 2441 4207 τήρησιν,
2490 4136 2582 4189 καὶ
2634 4135 2719 4189 διὰ
2763 4136 3162 4208 ὑπερηφανίαν.
3209 4138 3395 4203 Θέλεις
3432 4138 3483 4191 δὲ

1921 4226 2149 4281 ἀκοῦσαι
2182 4227 2322 4291 τίνες
2356 4229 2492 4280 εἰσὶν
2515 4229 2565 4280 οἱ
2588 4228 2991 4298 εὐνουχίσαντες
3024 4232 3253 4293 ἑαυτοὺς
3278 4232 3367 4285 διά
3396 4233 3483 4304 τὴν

1924 4317 2198 4389 βασιλείαν
2230 4317 2338 4371 τῶν
2369 4319 2646 4391 ούρανῶν;
2697 4318 2804 4373 ἰδοὺ
2842 4319 3040 4390 Ἰωσὴφ
3072 4321 3163 4376 διὰ
3203 4323 3305 4394 τὴν
3346 4324 3482 4394 βασι-

258 4406 456 4475 Juseph
509 4413 725 4473 propter
772 4418 994 4472 regnum
1046 4403 1308 4456 eaalorum
1353 4417 1472 4456 sese
1522 4400 1816 4467 castravit;

1986 4410 2069 4464 ίαν
2094 4410 2199 4463 τῶν
2218 4412 2459 4482 οὐρανῶν
2489 4411 2795 4482 εύνούχισεν
2816 4412 3007 4466 ἑαυτόν
3023 4431 3035 4443 ·
3066 4416 3360 4486 κρατηθεὶς
3384 4417 3481 4487 γὰρ

261 4513 381 4552 cum
427 4497 570 4550 enim
618 4510 663 4555 ιν
691 4494 909 4550 domina
962 4509 1062 4548 sua
1108 4494 1163 4547 in
1209 4494 1462 4548 cubiculo
1517 4500 1817 4555 teneretur,

261 4602 527 4656 nemoque
553 4586 797 4650 adesset,
841 4586 931 4641 illa
964 4586 1070 4639 vim
1129 4584 1396 4640 iul‘crente
1442 4593 1503 4638 ut
1541 4583 1819 4638 lascivietn

262 4695 415 4735 suam
450 4680 691 4741 satiaret,
719 4676 833 4745 ipse
868 4690 987 4731 sese
1017 4676 1296 4741 castravit,
1331 4676 1450 4746 ejus
1487 4674 1695 4731 scilicet
1721 4689 1818 4729 vo-

260 4768 453 4825 luntati
490 4783 596 4822 non
631 4766 1072 4835 obtemperando.

327 4857 381 4913 2.
433 4857 667 4928 ldipsum
725 4872 937 4926 quoque
980 4858 1134 4911 beata
1187 4854 1438 4910 Susanna
1487 4853 1644 4919 fecit,
1689 4869 1818 4910 cum

257 4949 374 5005 sola
404 4949 460 5003 in
485 4949 642 5003 horto
671 4948 1001 5017 deprehensa
1032 4946 1135 5000 fuit
1162 4961 1192 5001 a
1222 4945 1437 5001 duobus
1485 4945 1818 5009 senioribus,

259 5040 523 5097 adulterio
572 5054 696 5093 cum
749 5039 840 5093 illa
890 5040 1111 5094 misceri
1174 5039 1507 5095 conantibus
1563 5038 1819 5109 (improbi

262 5148 419 5190 senes
448 5151 512 5191 ae
543 5135 772 5193 Domino
805 5134 1027 5207 perosi),
1054 5137 1120 5191 de
1149 5137 1346 5206 quibus
1385 5136 1646 5192 Salomon
1670 5135 1821 5191 diee-

261 5222 375 5281 bat.
425 5224 535 5280 imo
576 5227 754 5295 potius
805 5226 1069 5282 Dominus
1121 5242 1216 5297 per
1257 5226 1601 5283 Salomonem
1632 5246 1645 5282 :
1682 5226 1809 5281 Tres

260 5313 452 5381 species
477 5316 745 5370 hominum
776 5319 886 5371 odit
923 5319 1103 5372 anima
1128 5334 1264 5383 mea,
1290 5334 1459 5373 senem
1491 5319 1810 5384 adulterum,

260 5420 535 5474 pauperem
564 5407 840 5477 superbum
868 5419 917 5463 et
943 5409 1156 5476 divitem
1196 5409 1493 5464 mendacem
1520 5411 1588 5464 ⁸¹.
1623 5408 1810 5463 Videu’

331 5579 376 5612 δ’
402 5578 596 5656 Philip.
627 5598 711 5649 tu,
740 5583 824 5637 14.
900 5582 947 5615 ⁸⁸
969 5583 1124 5638 Cant.
1159 5599 1232 5651 IV,
1278 5584 1362 5641 l6.
1434 5584 1476 5616 "
1506 5583 1528 5638 ι
1561 5583 1689 5639 Cor.
1729 5600 1782 5650 ι,
1815 5616 1818 5627 ι

1985 5586 1992 5614 ’
2022 5582 2254 5656 Philipp.
2285 5603 2357 5655 tv,
2390 5587 2474 5643 1'5.

263 5663 368 5703 xxv
390 5689 406 5704 .
441 5649 493 5703 4.

1926 4501 2030 4557 ὑπὸ
2056 4502 2154 4572 τῆς
2186 4503 2467 4574 δεσποίνης
2491 4506 2569 4568 εἰς
2603 4504 2693 4557 τὸν
2729 4504 2981 4566 κοιτῶνα,
3016 4506 3114 4559 καὶ
3145 4508 3373 4578 μηδενὸς
3405 4510 3483 4561 ὅν-

1921 4609 2012 4656 τος
2039 4595 2096 4646 ἐν
2120 4593 2197 4665 τῷ
2227 4595 2398 4666 τόπῳ,
2428 4594 2684 4665 κάκείνης
2707 4594 3121 4667 ἀναγκαζούσης
3149 4599 3247 4652 τοῦ
3277 4600 3481 4654 τελέσαι

1922 4688 2020 4757 τὴν
2060 4685 2259 4756 ἑαυτῆς
2316 4686 2602 4758 ρᾳθυμίαν,
2634 4686 2796 4750 αὐτὸς
2827 4686 3107 4757 εύνούχισε
3150 4689 3230 4761 μὴ
3291 4709 3481 4761 συγκαο

1919 4776 2211 4848 ταθέμενος
2233 4777 2391 4849 αὐτῇ.
3538 4772 3545 4781 ’

1985 4867 2039 4922 2.
2079 4866 2247 4920 Τοῦτο
2270 4867 2326 4920 δὲ
2356 4868 2450 4921 καὶ
2490 4868 2524 4937 ἡ
2565 4869 2808 4941 μακαρία
2847 4871 3123 4925 Σουσάννα
3163 4875 3476 4945 πεποίηκεν,

1917 4958 2195 5029 εὑρεθεῖσα
2234 4959 2367 5029 μόνη
2396 4960 2454 5010 ἐν
2488 4956 2565 5028 τῷ
2606 4960 2918 5031 παραδείσῳ
2937 4977 2952 4991 ⁸
2985 4965 3352 5033 κατασχόντες
3378 4964 3475 5034 γὰρ

1917 5049 2084 5120 αὐτὴν
2109 5051 2156 5101 οἱ
2185 5048 2277 5101 δύο
2316 5048 2701 5119 πρεσϐύτεροι,
2737 5049 2980 5114 θέλοντες
3009 5054 3366 5123 μοιχευθῆναι
3392 5055 3475 5107 αὑ-

1914 5141 2034 5211 τὴν,
2071 5141 2373 5212 παράνομοι
2398 5140 2649 5211 γέροντες
2672 5141 2723 5193 οἱ
2753 5143 2968 5212 μισητοὶ
2990 5144 3140 5214 παρά
3164 5145 3245 5216 τῷ
3276 5147 3468 5217 Κυρίῳ

1915 5232 2124 5293 τούτοις
2168 5231 2225 5283 δὲ
2267 5232 2360 5284 καὶ
2386 5230 2634 5302 Σολομὼν
2661 5231 2865 5299 ἔλεγεν,
2896 5232 3097 5302 μᾶλλον
3135 5234 3195 5287 δὲ
3230 5239 3261 5289 ὁ
3288 5236 3475 5307 Kx)pr

1916 5320 2003 5373 διὰ
2053 5320 2411 5391 Σολομῶντος,
2450 5322 2532 5373 ὅτι
2567 5321 2700 5390 Τρία
2731 5321 2860 5389 εἴδη
2897 5322 3197 5391 ἐμίσησεν
3235 5329 3276 5395 ἠ
3318 5322 3472 5396 ψυχή

1918 5426 2051 5475 μου,
2085 5408 2333 5478 γέροντα
2366 5410 2601 5480 μοιχὸν,
2642 5410 2741 5466 καὶ
2788 5412 3028 5479 πτωχὸν
3072 5415 3469 5485 ὑπερήφανον,

2559 5587 2603 5619 ¹¹
2638 5586 2825 5642 Matth.
2864 5604 2955 5643 xu
2981 5627 3000 5655 ,
3041 5590 3129 5645 12.
3237 5594 3285 5625 ⁸¹
3317 5589 3464 5648 Eccli.
