3702 6388
190 287 316 348 εδδ-ι

1302 278 1727 337 FRAGMENTA
1771 275 1836 331 IN
1879 275 2201 335 CANTICA.

3301 224 3441 331 issi

186 426 316 484 μουο
343 406 503 462 τοῦτο
528 406 586 461 δὲ
619 406 712 461 καί
735 405 966 469 Ἡσαΐας
988 404 1189 473 ἔλεγεν·
1228 405 1350 457 Ἔτι
1377 420 1493 459 σου
1512 403 1769 458 λαλοῦν-

1764 432 1770 442 -
1800 407 1844 464 Α
1875 412 1962 457 tus
1994 410 2079 457 est
2107 421 2122 456 :
2153 399 2340 454 Adhuc
2367 408 2416 453 te
2433 398 2698 471 loquente,
2734 396 2913 453 dicam
2938 412 2956 451 .'
2987 395 3121 451 Ecce
3162 397 3353 451 adsum
3377 399 3443 452 ".

189 521 286 571 τος
329 496 476 572 ὲρῶο
516 496 671 556 Ἰδοὺ
700 497 958 570 πάρειμι.
989 498 1064 554 Οὐ
1104 494 1213 570 γὰρ
1256 496 1514 569 ἀναμένει
1563 498 1592 550 6
1633 495 1764 560 Θεὸς

190 597 308 659 τούς
330 596 396 648 ἐκ
420 592 529 649 τῶν
553 592 772 664 χειλέων
796 591 1007 661 λόγους.
1026 589 1243 663 Ἀμέλει
1265 607 1330 659 γε
1349 590 1378 642 ό
1403 590 1591 662 Σωτὴρ
1615 591 1672 643 ὲν
1688 589 1765 660 τῷ

191 674 503 757 Εὐαγγελίῳ
552 684 759 753 ἔλεγεν,
810 683 894 738 ὅτι
948 683 1122 737 Οἶδεν
1168 685 1203 737 ὀ
1236 682 1394 749 Θεὸς
1423 675 1510 735 ὧν
1555 682 1766 751 χρείαν

189 777 353 847 ἔχετε
385 774 498 843 πρὸ
535 773 643 828 τοῦ
673 771 830 843 ὑμᾶς
858 766 1098 844 αἰτῆσαι
1130 771 1336 827 αὐτόν.
1372 770 1469 825 Διά
1493 771 1650 825 τοῦτο
1689 771 1763 843 μὴ

190 865 261 931 ὼς
307 864 369 931 ἐξ
414 864 575 936 ἔργου
624 865 907 936 εὐχόμενοι
950 863 1274 936 κράξωμεν·
1322 862 1437 917 ἀλλ’
1463 865 1512 917 εἰ
1550 864 1645 917 καὶ
1684 863 1764 934 τῷ

193 958 415 1029 στόματι
457 955 613 1029 εὔχῃ,
650 954 810 1027 εὔχου
846 956 941 1010 καὶ⁵
986 955 1066 1027 τῷ
1110 954 1228 1009 νοῒ·
1261 953 1419 1009 τοῦτο
1468 954 1578 1028 γάρ
1610 957 1704 1010 καὶ
1734 958 1764 1011 6

193 1048 399 1114 Παῦλος
429 1049 582 1118 ἔλεγε
598 1065 613 1079 ⁶
650 1046 832 1103 Ψαλῶ
873 1039 956 1115 τῷ
996 1048 1308 1119 πνεύματι,
1344 1041 1518 1117 ψαλῶ
1547 1047 1645 1105 καὶ
1682 1047 1763 1115 τῷ

186 1143 294 1198 νοΐ.
312 1142 416 1196 Ἐκ
449 1139 690 1206 βαθέων
712 1140 843 1214 γὰρ,
892 1140 1047 1211 φησὶ,
1082 1138 1377 1211 ἐκέκραξά
1417 1155 1537 1207 σοι,
1560 1141 1760 1209 Κύριε.

187 1235 281 1288 Διά
310 1232 471 1287 τοῦτο
496 1233 592 1288 καὶ
620 1235 655 1304 ἡ
680 1234 817 1305 γυνὴ
864 1233 923 1286 ὲν
957 1235 1079 1296 ταῖς
1110 1233 1420 1298 Βασιλειαις
1450 1234 1539 1288 ὅτε
1564 1232 1764 1305 ηὔχετο

187 1325 483 1399 κράξουσα,
512 1327 542 1379 6
579 1325 756 1397 ἱερεὺς
780 1326 1024 1397 ἐφιμωσε
1051 1323 1113 1378 τὸ
1142 1323 1315 1396 στόμα
1336 1326 1525 1397 αὐτῆς,
1554 1325 1764 1398 ἡγησά-

190 1436 345 1492 μενος
382 1418 573 1491 αὐτὴν,
604 1419 686 1473 ὅτι
729 1418 982 1486 ἐμέθυενο
1022 1416 1118 1471 καὶ⁸
1147 1412 1298 1489 ὅμως
1343 1414 1547 1490 ἐκείνη,
1573 1417 1653 1490 τῷ
1682 1417 1763 1473 νοῒ

187 1513 472 1587 εὐχομένη,
509 1514 602 1569 καὶ
633 1512 982 1586 εἰσηκούσθη,
1030 1515 1124 1569 καὶ
1165 1515 1318 1570 ἔτεκε
1360 1515 1451 1570 τὸν
1484 1515 1759 1587 Σαμουὴλ.

185 1606 278 1660 Διὰ
314 1605 475 1660 τοῦτο
507 1605 602 1660 καὶ
631 1606 695 1661 σύ
719 1606 773 1659 τί
800 1604 1092 1678 εὐχόμενος
1115 1604 1358 1678 κράζεις,
1388 1606 1463 1671 ὡς
1491 1606 1586 1660 τοῦ
1625 1604 1760 1659 Θεοῦ

189 1699 260 1772 μὴ
283 1697 603 1766 ἀκούοντος;
636 1699 835 1752 Ἀκουε
864 1696 958 1751 τοῦ
992 1697 1264 1768 λέγοντος,
1302 1699 1384 1753 ὅτι
1434 1698 1496 1752 Ὀ
1538 1699 1759 1769 φυτεύ-

185 1808 300 1860 σας
323 1791 392 1846 τὸ
423 1787 534 1859 οὖς
556 1790 694 1861 οὐχὶ
722 1788 965 1856 ἀκούει;
990 1792 1054 1845 Εἰ
1085 1789 1182 1863 μὲν
1216 1790 1324 1863 γὰρ
1365 1790 1430 1845 σὺ
1463 1789 1602 1863 ἔχων
1646 1785 1761 1844 ὦτα

186 1883 423 1949 ἀκούεις,
473 1883 624 1954 πόσῳ
655 1882 855 1953 μᾶλλον
899 1880 928 1937 ό
974 1882 1204 1955 ποιητὴς
1253 1878 1446 1950 dirum;
1477 1881 1577 1936 Διὰ
1606 1882 1762 1937 τοῦτο

186 1974 331 2047 παρὰ
362 1972 554 2044 Κυρίῳ
589 1971 664 2045 μὴ
704 1970 987 2043 εὐχόμενοι
1029 1970 1339 2044 κράζωμεν,
1383 1972 1460 2037 ὡς
1498 1971 1592 2025 τοῦ
1626 1970 1760 2025 Θεοῦ

188 2067 259 2140 μὴ
291 2066 613 2129 ἀκούοντος·
664 2065 759 2118 καὶ
800 2063 908 2137 γάρ
957 2062 1282 2118 σιωπώντων
1327 2064 1357 2118 6
1396 2063 1528 2129 Θεὸς
1551 2064 1758 2119 ἀκούει.

184 2159 418 2230 Θεωρεῖς
446 2156 557 2230 γὰρ
591 2155 683 2213 τὸν
711 2155 873 2210 πόθον
894 2156 986 2210 τὸν
1013 2158 1072 2210 ὲν
1103 2155 1276 2230 ταύτῃ
1296 2159 1363 2227 τῇ
1399 2152 1645 2228 μακαρίᾳ
1661 2155 1763 2228 ψυ-

185 2251 272 2322 χῇ,
299 2248 440 2315 πῶς,
477 2247 903 2321 παρακαλούσης
931 2246 1100 2320 αὐτῆς
1128 2247 1223 2303 καί
1250 2247 1515 2319 λεγούσης
1533 2265 1547 2279 ·
1573 2252 1764 2303 Κατα-

186 2339 337 2408 σήτω
358 2339 682 2409 ἀδελφιδός
696 2357 817 2409 μου
840 2342 921 2406 εἰς
948 2335 1146 2409 κῆπον
1167 2338 1374 2407 αὑτοῦ,
1404 2338 1502 2394 καὶ
1532 2338 1764 2410 φαγέτω

185 2432 419 2503 καρπὸν
437 2431 787 2501 ἀκροδρύων
806 2432 993 2488 αὐτοῦ
1008 2450 1023 2464 ⁸
1056 2431 1173 2497 πῶς
1198 2431 1400 2497 εὐθέως
1423 2428 1572 2502 λέγει
1595 2434 1624 2487 6
1656 2432 1762 2487 Λόο

183 2539 303 2594 γος·
321 2522 633 2594 Εἱσῆλθον
647 2524 735 2590 εὶς
756 2523 956 2593 κῆπόν
970 2541 1111 2594 μου,
1128 2523 1363 2594 ἀδελφή
1384 2542 1504 2595 μου
1524 2525 1761 2595 νύμφης

181 2613 257 2679 ὡς
301 2613 456 2669 οὐδὲν
501 2614 834 2687 ταχύτερον
880 2614 961 2669 ἔτι
1005 2616 1116 2687 γὰρ
1148 2617 1318 2687 αὐτῆς
1365 2616 1651 2688 λαλούσης,
1677 2618 1766 2671 εὐ-

185 2705 324 2771 θέως
369 2707 675 2778 ὑπήκουσε
723 2707 948 2779 θεωρεῖς
970 2707 1031 2761 τὺ
1063 2708 1444 2781 γεγραμμένον
1464 2727 1477 2741 ο
1507 2709 1628 2763 Ὅτι
1662 2710 1762 2767 καὶ

184 2796 272 2852 ἔτι
292 2797 633 2864 λαλοῦντός
657 2814 772 2852 σου
795 2797 929 2866 ἐρῶ,
944 2798 1104 2854 Ἰδοὺ
1132 2799 1555 2872 πάρειμιςἋμα
1571 2800 1679 2873 γὰρ
1706 2802 1765 2856 ὲν

184 2890 263 2963 τῷ
316 2889 487 2962 αὐτὴν
547 2890 884 2963 παρακαλεῖν
944 2890 1039 2944 καὶ
1091 2890 1301 2961 λέγειν·
1358 2891 1673 2961 Κατάϐηθι,
1721 2886 1766 2946 ὦ

182 2981 349 3051 Λόγε,
395 2983 484 3048 εἰς
518 2982 627 3035 τὸν
668 2980 869 3050 κῆπόν
900 2998 1037 3048 σου,
1071 2984 1169 3038 καὶ
1200 2981 1351 3055 φάγε
1391 2983 1500 3039 τὸν
1537 2983 1767 3054 καρπὸν

183 3072 305 3128 τῶν
325 3073 672 3143 ἀκροδρύων
688 3089 826 3137 σου,
850 3074 1052 3139 εὐθέως
1075 3076 1383 3149 ὑπήκουσεν
1408 3078 1543 3149 αὐτῇ
1569 3076 1765 3146 λέγων·
1793 3096 1838 3154 C

183 3165 496 3236 Εἱσῆλθον
518 3169 604 3232 εὶς
629 3166 735 3220 τὸν
763 3165 963 3236 κῆπόν
976 3186 1119 3238 μου,
1142 3168 1375 3238 ἀδελφή
1400 3187 1521 3240 μου
1540 3170 1763 3240 νύμφη.

253 3255 310 3315 ϐ.
347 3256 449 3311 Διὰ
478 3257 529 3311 τί
558 3257 614 3311 δὲ
638 3258 731 3312 καὶ
752 3257 971 3330 νύμφην
998 3259 1093 3312 καὶ
1118 3259 1353 3332 ἀδελφὴν
1382 3261 1552 3331 αὐτὴν
1570 3261 1769 3332 ὀνομά-

184 3350 304 3415 ζεις
332 3351 450 3414 Πᾶς
481 3349 591 3420 γὰρ
619 3351 854 3421 νυμφίος
882 3352 981 3405 οὐκ
1009 3351 1263 3423 ὀνομάζει
1294 3352 1394 3424 τὴν
1419 3352 1638 3426 νύμφην
1671 3355 1769 3407 αὐ-

181 3442 277 3497 τοῦ
309 3443 549 3515 ἀδελφήν
569 3461 583 3474 ·
624 3438 725 3498 ὧδε
750 3445 807 3498 δὲ
842 3445 937 3499 καὶ
958 3444 1194 3515 ἀδελφὴν
1227 3444 1322 3496 καὶ
1351 3443 1569 3517 νύμφην
1597 3446 1767 3518 αὐτὴν

181 3531 474 3605 ὀνομάζει,
507 3534 595 3588 ῖνα
624 3534 791 3608 δείξῃ,
834 3537 916 3589 ὅτι
951 3536 1052 3589 οὐκ
1080 3533 1225 3587 ἐστιν
1257 3536 1285 3588 ὁ
1308 3533 1547 3607 θάλαμος
1575 3537 1770 3608 ἐπᾳδό-

186 3642 348 3694 μενος
377 3625 776 3697 σαρκός.⁹¹οταν
805 3627 903 3698 μὲν
928 3627 1034 3698 γὰρ
1057 3626 1312 3699 ὀνομάζει
1335 3626 1504 3698 αὐτὴν
1525 3627 1765 3699 νύμφην,

180 3716 271 3772 διὰ
303 3717 396 3772 τὸν
426 3718 618 3787 Λόγον,
646 3718 736 3772 τὸν
787 3720 1189 3792 μνηστευθέντα
1230 3719 1327 3792 τὴν
1363 3720 1561 3793 ψυχήν.
1598 3721 1769 3774 Τοῦτο

181 3809 292 3882 γάρ
318 3811 418 3864 καὶ
454 3810 667 3875 Παῦλος
698 3810 887 3880 ἔλεγεν
906 3828 922 3843 ⁸
951 3810 1329 3882 Ἡρμοσάμην
1359 3811 1517 3882 ὑμᾶς
1547 3811 1637 3866 ἐνὶ
1660 3813 1768 3867 ἀν-

181 3902 276 3972 δρὶ
295 3901 602 3971 παρθένον
625 3903 822 3974 ἁγνὴν
843 3902 1228 3974 παραστῆσαι
1248 3903 1327 3971 τῷ
1345 3902 1769 3973 Χριστῷ.”οταν

180 3994 237 4048 δὲ
280 3995 379 4048 καὶ
421 3993 655 4066 ἀδελφὴν
701 3995 868 4068 αὐτὴν
900 3996 1174 4067 ὀνομάζει,
1199 3995 1287 4050 διὰ
1333 3996 1434 4069 τὴν
1481 3996 1660 4068 σάρκα
1703 3996 1769 4068 ἢν

180 4087 431 4161 ἐφόρεσε.
483 4086 654 4141 Τοῦτο
698 4087 807 4160 γὰρ
857 4083 938 4154 εἷς
987 4089 1097 4143 τῶν
1141 4089 1436 4162 προφητῶν
1489 4090 1770 4162 σημαίνων

180 4182 312 4252 περὶ
350 4179 519 4233 αὐτοῦ
556 4179 741 4249 ἔλεγεν
765 4198 780 4212 ο
818 4181 1153 4252 Ἀπαγγελῶ
1177 4182 1244 4236 τὸ
1272 4181 1461 4252 ὄνομά
1496 4200 1613 4238 σου
1645 4183 1771 4250 τοῖς

178 4272 471 4342 ἀδελφοῖς
497 4290 636 4342 μου.
663 4274 759 4328 Διὰ
776 4272 935 4328 τοῦτο
964 4273 1155 4346 μηδεὶς
1177 4275 1446 4345 νομιζέτω
1474 4277 1770 4347 σαρκικούς

178 4359 322 4417 εἶναι
366 4364 495 4426 τοὺς
528 4363 720 4432 λόγους
748 4364 1128 4427 τούτους.Ὅτε
1161 4364 1259 4435 μὲν
1306 4364 1415 4437 γάρ
1466 4366 1768 4438 παρεκάλει

1869 492 1987 549 Non
2026 493 2175 548 enim
2215 491 2360 548 Deus
2393 499 2674 563 exspectat
2705 490 2873 546 verba
2911 487 3074 545 labiis
3115 487 3347 559 prolata.
3380 490 3448 545 Et

1867 599 2000 640 sane
2032 582 2281 639 Salvator
2318 582 2375 637 in
2405 582 2704 653 Evangelia
2750 582 2826 636 ait
2864 599 2877 636 :
2910 578 3023 635 Scit
3057 579 3196 634 Dens
3222 595 3448 649 quorum

1867 692 1995 747 opus
2030 674 2268 730 habeatis
2310 683 2594 747 antequam
2641 674 2834 745 petatis
2884 673 2947 726 ab
2988 673 3101 744 ipso
3123 671 3190 725 ⁸⁸.
3222 671 3347 728 Ideo
3381 688 3449 726 nc

1865 767 2023 840 quasi
2049 746 2423 837 perfunctorie
2450 764 2754 822 clamemus
2788 765 2843 820 in
2885 764 3205 835 precando;
3236 764 3353 828 sed,
3398 762 3446 818 si

1865 872 1960 913 ore
1987 856 2254 928 precaris,
2283 871 2510 929 precare
2546 865 2600 913 et
2628 864 2831 912 mente.
2880 855 2939 911 Id
2984 855 3130 912 enim
3163 861 3219 910 et
3241 853 3447 912 Paulus

1864 948 2045 1004 aiebat
2074 966 2088 1002 :
2124 946 2370 1003 Psallam
2422 947 2618 1018 spiritu
2642 986 2659 1010 ,
2709 945 2941 1018 psallam
2975 954 3029 1000 et
3057 954 3228 1001 mente
3265 946 3332 1001 ⁸⁸.
3374 944 3449 1000 De

1863 1039 2167 1110 profundis,
2229 1039 2410 1109 inquit
2451 1039 2614 1105 alius,
2657 1038 2884 1093 clamavi
2926 1038 2996 1092 ad
3024 1046 3094 1105 te,
3126 1037 3348 1093 Domine
3376 1037 3444 1112 'f.

1864 1129 2228 1198 Quamobrem
2279 1139 2334 1186 et
2365 1130 2562 1187 mulier
2598 1130 2655 1186 in
2684 1131 2841 1187 libris
2876 1129 3119 1200 Regum,
3163 1146 3289 1186 cum
3332 1130 3448 1187 cla-

1864 1223 2066 1278 mando
2093 1236 2435 1293 precaretur,
2468 1222 2730 1279 sacerdos
2770 1222 2947 1293 ipsam
2992 1223 3259 1290 coercuit,
3288 1233 3447 1279 ratus

1864 1315 2073 1371 ebriam
2112 1329 2234 1370 esse
2266 1314 2345 1383 ";
2378 1322 2434 1369 et
2470 1322 2655 1369 tamen
2687 1313 2781 1369 illa
2808 1329 2938 1370 cum
2968 1325 3150 1370 mente
3193 1330 3448 1386 precare-

1865 1417 1976 1475 tur,
2009 1415 2257 1478 optatum
2295 1416 2596 1465 consecuta
2620 1448 2636 1474 ,
2686 1407 2996 1464 Samuelem
3042 1408 3271 1478 peperit.
3300 1405 3444 1473 Quid

1869 1517 2000 1572 ergo
2022 1511 2077 1557 tu
2108 1501 2315 1558 clamas
2339 1501 2393 1556 in
2420 1502 2703 1567 oratione,
2731 1515 2797 1557 ac
2821 1500 2867 1555 si
2903 1499 3049 1555 Deus
3083 1513 3193 1554 non
3219 1498 3446 1553 audiat?

1862 1592 2005 1648 Audi
2036 1607 2162 1647 eum
2211 1586 2308 1663 qui
2351 1592 2505 1659 dicit,
2555 1590 2660 1658 Qui
2700 1591 2960 1661 plantavit
2998 1606 3178 1644 aurem
3205 1605 3311 1644 non
3344 1605 3444 1643 au-

1866 1685 1974 1740 diet
2000 1685 2049 1721 ⁸⁸
2066 1685 2093 1738 ‘l
2123 1683 2259 1739 Nam
2289 1683 2335 1740 si
2363 1692 2444 1749 tu,
2466 1683 2596 1754 quia
2621 1698 2782 1738 aures
2805 1681 2996 1749 habes,
3031 1681 3211 1747 audis,
3236 1689 3443 1752 quanto

1791 1759 1834 1814 Β
1865 1777 2039 1847 magis
2079 1777 2299 1832 aurium
2330 1774 2549 1846 opifex?
2588 1773 2667 1830 Ne
2696 1773 2998 1830 clamemus
3026 1773 3211 1845 itaque
3240 1775 3307 1830 ad
3335 1772 3445 1828 Do-

1864 1864 2076 1919 minum
2116 1864 2394 1935 precando
2419 1905 2436 1933 ,
2471 1863 2631 1935 quasi
2679 1861 2827 1918 Deus
2875 1879 2983 1918 non
3028 1863 3260 1919 audiat:
3298 1865 3445 1921 Deus

1862 1956 2009 2011 enim
2051 1955 2137 2010 vel
2177 1956 2401 2011 silentes
2440 1956 2613 2010 audit.
2641 1953 2834 2010 Viden’
2880 1954 3212 2012 desiderium
3264 1957 3440 2013 beatae

1864 2048 2013 2103 illius
2056 2047 2286 2116 animae,
2321 2062 2433 2118 quo
2462 2057 2628 2118 pacto
2664 2048 2925 2103 hortante
2970 2048 3063 2104 illa
3094 2049 3183 2106 his
3208 2049 3390 2106 verbis
3423 2065 3443 2104 :

1863 2136 2164 2193 Descendat
2201 2137 2429 2193 dilectus
2460 2154 2607 2192 meus
2645 2139 2701 2192 in
2735 2138 2948 2194 hortum
2980 2156 3156 2207 suum,
3185 2152 3235 2196 et
3268 2158 3444 2197 come-

1863 2229 1958 2284 dat
1991 2231 2224 2300 fructum
2250 2246 2529 2301 pomorum
2569 2247 2788 2285 suorum
2809 2232 2873 2298 “,
2916 2235 3188 2305 extemplo
3210 2238 3265 2290 et
3293 2235 3445 2291 nulla

1864 2322 2185 2392 interposita
2214 2336 2372 2378 mora
2394 2321 2636 2378 Verbum
2668 2323 2855 2390 dicat,
2906 2321 3114 2381 Intraui
3142 2327 3197 2382 in
3231 2327 3446 2382 hortum

1864 2430 2072 2481 meum,
2122 2431 2274 2469 soror
2320 2430 2437 2470 mea
2482 2432 2674 2487 sponsa
2710 2419 2755 2451 ⁷ο
2781 2419 2805 2473 ‘!
2832 2417 2977 2474 Nihil
3014 2419 3281 2488 celerius;
3324 2421 3445 2491 ipsa

1865 2507 2066 2578 quippe
2120 2507 2422 2578 loquente,
2478 2510 2661 2566 subito
2715 2512 3018 2582 respondit.
3064 2510 3257 2567 Viden’
3296 2514 3448 2583 quod

1866 2596 2129 2669 scriptum
2159 2610 2285 2655 est:
2321 2599 2587 2666 Quoniam
2636 2603 2808 2658 adhuc
2847 2613 2895 2658 te
2924 2604 3187 2674 loquente,
3224 2604 3447 2662 dicam:

1867 2689 2004 2744 Ecce
2028 2692 2217 2747 adsum
2247 2690 2490 2748 "lCum
2519 2694 2755 2765 primum
2779 2696 2923 2751 enim
2960 2695 3077 2767 ipsa
3113 2698 3325 2753 hortata
3361 2707 3449 2755 est

1867 2793 2029 2854 atque
2067 2784 2228 2852 dixit,
2259 2784 2529 2841 Descende
2550 2827 2567 2853 ,
2590 2801 2625 2843 ο
2649 2782 2888 2843 Verbum
2907 2829 2924 2856 ,
2948 2788 3003 2842 in
3035 2789 3245 2843 hortum
3276 2798 3447 2855 tuum,

1867 2884 1917 2929 et
1963 2876 2173 2929 comede
2212 2876 2444 2945 fructum
2508 2892 2785 2948 pomorum
2826 2889 3078 2949 tuorum,
3128 2881 3310 2938 subito
3359 2896 3447 2937 re-

1867 2966 2093 3037 spondit
2137 2967 2217 3022 illi
2249 2968 2464 3025 dicens:
2498 2967 2704 3024 Intraui
2736 2969 2794 3025 in
2821 2971 3030 3026 hortum
3060 2988 3252 3042 meum,
3296 2990 3448 3029 soror

1869 3071 1986 3111 mea
2017 3072 2232 3127 sponsa.

1940 3254 1995 3310 6.
2026 3254 2169 3322 Quid
2201 3265 2286 3311 est
2326 3256 2474 3326 quod
2508 3271 2767 3327 sponsam
2814 3267 2870 3315 et
2917 3274 3162 3316 sororem
3196 3261 3448 3318 eamdem

1870 3348 2066 3403 vocat?
2090 3345 2208 3403 Non
2231 3348 2378 3403 enim
2402 3349 2585 3419 quivis
2607 3365 2846 3421 sponsus
2876 3367 3133 3422 sponsam
3164 3366 3319 3409 suam
3351 3371 3449 3411 so-

1869 3454 2048 3495 rorem
2085 3442 2504 3510 nuncupaverit.
2542 3441 2642 3499 llic
2673 3454 2803 3499 vero
2834 3456 2888 3499 et
2918 3460 3165 3501 sororem
3191 3456 3245 3501 et
3283 3461 3451 3518 spon-

1869 3546 1986 3586 sam
2039 3532 2213 3601 ipsam
2275 3533 2590 3602 compellar,
2635 3534 2846 3590 scilicet
2887 3547 2944 3589 ut
2985 3538 3297 3594 ostenderet
3337 3554 3449 3595 non

1869 3640 1991 3680 esse
2009 3625 2307 3679 thalamum
2328 3626 2513 3680 carnis
2527 3627 2936 3696 voluptuosum.
2960 3625 3095 3685 Nam
3126 3646 3250 3686 cum
3278 3648 3414 3702 spon
3429 3664 3449 3677 -

1870 3731 1988 3771 sam
2018 3724 2210 3781 vocat,
2245 3716 2297 3770 id
2322 3718 2435 3786 agit
2454 3716 2619 3772 Verbi
2641 3733 2809 3774 causa
2829 3759 2844 3785 ,
2871 3721 3018 3789 quod
3058 3722 3298 3777 animam
3353 3724 3451 3779 de-

1870 3809 2175 3878 sponsavit.
2202 3806 2443 3876 ldipsum
2484 3808 2632 3877 enim
2672 3808 2875 3867 Paulus
2911 3812 3031 3867 ait:
3065 3813 3327 3884 Despondi
3361 3832 3449 3871 vos

1869 3899 1963 3952 uni
1993 3900 2126 3962 viro,
2164 3899 2421 3969 virginem
2454 3908 2657 3954 castam
2689 3901 2932 3955 exhibere
2968 3902 3180 3957 Christo
3208 3906 3273 3959 ⁷³.
3308 3905 3447 3960 Cum

1869 3998 2049 4045 autem
2092 3990 2268 4061 ipsam
2325 4005 2571 4045 sororem
2626 4003 2924 4064 nuncupat,
2979 3995 3030 4048 id
3082 3996 3181 4060 ait,
3230 3983 3453 4067 propter

1870 4096 2092 4136 carnem
2122 4097 2289 4152 quam
2321 4082 2577 4157 gestavit.
2602 4081 2658 4139 Id
2686 4085 2889 4156 quippe
2921 4088 3311 4157 prophetarum
3343 4089 3447 4142 al;-

1871 4174 1994 4243 quis
2019 4173 2246 4237 indicat,
2279 4174 2397 4229 haec
2422 4175 2490 4230 de
2522 4174 2644 4245 ipso
2678 4176 2946 4247 loquens,
2982 4176 3228 4232 Narrabo
3260 4194 3448 4232 nomen

1873 4274 2018 4319 tuum
2086 4265 2345 4334 fratribus
2408 4269 2609 4333 meis",
2640 4267 2937 4323 ldeonemo
2994 4269 3289 4324 arbitretur
3327 4285 3447 4325 εον-ο

1873 4371 2063 4412 moues
2097 4357 2411 4426 hujusmodi
2454 4356 2700 4433 carnales
2726 4372 2869 4414 esse.
2910 4359 3047 4414 Cum
3093 4361 3236 4415 enim
3268 4362 3449 4432 ipsum

178 4454 347 4507 αὐτὸν
399 4454 433 4523 ἡ
485 4455 730 4527 μακαρία
775 4455 912 4525 αῦτη
959 4453 1104 4527 ψυχὴ
1148 4455 1411 4525 λέγουσα’
1446 4456 1765 4524 Καταϐήτω

1764 4486 1765 4497 χ
1798 4443 1839 4498 D
1867 4446 2149 4503 beatailla
2188 4449 2371 4503 anima
2437 4449 2688 4505 hortatur
2718 4448 2906 4505 dicens
2943 4468 2958 4504 :
2992 4450 3285 4507 Descendat
3314 4454 3450 4508 dile-

176 4542 503 4613 ἀδελφιδός
530 4561 650 4613 μου
681 4548 768 4611 εἱς
789 4544 988 4613 κῆπον
1010 4545 1218 4611 αὐτοῦ,
1243 4545 1341 4600 καὶ
1364 4544 1597 4615 φαινέτω
1624 4563 1767 4616 καρ-

175 4639 304 4691 πὸν
333 4636 681 4706 ἀκροδρύων
706 4636 892 4691 αὐτοῦ
913 4677 927 4701 ,
961 4638 1090 4691 ὅταν
1155 4637 1253 4707 μὲν
1293 4638 1404 4710 γὰρ
1426 4638 1633 4713 ἀκούσῃ
1658 4638 1765 4709 ψυ-

177 4730 307 4802 χὴν,
344 4730 420 4801 μὴ
456 4728 583 4799 μίαν
613 4727 791 4800 ψυχὴν
835 4728 1204 4800 ὑπολάμϐανε,
1238 4728 1354 4783 ἀλλ’
1385 4728 1505 4785 ὂλον
1536 4731 1628 4784 τὸν
1671 4732 1764 4785 κό-

180 4838 345 4894 σμον.
377 4822 476 4874 Διὰ
504 4819 663 4873 τοῦτο
694 4820 870 4873 τοίνυν
905 4820 1330 4892 παρακαλοῦμεν
1377 4822 1541 4876 αὐτὸν
1584 4821 1768 4891 λέγον-

174 4933 270 4979 τες
292 4932 307 4946 ·
360 4912 681 4982 Κατάϐηθι,
722 4907 767 4967 ὧ
803 4913 964 4983 Λόγε,
1012 4916 1100 4980 εἰς
1130 4914 1240 4968 τὸν
1266 4913 1466 4983 κῆπόν
1494 4929 1632 4981 σου,
1666 4916 1765 4969 καὶ

175 5005 337 5077 φάγε
365 5007 472 5060 τὸν
495 5005 729 5074 καρπὸν
750 5003 870 5059 τῶν
892 5005 1238 5075 ἀκροδρύων
1264 5022 1382 5067 σου
1402 5023 1416 5038 ο
1449 5007 1544 5060 καὶ⁸
1567 5006 1768 5071 εὐθέως

174 5100 352 5164 αὐτὸς
365 5100 672 5171 ἐπήκουσεν
688 5116 701 5129 ο
719 5093 1024 5168 Εἰσῆλθον
1041 5100 1128 5164 εὶς
1152 5098 1353 5167 κῆπόν
1366 5116 1507 5169 μου,
1533 5098 1767 5168 ἀδελφή

174 5211 296 5258 μου
342 5192 552 5262 νύμφη
571 5208 586 5222 ·
618 5190 917 5261 ἐτρύγησα
960 5190 1237 5259 σμύρναν
1275 5207 1396 5260 μου
1434 5189 1585 5261 μετὰ
1618 5189 1769 5258 ἀρω-

170 5284 385 5356 μάτων
429 5300 571 5353 μου.
623 5282 855 5351 Πότερον
912 5278 1294 5351 παρεκάλεσάς
1348 5297 1412 5351 με
1469 5279 1767 5350 καταϐῆναι

174 5377 274 5431 καὶ
328 5375 526 5446 φαγεῖν
575 5373 700 5435 τοὺς
739 5372 1017 5443 καρπούς;
1074 5370 1206 5425 Ἰδοὺ
1246 5371 1596 5441 καταὸέῦηκα
1615 5386 1628 5399 ·
1676 5370 1765 5434 δός

175 5484 273 5539 μοι
302 5467 434 5528 τοὺς
454 5462 720 5535 καρπούς.
739 5463 796 5515 'U
828 5462 925 5533 μὲν
949 5466 1041 5516 οῦν
1066 5461 1173 5515 τῶν
1214 5452 1477 5513 Ἰουδαίων
1501 5455 1654 5529 λόγος
1665 5461 1742 5525 κεύ
1768 5499 1773 5503 ς

281 5645 331 5677 ⁸⁸
370 5643 478 5700 Isa.
527 5657 650 5705 ιιι,
705 5641 759 5694 9.
837 5639 883 5669 “
930 5633 1116 5691 Matth.
1156 5652 1250 5702 νι,
1310 5631 1359 5687 8.
1439 5638 1483 5671 ⁸³
1536 5634 1718 5694 ἴσον,

1783 5657 1873 5695 xw
1896 5680 1912 5705 ,
1978 5642 2061 5698 15.

174 5718 221 5749 ⁸³
251 5716 404 5771 Psal.
443 5726 574 5768 xcm
599 5753 614 5776 ,
647 5712 699 5765 9.
798 5709 841 5741 ‘9
872 5708 1026 5764 Cant.
1064 5723 1116 5771 γ,
1152 5706 1200 5761 ί.
1271 5707 1318 5740 7°
1346 5705 1482 5767 ﬁnd.

1868 4547 1982 4592 ctus
2007 4553 2150 4591 meus
2183 4540 2239 4592 in
2282 4540 2495 4594 hortum
2524 4554 2695 4599 suum,
2737 4547 2787 4593 et
2831 4542 3070 4594 comedat
3102 4532 3330 4613 fructum
3354 4560 3451 4614 po.

1868 4647 2073 4684 morum
2099 4646 2319 4685 suorum
2348 4669 2364 4693 ,
2405 4625 2499 4684 ubi
2555 4628 2795 4685 animam
2823 4631 3003 4698 audis,
3022 4650 3091 4690 ne
3126 4652 3288 4691 unam
3319 4654 3448 4693 sus-

1864 4722 2046 4791 picere
2080 4721 2319 4776 animam
2350 4761 2365 4784 ,
2396 4721 2490 4776 sed
2522 4730 2696 4776 totum
2739 4724 3031 4780 mundum.
3077 4725 3446 4794 Quamobrem

1865 4813 2160 4868 invitemus
2199 4813 2376 4883 ipsum
2410 4813 2494 4867 his
2524 4814 2727 4869 verbis.
2774 4814 3074 4883 Descende,
3115 4835 3149 4873 ο
3190 4820 3447 4887 Verbum,

1864 4906 1921 4958 in
1950 4908 2164 4959 hortum
2191 4915 2373 4969 tuum,
2415 4914 2465 4957 et
2501 4910 2712 4961 comede
2741 4907 2977 4978 fructum
3030 4928 3303 4981 pomorum
3331 4922 3449 4966 tuo-

1867 5012 2021 5062 rum;
2063 5006 2119 5050 et
2155 4996 2335 5065 ipsum
2372 4996 2557 5053 subito
2591 5001 2984 5070 respondebit,
3014 5002 3291 5074 Ingressus
3330 5024 3446 5061 sum

1866 5091 1920 5144 in
1943 5090 2152 5143 hortum
2178 5105 2371 5152 meum,
2399 5106 2550 5144 soror
2576 5109 2692 5146 mea
2719 5109 2936 5162 sponsa,
2961 5099 3153 5150 messui
3179 5099 3448 5166 myrrham

1874 5197 2042 5235 meam
2080 5195 2201 5234 cum
2270 5182 2597 5236 aromatibus
2645 5184 2793 5239 meis.
2835 5182 2975 5240 Num
3035 5188 3320 5253 concitasti
3366 5208 3450 5244 me

1873 5281 1936 5326 ut
1962 5272 2349 5328 descenderem
2402 5282 2456 5327 et
2507 5275 2851 5330 comederem
2883 5276 3138 5335 fructus?
3178 5278 3317 5335 Ecce
3357 5282 3451 5335 de-

1873 5370 2059 5426 soendi
2079 5412 2095 5436 ,
2128 5369 2198 5426 da
2228 5371 2364 5426 mihi
2396 5370 2630 5427 fructus.
2664 5371 2979 5428 Judteorum
3004 5372 3228 5442 quidem
3271 5386 3454 5428 sermo

1861 5475 1971 5531 “pro
1999 5462 2122 5517 uvis
2151 5463 2340 5532 spinas
2372 5463 2557 5518 statim
2580 5463 2810 5546 profert,
2836 5473 2891 5520 et
2910 5479 3011 5536 pro
3050 5466 3170 5522 ﬁcis
3195 5468 3446 5523 tribulos.

2189 5643 2244 5723 σξη
2284 5642 2431 5700 Psal.
2476 5661 2707 5723 _t:1ut_l_l1
2760 5648 2811 5723 l_.
2923 5650 2966 5680 ⁸⁷
3000 5648 3207 5723 l__Reg.
3240 5666 3294 5721 ι,
3356 5646 3447 5711 ιι.

1588 5709 1629 5741 τ’
1662 5707 1765 5765 isa.
1811 5728 1921 5782 le,
1951 5714 2029 5768 9..
2080 5713 2185 5769 "il
2206 5714 2334 5771 Cor.
2364 5733 2445 5782 χι,
2475 5718 2526 5771 2.
2604 5720 2651 5751 τῖ’
2676 5718 2819 5774 Psul.
2853 5736 2942 5775 xxI
2999 5720 3088 5775 23.
