3702 6396
234 328 265 379 3
278 329 379 383 353

1106 326 1144 382 S
1180 322 1555 380 ATHANASII
1592 322 1743 380 OPP.
1788 320 1972 378 PARS
2008 320 2091 377 ιιι.
2146 352 2202 362 -
2243 320 2655 379 ΕΧΕΕΕΤΙΕᾹ.

3365 328 3389 383 1
3400 328 3497 386 360

223 444 603 513 “Quandonam
644 449 828 498 autan
865 440 970 513 ipsi
998 441 1311 513 hujusmodi
1355 414 1568 499 fructus
1598 442 1685 497 obt

2034 458 2047 504 ;
2080 440 2233 511 φέρει
2264 439 2384 494 ἀντὶ
2414 440 2698 511 σταφυλῶν
2728 440 2990 507 ἀκάνθας,
3024 443 3124 498 καὶ
3161 441 3284 498 ἀντὶ
3322 444 3496 499 συκῶν

240 546 391 603 runt,
421 537 528 593 nisi
555 536 777 607 quando
807 534 1270 606 crucifigebatur?
1301 534 1467 590 Petiit
1511 536 1658 591 enim
1711 550 1810 607 po-

247 638 364 687 tttm
398 646 466 684 ex
489 628 763 684 fructibus
792 628 987 695 vineae,
1016 636 1073 684 et
1092 628 1202 683 vini
1226 628 1347 684 loco
1372 628 1692 684 obtulerunt
1736 627 1811 683 illi

217 729 477 778 -acetum.
500 719 690 775 Viden‘
708 718 946 775 fructum
976 734 1190 784 eorum,
1211 734 1321 791 quo
1343 730 1503 791 pacto
1523 719 1576 774 in
1599 730 1813 775 acetum

240 829 431 872 versus
460 813 570 869 sit?
601 812 756 868 Dicat
787 812 1017 884 proinde
1049 811 1324 882 Salvator,
1366 812 1616 869 Evocasti
1648 829 1735 869 me
1758 822 1816 869 ut

238 908 623 964 descenderem
676 916 732 963 et
778 906 1124 963 comederem
1174 922 1357 977 poma,
1392 922 1517 963 ecce
1541 907 1664 962 veni
1698 906 1817 963 siti-

239 1001 476 1064 bundus,
503 1012 557 1055 ei
589 1008 804 1054 acetum
835 999 973 1054 mihi
1002 999 1253 1057 obtulisti
1285 1019 1298 1055 :
1332 999 1453 1055 veni
1485 1000 1648 1055 etiam
1688 1014 1817 1056 esu-

238 1096 385 1149 riens
418 1094 486 1149 ad
521 1093 682 1148 ficum
707 1134 724 1160 ,
765 1106 819 1149 et
859 1092 987 1148 folia
1030 1093 1207 1149 solum
1247 1094 1452 1148 inveni.
1483 1092 1700 1149 Utinam
1731 1094 1816 1149 vel

239 1186 369 1241 folia
399 1197 609 1240 tantum
636 1186 963 1242 invenissem
985 1225 1002 1250 ,
1036 1187 1167 1241 dum
1202 1201 1272 1241 ne
1311 1185 1525 1240 aridum
1554 1186 1763 1257 lignum
1797 1202 1814 1242 :

236 1278 473 1347 ideoque
504 1277 608 1347 ipsi
639 1276 917 1332 maledixi.
964 1276 1229 1333 Descendi
1265 1275 1412 1332 enim
1459 1286 1520 1332 ut
1559 1276 1816 1332 comede-

238 1385 354 1424 rem
390 1362 602 1424 fructus
631 1383 919 1437 pomorum
943 1386 958 1436 ;
992 1379 1044 1423 et
1070 1384 1195 1423 cum
1224 1368 1629 1424 descendissem
1651 1409 1666 1435 ,
1690 1383 1817 1423 ecce

238 1459 571 1528 deprehendi
599 1459 922 1528 sanguinem
946 1473 1114 1529 super
1138 1459 1410 1530 sanguine
1439 1460 1814 1523 commistum,

240 1549 599 1614 fornicarios,
661 1548 938 1604 adulteros
1002 1556 1056 1603 et
1097 1548 1418 1619 sanguinem
1474 1548 1815 1604 innocentem

241 1642 495 1699 effusum.
561 1640 743 1696 Inveni
800 1656 899 1695 vos
957 1642 1272 1711 sculpentes
1341 1641 1545 1710 lapides
1590 1650 1645 1696 et
1702 1657 1816 1696 rem

240 1731 508 1806 sculpti'im
537 1733 709 1789 Deum
738 1744 1032 1800 vocantes,
1074 1749 1139 1789 ac
1172 1735 1391 1789 demum
1424 1751 1522 1805 pro
1545 1734 1816 1791 fructibus

1917 531 2216 605 τριϐόλους.
2240 533 2378 587 Πότε
2429 533 2487 587 δὲ
2532 534 2915 605 προσήνεγκαν
2948 534 3101 607 αὐτῷ
3129 534 3355 599 τούτους
3376 537 3498 603 τοὺς

1916 625 2180 697 καρποὺς,
2210 626 2260 679 εί
2292 624 2367 697 μὴ
2396 624 2484 678 ὅτε
2511 624 2877 696 ὲσταυροῦτος
2907 626 3119 697 ᾜτησε
3141 626 3250 699 γάρ
3274 630 3416 681 πιεῖν
3438 628 3499 684 ἐκ

1915 716 2025 770 τῶν
2075 719 2301 788 καρπῶν
2354 717 2451 788 τῆς
2496 717 2742 789 ἀμπέλου
2766 759 2782 784 ,
2833 718 2927 773 καὶ
2971 720 3095 773 ἀντὶ
3140 721 3284 774 οἴνου
3334 738 3495 792 προσ-

1918 812 2157 885 ήνεγκαν
2185 809 2332 881 αύτῴ
2360 811 2499 878 ὅξος.
2517 810 2679 883 Ὁρᾷς
2702 812 2793 865 τὸν
2821 812 3032 884 καρπὸν
3054 813 3238 867 αὐτῶν
3264 815 3347 868 ὅτι
3370 814 3498 885 ὥξη-

1917 919 2013 968 κε;
2043 901 2259 970 Λεγέτω
2296 901 2475 954 τοίνυν
2499 901 2528 953 ὁ
2553 902 2777 972 Σωτήρ⁸
2808 902 3200 975 Παρεκάλεσάς
3237 921 3302 974 με
3338 922 3497 958 κατα-

1918 996 2099 1067 ϐῆναι,
2123 995 2217 1048 καὶ
2243 997 2436 1063 φαγεῖν
2458 994 2566 1047 ἀπὸ
2589 992 2698 1046 τῶν
2726 994 3065 1066 ἀκροδρύων,
3093 995 3188 1048 καὶ
3212 994 3320 1050 ἰδοὺ
3340 990 3497 1065 ἦλθον

1916 1089 2105 1159 διψῶν,
2135 1088 2229 1142 καὶ
2260 1088 2379 1153 ὄξος
2423 1104 2515 1158 μοι
2555 1086 2967 1159 προσήνεγκας⁶
3014 1089 3113 1142 καὶ
3150 1084 3316 1159 ἦλθον
3343 1088 3497 1143 πάλιν

1918 1181 2119 1236 πεινῶν
2150 1180 2243 1234 ἐπὶ
2272 1180 2369 1252 τὴν
2404 1180 2594 1251 συκῆν,
2626 1180 2723 1233 καὶ
2769 1179 2945 1250 φύλλα
2976 1181 3138 1253 μόνον
3166 1176 3345 1253 εὗρον.
3377 1183 3496 1238 Εἴθε

1916 1274 1972 1327 δὲ
2006 1274 2106 1329 κᾶν
2137 1271 2310 1343 φύλλα
2340 1270 2499 1344 μόνον
2529 1272 2825 1345 εὑρίσκειν,
2860 1274 2952 1327 καὶ
2996 1274 3074 1345 μὴ
3111 1273 3172 1328 τὸ
3214 1274 3371 1341 ξύλον
3404 1274 3495 1347 ξη-

1920 1368 2045 1440 ρὸνο
2077 1366 2166 1421 διὰ
2197 1364 2356 1419 τοῦτο
2389 1364 2498 1437 γὰρ
2532 1367 2625 1420 καὶ
2652 1365 3051 1439 κατηρασάμην
3094 1367 3283 1438 αὐτὴν.
3316 1368 3496 1421 Κατα-

1918 1457 2126 1530 ϐέϐηκα
2156 1456 2264 1530 γὰρ
2307 1460 2501 1529 φαγεῖν
2546 1458 2671 1522 τοὺς
2716 1459 2961 1529 καρποὺς
3002 1459 3112 1511 τῶν
3160 1459 3494 1532 ἀκροδρύων,

1918 1550 2013 1604 καὶ
2039 1550 2145 1603 ἰδοὺ
2176 1548 2420 1613 καταϐάς
2443 1543 2599 1621 εὗρον
2623 1550 2831 1620 αἵματα
2858 1549 2943 1619 ἐφ’
2977 1550 3205 1622 αἵμασιν
3240 1552 3499 1623 μισγόμε-

1917 1658 2005 1705 να,
2040 1640 2401 1714 πορνεύοντας
2434 1641 2528 1694 καὶ
2564 1639 2934 1713 μοιχεύοντας,
2982 1642 3077 1695 καὶ
3108 1642 3318 1713 αἵματα
3352 1642 3498 1696 ἁίιῶα

1918 1733 2276 1806 ὲκχυνόμενα.
2296 1728 2467 1805 Εὗρον
2496 1731 2641 1804 ὑμᾶς
2671 1731 2974 1802 γλύφοντας
3004 1731 3187 1797 λίθους
3209 1774 3225 1798 ,
3251 1734 3349 1787 καὶ
3373 1733 3501 1787 Θεὸν

241 1828 521 1899 myrrham
547 1827 754 1896 reperi,
797 1834 960 1897 atque
991 1826 1069 1880 tui
1096 1841 1263 1881 causa
1292 1826 1538 1882 abducor
1573 1828 1642 1882 ad
1669 1844 1703 1882 η

2030 1825 2309 1891 ιάζονταςο
2358 1824 2454 1880 καὶ¹
2491 1825 2677 1880 λοιπὸν
2708 1827 2832 1879 ἀντὶ
2867 1825 3187 1899 ἀκροδρύων
3216 1827 3459 1899 σμύρναν
3480 1844 3492 1857 ·

240 1928 371 1976 tem.
399 1918 653 1973 Descendi
697 1927 753 1972 ut
800 1919 1119 1973 comederem
1170 1918 1375 1988 [ructus
1416 1935 1732 1988 pomorum:
1761 1929 1816 1975 et

240 2026 367 2066 ecce
397 2019 617 2080 propter
660 2020 712 2065 te
752 2011 873 2066 loco
900 2010 1097 2066 messis
1137 2020 1369 2065 mortem
1397 2010 1637 2081 accipio;
1666 2027 1817 2082 myr-

240 2102 397 2155 rham
436 2110 584 2156 meto
619 2116 742 2156 cum
773 2100 1135 2156 aromatibus.
1178 2101 1249 2153 At
1282 2100 1492 2155 utinam
1523 2110 1816 2172 postquam

241 2193 522 2265 myrrham
552 2207 654 2264 pro
678 2208 856 2249 messe
882 2192 1081 2264 recepi,
1107 2192 1194 2248 vel
1230 2194 1303 2249 ita
1331 2194 1554 2249 tandem
1584 2196 1815 2251 salutem

241 2286 674 2352 nanciscamini,
720 2301 786 2342 ac
832 2285 1103 2341 scelerum
1139 2286 1302 2343 tinem
1329 2285 1573 2354 faciatis,
1608 2303 1709 2344 nec
1728 2288 1815 2345 di-

239 2386 395 2432 catur
448 2376 737 2432 adversum
788 2391 884 2432 vos
937 2376 990 2431 id
1038 2376 1187 2447 quod
1247 2377 1302 2431 in
1355 2376 1616 2433 vicesimo
1672 2393 1816 2433 nono

240 2470 453 2541 psalmo
501 2470 765 2537 habetur,
822 2468 952 2535 Qua:
1005 2467 1215 2523 utilitas
1268 2469 1325 2522 in
1369 2469 1626 2540 sanguine
1679 2485 1814 2534 meo,

238 2564 364 2617 dum
397 2561 650 2617 descendo
701 2562 755 2616 in
811 2562 1197 2631 corruptionem
1229 2560 1321 2615 “1'
1382 2559 1644 2617 Descendi
1667 2562 1815 2617 enim

239 2665 459 2726 propter
492 2664 563 2721 te,
586 2670 650 2709 ac
683 2662 914 2709 mortem
950 2654 1342 2725 myrrhamque
1377 2669 1476 2723 pro
1517 2668 1695 2709 messe
1726 2669 1819 2710 ac-

238 2747 390 2818 cepi;
426 2762 491 2802 ac
528 2761 637 2801 non
673 2746 851 2801 solum
878 2746 1179 2817 myrrham,
1219 2746 1314 2801 sed
1338 2744 1503 2802 etiam
1537 2760 1659 2800 cum
1691 2760 1817 2799 aro-

238 2839 501 2894 matibus.
576 2837 696 2904 Quo
774 2846 938 2908 pacto
1002 2847 1184 2892 autem
1245 2851 1368 2893 cum
1439 2837 1817 2892 aromatibus?

238 2930 470 2999 Quando
499 2932 644 2985 enim
690 2929 970 3002 myrrham
1025 2928 1249 2995 messui,
1299 2928 1511 2984 scilicet
1555 2937 1814 2993 mortem,

237 3039 437 3094 corpus
471 3026 523 3078 in
557 3032 912 3079 monumento
937 3023 1246 3093 depositum
1277 3018 1381 3075 fuit
1408 3039 1423 3078 :
1456 3036 1584 3075 cum
1626 3035 1816 3077 resur-

237 3117 378 3171 rexit
408 3116 548 3170 idem
579 3131 781 3186 corpus
806 3115 1207 3185 incorruptum,
1263 3122 1395 3168 tunc
1445 3121 1819 3183 apparuerunt

1916 1918 2012 1972 καὶ
2055 1918 2135 1981 είς
2185 1917 2411 1972 θάνατον
2449 1918 2653 1987 ἄγομαι
2694 1916 2783 1971 διὰ
2835 1917 2915 1972 σέ.
2979 1918 3367 1987 Καταϐἐϐηκα
3398 1917 3500 1973 τοῦ

1914 2009 2128 2081 φαγεῖν
2159 2009 2300 2075 τοὺς
2344 2009 2615 2079 καρποὺς
2658 2007 2778 2064 τῶν
2819 2009 3203 2079 ἀκροδρύων·
3251 2011 3350 2065 καὶ
3395 2011 3497 2066 ἰδοὺ

1917 2102 2146 2157 θάνατον
2174 2102 2360 2175 τρυγῶ
2410 2100 2496 2156 διὰ
2546 2101 2606 2155 σέ
2628 2118 2644 2133 ·
2692 2102 2938 2174 σμύρναν
2976 2102 3161 2176 τρυγῶ
3195 2103 3340 2175 μετὰ
3367 2105 3502 2175 ἀρω-

1920 2194 2124 2264 μάτων.
2143 2193 2281 2247 Ἀλλ’
2321 2192 2434 2247 εἴθε
2459 2194 2829 2267 τρυγήσαντός
2861 2213 2961 2267 μου
2995 2195 3093 2267 τὴν
3126 2194 3373 2267 σμύρναν
3401 2214 3501 2249 σω-

1917 2286 2098 2349 θέντες
2124 2280 2222 2357 ἧτε
2256 2284 2351 2339 καὶ
2380 2285 2723 2357 πεπαυμένοι
2756 2286 2864 2339 τῶν
2899 2286 3120 2355 κακῶν,
3164 2286 3259 2339 καὶ
3295 2286 3371 2358 μὴ
3417 2285 3499 2339 λε-

1917 2378 2060 2447 γέτω
2111 2377 2232 2432 καθ’
2266 2377 2421 2449 ὑμῶν
2469 2378 2530 2431 τὸ
2580 2379 2638 2433 ὲν
2675 2378 2752 2450 τῷ
2788 2378 3016 2450 εἰκοστῷ
3048 2377 3257 2451 ὲννάτῳ
3305 2378 3500 2452 ψαλμῷ

1917 2468 2206 2539 λεγόμενον
2226 2484 2240 2499 ⁸
2283 2468 2378 2536 Τίς
2409 2469 2664 2538 ὠφέλεια
2706 2469 2775 2523 ἐν
2827 2467 2906 2535 τῷ
2946 2471 3145 2540 αἵματι
3167 2488 3291 2540 μου
3326 2471 3397 2525 ἐν
3426 2467 3501 2536 τῷ

1918 2558 2248 2629 καταϐῆναι
2266 2577 2343 2631 με
2363 2562 2450 2627 εἰς
2480 2559 2836 2631 διαφθοράη
2868 2562 3242 2635 Καταϐέϐηκα
3275 2561 3384 2634 γὰρ
3418 2561 3505 2617 διὰ

1920 2653 2001 2717 σὲ,
2027 2656 2119 2707 καὶ
2145 2653 2375 2709 θάνατον
2413 2653 2692 2727 ὲτρύγησα
2716 2655 2812 2708 καὶ
2838 2638 3087 2727 σμύρναν
3104 2671 3119 2685 ο
3165 2655 3283 2708 ἀλλ’
3313 2654 3375 2707 οὑ
3408 2653 3502 2725 μό-

1917 2763 2005 2799 νον
2035 2745 2135 2818 τὴν
2169 2744 2437 2817 σμύρναν,
2467 2746 2601 2800 άλλὰ
2648 2745 2785 2817 μετὰ
2812 2747 3143 2819 ἀρωμάτων.
3174 2747 3300 2810 Πῶς
3330 2746 3387 2799 δὲ
3413 2745 3505 2800 καὶ

1921 2838 2059 2909 μετὰ
2089 2839 2431 2911 ἀρωμάτων;
2466 2838 2598 2892 Ὅτε
2640 2837 2747 2911 γὰρ
2785 2837 3063 2911 ὲτρύγησα
3091 2839 3193 2911 τὴν
3240 2840 3501 2912 σμύρναν.

1917 2929 2163 2982 τουτέστι
2185 2929 2276 2982 τὸν
2304 2927 2558 2983 θάνατον’
2591 2928 2681 2981 ὅτε
2709 2928 2867 3000 ἐτέθη
2902 2928 2960 2983 ὲν
2998 2927 3077 3000 τῷ
3114 2930 3390 3001 μνημείῳ,
3414 2930 3504 2982 καὶ

1918 3020 2218 3093 ἀνέστησεν
2273 3020 2337 3074 τὸ
2375 3020 2534 3092 σῶμα
2581 3020 2895 3093 ἄφθαρτον,
2946 3022 3070 3075 τότε
3112 3023 3392 3095 ἐφάνησαν
3435 3039 3503 3075 τα

1920 3111 2221 3184 ἀρώματα·
2258 3109 2531 3184 ἀρώματα
2554 3110 2610 3166 δὲ
2633 3108 2703 3184 ἦν
2727 3113 2761 3184 ή
2783 3112 2891 3184 ἀφθ
2902 3113 3068 3185 αρσία
3096 3113 3193 3167 τοῦ
3220 3114 3486 3186 σώματος.

237 3223 523 3269 aromata:
554 3222 800 3267 aromata
848 3227 1015 3283 porro
1070 3222 1230 3266 erant
1286 3211 1629 3281 incorruptio
1662 3211 1933 3280 corporis.

307 3333 362 3387 7.
396 3333 741 3402 Quapropter
787 3330 1016 3401 pulchre
1070 3328 1150 3385 sic
1177 3328 1418 3401 loquitur
1462 3347 1475 3383 :

237 3443 408 3480 meam
449 3426 643 3481 messui
685 3441 803 3479 cum
854 3423 1179 3477 aromatibus
1210 3425 1340 3478 meis
1362 3437 1382 3478 :
1404 3424 1604 3479 comedi
1627 3438 1818 3493 panem

236 3535 409 3572 meum
445 3534 565 3572 cum
599 3517 748 3572 melle
789 3532 937 3582 meo,
980 3515 1088 3568 bibi
1124 3515 1302 3569 vinum
1338 3532 1509 3570 meum
1539 3532 1659 3570 cum
1682 3515 1818 3569 lacte

236 3609 439 3663 nico".
494 3609 681 3663 Viden‘
713 3606 952 3663 Verbum
1008 3606 1076 3660 ad
1124 3591 1346 3661 omnem
1397 3615 1611 3663 aetatem
1647 3607 1818 3661 emis-

228 3701 402 3754 sum?
450 3700 606 3767 Quod
648 3698 851 3755 Judieis
876 3697 1098 3771 quidem
1131 3697 1665 3767 utpote.infantibus
1708 3699 1818 3754 mel

238 3801 290 3847 et
312 3792 400 3848 lac
427 3793 481 3847 in
502 3793 821 3848 alimentum
850 3793 1121 3862 praebeat;
1151 3792 1256 3846 mel
1290 3800 1345 3847 et
1374 3792 1458 3848 lac
1480 3807 1606 3848 cuin
1632 3792 1813 3858 audis,

237 3882 410 3954 legem
442 3884 735 3950 existima;
792 3900 917 3939 nam
968 3884 1102 3955 ipsis
1154 3893 1341 3953 utpote
1384 3882 1690 3941 infantibus
1732 3885 1816 3941 lac

236 3978 426 4033 datum
469 3987 585 4042 est;
622 3976 875 4047 perfectis
913 3993 1044 4033 vero
1074 3978 1232 4047 panis
1272 3987 1327 4033 et
1367 3978 1554 4032 vinum
1600 3977 1812 4033 datum.

237 4071 425 4127 Solida
456 4070 602 4126 enim
647 4084 772 4127 esca
812 4080 898 4126 est
950 4070 1108 4141 panis
1148 4080 1311 4140 atque
1354 4070 1567 4135 vinum,
1605 4070 1815 4125 scilicet

235 4161 612 4233 Evangelium.
636 4159 1003 4227 Quamobrem
1032 4159 1255 4228 pulchre
1287 4157 1538 4213 Salvator
1561 4160 1641 4215 ait
1665 4178 1679 4215 :
1706 4157 1814 4213 Co-

228 4255 373 4309 medi
404 4270 592 4324 panem
624 4269 796 4308 meum
824 4268 943 4307 cum
971 4250 1122 4306 melle
1152 4268 1286 4319 meo,
1312 4251 1419 4305 bibi
1445 4252 1621 4306 vinum
1642 4268 1813 4306 meum

236 4362 356 4400 cum
400 4347 535 4401 lacte
564 4362 696 4401 meo.
732 4344 922 4401 Viden’
968 4358 1080 4415 quo
1127 4354 1288 4414 pacto
1330 4345 1531 4417 ubique
1574 4344 1813 4415 idipsum

235 4436 420 4491 dicat?
469 4437 645 4506 Ipsius
683 4435 830 4492 enim
878 4443 964 4493 est
1011 4445 1125 4491 tam
1170 4432 1383 4490 Novum
1427 4449 1592 4505 quam
1642 4433 1814 4490 Vetus

238 4527 667 4584 Testamentum.
720 4525 845 4584 ideo
884 4543 967 4584 vae
1003 4527 1206 4584 Judaeis
1247 4527 1341 4598 qui
1372 4527 1479 4582 mel
1520 4534 1576 4582 et
1605 4527 1690 4581 lac
1720 4542 1815 4582 eo-

1535 3328 1812 3400 Myrrham
1840 3335 1882 3391 C
1983 3328 2037 3382 7.
2073 3327 2172 3382 Διά
2207 3328 2365 3382 τοῦτο
2394 3328 2573 3393 καλῶς
2605 3328 2791 3399 λέγει’
2841 3329 2997 3397 Ἑτρι

2073 3327 2172 3382 Διά
2207 3328 2365 3382 τοῦτο
2394 3328 2573 3393 καλῶς
2605 3328 2791 3399 λέγει’
2841 3329 3185 3398 Ἐτρύγησα
3226 3330 3505 3399 σγμύρνιιι⁹

1915 3435 2034 3488 μου
2055 3417 2208 3487 μετὰ
2228 3416 2565 3488 ἀρωμάτων“
2576 3436 2695 3489 μου
2718 3435 2735 3451 ο
2758 3420 2987 3490 ἔφαγον
3011 3418 3198 3489 ἄρτον
3214 3438 3339 3489 μου
3357 3419 3502 3489 μετὰ

1913 3509 2158 3580 μέλιτός
2171 3527 2292 3580 μου
2308 3527 2321 3540 '
2343 3511 2517 3565 ἔπιον
2535 3507 2704 3567 οἶνόν
2714 3530 2833 3581 μου
2847 3512 2999 3581 μετὰ
3025 3514 3332 3583 γάλακτός
3363 3531 3499 3584 μου.

1920 3603 2155 3675 Θεωρεῖς
2183 3603 2275 3657 τὸν
2299 3604 2469 3672 Λόγον
2499 3605 2589 3658 τὸν
2617 3603 2754 3676 πρὸς
2781 3606 2960 3659 πᾶσαν
2992 3604 3214 3676 ἠλικίαν
3246 3606 3501 3678 γιγνόμε-

1920 3712 2044 3762 νον;
2084 3697 2179 3750 καὶ
2208 3698 2321 3761 τοῖς
2366 3696 2639 3762 Ἰουδαίοις
2662 3697 2874 3768 νηπίοις
2909 3693 3062 3752 οὖσιν
3090 3699 3272 3764 διδοὺς
3299 3699 3503 3772 τροφὴν

1922 3788 2043 3859 μέλι
2074 3790 2166 3843 καὶ
2187 3788 2329 3859 γάλα
2348 3807 2361 3821 ·
2390 3789 2511 3862 μέλι
2540 3790 2597 3844 δὲ
2619 3790 2712 3843 καὶ
2728 3788 2868 3859 γάλα
2894 3791 2991 3844 ἐὰν
3022 3790 3288 3865 ἀκούσῃς,
3314 3793 3405 3847 τὸν
3428 3792 3505 3846 νό-

1922 3900 2021 3955 μον
2069 3883 2288 3955 νόμιζε⁹
2323 3882 2400 3947 ὡς
2446 3880 2553 3954 γὰρ
2598 3883 2812 3954 νηπίοις
2856 3884 3038 3947 αὐτοῖς
3077 3878 3232 3938 οὖσιν
3263 3884 3417 3955 ἐδόθη
3444 3884 3503 3938 τὸ

1917 3973 2094 4042 γάλα·
2132 3976 2245 4037 τοῖς
2286 3972 2345 4026 δὲ
2383 3972 2610 4036 τελείοις
2668 3974 2695 4025 ὁ
2727 3972 2891 4045 ἄρτος
2913 3974 3007 4027 καὶ
3034 3974 3063 4025 ὁ
3091 3969 3238 4037 οἶνος
3268 3974 3497 4028 δίδοταιθ

1919 4065 2115 4138 στερεὰ
2145 4065 2254 4137 γάρ
2282 4067 2399 4118 ἐστι
2425 4064 2597 4136 τροφὴ
2614 4066 2708 4119 καὶ
2728 4065 2756 4117 ὁ
2782 4066 2946 4137 ἄρτος
2970 4067 3064 4120 καὶ
3087 4069 3118 4120 ό
3147 4062 3317 4131 οἶνος,
3341 4084 3494 4121 τουτ-

1917 4158 2031 4211 έστι
2073 4157 2134 4211 τὸ
2184 4158 2532 4227 Εὐαγγέλιον.
2585 4157 2684 4211 Διὰ
2722 4158 2881 4212 τοῦτο
2925 4159 3108 4212 τοίνυν
3140 4159 3328 4225 καλῶς
3359 4160 3497 4229 λέγει

1916 4254 1945 4305 ό
1976 4251 2200 4323 Σωτήρ·
2262 4252 2523 4320 Ἔφαγιον
2550 4250 2733 4319 ἄρτον
2756 4269 2877 4321 μου
2910 4251 3062 4321 μετὰ
3090 4252 3344 4322 μέλιτός
3362 4270 3493 4322 μου,

1917 4346 2092 4399 ἔπιον
2116 4347 2282 4400 οἶνόν
2306 4364 2426 4417 μου
2460 4347 2610 4416 μετὰ
2635 4346 2931 4417 γάλακτός
2945 4364 3084 4415 μου.
3122 4346 3366 4418 Θεωρεῖς
3386 4346 3493 4409 πῶς

1920 4438 2193 4510 πανταχοῦ
2219 4439 2401 4507 λέγει;
2427 4439 2602 4492 Αὑτοῦ
2636 4440 2744 4511 γάρ
2783 4440 2897 4493 ἐστι
2930 4441 3026 4493 καὶ
3064 4440 3096 4509 ὴ
3137 4440 3317 4511 Καινὴ
3350 4441 3490 4509 καὶὴ

1917 4531 2148 4585 Παλαιά.
2176 4532 2274 4586 Διὰ
2297 4531 2455 4585 τοῦτο
2474 4532 2596 4586 οὐαὶ
2616 4536 2728 4596 τοῖς
2754 4533 3026 4596 Ἰουδαίοις
3046 4536 3162 4597 τοῖς
3176 4534 3240 4587 τὸ
3266 4534 3385 4604 μὲλι
3405 4533 3491 4586 καὶ

238 4620 480 4674 meduni.
522 4618 787 4674 Similiter
840 4627 897 4674 et
951 4617 1237 4673 Manichaei
1275 4632 1471 4687 panem
1515 4626 1571 4672 et
1623 4617 1700 4671 νὶιι

2026 4643 2059 4678 α
2089 4623 2383 4678 ἐσθίουσιν.
2454 4624 2727 4689 Ὡσαύτως
2759 4625 2815 4679 δὲ
2856 4626 2948 4680 καὶ
2980 4627 3031 4679 οἱ
3070 4627 3367 4697 Μανιχαῖοι
3404 4624 3488 4679 τὸν

234 4714 436 4781 edunt;
480 4713 749 4768 catholica
801 4720 984 4768 autem
1030 4685 1286 4766 Ecclesia
1302 4709 1395 4765 illa
1429 4710 1538 4765 duo
1573 4725 1684 4766 una

2024 4732 2078 4768 ον
2109 4716 2205 4769 καὶ
2240 4715 2331 4769 τὸν
2370 4711 2518 4769 οῐνον
2559 4685 2862 4769 ἐσθίουσινο
2901 4718 2934 4787 ὴ
2965 4715 3023 4769 δὲ
3051 4685 3337 4789 Καθολικὴ
3375 4717 3486 4770 Ἐκ-

236 4808 440 4874 rnedit,
497 4821 693 4878 panem
750 4820 876 4861 cum
930 4805 1112 4871 melle,
1163 4803 1411 4874 bibitque
1447 4804 1637 4860 vinum
1684 4819 1698 4859 ι

2024 4806 2116 4861 σία
2145 4807 2216 4861 τὰ
2243 4805 2336 4861 δύο
2359 4805 2493 4878 ὁμοῦ
2526 4805 2717 4871 ἐσθίει,
2751 4806 2841 4859 τὸν
2868 4806 3030 4878 ἄρτον
3060 4808 3201 4877 μετὰ
3220 4808 3318 4862 τοῦ
3352 4807 3486 4880 μέλι-

233 4901 393 4955 iacte.
430 4899 496 4954 Et
530 4915 658 4954 cum
704 4912 899 4971 panem
931 4897 1294 4965 comedimus,
1328 4912 1439 4952 una
1473 4913 1599 4955 cum
1631 4896 1695 4954 Vt

2025 4942 2028 4958 ι
2056 4901 2151 4954 καὶ¹
2176 4899 2321 4954 πίνει
2347 4899 2439 4953 τὸν
2462 4893 2607 4953 οἶνον
2636 4899 2776 4971 μετὰ
2811 4897 2906 4953 τοῦ
2942 4899 3252 4969 γάλακτοςο
3277 4902 3370 4956 καὶ
3405 4902 3487 4953 ta-

236 4993 340 5047 mel
364 4994 493 5048 item
519 4991 882 5048 absumimus.
919 4989 1197 5060 Scriptum
1240 4988 1369 5045 item
1410 4987 1515 5045 fuit
1548 4998 1608 5044 ut
1636 5005 1698 5060 ag

2023 5008 2119 5056 ντες
2155 4991 2255 5061 μὲν
2282 4993 2373 5045 τὸν
2401 4992 2563 5063 ἄρτον
2611 4990 3072 5063 συναναλίσκομεν
3116 4992 3198 5063 τῷ
3228 4992 3372 5065 λόγῳ
3399 4995 3485 5047 καὶ

232 5084 295 5139 in
334 5083 544 5139 Pascha
590 5083 988 5140 comederetur.
1046 5082 1262 5153 Agnum
1311 5083 1499 5152 itaque
1541 5096 1694 5137 sumo

2015 5082 2135 5135 ιέλι.
2155 5084 2265 5135 Καὶ
2277 5082 2337 5136 τὸ
2354 5081 2626 5156 πρόϐατον
2650 5083 2958 5153 γέγραπται
2976 5080 3182 5138 ἐσθίειν
3196 5084 3260 5139 τὸ
3282 5086 3477 5156 Πάσχα.

234 5194 357 5233 cum
390 5177 511 5247 ipso
551 5175 725 5232 Verbo
752 5175 1059 5242 manduco;
1090 5189 1191 5229 nec
1227 5188 1430 5246 agnum
1470 5172 1647 5229 solum
1680 5187 1696 5229 ι

2024 5174 2191 5228 ιϐάνω
2219 5174 2280 5229 τὺ
2309 5174 2578 5249 πρόϐατον
2602 5176 2697 5230 καὶ
2729 5175 3104 5230 συναναλίσκω
3126 5179 3264 5233 αὐτὸ
3294 5178 3371 5250 τῷ
3394 5178 3486 5232 Λο-

234 5271 328 5325 sed
354 5270 517 5324 etiam
536 5268 798 5332 Verbum,
822 5268 965 5338 quod
989 5267 1134 5322 sicut
1157 5281 1333 5337 agnus
1362 5265 1433 5322 ad
1468 5265 1696 5322 occisia:

2020 5281 2023 5293 ι
2061 5264 2155 5317 καὶ
2186 5265 2287 5318 οὐκ
2318 5265 2483 5320 ἐσθίω
2508 5268 2570 5320 τὸ
2598 5266 2867 5339 πρόϐατον
2889 5267 3050 5337 μόνον
3068 5307 3083 5331 ,
3116 5267 3257 5323 ἀλλὰ
3282 5271 3374 5324 καὶ
3401 5268 3482 5321 τὸν

234 5359 458 5416 ductum
516 5370 614 5413 est.
677 5358 804 5414 Ideo
850 5357 1081 5428 pulchre
1140 5358 1321 5413 dicit:
1358 5356 1575 5412 ϐουπεάὶ
1617 5373 1696 5426 pa:

2022 5357 2280 5426 πρόϐατον
2303 5359 2396 5413 ἐπὶ
2425 5360 2641 5433 σφαγὴν
2664 5360 2929 5431 ἀγόμενον
2960 5359 3157 5430 Λόγον.
3216 5363 3317 5416 Διὰ
3342 5361 3484 5415 τοῦτο

238 5465 406 5511 meum
436 5463 551 5503 cum
584 5448 733 5502 melle
754 5462 891 5509 meo,
921 5455 970 5501 et
995 5446 1101 5501 bibi
1127 5448 1307 5525 vinu_m
1332 5464 1501 5505 meum
1528 5463 1648 5502 cum
1668 5448 1700 5501 ι.

2020 5448 2097 5513 ὣς
2140 5449 2321 5519 λέγει·
2375 5452 2643 5520 Ἕφιιγον
2677 5451 2861 5520 apter
2896 5468 3010 5520 μου
3055 5454 3213 5521 μετὰ
3253 5453 3482 5526 μέλιτός

235 5557 346 5594 meo
371 5556 391 5594 :
424 5548 477 5594 et
514 5538 692 5592 subito
721 5534 1072 5608 prosequitur
1101 5558 1114 5595 :
1149 5538 1435 5607 Comedite,
1472 5540 1633 5597 vicini
1682 5556 1697 5592 ι

2018 5564 2063 5609 ρ,
2117 5545 2214 5600 καί
2261 5546 2436 5601 ἔπιον
2461 5541 2629 5601 οἶνόν
2670 5562 2789 5614 μου
2820 5546 2971 5615 μετὰ
3016 5544 3322 5617 γάιακτός
3341 5562 3480 5618 μον

305 5787 351 5817 ’δ
387 5783 509 5839 Psal
561 5797 713 5852 nix,
752 5781 840 5837 ιο.
917 5785 965 5817 ⁷⁵
994 5785 1150 5842 Cant.
1193 5802 1246 5853 τ,
1272 5787 1326 5842 1.
