3702 6384
120 252 123 259 ’
204 271 332 327 1561
1358 268 1782 329 FRAGMENTA
1806 272 1871 328 IN
1898 269 2288 328 MATIIEUM.
2700 300 2705 305 -
3316 276 3448 331 ηδε

201 385 295 439 καὶ
322 383 530 449 εὐθέως
579 383 760 454 λέγει·
813 385 1033 457 Φὰγετε
1055 429 1070 450 ,
1105 389 1159 443 ol
1198 389 1462 455 πλησίον
1490 406 1611 461 μου
1632 428 1646 453 ,

1986 388 2170 453 bibite,
2218 386 2589 452 inebriamini,
2646 389 2841 458 fratres
2868 389 2934 441 ".
2978 388 3111 444 Vide
3154 404 3264 458 quo
3294 403 3448 457 pacto

202 474 398 539 alere,
427 475 526 529 καί
566 476 906 545 μεθύσθητε
926 516 941 540 ,
987 474 1256 547 ἀδελφοί.
1301 478 1397 531 ’ἰδὲ
1425 478 1515 531 τὸν
1549 479 1664 532 Σωτ

1988 485 2136 532 vator
2161 474 2464 533 infantibus
2492 478 2773 549 praecipiat
2800 487 2861 535 ut
2883 480 3191 545 comedant,
3224 480 3450 549 majori-

204 566 322 632 πῶς
368 567 586 641 νηπίοις
634 568 1003 640 παραγγέλλει
1044 573 1235 640 φαγεῖν
1254 586 1268 602 '
1303 573 1413 634 τοῖς
1463 571 1519 625 δὲ
1567 571 1666 642 μεθ

1996 568 2163 632 dicat,
2181 565 2249 621 Et
2267 567 2460 633 bibite;
2484 568 2838 640 perfectis,Et
2864 570 3221 635 inebriamini,
3236 570 3447 639 fratres.

202 659 348 728 λέγει
369 703 382 723 ,
420 659 531 713 Καὶ
571 660 767 714 πιετε’
807 664 920 726 τοῖς
943 660 1000 714 δὲ
1028 662 1254 727 τελείοις
1285 661 1469 733 ἔλεγεν
1488 704 1502 730 ,
1535 665 1616 719 ὅτι
1666 664 1776 718 Kal

198 752 559 823 μεθύσθητε,
582 751 852 823 ἀδελφοί.
886 753 1100 824 Ἀμέλει
1120 771 1184 823 γε
1206 755 1433 820 Παῦλος,
1457 756 1657 820 τέλειος
1681 755 1777 824 ὢν,

205 840 299 896 καὶ
334 842 745 914 μεμεθυσμένος
788 844 888 915 τὴν
917 843 1068 898 θείαν
1100 845 1304 919 ταύτην
1339 846 1530 919 μέθην,
1560 846 1776 916 ἐλεγενο

204 931 343 986 Εἴτε
402 931 515 1002 γὰρ
566 932 896 1005 ἐξέστημεν
956 933 1111 1000 Θεῷ,
1175 937 1294 991 εἴτε
1350 935 1780 1008 σωφρονοῦμεν

204 1018 365 1092 ὑμῖν.
405 1023 498 1095 Μὴ
525 1024 753 1097 νομίσῃς
776 1025 831 1079 δὲ
859 1025 1040 1090 αὐτὸν,
1071 1028 1153 1081 ὅτι
1177 1027 1286 1082 ἀπὸ
1309 1028 1452 1082 οἴνου
1482 1026 1547 1102 ἦν
1574 1028 1779 1096 ἐξιστά-

209 1130 366 1182 μενος
385 1132 398 1144 ’
423 1114 584 1179 αὐτὸς
613 1114 720 1187 γὰρ
742 1116 1102 1187 παρήγγειλε*
1132 1118 1229 1187 Μὴ
1257 1119 1587 1189 μεθύσκετε
1613 1121 1776 1186 οϊνῳ,

205 1204 276 1258 ἐν
296 1199 346 1273 ᾧ
368 1206 541 1260 ἐστιν
565 1208 791 1262 ἀσωτία
807 1225 821 1239 ο
842 1208 979 1275 ἀλλ’,
1013 1210 1225 1282 Ὀλίγῳ
1249 1212 1393 1279 οἴνῳ
1415 1210 1536 1280 χρῶ
1553 1211 1651 1267 διὰ
1671 1211 1776 1266 τὸν

205 1300 519 1368 στόμαχόν
543 1315 684 1359 σου.
706 1302 951 1374 Τιμοθέῳ
972 1303 1173 1377 γράφει
1189 1321 1204 1337 ο
1227 1306 1276 1357 εί
1299 1304 1355 1357 δὲ
1375 1304 1554 1368 ἄλλοις
1576 1321 1783 1376 παραγ-

207 1389 406 1458 γέλλει,
426 1392 579 1464 πόσῳ
604 1393 799 1465 μᾶλλον
820 1394 1029 1465 ὲαυτῷς
1060 1395 1293 1460 Ἐκεῖνος
1311 1395 1419 1469 γὰρ
1445 1395 1779 1469 μεμεθυσμέ-

206 1498 297 1547 voc
331 1478 401 1554 ἦν
433 1483 605 1555 καλὴν
630 1485 725 1539 καὶ
751 1484 899 1539 θείαν
926 1486 1032 1540 ἀπὸ
1056 1487 1149 1542 τοῦ
1174 1488 1348 1557 Λόγου
1383 1488 1570 1558 μέθην.
1607 1488 1784 1542 Γένοι-

206 1588 271 1625 το
321 1572 379 1626 δὲ
419 1574 513 1627 καὶ
558 1576 706 1645 ἡμᾶς
756 1576 1221 1649 συναριθμηθῆναι
1279 1579 1396 1649 μετ’
1429 1578 1594 1632 αὑτοῦ
1627 1581 1684 1632 ὲν
1714 1581 1782 1651 τῇ

1881 660 2024 718 Sane
2054 660 2259 717 Paulus
2308 676 2433 717 cum
2486 661 2761 733 perlectus
2812 671 2981 728 esset,
3034 668 3089 717 et
3135 661 3318 717 divina
3348 662 3453 716 ista

1879 756 2141 811 ebrietate
2166 755 2395 825 plenus,
2441 754 2654 822 dicebat
2684 774 2697 810 :
2724 754 2844 811 Sive
2871 756 3007 810 enim
3038 767 3207 809 meme
3242 755 3453 809 excedi-

1881 863 1998 901 mus
2053 847 2159 902 Deo
2181 888 2198 912 ,
2247 847 2355 901 sive
2400 848 2659 917 sapientes
2694 864 2875 902 sumus
2904 849 3045 902 vobis
3075 847 3145 901 ⁷⁷.
3185 846 3262 903 Ne
3294 854 3454 917 putes

1883 947 2062 995 autem
2102 939 2255 993 illum
2289 939 2558 994 exhausto
2597 940 2727 997 vino
2753 950 2935 994 meme
2969 938 3301 1005 excessisse;
3338 937 3456 1008 ipso

1884 1046 2121 1102 namque
2155 1030 2413 1102 praecepit
2438 1032 2525 1087 his
2546 1028 2729 1089 Verbis
2757 1049 2771 1086 :
2806 1031 2986 1086 Nolite
3015 1030 3271 1086 inebriari
3311 1032 3453 1095 vino,

1884 1124 1939 1180 in
1968 1141 2070 1196 quo
2105 1133 2182 1179 est
2222 1123 2439 1178 luxuria
2467 1124 2513 1156 ⁷⁸
2550 1143 2564 1179 :
2601 1128 2696 1180 sed
2730 1122 3017 1179 Timotheo
3049 1122 3280 1179 scribit:
3321 1118 3456 1174 Vino

1884 1216 2091 1269 modico
2124 1226 2270 1270 utere
2297 1222 2512 1285 propter
2556 1215 2886 1270 stomachum
2937 1224 3086 1270 tuum
3126 1214 3193 1268 ⁷⁸.
3225 1210 3382 1279 Quod
3408 1211 3456 1266 si

1886 1307 2009 1363 aliis
2059 1307 2164 1363 hoc
2213 1306 2531 1377 praecipiat,
2570 1316 2779 1377 quanto
2840 1308 3015 1379 magis
3059 1304 3312 1376 sibiipsi?
3364 1304 3458 1357 Illo

1885 1397 2087 1469 quippe
2135 1395 2439 1453 inebriatus
2485 1406 2604 1452 erat
2653 1396 2797 1452 bona
2850 1396 2940 1450 illa
2979 1404 3035 1450 et
3073 1395 3259 1450 divina
3292 1391 3457 1448 Verbi

1886 1488 2171 1543 ebrietate.
2216 1485 2375 1542 Fasit
2412 1495 2596 1543 autem
2630 1485 2806 1552 Deus,
2852 1497 2912 1542 ut
2950 1500 3051 1542 nos
3083 1500 3207 1541 cum
3237 1484 3332 1539 illo
3355 1498 3459 1538 an-

1887 1594 2239 1635 numeremur
2287 1578 2342 1633 in
2378 1593 2550 1649 regno
2588 1579 2891 1645 caelorum,
2939 1579 2995 1634 in
3048 1576 3267 1634 Christo
3304 1574 3457 1630 .lesu.

214 1661 457 1738 βασιλείᾳ
482 1664 592 1719 τῶν
622 1666 865 1737 οὐρανῶν
894 1670 952 1721 ἐν
981 1669 1203 1741 Χριστῷ
1243 1668 1438 1741 Ἰησοῦ.
1510 1668 1704 1742 Ἀμήν.
1819 1713 1858 1742 η
1888 1671 2084 1726 Amen.

1817 1713 1859 1768 Β

288 1842 525 1902 “Cant.
565 1861 619 1912 ν,
664 1845 715 1901 Ι.
793 1846 839 1879 ⁷⁷
880 1845 923 1900 ιι
957 1845 1085 1903 Cor.
1122 1846 1291 1914 v.13.
1363 1848 1408 1880 ⁷³
1443 1846 1644 1920 Ephes.
1671 1866 1726 1918 ν,

957 1845 1085 1903 Cor.
1122 1846 1291 1914 v.13.
1363 1848 1408 1880 ⁷³
1443 1846 1644 1920 Ephes.
1671 1866 1726 1918 ν,
1769 1850 1858 1905 l8.
1933 1851 1979 1882 "
2009 1849 2027 1904 ι
2067 1847 2212 1903 Tim.
2235 1864 2290 1916 ν,
2315 1835 2405 1904 23.

230 2043 3457 2075 WM

1545 2234 2130 2330 MONITUM

922 2450 990 2510 IN
1023 2449 1392 2511 SERMONES
1421 2448 1576 2508 SlVE
1615 2444 2171 2506 COMMENTARIOS
2204 2444 2274 2503 IN
2318 2441 2756 2502 MATTHEUM.

295 2815 382 2873 An
408 2812 731 2870 Athanasius
759 2827 1046 2877 sermones,
1075 2810 1182 2866 sive
1203 2811 1605 2865 commentarios
1631 2808 1684 2863 in
1703 2807 2013 2863 Mutthaeum
2033 2803 2255 2869 dederit,
2269 2817 2445 2867 necne,
2466 2815 2522 2857 re
2540 2814 2608 2855 ea:
2626 2796 2940 2869 coniecturis
2967 2794 3142 2850 solum
3159 2790 3472 2863 ponderata,

224 2913 355 2970 olim
384 2912 646 2984 ambigere
670 2911 753 2982 fas
774 2918 923 2975 erat,
947 2908 1205 2979 siquidem
1230 2916 1434 2963 catena
1462 2906 1519 2962 in
1543 2904 1901 2976 Evangelium
1936 2900 2196 2966 Matthaei,
2221 2893 2788 2954 Athanasii'nannulla
2815 2891 3264 2962 circumferentes,
3291 2898 3475 2943 notato

226 3008 398 3066 solum
429 3008 708 3063 Athanasii
735 3006 962 3069 nomine,
988 3018 1082 3057 nec
1109 3002 1513 3070 commentaria,
1543 3018 1637 3057 nec
1665 3015 1927 3057 sermones
1966 2998 2277 3054 homiliasve
2318 2994 2705 3048 memorabant.
2747 2989 2812 3045 Et
2854 2990 2981 3062 quia
3023 2988 3254 3042 locorum
3288 2986 3474 3056 hujus-

229 3102 395 3162 modi,
421 3099 662 3171 quadam
692 3106 843 3152 erant
876 3111 940 3150 ex
967 3093 1210 3165 operibus
1230 3092 1351 3164 jam
1373 3096 1512 3152 cusis
1538 3104 1806 3166 excerpta,
1832 3093 1956 3147 hinc
1989 3092 2118 3146 mihi
2146 3089 2376 3145 subotnit
2406 3098 2618 3150 ctetera,
2650 3101 2767 3155 qua:
2799 3085 2854 3138 in
2886 3081 3043 3138 editis
3070 3096 3173 3135 non
3198 3078 3479 3135 exstabant

228 3209 293 3252 ea:
312 3193 524 3249 amissis
551 3193 724 3246 sancti
750 3190 990 3247 Doctoris
1020 3190 1260 3261 operibus
1283 3191 1590 3259 deprompta
1620 3187 1803 3257 fuisse.
1833 3183 1869 3239 Ι
1874 3200 1961 3238 am
2003 3197 2124 3238 vero
2153 3180 2323 3235 omnis
2367 3177 2671 3248 suspicandi
2709 3175 2789 3230 vel
2823 3174 3121 3246 ambigendi
3148 3188 3311 3228 causa
3338 3171 3481 3225 leva-

232 3302 320 3346 tur
348 3306 368 3346 :
405 3292 462 3344 in
507 3288 770 3343 codicibus
798 3289 936 3342 enim
985 3305 1104 3343 cum
1152 3287 1363 3342 Italicis
1399 3294 1510 3357 tum
1538 3283 1782 3349 Gallicis,
1831 3284 1888 3337 in
1932 3295 2062 3352 quos
2107 3278 2201 3333 sub
2248 3276 2359 3331 hinc
2391 3273 2699 3339 incidimus,
2732 3270 3115 3327 commentaria
3139 3276 3188 3322 et
3217 3280 3478 3357 sermones

231 3379 516 3436 Athanasii
565 3379 619 3433 in
666 3378 979 3434 Mattlneum
1030 3379 1225 3434 diserte
1274 3386 1565 3433 memorata
1605 3374 2078 3446 deprehendimus;
2107 3372 2215 3425 imo
2243 3369 2403 3425 etiam
2431 3381 2498 3422 ea:
2530 3380 2768 3421 sermone
2796 3360 2941 3418 sexto
2962 3368 3013 3416 et
3039 3374 3174 3414 nono
3198 3356 3266 3410 ad
3296 3372 3483 3410 manu-

230 3477 547 3546 scriptorum
575 3473 732 3544 ﬁdem
754 3490 859 3528 non
887 3489 1058 3544 pauca
1087 3472 1299 3528 damus.
1328 3471 1442 3526 Nec
1472 3473 1686 3536 mirum,
1716 3470 1854 3541 quod
1881 3469 1991 3523 haec
2018 3464 2591 3528 commentaria,modo
2620 3460 2927 3533 ἑρμηνείαι,
2954 3461 3060 3516 sive
3081 3455 3482 3528 interpretatio-

234 3585 351 3636 nes,
383 3570 539 3623 modo
567 3568 716 3638 λόγοι
746 3570 854 3623 sive
883 3583 1186 3634 sermones,
1207 3576 1300 3621 aut
1331 3564 1518 3621 melius
1543 3564 1667 3621 libri
1692 3564 2002 3619 vocitentur.
2036 3559 2309 3616 Hicvenim
2340 3574 2450 3613 mos
2475 3555 2777 3612 Graecorum
2803 3565 2903 3617 est,
2930 3563 2986 3609 ut
3008 3552 3217 3624 prolixa
3246 3566 3405 3621 opera
3433 3556 3483 3601 et

236 3666 608 3737 συντάγματα,
637 3667 693 3720 in
715 3664 928 3734 λόγους,
964 3666 1070 3720 sive
1100 3663 1262 3719 libros
1295 3662 1640 3717 distribuant.
1672 3659 1791 3727 Qua
1827 3660 2033 3714 ratione
2055 3656 2149 3711 illa
2177 3660 2231 3710 in
2271 3653 2586 3710 Mattbmum
2620 3649 2990 3721 interpretatio
3014 3649 3068 3702 in
3095 3647 3299 3737 multos
3319 3643 3481 3697 libros

232 3761 341 3815 sive
372 3735 634 3815 sermones
659 3759 910 3813 distincta
935 3758 1058 3829 fuit.
1084 3757 1152 3813 Et
1178 3772 1295 3812 vero
1320 3756 1554 3811 videmus
1584 3757 1638 3810 in
1669 3773 1693 3809 s

2019 3794 2026 3815 ,
2059 3753 2124 3804 ἐκ
2153 3750 2252 3821 τῆς
2284 3745 2587 3819 ἑρμηνείας
2614 3742 2707 3798 τοῦ
2739 3740 2881 3796 κατὰ
2923 3739 3199 3795 λίίατθαῖον
3236 3735 3481 3802 Εὐαγγε-

233 3852 350 3906 λίου
390 3852 551 3921 λόγον
583 3859 657 3918 ς’,
702 3866 768 3907 ex
798 3853 1250 3923 interpretatione
1298 3851 1574 3924 Evangelii
1608 3850 1913 3906 secundum
1950 3846 2263 3902 Mattbaeum
2310 3857 2621 3900 sermonem
2679 3849 2894 3896 sextum
2940 3836 3145 3907 afferri.
3182 3835 3313 3899 Quae
3357 3844 3487 3924 sane

234 3960 649 4006 commonstrant
686 3951 751 4005 iis
785 3922 1013 4013 vocibus,
1045 3948 1312 4021 ἑρμηνεία
1333 3957 1382 4003 et
1408 3922 1587 4017 λόγος,
1616 3962 1733 4017 qua:
1762 3943 2048 4000 Athanasii
2076 3936 2599 4011 interpretationibus
2639 3936 3073 4006 praemittuntur,
3106 3929 3243 3983 idem
3275 3922 3485 3996 signiﬁ-

235 4048 350 4100 cari
375 4061 527 4115 opus.
3086 4120 3097 4127 Δ
3143 4117 3156 4127 _
3310 4113 3342 4127 η

312 4140 519 4196 Horum
546 4140 723 4211 itaque
745 4141 1236 4195 commentariorum
1251 4140 1370 4212 jam
1399 4141 1695 4212 fragmenta
1721 4138 1922 4210 aliquot
1950 4152 2014 4192 ea:
2043 4132 2422 4203 manuscriptis
2447 4139 2497 4185 et
2528 4129 2728 4184 catenis
2758 4124 2855 4180 sub
2876 4125 3033 4193 ﬁnem
3063 4117 3342 4175 Athanasii
3364 4127 3487 4212 fit”:

236 4235 383 4292 ribus
408 4234 691 4299 edidimus,
721 4232 812 4289 sed
840 4232 1140 4303 plerumque
1166 4249 1355 4303 manca
1381 4243 1430 4288 et
1461 4233 1657 4287 lacera.
1690 4231 1823 4288 Cum
1850 4246 2007 4300 porro
2034 4228 2201 4283 multa
2228 4227 2406 4297 plura,
2437 4222 2768 4279 inobservata
2790 4215 2991 4288 pridem
3019 4227 3083 4267 ea:
3113 4205 3486 4303 manuscriptis

238 4341 405 4396 nuper
426 4324 765 4387 accesserint,
789 4323 859 4378 ad
888 4324 1123 4377 nativum
1151 4298 1389 4379 ordiriem
1419 4325 1599 4378 omnia
1632 4327 1984 4379 restitutmus.
2011 4319 2309 4390 Fateorque
2340 4328 2515 4371 tamen
2546 4329 2646 4379 me,
2667 4311 2792 4382 quia
2823 4303 3128 4371 compendio
3161 4296 3372 4396 studere
3404 4309 3490 4347 so-

240 4393 398 4481 leam,
424 4415 739 4484 aliquandiu
763 4415 993 4484 haesisse,
1014 4432 1138 4469 num
1160 4416 1344 4471 isthcec
1370 4431 1544 4470 recens
1569 4426 1719 4471 eruta
1749 4428 1975 4481 tantum,
2001 4415 2371 4487 prwtcrmissis
2399 4413 2520 4467 aliis
2534 4411 2654 4480 jam
2680 4406 2858 4467 editis,
2887 4400 3164 4469 seiunctim
3183 4393 3424 4499 δάεν-ενιιὶ
3439 4397 3491 4446 et

240 4512 487 4570 lectorem
507 4507 728 4563 subinde
754 4510 823 4563 ad
848 4509 968 4579 jam
1005 4511 1149 4565 edita
1180 4513 1515 4568 remitterem.
1550 4513 1622 4566 At
1651 4525 1762 4568 tum
1796 4516 2091 4569 amicorum
2120 4528 2305 4576 suasu,
2333 4520 2443 4564 tum
2474 4514 2678 4576 meopte
2707 4496 2926 4557 consilio
2957 4509 3020 4548 ac
3058 4499 3212 4555 nutu.
3234 4492 3491 4556 iml’o'm‘

243 4622 370 4661 uum
413 4603 721 4675 scrupulum
772 4602 963 4673 abegi;
1005 4603 1111 4658 sive
1158 4605 1284 4675 quia
1312 4620 1412 4657 non
1437 4605 1568 4658 satis
1611 4613 1827 4659 cautum
1857 4605 2068 4660 lectoris
2098 4616 2204 4658 OltO
2232 4600 2524 4665 videbatur,
2548 4599 2596 4652 si
2619 4600 2686 4650 ad
2712 4592 2860 4648 varia
2900 4585 3185 4642 identidem
3219 4586 3359 4684 loca:
3388 4592 3493 4631 ηοη

242 4698 386 4755 enim
410 4674 574 4751 simul
601 4697 800 4758 omnia,
828 4696 964 4749 inter
995 4674 1266 4766 legendum
1288 4696 1710 4763 amandaretur;
1736 4699 1841 4752 sive
1867 4697 2163 4768 prmsertim
2198 4696 2323 4766 quia
2353 4708 2525 4763 pauca
2546 4690 2643 4744 illa
2658 4686 2775 4758 jam
2809 4680 3095 4753 publicam.
3121 4684 3178 4729 αι
3207 4674 3494 4745 Plurimum

245 4787 420 4849 initio,
448 4785 619 4840 medio
639 4793 689 4838 et
714 4784 818 4854 ﬁne
842 4783 1032 4837 mutila
1057 4792 1201 4848 sunt,
1225 4800 1288 4838 ac
1312 4784 1576 4839 interdum
1598 4784 1760 4855 duplo
1787 4788 2045 4856 triploqne
2067 4784 2308 4838 auctiora
2330 4797 2395 4837 ea:
2421 4776 2797 4846 manuscriptis
2827 4770 3106 4843 prodeunt.

320 4876 463 4945 Quia
491 4890 609 4930 vero
637 4873 824 4939 solent,
853 4889 971 4942 quae
998 4874 1283 4945 peregrinis
1315 4876 1373 4928 in
1420 4873 1548 4929 locis
1576 4854 1815 4939 exstant,
1841 4854 2172 4945 peregrinum
2201 4871 2358 4940 olere,
2401 4869 2628 4940 fatemur
2662 4880 2755 4919 nos
2796 4866 2860 4918 de
2894 4863 3190 4933 fragmento
3221 4870 3284 4910 ea:
3324 4854 3493 4907 Atha-

244 4973 391 5039 nasii
418 4971 798 5026 commentario
830 4969 1032 5033 avulso,
1070 4968 1143 5025 De
1173 4985 1369 5026 novem
1401 4970 1800 5025 insanabilibus
1834 4968 2042 5024 morbis
2072 4965 2321 5029 Herodis,
2350 4981 2413 5018 ac
2440 4966 2579 5017 inter
2607 4960 2996 5017 Athanasiana,
3027 4972 3128 5027 quo
3157 4952 3267 5022 fors
3302 4949 3497 5039 tulerat

250 5063 508 5134 conjecto,
548 5061 834 5133 aliquando
869 5060 1158 5116 dubitasse.
1174 5061 1365 5117 Verum
1390 5061 1499 5127 ubi,
1518 5062 1730 5131 proprio
1750 5062 1805 5115 in
1831 5058 1945 5112 loco
1976 5058 2228 5127 positum,
2252 5054 2487 5126 con[erre
2517 5051 2665 5105 licuit
2700 5066 2821 5139 cum
2857 5047 2978 5100 aliis
3010 5040 3382 5139 in_biatlt:eum

253 5126 718 5226 terpretationibus
740 5150 975 5207 eamdem
1000 5152 1053 5204 in
1085 5166 1143 5204 eo
1174 5149 1334 5221 facile
1365 5126 1649 5204 Athanasii
1673 5165 1886 5204 manuni
1915 5147 2244 5217 agnovimus.
2270 5142 2403 5209 Quae
2433 5156 2590 5213 porro
2615 5139 2698 5192 hic
2739 5138 2803 5190 de
2841 5149 3016 5188 novem
3046 5129 3270 5226 Herodis
3286 5126 3500 5226 .morb-is

245 5219 468 5310 narrat,
504 5261 571 5302 ex
595 5244 824 5315 Iosepho
853 5243 936 5299 ad.
954 5219 1324 5313 verbumlpene
1353 5250 1626 5296 mutuatus
1671 5251 1746 5297 est
1788 5257 1808 5294 :
1830 5239 2038 5308 aliaque
2066 5237 2129 5292 de
2165 5236 2392 5291 Herodis
2437 5229 2706 5307 natalibus
2753 5226 2957 5282 erudite
2979 5241 3043 5278 ea:
3068 5223 3246 5278 eodem
3272 5219 3500 5289 Joseplto

252 5352 304 5400 et
324 5359 391 5399 ea:
409 5340 667 5411 Africano
695 5336 962 5391 edisserit.
2635 5386 2643 5393 .

330 5405 482 5487 Alius
511 5429 738 5500 fortasse
764 5426 1074 5481 suboriatur
1099 5419 1549 5491 scrupulus,quod
1580 5419 1649 5474 ad
1676 5418 2153 5490 interpretationem
2172 5416 2338 5481 illius,
2360 5435 2379 5469 ι
2403 5415 2558 5471 Beati
2579 5414 2773 5470 mundo
2789 5410 2943 5467 corde
2962 5410 3102 5478 θυι,
3126 5428 3146 5462 ι
3178 5405 3502 5500 Athanasius

256 5526 397 5585 illud
420 5497 569 5587 Jobi,
594 5541 613 5574 ι
639 5519 804 5576 Nemo
827 5518 1051 5573 mundus
1082 5534 1115 5571 a
1146 5520 1320 5582 sorde,
1350 5514 1559 5571 etiamsi
1584 5515 1739 5573 unius
1762 5514 1865 5570 diei
1886 5513 1993 5571 vita
2014 5512 2130 5582 ejus
2155 5512 2224 5568 sit
2253 5527 2407 5582 super
2433 5520 2625 5565 terram
2642 5510 2709 5580 ”,
2742 5528 2759 5562 ι
2783 5507 2845 5562 de
2862 5503 3105 5562 sordibus
3134 5500 3393 5572 corporeis
3418 5497 3504 5553 in-
3590 5504 3598 5513 ‘

334 5659 461 5704 ﬂ.“
488 5656 679 5716 blattb.
710 5672 761 5722 γ,
791 5656 842 5713 8.
917 5654 964 5689 ⁸³
992 5654 1093 5715 Job
1125 5670 1236 5725 XIV.
1272 5655 1324 5711 4-
