3702 6392
278 323 414 378 1335

1143 326 1201 383 S.
1242 326 1618 387 ATHANASII
1653 327 1805 388 OPP.
1846 328 2027 387 PARS
2064 328 2152 385 ΙΙΙ.
2196 361 2266 371 -
2304 328 2715 433 ΕΧΕςΕΤιῦΑ.

3388 329 3500 386 1366

274 440 610 513 telligemtum
638 452 850 515 pugnet,
879 452 1124 515 negetque
1151 453 1338 499 contra
1371 443 1742 500 hcereticorum
1772 444 2121 515 quorumdam
2151 443 2247 517 (sic
2276 444 2388 516 ille)
2416 446 2735 515 opinionem,
2763 445 3051 515 infantium
3091 445 3284 501 animis
3322 452 3501 514 sordes,

271 535 378 588 sive
411 549 626 605 peccata
656 539 844 593 inesse.
885 536 1099 604 Verum,
1133 547 1188 593 ut
1223 538 1333 609 ipse
1359 554 1450 594 nec
1477 538 1695 593 obscure
1722 537 2119 607 interpretatur,
2145 540 2210 592 de
2237 537 2479 593 sordibus
2502 540 2608 592 sive
2631 539 2858 607 peccatis
2885 538 3205 603 actualibns,
3232 549 3286 593 ut
3315 548 3500 605 vocant,

272 628 469 695 agitur,
499 645 614 698 qua:
636 630 800 684 inesse
828 630 1004 699 pueris
1036 645 1185 684 nemo
1220 647 1384 686 sanus
1418 630 1636 686 dixerit.
1656 630 1818 703 [Quod
1851 630 1898 684 si
1937 631 2054 701 quis
2083 642 2321 701 reponat,
2364 648 2459 685 cur
2478 630 2602 685 Jobi
2634 631 2837 685 dictum
2880 631 2948 684 ad
2974 641 3243 701 peccatum
3270 631 3502 701 originale

270 737 374 775 non
397 724 589 793 referat
616 724 965 792 Athanasius,
990 725 1113 780 huic
1145 742 1399 798 regeram,
1428 726 1785 781 Athanasium
1823 735 1872 780 et
1900 727 1948 781 si
1976 728 2068 798 qui
2093 728 2190 781 alii
2216 729 2393 799 aﬂinia
2419 728 2583 783 locuti
2614 737 2755 791 sunt,
2788 743 2885 797 pro
2910 726 3153 780 sordibus
3186 727 3382 781 animm
3397 742 3503 794 pro-

269 813 421 880 priis,
450 814 642 871 delicta
669 817 840 872 solum
879 835 911 874 α
939 816 1165 888 quolibet
1202 817 1413 871 homine
1444 815 1680 870 admissa
1700 814 1981 881 habuisse;
2011 832 2173 886 neque
2205 827 2379 872 tamen
2410 819 2695 902 ignorasse,
2731 830 2795 871 ex
2823 813 3014 868 Adami
3048 813 3225 883 lapsu,
3256 815 3500 867 universos

268 904 382 971 ejus
404 916 657 973 posteros,
682 906 915 962 debitum
937 908 1121 963 mortis
1152 917 1261 963 tam
1284 908 1476 961 anima:
1505 923 1664 978 quam
1689 906 1926 974 corporis
1956 908 2303 962 contraxisse.
2351 906 2424 961 Et
2453 908 2589 962 alias
2616 924 2718 962 non
2751 910 2948 979 integer
2970 906 3119 961 locus
3145 914 3243 969 est,
3277 904 3368 959 sed
3399 920 3499 957 mu-

268 1000 389 1055 tilus
410 1019 430 1055 :
457 1003 594 1072 quod
616 1005 664 1058 si
686 1014 952 1061 exstarent
978 1005 1176 1073 omnia,
1205 1003 1350 1058 haud
1375 998 1531 1060 dubie
1552 1004 1688 1058 hanc
1718 1001 1998 1057 Athanasii
2028 1012 2252 1057 mentem
2276 1020 2388 1059 esse
2413 1020 2478 1058 ea:
2499 1004 2633 1059 serie
2655 1003 3175 1074 deprehenderemus.
3207 999 3280 1055 De
3302 999 3379 1052 his
3398 994 3502 1068 plu-

266 1097 411 1154 ribus
436 1102 493 1155 in
512 1103 847 1173 praefatione.

340 1195 441 1252 Hic
462 1216 618 1268 porro
649 1203 911 1271 prwclara
946 1203 1116 1257 multa
1148 1211 1432 1257 occurrunt
1465 1214 1651 1258 contra
1680 1202 1853 1271 fatum
1885 1212 1934 1256 et
1963 1203 2360 1273 genethliacos;
2390 1204 2455 1259 de
2484 1202 2795 1259 abdicandis
2823 1199 3101 1272 episcopis,
3134 1192 3437 1267 presbyteri!
3456 1195 3500 1244 ἃ

264 1286 503 1345 diaconis
529 1293 764 1362 improbe
801 1312 856 1350 se
900 1298 1195 1367 gerentibus
1223 1315 1241 1354 :
1271 1300 1334 1353 de
1351 1300 1736 1379 mysteriorum
1778 1297 1980 1354 Christi
2004 1300 2111 1354 sive
2139 1317 2309 1356 sacrm
2333 1299 2688 1356 Eucharistia:
2726 1297 3097 1354 distributione
3122 1311 3213 1362 per
3235 1290 3499 1346 diaconum

263 1380 466 1449 agenda
487 1397 507 1436 :
527 1385 617 1454 qui
646 1386 1042 1458 intelligendum
1078 1391 1147 1443 sit
1188 1390 1323 1451 illud
1345 1405 1365 1443 :
1389 1387 1731 1460 Blasphemia
1763 1388 1816 1442 in
1848 1387 2044 1444 Filium
2064 1390 2303 1447 hominis
2325 1390 2651 1460 remittetur,
2675 1391 2729 1446 in
2755 1392 3014 1465 Spiritum
3039 1402 3292 1447 sanctum
3319 1401 3497 1443 secus:

261 1485 445 1531 contra
470 1496 557 1534 eos
578 1482 670 1551 qui
701 1484 883 1538 lunam
913 1486 1049 1539 inter
1076 1487 1295 1541 numina
1321 1494 1723 1554 censerent.quo
1749 1500 1915 1539 arvum
1930 1485 2348 1543 Athanasianum
2365 1486 2651 1556 indicatur,
2677 1491 2884 1559 quando
2911 1488 3283 1558 multiplicium
3303 1486 3496 1540 deorum

260 1584 409 1623 error
426 1571 597 1627 adhuc
623 1575 827 1645 vigebat
853 1576 909 1630 in
932 1576 1075 1633 orbe.
1106 1575 1279 1637 Ethis
1302 1577 1501 1631 similia
1527 1577 1651 1631 bene
1673 1575 1861 1629 multa.

332 1665 450 1731 Qua
477 1677 703 1738 tempore
734 1682 911 1725 autem
939 1672 1050 1727 hare
1078 1673 1454 1727 commentaria
1495 1671 1636 1726 edita
1675 1670 1899 1739 fuerint,
1923 1669 2133 1722 nonnisi
2154 1685 2218 1723 ea:
2248 1668 2363 1722 loco
2390 1670 2486 1724 illo
2512 1672 2769 1742 augurari
2796 1669 2917 1724 licet
2944 1667 3033 1722 ubi
3070 1673 3285 1721 sanctus
3321 1665 3499 1716 Doctor

259 1764 435 1831 arguit
475 1764 865 1835 Apollinarium
895 1768 1205 1837 impietatis.
1241 1766 1385 1822 Nam
1418 1768 1497 1820 uti
1544 1781 1610 1820 ex
1647 1765 1817 1835 ipsius
1850 1762 2130 1816 Athanasii
2156 1762 2211 1815 in
2252 1762 2451 1832 synodo
2495 1763 2839 1830 Antiochena,
2871 1779 3006 1816 anno
3036 1759 3160 1825 562,
3192 1754 3495 1819 testimonio,

260 1869 353 1907 nec
379 1872 483 1909 non
506 1873 570 1911 ea:
602 1856 779 1913 Procli
822 1858 937 1913 loco
973 1860 1029 1916 in
1065 1862 1263 1931 synodo
1292 1858 1884 1927 Constantinopolitano
1907 1853 2239 1924 exploratum
2270 1864 2389 1920 est;
2427 1856 2704 1925 postremis
2734 1857 2903 1910 solum
2939 1855 3061 1910 vita:
3087 1853 3243 1907 annis
3272 1850 3496 1904 Athana-

259 1949 371 2001 sius
394 1966 514 2004 cum
540 1951 874 2020 Apollinario
900 1955 954 2009 in
978 1965 1213 2021 apertum
1239 1953 1433 2009 bellum
1459 1953 1725 2024 prorupit,
1754 1965 1974 2020 eumque
2008 1958 2066 2002 ut
2095 1948 2504 2004 hteresiarcham
2532 1966 2623 2020 per
2655 1949 2919 2005 hominum
2954 1966 3048 2004 ora
3080 1947 3346 2003 traduxit.
3374 1943 3495 1997 For-

259 2050 399 2098 tasse
424 2045 529 2100 dici
548 2057 717 2115 posset
746 2050 909 2104 etiam
952 2050 1325 2117 Athanasium,
1355 2066 1475 2104 cum
1499 2050 1609 2104 ha’c
1650 2045 2029 2102 commentaria
2057 2044 2204 2116 prius
2247 2043 2520 2112 edidisset,
2546 2044 2842 2100 clausulam
2873 2042 3027 2097 illam
3048 2043 3104 2097 in
3124 2037 3495 2111 Apollinarium

258 2144 436 2202 postea
468 2139 775 2209 adjunxisse
798 2160 818 2208 ;
846 2159 1003 2215 quam
1028 2161 1135 2201 rem
1169 2162 1273 2201 non
1297 2145 1456 2201 semel
1477 2144 1788 2216 praestitisse
1812 2150 2057 2196 sanctum
2093 2140 2372 2197 Doctarem
2394 2141 2670 2197 docuimus
2700 2141 2860 2197 alias.

499 2410 606 2469 EX
654 2409 1163 2472 SERMONIBUS
1207 2411 1393 2472 SIVE
1434 2411 1816 2475 COMMEN']

1990 2410 2059 2473 IS
2121 2412 2206 2475 ΙΝ
2261 2407 2799 2474 EVANGELIUM
2846 2401 3267 2469 MATTHJEI.

555 2720 711 2777 Liber
734 2727 1082 2795 generationis
1110 2725 1241 2783 Iesu
1274 2726 1498 2788 Christi.

323 2811 391 2867 Et
425 2814 681 2871 sacerdos
726 2825 781 2873 et
806 2833 905 2873 rex
934 2818 1185 2877 Christus
1214 2830 1335 2878 erat
1368 2841 1384 2879 :
1412 2821 1674 2881 sacerdos
1696 2823 1825 2897 qui-

250 2906 396 2971 dem,
444 2916 504 2961 ut
551 2908 645 2979 qui
701 2924 761 2965 se
790 2911 1051 2969 obtulerit
1103 2897 1339 2971 hostiam
1390 2930 1491 2987 pro
1535 2916 1824 2987 omnibus;

250 3013 343 3053 rex
372 3014 521 3064 vero,
547 3009 611 3054 ut
649 3002 743 3071 qui
775 3001 1040 3060 adversus
1076 3017 1362 3077 peccatum
1390 3016 1445 3063 et
1479 3016 1714 3065 mortem
1740 3023 1829 3066 re-

250 3094 518 3166 gnaverit.

620 3189 991 3245 Generationes
1024 3192 1441 3261 quatuordecim.

321 3279 454 3346 Quae
481 3296 647 3338 causa
684 3293 769 3339 est
805 3299 913 3340 cur
935 3301 1060 3340 cum
1092 3285 1149 3339 in
1187 3286 1337 3341 hisce
1381 3285 1824 3356 generationibus

249 3371 536 3429 duodecim
565 3384 777 3431 tantum
807 3392 1057 3447 personae
1090 3388 1463 3449 compareant,
1485 3381 1822 3449 quatuorde-

247 3464 355 3518 cim
403 3472 583 3521 tamen
622 3467 1004 3538 generationes
1044 3468 1393 3524 inveniantur
1420 3469 1508 3525 “‘l.
1543 3468 1651 3528 Pro
1699 3487 1824 3543 per-

247 3569 403 3624 sona,
460 3557 732 3625 arbitror,
775 3560 1106 3631 evangelista
1143 3560 1682 3633 transmigrationem
1724 3578 1824 3634 po-

247 3648 391 3714 suit;
427 3657 485 3704 et
515 3665 614 3721 pro
637 3650 743 3706 alia
773 3666 1030 3722 persona,
1058 3646 1359 3710 Christum.

244 3757 527 3814 Athanasii
553 3760 907 3837 Alexandrini
930 3761 1064 3837 liber
1083 3764 1550 3837 interpretationis
1576 3763 1819 3837 Evange-

664 3832 726 3886 lii
754 3833 1041 3887 secundum
1068 3832 1405 3890 Matthceum.

328 3919 564 3977 Vidimus
610 3924 750 3978 enim
801 3924 1014 3980 stellam
1058 3924 1171 3992 eius
1217 3927 1277 3983 in
1303 3927 1502 3982 oriente
1527 3927 1593 3982 ".
1622 3926 1681 3983 Si
1720 3943 1819 3998 pro

243 4012 475 4082 Singulis
534 4014 850 4071 hominibus
899 4017 1055 4072 stella
1106 4017 1162 4071 in
1210 4018 1350 4074 coelo
1403 4027 1589 4084 esset,
1650 4024 1818 4090 quare

1843 2734 1900 2797 Δ

2131 2739 2136 2759 '
2160 2729 2380 2795 Βίϐλος
2409 2724 2706 2798 γενέσεως
2741 2720 2944 2792 Ἰησοῦ
2976 2719 3258 2791 Χριστοῦ.

1999 2822 2075 2895 (4)
2117 2821 2230 2879 Καὶ
2270 2821 2450 2893 ἱερεὺς
2487 2818 2582 2873 καὶ
2634 2814 2883 2887 βασιλεὺς
2926 2814 2958 2867 ὁ
3009 2811 3248 2885 Χριστὸς
3277 2810 3497 2882 ἐτύγχα-

1927 2931 2018 2970 νεν
2040 2933 2055 2947 ·
2093 2915 2273 2985 ἱερεὺς
2299 2912 2399 2984 μὲν
2430 2911 2508 2975 ὡς
2535 2908 2724 2964 ἑαυτὸν
2752 2904 3122 2979 προσαγαγὼν
3144 2904 3340 2959 θυσίαν
3365 2905 3496 2977 ὑπὲρ

1923 3006 2099 3080 ⁴ἡμῶν,
2129 3004 2379 3076 βασιλεὺς
2407 3002 2465 3057 δὲ
2490 3001 2566 3066 ὡς
2594 2999 2737 3055 κατὰ
2763 3000 2862 3071 τῆς
2900 2996 3174 3070 ἁμαρτίας
3203 2997 3301 3051 καὶ
3336 2994 3492 3050 θανάο

1922 3115 2017 3155 του
2047 3095 2396 3171 βασιλεύσας.

2341 3185 2557 3243 Pereat
2605 3183 3050 3253 δεκατέσσαρες

1992 3282 2105 3337 Καὶ
2128 3278 2509 3355 πῶςρνταῦθα
2536 3277 2631 3330 ἐπὶ
2663 3275 2771 3330 τῶν
2808 3274 3012 3345 γενεῶν
3035 3314 3052 3338 ,
3095 3272 3309 3327 δώδεκα
3338 3286 3498 3343 προσ-

1922 3371 2085 3428 ώπων
2125 3370 2416 3443 κειμένων,
2447 3367 2841 3438 δεκατέσσαρες
2887 3363 3073 3433 γενεαῖ¹
3109 3363 3493 3434 εὑρίσκονταις

1921 3461 2110 3537 Οἶμαι,
2135 3465 2216 3518 ὅτι
2239 3463 2333 3518 καὶ
2366 3460 2467 3533 τὴν
2499 3457 2840 3531 μετοικεσίαν
2870 3456 3041 3527 αὐτὴν
3060 3455 3183 3509 ἀντὶ
3209 3452 3493 3527 προσώπου

1920 3560 1950 3612 ὁ
1973 3554 2363 3627 εὐαγγελιστὴς
2388 3551 2600 3613 τέθεικε
2620 3563 2634 3580 ⁸
2676 3550 2770 3608 καὶ
2793 3550 2916 3621 ἀντὶ
2943 3547 3042 3618 τῆς
3079 3545 3278 3617 ἐτέρας
3309 3545 3367 3610 δὲ
3408 3544 3494 3598 τὸν

1921 3649 2176 3723 Χριστόν.

1921 3766 1997 3838 (5)
2043 3763 2397 3843 Ἀθανασίοτί
2444 3757 3003 3843 Ἀλεξίιτᾶ.ηρίϐλςηςς
3034 3752 3148 3843 τῆς
3188 3750 3499 3824 ἑρμηνείας

2291 3832 2400 3887 τοῦ
2431 3829 2582 3885 κατὰ
2609 3829 2906 3884 Ματθαῑον
2926 3829 3111 3895 Ebur.

1982 3926 2240 3995 Εῐδομεν
2262 3924 2371 3995 τὰρ
2396 3921 2589 3977 αὐτοῦ
2620 3919 2728 3974 τὸν
2757 3916 2982 3987 ἀστέρα
3004 3916 3074 3969 ἐν
3106 3914 3184 3984 τῇ
3208 3911 3497 3981 ἀνατολῇ.

1920 4023 1985 4075 Εἰ
2016 4021 2073 4074 δὲ
2106 4015 2175 4091 ἦν
2207 4017 2329 4072 καθ’
2360 4017 2591 4070 ἕκαστον
2623 4012 2906 4085 ἄνθρωπον
2929 4008 3105 4081 ἀστὴρ
3142 4009 3202 4062 ὲν
3227 4007 3308 4079 τῷ
3341 4008 3501 4077 οὐρα-

242 4081 405 4160 tertia
444 4105 533 4161 die
572 4107 774 4164 ccelum
808 4109 1038 4165 inﬁnitis
1063 4111 1482 4183 innumerisque
1519 4081 1695 4170 stellis
1724 4129 1816 4169 rc-

1990 4128 2020 4174 »,
2060 4081 2177 4173 quib;
2207 4110 2275 4179 τῇ
2315 4106 2475 4178 τρίτῃ
2507 4102 2691 4177 ἡμέρᾳ
2728 4081 2774 4156 *ὁ
2816 4099 3043 4172 οὐρανὸς
3084 4098 3363 4169 κατέγεμε
3397 4094 3499 4151 τῶν

238 4193 444 4261 pictum
473 4204 559 4252 est
626 4211 751 4252 cum
780 4206 958 4255 tamen
989 4198 1158 4256 Adam
1188 4205 1343 4255 sexta
1369 4199 1459 4255 die
1497 4199 1814 4257 edormatus

238 4285 346 4340 sit?

1922 4201 2166 4274 ἀπείρων
2200 4199 2295 4253 καὶ
2337 4196 2724 4269 ἀναριθμήτων
2758 4193 2994 4265 ἄστρων,
3024 4190 3120 4245 τοῦ
3164 4188 3339 4269 Ἀδὰμ
3366 4188 3499 4243 πλα-

1922 4293 2137 4358 σθέντος
2166 4293 2232 4363 τῇ
2262 4296 2312 4356 ς’
2341 4288 2559 4362 ἡμέρᾳ·

1236 4405 1309 4463 Et
1341 4409 1633 4480 interfectis
1668 4413 1979 4484 quibusdam
2007 4426 2073 4466 ea:
2104 4407 2496 4478 Chrysostomo.

308 4518 462 4587 Quod
496 4529 676 4575 autem
712 4535 886 4590 neque
924 4518 1133 4588 fatum,
1172 4537 1350 4595 neque
1384 4529 1624 4597 genesis,
1653 4527 1707 4584 id
1729 4538 1815 4584 est

237 4621 390 4667 ortus
415 4611 572 4679 hora,
613 4626 788 4683 neque
815 4628 1012 4671 cursus
1033 4623 1309 4672 astrorum
1334 4628 1525 4675 nostra
1550 4620 1811 4691 dirigant,

235 4699 319 4754 vel
346 4699 475 4754 hinc
502 4700 681 4769 palam
724 4710 827 4757 est.
854 4701 991 4757 Nam
1025 4704 1072 4759 si
1103 4705 1230 4761 inde
1271 4708 1461 4763 omnia
1490 4718 1642 4779 gesta
1679 4725 1814 4781 pen-

231 4794 416 4860 deant,
445 4806 557 4847 non
586 4808 653 4848 ex
680 4794 967 4850 hominum
1001 4797 1283 4854 voluntate
1313 4809 1368 4855 et
1391 4800 1680 4867 electione,
1713 4817 1814 4856 cur

232 4884 364 4940 furti
403 4900 559 4941 reum
604 4886 968 4943 domesticum
1008 4890 1305 4949 verberas?
1332 4893 1465 4963 quid
1500 4909 1682 4951 causae
1728 4903 1815 4951 est

230 4977 376 5046 quod
406 4978 709 5035 adulteram
743 4995 974 5036 uxorem
1002 4982 1073 5037 ad
1104 4983 1353 5039 tribunal
1389 4986 1615 5042 trahas?
1637 5002 1813 5057 quare

230 5067 299 5120 dc
341 5067 608 5138 improbis
659 5069 821 5127 factis
872 5071 1084 5142 pudore
1139 5074 1507 5132 suifunderis?
1548 5078 1678 5149 quid
1730 5087 1816 5135 est

231 5159 379 5227 quod
416 5163 816 5219 contumeliosa
847 5163 1011 5218 verba
1051 5180 1159 5219 non
1203 5165 1382 5234 feras;
1413 5169 1509 5224 sed
1537 5170 1583 5226 si
1609 5171 1733 5242 quis
1761 5179 1815 5226 te

231 5251 509 5306 moechum
536 5262 631 5307 aut
658 5252 1072 5316 fornicatorem,
1103 5263 1200 5309 aut
1222 5254 1524 5324 ebriosum,
1556 5266 1650 5313 aut
1680 5258 1813 5328 quid

1990 4528 2113 4580 Ὅτι
2141 4523 2250 4595 γὰρ
2280 4521 2404 4575 οὔτε
2435 4518 2740 4591 εἱμαρμένη
2767 4557 2781 4583 ,
2808 4515 2935 4571 οὕτε
2963 4514 3198 4585 γένεσις,
3223 4515 3351 4571 οὔτε

1924 4635 2023 4687 μσς
2046 4616 2290 4687 ἀστέρων
2318 4612 2388 4667 τὰ
2431 4610 2559 4664 καθ’
2596 4610 2743 4681 ἡμᾶς
2773 4608 2988 4672 διοικεῖ,
3026 4607 3289 4662 ἐντεῦθεν
3317 4609 3496 4679 δῆλον.

1919 4709 1984 4761 Et
2012 4706 2122 4777 γὰρ
2154 4704 2365 4758 ὲκεῑθεν
2412 4699 2645 4774 ἢρτηται
2676 4697 2746 4752 τὰ
2776 4698 3039 4769 γινόμενα
3066 4698 3274 4761 πάντα,
3308 4699 3403 4752 καὶ
3439 4697 3501 4751 οὐ

1918 4800 2018 4871 τῆς
2059 4796 2430 4871 προαιρέσεως
2473 4792 2585 4847 τῶν
2615 4790 2937 4865 ἀνθρώπων,
2985 4790 3130 4854 τίνος
3164 4791 3355 4847 ἕνεκεν
3406 4806 3503 4862 μα-

1920 4894 2126 4960 στιγοῖς
2149 4890 2241 4956 τὴν
2269 4887 2486 4957 οἰκέτην
2524 4884 2859 4955 κεκλοφόταῖ,
2893 4882 3040 4946 τίνος
3064 4883 3251 4937 ἕνεκεν
3287 4902 3505 4955 μοιχευο

1911 4982 2097 5036 θεῖσαν
2144 4981 2244 5052 τὴν
2281 4980 2516 5048 γυναῖκα
2558 4978 2639 5041 εἰς
2701 4976 3051 5046 δικαστήριον
3093 4975 3320 5041 ἓλκειςς
3360 4977 3505 5038 τίνος

1910 5072 2097 5127 ἕνεκεν
2133 5070 2366 5143 αίσχύνῃ
2398 5069 2612 5141 πονηρὰ
2647 5068 2943 5140 πράττωνς
2982 5067 3130 5130 τίνος
3156 5068 3353 5122 ἕνεκεν
3387 5066 3507 5121 οὐδὲ

1912 5165 1979 5219 τὰ
2014 5166 2236 5236 ῥήματα
2268 5163 2455 5235 φέρεις
2485 5161 2887 5233 ὀνειδιζόμενα·
2923 5159 3038 5213 ἀλλ’
3069 5160 3166 5214 ἐάν
3192 5161 3284 5226 τίς
3312 5179 3377 5215 σε
3405 5178 3505 5213 κα-

1910 5250 2041 5323 λέσῃ
2073 5252 2343 5324 μοιχὸν,ἢ
2380 5251 2602 5324 πόρνον,
2660 5250 2694 5322 ἢ
2750 5250 3005 5322 μέθυσον,
3038 5251 3075 5321 ἢ
3130 5268 3189 5304 τι
3230 5252 3505 5312 τοιοῦτον.

231 5339 412 5399 simile
439 5344 690 5414 appellet,
719 5345 773 5400 id
800 5346 1188 5402 contumeliam
1211 5347 1570 5405 vocas‘lNam
1604 5351 1649 5406 si
1684 5366 1809 5420 pec-

1990 5360 2071 5414 ριν
2095 5344 2157 5397 τὸ
2190 5345 2424 5416 πρᾶγμα
2454 5345 2667 5409 καλείς;
2701 5344 2764 5396 El
2798 5341 2905 5413 γὰρ
2939 5342 3015 5414 μὴ
3054 5343 3157 5413 τῆς
3210 5343 3317 5415 σῆς
3366 5342 3510 5414 γνώ-

232 5442 412 5490 catum
443 5450 555 5490 non
580 5451 647 5491 ex
678 5438 943 5493 sententia
976 5439 1217 5508 prodiret
1251 5447 1364 5508 tua,
1396 5457 1570 5512 neque
1596 5441 1809 5497 crimen

1990 5453 2029 5507 ις
2057 5436 2119 5490 τὸ
2153 5436 2513 5507 ἁμαρτάνειν,
2536 5436 2660 5491 οὗτε
2683 5436 2934 5506 ἔγκλημα
2954 5435 3017 5488 τὸ
3041 5436 3356 5508 γινόμενον,
3381 5436 3510 5492 οὔτε

300 5551 347 5584 ³⁸
380 5554 569 5609 Matth.
599 5572 636 5621 ι,
669 5556 753 5610 17.
845 5556 889 5587 ⁸⁷
916 5554 1108 5609 Matth.
1146 5573 1206 5624 it,
1231 5556 1284 5611 2.

301 5667 378 5741 (ι)
399 5669 549 5741 Ειιξι.
581 5669 805 5741 ᾼιιιειη.,
840 5687 890 5741 p.
926 5671 1081 5739 1006,
1115 5689 1180 5729 ex
1207 5684 1442 5731 catenaa
1469 5675 1527 5732 P.
1570 5676 1801 5733 Possino

301 5676 378 5735 (ιι)
410 5676 549 5723 Edit.
581 5676 805 5735 Alliam.
840 5687 890 5741 p.
926 5676 1081 5739 1006,
1115 5689 1180 5729 ex
1207 5684 1442 5731 catenaa
1469 5676 1527 5732 P.
1570 5676 1801 5733 Possino
1987 5679 2058 5747 (Pi)
2095 5678 2164 5732 lix
2196 5679 2377 5735 ρυιείρρ
2411 5678 2577 5750 Regio
2606 5678 2764 5746 1993,
2793 5694 2824 5733 x
2847 5676 3031 5735 saeculi
3054 5676 3178 5745 iol.,
3207 5677 3301 5738 42.

230 5737 369 5797 edita
391 5739 442 5794 in
473 5737 802 5795 Mtttlha'um.
2691 5760 2695 5764 '

297 5752 369 5795 ιω
391 5755 442 5794 m
473 5752 524 5794 Μ
536 5752 802 5795 ttttna'um.
