3702 6456
266 348 404 403 13ὅό

1391 345 1829 406 FRAGMENTA
1869 344 1932 400 IN
1977 342 2427 401 MATTUASUM.

3398 340 3535 396 i306

262 465 423 536 ὕϐρις
452 467 513 518 τὸ
541 466 850 538 λεγόμενον.
882 465 998 520 Νῦν
1029 464 1086 519 δὲ
1121 465 1214 519 καὶ
1251 465 1319 519 δι’
1344 458 1418 520 ὧν
1450 470 1562 532 τοῖς
1596 463 1839 538 ἁμαρτά-

2046 467 2255 536 egisse,
2312 466 2490 535 neque
2541 461 2874 520 contumelia
2925 469 3073 516 esset
3131 459 3182 513 id
3234 460 3531 528 praedicari.

264 575 445 611 νουσιν
474 559 535 611 οὐ
560 556 975 627 συγγινώσκεις,
1003 558 1097 611 καὶ
1127 557 1194 611 δι’
1224 550 1300 613 ὧν
1322 558 1484 622 αὐτὸς
1512 559 1753 630 αἰσχύνῃ
1785 556 1854 611 τά

266 642 411 697 κακά
441 643 718 715 πράττων,
758 643 853 696 καὶ
893 642 1175 698 λανθάνειν
1237 642 1581 709 σπουδάζεις,
1642 642 1742 703 καὶ
1787 641 1855 695 δι’

262 727 340 787 ὧν
363 733 491 797 τοὺς
518 731 694 787 ταῦτά
726 749 809 786 σοι
840 733 1255 805 προσφέροντας
1285 732 1550 806 ὑϐριστὰς
1584 731 1852 805 νομίζειςο

260 822 350 879 διά
373 823 591 879 πάντων
617 824 918 896 ὁμολογεῖς,
935 827 1019 880 ὅτι
1044 826 1144 880 οὐκ
1159 827 1371 896 ἀνάγκῃ
1398 825 1604 879 δέδεται
1629 829 1699 879 τά
1719 824 1857 896 ᾑμέ-

261 930 416 985 τερα,
469 914 607 969 ἀλλά
655 916 1029 987 προαιρέσεως
1070 915 1353 988 ἐλευθερίᾳ
1379 915 1689 988 τετίμηται.
1725 916 1855 979 Ἰὀίς

260 1004 390 1075 γοῦν
423 1007 640 1082 ἀνάγκῃ
698 1007 1073 1080 συνεχομένοις
1125 1007 1522 1079 συγγινώσκειν
1581 1008 1809 1079 οἴδαμεν
1836 1024 1851 1039 ·

262 1097 364 1153 κᾶν
396 1099 502 1153 ὑπὸ
538 1099 789 1170 δαίμονός
829 1117 977 1165 τινος
1019 1100 1348 1173 ὀχλούμενός
1387 1117 1473 1164 τις
1512 1100 1606 1154 τὸν
1648 1099 1854 1171 χιτῶνα

260 1188 530 1262 stuppqu
556 1190 649 1244 τὸν
675 1190 968 1263 ἡμέτερον,
995 1192 1030 1264 ἢ
1060 1192 1276 1263 πληγὰς
1308 1190 1601 1263 ἐπενέγκῃ,
1637 1193 1696 1246 οὐ
1747 1191 1846 1266 μό-

260 1299 350 1335 νον
380 1299 483 1335 ουκ
509 1281 864 1353 ὀνειδίζομεν,
893 1284 1030 1340 ἀλλά
1062 1284 1161 1339 καὶ
1209 1285 1469 1356 ἐλεοῦμεν
1514 1285 1609 1338 καὶ
1653 1301 1850 1353 συγγι-

258 1372 561 1444 νώσκομεν.
609 1374 673 1427 Τί
718 1374 955 1447 δήποτε;
1014 1376 1095 1430 ὃτι
1148 1377 1270 1447 οὐχὶ
1323 1376 1425 1445 τῆς
1474 1375 1850 1447 προαιρέσεως

259 1458 568 1531 ἐλευθερία,
601 1460 715 1515 ἀλλ’
743 1463 776 1531 ἡ
804 1461 898 1516 τοῦ
927 1462 1180 1535 δαίμονος
1209 1464 1302 1536 βία
1329 1465 1625 1537 εἰργάσατο
1650 1464 1845 1519 ταῦτα.

262 1552 446 1619 Ὥστε,
477 1556 527 1608 εί
554 1555 649 1609 καὶ
671 1554 741 1608 τὰ
773 1554 911 1610 ἀλλα
935 1558 1308 1629 ἁμαρτήματα
1335 1558 1445 1611 ἀπὸ
1466 1559 1565 1629 τῆς
1604 1558 1851 1628 ἀνάγκης

257 1645 359 1715 τῆς
416 1646 560 1701 κατά
625 1646 724 1719 τὴν
760 1648 1101 1721 εἱμαρμένην
1153 1651 1393 1720 ἐγίνοντο
1421 1692 1436 1717 ,
1501 1651 1850 1722 συνέγνωμεν

257 1739 322 1793 ἄν
341 1757 355 1769 ·
390 1738 581 1810 ἐπειδὴ
613 1739 672 1794 δὲ
695 1741 877 1810 ἴσμεν,
895 1741 977 1794 ὅτι
1002 1741 1101 1795 οὐκ
1127 1740 1274 1796 ἐστιν
1292 1742 1671 1814 ’ἀνάγκης,διά
1689 1741 1851 1797 τοῦτο

1960 554 2117 612 Nunc
2166 570 2332 627 porro
2378 569 2503 611 cum
2556 553 2912 624 peccantibus
2961 566 3072 606 non
3107 550 3379 621 ignoscas,
3412 565 3533 605 eum

1960 650 2205 721 improba
2242 648 2478 720 gerendo
2501 656 2551 703 te
2578 648 2796 718 pudeat,
2815 660 2940 701 cum
2965 644 3133 699 latere
3156 643 3532 707 sttideas,cuet

1958 756 2054 797 eos
2083 743 2175 810 qui
2211 741 2338 795 talia
2388 740 2487 794 tibi
2527 738 2815 810 proferunt
2864 752 2960 805 pro
2990 732 3406 789 coliturmliosis
3436 732 3534 785 ha-

1958 830 2120 896 beas;
2158 845 2290 886 sane
2318 828 2508 885 fateris
2532 845 2597 885 ex
2630 828 2716 883 his
2748 826 3027 889 omnibus,
3069 825 3182 878 lure
3212 832 3401 877 nostra
3427 838 3533 875 non

1916 946 1924 954 -
1958 922 2285 978 necessitate
2322 922 2557 991 quadam
2606 917 2875 989 colligari,
2910 916 3004 972 sed
3037 914 3335 983 voluntatis
3369 914 3533 967 liber—

1957 1022 2067 1069 tate
2097 1014 2365 1069 honorata
2393 1028 2534 1068 esse.
2568 1010 2641 1066 Iis
2670 1024 2800 1067 sane
2829 1009 2925 1079 qui
2978 1006 3304 1063 necessitate
3345 1016 3535 1059 teneri-

1957 1116 2065 1172 tur,
2102 1106 2395 1176 ignoscere
2420 1104 2664 1160 solemus
2686 1118 2775 1157 :ac
2797 1104 2844 1157 si
2868 1101 3014 1173 quis,
3043 1099 3398 1169 compellentc
3423 1097 3532 1151 dte-

1955 1200 2163 1265 monio,
2199 1198 2442 1253 tunicam
2483 1196 2755 1252 discindat
2797 1205 3063 1261 nostram,
3123 1201 3216 1247 aut
3236 1190 3423 1261 plagas
3452 1190 3536 1243 in-

1956 1291 2115 1355 ferat,
2152 1305 2263 1347 non
2304 1290 2483 1346 solum
2522 1289 2599 1343 illi
2636 1303 2744 1343 non
2796 1286 3216 1357 exprobramus,
3238 1281 3333 1337 sed
3369 1280 3536 1335 mise-

1955 1383 2190 1438 ricordia
2226 1382 2361 1437 moti
2402 1380 2740 1451 ignoscimus
2769 1378 2892 1448 ipsi.
2924 1378 3037 1431 (Zur
3081 1375 3225 1431 hoc?
3264 1374 3394 1445 quia
3423 1388 3534 1427 non

1953 1487 2018 1526 ex
2075 1470 2375 1524 voluntatis
2433 1469 2681 1531 arbitrio,
2718 1466 2812 1522 sed
2871 1466 3139 1521 dz‘emonis
3192 1464 3432 1534 impulsu
3480 1463 3534 1515 id

1955 1565 2083 1635 egit.
2111 1564 2304 1632 Itaque
2329 1561 2376 1616 si
2408 1562 2512 1615 alia
2541 1575 2762 1631 quoque
2790 1568 3012 1629 peccata
3045 1574 3109 1614 ex
3142 1556 3469 1613 necessitate
3500 1570 3534 1609 a

1954 1654 2079 1710 fato
2121 1653 2343 1710 inducta
2393 1652 2834 1718 admitterentur,
2868 1651 3088 1706 veniam
3140 1652 3398 1707 daremus
3433 1650 3539 1704 uti‘

1953 1763 2060 1817 que
2094 1765 2107 1801 :
2144 1746 2272 1819 quia
2311 1761 2441 1800 vero
2472 1728 2679 1801 shimus
2706 1760 2770 1800 ea
2798 1760 2907 1801 non
2947 1760 3014 1800 ex
3045 1744 3372 1801 necessitate
3403 1759 3535 1812 pro-

256 1829 319 1883 οὐ
366 1829 842 1903 συγγινώσκομεν,
873 1831 998 1887 οὔτε
1023 1833 1282 1889 δεσπόται
1307 1834 1569 1901 οἰκέταις,
1592 1834 1716 1889 οὔτε
1746 1835 1839 1889 ἅν-

2011 1838 2165 1905 nire;
2190 1837 2311 1892 ideo
2340 1853 2448 1892 non
2477 1840 2780 1908 parcimus,
2818 1853 2925 1892 non
2952 1836 3159 1892 domini
3188 1837 3531 1904 domesticis,

254 1920 383 1990 δρες
413 1920 682 1989 γυναιξὶν,
705 1921 836 1977 οὔτε
865 1925 1123 1994 γυναῖκες
1140 1926 1421 1997 ἀνδράσιν,
1442 1925 1566 1981 οὔτε
1589 1926 1843 1981 διδάσκα-

257 2009 340 2063 λοι
363 2010 658 2082 μαθηταῖς,
673 2011 797 2067 οὔτε
829 2013 1069 2087 πατέρες
1093 2016 1303 2082 παισὶν,
1322 2014 1448 2070 οὔτε
1472 2015 1730 2087 ἄρχοντες
1747 2017 1845 2088 ἀρ-

256 2100 527 2173 χομένοιςο
561 2103 697 2156 ἀλλά
729 2105 917 2177 πικροὶ
951 2105 1059 2161 τῶν
1087 2106 1510 2179 τετολμημένων
1557 2107 1844 2172 ἐξετασταὶ

257 2192 354 2245 καὶ
384 2193 621 2266 τιμωροὶ
652 2195 937 2267 γινόμεθα,
980 2199 1075 2253 καὶ
1110 2199 1437 2272 δικαστήρια
1481 2199 1842 2273 καταλαμϐά-

253 2300 418 2355 νομεν
427 2326 442 2351 _.
457 2288 552 2340 καὶ
563 2286 799 2359 πληγαῖς
816 2289 1190 2363 ὐποὸάλλομεν
1198 2332 1213 2358 ,
1228 2292 1324 2347 καὶ¹
1335 2294 1480 2346 ὲπιτι
1487 2293 1559 2364 μή
1567 2309 1684 2347 σεσι
1700 2292 1844 2366 χρώ-

257 2376 399 2448 μεθα
426 2418 442 2444 ,
500 2380 593 2433 καὶ⁸
647 2380 825 2435 πάντα
874 2382 1192 2456 πράττομεν
1246 2384 1396 2449 ὅπως
1441 2384 1843 2456 ἀπαλλάξωμεν

254 2469 457 2536 αὐτοὺς
483 2472 595 2526 τῶν
623 2473 831 2528 κακῶν.

325 2561 402 2634 (6)
432 2563 526 2631 Τὸ,
560 2564 1336 2642 Ἦλθομενοπροσκυνῆσαι
1369 2568 1531 2635 αὐτῷ
1553 2608 1569 2635 ,
1610 2572 1841 2642 σημεῖον

251 2652 354 2726 τῆς
384 2656 495 2709 τῶν
527 2657 720 2726 μάγων
742 2659 1043 2724 ἐπιεικείας
1070 2661 1166 2715 καὶ
1187 2660 1443 2723 πίστεως.
1463 2664 1526 2716 Οί
1542 2663 1653 2736 γάρ
1665 2663 1845 2718 τοιοῦ-

250 2761 345 2798 τον
387 2745 666 2820 διάστημα
706 2749 1058 2815 διανύσαντες
1090 2751 1178 2806 διὰ
1216 2752 1281 2807 τὸ
1326 2756 1706 2827 προσκυνῆσαι
1749 2755 1841 2811 τὸν

252 2835 513 2907 Χριστὸν,
544 2838 599 2891 τί
623 2839 724 2893 οὐκ
756 2840 823 2894 ἂν
851 2840 1139 2912 ἐποίησαν,
1172 2843 1221 2895 εί
1247 2844 1307 2898 ὲν
1337 2845 1405 2916 τῇ
1436 2844 1662 2900 ἐκείνων
1685 2844 1841 2919 χώρᾳ

251 2927 315 2980 τὸ
347 2928 590 2984 τοιοῦτον
620 2934 917 3005 μυστήριον
943 2932 1243 3006 γεγένητο;
1290 2936 1634 2992 ’Δποδεκτέοι
1664 2935 1759 2993 οὖν
1790 2938 1841 2992 οί

251 3019 449 3090 ἀνδρες
480 3021 580 3091 τῆς
603 3020 861 3087 πίστεως,
893 3025 989 3078 καὶ
1016 3025 1325 3081 ὲπαινετέοι
1348 3026 1449 3099 τῆς
1468 3028 1672 3103 ἀρετῆς
1697 3030 1841 3086 κατά

252 3111 433 3165 πάντα
466 3113 687 3183 τρόπον.

407 3224 755 3282 Ἀθανασίου
801 3226 1250 3299 Ἀλεξανδρείας
1274 3228 1346 3284 ἐκ
1385 3227 1499 3299 τῆς
1544 3230 1703 3288 κατὰ

709 3297 1010 3358 Ματθαῖον
1037 3298 1378 3368 ἑρμηνείας.

429 3408 569 3479 Περὶ
603 3409 712 3463 τῶν
742 3410 901 3465 ἐννέα
946 3410 1183 3465 ἀνιάτων
1216 3411 1409 3468 παθῶν
1437 3414 1538 3485 τῆς
1570 3414 1665 3469 τοῦ

772 3501 1013 3574 Ἡρώδου
1049 3503 1332 3579 τελευτῆς.

1955 1948 2062 1986 non
2097 1932 2196 1985 viri
2232 1932 2523 1996 uxoribus,
2554 1947 2667 1986 non
2701 1946 2902 1986 uxores
2938 1931 3095 1998 viris,
3136 1946 3245 1986 non
3283 1930 3533 2000 magistri

1952 2021 2259 2092 discipulis,
2292 2037 2401 2076 non
2431 2030 2618 2092 patres
2647 2021 2792 2089 ﬁliis,
2828 2036 2940 2077 non
2964 2021 3245 2093 principes
3268 2020 3531 2085 subditis;

1950 2118 2044 2173 sed
2102 2117 2285 2172 acerbi
2339 2116 2648 2172 facinorum
2688 2117 3068 2187 inquisitores,
3105 2125 3162 2171 et
3209 2117 3413 2173 ultores
3439 2131 3537 2171 su-

1946 2223 2108 2273 mus;
2145 2208 2444 2263 tribunalia
2484 2209 2721 2273 adimus,
2753 2209 2931 2280 plagis
2965 2207 3314 2279 subjicimus,
3347 2217 3403 2264 et
3441 2224 3537 2264 ea-

1946 2300 2244 2372 stigatione
2275 2302 2483 2357 utimur
2516 2318 2531 2356 :
2559 2302 2803 2371 nihilque
2830 2316 2938 2356 non
2977 2300 3193 2370 agimus
3229 2310 3342 2354 uta
3373 2301 3535 2355 malis

1944 2407 2050 2450 nos
2071 2392 2396 2463 eripiamus.

2023 2567 2187 2632 Illud,
2230 2564 2476 2621 Venimus
2509 2556 2759 2620 adorare
2780 2581 2921 2633 eum,
2944 2579 3226 2635 magorum
3250 2564 3535 2634 probitatis

1945 2670 2113 2731 atque
2158 2657 2285 2713 ﬁdei
2335 2658 2551 2729 signum
2584 2665 2689 2713 est.
2723 2655 2830 2723 Qui
2880 2657 3027 2712 enim
3080 2664 3291 2713 tantum
3327 2656 3536 2713 itinerit

1944 2751 2293 2808 intervallum
2341 2748 2550 2807 Christi
2587 2750 2856 2805 adorandi
2916 2750 3095 2821 gratia
3146 2749 3524 2817 confecerunt,

1941 2844 2075 2916 quid
2114 2859 2225 2899 non
2281 2842 2483 2898 facturi
2520 2852 2679 2899 erant
2722 2844 2771 2899 si
2811 2844 2864 2898 in
2912 2859 3011 2899 sua
3066 2843 3287 2915 regione
3319 2852 3532 2897 tantum

1942 2934 2266 3006 mySterium
2312 2933 2520 2989 editum
2569 2932 2816 2989 fuisset?
2866 2932 3300 2988 Commendandi
3349 2932 3536 3002 itaque

1941 3025 2043 3079 viri
2074 3024 2399 3095 huiusmodi
2427 3032 2801 3099 sungpropter
2831 3023 2992 3079 ﬁdem
3013 3038 3192 3090 suam,
3227 3033 3391 3094 atque
3416 3038 3534 3077 om-

1943 3115 2076 3171 nino
2107 3115 2332 3171 virtutis
2360 3130 2473 3171 sua:
2503 3130 2673 3172 causa
2705 3114 2982 3170 laudandi.

1869 3218 1910 3276 (Ζ
2000 3228 2292 3284 Athanasii
2314 3228 2666 3283 Alexandrini
2700 3242 2767 3281 ex
2787 3228 3221 3298 interpretatione
3249 3227 3304 3280 in
3338 3225 3478 3281 Mat-

2648 3299 2863 3353 thwum.

1980 3413 2058 3472 De
2094 3429 2290 3473 novem
2326 3414 2728 3472 insanabilibus
2759 3416 2989 3481 morbis,
3019 3416 3224 3488 quibus
3254 3414 3499 3472 Herodes

2499 3510 2732 3569 aﬂlictus
2754 3509 2985 3568 interiit.

1394 3792 1405 3803 κ
1498 3710 1661 3776 (Vide
1695 3719 1823 3769 tam.
1861 3710 1949 3781 ιι,
1975 3713 2080 3770 col.
2115 3714 2304 3788 1251.)

484 3878 561 3950 (7)
602 3878 885 3949 Ἐγερθεὶς
911 3878 1220 3948 παράλαϐε
1247 3879 1313 3933 τὸ
1339 3878 1601 3935 παιδίον.

324 3962 493 4035 Οὗτος
548 3972 578 4024 ό
632 3971 788 4041 λόγος
843 3971 1062 4043 ἔλεγχός
1109 3973 1257 4026 ἐστιν
1302 3972 1538 4046 ἀκριϐῆς
1601 3974 1701 4045 τῆς
1748 3971 1844 4028 τοῦ

262 4064 670 4138 Ἀπολλιναρίου
717 4064 1007 4137 ἀθεότητος
1028 4107 1044 4132 ,
1103 4066 1347 4131 εἰπόντος
1415 4066 1490 4140 μὴ
1513 4065 1701 4120 λαϐεῖν
1755 4066 1846 4145 τὸν

249 4156 489 4227 Χριστὸν
519 4156 693 4227 ψυχὴν
712 4157 909 4229 νοεράν
928 4201 944 4225 ,
970 4157 1083 4212 ἀλλ’
1107 4153 1250 4213 εἶναι
1297 4158 1460 4231 σῶμα
1510 4157 1672 4230 μόνον
1718 4157 1847 4213 ἄνευ

248 4249 432 4320 ψυχῆς
452 4250 543 4303 καὶ
577 4249 758 4319 λόγου.

326 4342 402 4412 (8)
420 4345 488 4397 Ἡ
518 4343 588 4396 δὲ
608 4343 795 4413 τροφὴ
827 4341 908 4415 ἦν
925 4343 1164 4413 ἀκρίδες
1182 4344 1279 4398 καὶ
1306 4344 1447 4414 μέλι
1481 4345 1842 4415 ἄγριον-,Ὅτι

2332 3877 2567 3951 Surgens
2589 3880 2767 3951 accipe
2796 3881 3020 3949 puerum
3050 3878 3110 3934 ⁸⁸.

2014 3972 2141 4028 Hac
2186 3973 2447 4044 loquendi
2486 3973 2630 4030 ratio
2682 3973 2853 4045 probe
2899 3971 3081 4044 arguit
3129 3970 3533 4045 Apollinarium

1944 4066 2249 4137 impietatis
2283 4082 2297 4121 :
2326 4067 2424 4138 qui
2457 4066 2618 4133 dixit,
2645 4065 2929 4122 Christum
2970 4080 3079 4121 non
3112 4063 3391 4135 accepisse
3410 4044 3533 4120 ani-

1947 4173 2095 4214 mam
2137 4158 2480 4231 intelligendi
2528 4157 2583 4214 vi
2633 4157 2956 4229 praeditam;
2986 4156 3081 4213 sed
3126 4156 3302 4212 solum
3333 4170 3534 4225 corpus

1952 4252 2074 4308 sine
2100 4251 2283 4307 anima
2323 4261 2376 4306 et
2400 4250 2618 4306 ratione
2646 4249 2949 4306 exstitisse.

2022 4344 2184 4398 Cibus
2209 4353 2389 4396 autem
2414 4343 2530 4412 ejus
2552 4350 2707 4395 erant
2742 4337 2970 4401 acrides,
2994 4345 3045 4392 et
3071 4336 3172 4391 mel
3207 4336 3442 4392 silvestre
3462 4336 3529 4393 ”.

249 4431 311 4485 δὲ
337 4433 433 4487 καὶ
466 4435 500 4505 ή
533 4432 730 4506 βοτάνη
760 4435 847 4500 τίς
882 4436 1030 4488 ἐστιν
1076 4435 1243 4505 ἀκρίς
1277 4435 1545 4507 λεγομένη
1571 4477 1587 4501 ,
1617 4438 1647 4489 δ
1675 4437 1835 4490 Σολο-

2011 4436 2101 4491 rod
2150 4433 2333 4490 herbas
2373 4448 2549 4504 genus
2594 4431 2873 4503 quoddam
2904 4430 2977 4486 sit
3024 4430 3163 4485 acris
3202 4429 3446 4496 dictum,
3478 4426 3535 4485 id

254 4523 375 4595 μὼν
408 4525 560 4596 ἡμᾶς
589 4524 831 4579 διδάσκει
873 4525 1050 4594 λέγων
1070 4541 1084 4554 ·
1148 4524 1421 4595 Ἁνθήσει
1471 4526 1539 4580 τὸ
1571 4526 1837 4597 ἀμύγδα-

248 4622 388 4681 λον,
423 4617 526 4673 καὶ
557 4619 1015 4689 παχυνθήσετιιι
1046 4619 1086 4687 ᾐ
1118 4618 1314 4687 ἀκρίς.
1379 4619 1518 4673 Ἀλλ’
1563 4621 1686 4674 οὐδὲ
1730 4620 1840 4674 πόα

248 4710 337 4775 τίς
356 4712 473 4765 ἐστι
499 4711 561 4765 τὸ
588 4711 709 4783 μέλι
744 4710 959 4784 ἄγριον,
993 4711 1131 4766 ἀλλά
1158 4713 1280 4784 μέλι
1309 4712 1478 4776 ὅντως
1503 4711 1716 4784 ἄγριον,
1750 4729 1842 4766 πι-

250 4804 516 4876 κρότατον
543 4803 625 4869 δν,
655 4806 751 4858 καὶ
772 4803 921 4875 πάσῃ
957 4803 1144 4872 γεύσει
1169 4803 1448 4875 πολέμιον.

323 4893 420 4957 Τὸ,
453 4892 648 4959 Αὐτὸς
673 4892 831 4964 ὑμᾶς
873 4894 1164 4958 ,ϐαπτίσει
1196 4894 1266 4947 ἐν
1311 4895 1608 4963 Πνεύματι
1651 4894 1798 4964 ἁγίῳ
1822 4935 1837 4961 ,

249 4983 412 5039 τοῦτο
439 4983 609 5056 δηλοῖ,
641 4986 726 5039 ὅτι
751 4983 1007 5056 καθαριεῖ
1034 4986 1180 5056 ὑμᾶς
1200 5002 1213 5015 ·
1247 4984 1338 5040 διὰ
1367 4986 1428 5039 τὸ
1463 4984 1538 5056 μὴ
1583 4985 1844 5039 δύνασθαι

248 5077 316 5131 τὸ
360 5076 456 5131 τοῦ
498 5076 745 5131 Ἰωάννου
773 5077 1057 5150 βάπτισμα
1101 5078 1261 5134 τοῦτο
1292 5079 1539 5150 ποιῆσαι,
1595 5077 1733 5133 ἀλλά
1783 5078 1845 5131 τὸ

249 5168 348 5222 τοῦ
409 5168 683 5241 Χριστοῦ,
741 5169 801 5234 ὃς
850 5172 945 5223 καὶ
997 5171 1216 5240 ἀφιέναι
1274 5171 1552 5243 ἁμαρτίας
1595 5170 1846 5236 ἐξουσίαν

252 5262 389 5332 ἔχει.

322 5436 373 5469 ⁵⁸
400 5434 590 5491 Matth.
624 5451 703 5501 ιι,
733 5434 822 5489 20.
902 5437 945 5470 ⁸ο
974 5436 1164 5494 Matth.
1210 5452 1303 5502 ιιι,
1342 5436 1395 5490 4.
1489 5434 1530 5466 ⁸ο
1562 5432 1704 5492 Eccl.
1734 5437 1892 5506 xu,5.

327 5634 403 5702 (6)
429 5634 570 5689 Edit.
616 5633 841 5701 Athan,
889 5649 941 5705 p.
978 5635 1144 5702 1006,
1187 5652 1251 5694 ex
1294 5637 1508 5696 Possini
1548 5647 1735 5695 catena
1779 5639 1833 5693 in

254 5705 591 5761 Matt/uvam.

327 5775 407 5839 (7)
445 5774 579 5831 Ibid.

1946 4538 2049 4584 n‘os
2077 4525 2341 4582 Salomon
2374 4526 2565 4581 edocet
2621 4524 2711 4580 his
2757 4522 2978 4578 verbis:
3017 4519 3254 4576 Florebit
3282 4521 3533 4592 amygda-

1945 4620 2078 4684 lum,
2109 4629 2158 4674 et
2181 4618 2552 4690 coagulabitur
2569 4618 2710 4673 acris
2733 4616 2799 4670 ⁸ο.
2829 4615 2934 4670 Sed
2959 4615 3065 4669 mel
3100 4614 3231 4669 illud
3256 4614 3529 4679 silvestre,

1945 4726 2057 4766 non
2087 4711 2279 4778 herba,
2314 4711 2406 4766 sed
2439 4710 2549 4765 mel
2575 4725 2767 4764 revera
2798 4708 3070 4774 silvestre,
3111 4706 3528 4763 acerbissimum

1946 4816 2011 4858 ac
2033 4801 2218 4873 gustui
2254 4800 2689 4874 ingratissimum
2721 4808 2827 4855 est.

2014 4890 2191 4947 Illud:
2226 4890 2347 4961 Ipse
2375 4908 2463 4946 vos
2508 4889 2806 4961 baptizabit
2838 4891 2892 4944 in
2920 4887 3127 4961 Spiritu
3166 4890 3442 4955 sancta“,
3472 4887 3550 4975 id;

1946 4984 2191 5051 denotat,
2222 4984 2367 5053 quod
2411 4985 2528 5054 ipse
2562 4998 2660 5037 vos
2687 4991 3023 5053 purgaturus
3055 4981 3131 5036 sit
3160 4998 3173 5033 :
3210 4979 3338 5049 quia
3373 4978 3543 5035 sciIi-i

1945 5066 2033 5132 cet
2079 5076 2132 5130 id
2178 5085 2443 5146 praestare
2485 5090 2595 5130 non
2646 5075 2792 5130 valet
2815 5072 3045 5130 Joannis
3095 5070 3400 5141 baptisma;
3431 5072 3524 5126 sed

1946 5167 2173 5233 Christi,
2223 5169 2319 5237 qui
2371 5168 2536 5223 etiam
2583 5165 2900 5222 remittendi
2934 5173 3157 5233 peccata
3204 5172 3526 5232 potestatem

1947 5259 2127 5314 habet.

1978 5434 2020 5465 "
2050 5433 2241 5488 Matth.
2284 5450 2365 5497 ιιι,
2402 5434 2485 5488 Η.

2018 5637 2092 5707 (8)
2117 5606 2567 5707 Eamdemhujus
2597 5634 2764 5707 vocis,
2795 5636 2988 5705 ἀκρίς,
3019 5634 3517 5707 ἰιιιονιιιυ-ιιιιίοιιοηι

1941 5704 2143 5762 videsis
2168 5706 2307 5775 apud
2335 5705 2601 5761 lsidorum
2624 5704 2757 5772 Pel.,
2784 5707 2813 5760 l.
2846 5704 2883 5773 ι,
2903 5722 2987 5775 ep.
3030 5705 3142 5775 Mil
3162 5704 3335 5759 fusius
3359 5718 3519 5757 enar-

1935 5787 2130 5834 ratam.
3476 5800 3485 5811 ‘
