3702 6444
277 373 417 431 1307

1137 377 1197 433 S.
1246 374 1612 434 ATHANASII
1651 374 1803 432 OPP.
1838 375 2020 431 PARS
2054 374 2143 433 lll.
2176 404 2248 419 --
2277 375 2686 432 EXEGETICA.

3400 377 3525 436 1368

349 493 411 551 Si
440 492 621 551 Filius
655 494 749 550 Dei
770 512 825 550 es
844 496 911 549 “.
930 494 1034 562 Qui
1058 494 1125 551 ad
1140 495 1386 566 singulas
1417 494 1746 551 tentationes
1777 493 1825 551 it

2027 496 2098 549 Et
2124 494 2257 564 Υιὸς
2284 492 2344 551 εἷ
2367 495 2472 552 τοῦ
2504 494 2675 551 Θεοῦ.
2707 492 2806 548 Διά
2837 492 2887 548 τί
2921 494 3040 548 καθ’
3072 493 3312 565 ἑκάστην
3344 497 3526 567 πεῖραν

273 586 528 643 diabolus
562 587 891 658 interrogat:
918 584 979 643 Si
1019 585 1193 642 Filius
1235 586 1331 642 Dei
1359 589 1457 643 es?
1487 585 1542 642 ld
1588 586 1849 642 nimirum

272 683 352 740 ait
376 683 445 739 ad
474 698 664 738 eorum
697 682 1137 746 similitudinem,
1170 699 1293 753 quae
1321 683 1431 752 iam
1459 681 1589 739 olim
1609 683 1664 738 in
1694 698 1846 753 para-

269 776 393 832 diso
423 774 563 830 dixit
598 791 612 826 ι
643 774 913 828 Adamum
948 775 1095 829 enim
1129 774 1209 829 sic
1240 774 1540 844 alloquitur
1573 790 1587 828 :
1627 774 1746 840 Qua
1767 775 1851 829 die

270 867 626 929 comedet-itis,
655 868 959 935 aperientur
993 869 1135 922 acuti
1161 868 1319 922 vestri
1342 867 1389 901 ⁸³
1412 887 1427 936 ;
1450 883 1561 938 quo
1594 866 1851 923 ostende-

269 968 352 1016 ret
377 960 506 1026 illis,
540 975 599 1014 se
628 975 657 1012 ο
692 959 800 1014 Deo
832 958 1007 1015 fuisse
1049 960 1328 1030 deceptos.
1357 958 1727 1026 Quamobrem
1758 959 1849 1015 hic

267 1068 486 1125 quoque
531 1053 596 1107 ad
625 1054 836 1124 singula
872 1054 1015 1109 dicta
1048 1052 1269 1109 assidue
1320 1054 1542 1124 repetit,
1573 1051 1632 1107 Si
1672 1050 1848 1108 Filius

269 1146 367 1199 Dei
390 1161 483 1209 es;
527 1146 579 1200 id
610 1154 712 1211 est,
759 1146 806 1200 si
846 1162 949 1201 vox
983 1162 1105 1216 qua:
1141 1154 1193 1201 te
1242 1145 1442 1201 Filium
1468 1146 1683 1201 vocavit
1721 1160 1848 1200 vera

266 1246 370 1300 est,
419 1252 590 1307 quare
632 1254 741 1294 non
785 1238 1082 1293 coulirmas
1129 1252 1249 1294 eam
1275 1279 1291 1305 ,
1326 1236 1539 1309 agendo
1579 1252 1703 1311 qua
1749 1237 1847 1294 tibi

264 1329 429 1385 dico?

337 1508 540 1563 Docens
567 1511 622 1564 in
660 1512 941 1582 synagogis
981 1527 1164 1566 eorum
1186 1511 1252 1566 “.
1294 1508 1481 1566 Palam
1507 1508 1762 1566 Christus
1792 1518 1848 1566 et

263 1617 389 1656 cum
428 1600 626 1657 fiducia
674 1601 867 1671 docet;
901 1612 961 1658 ut
1014 1602 1238 1659 credant
1279 1601 1358 1657 illi
1395 1599 1609 1674 (Judaei)
1638 1602 1844 1659 doctri-

266 1709 394 1748 nam
428 1709 585 1750 suam
618 1710 728 1750 nun
760 1710 882 1751 esse
913 1696 1018 1768 legi
1045 1697 1404 1768 contrariam.
1440 1694 1600 1764 Quod
1633 1696 1846 1752 scilicet

1954 588 2111 642 τοῦτο
2136 589 2314 661 ἐρωτᾷ
2331 589 2423 643 τὸν
2450 586 2684 661 Χριστὸν
2708 587 2737 640 ό
2761 585 3026 651 διάϐολος,
3060 584 3236 654 λέγων
3253 602 3267 616 ·
3301 588 3373 641 El
3403 586 3523 654 Υἱὸς

1950 677 2011 736 εἷ
2028 681 2134 736 τοῦ
2165 681 2354 745 Θεοῦ;
2414 680 2553 736 Καθ’
2597 680 2892 751 ὁμοιότητα
2931 681 3046 743 τοῖς
3085 678 3354 751 πρότερον
3385 679 3524 751 αὐτῷ

1951 772 2301 844 λελεγμένοις
2323 775 2383 826 ἐν
2407 771 2486 844 τῷ
2510 771 2825 845 παραδείσῳ
2846 769 3018 825 ταῦτα
3040 770 3356 842 φθέγγεται.
3396 768 3521 827 Eine

1949 865 2216 937 γάμπρὺς
2234 864 2326 919 τὸν
2361 864 2531 936 ’Δδάμ
2549 880 2565 895 ·
2590 859 2675 936 τῌ
2699 863 2751 919 δ’
2769 862 2846 917 ἂν
2864 861 3053 933 ἡμέρᾳ
3074 862 3325 933 φάγητε,
3350 862 3523 919 διαν-

1948 955 2336 1025 οιχθήσονται
2381 955 2551 1027 ὑμῶν
2600 959 2655 1011 οὶ
2694 955 3022 1025 ὀφθαλμοί·
3055 953 3318 1008 δεικνύων
3348 955 3522 1020 αὐτοῖς

1948 1047 2127 1120 δῆθεν,
2160 1048 2237 1113 ὡς
2268 1050 2613 1122 ἠπατημένοι
2656 1049 2793 1105 εἰσὶν
2835 1048 2940 1101 ὑπὸ
2975 1047 3072 1101 τοῦ
3113 1046 3272 1100 Θεοῦ.
3315 1048 3408 1101 Διὺ
3435 1048 3523 1103 καί⁵

1950 1139 2192 1212 συνεχῶς
2228 1142 2479 1213 ἐπιφέρει
2514 1140 2747 1197 ἐνταῦθα
2780 1141 2903 1197 καθ’
2938 1140 3169 1196 ἕκαστον
3196 1140 3306 1194 τῶν
3334 1141 3519 1196 ἑαυτοῦ

1948 1232 2141 1299 λόγων,
2181 1232 2242 1286 τὸ
2264 1274 2279 1297 ,
2316 1236 2387 1287 Εἰ
2424 1234 2556 1299 Υἱὸς
2579 1229 2640 1287 εἷ
2674 1232 2843 1297 Θεοῦ,
2873 1232 3173 1297 τουτέστιν,
3214 1234 3264 1286 εί
3295 1234 3330 1305 ή
3377 1234 3519 1306 φωνὴ

1947 1324 2155 1397 ἀληθής
2185 1328 2334 1380 ἐστιν
2374 1328 2409 1399 ἠ
2455 1326 2733 1381 καλέσασα
2762 1343 2822 1380 σε
2848 1325 2997 1391 Υίδν,
3029 1326 3081 1380 τί
3110 1326 3171 1379 ού
3205 1324 3410 1398 ταύτην
3438 1325 3519 1397 βε·-

1948 1418 2124 1483 6αιοῖς
2148 1418 2228 1491 τῷ
2260 1420 2521 1491 πράττειν
2548 1420 2584 1474 ἃ
2605 1438 2687 1475 σοι
2715 1420 2892 1490 λὲ·(ω;

2016 1510 2326 1566 Διδάσκων
2354 1512 2424 1566 ὲν
2448 1512 2577 1578 ταῖς
2612 1512 2993 1584 συναγωγαῖς
3026 1513 3245 1569 αὐτῶν.
3276 1515 3519 1589 Φανερῶς

1946 1602 1976 1653 ὁ
2002 1600 2239 1673 Χριστὸς
2262 1603 2356 1657 καὶ
2385 1602 2527 1675 μετά
2547 1604 2862 1676 παρρησίας
2888 1604 3130 1659 διδάσκει
3150 1621 3165 1638 ο
3201 1604 3290 1659 ἵνα
3313 1606 3520 1660 artasati-

1950 1710 2135 1759 σωσιν,
2168 1697 2252 1749 ὅτι
2291 1694 2329 1749 ἀ
2366 1695 2627 1762 διδάσκει,
2654 1697 2756 1751 οὐκ
2782 1696 3003 1751 ἐναντία
3030 1697 3290 1770 τυγχάνει
3339 1697 3417 1769 τῷ
3442 1698 3518 1752 νό-

264 1786 504 1842 masime
526 1787 773 1843 omnium
796 1766 1016 1845 Iudaeos
1055 1788 1110 1844 in
1147 1766 1390 1844 fut-(irem
1431 1788 1698 1846 adversus
1717 1804 1825 1847 eun

2009 1803 2072 1858 ρ·
2107 1787 2137 1841 δ
2162 1787 2228 1860 δὴ
2262 1789 2355 1844 καὶ
2394 1790 2522 1854 τοὺς
2565 1789 2853 1853 Ἰουδαίους
2888 1788 3087 1862 μᾶλλον
3125 1766 3361 1862 ἐξέμηνε
3389 1766 3516 1844 *κατ’

264 1878 593 1934 concitabat.
1071 1941 1082 1952 ‘

342 1969 491 2025 Beati
537 1970 629 2042 qui
670 1972 913 2026 esuriunt
958 1982 1010 2028 et
1063 1974 1252 2029 sitiunt
1290 1974 1570 2044 justitiam
1599 1975 1666 2029 “.
1699 1972 1845 2030 Esu-

264 2061 470 2118 rientes
498 2077 562 2117 ac
618 2062 868 2120 sitientes
896 2064 1167 2135 justitiam
1213 2065 1347 2121 dicit
1380 2079 1496 2131 eos,
1527 2065 1620 2135 qui
1676 2064 1843 2120 alacri

265 2168 334 2211 ac
366 2153 578 2210 fervido
614 2153 801 2211 animo
828 2155 1100 2226 justitiam
1138 2164 1414 2212 exercent.
1442 2155 1847 2212 Saturabuutur

264 2244 439 2307 enim,
473 2244 571 2310 ait,
601 2252 656 2299 et
684 2244 740 2299 in
791 2244 896 2300 hac
927 2244 1061 2312 vita,
1085 2259 1152 2301 eo
1200 2245 1346 2315 quod
1379 2245 1570 2315 paucis
1604 2245 1845 2300 contenti

263 2340 413 2404 sint;
453 2337 738 2407 multoque
768 2337 944 2408 magis
969 2336 1024 2392 in
1068 2336 1276 2403 l‘utura,
1308 2347 1499 2409 utpote
1528 2352 1654 2394 eum
1677 2336 1838 2393 Chri.

258 2436 353 2485 sto
379 2443 595 2500 semper
619 2428 913 2495 versaturi,
946 2430 1042 2486 ubi
1072 2446 1248 2501 neque
1277 2428 1437 2486 dolor
1463 2445 1640 2502 neque
1665 2430 1845 2487 luctus

262 2522 391 2579 crit.

332 2612 493 2668 Beati
513 2614 710 2668 mundo
738 2613 914 2680 corde,
933 2616 1179 2686 quoniam
1203 2616 1307 2683 ipsi
1330 2615 1496 2669 Deum
1514 2613 1759 2670 videbunt
1775 2612 1842 2669 “.

264 2703 407 2773 Quia
425 2706 678 2777 quisquis
702 2708 853 2763 omni
884 2707 1200 2779 cupiditatis
1247 2707 1536 2763 all'ectione
1562 2722 1660 2763 cor
1680 2722 1842 2762 suum

262 2797 536 2869 purgavit,
580 2799 799 2869 propria
838 2799 891 2854 in
937 2798 1346 2871 pulchritudine
1392 2796 1592 2852 divinae
1630 2804 1845 2853 naturae

259 2889 413 2945 videt
456 2889 771 2961 imaginem.
805 2889 946 2961 Apta
985 2891 1131 2945 enim
1163 2899 1247 2945 est
1284 2889 1484 2944 anima:
1528 2889 1743 2959 paritas
1774 2890 1843 2945 ad

264 2980 438 3037 Deum
468 2997 566 3054 per
589 2982 826 3053 scipsam
857 2982 1249 3054 speculandum
1280 2980 1433 3053 [σίνε.
1452 2981 1506 3035 ἰη
1537 2981 1717 3052 seipsa
1743 2995 1842 3038 ex-

263 3074 662 3146 primendum].
1200 3122 1209 3135 .

710 3166 993 3222 Athanasii
1021 3167 1395 3223 Alexandrini.

262 3272 643 3351 Es__ser_mo_ne_
671 3285 836 3351 St}_X_l0_
870 3277 1337 3351 interpretationis
1374 3279 1431 3334 in
1487 3279 1839 3351 Evangelium

334 3344 595 3407 ﬂatthtei,
629 3348 684 3401 in
708 3347 878 3403 illud:
917 3344 1086 3402 Νεὴιο
1121 3352 1347 3404 mundus
1381 3368 1414 3403 α
1438 3352 1611 3417 sorde,
1632 3344 1843 3406 eiiamsi

339 3418 494 3471 unius
517 3417 625 3471 diei
657 3418 817 3487 fuerit
841 3418 951 3472 uita
977 3419 1091 3489 ejus
1116 3436 1273 3489 super
1299 3429 1497 3475 terram
1531 3421 1599 3473 "'.
1718 3476 1729 3487 ,

336 3549 407 3606 At
433 3550 690 3623 ignorant
720 3566 853 3607 sane
890 3550 1130 3607 haeretici
1162 3552 1315 3617 illud,
1355 3551 1525 3607 Nemo
1552 3553 1781 3607 mundus
1808 3569 1843 3607 a

263 3641 440 3708 sorde,
481 3641 693 3696 etiamsi
737 3642 896 3697 unius
927 3642 1033 3697 diei
1058 3643 1218 3712 fuerit
1249 3644 1359 3698 vita
1390 3644 1528 3715 ejus,
1563 3645 1631 3701 de
1681 3654 1843 3699 natu-

266 3734 370 3795 rali
416 3734 579 3791 sorde
626 3749 790 3804 quam
832 3749 898 3790 ex
935 3744 1092 3790 utero
1124 3736 1319 3793 matris
1364 3752 1623 3808 egressus
1658 3736 1843 3793 iul‘ans

262 3843 451 3887 secum
482 3826 661 3888 all'ert,
684 3826 888 3881 dictum
921 3824 1111 3881 fuisse.
1132 3825 1499 3893 Quamobrem
1535 3828 1845 3898 aitlegisla~

265 3931 351 3977 tor
381 3918 592 3992 Moyses
626 3918 694 3984 ⁸⁸,
728 3918 1009 3974 mulierem
1043 3921 1261 3974 enixam
1309 3919 1650 3975 immundam
1693 3936 1841 3987 esse,

262 4028 369 4077 pro
388 4011 639 4068 masculo
664 4009 1026 4081 quadraginta
1055 4008 1273 4075 diebus,
1308 4025 1407 4080 pro
1430 4009 1658 4077 femina,
1690 4022 1843 4067 octo-

264 4109 438 4179 ginta,
473 4105 547 4160 ob
596 4103 862 4174 majorem
919 4102 1128 4158 scilicet
1174 4110 1387 4157 natura:
1434 4102 1840 4161 humiditatem.

264 4196 423 4265 Quod
450 4196 499 4251 si
541 4210 652 4251 non
694 4194 770 4250 ita
811 4202 957 4249 esset
984 4202 1045 4248 ut
1078 4193 1165 4249 lex
1209 4192 1415 4265 Moysis
1446 4192 1622 4260 etfert,
1654 4194 1740 4249 vel
1772 4208 1841 4249 ex

263 4291 383 4359 ipsa
414 4300 625 4347 natura!
654 4288 869 4343 ratione
905 4295 1229 4358 argumenta
1258 4286 1552 4343 adversum
1595 4286 1840 4342 mutuari

285 4393 476 4438 meret.
516 4380 671 4447 Quod
704 4380 852 4436 enim
888 4389 1178 4451 peccatum
1218 4379 1507 4436 admittere
1533 4377 1715 4435 infans
1748 4395 1842 4434 να·-

260 4475 392 4538 leat,
425 4473 585 4544 cujus
610 4473 725 4529 vita
754 4473 926 4527 unius
957 4471 1063 4527 diei
1099 4469 1307 4527 luerit?
1327 4471 1709 4528 Adulterium?
1739 4470 1842 4525 mi-

1946 1878 2134 1933 αὐτοῦ.

2016 1970 2308 2040 Μακάριοι
2341 1975 2397 2027 οἱ
2416 1971 2743 2041 πεινῶντες
2800 1972 2899 2029 καὶ
2950 1972 3249 2043 διψῶντες
3281 1974 3400 2041 τὴν
3441 1972 3520 2027 δι-

1945 2062 2302 2132 καιοσύνην.
2326 2064 2636 2128 Πεινῶντας
2658 2066 2755 2119 καὶ
2778 2065 3045 2136 διψῶντας
3062 2067 3161 2138 τὴν
3181 2065 3519 2137 δικαιοσύνην

1946 2152 2095 2223 λέγει
2124 2156 2252 2219 τοὺς
2277 2156 2416 2225 μετὰ
2451 2155 2766 2229 προθυμίας
2794 2158 2888 2211 καὶ
2922 2157 3159 2230 ὀρέξεως
3192 2158 3297 2230 τὴν
3323 2157 3496 2212 δικαιο

1948 2245 2117 2317 σύνην
2135 2247 2443 2313 ποιοῦντας.
2461 2249 2993 2319 Χορτασθήονονται
3003 2250 3132 2323 γὰρ,
3151 2268 3226 2322 φη
3235 2252 3309 2316 at,
3329 2253 3423 2305 καὶ
3441 2254 3518 2307 ὲν-

1944 2336 2118 2391 ταῦθα
2139 2338 2214 2401 ὡς
2244 2337 2448 2407 ὀλίγοις
2481 2340 2843 2412 ἀρκούμενοι·
2876 2339 3057 2411 πολλῷ
3080 2341 3138 2394 δὲ
3176 2340 3341 2396 πλέον
3378 2343 3434 2396 ἐν
3455 2346 3516 2414 τῇ

1948 2428 2218 2500 μελλούσῃ
2244 2429 2381 2503 ζωῇ.
2403 2430 2480 2495 ὡς
2507 2432 2595 2486 ἀεὶ
2629 2432 2768 2505 μετὰ
2789 2432 3024 2505 Χριστοῦ
3060 2433 3347 2504 διάγοντες
3366 2455 3381 2469 ·
3402 2436 3518 2492 ἔνθα

1944 2517 2069 2573 οὔτε
2106 2518 2251 2593 λύπη
2278 2521 2404 2574 οὔτε
2438 2522 2743 2594 στεναγμός
2769 2523 2940 2578 ἐστιν.

2015 2610 2303 2681 Μακάριοι
2332 2615 2387 2667 οι
2415 2614 2661 2685 καθαροὶ
2688 2613 2764 2684 τῇ
2788 2614 3023 2684 καρδίᾳ,
3056 2615 3148 2670 ὅτι
3183 2618 3358 2673 αὐτοὶ
3385 2618 3520 2673 Θεὸν

1946 2702 2221 2771 ὄψονται.
2255 2703 2381 2757 ’Ότι
2408 2704 2439 2757 ὁ
2454 2704 2636 2777 πάσης
2663 2704 2946 2776 ἐμπαθῶς
2963 2706 3263 2771 διαθέσεως
3285 2707 3388 2779 τὴν
3402 2706 3521 2760 ἐαυ-

1942 2794 2037 2849 τοῦ
2064 2795 2293 2868 καρδίαν
2311 2796 2670 2870 ἀποκαθάρας
2698 2799 2759 2852 ἐν
2781 2797 2861 2869 τῷ
2890 2796 3006 2869 ίδίῳ
3035 2798 3227 2853 κάλλει
3249 2799 3355 2870 τῆς
3377 2798 3519 2865 θείας

1944 2887 2161 2959 φύσεως
2193 2888 2406 2961 καθορᾷ
2440 2888 2537 2961 τὴν
2566 2890 2771 2945 εἰκόνα.
2805 2891 2987 2964 ’ἱκανὴ
3014 2891 3183 2963 γάρὴ
3219 2891 3324 2963 τῆς
3351 2891 3524 2963 ψυχῆς

1944 2979 2257 3053 καθαρότης
2285 2980 2406 3034 ἐστὶ
2427 2979 2520 3035 τὸν
2552 2980 2686 3035 Θεὸν
2717 2980 2786 3035 δι’
2817 2982 3019 3053 ἑαυτῆς
3043 2981 3520 3053 κατοπτρίζεσθαι.

2306 3163 2664 3220 Ἃθαναονιου
2702 3164 3175 3234 Ἀλεξανδρείας,

2018 3272 2251 3346 (9)]Ῑερὶ
2274 3274 2390 3341 τοῦ,
2423 3275 2633 3342 Οὐδείς
2652 3274 2909 3346 καθαρὸς
2920 3275 3272 3346 άατὸρὐου.
3301 3276 3413 3332 ἐὰν
3432 3274 3527 3333 καὶ

1940 3343 2053 3421 Id.“
2080 3343 2272 3421 ἡμέρα
2311 3346 2525 3421 όηξίρς
2551 3343 2888 3421 amati“
2918 3346 3029 3421 τῆς
3047 3343 3191 3421 τῆς,
3221 3348 3321 3419 τῆς
3355 3349 3524 3421 Eatur

1944 3412 2094 3479 νείας
2121 3415 2215 3469 τοῦ
2240 3415 2385 3470 κατά
2414 3412 2695 3472 Ματθαῖον
2720 3412 3249 3488 Εύαγγελῑουλόγου
3275 3412 3353 3482 ξ’.

2028 3546 2168 3602 Ἀλλ’
2190 3548 2313 3604 οὔτε
2341 3548 2519 3607 ἴσασιν
2537 3552 2586 3605 οί
2612 3551 2875 3624 αίρετικοὶ
2895 3549 2978 3616 τὸ,
3008 3551 3226 3618 Οὐδείς
3272 3551 3527 3621 καθαρὸς

1943 3639 2064 3695 ἀπὸ
2081 3641 2305 3708 ῥύπου,
2333 3642 2464 3697 οὐδ’
2490 3642 2570 3697 ἂν
2588 3644 2699 3713 μία
2735 3645 2928 3712 ἡμέρα
2965 3646 2999 3698 ό
3020 3644 3163 3710 ,ϐίος
3191 3643 3384 3698 αὐτοῦ
3401 3661 3415 3674 ·
3446 3643 3528 3697 ὅτι

1944 3733 2144 3806 ἐρρέθη
2175 3734 2306 3809 περὶ
2328 3734 2424 3788 τοῦ
2457 3735 2690 3804 φυσικοῦ
2726 3735 2899 3807 ῥύπου
2919 3776 2934 3798 ,
2975 3735 3005 3789 δ
3045 3734 3434 3807 ἐπικομίζεται
3469 3735 3530 3787 τὸ

1946 3824 2146 3896 βρέφος
2173 3824 2529 3898 ἐξερχόμενον
2550 3828 2615 3881 ἐκ
2634 3826 2735 3897 τῆς
2766 3827 2958 3899 νηδύος
2979 3826 3083 3898 τῆς
3105 3826 3318 3899 μητρὸς
3339 3825 3526 3880 αὐτοῦ.

1944 3917 2036 3971 Διὸ
2058 3918 2152 3973 καὶ
2179 3921 2208 3972 ὁ
2228 3919 2573 3992 νομογράφος
2594 3919 2838 3991 Μωδσῆς
2864 3920 2970 3991 ἔφη
3001 3919 3102 3992 τὴν
3122 3919 3419 3973 τίκτουσαν
3443 3935 3531 3987 Tu-

1944 4012 2108 4065 ναίκα
2132 4008 2272 4065 εἶναι
2314 4012 2648 4084 ἀκάθαρτον,
2678 4011 2772 4065 ἐπὶ
2822 4011 2922 4083 μὲν
2952 4010 3031 4082 τῷ
3065 4012 3258 4083 ἄρῤενι
3290 4016 3344 4081 μ’
3390 4009 3530 4084 ἱμέ-

1947 4113 2090 4174 ραις,
2122 4101 2215 4155 ἐπὶ
2237 4102 2294 4156 δὲ
2314 4102 2393 4173 τῷ
2429 4102 2582 4173 θήλει
2627 4100 2683 4154 π’
2714 4100 2805 4156 διὰ
2847 4101 2909 4155 τὸ
2951 4100 3253 4173 ὑγρότερον
3305 4099 3530 4171 τῆς’φύ-

1947 4209 2104 4256 σεως.
2138 4193 2200 4248 Ei
2226 4194 2283 4247 δὲ
2304 4193 2406 4248 οὐκ
2433 4193 2582 4247 ἔστιν
2617 4192 2792 4265 οὕτως
2842 4192 2919 4257 ὡς
2969 4192 3085 4263 ἔχει
3114 4195 3144 4249 ό
3172 4192 3343 4265 νόμος
3370 4194 3531 4247 Meti:—

1947 4283 2104 4347 σέως,
2136 4283 2232 4337 καὶ
2256 4284 2291 4355 ἠ
2334 4282 2539 4355 φυσικὴ
2573 4283 2863 4337 ἀκολουθία
2887 4280 3049 4337 δώσει
3094 4283 3256 4352 λόγον
3311 4282 3529 4347 ἐξεναν-

1942 4376 2098 4439 τίας·
2131 4374 2291 4429 ποίαν
2317 4374 2541 4429 δύναται
2591 4375 2814 4446 ποιῆσαι
2862 4376 2924 4429 τὺ
2966 4375 3181 4431 παιδίον
3233 4375 3530 4447 ἁμαρτίαν,

1944 4462 2005 4522 οὗ
2032 4467 2130 4539 μία
2165 4468 2349 4539 ἡμέρα
2379 4470 2413 4540 ἡ
2446 4466 2558 4540 ζωὴ
2586 4467 2753 4522 αὐτοῦ
2778 4485 2793 4534 ;
2831 4467 3096 4540 Μοιχείαν
3121 4483 3137 4533 ;
3165 4467 3229 4521 ού
3261 4468 3486 4530 πάντως
3514 4485 3528 4497 ·

260 4564 411 4621 nime
439 4563 705 4635 gentium.
738 4577 865 4618 cum
914 4572 1023 4616 non
1070 4562 1124 4617 in
1164 4562 1444 4633 voluptate
1475 4561 1671 4633 vigeat.
1702 4558 1825 4619 For-

2036 4558 2145 4630 γὰρ
2173 4557 2413 4630 ἀκμάζει
2443 4560 2502 4612 ἐν
2536 4562 2603 4632 τῇ
2638 4559 2822 4632 ἡδονῇ.
2850 4557 3152 4631 Πορνείαν;
3180 4557 3308 4611 οὐδὲ
3338 4557 3531 4619 οὓτως,

261 4654 634 4713 nicationem?
665 4654 840 4710 nihilo
886 4654 1086 4724 magis,
1121 4668 1245 4710 cum
1287 4668 1401 4709 non
1433 4652 1505 4709 sit
1536 4651 1665 4708 talis
1697 4666 1828 4706 con-

261 4746 613 4818 cupiseentiaa
639 4761 855 4815 (δίψει.-
879 4743 1137 4801 Caedem?
1165 4743 1233 4800 At
1275 4742 1561 4799 mortifera
1596 4741 1706 4797 tela
1739 4757 1834 4813 ge-

263 4850 413 4895 stare
441 4838 648 4910 nequit.
684 4836 1034 4908 Perjurium?
1064 4837 1158 4893 sed
1184 4835 1516 4892 articulatim
1545 4833 1839 4890 vociferari

261 4949 372 4990 non
399 4932 563 4991 valet.
595 4928 933 4985 Avaritiam?
962 4929 1056 4984 sed
1088 4942 1269 4998 neque
1308 4927 1542 4983 alienam
1568 4926 1720 4982 novit
1746 4941 1841 4995 pe-

260 5025 505 5092 cuniam,
541 5037 717 5094 neque
742 5035 923 5078 suam.
954 5018 1071 5080 Iino
1096 5019 1627 5090 etiam‘injuriarum
1678 5032 1840 5088 pror-

264 5131 362 5172 sus
395 5116 748 5170 immemores
791 5111 1006 5184 parvuli
1038 5122 1195 5178 sunt;
1230 5126 1353 5167 nam
1399 5110 1577 5166 donec
1607 5110 1678 5167 ad
1710 5108 1842 5163 viri—

264 5209 368 5265 lem
397 5217 609 5264 :etatem
630 5206 997 5280 pervenerint,
1024 5205 1296 5262 verberati
1329 5214 1652 5275 precantur,
1678 5213 1844 5273 atque

259 5300 405 5370 pulsi
437 5316 549 5355 non
589 5315 711 5356 sese
738 5296 1042 5355 vindicant.
1084 5295 1239 5355 Unde
1268 5307 1322 5353 et
1353 5295 1619 5353 Dominus
1648 5296 1718 5353 iis
1748 5296 1841 5367 qui

259 5390 315 5445 in
349 5406 409 5448 se
446 5392 677 5447 credunt
702 5391 776 5447 ait
811 5410 825 5446 :
867 5389 992 5445 Nisi
1019 5390 1253 5445 conversi
1308 5388 1518 5460 fueritis
1554 5396 1604 5442 et
1644 5389 1839 5458 eﬂicia-

258 5482 390 5537 mini
430 5482 567 5536 sicut
596 5482 841 5553 parvuli,
872 5498 979 5538 non
1014 5482 1287 5539 iutrabitis
1340 5482 1395 5539 in
1433 5496 1647 5553 regnum
1677 5479 1833 5535 calo-

342 5619 388 5653 “
421 5617 611 5673 Matth.
646 5633 719 5678 tv.
755 5617 809 5673 5.
898 5617 943 5650 ⁸⁸
967 5616 1104 5672 Gen.
1145 5634 1230 5680 tu,
1258 5618 1310 5671 4.
1391 5615 1438 5648 ⁵⁸
1467 5614 1655 5669 Matth.
1691 5630 1774 5678 tv,
1807 5615 1899 5671 23.

159 5745 229 5787 In,
259 5686 305 5722 θ’
329 5687 503 5745 Levit.
539 5703 636 5753 xu,
675 5685 786 5740 ‘25.

336 5822 411 5897 (9)
452 5820 528 5881 ex
561 5820 750 5882 codice
771 5778 937 5898 Regio
973 5822 1182 5891 1995.1:
1213 5823 1422 5891 saeculi,
1461 5822 1499 5879 τ.
1533 5822 1657 5880 δια).

1941 4649 2071 4704 ὅντα
2097 4651 2255 4715 ἐκτὸς
2284 4651 2385 4722 τῆς
2412 4651 2667 4724 τοιαύτης
2694 4649 2951 4724 ὀρέξεως.
2988 4650 3183 4716 Φόνονς
3215 4649 3336 4705 ἀλλ’
3388 4652 3533 4721 ἀμη-

1944 4745 2100 4812 χανεῖ
2126 4741 2391 4813 βαστάσαι
2430 4743 2592 4798 ὅπλον
2636 4744 2889 4798 θανάτου.
2935 4742 3358 4815 Ἐπιορκῆσαις
3402 4740 3535 4796 ἀλλὰ

1943 4835 2081 4900 τέως
2105 4836 2352 4891 λείπεται
2379 4836 2477 4909 τῆς
2511 4836 2776 4910 ἐνάρθρου
2818 4834 3023 4906 φωνῆς.
3075 4834 3490 4907 Πλεονεκτῆσαι
3519 4850 3533 4898 ;

1945 4927 2058 4982 ἀλλ’
2089 4930 2192 4985 οὐκ
2217 4928 2331 5003 ἔχει
2361 4928 2564 4999 γνῶσιν
2594 4929 2701 4985 τῶν
2732 4928 3029 5000 ἀλλοτρίων
3059 4946 3168 5001 χρη
3178 4930 3397 5000 μάτων,
3425 4927 3536 4983 ἀλλ’

1945 5020 2068 5075 οὔτε
2096 5021 2206 5075 τῶν
2238 5022 2405 5077 ίδίων.
2459 5023 2569 5095 Τῆς
2597 5021 2655 5076 δὲ
2700 5021 3054 5088 ἀνεξικακίας
3087 5025 3198 5079 εἰσὶ
3239 5022 3537 5095 πεπληρω-

1944 5114 2080 5187 μένα
2102 5114 2173 5168 τά
2193 5115 2365 5186 νήπια
2384 5133 2396 5147 ·
2424 5114 2529 5179 ἓως
2555 5115 2665 5188 γὰρ
2694 5114 3022 5187 ἀνδρυθῶσι,
3064 5116 3161 5170 καὶ
3212 5116 3537 5187 τυπτόμενα

1941 5206 2264 5279 παρακαλεῖ.
2297 5208 2389 5262 καὶ
2413 5207 2724 5279 διωκόμενα
2754 5207 2855 5261 οὐκ
2892 5206 3190 5279 ἀμύνεται.
3222 5208 3397 5263 ’Ὅθεν
3445 5205 3539 5261 καὶ

1939 5300 1968 5352 ὁ
1993 5297 2199 5370 Κύριος
2235 5297 2339 5372 ἔφη
2380 5301 2494 5363 τοῖς
2535 5298 2882 5353 πιστεύουσιν
2916 5299 3001 5363 είς
3034 5298 3237 5353 αὐτόν’
3276 5298 3432 5354 Ἐὰν
3453 5295 3538 5368 μὴ

1943 5384 2252 5458 στραφῆτε
2272 5388 2370 5442 καὶ
2393 5386 2651 5458 γένησθε
2672 5388 2751 5455 ὡς
2776 5389 2849 5443 τὰ
2887 5386 3118 5455 παιδία,
3171 5390 3249 5443 οὑ
3286 5388 3380 5459 μὴ
3413 5389 3538 5443 sia”-

1944 5478 2156 5549 ἐλθητε
2202 5481 2291 5547 εὶς
2323 5478 2439 5549 τὴν
2462 5479 2792 5546 ,ϐασιλείαν
2839 5477 2961 5534 τῶν
3013 5478 3326 5550 οὐρανῶν.
3389 5475 3544 5535 Ἐπεὶ

2027 5616 2072 5651 ⁸⁸
2111 5616 2302 5673 Matth.
2334 5633 2397 5684 v,
2435 5618 2486 5674 6.
2588 5621 2634 5653 “
2689 5617 2876 5674 Matth.
2914 5616 2968 5673 8.
3052 5618 3101 5652 ⁸⁷
3146 5615 3258 5674 Job
3327 5635 3444 5687 xtv,
3486 5619 3521 5675 4
