3702 6410
204 312 329 368 1569

1315 307 1744 365 FRAGMENTA
1786 308 1852 362 IN
1894 308 2331 368 MATTHEUM.

3283 302 3306 356 1
3317 302 3422 357 370

199 421 282 479 οὖν
311 421 516 477 τούτων
542 422 648 477 τῶν
678 423 1086 495 ἁμαρτημάτων
1108 420 1178 474 τὰ
1199 419 1373 492 βρέφη
1399 422 1621 494 ἀμύητοι
1650 420 1709 473 ὑπ

1911 423 2234 478 tm°'.‘Cum
2270 425 2451 493 itaque
2491 424 2814 480 delictorum
2856 416 3167 490 huiusmodi
3191 429 3420 487 prorsus

197 518 344 587 άρχει
369 555 386 582 ,
437 513 598 567 ποίαν
628 512 903 585 ἁμαρτίαν
920 512 1031 583 ἔχει
1054 511 1116 564 τὸ
1139 510 1272 582 ἀνθη
1283 511 1499 583 μερινὸν
1519 510 1753 574 παιδίον,

1860 514 2092 585 imperiti
2114 514 2321 585 parvuli
2352 513 2493 580 sint;
2519 512 2685 581 quod,
2704 525 2908 581 quaso,
2929 515 3206 580 peccatum
3224 504 3421 559 admit-

197 610 239 663 εἰ
262 607 332 678 μὴ
359 604 544 669 καθὼς
569 604 780 675 ἔφημεν
810 602 901 656 τὸν
930 601 1237 674 σωματικὸν
1266 601 1468 674 ῥύπον·
1500 600 1621 656 οὕτε
1649 600 1709 667 μὶ

1919 606 2225 676 tpuerulus
2254 605 2367 675 ipsa
2408 605 2499 660 die
2543 613 2725 666 natus,
2754 602 2879 665 nisi,
2907 601 2984 656 uti
3008 598 3268 661 diximus,
3295 611 3421 650 cor-

194 703 219 754 ὁ
244 699 410 769 λέγων
444 696 547 769 ἔφη
571 713 586 728 ο
610 695 820 763 οὐδεὶς
865 694 1129 763 καθαρὸς
1165 695 1272 750 ἀπὸ
1291 694 1562 768 ἁμαρτίας
1584 732 1600 758 ,
1638 693 1753 748 ἀλλ’

192 792 298 848 ἀπὸ
310 791 535 859 ῥύπου.

479 907 588 979 (10)
623 906 969 962 Ἁθανασίου
1001 904 1464 975 Ἀλεξανδρείας,

190 1022 305 1086 Πῶς
345 1022 569 1092 νοητέον
615 1021 676 1074 τὸ
704 1063 718 1084 ,
750 1019 815 1092 'Q
839 1017 1144 1092 ἐμϐλέψας
1178 1016 1450 1092 ,γυναῖκα
1494 1014 1646 1092 ,περρς
1682 1012 1750 1092 τὸ

251 1085 613 1172 ἐξιθυριῇςγαι
648 1085 998 1172 οὺζῆςῖἧδη
1031 1085 1413 1159 ’ἐμοίχευσεν
1449 1085 1644 1153 αὐτὴν
1681 1085 1752 1138 ἐν

250 1162 322 1231 τῇ
352 1162 568 1230 καρδίᾳ
593 1162 802 1216 αὑτοῦ.

249 1253 504 1324 Μοιχεύει
532 1255 768 1321 γυναῖκα
817 1254 882 1323 τῇ
918 1251 1116 1323 καρδίᾳ
1143 1252 1369 1313 ἐκεῖνος,
1411 1252 1440 1302 ὁ
1481 1246 1747 1301 συνδιατι-

187 1343 399 1415 θέμενος
444 1346 512 1415 τῇ
567 1342 785 1415 πράξει,
838 1342 1160 1396 ἀπεκώλυσε
1201 1342 1257 1394 δὲ
1296 1341 1388 1394 τὸν
1418 1340 1675 1403 τοιοῦτον,
1710 1336 1744 1408 ἢ

184 1438 357 1501 τόπος,
392 1437 427 1507 ἢ
478 1436 692 1507 χρόνος,
747 1435 780 1507 ἢ
817 1434 978 1508 φόϐος
1010 1434 1117 1488 τῶν
1179 1432 1495 1503 Ῥωμαϊκῶν
1547 1429 1743 1501 νόμων.

189 1530 301 1583 Ὀτι
326 1529 384 1582 δὲ
421 1528 627 1594 πολλοὶ,
662 1526 736 1599 μὴ
765 1526 1059 1599 δράσαντες
1082 1523 1178 1596 τὴν
1213 1523 1490 1588 ἀσέϐειαν,
1513 1522 1589 1585 ὼς
1626 1538 1746 1592 μοι-

184 1621 262 1693 χοὶ
280 1619 670 1691 ἐκολάσθησαν,
703 1619 898 1690 ῥᾳδίως
928 1618 1043 1672 ἐστὶ
1068 1616 1194 1681 τοὺς
1221 1615 1430 1678 πάντας
1476 1613 1748 1685 πληροφο-

184 1712 408 1784 ρηθῆναι
434 1714 500 1766 ὲκ
527 1710 622 1767 τοῦ
665 1709 1036 1780 ὐλοφέρνους.
1061 1706 1387 1770 Σπεύδοντος
1412 1708 1520 1775 γάρ
1549 1703 1745 1775 δρᾶσαι

179 1804 237 1859 τὺ
261 1803 451 1875 μύσος,
478 1806 512 1871 ἡ
542 1801 729 1857 ’ἰουδὶθ
748 1843 763 1865 ,
795 1801 871 1866 ὡς
907 1800 1073 1871 νόμος
1109 1797 1484 1869 δικαιοσύνης,
1532 1813 1742 1850 σπασα-

183 1898 307 1970 μένη
334 1896 397 1950 τὸ
431 1895 584 1965 ξίφος
612 1894 884 1965 ἀπέτεμεν
916 1891 1080 1946 αὐτοῦ
1117 1891 1217 1963 τὴν
1254 1890 1517 1959 κεφαλὴν,
1547 1891 1743 1943 ὲπικαυ

178 1987 444 2059 λεσαμένη
474 1988 555 2050 είς
588 1983 841 2057 βοήθειαν
865 1984 958 2037 καὶ
982 1979 1400 2053 ύπερασπισμὺν
1431 1979 1521 2032 τὸν
1543 1977 1742 2049 δοτῆρα

176 2077 276 2134 τῶν
310 2079 496 2147 νόμων
547 2076 710 2141 Θεὸν,
760 2075 856 2129 καὶ
900 2072 1158 2145 συνεργὸν
1213 2072 1314 2140 τῆς
1367 2069 1737 2143 σωφροσύνης.

186 2169 454 2233 Ὡσαύτως
479 2168 575 2221 καὶ
599 2169 650 2221 0i
683 2166 775 2221 δύο
804 2165 1183 2238 πρεσϐύτεροι,
1220 2163 1501 2236 εἰρηκότες
1530 2164 1594 2234 τῇ
1628 2162 1742 2215 Σω-

176 2260 358 2333 σάννῃ,
397 2258 553 2315 Ἰδοὺ
584 2258 948 2327 ἐτι-ἐπιθυμίᾳ
972 2256 1086 2310 σού
1104 2255 1313 2324 ἐσμεν,
1352 2252 1552 2325 καίπερ
1584 2252 1742 2307 τοῦτο

176 2351 249 2424 μὴ
271 2350 600 2423 πράξαντες,
636 2349 712 2413 ὡς
753 2349 934 2419 μοιχοὶ
961 2345 1356 2417 ἐκολάσθησαν,
1396 2346 1491 2399 καὶ
1512 2344 1612 2416 τὴν
1646 2344 1742 2415 ξη-

174 2447 298 2518 μὶαν
320 2445 482 2516 ἔσχον
504 2443 752 2498 θάνατον.
784 2442 912 2496 Ἐὰν
931 2437 1025 2495 οὖν
1049 2442 1144 2495 καὶ
1170 2441 1293 2515 ἄρτι
1322 2440 1405 2504 τίς
1426 2441 1542 2492 ἐστι
1565 2437 1743 2492 τοιοῦη

167 2553 275 2601 τος,
302 2534 622 2597 ἀκόλαστος,
650 2531 915 2604 ἀκρατὴς,
960 2530 1243 2602 ἐπιθυμῶν
1294 2528 1589 2601 ἀλλοτρίων
1640 2543 1738 2596 γυ-

168 2626 385 2692 ναικῶν,
420 2625 565 2685 κατὰ
598 2624 838 2679 διάνοιαν
877 2621 1149 2694 μοιχεύει·
1181 2623 1210 2675 ὁ
1256 2621 1365 2692 γὰρ
1394 2618 1739 2692 ἡγεμονεύων

166 2718 269 2774 τῶν
291 2716 503 2782 παθῶν,
527 2714 846 2788 καθαρεύων
874 2714 985 2768 ἀπὸ
1010 2712 1342 2784 ὀφλήματος,
1379 2711 1487 2765 ἀπὸ
1520 2713 1739 2783 αἰσχρο-

167 2810 366 2880 λογίας,
389 2801 546 2873 οὖτος
564 2808 666 2863 ούκ
682 2806 798 2860 ἐστι
822 2806 1028 2878 μοιχὸς,
1062 2803 1199 2859 ἀλλά
1221 2802 1686 2875 παθοκρατορικός
1719 2815 1735 2831 ’

166 2902 503 2962 ἀναστέλλων
555 2900 617 2955 τὸ
674 2898 911 2970 ἐπαχθὲς
937 2898 1038 2969 τῆς
1079 2897 1270 2969 ἡδονῆς
1294 2895 1372 2967 τῷ
1396 2894 1561 2966 θεῖκῷ
1588 2894 1738 2966 φόϐῳ

165 2996 238 3062 ὡς
273 2995 428 3067 κῦμα
451 2992 742 3048 θαλάσσιον
777 2989 1217 3061 ἀνακοπτόμενον
1251 2986 1356 3042 ὑπὸ
1385 2987 1610 3059 ἰσχυρᾶς
1643 2985 1738 3039 καὶ

166 3089 391 3163 στερεᾶς
419 3086 648 3157 πέτρας.

230 3181 341 3254 (11)
372 3181 443 3235 Et
469 3176 538 3231 δὲ
558 3180 590 3231 ὀ
618 3175 925 3245 ὀφθαλμός
958 3188 1075 3228 σου
1105 3175 1139 3227 ό
1175 3170 1376 3238 δεξιὸς
1410 3169 1738 3225 σκανδαλί-

162 3273 238 3339 ζει
264 3288 361 3338 σε,
396 3271 575 3336 ἔξελε
610 3268 819 3334 αὑτὸν,
859 3264 957 3320 καί
993 3264 1155 3331 βάλε
1199 3264 1317 3319 ἀπὸ
1356 3263 1474 3319 σοῦ
1497 3304 1512 3329 ,
1543 3263 1638 3316 καὶ
1667 3261 1739 3317 τὰ

161 3367 302 3437 ἑξῆς.
352 3364 671 3429 Βαδίξοντες
714 3361 812 3433 τὴν
854 3359 1064 3431 ἀπλανῆ
1115 3357 1211 3412 καὶ
1258 3356 1540 3428 ζωηφόρον
1594 3355 1733 3422 ὁδὸν,

157 3457 436 3528 ὀφθαλμὸν
483 3455 580 3526 μὲν
637 3452 959 3524 ὲκκόψωμεν
1006 3447 1426 3512 σκανδαλίζοντα
1461 3464 1474 3475 ·
1524 3445 1600 3519 μὴ
1645 3446 1736 3501 τὸν

158 3550 417 3624 αἰσθητόν
446 3548 559 3619 (12)
580 3564 594 3578 ·
628 3544 851 3617 καὶγὰρ
885 3545 1054 3616 πηροὶ
1088 3540 1265 3615 μοιχοί
1284 3556 1297 3570 ⁸
1328 3538 1466 3593 ἀλλά
1492 3539 1581 3593 τὸν
1612 3556 1736 3610 νοη-

158 3645 268 3706 τόν.
300 3637 430 3697 Οἴον
453 3640 594 3695 sava
623 3638 922 3701 ἐπίσκοπος
953 3637 987 3708 ἢ
1024 3637 1052 3690 ὁ
1082 3633 1469 3705 πρεσϐύτερος,
1510 3632 1559 3684 οἱ
1584 3629 1737 3695 ὄντες

157 3733 425 3809 ὀφθαλμοὶ
467 3733 568 3804 τῆς
612 3729 967 3800 ἶΕκκλησίας,
1015 3726 1199 3790 κακῶς
1251 3723 1733 3809 ἀναστρέφωνται,

157 3799 251 3882 καὶ
275 3799 672 3888 σκανδαλίζωσι
702 3820 791 3875 τὸν
806 3799 966 3884 λαὸν,
1001 3818 1107 3889 χρὴ
1135 3799 1331 3880 αὐτοὺς
1353 3812 1733 3868 ἐκϐάλλεσθαι.

155 3918 447 3992 Συμφέρον
478 3916 589 3986 γάρ
633 3916 781 3968 ἐστιν
811 3913 942 3968 ἄνευ
971 3909 1151 3964 αὐτῶν
1182 3905 1626 3981 συναθροίζεσθαι
1655 3906 1735 3969 είς

159 4015 451 4086 ιύκτήριον
481 4007 651 4074 οἷκον,
680 4010 714 4080 ἢ
740 4010 854 4080 μετ’
885 4007 1084 4070 αὐτοὺς
1112 4003 1471 4077 ἐμϐληθῆναι,
1497 4001 1573 4065 ὡς
1597 3999 1737 4073 μετά

183 4110 333 4163 Δννα
359 4104 457 4159 καὶ
488 4103 734 4171 Καῖάφα,
760 4102 841 4163 εἰς
875 4098 973 4170 τὴν
1015 4096 1241 4167 γέενναν
1277 4094 1373 4149 τοῦ
1415 4092 1605 4163 πυρός.
1653 4088 1738 4145 Ὀ-

158 4198 330 4269 μοίως
348 4195 406 4250 δὲ
445 4192 542 4247 καὶ
565 4194 599 4263 η
624 4190 765 4262 χεὶρ,
792 4192 819 4243 ὁ
834 4188 1097 4251 διάκονος,
1122 4187 1214 4240 ἐὰν
1236 4183 1468 4250 ἀναξίως
1494 4200 1547 4237 τι
1568 4180 1737 4253 πράτ-

153 4306 244 4366 τῃ,
277 4283 602 4361 χωριζέσθω
622 4282 715 4337 τοῦ
747 4278 1132 4351 θυσιαστηρίου
1165 4276 1298 4347 (15).
1343 4276 1401 4328 ὐ
1424 4274 1482 4327 δὲ
1525 4272 1682 4335 ποῦς,
1706 4274 1736 4326 ὁ

154 4364 464 4455 ὑπηρέτης,
494 4376 588 4430 saw
616 4374 802 4439 κακῶς
846 4372 1013 4445 τρέχῃ
1058 4371 1138 4433 εἰς
1169 4369 1231 4423 τὸ
1263 4366 1477 4439 ψεῦδος,
1513 4365 1608 4418 καὶ
1635 4364 1733 4436 τὴν

152 4454 319 4546 λῆψιν
340 4470 452 4525 τῶν
475 4466 770 4539 χρημάτων
802 4464 944 4519 κατὰ
981 4463 1073 4516 τὸν
1105 4459 1288 4530 Γιεζῆ,
1309 4458 1391 4512 δεῖ
1424 4456 1518 4511 καὶ
1543 4454 1732 4509 τοῦτον

295 4557 643 4629 λειτουργίας
672 4552 1064 4622 ἀποξενοῦσθαι
1089 4550 1164 4615 ὼς
1189 4548 1423 4621 χαλεπὸν
1447 4547 1540 4600 καὶ
1569 4543 1737 4598 ἀσύν-

151 4673 275 4710 ετον
334 4652 619 4721 ἄνθρωπον
649 4664 662 4678 ⁸
719 4648 806 4700 ἴνα
852 4648 886 4716 ὴ
945 4642 1238 4715 Ἐκκλησία
1292 4636 1735 4699 ἁσκανδαλίστως

151 4743 504 4817 συναγομένη
527 4738 1051 4810 διαφυλαχθήσηται.

445 4858 557 4931 (Η)
602 4854 948 4911 Ἀθανασίου
985 4849 1444 4918 Ἀλεξανδρείας,

255 4953 479 5008 Βιϐλίου
516 4950 616 5022 τῆς
641 4947 934 5024 ἑρμηνείας
958 4944 1053 4999 τοῦ
1085 4944 1241 5012 ἁγίου
1269 4939 1622 5010 Εὐαγγελίου.

219 5043 564 5117 Προσέχετε
589 5040 658 5096 δὲ
680 5040 796 5109 τὴν
810 5038 1230 5108 ἐλεημοσύνην
1248 5032 1414 5103 ὑμῶν
1430 5031 1517 5101 μὴ
1540 5028 1734 5084 ποιεῖν

143 5138 499 5207 ἔμπροσθεν
519 5132 639 5187 τῶν
676 5129 1002 5200 ἀνθρώπων
1037 5128 1188 5197 πρὸς
1218 5128 1285 5180 τὸ
1315 5121 1595 5191 θεαθῆναι
1623 5121 1733 5173 αὺ-

147 5229 277 5295 τοῖς
304 5244 319 5258 ⁶
358 5229 412 5281 εὶ
444 5224 513 5279 δὲ
538 5222 624 5294 μή
652 5239 739 5293 τε.
761 5220 984 5293 μισθὸν
1001 5222 1113 5275 οὐκ
1138 5218 1308 5288 ἔχετε
1329 5214 1488 5284 παρὰ
1512 5210 1594 5277 τῷ
1618 5213 1737 5264 Πα-

217 5348 266 5379 ⁸⁹
294 5342 491 5399 Matth.
532 5356 689 5405 XVIII,
726 5339 783 5397 5.
876 5338 925 5371 ⁷⁸
949 5337 1137 5392 Matth.
1200 5351 1253 5402 ν,
1310 5332 1399 5388 ‘28.
1490 5330 1536 5364 '"
1559 5327 1695 5381 Dan.

1911 5322 1987 5378 ΞΟ.

137 5417 190 5449 ’δ
220 5414 419 5470 Matth.
478 5428 554 5479 νι,
587 5413 642 5465 1.
700 5424 705 5429 ·

215 5524 339 5592 (10)
376 5521 519 5578 Edit.
544 5522 744 5577 Athan.
774 5537 838 5577 ex
864 5522 1046 5592 codice
1074 5522 1393 5592 Barociano,
1423 5513 1661 5592 p._10_26.

247 5586 339 5652 tti
381 5592 524 5647 Edit.
573 5592 797 5654 Athan,
848 5606 899 5661 p.
932 5591 1093 5653 4027,
1136 5608 1202 5646 ex
1235 5586 1725 5661 codiee'Yaticano

134 5659 275 5721 392.
318 5662 521 5717 Verum
567 5662 811 5716 auctiora
848 5659 911 5714 ‘et
957 5662 1327 5716 emendatiora
1361 5659 1628 5726 prodeunt
1656 5668 1721 5707 es

129 5739 336 5795 codice
361 5732 495 5799 Reg.
528 5731 685 5789 1995.
718 5729 755 5782 f.
785 5729 909 5792 320,
932 5743 982 5785 et
1010 5748 1075 5787 ex
1108 5732 1228 5786 cod.
1256 5730 1490 5784 Colbert.
1524 5726 1647 5781 504.

209 5806 335 5877 (l2)
383 5800 509 5859 [iam
538 5801 732 5858 desunt
753 5800 806 5855 in
839 5802 994 5869 edit,
1040 5803 1131 5859 sed
1159 5801 1422 5858 habentur
1452 5799 1507 5855 in
1538 5812 1668 5853 mss.

1855 713 2073 769 porcam
2102 697 2317 752 sordem
2334 695 2555 766 iNeque
2581 695 2724 750 enim
2752 694 2826 747 ita
2847 691 3067 756 dicitur,
3094 688 3259 743 Nemo
3275 702 3421 740 mun-

1856 792 1955 844 dus
1986 806 2016 845 a
2043 799 2286 860 peccato,
2316 787 2433 853 sed,
2463 805 2497 842 a
2521 786 2693 844 sorde.

2308 898 2589 956 Athanasii
2601 896 2972 951 Alexandrini.

1855 1013 1977 1081 Quo
2002 1022 2162 1084 pacto
2198 1010 2605 1084 intelligendum
2637 1009 2767 1066 illud
2797 1026 2810 1061 :
2845 1008 2949 1084 Qui
2978 1007 3187 1084 respicit
3227 1005 3415 1058 mulie-

1923 1076 2027 1138 rem
2062 1084 2131 1137 ad
2174 1076 2640 1150 concupiscendum
2684 1096 2819 1142 eam,
2840 1079 2958 1149 jam
3008 1076 3292 1132 moechatus
3336 1084 3413 1128 est

1917 1170 2033 1208 eam
2060 1156 2115 1208 in
2137 1154 2288 1207 corde
2316 1170 2410 1205 suo
2431 1151 2498 1209 "°.

1920 1242 2222 1298 Mmchatur
2270 1240 2434 1295 corde
2477 1255 2601 1294 cum
2650 1239 2899 1302 muliere,
2942 1236 3035 1307 qui
3084 1234 3413 1307 perﬁciendo

1850 1329 2001 1399 Operi
2033 1330 2345 1393 consensit;
2373 1327 2468 1382 sed
2491 1328 2560 1382 ab
2591 1326 2779 1381 illicito
2807 1338 2859 1381 et
2898 1340 3063 1396 pravo
3093 1340 3411 1394 congressu,

1849 1428 1944 1474 aut
1969 1418 2113 1480 loco,
2142 1428 2515 1486 auttempore,
2544 1425 2801 1471 autmetu
2832 1414 3199 1470 Romanarum
3233 1414 3412 1482 legum

1848 1511 2118 1567 coercitus
2170 1517 2274 1566 est.
2312 1507 2470 1575 Quod
2504 1516 2684 1563 autem
2734 1507 2924 1572 multi,
2958 1506 3050 1577 qui
3090 1506 3328 1562 exterius
3354 1506 3409 1559 in

1848 1611 2133 1672 peccatum
2165 1615 2273 1654 non
2314 1608 2718 1670 proruperunt,
2751 1597 2910 1668 quasi
2959 1597 3160 1652 moechi
3202 1597 3409 1667 suppli-

1848 1694 1935 1751 cio
1959 1694 2135 1749 allecti
2154 1693 2376 1757 fuerint,
2401 1692 2655 1746 omnibus
2670 1691 2845 1762 palam
2869 1688 3045 1746 facere
3071 1690 3125 1744 in
3155 1701 3410 1760 promptu

1845 1796 1930 1843 est
1957 1803 2025 1843 ex
2050 1785 2413 1857 Holopherne.
2440 1782 2575 1838 Nam
2596 1798 2719 1839 cum
2753 1781 2955 1839 {indum
2986 1797 3124 1851 opus
3152 1796 3412 1851 peragere

1844 1880 2086 1950 gestiret,
2116 1878 2324 1945 Jndith,
2353 1892 2451 1933 ceu
2479 1876 2567 1931 lex
2611 1874 2858 1945 quaedam
2884 1872 3134 1943 iustitiae,
3159 1871 3408 1927 districto

1843 1973 2024 2044 gladio
2069 1980 2231 2042 caput
2261 1970 2380 2041 ejus
2410 1968 2662 2031 abscidit,
2698 1967 2950 2022 invocato
2975 1966 3129 2036 prius
3153 1964 3221 2019 ad
3251 1979 3409 2034 opem

1841 2073 1896 2119 et
1924 2063 2289 2135 patrocinium
2334 2062 2517 2133 legum
2547 2059 2737 2114 datore
2765 2067 2816 2114 et
2850 2058 3200 2113 continentia:
3226 2057 3411 2128 opitu-

1842 2155 2015 2211 latore
2063 2153 2193 2209 Deo.
2225 2151 2431 2207 Eodem
2474 2163 2695 2221 quoque
2726 2149 2891 2205 modo
2928 2162 3086 2205 senes
3118 2148 3249 2212 duo,
3281 2163 3407 2203 cum

1845 2246 2111 2302 Susanna:
2137 2243 2433 2299 dixissent:
2472 2240 2608 2295 Ecce
2633 2240 2689 2295 in
2726 2238 3151 2308 concupiscentia
3193 2237 3273 2291 tui
3314 2253 3409 2290 su-

1840 2337 2040 2404 mus“,
2071 2335 2288 2392 etiamsi
2318 2333 2531 2390 [acinus
2552 2347 2660 2387 non
2689 2338 3110 2403 perpetrassent,
3131 2337 3189 2383 ut
3208 2328 3407 2383 mmehi

1842 2425 1986 2496 plexi
2020 2439 2084 2480 ac
2120 2430 2296 2477 morte
2330 2420 2579 2475 mulctati
2605 2425 2752 2474 sunt.
2785 2416 2842 2471 Si
2873 2415 2977 2470 hoc
3010 2430 3140 2486 ergo
3165 2422 3407 2483 tempore

1840 2516 2112 2589 quispiam
2131 2513 2203 2571 sit
2229 2510 2562 2583 huiusmodi,
2579 2512 2969 2580 intemperans,
2996 2505 3253 2571 lascivus,
3272 2504 3405 2559 alie-

1842 2626 1940 2666 nas
1965 2623 2166 2663 uxores
2189 2615 2473 2677 appetens,
2503 2605 2550 2659 is
2576 2603 2760 2658 animo
2794 2601 3114 2656 fornicatur.
3146 2596 3279 2651 Nam
3312 2595 3406 2667 qui

1840 2698 1893 2753 in
1929 2696 2156 2753 allectus
2190 2710 2323 2751 suos
2361 2694 2650 2764 imperium
2697 2689 2882 2757 habet,
2914 2704 2944 2743 a
2984 2688 3182 2758 quovis
3211 2685 3406 2741 delicto

1839 2804 2009 2860 purus
2038 2796 2091 2844 et
2133 2791 2201 2842 ab
2234 2786 2487 2842 obscenis
2518 2784 2678 2839 dictis
2700 2822 2717 2846 ,
2760 2782 2849 2836 hic
2877 2781 3126 2836 moechus
3163 2793 3271 2832 non
3301 2787 3405 2841 est,

1838 2881 1934 2937 sed
1982 2878 2296 2951 cupiditatis
2319 2878 2523 2942 victor;
2547 2875 2747 2946 quippe
2784 2873 2875 2944 qui
2915 2870 3204 2941 voluptatis
3230 2870 3407 2938 impe-

1842 2980 1956 3027 tum
1982 2972 2169 3027 divino
2202 2978 2373 3032 metu,
2406 2969 2562 3038 quasi
2595 2966 2957 3022 decumanum
2982 2962 3151 3017 maris
3179 2960 3405 3015 ﬂuctum

1838 3080 1868 3118 a
1895 3063 2069 3119 solida
2093 3071 2147 3118 et
2166 3065 2317 3116 tirma
2351 3068 2503 3130 petra
2530 3072 2864 3129 repressum,
2889 3048 3156 3110 coerceat.

1910 3156 1970 3212 Si
2008 3154 2190 3210 oculus
2227 3163 2348 3207 tuus
2371 3153 2554 3206 dexter
2579 3146 2912 3205 scandalizat
2942 3157 3013 3211 te,
3035 3162 3155 3199 erue
3191 3161 3330 3208 eum,
3356 3151 3407 3197 et

1837 3244 2034 3317 projice
2067 3241 2160 3296 abs
2194 3251 2241 3296 te
2262 3242 2331 3309 ⁷³,
2358 3249 2411 3295 et
2441 3252 2657 3295 caetera.
2684 3237 2999 3292 lncedentes
3024 3245 3204 3290 autem
3235 3235 3290 3288 in
3319 3233 3407 3289 via

1838 3336 1973 3391 nulli
2002 3334 2175 3390 errori
2222 3331 2458 3387 obnoxia
2488 3329 2792 3393 etviviiica,
2821 3329 3041 3383 oculum
3075 3341 3331 3381 eruamus
3359 3324 3404 3381 si

1838 3428 1999 3485 nobis
2042 3425 2369 3483 oﬁ'endicnlo
2397 3424 2498 3491 sit;
2542 3438 2649 3478 non
2685 3422 2902 3493 quidem
2941 3420 3196 3477 sensilem
3230 3419 3406 3480 illum,

1837 3535 1963 3576 nam
1989 3520 2120 3575 caeci
2164 3531 2384 3588 quoque
2407 3514 2607 3570 moechi
2633 3522 2780 3580 sunt,
2812 3512 2905 3569 sed
2946 3510 3281 3581 spiritualem
3307 3527 3322 3576 ;
3348 3520 3409 3565 ut

1836 3613 1904 3681 si,
1931 3611 2082 3667 verbi
2111 3624 2299 3673 causa,
2325 3609 2611 3679 episcopus
2633 3618 2686 3662 et
2707 3605 3007 3676 presbyter,
3026 3602 3123 3673 qui
3153 3610 3281 3663 sunt
3300 3599 3406 3656 Ec—

1836 3705 2014 3762 clesiae
2059 3703 2222 3767 oculi,
2264 3701 2512 3771 improbe
2562 3707 2871 3763 versentur,
2904 3707 2958 3751 et
2996 3696 3194 3766 p0pulo
3218 3695 3406 3765 lapsus

1838 3798 2057 3855 occasio
2085 3797 2215 3859 sint,
2250 3793 2585 3865 abjiciendos
2632 3799 2860 3862 oportet.
2892 3788 3122 3843 Praestat
3170 3788 3318 3843 enim
3350 3787 3404 3841 in
3463 3849 3477 3868 ⁸

1839 3891 2003 3946 domo
2022 3887 2305 3951 orationis,
2322 3885 2545 3945 remotis
2571 3883 3003 3949 illis,conventus
3020 3895 3200 3950 agere,
3214 3893 3404 3949 quam,

1838 3984 1982 4038 velut
1998 3997 2121 4038 cum
2140 3980 2297 4035 Anna
2312 3988 2364 4033 et
2380 3976 2606 4046 Caipha,
2622 3991 2744 4031 cum
2763 3974 2843 4030 eis
2864 3971 3013 4043 injici
3032 3972 3084 4025 in
3104 3970 3404 4042 gehennam

1838 4076 2000 4147 ignis.
2037 4072 2301 4128 Similiter
2328 4070 2375 4125 si
2410 4070 2694 4134 diaconus,
2718 4065 2810 4135 qui
2834 4080 2933 4137 pro
2961 4078 3123 4118 manu
3155 4061 3405 4127 habetur,

1838 4168 2118 4239 indignum
2144 4164 2273 4236 quid
2309 4161 2500 4234 egerit,
2531 4159 2598 4215 ab
2617 4159 2774 4213 altari
2800 4164 3128 4227 segregetur.
3162 4151 3408 4207 Minister

1835 4272 1965 4312 vero
1995 4257 2088 4327 qui
2111 4271 2209 4335 pro
2241 4254 2377 4323 pede
2406 4259 2709 4321 reputatur,
2731 4251 2778 4305 si
2810 4250 3054 4319 improbe
3081 4246 3147 4299 ad
3179 4244 3405 4298 menda~

1836 4348 2005 4410 cium,
2038 4356 2092 4401 et
2121 4334 2195 4400 ad
2217 4357 2469 4408 munera,
2493 4350 2555 4397 ut
2580 4339 2729 4397 Giezi
2759 4339 2826 4404 ⁷³,
2864 4335 3179 4407 accipienda
3203 4334 3402 4389 decur-

1764 4424 1808 4481 θ
1837 4449 1950 4506 rat;
1981 4440 2127 4493 hunc
2158 4450 2375 4508 quoque
2417 4449 2555 4505 opus
2586 4440 2689 4498 est,
2726 4440 2786 4486 ut
2828 4442 3056 4501 pravum
3106 4435 3160 4481 et
3197 4425 3406 4494 impru-

1831 4533 2047 4588 dentem
2078 4529 2378 4591 hominem,
2412 4542 2443 4581 a
2484 4523 2791 4580 ministerio
2824 4521 3179 4586 submovere;
3214 4526 3274 4572 ut
3296 4515 3400 4571 Ec-

1831 4622 1999 4680 clesia
2023 4622 2141 4679 sine
2165 4619 2465 4676 oﬂensione
2497 4625 2826 4687 congregata
2856 4621 3124 4671 servetur.

2283 4823 2563 4878 Athanasii
2592 4820 2941 4876 Alexandrini

1961 4919 2037 4974 Ex
2070 4917 2210 4972 libro
2236 4914 2696 4984 interpretationis
2722 4914 2777 4970 in
2813 4911 2870 4969 S.
2900 4910 3271 4979 Evangelium.

1910 5012 2180 5067 Attendite
2209 5024 2270 5063 ne
2296 5008 2679 5079 eleemosynam
2713 5017 2939 5062 vestram
2980 5002 3193 5073 faciatis
3225 5016 3405 5055 coram

1839 5105 2156 5172 hominibus,
2195 5112 2253 5158 ut
2298 5102 2581 5158 videamini
2620 5104 2684 5157 ab
2724 5103 2841 5156 eis:
2880 5100 3082 5169 alioqui
3119 5098 3405 5150 mercedem

1842 5220 1947 5258 non
1970 5199 2220 5255 habebitis
2245 5197 2385 5268 apud
2410 5194 2620 5250 Patrem
2642 5202 2866 5248 vestrum
2882 5193 2972 5263 qui
2995 5191 3049 5244 in
3069 5189 3210 5245 cazlis
3233 5198 3310 5243 est
3332 5188 3405 5250 τι,

2084 5320 2130 5352 ⁷³
2153 5317 2342 5373 Matth.
2388 5332 2459 5378 v,
2512 5315 2600 5370 29.
2724 5313 2771 5345 ⁷³
2819 5313 2885 5365 ιν
2947 5310 3077 5380 Reg.
3126 5325 3179 5374 ν,
3219 5308 3412 5372 20-23.

1904 5503 2017 5571 (15)
2048 5501 2181 5568 Quae
2210 5509 2514 5571 sequuntur
2538 5501 2611 5571 ad
2647 5500 2806 5554 ﬁnem
2842 5513 3015 5570 usque
3046 5512 3113 5553 ex
3145 5511 3278 5553 mss.
3304 5496 3408 5551 de-.

1833 5583 2102 5645 prompta.
2127 5572 2504 5645 desiderantur
2533 5570 2586 5624 in
2614 5572 2743 5645 edit.
2788 5640 2817 5645 _
2962 5592 3012 5645 __o

1903 5635 2016 5710 (Μ’)
2050 5641 2173 5698 Haec
2233 5640 2499 5712 prodeunt
2530 5656 2596 5712 es
2627 5640 2750 5696 cod.
2783 5640 2913 5712 Reg.
2957 5636 3185 5712 l993,_X
3217 5635 3403 5693 saeculi

1829 5713 1866 5856 ἓ
1908 5712 2030 5841 ξ’ὁέ,
2068 5709 2513 5784 longe—auctiora
2565 5709 2633 5767 iis
2666 5726 2787 5784 quae
2840 5709 2894 5767 in
2938 5711 3081 5768 edito
3125 5709 3405 5782 leguntur.
