3702 6392
257 344 389 400 1571

1071 342 1127 396 S.
1161 332 1533 393 ATH-ANASII
1571 329 1722 388 OPP.
1763 324 1945 381 PARS
1983 321 2075 378 Ill;
2109 351 2181 364 —
2217 317 2626 377 EXEGETICA.

3376 290 3509 366 ηπ

253 460 517 520 Hortatur
540 463 722 532 itaque
755 474 857 515 nos
880 456 1225 528 Unigenitus,
1250 464 1310 512 ut
1337 473 1403 513 ne
1427 458 1818 524 eleemosynan

1995 442 2028 495 al
2062 443 2228 511 ὑμῶν
2247 438 2328 506 τῷ
2346 441 2415 494 ἐν
2442 439 2567 505 τοῖς
2598 436 2898 507 οὐρανοῖς.
2926 435 2996 487 Συ
3005 429 3296 506 μϐουλεύει
3316 429 3373 483 δὲ
3390 431 3504 501 ἡμῖν

258 554 526 611 faciamus
553 567 737 631 coram
768 550 1110 615 hominibus;
1144 564 1255 605 non
1284 558 1344 603 ut
1378 558 1699 604 cunctemur
1727 542 1836 597 fra-

260 658 370 704 tres
403 656 619 701 nostros
651 643 855 711 fovere,
899 658 964 698 ac
1000 644 1185 715 egenis
1223 642 1359 696 bene
1394 640 1614 707 facere;
1652 636 1744 692 sed
1778 644 1837 689 ut

263 751 537 805 ne,vanae
579 734 757 789 laudis
798 733 1164 803 appetentium
1213 731 1618 787 Pharisaeorum
1649 742 1835 782 exem-

262 832 384 900 plo,
433 837 753 899 praesentem
799 826 1027 897 gloriam
1079 840 1460 895 aucupemur:
1511 822 1605 878 sed
1654 819 1837 891 potius

263 920 565 975 mercedem
591 917 763 972 fidelis
788 925 843 970 et
878 914 1147 971 accuratae
1186 915 1548 986 eleemosyna:
1575 928 1606 967 a
1637 909 1748 965 Deo
1782 908 1836 961 in

260 1014 446 1069 futuro
494 1020 903 1080 exspectemus,
946 1009 1039 1079 qui
1085 1022 1196 1062 non
1242 1015 1458 1062 tantum
1498 1004 1567 1060 de
1611 1014 1839 1057 munere

260 1106 578 1169 delectatur,
613 1111 873 1173 quantum
921 1101 988 1157 de
1037 1101 1220 1171 opima
1265 1108 1321 1154 et
1366 1099 1509 1154 bona
1560 1093 1839 1166 largientis

260 1200 562 1263 voluntate,
597 1207 655 1251 ut
683 1212 749 1251 ex
784 1195 962 1266 inapns
1003 1194 1202 1258 viduae,
1244 1208 1368 1262 qua:
1400 1191 1509 1246 duo
1544 1188 1752 1244 minuta
1785 1186 1840 1241 in

262 1286 707 1359 gazophylacium
740 1286 923 1351 misit,
949 1284 1198 1354 exemplo
1228 1283 1477 1339 ediscere
1503 1281 1768 1335 valemus.

335 1534 404 1588 Te
439 1541 615 1587 autem
656 1532 884 1601 faciente
929 1530 1348 1600 eleemosynam,
1382 1531 1582 1584 nesciat
1626 1529 1845 1582 sinistra

263 1635 355 1678 tua
384 1624 511 1695 quid
543 1623 709 1694 faciat
748 1622 968 1678 dextera
1008 1630 1118 1676 tua.
1164 1621 1219 1675 ld
1253 1630 1366 1687 est,
1395 1620 1702 1675 voluntates
1734 1635 1849 1675 car-

262 1718 347 1769 nis
397 1714 632 1784 Spiritus
680 1714 854 1769 sancti
904 1712 1196 1768 consilium
1256 1727 1324 1767 ne
1409 1711 1681 1765 noverint.
1743 1709 1848 1776 Qui

1939 534 1968 585 6
1995 529 2302 601 Μονογενὴς
2340 530 2413 600 μὴ
2454 531 2629 581 ποιεῖν
2664 527 2761 599 τὴν
2803 522 3174 595 ἐλεημοσύνην
3214 520 3505 593 ἔμπροσθεν

1938 620 2046 675 τῶν
2068 619 2417 692 ξάνθρώπωνο
2475 619 2575 689 οὐχ
2616 618 2703 672 ἵνα
2747 615 3026 688 μέλλωμεν
3078 611 3503 685 περιστέλλεσθαι

1938 715 2065 781 τοὺς
2095 714 2355 785 ἀδελφοὺς
2382 717 2440 767 ὲν
2471 712 2549 783 τῷ
2591 707 2650 766 εὗ
2698 713 2870 764 ποιεῖν
2895 711 3005 772 τοῖς
3049 706 3360 779 δεομένοις*
3404 704 3503 759 ἀλλ’

1939 807 2027 860 ἵνα
2054 807 2128 878 μὴ
2157 804 2438 877 μέλλωμεν
2464 801 2719 875 θηρεύειν
2753 798 3032 871 παροῦσαν
3059 797 3220 862 δόξαν
3240 795 3379 850 κατὰ
3395 797 3509 858 τοὺς

1940 898 2247 963 κενοδόξους
2277 897 2634 968 Φαρισαίους·
2663 893 2977 964 ἐκδέχεσθαι
3022 890 3083 945 δὲ
3127 889 3326 962 μᾶλλον
3373 889 3505 957 παρά

1940 990 2077 1044 Θεοῦ
2112 989 2209 1061 τὴν
2244 988 2479 1061 ἀμοιϐὴν
2531 989 2589 1042 ὲν
2638 986 2717 1057 τῷ
2751 985 2994 1057 μέλλοντι
3047 982 3146 1053 τῆς
3189 980 3385 1051 πιστῆς
3423 979 3506 1033 καὶ

1943 1082 2405 1155 περισπουδάστου
2455 1078 2824 1151 ὲλεημοσύνης
2855 1117 2869 1142 ,
2904 1076 2962 1141 ὃς
2990 1076 3088 1131 καὶ
3115 1072 3297 1146 χαίρει
3344 1071 3401 1124 ού
3428 1088 3508 1123 τον

1945 1175 2133 1230 σοῦτον
2160 1173 2252 1227 ἐπὶ
2279 1173 2356 1245 τῷ
2389 1172 2602 1244 δόματι,
2626 1172 2749 1225 ὅσον
2767 1170 2857 1223 ἐπὶ
2879 1171 2945 1240 τῇ
2965 1165 3202 1237 πλουσίᾳ
3228 1165 3324 1219 καὶ
3345 1162 3505 1234 ἀγαθῇ

1943 1265 2260 1340 προαιρέσει
2291 1261 2385 1318 τοῦ
2411 1261 2805 1335 μεταδιδόντος,
2836 1259 2911 1323 ὡς
2941 1258 3058 1312 ἐστι
3102 1254 3508 1328 πληροφορηθῆ-

1944 1378 2031 1415 ναι
2072 1361 2137 1413 ἐκ
2167 1359 2267 1431 τῆς
2294 1358 2556 1429 πενιχρᾶς
2606 1356 2784 1428 χήρας
2818 1353 3089 1425 βαλούσης
3126 1352 3196 1405 τά
3222 1351 3317 1405 δύο
3356 1349 3510 1403 λεπτὰ

1946 1451 2025 1516 είς
2050 1450 2111 1503 τὸ
2137 1447 2559 1519 γαζοφυλάκιον.

2017 1541 2134 1594 Σοῦ
2154 1540 2223 1593 δὲ
2249 1540 2569 1605 ποιοῦντος
2594 1537 3035 1608 ἐλεημοσύνην,
3064 1532 3396 1605 μὴ’τνώτων
3423 1548 3512 1602 φη·

1950 1632 2055 1696 σιν,
2084 1633 2123 1700 ἡ
2151 1632 2434 1701 ἀριστερὰ
2483 1631 2613 1702 χεὶρ
2663 1632 2721 1685 τι
2764 1628 2925 1684 ποιεῖ
2960 1630 2998 1697 ἡ
3046 1625 3237 1692 δεξιά.
3270 1622 3512 1678 Τουτέστι

1954 1722 2028 1793 μὴ
2066 1722 2263 1775 εἰδέναι
2292 1722 2362 1775 τὰ
2391 1723 2491 1793 τῆς
2524 1722 2728 1794 σαρκὸς
2755 1720 3038 1793 θελήματα
3069 1718 3170 1792 τὴν
3214 1716 3405 1787 σκέψιν
3429 1714 3511 1769 τοῦ

261 1822 390 1861 vero
431 1808 546 1863 fieri
584 1816 777 1877 potest,
818 1814 877 1859 ut
920 1806 1049 1860 dum
1081 1805 1206 1875 quis
1246 1804 1377 1859 facit
1417 1803 1812 1873 eleemosynam

1995 1814 2094 1883 (too
2145 1814 2480 1885 Πνεύματος.
2544 1814 2669 1880 Πῶς
2719 1814 2777 1869 δὲ
2841 1816 2934 1869 καὶ
2974 1807 3086 1868 οἷόν
3136 1814 3197 1867 τέ
3256 1815 3373 1867 ἐστι
3427 1809 3515 1865 τοῦ

262 1913 461 1951 manus
489 1898 607 1967 ejus
642 1897 862 1951 sinistra
905 1896 958 1949 in
1001 1906 1208 1966 partem
1254 1894 1435 1964 operis
1488 1907 1552 1949 ac
1592 1892 1840 1948 beneﬁcii

264 2003 373 2042 non
413 1988 632 2042 veniat?
663 1985 893 2056 Oportet
923 1986 1067 2040 enim
1099 1985 1287 2040 ambas
1310 2000 1506 2040 manus
1530 1999 1589 2039 se
1609 1985 1842 2040 invicem

264 2081 319 2133 in
347 2076 657 2148 praastando
703 2075 967 2133 beneficio
1002 2090 1227 2145 prorsus
1265 2074 1480 2145 juvare.
1527 2073 1664 2130 Nam
1710 2076 1842 2129 laeva

264 2186 429 2225 manu
469 2172 755 2240 pecuniam
802 2169 916 2224 sive
961 2183 1277 2224 crumenam
1333 2175 1586 2233 tenente,
1623 2167 1844 2223 dextera

263 2264 466 2318 bonum
502 2278 686 2318 semen
714 2263 768 2317 in
803 2278 934 2331 agro
963 2260 1145 2316 cordis
1178 2275 1479 2330 pauperum
1511 2260 1748 2331 spargit,
1786 2270 1845 2317 ut

264 2358 472 2427 spicam
520 2365 705 2422 metat,
757 2370 867 2410 non
923 2355 1108 2410 culmo
1157 2354 1485 2421 haerentem;
1536 2354 1631 2408 sed
1676 2355 1843 2408 vitam

265 2449 651 2519 sempiternam
684 2457 737 2504 et
780 2447 1149 2502 immortalem
1183 2446 1238 2500 in
1282 2460 1446 2501 cruce
1491 2460 1843 2516 suspensam.

261 2540 383 2597 Non
412 2543 524 2597 vult
566 2550 743 2597 autem
787 2541 1110 2611 Unigenitus
1158 2539 1415 2595 sinistras
1490 2539 1847 2611 carnalesque

265 2636 621 2707 cogitationes
645 2635 785 2691 scire
807 2632 946 2705 quid
987 2632 1150 2688 faciat
1189 2647 1387 2688 manus
1416 2631 1636 2687 dextera
1671 2632 1846 2688 sancti

266 2725 528 2795 Spiritus,
571 2741 637 2781 ne
671 2725 812 2781 forte
850 2727 993 2781 bono
1022 2724 1302 2795 proposito
1329 2732 1387 2778 et
1423 2723 1620 2793 opimae
1650 2724 1843 2779 volun-

266 2820 365 2874 tati
395 2828 713 2874 aversentur
750 2817 1037 2873 dicentes:
1073 2814 1224 2885 Opus
1268 2815 1427 2870 nobis
1468 2823 1552 2870 est
1595 2814 1663 2870 ad
1710 2813 1848 2870 mul-

265 2921 356 2967 tos
390 2927 563 2966 annos
600 2911 752 2965 cibos
788 2918 1144 2979 sumptusque
1174 2922 1389 2972 curare,
1429 2916 1607 2962 vestes
1642 2905 1845 2975 varias,

267 3014 489 3058 ornatas
514 3002 727 3069 domos,
756 3009 1073 3073 argenteum
1104 3000 1398 3068 ferculum,
1423 2997 1731 3070 depositum
1758 3013 1850 3054 au-

263 3112 440 3162 reum,
472 3095 745 3165 mancipia
773 3094 841 3150 ad
880 3094 1273 3157 ministerium,
1312 3093 1464 3149 vicos
1503 3102 1559 3149 et
1586 3107 1748 3164 agros
1778 3092 1844 3147 ad

266 3196 587 3258 proventus.
617 3185 828 3240 Dextrae
850 3185 994 3240 enim
1022 3195 1203 3255 partes
1235 3184 1410 3240 sancti
1437 3183 1676 3253 Spiritus
1706 3184 1846 3239 nihil

267 3280 466 3334 horum
508 3278 733 3332 omnino
761 3284 958 3331 curant
984 3277 1068 3331 vel
1097 3276 1517 3345 concupiscunt,
1569 3275 1696 3330 huic
1739 3275 1847 3331 Do-

266 3371 482 3426 minicce
512 3369 633 3423 voci
672 3367 830 3423 fidem
871 3367 1179 3422 habentes:
1220 3365 1453 3432 Quaerite
1494 3368 1722 3437 primum
1764 3384 1847 3422 re-

266 3479 428 3535 gnum
473 3461 591 3524 Dei,
633 3471 681 3514 et
727 3460 837 3514 Iure
890 3461 1069 3513 omnia
1120 3456 1442 3527 adjiciantur
1483 3459 1626 3512 vobis
1644 3459 1711 3513 ⁷⁸.
1757 3456 1849 3518 Sic

266 3564 415 3611 certe
450 3570 557 3608 non
591 3551 804 3607 noverit
827 3551 1052 3606 sinistra
1088 3552 1218 3621 quid
1245 3549 1407 3605 faciat
1438 3550 1679 3605 dextera.
1707 3549 1847 3606 Cum

267 3648 414 3701 enim
440 3641 606 3700 'mens
627 3659 766 3715 puro
794 3642 903 3697 Deo
929 3642 1176 3713 placendi
1218 3642 1489 3698 desiderio
1523 3640 1736 3707 affecta,
1768 3652 1849 3697 to-

267 3739 451 3810 tisque
480 3738 659 3793 nitens
680 3736 887 3791 viribus
921 3749 991 3789 ne
1024 3734 1093 3788 ab
1133 3733 1311 3789 oﬂicio
1337 3733 1586 3799 recedat,
1609 3733 1849 3804 legitime

266 3832 539 3897 decertat;
571 3838 704 3884 tunc
730 3843 860 3883 sane
891 3826 1096 3883 nullius
1128 3842 1305 3898 neque
1336 3824 1569 3880 membri
1614 3824 1847 3895 alicujus

266 3922 607 3986 recordatur,
656 3919 764 3975 nisi
810 3921 930 3991 ejus
972 3919 1117 3990 quod
1168 3918 1237 3973 ad
1296 3932 1536 3989 praesens
1576 3930 1714 3987 opus
1744 3933 1848 3973 usu

266 4016 482 4080 veniat;
513 4013 659 4068 haud
692 4027 851 4069 secus
881 4023 1044 4083 atque
1076 4012 1295 4091 artifex,
1323 4014 1417 4083 qui
1462 4012 1658 4083 quovis
1707 4022 1848 4067 tem—

267 4122 401 4179 pore
427 4106 602 4162 solum
647 4104 752 4160 sibi
784 4104 1157 4160 necessarium
1204 4104 1631 4159 instrumentum
1671 4103 1847 4173 respi-

266 4202 361 4257 cit.
386 4200 636 4268 Insuper,
666 4197 714 4252 si
744 4196 893 4252 nulla
919 4194 1317 4251 incredulitatis
1339 4196 1394 4249 in
1416 4194 1522 4251 ﬁde
1550 4195 1690 4251 ratio
1717 4196 1850 4251 sub—

268 4293 360 4358 sit,
393 4306 496 4347 nec
522 4290 616 4346 lux
649 4289 824 4360 possit
850 4302 974 4343 esse
1000 4286 1350 4342 tenebrarum
1385 4300 1572 4353 causa,
1598 4299 1700 4340 nec
1720 4300 1846 4340 cum

267 4384 494 4440 Christo
512 4382 763 4438 diabolus
792 4379 1219 4436 commonstrari
1250 4377 1460 4444 valeat;
1496 4375 1845 4433 manifestum

1943 1904 2225 1969 ποιοῦντος
2252 1905 2349 1976 τὴν
2382 1906 2781 1978 ἐλεημοσύνην,
2817 1906 2917 1978 τὴν
2933 1905 3229 1978 ἀριστεράν
3260 1906 3414 1976 χεῖρα
3448 1905 3515 1977 μὴ

1946 2000 2226 2069 συνεργεῖν
2250 1999 2330 2061 εἰς
2358 1997 2419 2051 τὸ
2449 1997 2609 2068 ἔργον
2632 1998 2732 2069 τῆς
2759 1996 3005 2062 εὐποιίας
3030 2014 3045 2063 ;
3072 1997 3195 2069 Χρὴ
3228 1996 3341 2068 γὰρ
3370 1996 3517 2049 παντὶ

1944 2091 2161 2153 πάντως
2191 2088 2292 2154 τὰς
2329 2089 2598 2162 ἑκατέρας
2631 2093 2820 2161 χεῖρας
2847 2090 3128 2162 συνεργεῖν
3162 2088 3426 2161 ἀλλήλαις
3446 2091 3521 2152 είς

1943 2184 2040 2255 τὴν
2062 2183 2328 2237 εὐποιίαν.
2358 2182 2473 2252 Τῆς
2512 2181 2621 2257 γὰρ
2648 2184 2942 2254 ἀριστερᾶς
2964 2182 3147 2254 χειρὸς
3195 2180 3515 2253 κατεχούσης

1943 2274 2005 2327 τὸ
2045 2275 2255 2345 χρῆμα,
2288 2273 2409 2343 ἦτοι
2452 2272 2516 2325 τὸ
2548 2271 2853 2341 βαλάντιον,
2883 2274 2916 2343 ή
2960 2270 3115 2337 ’δεξιά
3158 2272 3283 2344 χεὶρ
3320 2271 3517 2343 σπείρει

1946 2365 2034 2418 τὸν
2070 2362 2230 2416 καλὸν
2267 2362 2467 2434 σπόρον
2524 2364 2606 2425 εἰς
2632 2361 2733 2433 τὴν
2766 2361 2950 2433 χώραν
3005 2362 3108 2433 τῆς
3165 2361 3397 2434 καρδίας
3421 2360 3523 2416 τῶν

1948 2454 2214 2525 πενήτων,
2248 2453 2337 2506 ἵνα
2364 2451 2558 2525 θερίσῃ
2585 2452 2784 2523 στάχυν
2830 2453 2905 2523 μὴ
2942 2452 3164 2524 καλάμῃ
3198 2469 3520 2525 προσανατεσ

1947 2545 2197 2616 ταμένον,
2238 2542 2373 2597 ἀλλά
2395 2542 2491 2614 τὴν
2523 2559 2771 2614 προηρτη
2782 2543 2948 2613 μένην
2994 2542 3073 2614 τῷ
3114 2542 3338 2615 σταυρῷ
3366 2543 3522 2597 άῖδιον

1947 2638 2039 2692 καὶ⁹
2059 2636 2324 2692 ἀθάνατον
2348 2635 2515 2707 ζωήν.
2544 2635 2620 2688 Οὑ
2650 2634 2895 2705 βούλεται
2917 2635 2974 2689 δὲ
3001 2636 3031 2688 6
3057 2633 3373 2706 Μονογενὴς
3397 2635 3522 2690 είδέ-

1948 2748 2036 2785 ναι
2064 2730 2189 2793 τοὺς
2219 2728 2514 2800 σαρκικοῦς
2544 2727 2836 2798 λογισμοὺς
2873 2726 2926 2780 τί
2958 2730 3103 2781 ποιεῖ
3145 2730 3181 2799 ἡ
3206 2727 3364 2796 δεξιὰ
3411 2727 3524 2799 χεὶρ

1947 2821 2041 2876 τοῦ
2074 2822 2229 2891 ἀγίου
2260 2821 2600 2891 Πνεύματος,
2633 2819 2722 2873 ἵνα
2747 2822 2818 2891 μή
2847 2814 2977 2873 ποτε
3017 2823 3083 2892 τῇ
3122 2820 3309 2893 ἀγαθῇ
3335 2821 3525 2894 προθέ-

1951 2930 2031 2967 σει
2066 2914 2161 2967 καὶ
2184 2915 2249 2985 τῇ
2306 2912 2536 2983 πλουσίᾳ
2580 2910 2895 2984 προαιρέσει
2938 2910 3417 2984 προσεμποδίζωσι
3450 2912 3523 2965 λέ-

1949 3021 2165 3075 γοντες*
2213 3003 2530 3075 Ὀφείλομεν
2578 3002 2723 3074 ἔχειν
2757 3002 2965 3057 πολλῶν
3002 3000 3145 3056 ἐτῶν
3177 3004 3391 3075 τροφὴν
3442 3004 3528 3057 καὶ

1949 3094 2302 3166 ἀναλώματα.
2341 3095 2532 3165 ἱμάτια
2568 3092 2819 3164 διάφορα,
2851 3094 3031 3155 οἴκους
3079 3093 3529 3165 κεκαλλωπισμέ-

1951 3207 2096 3252 νους,
2130 3186 2428 3260 παράθεσιν
2466 3187 2758 3258 ἀργυρέαν,
2793 3186 3015 3258 χρυσίον
3053 3186 3407 3252 ὲναπόθετον,
3436 3186 3525 3239 ἀν-

1951 3279 2189 3351 δράποδα
2217 3280 2298 3342 είς
2322 3278 2649 3350 ὑπηρεσίαν,
2675 3278 2849 3350 χωρία
2886 3279 2979 3331 καὶ
3021 3279 3229 3350 ἀγροὺς
3257 3278 3343 3342 είς
3373 3293 3530 3350 προσ-

1949 3373 2121 3436 όδους.
2157 3369 2239 3424 Τὰ
2264 3369 2372 3441 γάρ
2394 3368 2545 3435 δεξιά
2575 3369 2714 3441 μέρη
2741 3367 2835 3422 τοῦ
2856 3368 3012 3437 ἁγίου
3034 3368 3361 3440 Πνεύματος
3387 3366 3531 3422 οὐδὲν

1948 3464 2155 3518 τούτων
2189 3462 2619 3535 φροντίζουσινῆ
2650 3461 3011 3534 ἐνθυμοῦνται
3049 3462 3110 3516 τὸ
3141 3461 3366 3518 σύνολον
3391 3502 3407 3529 ,
3449 3480 3532 3516 πι-

1952 3557 2208 3611 στεύοντα
2237 3558 2302 3628 τῇ
2331 3555 2621 3626 δεσποτικῇ
2654 3554 2803 3625 φωνῇ
2828 3570 2841 3583 ·
2870 3552 3113 3622 Ζητεῖτε
3138 3552 3383 3622 πρῶτον
3426 3551 3535 3621 τὴν

1944 3650 2273 3715 βασιλειαν
2294 3648 2402 3703 τοῦ
2430 3647 2601 3714 Θεοῦ,
2626 3646 2725 3700 καὶ
2766 3645 2955 3699 ταῦτα
2976 3644 3177 3701 πάντα
3202 3645 3532 3716 προστεθή-

1950 3755 2119 3795 σεται
2145 3738 2307 3810 ὑμῖν.
2335 3738 2448 3794 Καὶ
2479 3737 2620 3792 οὕτω
2644 3736 2689 3790 δ’
2713 3734 2780 3791 ἀν
2804 3735 2865 3790 ού
2895 3735 3166 3805 γνώσεται
3207 3740 3243 3810 ὴ
3275 3737 3543 3811 ἀριστερὰ

1934 3835 2001 3887 -τί
2029 3836 2174 3887 ποιεῖ
2209 3835 2243 3905 ή
2286 3831 2455 3898 δεξιά.
2491 3831 2661 3885 Ὅταν
2689 3828 2799 3900 γὰρ
2823 3831 2853 3883 6
2879 3828 3004 3894 νοῦς
3024 3831 3423 3904 άμετεωρίστῳ
3449 3830 3542 3886 καὶ

1947 3926 2223 4000 τεταμένη
2251 3924 2521 3997 ἐπιθυμίᾳ
2547 3926 2647 3998 τῆς
2675 3924 2814 3998 πρὸς
2842 3926 2974 3981 Θεὸν
3014 3925 3454 3999 εύαρεστήσεως,
3480 3924 3541 3991 ἐξ

1948 4015 2241 4086 ὁλοκλήρου
2303 4014 2555 4083 ἀγωνιῶν
2609 4014 2684 4087 μὴ
2740 4017 2949 4090 ἐκπέσῃ
2992 4015 3088 4071 τοῦ
3144 4017 3533 4089 προσήκοντος,

1949 4106 2273 4175 ἀγωνίζεται
2305 4105 2580 4175 νομίμως·
2612 4105 2734 4160 τότε
2762 4106 2976 4171 οὐδενὸς
3010 4105 3138 4160 οὕτε
3172 4107 3377 4178 μέλους
3428 4104 3536 4161 ht-

1952 4214 2047 4269 ρου
2073 4194 2340 4266 λαμϐάνει
2372 4193 2597 4263 ἔννοιαν,
2626 4197 2674 4250 εί
2706 4196 2781 4268 μὴ
2809 4196 2967 4268 μόνον
2989 4198 3084 4251 τοῦ
3110 4197 3537 4271 χρησιμεύοντος

1947 4291 2030 4354 είς
2062 4289 2124 4342 τὸ
2149 4287 2530 4361 προκείμενον,
2564 4288 2641 4353 ὡς
2665 4290 2694 4342 6
2719 4290 2969 4361 τεχνίτης
3003 4288 3125 4343 καθ’
3154 4290 3395 4345 ἕκαστον
3417 4305 3535 4343 καις

1952 4382 2064 4454 ρον,
2094 4380 2381 4452 ἐμϐλέπων
2413 4380 2560 4453 μόνῳ
2590 4380 2669 4452 τῷ
2700 4380 3088 4453 χρησιμεύοντι
3133 4380 3290 4453 αὐτῷ
3332 4381 3530 4436 σκεύει.

268 4492 401 4532 sane
424 4484 705 4546 estneque
731 4488 856 4528 cum
883 4472 1096 4527 ratione
1122 4486 1244 4526 esse
1272 4484 1453 4540 posse,
1483 4469 1538 4525 id
1576 4468 1721 4539 quod
1750 4482 1818 4523 ra

1995 4476 2075 4528 Ξτι
2098 4475 2147 4526 εἰ
2172 4472 2346 4537 οὐδεὶς
2377 4472 2639 4536 ἀπιστίας
2666 4473 2723 4527 ἐν
2749 4475 2816 4545 τῇ
2843 4473 3023 4526 πίστει
3046 4473 3225 4543 λόγος,
3259 4474 3387 4529 οὐδὲ
3413 4472 3535 4527 σκόε

268 4569 405 4622 tioni
427 4567 652 4622 omnino
686 4563 1022 4620 contrarium
1053 4571 1155 4617 est.
1191 4560 1349 4627 Quod
1383 4561 1429 4616 si
1470 4576 1596 4615 cum
1634 4560 1845 4614 ratione

265 4675 494 4732 prorsus
519 4672 641 4714 esse
674 4672 782 4712 non
819 4656 992 4725 possit
1023 4655 1074 4709 id
1102 4654 1248 4724 quod
1279 4662 1363 4709 est
1394 4651 1591 4708 rationi
1626 4659 1847 4707 contra-

262 4753 409 4810 rium
434 4770 449 4820 ;
474 4750 568 4820 qui
593 4749 662 4805 ad
685 4749 950 4805 virtutum
978 4748 1246 4803 rationem
1276 4756 1499 4802 evectus
1531 4752 1648 4810 est,
1676 4745 1844 4801 situm

262 4844 466 4903 rationi
500 4840 835 4899 contrarium
882 4838 1080 4907 nescit,
1122 4838 1216 4894 sed
1251 4852 1419 4893 unam
1461 4836 1716 4892 virtutem
1748 4850 1843 4890 co-

266 4938 507 5010 gnoscit;
542 4944 705 5006 atque
743 4932 866 4988 ideo
900 4946 1079 5004 neque
1123 4931 1402 4985 dexteram
1435 4928 1615 4995 quoad
1650 4942 1840 4983 exces-

267 5046 411 5097 sum,
447 5044 623 5099 neque
649 5027 929 5084 sinistram
951 5025 1133 5097 quoad
1161 5023 1432 5080 defectum
1472 5024 1639 5078 novit.
1679 5020 1843 5078 Utro-

265 5122 430 5193 bique
454 5119 602 5176 enim
626 5119 868 5175 occurrit
890 5115 1039 5188 quod
1064 5114 1262 5171 rationi
1292 5124 1478 5186 aperte
1501 5112 1838 5170 contrarium

267 5222 370 5268 est.

343 5389 566 5446 Orantes
608 5401 786 5446 autem
828 5407 891 5445 ne
937 5390 1162 5445 multum
1194 5389 1489 5461 loquamini
1524 5391 1593 5445 ⁷⁸.
1622 5390 1841 5462 Longas

268 5482 359 5536 ltic
380 5480 661 5537 orationes
683 5523 698 5549 ,
734 5483 828 5537 sed
860 5497 970 5537 non
1003 5482 1318 5552 frequentes
1349 5490 1648 5539 aversatur.
1679 5481 1843 5539 Iubet

267 5573 415 5626 enim
446 5571 565 5625 sine
597 5571 1003 5627 intermissione
1035 5587 1215 5628 orare.

345 5772 388 5804 ⁷⁸
417 5770 605 5830 Matth.
642 5791 690 5831 Vt
761 5776 849 5831 3.3.
960 5776 1001 5805 τῦ
1031 5775 1214 5829 Matth.
1260 5791 1307 5827 vr
1332 5811 1347 5838 ,
1386 5775 1422 5828 7.

1941 4585 2066 4632 τους
2101 4568 2271 4620 αἴτιον
2292 4564 2434 4619 κατά
2454 4564 2616 4634 φύσιν
2645 4564 2879 4637 ὑπάρχει
2904 4565 2964 4619 τὸ
2986 4565 3125 4635 φῶς,
3157 4566 3284 4621 οὐδὲ
3318 4564 3535 4637 Χριστῷ

1945 4656 2418 4718 συνενδείκνυσθαι
2444 4656 2688 4726 πέφυκεν
2718 4656 2747 4709 6
2769 4656 3013 4721 διάϐολος
3033 4674 3048 4689 ’
3084 4657 3269 4728 δῆλον,
3319 4658 3398 4721 ὡς
3420 4656 3537 4710 οὐδὲ

1940 4753 2020 4825 τῷ
2042 4752 2188 4822 λόγῳ
2211 4748 2547 4820 συνυπάρχει
2577 4748 2638 4801 τὸ
2661 4748 2812 4820 παρά
2841 4750 3007 4802 παντὶ
3033 4749 3373 4822 παράλογον.
3404 4749 3535 4803 Εξδὲ

1940 4844 2021 4918 τῷ
2058 4844 2202 4915 λόγῳ
2247 4844 2485 4898 συνεῖναι
2518 4840 2794 4906 παντελῶς
2823 4842 2886 4895 οὐ
2920 4841 3145 4897 δύναται
3191 4843 3257 4897 τὸ
3295 4842 3535 4916 παράλο⁴

1946 4953 2063 5006 γον,
2090 4936 2119 4988 6
2148 4932 2284 5005 πρὸς
2305 4931 2397 4985 τὸν
2429 4930 2586 5000 λόγον
2610 4929 2718 4985 τῶν
2741 4930 2950 5003 ἀρετῶν
2971 4930 3234 5002 ἀναχθεὶς
3264 4931 3367 5004 τὴν
3393 4930 3537 5000 παρὰ

1947 5027 2035 5081 τὸν
2068 5025 2226 5095 λόγον
2253 5024 2356 5078 οὐκ
2401 5023 2689 5076 ἐπίσταται
2739 5022 2909 5085 θέσιν,
2958 5020 3129 5095 μόνην
3161 5022 3222 5077 δὲ
3279 5025 3535 5093 γινώσκει

1946 5116 2045 5190 τήν
2072 5117 2273 5189 ἀρετήν
2297 5131 2313 5145 ’
2341 5112 2436 5168 καὶ
2464 5111 2554 5167 διὰ
2580 5111 2739 5166 τοῦτο
2766 5110 2889 5166 οὗτε
2914 5110 3095 5190 δεξιὰν
3123 5111 3218 5167 διὰ
3249 5116 3353 5184 τῆς
3381 5113 3535 5181 ὑπερ-

1945 5188 2248 5283 οχῆς,οῠτε
2283 5206 2577 5280 ἀριστεράν
2615 5204 2705 5260 διὰ
2735 5203 2837 5274 τῆς
2877 5188 3173 5273 ἐλλείψεως
3218 5205 3532 5259 ἐπίσταται.

1957 5302 2073 5357 Ἐπ’
2102 5302 2305 5371 ἀμφοῖν
2338 5299 2447 5367 γὰρ
2473 5298 2757 5371 θεωρεῖται
2789 5294 2977 5365 σαφῶς
3009 5296 3073 5349 τὸ
3101 5297 3446 5369 παράλογον.

2013 5393 2496 5463 Προσευχόμενοι
2524 5390 2592 5445 δὲ
2612 5391 2699 5461 μὴ
2731 5388 3258 5460 βατταλογήσητε.
3304 5386 3538 5460 Μακρὰς

1943 5485 2183 5542 ἐνταῦθα
2203 5483 2575 5557 ἀποτρέπεται
2603 5482 2794 5553 εὐχάςο
2821 5479 2936 5534 ἀλλ’
2966 5480 3029 5532 οὐ
3077 5479 3537 5553 πολλάςηῇΔδια·

1944 5578 2185 5640 λείπτως
2222 5574 2333 5651 γὰρ
2360 5574 2572 5631 κελεύει
2594 5570 3005 5647 προσεύχεσθαι.
