3702 6402
248 317 271 368 i
283 313 388 371 575

1087 307 1144 359 S.
1187 301 1557 358 ATHANASII
1590 298 1741 355 OPP.
1782 295 1965 352 PARS
2002 295 2092 353 ιιι.
2128 324 2197 338 --
2234 295 2643 352 EXEGETICA.

3363 290 3476 346 I376

245 430 534 492 comedere
570 432 743 488 audis.
775 430 853 487 lta
908 446 1040 486 sane
1076 443 1251 499 neque
1290 427 1397 482 alio
1430 425 1593 481 modo
1641 439 1729 479 res
1763 437 1813 478 se

1997 431 2019 475 ι
2058 419 2231 483 άλλως
2258 436 2396 484 τως.
2443 416 2641 473 Ἐσθίει
2668 417 2726 472 δὲ
2744 415 2890 487 ψυχὴ
2921 415 2989 468 τά
3015 412 3478 486 παραπεμπόμενα

247 526 435 581 habet.
463 522 709 578 Comedit
738 535 901 590 porro
939 520 1120 574 anima
1146 533 1268 589 quae
1288 518 1372 572 ori
1407 517 1775 571 immittuntur
1799 533 1814 570 :

249 614 378 684 quia
401 628 465 668 ex
500 620 693 668 natura
720 626 819 665 sua
853 609 1029 665 calida
1056 615 1160 674 est,
1187 607 1341 677 juxta
1381 605 1671 676 Sapientia:
1694 621 1817 660 ver-

250 705 379 762 bum
408 723 421 760 :
451 704 640 759 Anima
683 702 860 756 calida
900 710 976 756 est
1010 710 1068 754 ut
1104 701 1239 769 ignis
1279 714 1527 752 accensus
1555 697 1623 751 ”.
1669 696 1819 752 Sicut

251 812 380 869 ergo
423 796 564 866 ignis
599 795 844 850 immissa
893 794 948 847 in
996 792 1223 848 Iebetem
1257 789 1584 861 concoquit;
1630 790 1821 845 eodem

251 888 413 944 modo
458 886 612 955 ignea
660 886 863 952 anima,
916 886 1172 941 alimenta
1215 884 1269 939 in
1311 893 1550 939 ventrem
1603 880 1821 938 inducta

252 979 447 1051 digerit
477 988 531 1033 et
554 981 813 1035 absumit.
849 979 1076 1034 Etiamsi
1105 994 1270 1049 porro
1309 977 1453 1049 ψυχή
1475 1017 1490 1040 ,
1527 975 1581 1031 id
1600 976 1822 1031 cstaui-

254 1088 369 1137 ma,
399 1078 653 1136 vocetur;
701 1087 810 1125 non
863 1072 936 1126 ita
975 1072 1176 1127 dicitur
1202 1072 1346 1141 quod
1378 1071 1450 1125 sit
1489 1078 1681 1124 natura
1725 1083 1827 1123 sua

255 1161 458 1234 ψυχρά,
486 1162 538 1216 id
574 1170 659 1217 est
691 1161 903 1234 frigida,
940 1172 1001 1218 ut
1034 1179 1102 1219 ex
1142 1161 1565 1233 simplicioribus
1607 1161 1826 1231 quidam

256 1253 501 1308 arbitrati
537 1262 699 1321 sunt;
733 1256 829 1310 sed
873 1255 1000 1325 quia
1035 1272 1102 1310 ex
1147 1256 1319 1310 multo
1359 1254 1561 1319 calore,
1605 1252 1823 1307 humida

257 1346 525 1413 exsiccat;
554 1347 697 1416 quod
727 1348 890 1402 etiam
916 1364 981 1402 ex
1009 1347 1140 1402 solis
1173 1347 1226 1402 vi
1257 1357 1311 1401 et
1337 1346 1575 1401 efficacia
1607 1345 1827 1414 planum

257 1437 481 1491 evadit:
533 1453 658 1492 nam
710 1454 833 1493 cum
895 1439 1104 1494 calidus
1156 1438 1456 1509 igneusque
1508 1437 1598 1503 sit,
1653 1436 1828 1489 lutum

261 1530 521 1592 exsiccat,
575 1529 968 1600 humidumque
1014 1546 1177 1586 omne
1226 1531 1279 1586 iu
1338 1544 1593 1601 vaporem
1648 1529 1830 1584 solvit.

259 1620 416 1688 Quod
463 1629 646 1677 autem
694 1623 877 1677 anima
922 1639 989 1677 ex
1040 1633 1231 1678 natura
1277 1638 1376 1677 sua
1406 1620 1582 1676 calida
1624 1621 1715 1683 sit,
1747 1619 1832 1674 vel

257 1722 595 1767 mortuorum
648 1714 921 1784 exemplo,
970 1712 1168 1780 frater,
1225 1728 1553 1785 persuasum
1606 1711 1827 1766 habeas.

256 1803 492 1872 Etenim,
522 1821 647 1861 cum
679 1807 862 1861 anima
888 1822 918 1861 a
952 1822 1179 1876 corpore
1209 1815 1459 1877 separata
1498 1814 1613 1871 est,
1657 1806 1833 1875 rigent

259 1897 445 1952 omnia
477 1899 743 1966 membra,
778 1900 1138 1955 nihilominus
1155 1915 1318 1970 quam
1351 1899 1577 1953 hiberna
1608 1897 1830 1969 glacies.

263 1989 491 2056 niveque
524 1987 802 2061 frigidiora
845 1990 1100 2046 evadunt.
1140 1989 1217 2045 Es
1260 1991 1329 2045 iis
1362 1990 1492 2044 item
1534 2003 1657 2058 qua:
1700 1996 1835 2043 tem-

259 2092 392 2147 pore
420 2077 579 2135 famis
598 2082 939 2153 contingunt,
956 2091 1114 2153 potes
1134 2098 1351 2153 quoque
1362 2098 1475 2137 rem
1500 2081 1832 2153 propositam

259 2171 615 2239 comprobare
642 2190 657 2227 :
709 2172 882 2229 donec
912 2175 1055 2229 enim
1083 2174 1265 2229 anima
1293 2174 1399 2231 cibi
1431 2174 1585 2245 copia
1613 2173 1833 2242 fruitur,

260 2276 462 2333 corpus
506 2263 650 2334 viget
703 2279 837 2321 sane
869 2266 1120 2336 valetque
1160 2266 1409 2333 viribus;
1451 2275 1508 2321 at
1550 2266 1836 2322 deficiente

261 2355 415 2422 cibo,
448 2355 627 2426 ipsum
662 2372 861 2429 corpus
897 2359 1138 2414 absumit
1182 2366 1237 2414 et
1280 2359 1603 2429 corrumpit.
1651 2358 1838 2429 Neque

260 2448 406 2503 enim
438 2457 616 2520 potest
649 2464 849 2519 corpus
878 2450 1086 2519 absque
1116 2449 1244 2505 cibo
1300 2451 1498 2506 animae
1525 2449 1691 2505 calori
1734 2450 1836 2505 ob-

264 2539 474 2604 sistere,
521 2541 982 2611 quemadmodum
1023 2557 1202 2612 neque
1236 2557 1331 2597 vas
1367 2558 1575 2598 aeneum
1619 2543 1836 2599 clibano

263 2629 576 2701 impositum
624 2632 765 2701 ignis
796 2633 1195 2688 vehementiam
1231 2635 1349 2690 sine
1386 2650 1525 2705 aqua
1569 2634 1711 2690 ferre
1739 2652 1835 2690 va-

266 2719 375 2787 let;
426 2737 650 2793 prorsus
699 2723 845 2778 enim
907 2723 1151 2779 funditur
1201 2734 1255 2781 et
1300 2726 1571 2795 liquescit.
1635 2724 1835 2781 Eodem

264 2826 489 2883 prorsus
536 2815 697 2868 modo
734 2814 884 2869 lebes
929 2816 1213 2886 corporis.
1259 2816 1545 2873 deﬁciente
1584 2816 1738 2878 cibo.
1770 2815 1839 2871 ab

265 2903 421 2976 ignea
455 2906 636 2961 anima
679 2907 1002 2979 absumptus
1052 2909 1278 2965 omnino
1334 2911 1741 2980 pessumdatur.
1780 2908 1836 2965 ln

266 3014 482 3056 summa
538 3011 720 3055 autem
775 3016 843 3057 eo
899 3001 1136 3057 maxime
1191 3010 1399 3072 spectat
1436 3003 1565 3057 illud
1624 3001 1838 3057 Domini

1917 510 1995 581 τῷ
2015 511 2274 580 οτόματν
2305 510 2428 563 ἐπεί
2449 511 2565 562 ἐστι
2590 508 2691 580 τὴν
2723 505 2883 576 φύσιν
2909 503 3089 577 θερμὴ
3121 502 3262 557 κατά
3298 502 3385 557 τὸν
3403 500 3476 555 λό-

1918 618 2013 671 γον
2061 602 2161 672 τῆς
2203 602 2429 671 Σοφίας’
2472 600 2650 669 Ψυχὴ
2684 595 2865 667 θερμὴ
2902 597 2980 662 ὡς
3007 596 3128 664 πῦρ
3153 595 3474 664 καιόμενον.

1920 695 2131 765 Ὥσπερ
2176 688 2270 747 οῦν
2302 692 2365 746 τὸ
2415 692 2527 764 πῦρ
2565 691 2633 745 τά
2674 690 2976 761 βαλλόμενα
3017 690 3099 751 είς
3149 688 3242 740 τὸν
3294 685 3476 758 λέϐητα

1919 785 2058 856 ἕψει,
2086 783 2258 847 οὕτως
2290 785 2434 855 καὶὴ
2465 782 2719 855 πυρώδης
2737 782 2883 853 ψυχὴ
2911 780 2979 834 τά
3013 779 3479 852 παραπεμπόμενα

1921 877 2065 929 σιτία
2090 878 2155 946 τῇ
2203 874 2380 948 κοιλίᾳ
2414 873 2665 928 λεπτύνει
2703 872 2797 927 καὶ
2827 872 3059 943 δαπανᾷ.
3098 870 3219 925 Κᾶν
3255 870 3313 924 δὲ
3349 870 3479 941 ψυχὴ

1920 968 2165 1040 λέγηται,
2202 969 2262 1021 ού
2312 967 2530 1036 λέγεται
2579 965 2667 1020 διὰ
2702 966 2760 1020 τὸ
2796 962 2935 1020 εἶναι
2965 964 3151 1037 ψυχρά
3186 966 3254 1036 τῇ
3317 963 3477 1035 οὐσία,

1922 1060 1997 1125 ὥς
2028 1077 2172 1125 τινες
2206 1059 2312 1114 τῶν
2334 1058 2715 1131 ἁπλουστέρων
2747 1057 3028 1129 ᾠήθησαν,
3058 1055 3196 1111 ἀλλά
3218 1055 3307 1109 διὰ
3336 1056 3393 1108 τὸ
3426 1056 3482 1108 ἐκ

1923 1151 2122 1222 πολλῆς
2146 1150 2478 1223 θερμότητος
2508 1149 2879 1222 άναξεραίνειν
2912 1148 3083 1219 αὐτὴν
3116 1147 3188 1200 τὰ
3229 1146 3391 1217 ύγρά,
3417 1145 3483 1209 ὡς

1924 1243 2070 1297 ἔστιν
2093 1242 2574 1317 πληροφορηθῆναι
2594 1242 2689 1296 καὶ
2712 1244 2777 1296 ὲκ
2790 1241 2888 1311 τῆς
2908 1240 3188 1310 ἐνεργείας
3208 1238 3302 1292 τοῦ
3326 1237 3481 1310 ἡλίου·

1924 1336 2000 1391 ὢν
2026 1337 2136 1409 γὰρ
2179 1335 2380 1408 θερμὸς
2428 1336 2524 1390 καὶ
2560 1332 2846 1405 πυρώδης,
2890 1331 3057 1402 πηλὸν
3094 1329 3362 1402 ξηραίνει,
3404 1329 3487 1383 καὶ

1928 1431 2034 1483 πᾶν
2063 1429 2228 1500 ὑγρὸν
2253 1428 2536 1498 ἀνιμᾶται.
2567 1426 2690 1480 Ὀτι
2721 1425 2828 1496 δὲή
2853 1422 2999 1495 ψυχὴ
3024 1422 3200 1495 θερμὴ
3227 1424 3342 1475 ἐστι
3364 1422 3489 1474 κατά

1930 1519 2112 1589 φύσιν,
2144 1519 2353 1585 πείθου,
2382 1516 2599 1587 ἀδελφέ,
2633 1516 2727 1570 καὶ
2763 1515 2827 1569 ὲκ
2876 1513 2986 1567 τῶν
3031 1512 3487 1583 ἀποθνησκόντων.

1927 1603 2006 1680 ’ᾙ
2027 1607 2135 1679 γάρ
2159 1605 2511 1679 ἀποχωρισθῇ
2540 1607 2573 1678 ἡ
2606 1603 2751 1676 ψυχὴ
2775 1603 2881 1657 ἀπὸ
2907 1601 3002 1658 τοῦ
3027 1600 3299 1674 σώματος,
3332 1600 3491 1654 πάντα

1933 1702 2002 1757 τὰ
2035 1702 2169 1773 μέλη
2206 1701 2551 1774 εὑρίσκονται
2583 1695 2987 1771 κρυσταλλώδη,
3030 1695 3124 1750 καὶ
3152 1694 3306 1748 οὐδὲν
3348 1687 3493 1765 ἦττον

1863 1766 1907 1821 Β
1933 1766 2108 1866 πάχου
2133 1766 2411 1867 χειμερίου
2440 1794 2473 1863 ἢ
2504 1766 2682 1864 χιόνος
2703 1766 3029 1864 ψυχρότερα.
3058 1790 3170 1844 Καὶ
3196 1788 3264 1861 δὴ
3282 1787 3389 1842 ἀπὸ
3400 1787 3494 1839 τῶν

1933 1889 2106 1960 λιμῶν
2139 1887 2256 1940 ἐστι
2283 1885 2577 1957 δοκιμάσαι
2604 1884 2664 1938 τὸ
2692 1884 2984 1955 λεγόμενον
3003 1900 3015 1913 ·
3042 1882 3148 1947 ἓως
3176 1881 3289 1953 γὰρ
3320 1879 3428 1951 ἔχει
3464 1881 3494 1948 ἡ

1932 1978 2077 2051 ψυχὴ
2114 1978 2211 2050 τὴν
2234 1977 2439 2050 τροφὴν
2490 1979 2570 2042 είς
2593 1976 2875 2047 ἀφθονίαν,
2906 1975 2969 2029 τὸ
3002 1974 3162 2046 σῶμα
3202 1972 3383 2028 θάλλει
3416 1972 3498 2025 καὶ

1934 2074 2258 2147 ἀδρύνεται’
2313 2070 2553 2142 ὁπηνίκα
2603 2070 2661 2125 δὲ
2696 2071 2963 2142 ἀπορήσει
3017 2066 3221 2130 σιτίων,
3277 2066 3407 2120 αὐτὸ
3445 2064 3498 2117 τὸ

1937 2166 2096 2238 σῶμα
2125 2163 2400 2220 κατεσθίει
2430 2161 2772 2234 καὶφθείρει.
2797 2161 2872 2215 Οὐ
2892 2160 3000 2232 γάρ
3022 2158 3245 2213 δύναται
3268 2157 3332 2211 τὸ
3359 2156 3502 2227 σῶμα

1935 2255 2064 2310 ἄνευ
2096 2252 2305 2326 τροφῆς
2337 2250 2586 2323 ἀντέχειν
2624 2249 2762 2323 πρὸς
2796 2247 2895 2320 τὴν
2922 2245 3238 2319 θερμότητα
3281 2242 3381 2313 τῆς
3408 2241 3501 2311 4m-

1936 2348 2057 2419 χῆς,
2086 2346 2163 2410 ὼς
2181 2343 2303 2399 οὔτε
2332 2344 2556 2413 ἀγγεῖον
2589 2338 2825 2413 χαλκοῦν
2854 2337 3026 2403 ἑστὼς
3047 2338 3143 2391 ὲπί
3164 2335 3420 2390 κλιϐάνου
3447 2335 3503 2387 ού

1935 2438 2158 2494 δύναται
2182 2437 2310 2492 ἀνευ
2331 2435 2523 2500 ὓδατος
2554 2434 2739 2507 φέρειν
2774 2433 2873 2504 τὴν
2907 2430 3246 2503 σφοδρότητα
3288 2426 3383 2481 τοῦ
3412 2443 3503 2479 πυ-

1941 2532 2061 2603 ρός’
2114 2528 2451 2601 ὲκφρύγεται
2497 2526 2605 2599 γάρ
2652 2524 2743 2580 καὶ
2788 2523 3061 2580 διαλύεται
3109 2521 3338 2575 τέλειον.
3366 2518 3507 2573 Οῦτω

1937 2620 2067 2691 γοῦν
2096 2619 2188 2674 καί⁵
2216 2622 2244 2673 6
2269 2618 2432 2690 λέϐης
2456 2614 2550 2671 τοῦ
2582 2615 2852 2687 σώματος,
2888 2615 2963 2686 μὴ
2987 2612 3126 2685 ἔχων
3153 2612 3259 2684 τὴν
3288 2609 3504 2682 τροφὴν,

1940 2713 2091 2786 παρά
2115 2712 2212 2779 τῆς
2233 2709 2516 2782 πυρώδους
2551 2706 2729 2779 ψυχῆς
2750 2704 3202 2777 ύπολικμὼμενος
3224 2702 3509 2757 ἀπόλλυται

1940 2805 2279 2860 παντάπασι.
2316 2803 2623 2873 Κεφάλαιον
2672 2800 2728 2855 δὲ
2778 2801 2886 2854 πᾶν
2916 2799 3012 2852 ἐπὶ
3043 2799 3180 2852 πᾶσι
3239 2797 3303 2850 τὸ
3334 2794 3511 2867 λεχθὲν

1940 2898 2075 2971 πρὸς
2101 2894 2196 2951 τοῦ
2230 2895 2437 2968 Κυρίου
2458 2913 2472 2926 '
2510 2893 2616 2963 Μὴ·
2621 2893 3029 2965 μεριμνήσητε
3055 2889 3131 2961 τῇ
3152 2889 3333 2961 ψυχῇ
3358 2885 3513 2960 ὑμῶν

1940 2992 1998 3045 τί
2021 2988 2267 3061 φάγητε,
2297 2987 2337 3057 ἦ
2364 2987 2446 3055 τῷ
2473 2986 2701 3057 σώματι
2734 2986 2792 3040 τί
2817 2984 3164 3053 ἐνδύσησθε
3182 3002 3197 3014 ο
3230 2984 3325 3037 ἐπὶ
3345 2981 3513 3035 πλεῖόν

264 3091 485 3151 cﬂ‘atum
526 3112 542 3149 :
579 3093 760 3150 Nolite
810 3095 1026 3150 solliciti
1072 3112 1182 3150 esse
1226 3098 1421 3151 animae
1470 3104 1656 3151 vestra:
1712 3096 1813 3166 quit

1997 3099 2089 3136 ιτιν
2107 3084 2141 3152 ἡ
2170 3080 2316 3154 ψυχὴ
2334 3080 2436 3152 τῆς
2450 3080 2678 3153 τροφῆς,
2702 3079 2795 3134 καὶ
2815 3079 2875 3132 τὸ
2899 3078 3058 3151 σῶμα
3078 3076 3175 3131 τοῦ
3203 3077 3511 3148 ἐνδύματος.

270 3186 621 3249 manducetis,
653 3196 747 3240 aut
787 3188 994 3254 corpori
1037 3198 1207 3243 vestro
1250 3190 1376 3260 quid
1420 3188 1718 3243 induamini
1766 3189 1842 3255 “;

1946 3176 2010 3229 Ei
2058 3174 2236 3228 τοίνυν
2289 3172 2397 3228 τῶν
2431 3176 2753 3245 κρειττόνων
2786 3171 2880 3225 καὶ
2918 3169 3181 3241 μειζόνων
3213 3168 3515 3239 ἠξιώθημεν

273 3273 402 3343 quia
449 3276 574 3345 plus
621 3284 706 3331 est
744 3279 923 3333 anima
959 3295 1123 3349 quam
1171 3296 1319 3343 esca,
1368 3291 1424 3337 et
1472 3297 1673 3351 corpus
1723 3282 1813 3351 plu

1997 3271 2011 3339 ’δ
2045 3269 2227 3340 χάριτι
2257 3267 2351 3321 τοῦ
2376 3266 2702 3338 κρείττονος,
2744 3262 2922 3334 πολλῷ
2958 3261 3173 3333 μᾶλλον⁹
3193 3261 3305 3315 τῶν
3330 3260 3516 3333 βραχυ-

272 3379 438 3435 quam
466 3365 847 3423 vestimentum
869 3370 934 3424 3’.
964 3369 1022 3425 Si
1052 3372 1235 3442 itaque
1267 3372 1358 3427 Dei
1389 3374 1561 3444 gratia
1585 3384 1847 3443 praestan-

271 3456 505 3512 tioribus
532 3459 941 3532 majoribusque
986 3464 1146 3519 bouis
1186 3465 1362 3521 affecti
1408 3483 1636 3533 sumus,
1675 3468 1842 3523 multc

276 3548 451 3619 magis
476 3548 628 3606 hisce
654 3552 958 3610 minoribus
980 3556 1374 3627 vilioribusque
1399 3559 1749 3629 replebimur.

349 3637 583 3703 Quwrile
612 3642 840 3711 primunt
875 3661 1090 3715 regnum
1119 3646 1214 3702 Dei
1250 3648 1317 3704 ⁸³.
1352 3651 1598 3721 Regnum
1629 3651 1725 3706 Dei
1757 3648 1844 3705 ni-

278 3728 356 3786 hil
384 3730 528 3785 aliud
559 3741 644 3787 est
676 3749 839 3804 quam
885 3736 1190 3793 futurorum
1224 3739 1492 3796 bonorum
1531 3742 1844 3813 possessio;

271 3820 323 3874 id
357 3828 462 3887 est,
495 3821 586 3878 Dei
620 3828 1005 3896 contemplatio
1045 3845 1111 3886 ac
1140 3832 1400 3904 cognitio,
1434 3843 1700 3905 quantum
1745 3835 1848 3890 ιω-

273 3927 446 3967 manae
475 3925 557 3969 est
596 3913 890 3974 facultatis.

275 4025 336 4084 S.
367 4028 666 4099 Athanasii,
693 4033 832 4101 quod
855 4051 957 4111 non
972 4034 1326 4111 iudicandum
1351 4039 1443 4104 sit,
1473 4056 1539 4093 ea:
1562 4038 1846 4111 Evangelia

725 4105 1011 4158 secundum
1054 4106 1385 4161 Matthwum.

348 4188 530 4246 Nolite
564 4193 831 4262 judicare,
873 4205 1066 4252 utnon
1096 4197 1443 4267 jutlicemini;
1472 4200 1527 4253 in
1564 4216 1665 4271 qua
1706 4202 1847 4256 enim

265 4280 472 4351 judicio
488 4282 824 4349 judicabitis,
840 4285 1225 4355 judicabimini
1252 4305 1271 4341 :
1303 4300 1352 4342 et
1376 4289 1431 4342 in
1458 4306 1562 4360 qua
1598 4307 1847 4345 mensura

273 4372 439 4428 mensi
467 4375 698 4441 fueritis,
730 4379 1031 4432 remetiatur
1050 4379 1191 4433 vobis
1214 4379 1279 4432 “.
1304 4381 1393 4436 Ait
1424 4397 1553 4436 vero
1581 4380 1847 4439 Dominus

1944 3360 2119 3433 τέρων
2138 3360 2233 3415 καὶ
2262 3356 2702 3429 καταδεεστέρων
2732 3353 3156 3427 ἐμπλησθῶμεν.

2018 3651 2257 3719 Ζητεῖτε
2305 3649 2373 3703 δὲ
2403 3647 2637 3716 πρῶτον
2664 3644 2779 3713 τὴν
2823 3642 3158 3709 ,Βασιλείαν
3204 3641 3313 3696 τοῦ
3357 3643 3517 3696 Θεου.

1948 3746 2203 3800 Βασιλεία
2223 3742 2359 3797 Θεοῦ
2389 3741 2537 3796 οὐδὲν
2567 3738 2695 3793 ἄλλο
2723 3737 2869 3790 ἐστὶν
2889 3733 3005 3790 ἀλλ’
3033 3734 3067 3807 ἢ
3091 3732 3203 3789 τῶν
3229 3732 3521 3805 μελλόντων

1947 3836 2166 3907 ἀγαθῶν
2193 3837 2227 3906 ὴ
2254 3833 2585 3896 ἀπόλαυσις*
2615 3828 2893 3883 τουτέστιν
2933 3828 2966 3898 ἡ
3008 3825 3104 3880 τοῦ
3143 3824 3283 3880 Θεοῦ
3329 3825 3521 3896 θεωρία

1945 3947 2007 3984 τε
2039 3928 2136 3984 καὶ
2159 3926 2378 3997 γνῶσις,
2413 3925 2536 3978 ὅσον
2569 3921 2788 3991 ἐφικτὸν
2807 3922 2873 3991 τῇ
2905 3916 3224 3990 ἀνθρωπίνῃ
3255 3917 3426 3989 ψυχῇ.

2012 4040 2293 4118 (inﬂet)!
2318 4040 2426 4118 τοῦ
2445 4036 2532 4108 μὴ
2563 4035 2809 4118 κρίνειν,
2840 4032 2949 4118 τοῦ
2978 4034 3132 4118 κατὰ
3159 4031 3464 4118 Μιξτθαῖον

2097 4104 2491 4182 Εὺαὴαελίού,
2519 4104 2625 4162 τοῦ
2649 4105 2945 4177 μακαρίου
2978 4104 3356 4158 Ἀθανασίου.

2015 4204 2113 4273 Μὴ
2148 4203 2417 4272 κρίνετε,
2447 4200 2545 4254 καὶ
2574 4200 2647 4254 οὺ
2680 4198 2767 4269 μὴ
2800 4196 3169 4269 κριθῆτεο⁸ὲν
3190 4188 3241 4262 ᾧ
3270 4195 3382 4266 γὰρ
3407 4194 3523 4262 κρί-

1941 4311 2083 4365 yart
2108 4297 2361 4363 κρίνετε,
2383 4290 2743 4361 κριθήσεσθε
2761 4308 2776 4325 ο
2807 4293 2906 4358 καὶ
2927 4293 2999 4346 ὲν
3024 4284 3074 4357 ᾧ
3093 4291 3295 4361 μέτρῳ
3308 4290 3528 4361 μετρεῖ-

1948 4404 2011 4441 τε
2030 4426 2046 4450 ,
2073 4384 2641 4455 ἀντιμετρηθήσεται
2664 4383 2826 4453 ὑμῖν.
2885 4383 3047 4452 Λέγει
3078 4383 3137 4437 δὲ
3169 4383 3199 4435 6
3228 4382 3435 4455 Κύριος
3464 4382 3527 4434 τὰ

275 4480 339 4519 ea
392 4465 509 4534 ipsa
557 4475 718 4537 atque
758 4470 987 4537 aequalia
1037 4470 1106 4525 iis
1146 4471 1394 4527 accidere
1435 4473 1528 4542 qui
1572 4472 1813 4543 iudicant

1997 4449 2086 4530 5τά
2112 4449 2325 4530 καὶ-τάξ
2339 4449 2430 4529 ίσα
2454 4449 2817 4545 ’πάσχειν-τὸν
2860 4449 3116 4545 κρίνοντα
3158 4475 3255 4528 καὶ
3298 4449 3391 4527 τὸν
3436 4490 3528 4543 με·

275 4565 437 4623 atque
467 4555 534 4610 iis
560 4556 651 4627 qui
687 4558 985 4614 metiuntur
1018 4578 1033 4614 :
1065 4575 1175 4615 non
1207 4563 1663 4631 quemadmodum
1694 4565 1849 4619 aiunt

276 4645 536 4713 haeretici,
561 4665 619 4705 se
648 4650 796 4720 ipsos
819 4650 873 4705 in
904 4667 1146 4708 errorem
1175 4653 1524 4723 deducentes,
1562 4674 1664 4711 non
1690 4658 1849 4711 intel-

274 4737 490 4808 ligentes
524 4757 685 4806 neque
710 4759 826 4812 qua:
861 4744 1166 4816 loquuntur,
1196 4763 1356 4819 neque
1382 4748 1447 4804 de
1469 4748 1658 4820 quibus
1689 4750 1847 4819 afﬁr-

275 4842 422 4886 mant
448 4833 515 4887 ⁸⁸.
544 4832 609 4887 lli
640 4851 875 4907 namque
912 4853 1010 4907 per
1051 4839 1276 4896 insanos
1314 4849 1479 4911 atque
1507 4844 1845 4913 perniciosos

275 4924 604 4993 paenitentia:
664 4928 802 4983 ritus
853 4931 1098 4999 pecunia:
1151 4942 1416 5001 quaestum
1476 4944 1843 5006 aucupantes,

274 5012 426 5067 aiunt
457 5029 564 5069 non
590 5014 950 5085 iudicandum
983 5018 1098 5074 sive
1140 5020 1511 5079 damnandum
1547 5040 1670 5081 esse
1717 5042 1844 5081 eum

275 5102 368 5172 qui
420 5116 639 5174 peccata
688 5110 937 5166 mortalia
967 5113 1245 5170 admittit:
1281 5115 1360 5171 ait
1411 5117 1611 5188 quippe
1652 5118 1844 5173 Domi-

275 5210 379 5251 nus
414 5212 427 5248 :
456 5196 636 5252 Nolite
657 5200 903 5269 judicare
940 5216 994 5260 ut
1020 5207 1473 5274 nonjudicemini.
1498 5210 1652 5278 Quod
1690 5212 1735 5268 si
1769 5212 1844 5267 ita

276 5300 334 5339 se
364 5302 452 5342 res
480 5288 640 5345 habet
666 5300 727 5346 ut
758 5292 1030 5351 afﬁrmant
1070 5296 1199 5367 ipsi,
1235 5298 1349 5355 Noe
1379 5316 1510 5356 sane
1544 5302 1633 5373 vir,
1660 5303 1846 5372 justus

274 5374 562 5434 damnatus
583 5380 705 5450 fuit,
737 5385 882 5454 quod
922 5386 1219 5444 derisorem
1256 5389 1523 5447 Chamum
1560 5392 1845 5460 iudicave-

338 5578 383 5610 '°
417 5577 580 5633 Eeeli.
622 5594 778 5648 uin,
802 5582 893 5636 22.
968 5585 1011 5618 "
1049 5582 1240 5638 Matth.
1273 5602 1346 5653 γι,
1375 5587 1463 5641 25.

1552 5588 1599 5620 ⁸⁸
1634 5587 1766 5643 ibid.
1845 5590 1892 5622 ³⁸
1919 5591 2049 5646 ibid.
2093 5593 2182 5647 3'5.

1944 4565 2196 4640 τροῦντα,
2234 4566 2297 4619 ού
2321 4563 2504 4628 καθώς
2532 4581 2696 4635 φασιν
2728 4564 3023 4636 αίρςτικῶν
3052 4564 3247 4629 παῖδες
3272 4562 3530 4634 ψευδόμε-

1943 4675 2024 4711 νοι
2048 4656 2301 4721 ἑαυτοὺς,
2328 4657 2422 4711 καὶ
2445 4655 2532 4726 μὴ
2559 4655 2784 4721 ειδότες
2806 4655 2864 4708 τί
2884 4653 3201 4723 λέγουσιν,
3230 4654 3272 4722 ἢ
3294 4653 3431 4722 περὶ
3449 4647 3532 4706 ὧν

1941 4740 2595 4803 διαϐεϐαιοῦνται.υῦτοι
2616 4746 2724 4818 γὰρ
2741 4744 3173 4818 ἐμπορευόμενοι
3188 4745 3259 4800 τά
3277 4746 3533 4817 χρήματα

1941 4840 2029 4895 διὰ
2052 4840 2161 4895 τῶν
2205 4841 2450 4912 ἀνοήτων
2482 4840 2576 4894 καὶ
2622 4836 2930 4909 ὲπιξημίων
2979 4836 3283 4909 μετανοιῶν
3324 4837 3534 4892 θέλουσι

1946 4932 2126 5003 λέγειν
2148 4974 2163 4997 ,
2194 4934 2276 4988 ὅτι
2302 4934 2364 4988 ού
2404 4933 2485 4987 δεῖ
2512 4931 2719 5003 κρίνειν
2770 4931 2862 4985 τὸν
2914 4930 3195 5002 δράσαντα
3222 4929 3535 4999 ,θανατικὰς

1948 5026 2243 5098 ἁμαρτίας.
2283 5021 2419 5080 Eine
2448 5024 2557 5097 γὰρ
2583 5026 2612 5077 6
2641 5022 2874 5095 Κύριοςο
2909 5022 3007 5091 Μὴ
3040 5024 3304 5092 κρίνετε.
3337 5023 3440 5079 καὶ
3466 5024 3535 5076 οὐ

1940 5117 2028 5189 μὴ
2061 5118 2318 5188 κριθῆτε.
2348 5120 2412 5173 Ei
2432 5118 2489 5173 δὲ
2520 5117 2695 5181 οὕτως
2727 5112 2797 5188 ἧν
2831 5115 3016 5180 καθὼς
3044 5118 3248 5172 ἐκεῖνοι
3276 5115 3541 5188 διισχυςίο

1947 5210 2150 5276 ζονται,
2183 5210 2398 5274 πάντως
2440 5209 2506 5264 ἂν
2536 5212 2566 5264 6
2606 5210 2812 5272 δίκαιος
2843 5208 2965 5261 Νῶε
3010 5210 3321 5282 κατεκρίθη
3351 5209 3541 5282 κρίνας

1945 5304 2035 5357 τὸν
2065 5302 2367 5375 χλευαστὴν
2415 5301 2546 5373 Χάμ
2574 5301 2667 5356 τοῦ
2700 5296 2839 5355 εἶναι
2884 5300 3071 5355 δοῦλον
3103 5302 3217 5356 τῶν
3272 5301 3539 5371 ἀδελφῶν.

1955 5393 2016 5450 Ὀ
2043 5394 2099 5449 δὲ
2126 5397 2364 5467 Μωῦσῆς
2382 5435 2398 5459 ,
2428 5395 2618 5468 κρίνας
2639 5394 2729 5450 τὸν
2757 5392 3091 5459 συλλέξαντα
3111 5394 3186 5450 τὰ
3212 5394 3353 5463 ξύλα
3384 5396 3445 5449 ὲν
3468 5390 3551 5465 τῷ

2257 5589 2303 5623 ⁸⁸
2342 5589 2532 5644 Matth.
2561 5602 2658 5654 vn,
2697 5584 2750 5639 Ι.
2850 5584 2899 5617 ⁸³
2929 5586 2951 5640 ι
2986 5583 3136 5642 Τίιῑι.
3170 5602 3213 5654 ι,
3254 5586 3309 5643 7.

347 5721 459 5795 (i7)
497 5722 577 5781 Ex
616 5714 805 5781 codice
838 5724 1200 5782 Ambrosiam
1235 5728 1327 5796 37,
1362 5744 1392 5784 ι
1437 5729 1618 5786 saeculi
1650 5744 1878 5803 egregiae
1911 5743 2082 5799 notae;
2110 5740 2163 5789 et
2187 5748 2250 5787 ex
2281 5728 2412 5802 Reg.
2444 5727 2601 5795 1993,
2639 5726 2769 5784 item
2793 5741 2827 5782 χ
2851 5725 3042 5783 saeculi

3572 5490 3609 5533 Ἴ
