3702 6410
212 312 348 369 1377

1340 321 1770 388 FRAGMENTA
1805 331 1873 389 IN
1913 329 2357 389 MATTHA'SUM.

3335 337 3473 393 i373

212 430 486 504 σαϐϐάτῳ,
521 431 802 489 ἐκέλευσεν
824 435 929 503 ἔξω
956 437 1055 510 τῆς
1077 442 1425 517 παρεμϐολῆς
1444 445 1611 516 λίθοις
1630 469 1674 505 αι

2008 447 2464 526 ίεωηενειιῖιιιιιεζ
2498 464 2552 509 ιιι
2575 462 2719 510 esset
2745 453 2978 511 fratrum
3007 469 3200 511 servus
3233 457 3301 510 ⁸⁸.
3330 456 3470 529 Μογ.

209 525 502 580 ἀποθανεῖν
522 544 536 557 ’
567 529 596 581 6
639 529 695 582 δὲ
741 528 985 602 διάδοχος
1021 533 1186 589 αὐτοῦ
1216 537 1424 609 Ἰησοῦς
1474 543 1664 614 κρίνας
1696 547 1792 601 καὶ

209 615 298 670 τὸν
328 617 503 687 ΙἈχαν
534 616 621 671 διὰ
648 619 744 692 τῆς
779 619 984 693 κλοπῆς
1014 625 1231 680 πανοικὶ
1260 626 1674 703 ὲξωλόθρευσεν.
1732 635 1791 689 Ὀ

208 707 263 762 δὲ
287 709 474 773 Φινεὲς
508 709 595 764 διὰ
615 710 713 783 τὴν
740 712 995 784 πορνείαν
1015 717 1106 771 τὸν
1137 720 1354 794 Ζαμσρλ⁵
1378 724 1589 795 κρίνας,
1614 745 1789 800 σειρο-

210 798 392 872 μὰστῃ
424 799 762 872 ἐξεκέντησε.
790 804 902 859 Καὶ
927 806 955 858 6
982 807 1231 882 Σαμουὴλ
1255 811 1348 865 τὸν
1376 813 1548 885 Ἀγάγ
1573 816 1664 870 τὸν
1689 798 1788 889 βα-

208 889 357 944 σιλέα
387 890 496 945 τῶν
530 892 912 965 Ἀμαληκιτῶν
944 899 1154 955 ἀνεῖλεν
1189 901 1421 959 ἐνώπιον
1452 908 1678 980 Κυρίου.
1729 913 1786 965 '0

202 983 260 1038 δὲ
302 985 491 1050 Ἠλίας
515 987 706 1058 κρίνας
732 989 857 1052 τοὺς
877 990 1348 1066 ψευδοπροφήτας,
1378 999 1454 1063 ὡς
1481 1002 1695 1074 χοίρους
1726 1005 1784 1061 ἐν

200 1076 278 1147 τῷ
322 1079 612 1151 χειμάρρῳ
649 1081 979 1151 ἀπέσφαξεν.
1016 1086 1127 1138 Καὶ
1158 1087 1186 1138 6
1218 1087 1541 1158 Ἐλισσαῖος,
1592 1096 1783 1167 κρίνας

200 1168 290 1224 τδν
320 1170 485 1243 Γιεζῆ
526 1172 616 1227 διὰ
642 1172 741 1245 τὴν
770 1173 931 1245 λῆψιν
968 1176 1077 1233 τῶν
1104 1181 1428 1252 χρημάτων,
1461 1184 1659 1259 λεπρὸν
1688 1189 1783 1242 ἀν-

199 1262 420 1329 έδειξεν.
461 1265 518 1319 '0
547 1265 605 1319 δὲ
630 1268 826 1341 Δανιὴλ
845 1309 859 1335 ,
893 1270 1083 1342 κρίνας
1098 1276 1221 1336 τοὺς
1239 1275 1570 1342 ἀκολάστους
1593 1279 1783 1351 γέρον-

199 1371 296 1418 τας
326 1354 516 1409 ἕνεκεν
549 1356 648 1425 τῆς
678 1359 1069 1428 συκοφαντίας,
1104 1362 1252 1434 νόμῳ
1276 1364 1555 1437 Μωσαῖκῷ
1579 1367 1781 1438 ἐτιμω-

201 1446 423 1516 ρήσατο.
450 1447 564 1501 Καὶ
585 1451 613 1502 6
635 1449 858 1521 Πέτρος,
878 1451 1059 1507 λαϐὼν
1091 1454 1189 1518 τὰς
1214 1454 1360 1520 κλεῖς
1384 1458 1483 1529 τῆς
1508 1458 1783 1529 βασιλείας

197 1537 303 1590 τῶν
335 1539 603 1610 οὐρανῶν,
635 1540 726 1596 τὸν
748 1543 997 1598 Ἀνανίαν
1026 1546 1167 1616 μετά
1186 1548 1285 1620 τῆς
1315 1551 1571 1618 γυναικὸς
1599 1570 1784 1623 νοσφι-

199 1628 469 1701 σαμένους
506 1633 570 1686 ἐκ
600 1632 693 1687 τοῦ
730 1634 860 1689 ἰδίου
909 1638 1220 1708 κτήματος,
1256 1640 1477 1712 κρίνας,
1528 1643 1783 1719 παραυτά

195 1724 450 1796 ἐποίησεν
484 1726 682 1791 αὐτοὺς
731 1727 1024 1799 ἁποψύξαι.
1083 1731 1194 1786 Καὶ
1241 1734 1269 1786 6
1311 1733 1522 1798 Παῦλος
1568 1734 1780 1807 ἔκρινεν

1893 561 2011 616 ses,
2043 547 2171 602 item
2199 547 2310 601 lato
2337 545 2543 617 judicio
2568 548 2621 601 in
2646 563 2769 602 eum
2787 546 2880 618 qui
2898 547 3044 619 ligna
3072 547 3359 619 collegerat
3381 549 3468 604 die

1892 638 2125 703 sabbati,
2165 638 2331 709 jussit
2357 654 2482 693 eum
2513 647 2665 694 extra
2695 649 2877 695 castra
2903 639 3172 711 lapidibus
3192 640 3371 695 necari
3393 638 3462 699 θ’.
3521 677 3525 681 ν

1891 726 2022 798 Ejus
2048 744 2267 799 quoque
2312 743 2597 786 successor
2627 727 2816 798 Iesus,
2861 731 3128 785 sententia
3173 731 3228 785 in
3256 729 3462 785 'Achan

1889 819 1960 873 ob
1987 817 2190 874 furtum
2219 822 2452 890 prolata,
2482 837 2606 875 cum
2632 821 2828 878 domus
2861 823 3195 893 supellectile
3226 832 3337 879 tota
3363 839 3462 879 ex-

1889 910 2200 965 terminavit
2230 911 2409 982 ipsum
2438 914 2504 968 3'.
2530 911 2762 970 Phinees
2791 916 2955 969 etiam
2980 915 3200 970 Zamhri
3222 914 3465 971 fornica-
3512 904 3523 959 ά

1891 1001 2053 1055 tionis
2078 1016 2243 1057 causa
2279 1003 2571 1069 damnans,
2603 1003 2783 1074 ipsum
2814 1005 2971 1061 hasta
2997 1005 3240 1062 confodit
3264 1006 3329 1063 ⁸⁸.
3357 1006 3461 1060 Sa-

1888 1092 2031 1146 mue!
2056 1091 2206 1165 Agag
2236 1110 2416 1167 regem
2458 1096 2882 1152 Amalecitarum
2915 1099 3193 1154 interemit
3231 1100 3286 1154 in
3329 1115 3464 1154 con-

1887 1193 2076 1253 spectu
2112 1184 2323 1241 Domini
2357 1188 2425 1242 ⁹⁰.
2457 1186 2604 1244 Elias
2630 1188 2800 1245 falsos
2820 1191 3118 1261 prophetas
3148 1191 3458 1255 damnatos,

1885 1276 2041 1344 quasi
2066 1292 2263 1346 porcos
2288 1278 2342 1333 in
2379 1289 2622 1336 torrente
2654 1281 2922 1352 jugulavit
2952 1285 3019 1338 “.
3056 1282 3283 1339 Elisaeus
3311 1284 3461 1339 Giezi

1884 1379 2119 1440 accepta:
2143 1372 2387 1441 pecuniae
2416 1389 2570 1427 reum
2607 1374 2905 1438 damnavit,
2947 1375 3234 1446 effecitque
3275 1376 3459 1446 lepro-

1884 1475 2004 1515 sum
2052 1463 2119 1518 “.
2169 1461 2354 1518 Daniel
2407 1479 2536 1519 vero
2584 1465 2820 1521 lascivos
2871 1481 3029 1521 senes
3092 1464 3497 1538 syeopliantim'

1883 1566 2049 1606 causa
2080 1553 2148 1607 ab
2178 1569 2237 1608 sc
2266 1555 2576 1622 damnatos,
2600 1556 2755 1626 juxta
2782 1558 2951 1627 legem
2982 1556 3278 1612 Mosaicam
3313 1559 3459 1612 ultus

1882 1652 1964 1697 est
1987 1643 2052 1700 “.
2078 1643 2275 1700 Petrus
2298 1655 2500 1713 autem,
2526 1648 2618 1718 qui
2661 1649 2868 1718 accepit
2894 1650 3074 1705 claves
3103 1651 3254 1721 regni
3286 1651 3458 1706 ecclo-

1883 1751 2007 1791 rum
2038 1736 2106 1801 “,
2139 1736 2405 1792 Ananiam
2441 1754 2566 1793 cum
2605 1756 2809 1803 uxore,
2843 1741 2986 1810 quod
3033 1751 3242 1811 partem
3294 1758 3459 1813 pecu-

192 1814 545 1888 Ἀλέξανδρον
573 1818 661 1871 τὸν
691 1819 897 1890 χαλκέα
923 1822 1116 1876 εἰπών·
1142 1823 1463 1881 Ἀποδώσει
1486 1827 1645 1894 αὐτῷ

2016 1842 2082 1882 ex
2115 1828 2333 1883 vendita
2368 1829 2589 1900 propria
2638 1832 2986 1900 possessione
3036 1832 3453 1900 subduxissent,

186 1923 318 1975 ριος
350 1910 508 1963 κατὰ
532 1910 604 1963 τὰ
628 1910 772 1982 ἔργα
792 1914 1002 1969 αὐτοῦ.
1049 1914 1334 1986 ’Υμεναῖον
1353 1917 1409 1971 δὲ
1438 1919 1531 1972 καὶ
1549 1920 1775 1993 Φιλητὸν

192 1998 479 2069 παρέδωκε
513 2001 591 2073 τῷ
625 2003 837 2076 Σατανᾷ
858 2048 871 2071 ,
900 2007 987 2060 ἵνα
1019 2007 1279 2081 παιδευθῇ
1313 2010 1511 2081 μηκέτι
1538 2011 1777 2086 βλασφη-

192 2091 329 2159 μεῖν.
364 2090 618 2145 Αίτιᾶται
659 2093 718 2147 δὲ
751 2096 845 2149 καὶ
878 2095 952 2169 μὴ
977 2096 1268 2171 κρινούσας
1314 2099 1640 2173 Ἐκκλησίας
1664 2104 1773 2157 τῶν

188 2180 492 2252 Κορινθίων
520 2185 730 2255 φήσας*
768 2190 889 2241 Οὐκ
916 2188 1089 2243 ἐστιν
1106 2190 1177 2245 ἐν
1202 2192 1345 2261 ὑμῖν
1365 2194 1559 2263 σοφὸς
1585 2194 1653 2262 ὃς
1677 2195 1775 2251 δυο

185 2270 442 2339 νήσεται
477 2274 673 2343 κρῖναι
697 2277 1004 2346 ἀναμέσον
1032 2281 1138 2336 τοῦ
1171 2281 1437 2353 ἀδελφοῦ
1471 2286 1693 2351 autat");
1731 2287 1771 2356 ἣ

185 2362 272 2418 ὅτι
302 2367 417 2420 οὐκ
449 2366 672 2433 οἴδατε,
696 2369 786 2423 ὅτι
808 2370 1101 2442 ἀγγέλους
1131 2377 1481 2448 κρινοῦμεν;
1509 2378 1572 2432 El
1594 2378 1771 2434 τοίνυν

183 2456 387 2523 πάντες
410 2460 460 2512 οἱ
486 2459 702 2527 δίκαιοι,
754 2463 1058 2534 κρίναντες,
1086 2468 1147 2520 οὐ
1178 2469 1597 2542 κατεκρίθησαν,
1637 2475 1774 2546 μᾶλ-

182 2546 271 2603 λον
322 2550 380 2604 δὲ
436 2551 752 2622 ὲκλεγέντες
809 2557 891 2620 είς
933 2558 1030 2631 τὴν
1085 2566 1457 2637 πνευματικὴν
1499 2567 1771 2625 διακονίαν

182 2640 513 2713 ἑξελέγησαν
534 2661 550 2676 ο
606 2645 723 2710 πῶς
757 2648 816 2701 οὒ
850 2650 932 2703 δεῖ
962 2656 1081 2706 κατ’
1116 2656 1314 2722 αὐτοὺς
1336 2660 1572 2731 κρίνειν;
1602 2660 1770 2720 Εἶπεν

180 2730 271 2787 οὖν
297 2736 325 2789 6
348 2736 558 2810 Κύριος
577 2754 591 2768 ·
616 2740 715 2808 Μὴ
738 2742 970 2810 κρίνετε
989 2787 1004 2811 ,
1027 2747 1126 2801 καὶ
1148 2750 1221 2803 οὐ
1252 2751 1341 2821 μὴ
1372 2730 1611 2824 κριθῆτε
1629 2775 1642 2788 ·
1672 2759 1768 2831 οὐχ

183 2825 268 2879 ἵνα
320 2827 609 2900 μέλλωμεν
661 2832 903 2904 ἀκρίτως
935 2853 985 2889 τι
1018 2839 1279 2908 πράττειν
1313 2843 1346 2914 ἢ
1386 2848 1579 2914 ποιεῖν,
1631 2825 1768 2905 ἀλλά

177 2916 263 2971 διὰ
298 2918 361 2972 τὸ
403 2920 534 2984 τοὺς
560 2922 885 2994 Φαρισαίους
916 2929 1010 2980 καὶ
1043 2928 1396 3003 Γραμματεῖς
1423 2938 1629 3010 κρίνειν
1668 2941 1768 3013 μὲν

176 3009 463 3103 ἀλλήλους,
480 3013 705 3103 έαυτοὺς
725 3014 780 3069 δὲ
804 3018 877 3089 μὴ
899 3018 1259 3091 διορθοῦσθαι.
1287 3022 1414 3081 Οἴον
1433 3009 1653 3103 ἔκριναν
1670 3009 1768 3089 *τὸν

1878 1916 2167 1985 damnans,
2194 1920 2496 1976 exstinctos
2532 1921 2715 1976 subito
2746 1922 2939 1978 cadere
2962 1921 3092 1978 fecit
3117 1926 3183 1980 ".
3222 1924 3287 1981 Et
3315 1925 3457 1982 Pau-

1876 2009 1965 2066 lus
1994 2027 2215 2081 quoque
2259 2012 2630 2067 Alexandrum
2668 2011 2883 2068 fabrum
2923 2014 3189 2085 judicavit
3219 2020 3405 2077 dicens
3437 2037 3452 2073 :

1876 2100 2078 2157 Reddet
2108 2103 2191 2156 illi
2219 2103 2478 2159 Dominus
2512 2107 2800 2159 secundum
2832 2124 2991 2177 opera
3021 2126 3120 2164 sua
3143 2111 3208 2164 ".
3258 2110 3458 2184 Hyme-

1875 2207 2055 2248 naeum
2108 2210 2241 2251 vero
2290 2202 2455 2265 atque
2516 2194 2785 2252 Pliiletum
2846 2200 3071 2254 tradidit
3127 2200 3364 2269 Satanae,
3393 2213 3457 2260 ut

1874 2284 2178 2341 ediscerent
2205 2302 2312 2341 non
2344 2287 2484 2342 ultra
2511 2286 2829 2358 blasphema
2855 2289 3027 2344 efl‘ari.
3051 2292 3243 2363 Arguit
3272 2304 3452 2350 autem

1874 2376 2147 2434 Ecclesias
2185 2377 2618 2445 Corinthiorum,
2645 2380 2789 2451 quod
2819 2397 2928 2436 non
2952 2383 3337 2455 judicaverint,
3365 2387 3453 2442 bis

1876 2469 2096 2525 verbis:
2145 2469 2269 2525 Non
2312 2479 2390 2526 est
2429 2472 2567 2526 inter
2620 2490 2706 2526 ros
2758 2475 2967 2543 sapiens
3011 2477 3323 2547 quisquam,
3360 2480 3452 2550 qui

1872 2564 2037 2633 possit
2059 2563 2309 2632 judicare
2335 2563 2472 2616 inter
2500 2562 2725 2632 fratrem
2754 2566 2951 2619 suum?
2976 2566 3055 2620 An
3086 2569 3300 2622 nescitis
3326 2571 3451 2641 quia

1873 2655 2086 2727 angelos
2101 2654 2470 2725 judicabimus
2496 2655 2587 2709 ’τί
2625 2655 2682 2710 Si
2715 2657 2900 2729 itaque
2947 2672 3139 2714 omnes
3167 2659 3323 2732 justi,
3355 2663 3451 2734 qui

1867 2747 2271 2818 judicaverunt,
2310 2764 2421 2802 non
2470 2748 2593 2805 ideo
2638 2750 3006 2819 condemnati,
3051 2751 3163 2808 imo
3200 2769 3331 2809 vero
3381 2756 3449 2810 ad

1872 2840 2155 2911 spirituale
2182 2840 2546 2896 ministerium
2576 2841 2753 2897 allecti
2776 2849 2829 2897 et
2847 2844 3079 2914 cooptati
3108 2854 3253 2911 sunt,
3278 2862 3452 2916 quare

1872 2948 1985 2987 non
2015 2942 2073 2987 ut
2105 2931 2180 2985 illi
2204 2930 2565 2999 judicandum
2600 2948 2720 2989 esse
2749 2938 3115 2991 censeamus?
3144 2937 3235 2990 Ait
3267 2939 3451 3010 itaque

1872 3022 2137 3080 Dominus
2171 3043 2185 3078 :
2235 3024 2419 3080 Nolite
2438 3025 2719 3095 judicare,
2749 3036 2809 3081 ut
2838 3044 2940 3082 non
2960 3028 3306 3099 judicemini,
3338 3048 3448 3088 non

177 3100 337 3168 φονέα
358 3102 657 3159 ἀποθανεῖν
686 3106 826 3160 κατά
850 3108 942 3162 τὸν
972 3111 1156 3183 νόμον,
1179 3117 1330 3171 αὐτοί
1350 3136 1408 3173 τε
1437 3100 1530 3175 καλι
1557 3141 1639 3196 πρ

1987 3135 1995 3168 l
2025 3131 2156 3172 sane
2189 3126 2248 3171 ut
2272 3117 2402 3188 quid
2435 3116 2705 3174 faciamus
2732 3119 2816 3173 vel
2846 3119 3220 3189 admittanius,
3251 3123 3316 3178 de
3338 3139 3449 3194 quo

172 3207 269 3257 τας
304 3196 647 3268 παρανόμως
671 3168 1059 3267 θανατοῦντεςὶ
1097 3168 1326 3278 sum;

2026 3168 2150 3172 "ﬂ-
2194 3168 2247 3171 _-
2278 3168 2402 3188 ,_,_
2435 3168 2703 3174 "mw-"
2747 3168 2816 3173 ---
2848 3168 3220 3189 __------_---..-,
3253 3168 3315 3178 ..ν
3340 3168 3446 3194 .,_.,

1990 3208 2135 3264 cium
2162 3225 2272 3266 non
2309 3209 2592 3279 feramus;
2620 3213 2715 3268 sed
2756 3214 2885 3283 quia
2924 3214 3184 3273 Pharisaei
3211 3231 3264 3275 et
3298 3220 3448 3275 Seri-

174 3284 367 3356 μοιχὸν
404 3286 768 3359 κολασθῆναι,
795 3291 891 3345 καὶ
915 3294 1066 3349 αὐτοὶ
1110 3296 1185 3361 ὡς
1233 3300 1390 3355 ἵπποι
1438 3284 1636 3378 θηλυμι

1997 3316 2056 3358 se
2096 3311 2289 3358 mutuo
2334 3301 2653 3373 judicabant
2684 3313 2739 3359 et
2781 3306 3143 3374 damnabunt,
3176 3310 3278 3381 ipsi
3318 3327 3446 3374 vero

172 3377 534 3449 ἐχρεμέτιζον
563 3379 778 3471 ἐπὶντάς
799 3382 1085 3457 ἀλλοτρίας
1104 3393 1367 3457 γυναῖκας
1388 3409 1402 3421 ’
1430 3377 1634 3467 ἔκριναη

2050 3410 2130 3451 ese
2162 3395 2548 3451 emendabant.
2577 3396 2667 3453 Sic
2694 3398 3028 3456 homicidam
3051 3403 3223 3471 illum,
3253 3420 3451 3461 secun-

172 3468 438 3541 κλέπτην,
461 3470 619 3525 αὐτοὶ
647 3470 800 3537 ὄντες
831 3474 1066 3529 συλωταὶ
1088 3478 1195 3533 τῶν
1227 3481 1522 3556 ἀλλοτρίων
1552 3491 1762 3561 χρημά-

171 3575 299 3615 των.
351 3557 539 3616 Ἦσαν
572 3563 630 3617 δὲ
674 3567 769 3620 καὶ
802 3567 1055 3624 κώνωπα
1086 3571 1451 3645 διυλίζοντες
1646 3557 1762 3651 τὴν

172 3652 452 3724 κάμηλον
500 3660 953 3729 καταπίνοντες.
1008 3664 1130 3718 Ὀτι
1164 3666 1221 3720 δὲ
1263 3669 1494 3726 τοιοῦτοι
1531 3669 1669 3746 ἦσαν
1712 3680 1759 3731 οἱ

171 3746 457 3818 Φαρισαῖοι
491 3748 587 3801 καὶ
617 3751 665 3803 oi
697 3751 1068 3825 Γραμματεῖς,
1101 3760 1334 3832 φανερὸν
1350 3764 1430 3837 ,ὲκ
1455 3766 1549 3820 τοῦ
1578 3767 1757 3838 λέγειν

169 3838 260 3891 τὸν
288 3838 497 3911 Κύριον
536 3840 625 3895 διὰ
650 3842 760 3897 τῶν
804 3848 933 3918 ἑξῆς
975 3848 1111 3921 πρὸς
1155 3851 1252 3906 ἕνα
1281 3853 1509 3911 ἕκαστον
1537 3860 1716 3915 αὐτῶν
1739 3880 1753 3896 ·

177 3929 238 3982 Τί
268 3928 338 3983 δὲ
363 3930 620 3999 βλέπεις
660 3935 728 3989 τὸ
760 3936 986 4007 κάρφος
1020 3940 1087 3994 τὸ
1129 3942 1200 3997 ἐν
1229 3943 1307 4011 τῷ
1342 3948 1627 4021 ὀφθαλμῷ
1651 3954 1757 4009 τοῦ

167 4021 439 4092 ἀδελφοῦ
466 4040 584 4080 σου
603 4065 619 4091 ,
655 4027 770 4096 τὴν
794 4029 861 4084 δὲ
890 4031 1075 4105 δοκὸν
1104 4034 1217 4105 τὴν
1241 4038 1313 4092 ἐν
1361 4040 1443 4107 τῷ
1471 4043 1758 4116 ὀφθαλμῷ

167 4127 286 4165 σου
307 4114 381 4167 οὐ
408 4116 754 4183 κατανοεῖς;
779 4121 857 4173 ’Ἠ
874 4119 1001 4188 πῶς
1026 4123 1222 4193 λέγεις
1246 4127 1326 4194 τῷ
1349 4131 1588 4202 ἀδελφῷ
1602 4114 1719 4191 σου
1738 4155 1752 4169 ·

171 4202 349 4271 Ἄφες
380 4204 617 4259 ἐκϐαλῶ
646 4208 714 4262 τὸ
768 4210 996 4280 κάρφος
1020 4215 1090 4269 ἐκ
1121 4218 1228 4272 τοῦ
1265 4221 1576 4292 ὀφθαλμοῦ
1607 4242 1757 4295 σου;

177 4293 517 4364 ’Υποκριτὰ,
547 4297 766 4355 ἔκϐαλε
797 4302 1032 4371 πρῶτον
1059 4307 1129 4361 ἐκ
1156 4310 1263 4364 τοῦ
1292 4313 1604 4385 ὀφθαλμοῦ
1639 4293 1758 4376 σοῦ

162 4385 283 4455 τὴν
309 4388 518 4456 δοκὸν,
551 4392 652 4446 καὶ
679 4395 811 4449 τότε
845 4396 1191 4469 διαϐλέψεις
1219 4403 1498 4462 ἐκϐαλεῖν
1525 4410 1592 4463 τὸ
1617 4412 1756 4481 κάρ-

1865 3487 1995 3542 dum
2053 3488 2248 3559 legem,
2296 3488 2490 3559 capitis
2523 3490 2873 3559 damnarunt,
2919 3511 3044 3549 cum
3100 3497 3202 3567 ipsi
3237 3498 3443 3556 interea

1861 3580 2159 3651 prophetas
2216 3580 2404 3651 inique
2460 3583 2834 3653 trucidarent;
2868 3587 3143 3643 mwcbum
3191 3590 3443 3648 adulteri

1863 3688 2029 3728 causa
2055 3658 2248 3743 poenas
2280 3674 2431 3728 luere
2457 3675 2846 3742 decreverunt,
2882 3694 3006 3734 cum
3039 3681 3143 3751 ipsi
3188 3698 3286 3738 ceu
3315 3687 3445 3757 equi

1861 3764 2052 3820 lascivi
2088 3765 2369 3820 binnirent
2403 3766 2471 3821 ad
2510 3767 2717 3823 alienas
2749 3785 2949 3827 uxores
2976 3772 3021 3804 ⁸⁸
3055 3789 3069 3824 :
3114 3779 3439 3833 sententiam

1861 3856 1919 3911 in
1967 3856 2144 3911 furem
2191 3856 2451 3922 tulerunt,
2500 3859 2607 3930 ipsi
2656 3871 2904 3930 raptores
2938 3864 3183 3931 pecuniae
3227 3866 3439 3925 aliena.

1859 3945 2140 4018 Erantque
2184 3949 2487 4004 excolautes
2531 3950 2774 4018 culicem,
2815 3962 2864 4006 et
2896 3953 3238 4025 deglutientes
3268 3975 3440 4014 came—

1859 4039 1970 4093 lum
2014 4040 2082 4094 °’.
2126 4039 2289 4108 Quod
2324 4050 2506 4098 autem
2544 4045 2680 4100 tales
2716 4044 2923 4101 fuerint
2965 4047 3228 4106 Phariszei
3276 4062 3443 4124 atque

1862 4131 2091 4198 Scribat,
2129 4134 2309 4204 palam
2350 4144 2529 4192 estex
2573 4137 2644 4194 iis
2695 4154 2818 4209 quae
2872 4142 3102 4212 singulis
3143 4158 3331 4199 eorum
3379 4146 3435 4201 in

1858 4227 2213 4297 sequentibus
2243 4228 2319 4282 ait
2354 4227 2619 4285 Dominus
2652 4247 2666 4283 :
2704 4230 2848 4296 Quid
2875 4244 3051 4287 autem
3085 4235 3225 4289 vides
3267 4237 3441 4305 festu-

1858 4333 1975 4370 cam
2004 4319 2060 4370 in
2086 4317 2238 4370 oculo
2270 4318 2458 4385 fratris
2488 4320 2586 4381 tui,
2609 4321 2811 4374 trabem
2836 4333 3032 4389 autem,
3055 4341 3171 4395 qute
3198 4327 3253 4380 in
3282 4327 3437 4383 oculo

1859 4418 1950 4461 tuo
1990 4416 2089 4470 est,
2121 4423 2225 4461 non
2254 4410 2600 4463 consideras?
2635 4412 2740 4464 Aut
2781 4415 3041 4483 quomodo
3076 4427 3220 4486 potes
3261 4420 3437 4475 dicere

162 4497 280 4549 φος
306 4481 375 4535 ἐκ
401 4482 506 4536 τοῦ
538 4484 850 4557 ὀφθαλμοῦ
876 4490 983 4544 τοῦ
1015 4491 1279 4563 ἀδελφοῦ
1312 4511 1450 4553 σου.
1495 4499 1558 4554 Et
1580 4500 1624 4554 δὲ

1973 4499 2021 4552 ri
2067 4508 2156 4552 tuo
2183 4514 2203 4553 :
2245 4497 2371 4554 Sine
2420 4502 2635 4569 ejiciam
2682 4481 2939 4574 festucam
2994 4481 3085 4559 de-
3113 4508 3264 4562 oculo
3304 4515 3435 4570 tuo?

160 4572 256 4639 τὸς
278 4573 425 4644 ἔχεις
443 4576 542 4648 τὴν
561 4577 718 4633 δοκὸν
743 4583 803 4636 ὲν
820 4582 899 4654 τῷ
919 4585 1182 4660 ὀφθαλμῷ
1203 4605 1296 4644 σου
1311 4592 1411 4663 τῆς
1434 4593 1748 4662 ἀκολασίας,

160 4666 241 4721 ὢν
274 4668 505 4761 τυφλὸς,
560 4672 679 4737 πῶς
730 4673 957 4733 δύνασαι
1002 4679 1339 4754 ἀποστρέψαι
1376 4685 1469 4740 τὸν
1522 4687 1749 4761 πλησίον

161 4776 260 4812 σου
287 4760 398 4815 ἀπὸ
414 4761 510 4815 τοῦ
536 4764 780 4836 κάρφους
805 4769 905 4840 τῆς
936 4774 1138 4843 μικρᾶς
1161 4774 1470 4847 ἁμαρτίας;
1500 4777 1560 4834 Ὀ
1585 4760 1642 4834 δὲ
1663 4780 1752 4835 θε-

161 4850 392 4942 σπέσιος
419 4851 651 4920 Παῦλος,
678 4857 903 4929 γράφων
949 4860 1260 4933 Ῥωμαίοις,
1288 4865 1382 4919 καὶ
1412 4868 1572 4934 αὐτὸς
1602 4870 1750 4942 λέγει

160 4942 296 5015 περὶ
320 4941 432 4996 τῶν
464 4945 723 5002 τοιούτων
754 4949 1064 5024 ὑποκριτῶν
1083 4994 1099 5017 ,
1139 4956 1233 5009 καὶ
1263 4958 1749 5033 σχηματιζομένων

156 5036 263 5108 τὴν
308 5036 590 5093 εὐσέϐειαν
609 5055 623 5070 ·
692 5041 755 5096 '0
785 5041 1092 5100 διδάσκων
1120 5047 1228 5102 τὸν
1259 5049 1463 5120 ἕτερον
1485 5092 1500 5117 ,
1534 5053 1752 5110 ἑαυτὸν

155 5129 235 5184 οὐ
260 5127 571 5199 διδάσκεις
588 5149 602 5163 ·
626 5136 660 5189 ὀ
675 5136 1000 5203 κηρύσσων
1013 5139 1100 5210 μὴ
1119 5140 1418 5213 κλέπτειν,
1436 5146 1716 5215 κλέπτεις
1735 5164 1748 5179 ·

157 5224 195 5276 ὁ
226 5222 426 5292 λέγων
443 5223 531 5294 μὴ
547 5229 873 5296 μοιχεύειν,
915 5234 1216 5301 μοιχεύεις
1233 5252 1248 5265 ·
1278 5239 1313 5290 ό
1333 5237 1755 5311 βδελυσσόμε-

152 5330 268 5379 νος
290 5313 367 5369 τὰ
386 5315 626 5381 ετόωλα,
659 5321 1015 5388 ιεροσυλεῖς·
1048 5323 1117 5391 ὃς
1145 5324 1216 5378 ἐν
1248 5328 1409 5399 νόμῳ
1443 5330 1745 5401 καυχᾶσαι

152 5404 257 5460 διὰ
279 5405 395 5476 τῆς
415 5407 804 5477 παραϐάσεως
844 5413 950 5467 τοῦ
980 5417 1167 5483 νόμου
1185 5456 1200 5481 ,
1230 5417 1339 5472 τὸν
1368 5421 1518 5475 Θεὸν
1541 5423 1744 5493 ἀτιμὰο

151 5495 263 5564 ζει(
286 5509 303 5526 °
336 5499 434 5553 καὶ
464 5498 659 5554 πάλιν·
704 5502 799 5556 Ἐν
828 5497 878 5570 ᾧ
920 5504 1031 5575 γὰρ
1082 5508 1316 5578 κρίματι
1364 5513 1589 5581 κρίνεις
1635 5514 1743 5568 τὸν

172 5670 184 5676 -
238 5636 288 5668 ³⁸
326 5636 469 5693 Gen.
509 5655 599 5702 ix.
627 5639 718 5694 26.

1860 4590 2176 4660 Hypocrita,
2210 4591 2340 4660 ejice
2376 4592 2607 4660 primum
2660 4595 2862 4649 trabem
2913 4596 2977 4650 de
3026 4597 3177 4652 oculo
3225 4607 3338 4664 tuo,
3381 4611 3432 4657 et

1855 4692 1978 4737 tunc
2004 4684 2283 4752 perspicies
2327 4694 2382 4737 ut
2413 4684 2608 4739 educas
2654 4686 2913 4756 festucam
2945 4689 3010 4743 de
3048 4690 3201 4746 oculo
3245 4692 3432 4763 fratris

1854 4775 1932 4829 tui
1966 4775 2006 4828 ¹.
2042 4773 2196 4841 Quod
2230 4775 2276 4831 si
2310 4784 2365 4830 tu
2401 4775 2457 4829 in
2489 4776 2650 4833 oculo
2682 4786 2774 4832 tuo
2802 4778 2970 4837 habes
3001 4780 3431 4853 intemperantia:

1853 4877 1909 4924 et
1962 4867 2205 4924 libidinis
2272 4868 2502 4933 trabem,
2548 4869 2622 4925 ita
2680 4880 2739 4926 ut
2788 4874 3062 4941 caacutias,
3106 4876 3199 4944 qui
3248 4877 3430 4946 possis

1851 4958 2162 5029 proximum
2197 4967 2350 5013 tuum
2393 4969 2640 5017 avertere
2673 4978 2704 5016 a
2731 4962 2942 5019 festuca
2979 4964 3112 5018 levis
3142 4964 3427 5033 cujusdam

1853 5050 2103 5121 peccati?
2144 5050 2367 5108 Divinus
2402 5062 2584 5108 autem
2630 5052 2833 5110 Paulus
2862 5055 2931 5109 ad
2977 5055 3253 5113 Romanos
3291 5060 3430 5115 seri-

1857 5145 2014 5210 bens,
2048 5144 2116 5200 de
2141 5144 2446 5217 hypocritis
2474 5145 2816 5216 liujusmodi,
2845 5149 2939 5220 qui
2966 5150 3221 5220 pietatem
3249 5167 3431 5208 emen-

1858 5236 2091 5301 tiuntur,
2126 5237 2256 5291 talia
2286 5236 2467 5292 fatur:
2501 5237 2606 5303 Qui
2634 5239 2804 5293 alium
2849 5242 3022 5309 doces,
3063 5244 3285 5310 teipsum
3322 5262 3426 5299 non

1851 5330 2044 5393 doces;
2090 5329 2183 5398 qui
2233 5329 2491 5399 praedicas
2546 5345 2649 5383 non
2697 5331 3016 5403 furandum,
3057 5335 3294 5403 furaris,‘
3335 5340 3425 5408 qui

1849 5425 1982 5479 dicis
2030 5440 2133 5480 non
2172 5423 2565 5489 machandum,
2616 5429 2929 5495 maecharis;
2969 5431 3059 5500 qui
3099 5430 3425 5487 abominaris

1849 5518 2018 5580 idola,
2042 5533 2198 5572 sacra
2224 5515 2427 5583 expilas
2444 5531 2465 5581 ,'
2503 5520 2595 5589 qui
2625 5521 2683 5575 in
2723 5521 2831 5593 lege
2864 5523 3136 5592 gloriaris,
3165 5540 3258 5593 per
3288 5540 3426 5594 pra:—

831 5641 875 5673 ⁸⁷
907 5641 1070 5727 Νεξεηο
1109 5650 1319 5727 ξῩζβὸο
1393 5652 1441 5685 ⁸⁸
1476 5652 1645 5727 Iosue
1685 5671 1787 5727 vn,
1821 5654 1909 5713 25.
1979 5656 2026 5688 ”
2053 5652 2385 5727 Numrxxv‘,
2409 5653 2462 5727 ξ.
2530 5653 2623 5709 "l
2658 5654 2792 5727 Reg.
2828 5675 2919 5722 xv,
2949 5658 3038 5713 55.
3070 5714 3083 5727 ,
3107 5658 3151 5690 ’ί
3186 5655 3253 5711 Ill
3284 5655 3419 5727 Reg.

152 5707 447 5794 33:11:60.
509 5709 831 5794 "lV_Reg_._
860 5729 915 5794 γ,
956 5714 1047 5769 27.
1121 5707 1492 5794 ’ίρεηεκιι-ι,
1518 5707 1614 5779 δέ.

1954 5764 1964 5779 .
2009 5707 2119 5790 xvi,
2171 5707 2311 5780 18(
2339 5707 2386 5756 '3
2419 5707 2543 5794 act.
2583 5707 2639 5794 v,
2659 5707 3304 5794 ⁷13⁷ὸῖ’διἰῖτξωῖίνξ
3315 5707 3416 5783 Τις

150 5779 196 5809 "
224 5776 246 5832 ι
272 5778 407 5835 Cor.
453 5795 528 5843 vr,
568 5780 624 5839 5.
654 5780 723 5839 3..
766 5776 831 5815 "'
856 5776 1055 5842 Ierem.
1084 5803 1170 5853 xv,
1205 5787 1259 5846 8.
1334 5792 1379 5825 ⁹⁹
1408 5776 1605 5850 Matth:

1033 5826 1055 5842 ι.
1084 5803 1170 5853 xv,
1205 5787 1259 5846 8.
1334 5792 1379 5825 ⁹⁹
1408 5776 1983 5859 ιιιίιιίιῖήιιιιιξγ-έᾸΪ-’ί
2012 5776 2314 5852 Miim’f‘vu
2335 5833 2352 5861 ,
2386 5776 2495 5848 5-5.
