3702 6462
356 386 497 446 πετο
1203 384 1263 441 s.
1300 383 1674 441 unmsu
1708 382 1873 456 ξορρ.

2049 383 2096 440 .S
2126 383 2215 441 Ill.
2257 384 2739 444 ~--l"le§GE'l'ICA.
3446 393 3550 447 1580

352 507 731 561 uarirationein
764 503 894 576 legis
940 500 1108 557 Deum
1143 501 1430 557 inhonorae
1453 504 1497 555 '.
1544 500 1610 556 Et
1653 517 1872 558 rursum

2049 518 2220 571 τερον
2238 540 2255 567 ,
2285 502 2506 559 ἑαυτὸν
2542 504 2916 574 κατακρίνεις
2931 522 2946 535 ·
2983 506 3055 562 τὰ
3083 506 3201 578 γὰρ
3222 507 3372 563 αὐτὰ
3398 506 3551 575 πράσ-

354 600 423 654 ln
452 614 554 670 quo
592 597 729 652 enim
748 594 955 665 judicio
983 593 1201 663 judieas
1240 593 1466 648 alterunt
1486 633 1504 660 ,
1536 593 1759 662 teipsum
1795 608 1881 645 ean

2049 610 2151 662 νεις
2174 597 2208 649 ὁ
2238 596 2477 663 κρίνων.
2518 597 2605 660 ὀς
2632 598 2726 650 καὶ
2746 596 2801 651 δι
2826 597 3143 669 παραϐάται
3172 600 3265 653 τοῦ
3294 599 3467 670 Πάσχα
3482 600 3550 654 διὰ

354 689 613 744 demnas:
657 685 838 740 eadem
873 684 1014 739 enim
1054 684 1170 755 agis
1206 684 1298 754 qui
1327 683 1549 751 judicas
1577 682 1620 736 ³.
1668 680 1822 737 Sicut
1867 697 1881 736 ι

2050 687 2119 758 ἧς
2143 687 2504 759 παραϐάσεως
2524 689 2618 743 τοῦ
2639 690 2831 761 Πάσχα
2849 690 2939 745 τὸν
2962 691 3197 764 Χριστὸν
3215 691 3549 763 ἀτιμάζουσιν,

355 794 784 851 transgressores
812 776 1116 842 Paschalis,
1147 792 1245 846 per
1280 774 1564 830 Paschalis
1598 774 1881 844 praevarica

2049 774 2077 834 ὖ
2115 781 2232 833 ἐστι
2259 779 2321 832 τὺ
2346 781 2559 852 Πάσχα.
2625 781 2713 835 Ἑν
2738 773 2783 850 ᾧ
2807 767 2900 835 οὖν
2926 799 3012 846 τις
3042 782 3221 854 κρίνει
3264 781 3354 835 τὸν
3380 781 3549 852 ἕτερον,

354 872 555 927 tionem
590 869 867 925 Christum
911 867 1261 931 inhonorant,
1288 865 1447 936 cujus
1487 874 1571 921 est
1597 864 1828 920 Pascha.
1857 864 1880 919 Ι

2049 871 2113 924 εαὶ
2138 871 2240 942 δρᾷ
2265 872 2333 926 τὰ
2364 874 2524 938 αὐτὰ,
2554 872 2744 925 ἑαυτὸν
2767 873 2943 945 κρίνει
2963 889 2977 902 ·
3000 873 3075 938 ὡς
3100 874 3195 926 καὶ
3220 874 3270 925 oi
3320 872 3410 925 δύο
3443 889 3551 944 πρε-

351 962 591 1035 qualibet
636 961 800 1032 igitur
838 976 921 1024 re,
964 961 1058 1030 qui
1094 958 1261 1013 alium
1304 956 1537 1027 judicat,
1572 955 1881 1025 siquidemi

2049 961 2265 1034 ϐὑτεροι
2284 979 2299 993 ’
2324 963 2606 1035 κρίναντες
2626 963 2735 1036 γὰρ
2760 966 2860 1036 τὴν
2888 965 3174 1018 Σωσάνναν
3188 964 3266 1025 ὡς
3289 963 3551 1033 μοιχαλίδα.

349 1056 584 1126 idipsum
627 1061 879 1124 peragat,
927 1052 1166 1121 seipsum
1214 1049 1457 1119 judicat;
1503 1047 1651 1101 velut
1692 1046 1802 1101 duo
1838 1046 1881 1101 il

2049 1051 2309 1123 κρίθησαν
2332 1052 2482 1117 ὄντες
2505 1053 2660 1106 αὐτοὶ
2682 1056 2861 1125 μοιχοὶ
2888 1055 3028 1108 κατά
3051 1055 3146 1108 τὸν
3185 1054 3464 1109 Μωσαῖκὸν
3488 1053 3555 1106 νό-

347 1162 528 1215 senes,
561 1147 655 1218 qui
695 1161 821 1201 cum
867 1145 936 1200 de
979 1143 1231 1199 Susanna
1273 1141 1430 1213 quasi
1474 1139 1721 1196 adultera
1766 1138 1881 1210 judi

2049 1162 2137 1200 ιον.
2176 1143 2239 1199 '0
2264 1144 2321 1198 δὲ
2342 1144 2541 1217 (apud)
2564 1146 2622 1198 ἐν
2653 1139 2698 1213 ᾧ
2726 1146 2908 1217 μέτρῳ
2943 1147 3247 1217 ἐμέτρησεν
3273 1146 3553 1217 ἀπεμετρή-

345 1240 493 1295 cium
559 1238 807 1293 tulissent
869 1251 1099 1307 eamque
1170 1236 1555 1300 damnassent,
1617 1231 1881 1288 secundm

2049 1256 2082 1309 η
2115 1237 2294 1309 αὐτῷ’
2339 1238 2639 1303 ἀποπνίξας
2669 1237 2776 1309 γάρ
2817 1238 2885 1292 τά
2919 1238 3093 1311 βρέφη
3132 1240 3191 1290 ὲν
3227 1238 3307 1309 τῷ
3334 1236 3552 1308 ποταμῷ,

347 1329 641 1386 Mosaicam
687 1328 895 1400 legem,
931 1328 1183 1383 adulterii
1241 1327 1344 1398 ipsi
1400 1341 1620 1399 quoque
1671 1327 1881 1383 damnat

2049 1330 2108 1384 al
2142 1329 2303 1393 αὐτὸς
2324 1329 2650 1401 ὑποϐρύχιος
2675 1328 2923 1384 ἀπώλετο
2949 1331 3006 1382 ἐν
3027 1333 3093 1402 τῇ
3127 1329 3363 1402 Ἐρυθρᾷ
3387 1329 3553 1384 θαλάσ-

345 1430 493 1478 sunt.
526 1420 741 1476 Pharao
780 1430 962 1476 autem
1002 1422 1056 1476 in
1082 1436 1194 1491 qua
1236 1436 1490 1476 mensura
1524 1434 1754 1475 mensus
1794 1427 1876 1474 est

2049 1438 2103 1492 η.
2132 1417 2199 1475 Oi
2224 1419 2282 1473 δὲ
2314 1420 2609 1492 ἀρχιερεῖς,
2644 1420 3002 1489 φονεύσαντες
3026 1420 3118 1474 τὸν
3139 1421 3410 1493 Ζαχαρίαν
3427 1422 3555 1493 παρά

344 1531 656 1573 remensum
685 1525 771 1571 est
802 1514 907 1585 ipsi
936 1532 951 1569 :
982 1513 1077 1586 qui
1109 1512 1256 1568 enim
1296 1526 1495 1582 pueros
1534 1511 1588 1565 in
1622 1510 1789 1564 ﬂuvio
1815 1510 1881 1565 de

2049 1511 2073 1564 δ
2104 1511 2486 1583 Θυσιαστήριον
2508 1551 2524 1575 ,
2561 1513 2655 1566 καὶ
2686 1512 2837 1565 αὐτοὶ
2870 1512 3127 1565 ὑποκάτω
3166 1511 3262 1565 τοῦ
3295 1511 3555 1582 θυσιαστη-

344 1609 515 1680 mergi
542 1624 607 1664 ac
646 1606 903 1665 suffocari
937 1606 1210 1677 iusserat,
1254 1604 1369 1674 ipse
1410 1618 1628 1674 quoque
1662 1603 1881 1658 submer

2054 1601 2133 1654 ίου
2165 1600 2314 1674 παρά
2343 1601 2450 1654 τῶν
2479 1600 2760 1670 Ῥωμαίων
2785 1601 3101 1671 ἐσφάγησαν
3118 1617 3135 1633 '
3158 1602 3249 1656 ἴνα
3274 1600 3463 1673 μάθῃς,
3487 1601 3555 1653 ὅτι

342 1720 441 1760 sus
467 1704 630 1775 periit
658 1703 713 1757 in
740 1701 877 1757 mari
913 1700 1123 1755 Rubro.
1158 1696 1481 1753 Sacerdotes
1518 1712 1647 1751 vero
1679 1696 1773 1767 qui
1810 1694 1881 1749 Za

2049 1714 2058 1746 ι
2093 1694 2276 1767 μέτρῳ
2293 1711 2378 1757 τις
2410 1696 2619 1765 μετρεῖ,
2646 1693 2820 1765 τούτῳ
2846 1696 2941 1747 καὶ
2970 1696 3375 1765 ἀντιμετρεῖται
3395 1692 3552 1762 αὐτῷ’

340 1795 584 1852 chariam
612 1793 680 1849 ad
704 1793 875 1847 altare
914 1790 1277 1855 trucidarunt,
1302 1789 1404 1859 ipsi
1442 1802 1662 1858 quoque
1700 1787 1804 1842 sub
1836 1785 1881 1841 al

2049 1786 2078 1838 ι’
2097 1778 2172 1839 ὧν
2193 1785 2251 1838 δὲ
2269 1785 2365 1839 καὶ
2386 1802 2470 1848 τις
2487 1785 2809 1856 ἁμαρτάνει,
2832 1785 2924 1839 διά
2942 1786 3146 1840 τούτων
3164 1788 3259 1841 καὶ
3275 1785 3551 1849 κολάζεται.

340 1885 447 1942 tari
470 1900 503 1940 a
536 1881 798 1939 Romanis
824 1879 1055 1951 jugulati
1093 1889 1225 1934 sunt
1290 1897 1303 1932 :
1344 1886 1403 1931 ut
1445 1877 1657 1933 ediscas
1707 1874 1853 1946 quod
1895 1874 1951 1929 in
2008 1888 2115 1945 qua
2159 1889 2415 1930 mensura
2447 1875 2574 1945 quis
2605 1890 2828 1931 mensus
2875 1875 3065 1943 fuerit,
3095 1876 3149 1930 in
3182 1875 3371 1932 eadem
3402 1891 3555 1932 reme-

340 1978 504 2034 tietur
527 1976 613 2044 ei;
644 1985 699 2031 et
725 1989 821 2045 per
861 1989 983 2045 qua:
1023 1972 1146 2043 quis
1191 1972 1527 2044 peccaverit,
1555 1987 1653 2043 per
1708 1971 1823 2026 haec
1861 1979 1915 2025 et
1953 1969 2227 2040 punietur.

974 2070 1273 2134 Athanasii,

2517 2068 2630 2139 (t8)
2672 2070 3056 2135 'Aearaotov,

2285 2159 2425 2226 Περὶ
2457 2157 2576 2211 τῶν
2599 2158 2911 2228 ἀχράντων
2930 2174 3302 2228 μυστγιριων.

2074 2247 2171 2316 Μὴ
2195 2248 2330 2303 δότε
2349 2251 2423 2304 τὰ
2471 2249 2607 2321 ἅγια
2649 2249 2775 2317 τοῖς
2799 2250 2942 2304 κυσί
2965 2292 2981 2317 ,
2999 2248 3158 2319 μηδὲ
3188 2248 3414 2313 βάλετε
3438 2249 3554 2316 τοὺς

1998 2341 2365 2409 μαργαρίτας
2392 2340 2560 2411 ὑμῶν
2581 2343 2919 2412 ἔμπροσθεν
2943 2341 3061 2396 τῶν
3084 2341 3308 2411 χοίρων
3325 2381 3340 2405 ,
3365 2341 3511 2411 φησὶν
3530 2341 3555 2392 6

2004 2429 2252 2500 Χριστός.
2292 2430 2401 2484 Καὶ
2437 2431 2548 2504 γὰρ
2578 2429 2737 2485 τοῦτο
2766 2431 2996 2504 κρίσεώς
3022 2433 3171 2484 ἐστιν
3201 2431 3390 2503 ὀρθῆς.
3438 2431 3555 2485 Οὔτε

2002 2518 2059 2571 δὲ
2088 2519 2287 2590 ἔφησεν
2323 2522 2352 2574 ὁ
2383 2520 2587 2593 Κύριος
2632 2522 3007 2595 ἀδιορίστωςῆ
3058 2524 3226 2594 χωρὶς
3260 2522 3554 2593 διαστολῆςο

2001 2610 2131 2663 Δότε
2162 2611 2231 2663 τὰ
2256 2612 2387 2680 ἅγια
2410 2612 2505 2666 καὶ
2528 2614 2655 2676 τοὺς
2680 2614 3021 2686 μαργαρίτας
3046 2617 3158 2677 τοῖς
3186 2616 3354 2668 πᾶσιν
3373 2632 3386 2643 ·
3418 2614 3555 2667 ἀλλά*

1999 2701 2097 2770 Μὴ
2130 2701 2263 2755 δότε
2286 2702 2359 2756 τὰ
2388 2702 2527 2773 ἅγια
2552 2701 2676 2769 τοῖς
2700 2703 2876 2767 κυσὶ,
2916 2707 3030 2767 τοῖς
3063 2707 3255 2769 κακοῖς
3294 2704 3555 2776 ἐργάταις,

1998 2792 2246 2861 λέγοντος
2264 2791 2356 2846 τοῦ
2383 2794 2704 2848 ’Δποστόλου
2723 2812 2738 2825 ο
2761 2794 3021 2848 Βλέπετε
3040 2794 3183 2861 τοὺς
3202 2797 3415 2862 κύνας,
3436 2797 3544 2861 ,ϐλέ

1998 2903 2139 2941 πετο
2158 2886 2298 2953 τοὺς
2325 2887 2546 2953 κακοὺς
2570 2887 2841 2958 ἐργάτας,
2863 2889 3127 2952 ,βλέπετε
3145 2889 3289 2957 τοὺς
3314 2897 3557 2961 χοίρους,

1996 2978 2190 3042 οἵτινές
2215 2980 2354 3032 εἰσιν
2385 2980 2435 3032 oi
2472 2978 2776 3032 ἀκόλαστοι.
2823 2978 2948 3042 Τοῖς
2973 2979 3029 3033 δὲ
3058 2979 3265 3051 χοίροις
3292 2981 3556 3054 παραϐάλ-

1996 3068 2177 3123 λονται
2202 3070 2252 3122 οῖ
2282 3069 2573 3122 ἀκόλαστοι
2603 3069 2703 3121 οὐκ
2734 3068 3070 3134 ἀπεικότως,
3100 3070 3218 3123 ἀλλ’
3239 3071 3456 3135 οἰκείως
3478 3073 3557 3125 καὶ

1996 3158 2397 3231 προσηκόντως.
2420 3159 2590 3212 Ὥσπε
2598 3176 2631 3230 ρ
2651 3163 2761 3229 γὰρ
2780 3162 2871 3211 τὸν
2895 3161 3075 3230 χοῖρον
3095 3160 3189 3213 ἐάν
3210 3177 3297 3224 τις
3325 3161 3549 3215 ἀποσπά-

1997 3266 2066 3324 σῃ
2093 3249 2188 3305 τοῦ
2214 3250 2497 3323 βορϐόρου,
2523 3252 2618 3304 καὶ
2645 3248 2853 3320 νομίζει
2877 3249 3211 3321 ζημιοῦσθαι
3236 3265 3254 3282 ⁸
3295 3252 3438 3307 οὕτω
3479 3253 3557 3307 καὶ

1993 3342 2084 3396 τὸν
2120 3342 2415 3397 ἀκόλαστον
2442 3344 2536 3398 ὲάν
2568 3362 2651 3408 τις
2679 3343 2995 3416 ἀποστρέψῃ
3017 3343 3126 3396 ἀπὸ
3164 3343 3263 3399 τοῦ
3312 3343 3561 3417 βορϐόρου

1990 3434 2090 3505 τῆς
2104 3435 2315 3507 ἡδονῆς,
2332 3434 2602 3504 λογίζεται
2616 3436 2709 3489 τὸν
2726 3434 3157 3506 συμϐουλεύοντα
3177 3436 3277 3509 τὴν
3295 3438 3565 3508 σωφροσύ-

1991 3543 2089 3597 νην
2117 3521 2252 3579 εἷναι
2285 3525 2496 3597 ἐχθρὸν,
2530 3527 2674 3598 ἤπερ
2694 3527 2865 3596 φίλον.
2907 3525 2999 3598 Μὴ
3026 3526 3285 3598 βάλωμεν
3320 3525 3413 3583 οὖν
3448 3531 3564 3593 τοὺς

1995 3616 2334 3689 μαργαρίτας
2361 3617 2515 3687 ἡμῶν
2543 3618 2653 3670 τῶν
2687 3618 2970 3689 ἀχράντων
2994 3618 3314 3689 μυστηρίων
3333 3618 3565 3690 ἔμπροσ-

1991 3706 2083 3760 θεν
2112 3706 2221 3759 τῶν
2241 3707 2609 3779 χοιροτρόπων
2624 3708 2945 3781 ἀνθρώπων.
2965 3708 3130 3762 Ἀλλά
3167 3725 3326 3778 φησι·
3350 3710 3565 3763 Θέλουσι

1994 3799 2428 3869 μεταλαμϐάνειν
2453 3799 2561 3853 τῶν
2592 3801 2759 3869 ἁγίων
2779 3819 2793 3829 ·
2827 3801 2920 3854 καί
2959 3803 3066 3854 είσι
3118 3800 3283 3866 κύνες
3312 3802 3564 3869 ἀναιδεζ,

1989 3888 2086 3940 καὶ
2103 3890 2276 3959 χοῖροι
2292 3889 2604 3958 ὲγκαλινδού
2612 3907 2761 3961 μενοι
2782 3893 2847 3962 τῇ
2871 3891 3052 3965 ἡδονῇ.
3068 3890 3233 3944 Ἀλλά
3250 3893 3317 3945 σὺ
3348 3894 3426 3964 μὴ
3444 3893 3565 3963 δῷς.

1987 3980 2099 4032 Καὶ
2120 3980 2231 4053 γὰρ
2259 3983 2308 4036 oi
2333 3982 2613 4047 νοσοῦντες
2637 3982 2828 4046 ὓδατος
2858 3983 3238 4054 ἐπιθυμοῦσιν·
3269 3984 3390 4037 ἀλλ’
3425 3988 3476 4039 oi
3502 3986 3570 4037 ία-

1987 4073 2107 4144 τροὶ
2146 4074 2246 4126 οὐκ
2274 4073 2634 4145 ἐπιτρέπουσι
2654 4089 2669 4103 ’
2701 4074 2793 4127 καὶ
2819 4074 2869 4125 oi
2914 4072 3169 4144 τύραννοι
3210 4073 3445 4126 ποθοῦσι
3474 4075 3568 4145 τὴν

1986 4162 2267 4234 βασιλικὴν
2301 4165 2622 4236 πορφύραψ
2669 4166 2784 4218 ἀλλ’
2817 4168 2864 4218 οῖ
2898 4165 3268 4235 φυλάσσοντες
3304 4166 3483 4238 αὐτὴν
3508 4166 3566 4219 οὗ

1983 4251 2313 4323 παρέχουσιν
2352 4252 2695 4325 ὑφορώμενοι
2726 4254 2818 4307 τὸν
2846 4253 3110 4309 κίνδυνον.
3144 4255 3323 4309 Βλέπε
3353 4253 3454 4311 οὖν
3480 4256 3568 4312 καὶ

310 4346 460 4417 poris
500 4348 781 4416 praebeas;
828 4363 895 4401 ne
937 4348 1134 4403 rationi
1178 4349 1479 4415 reddendae,
1529 4363 1640 4403 non
1686 4363 1881 4404 secun-

2053 4384 2070 4409 ,
2095 4343 2326 4406 διάκονε,
2359 4343 2433 4415 μὴ
2463 4344 2703 4410 ἀναξίοις
2727 4343 2997 4415 ὲπιδώσῃς
3025 4344 3125 4415 τὴν
3157 4346 3458 4419 πορφύραν
3477 4344 3566 4399 τοῦ

309 4440 438 4492 dum
474 4436 747 4494 Romanas
783 4438 949 4509 leges,
979 4438 1073 4494 sed
1103 4440 1401 4495 secundum
1445 4439 1663 4494 Domini
1695 4440 1838 4494 dicta
1863 4479 1879 4504 ,

2049 4435 2361 4504 αμαρτήτου
2387 4432 2636 4505 σώματος
2656 4453 2670 4464 ·
2696 4435 2780 4487 ἶνα
2806 4434 2880 4505 μὴ
2901 4434 3167 4505 εὐθυνθῇς
3182 4436 3245 4488 οὐ
3273 4437 3428 4491 κατά
3447 4439 3568 4499 τοὺς

307 4528 577 4583 obnoxius
618 4529 716 4583 sis.
760 4526 963 4590 Nolite,
1007 4529 1193 4599 igitur,
1224 4537 1411 4583 sancta
1458 4529 1588 4583 dare
1632 4529 1874 4593 canibus,

2050 4524 2326 4591 ωμαῖκοὺς
2349 4522 2563 4592 νόμους,
2589 4522 2723 4576 ἀλλά
2757 4523 2896 4575 κατὰ
2920 4522 3047 4586 τοὺς
3078 4522 3455 4588 δεσποτικοὺς
3486 4526 3567 4577 λό-

308 4634 468 4688 neque
505 4620 730 4673 mittatis
773 4620 1093 4690 margaritas
1138 4628 1339 4673 vestras
1392 4629 1513 4674 ante
1554 4636 1761 4688 porcos,
1813 4637 1878 4673 ne

2049 4629 2128 4676 υς.
2161 4613 2258 4680 Μὴ
2291 4612 2426 4665 δότε
2460 4608 2553 4665 οὖν
2582 4613 2654 4666 τὰ
2690 4613 2829 4681 ἅγια
2883 4611 3009 4678 τοῖς
3053 4611 3225 4678 κυσὶ,
3257 4613 3427 4682 μηδὲ
3452 4614 3567 4678 ,βά-

307 4709 441 4779 forte
489 4710 791 4765 conculcent
850 4726 940 4764 eas
988 4710 1204 4781 pedibus
1250 4713 1395 4776 suis,
1452 4712 1873 4767 inconsideratis

2049 4728 2121 4779 γτε
2148 4710 2292 4790 tota:
2309 4713 2674 4781 μαργαρίτας
2699 4710 2866 4781 ὑμῶν
2903 4712 3248 4781 ἔμπροσθεν
3288 4713 3420 4767 τῶν
3447 4714 3569 4783 χοί-

306 4800 510 4855 scilicet
536 4801 969 4871 cogitationibus,
1010 4811 1061 4855 et
1092 4803 1324 4856 conversi
1352 4803 1658 4872 dirumpunt
1706 4819 1792 4857 vos
1825 4804 1869 4870 ⁸,

2049 4819 2115 4865 ιν,
2145 4801 2379 4872 μήποτε
2411 4803 2918 4871 καταπατήσωσιν
2949 4804 3176 4870 αὐτοὺς
3208 4805 3344 4873 τοῖς
3379 4806 3571 4860 ποσὶν

304 4893 599 4948 schismata
634 4894 978 4963 haresesque
1008 4892 1289 4950 facientes.

2049 4895 2197 4962 τῶν,
2226 4900 2340 4961 τοῖς
2373 4897 2680 4967 ἀλογίστοις
2710 4896 2988 4967 λογισμοῖς
3009 4934 3024 4959 ,
3058 4898 3158 4951 καὶ
3183 4901 3567 4970 στραφέντες

1959 4986 2233 5056 ῥήξωσιν
2266 4987 2456 5057 ὑμᾶς,
2498 4989 2819 5059 ποιήσαντες
2855 4986 3128 5057 σχίσματα
3162 4989 3262 5042 καὶ
3294 4992 3566 5064 αἱρέσεις.

674 2159 753 2216 De
787 2158 1230 2216 incontaminatis
1273 2159 1565 2229 mysteriis.

411 2252 592 2308 Nolite
616 2260 801 2306 sancta
834 2250 965 2303 dare
986 2229 1224 2317 canibus,
1248 2266 1408 2319 neque
1432 2248 1662 2304 mittatis
1689 2264 1904 2319 marga-

336 2346 471 2399 ritas
516 2352 716 2398 vestras
764 2350 886 2395 ante
932 2357 1140 2412 porcos,
1183 2341 1262 2396 ait
1305 2340 1557 2396 Christus
1577 2340 1620 2396 ⁸.
1670 2339 1728 2395 Id
1772 2355 1906 2397 sane

336 2434 469 2490 recti
493 2433 683 2505 judieii
710 2443 814 2488 est.
852 2429 1039 2502 Neque
1075 2431 1222 2486 enim
1266 2430 1530 2487 Dominus
1569 2430 1902 2488 indiscrimi-

337 2524 508 2579 natim
540 2539 605 2578 ac
654 2523 771 2577 sine
818 2522 1170 2578 distinctione
1213 2521 1386 2576 dixit:
1432 2520 1566 2577 Date
1617 2529 1807 2578 sancta
1849 2530 1904 2577 et

335 2614 657 2686 margaritas
676 2613 931 2670 omnibus
956 2631 972 2681 ;
1001 2613 1095 2669 sed
1115 2653 1131 2679 ,
1168 2611 1351 2667 Nolite
1375 2612 1502 2667 dare
1532 2625 1718 2669 sancta
1756 2615 1902 2668 cani-

333 2706 453 2771 bus,
486 2705 538 2760 id
567 2714 651 2761 est
682 2706 840 2760 malis
875 2706 1178 2776 operariis,
1218 2704 1430 2761 dicente
1464 2704 1764 2775 Apostolo:
1805 2705 1900 2759 Vi-

333 2795 452 2851 dete
494 2812 667 2861 canes,
694 2796 859 2850 videte
891 2796 1061 2849 malos
1090 2797 1388 2865 operarios,
1419 2796 1590 2851 videte
1618 2813 1805 2867 porcos
1833 2799 1854 2829 '
1879 2815 1895 2863 ;

331 2899 443 2956 quo
470 2876 842 2955 signiﬁcantur
875 2885 1150 2940 libidinosi
1185 2886 1453 2941 homines.
1491 2884 1677 2957 Neque
1709 2888 1807 2943 abs
1843 2905 1899 2943 re

331 2991 483 3045 sane,
530 2976 625 3032 sed
672 2976 962 3031 admodum
1005 2983 1364 3048 congruenter
1394 2978 1575 3048 porcis
1621 2977 1897 3034 libidinosi

329 3076 733 3137 comparantur.
769 3066 1237 3133 Quemadmodum
1267 3066 1413 3120 enim
1446 3067 1495 3121 si
1522 3066 1646 3136 quis
1671 3081 1894 3136 porcum

329 3174 397 3213 ex
427 3173 584 3215 caeno
615 3159 880 3226 eduxerit,
914 3159 967 3213 id
994 3159 1097 3214 sibi
1131 3173 1330 3228 porcus
1356 3158 1560 3212 damno
1591 3172 1711 3214 esse
1746 3157 1895 3211 arbi-

329 3258 539 3315 tratur;
563 3249 636 3304 ita
667 3249 714 3305 si
743 3250 869 3320 quis
908 3249 1261 3304 libidinosum
1291 3263 1358 3302 ex
1403 3262 1564 3303 emno
1600 3246 1895 3317 voluptatis

328 3348 553 3405 avertat,
604 3340 654 3395 is
700 3340 1067 3410 temperantiae
1111 3339 1488 3394 consiliarium
1540 3353 1648 3394 non
1698 3339 1890 3401 amici,

329 3431 423 3487 sed
452 3431 749 3486 adversarii
779 3406 901 3486 loco
933 3430 1113 3486 habet.
1148 3430 1227 3486 Ne
1260 3430 1612 3501 projiciamus
1634 3445 1764 3501 ergo
1792 3446 1891 3484 no-
1917 3406 1960 3462 δ

328 3531 469 3578 stras
513 3522 1067 3579 incontaminatorum
1117 3524 1497 3594 mysteriorum
1568 3524 1891 3595 margaritas

325 3623 451 3669 ante
493 3613 742 3670 homines
786 3616 965 3685 porcis
1009 3615 1233 3671 similes.
1280 3616 1349 3669 At
1387 3614 1530 3670 dicet
1567 3615 1838 3686 quispiam
1872 3632 1885 3668 :

324 3708 616 3763 Sacrorum
652 3707 942 3777 participes
990 3721 1112 3761 esse
1164 3706 1384 3772 volunt,
1430 3714 1485 3761 et
1532 3713 1660 3762 sunt
1707 3714 1891 3760 tamen

320 3812 487 3853 canes
511 3797 874 3865 impudentes,
901 3805 955 3850 et
984 3796 1136 3866 porci
1178 3795 1406 3850 volutati
1448 3796 1506 3851 in
1548 3811 1707 3852 coeno
1732 3798 1890 3851 volu—

319 3887 521 3957 ptatis:
579 3895 639 3941 tu
698 3901 828 3941 vero
878 3901 947 3940 ne
987 3886 1223 3941 dederis.
1289 3885 1425 3940 Nam
1489 3886 1619 3958 aegri
1675 3902 1890 3957 quoque

318 3995 517 4050 aquam
538 3979 837 4050 postulant,
862 3981 954 4032 sed
979 3976 1174 4032 medici
1199 3986 1416 4046 vetant;
1446 3978 1665 4050 tyranni
1686 3980 1888 4050 regiam

315 4087 610 4143 purpuram
646 4081 925 4140 expetunt,
960 4073 1053 4127 sed
1083 4072 1227 4127 illius
1272 4071 1546 4137 custodes,
1580 4071 1884 4141 periculum

316 4164 679 4233 suspicantes,
711 4179 820 4218 non
850 4166 1176 4220 concedunt.
1208 4163 1337 4217 Vide
1364 4179 1494 4235 ergo
1527 4174 1587 4219 tu
1625 4178 1843 4235 quoque
1867 4203 1883 4226 ,

314 4255 571 4321 diacone,
604 4272 673 4311 ne
713 4257 950 4328 indignis
994 4273 1293 4327 purpuram
1341 4258 1710 4327 impeccabilis
1761 4273 1885 4313 cor-

740 5073 1023 5128 Athanasii
1055 5074 1427 5142 Alexandrini,

790 5166 866 5221 De
897 5166 1049 5221 falsis
1078 5165 1377 5235 prophetis.

369 5258 456 5312 Ait
496 5258 804 5314 Dominus:
855 5257 1123 5312 Attendite
1168 5276 1201 5311 a
1238 5258 1394 5327 falsis
1436 5257 1718 5327 prophetis,
1767 5260 1858 5327 qui

298 5352 501 5403 ueniunt
529 5350 598 5403 ad
622 5366 709 5405 vos
735 5351 794 5404 in
822 5352 1127 5404 vestimento
1163 5351 1369 5414 ovium,
1400 5350 1715 5403 intrinsecus
1761 5367 1856 5404 au-

299 5447 398 5489 tem
429 5449 548 5490 sunt
581 5439 694 5507 lupi
721 5455 935 5509 rapaces
959 5456 978 5494 :
1018 5456 1053 5494 a
1084 5438 1343 5510 fructibus
1371 5455 1553 5494 eorum
1583 5456 1857 5510 cognosce-

2220 5079 2329 5149 (19)
2373 5078 2726 5134 Ἀθανασίου
2768 5076 3254 5147 Ἀλεξανδρείας,

2400 5168 2540 5237 Περὶ
2569 5165 3103 5235 ψευδοπροφητῶν.

2032 5253 2217 5312 Elter
2259 5261 2291 5311 ό
2320 5259 2536 5327 Κύριος
2555 5275 2568 5287 ·
2606 5255 2943 5325 Προσέχετε
2981 5258 3102 5312 ἀπὸ
3158 5258 3287 5312 τῶν
3332 5257 3564 5328 ψευδο-

1960 5346 2277 5416 προφητῶν
2299 5387 2314 5410 ,
2364 5350 2580 5413 οἵτινες
2606 5347 2881 5417 ἔρχονται
2904 5348 3055 5415 πρὸς
3084 5348 3261 5418 ὑμᾶς
3278 5350 3359 5404 ἐν
3385 5348 3570 5403 ὲνδύ·

1954 5452 2094 5510 ματι
2119 5438 2447 5509 προϐάτου,
2494 5440 2739 5494 ἔνδοθεν
2761 5439 2830 5494 δέ
2853 5443 2974 5495 εισι
3015 5443 3202 5498 λύκοι
3250 5443 3569 5516 ἅρπαγας

384 5620 405 5649 ²
437 5616 595 5671 Rom.
638 5632 714 5684 ιι,
754 5618 936 5678 21-25.
1011 5622 1032 5654 ³
1064 5621 1196 5709 ibid.
1240 5637 1279 5675 ι.
1353 5621 1598 5680 δΜαιιίι.
1638 5640 1736 5684 vn.
1767 5624 1820 5679 ϐ.

2049 5626 2188 5697 ,ιίρμ
2220 5640 2301 5688 ιιι,
2331 5625 2385 5679 2.
2485 5624 2505 5655 ⁸
2530 5621 2723 5676 Matth.
2753 5637 2851 5684 vn,
2878 5621 2929 5674 6.

365 5774 474 5847 (18)
501 5774 579 5829 Ex
601 5774 789 5832 codice
816 5775 947 5848 Reg.
982 5778 1137 5849 i995,
1170 5796 1206 5837 ι
1238 5782 1441 5840 saeculi.

2042 5781 2324 5855 (l9)‘Edit.
2367 5782 2566 5839 Athan.
2595 5797 2650 5854 p.
2689 5764 2845 5846 1026,
2885 5795 2952 5837 ex
2983 5780 3181 5841 codice
3218 5783 3571 5842 Barociazzoo
