3702 6430
193 282 298 344 nu

1270 280 1701 342 FRAGMENTA
1739 281 1806 337 ΙΝ
1847 280 2291 340 ΜΑΤΤΗιΕυΜ.

3269 290 3409 350 1582

188 396 286 452 ἀπὸ
326 398 437 450 τῶν
481 395 727 465 καρπῶν
772 395 973 452 αὐτῶν
1024 397 1433 469 ἐπιγνώσεσθε
1474 398 1650 456 αὐτοι

1945 414 2016 453 eos
2047 400 2090 454 ⁷.
2126 398 2185 455 Si
2218 399 2404 470 itaque
2433 401 2744 472 quempiam
2774 378 3000 468 videris,
3032 417 3066 458 ο
3097 401 3287 470 frater,
3311 408 3407 477 qui

199 483 304 538 Ἐὰν
329 479 414 537 οὖν
441 500 564 537 τινα
592 482 708 557 ἴδῃς
736 525 751 550 ,
782 484 979 555 άδελφὲ
1002 524 1018 550 ,
1048 487 1130 540 ὅτι
1162 486 1278 559 ἔχει
1320 489 1506 560 σχῆμα
1536 506 1728 562 σεμνο-

187 580 363 654 πρεπὲς
382 617 400 643 ,
437 578 513 651 μὴ
551 577 800 652 πρόσχῃς
823 616 838 643 ,
877 578 961 632 ὅτι
990 578 1263 635 ὲνδέδυται
1305 579 1498 634 κώδιον
1525 580 1731 654 προϐά-

188 692 283 739 του,
301 674 372 728 ὅτι
397 673 568 744 ὄνομα
589 672 703 744 ἔχει
730 672 1123 745 πρεσϐυτέρου,
1152 673 1188 745 ἢ
1220 675 1538 742 ἐπισκόπου,
1562 675 1596 747 ἢ
1625 675 1732 728 δια-

187 765 353 831 κόνου,
391 763 424 834 ἢ
451 762 693 835 ἀσκητοῦ
713 779 728 795 ο
762 762 895 817 ἀλλὰ
930 762 1028 827 τὰς
1056 762 1283 836 πράξεις
1313 764 1478 819 αὑτοῦ
1508 763 1730 837 περιέρ-

188 871 353 925 γασαι·
385 855 435 909 εί
456 854 573 909 ἔστι
595 854 849 928 σώφρων,
872 857 920 910 εί
944 856 1061 910 ἐστι
1086 856 1380 926 φιλόξενος,
1404 858 1438 929 ἢ
1461 858 1584 929 ὲλεή
1593 874 1728 929 μων,

186 947 214 1017 ἢ
239 946 592 1017 ἀγαπητικὸς,
626 945 660 1017 ἢ
691 946 749 1001 ὲν
777 950 1113 1018 προσευχαῖς
1141 948 1468 1020 καρτερικὸς
1490 987 1505 1013 ,
1532 948 1565 1020 ἢ
1602 948 1733 1002 ὑπο-

188 1036 470 1109 μονητικός·
507 1038 557 1091 εί
591 1035 704 1107 ἔχει
751 1035 958 1090 κοιλίαν
1010 1035 1164 1101 θεὸν,
1213 1037 1307 1093 καίΙ
1353 1037 1443 1091 τὸν
1475 1037 1731 1110 φάρυγγα

185 1129 299 1201 ᾅδην
317 1169 332 1194 ,
360 1128 530 1183 νοσῶν
575 1129 832 1200 χρήματα
855 1166 871 1191 ,
902 1126 998 1182 καὶ
1053 1127 1377 1199 καπηλεύων
1422 1129 1523 1200 τὴν
1553 1128 1733 1183 θεοσέ-

184 1222 335 1285 ϐειαν,
368 1220 502 1290 ἄφες
530 1219 712 1273 αὐτόν.
747 1220 820 1273 Οὐ
856 1219 965 1291 γάρ
997 1219 1113 1275 ἐστι
1146 1220 1351 1292 ποιμὴν
1384 1222 1735 1292 ἐπιστημονι-

181 1314 293 1379 κδς,
317 1312 445 1366 ἀλλὰ
469 1311 632 1376 λύκος
660 1312 1023 1385 άρπακτικός.
1098 1312 1163 1366 Ei
1189 1312 1247 1366 δὲ
1272 1306 1422 1376 οἶδας
1449 1313 1518 1366 τὰ
1543 1312 1733 1387 δένδρα

180 1403 468 1476 δοκιμάζειν
502 1402 609 1457 ἀπὸ
639 1401 747 1458 τῶν
767 1403 995 1475 καρπῶν
1014 1443 1029 1469 ,
1056 1403 1185 1457 ποῖά
1217 1406 1333 1458 ἐστι
1360 1407 1426 1477 τῇ
1459 1404 1638 1475 φύσει,
1664 1407 1730 1477 τῇ

180 1497 362 1568 γεύσει,
393 1499 463 1569 τῇ
496 1496 712 1568 πιότητι
732 1514 746 1530 ⁸
802 1496 980 1569 πολλῷ
1029 1497 1229 1569 μᾶλλον
1270 1497 1379 1553 ἀπὸ
1419 1498 1529 1552 τῶν
1557 1497 1733 1569 ἔργων

179 1588 389 1659 ὀφείλεις
415 1584 731 1658 δοκιμάζειν
769 1588 896 1652 τοὺς
918 1586 1388 1659 χριστεμπόρουςο
1421 1590 1525 1653 ὅτι,
1544 1587 1735 1668 φέρον-

177 1698 259 1745 τες
281 1680 547 1752 φημάριον
565 1676 871 1746 εὐλαϐείας,
893 1677 1069 1750 ψυχὴν
1092 1678 1385 1752 κέκτηνται
1400 1679 1730 1753 διαϐολικήν.

179 1774 237 1830 El
331 1746 550 1827 καίἀώ
574 1768 823 1825 ἀκανθῶν
842 1746 918 1822 οὐ*
929 1746 1208 1840 συλλέγεις
1235 1746 1530 1841 σταφυλὰς,
1560 1772 1593 1843 ἢ
1624 1746 1734 1826 ἀπὸ
1762 1746 1807 1805 Β

178 1863 418 1938 τριϐόλων
449 1862 609 1928 σῦκα,
631 1861 684 1916 τί
715 1861 1135 1934 ὑπολαμϐάνεις,
1164 1864 1245 1916 ὅτι
1270 1863 1378 1917 ἀπὸ
1401 1864 1735 1935 παραϐατῶν

175 1955 307 2028 ἔχεις
336 1973 385 2010 τι
417 1954 622 2024 ἀγαθὸν
654 1951 883 2007 ἀκοῦσαι
906 1991 921 2017 ,
953 1952 986 2025 ἢ
1011 1952 1119 2006 άπὸ
1144 1955 1420 2026 προδοτῶν
1462 1954 1651 2026 μαθεῖν
1679 1974 1733 2010 τι

174 2049 453 2121 χρήσιμον;
499 2045 770 2110 Ἐκείνους
812 2045 992 2100 τοίνυν
1023 2046 1367 2118 ἀποστρέφου
1415 2047 1491 2111 ὡς
1538 2047 1734 2113 λύκους

186 2140 493 2213 Ἀραϐικοὺς
517 2179 534 2206 ,
562 2139 657 2193 καὶ⁹
687 2137 929 2203 ἀκάνθας
962 2138 1245 2211 παρακοῆς
1270 2180 1285 2206 ,
1332 2140 1426 2194 καὶ
1454 2140 1735 2212 τριϐόλους

173 2232 545 2304 ἀδικημάτων,
575 2231 669 2285 καὶ¹
701 2229 894 2304 δένδρα
920 2230 1151 2302 πονηρά.
1197 2231 1322 2285 Ἐάν
1348 2232 1464 2305 ἴδῃς
1494 2233 1730 2300 συνετὸν,

174 2322 306 2378 κατὰ
322 2323 417 2395 τὴν
438 2340 500 2376 συ
507 2321 906 2394 μϐουλεύουσαν
926 2322 1148 2393 Σοφίαν,
1165 2321 1381 2395 ὅρθριζε
1404 2324 1540 2395 πρὸς
1554 2324 1732 2391 αὑτὸν,

174 2415 261 2469 καὶ
290 2413 559 2485 σταθμοὺς
605 2412 785 2486 θυρῶν
830 2412 997 2467 αὐτοῦ
1048 2412 1348 2485 ὲκτριϐέτω
1377 2414 1406 2467 ὁ
1442 2413 1577 2479 ποῦς
1617 2431 1734 2483 σου,

174 2506 254 2560 ῐνα
283 2506 408 2579 παρ’
451 2504 619 2559 αὐτοῦ
651 2503 907 2577 διδαχθῇς
945 2504 1110 2575 νόμου
1146 2508 1612 2579 σκιαγραφήματα
1643 2508 1738 2562 καὶ

172 2599 399 2672 χαρίτων
420 2598 743 2670 δωρήματα.
769 2595 907 2651 Οὔτε
930 2596 987 2651 δὲ
1012 2596 1169 2667 λόγος
1199 2598 1529 2667 σοφιστικὸς,
1559 2599 1593 2671 ἦ
1617 2601 1740 2671 σχῆ-

171 2708 243 2761 μα
261 2688 570 2745 ὲπιθετικδν
590 2689 900 2758 εἰσάγουσιν
925 2689 1005 2752 είς
1028 2688 1126 2761 τὴν
1149 2689 1423 2760 βασιλείαν
1448 2690 1557 2744 τῶν
1577 2691 1740 2761 ούρα-

166 2786 298 2851 νῶν,
350 2783 486 2839 ἀλλὰ
524 2783 708 2847 πίστις
738 2782 920 2837 τελεία
952 2782 1047 2836 καὶ
1092 2782 1421 2855 ἀπερίεργος
1472 2782 1610 2854 μετὰ
1640 2782 1740 2853 τῆς

165 2877 413 2950 ἐναρέτου
449 2877 544 2930 καὶ
569 2875 986 2948 διαλαμπούσης
1023 2874 1301 2947 προνοίας.

516 2987 629 3060 (20)
665 2987 776 3042 Τοῦ
806 2987 979 3058 ἁγίου
1020 2987 1388 3042 Ἁθανασίου.

1831 489 1905 545 sit
1930 489 2163 546 honesto
2209 490 2434 547 indutus
2474 495 2827 563 vestimento,
2884 508 2953 550 ne
3003 496 3253 552 attendas
3282 498 3405 568 ipsi,

1830 582 2041 638 etiamsi
2089 583 2208 638 ovis
2245 582 2383 654 pelle
2422 585 2649 642 vestitus
2692 586 2799 654 sit,
2836 596 2891 643 et
2923 589 3258 661 presbyteri,
3288 589 3410 659 epi-

1831 674 2013 744 scopi,
2040 674 2256 731 diaconi
2291 676 2375 732 vel
2405 689 2602 733 aseeta:
2632 694 2829 735 nomen
2879 681 3113 737 habeat:
3159 682 3255 739 sed
3288 682 3409 753 ejus

1832 780 1996 834 opera
2022 767 2335 823 accuratius
2376 770 2682 838 perpendas
2702 811 2718 835 ,
2750 786 2820 825 an
2863 771 2934 828 sit
2975 781 3304 844 temperans,
3336 788 3408 829 an

1832 856 2139 927 hospitalis,
2172 874 2243 914 an
2269 859 2601 927 misericors,
2645 876 2713 915 an
2736 862 3058 919 charitatem
3090 864 3310 929 habeat,
3336 878 3408 919 an

1832 958 2143 1019 perseveret
2179 952 2236 1005 in
2268 952 2631 1020 orationibus,
2665 967 2736 1007 an
2768 953 2839 1008 sit
2862 955 3096 1024 patiens.
3144 952 3203 1009 Si
3245 954 3410 1010 deum

1835 1049 2080 1096 ventrem
2138 1041 2359 1109 habeat,
2391 1050 2446 1098 et
2486 1052 2674 1115 guttur
2722 1042 3027 1113 infernum,
3091 1047 3408 1112 divitiarum

1833 1131 2029 1187 morbo
2063 1132 2340 1199 laborans,
2368 1134 2622 1206 pietatem
2655 1152 2756 1207 pro
2794 1147 3006 1209 quaestu
3051 1137 3289 1205 habens,
3323 1139 3409 1195 di-

1833 1224 1987 1279 mitte
2012 1224 2201 1294 illum;
2234 1241 2344 1281 non
2376 1234 2459 1283 est
2487 1228 2633 1283 enim
2657 1238 2846 1300 pastor
2872 1231 3099 1302 peritus,
3128 1233 3221 1288 sed
3244 1233 3409 1304 lupus

1834 1329 2024 1384 rapax.
2060 1314 2118 1371 Si
2164 1327 2345 1372 autem
2402 1319 2546 1374 nosti
2593 1321 2820 1377 arbores
2857 1337 2924 1378 ex
2962 1322 3229 1380 fructibus
3277 1341 3408 1396 pro-

1833 1404 1985 1470 bare,
2025 1422 2276 1477 quamam
2316 1408 2526 1465 scilicet
2552 1411 2661 1466 sint
2694 1422 2888 1468 natura
2907 1453 2923 1476 ,
2950 1422 3113 1485 gustu
3134 1454 3149 1480 ,
3177 1415 3408 1488 pingue-

1834 1496 1993 1565 dine;
2044 1498 2216 1554 multo
2255 1499 2430 1570 magis
2473 1515 2542 1555 ex
2589 1503 2846 1572 operibus
2884 1506 3191 1575 perieulum
3229 1506 3411 1564 facere

1834 1586 2002 1643 debes
2038 1601 2251 1655 eorum,
2299 1591 2395 1659 qui
2445 1590 2665 1648 Christo
2713 1593 2780 1649 ad
2825 1603 3096 1664 quantum
3141 1605 3408 1667 utuntur;

1834 1680 1987 1750 quia,
2021 1680 2153 1735 dum
2193 1681 2433 1752 aliquam
2478 1686 2782 1740 sanctitatis
2828 1686 3030 1742 famam
3079 1688 3409 1759 praeferunt,

1835 1770 2072 1826 animam
2120 1773 2403 1843 possident
2447 1773 2796 1830 diabolicam.
2842 1775 2999 1843 Quod
3044 1779 3092 1833 si
3128 1796 3195 1834 ex
3238 1779 3414 1851 spinis

1834 1879 1945 1920 non
1957 1865 2166 1937 colligis
2187 1880 2341 1932 uvas,
2372 1881 2473 1922 nec
2493 1882 2557 1922 ex
2590 1868 2807 1924 tribulis
2831 1870 2987 1936 licus,
3012 1871 3145 1941 quid
3169 1873 3413 1942 opinaris

1832 1971 1994 2027 posse
2012 1966 2066 2012 te
2080 1957 2211 2027 quid
2242 1958 2370 2013 boni
2395 1972 2463 2013 ex
2491 1960 3005 2028 praevaricatoribus
3033 1964 3245 2031 audire,
3270 1976 3326 2020 et
3343 1981 3412 2021 ex

1832 2049 2204 2120 proditoribus
2250 2049 2526 2121 quidpiam
2571 2052 2703 2108 utile
2740 2052 3021 2109 ediscere?
3050 2052 3178 2109 illos
3230 2055 3415 2126 itaque

1835 2153 2085 2195 aversare
2102 2146 2166 2192 ut
2188 2137 2346 2209 lupos
2362 2136 2648 2205 Arabicos,
2673 2147 2727 2194 et
2743 2139 2929 2210 spinas
2960 2140 3412 2211 inobsequentiaa,

1834 2230 2065 2286 tribulos
2085 2230 2411 2301 iniquitatis,
2431 2230 2658 2287 arbores
2675 2231 2870 2286 malas.
2894 2231 2954 2285 Si
2972 2231 3174 2287 videris
3195 2231 3416 2302 sapien-

1836 2331 1942 2378 tem
1978 2322 2237 2393 aliquem,
2272 2336 2344 2379 ex
2375 2322 2606 2379 consilio
2655 2320 2948 2394 Sapientia:
2977 2324 3021 2390 ⁸³,
3056 2339 3216 2379 mane
3252 2324 3417 2395 vigila

1837 2417 1904 2472 ad
1946 2415 2122 2479 illum,
2170 2415 2435 2472 stationes
2470 2423 2754 2486 portarum
2785 2415 2906 2486 ejus
2952 2423 3090 2471 terat
3131 2429 3227 2487 pes
3264 2424 3412 2482 tuus,

1838 2516 1897 2563 ut
1926 2507 1996 2563 ab
2026 2522 2093 2563 eo
2122 2507 2337 2563 ediscas
2380 2507 2514 2578 legis
2555 2507 2799 2571 umbras,
2834 2516 2889 2563 et
2924 2507 3223 2580 gratiarum
3248 2508 3412 2564 dona.

1839 2598 2026 2670 Neque
2049 2599 2196 2654 enim
2231 2600 2564 2670 sophisticus
2589 2613 2771 2656 sermo
2800 2607 2855 2654 et
2887 2599 3107 2656 habitus
3137 2599 3417 2657 modestus

1840 2690 2194 2746 introducunt
2221 2691 2276 2744 in
2301 2706 2530 2761 regnum
2557 2691 2858 2758 caelorum;
2891 2691 2988 2747 sed
3012 2691 3148 2748 ﬁdes
3176 2690 3418 2763 perfecta

1841 2798 1907 2839 ac
1943 2783 2171 2838 minime
2199 2783 2444 2849 curiosa,
2475 2800 2599 2840 cum
2635 2782 2976 2855 providentia
3009 2783 3230 2841 virtutis
3258 2784 3418 2855 Plena

1841 2882 1897 2929 et
1923 2874 2244 2945 conspicua.

2371 2986 2556 3042 Sancti
2599 2983 2906 3047 Athanasii.

230 3082 431 3150 ’Δρατε
467 3078 574 3133 τὸν
603 3078 776 3150 ζυγόν
798 3096 920 3149 μου
951 3079 1045 3149 ἐφ’
1072 3077 1248 3150 ὑμᾶς,
1273 3078 1373 3133 καί
1394 3079 1609 3149 μάθετε
1635 3080 1692 3134 ἀι

1954 3077 2108 3133 ὐίίὶιε
2141 3080 2332 3148 jugum
2374 3093 2547 3131 meum
2584 3092 2738 3146 super
2771 3090 2880 3141 vos,
2926 3083 2975 3128 et
3012 3074 3202 3129 discite
3233 3090 3267 3128 α
3308 3090 3416 3139 me,

156 3171 319 3241 ἐμοῦ.
355 3170 446 3224 ὅτι
478 3167 667 3239 πρᾶός
689 3171 806 3241 εἰμι
832 3170 929 3224 καὶ
959 3170 1241 3236 ταπεινὸς
1274 3168 1349 3239 τῇ
1376 3169 1610 3238 καρδίᾳ,
1641 3168 1739 3225 καὶ

149 3265 440 3335 εὑρήσετε
482 3261 829 3318 ἀνάπαυσιν
868 3260 1000 3329 ταῖς
1045 3261 1275 3332 ψυχαῖς
1313 3261 1509 3333 ὑμῶν·
1558 3267 1591 3318 δ
1630 3266 1740 3336 γὰρ

152 3358 327 3429 ζυγός
352 3375 474 3427 μου
497 3356 783 3426 χρηστὸς,
821 3356 919 3410 καὶ
950 3356 1017 3410 τὸ
1050 3356 1300 3425 φορτίον
1330 3374 1450 3426 μου
1476 3356 1741 3427 ἐλαφρόν

147 3451 345 3505 ἐστιν.
417 3447 699 3503 Ἐντεῦθεν
737 3447 1091 3519 ὠφελημένος
1135 3448 1164 3500 ὁ
1205 3448 1350 3513 θεῖος
1395 3448 1737 3514 Ἀπόστολος,

151 3539 384 3611 ὀγκώδη
433 3539 532 3610 τὴν
567 3537 840 3610 ἁμαρτίαν
873 3536 1123 3607 ὠνόμασε
1154 3535 1251 3589 καὶ
1286 3536 1738 3605 εὐπερίστατον.

151 3633 217 3685 Τί
235 3632 348 3704 γὰρ
372 3630 672 3703 βαρύτερον
691 3631 786 3685 καὶ
800 3626 1205 3701 βλαϐερώτερον
1227 3627 1502 3699 ἁμαρτίας
1519 3644 1533 3693 ;
1553 3626 1741 3699 ὥσπερ

144 3727 215 3780 ἐκ
235 3724 332 3778 τοῦ
358 3724 628 3792 ἐναντίου,
656 3724 710 3777 τί
738 3724 839 3796 τῆς
871 3724 1071 3796 ἀρετῆς
1104 3723 1504 3796 ἐλαφρότερον;
1532 3722 1595 3777 Ἠ
1614 3720 1733 3791 μὲν

146 3820 258 3892 γὰρ
289 3819 572 3889 ἁμαρτία,
596 3817 670 3882 ὡς
687 3821 743 3871 ὲν
769 3818 1101 3889 Παροιμίαις
1116 3817 1445 3888 γέγραπται,
1470 3815 1744 3882 πολλοὺς

144 3910 462 3991 τρώσασα,
482 3906 845 3961 καταϐάλλει
860 3906 941 3972 τῷ
952 3905 1150 3976 βάρει,
1165 3905 1395 3975 Σειραῖς
1412 3922 1470 3958 τε
1486 3904 1603 3958 τῶν
1613 3905 1746 3959 ἐαυ-

143 4000 257 4055 τοῦ
276 3996 587 4071 ἁμαρτιῶν
609 3998 865 4065 ἕκαστος
890 3999 1203 4070 σφίγγεται
1224 4015 1238 4030 ⁸
1275 4000 1308 4069 ἡ
1340 3997 1398 4051 δὲ
1426 3996 1594 4069 ἀρετὴ
1615 3996 1744 4060 τοὺς

139 4092 640 4163 ἀντιποιουμένους
668 4093 838 4163 αὐτῆς
878 4092 1136 4156 ζωοποιεῖ
1176 4093 1271 4145 καί
1304 4094 1382 4155 είς
1411 4090 1543 4161 ὕψος
1576 4092 1739 4162 αἴρει,

139 4188 407 4256 λέγοντος
437 4183 533 4237 τοῦ
563 4184 974 4257 Παροιμιαστοῧ
992 4203 1008 4215 ·
1055 4185 1257 4240 Ξύλον
1287 4183 1435 4253 ζωῆς
1458 4185 1589 4238 ἐστι
1622 4184 1745 4250 τοῖς

135 4276 676 4348 ἀντιποιουμένοις
711 4276 938 4346 αὐτῆς·
983 4277 1077 4331 τοῦ
1109 4278 1166 4331 δὲ
1210 4277 1553 4348 Ψαλμωδοῦο
1591 4277 1746 4329 Ἀνα-

135 4375 482 4444 λαμὸιὶνων
508 4371 718 4440 πραεῖς
748 4374 780 4424 ό
802 4370 1033 4438 Κύριος.
1086 4368 1184 4421 Διά
1208 4367 1363 4420 τοῦτο
1389 4368 1421 4436 ἡ
1447 4367 1543 4437 μὲν
1572 4367 1746 4437 ἁμαρ-

1841 3172 1967 3243 quia
1994 3172 2138 3225 mitis
2160 3187 2277 3225 sum
2301 3180 2349 3224 et
2375 3169 2594 3225 humilis
2616 3169 2791 3234 corde,
2815 3177 2865 3223 et
2894 3167 3165 3222 invenietis
3191 3168 3422 3237 requiem

1842 3263 2120 3318 animabus
2147 3264 2330 3317 vestris
2360 3279 2378 3316 :
2412 3262 2606 3334 jugum
2649 3264 2789 3315 enim
2833 3275 3005 3313 meum
3039 3274 3197 3312 suave
3241 3266 3340 3325 est,
3371 3267 3422 3311 et

1843 3372 1975 3410 onus
2019 3371 2193 3409 meum
2236 3354 2344 3408 leve
2369 3355 2411 3408 θ.
2449 3352 2587 3409 Hinc
2630 3353 2865 3407 utilitate
2912 3359 3163 3422 percepta
3202 3350 3423 3406 divinus
3466 3372 3475 3379 κ

1842 3446 2171 3516 Apostolus,
2216 3446 2567 3515 ponderosum
2624 3455 2672 3498 et
2734 3444 3084 3497 circumstans
3138 3449 3421 3511 peccatum

1844 3536 2230 3608 appellavit”.
2258 3534 2402 3602 Quid
2430 3535 2573 3590 enim
2603 3535 2824 3604 gravius
2854 3541 2909 3587 et
2949 3532 3270 3587 damnosius
3299 3546 3427 3602 pec-

1843 3628 2011 3684 cato?
2045 3633 2105 3681 ut
2132 3643 2165 3682 e
2193 3626 2494 3690 contrario,
2520 3627 2650 3695 quid
2674 3626 2845 3680 levius
2879 3633 2933 3679 et
2965 3624 3155 3679 utilius
3186 3620 3426 3680 virtute?

1844 3737 1970 3776 nam
2011 3719 2314 3785 Peccatum,
2346 3730 2405 3773 ut
2444 3719 2499 3772 in
2530 3717 2841 3773 Proverbiis
2866 3717 3129 3787 scriptum
3161 3726 3271 3783 est,
3310 3715 3428 3771 vul-

1843 3821 2054 3867 neratos
2105 3811 2300 3866 multos
2351 3810 2575 3880 pondere
2624 3809 2918 3879 dejicit“,
2969 3819 3024 3865 ct
3060 3807 3427 3880 Unusquisque

1846 3907 2045 3961 catenis
2079 3915 2417 3976 peccatorum
2465 3921 2682 3958 suorum
2712 3904 2994 3976 stringitur
3019 3904 3084 3959 ¹¹.
3116 3902 3304 3959 Virtus
3335 3919 3428 3959 au-

1844 4006 1954 4054 tem
1985 4013 2104 4066 eos,
2135 3997 2229 4069 qui
2263 4013 2323 4053 se
2346 3997 2770 4068 amplectuntur,
2798 3997 3044 4052 viviﬁcat
3074 4005 3130 4051 et
3159 3996 3214 4050 in
3255 3997 3428 4050 altum

1845 4092 2025 4161 erigit,
2052 4101 2109 4145 ut
2139 4090 2193 4144 in
2230 4089 2545 4146 Proverbiis
2567 4091 2766 4147 dicitur
2792 4109 2806 4145 :
2834 4090 3064 4160 Lignum
3097 4090 3216 4144 vita:
3237 4098 3314 4143 est
3336 4089 3427 4150 iis,

1846 4184 1936 4253 qui
1975 4183 2147 4251 ipsam
2186 4180 2580 4251 amplectuntur
2613 4182 2694 4249 ¹³;
2741 4195 2794 4237 et
2838 4183 2891 4236 in
2935 4181 3200 4243 Psalmis,
3248 4178 3430 4234 Susci-

1847 4278 1994 4346 piens
2024 4285 2325 4330 mansuetos
2358 4275 2613 4330 Dominus
2646 4276 2708 4330 “.
2742 4274 2950 4329 Idcirco
2981 4282 3263 4344 peccatum
3305 4274 3431 4343 qui-

1849 4368 1972 4421 dem
2025 4366 2324 4436 symbolice
2375 4383 2498 4421 cum
2552 4368 2756 4422 talento
2808 4368 3063 4437 plumbeo
3118 4368 3430 4423 demersum

135 4465 233 4518 τία
283 4462 639 4536 συμϐολικῶς
673 4464 767 4515 ἐπὶ
812 4461 1079 4516 ταλάντου
1113 4458 1455 4530 διαμολίϐδου
1487 4475 1590 4511 κατ

1970 4458 2188 4527 spicitur
2219 4460 2295 4512 ’δε
2336 4459 2463 4527 quia
2504 4458 2590 4512 sui
2622 4460 2864 4514 cultores
2898 4460 2952 4513 in
2986 4458 3314 4528 profundum
3348 4460 3432 4512 in-

138 4548 288 4619 μένη
314 4546 638 4617 θεωρεῖται·
664 4545 850 4617 ἐπειδὴ
871 4546 997 4608 τοὺς
1021 4544 1336 4615 χρωμένους
1362 4542 1499 4612 αὐτῇ
1525 4541 1744 4611 βυθίους

131 4641 462 4712 καταφέρει
483 4642 564 4703 είς
588 4638 678 4693 τὸν
699 4638 833 4710 ᾅδην
852 4655 867 4669 ·
900 4638 994 4691 καὶ
1016 4631 1098 4700 οἷς
1122 4636 1518 4709 ἐνυπάρχουσιν
1537 4636 1585 4686 oi
1614 4651 1748 4705 σαρ-

131 4734 294 4788 κικοί
326 4732 491 4801 ὄγκοι
520 4731 615 4784 καὶ
644 4732 701 4783 αἱ
742 4730 842 4802 τῆς
877 4729 1079 4801 σαρκὸς
1116 4727 1422 4798 ἐπιθυμίαι,
1455 4726 1550 4779 καὶ
1582 4724 1676 4789 οὓς
1711 4727 1742 4795 ή

123 4824 402 4897 ἁμαρτία
422 4822 766 4895 περίσταται,
786 4821 997 4884 τούτοις
1014 4821 1115 4873 οὐκ
1135 4820 1284 4874 ἐστιν
1305 4817 1587 4891 ἐλεύθερον
1610 4817 1747 4888 πρὸς

1853 4550 2093 4605 ferorum
2127 4549 2329 4618 drjieit.
2360 4548 2572 4617 Quibus
2616 4560 2794 4605 autem
2847 4552 3034 4606 insunt
3078 4551 3261 4607 carnis
3296 4566 3435 4621 pon-

1854 4644 1983 4699 dera
2009 4651 2063 4697 et
2087 4643 2431 4712 cupiditates,
2463 4644 2607 4698 etiis
2641 4643 2736 4713 qui
2768 4659 2797 4697 a
2840 4653 3062 4713 peccato
3093 4643 3436 4699 circumdan-

1853 4745 1963 4799 tur,
1998 4749 2106 4789 non
2140 4734 2372 4788 liberum
2404 4749 2537 4788 sane
2568 4744 2653 4789 est
2679 4734 2870 4791 oculos
2899 4735 2966 4790 ad
2999 4734 3168 4790 Deum
3203 4735 3431 4805 erigere.

1852 4820 2051 4892 Jugum
2102 4821 2287 4892 itaque
2337 4822 2647 4878 Servatoris
2688 4840 2855 4880 suave
2894 4835 2997 4891 est,
3049 4835 3103 4881 et
3138 4840 3277 4880 onus
3315 4824 3436 4894 ejus

124 4918 228 4972 τὸν
261 4916 413 4971 Θεὸν
432 4916 495 4970 τὸ
516 4915 692 4988 δμμα.
737 4916 794 4969 '0
822 4912 984 4983 ζυγὸς
1009 4914 1186 4967 τοίνυν
1216 4910 1311 4966 τοῦ
1341 4912 1592 4982 Σωτῆρος
1620 4926 1755 4981 χρη-

123 5010 267 5073 στὸς
295 5008 403 5062 καὶ
430 5007 494 5061 τὸ
527 5008 748 5080 φορτίον
783 5006 1042 5076 ἐλαφρόν.
1077 5006 1189 5059 Καὶ
1222 5002 1340 5065 πῶς
1359 5042 1373 5065 ,
1410 5001 1598 5072 φησὶν,
1630 5000 1755 5052 ἐλα-

121 5102 306 5173 φρὸν,
330 5102 470 5155 ὅταν
501 5100 671 5173 λ’έγῃ·
717 5098 853 5153 Ἐὰν
873 5096 959 5168 μή
993 5114 1081 5161 τις
1107 5092 1260 5164 μισῇ
1292 5090 1519 5159 πατέρα
1557 5090 1595 5159 ἢ
1641 5105 1755 5159 μη-

116 5194 323 5263 τέρα·
390 5193 523 5257 καὶ,
577 5193 684 5257 Ὃς
738 5193 851 5245 οὐκ
906 5189 1057 5258 αἴρει
1120 5185 1229 5241 τὸν
1295 5183 1561 5251 σταυρὸν

1992 5194 2069 5237 est
2094 5200 2174 5237 me
2196 5186 2388 5255 dignus
2416 5186 2495 5252 ‘7;
2530 5196 2624 5242 et:
2675 5188 2779 5254 Qui
2820 5205 2920 5241 non
2966 5190 3233 5242 renuntiat
3274 5191 3438 5242 omni-

113 5284 492 5341 ἀκολουθεῖ
532 5302 676 5354 μοι,
726 5285 837 5337 οὐκ
859 5283 994 5337 ἐστι
1043 5298 1163 5350 μου
1216 5278 1415 5344 ἄξιος·
1471 5276 1575 5339 καὶ,

1988 5291 2106 5345 qua:
2134 5277 2389 5345 possidet,
2416 5294 2517 5330 non
2547 5289 2712 5346 potest
2740 5296 2883 5333 meus
2908 5296 3017 5333 esse
3047 5280 3342 5348 discipulus
3363 5280 3436 5343 ¹⁸;

111 5380 249 5432 οὐκ
285 5375 717 5433 ἀποτάσσεται
738 5373 952 5430 -πᾶσιν
976 5372 1162 5427 αὐτοῦ
1191 5370 1314 5436 τοῖς
1345 5368 1573 5437 ὐπάρχε

1997 5367 2159 5422 etiam
2187 5367 2378 5436 jubeat
2408 5368 2582 5437 ipsam
2610 5370 2823 5425 tradere
2861 5370 3145 5423 animam?
3175 5368 3229 5424 Id
3264 5378 3314 5423 te
3339 5372 3439 5425 d0-

1852 4914 1988 4968 leve.
2027 4911 2094 4967 Et
2123 4929 2233 4983 quo
2261 4921 2440 4983 pacto,
2471 4915 2614 4970 dicet
2648 4917 2921 4986 quispiam
2943 4959 2957 4984 ,
3002 4918 3116 4971 leve
3153 4932 3293 4972 onus
3325 4926 3433 4983 est,

1853 5021 1978 5060 cum
2011 5005 2091 5060 sic
2121 5005 2379 5075 loquatur
2410 5020 2425 5058 :
2463 5004 2521 5060 Si
2557 5008 2673 5077 quis
2715 5024 2818 5060 non
2852 5009 2963 5061 odit
2992 5016 3195 5077 patrem
3236 5016 3285 5061 et
3321 5023 3438 5059 ma-

1856 5103 1989 5149 trem
2016 5095 2082 5158 “,
2117 5105 2191 5158 et,
2225 5095 2329 5160 Qui
2381 5112 2481 5149 non
2520 5098 2658 5150 tollit
2703 5114 2932 5160 crucem,
2967 5108 3016 5151 et
3055 5098 3290 5168 sequitur
3331 5113 3434 5159 me,

198 5542 225 5574 ⁷
258 5541 476 5596 Matth.
503 5556 600 5603 vn,
633 5539 722 5599 l5.
754 5537 839 5593 16.
918 5538 940 5568 ⁸
975 5536 1136 5590 Eccli.
1180 5552 1253 5599 vi,
1285 5535 1372 5589 56.
1449 5536 1468 5565 ⁹
1502 5532 1660 5603 Matth

1976 5532 2053 5585 50.
2128 5534 2171 5565 ¹⁰
2203 5532 2365 5587 Hebr.
2395 5549 2503 5597 xu,
2540 5535 2603 5603 1.
2663 5534 2699 5563 ¹¹
2735 5532 2894 5587 Prov.
2918 5550 3015 5594 vn,
3048 5533 3137 5587 ‘26.
3203 5534 3243 5563 ¹²
3277 5531 3438 5603 Prov.

106 5628 172 5677 ν,
221 5612 335 5665 22.
424 5600 644 5664 "Prov.
679 5626 759 5671 Ill,
793 5609 873 5662 l8.
960 5603 1466 5669 “Psal.cx1.vu,6.
1524 5604 1565 5633 ¹⁵

1977 5604 2011 5633 ιθ
2032 5602 2165 5659 Luc.
2198 5619 2305 5672 xw,
2328 5604 2417 5659 9.6.
2497 5604 2537 5634 "'
2557 5601 2748 5659 Matth.
2775 5621 2829 5669 χ,
2858 5606 2949 5661 58.
3008 5607 3048 5635 ³⁸
3067 5604 3197 5658 Luc.
3221 5600 3439 5670 χιγμὸὖ.

196 5716 346 5797 ’(20)
406 5716 548 5780 Edit.
599 5724 797 5778 Athan.
837 5739 889 5792 p.
932 5721 1089 5787 1008,
1130 5735 1194 5775 ex
1241 5719 1455 5775 Possini
1490 5727 1658 5772 eatcn:

536 5765 548 5778 .
599 5724 797 5778 Athan.
837 5739 889 5792 p.
932 5721 1089 5787 1008,
1130 5735 1194 5775 ex
1241 5719 1455 5775 Pessini
1490 5719 1756 5772 eatenain
1801 5717 1994 5773 Matth.
