3702 6406
292 317 432 374 i585

1099 308 1157 363 S.
1199 304 1570 362 ATHANASII
1608 302 1759 360 OPP.
1795 298 1974 395 PARS
2010 297 2096 355 Ill.
2136 328 2206 340 —
2241 294 2655 354 EXEGETICA.‘

3410 289 3538 347 1381

293 447 414 498 ceat
445 433 650 492 Paulus
676 433 769 505 qui
799 431 877 489 ait
907 449 921 487 :
954 429 1022 484 Id
1061 430 1201 485 enim
1233 432 1372 499 quod
1410 427 1467 481 in
1505 426 1753 498 prresenti
1786 433 1863 480 est

2060 421 2312 476 δύναταί
2338 438 2458 490 μου
2489 414 2643 473 εἷναι
2686 412 2991 486 μαθητής*
3038 410 3170 465 ὅταν
3216 407 3418 483 κελεύῃ
3448 411 3536 465 καὶ

297 538 713 587 momentaneum
737 534 788 581 et
824 524 928 579 leve
959 522 1342 588 tribulationis,
1376 520 1506 574 mire
1552 535 1712 586 supra
1753 534 1865 571 mo-

295 626 422 681 dum
447 631 701 677 ceternum
729 617 912 690 gloria:
934 617 1138 686 pondus
1163 625 1412 684 aperatur
1437 613 1514 679 ¹⁹;
1546 620 1602 667 et
1633 624 1824 665 rursus
1851 628 1865 663 :

298 714 419 770 Non
470 723 592 769 sunt
640 710 912 781 condiguce
956 708 1226 779 passiones
1271 705 1428 775 hujus
1492 703 1741 774 temporis
1796 701 1868 755 ad

296 810 531 876 futuram
564 806 812 878 gloriam,
836 819 954 875 qua:
984 799 1300 856 revelabitur
1330 800 1388 853 in
1419 798 1569 852 nobis
1598 797 1667 851 ".

1969 511 2138 586 αὐτὴν
2184 512 2465 584 ἐκδοθῆναι
2496 511 2595 583 τὴν
2643 507 2857 581 ψυχήνς
2888 503 3199 561 Διδασκέτω
3235 519 3298 557 σε
3336 500 3538 568 Παῦλος

1971 604 2143 672 λέγων
2163 618 2175 631 ·
2218 601 2289 657 Τὸ
2332 604 2442 672 γὰρ
2486 600 2823 670 παραυτίκα
2850 597 3117 667 ἐλαφρὸν
3144 593 3252 663 τῆς
3287 593 3542 664 θλίψεως

1970 695 2101 749 καθ’
2123 692 2465 761 ὑπερϐολὴν
2493 694 2581 757 εἰς
2604 688 2949 759 ὑπερϐολὴν
2974 687 3108 741 αιώιι
3121 703 3215 741 ιον
3227 684 3424 754 βάρος
3454 683 3543 738 δό-

1972 785 2085 852 ξης
2111 782 2544 854 κατεργύζεταιο
2579 782 2671 835 καὶ
2706 781 2898 835 πάλιν·
2928 782 3052 834 Οὐκ
3089 778 3233 843 ἄξια
3259 775 3335 830 τὰ
3361 772 3542 842 παθή-

1966 892 2125 945 ματα
2152 874 2260 929 τοῦ
2291 874 2406 928 νῦν
2429 873 2635 941 καιροῦ
2660 872 2810 940 πρὸς
2840 870 2956 940 τὴν
2976 868 3342 941 μέλλουσαν
3365 864 3545 929 δόξαν

1970 966 2465 1037 ἁνακαλυφθῆναι
2496 969 2582 1032 εις
2613 964 2789 1036 ἡμᾶς.

876 1064 1092 1128 Prodit
1125 1080 1203 1126 ex
1236 1069 1378 1126 cod.
1414 1059 1584 1125 Colb.
1623 1061 1973 1123 membran.
2015 1078 2084 1123 x1
2132 1059 2368 1123 saeculi.
2399 1061 2506 1120 Est
2527 1061 2656 1120 Cat.
2684 1059 2752 1119 in
2778 1055 2993 1119 Matth.

825 1167 1010 1223 Sancti
1032 1165 1337 1220 Athanasii.

368 1260 655 1332 Propterea
678 1258 796 1315 dico
826 1261 967 1315 vobis
990 1300 1006 1324 ,
1036 1272 1189 1313 omne
1220 1265 1493 1327 peccatum
1530 1265 1579 1310 et
1625 1254 1870 1324 blasphe-

296 1354 405 1409 mia
431 1353 727 1407 remittetur
762 1351 1082 1415 hominibus,
1112 1348 1202 1402 sed
1245 1346 1570 1417 blasphemia
1613 1345 1668 1398 in
1707 1342 1873 1415 Spiri-

300 1457 407 1501 tum
442 1462 545 1499 non
586 1444 884 1498 remittetur
916 1441 1045 1493 illis.
1087 1437 1156 1491 Et
1188 1438 1481 1508 quicunque
1519 1436 1715 1489 dixerit
1754 1450 1872 1489 rer-

296 1534 420 1586 bum
455 1543 635 1585 contra
668 1529 870 1583 Filium
917 1527 1172 1589 hominis,
1201 1528 1500 1579 remittetur
1523 1525 1572 1579 ei
1598 1539 1617 1577 :
1654 1524 1745 1594 qui
1779 1540 1877 1577 au-

298 1637 399 1680 tem
447 1624 642 1677 dixerit
669 1623 877 1676 verbum
923 1628 1108 1672 contra
1152 1615 1416 1686 Spiritum
1471 1625 1734 1678 sanctum,
1773 1631 1877 1669 non

297 1713 596 1767 remittetur
620 1712 670 1765 ei
700 1725 861 1780 neque
889 1709 944 1761 in
967 1708 1063 1761 hoc
1088 1706 1303 1771 swculo,
1333 1721 1493 1774 neque
1518 1705 1574 1757 in
1603 1704 1783 1773 futuro
1805 1705 1875 1760 ¹¹.

297 1803 401 1860 Hic
434 1804 677 1875 apposite
721 1799 965 1872 Apostoli
1008 1799 1213 1854 dictum
1267 1795 1619 1867 proferatur:
1670 1793 1877 1849 Littera

2322 1162 2432 1234 (21)
2466 1161 2576 1217 Τοῦ
2604 1159 2776 1231 ἁγίου
2817 1161 3193 1214 Ἀθανασιου.

2042 1255 2146 1310 Διὰ
2185 1255 2359 1310 τοῦτο
2409 1253 2563 1323 λέγω
2596 1250 2770 1321 ὑμῖν,
2823 1250 2911 1303 ὅτι
2939 1248 3109 1305 πᾶσα
3153 1246 3413 1317 ἁμαρτία
3453 1245 3544 1300 καὶ

1967 1346 2333 1415 βλασφημία
2353 1340 2716 1412 ἀφεθήσεται
2736 1338 2859 1406 τοῖς
2886 1337 3219 1407 ἀνθρώποις
3238 1351 3252 1365 ·
3288 1334 3329 1403 ή
3354 1331 3423 1386 δὲ
3444 1330 3545 1386 τοῦ

1973 1439 2318 1506 Πνεύματος
2347 1434 2712 1504 βλασφημία
2748 1433 2859 1486 οὐκ
2910 1427 3279 1499 ἀφεθήσεται
3329 1419 3544 1491 αὐτοῖς.

1972 1528 2081 1583 Καὶ
2117 1527 2185 1595 ὃς
2216 1528 2325 1580 ἐὰν
2370 1526 2512 1593 εἴπῃ
2557 1525 2744 1594 λόγον
2774 1523 2923 1575 κατὰ
2968 1518 3072 1574 τοῦ
3105 1518 3243 1572 Υιοῦ
3289 1515 3399 1571 τοῦ
3451 1516 3548 1571 ἁν-

1974 1620 2211 1689 θρώπου
2237 1662 2251 1684 ,
2280 1618 2644 1687 ἀφεθήσεται
2681 1612 2839 1679 αὐτῷ
2858 1628 2871 1641 ’
2906 1612 2975 1677 ὃς
3004 1610 3057 1664 δ’
3099 1608 3177 1663 ἂν
3206 1608 3349 1676 ειπῃ
3373 1609 3551 1677 λόγον

1975 1712 2126 1765 κατὰ
2154 1712 2260 1765 τοῦ
2288 1710 2630 1779 Πνεύματος
2651 1707 2846 1776 ἁγίου,
2871 1705 2981 1758 οὐκ
3009 1700 3377 1772 ἀφεθήσεται
3402 1699 3551 1767 αὐτῷ

1974 1801 2114 1854 οὔτε
2140 1799 2210 1853 ἐν
2245 1797 2325 1865 τῷ
2356 1798 2473 1852 νῦν
2503 1794 2670 1851 αἰῶνι
2699 1794 2838 1849 οὔτε
2860 1793 2930 1846 ἐν
2954 1790 3036 1858 τῷ
3077 1790 3397 1861 μέλλοντι.
3444 1790 3553 1844 Ἐν-

296 1899 510 1961 occidit,
540 1894 773 1966 Spiritus
807 1903 982 1946 autem
1027 1890 1345 1959 riviﬁcat“.
1396 1888 1565 1943 Multa
1606 1889 1870 1959 siquidem

2042 1889 2153 1943 ,ῦθα
2215 1888 2377 1943 καλὸν
2425 1888 2487 1941 τὺ
2536 1886 2632 1940 τοῦ
2673 1881 3001 1938 Ἀποστόλου
3059 1884 3273 1936 εἰπεῖν·
3342 1882 3424 1935 ὅτι
3488 1879 3552 1936 Τὸ

300 1990 613 2049 divinarum
636 1984 1046 2055 Scripturarum
1082 1982 1199 2036 loca
1227 1981 1275 2037 si
1308 1980 1611 2036 secundum
1641 1979 1875 2035 litteram

299 2080 686 2150 intelligamus,
719 2078 773 2131 in
824 2073 1089 2130 nefandas
1142 2072 1513 2142 blasphemias
1562 2071 1877 2137 incidimus,

299 2172 608 2246 cuiusmodi
646 2179 776 2226 sunt
802 2183 924 2240 quae
968 2168 1126 2223 nobis
1156 2181 1303 2221 nunc
1348 2173 1730 2237 proponuntur
1772 2164 1881 2219 Do-

299 2265 434 2319 mini
467 2262 667 2327 verba;
697 2275 818 2331 qua:
849 2259 896 2314 si
939 2257 1240 2313 secundum
1285 2257 1459 2312 nudas
1489 2255 1757 2312 dictiones
1786 2272 1881 2311 ex-

297 2357 588 2429 cipiamus,
628 2369 738 2409 non
770 2352 947 2408 solum
981 2352 1036 2405 in
1088 2347 1353 2405 nefandas
1395 2348 1704 2404 dilabemur
1738 2349 1883 2419 Cogi-

298 2450 560 2516 tationes,
593 2447 688 2503 sed
715 2446 880 2501 etiam
913 2444 1093 2514 ipsum
1128 2441 1424 2496 Dominum
1456 2441 1563 2497 sibi
1603 2440 1881 2496 adversari

295 2540 785 2613 deprehendamus.
825 2534 1071 2603 Namque
1114 2534 1159 2591 si
1209 2535 1505 2605 quicunque
1536 2533 1731 2587 dixerit
1763 2546 1880 2586 ver-

297 2641 420 2687 bum
466 2641 651 2686 contra
699 2627 900 2681 Filium
937 2626 1196 2689 hominis,
1258 2625 1555 2678 remittetur
1603 2624 1686 2687 ei;
1737 2634 1880 2693 quo-

298 2723 461 2781 modo
504 2723 646 2779 idem
694 2719 868 2775 Filius
911 2719 1087 2773 dixit:
1118 2715 1222 2783 Qui
1270 2731 1352 2770 me
1393 2715 1658 2786 negaverit
1697 2730 1877 2767 coram

296 2813 616 2874 hominibus.
636 2811 832 2883 negabo
850 2825 970 2865 eum
999 2823 1178 2862 coram
1198 2805 1399 2877 angelis
1422 2804 1517 2858 Dei
1535 2805 1581 2837 ³³
1601 2804 1626 2859 ?
1650 2803 1716 2859 Et
1748 2818 1878 2857 rur-

297 2906 422 2971 sus.
455 2909 502 2963 si
529 2920 694 2960 omne
740 2911 1026 2975 peccatum
1072 2907 1129 2955 et
1179 2898 1524 2968 blasphemia
1572 2896 1880 2951 remittetur

297 3000 634 3063 hominibus,
663 2994 940 3066 quomodo
958 3001 1012 3049 et
1041 2992 1107 3047 de
1121 2992 1296 3046 otioso
1313 2990 1479 3044 verbo
1503 2988 1767 3043 rationem
1787 3002 1882 3043 su-

297 3104 420 3145 mus
448 3086 712 3143 reddituri
729 3086 813 3138 “?
833 3083 1107 3155 quomodo
1123 3082 1217 3152 qui
1238 3080 1373 3135 dicit
1392 3078 1545 3136 fratri
1567 3094 1689 3141 suo,
1709 3076 1877 3145 fatue,

296 3196 423 3235 reus
441 3179 541 3234 erit
556 3178 816 3249 gehennae
843 3176 983 3246 ignis
997 3174 1083 3227 "‘l
1105 3173 1382 3243 quomodo
1399 3172 1524 3226 item
1541 3168 1874 3240 Paulus;ait:

1981 1981 2216 2054 γράμμα
2238 1980 2593 2045 ἀποκτείνει,
2617 1976 2684 2032 τὸ
2714 1975 2783 2031 δὲ
2807 1975 3049 2046 Πνεῦμα
3075 1972 3365 2036 ζωοποιεῖ.
3387 1971 3555 2027 Πολλὰ

1979 2075 2088 2147 γὰρ
2119 2074 2227 2127 τῶν
2255 2074 2412 2127 θείων
2444 2071 2677 2146 Γραφῶν
2710 2069 2805 2124 ἐὰν
2826 2068 2967 2123 κατὰ
2996 2067 3056 2121 τὸ
3086 2067 3330 2138 γράμμα
3368 2067 3555 2136 νοήσω-

1985 2184 2082 2238 μεν
2104 2208 2119 2231 ,
2148 2168 2227 2232 εις
2257 2165 2527 2238 ἀθέσμους
2556 2162 2903 2236 βλασφημίας
2930 2158 3415 2232 περιπεσούμεθαο
3453 2148 3554 2210 οἷόν

1981 2259 2097 2311 ἔστι
2123 2257 2218 2312 καὶ
2245 2257 2308 2311 τὺ
2345 2256 2440 2311 νῦν
2467 2255 2825 2330 προκείμενον
2849 2252 2941 2307 τοῦ
2968 2250 3178 2323 Κυρίου
3220 2249 3404 2320 λόγιον
3422 2264 3437 2278 '
3468 2248 3555 2302 ἐὰν

1982 2350 2091 2423 γὰρ
2132 2349 2274 2405 κατὰ
2312 2349 2478 2422 ξηροῦ
2520 2350 2619 2413 τὰς
2661 2348 2837 2415 λέξεις
2887 2344 3235 2415 ὲκλάῦωμεν,
3292 2341 3352 2396 οὐ
3408 2341 3557 2413 μόνον

1981 2445 2061 2508 εἰς
2109 2443 2400 2515 ἀθεμίτους
2450 2441 2657 2506 ἑννοίας
2698 2435 3243 2509 κατενεχθησόμεθα,
3297 2435 3431 2490 ἀλλὰ
3469 2433 3555 2487 καὶ

1982 2535 2144 2589 αὑτὸν
2200 2534 2291 2589 τὸν
2358 2533 2561 2607 Κύριον
2615 2525 3023 2601 ἐναντιούμενον
3093 2526 3278 2600 ἑαυτῷ
3342 2525 3555 2597 εὑρήσο-

1985 2645 2104 2699 μεν.
2136 2627 2272 2681 Ἐὰν
2301 2624 2411 2698 γὰρ
2442 2626 2510 2693 ὃς
2533 2626 2672 2696 εῖπῃ
2705 2626 2891 2694 λόγον
2921 2620 3072 2677 κατὰ
3102 2620 3210 2676 τοῦ
3256 2619 3415 2684 Υιοῦ,
3454 2619 3557 2688 ἀφ·

1984 2719 2263 2787 εθήσεται
2305 2718 2496 2785 αὐτῷ·
2554 2719 2671 2783 πῶς
2695 2718 2857 2782 αὐτὸς
2904 2716 2934 2768 ὁ
2968 2716 3097 2780 Υἱὸς
3151 2711 3332 2782 εἶπεν,
3386 2715 3465 2769 ὅτι
3507 2714 3555 2766 Ὀ

1980 2809 2481 2881 ἀπαρνησάμενος
2530 2809 2717 2863 αὑτὸν
2764 2807 3042 2881 [ἐνώπιον
3069 2806 3190 2861 τῶν
3217 2802 3555 2878 ἀνθρώπων]

1979 2902 2467 2975 ἀπαρνηθήσεται
2529 2902 2872 2972 ἔμπροσθεν
2932 2899 3054 2955 τῶν
3120 2899 3394 2971 ἀγγέλων
3457 2896 3556 2952 τοῦ

1982 2996 2167 3061 Θεοῦ;
2226 2997 2338 3051 Καὶ
2396 2996 2556 3051 πάλιν
2616 2995 2709 3049 ἐὰν
2763 2995 2914 3047 πᾶσα
2965 2993 3214 3066 ἁμαρτία
3270 2992 3363 3046 καὶ
3407 2990 3559 3061 βλασ-

1981 3089 2161 3162 φημία
2197 3088 2527 3161 ἀφεθήσεται
2576 3089 2688 3151 τοῖς
2740 3083 3087 3156 ἀνθρώποις,
3133 3082 3253 3147 πῶς
3300 3083 3395 3136 καὶ
3426 3080 3559 3151 ὑπὲρ

1978 3182 2151 3256 ἀργοῦ
2196 3182 2357 3252 λόγου
2399 3179 2693 3249 ἀπολογίαν
2745 3178 3028 3250 δώσομενς
3062 3176 3183 3241 πῶς
3213 3178 3245 3230 ὁ
3275 3175 3446 3245 λέγων
3486 3171 3559 3243 τῷ

302 3270 484 3326 Nolite
505 3283 684 3323 errare
713 3281 731 3319 :
773 3282 936 3336 neque
981 3264 1281 3335 fornicarii,
1315 3276 1476 3332 neque
1499 3260 1750 3324 adulteri,
1784 3274 1870 3313 ne—

2042 3274 2190 3346 ελφῷ
2223 3273 2428 3339 αὐτοῦ,
2477 3272 2651 3346 μωρὲ,
2704 3273 2885 3343 ἔνοχος
2931 3270 3087 3324 ἔσται
3129 3271 3211 3333 εἰς
3258 3267 3359 3340 τὴν
3408 3266 3558 3335 γέεν-

295 3378 396 3433 que
415 3360 626 3421 molles,
663 3374 825 3425 neque
858 3356 1127 3421 maledici,
1156 3369 1317 3425 neque
1344 3352 1569 3423 ebriosi,
1592 3368 1756 3422 neque
1783 3367 1874 3404 ra-

296 3467 449 3521 paces
469 3465 683 3520 regnum
704 3445 796 3501 Dei
818 3445 1151 3516 possidebunt
1172 3444 1217 3475 ²⁶
1234 3440 1400 3508 ιουω
1421 3442 1464 3497 si
1482 3440 1555 3494 ita
1577 3454 1635 3494 se
1651 3438 1872 3501 habent,

296 3543 608 3615 quomodo,
655 3556 878 3614 quzeso,
921 3553 1085 3594 omne
1118 3546 1402 3607 peccatum
1441 3542 1496 3589 et
1534 3531 1873 3603 blasphemia

295 3638 604 3693 remittetur
640 3632 988 3690 hominibus?
1035 3630 1412 3699 Rursumque,
1444 3627 1490 3683 si
1521 3641 1712 3681 verum
1739 3624 1873 3679 illud

294 3739 399 3795 est,
425 3745 524 3785 cur
554 3728 721 3783 miser
755 3734 1048 3782 accusatur
1076 3721 1364 3793 Origenes,
1392 3720 1539 3791 quod
1577 3719 1739 3774 linem
1774 3718 1875 3773 ali-

295 3836 461 3890 quem
496 3833 785 3889 paenarum
832 3816 1160 3877 constituat;
1211 3829 1278 3867 ac
1322 3813 1541 3867 tandem
1585 3811 1874 3866 remissio-

297 3927 423 3967 nem
457 3911 708 3967 omnium
765 3918 1141 3979 peccatorum,
1193 3905 1512 3961 hominibus
1562 3904 1770 3974 pariter
1822 3910 1878 3957 et

297 4001 637 4057 daemonibus
671 4016 703 4054 a
732 3999 842 4054 Deo
879 3998 1282 4054 concedendam
1318 3994 1608 4067 praedicet?
1645 3993 1799 4060 Item,
1828 3994 1875 4049 si

301 4092 635 4163 blasphemia
672 4092 726 4145 iu
768 4090 1031 4160 Spiritum
1059 4098 1311 4143 sanctum
1343 4086 1724 4141 remissionem
1765 4100 1874 4139 non

298 4187 491 4252 habet,
539 4184 671 4258 quid
702 4183 951 4254 queritur
991 4180 1231 4235 Ecclesia
1276 4178 1550 4233 Novatum
1597 4177 1874 4247 pmniten-

1974 3383 2071 3420 ναν
2101 3366 2196 3420 τοῦ
2224 3365 2426 3437 πυρό;;
2480 3363 2598 3427 πῶς
2623 3362 2680 3416 δέ
2709 3378 2841 3432 φησι
2871 3360 2967 3413 καὶ
2994 3358 3246 3423 Παῦλος·
3292 3357 3392 3425 Μὴ
3418 3359 3563 3411 πλαι-

1973 3458 2192 3514 νᾶσθε⁶
2244 3458 2382 3512 οὔτε
2422 3457 2669 3525 πόρνοι,
2700 3454 2841 3507 οὔτε
2889 3450 3131 3523 μοιχοὶ,
3186 3450 3327 3504 οὔτε
3379 3450 3565 3518 pala-

1974 3550 2065 3603 κοὶ
2089 3589 2103 3614 ,
2151 3550 2224 3603 οὐ
2291 3547 2593 3614 λοίδοροι,
2645 3546 2717 3599 οὐ
2768 3543 3058 3615 μέθυσοι,
3116 3545 3233 3613 οὐχ
3287 3542 3562 3614 ἅρπαγες,

1969 3640 2304 3707 ,βασιλείαν
2359 3635 2509 3691 Θεοῦ
2556 3638 2628 3690 οὐ
2667 3635 2754 3705 μὴ
2811 3632 3383 3705 κληρονομήσουσιῖ
3449 3632 3555 3685 Καὶ

1976 3734 2026 3785 εἰ
2073 3730 2245 3785 ταῦτα
2290 3729 2460 3791 οὕτως
2510 3727 2643 3798 ἔχει,
2680 3725 2797 3791 πῶς
2841 3725 3048 3790 λοιπὸν,
3087 3724 3213 3778 εἰπέ
3259 3742 3373 3795 μοι,
3416 3724 3562 3777 πᾶσα

1974 3820 2219 3893 ἁμαρτία
2251 3820 2342 3873 καὶ
2374 3816 2691 3890 βλασφημία
2721 3816 3057 3887 ἀφεθήσεται
3076 3817 3193 3877 τοῖς
3215 3812 3561 3886 ἀνθρώποις

1977 3912 2087 3966 Καὶ
2120 3911 2215 3964 ἐὰν
2251 3910 2412 3965 πάλιν
2453 3908 2611 3962 τοῦτο
2638 3906 2858 3979 ἀληθὲς,
2892 3906 2980 3960 διὰ
3009 3905 3064 3959 τί
3092 3905 3285 3960 λοιπὸν
3319 3904 3563 3974 ὲγκαλείο

1974 4022 2065 4058 ται
2095 4005 2123 4057 ὁ
2153 4003 2334 4063 ἄθλιος
2379 4002 2683 4074 Ὧριγένης,
2723 4000 2878 4063 τέλος
2928 3998 3217 4070 κηρύττων
3265 3997 3368 4069 τῆς
3411 3995 3561 4050 stola-

1978 4113 2137 4160 σεως,
2162 4095 2236 4158 ὼς
2267 4093 2614 4166 συγχώρησιν
2658 4092 2840 4163 πάσης
2881 4090 3161 4162 ἁμαρτίας
3195 4089 3453 4159 γενέσθαι
3476 4086 3563 4143 καὶ

1977 4191 2089 4252 τοῖς
2127 4186 2435 4258 ἀνθρώποις
2485 4187 2581 4240 καὶ
2616 4188 2729 4249 τοῖς
2760 4184 2978 4257 δαίμοσι
3008 4183 3162 4257 παρὰ
3202 4183 3373 4250 Θεοῦ;
3406 4183 3563 4237 Πάλιν

298 4282 429 4333 tiam
460 4275 751 4347 reiecisse?
775 4273 911 4329 illud
941 4283 1121 4327 autem
1167 4272 1457 4326 obscurius
1497 4279 1552 4325 et
1592 4267 1877 4324 difﬁcilius

298 4371 573 4425 intellectu
630 4377 743 4433 est,
796 4368 980 4438 quod,
1035 4366 1126 4436 qui
1177 4365 1377 4420 dixerit
1422 4363 1652 4418 verbum
1688 4371 1876 4416 contra

298 4460 495 4515 Filium
524 4460 827 4516 remittetur
844 4460 920 4526 ei;
946 4458 1039 4529 qui
1062 4474 1193 4512 vero
1222 4456 1421 4511 dixerit
1447 4456 1666 4509 verbum
1694 4464 1877 4508 contra

1920 4283 1929 4293 '
1977 4280 2035 4334 δὲ
2065 4280 2159 4334 ἐὰν
2186 4280 2219 4350 ή
2252 4280 2333 4343 εἰς
2358 4278 2421 4332 τὸ
2453 4277 2679 4350 Πνεῦμα
2705 4278 2766 4332 τὸ
2788 4278 2942 4347 ἆγιον
2978 4276 3307 4348 βλασφημία
3337 4276 3439 4329 οὐκ
3461 4275 3562 4345 ἔχει

1980 4370 2347 4442 συγχώρησιν,
2383 4371 2437 4424 τί
2466 4372 2740 4443 μέμφεται
2773 4373 2807 4444 ή
2836 4369 3133 4442 Ἐκκλησία
3159 4370 3417 4424 Ναυάτον
3438 4371 3558 4423 ἀπο-

1982 4462 2309 4532 ϐαλλόμενον
2337 4461 2434 4532 τὴν
2462 4463 2785 4533 μετὰνοιαν;
2819 4462 2891 4515 Τὸ
2944 4461 3003 4515 δὲ
3037 4462 3449 4533 σκοτεινότερον
3480 4460 3563 4513 καὶ

296 4553 562 4625 Spiritum
599 4560 848 4606 sanctum
885 4565 989 4604 non
1022 4549 1330 4602 remittetur
1368 4546 1450 4611 ei,
1500 4546 1571 4598 ita
1603 4554 1662 4598 ut
1699 4544 1870 4597 minor

2048 4552 2427 4623 σκατὰληπτον
2456 4553 2630 4607 ἐκεῖνό
2655 4554 2822 4615 ἐστιν,
2841 4553 2921 4605 ὅτι
2941 4552 3001 4615 ὃς
3032 4550 3101 4605 ἂν
3132 4551 3265 4625 εἴπῃ
3294 4551 3454 4622 λόγον
3477 4568 3564 4606 κα-

294 4608 545 4702 vi'deatur
572 4642 743 4698 Filius
776 4656 896 4697 esse
930 4640 1137 4709 Spiritu
1177 4646 1366 4693 sancto
1410 4608 1464 4691 et
1507 4635 1692 4690 Patre.
1726 4634 1870 4701 Quid

2042 4660 2051 4694 ι
2084 4641 2179 4695 τοῦ
2219 4608 2375 4707 Υίοῦ,
2408 4643 2741 4714 ἀφεθήσεται
2772 4608 2948 4713 αῦτῷ·
2979 4608 3041 4706 ῦς
3073 4642 3122 4696 δ’
3158 4608 3391 4715 avlai;
3421 4642 3561 4709 λόγον

291 4756 421 4813 ergo
449 4735 693 4795 nefarios
728 4734 963 4787 Arianos
1000 4730 1301 4800 rejicimus.
1328 4728 1423 4798 qui
1449 4729 1654 4783 Filium
1680 4729 1870 4782 volunt

2042 4734 2122 4788 ιτά
2164 4735 2259 4789 τοῦ
2309 4736 2643 4808 Πνεύματος,
2680 4736 2782 4790 οὐκ
2844 4734 3184 4805 ἀφεθήσεται
3220 4734 3405 4806 αὐτῷ·
3435 4733 3562 4786 ὥστε

290 4847 412 4889 esse
462 4826 781 4885 inferiorem
840 4833 894 4877 et
949 4823 1221 4875 minorem
1264 4819 1526 4889 Spiritu?
1578 4817 1691 4872 Cur
1745 4833 1870 4884 ergo

2043 4824 2219 4879 ἀττων
2254 4826 2403 4881 ἐστὶν
2430 4828 2458 4880 ὁ
2486 4826 2614 4891 Υἱὸς
2641 4828 2792 4897 παρὰ
2815 4823 2877 4879 τὸ
2908 4824 3138 4896 Πνεῦμα
3169 4826 3265 4879 καὶ
3293 4825 3384 4879 τὸν
3408 4823 3563 4877 Πατέ-

294 4923 464 4977 Filius
513 4921 649 4976 dicit
697 4934 712 4971 ε
764 4913 874 4983 Ego
906 4922 955 4967 et
1002 4911 1165 4966 Pater
1214 4928 1378 4966 unum
1424 4927 1608 4966 sumus
1639 4911 1717 4977 ";
1766 4919 1870 4964 et:

2042 4934 2070 4971 ι.
2122 4918 2232 4971 Καὶ
2273 4918 2327 4972 τί
2372 4918 2556 4972 λοιπὸν
2618 4915 3040 4987 ἀποϐαλλὸμεϐα
3099 4918 3231 4982 τοὺς
3296 4917 3557 4988 μἰσαροξις

294 5013 398 5079 Qui
432 5028 535 5066 non
568 5011 798 5065 honorat
830 5003 1054 5070 Filium,
1080 5020 1179 5057 non
1212 5003 1437 5056 honorat
1467 5010 1517 5055 et
1554 5000 1776 5055 Patrem
1801 5001 1869 5065 ”‘;

2042 5009 2326 5080 ιρειανοὺς,
2355 5011 2482 5073 τοὺς
2524 5008 2922 5080 σμικρύνοντας
2967 5007 3063 5062 καὶ
3106 5008 3562 5074 καταϐιϐἁζοντας

296 5109 529 5177 itemque
558 5105 650 5159 hic
683 5102 758 5158 ait
796 5115 810 5151 :
840 5098 1146 5166 Quicunque
1173 5093 1369 5148 dixerit
1423 5097 1633 5148 verbum
1684 5102 1870 5147 contra

2042 5120 2069 5154 ν
2102 5101 2233 5155 Υἱὸν
2285 5101 2437 5173 παρὰ
2473 5102 2535 5155 τὸ
2565 5100 2821 5172 Πνεῦμα;
2860 5100 2975 5155 Καὶ
3020 5101 3145 5167 πῶς
3175 5105 3205 5157 ὁ
3239 5102 3370 5165 Υἱὸς
3395 5102 3560 5168 λέγει·

295 5197 518 5263 Filium,
547 5198 847 5250 remittetur
876 5191 924 5244 ei
955 5187 1040 5241 ”?
1070 5184 1209 5241 Num
1269 5184 1608 5253 blasphemia
1660 5186 1717 5239 in
1770 5184 1868 5239 Fi-

2042 5191 2137 5260 ἶτὼ
2164 5193 2262 5247 καὶ
2283 5196 2317 5247 ὀ
2344 5194 2548 5263 Πατὴρ
2578 5193 2647 5248 ἓν
2674 5194 2863 5264 ἐσμεν
2882 5210 2898 5224 °
2934 5195 3051 5259 καὶ,
3068 5195 3127 5249 '0
3150 5194 3240 5265 μὴ
3264 5194 3450 5265 τιμῶν
3469 5191 3561 5246 τὸν

293 5290 424 5343 lium
459 5290 760 5344 condonata
793 5297 876 5342 est
913 5279 1152 5344 Arianis,
1197 5276 1557 5341 Simonianis,
1585 5276 1860 5333 Sabellia-

2042 5280 2124 5335 ὧν
2156 5284 2229 5338 οὐ
2251 5283 2391 5355 τιμᾷ
2427 5284 2535 5338 τὸν
2558 5285 2824 5354 Πατέραο
2858 5284 2957 5340 καὶ
3001 5285 3170 5341 πάλιν
3212 5285 3451 5341 ἐνταῦοά
3472 5299 3560 5351 quo

292 5382 398 5440 nis,
446 5377 831 5445 Photinianis,
874 5370 1202 5438 exterisque
1236 5368 1533 5430 omnibus,
1578 5368 1671 5437 qui
1719 5370 1868 5424 blas-

2042 5390 2093 5427 ν·
2132 5375 2231 5443 Ὃς
2257 5374 2335 5430 ἂν
2362 5376 2503 5446 εἴπῃ
2540 5378 2726 5447 λόγον
2752 5373 2904 5430 κατὰ
2942 5375 3051 5430 τοῦ
3076 5377 3249 5445 Υἱοῦ,
3281 5374 3564 5447 ἀφεθήσει

364 5489 406 5522 ι’
442 5489 479 5544 ll
510 5488 638 5546 Cor.
671 5505 747 5553 ιγ,
783 5491 869 5545 17,
944 5487 995 5521 ³ο
1026 5482 1184 5535 Rom.
1213 5499 1307 5537 vui
1330 5521 1346 5542 .
1379 5481 1466 5536 i8.
1520 5481 1585 5553 A'ﬁ‘
1614 5480 1801 5553 Matth.
1835 5499 1865 5535 ς

2047 5529 2064 5551 ,
2090 5488 2179 5542 32.
2262 5491 2306 5521 ³⁸
2336 5489 2380 5544 ιι
2398 5490 2526 5546 Cor.
2556 5506 2640 5551 tu.
2666 5489 2719 5544 6.
2802 5490 2849 5522 ’³
2870 5488 3008 5545 Luc.
3041 5507 3149 5553 xu.
3178 5493 3236 5549 9.
3314 5493 3361 5523 “
3384 5490 3559 5547 Matth.

290 5578 392 5626 ιιι,
656 5534 919 5625 ἡςιιίιῗν,
942 5534 1043 5613 2‘2.
1060 5534 1067 5535 ί
1116 5534 1478 5618 "il-Coram,
1514 5551 1599 5606 10.
1682 5534 1870 5606 ιιιὸάξ

2046 5534 2179 5615 ὲόῗ
2208 5559 2255 5591 ί·
2286 5534 2526 5623 ιόεῖιῗᾶξ
2669 5534 2775 5593 "et
2804 5534 3008 5615 uati:
3042 5534 3149 5629 ἱίἱξ
3180 5534 3279 5618 3'2.

293 5668 924 5814 misptﬁxnzggj‘golb.
953 5664 1123 5732 25M,
1158 5663 1251 5734 qui
1291 5672 1374 5721 est
1430 5673 1620 5718 catena
1687 5664 1740 5717 in
1785 5663 2133 5736 Μοιιιιαιιιπιε
2153 5669 2210 5725 in
2253 5672 2413 5729 editis
2450 5689 2669 5745 quoque
2708 5683 3028 5745 comparet,
3086 5677 3184 5734 sed
3233 5692 3437 5749 magna
3488 5670 3562 5729 sui
