3702 6460
1150 54 1289 67 -Αι--Ὦ
1304 62 1341 71 -,..,

295 380 432 438 13⁵87

1131 370 1192 431 S.
1233 368 1603 427 ATHANASH
1639 371 1792 427 OPP.
1834 370 2012 427 PARS
2047 370 2135 425 111.
2174 401 2242 411 -—-
2278 368 2674 427 EXEGETiCAt

3398 374 3508 431 1388

290 499 483 556 nitenti
524 498 900 554 remissionem
947 487 1179 545 dandam
1220 502 1331 544 non
1367 502 1524 552 esse;
1578 486 1675 544 sed
1724 486 1843 541 blas

2003 485 2091 540 θαι
2111 485 2167 539 δὲ
2197 486 2324 558 χρὴ,
2344 487 2425 539 ὃτι
2455 486 2555 540 οὐκ
2574 480 2728 539 εἶπεν
2757 485 2788 537 ὁ
2809 482 3060 557 Χριστὸς,
3086 481 3176 556 Τῷ
3207 481 3507 558 βλασφημῇ.

290 586 600 659 phemanti,
634 586 748 643 sive
793 584 847 638 in
890 579 1227 652 blasphemia
1259 578 1631 649 perseveranti
1658 594 1674 631 :
1699 578 1865 646 siqui-

289 680 412 733 dem
430 677 703 747 condigna
725 672 1048 746 poenitentia
1074 678 1297 741 peccata
1315 668 1501 724 omnia
1525 669 1679 725 eluit.
1708 667 1862 735 Quod

288 781 470 825 autem
505 769 725 832 dicitur,
755 762 1152 835 blasphemiam
1198 761 1254 816 in
1304 758 1570 835 Spiritum
1612 769 1860 816 sanctum

290 848 467 930 ireque
489 860 543 913 in
574 858 700 921 hoc,
727 869 906 925 neque
931 853 985 908 in
1018 850 1206 906 futuro
1248 850 1451 906 saeculo
1486 849 1717 914 dimitti;
1748 849 1867 920 qui-

288 951 412 1006 dam
446 965 503 1005 re
524 948 839 1020 diligentius
870 944 1142 1015 exquisita
1170 942 1382 1009 dicunt,
1421 951 1658 1013 quatuor
1686 940 1865 997 modis

289 1052 638 1111 peccatorum
694 1037 910 1093 veniam
955 1034 1216 1101 concedi;
1255 1033 1471 1090 duobus
1512 1032 1623 1099 bic,
1649 1031 1864 1089 duobus

288 1134 414 1190 item
470 1135 524 1188 in
581 1132 769 1187 futuro
831 1128 1050 1185 saeculo.
1113 1125 1251 1183 Cum
1317 1126 1463 1181 enim
1517 1134 1862 1197 peccatorum

288 1225 466 1283 omnis
499 1222 758 1294 temporis
803 1219 1121 1276 meminisse
1165 1232 1275 1273 non
1324 1217 1639 1287 possimus,
1677 1225 1739 1272 ut
1774 1216 1863 1271 bic

284 1316 661 1387 pmnitentiam
710 1313 939 1384 quilibet
990 1324 1152 1380 agere
1197 1309 1407 1380 possit;
1454 1307 1659 1363 idcirco
1692 1306 1864 1363 Domi-

285 1428 391 1467 nus
430 1420 636 1475 noster,
676 1408 833 1464 nobis
878 1407 969 1462 bic
1005 1400 1384 1475 paenitentiam
1416 1416 1526 1456 non
1554 1402 1859 1473 agentibus,

283 1506 444 1569 duos,
478 1514 536 1558 ut
580 1502 789 1558 dictum
820 1506 923 1564 est,
972 1498 1027 1554 in
1060 1497 1244 1552 futuro
1284 1493 1623 1567 pmnitentia:
1668 1494 1862 1549 modos

284 1594 615 1666 procuravit.
667 1590 806 1646 Cum
853 1589 977 1662 quis
1034 1588 1243 1644 scilicet
1298 1587 1445 1642 bona
1494 1583 1862 1641 indiﬂ'erenter

281 1686 470 1756 egerit,
506 1685 622 1741 sive
663 1681 1039 1739 misericordia
1092 1690 1150 1736 et
1196 1676 1679 1736 commiseratione
1715 1689 1860 1730 com-

1969 594 2119 631 σαντι
2168 578 2261 631 καὶ
2296 580 2684 649 μετανοήσαντι
2726 576 2825 629 οὐκ
2853 576 3218 648 ἀφεθήσεται·
3264 575 3397 629 ἀλλὰ
3430 579 3505 649 Τῷ

1966 668 2393 741 βλασφημοῦντι,
2424 670 2521 722 εἴτ’
2554 664 2647 723 οὖν
2681 668 2990 739 ὲπιμένοντι
3018 670 3085 738 τῇ
3120 666 3443 740 βλασφημίᾳ.
3457 669 3510 723 'll

1964 761 2070 834 γὰρ
2100 760 2375 830 ἀξιόλογος
2409 761 2668 833 μετάνοια
2693 761 2871 815 πάντα
2897 758 3012 813 λύει
3048 759 3115 813 τὰ
3144 760 3507 833 ἁμαρτήματα.

1963 854 2075 924 (22)
2108 854 2181 907 Τὸ
2206 853 2263 907 δὲ
2296 854 2432 925 μήτε
2462 853 2698 908 ἐνταῦθα
2734 852 2988 922 ἀφίεσθαι
3018 851 3096 923 τῷ
3122 854 3203 915 είς
3226 852 3289 906 τὸ
3316 851 3511 923 Πνεῦμα

1964 945 2438 1016 βλασφημήσαντι,
2475 947 2610 1018 μήτε
2658 947 2715 1000 ἐν
2759 944 2837 1017 τῷ
2872 944 3139 1016 μέλλοντι,
3164 944 3311 1009 τινὲς
3351 943 3511 1009 ἐξετά-

1963 1036 2146 1100 ζοντές
2176 1054 2311 1106 φασι
2336 1037 2607 1110 τέσσαρας
2638 1034 2778 1092 εἶναι
2808 1039 3042 1112 τρόπους
3061 1038 3127 1091 δι’
3157 1032 3232 1092 ὧν
3259 1036 3514 1109 συγχώρη-

1964 1147 2047 1194 σις
2079 1131 2493 1202 ἁμαρτημάτων
2528 1132 2771 1200 γίνεται·
2803 1128 2897 1183 δύο
2938 1127 3191 1193 ἐνταῦθα,
3226 1129 3319 1182 καὶ
3359 1127 3442 1182 δύο
3464 1132 3513 1181 ὲν

1935 1222 2039 1294 ντῷ
2074 1223 2337 1295 μέλλοντι.
2355 1223 2571 1295 Ἐπειδὴ
2620 1223 2729 1295 γὰρ
2779 1223 2880 1276 ούκ
2926 1222 3227 1291 ἐφικνεῖται
3266 1222 3301 1291 ἡ
3350 1221 3512 1291 μνήμη

1960 1315 2081 1371 ὅλου
2122 1315 2312 1388 χρόνου
2353 1314 2710 1387 μνημονεύειν
2750 1313 2819 1368 τὰ
2850 1311 3162 1383 σφάλματα,
3190 1312 3278 1365 ῖνα
3304 1311 3514 1367 ἐνταῦθα

1962 1411 2270 1484 μετανοήσῃ
2313 1411 2342 1464 ὁ
2384 1408 2688 1479 ἄνθρωπος,
2720 1404 3036 1477 ᾡκονόμησε
3066 1401 3452 1489 φιλανθρὼπμ
3489 1407 3514 1459 ό

1956 1482 2164 1574 Κύριος
2190 1482 2347 1573 ἡμῶν
2377 1500 2452 1571 μὴ
2480 1497 2880 1570 μετανοούντων
2901 1496 3137 1568 τρόπους
3170 1482 3447 1567 agema;
3465 1496 3514 1548 ὲν

1962 1594 2061 1665 μὲν
2085 1592 2164 1665 τῷ
2194 1591 2461 1664 μέλλοντι,
2485 1589 2561 1655 ὡς
2590 1590 2828 1661 εἴρηται,
2859 1588 2983 1641 δύο·
3017 1588 3147 1642 ὅταν
3191 1604 3277 1651 τις
3316 1586 3515 1656 ἀδιαφό-

1954 1702 2069 1757 ρως
2110 1683 2546 1756 ἀγαθοεργήσας,
2578 1680 2688 1734 εἴτε
2720 1681 2801 1743 είς
2826 1673 3004 1733 οἶκτον
3048 1679 3145 1732 καὶ
3193 1677 3513 1749 συμπάθειαν

281 1788 464 1834 motus
508 1778 562 1832 in
610 1777 944 1848 proximum,
993 1774 1112 1828 sive
1138 1772 1345 1842 quasvis
1370 1770 1475 1826 alia
1500 1767 1843 1824 humanitati:

2003 1774 2096 1847 ρὸς
2117 1775 2208 1829 τὸν
2238 1773 2464 1845 πλησίον
2492 1770 2753 1844 κινηθεὶς,
2780 1771 2813 1842 ἢ
2843 1771 2941 1824 ὅσα
2966 1769 3101 1823 ἄλλα
3126 1767 3513 1841 φλαύρως-εις

3364 1832 3373 1839 ι.

281 1869 461 1924 ofﬁcia
510 1847 853 1939 praestiterit;
900 1880 964 1920 ea
1012 1879 1177 1934 porro
1208 1863 1261 1916 in
1295 1860 1483 1916 futuro
1512 1859 1749 1927 smeulo,
1776 1858 1843 1928 ju-

2003 1864 2191 1937 ίόμενα
2210 1882 2224 1897 ·
2260 1864 2436 1918 ταῦτα
2464 1864 2523 1917 ὲν
2547 1860 2624 1933 τῷ
2651 1862 2896 1933 μέλλοντι
2935 1860 3090 1914 αἰῶνι
3119 1860 3263 1914 κατά
3290 1861 3379 1913 τὸν
3414 1876 3517 1911 και-

279 1962 408 2016 dicii
442 1972 701 2029 tempore,
727 1957 807 2029 ;in
852 1971 1016 2026 quam
1050 1952 1460 2025 propendebunt
1482 1959 1726 2023 partem,
1761 1964 1854 2003 ve-

283 2053 429 2106 niam
460 2056 883 2119 consequentur.
926 2045 990 2101 Et
1026 2047 1116 2100 bie
1136 2044 1355 2115 quidem
1394 2044 1605 2113 primus
1629 2050 1714 2098 est
1738 2055 1855 2096 mo-

280 2143 384 2195 dus
415 2158 429 2196 :
456 2139 730 2194 secundus
758 2152 886 2192 vero
917 2136 964 2192 is
1001 2146 1108 2203 est,
1140 2150 1264 2192 cum
1303 2133 1430 2204 quis
1463 2132 1700 2204 peccatis
1723 2145 1852 2188 con-

282 2230 504 2286 strictus
524 2272 538 2296 ,
570 2230 758 2283 audita
786 2227 1000 2283 Domini
1028 2241 1160 2283 voce
1196 2223 1430 2280 dicentis
1461 2240 1475 2277 :
1514 2220 1854 2292 Nolitejadi—

282 2339 421 2388 care,
442 2332 495 2375 ut
514 2337 618 2375 non
634 2320 975 2391 judicemini,
1006 2318 1074 2373 de
1098 2314 1613 2387 neminejudicare,
1645 2315 1855 2370 exami-

282 2428 411 2473 nato
432 2420 555 2474 vitae
580 2418 853 2481 insututo,
898 2431 1102 2483 ausus;
1135 2421 1325 2486 utpote
1364 2414 1542 2468 cultor
1560 2408 1852 2481 praecepti,

283 2527 457 2583 neque
489 2512 604 2581 ipse
628 2510 928 2581 judicatur.
958 2506 1149 2578 Neque
1174 2506 1323 2563 enim
1353 2503 1600 2559 mandati
1631 2502 1714 2558 sui
1750 2500 1853 2556 im-

281 2618 490 2658 memor
535 2615 619 2658 est
662 2602 755 2657 ille
795 2599 1203 2656 veracissimus.
1238 2595 1472 2653 Duobus
1518 2602 1699 2650 autem
1732 2592 1854 2647 aliis

280 2693 461 2749 modis
493 2692 583 2748 hic
609 2692 768 2747 venia
795 2690 1105 2757 obtinetur;
1133 2703 1256 2745 cum
1280 2685 1406 2757 quis
1429 2683 1690 2741 nimirum
1721 2696 1851 2753 pec-

279 2783 417 2839 satis
438 2782 729 2847 obnoxius,
764 2779 946 2837 divina
970 2778 1323 2851 dispensante
1347 2771 1718 2847 providentia,
1748 2772 1854 2827 mi-

280 2874 461 2943 seriis,
487 2874 749 2930 aerumnis
781 2872 1096 2942 morbisque
1122 2868 1403 2940 afﬂigitur.
1427 2865 1590 2923 Modo
1615 2880 1854 2936 namque

277 2965 385 3025 sibi
414 2965 617 3037 ignoto,
654 2964 740 3019 his
767 2978 797 3018 a
837 2961 949 3017 Deo
985 2968 1269 3032 purgatur.
1310 2957 1380 3015 Et
1410 2957 1457 3015 si
1484 2956 1706 3029 quidem
1737 2966 1854 3012 ten-

275 3065 425 3114 tatus
454 3054 657 3126 gratias
690 3061 851 3124 agat,
888 3050 1198 3107 mercedem
1241 3047 1315 3104 ob
1344 3049 1647 3119 gratiarum
1681 3044 1855 3101 aetio-

276 3163 402 3203 nem
447 3147 678 3217 accipit;
724 3147 806 3200 sin
845 3160 905 3199 se
935 3145 1204 3214 ingratum
1241 3141 1515 3211 praebeat,
1556 3138 1625 3195 de
1656 3136 1850 3193 iisdem

278 3239 514 3308 peccatis
536 3251 769 3307 quorum
794 3251 956 3291 causa
973 3234 1291 3305 corripitur,
1317 3233 1516 3288 iterum
1539 3229 1850 3303 iudicatur:

280 3342 611 3397 .nsnperque
637 3328 848 3382 debitas
891 3328 1103 3396 ingrato
1141 3325 1327 3381 animo
1368 3339 1559 3396 poenas
1588 3324 1738 3379 luere
1760 3337 1855 3377 co-

280 3416 442 3487 gitur.
474 3416 641 3487 Igitur
687 3424 906 3487 peccata
947 3419 1002 3470 in
1057 3415 1309 3471 homines
1355 3415 1620 3479 admissa,
1667 3413 1854 3468 multis

279 3516 510 3574 possunt
544 3505 851 3561 rationibus
881 3504 1181 3563 condonari
1211 3522 1227 3560 :
1255 3520 1383 3560 nam
1426 3505 1473 3560 si
1519 3505 1646 3575 quis
1673 3504 1726 3559 in
1753 3504 1856 3559 ho-

279 3596 480 3652 minem
522 3611 780 3667 peccans,
811 3597 879 3654 de
917 3597 1024 3652 alio
1060 3596 1279 3651 homine
1312 3596 1451 3652 bene
1479 3605 1771 3662 mereatur,
1804 3595 1853 3651 is

275 3703 440 3764 σεξυτι
473 3688 527 3744 in
552 3699 802 3745 naturam
830 3690 1074 3761 peccavit
1101 3689 1281 3746 eidem
1316 3699 1530 3744 natura:
1561 3687 1848 3746 satisfecit.

277 3782 383 3837 Sed
430 3782 765 3853 blasphemia
810 3783 864 3837 in
921 3780 1187 3853 Spiritum
1243 3782 1390 3853 (qua:
1420 3779 1712 3836 infidelitas
1743 3789 1848 3840 est.

277 3872 516 3938 nullam,
560 3874 665 3929 nisi
697 3873 821 3944 quis
860 3871 1034 3929 ﬁdelis
1066 3871 1362 3935 efﬁciatur,
1390 3870 1606 3926 veniam
1651 3870 1850 3926 admit-

274 3962 439 4037 lens),
482 3973 671 4035 utpote
712 3965 1006 4035 impietatis
1052 3974 1107 4021 ct
1157 3962 1496 4019 infidelitatis
1528 3972 1849 4033 peccatum,

277 4068 452 4125 aeque
481 4054 540 4110 in
577 4057 712 4123 hoc,
749 4072 923 4128 neque
950 4058 1005 4111 in
1056 4054 1242 4111 futuro
1276 4055 1482 4111 saculo
1519 4055 1844 4111 dimittetur.

717 4148 997 4203 Athanasii
1027 4145 1404 4213 Alexandrini,

866 4238 938 4295 De
978 4240 1254 4297 lunaticis.

347 4328 586 4393 Domine.
620 4347 862 4388 miserere
891 4331 1003 4402 ﬁlia
1035 4348 1146 4386 meo
1166 4373 1182 4400 ,
1211 4335 1337 4405 quia
1365 4335 1632 4390 lunatum:
1665 4341 1766 4402 est,
1796 4342 1848 4388 et

276 4426 413 4476 male
442 4424 727 4493 patitur".
774 4422 1075 4491 Luuaticis,
1109 4439 1220 4481 non
1265 4426 1397 4483 luna
1428 4426 1654 4482 insania:
1680 4440 1848 4481 causa

1880 3191 1923 3249 C

1910 3368 1913 3369 ν
1954 3336 2240 3407 νήν.Ἐπεὶ
2275 3331 2368 3390 οὖν
2411 3335 2568 3389 ἅτινα
2609 3335 2689 3398 εἰς
2725 3332 3043 3404 ἀνθρώπους
3083 3348 3170 3395 τις
3211 3331 3531 3403 ἁμαρτάνει,

1960 1955 2050 2025 ρὸν
2078 1956 2178 2026 τῆς
2206 1955 2445 2026 κρίσεως
2488 1952 2984 2023 ζυγοστατούμενα,
3013 1952 3098 2021 ἐφ’
3126 1949 3162 2004 ἃ
3209 1951 3310 2022 τὴν
3362 1950 3515 2023 ῥοπήν

1957 2046 2086 2116 εχει,
2118 2044 2460 2116 συγχώρησις
2478 2043 2705 2115 γίνεται.
2727 2044 2837 2097 Kal.
2863 2036 3016 2106 οὗτος
3040 2042 3136 2113 μὲν
3162 2043 3192 2094 ὁ
3216 2034 3297 2104 εἷς
3315 2040 3513 2112 τρόπος·

1953 2136 2201 2209 δεύτερος
2231 2137 2288 2190 δὲ
2320 2131 2474 2202 οὗτος
2495 2153 2508 2166 “
2533 2137 2662 2190 ὅταν
2690 2137 2809 2199 ταῖς
2838 2133 3132 2206 ἁμαρτίαις
3159 2132 3513 2203 συνεχόμενος,

1954 2229 2164 2284 ἀκούων
2196 2229 2254 2284 δὲ
2286 2229 2387 2284 τοῦ
2426 2229 2631 2302 Κυρίου
2679 2228 2960 2297 λέγοντος’
3002 2225 3099 2295 Μὴ
3146 2226 3403 2294 κρίνετε,
3430 2227 3516 2279 ira

1947 2323 2035 2392 μὴ
2066 2321 2322 2392 κριθῆτε,
2350 2322 2681 2394 φοϐούμενος
2703 2320 2890 2375 οὐδένα
2917 2319 3094 2391 κρίνει
3120 2319 3179 2372 ἐν
3199 2322 3269 2390 τῇ
3293 2317 3517 2383 ἐξετάσει

1953 2414 2062 2468 τῶν
2091 2414 2438 2487 βεϐιωμένων
2460 2433 2475 2447 ι
2511 2413 2587 2478 ὡς
2616 2412 2789 2483 φύλαξ
2817 2412 2919 2483 τῆς
2944 2411 3165 2483 ἐντολῆς
3183 2411 3246 2464 οὒ
3271 2411 3516 2482 κρίνεται.

1954 2508 2063 2578 Τῆς
2092 2506 2201 2579 γὰρ
2226 2506 2421 2561 ἑαυτοῦ
2443 2507 2665 2577 ἐντολῆς
2680 2506 2789 2560 οὐκ
2809 2504 3127 2576 ἐπιλήσμων
3151 2504 3181 2556 ὁ
3208 2501 3520 2572 ἀψευδέστα-

1954 2616 2066 2664 τος.
2098 2600 2161 2653 Οί
2188 2600 2246 2653 δὲ
2258 2602 2447 2671 ἕτεροι
2480 2598 2573 2653 δύο
2594 2599 2784 2670 τρόποι
2812 2595 3041 2651 ἐνταῦθα
3063 2593 3161 2667 τὴν
3191 2594 3520 2667 συγχώρησιν

1958 2690 2170 2761 ἔχουσιν
2189 2706 2202 2719 ·
2239 2692 2365 2744 ὅταν
2396 2706 2501 2753 τις,
2535 2691 2593 2743 ὲν
2626 2687 2920 2760 ἁμαρτίαις
2946 2686 3045 2751 ὢν,
3078 2689 3439 2757 οἰκονομεῖται
3465 2688 3522 2739 ὲκ

1954 2782 2055 2854 τῆς
2085 2781 2338 2853 προνοίας
2375 2783 2434 2835 ὲν
2474 2783 2803 2852 συμφοραῖς,
2824 2780 2883 2833 ὲν
2911 2778 3200 2848 ἀνάγκαις,
3235 2780 3294 2831 ὲν
3325 2779 3519 2842 νόσοις·

1954 2873 2031 2937 ὡς
2061 2873 2162 2928 ούκ
2205 2869 2313 2927 οἶδε
2352 2872 2462 2945 γὰρ
2488 2872 2577 2927 διὰ
2604 2871 2714 2925 τῶν
2742 2870 3001 2925 τοιούτων
3030 2870 3289 2943 καθαίρει
3322 2872 3474 2925 αὐτὸν
3497 2872 3526 2924 ὁ

1955 2964 2105 3029 Θεός.
2136 2965 2247 3018 Καὶ
2277 2965 2327 3017 ει
2368 2963 2468 3035 μὲν
2500 2964 2813 3035 εὐχαριστεῖ
2853 2962 3269 3034 πειραζόμενος,
3311 2963 3404 3016 τὸν
3445 2963 3527 3015 ἐπὶ

1954 3058 2022 3128 τῇ
2048 3054 2369 3126 εὐχαριστίᾳ
2397 3054 2587 3125 μισθὸν
2612 3053 2875 3126 λαμϐάνει
2896 3069 2909 3084 '
2954 3053 3002 3105 εί
3030 3052 3088 3106 δὲ
3124 3052 3434 3124 ἀχαριστεῖ,
3465 3051 3527 3105 δι’

1954 3146 2021 3212 ἃς
2051 3148 2148 3219 μὲν
2181 3146 2456 3219 ἁμαρτίας
2483 3145 2819 3213 παιδεύεται,
2850 3147 2916 3199 ἐκ
2934 3143 3043 3198 τῶν
3072 3143 3337 3197 τοιούτων
3363 3143 3531 3215 κρίνε-

1952 3261 2073 3298 ται·
2117 3243 2217 3316 τήν
2244 3243 2302 3297 δὲ
2330 3242 2472 3315 ὑπὲρ
2508 3242 2612 3313 τῆς
2651 3241 2974 3313 ἀχαριστίας
2999 3239 3394 3311 εἰσπράττεται
3421 3255 3533 3291 ποι-

1954 3422 2153 3488 πολλάς
2204 3421 2316 3494 ἔχει
2368 3422 2669 3495 προφάσεις
2725 3422 3163 3493 συγχωρήσεωνο
3206 3421 3533 3493 ἁμαρτάνων

1952 3511 2062 3583 γάρ
2087 3528 2172 3577 τις
2211 3514 2292 3577 είς
2336 3511 2641 3583 ἄνθρωπον,
2676 3510 2834 3565 ἄλλον
2855 3510 2912 3563 δὲ
2937 3509 3229 3583 ἄνθρωπον
3256 3507 3321 3565 εὖ
3352 3511 3533 3573 ποιῶν,

1953 3604 2034 3668 είς
2065 3605 2131 3676 ἢν
2171 3603 2332 3674 φύσιν
2371 3605 2638 3675 ἥμαρτεν,
2671 3603 2808 3673 αὐτῇ
2837 3602 2933 3656 καὶ
2963 3601 3374 3673 ἀπελογήσατο.
3391 3604 3456 3656 Ἠ
3482 3603 3536 3654 δὲ

1952 3695 2033 3758 είς
2056 3694 2118 3747 τὸ
2136 3694 2361 3766 Πνεῦμα
2385 3692 2700 3765 βλασφημία
2725 3693 2861 3765 (ἐστι
2881 3692 2940 3747 δὲ
2961 3693 3215 3759 ἀπιστία,
3244 3692 3323 3765 μὴ
3347 3692 3539 3764 ἔχουσα

1952 3786 2144 3858 ἑτέραν
2184 3787 2458 3858 πρόφασιν
2512 3786 2931 3857 συγχωρήσεως,
2978 3786 3027 3838 εί
3060 3785 3149 3856 ,μὴ
3187 3786 3253 3838 τὸ
3286 3785 3537 3855 γενέσθαι

1951 3877 2185 3949 πιστὸν),
2212 3876 2335 3932 οὔτε
2360 3878 2596 3933 ἐνταῦθα
2633 3878 2757 3933 οὔτε
2791 3880 2849 3932 ὲν
2877 3876 2956 3949 τῷ
2990 3877 3241 3948 μέλλοντι
3270 3878 3537 3945 ἀφεθήσε-

1951 3987 2041 4025 ται
2067 3970 2164 4041 τῆς
2193 3969 2380 4035 ἀθεῖας
2409 3970 2505 4025 καὶ
2533 3970 2790 4034 ἀπιστίας
2813 3970 2848 4040 ἡ
2880 3969 3146 4041 ἁμαρτία.

2222 4231 2229 4238 ὓ
2313 4158 2659 4213 Ἀθανασίου
2693 4156 3141 4227 Ἀλεξανδρείας
3164 4195 3180 4221 ,

2345 4250 2479 4320 Περὶ
2508 4248 2972 4320 σεληνιαζομένων
3000 4247 3138 4318 (23).

2018 4337 2217 4407 Κύριε,
2238 4339 2498 4409 ἐλέησόν
2510 4357 2631 4410 μου
2652 4340 2759 4394 τὸν
2776 4339 2931 4405 υἱὸν,
2962 4338 3054 4393 ὅτι
3091 4337 3539 4407 σεληνιάζεται,

1949 4432 2049 4485 καὶ
2092 4431 2287 4498 κακῶς
2314 4431 2555 4502 πάσχει.
2588 4434 2651 4486 Oi
2683 4430 3146 4503 σεληνιαζόμενοι,
3185 4432 3291 4503 οὐχ
3335 4433 3414 4495 ὡς
3446 4437 3544 4503 τῆς

274 4520 392 4577 est,
435 4528 611 4583 neque
642 4516 786 4568 enim
811 4514 947 4570 luna
989 4515 1058 4571 ad
1101 4516 1305 4571 malum
1340 4526 1395 4573 et
1422 4518 1682 4574 damnum
1708 4514 1843 4571 infe-

2003 4522 2177 4594 ιλήνης
2208 4524 2504 4595 παραιτίας
2543 4523 2833 4595 γινομένης
2866 4523 2966 4595 τῆς
3003 4522 3188 4577 αὐτῶν
3236 4523 3543 4599 φρενοϐλα-

275 4601 504 4656 rendum
538 4603 855 4660 hominibus
876 4615 1059 4661 creata
1081 4615 1201 4672 est,
1226 4608 1321 4665 sed
1361 4608 1429 4663 ad
1480 4607 1843 4664 ministerium

2003 4614 2134 4680 είαςο
2164 4614 2289 4668 οὔτε
2320 4616 2427 4687 μὴν
2451 4617 2485 4686 ή
2518 4615 2715 4687 σελήνη
2746 4612 2968 4685 ἐκτίσθη
2999 4613 3082 4677 είς
3120 4615 3477 4677 κακοποιίαν,
3512 4612 3545 4682 ἦ

274 4692 497 4763 optimis
532 4694 865 4767 milibusque
900 4698 1062 4754 rebus
1099 4700 1476 4771 prtebendum.
1514 4700 1652 4755 Cum
1691 4701 1843 4755 enim

272 4800 340 4838 ex
364 4793 557 4840 natura
591 4801 689 4841 sua
713 4788 939 4844 humida
973 4790 1068 4856 sit,
1100 4790 1491 4848 suavissimum
1520 4791 1845 4861 corporibus

268 4894 530 4935 somnum
561 4890 839 4950 procurat,
887 4885 1067 4939 noctis
1111 4885 1388 4950 tenebras,
1433 4884 1620 4940 colore
1663 4884 1845 4939 lacteo

274 4979 488 5034 ornata,
513 4968 820 5036 demulcet;
857 4973 1029 5030 solem
1054 4990 1183 5030 vero
1203 4976 1297 5046 qui
1323 4976 1505 5031 siccus
1529 4975 1847 5046 calidusque

272 5069 376 5126 est,
405 5075 560 5131 aequa
586 5062 740 5118 lance
761 5072 1049 5136 temperat,
1080 5076 1243 5137 atque
1271 5067 1502 5122 humore
1526 5066 1848 5139 frigiditate-

272 5163 380 5218 que
416 5165 515 5205 sua
557 5151 774 5222 plantas
809 5169 1023 5223 omnes,
1071 5165 1249 5227 prata,
1307 5156 1530 5224 herbas,
1581 5158 1750 5224 olera,
1786 5167 1847 5213 ut

274 5249 448 5294 mater
463 5255 590 5297 vera
613 5243 669 5298 in
691 5244 836 5301 ulnis
856 5248 1132 5319 accipiens
1149 5290 1167 5317 ,
1195 5248 1363 5317 fovet,
1391 5262 1445 5309 et
1466 5253 1739 5309 virescere
1764 5251 1845 5307 fa-

273 5329 376 5396 cit;
394 5330 468 5385 ita
480 5341 540 5385 ut
554 5333 657 5388 sub
674 5350 887 5393 aurorae
902 5343 1307 5411 crepusculum,
1324 5341 1512 5398 videre
1528 5342 1601 5397 sit
1616 5343 1842 5398 arbores

272 5420 456 5477 densis
490 5424 774 5484 frondibus
803 5442 1049 5500 ornatas,
1078 5442 1235 5503 prata
1272 5435 1329 5489 in
1358 5433 1587 5491 summis
1614 5433 1840 5491 ﬂoribus
1870 5495 1879 5500 _

337 5555 382 5586 "
418 5554 616 5613 Matth.
647 5575 760 5617 xm
820 5563 909 5618 H.

345 5689 461 5760 (22)
495 5691 618 5748 llaec
650 5697 719 5770 ad
742 5696 903 5770 linem
928 5714 1123 5769 usque,
1153 5716 1273 5770 qua:
1293 5703 1347 5756 in
1372 5703 1532 5759 editis
1565 5703 1839 5761 desrdera-

277 5760 506 5829 bantur,
558 5774 613 5818 et
656 5767 710 5820 in
756 5767 990 5824 editione
1016 5760 1300 5827 'Attianasii
1327 5782 1513 5829 nostra
1546 5775 1836 5843 separatim

1953 4704 2089 4777 πρὸς
2132 4704 2335 4777 βλάϐην
2362 4706 2462 4776 τῆς
2491 4704 2840 4778 ἀνθρωπίνης
2871 4703 3109 4773 φύσεως,
3147 4704 3270 4759 ἀλλ’
3298 4707 3383 4769 εἰς
3423 4720 3548 4755 συν-

1950 4799 2139 4870 εργίαν
2170 4796 2352 4852 καλῶν
2399 4798 2495 4851 καὶ
2537 4796 2828 4868 ὠφελίμων
2857 4796 3224 4867 πραγμάτων.
3258 4793 3414 4852 Οὖσα
3438 4798 3548 4866 γάρ

1950 4887 2093 4942 κατὰ
2138 4888 2299 4958 φύσιν
2337 4888 2501 4959 ὑγρὰ,
2538 4890 2649 4951 τοῖς
2701 4886 2916 4958 σώμασι
2959 4887 3052 4941 τὸν
3107 4889 3335 4960 ἥδιστον
3380 4888 3549 4942 ὕπνον

1946 4978 2216 5052 προξενεῖ,
2234 4980 2331 5051 τῆς
2350 4979 2408 5033 δὲ
2424 4980 2615 5043 νυκτὸς
2637 4979 2699 5032 τὸ
2727 4980 2918 5043 σκότος
2942 4980 3389 5052 παραμυθεῖται,
3411 4977 3553 5034 οὖσα

1945 5071 2363 5145 γαλακτοφαής·
2394 5070 2472 5142 τῷ
2491 5071 2548 5125 δὲ
2573 5070 2721 5143 ξηρῷ
2749 5072 2842 5126 καὶ
2865 5070 2944 5143 τῷ
2959 5072 3155 5146 θερμῷ
3174 5072 3258 5146 τῷ
3283 5074 3427 5146 ἡλίῳ
3458 5075 3555 5126 ἁν-

1944 5164 2425 5230 τιταλαντεύουσα,
2446 5166 2513 5235 τῇ
2543 5164 2800 5235 ὑγρότητι
2822 5164 2917 5217 καὶ
2939 5166 3008 5236 τῇ
3033 5165 3252 5239 ψυχρίᾳ
3269 5167 3461 5221 πάντα
3487 5165 3555 5217 τὰ

1948 5257 2091 5329 φυτά
2118 5258 2214 5311 καὶ
2232 5257 2357 5322 τοὺς
2372 5255 2663 5327 λειμῶνας,
2680 5255 2775 5311 καὶ
2795 5257 2975 5310 πᾶσαν
2998 5256 3141 5313 πόαν
3164 5260 3264 5313 καὶ
3286 5258 3553 5331 βοτάνην,

1947 5350 2023 5415 ὡς
2045 5351 2227 5422 μήτηρ
2246 5347 2445 5420 γνησία
2467 5346 2555 5402 διά
2576 5347 2676 5419 τῆς
2693 5347 2885 5412 νυκτὸς
2899 5349 3399 5424 ὲναγκαλιζομένη,
3418 5353 3559 5405 ἀνα-

1950 5438 2193 5512 ζωπυρεῖ
2218 5440 2313 5494 καὶ
2341 5438 2628 5493 ἀναϐάλλει
2644 5457 2664 5472 ο
2682 5437 2829 5493 ¹ὥστε
2854 5438 2961 5494 ὑπὸ
2974 5440 3077 5497 τὴν
3092 5443 3171 5497 ἒω
3189 5443 3435 5516 ὁρᾶσθαι
3462 5445 3561 5497 καὶ

1941 5719 2261 5783 ponuntur,
2311 5726 2436 5783 pag.
2492 5711 2658 5783 {00_8,
2712 5713 2967 5783 exi'mss.
3027 5719 3273 5773 mutuati
3301 5726 3537 5771 sumus.

2024 5781 2139 5852 (Ἧι)
2180 5780 2403 5840 ﬂeeces
2424 5782 2544 5838 cod.
2584 5781 2716 5853 Reg.
2754 5781 2911 5853 1995,
2957 5799 2987 5838 x
3014 5789 3225 5857 saeculi
3249 5831 3266 5859 ,
3298 5790 3399 5847 fol.
3429 5788 3546 5846 325
