3702 6422
181 320 289 380 1593

1327 333 1752 393 FRAGMENTA
1784 336 1854 393 IN
1889 337 2150 399 ιυοΑιι.

3247 336 3386 394 1391»

179 437 328 511 φέρειν
352 441 689 513 παρίστησιν,
708 446 828 501 οὐδὲ
862 448 923 502 τὸ
950 447 1196 519 ἁγιάζειν
1210 450 1301 506 τὸν
1325 452 1528 526 Κύριον
1552 471 1706 526 προσ-

1882 458 2055 528 iquam
2103 466 2159 513 et
2196 457 2458 513 honorem
2501 458 2842 514 extrinsecus
2883 453 3164 513 tribuere:
3214 432 3388 526 neque

177 527 345 617 τιθέναι
377 530 525 604 αὑτῷ
556 534 817 604 ἀγιότητα
861 539 1136 609 σημαίνει·
1179 540 1322 596 οὕτω
1372 546 1465 598 καὶ
1505 545 1567 599 τὸ
1613 564 1708 617 με·-

175 615 384 685 γαλύνειν
423 619 513 673 τὸν
559 621 689 676 Θεὸν
716 625 817 679 οὐκ
858 628 1096 684 ἐπίδοσιν
1130 632 1390 703 μεγέθους
1413 615 1707 707 προσάγειν

175 710 297 781 αὐτῷ
336 711 495 784 δηλοῖ·
538 714 651 767 ἀλλ’
701 717 730 768 ὁ
776 719 1090 789 μεγαλύνων
1122 725 1282 780 αὐτὸν
1321 726 1413 780 τοῦ
1449 727 1709 799 μεγέθους

174 801 307 856 αὑτοῦ
352 803 578 878 μετοχὴν
623 808 704 872 είς
751 809 940 863 ἑαυτὸν
991 813 1221 884 δέχεται.
1260 816 1421 871 Ὅθεν
1456 818 1703 892 εἴρηταιο

172 894 469 964 Μεγαλύνει
499 897 537 964 ἡ
570 897 739 968 ψυχή
772 917 892 970 μου
930 903 1034 958 τόν
1068 906 1304 975 Κύριον.
1339 907 1522 963 Ταῦτα
1549 908 1606 963 δὲ
1642 911 1704 964 οὐ

172 986 294 1040 δοκεῖ
323 989 589 1061 παράδοξα
625 990 704 1063 τῷ
732 993 972 1066 ἀκριϐῶς
1003 996 1371 1071 ἐπισταμένῳ,
1405 1001 1480 1065 ὡς
1510 1003 1539 1054 ὁ
1575 1002 1705 1067 Θεὸς

170 1077 220 1131 οὑ
246 1077 456 1150 δέχεται,
483 1081 616 1137 ἀλλὰ
643 1089 869 1157 χορηγεῖ
892 1088 960 1143 τὰ
983 1091 1180 1158 ἀγαθά.

231 1259 339 1316 Ὀτι
360 1262 690 1335 ἐπέϐλεψεν
716 1268 815 1323 ἐπὶ
861 1269 977 1340 τὴν
1019 1275 1380 1330 ταπείνωσιν
1421 1276 1531 1347 τῆς
1568 1279 1706 1334 δού-

165 1354 264 1452 λης
289 1354 482 1452 aeme-
512 1355 640 1411 ἰδοὺ
667 1358 783 1452 γὰρ
808 1361 927 1416 ἀπὸ
956 1364 1060 1419 τοῦ
1087 1364 1204 1421 νῦν
1238 1371 1604 1452 μακαριοῦσί
1626 1389 1706 1442 με

166 1442 331 1499 πᾶσαι
375 1450 435 1500 αἱ
465 1451 692 1518 ’γενεαί.
747 1451 887 1506 Ἀλλ’
951 1449 1062 1511 οἷον
1121 1456 1181 1511 τὸ
1245 1459 1345 1531 τῆς
1383 1441 1706 1534 ’παρθενίας

165 1534 358 1606 χρῆμα;
410 1537 521 1603 Τὰς
573 1540 670 1612 μὲν
718 1542 825 1615 γὰρ
881 1543 1046 1610 ἄλλας
1098 1548 1299 1619 ἀρετὰς
1336 1551 1573 1622 ἀσκῆσαι
1620 1553 1707 1605 θέ-

163 1625 254 1680 λων
303 1628 555 1700 ἕκαστος,
616 1633 721 1687 ὑπὸ
780 1634 875 1689 τοῦ
942 1638 1105 1709 νόμου
1151 1639 1496 1711 ῥυθμίζεται·
1557 1644 1591 1715 ή
1650 1643 1706 1697 δὲ

164 1719 418 1791 παρθενία,
456 1723 546 1778 τὸν
596 1724 757 1798 νόμον
802 1728 1106 1803 ὐπερόᾶσα,
1136 1733 1229 1784 καὶ
1278 1732 1483 1804 μείζονι
1521 1734 1707 1805 σκοπῷ

1812 547 1977 604 etiam
2012 547 2300 604 Dominum
2340 549 2703 612 sanctificare,
2738 547 3011 619 signiﬁcat
3055 546 3130 602 illi
3182 546 3383 601 sancti-

1811 649 1976 697 tatem
2020 640 2250 707 addere;
2291 641 2371 697 sic
2407 641 2757 712 magniﬁcare
2802 639 3006 708 Deum,
3038 654 3146 694 non
3187 640 3389 693 indicat.

1813 732 1914 804 ipsi
1954 732 2201 789 conferre
2247 732 2637 805 magnitudinis
2675 732 3045 790 accessionem
3095 746 3109 783 :
3163 729 3259 786 sed
3291 729 3384 800 qui

1812 824 2125 895 magniﬁcat
2165 824 2367 896 ipsum,
2407 824 2798 896 magnitudinis
2841 824 2987 881 illius
3014 823 3385 894 participatio-

1812 932 1933 972 nem
1962 917 2018 972 in
2049 931 2110 973 se
2132 917 2343 988 recipit.
2378 915 2743 983 Quamobrem
2771 915 2974 972 dictum
3008 924 3090 973 est
3126 931 3138 967 :
3176 913 3387 985 Hagni-

1811 1009 1938 1079 ﬂcat
1964 1010 2146 1064 anima
2175 1025 2291 1064 mea
2318 1009 2621 1066 Dominum.
2659 1006 2791 1077 Quae
2828 1025 2959 1077 sane
2984 1007 3300 1063 admiranda
3334 1006 3384 1062 ei

1812 1116 1918 1154 non
1965 1100 2314 1167 videbuntur,
2358 1100 2449 1170 qui
2498 1101 2663 1171 probe
2713 1100 2926 1154 noverit
2969 1098 3136 1153 Deum
3184 1112 3380 1168 nequa-

1811 1206 1972 1262 quam
1999 1192 2268 1262 aceipere,
2300 1191 2393 1247 sed
2418 1191 2601 1263 largiri
2628 1191 2795 1245 bona.

1882 1283 2022 1350 Quia
2049 1286 2270 1354 respexit
2298 1283 2650 1337 humilitatem
2681 1280 2896 1338 ancillae
2929 1294 3071 1343 suae;
3098 1297 3213 1336 ecce
3245 1280 3388 1334 enim

1811 1391 1876 1431 ea:
1919 1377 2015 1431 hoc
2067 1377 2270 1431 beatam
2325 1392 2406 1431 me
2456 1376 2629 1431 dicent
2682 1391 2859 1429 omnes
2915 1375 3271 1446 generationes
3314 1375 3384 1429 δ’.

1811 1468 1881 1522 At
1915 1469 2093 1540 qualis
2144 1485 2234 1526 res
2281 1478 2368 1526 est
2420 1468 2739 1539 virginitas?
2777 1462 2912 1522 Nam
2971 1467 3106 1522 alias
3165 1465 3390 1536 quidem

1814 1559 2038 1616 virtutes
2080 1561 2126 1615 si
2158 1560 2282 1631 quis
2315 1576 2571 1616 exercere
2614 1560 2762 1626 velit,
2795 1559 2843 1615 is
2872 1574 2902 1614 a
2933 1560 3048 1631 lege
3088 1558 3339 1629 dirigitur
3366 1568 3393 1611 ε

1812 1658 1868 1704 at
1911 1650 2215 1721 virginitas,
2250 1666 2370 1722 quae
2412 1651 2584 1721 legem
2629 1659 2882 1721 superat,
2927 1661 3089 1720 atque
3129 1648 3195 1703 ad
3242 1663 3385 1718 pra:-

1813 1741 2132 1796 stantiorem
2169 1754 2395 1811 scopum
2445 1741 2570 1796 vitae
2614 1740 2922 1796 institutum
2954 1736 3385 1810 agit.indi‘cium

162 1810 247 1882 τὴν
289 1812 501 1887 ἀγωγὴν
548 1815 646 1888 τῆς
696 1818 973 1885 πολιτείας
1014 1821 1228 1893 ἔχουσα,
1280 1823 1567 1897 γνώρισμα
1609 1826 1706 1897 μέν

1882 1842 1890 1884 ι
1938 1828 2103 1884 futuri
2164 1810 2384 1895 saeculi,
2447 1837 2611 1898 atque
2671 1842 2781 1882 una
2833 1826 3088 1895 angelicae
3133 1824 3388 1894 puritatis

160 1901 261 1955 ἐστι
293 1904 379 1957 τοῦ
407 1905 687 1977 μέλλοντος
725 1910 942 1977 αἰῶνος,
971 1913 1134 1968 εἰκὼν
1170 1915 1228 1969 δὲ
1270 1917 1369 1987 τῆς
1400 1916 1507 1970 τῶν
1544 1917 1707 1986 ἀγγέ-

159 1991 251 2046 λων
298 1995 678 2071 καθαρότητος.
732 2002 910 2058 Πολλὰ
955 2005 1052 2076 μὲν
1104 2002 1196 2060 οὖν
1246 2008 1418 2061 εἰπεῖν
1459 2025 1542 2072 τις
1595 2008 1706 2079 ἔχοι

160 2086 271 2157 περὶ
311 2089 507 2160 αὐτῆς·
544 2091 629 2145 ἴνα
656 2093 710 2147 δὲ
750 2094 824 2167 μὴ
868 2097 926 2149 ὲν
974 2100 1225 2169 φανεροῖς
1262 2098 1579 2173 ὲνδιατρίὸω
1621 2100 1708 2154 λέ-

157 2193 274 2244 γων,
303 2177 356 2232 ἒν
388 2180 509 2235 ἀντὶ
534 2184 749 2240 πάντων
787 2187 931 2242 τοῦτ’
970 2188 1158 2254 εἰπὼν,
1209 2190 1307 2262 τῆς
1344 2192 1542 2264 ἀρετῆς
1577 2192 1707 2246 ταύ-

156 2286 243 2339 της
269 2269 417 2336 δείξω
455 2273 516 2327 τὸ
553 2275 799 2346 μέγεθος.
838 2280 895 2333 Ὀ
921 2279 1028 2353 γὰρ
1072 2282 1345 2354 Δεσπότης
1384 2283 1477 2337 τοῦ
1506 2284 1702 2349 παντὸς

154 2362 179 2414 ὀ
216 2362 339 2427 Θεὸς
378 2365 570 2436 Λόγος,
617 2369 859 2437 θέλοντος
890 2372 983 2426 τοῦ
1031 2375 1240 2446 Πατρὸς
1291 2376 1567 2449 ἀνεγεῖραι
1611 2378 1704 2431 καὶ

152 2454 477 2511 ἀνακαινίσαι
523 2459 593 2513 τὰ
642 2461 856 2528 πάντα,
914 2465 1125 2539 μητέρα
1186 2466 1277 2521 τοῦ
1335 2466 1584 2539 σώματος
1641 2463 1703 2523 οὗ

152 2543 327 2616 ιμελλε
360 2553 544 2621 φορεῖν
571 2551 760 2607 οὐδένα
796 2553 936 2625 πλὴν
969 2556 1240 2628 παρθένον
1276 2559 1513 2632 ἠθέλησε
1549 2560 1703 2630 γενέ-

153 2636 286 2705 σθαι,
318 2641 407 2694 καὶ
440 2642 628 2711 γέγονε
650 2661 664 2674 ο
701 2647 796 2700 καὶ
820 2647 992 2715 οὕτως
1023 2652 1158 2723 ἡμῖν
1186 2652 1474 2721 ἄνθρωπος
1511 2653 1705 2725 ἐπεδή-

152 2750 312 2803 μησεν
338 2735 365 2786 ὁ
399 2733 630 2807 Κύριοςα
685 2737 751 2792 ἵν’
782 2738 970 2813 ὥσπερ
999 2742 1068 2796 τὰ
1107 2745 1283 2798 πάντα
1305 2744 1371 2798 δι’
1394 2744 1558 2799 αὗτοῦ
1586 2747 1706 2815 ὲγὲο

148 2841 278 2890 vero,
309 2822 450 2879 οὕτω
490 2830 583 2882 καὶ
615 2831 647 2901 ἡ
694 2832 958 2904 παρθενία
1000 2835 1058 2902 ἐξ
1108 2835 1273 2890 αὑτοῦ
1320 2839 1577 2909 γένηται,
1611 2841 1706 2893 καί

144 2915 208 2970 δι’
236 2916 396 2973 αὑτοῦ
432 2922 596 2975 πάλιν
622 2925 701 2987 είς
737 2925 1060 2997 ἀνθρώπους
1107 2932 1141 3001 ή
1189 2931 1348 3002 χάρις
1379 2930 1517 3003 αὕτη
1550 2932 1700 3003 δοθῇ,

145 3007 233 3062 καὶ
265 3010 502 3077 αὔξουσα
539 3013 813 3091 διαμείνῃ.
850 3019 1019 3073 Ὅσον
1050 3021 1226 3075 τοίνυν
1267 3024 1527 3095 καύχημα
1566 3041 1721 3095 παρ-υ

146 3096 308 3153 θένων
332 3104 451 3156 ἐστί
475 3103 655 3171 τοῦτο,
686 3108 780 3161 καὶ
814 3109 1102 3183 γνώρισμα
1128 3114 1226 3185 τῆς
1247 3116 1304 3169 ἐν
1329 3115 1475 3188 αὑτῷ
1518 3116 1707 3185 θεότη-

1813 1923 2013 1993 imago.
2055 1920 2222 1976 Multa
2271 1936 2402 1978 sane
2445 1921 2514 1977 de
2555 1921 2645 1975 illa
2694 1926 2988 1990 suppetunt
3024 1917 3292 1984 dicenda;
3332 1925 3390 1971 at

1812 2028 1878 2068 ne
1910 2012 2216 2068 manifestis
2255 2014 2308 2067 in
2351 2014 2516 2069 rebus
2568 2026 2752 2067 moras
2797 2011 3046 2075 traham,
3093 2010 3178 2065 vel
3217 2024 3388 2063 unum

1811 2105 2053 2160 omnium
2133 2104 2307 2160 instar
2384 2105 2524 2171 erit,
2594 2118 2705 2173 quo
2777 2100 3090 2172 hujusmodi
3168 2099 3390 2153 virtutis

1812 2198 2177 2269 praestantiam
2254 2197 2546 2253 declarem.
2610 2193 2889 2265 Siquidem
2956 2192 3096 2247 Deus
3150 2189 3388 2259 Verbum

1813 2290 2057 2345 omnium
2111 2288 2395 2354 Dominus,
2446 2304 2571 2343 cum
2623 2289 2783 2344 vellet
2840 2285 3001 2341 Pater
3048 2286 3230 2340 omnia
3278 2284 3393 2339 eri—

1812 2397 1936 2452 gere
2008 2392 2172 2453 atque
2241 2396 2536 2447 renovare,
2595 2391 2822 2435 matrem
2885 2378 3163 2448 corporis,
3237 2375 3391 2446 quod

1813 2482 2124 2543 gestaturus
2177 2481 2315 2539 erat,
2367 2488 2477 2527 non
2528 2472 2689 2527 aliam
2722 2484 2887 2541 quam
2951 2469 3214 2537 virginem
3260 2481 3392 2521 esse

1812 2564 2023 2619 voluit:
2062 2564 2209 2634 quod
2244 2564 2317 2619 ita
2360 2562 2566 2620 factum
2617 2571 2740 2618 est:
2789 2571 2950 2630 atque
3000 2559 3073 2613 ita
3118 2557 3385 2613 Dominus

1813 2654 1878 2707 ad
1915 2670 2013 2709 nos
2057 2654 2222 2709 homo
2254 2654 2634 2724 peregrinatus
2661 2660 2787 2716 est;
2820 2659 2880 2704 ut
2923 2644 3387 2719 quemadmodum

1809 2745 1993 2799 omnia
2027 2759 2123 2815 per
2149 2744 2327 2814 ipsum
2368 2742 2510 2797 facta
2540 2751 2670 2797 sunt
2696 2781 2712 2808 ,
2744 2740 2818 2796 ita
2849 2754 3066 2811 quoque
3102 2737 3399 2808 virginitas.

1809 2851 1876 2890 ex
1929 2838 2050 2906 ipso
2096 2837 2352 2901 oriretur,
2401 2849 2463 2890 ac
2497 2830 2593 2904 ρει·
2620 2833 2800 2905 ipsum
2839 2830 3149 2887 hominibus
3194 2828 3386 2883 istliazc

1811 2932 1979 3003 gratia
2028 2931 2379 2996 tribueretur,
2431 2938 2595 3000 atque
2641 2926 2938 2984 crescendo
2987 2936 3379 2996 perseveraret.

1810 3021 2023 3089 Quanta
2065 3036 2228 3092 porro
2267 3021 2338 3077 sit
2375 3020 2565 3076 isthtec
2604 3019 2873 3090 virginum
2917 3018 3107 3090 gloria,
3148 3025 3203 3071 et
3237 3015 3383 3085 quod

1811 3114 1880 3167 sit
1906 3112 2040 3167 illud
2071 3112 2332 3168 indicium
2361 3111 2484 3181 ejus
2511 3111 2754 3176 deitatis,
2791 3109 2919 3163 hinc
2941 3109 3182 3164 ediscere
3214 3107 3340 3161 licet
3366 3124 3389 3162 ι

141 3207 247 3254 τος,
280 3192 490 3260 ἔξεστιν
532 3197 597 3249 ἐκ
633 3198 822 3253 τούτου
859 3202 1049 3271 μαθεῖν
1070 3218 1085 3231 ·
1124 3204 1185 3257 Εί
1214 3204 1321 3260 τῶν
1350 3206 1526 3274 ἁγίων
1563 3224 1706 3279 μαρ-

1889 3213 2204 3259 sanctorum
2230 3191 2546 3275 hartyrum
2583 3210 2836 3273 parentes
2886 3200 2958 3254 oh
2997 3197 3229 3254 ﬁliorum
3273 3197 3384 3252 ior-

138 3281 313 3355 τύρων
338 3287 387 3339 οἱ
428 3291 606 3356 γονεῖς
633 3290 739 3342 είσι
775 3292 1121 3362 περίϐλεπτοι
1169 3295 1256 3348 διὰ
1295 3296 1394 3368 τὴν
1423 3296 1532 3350 τῶν
1578 3297 1709 3351 υἱῶν

137 3375 355 3449 ἀνδρίαν
380 3393 394 3408 ο
424 3380 519 3432 καὶ
562 3380 740 3452 χαίρει
776 3384 964 3456 Σάρρα
988 3386 1220 3441 τεκοῦσα
1249 3388 1337 3441 τὸν
1374 3387 1579 3454 Ἰσαὰκ,
1616 3389 1714 3442 καὶ

138 3469 399 3540 μακάριοι
429 3471 542 3525 ὅσοι
575 3471 788 3543 ἔχουσιν
822 3476 879 3528 ἐν
906 3475 1042 3529 Σιὼν
1077 3477 1319 3550 σπέρμα,
1349 3479 1446 3533 καὶ
1479 3479 1709 3542 οἰκείους

136 3559 194 3610 ὲν
226 3560 608 3636 Ἰερουσαλὴμ,
632 3564 707 3631 ὣς
738 3583 904 3637 φησιν
932 3571 960 3623 ὁ
991 3572 1275 3642 προφήτης
1302 3588 1316 3603 ·
1355 3572 1519 3625 πόσον
1534 3573 1598 3627 ἄν
1626 3589 1710 3636 τις

134 3649 274 3705 εἴποι
306 3654 369 3707 τὸ
400 3655 663 3727 καύχημα
692 3660 790 3730 τῆς
828 3661 988 3730 ἁγίας
1018 3662 1295 3733 Παρθένου
1321 3663 1417 3716 καὶ
1445 3662 1712 3727 θεοειδοᾱς

131 3741 375 3814 Μαρίας,
408 3744 490 3799 ὅτι
520 3747 703 3819 μήτηρ
730 3749 825 3803 τοῦ
860 3751 1036 3820 Λόγου
1063 3750 1208 3805 κατὰ
1247 3750 1347 3824 τὴν
1372 3752 1584 3821 γένεσιν
1612 3753 1712 3824 τῆς

130 3835 339 3905 σαρκὸς
372 3835 569 3905 γέγονέ
597 3855 658 3892 τε
687 3840 781 3893 καὶ
810 3842 1173 3914 χρηματίζει;
1200 3842 1295 3897 καὶ
1328 3843 1437 3916 γὰρ
1457 3844 1548 3897 τὸν
1570 3843 1729 3898 θεῖονυ

126 3923 285 3977 τόκον
318 3924 509 3978 τοῦτον
541 3930 768 3998 στρατιὰ
798 3932 895 4001 μὲν
923 3932 1169 4002 ἀγγέλων
1200 3932 1407 4006 ὕμνησε
1434 3951 1449 3966 ο
1483 3934 1618 4005 γυνὴ
1652 3934 1713 3988 δὲ

124 4015 228 4086 τὴν
258 4016 450 4087 φωνὴν
477 4018 727 4091 ἐπάρασα
753 4022 908 4092 ἔλεγε
931 4040 943 4052 ’
966 4023 1243 4094 Μακαρία
1258 4028 1297 4096 ἡ
1319 4029 1522 4081 κοιλία
1540 4027 1578 4094 ἢ
1597 4027 1713 4093 ,ϐα-

118 4108 425 4164 στάσασά
454 4126 549 4179 σε,
575 4112 674 4169 καὶ
699 4115 921 4183 μαστοὶ
948 4116 1055 4182 οὓς
1086 4118 1416 4187 ἐθήλασας.
1451 4118 1561 4173 Καὶ
1609 4120 1710 4173 αὐ-

116 4200 188 4272 τὴ
221 4200 283 4254 δὲ
318 4204 351 4274 ἡ
390 4205 708 4274 κυριοτόκος
741 4207 926 4278 Μαρία
968 4209 1061 4263 καὶ
1095 4210 1453 4282 ἁειπάρθενος
1487 4211 1714 4275 ,μείδυῖα

115 4294 180 4348 τὸ
209 4296 271 4348 ὲν
308 4294 452 4367 αὐτῇ
484 4297 793 4368 γενόμενον,
826 4300 1017 4369 ἔλεγεν
1040 4318 1052 4331 ·
1116 4302 1260 4356 Ἀπὸ
1297 4302 1403 4356 τοῦ
1448 4302 1564 4356 νῦν
1593 4320 1709 4372 μω·

115 4386 420 4453 καριοῦσί
426 4403 504 4455 με
534 4385 724 4442 πᾶσαι
747 4393 807 4444 αἱ
831 4391 1048 4461 γενεαί.
1084 4393 1150 4446 Ὃ
1185 4393 1240 4446 δὲ
1267 4392 1455 4462 γέγονε
1494 4396 1561 4464 τῇ
1591 4395 1712 4447 Μα-

114 4478 231 4550 ρίᾳ,
271 4479 443 4533 τοῦτο
471 4480 675 4545 πάσαις
707 4486 823 4546 ταῖς
853 4484 1139 4556 παρθένοις
1157 4486 1238 4549 είς
1264 4484 1510 4540 εῦκλειάν
1538 4486 1704 4540 ἐστιν.

1811 3295 2098 3351 titudinem
2148 3295 2431 3367 conspicui
2490 3303 2653 3359 sunt,
2705 3293 2750 3349 si
2801 3291 2996 3363 gaudet
3046 3288 3181 3345 Sara
3234 3289 3385 3344 lsaa:

1808 3388 1990 3453 enixa,
2017 3396 2071 3441 et
2097 3387 2239 3442 beati
2261 3396 2393 3442 sunt
2416 3392 2686 3457 quotquot
2714 3398 2897 3438 semen
2925 3381 3124 3436 habent
3146 3380 3199 3435 in
3230 3379 3389 3443 Sion,

1809 3489 1864 3534 et
1918 3478 2219 3533 familiares
2266 3478 2320 3532 in
2368 3475 2667 3531 Jerusalem
2697 3515 2712 3540 ,
2750 3482 2810 3527 ut
2868 3472 2945 3527 ait
2999 3471 3259 3541 propheta
3292 3469 3390 3532 '°;

1810 3570 2000 3642 quanti
2029 3567 2352 3624 aestimanda
2383 3574 2469 3622 est
2504 3566 2673 3633 gloria
2704 3570 2906 3619 sanctae
2934 3560 3173 3631 Virginis
3209 3573 3273 3613 ac
3302 3559 3386 3612 dia

1811 3663 1947 3717 vinae
1972 3643 2177 3726 Mariae,
2202 3674 2325 3729 qua:
2353 3656 2517 3713 Verbi
2543 3666 2737 3722 mater,
2765 3653 3063 3710 secundum
3091 3650 3271 3706 carnis
3295 3665 3384 3705 or-

1810 3763 1952 3818 tum,
1973 3762 2055 3807 est
2079 3759 2134 3805 et
2179 3746 2447 3803 vocatur?
2484 3745 2775 3801 Enimvero
2803 3744 3045 3799 divinum
3093 3742 3235 3797 hunc
3263 3758 3387 3814 par-

1810 3856 1925 3902 tum
1975 3858 2101 3898 cum
2169 3840 2490 3911 angelorum
2533 3836 2809 3892 exercitus
2864 3833 3203 3897 celebravit,
3269 3842 3392 3885 tum

1810 3935 2007 3990 mulier
2035 3933 2142 3987 alta
2176 3946 2311 3986 voce
2340 3929 2515 3985 dixit:
2549 3927 2747 3982 Beatus
2794 3934 2970 3980 center
2996 3925 3085 3995 qui
3119 3933 3167 3977 te
3204 3932 3387 3992 porta-

1811 4028 1907 4091 vit,
1934 4036 1986 4080 et
2026 4026 2188 4079 ubera
2217 4038 2335 4093 qua:
2383 4019 2663 4075 auxisti“.
2707 4016 2822 4072 lmo
2874 4016 2998 4086 ipsae
3036 4013 3384 4084 Dominipara

1810 4128 1864 4173 ct
1891 4131 2106 4186 semper
2149 4116 2302 4184 virgo
2342 4112 2532 4177 Maria,
2571 4125 2696 4166 cum
2746 4116 2932 4163 nosset
2959 4107 3008 4161 id
3049 4106 3191 4176 quod
3226 4107 3281 4159 in
3325 4122 3383 4160 se

1812 4219 2019 4280 gestum
2046 4214 2189 4271 erat,
2222 4206 2298 4262 ait
2329 4224 2343 4260 :
2377 4203 2463 4257 Ex
2486 4205 2610 4256 hinc
2633 4204 2839 4256 beatam
2873 4215 2954 4253 me
2992 4199 3164 4252 dicent
3207 4213 3383 4250 omnes

1812 4302 2166 4372 generationes
2186 4300 2252 4352 ⁸⁸.
2283 4297 2441 4363 Quod
2477 4305 2656 4350 autem
2709 4294 2764 4347 in
2811 4291 2977 4346 Maria
3024 4298 3233 4361 gestum
3278 4297 3381 4352 est,

1812 4394 1864 4449 id
1898 4393 2156 4448 omnibus
2186 4386 2489 4459 virginibus
2514 4385 2568 4439 in
2598 4384 2828 4454 gloriam
2858 4380 3038 4437 vertit.
3071 4379 3203 4450 Ipsae
3226 4396 3383 4434 nani-

1811 4500 1919 4555 que
1944 4483 2091 4539 velut
2124 4498 2190 4538 ex
2228 4481 2319 4536 illa
2353 4480 2537 4535 radice
2560 4492 2662 4535 ceu
2696 4476 2926 4549 virginei
2955 4475 3189 4545 pendent
3220 4474 3380 4528 rami.

106 4565 291 4625 Δῦται
325 4569 443 4643 γὰρ
465 4568 539 4634 ὼς
575 4570 682 4624 ἀπὸ
709 4572 862 4645 ῥίζης
894 4574 1107 4645 ἐκείνης
1149 4575 1334 4631 λοιπὸν
1365 4576 1550 4631 κλάδοι
1574 4576 1876 4649 κρέμανται
1907 4574 2244 4648 παρθενικοί.

180 4659 308 4732 (27)
341 4658 463 4714 Kal
492 4659 591 4714 ὅτε
618 4660 1021 4732 ἐπλήσθησαν
1045 4667 1105 4719 at
1132 4666 1344 4736 ἡμέραι
1378 4667 1485 4722 τοῦ
1526 4669 1706 4721 καθα-

1884 4666 1954 4721 Et
1983 4675 2262 4737 postquam
2287 4662 2493 4730 impleti
2527 4671 2649 4716 sunt
2678 4660 2789 4714 dies
2813 4657 3154 4729 purgationis
3178 4672 3381 4711 eorumv

91 4752 344 4825 ρισμοῦ
380 4752 583 4808 αὐτῶν
615 4755 765 4809 κατὰ
794 4755 900 4809 τὸν
937 4758 1125 4825 νόμον
1148 4758 1463 4826 Μωῢσέως,
1484 4758 1706 4830 duma—

1882 4760 2098 4813 nmdum
2130 4757 2293 4827 legem
2330 4753 2570 4824 Μυρτὶς,
2612 4753 2845 4806 tulerunt
2879 4749 3032 4803 illum
3070 4750 3123 4802 in
3158 4748 3383 4802 Jerusa-

96 4860 218 4912 γον
247 4841 458 4898 αὐτὸν
483 4845 574 4907 εἰς
610 4841 1022 4913 Ἰεροσόλυμα,
1052 4846 1445 4916 παραστῆσαι
1476 4846 1557 4912 τῷ
1592 4852 1710 4904 Κυ-

83 4939 230 5005 ρίῳ,
265 4934 482 5001 καθὼς
509 4933 827 5005 γέγραπται
852 4936 923 4990 ἐν
958 4938 1120 5008 νόμῳ
1144 4940 1364 5008 Κυρίου
1388 4956 1401 4969 ·
1438 4940 1566 4993 Ὅτι
1586 4940 1711 4996 πᾶν

84 5027 311 5095 ἄρσεν
340 5024 656 5094 διανοῖγον
676 5025 914 5096 μήτραν
943 5027 1117 5097 ἅγιον
1139 5028 1219 5095 τῷ
1250 5030 1447 5099 Κυρίῳ
1480 5030 1707 5099 κληθή-

79 5135 282 5173 σεται
311 5134 327 5146 ·
363 5117 473 5171 καί
502 5116 609 5172 τοῦ
640 5118 851 5173 δοῦναι
878 5122 1102 5175 θυσίαν
1123 5121 1275 5176 κατὰ
1296 5123 1365 5176 τὸ
1391 5121 1709 5192 εἰρημένον

71 5213 156 5265 ἐν
184 5212 376 5280 νόμῳ
406 5210 652 5278 Κυρίου,
702 5209 905 5281 ζεῦγος
944 5215 1282 5282 τρυγόνων,
1313 5215 1351 5284 ἢ
1376 5214 1489 5270 δύο
1533 5232 1708 5270 νεοσ-

68 5304 258 5371 σοὺς
293 5302 697 5372 περιστερῶν.
750 5304 847 5367 Ὃς
877 5304 1003 5375 οὐχὶ
1033 5304 1187 5359 κατὰ,
1220 5307 1346 5371 τοὺς
1380 5306 1571 5371 ἄλλους
1604 5308 1699 5361 ἁν-

60 5397 374 5470 θρώπους
416 5397 580 5450 ἓνεκα
608 5392 701 5450 τοῦ
751 5392 889 5451 εἶναι
922 5397 1562 5473 καὶ.ὺφεστάναι.σάρκα
1609 5417 1707 5452 πε-

1813 4852 1937 4917 lem,
1980 4862 2038 4905 ut
2064 4851 2445 4905 sieterenteum
2481 4845 2731 4912 Domino,
2773 4846 2909 4899 sicut
2940 4844 3195 4912 scriptum
3220 4851 3295 4895 est
3327 4843 3382 4894 in

1809 4945 1919 5015 lege
1964 4942 2234 4997 Domini:
2267 4940 2411 5006 Quia
2452 4954 2604 4993 omne
2662 4937 3017 4992 masculinum
3067 4934 3377 5000 adapcriens
3444 4946 3447 4949 '

1807 5035 2014 5090 vulvam
2060 5042 2303 5088 sanctum
2356 5031 2432 5084 Do
2449 5031 2589 5084 mino
2638 5028 2947 5085 vocabitur:
2992 5036 3042 5081 et
3085 5035 3142 5079 ut
3189 5026 3379 5078 darent

1808 5127 2034 5181 hostiam
2069 5124 2352 5179 secundum
2384 5121 2522 5192 quod
2554 5120 2755 5174 dictum
2784 5128 2859 5173 est
2895 5120 2949 5171 in
2987 5117 3096 5188 lege
3145 5110 3405 5179 Domini,‘

1806 5235 1907 5288 par
1940 5227 2203 5271 turturum
2229 5255 2243 5278 ,
2284 5224 2375 5268 aut
2402 5218 2532 5268 duos
2572 5213 2748 5283 pullos
2790 5209 3153 5264 columbarum
3182 5208 3249 5261 ".
3277 5207 3381 5275 Qui

1804 5326 1910 5365 non
1958 5317 2019 5364 ut
2048 5317 2193 5364 esset
2225 5318 2278 5361 ct
2305 5305 2616 5369 exsisteret,
2645 5304 2875 5359 aliorum
2901 5300 3180 5355 hominum
3209 5314 3381 5363 more,

1802 5414 2045 5455 carnem.
2067 5397 2280 5462 induit;
2320 5396 2413 5452 sed
2437 5406 2497 5450 ut
2520 5409 2749 5450 carnem
2785 5389 3181 5462 sanctiﬁcaret,
3209 5388 3384 5446 iactus

141 5577 202 5610 “
233 5574 400 5633 Luc.
436 5593 477 5641 t,
512 5575 601 5631 48.
676 5579 720 5609 '°
750 5575 852 5631 lsa.
882 5576 1157 5640 xxxv,.lO.
1237 5579 1279 5610 ⁸¹
1308 5577 1438 5633 Luc.
1471 5596 1543 5644 ιιι,
1568 5580 1659 5635 27.

1882 5595 1939 5636 ιο.
1966 5598 2003 5649 ι,
2036 5580 2124 5637 48.
2200 5579 2244 5611 ⁵³
2284 5576 2418 5634 Luc.
2448 5592 2511 5645 ιι,
2537 5576 2730 5632 *ἑὲ-14.

137 5732 285 5805 (27)
318 5731 471 5798 Quae
495 5739 793 5803 sequuntur
815 5730 867 5784 in
898 5727 1086 5784 eodem
1120 5732 1300 5789 codice
1331 5733 1497 5804 Regio
1522 5732 1663 5788 2M0
1690 5742 1923 5790 exstant.
