3702 6402
246 323 383 385 1595

1049 333 1106 388 S.
1148 334 1515 392 ATllANASli
1551 336 1701 392 OPP.
1739 337 1919 394 PARS
1958 338 2045 395 Ill.
2086 367 2158 378 —
2195 336 2601 393 EXEGETICA.

3344 334 3364 387 1
3376 333 3470 387 396

238 455 323 499 est
346 446 527 502 homo.
567 448 723 532 Quod
766 449 811 505 si
837 450 958 520 quis
996 450 1147 510 illud.
1186 463 1243 507 ut
1278 456 1519 517 sisterent
1552 472 1667 511 eum

2007 457 2249 529 ἑῦληται,
2285 456 2399 511 ἀλλ’
2430 457 2618 510 ἕνεκεν
2643 452 2735 507 τοῦ
2784 448 3026 521 ἁγιάζειν
3058 450 3161 522 τὴν
3187 448 3367 521 σάρκα
3390 462 3469 518 γε·

243 540 407 602 mino,
456 540 523 594 de
572 530 705 612 ipso
736 539 967 599 Domino
1009 545 1214 600 dictum
1257 548 1512 616 excipiat,
1545 549 1593 605 is
1616 565 1746 604 sane
1774 565 1804 604 a

237 632 714 691 verisimilitudine
755 635 975 692 labitur.
1000 636 1356 705 Quandonam
1384 640 1649 697 Dominus
1677 658 1807 697 ocuo

237 719 307 774 lis
353 719 530 778 Patris
575 724 929 782 absconditus
969 725 1095 792 fuit,
1142 739 1200 783 ut
1238 745 1343 785 non
1382 740 1566 798 posset
1590 732 1660 785 ah
1691 732 1808 802 ipso

238 814 583 871 videri?Aut
621 819 746 887 quis
792 819 945 874 locus
972 830 1123 875 extra
1183 822 1303 891 ejus
1355 822 1612 878 ditionem
1665 823 1810 893 posi-

240 913 348 972 tus,
378 916 437 961 ut
468 908 574 963 illic
599 909 821 981 degens,
871 910 1017 966 Patri
1063 928 1303 983 pra:sens
1332 930 1439 969 non
1476 923 1641 977 esset,
1674 918 1809 970 nist-

239 996 634 1071 Jerosolymam
681 1001 879 1057 al!atus
905 1014 959 1059 et
991 1003 1044 1058 in
1079 1005 1335 1075 templum
1365 1006 1618 1062 inductus
1638 1007 1813 1063 esset?

241 1091 353 1144 (Zur
384 1091 668 1163 ﬁguratam
709 1094 942 1150 hostiam
1005 1097 1338 1165 oﬂ'erehaut,
1399 1115 1524 1155 eum
1574 1101 1689 1170 ipse
1743 1101 1813 1155 sit

242 1181 487 1235 veritas?
516 1182 600 1236 An
644 1182 782 1237 forte
817 1200 926 1239 non
959 1201 1055 1254 pro
1100 1186 1210 1251 illo,
1235 1186 1326 1241 sed
1360 1203 1459 1257 pro
1491 1188 1650 1244 nobis
1699 1188 1815 1243 hac

242 1271 442 1343 scripta
468 1274 633 1328 sunt?
667 1273 1139 1341 Quemadmodum
1173 1278 1342 1344 enim,
1378 1277 1521 1333 Deus
1567 1295 1691 1334 cum
1720 1280 1809 1341 sit,

242 1379 352 1418 ιιοιι
387 1365 469 1419 sui
495 1380 682 1433 causa,
701 1375 896 1423 natura
921 1368 1108 1433 homo,
1136 1369 1254 1425 sine
1281 1370 1581 1426 mutatione
1607 1379 1811 1437 tamen,

243 1455 493 1519 edicitur,
529 1473 693 1514 carne
724 1459 1159 1524 circumciditur,
1190 1462 1515 1532 baptizatur,
1545 1472 1674 1525 etc..
1718 1464 1813 1519 sed

246 1548 418 1603 nostri
448 1550 645 1621 gratia,
669 1561 723 1605 ut
758 1569 881 1616 nos,
903 1555 997 1624 qui
1020 1554 1270 1610 homines
1291 1571 1502 1621 sumus,
1527 1556 1816 1626 adoptione

246 1654 343 1708 per
370 1636 598 1713 gratiam
649 1644 724 1698 dii
760 1644 1059 1700 eﬂiciatnur
1080 1683 1098 1710 ,
1124 1655 1179 1701 et
1222 1644 1679 1702 circumcidamur
1705 1648 1827 1717 spi-o.

246 1732 539 1800 ritualiter,
567 1750 676 1789 non
708 1736 1009 1790 secundum
1047 1736 1239 1807 legem,
1271 1737 1460 1791 sordes
1488 1739 1689 1806 peccati
1722 1754 1816 1807 per

245 1820 577 1890 baptismum
612 1823 924 1890 abluamus,
958 1826 1346 1895 cruciligamur
1387 1828 1613 1888 mundo,
1647 1836 1703 1882 et
1733 1844 1821 1881 rea
1849 1815 1895 1875 Β

247 1928 539 1981 surgamus
573 1914 713 1981 Deo;
747 1917 821 1971 ita
864 1917 1010 1986 quod
1047 1917 1134 1972 hic
1168 1917 1368 1972 dicitur
1403 1918 1470 1974 de
1500 1921 1820 1991 purgatione

246 2019 464 2070 eorum,
494 2020 566 2070 et,
599 2018 651 2060 ut
683 2008 925 2061 sisterent
947 2023 1065 2061 eum
1097 2006 1344 2073 Domino,
1378 2019 1433 2063 et
1475 2009 1542 2063 de
1574 2010 1833 2080 ﬁguratis.

257 2093 475 2162 hostiis,
498 2114 603 2151 non
638 2098 829 2168 ipsius,
857 2097 963 2154 sed.
1002 2098 1178 2154 nostri
1210 2114 1373 2156 causa
1414 2112 1565 2169 geSJa
1596 2110 1652 2156 et
1682 2102 1820 2156 scri-

248 2195 343 2254 pta
375 2198 533 2251 sunt,
565 2198 622 2242 nt
669 2190 947 2246 discamus
1002 2190 1282 2260 quomodo
1331 2205 1432 2243 nos
1494 2205 1725 2260 purgare
1766 2199 1822 2244 et

250 2276 447 2333 sistere
494 2279 603 2334 Deo
630 2281 943 2346 debeamus,
976 2283 1211 2354 mystice
1233 2298 1297 2338 ac
1331 2283 1687 2353 spiritualiter
1734 2283 1823 2338 θί-

250 2370 486 2426 ferentes
519 2364 620 2442 ipsi
654 2389 752 2443 par
785 2385 1082 2441 turturum,
1118 2386 1213 2432 aut
1232 2378 1371 2432 duos
1400 2376 1578 2447 pullos
1605 2375 1818 2431 colum-

253 2465 477 2517 barum.
506 2466 714 2521 'l‘nrtur
741 2468 941 2540 quippe
975 2470 1344 2541 temperantia:
1372 2468 1646 2539 etquietis
1669 2484 1819 2540 sym-

250 2555 433 2610 bolum
464 2567 582 2612 est:
634 2575 758 2614 nam
811 2561 1121 2631 solitudinis
1167 2575 1359 2616 amans
1415 2560 1823 2617 continentissi-

253 2658 512 2717 tnnmque
538 2648 739 2704 animal
769 2661 891 2719 est;
935 2651 1008 2707 ita
1052 2661 1112 2707 ut
1142 2653 1260 2709 sive
1298 2667 1448 2707 mare
1474 2651 1590 2708 sive
1619 2651 1820 2706 femina

250 2737 542 2805 defunctis,
575 2750 765 2796 neuter
780 2757 971 2797 eorum
997 2743 1152 2798 alteri
1182 2746 1465 2814 copuletur
1491 2764 1503 2799 :
1538 2744 1671 2813 pulli
1696 2760 1823 2799 vero

254 2830 656 2897 columbarum,
706 2835 1031 2892 innocentiae
1076 2848 1135 2893 et
1177 2839 1616 2894 mansuetudinis
1663 2849 1824 2910 typus

251 2932 398 2976 sunt.
436 2923 719 2997 Quotquot
753 2927 919 2996 igitur
946 2944 1065 2984 sese
1095 2945 1191 3000 per
1216 2930 1608 2984 continentiam
1638 2947 1670 2984 a
1703 2947 1824 2985 ear-

252 3014 469 3072 nalihus
500 3018 867 3091 voluptatibus
891 3028 946 3078 et
977 3022 1439 3093 concupiscentiis
1471 3032 1776 3093 expurgant
1804 3064 1819 3089 ,

252 3120 318 3160 ac
338 3121 434 3176 per
459 3109 825 3168 innocentiam
852 3122 907 3170 et
944 3114 1421 3172 mansuetudinem
1460 3114 1532 3169 ah
1558 3116 1638 3169 ira
1665 3123 1730 3169 et:
1747 3113 1826 3169 fu-

253 3211 389 3253 rore
416 3208 739 3271 temperant,
774 3204 1033 3273 pulchras
1056 3220 1244 3260 revera
1280 3205 1487 3261 hostias
1517 3204 1838 3272 aﬂ‘erentes,.

255 3286 351 3345 Dei
390 3295 634 3362 aspectui
699 3305 903 3366 patent,
938 3313 1003 3352 ae
1061 3299 1115 3352 in
1160 3296 1462 3354 Jerusalem
1507 3298 1713 3353 caelesti
1767 3312 1828 3352 se

258 3382 480 3440 sistunt.
500 3384 646 3440 Nihil
663 3388 862 3459 quippe
886 3389 967 3444 ita
982 3389 1090 3445 Deo
1114 3390 1341 3445 charum
1373 3401 1459 3445 est
1487 3402 1547 3445 ut
1575 3390 1827 3446 innocen-

259 3477 338 3531 tia
385 3490 438 3533 et
480 3478 836 3534 continentia.
874 3478 951 3534 ita
979 3496 1112 3537 sane
1155 3496 1256 3538 nos
1309 3482 1652 3536 continentes
1703 3495 1847 3535 esse.

262 3570 489 3640 expetit,
517 3581 583 3626 ut
614 3587 681 3627 ne
720 3572 939 3643 quidem
985 3574 1053 3629 ad
1104 3573 1601 3644 concupiscentiam
1655 3588 1829 3642 usque

263 3661 544 3717 mulierem
571 3663 933 3733 respiciamus
958 3663 1023 3721 ".
1060 3663 1148 3720 De
1166 3664 1476 3720 innocentia
1506 3671 1689 3717 autem
1716 3663 1830 3717 haec

263 3753 335 3807 ait
364 3772 377 3807 :
412 3753 541 3809 Nisi
589 3757 819 3810 conversi
870 3756 1161 3826 fueritis.“
1190 3756 1491 3827 cfﬁciamini
1536 3756 1674 3810 sicut
1707 3768 1833 3823 par-

1908 569 2064 621 γονεν
2096 549 2400 622 ἄνθρωπος.
2435 550 2498 602 Ei
2529 542 2587 602 δὲ
2629 546 2723 601 καὶ
2754 546 2833 610 τὸ,
2883 540 3275 613 παραστῆσαι
3295 542 3473 597 αὐτὸν

1907 642 1989 708 τῷ
2028 643 2240 712 Κυρίῳ,
2269 642 2397 714 περὶ
2426 639 2590 696 αὐτοῦ
2623 636 2717 692 τοῦ
2750 632 2954 708 Κυρίου
2991 654 3077 701 τις
3109 634 3352 699 ἑκλάϐοι,
3387 638 3472 689 καὶ

1908 735 2083 798 οὕτως
2111 735 2365 788 ἐκπίπτει
2408 732 2501 786 τοῦ
2537 731 2764 794 είκότος.
2814 729 2950 782 Πότε
2998 727 3108 799 γὰρ
3138 725 3426 797 ἀπεκρύὸη
3450 729 3477 780 ὁ

1910 828 2116 900 Κύριος
2142 828 2206 881 ὲκ
2251 826 2360 879 τῶν
2397 824 2689 895 ὀφθαλμῶν
2724 821 2819 875 τοῦ
2853 820 3063 893 Πατρδς
3086 862 3102 887 ,
3149 821 3238 873 ἴνα
3288 818 3363 890 μὴ
3390 818 3448 871 δυ

1910 918 2047 991 νηθῇ
2098 918 2187 971 ὑπ’
2230 914 2393 970 αὐτοῦ
2431 913 2698 985 ὁρᾶσθαι;
2734 913 2804 965 Ἣ
2833 914 2983 974 ποῖος
3012 910 3177 972 τόπος
3239 907 3344 975 ἔξω
3388 907 3477 977 τῆς

1912 1009 2076 1065 αὑτοῦ
2106 1007 2419 1072 δεσποτείας
2445 1005 2700 1078 ὑπάρχει,
2732 1002 2818 1057 ἵνα
2848 1002 2963 1056 ἐκεί
3001 1001 3077 1055 ῶν
3112 999 3188 1074 μὴ
3219 1001 3365 1072 παρῇ
3408 997 3480 1068 τῷ

1914 1102 2109 1173 Πατρὶ,
2142 1102 2190 1154 εί
2222 1100 2297 1171 μὴ
2335 1101 2415 1163 είς
2450 1096 2796 1169 Ἰεροσόλυμα
2841 1092 3132 1165 ἀνηνέχθη,
3170 1093 3264 1145 καὶ
3294 1094 3375 1154 είς
3395 1091 3481 1144 τὸν

1913 1193 2040 1246 ναὸν
2090 1189 2422 1262 είσηνέχθη;
2455 1186 2583 1250 Πῶς
2613 1185 2670 1240 δὲ
2714 1185 2807 1239 καὶ
2858 1184 2957 1249 τὰς
3004 1184 3244 1249 τυπικὰς
3298 1182 3481 1245 θυσίας

1916 1282 2274 1357 προσέφερον,
2310 1278 2477 1334 αὑτοῦ
2518 1277 2855 1350 ὑπάρχοντος
2886 1276 2986 1348 τῆς
3032 1272 3326 1343 ἀληθείαςς
3368 1274 3483 1344 Mi]-

1917 1378 2034 1430 ποτ’
2059 1371 2153 1431 οὖν
2177 1375 2240 1429 σύ
2278 1374 2351 1428 δι’
2390 1370 2587 1435 αὐτὸν,
2622 1369 2760 1424 ἀλλὰ
2800 1369 2867 1423 δι’
2896 1370 3047 1440 ἡμᾶς
3076 1366 3249 1425 ταῦτα
3283 1366 3481 1437 γέγρα-

1915 1483 2091 1531 πταις
2141 1466 2355 1538 Ὠσπερ
2389 1462 2520 1536 γὰρ,
2550 1461 2682 1525 Θεὸς
2727 1459 2837 1525 ῶν,
2879 1462 2940 1514 οὐ
2983 1458 3049 1515 δι’
3084 1458 3281 1513 ἑαυτὸν
3331 1457 3484 1527 φύσει

1916 1558 2204 1632 ἄνθρωπος
2247 1555 2535 1628 ἀτρέπτως
2581 1555 2811 1626 γίνεται,
2840 1553 2935 1607 καὶ
2970 1550 3131 1624 σαρκὶ
3172 1547 3485 1621 περιτέμνε-

1914 1668 2027 1715 ται,
2062 1651 2158 1705 καὶ
2192 1647 2534 1720 βαπτίζεται,
2568 1649 2664 1702 καὶ
2690 1645 2892 1710 τᾶλλα,
2934 1640 3069 1699 ἀλλὰ
3100 1640 3171 1695 δι’
3207 1640 3376 1713 ἡμᾶς,
3403 1640 3486 1694 ίνα

1917 1746 2104 1814 ἡμεῖς,
2140 1741 2415 1813 ἄνθρωποι
2447 1739 2620 1804 ὄντες,
2649 1739 2793 1793 θέσει
2826 1736 2913 1791 διὰ
2939 1736 3037 1807 τῆς
3067 1732 3293 1807 χάριτος
3322 1731 3485 1801 γενὼα

1924 1833 2066 1903 μεθα
2102 1832 2235 1899 θεοὶ,
2266 1832 2362 1886 καὶ
2394 1830 2822 1905 περιτμηθῶμεν
2852 1823 3263 1898 πνευματικῶς,
3291 1824 3404 1877 ἀλλ’
3425 1822 3485 1877 οὗ

1918 1928 2177 2001 νομικῶς,
2208 1929 2304 1981 καὶ
2326 1926 2417 1981 τὸν
2449 1926 2619 1999 ῥύπον
2653 1921 3045 1994 ἀπονιψιὶηιεθα
3088 1916 3191 1990 τῆς
3224 1917 3487 1989 ἁμαρτίας

1917 2021 2006 2075 διὰ
2036 2019 2132 2074 τοῦ
2162 2019 2557 2091 βαπτίσματος,
2591 2016 2686 2071 καῖ
2731 2012 3138 2086 σταυρωθῶμεν
3171 2008 3251 2080 τῷ
3283 2009 3483 2079 κόσμῳ,

1919 2115 2013 2169 καὶ
2050 2112 2375 2184 ἀναστῶμεν
2406 2111 2483 2182 τῷ
2507 2110 2627 2183 Θεῷ
2651 2125 2669 2142 ο
2701 2108 2845 2162 οὔτω
2874 2104 3104 2161 κάνθάδε
3150 2101 3214 2156 τὸ
3243 2101 3372 2172 περὶ
3397 2099 3488 2153 τοῦ

1920 2205 2263 2278 καθαρισμοῦ
2288 2203 2488 2266 αὐτῶν,
2520 2202 2614 2256 καὶ⁸
2654 2200 2737 2261 τὸ,
2778 2194 3169 2267 παραστῆσαι
3198 2193 3386 2248 αὑτὸν
3412 2189 3492 2257 τῷ

1920 2296 2136 2364 Κυρίῳ,
2152 2294 2246 2348 καὶ
2258 2292 2386 2364 ’περὶ⁸
2412 2291 2521 2345 τῶν
2548 2289 2792 2343 τυπικῶν
2817 2286 3115 2351 θυσιῶν,ού
3140 2282 3207 2337 δι’
3226 2281 3493 2347 αὑτὸν,ἁλ-

1919 2386 1989 2441 λὰ
1999 2388 2064 2441 δι’
2080 2388 2229 2457 ἡμᾶς
2247 2385 2341 2438 καὶ
2351 2382 2640 2453 γεγένηται
2673 2380 2767 2434 καὶ
2782 2379 3110 2451 γέγραπταιθ
3130 2375 3221 2429 ἵνα
3239 2373 3494 2446 μάθωμεν

1922 2477 2204 2549 καθαίρειν
2228 2475 2323 2530 καὶ
2341 2472 2691 2546 παριστάνειν
2715 2471 2939 2533 ἑαυτοὺς
2959 2467 3037 2539 τῷ
3059 2466 3201 2536 Θεῷ,
3223 2461 3494 2536 μυστικῶς

1924 2551 2329 2644 προσφέροντες
2358 2564 2506 2636 αὐτῷ
2541 2564 2636 2617 καὶ
2666 2559 3049 2632 πνευματικῶς
3081 2556 3279 2625 ζεῦγος
3304 2552 3495 2626 1M6-

1926 2683 2052 2728 νων,
2083 2663 2121 2734 ἤ
2144 2661 2238 2716 δύο
2260 2658 2515 2721 νεοσσοὺς
2547 2652 2905 2728 περιστερῶν.
2941 2651 3053 2709 Rat
3078 2651 3113 2721 ἡ
3153 2649 3253 2713 μὲν
3284 2644 3494 2719 τρυφῶν

1925 2755 2280 2827 σωφροσύνης
2317 2751 2410 2804 καὶ
2444 2746 2675 2821 ἡσυχίας
2712 2744 2979 2817 σύμϐολον
3002 2758 3015 2772 ⁸
3052 2740 3358 2811 φιλὲρημσν
3389 2736 3499 2807 γὰρ

1924 2851 1987 2905 τὸ
2019 2848 2158 2915 ζῶον
2181 2847 2279 2902 καὶ·
2307 2842 2749 2917 σωφρονέστατον
2769 2856 2783 2870 ο
2813 2838 2954 2892 ὥστε
2980 2834 3071 2889 τοῦ
3095 2833 3326 2905 ἄρρενος
3347 2831 3380 2902 ἦ
3404 2829 3494 2883 τού

1926 2942 2118 3015 θήλεος
2174 2938 2639 3009 ἀποθνήσκοντος,
2678 2931 2799 3004 μηδ’
2853 2931 3042 3001 ἕτερον
3093 2924 3275 2980 αὐτῶν
3332 2923 3502 2993 ἑτέρῳ

1928 3032 2354 3103 συζεύγνυσθαιο
2401 3031 2449 3083 oi
2492 3027 2551 3082 δὲ
2583 3025 2793 3079 νεοσσοὶ
2838 3023 2945 3076 τῶν
2980 3014 3328 3093 περιστερῶν
3370 3016 3500 3069 ἀκα-

1928 3130 2054 3193 κίας
2087 3126 2181 3182 καὶ
2215 3123 2521 3196 πραότητος
2547 3116 2737 3182 τύπος.
2769 3117 2924 3169 Ὅσοι
2955 3114 3137 3166 τοίνυν
3168 3110 3258 3164 διὰ
3294 3125 3500 3179 σωφρο-

1931 3221 2097 3292 σύνης
2139 3217 2493 3288 καθαίρουσιν
2541 3211 2766 3274 ἑαυτοὺς
2816 3207 2923 3262 aes
2980 3200 3264 3277 σαρκικῶν

1927 3316 2021 3369 καὶ
2046 3309 2373 3384 ἐπιθυμιῶν,
2402 3306 2496 3361 καὶ
2522 3304 2610 3358 διὰ
2645 3303 2744 3374 τῆς
2779 3299 3016 3362 ἀκακίας
3067 3297 3163 3351 καὶ
3205 3294 3503 3366 πραότητος

1928 3407 2223 3477 ἀπέχονται
2245 3400 2416 3473 θυμοῦ
2441 3400 2537 3454 καὶ
2558 3396 2749 3470 ὀργῆς,
2781 3393 2951 3457 ὅντως
2974 3390 3147 3453 καλὰς
3173 3388 3364 3451 θυσίας
3391 3389 3509 3440 ἐπι-

1930 3498 2240 3569 φερόμενοι,
2279 3492 2604 3548 ὁπτάνονται
2636 3486 2714 3559 τῷ
2733 3484 2872 3557 Θεῷ,
2909 3483 3004 3537 καὶ
3030 3478 3506 3569 παρίστανταιᾲείς

1940 3566 2293 3661 Ἰερουσαλὴμ
2320 3584 2419 3656 τὴν
2461 3578 2804 3651 ἐπουράνιον.
2852 3574 3017 3629 Οὐδὲν
3056 3572 3169 3644 γὰρ
3219 3570 3366 3623 οὕτω
3392 3566 3509 3661 βεῷ

1932 3660 2085 3749 φίλον
2115 3678 2191 3742 ὥς
2221 3676 2427 3731 ἀκακία
2470 3674 2566 3727 καὶ
2609 3665 2949 3741 σωφροσύνη.
3002 3664 3226 3736 Ἀμέλει
3265 3660 3509 3714 τοσοῦτον

1932 3774 2079 3844 ἡμᾶς
2110 3767 2248 3825 εἶναι
2279 3768 2534 3841 βούλεται
2567 3764 2869 3836 σώφρονας,
2896 3758 2973 3821 ὡς
3008 3755 3147 3829 μηδὲ
3175 3753 3369 3827 μέχρις
3391 3754 3509 3804 ἐπιδ

262 3843 372 3897 ridi
406 3846 476 3912 ”,
516 3863 635 3902 non.
656 3863 917 3918 corporea
951 3848 1172 3919 quidem
1203 3856 1451 3914 statura;
1481 3846 1576 3902 sed
1607 3845 1724 3916 ἱιεοιι

2051 3866 2135 3928 ίας
2169 3862 2462 3935 ὲμόλέῇιν
2490 3855 2729 3927 γυναικί.
2776 3851 2911 3924 Περὶ
2943 3850 3000 3904 δὲ
3023 3848 3124 3920 τῆς
3147 3845 3384 3936 ἁκακίας
3411 3859 3509 3912 φη-

266 3951 454 3991 rorum
489 3939 855 3995 innocentiam
882 3940 1173 4011 signiﬁcat.
1204 3939 1728 4009 Mansuetudinispo

2045 3972 2057 3986 -
2103 3953 2239 4007 Ἐὰν
2254 3951 2339 4022 μὴ
2373 3946 2679 4017 στραφῆτε
2708 3944 2806 3997 καὶ
2841 3941 3103 4008 γένησθε
3150 3938 3235 4003 ὠς
3263 3935 3337 3989 τὰ
3384 3949 3507 3986 παι-

263 4039 318 4082 et
345 4027 671 4086 humilitatis
702 4046 822 4086 sese
878 4032 933 4086 in
960 4032 1269 4101 exemplum
1304 4032 1555 4102 proponit
1597 4031 1725 4085 dice:

2049 4087 2055 4106 ,
2094 4044 2154 4096 οὐ
2184 4041 2324 4094 κατὰ
2347 4041 2447 4109 τὴν
2479 4033 2795 4108 σωματικὴν
2822 4030 3058 4102 ἡλικίαν,
3091 4026 3232 4080 ἀλλά
3268 4026 3367 4095 τὴν
3384 4025 3511 4077 ἅκα-

263 4119 468 4174 Discite
491 4137 526 4174 a
548 4137 627 4175 me
648 4124 770 4192 quia
791 4124 936 4177 mitis
959 4140 1084 4178 sum
1098 4133 1147 4178 et
1169 4123 1385 4177 Immitis
1404 4123 1560 4176 corde
1581 4121 1646 4175 ⁵⁸.
1668 4119 1725 4187 ρι

2049 4134 2179 4189 ρδιὰ
2204 4133 2314 4187 τῶν
2352 4129 2557 4185 παίδων
2606 4126 2905 4198 σημαίνων.
2960 4119 3281 4194 Πραότητος
3319 4116 3377 4168 δὲ
3425 4114 3511 4168 καὶ

266 4211 315 4265 si
346 4212 469 4282 quis
490 4212 709 4277 dixerit,
750 4212 932 4280 Quare
974 4222 1275 4270 memorata
1308 4212 1562 4268 animalia
1592 4214 1720 4268 bina

2045 4221 2436 4297 εινσφροσύνης
2491 4217 2682 4272 ἔαυτδν
2733 4213 3039 4282 ὑπόδειγμα
3066 4209 3253 4278 τίθησι
3301 4206 3507 4297 λέγωνῖ

268 4298 411 4357 ferri
426 4304 702 4375 praecepit,
732 4314 788 4359 et
821 4306 925 4360 alia
954 4305 1175 4376 quidem
1224 4306 1460 4376 perfecta
1480 4347 1496 4372 ,
1528 4304 1633 4359 alia
1664 4320 1730 4375 pu

2051 4321 2167 4372 ista
2188 4295 2290 4371 ἀπ’
2318 4313 2487 4383 ἐμοῦ,
2517 4311 2606 4364 ὅτι
2635 4305 2826 4377 πρᾶός
2873 4307 2989 4373 ειμι
3014 4302 3113 4356 καὶ
3139 4300 3424 4366 ταπεινὸς
3446 4295 3513 4365 τῇ

268 4394 382 4448 vnit
409 4395 574 4449 esse?
613 4395 742 4452 huic
783 4411 1043 4467 reponam
1076 4438 1103 4463 ,_
1139 4412 1277 4452 eum.
1321 4397 1485 4452 homo
1514 4412 1583 4452 ex
1621 4396 1730 4450 duo

2052 4408 2176 4474 ὔίᾳ.
2205 4407 2268 4459 Εἰ
2292 4405 2348 4457 δέ
2381 4421 2465 4466 τις
2486 4401 2630 4455 εἴποι
2650 4414 2664 4428 ’
2692 4397 2788 4452 Διὰ
2814 4393 2867 4449 τί
2914 4393 3007 4448 δύο
3033 4392 3129 4447 καὶ
3161 4390 3257 4445 δύο
3281 4387 3514 4462 προσφέ-

267 4487 705 4551 constet,anima
728 4488 939 4544 scilicet
967 4499 1024 4544 et
1054 4504 1305 4558 corpore,
1323 4489 1592 4559 duplicem
1622 4504 1653 4542 a
1683 4504 1729 4542 tn

2054 4499 2137 4553 θαι
2172 4498 2241 4552 τὰ
2277 4493 2538 4567 εἰρημένα
2590 4490 2703 4557 ζῶα
2733 4487 3006 4549 ἐκέλευσε,
3058 4485 3155 4537 καὶ
3198 4482 3273 4536 τὰ
3310 4483 3408 4554 μὲν
3436 4479 3516 4532 τέ-

270 4579 661 4635 eontineutiam
694 4592 748 4637 et
776 4581 1250 4638 mansuetudinem
1310 4581 1481 4637 Deum
1534 4581 1732 4652 requiri

2059 4609 2087 4654 '.,
2118 4590 2186 4642 τὰ
2224 4588 2281 4641 δὲ
2317 4585 2609 4649 νεοσσούςς
2659 4581 2824 4651 φημὶ,
2857 4578 2961 4641 ὄτι,
2992 4576 3088 4630 τοῦ
3123 4577 3418 4653 ἀνθρώπου
3448 4571 3521 4624 δι-

271 4668 408 4725 Nam
433 4670 479 4724 si
505 4686 735 4743 corpore
767 4674 988 4744 quidem
1036 4690 1067 4729 a
1101 4673 1415 4730 carnalibus
1475 4673 1733 4742 voluptati

2056 4680 2085 4733 ὖ
2136 4680 2286 4742 ὄντος
2314 4719 2329 4743 ,
2360 4675 2638 4729 τουτέστιν
2674 4674 2738 4724 ὲκ
2776 4668 2956 4739 ψυχῆς
3002 4667 3097 4721 καὶ
3132 4666 3410 4739 σώματος,
3452 4662 3518 4715 δι·

267 4765 594 4830 nhstineam,
620 4768 806 4822 animo
836 4778 1019 4824 autem
1060 4767 1127 4823 ad
1160 4782 1361 4823 earum.
1379 4764 1687 4836 cupidinem
1722 4779 1729 4816 ι

2054 4791 2091 4844 ιν
2119 4771 2271 4842 ζητεῖ
2298 4768 2428 4840 παρ’
2472 4764 2629 4837 ημῶν
2669 4763 2698 4815 ὁ
2740 4761 2870 4825 Θεὸς
2907 4762 3007 4829 τήν
3057 4776 3118 4812 τε
3172 4755 3516 4830 σωφροσύνην

272 4874 420 4925 vear,
445 4874 555 4914 non
586 4860 898 4924 continens,
950 4860 1044 4915 sed
1076 4859 1328 4915 moechus
1361 4875 1503 4915 sum.
1555 4856 1691 4910 Nam

2077 4865 2175 4936 τὴν
2198 4861 2499 4934 πραότητα.
2530 4858 2595 4909 Et
2624 4854 2733 4925 γὰρ
2755 4852 2896 4907 κατὰ
2921 4852 3019 4921 μέν
3043 4850 3105 4903 τὸ
3130 4849 3297 4921 σῶμα
3329 4847 3517 4916 ἀπέχο-

270 4952 529 5020 respexit,
562 4950 661 5014 ait,
706 4950 775 5004 ad
807 4950 1306 5021 concupiscendum
1337 4991 1352 5013 ,
1394 4950 1507 5019 jam
1542 4948 1732 5003 match:

2089 4950 2364 5024 σαρκικῶν
2392 4945 2614 5018 ἡδονῶν,
2643 4944 2781 4998 κατὰ
2805 4944 2862 4996 δὲ
2886 4943 2984 5011 τὴν
3010 4939 3192 5009 ψυχὴν
3247 4939 3388 5009 πρὸς
3412 4941 3518 4989 ἐπι-

270 5054 356 5097 est
383 5044 434 5096 in
466 5042 634 5099 corde
675 5042 742 5097 ³⁷.
767 5044 846 5100 Ac
869 5059 1112 5108 rursum,
1140 5045 1233 5112 qui
1260 5044 1440 5112 specie
1456 5042 1676 5113 quidem
1699 5056 1732 5095 ιι

2059 5023 2173 5095 ,ίαν
2204 5039 2408 5094 τούτων
2450 5034 2705 5104 κινοῦμαι
2732 5078 2745 5095 ,
2796 5033 2897 5084 οὐκ
2930 5027 3045 5100 εἰμὶ
3081 5028 3326 5100 σώφρων
3355 5069 3370 5087 ,
3402 5023 3521 5080 ἀλλὰ

273 5148 469 5190 suetus
515 5150 637 5191 esse
671 5136 923 5204 videtur;
967 5137 1150 5192 anima
1178 5146 1360 5191 autem
1414 5135 1481 5189 ad
1527 5136 1663 5189 iram
1700 5149 1735 5188 ei

2061 5133 2164 5201 χόςε
2211 5131 2269 5183 Ὁ
2297 5128 2406 5199 γὰρ
2454 5124 2748 5196 ἐμϐλέψας,
2778 5121 2930 5191 φησὶ,
2982 5120 3122 5191 πρὸς
3154 5117 3220 5172 τὸ
3263 5115 3523 5188 ἐπιθυμῆ-

276 5243 527 5288 movetur
553 5253 568 5299 ;
593 5249 703 5288 non
737 5234 1018 5297 innocens,
1046 5230 1139 5287 sed
1174 5229 1451 5301 hypocrita
1473 5238 1527 5283 et
1557 5228 1738 5281 iraeun

2065 5225 2190 5295 ,ήδη
2219 5220 2533 5292 ἐμοίχευσεν
2563 5219 2619 5269 ὲν
2652 5211 2960 5283 τῇτκαρδίᾳ.
2990 5210 3102 5263 Καὶ
3138 5205 3303 5272 αὖθις
3328 5210 3359 5262 ὁ
3401 5205 3527 5262 κατὰ

277 5333 380 5387 est,
423 5294 653 5378 occultae
682 5323 904 5377 malitia:
932 5294 1331 5391 operimentum
1362 5318 1569 5372 habens
1618 5330 1738 5369 etne

2065 5294 2361 5383 βαινόμενον
2387 5308 2559 5361 δοκῶν
2577 5300 2717 5358 εἶναι
2741 5302 2934 5373 πρᾶος,
2964 5300 3109 5353 κατὰ
3144 5298 3202 5352 δὲ
3233 5298 3337 5369 τὴν
3367 5294 3527 5367 ψυχὴν

282 5423 388 5466 tam
423 5413 569 5466 illam
598 5413 925 5468 innocentia:
955 5390 1192 5481 speciem
1226 5429 1239 5465 :
1272 5409 1417 5479 quod
1460 5422 1632 5475 genus
1672 5406 1742 5460 ho

2067 5407 2274 5477 ιύμενος
2298 5402 2434 5474 πρὸς
2459 5398 2650 5469 θυμὸν,
2684 5394 2784 5447 ούκ
2813 5391 2958 5445 ἔστιν
2987 5390 3224 5455 ἄκακος,
3257 5391 3376 5445 ἀλλ’
3409 5391 3529 5442 ὑπο-

289 5518 417 5556 ιιυιιι
453 5503 718 5571 propheta
744 5504 1054 5557 subindicat
1082 5503 1167 5557 his
1206 5500 1421 5555 verbis:
1452 5498 1554 5554 Ore
1577 5512 1673 5551 suo
1704 5497 1751 5549 bi

2070 5501 2159 5571 τὴς
2188 5497 2283 5550 καὶ
2313 5490 2612 5565 μηνιαστὴς
2632 5529 2647 5552 ,
2685 5487 2823 5558 ἔχων
2870 5484 2969 5553 τῆς
3015 5483 3421 5553 κεκρυμμένης
3448 5495 3532 5532 κα·

282 5594 527 5647 dicebant
579 5604 629 5646 et
672 5595 828 5648 corde
860 5611 954 5648 suo
995 5591 1374 5648 maledicebant
1409 5591 1476 5647 ⁸⁸.
1504 5593 1583 5644 Ac
1612 5604 1744 5643 rursl

2072 5610 2086 5655 ;
2129 5586 2191 5643 τὸ
2241 5585 2597 5655 ἐπικάλυμμα
2638 5582 2736 5651 τὴν
2772 5575 3103 5648 φαινομένην
3152 5577 3253 5629 καὶ
3287 5572 3534 5629 δοκοῦσαν

282 5685 386 5752 Qui
412 5686 704 5755 loqtmutur
728 5700 910 5754 pacem
943 5702 1060 5739 cum
1090 5683 1330 5754 proximo
1367 5698 1486 5750 suo,
1511 5680 1655 5735 mala
1678 5697 1744 5733 au

2071 5699 2103 5733 ιι
2138 5677 2372 5734 ἀκακίαν
2392 5693 2405 5707 ο
2432 5673 2527 5738 οὓς
2555 5674 2583 5726 ὁ
2607 5670 2893 5747 προφήτης
2931 5666 3314 5736 αἰνιττόμενος
3353 5663 3495 5732 λέγει
3520 5674 3533 5688 ⁸

352 5830 400 5860 ⁸⁸
432 5825 624 5882 Matth.
672 5843 725 5897 ν,
772 5826 865 5883 28.
944 5828 990 5860 ⁸⁸
1047 5823 1237 5880 Matth.
1297 5825 1528 5894 xv1tt,'5.
1605 5824 1650 5857 "
1682 5823 1807 5877 Matt

1682 5823 1957 5890 Matthm,
1979 5824 2074 5880 ἓξ).
2146 5823 2188 5855 ⁸⁷
2219 5820 2408 5875 Matth.
2447 5835 2497 5883 ν,
2523 5817 2623 5872 τε.
2696 5815 2739 5845 ⁸⁸
2760 5809 2902 5866 Psal.
2940 5821 3057 5872 ut,
3086 5806 3138 5860 5.
