  <div class='ocr_page' id='page_1' title='image "/cluster/home/n/w/nwhite01/storage/ocr_20150623/27/hvd.32044014174452/728.png"; bbox 0 0 3702 6398; ppageno 0'>
   <div class='ocr_carea' id='block_1_1' title="bbox 242 299 379 359">
    <p class='ocr_par' dir='ltr' id='par_1_1' title="bbox 242 299 379 359">
     <span class='ocr_line' id='line_1_1' title="bbox 242 299 379 359; baseline -0.022 0"><span class='ocrx_word' id='word_1_1' title='bbox 242 299 379 359; x_wconf 68' lang='grc'><strong>1597</strong></span> 
     </span>
    </p>
   </div>
   <div class='ocr_carea' id='block_1_2' title="bbox 1428 304 2260 365">
    <p class='ocr_par' dir='ltr' id='par_1_2' title="bbox 1428 304 2260 365">
     <span class='ocr_line' id='line_1_2' title="bbox 1428 304 2260 365; baseline 0 -3"><span class='ocrx_word' id='word_1_2' title='bbox 1428 306 1858 365; x_wconf 79' lang='lat' dir='ltr'><strong>FRAGMENTA</strong></span> <span class='ocrx_word' id='word_1_3' title='bbox 1897 306 1963 362; x_wconf 83' lang='lat' dir='ltr'><strong>lN</strong></span> <span class='ocrx_word' id='word_1_4' title='bbox 2002 304 2260 364; x_wconf 72' lang='lat' dir='ltr'><strong>LUCAM.</strong></span> 
     </span>
    </p>
   </div>
   <div class='ocr_carea' id='block_1_3' title="bbox 3358 308 3490 367">
    <p class='ocr_par' dir='ltr' id='par_1_3' title="bbox 3358 308 3490 367">
     <span class='ocr_line' id='line_1_3' title="bbox 3358 308 3490 367; baseline 0.008 -3"><span class='ocrx_word' id='word_1_5' title='bbox 3358 308 3490 367; x_wconf 75' lang='lat' dir='ltr'><strong>i398</strong></span> 
     </span>
    </p>
   </div>
   <div class='ocr_carea' id='block_1_4' title="bbox 246 418 1919 501">
    <p class='ocr_par' dir='ltr' id='par_1_4' title="bbox 246 418 1919 499">
     <span class='ocr_line' id='line_1_4' title="bbox 246 418 1919 499; baseline 0.008 -27"><span class='ocrx_word' id='word_1_6' title='bbox 246 418 326 485; x_wconf 84' lang='grc' dir='ltr'><strong>Τῷ</strong></span> <span class='ocrx_word' id='word_1_7' title='bbox 356 433 609 488; x_wconf 82' lang='grc' dir='ltr'>στοματι</span> <span class='ocrx_word' id='word_1_8' title='bbox 638 419 836 476; x_wconf 81' lang='grc' dir='ltr'>αὐτῶν</span> <span class='ocrx_word' id='word_1_9' title='bbox 866 425 1183 495; x_wconf 75' lang='grc' dir='ltr'>εὐλόγουν,</span> <span class='ocrx_word' id='word_1_10' title='bbox 1216 428 1315 481; x_wconf 82' lang='grc' dir='ltr'><strong>καί</strong></span> <span class='ocrx_word' id='word_1_11' title='bbox 1352 428 1427 498; x_wconf 78' lang='grc' dir='ltr'>τῇ</span> <span class='ocrx_word' id='word_1_12' title='bbox 1452 430 1668 499; x_wconf 81' lang='grc' dir='ltr'><strong>καρδίᾳ</strong></span> <span class='ocrx_word' id='word_1_13' title='bbox 1707 431 1813 485; x_wconf 78' lang='grc' dir='ltr'><strong>αὑ·</strong></span> <span class='ocrx_word' id='word_1_14' title='bbox 1839 437 1883 493; x_wconf 81' lang='grc' dir='ltr'><strong>Α</strong></span> <span class='ocrx_word' id='word_1_15' title='bbox 1913 449 1919 484; x_wconf 82' lang='grc' dir='ltr'><strong>ι</strong></span> 
     </span>
    </p>
   </div>
   <div class='ocr_carea' id='block_1_5' title="bbox 1968 418 3489 501">
    <p class='ocr_par' dir='ltr' id='par_1_5' title="bbox 2000 429 3489 501">
     <span class='ocr_line' id='line_1_5' title="bbox 2000 429 3489 501; baseline 0.001 -16"><span class='ocrx_word' id='word_1_16' title='bbox 2000 430 2244 485; x_wconf 80' lang='lat' dir='ltr'><strong>cordibus</strong></span> <span class='ocrx_word' id='word_1_17' title='bbox 2273 446 2457 486; x_wconf 85' lang='lat' dir='ltr'><strong>eorum</strong></span> <span class='ocrx_word' id='word_1_18' title='bbox 2479 432 2548 485; x_wconf 72' lang='grc' dir='ltr'><strong>ι’.</strong></span> <span class='ocrx_word' id='word_1_19' title='bbox 2577 429 2733 497; x_wconf 86' lang='lat' dir='ltr'><strong>Quod</strong></span> <span class='ocrx_word' id='word_1_20' title='bbox 2763 439 2944 485; x_wconf 89' lang='lat' dir='ltr'><strong>autem</strong></span> <span class='ocrx_word' id='word_1_21' title='bbox 2975 429 3081 485; x_wconf 86' lang='lat' dir='ltr'><strong>alia</strong></span> <span class='ocrx_word' id='word_1_22' title='bbox 3106 429 3344 501; x_wconf 76' lang='lat' dir='ltr'><strong>perfecto</strong></span> <span class='ocrx_word' id='word_1_23' title='bbox 3374 432 3489 487; x_wconf 79' lang='lat' dir='ltr'><strong>ani-</strong></span> 
     </span>
    </p>
   </div>
   <div class='ocr_carea' id='block_1_6' title="bbox 240 509 1807 590">
    <p class='ocr_par' dir='ltr' id='par_1_6' title="bbox 240 509 1807 590">
     <span class='ocr_line' id='line_1_6' title="bbox 240 509 1807 590; baseline 0.006 -26"><span class='ocrx_word' id='word_1_24' title='bbox 240 509 354 565; x_wconf 85' lang='grc' dir='ltr'><strong>τῶν</strong></span> <span class='ocrx_word' id='word_1_25' title='bbox 378 511 722 581; x_wconf 80' lang='grc' dir='ltr'>κατηρῶντο</span> <span class='ocrx_word' id='word_1_26' title='bbox 748 528 761 542; x_wconf 99' lang='grc'><strong>⁸</strong></span> <span class='ocrx_word' id='word_1_27' title='bbox 794 516 887 568; x_wconf 76' lang='grc' dir='ltr'>καὶ</span> <span class='ocrx_word' id='word_1_28' title='bbox 909 512 1065 580; x_wconf 79' lang='grc' dir='ltr'>αὖθις</span> <span class='ocrx_word' id='word_1_29' title='bbox 1085 535 1099 549; x_wconf 91' lang='grc'><strong>⁸</strong></span> <span class='ocrx_word' id='word_1_30' title='bbox 1133 517 1254 573; x_wconf 88' lang='grc' dir='ltr'><strong>Τῶν</strong></span> <span class='ocrx_word' id='word_1_31' title='bbox 1274 522 1630 576; x_wconf 73' lang='grc' dir='ltr'><em>λαλούντων</em></span> <span class='ocrx_word' id='word_1_32' title='bbox 1654 519 1807 590; x_wconf 77' lang='grc' dir='ltr'>εἰρή-</span> 
     </span>
    </p>
   </div>
   <div class='ocr_carea' id='block_1_7' title="bbox 241 602 1814 683">
    <p class='ocr_par' dir='ltr' id='par_1_7' title="bbox 241 602 1814 683">
     <span class='ocr_line' id='line_1_7' title="bbox 241 602 1814 683; baseline 0.008 -26"><span class='ocrx_word' id='word_1_33' title='bbox 241 622 353 671; x_wconf 85' lang='grc' dir='ltr'>νην</span> <span class='ocrx_word' id='word_1_34' title='bbox 374 605 525 674; x_wconf 83' lang='grc' dir='ltr'>μετὰ</span> <span class='ocrx_word' id='word_1_35' title='bbox 552 602 671 659; x_wconf 82' lang='grc' dir='ltr'><strong>τῶν</strong></span> <span class='ocrx_word' id='word_1_36' title='bbox 696 606 965 674; x_wconf 78' lang='grc' dir='ltr'><em>πλησίον</em></span> <span class='ocrx_word' id='word_1_37' title='bbox 1011 610 1231 679; x_wconf 82' lang='grc' dir='ltr'>αὐτῶν,</span> <span class='ocrx_word' id='word_1_38' title='bbox 1272 612 1428 668; x_wconf 82' lang='grc' dir='ltr'>κακὰ</span> <span class='ocrx_word' id='word_1_39' title='bbox 1460 614 1529 669; x_wconf 76' lang='grc' dir='ltr'>δὲ</span> <span class='ocrx_word' id='word_1_40' title='bbox 1571 617 1642 671; x_wconf 87' lang='grc' dir='ltr'><strong>ἐν</strong></span> <span class='ocrx_word' id='word_1_41' title='bbox 1683 616 1814 683; x_wconf 76' lang='grc' dir='ltr'>ταῖς</span> 
     </span>
    </p>
   </div>
   <div class='ocr_carea' id='block_1_8' title="bbox 238 693 1811 774">
    <p class='ocr_par' dir='ltr' id='par_1_8' title="bbox 238 693 1811 774">
     <span class='ocr_line' id='line_1_8' title="bbox 238 693 1811 774; baseline 0.009 -26"><span class='ocrx_word' id='word_1_42' title='bbox 238 693 503 764; x_wconf 79' lang='grc' dir='ltr'><strong>καρδίαις</strong></span> <span class='ocrx_word' id='word_1_43' title='bbox 548 694 767 752; x_wconf 80' lang='grc' dir='ltr'>αὐτῶν.</span> <span class='ocrx_word' id='word_1_44' title='bbox 797 698 887 770; x_wconf 81' lang='grc' dir='ltr'><strong>Τῷ</strong></span> <span class='ocrx_word' id='word_1_45' title='bbox 919 700 976 754; x_wconf 84' lang='grc' dir='ltr'>δὲ</span> <span class='ocrx_word' id='word_1_46' title='bbox 1002 699 1072 755; x_wconf 83' lang='grc' dir='ltr'>τὰ</span> <span class='ocrx_word' id='word_1_47' title='bbox 1111 705 1209 774; x_wconf 87' lang='grc' dir='ltr'>μὲν</span> <span class='ocrx_word' id='word_1_48' title='bbox 1232 705 1433 769; x_wconf 85' lang='grc' dir='ltr'>τέλεια,</span> <span class='ocrx_word' id='word_1_49' title='bbox 1465 705 1537 760; x_wconf 75' lang='grc' dir='ltr'>τὰ</span> <span class='ocrx_word' id='word_1_50' title='bbox 1566 707 1623 761; x_wconf 80' lang='grc' dir='ltr'><strong>δὲ</strong></span> <span class='ocrx_word' id='word_1_51' title='bbox 1660 725 1811 762; x_wconf 85' lang='grc' dir='ltr'>νεοσ-</span> 
     </span>
    </p>
   </div>
   <div class='ocr_carea' id='block_1_9' title="bbox 241 786 1812 870">
    <p class='ocr_par' dir='ltr' id='par_1_9' title="bbox 241 786 1812 870">
     <span class='ocr_line' id='line_1_9' title="bbox 241 786 1812 870; baseline 0.009 -32"><span class='ocrx_word' id='word_1_52' title='bbox 241 786 362 849; x_wconf 80' lang='grc' dir='ltr'>σοὺς</span> <span class='ocrx_word' id='word_1_53' title='bbox 391 787 765 858; x_wconf 78' lang='grc' dir='ltr'><strong>προσάγεσθαι</strong></span> <span class='ocrx_word' id='word_1_54' title='bbox 822 793 1225 863; x_wconf 81' lang='grc' dir='ltr'><strong>προστάσσειν,</strong></span> <span class='ocrx_word' id='word_1_55' title='bbox 1257 795 1411 867; x_wconf 84' lang='grc' dir='ltr'>δηλοῖ</span> <span class='ocrx_word' id='word_1_56' title='bbox 1454 797 1514 851; x_wconf 81' lang='grc' dir='ltr'>τὺ</span> <span class='ocrx_word' id='word_1_57' title='bbox 1555 798 1654 870; x_wconf 87' lang='grc' dir='ltr'>τὴν</span> <span class='ocrx_word' id='word_1_58' title='bbox 1714 799 1812 870; x_wconf 77' lang='grc' dir='ltr'><strong>μὲν</strong></span> 
     </span>
    </p>
   </div>
   <div class='ocr_carea' id='block_1_10' title="bbox 148 877 1802 960">
    <p class='ocr_par' dir='ltr' id='par_1_10' title="bbox 148 877 1802 960">
     <span class='ocr_line' id='line_1_10' title="bbox 148 877 1802 960; baseline 0.01 -31"><span class='ocrx_word' id='word_1_59' title='bbox 148 890 151 891; x_wconf 63' lang='grc'><strong><em>⁷</em></strong></span> <span class='ocrx_word' id='word_1_60' title='bbox 237 877 491 948; x_wconf 74' lang='grc' dir='ltr'><strong>φρόνησιν</strong></span> <span class='ocrx_word' id='word_1_61' title='bbox 517 880 613 933; x_wconf 71' lang='grc' dir='ltr'><strong>καὶ</strong></span> <span class='ocrx_word' id='word_1_62' title='bbox 648 882 1025 955; x_wconf 72' lang='grc' dir='ltr'>σωφροσύνην.</span> <span class='ocrx_word' id='word_1_63' title='bbox 1046 886 1286 952; x_wconf 74' lang='grc' dir='ltr'><strong>τελείους</strong></span> <span class='ocrx_word' id='word_1_64' title='bbox 1320 891 1469 960; x_wconf 80' lang='grc' dir='ltr'>ἡμᾶς</span> <span class='ocrx_word' id='word_1_65' title='bbox 1513 890 1592 945; x_wconf 78' lang='grc' dir='ltr'><strong>δεῖ</strong></span> <span class='ocrx_word' id='word_1_66' title='bbox 1629 887 1802 946; x_wconf 83' lang='grc' dir='ltr'>εἶναι·</span> 
     </span>
    </p>
   </div>
   <div class='ocr_carea' id='block_1_11' title="bbox 235 966 1803 1049">
    <p class='ocr_par' dir='ltr' id='par_1_11' title="bbox 235 966 1803 1049">
     <span class='ocr_line' id='line_1_11' title="bbox 235 966 1803 1049; baseline 0.011 -31"><span class='ocrx_word' id='word_1_67' title='bbox 235 969 297 1037; x_wconf 78' lang='grc' dir='ltr'>τῇ</span> <span class='ocrx_word' id='word_1_68' title='bbox 322 966 378 1019; x_wconf 84' lang='grc' dir='ltr'>δὲ</span> <span class='ocrx_word' id='word_1_69' title='bbox 407 967 576 1041; x_wconf 80' lang='grc' dir='ltr'>κακίᾳ</span> <span class='ocrx_word' id='word_1_70' title='bbox 603 972 925 1042; x_wconf 63' lang='grc' dir='ltr'>νηπιάζειν,</span> <span class='ocrx_word' id='word_1_71' title='bbox 961 974 1145 1039; x_wconf 82' lang='grc' dir='ltr'>καθώς</span> <span class='ocrx_word' id='word_1_72' title='bbox 1188 994 1359 1049; x_wconf 73' lang='grc' dir='ltr'>φησιν</span> <span class='ocrx_word' id='word_1_73' title='bbox 1393 980 1422 1031; x_wconf 90' lang='grc' dir='ltr'><strong>ὁ</strong></span> <span class='ocrx_word' id='word_1_74' title='bbox 1462 979 1803 1044; x_wconf 85' lang='grc' dir='ltr'>Ἀπόστολος.</span> 
     </span>
    </p>
   </div>
   <div class='ocr_carea' id='block_1_12' title="bbox 1910 518 3489 603">
    <p class='ocr_par' dir='ltr' id='par_1_12' title="bbox 1910 518 3489 603">
     <span class='ocr_line' id='line_1_12' title="bbox 1910 518 3489 603; baseline 0.002 -29"><span class='ocrx_word' id='word_1_75' title='bbox 1910 519 2100 603; x_wconf 89' lang='lat' dir='ltr'><strong>malia,</strong></span> <span class='ocrx_word' id='word_1_76' title='bbox 2157 519 2296 576; x_wconf 89' lang='lat' dir='ltr'><strong>alios</strong></span> <span class='ocrx_word' id='word_1_77' title='bbox 2340 520 2521 591; x_wconf 89' lang='lat' dir='ltr'><strong>pullos</strong></span> <span class='ocrx_word' id='word_1_78' title='bbox 2573 521 2815 592; x_wconf 73' lang='lat' dir='ltr'><strong>postulet</strong></span> <span class='ocrx_word' id='word_1_79' title='bbox 2860 518 3067 585; x_wconf 74' lang='lat' dir='ltr'><strong>oﬂerri,</strong></span> <span class='ocrx_word' id='word_1_80' title='bbox 3105 520 3155 575; x_wconf 91' lang='lat' dir='ltr'><strong>id</strong></span> <span class='ocrx_word' id='word_1_81' title='bbox 3198 522 3489 591; x_wconf 80' lang='lat' dir='ltr'><strong>signiﬁcat,</strong></span> 
     </span>
    </p>
   </div>
   <div class='ocr_carea' id='block_1_13' title="bbox 1908 611 3487 684">
    <p class='ocr_par' dir='ltr' id='par_1_13' title="bbox 1908 611 3487 684">
     <span class='ocr_line' id='line_1_13' title="bbox 1908 611 3487 684; baseline -0.001 -17"><span class='ocrx_word' id='word_1_82' title='bbox 1908 627 2010 668; x_wconf 87' lang='lat' dir='ltr'><strong>nos</strong></span> <span class='ocrx_word' id='word_1_83' title='bbox 2045 612 2335 683; x_wconf 85' lang='lat' dir='ltr'><strong>prudentia</strong></span> <span class='ocrx_word' id='word_1_84' title='bbox 2371 620 2426 668; x_wconf 92' lang='lat' dir='ltr'><strong>et</strong></span> <span class='ocrx_word' id='word_1_85' title='bbox 2455 611 2794 668; x_wconf 83' lang='lat' dir='ltr'><strong>continentia</strong></span> <span class='ocrx_word' id='word_1_86' title='bbox 2826 612 3101 684; x_wconf 86' lang='lat' dir='ltr'><strong>perfectos</strong></span> <span class='ocrx_word' id='word_1_87' title='bbox 3156 628 3277 668; x_wconf 86' lang='lat' dir='ltr'><strong>esse</strong></span> <span class='ocrx_word' id='word_1_88' title='bbox 3330 630 3487 683; x_wconf 84' lang='lat' dir='ltr'><strong>opor-</strong></span> 
     </span>
    </p>
   </div>
   <div class='ocr_carea' id='block_1_14' title="bbox 1908 704 3605 777">
    <p class='ocr_par' dir='ltr' id='par_1_14' title="bbox 1908 704 3605 777">
     <span class='ocr_line' id='line_1_14' title="bbox 1908 704 3605 777; baseline 0.001 -17"><span class='ocrx_word' id='word_1_89' title='bbox 1908 716 2055 773; x_wconf 90' lang='lat' dir='ltr'><strong>tere;</strong></span> <span class='ocrx_word' id='word_1_90' title='bbox 2103 704 2313 761; x_wconf 88' lang='lat' dir='ltr'><strong>malitia</strong></span> <span class='ocrx_word' id='word_1_91' title='bbox 2338 714 2521 760; x_wconf 86' lang='lat' dir='ltr'><strong>autem</strong></span> <span class='ocrx_word' id='word_1_92' title='bbox 2572 704 2831 770; x_wconf 79' lang='lat' dir='ltr'><strong>infantes,</strong></span> <span class='ocrx_word' id='word_1_93' title='bbox 2871 713 2943 760; x_wconf 69' lang='lat' dir='ltr'><strong>ut&#39;</strong></span> <span class='ocrx_word' id='word_1_94' title='bbox 2967 705 3045 760; x_wconf 82' lang='lat' dir='ltr'><strong>ait</strong></span> <span class='ocrx_word' id='word_1_95' title='bbox 3072 705 3386 776; x_wconf 83' lang='lat' dir='ltr'><strong>Apostolus.</strong></span> <span class='ocrx_word' id='word_1_96' title='bbox 3424 707 3491 761; x_wconf 75' lang='lat' dir='ltr'><strong>At</strong></span> <span class='ocrx_word' id='word_1_97' title='bbox 3602 774 3605 777; x_wconf 19' lang='grc' dir='ltr'><em>Α</em></span> 
     </span>
    </p>
   </div>
   <div class='ocr_carea' id='block_1_15' title="bbox 1910 796 3491 868">
    <p class='ocr_par' dir='ltr' id='par_1_15' title="bbox 1910 796 3491 868">
     <span class='ocr_line' id='line_1_15' title="bbox 1910 796 3491 868; baseline -0.001 -17"><span class='ocrx_word' id='word_1_98' title='bbox 1910 797 2193 853; x_wconf 78' lang='lat' dir='ltr'><strong>videamus</strong></span> <span class='ocrx_word' id='word_1_99' title='bbox 2241 797 2310 853; x_wconf 90' lang='lat' dir='ltr'><strong>de</strong></span> <span class='ocrx_word' id='word_1_100' title='bbox 2354 798 2580 868; x_wconf 85' lang='lat' dir='ltr'><strong>quibus,</strong></span> <span class='ocrx_word' id='word_1_101' title='bbox 2610 796 2723 862; x_wconf 88' lang='lat' dir='ltr'><strong>ubi,</strong></span> <span class='ocrx_word' id='word_1_102' title='bbox 2775 810 2830 852; x_wconf 86' lang='lat' dir='ltr'><strong>et</strong></span> <span class='ocrx_word' id='word_1_103' title='bbox 2872 797 3094 867; x_wconf 79' lang='lat' dir='ltr'><strong>quando</strong></span> <span class='ocrx_word' id='word_1_104' title='bbox 3143 798 3347 852; x_wconf 86' lang='lat' dir='ltr'><strong>dictum</strong></span> <span class='ocrx_word' id='word_1_105' title='bbox 3377 798 3491 861; x_wconf 90' lang='lat' dir='ltr'><strong>sit,</strong></span> 
     </span>
    </p>
   </div>
   <div class='ocr_carea' id='block_1_16' title="bbox 1921 887 3492 958">
    <p class='ocr_par' dir='ltr' id='par_1_16' title="bbox 1921 887 3492 958">
     <span class='ocr_line' id='line_1_16' title="bbox 1921 887 3492 958; baseline -0.004 -13"><span class='ocrx_word' id='word_1_106' title='bbox 1921 888 2087 945; x_wconf 71' lang='lat' dir='ltr'><strong>Omne</strong></span> <span class='ocrx_word' id='word_1_107' title='bbox 2111 890 2465 943; x_wconf 81' lang='lat' dir='ltr'><strong>masculinum</strong></span> <span class='ocrx_word' id='word_1_108' title='bbox 2498 889 2814 958; x_wconf 84' lang='lat' dir='ltr'><strong>adaperiens</strong></span> <span class='ocrx_word' id='word_1_109' title='bbox 2856 888 3082 957; x_wconf 67' lang='lat' dir='ltr'><strong>rult‘am,</strong></span> <span class='ocrx_word' id='word_1_110' title='bbox 3110 901 3351 943; x_wconf 86' lang='lat' dir='ltr'><strong>sanctum</strong></span> <span class='ocrx_word' id='word_1_111' title='bbox 3384 887 3492 940; x_wconf 68' lang='lat' dir='ltr'><strong>Dm-</strong></span> 
     </span>
    </p>
   </div>
   <div class='ocr_carea' id='block_1_17' title="bbox 1916 978 3349 1051">
    <p class='ocr_par' dir='ltr' id='par_1_17' title="bbox 1916 978 3349 1051">
     <span class='ocr_line' id='line_1_17' title="bbox 1916 978 3349 1051; baseline -0.002 -16"><span class='ocrx_word' id='word_1_112' title='bbox 1916 983 2058 1036; x_wconf 80' lang='lat' dir='ltr'><strong>mino</strong></span> <span class='ocrx_word' id='word_1_113' title='bbox 2096 982 2402 1036; x_wconf 81' lang='lat' dir='ltr'><strong>vocabitur:</strong></span> <span class='ocrx_word' id='word_1_114' title='bbox 2436 989 2490 1035; x_wconf 80' lang='lat' dir='ltr'><strong>et</strong></span> <span class='ocrx_word' id='word_1_115' title='bbox 2518 978 2796 1050; x_wconf 85' lang='lat' dir='ltr'><strong>quodnam</strong></span> <span class='ocrx_word' id='word_1_116' title='bbox 2830 981 2901 1036; x_wconf 86' lang='lat' dir='ltr'><strong>sit</strong></span> <span class='ocrx_word' id='word_1_117' title='bbox 2934 980 3071 1051; x_wconf 78' lang='lat' dir='ltr'><strong>legis</strong></span> <span class='ocrx_word' id='word_1_118' title='bbox 3098 981 3349 1050; x_wconf 82' lang='lat' dir='ltr'><strong>:cnigma.</strong></span> 
     </span>
    </p>
   </div>
   <div class='ocr_carea' id='block_1_18' title="bbox 247 1058 3489 1147">
    <p class='ocr_par' dir='ltr' id='par_1_18' title="bbox 247 1058 3489 1147">
     <span class='ocr_line' id='line_1_18' title="bbox 247 1058 3489 1147; baseline 0.004 -36"><span class='ocrx_word' id='word_1_119' title='bbox 247 1058 380 1112; x_wconf 79' lang='grc' dir='ltr'>Ἀλλ’</span> <span class='ocrx_word' id='word_1_120' title='bbox 418 1060 616 1134; x_wconf 79' lang='grc' dir='ltr'>ἴδωμεν</span> <span class='ocrx_word' id='word_1_121' title='bbox 646 1064 741 1117; x_wconf 74' lang='grc' dir='ltr'><strong>ἐπὶ</strong></span> <span class='ocrx_word' id='word_1_122' title='bbox 788 1064 897 1119; x_wconf 83' lang='grc' dir='ltr'>τίσι</span> <span class='ocrx_word' id='word_1_123' title='bbox 929 1069 1023 1122; x_wconf 79' lang='grc' dir='ltr'>καὶ</span> <span class='ocrx_word' id='word_1_124' title='bbox 1051 1069 1153 1123; x_wconf 80' lang='grc' dir='ltr'>ποῦ</span> <span class='ocrx_word' id='word_1_125' title='bbox 1186 1073 1280 1125; x_wconf 74' lang='grc' dir='ltr'><strong>καὶ</strong></span> <span class='ocrx_word' id='word_1_126' title='bbox 1326 1071 1454 1128; x_wconf 83' lang='grc' dir='ltr'>πότε</span> <span class='ocrx_word' id='word_1_127' title='bbox 1510 1073 1745 1146; x_wconf 79' lang='grc' dir='ltr'>εἴρηται,</span> <span class='ocrx_word' id='word_1_128' title='bbox 1778 1075 1860 1129; x_wconf 81' lang='grc' dir='ltr'>ὅτι</span> <span class='ocrx_word' id='word_1_129' title='bbox 1894 1073 2027 1131; x_wconf 86' lang='grc' dir='ltr'><em>Πᾶν</em></span> <span class='ocrx_word' id='word_1_130' title='bbox 2066 1076 2256 1145; x_wconf 74' lang='grc' dir='ltr'>ᾅρσεν</span> <span class='ocrx_word' id='word_1_131' title='bbox 2288 1074 2618 1147; x_wconf 26' lang='grc' dir='ltr'>ὲδιανοῖγον</span> <span class='ocrx_word' id='word_1_132' title='bbox 2638 1071 2873 1144; x_wconf 79' lang='grc' dir='ltr'><strong>μήτραν</strong></span> <span class='ocrx_word' id='word_1_133' title='bbox 2907 1072 3076 1144; x_wconf 77' lang='grc' dir='ltr'>ἅγιον</span> <span class='ocrx_word' id='word_1_134' title='bbox 3115 1070 3312 1141; x_wconf 73' lang='grc' dir='ltr'>Κυρίῳ</span> <span class='ocrx_word' id='word_1_135' title='bbox 3346 1073 3489 1138; x_wconf 75' lang='grc' dir='ltr'>κλη-</span> 
     </span>
    </p>
   </div>
   <div class='ocr_carea' id='block_1_19' title="bbox 239 1148 1414 1236">
    <p class='ocr_par' dir='ltr' id='par_1_19' title="bbox 239 1148 1414 1236">
     <span class='ocr_line' id='line_1_19' title="bbox 239 1148 1414 1236; baseline 0.014 -33"><span class='ocrx_word' id='word_1_136' title='bbox 239 1148 515 1219; x_wconf 81' lang='grc' dir='ltr'>θήσεται⁸</span> <span class='ocrx_word' id='word_1_137' title='bbox 548 1156 640 1209; x_wconf 79' lang='grc' dir='ltr'><strong>καὶ</strong></span> <span class='ocrx_word' id='word_1_138' title='bbox 670 1157 720 1210; x_wconf 85' lang='grc' dir='ltr'><strong>τί</strong></span> <span class='ocrx_word' id='word_1_139' title='bbox 742 1158 1040 1235; x_wconf 31' lang='grc' dir='ltr'>τοῦῠνόμου</span> <span class='ocrx_word' id='word_1_140' title='bbox 1074 1163 1136 1216; x_wconf 87' lang='grc' dir='ltr'><strong>τὸ</strong></span> <span class='ocrx_word' id='word_1_141' title='bbox 1167 1165 1414 1236; x_wconf 78' lang='grc' dir='ltr'>αἴνιγμα.</span> 
     </span>
    </p>
   </div>
   <div class='ocr_carea' id='block_1_20' title="bbox 1623 1302 2092 1360">
    <p class='ocr_par' dir='ltr' id='par_1_20' title="bbox 1623 1302 2092 1360">
     <span class='ocr_line' id='line_1_20' title="bbox 1623 1302 2092 1360; baseline -0.002 -1"><span class='ocrx_word' id='word_1_142' title='bbox 1623 1302 1829 1360; x_wconf 82' lang='lat' dir='ltr'><strong>Ca’tera</strong></span> <span class='ocrx_word' id='word_1_143' title='bbox 1875 1303 2092 1358; x_wconf 86' lang='lat' dir='ltr'><strong>desunt.</strong></span> 
     </span>
    </p>
   </div>
   <div class='ocr_carea' id='block_1_21' title="bbox 306 1430 1809 1512">
    <p class='ocr_par' dir='ltr' id='par_1_21' title="bbox 306 1430 1809 1512">
     <span class='ocr_line' id='line_1_21' title="bbox 306 1430 1809 1512; baseline 0.009 -29"><span class='ocrx_word' id='word_1_144' title='bbox 306 1430 416 1501; x_wconf 70' lang='lat'><strong>(‘38)</strong></span> <span class='ocrx_word' id='word_1_145' title='bbox 438 1431 532 1495; x_wconf 77' lang='lat' dir='ltr'><strong>Ei;</strong></span> <span class='ocrx_word' id='word_1_146' title='bbox 550 1433 626 1487; x_wconf 72' lang='grc' dir='ltr'>τόν</span> <span class='ocrx_word' id='word_1_147' title='bbox 646 1434 775 1489; x_wconf 86' lang='grc' dir='ltr'><strong>Νῦν</strong></span> <span class='ocrx_word' id='word_1_148' title='bbox 789 1436 1074 1504; x_wconf 72' lang='grc' dir='ltr'><strong>ἀπολύεις</strong></span> <span class='ocrx_word' id='word_1_149' title='bbox 1088 1438 1194 1493; x_wconf 80' lang='grc' dir='ltr'><strong>τὸν</strong></span> <span class='ocrx_word' id='word_1_150' title='bbox 1207 1439 1433 1495; x_wconf 78' lang='grc' dir='ltr'>δοῦλόν</span> <span class='ocrx_word' id='word_1_151' title='bbox 1456 1455 1593 1508; x_wconf 92' lang='grc' dir='ltr'>σου,</span> <span class='ocrx_word' id='word_1_152' title='bbox 1609 1440 1809 1512; x_wconf 81' lang='grc' dir='ltr'>Κύριε,</span> 
     </span>
    </p>
   </div>
   <div class='ocr_carea' id='block_1_22' title="bbox 237 1525 1813 1607">
    <p class='ocr_par' dir='ltr' id='par_1_22' title="bbox 237 1525 1813 1607">
     <span class='ocr_line' id='line_1_22' title="bbox 237 1525 1813 1607; baseline 0.008 -32"><span class='ocrx_word' id='word_1_153' title='bbox 237 1526 384 1578; x_wconf 74' lang='grc' dir='ltr'>κατὰ</span> <span class='ocrx_word' id='word_1_154' title='bbox 415 1525 481 1579; x_wconf 81' lang='grc' dir='ltr'>τὸ</span> <span class='ocrx_word' id='word_1_155' title='bbox 500 1525 668 1597; x_wconf 75' lang='grc' dir='ltr'>ῥῆμά</span> <span class='ocrx_word' id='word_1_156' title='bbox 704 1545 821 1583; x_wconf 92' lang='grc' dir='ltr'>σου</span> <span class='ocrx_word' id='word_1_157' title='bbox 854 1529 927 1583; x_wconf 82' lang='grc' dir='ltr'><strong>ἐν</strong></span> <span class='ocrx_word' id='word_1_158' title='bbox 960 1529 1192 1601; x_wconf 69' lang='grc' dir='ltr'>εἰρήνῃ.</span> <span class='ocrx_word' id='word_1_159' title='bbox 1227 1533 1435 1588; x_wconf 81' lang='grc' dir='ltr'>Ούκοῦν</span> <span class='ocrx_word' id='word_1_160' title='bbox 1468 1536 1813 1607; x_wconf 72' lang='grc' dir='ltr'>καταφρονή-</span> 
     </span>
    </p>
   </div>
   <div class='ocr_carea' id='block_1_23' title="bbox 240 1598 1808 1697">
    <p class='ocr_par' dir='ltr' id='par_1_23' title="bbox 240 1598 1808 1697">
     <span class='ocr_line' id='line_1_23' title="bbox 240 1598 1808 1697; baseline 0.01 -32"><span class='ocrx_word' id='word_1_161' title='bbox 240 1629 419 1685; x_wconf 88' lang='grc' dir='ltr'>σωμεν</span> <span class='ocrx_word' id='word_1_162' title='bbox 465 1617 558 1671; x_wconf 88' lang='grc' dir='ltr'><strong>τὸν</strong></span> <span class='ocrx_word' id='word_1_163' title='bbox 614 1619 841 1674; x_wconf 85' lang='grc' dir='ltr'>θάνατον</span> <span class='ocrx_word' id='word_1_164' title='bbox 870 1635 884 1650; x_wconf 93' lang='grc'><strong>⁸</strong></span> <span class='ocrx_word' id='word_1_165' title='bbox 927 1598 1032 1676; x_wconf 80' lang='grc' dir='ltr'><strong>κᾶν</strong></span> <span class='ocrx_word' id='word_1_166' title='bbox 1236 1598 1593 1697; x_wconf 63' lang='grc' dir='ltr'>δειλιάσιιῗμεν</span> <span class='ocrx_word' id='word_1_167' title='bbox 1624 1598 1808 1691; x_wconf 65' lang='grc' dir='ltr'>αὐτὸν,</span> 
     </span>
    </p>
   </div>
   <div class='ocr_carea' id='block_1_24' title="bbox 239 1703 1813 1789">
    <p class='ocr_par' dir='ltr' id='par_1_24' title="bbox 239 1703 1813 1789">
     <span class='ocr_line' id='line_1_24' title="bbox 239 1703 1813 1789; baseline 0.01 -32"><span class='ocrx_word' id='word_1_168' title='bbox 239 1703 371 1758; x_wconf 79' lang='grc' dir='ltr'>ἀλλὰ</span> <span class='ocrx_word' id='word_1_169' title='bbox 399 1705 773 1780; x_wconf 77' lang='grc' dir='ltr'><strong>τεθνηξόμεθα</strong></span> <span class='ocrx_word' id='word_1_170' title='bbox 819 1711 1036 1778; x_wconf 83' lang='grc' dir='ltr'>πάντως</span> <span class='ocrx_word' id='word_1_171' title='bbox 1069 1713 1213 1768; x_wconf 84' lang='grc' dir='ltr'>κατὰ</span> <span class='ocrx_word' id='word_1_172' title='bbox 1250 1716 1377 1780; x_wconf 82' lang='grc' dir='ltr'>τοὺς</span> <span class='ocrx_word' id='word_1_173' title='bbox 1410 1717 1725 1788; x_wconf 85' lang='grc' dir='ltr'>όρισθέντας</span> <span class='ocrx_word' id='word_1_174' title='bbox 1750 1719 1813 1789; x_wconf 83' lang='grc' dir='ltr'><strong>ή-</strong></span> 
     </span>
    </p>
   </div>
   <div class='ocr_carea' id='block_1_25' title="bbox 241 1801 1812 1884">
    <p class='ocr_par' dir='ltr' id='par_1_25' title="bbox 241 1801 1812 1884">
     <span class='ocr_line' id='line_1_25' title="bbox 241 1801 1812 1884; baseline 0.008 -32"><span class='ocrx_word' id='word_1_175' title='bbox 241 1802 331 1869; x_wconf 82' lang='grc' dir='ltr'>μίν</span> <span class='ocrx_word' id='word_1_176' title='bbox 360 1801 511 1873; x_wconf 80' lang='grc' dir='ltr'>παρὰ</span> <span class='ocrx_word' id='word_1_177' title='bbox 541 1804 639 1875; x_wconf 86' lang='grc' dir='ltr'><strong>τῆς</strong></span> <span class='ocrx_word' id='word_1_178' title='bbox 664 1805 928 1877; x_wconf 85' lang='grc' dir='ltr'><strong>Προνοίας</strong></span> <span class='ocrx_word' id='word_1_179' title='bbox 955 1807 1198 1880; x_wconf 86' lang='grc' dir='ltr'>χρόνους.</span> <span class='ocrx_word' id='word_1_180' title='bbox 1231 1810 1448 1866; x_wconf 80' lang='grc' dir='ltr'><strong>Βέλτιον</strong></span> <span class='ocrx_word' id='word_1_181' title='bbox 1476 1812 1638 1867; x_wconf 81' lang='grc' dir='ltr'>αὑτὸν</span> <span class='ocrx_word' id='word_1_182' title='bbox 1671 1812 1812 1884; x_wconf 81' lang='grc' dir='ltr'>μετὰ</span> 
     </span>
    </p>
   </div>
   <div class='ocr_carea' id='block_1_26' title="bbox 240 1894 1811 1977">
    <p class='ocr_par' dir='ltr' id='par_1_26' title="bbox 240 1894 1811 1977">
     <span class='ocr_line' id='line_1_26' title="bbox 240 1894 1811 1977; baseline 0.006 -28"><span class='ocrx_word' id='word_1_183' title='bbox 240 1894 336 1964; x_wconf 86' lang='grc' dir='ltr'><strong>τῆς</strong></span> <span class='ocrx_word' id='word_1_184' title='bbox 356 1894 566 1968; x_wconf 78' lang='grc' dir='ltr'><strong>¹ἀρετῆς</strong></span> <span class='ocrx_word' id='word_1_185' title='bbox 618 1899 934 1971; x_wconf 79' lang='grc' dir='ltr'>ἐκδέχεσθαι</span> <span class='ocrx_word' id='word_1_186' title='bbox 965 1902 1041 1967; x_wconf 84' lang='grc' dir='ltr'>ὼς</span> <span class='ocrx_word' id='word_1_187' title='bbox 1082 1904 1516 1977; x_wconf 84' lang='grc' dir='ltr'>ἀπαιτούμενον,</span> <span class='ocrx_word' id='word_1_188' title='bbox 1567 1905 1600 1977; x_wconf 82' lang='grc' dir='ltr'>ἢ</span> <span class='ocrx_word' id='word_1_189' title='bbox 1652 1906 1811 1976; x_wconf 83' lang='grc' dir='ltr'>μόνον</span> 
     </span>
    </p>
   </div>
   <div class='ocr_carea' id='block_1_27' title="bbox 239 1986 1810 2068">
    <p class='ocr_par' dir='ltr' id='par_1_27' title="bbox 239 1986 1810 2068">
     <span class='ocr_line' id='line_1_27' title="bbox 239 1986 1810 2068; baseline 0.008 -30"><span class='ocrx_word' id='word_1_190' title='bbox 239 1986 446 2051; x_wconf 81' lang='grc' dir='ltr'><strong>ἀκλεῶς</strong></span> <span class='ocrx_word' id='word_1_191' title='bbox 484 1989 799 2046; x_wconf 81' lang='grc' dir='ltr'>ἀποδοῦναι.</span> <span class='ocrx_word' id='word_1_192' title='bbox 839 1992 897 2045; x_wconf 87' lang='lat'><strong>&#39;0</strong></span> <span class='ocrx_word' id='word_1_193' title='bbox 930 1993 1031 2063; x_wconf 85' lang='grc' dir='ltr'>μὲν</span> <span class='ocrx_word' id='word_1_194' title='bbox 1062 1994 1171 2067; x_wconf 86' lang='grc' dir='ltr'><strong>γὰρ</strong></span> <span class='ocrx_word' id='word_1_195' title='bbox 1212 1997 1269 2051; x_wconf 83' lang='grc' dir='ltr'>ὲν</span> <span class='ocrx_word' id='word_1_196' title='bbox 1313 1996 1594 2068; x_wconf 77' lang='grc' dir='ltr'>θεοσεσείᾳ</span> <span class='ocrx_word' id='word_1_197' title='bbox 1624 1996 1810 2050; x_wconf 85' lang='grc' dir='ltr'>τελευ-</span> 
     </span>
    </p>
   </div>
   <div class='ocr_carea' id='block_1_28' title="bbox 240 2078 1812 2160">
    <p class='ocr_par' dir='ltr' id='par_1_28' title="bbox 240 2078 1812 2160">
     <span class='ocr_line' id='line_1_28' title="bbox 240 2078 1812 2160; baseline 0.007 -29"><span class='ocrx_word' id='word_1_198' title='bbox 240 2078 344 2133; x_wconf 84' lang='grc' dir='ltr'>τῶν</span> <span class='ocrx_word' id='word_1_199' title='bbox 368 2078 491 2132; x_wconf 76' lang='grc' dir='ltr'>οὐδὲ</span> <span class='ocrx_word' id='word_1_200' title='bbox 520 2079 881 2153; x_wconf 80' lang='grc' dir='ltr'>ἀποθνήσκων</span> <span class='ocrx_word' id='word_1_201' title='bbox 912 2084 1058 2139; x_wconf 74' lang='grc' dir='ltr'>ἐστίν</span> <span class='ocrx_word' id='word_1_202' title='bbox 1086 2103 1099 2116; x_wconf 85' lang='grc'><strong>⁸</strong></span> <span class='ocrx_word' id='word_1_203' title='bbox 1155 2087 1184 2138; x_wconf 85' lang='grc' dir='ltr'><strong>ὁ</strong></span> <span class='ocrx_word' id='word_1_204' title='bbox 1226 2087 1285 2140; x_wconf 89' lang='grc' dir='ltr'>δὲ</span> <span class='ocrx_word' id='word_1_205' title='bbox 1318 2086 1398 2158; x_wconf 83' lang='grc' dir='ltr'>τῷ</span> <span class='ocrx_word' id='word_1_206' title='bbox 1440 2088 1618 2160; x_wconf 84' lang='grc' dir='ltr'><strong>χρόνῳ</strong></span> <span class='ocrx_word' id='word_1_207' title='bbox 1653 2088 1812 2160; x_wconf 89' lang='grc' dir='ltr'>μόνον</span> 
     </span>
    </p>
   </div>
   <div class='ocr_carea' id='block_1_29' title="bbox 241 2170 1814 2251">
    <p class='ocr_par' dir='ltr' id='par_1_29' title="bbox 241 2170 1814 2251">
     <span class='ocr_line' id='line_1_29' title="bbox 241 2170 1814 2251; baseline 0.007 -28"><span class='ocrx_word' id='word_1_208' title='bbox 241 2170 655 2243; x_wconf 73' lang='grc' dir='ltr'>ἀπαιτούμενος,</span> <span class='ocrx_word' id='word_1_209' title='bbox 702 2174 777 2238; x_wconf 84' lang='grc' dir='ltr'>ὡς</span> <span class='ocrx_word' id='word_1_210' title='bbox 818 2175 995 2247; x_wconf 80' lang='grc' dir='ltr'>ἑαυτῷ</span> <span class='ocrx_word' id='word_1_211' title='bbox 1040 2176 1233 2250; x_wconf 82' lang='grc' dir='ltr'><strong>ζήσας,</strong></span> <span class='ocrx_word' id='word_1_212' title='bbox 1275 2178 1521 2251; x_wconf 82' lang='grc' dir='ltr'>ἀνάγκην</span> <span class='ocrx_word' id='word_1_213' title='bbox 1577 2178 1814 2250; x_wconf 78' lang='grc' dir='ltr'>ἔχεικαὶ</span> 
     </span>
    </p>
   </div>
   <div class='ocr_carea' id='block_1_30' title="bbox 241 2263 1815 2344">
    <p class='ocr_par' dir='ltr' id='par_1_30' title="bbox 241 2263 1815 2344">
     <span class='ocr_line' id='line_1_30' title="bbox 241 2263 1815 2344; baseline 0.008 -29"><span class='ocrx_word' id='word_1_214' title='bbox 241 2263 331 2316; x_wconf 79' lang='grc' dir='ltr'>τοῦ</span> <span class='ocrx_word' id='word_1_215' title='bbox 365 2263 560 2336; x_wconf 88' lang='grc' dir='ltr'>χρόνου</span> <span class='ocrx_word' id='word_1_216' title='bbox 587 2264 778 2334; x_wconf 84' lang='grc' dir='ltr'><strong>λόγους</strong></span> <span class='ocrx_word' id='word_1_217' title='bbox 801 2268 1093 2323; x_wconf 80' lang='grc' dir='ltr'>ἀποδοῦναι</span> <span class='ocrx_word' id='word_1_218' title='bbox 1137 2272 1231 2324; x_wconf 78' lang='grc' dir='ltr'><strong>καὶ</strong></span> <span class='ocrx_word' id='word_1_219' title='bbox 1272 2272 1346 2344; x_wconf 77' lang='grc' dir='ltr'>μὴ</span> <span class='ocrx_word' id='word_1_220' title='bbox 1386 2273 1619 2338; x_wconf 82' lang='grc' dir='ltr'>ἀποδοὺς</span> <span class='ocrx_word' id='word_1_221' title='bbox 1646 2273 1815 2328; x_wconf 78' lang='grc' dir='ltr'>ἀκοῦ-</span> 
     </span>
    </p>
   </div>
   <div class='ocr_carea' id='block_1_31' title="bbox 244 2357 1815 2433">
    <p class='ocr_par' dir='ltr' id='par_1_31' title="bbox 244 2357 1815 2433">
     <span class='ocr_line' id='line_1_31' title="bbox 244 2357 1815 2433; baseline 0.008 -26"><span class='ocrx_word' id='word_1_222' title='bbox 244 2371 367 2409; x_wconf 88' lang='grc' dir='ltr'>σαι·</span> <span class='ocrx_word' id='word_1_223' title='bbox 411 2357 723 2425; x_wconf 75' lang='grc' dir='ltr'>Ἀπέλαϐες</span> <span class='ocrx_word' id='word_1_224' title='bbox 751 2358 823 2413; x_wconf 88' lang='grc' dir='ltr'>τὰ</span> <span class='ocrx_word' id='word_1_225' title='bbox 847 2360 1037 2430; x_wconf 63' lang='grc' dir='ltr'>ἀγαθὰ</span> <span class='ocrx_word' id='word_1_226' title='bbox 1062 2363 1132 2417; x_wconf 86' lang='grc' dir='ltr'><strong>ἐν</strong></span> <span class='ocrx_word' id='word_1_227' title='bbox 1165 2362 1239 2431; x_wconf 73' lang='grc' dir='ltr'>τῇ</span> <span class='ocrx_word' id='word_1_228' title='bbox 1279 2363 1391 2433; x_wconf 83' lang='grc' dir='ltr'><strong>ζωῇ</strong></span> <span class='ocrx_word' id='word_1_229' title='bbox 1415 2381 1552 2432; x_wconf 86' lang='grc' dir='ltr'>σου,</span> <span class='ocrx_word' id='word_1_230' title='bbox 1590 2366 1706 2421; x_wconf 82' lang='grc' dir='ltr'><em>νῦν</em></span> <span class='ocrx_word' id='word_1_231' title='bbox 1746 2365 1815 2420; x_wconf 78' lang='grc' dir='ltr'>δὲ</span> 
     </span>
    </p>
   </div>
   <div class='ocr_carea' id='block_1_32' title="bbox 241 2436 1813 2530">
    <p class='ocr_par' dir='ltr' id='par_1_32' title="bbox 241 2436 1813 2530">
     <span class='ocr_line' id='line_1_32' title="bbox 241 2436 1813 2530; baseline 0.009 -33"><span class='ocrx_word' id='word_1_232' title='bbox 241 2436 354 2498; x_wconf 83' lang='grc' dir='ltr'>ὧδε</span> <span class='ocrx_word' id='word_1_233' title='bbox 387 2444 705 2502; x_wconf 82' lang='grc' dir='ltr'>ὀδυνᾶσαι.</span> <span class='ocrx_word' id='word_1_234' title='bbox 767 2448 1109 2521; x_wconf 34' lang='grc' dir='ltr'>Ἀνδριστέονκ</span> <span class='ocrx_word' id='word_1_235' title='bbox 1147 2453 1325 2508; x_wconf 84' lang='grc' dir='ltr'>τοίνυν</span> <span class='ocrx_word' id='word_1_236' title='bbox 1349 2494 1364 2519; x_wconf 92' lang='grc'><strong>,</strong></span> <span class='ocrx_word' id='word_1_237' title='bbox 1405 2456 1481 2519; x_wconf 84' lang='grc' dir='ltr'>ὡς</span> <span class='ocrx_word' id='word_1_238' title='bbox 1521 2458 1813 2530; x_wconf 77' lang='grc' dir='ltr'>παρήγγη-</span> 
     </span>
    </p>
   </div>
   <div class='ocr_carea' id='block_1_33' title="bbox 241 2538 1817 2621">
    <p class='ocr_par' dir='ltr' id='par_1_33' title="bbox 241 2538 1817 2621">
     <span class='ocr_line' id='line_1_33' title="bbox 241 2538 1817 2621; baseline 0.007 -29"><span class='ocrx_word' id='word_1_239' title='bbox 241 2538 330 2592; x_wconf 76' lang='grc' dir='ltr'><strong>λεν</strong></span> <span class='ocrx_word' id='word_1_240' title='bbox 354 2540 384 2591; x_wconf 84' lang='grc' dir='ltr'><strong>ὀ</strong></span> <span class='ocrx_word' id='word_1_241' title='bbox 424 2539 765 2607; x_wconf 82' lang='grc' dir='ltr'>Ἀπόστολος,</span> <span class='ocrx_word' id='word_1_242' title='bbox 797 2541 938 2596; x_wconf 82' lang='grc' dir='ltr'>ὥστε</span> <span class='ocrx_word' id='word_1_243' title='bbox 974 2544 1202 2615; x_wconf 80' lang='grc' dir='ltr'>νεκροῦν</span> <span class='ocrx_word' id='word_1_244' title='bbox 1228 2546 1328 2618; x_wconf 66' lang='grc' dir='ltr'>ἤδη</span> <span class='ocrx_word' id='word_1_245' title='bbox 1358 2547 1426 2600; x_wconf 81' lang='grc' dir='ltr'>τὰ</span> <span class='ocrx_word' id='word_1_246' title='bbox 1456 2548 1591 2621; x_wconf 86' lang='grc' dir='ltr'>μέλη</span> <span class='ocrx_word' id='word_1_247' title='bbox 1622 2549 1692 2603; x_wconf 82' lang='grc' dir='ltr'><strong>τὰ</strong></span> <span class='ocrx_word' id='word_1_248' title='bbox 1724 2551 1817 2603; x_wconf 68' lang='grc' dir='ltr'><strong>ἐπὶ</strong></span> 
     </span>
    </p>
   </div>
   <div class='ocr_carea' id='block_1_34' title="bbox 241 2628 1817 2714">
    <p class='ocr_par' dir='ltr' id='par_1_34' title="bbox 241 2628 1817 2714">
     <span class='ocr_line' id='line_1_34' title="bbox 241 2628 1817 2714; baseline 0.01 -34"><span class='ocrx_word' id='word_1_249' title='bbox 241 2628 342 2699; x_wconf 85' lang='grc' dir='ltr'><strong>τῆς</strong></span> <span class='ocrx_word' id='word_1_250' title='bbox 371 2628 498 2699; x_wconf 81' lang='grc' dir='ltr'>γῆς,</span> <span class='ocrx_word' id='word_1_251' title='bbox 526 2631 621 2684; x_wconf 75' lang='grc' dir='ltr'>καὶ</span> <span class='ocrx_word' id='word_1_252' title='bbox 647 2636 1124 2704; x_wconf 81' lang='grc' dir='ltr'>παρασκευαστέον</span> <span class='ocrx_word' id='word_1_253' title='bbox 1156 2639 1236 2701; x_wconf 87' lang='grc' dir='ltr'><strong>είς</strong></span> <span class='ocrx_word' id='word_1_254' title='bbox 1263 2638 1362 2709; x_wconf 81' lang='grc' dir='ltr'><strong>τὴν</strong></span> <span class='ocrx_word' id='word_1_255' title='bbox 1392 2637 1568 2703; x_wconf 83' lang='grc' dir='ltr'>ἔξοδον</span> <span class='ocrx_word' id='word_1_256' title='bbox 1608 2640 1683 2694; x_wconf 78' lang='grc' dir='ltr'>τὰ</span> <span class='ocrx_word' id='word_1_257' title='bbox 1725 2641 1817 2714; x_wconf 80' lang='grc' dir='ltr'>ἕρ-</span> 
     </span>
    </p>
   </div>
   <div class='ocr_carea' id='block_1_35' title="bbox 244 2720 1817 2804">
    <p class='ocr_par' dir='ltr' id='par_1_35' title="bbox 244 2720 1817 2804">
     <span class='ocr_line' id='line_1_35' title="bbox 244 2720 1817 2804; baseline 0.01 -32"><span class='ocrx_word' id='word_1_258' title='bbox 244 2736 315 2787; x_wconf 85' lang='grc' dir='ltr'>γα</span> <span class='ocrx_word' id='word_1_259' title='bbox 340 2737 357 2751; x_wconf 87' lang='grc'><strong>⁸</strong></span> <span class='ocrx_word' id='word_1_260' title='bbox 391 2720 501 2785; x_wconf 85' lang='grc' dir='ltr'>ἵνα,</span> <span class='ocrx_word' id='word_1_261' title='bbox 531 2722 633 2776; x_wconf 84' lang='grc' dir='ltr'>κᾶν</span> <span class='ocrx_word' id='word_1_262' title='bbox 667 2723 845 2797; x_wconf 78' lang='grc' dir='ltr'>φθάσῃ</span> <span class='ocrx_word' id='word_1_263' title='bbox 877 2725 969 2779; x_wconf 81' lang='grc' dir='ltr'>τοῦ</span> <span class='ocrx_word' id='word_1_264' title='bbox 1013 2727 1207 2799; x_wconf 82' lang='grc' dir='ltr'>χρόνου</span> <span class='ocrx_word' id='word_1_265' title='bbox 1237 2729 1297 2782; x_wconf 87' lang='grc' dir='ltr'><strong>τὸ</strong></span> <span class='ocrx_word' id='word_1_266' title='bbox 1321 2730 1494 2796; x_wconf 82' lang='grc' dir='ltr'>τέλος,</span> <span class='ocrx_word' id='word_1_267' title='bbox 1541 2732 1572 2803; x_wconf 78' lang='grc' dir='ltr'>ἢ</span> <span class='ocrx_word' id='word_1_268' title='bbox 1603 2733 1817 2804; x_wconf 85' lang='grc' dir='ltr'>κληθῶ-</span> 
     </span>
    </p>
   </div>
   <div class='ocr_carea' id='block_1_36' title="bbox 246 2814 1819 2894">
    <p class='ocr_par' dir='ltr' id='par_1_36' title="bbox 246 2814 1819 2894">
     <span class='ocr_line' id='line_1_36' title="bbox 246 2814 1819 2894; baseline 0.006 -28"><span class='ocrx_word' id='word_1_269' title='bbox 246 2829 344 2880; x_wconf 83' lang='grc' dir='ltr'><strong>μεν</strong></span> <span class='ocrx_word' id='word_1_270' title='bbox 378 2814 530 2885; x_wconf 81' lang='grc' dir='ltr'>παρὰ</span> <span class='ocrx_word' id='word_1_271' title='bbox 564 2815 656 2868; x_wconf 77' lang='grc' dir='ltr'>τοῦ</span> <span class='ocrx_word' id='word_1_272' title='bbox 694 2817 966 2888; x_wconf 84' lang='grc' dir='ltr'>Σωτῆρος,</span> <span class='ocrx_word' id='word_1_273' title='bbox 1009 2818 1253 2891; x_wconf 82' lang='grc' dir='ltr'>εἴπωμεν</span> <span class='ocrx_word' id='word_1_274' title='bbox 1303 2822 1398 2876; x_wconf 76' lang='grc' dir='ltr'><strong>καὶ</strong></span> <span class='ocrx_word' id='word_1_275' title='bbox 1448 2825 1646 2894; x_wconf 75' lang='grc' dir='ltr'>ἡμεῖς’</span> <span class='ocrx_word' id='word_1_276' title='bbox 1687 2826 1819 2881; x_wconf 82' lang='grc' dir='ltr'><strong>Νῦν</strong></span> 
     </span>
    </p>
   </div>
   <div class='ocr_carea' id='block_1_37' title="bbox 241 2903 1819 2975">
    <p class='ocr_par' dir='ltr' id='par_1_37' title="bbox 241 2903 1819 2975">
     <span class='ocr_line' id='line_1_37' title="bbox 241 2903 1819 2975; baseline 0.01 -19"><span class='ocrx_word' id='word_1_277' title='bbox 241 2903 533 2971; x_wconf 75' lang='grc' dir='ltr'>ἀπολύεις</span> <span class='ocrx_word' id='word_1_278' title='bbox 561 2906 666 2959; x_wconf 83' lang='grc' dir='ltr'><strong>τὸν</strong></span> <span class='ocrx_word' id='word_1_279' title='bbox 684 2906 910 2962; x_wconf 77' lang='grc' dir='ltr'>δοῦλόν</span> <span class='ocrx_word' id='word_1_280' title='bbox 933 2924 1071 2975; x_wconf 87' lang='grc' dir='ltr'>σου,</span> <span class='ocrx_word' id='word_1_281' title='bbox 1096 2909 1400 2967; x_wconf 80' lang='grc' dir='ltr'>Δέσποτα·</span> <span class='ocrx_word' id='word_1_282' title='bbox 1428 2913 1496 2968; x_wconf 82' lang='grc' dir='ltr'><strong>ἂν</strong></span> <span class='ocrx_word' id='word_1_283' title='bbox 1521 2915 1577 2968; x_wconf 85' lang='grc' dir='ltr'><strong>δὲ</strong></span> <span class='ocrx_word' id='word_1_284' title='bbox 1603 2917 1697 2969; x_wconf 78' lang='grc' dir='ltr'><strong>καὶ</strong></span> <span class='ocrx_word' id='word_1_285' title='bbox 1722 2918 1819 2971; x_wconf 83' lang='grc' dir='ltr'>αύ-</span> 
     </span>
    </p>
   </div>
   <div class='ocr_carea' id='block_1_38' title="bbox 243 2996 1815 3080">
    <p class='ocr_par' dir='ltr' id='par_1_38' title="bbox 243 2996 1815 3080">
     <span class='ocr_line' id='line_1_38' title="bbox 243 2996 1815 3080; baseline 0.01 -33"><span class='ocrx_word' id='word_1_286' title='bbox 243 2996 336 3059; x_wconf 87' lang='grc' dir='ltr'><strong>τὸς</strong></span> <span class='ocrx_word' id='word_1_287' title='bbox 362 2999 391 3050; x_wconf 87' lang='grc' dir='ltr'>ὀ</span> <span class='ocrx_word' id='word_1_288' title='bbox 417 2996 622 3068; x_wconf 87' lang='grc' dir='ltr'>Κύριος</span> <span class='ocrx_word' id='word_1_289' title='bbox 675 2998 802 3071; x_wconf 76' lang='grc' dir='ltr'>ἔλθῃ</span> <span class='ocrx_word' id='word_1_290' title='bbox 823 3039 838 3065; x_wconf 91' lang='grc'><strong>,</strong></span> <span class='ocrx_word' id='word_1_291' title='bbox 903 3003 990 3055; x_wconf 80' lang='grc' dir='ltr'>ἵνα</span> <span class='ocrx_word' id='word_1_292' title='bbox 1023 3002 1165 3076; x_wconf 72' lang='grc' dir='ltr'>εὕρῃ</span> <span class='ocrx_word' id='word_1_293' title='bbox 1211 3006 1618 3079; x_wconf 76' lang='grc' dir='ltr'>γρηγοροῦντας</span> <span class='ocrx_word' id='word_1_294' title='bbox 1649 3010 1815 3080; x_wconf 76' lang='grc' dir='ltr'>ἡμᾶς,</span> 
     </span>
    </p>
   </div>
   <div class='ocr_carea' id='block_1_39' title="bbox 1985 1437 3490 1505">
    <p class='ocr_par' dir='ltr' id='par_1_39' title="bbox 1985 1437 3490 1505">
     <span class='ocr_line' id='line_1_39' title="bbox 1985 1437 3490 1505; baseline -0.001 -12"><span class='ocrx_word' id='word_1_295' title='bbox 1985 1438 2043 1496; x_wconf 85' lang='lat' dir='ltr'><strong>In</strong></span> <span class='ocrx_word' id='word_1_296' title='bbox 2069 1439 2235 1495; x_wconf 86' lang='lat' dir='ltr'><strong>illud:</strong></span> <span class='ocrx_word' id='word_1_297' title='bbox 2268 1437 2427 1493; x_wconf 85' lang='lat' dir='ltr'><strong>Nunc</strong></span> <span class='ocrx_word' id='word_1_298' title='bbox 2471 1437 2698 1493; x_wconf 79' lang='lat' dir='ltr'><strong>dimittis</strong></span> <span class='ocrx_word' id='word_1_299' title='bbox 2740 1453 2945 1493; x_wconf 85' lang='lat' dir='ltr'><strong>servum</strong></span> <span class='ocrx_word' id='word_1_300' title='bbox 2991 1448 3176 1504; x_wconf 85' lang='lat' dir='ltr'><strong>tuum,</strong></span> <span class='ocrx_word' id='word_1_301' title='bbox 3228 1437 3490 1505; x_wconf 82' lang='lat' dir='ltr'><strong>Domine,</strong></span> 
     </span>
    </p>
   </div>
   <div class='ocr_carea' id='block_1_40' title="bbox 1913 1527 3494 1600">
    <p class='ocr_par' dir='ltr' id='par_1_40' title="bbox 1913 1527 3494 1600">
     <span class='ocr_line' id='line_1_40' title="bbox 1913 1527 3494 1600; baseline -0.002 -13"><span class='ocrx_word' id='word_1_302' title='bbox 1913 1532 2203 1587; x_wconf 82' lang='lat' dir='ltr'><strong>secundum</strong></span> <span class='ocrx_word' id='word_1_303' title='bbox 2229 1529 2442 1585; x_wconf 80' lang='lat' dir='ltr'><strong>verbum</strong></span> <span class='ocrx_word' id='word_1_304' title='bbox 2472 1539 2622 1583; x_wconf 87' lang='lat' dir='ltr'><strong>tuum</strong></span> <span class='ocrx_word' id='word_1_305' title='bbox 2670 1532 2726 1583; x_wconf 87' lang='lat' dir='ltr'><strong>in</strong></span> <span class='ocrx_word' id='word_1_306' title='bbox 2769 1546 2899 1600; x_wconf 83' lang='lat' dir='ltr'><strong>pace</strong></span> <span class='ocrx_word' id='word_1_307' title='bbox 2941 1529 3006 1585; x_wconf 85' lang='grc'><strong>⁶⁰.</strong></span> <span class='ocrx_word' id='word_1_308' title='bbox 3035 1527 3263 1584; x_wconf 81' lang='lat' dir='ltr'><strong>Mortem</strong></span> <span class='ocrx_word' id='word_1_309' title='bbox 3311 1528 3494 1599; x_wconf 80' lang='lat' dir='ltr'><strong>itaque</strong></span> 
     </span>
    </p>
   </div>
   <div class='ocr_carea' id='block_1_41' title="bbox 1914 1620 3493 1684">
    <p class='ocr_par' dir='ltr' id='par_1_41' title="bbox 1914 1620 3493 1684">
     <span class='ocr_line' id='line_1_41' title="bbox 1914 1620 3493 1684; baseline -0.005 -3"><span class='ocrx_word' id='word_1_310' title='bbox 1914 1634 2328 1681; x_wconf 86' lang='lat' dir='ltr'><strong>contemnamus</strong></span> <span class='ocrx_word' id='word_1_311' title='bbox 2357 1641 2370 1676; x_wconf 90' lang='lat'>:</span> <span class='ocrx_word' id='word_1_312' title='bbox 2402 1622 2527 1677; x_wconf 89' lang='lat' dir='ltr'><strong>licet</strong></span> <span class='ocrx_word' id='word_1_313' title='bbox 2558 1621 2704 1676; x_wconf 91' lang='lat' dir='ltr'><strong>enim</strong></span> <span class='ocrx_word' id='word_1_314' title='bbox 2751 1620 3168 1677; x_wconf 64' lang='lat' dir='ltr'><strong>retormidemus</strong></span> <span class='ocrx_word' id='word_1_315' title='bbox 3210 1621 3379 1684; x_wconf 86' lang='lat' dir='ltr'><strong>illam,</strong></span> <span class='ocrx_word' id='word_1_316' title='bbox 3406 1620 3493 1674; x_wconf 60' lang='lat' dir='ltr'><strong>ni;</strong></span> 
     </span>
    </p>
   </div>
   <div class='ocr_carea' id='block_1_42' title="bbox 1846 1713 3496 1811">
    <p class='ocr_par' dir='ltr' id='par_1_42' title="bbox 1846 1713 3496 1811">
     <span class='ocr_line' id='line_1_42' title="bbox 1846 1713 3496 1811; baseline -0.002 -39"><span class='ocrx_word' id='word_1_317' title='bbox 1846 1757 1884 1811; x_wconf 76' lang='grc' dir='ltr'><strong><em>Β</em></strong></span> <span class='ocrx_word' id='word_1_318' title='bbox 1916 1717 2215 1774; x_wconf 86' lang='lat' dir='ltr'><strong>hilominus</strong></span> <span class='ocrx_word' id='word_1_319' title='bbox 2262 1726 2446 1771; x_wconf 88' lang='lat' dir='ltr'><strong>tamen</strong></span> <span class='ocrx_word' id='word_1_320' title='bbox 2502 1715 2786 1786; x_wconf 63' lang='lat' dir='ltr'><strong>praefinitis</strong></span> <span class='ocrx_word' id='word_1_321' title='bbox 2826 1730 2855 1769; x_wconf 89' lang='lat' dir='ltr'><strong>a</strong></span> <span class='ocrx_word' id='word_1_322' title='bbox 2885 1713 3231 1769; x_wconf 70' lang='lat' dir='ltr'><strong>Providentia</strong></span> <span class='ocrx_word' id='word_1_323' title='bbox 3281 1721 3496 1784; x_wconf 72' lang='lat' dir='ltr'><strong>tempo~</strong></span> 
     </span>
    </p>
   </div>
   <div class='ocr_carea' id='block_1_43' title="bbox 1915 1805 3495 1877">
    <p class='ocr_par' dir='ltr' id='par_1_43' title="bbox 1915 1805 3495 1877">
     <span class='ocr_line' id='line_1_43' title="bbox 1915 1805 3495 1877; baseline -0.004 -12"><span class='ocrx_word' id='word_1_324' title='bbox 1915 1806 2079 1866; x_wconf 75' lang='lat' dir='ltr'><strong>ribus</strong></span> <span class='ocrx_word' id='word_1_325' title='bbox 2101 1809 2419 1865; x_wconf 82' lang='lat' dir='ltr'><strong>moriemur.</strong></span> <span class='ocrx_word' id='word_1_326' title='bbox 2466 1806 2699 1865; x_wconf 74' lang='lat' dir='ltr'><strong>Praestat</strong></span> <span class='ocrx_word' id='word_1_327' title='bbox 2743 1805 2888 1861; x_wconf 89' lang='lat' dir='ltr'><strong>enim</strong></span> <span class='ocrx_word' id='word_1_328' title='bbox 2938 1822 3080 1871; x_wconf 88' lang='lat' dir='ltr'><strong>eam,</strong></span> <span class='ocrx_word' id='word_1_329' title='bbox 3118 1808 3495 1877; x_wconf 77' lang='lat' dir='ltr'><strong>utrepetitum</strong></span> 
     </span>
    </p>
   </div>
   <div class='ocr_carea' id='block_1_44' title="bbox 1913 1896 3494 1971">
    <p class='ocr_par' dir='ltr' id='par_1_44' title="bbox 1913 1896 3494 1971">
     <span class='ocr_line' id='line_1_44' title="bbox 1913 1896 3494 1971; baseline -0.006 -13"><span class='ocrx_word' id='word_1_330' title='bbox 1913 1904 2179 1971; x_wconf 89' lang='lat' dir='ltr'><strong>debitum,</strong></span> <span class='ocrx_word' id='word_1_331' title='bbox 2212 1917 2336 1957; x_wconf 89' lang='lat' dir='ltr'><strong>eum</strong></span> <span class='ocrx_word' id='word_1_332' title='bbox 2369 1902 2572 1957; x_wconf 79' lang='lat' dir='ltr'><strong>virtute</strong></span> <span class='ocrx_word' id='word_1_333' title='bbox 2606 1902 2891 1971; x_wconf 77' lang='lat' dir='ltr'><strong>excipere,</strong></span> <span class='ocrx_word' id='word_1_334' title='bbox 2944 1914 3110 1970; x_wconf 87' lang='lat' dir='ltr'><strong>quam</strong></span> <span class='ocrx_word' id='word_1_335' title='bbox 3159 1898 3277 1954; x_wconf 77' lang='lat' dir='ltr'><strong>sine</strong></span> <span class='ocrx_word' id='word_1_336' title='bbox 3319 1896 3494 1968; x_wconf 78' lang='lat' dir='ltr'><strong>gloria</strong></span> 
     </span>
    </p>
   </div>
   <div class='ocr_carea' id='block_1_45' title="bbox 1912 1991 3494 2065">
    <p class='ocr_par' dir='ltr' id='par_1_45' title="bbox 1912 1991 3494 2065">
     <span class='ocr_line' id='line_1_45' title="bbox 1912 1991 3494 2065; baseline -0.003 -15"><span class='ocrx_word' id='word_1_337' title='bbox 1912 2004 2187 2065; x_wconf 87' lang='lat' dir='ltr'><strong>oppetere.</strong></span> <span class='ocrx_word' id='word_1_338' title='bbox 2222 1993 2359 2048; x_wconf 88' lang='lat' dir='ltr'><strong>Nam</strong></span> <span class='ocrx_word' id='word_1_339' title='bbox 2395 1992 2488 2065; x_wconf 89' lang='lat' dir='ltr'><strong>qui</strong></span> <span class='ocrx_word' id='word_1_340' title='bbox 2511 1993 2763 2065; x_wconf 85' lang='lat' dir='ltr'><strong>religiose</strong></span> <span class='ocrx_word' id='word_1_341' title='bbox 2801 1992 2948 2047; x_wconf 90' lang='lat' dir='ltr'><strong>diem</strong></span> <span class='ocrx_word' id='word_1_342' title='bbox 2984 1991 3121 2055; x_wconf 79' lang='lat' dir='ltr'><strong>obit,</strong></span> <span class='ocrx_word' id='word_1_343' title='bbox 3147 2005 3494 2061; x_wconf 82' lang='lat' dir='ltr'><strong>nequaquam</strong></span> 
     </span>
    </p>
   </div>
   <div class='ocr_carea' id='block_1_46' title="bbox 1914 2082 3497 2157">
    <p class='ocr_par' dir='ltr' id='par_1_46' title="bbox 1914 2082 3497 2157">
     <span class='ocr_line' id='line_1_46' title="bbox 1914 2082 3497 2157; baseline -0.002 -15"><span class='ocrx_word' id='word_1_344' title='bbox 1914 2087 2183 2154; x_wconf 88' lang='lat' dir='ltr'><strong>moritur;</strong></span> <span class='ocrx_word' id='word_1_345' title='bbox 2233 2086 2329 2157; x_wconf 89' lang='lat' dir='ltr'><strong>qui</strong></span> <span class='ocrx_word' id='word_1_346' title='bbox 2374 2101 2505 2140; x_wconf 83' lang='lat' dir='ltr'><strong>vero</strong></span> <span class='ocrx_word' id='word_1_347' title='bbox 2554 2085 2623 2141; x_wconf 90' lang='lat' dir='ltr'><strong>de</strong></span> <span class='ocrx_word' id='word_1_348' title='bbox 2672 2093 2916 2155; x_wconf 90' lang='lat' dir='ltr'><strong>tempore</strong></span> <span class='ocrx_word' id='word_1_349' title='bbox 2961 2084 3140 2139; x_wconf 91' lang='lat' dir='ltr'><strong>solum</strong></span> <span class='ocrx_word' id='word_1_350' title='bbox 3197 2082 3497 2154; x_wconf 80' lang='lat' dir='ltr'><strong>requisitas</strong></span> 
     </span>
    </p>
   </div>
   <div class='ocr_carea' id='block_1_47' title="bbox 1913 2174 3498 2249">
    <p class='ocr_par' dir='ltr' id='par_1_47' title="bbox 1913 2174 3498 2249">
     <span class='ocr_line' id='line_1_47' title="bbox 1913 2174 3498 2249; baseline -0.002 -15"><span class='ocrx_word' id='word_1_351' title='bbox 1913 2178 2097 2245; x_wconf 78' lang='lat' dir='ltr'><strong>fuerit,</strong></span> <span class='ocrx_word' id='word_1_352' title='bbox 2128 2177 2287 2249; x_wconf 88' lang='lat' dir='ltr'><strong>quasi</strong></span> <span class='ocrx_word' id='word_1_353' title='bbox 2324 2177 2428 2233; x_wconf 83' lang='lat' dir='ltr'><strong>sibi</strong></span> <span class='ocrx_word' id='word_1_354' title='bbox 2469 2176 2571 2247; x_wconf 90' lang='lat' dir='ltr'><strong>ipsi</strong></span> <span class='ocrx_word' id='word_1_355' title='bbox 2598 2176 2832 2240; x_wconf 75' lang='lat' dir='ltr'><strong>vixerit,</strong></span> <span class='ocrx_word' id='word_1_356' title='bbox 2866 2191 3095 2232; x_wconf 85' lang='lat' dir='ltr'><strong>necesse</strong></span> <span class='ocrx_word' id='word_1_357' title='bbox 3117 2182 3202 2230; x_wconf 90' lang='lat' dir='ltr'><strong>est</strong></span> <span class='ocrx_word' id='word_1_358' title='bbox 3241 2174 3405 2231; x_wconf 88' lang='lat' dir='ltr'><strong>etiam</strong></span> <span class='ocrx_word' id='word_1_359' title='bbox 3436 2182 3498 2231; x_wconf 72' lang='lat' dir='ltr'><strong>ut</strong></span> 
     </span>
    </p>
   </div>
   <div class='ocr_carea' id='block_1_48' title="bbox 1916 2268 3495 2342">
    <p class='ocr_par' dir='ltr' id='par_1_48' title="bbox 1916 2268 3495 2342">
     <span class='ocr_line' id='line_1_48' title="bbox 1916 2268 3495 2342; baseline -0.003 -16"><span class='ocrx_word' id='word_1_360' title='bbox 1916 2272 2180 2342; x_wconf 89' lang='lat' dir='ltr'><strong>temporis</strong></span> <span class='ocrx_word' id='word_1_361' title='bbox 2207 2270 2474 2326; x_wconf 86' lang='lat' dir='ltr'><strong>rationem</strong></span> <span class='ocrx_word' id='word_1_362' title='bbox 2508 2270 2736 2325; x_wconf 84' lang='lat' dir='ltr'><strong>reddat:</strong></span> <span class='ocrx_word' id='word_1_363' title='bbox 2770 2280 2824 2325; x_wconf 92' lang='lat' dir='ltr'><strong>et</strong></span> <span class='ocrx_word' id='word_1_364' title='bbox 2852 2271 2901 2326; x_wconf 90' lang='lat' dir='ltr'><strong>si</strong></span> <span class='ocrx_word' id='word_1_365' title='bbox 2935 2286 3042 2325; x_wconf 89' lang='lat' dir='ltr'><strong>non</strong></span> <span class='ocrx_word' id='word_1_366' title='bbox 3079 2268 3292 2336; x_wconf 85' lang='lat' dir='ltr'><strong>reddat,</strong></span> <span class='ocrx_word' id='word_1_367' title='bbox 3322 2268 3372 2325; x_wconf 88' lang='lat' dir='ltr'><strong>id</strong></span> <span class='ocrx_word' id='word_1_368' title='bbox 3394 2285 3495 2324; x_wconf 85' lang='lat' dir='ltr'><strong>au-</strong></span> 
     </span>
    </p>
   </div>
   <div class='ocr_carea' id='block_1_49' title="bbox 1915 2361 3497 2431">
    <p class='ocr_par' dir='ltr' id='par_1_49' title="bbox 1915 2361 3497 2431">
     <span class='ocr_line' id='line_1_49' title="bbox 1915 2361 3497 2431; baseline -0.003 -14"><span class='ocrx_word' id='word_1_369' title='bbox 1915 2364 2027 2417; x_wconf 81' lang='lat' dir='ltr'><strong>diet</strong></span> <span class='ocrx_word' id='word_1_370' title='bbox 2054 2380 2068 2415; x_wconf 89' lang='lat'><strong>:</strong></span> <span class='ocrx_word' id='word_1_371' title='bbox 2092 2361 2352 2431; x_wconf 80' lang='lat' dir='ltr'><strong>Recepisti</strong></span> <span class='ocrx_word' id='word_1_372' title='bbox 2374 2365 2513 2415; x_wconf 87' lang='lat' dir='ltr'><strong>bona</strong></span> <span class='ocrx_word' id='word_1_373' title='bbox 2539 2361 2592 2414; x_wconf 85' lang='lat' dir='ltr'><strong>in</strong></span> <span class='ocrx_word' id='word_1_374' title='bbox 2622 2362 2732 2416; x_wconf 79' lang='lat' dir='ltr'><strong>rita</strong></span> <span class='ocrx_word' id='word_1_375' title='bbox 2756 2370 2868 2424; x_wconf 86' lang='lat' dir='ltr'><strong>tua,</strong></span> <span class='ocrx_word' id='word_1_376' title='bbox 2898 2377 3037 2414; x_wconf 86' lang='lat' dir='ltr'><strong>nunc</strong></span> <span class='ocrx_word' id='word_1_377' title='bbox 3058 2369 3233 2415; x_wconf 87' lang='lat' dir='ltr'><strong>autem</strong></span> <span class='ocrx_word' id='word_1_378' title='bbox 3262 2361 3349 2414; x_wconf 79' lang='lat' dir='ltr'><strong>hic</strong></span> <span class='ocrx_word' id='word_1_379' title='bbox 3378 2377 3497 2413; x_wconf 83' lang='lat' dir='ltr'><strong>crn—</strong></span> 
     </span>
    </p>
   </div>
   <div class='ocr_carea' id='block_1_50' title="bbox 1917 2449 3499 2522">
    <p class='ocr_par' dir='ltr' id='par_1_50' title="bbox 1917 2449 3499 2522">
     <span class='ocr_line' id='line_1_50' title="bbox 1917 2449 3499 2522; baseline 0 -16"><span class='ocrx_word' id='word_1_380' title='bbox 1917 2452 2079 2506; x_wconf 87' lang='lat' dir='ltr'><strong>ciaris</strong></span> <span class='ocrx_word' id='word_1_381' title='bbox 2115 2452 2182 2506; x_wconf 82' lang='grc'><strong>⁶¹.</strong></span> <span class='ocrx_word' id='word_1_382' title='bbox 2229 2449 2468 2506; x_wconf 84' lang='lat' dir='ltr'><strong>Viriliter</strong></span> <span class='ocrx_word' id='word_1_383' title='bbox 2514 2451 2699 2522; x_wconf 87' lang='lat' dir='ltr'><strong>itaque</strong></span> <span class='ocrx_word' id='word_1_384' title='bbox 2758 2450 3028 2522; x_wconf 77' lang='lat' dir='ltr'><strong>agentium</strong></span> <span class='ocrx_word' id='word_1_385' title='bbox 3063 2492 3078 2517; x_wconf 93' lang='lat'><strong>,</strong></span> <span class='ocrx_word' id='word_1_386' title='bbox 3125 2458 3189 2504; x_wconf 88' lang='lat' dir='ltr'><strong>ut</strong></span> <span class='ocrx_word' id='word_1_387' title='bbox 3238 2451 3499 2521; x_wconf 69' lang='lat' dir='ltr'><strong>prmccpit</strong></span> 
     </span>
    </p>
   </div>
   <div class='ocr_carea' id='block_1_51' title="bbox 1918 2544 3498 2620">
    <p class='ocr_par' dir='ltr' id='par_1_51' title="bbox 1918 2544 3498 2620">
     <span class='ocr_line' id='line_1_51' title="bbox 1918 2544 3498 2620; baseline -0.003 -17"><span class='ocrx_word' id='word_1_388' title='bbox 1918 2548 2218 2620; x_wconf 84' lang='lat' dir='ltr'><strong>Apostolus</strong></span> <span class='ocrx_word' id='word_1_389' title='bbox 2252 2549 2335 2616; x_wconf 81' lang='grc'><strong>⁶²;</strong></span> <span class='ocrx_word' id='word_1_390' title='bbox 2366 2548 2439 2603; x_wconf 89' lang='lat' dir='ltr'><strong>ita</strong></span> <span class='ocrx_word' id='word_1_391' title='bbox 2469 2558 2528 2602; x_wconf 88' lang='lat' dir='ltr'><strong>ut</strong></span> <span class='ocrx_word' id='word_1_392' title='bbox 2549 2548 2662 2618; x_wconf 83' lang='lat' dir='ltr'><strong>jam</strong></span> <span class='ocrx_word' id='word_1_393' title='bbox 2696 2546 3088 2602; x_wconf 81' lang='lat' dir='ltr'><strong>mortiﬁcemus</strong></span> <span class='ocrx_word' id='word_1_394' title='bbox 3110 2544 3353 2601; x_wconf 88' lang='lat' dir='ltr'><strong>membra</strong></span> <span class='ocrx_word' id='word_1_395' title='bbox 3376 2560 3498 2615; x_wconf 70' lang='lat' dir='ltr'><strong>quas.</strong></span> 
     </span>
    </p>
   </div>
   <div class='ocr_carea' id='block_1_52' title="bbox 1919 2637 3498 2712">
    <p class='ocr_par' dir='ltr' id='par_1_52' title="bbox 1919 2637 3498 2712">
     <span class='ocr_line' id='line_1_52' title="bbox 1919 2637 3498 2712; baseline -0.003 -16"><span class='ocrx_word' id='word_1_396' title='bbox 1919 2650 2046 2696; x_wconf 83' lang='lat' dir='ltr'><strong>sunt</strong></span> <span class='ocrx_word' id='word_1_397' title='bbox 2075 2656 2241 2712; x_wconf 88' lang='lat' dir='ltr'><strong>super</strong></span> <span class='ocrx_word' id='word_1_398' title='bbox 2277 2649 2480 2696; x_wconf 89' lang='lat' dir='ltr'><strong>terram</strong></span> <span class='ocrx_word' id='word_1_399' title='bbox 2508 2640 2588 2707; x_wconf 81' lang='grc'><strong>⁶³;</strong></span> <span class='ocrx_word' id='word_1_400' title='bbox 2620 2649 2783 2711; x_wconf 89' lang='lat' dir='ltr'><strong>atque</strong></span> <span class='ocrx_word' id='word_1_401' title='bbox 2824 2637 3180 2710; x_wconf 68' lang='lat' dir='ltr'><strong>praeparanda</strong></span> <span class='ocrx_word' id='word_1_402' title='bbox 3222 2653 3322 2708; x_wconf 89' lang='lat' dir='ltr'><strong>pro</strong></span> <span class='ocrx_word' id='word_1_403' title='bbox 3350 2638 3498 2692; x_wconf 75' lang='lat' dir='ltr'><strong>exitu</strong></span> 
     </span>
    </p>
   </div>
   <div class='ocr_carea' id='block_1_53' title="bbox 1919 2731 3501 2805">
    <p class='ocr_par' dir='ltr' id='par_1_53' title="bbox 1919 2731 3501 2805">
     <span class='ocr_line' id='line_1_53' title="bbox 1919 2731 3501 2805; baseline -0.003 -17"><span class='ocrx_word' id='word_1_404' title='bbox 1919 2742 2047 2789; x_wconf 89' lang='lat' dir='ltr'><strong>sunt</strong></span> <span class='ocrx_word' id='word_1_405' title='bbox 2072 2748 2239 2805; x_wconf 85' lang='lat' dir='ltr'><strong>opera</strong></span> <span class='ocrx_word' id='word_1_406' title='bbox 2270 2742 2494 2800; x_wconf 88' lang='lat' dir='ltr'><strong>nostra;</strong></span> <span class='ocrx_word' id='word_1_407' title='bbox 2530 2742 2592 2786; x_wconf 91' lang='lat' dir='ltr'><strong>ut</strong></span> <span class='ocrx_word' id='word_1_408' title='bbox 2639 2733 2685 2787; x_wconf 89' lang='lat' dir='ltr'><strong>si</strong></span> <span class='ocrx_word' id='word_1_409' title='bbox 2722 2732 2983 2802; x_wconf 89' lang='lat' dir='ltr'><strong>temporis</strong></span> <span class='ocrx_word' id='word_1_410' title='bbox 3026 2731 3297 2786; x_wconf 85' lang='lat' dir='ltr'><strong>terminus</strong></span> <span class='ocrx_word' id='word_1_411' title='bbox 3340 2745 3501 2784; x_wconf 77' lang='lat' dir='ltr'><strong>acce-</strong></span> 
     </span>
    </p>
   </div>
   <div class='ocr_carea' id='block_1_54' title="bbox 1919 2823 3498 2891">
    <p class='ocr_par' dir='ltr' id='par_1_54' title="bbox 1919 2823 3498 2891">
     <span class='ocr_line' id='line_1_54' title="bbox 1919 2823 3498 2891; baseline -0.003 -11"><span class='ocrx_word' id='word_1_412' title='bbox 1919 2827 2032 2890; x_wconf 86' lang='lat' dir='ltr'><strong>dat,</strong></span> <span class='ocrx_word' id='word_1_413' title='bbox 2064 2834 2159 2880; x_wconf 91' lang='lat' dir='ltr'><strong>aut</strong></span> <span class='ocrx_word' id='word_1_414' title='bbox 2208 2839 2477 2881; x_wconf 78' lang='lat' dir='ltr'><strong>vocemur</strong></span> <span class='ocrx_word' id='word_1_415' title='bbox 2529 2842 2560 2880; x_wconf 89' lang='lat' dir='ltr'><strong>a</strong></span> <span class='ocrx_word' id='word_1_416' title='bbox 2609 2823 2930 2891; x_wconf 80' lang='lat' dir='ltr'><strong>Salvatore,</strong></span> <span class='ocrx_word' id='word_1_417' title='bbox 2982 2823 3230 2877; x_wconf 84' lang='lat' dir='ltr'><strong>dicamus</strong></span> <span class='ocrx_word' id='word_1_418' title='bbox 3276 2828 3331 2877; x_wconf 87' lang='lat' dir='ltr'><strong>et</strong></span> <span class='ocrx_word' id='word_1_419' title='bbox 3377 2836 3498 2884; x_wconf 88' lang='lat' dir='ltr'><strong>nos,</strong></span> 
     </span>
    </p>
   </div>
   <div class='ocr_carea' id='block_1_55' title="bbox 1923 2911 3502 2984">
    <p class='ocr_par' dir='ltr' id='par_1_55' title="bbox 1923 2911 3502 2984">
     <span class='ocr_line' id='line_1_55' title="bbox 1923 2911 3502 2984; baseline -0.004 -12"><span class='ocrx_word' id='word_1_420' title='bbox 1923 2917 2082 2972; x_wconf 80' lang='lat' dir='ltr'><strong>Nunc</strong></span> <span class='ocrx_word' id='word_1_421' title='bbox 2106 2918 2338 2972; x_wconf 75' lang='lat' dir='ltr'><strong>dimittis</strong></span> <span class='ocrx_word' id='word_1_422' title='bbox 2369 2933 2573 2973; x_wconf 74' lang='lat' dir='ltr'><strong>servum</strong></span> <span class='ocrx_word' id='word_1_423' title='bbox 2601 2927 2769 2983; x_wconf 87' lang='lat' dir='ltr'><strong>tuum,</strong></span> <span class='ocrx_word' id='word_1_424' title='bbox 2800 2915 3024 2970; x_wconf 85' lang='lat' dir='ltr'><strong>Domine</strong></span> <span class='ocrx_word' id='word_1_425' title='bbox 3050 2931 3067 2969; x_wconf 91' lang='lat'><strong><em>:</em></strong></span> <span class='ocrx_word' id='word_1_426' title='bbox 3102 2923 3157 2969; x_wconf 88' lang='lat' dir='ltr'><strong>et</strong></span> <span class='ocrx_word' id='word_1_427' title='bbox 3182 2914 3225 2969; x_wconf 90' lang='lat' dir='ltr'><strong>si</strong></span> <span class='ocrx_word' id='word_1_428' title='bbox 3259 2914 3375 2984; x_wconf 87' lang='lat' dir='ltr'><strong>ipse</strong></span> <span class='ocrx_word' id='word_1_429' title='bbox 3397 2911 3502 2966; x_wconf 84' lang='lat' dir='ltr'><strong>Do-</strong></span> 
     </span>
    </p>
   </div>
   <div class='ocr_carea' id='block_1_56' title="bbox 1925 3003 3502 3080">
    <p class='ocr_par' dir='ltr' id='par_1_56' title="bbox 1925 3003 3502 3080">
     <span class='ocr_line' id='line_1_56' title="bbox 1925 3003 3502 3080; baseline -0.003 -19"><span class='ocrx_word' id='word_1_430' title='bbox 1925 3009 2105 3063; x_wconf 87' lang='lat' dir='ltr'><strong>minus</strong></span> <span class='ocrx_word' id='word_1_431' title='bbox 2130 3009 2358 3073; x_wconf 84' lang='lat' dir='ltr'><strong>venerit,</strong></span> <span class='ocrx_word' id='word_1_432' title='bbox 2385 3025 2485 3065; x_wconf 91' lang='lat' dir='ltr'><strong>nos</strong></span> <span class='ocrx_word' id='word_1_433' title='bbox 2511 3010 2800 3080; x_wconf 74' lang='lat' dir='ltr'><strong>vigilantes</strong></span> <span class='ocrx_word' id='word_1_434' title='bbox 2822 3008 3081 3073; x_wconf 83' lang='lat' dir='ltr'><strong>inveniat,</strong></span> <span class='ocrx_word' id='word_1_435' title='bbox 3112 3021 3211 3060; x_wconf 89' lang='lat' dir='ltr'><strong>nec</strong></span> <span class='ocrx_word' id='word_1_436' title='bbox 3226 3003 3502 3059; x_wconf 89' lang='lat' dir='ltr'><strong>dormien-</strong></span> 
     </span>
    </p>
   </div>
   <div class='ocr_carea' id='block_1_57' title="bbox 245 3088 1919 3171">
    <p class='ocr_par' dir='ltr' id='par_1_57' title="bbox 245 3088 1891 3166">
     <span class='ocr_line' id='line_1_57' title="bbox 245 3088 1891 3166; baseline 0.009 -26"><span class='ocrx_word' id='word_1_437' title='bbox 245 3088 338 3140; x_wconf 75' lang='grc' dir='ltr'><strong>καὶ</strong></span> <span class='ocrx_word' id='word_1_438' title='bbox 373 3089 448 3159; x_wconf 82' lang='grc' dir='ltr'>μὴ</span> <span class='ocrx_word' id='word_1_439' title='bbox 473 3091 847 3161; x_wconf 80' lang='grc' dir='ltr'>κοιμωμένους</span> <span class='ocrx_word' id='word_1_440' title='bbox 877 3094 1195 3166; x_wconf 82' lang='grc' dir='ltr'>αἰτιάσηται.</span> <span class='ocrx_word' id='word_1_441' title='bbox 1219 3097 1394 3166; x_wconf 83' lang='grc' dir='ltr'>λέγων</span> <span class='ocrx_word' id='word_1_442' title='bbox 1418 3113 1431 3127; x_wconf 93' lang='grc'><strong>⁸</strong></span> <span class='ocrx_word' id='word_1_443' title='bbox 1470 3099 1670 3166; x_wconf 72' lang='grc' dir='ltr'>Οὕτως</span> <span class='ocrx_word' id='word_1_444' title='bbox 1710 3101 1821 3155; x_wconf 74' lang='grc' dir='ltr'>οὐκ</span> <span class='ocrx_word' id='word_1_445' title='bbox 1852 3096 1891 3149; x_wconf 83' lang='lat' dir='ltr'><strong>C</strong></span> 
     </span>
    </p>
   </div>
   <div class='ocr_carea' id='block_1_58' title="bbox 1968 3088 3502 3171">
    <p class='ocr_par' dir='ltr' id='par_1_58' title="bbox 1968 3100 3502 3171">
     <span class='ocr_line' id='line_1_58' title="bbox 1968 3100 3502 3171; baseline -0.003 -17"><span class='ocrx_word' id='word_1_446' title='bbox 1968 3117 2008 3156; x_wconf 70' lang='lat' dir='ltr'><strong>ts</strong></span> <span class='ocrx_word' id='word_1_447' title='bbox 2039 3102 2284 3171; x_wconf 82' lang='lat' dir='ltr'><strong>increpet</strong></span> <span class='ocrx_word' id='word_1_448' title='bbox 2314 3103 2400 3157; x_wconf 84' lang='lat' dir='ltr'><strong>bis</strong></span> <span class='ocrx_word' id='word_1_449' title='bbox 2437 3102 2651 3165; x_wconf 80' lang='lat' dir='ltr'><strong>verbis,</strong></span> <span class='ocrx_word' id='word_1_450' title='bbox 2686 3100 2777 3158; x_wconf 88' lang='lat' dir='ltr'><strong>Sic</strong></span> <span class='ocrx_word' id='word_1_451' title='bbox 2816 3117 2919 3155; x_wconf 84' lang='lat' dir='ltr'><strong>non</strong></span> <span class='ocrx_word' id='word_1_452' title='bbox 2950 3100 3196 3170; x_wconf 81' lang='lat' dir='ltr'><strong>potuistis</strong></span> <span class='ocrx_word' id='word_1_453' title='bbox 3230 3115 3332 3152; x_wconf 86' lang='lat' dir='ltr'><strong>una</strong></span> <span class='ocrx_word' id='word_1_454' title='bbox 3362 3105 3502 3167; x_wconf 75' lang='lat' dir='ltr'><strong>hora</strong></span> 
     </span>
    </p>
   </div>
   <div class='ocr_carea' id='block_1_59' title="bbox 244 3178 1820 3261">
    <p class='ocr_par' dir='ltr' id='par_1_59' title="bbox 244 3178 1820 3261">
     <span class='ocr_line' id='line_1_59' title="bbox 244 3178 1820 3261; baseline 0.01 -32"><span class='ocrx_word' id='word_1_455' title='bbox 244 3178 539 3246; x_wconf 82' lang='grc' dir='ltr'><strong>ἰσχύσατε</strong></span> <span class='ocrx_word' id='word_1_456' title='bbox 559 3181 707 3249; x_wconf 81' lang='grc' dir='ltr'>μίαν</span> <span class='ocrx_word' id='word_1_457' title='bbox 726 3181 884 3250; x_wconf 80' lang='grc' dir='ltr'>ὤραν</span> <span class='ocrx_word' id='word_1_458' title='bbox 908 3185 1281 3253; x_wconf 78' lang='grc' dir='ltr'>γρηγορῆσαι</span> <span class='ocrx_word' id='word_1_459' title='bbox 1301 3204 1319 3249; x_wconf 89' lang='grc'><strong><em>;</em></strong></span> <span class='ocrx_word' id='word_1_460' title='bbox 1343 3187 1548 3251; x_wconf 79' lang='grc' dir='ltr'>’Ύπνος</span> <span class='ocrx_word' id='word_1_461' title='bbox 1572 3188 1820 3261; x_wconf 67' lang='grc' dir='ltr'>δὲψυχῆς</span> 
     </span>
    </p>
   </div>
   <div class='ocr_carea' id='block_1_60' title="bbox 246 3269 1639 3347">
    <p class='ocr_par' dir='ltr' id='par_1_60' title="bbox 246 3269 1639 3347">
     <span class='ocr_line' id='line_1_60' title="bbox 246 3269 1639 3347; baseline 0.007 -27"><span class='ocrx_word' id='word_1_462' title='bbox 246 3269 392 3322; x_wconf 52' lang='grc' dir='ltr'>ἐστιν</span> <span class='ocrx_word' id='word_1_463' title='bbox 424 3272 457 3342; x_wconf 85' lang='grc' dir='ltr'><strong>ή</strong></span> <span class='ocrx_word' id='word_1_464' title='bbox 486 3270 716 3342; x_wconf 86' lang='grc' dir='ltr'>ἀμέλεια</span> <span class='ocrx_word' id='word_1_465' title='bbox 745 3275 839 3328; x_wconf 76' lang='grc' dir='ltr'><strong>καὶ</strong></span> <span class='ocrx_word' id='word_1_466' title='bbox 872 3276 908 3346; x_wconf 78' lang='grc' dir='ltr'><strong>ἡ</strong></span> <span class='ocrx_word' id='word_1_467' title='bbox 940 3277 1216 3347; x_wconf 82' lang='grc' dir='ltr'>ἀμνηστία</span> <span class='ocrx_word' id='word_1_468' title='bbox 1247 3278 1339 3331; x_wconf 82' lang='grc' dir='ltr'>τοῦ</span> <span class='ocrx_word' id='word_1_469' title='bbox 1379 3279 1639 3332; x_wconf 79' lang='grc' dir='ltr'>θανάτου.</span> 
     </span>
    </p>
   </div>
   <div class='ocr_carea' id='block_1_61' title="bbox 1931 3189 3518 3265">
    <p class='ocr_par' dir='ltr' id='par_1_61' title="bbox 1931 3189 3518 3265">
     <span class='ocr_line' id='line_1_61' title="bbox 1931 3189 3518 3265; baseline -0.002 -20"><span class='ocrx_word' id='word_1_470' title='bbox 1931 3192 2148 3263; x_wconf 72' lang='lat' dir='ltr'><strong>vigilare</strong></span> <span class='ocrx_word' id='word_1_471' title='bbox 2164 3194 2211 3225; x_wconf 70' lang='lat'><strong>”</strong></span> <span class='ocrx_word' id='word_1_472' title='bbox 2230 3192 2257 3246; x_wconf 66' lang='lat'><strong>1’</strong></span> <span class='ocrx_word' id='word_1_473' title='bbox 2280 3192 2519 3250; x_wconf 85' lang='lat' dir='ltr'><strong>Somnus</strong></span> <span class='ocrx_word' id='word_1_474' title='bbox 2535 3209 2698 3265; x_wconf 82' lang='lat' dir='ltr'><strong>porro</strong></span> <span class='ocrx_word' id='word_1_475' title='bbox 2721 3193 2935 3257; x_wconf 84' lang='lat' dir='ltr'><strong>animae,</strong></span> <span class='ocrx_word' id='word_1_476' title='bbox 2960 3200 3044 3248; x_wconf 88' lang='lat' dir='ltr'><strong>est</strong></span> <span class='ocrx_word' id='word_1_477' title='bbox 3060 3189 3270 3246; x_wconf 88' lang='lat' dir='ltr'><strong>incuria</strong></span> <span class='ocrx_word' id='word_1_478' title='bbox 3286 3198 3341 3245; x_wconf 88' lang='lat' dir='ltr'><strong>et</strong></span> <span class='ocrx_word' id='word_1_479' title='bbox 3359 3204 3518 3243; x_wconf 78' lang='lat' dir='ltr'><strong>mor-</strong></span> 
     </span>
    </p>
   </div>
   <div class='ocr_carea' id='block_1_62' title="bbox 1930 3285 2242 3341">
    <p class='ocr_par' dir='ltr' id='par_1_62' title="bbox 1930 3285 2242 3341">
     <span class='ocr_line' id='line_1_62' title="bbox 1930 3285 2242 3341; baseline 0.003 -3"><span class='ocrx_word' id='word_1_480' title='bbox 1930 3285 1998 3339; x_wconf 86' lang='lat' dir='ltr'><strong>tis</strong></span> <span class='ocrx_word' id='word_1_481' title='bbox 2022 3285 2242 3341; x_wconf 78' lang='lat' dir='ltr'><strong>obhvio.</strong></span> 
     </span>
    </p>
   </div>
   <div class='ocr_carea' id='block_1_63' title="bbox 742 3417 2967 3493">
    <p class='ocr_par' dir='ltr' id='par_1_63' title="bbox 742 3417 2967 3493">
     <span class='ocr_line' id='line_1_63' title="bbox 742 3417 2967 3493; baseline 0.002 -24"><span class='ocrx_word' id='word_1_482' title='bbox 742 3417 873 3480; x_wconf 73' lang='lat' dir='ltr'><strong>Qum</strong></span> <span class='ocrx_word' id='word_1_483' title='bbox 898 3426 1187 3487; x_wconf 82' lang='lat' dir='ltr'><strong>sequuntur</strong></span> <span class='ocrx_word' id='word_1_484' title='bbox 1212 3417 1343 3472; x_wconf 82' lang='lat' dir='ltr'><strong>ibid.</strong></span> <span class='ocrx_word' id='word_1_485' title='bbox 1379 3436 1503 3488; x_wconf 87' lang='lat' dir='ltr'><strong>pag.</strong></span> <span class='ocrx_word' id='word_1_486' title='bbox 1559 3419 1716 3484; x_wconf 79' lang='grc'><strong>1010,</strong></span> <span class='ocrx_word' id='word_1_487' title='bbox 1750 3420 2076 3477; x_wconf 64' lang='lat' dir='ltr'><strong>iasermone</strong></span> <span class='ocrx_word' id='word_1_488' title='bbox 2111 3423 2313 3493; x_wconf 81' lang='lat' dir='ltr'><strong>majore</strong></span> <span class='ocrx_word' id='word_1_489' title='bbox 2344 3422 2409 3477; x_wconf 78' lang='lat' dir='ltr'><strong>de</strong></span> <span class='ocrx_word' id='word_1_490' title='bbox 2434 3422 2569 3477; x_wconf 81' lang='lat' dir='ltr'><strong>Fide</strong></span> <span class='ocrx_word' id='word_1_491' title='bbox 2600 3422 2757 3477; x_wconf 82' lang='lat' dir='ltr'><strong>habes</strong></span> <span class='ocrx_word' id='word_1_492' title='bbox 2788 3438 2967 3489; x_wconf 86' lang='lat' dir='ltr'><strong>supra.</strong></span> 
     </span>
    </p>
   </div>
   <div class='ocr_carea' id='block_1_64' title="bbox 321 3532 1824 3611">
    <p class='ocr_par' dir='ltr' id='par_1_64' title="bbox 321 3532 1824 3611">
     <span class='ocr_line' id='line_1_64' title="bbox 321 3532 1824 3611; baseline 0.005 -24"><span class='ocrx_word' id='word_1_493' title='bbox 321 3532 431 3603; x_wconf 67' lang='lat'><strong>(29)</strong></span> <span class='ocrx_word' id='word_1_494' title='bbox 477 3534 585 3590; x_wconf 78' lang='grc' dir='ltr'><strong>Καὶ</strong></span> <span class='ocrx_word' id='word_1_495' title='bbox 631 3536 702 3591; x_wconf 81' lang='grc' dir='ltr'><strong>ἐν</strong></span> <span class='ocrx_word' id='word_1_496' title='bbox 739 3537 814 3606; x_wconf 79' lang='grc' dir='ltr'>τῇ</span> <span class='ocrx_word' id='word_1_497' title='bbox 858 3538 1183 3609; x_wconf 65' lang='grc' dir='ltr'>συναγωγῇ</span> <span class='ocrx_word' id='word_1_498' title='bbox 1215 3534 1294 3610; x_wconf 83' lang='grc' dir='ltr'><strong>ἦν</strong></span> <span class='ocrx_word' id='word_1_499' title='bbox 1325 3539 1639 3609; x_wconf 73' lang='grc' dir='ltr'>ἅνθρωπος</span> <span class='ocrx_word' id='word_1_500' title='bbox 1666 3540 1824 3611; x_wconf 78' lang='grc' dir='ltr'><strong>ἔχων</strong></span> 
     </span>
    </p>
   </div>
   <div class='ocr_carea' id='block_1_65' title="bbox 246 3626 1826 3703">
    <p class='ocr_par' dir='ltr' id='par_1_65' title="bbox 246 3626 1826 3703">
     <span class='ocr_line' id='line_1_65' title="bbox 246 3626 1826 3703; baseline 0.006 -24"><span class='ocrx_word' id='word_1_501' title='bbox 246 3627 483 3696; x_wconf 76' lang='grc' dir='ltr'>πνεῦμα</span> <span class='ocrx_word' id='word_1_502' title='bbox 506 3626 817 3698; x_wconf 79' lang='grc' dir='ltr'>δαιμονίου</span> <span class='ocrx_word' id='word_1_503' title='bbox 835 3629 1192 3699; x_wconf 73' lang='grc' dir='ltr'>ἀκαθάρτου.</span> <span class='ocrx_word' id='word_1_504' title='bbox 1214 3631 1323 3685; x_wconf 76' lang='grc' dir='ltr'><strong>Καὶ</strong></span> <span class='ocrx_word' id='word_1_505' title='bbox 1341 3632 1636 3700; x_wconf 75' lang='grc' dir='ltr'>ἀνέκραξε</span> <span class='ocrx_word' id='word_1_506' title='bbox 1657 3632 1826 3703; x_wconf 70' lang='grc' dir='ltr'><strong>φωνῇ</strong></span> 
     </span>
    </p>
   </div>
   <div class='ocr_carea' id='block_1_66' title="bbox 160 3717 1826 3793">
    <p class='ocr_par' dir='ltr' id='par_1_66' title="bbox 160 3717 1826 3793">
     <span class='ocr_line' id='line_1_66' title="bbox 160 3717 1826 3793; baseline 0.002 -19"><span class='ocrx_word' id='word_1_507' title='bbox 160 3741 164 3743; x_wconf 52' lang='grc' dir='ltr'><strong>λ</strong></span> <span class='ocrx_word' id='word_1_508' title='bbox 241 3717 500 3787; x_wconf 79' lang='grc' dir='ltr'>μεγάλη,</span> <span class='ocrx_word' id='word_1_509' title='bbox 535 3718 732 3789; x_wconf 57' lang='grc' dir='ltr'>λέγων</span> <span class='ocrx_word' id='word_1_510' title='bbox 755 3736 769 3751; x_wconf 87' lang='grc'><strong>⁸</strong></span> <span class='ocrx_word' id='word_1_511' title='bbox 798 3722 932 3788; x_wconf 81' lang='grc' dir='ltr'>Ἔα,</span> <span class='ocrx_word' id='word_1_512' title='bbox 965 3722 1022 3775; x_wconf 82' lang='grc' dir='ltr'><strong>τί</strong></span> <span class='ocrx_word' id='word_1_513' title='bbox 1045 3720 1189 3793; x_wconf 64' lang='grc' dir='ltr'><strong>ἡμῖν</strong></span> <span class='ocrx_word' id='word_1_514' title='bbox 1216 3722 1316 3776; x_wconf 78' lang='grc' dir='ltr'>καὶ</span> <span class='ocrx_word' id='word_1_515' title='bbox 1345 3723 1467 3786; x_wconf 74' lang='grc' dir='ltr'>σοὶ,</span> <span class='ocrx_word' id='word_1_516' title='bbox 1486 3724 1681 3791; x_wconf 84' lang='grc' dir='ltr'>Ἰησοῦ</span> <span class='ocrx_word' id='word_1_517' title='bbox 1707 3727 1826 3778; x_wconf 82' lang='grc' dir='ltr'><strong>Να-</strong></span> 
     </span>
    </p>
   </div>
   <div class='ocr_carea' id='block_1_67' title="bbox 246 3805 1845 3885">
    <p class='ocr_par' dir='ltr' id='par_1_67' title="bbox 246 3805 1845 3885">
     <span class='ocr_line' id='line_1_67' title="bbox 246 3805 1845 3885; baseline 0.004 -24"><span class='ocrx_word' id='word_1_518' title='bbox 246 3807 497 3878; x_wconf 81' lang='grc' dir='ltr'>ζαρηνέ;</span> <span class='ocrx_word' id='word_1_519' title='bbox 524 3805 738 3877; x_wconf 81' lang='grc' dir='ltr'>Ἦλθες</span> <span class='ocrx_word' id='word_1_520' title='bbox 775 3812 1072 3867; x_wconf 75' lang='grc' dir='ltr'>ἀπολέσαι</span> <span class='ocrx_word' id='word_1_521' title='bbox 1111 3811 1289 3883; x_wconf 74' lang='grc' dir='ltr'><strong>ἡμᾶς.</strong></span> <span class='ocrx_word' id='word_1_522' title='bbox 1342 3813 1598 3885; x_wconf 79' lang='grc' dir='ltr'>Οἷδαμέν</span> <span class='ocrx_word' id='word_1_523' title='bbox 1627 3831 1702 3869; x_wconf 90' lang='grc' dir='ltr'><strong>σε</strong></span> <span class='ocrx_word' id='word_1_524' title='bbox 1736 3817 1845 3883; x_wconf 78' lang='grc' dir='ltr'>τίς.-</span> 
     </span>
    </p>
   </div>
   <div class='ocr_carea' id='block_1_68' title="bbox 249 3897 1843 3977">
    <p class='ocr_par' dir='ltr' id='par_1_68' title="bbox 249 3897 1843 3977">
     <span class='ocr_line' id='line_1_68' title="bbox 249 3897 1843 3977; baseline 0.007 -23"><span class='ocrx_word' id='word_1_525' title='bbox 249 3897 325 3962; x_wconf 71' lang='lat' dir='ltr'><strong>ei,</strong></span> <span class='ocrx_word' id='word_1_526' title='bbox 355 3904 388 3956; x_wconf 82' lang='grc' dir='ltr'><em>ὀ</em></span> <span class='ocrx_word' id='word_1_527' title='bbox 421 3900 613 3972; x_wconf 57' lang='lat' dir='ltr'><strong>“Ay-Ioc</strong></span> <span class='ocrx_word' id='word_1_528' title='bbox 640 3903 746 3958; x_wconf 89' lang='grc' dir='ltr'>τοῦ</span> <span class='ocrx_word' id='word_1_529' title='bbox 783 3904 954 3958; x_wconf 83' lang='grc' dir='ltr'><strong>Θεοῦ.</strong></span> <span class='ocrx_word' id='word_1_530' title='bbox 984 3905 1049 3957; x_wconf 77' lang='grc'><strong>’⁷0</strong></span> <span class='ocrx_word' id='word_1_531' title='bbox 1084 3922 1149 3974; x_wconf 82' lang='grc' dir='ltr'>γε</span> <span class='ocrx_word' id='word_1_532' title='bbox 1197 3905 1303 3976; x_wconf 79' lang='grc' dir='ltr'>μὴν</span> <span class='ocrx_word' id='word_1_533' title='bbox 1335 3906 1544 3977; x_wconf 75' lang='grc' dir='ltr'>δαίμων</span> <span class='ocrx_word' id='word_1_534' title='bbox 1571 3909 1600 3960; x_wconf 84' lang='grc' dir='ltr'>ὁ</span> <span class='ocrx_word' id='word_1_535' title='bbox 1633 3906 1843 3972; x_wconf 69' lang='grc' dir='ltr'>εἰπὼν,</span> 
     </span>
    </p>
   </div>
   <div class='ocr_carea' id='block_1_69' title="bbox 254 3993 1839 4072">
    <p class='ocr_par' dir='ltr' id='par_1_69' title="bbox 254 3993 1839 4072">
     <span class='ocr_line' id='line_1_69' title="bbox 254 3993 1839 4072; baseline 0.003 -24"><span class='ocrx_word' id='word_1_536' title='bbox 254 3993 517 4065; x_wconf 77' lang='grc' dir='ltr'>Οἵδαμέν</span> <span class='ocrx_word' id='word_1_537' title='bbox 537 4008 632 4054; x_wconf 90' lang='grc' dir='ltr'>σε.</span> <span class='ocrx_word' id='word_1_538' title='bbox 660 3995 761 4049; x_wconf 78' lang='grc' dir='ltr'><strong>οὐκ</strong></span> <span class='ocrx_word' id='word_1_539' title='bbox 789 3997 905 4068; x_wconf 76' lang='grc' dir='ltr'>ᾔδει</span> <span class='ocrx_word' id='word_1_540' title='bbox 944 3997 1108 4051; x_wconf 77' lang='grc' dir='ltr'>αὑτὸν</span> <span class='ocrx_word' id='word_1_541' title='bbox 1134 3998 1348 4068; x_wconf 82' lang='grc' dir='ltr'>ἀληθῶς</span> <span class='ocrx_word' id='word_1_542' title='bbox 1369 4015 1383 4029; x_wconf 80' lang='grc'><strong>⁸</strong></span> <span class='ocrx_word' id='word_1_543' title='bbox 1420 3998 1557 4052; x_wconf 82' lang='grc' dir='ltr'>ἀλλὰ</span> <span class='ocrx_word' id='word_1_544' title='bbox 1584 4002 1702 4063; x_wconf 87' lang='grc' dir='ltr'>τοῖς</span> <span class='ocrx_word' id='word_1_545' title='bbox 1732 4002 1839 4072; x_wconf 71' lang='grc' dir='ltr'><strong>ῥή-</strong></span> 
     </span>
    </p>
   </div>
   <div class='ocr_carea' id='block_1_70' title="bbox 255 4084 1830 4163">
    <p class='ocr_par' dir='ltr' id='par_1_70' title="bbox 255 4084 1830 4163">
     <span class='ocr_line' id='line_1_70' title="bbox 255 4084 1830 4163; baseline 0.003 -24"><span class='ocrx_word' id='word_1_546' title='bbox 255 4102 421 4139; x_wconf 68' lang='grc' dir='ltr'>ιιασιν</span> <span class='ocrx_word' id='word_1_547' title='bbox 452 4084 794 4157; x_wconf 78' lang='grc' dir='ltr'>ὑπεκρίνετο.</span> <span class='ocrx_word' id='word_1_548' title='bbox 828 4087 1021 4141; x_wconf 84' lang='grc' dir='ltr'>Καίτοι</span> <span class='ocrx_word' id='word_1_549' title='bbox 1048 4088 1103 4141; x_wconf 81' lang='grc' dir='ltr'><strong>δὲ</strong></span> <span class='ocrx_word' id='word_1_550' title='bbox 1129 4088 1338 4159; x_wconf 84' lang='grc' dir='ltr'>τάληθῆ</span> <span class='ocrx_word' id='word_1_551' title='bbox 1377 4087 1627 4159; x_wconf 82' lang='grc' dir='ltr'>λέγοντα,</span> <span class='ocrx_word' id='word_1_552' title='bbox 1655 4090 1830 4163; x_wconf 80' lang='grc' dir='ltr'>ἀληθῆ</span> 
     </span>
    </p>
   </div>
   <div class='ocr_carea' id='block_1_71' title="bbox 248 4171 1829 4250">
    <p class='ocr_par' dir='ltr' id='par_1_71' title="bbox 248 4171 1829 4250">
     <span class='ocr_line' id='line_1_71' title="bbox 248 4171 1829 4250; baseline 0.006 -24"><span class='ocrx_word' id='word_1_553' title='bbox 248 4174 361 4248; x_wconf 75' lang='grc' dir='ltr'><strong>γὰρ</strong></span> <span class='ocrx_word' id='word_1_554' title='bbox 392 4173 569 4243; x_wconf 78' lang='grc' dir='ltr'>ἔλεγε,</span> <span class='ocrx_word' id='word_1_555' title='bbox 595 4175 680 4230; x_wconf 86' lang='grc' dir='ltr'><strong>Σὺ</strong></span> <span class='ocrx_word' id='word_1_556' title='bbox 704 4171 810 4230; x_wconf 63' lang='lat' dir='ltr'><strong>eid</strong></span> <span class='ocrx_word' id='word_1_557' title='bbox 836 4177 1031 4247; x_wconf 73' lang='grc' dir='ltr'>Ἄγιος</span> <span class='ocrx_word' id='word_1_558' title='bbox 1057 4177 1162 4231; x_wconf 88' lang='grc' dir='ltr'>τοῦ</span> <span class='ocrx_word' id='word_1_559' title='bbox 1192 4178 1363 4241; x_wconf 87' lang='grc' dir='ltr'>Θεοῦ,</span> <span class='ocrx_word' id='word_1_560' title='bbox 1388 4179 1586 4250; x_wconf 76' lang='grc' dir='ltr'>ὲφίμου</span> <span class='ocrx_word' id='word_1_561' title='bbox 1617 4181 1711 4233; x_wconf 72' lang='grc' dir='ltr'>καὶ</span> <span class='ocrx_word' id='word_1_562' title='bbox 1730 4181 1829 4235; x_wconf 81' lang='grc' dir='ltr'>λα-</span> 
     </span>
    </p>
   </div>
   <div class='ocr_carea' id='block_1_72' title="bbox 249 4263 1828 4344">
    <p class='ocr_par' dir='ltr' id='par_1_72' title="bbox 249 4263 1828 4344">
     <span class='ocr_line' id='line_1_72' title="bbox 249 4263 1828 4344; baseline 0.006 -29"><span class='ocrx_word' id='word_1_563' title='bbox 249 4265 367 4318; x_wconf 72' lang='grc' dir='ltr'>ῗιείν</span> <span class='ocrx_word' id='word_1_564' title='bbox 400 4263 642 4319; x_wconf 72' lang='grc' dir='ltr'>ἐκώλυε·</span> <span class='ocrx_word' id='word_1_565' title='bbox 694 4268 904 4340; x_wconf 79' lang='grc' dir='ltr'>μήποτε</span> <span class='ocrx_word' id='word_1_566' title='bbox 959 4267 1119 4339; x_wconf 35' lang='grc' dir='ltr'>μετὰμ</span> <span class='ocrx_word' id='word_1_567' title='bbox 1145 4269 1244 4339; x_wconf 81' lang='grc' dir='ltr'><strong>τῆς</strong></span> <span class='ocrx_word' id='word_1_568' title='bbox 1293 4269 1550 4341; x_wconf 79' lang='grc' dir='ltr'>ἀληθείας</span> <span class='ocrx_word' id='word_1_569' title='bbox 1608 4273 1699 4325; x_wconf 80' lang='grc' dir='ltr'>καὶ</span> <span class='ocrx_word' id='word_1_570' title='bbox 1731 4272 1828 4344; x_wconf 73' lang='grc' dir='ltr'>τὴν</span> 
     </span>
    </p>
   </div>
   <div class='ocr_carea' id='block_1_73' title="bbox 254 4355 1829 4437">
    <p class='ocr_par' dir='ltr' id='par_1_73' title="bbox 254 4355 1829 4437">
     <span class='ocr_line' id='line_1_73' title="bbox 254 4355 1829 4437; baseline 0.005 -27"><span class='ocrx_word' id='word_1_571' title='bbox 254 4355 394 4410; x_wconf 65' lang='grc' dir='ltr'>,δίαν</span> <span class='ocrx_word' id='word_1_572' title='bbox 428 4357 627 4411; x_wconf 86' lang='grc' dir='ltr'>κακίαν</span> <span class='ocrx_word' id='word_1_573' title='bbox 670 4360 986 4432; x_wconf 78' lang='grc' dir='ltr'>ὲπισπείρῃ,</span> <span class='ocrx_word' id='word_1_574' title='bbox 1022 4361 1117 4415; x_wconf 70' lang='grc' dir='ltr'><strong>καὶ</strong></span> <span class='ocrx_word' id='word_1_575' title='bbox 1150 4362 1237 4414; x_wconf 80' lang='grc' dir='ltr'><strong>ἵνα</strong></span> <span class='ocrx_word' id='word_1_576' title='bbox 1265 4362 1358 4415; x_wconf 76' lang='grc' dir='ltr'><strong>καὶ</strong></span> <span class='ocrx_word' id='word_1_577' title='bbox 1387 4363 1533 4432; x_wconf 82' lang='grc' dir='ltr'>ἡμᾶς</span> <span class='ocrx_word' id='word_1_578' title='bbox 1569 4365 1829 4437; x_wconf 85' lang='grc' dir='ltr'>συνεθίσῃ</span> 
     </span>
    </p>
   </div>
   <div class='ocr_carea' id='block_1_74' title="bbox 257 4451 1828 4526">
    <p class='ocr_par' dir='ltr' id='par_1_74' title="bbox 257 4451 1828 4526">
     <span class='ocr_line' id='line_1_74' title="bbox 257 4451 1828 4526; baseline 0.005 -23"><span class='ocrx_word' id='word_1_579' title='bbox 257 4451 528 4523; x_wconf 82' lang='grc' dir='ltr'>μηδέποτε</span> <span class='ocrx_word' id='word_1_580' title='bbox 562 4455 673 4517; x_wconf 85' lang='grc' dir='ltr'>τοῖς</span> <span class='ocrx_word' id='word_1_581' title='bbox 715 4455 976 4518; x_wconf 80' lang='grc' dir='ltr'>τοιούτοις</span> <span class='ocrx_word' id='word_1_582' title='bbox 1009 4454 1294 4526; x_wconf 82' lang='grc' dir='ltr'>προσέχειν</span> <span class='ocrx_word' id='word_1_583' title='bbox 1315 4457 1467 4519; x_wconf 77' lang='grc' dir='ltr'>,κᾶν</span> <span class='ocrx_word' id='word_1_584' title='bbox 1498 4454 1697 4509; x_wconf 81' lang='grc' dir='ltr'>δοκῶσι</span> <span class='ocrx_word' id='word_1_585' title='bbox 1731 4458 1828 4511; x_wconf 82' lang='grc' dir='ltr'><strong>τά-</strong></span> 
     </span>
    </p>
   </div>
   <div class='ocr_carea' id='block_1_75' title="bbox 253 4539 1857 4620">
    <p class='ocr_par' dir='ltr' id='par_1_75' title="bbox 253 4539 1857 4620">
     <span class='ocr_line' id='line_1_75' title="bbox 253 4539 1857 4620; baseline 0.006 -24"><span class='ocrx_word' id='word_1_586' title='bbox 253 4539 392 4615; x_wconf 73' lang='grc' dir='ltr'>Αηθῆ</span> <span class='ocrx_word' id='word_1_587' title='bbox 418 4543 619 4612; x_wconf 81' lang='grc' dir='ltr'>λέγειν.</span> <span class='ocrx_word' id='word_1_588' title='bbox 652 4545 763 4599; x_wconf 76' lang='grc' dir='ltr'>Καὶ</span> <span class='ocrx_word' id='word_1_589' title='bbox 787 4545 894 4617; x_wconf 81' lang='grc' dir='ltr'>γὰρ</span> <span class='ocrx_word' id='word_1_590' title='bbox 933 4547 1211 4619; x_wconf 79' lang='grc' dir='ltr'>ἀπρεπὲς,</span> <span class='ocrx_word' id='word_1_591' title='bbox 1271 4547 1492 4619; x_wconf 77' lang='grc' dir='ltr'>ἔχοντας</span> <span class='ocrx_word' id='word_1_592' title='bbox 1541 4549 1686 4620; x_wconf 77' lang='grc' dir='ltr'>ἡμᾶς</span> <span class='ocrx_word' id='word_1_593' title='bbox 1731 4548 1857 4614; x_wconf 77' lang='grc' dir='ltr'>τὰς,</span> 
     </span>
    </p>
   </div>
   <div class='ocr_carea' id='block_1_76' title="bbox 254 4636 1861 4710">
    <p class='ocr_par' dir='ltr' id='par_1_76' title="bbox 254 4636 1861 4710">
     <span class='ocr_line' id='line_1_76' title="bbox 254 4636 1861 4710; baseline 0.003 -21"><span class='ocrx_word' id='word_1_594' title='bbox 254 4637 407 4700; x_wconf 80' lang='grc' dir='ltr'>θείας</span> <span class='ocrx_word' id='word_1_595' title='bbox 440 4637 479 4688; x_wconf 87' lang='grc' dir='ltr'><strong><em>Γ</em></strong></span> <span class='ocrx_word' id='word_1_596' title='bbox 485 4636 661 4708; x_wconf 75' lang='grc' dir='ltr'>ραφὰς</span> <span class='ocrx_word' id='word_1_597' title='bbox 691 4637 782 4691; x_wconf 70' lang='grc' dir='ltr'><strong>καὶ</strong></span> <span class='ocrx_word' id='word_1_598' title='bbox 826 4639 925 4710; x_wconf 84' lang='grc' dir='ltr'><strong>τὴν</strong></span> <span class='ocrx_word' id='word_1_599' title='bbox 966 4639 1115 4710; x_wconf 77' lang='grc' dir='ltr'>παρὰ</span> <span class='ocrx_word' id='word_1_600' title='bbox 1168 4638 1261 4692; x_wconf 78' lang='grc' dir='ltr'>τοῦ</span> <span class='ocrx_word' id='word_1_601' title='bbox 1314 4640 1565 4710; x_wconf 83' lang='grc' dir='ltr'>Σωτῆρος</span> <span class='ocrx_word' id='word_1_602' title='bbox 1619 4640 1861 4694; x_wconf 78' lang='grc' dir='ltr'>ὲλευθε--.</span> 
     </span>
    </p>
   </div>
   <div class='ocr_carea' id='block_1_77' title="bbox 257 4729 1830 4805">
    <p class='ocr_par' dir='ltr' id='par_1_77' title="bbox 257 4729 1830 4805">
     <span class='ocr_line' id='line_1_77' title="bbox 257 4729 1830 4805; baseline 0.003 -22"><span class='ocrx_word' id='word_1_603' title='bbox 257 4731 402 4794; x_wconf 70' lang='grc' dir='ltr'>οἰαν,</span> <span class='ocrx_word' id='word_1_604' title='bbox 445 4729 788 4783; x_wconf 82' lang='grc' dir='ltr'>διδάσκεσθαι</span> <span class='ocrx_word' id='word_1_605' title='bbox 821 4731 923 4784; x_wconf 81' lang='grc' dir='ltr'>ὑπὸ</span> <span class='ocrx_word' id='word_1_606' title='bbox 970 4731 1064 4785; x_wconf 77' lang='grc' dir='ltr'>τοῦ</span> <span class='ocrx_word' id='word_1_607' title='bbox 1110 4731 1353 4786; x_wconf 79' lang='grc' dir='ltr'>διαϐόλου</span> <span class='ocrx_word' id='word_1_608' title='bbox 1396 4732 1490 4786; x_wconf 74' lang='grc' dir='ltr'>τοῦ</span> <span class='ocrx_word' id='word_1_609' title='bbox 1546 4733 1620 4804; x_wconf 82' lang='grc' dir='ltr'>μὴ</span> <span class='ocrx_word' id='word_1_610' title='bbox 1660 4735 1830 4805; x_wconf 81' lang='grc' dir='ltr'>τηρή-</span> 
     </span>
    </p>
   </div>
   <div class='ocr_carea' id='block_1_78' title="bbox 2004 3537 3503 3616">
    <p class='ocr_par' dir='ltr' id='par_1_78' title="bbox 2004 3537 3503 3616">
     <span class='ocr_line' id='line_1_78' title="bbox 2004 3537 3503 3616; baseline -0.006 -19"><span class='ocrx_word' id='word_1_611' title='bbox 2004 3543 2073 3597; x_wconf 85' lang='grc' dir='ltr'>Ει</span> <span class='ocrx_word' id='word_1_612' title='bbox 2113 3546 2168 3598; x_wconf 79' lang='grc' dir='ltr'>ιη</span> <span class='ocrx_word' id='word_1_613' title='bbox 2195 3560 2463 3616; x_wconf 81' lang='lat' dir='ltr'><strong>synagoga</strong></span> <span class='ocrx_word' id='word_1_614' title='bbox 2485 3555 2601 3599; x_wconf 81' lang='lat' dir='ltr'><strong>erat</strong></span> <span class='ocrx_word' id='word_1_615' title='bbox 2634 3545 2790 3598; x_wconf 82' lang='lat' dir='ltr'><strong>homo</strong></span> <span class='ocrx_word' id='word_1_616' title='bbox 2817 3542 3011 3596; x_wconf 84' lang='lat' dir='ltr'><strong>habens</strong></span> <span class='ocrx_word' id='word_1_617' title='bbox 3041 3539 3283 3610; x_wconf 70' lang='lat' dir='ltr'><strong>spiritum</strong></span> <span class='ocrx_word' id='word_1_618' title='bbox 3305 3537 3503 3591; x_wconf 70' lang='lat' dir='ltr'><strong>diruto-</strong></span> 
     </span>
    </p>
   </div>
   <div class='ocr_carea' id='block_1_79' title="bbox 1930 3630 3504 3701">
    <p class='ocr_par' dir='ltr' id='par_1_79' title="bbox 1930 3630 3504 3701">
     <span class='ocr_line' id='line_1_79' title="bbox 1930 3630 3504 3701; baseline -0.005 -13"><span class='ocrx_word' id='word_1_619' title='bbox 1930 3636 2005 3688; x_wconf 81' lang='lat' dir='ltr'><strong>aii</strong></span> <span class='ocrx_word' id='word_1_620' title='bbox 2037 3636 2338 3699; x_wconf 72' lang='lat' dir='ltr'><strong>immundi,</strong></span> <span class='ocrx_word' id='word_1_621' title='bbox 2390 3645 2445 3690; x_wconf 80' lang='lat' dir='ltr'><strong>et</strong></span> <span class='ocrx_word' id='word_1_622' title='bbox 2494 3635 2810 3690; x_wconf 72' lang='lat' dir='ltr'><strong>exclamavit</strong></span> <span class='ocrx_word' id='word_1_623' title='bbox 2866 3649 2986 3688; x_wconf 77' lang='lat' dir='ltr'><strong>voce</strong></span> <span class='ocrx_word' id='word_1_624' title='bbox 3032 3648 3227 3701; x_wconf 83' lang='lat' dir='ltr'><strong>magna</strong></span> <span class='ocrx_word' id='word_1_625' title='bbox 3279 3630 3454 3683; x_wconf 86' lang='lat' dir='ltr'><strong>dicens</strong></span> <span class='ocrx_word' id='word_1_626' title='bbox 3482 3642 3504 3680; x_wconf 92' lang='lat'><strong><em>:</em></strong></span> 
     </span>
    </p>
   </div>
   <div class='ocr_carea' id='block_1_80' title="bbox 1929 3718 3505 3796">
    <p class='ocr_par' dir='ltr' id='par_1_80' title="bbox 1929 3718 3505 3796">
     <span class='ocr_line' id='line_1_80' title="bbox 1929 3718 3505 3796; baseline -0.006 -16"><span class='ocrx_word' id='word_1_627' title='bbox 1929 3724 2076 3789; x_wconf 87' lang='lat' dir='ltr'><strong>Sine,</strong></span> <span class='ocrx_word' id='word_1_628' title='bbox 2107 3726 2235 3796; x_wconf 79' lang='lat' dir='ltr'><strong>quid</strong></span> <span class='ocrx_word' id='word_1_629' title='bbox 2264 3725 2421 3779; x_wconf 48' lang='lat' dir='ltr'><strong>nobis&#39;</strong></span> <span class='ocrx_word' id='word_1_630' title='bbox 2442 3736 2494 3777; x_wconf 86' lang='lat' dir='ltr'><strong>et</strong></span> <span class='ocrx_word' id='word_1_631' title='bbox 2513 3725 2630 3791; x_wconf 89' lang='lat' dir='ltr'><strong>tibi,</strong></span> <span class='ocrx_word' id='word_1_632' title='bbox 2655 3723 2782 3779; x_wconf 82' lang='lat' dir='ltr'><strong>Jestt</strong></span> <span class='ocrx_word' id='word_1_633' title='bbox 2814 3722 3093 3775; x_wconf 78' lang='lat' dir='ltr'><strong>Nazarene</strong></span> <span class='ocrx_word' id='word_1_634' title='bbox 3113 3724 3138 3774; x_wconf 80' lang='lat'><strong><em>?</em></strong></span> <span class='ocrx_word' id='word_1_635' title='bbox 3168 3718 3364 3774; x_wconf 80' lang='lat' dir='ltr'><strong>Venisti</strong></span> <span class='ocrx_word' id='word_1_636' title='bbox 3386 3734 3505 3786; x_wconf 52' lang='lat' dir='ltr'><strong>per-</strong></span> 
     </span>
    </p>
   </div>
   <div class='ocr_carea' id='block_1_81' title="bbox 1926 3808 3547 3885">
    <p class='ocr_par' dir='ltr' id='par_1_81' title="bbox 1926 3808 3547 3885">
     <span class='ocr_line' id='line_1_81' title="bbox 1926 3808 3547 3885; baseline -0.001 -15"><span class='ocrx_word' id='word_1_637' title='bbox 1926 3817 2047 3870; x_wconf 84' lang='lat' dir='ltr'><strong>dere</strong></span> <span class='ocrx_word' id='word_1_638' title='bbox 2080 3832 2195 3871; x_wconf 90' lang='lat' dir='ltr'><strong>nos.</strong></span> <span class='ocrx_word' id='word_1_639' title='bbox 2236 3815 2446 3870; x_wconf 83' lang='lat' dir='ltr'><strong>Scimus</strong></span> <span class='ocrx_word' id='word_1_640' title='bbox 2498 3824 2544 3869; x_wconf 86' lang='lat' dir='ltr'><strong>te</strong></span> <span class='ocrx_word' id='word_1_641' title='bbox 2574 3816 2691 3885; x_wconf 85' lang='lat' dir='ltr'><strong>quis</strong></span> <span class='ocrx_word' id='word_1_642' title='bbox 2739 3815 2835 3881; x_wconf 81' lang='lat' dir='ltr'><strong>sis,</strong></span> <span class='ocrx_word' id='word_1_643' title='bbox 2876 3813 3103 3869; x_wconf 86' lang='lat' dir='ltr'><strong>Sanctus</strong></span> <span class='ocrx_word' id='word_1_644' title='bbox 3150 3810 3245 3866; x_wconf 87' lang='lat' dir='ltr'><strong>Dei</strong></span> <span class='ocrx_word' id='word_1_645' title='bbox 3268 3812 3334 3865; x_wconf 78' lang='grc'><strong>⁸⁵.</strong></span> <span class='ocrx_word' id='word_1_646' title='bbox 3385 3808 3504 3863; x_wconf 69' lang='lat' dir='ltr'><strong>Dte-</strong></span> <span class='ocrx_word' id='word_1_647' title='bbox 3544 3868 3547 3869; x_wconf 30' lang='grc' dir='ltr'><strong>ν</strong></span> 
     </span>
    </p>
   </div>
   <div class='ocr_carea' id='block_1_82' title="bbox 1927 3901 3504 3977">
    <p class='ocr_par' dir='ltr' id='par_1_82' title="bbox 1927 3901 3504 3977">
     <span class='ocr_line' id='line_1_82' title="bbox 1927 3901 3504 3977; baseline -0.006 -15"><span class='ocrx_word' id='word_1_648' title='bbox 1927 3922 2056 3962; x_wconf 88' lang='lat' dir='ltr'><strong>mon</strong></span> <span class='ocrx_word' id='word_1_649' title='bbox 2080 3906 2371 3977; x_wconf 72' lang='lat' dir='ltr'><strong>quidixit,</strong></span> <span class='ocrx_word' id='word_1_650' title='bbox 2407 3904 2615 3960; x_wconf 85' lang='lat' dir='ltr'><strong>Scimus</strong></span> <span class='ocrx_word' id='word_1_651' title='bbox 2642 3914 2711 3970; x_wconf 88' lang='lat' dir='ltr'><strong>te,</strong></span> <span class='ocrx_word' id='word_1_652' title='bbox 2755 3919 2862 3959; x_wconf 88' lang='lat' dir='ltr'><strong>non</strong></span> <span class='ocrx_word' id='word_1_653' title='bbox 2893 3918 3021 3957; x_wconf 78' lang='lat' dir='ltr'><strong>vere</strong></span> <span class='ocrx_word' id='word_1_654' title='bbox 3054 3902 3264 3957; x_wconf 83' lang='lat' dir='ltr'><strong>sciebat</strong></span> <span class='ocrx_word' id='word_1_655' title='bbox 3288 3901 3504 3970; x_wconf 87' lang='lat' dir='ltr'><strong>ipsum;</strong></span> 
     </span>
    </p>
   </div>
   <div class='ocr_carea' id='block_1_83' title="bbox 1930 3992 3505 4061">
    <p class='ocr_par' dir='ltr' id='par_1_83' title="bbox 1930 3992 3505 4061">
     <span class='ocr_line' id='line_1_83' title="bbox 1930 3992 3505 4061; baseline 0 -9"><span class='ocrx_word' id='word_1_656' title='bbox 1930 4002 2024 4052; x_wconf 84' lang='lat' dir='ltr'><strong>sed</strong></span> <span class='ocrx_word' id='word_1_657' title='bbox 2055 3997 2240 4053; x_wconf 74' lang='lat' dir='ltr'><strong>verbis</strong></span> <span class='ocrx_word' id='word_1_658' title='bbox 2281 3997 2600 4053; x_wconf 86' lang='lat' dir='ltr'><strong>simulabat.</strong></span> <span class='ocrx_word' id='word_1_659' title='bbox 2651 3995 2764 4051; x_wconf 87' lang='lat' dir='ltr'><strong>Etsi</strong></span> <span class='ocrx_word' id='word_1_660' title='bbox 2799 4003 2981 4051; x_wconf 88' lang='lat' dir='ltr'><strong>autem</strong></span> <span class='ocrx_word' id='word_1_661' title='bbox 3009 4008 3137 4049; x_wconf 80' lang='lat' dir='ltr'><strong>vera</strong></span> <span class='ocrx_word' id='word_1_662' title='bbox 3166 3992 3505 4061; x_wconf 73' lang='lat' dir='ltr'><strong>loqueretur.</strong></span> 
     </span>
    </p>
   </div>
   <div class='ocr_carea' id='block_1_84' title="bbox 1928 4082 3506 4158">
    <p class='ocr_par' dir='ltr' id='par_1_84' title="bbox 1928 4082 3506 4158">
     <span class='ocr_line' id='line_1_84' title="bbox 1928 4082 3506 4158; baseline -0.006 -15"><span class='ocrx_word' id='word_1_663' title='bbox 1928 4104 2054 4143; x_wconf 76' lang='lat' dir='ltr'><strong>nam</strong></span> <span class='ocrx_word' id='word_1_664' title='bbox 2079 4105 2205 4144; x_wconf 82' lang='lat' dir='ltr'><strong>vere</strong></span> <span class='ocrx_word' id='word_1_665' title='bbox 2230 4088 2446 4144; x_wconf 82' lang='lat' dir='ltr'><strong>dicebat</strong></span> <span class='ocrx_word' id='word_1_666' title='bbox 2475 4088 2683 4158; x_wconf 84' lang='lat' dir='ltr'><strong>utique,</strong></span> <span class='ocrx_word' id='word_1_667' title='bbox 2728 4086 2806 4141; x_wconf 83' lang='lat' dir='ltr'><strong>Tu</strong></span> <span class='ocrx_word' id='word_1_668' title='bbox 2839 4104 2893 4141; x_wconf 91' lang='lat' dir='ltr'><strong>es</strong></span> <span class='ocrx_word' id='word_1_669' title='bbox 2925 4084 3151 4140; x_wconf 87' lang='lat' dir='ltr'><strong>Sanctus</strong></span> <span class='ocrx_word' id='word_1_670' title='bbox 3183 4084 3304 4149; x_wconf 89' lang='lat' dir='ltr'><strong>Dei,</strong></span> <span class='ocrx_word' id='word_1_671' title='bbox 3327 4082 3506 4152; x_wconf 88' lang='lat' dir='ltr'><strong>ipsum</strong></span> 
     </span>
    </p>
   </div>
   <div class='ocr_carea' id='block_1_85' title="bbox 1927 4174 3513 4247">
    <p class='ocr_par' dir='ltr' id='par_1_85' title="bbox 1927 4174 3513 4247">
     <span class='ocr_line' id='line_1_85' title="bbox 1927 4174 3513 4247; baseline -0.007 -11"><span class='ocrx_word' id='word_1_672' title='bbox 1927 4191 2110 4238; x_wconf 87' lang='lat' dir='ltr'><strong>tamen</strong></span> <span class='ocrx_word' id='word_1_673' title='bbox 2137 4181 2390 4239; x_wconf 79' lang='lat' dir='ltr'><strong>frenabat</strong></span> <span class='ocrx_word' id='word_1_674' title='bbox 2430 4180 2693 4237; x_wconf 89' lang='lat' dir='ltr'><strong>Dominus</strong></span> <span class='ocrx_word' id='word_1_675' title='bbox 2735 4179 3131 4247; x_wconf 82' lang='lat' dir='ltr'><strong>coercebatque</strong></span> <span class='ocrx_word' id='word_1_676' title='bbox 3163 4192 3230 4231; x_wconf 89' lang='lat' dir='ltr'><strong>ne</strong></span> <span class='ocrx_word' id='word_1_677' title='bbox 3256 4174 3513 4244; x_wconf 86' lang='lat' dir='ltr'><strong>loquere-</strong></span> 
     </span>
    </p>
   </div>
   <div class='ocr_carea' id='block_1_86' title="bbox 1930 4265 3506 4339">
    <p class='ocr_par' dir='ltr' id='par_1_86' title="bbox 1930 4265 3506 4339">
     <span class='ocr_line' id='line_1_86' title="bbox 1930 4265 3506 4339; baseline -0.007 -13"><span class='ocrx_word' id='word_1_678' title='bbox 1930 4281 2016 4327; x_wconf 78' lang='lat' dir='ltr'><strong>tur</strong></span> <span class='ocrx_word' id='word_1_679' title='bbox 2039 4290 2054 4339; x_wconf 90' lang='lat'><strong>;</strong></span> <span class='ocrx_word' id='word_1_680' title='bbox 2080 4286 2151 4327; x_wconf 86' lang='lat' dir='ltr'><strong>ne</strong></span> <span class='ocrx_word' id='word_1_681' title='bbox 2189 4270 2329 4327; x_wconf 82' lang='lat' dir='ltr'><strong>forte</strong></span> <span class='ocrx_word' id='word_1_682' title='bbox 2349 4287 2455 4326; x_wconf 90' lang='lat' dir='ltr'><strong>una</strong></span> <span class='ocrx_word' id='word_1_683' title='bbox 2482 4273 2606 4327; x_wconf 88' lang='lat' dir='ltr'><strong>cum</strong></span> <span class='ocrx_word' id='word_1_684' title='bbox 2639 4269 2866 4324; x_wconf 80' lang='lat' dir='ltr'><strong>veritate</strong></span> <span class='ocrx_word' id='word_1_685' title='bbox 2901 4281 3059 4324; x_wconf 86' lang='lat' dir='ltr'><strong>suam</strong></span> <span class='ocrx_word' id='word_1_686' title='bbox 3091 4280 3312 4336; x_wconf 88' lang='lat' dir='ltr'><strong>quoque</strong></span> <span class='ocrx_word' id='word_1_687' title='bbox 3349 4265 3506 4318; x_wconf 55' lang='lat' dir='ltr'><strong>mali-</strong></span> 
     </span>
    </p>
   </div>
   <div class='ocr_carea' id='block_1_87' title="bbox 1930 4362 3511 4430">
    <p class='ocr_par' dir='ltr' id='par_1_87' title="bbox 1930 4362 3511 4430">
     <span class='ocr_line' id='line_1_87' title="bbox 1930 4362 3511 4430; baseline -0.006 -13"><span class='ocrx_word' id='word_1_688' title='bbox 1930 4363 2058 4417; x_wconf 91' lang='lat' dir='ltr'><strong>tiam</strong></span> <span class='ocrx_word' id='word_1_689' title='bbox 2107 4362 2542 4427; x_wconf 88' lang='lat' dir='ltr'><strong>disseminaret,</strong></span> <span class='ocrx_word' id='word_1_690' title='bbox 2588 4371 2754 4430; x_wconf 93' lang='lat' dir='ltr'><strong>utque</strong></span> <span class='ocrx_word' id='word_1_691' title='bbox 2806 4375 2908 4415; x_wconf 83' lang='lat' dir='ltr'><strong>nos</strong></span> <span class='ocrx_word' id='word_1_692' title='bbox 2958 4366 3320 4423; x_wconf 79' lang='lat' dir='ltr'><strong>assuesceret,</strong></span> <span class='ocrx_word' id='word_1_693' title='bbox 3368 4373 3511 4409; x_wconf 85' lang='lat' dir='ltr'><strong>nun-</strong></span> 
     </span>
    </p>
   </div>
   <div class='ocr_carea' id='block_1_88' title="bbox 1930 4450 3508 4526">
    <p class='ocr_par' dir='ltr' id='par_1_88' title="bbox 1930 4450 3508 4526">
     <span class='ocr_line' id='line_1_88' title="bbox 1930 4450 3508 4526; baseline -0.005 -17"><span class='ocrx_word' id='word_1_694' title='bbox 1930 4471 2095 4526; x_wconf 84' lang='lat' dir='ltr'><strong>quam</strong></span> <span class='ocrx_word' id='word_1_695' title='bbox 2128 4456 2346 4510; x_wconf 87' lang='lat' dir='ltr'><strong>illorum</strong></span> <span class='ocrx_word' id='word_1_696' title='bbox 2377 4455 2542 4510; x_wconf 86' lang='lat' dir='ltr'><strong>dictis</strong></span> <span class='ocrx_word' id='word_1_697' title='bbox 2569 4494 2583 4514; x_wconf 94' lang='lat'><strong>.</strong></span> <span class='ocrx_word' id='word_1_698' title='bbox 2619 4464 2675 4509; x_wconf 87' lang='lat' dir='ltr'><strong>et</strong></span> <span class='ocrx_word' id='word_1_699' title='bbox 2716 4451 2760 4509; x_wconf 88' lang='lat' dir='ltr'><strong>si</strong></span> <span class='ocrx_word' id='word_1_700' title='bbox 2805 4468 2935 4508; x_wconf 78' lang='lat' dir='ltr'><strong>vera</strong></span> <span class='ocrx_word' id='word_1_701' title='bbox 2964 4451 3115 4521; x_wconf 88' lang='lat' dir='ltr'><strong>loqui</strong></span> <span class='ocrx_word' id='word_1_702' title='bbox 3153 4450 3508 4515; x_wconf 83' lang='lat' dir='ltr'><strong>viderentur,</strong></span> 
     </span>
    </p>
   </div>
   <div class='ocr_carea' id='block_1_89' title="bbox 1934 4540 3516 4614">
    <p class='ocr_par' dir='ltr' id='par_1_89' title="bbox 1934 4540 3516 4614">
     <span class='ocr_line' id='line_1_89' title="bbox 1934 4540 3516 4614; baseline -0.004 -11"><span class='ocrx_word' id='word_1_703' title='bbox 1934 4549 2091 4603; x_wconf 91' lang='lat' dir='ltr'><strong>Iidem</strong></span> <span class='ocrx_word' id='word_1_704' title='bbox 2124 4546 2349 4601; x_wconf 88' lang='lat' dir='ltr'><strong>habere.</strong></span> <span class='ocrx_word' id='word_1_705' title='bbox 2379 4545 2658 4614; x_wconf 84' lang='lat' dir='ltr'><strong>Siquidem</strong></span> <span class='ocrx_word' id='word_1_706' title='bbox 2688 4544 3009 4600; x_wconf 90' lang='lat' dir='ltr'><strong>indecorum</strong></span> <span class='ocrx_word' id='word_1_707' title='bbox 3041 4550 3128 4598; x_wconf 86' lang='lat' dir='ltr'><strong>est</strong></span> <span class='ocrx_word' id='word_1_708' title='bbox 3159 4558 3281 4603; x_wconf 84' lang='lat' dir='ltr'><strong>nos,</strong></span> <span class='ocrx_word' id='word_1_709' title='bbox 3313 4540 3516 4596; x_wconf 72' lang='lat' dir='ltr'><strong>divinis</strong></span> 
     </span>
    </p>
   </div>
   <div class='ocr_carea' id='block_1_90' title="bbox 1933 4632 3509 4709">
    <p class='ocr_par' dir='ltr' id='par_1_90' title="bbox 1933 4632 3509 4709">
     <span class='ocr_line' id='line_1_90' title="bbox 1933 4632 3509 4709; baseline -0.006 -15"><span class='ocrx_word' id='word_1_710' title='bbox 1933 4639 2237 4709; x_wconf 77' lang='lat' dir='ltr'><strong>Scripturis</strong></span> <span class='ocrx_word' id='word_1_711' title='bbox 2264 4654 2329 4693; x_wconf 90' lang='lat' dir='ltr'><strong>ac</strong></span> <span class='ocrx_word' id='word_1_712' title='bbox 2366 4636 2674 4692; x_wconf 88' lang='lat' dir='ltr'><strong>Servatoris</strong></span> <span class='ocrx_word' id='word_1_713' title='bbox 2702 4636 2954 4691; x_wconf 87' lang='lat' dir='ltr'><strong>libertate</strong></span> <span class='ocrx_word' id='word_1_714' title='bbox 2984 4636 3305 4699; x_wconf 84' lang='lat' dir='ltr'><strong>instructos,</strong></span> <span class='ocrx_word' id='word_1_715' title='bbox 3333 4650 3362 4687; x_wconf 89' lang='lat' dir='ltr'><strong>a</strong></span> <span class='ocrx_word' id='word_1_716' title='bbox 3389 4632 3509 4686; x_wconf 86' lang='lat' dir='ltr'><strong>dia-</strong></span> 
     </span>
    </p>
   </div>
   <div class='ocr_carea' id='block_1_91' title="bbox 1935 4727 3510 4802">
    <p class='ocr_par' dir='ltr' id='par_1_91' title="bbox 1935 4727 3510 4802">
     <span class='ocr_line' id='line_1_91' title="bbox 1935 4727 3510 4802; baseline -0.005 -17"><span class='ocrx_word' id='word_1_717' title='bbox 1935 4733 2079 4799; x_wconf 84' lang='lat' dir='ltr'><strong>bolo,</strong></span> <span class='ocrx_word' id='word_1_718' title='bbox 2111 4733 2205 4802; x_wconf 81' lang='lat' dir='ltr'><strong>qui</strong></span> <span class='ocrx_word' id='word_1_719' title='bbox 2238 4731 2518 4802; x_wconf 85' lang='lat' dir='ltr'><strong>proprium</strong></span> <span class='ocrx_word' id='word_1_720' title='bbox 2568 4746 2677 4785; x_wconf 90' lang='lat' dir='ltr'><strong>non</strong></span> <span class='ocrx_word' id='word_1_721' title='bbox 2727 4730 2966 4784; x_wconf 76' lang='lat' dir='ltr'><strong>servavit</strong></span> <span class='ocrx_word' id='word_1_722' title='bbox 3009 4729 3257 4784; x_wconf 88' lang='lat' dir='ltr'><strong>ordinem</strong></span> <span class='ocrx_word' id='word_1_723' title='bbox 3282 4769 3296 4792; x_wconf 93' lang='lat'><strong>,</strong></span> <span class='ocrx_word' id='word_1_724' title='bbox 3327 4727 3510 4781; x_wconf 67' lang='lat' dir='ltr'><strong>ct‘alia</strong></span> 
     </span>
    </p>
   </div>
   <div class='ocr_carea' id='block_1_92' title="bbox 255 4820 1919 4911">
    <p class='ocr_par' dir='ltr' id='par_1_92' title="bbox 255 4820 1915 4911">
     <span class='ocr_line' id='line_1_92' title="bbox 255 4820 1915 4911; baseline 0.001 -37"><span class='ocrx_word' id='word_1_725' title='bbox 255 4839 449 4885; x_wconf 77' lang='grc' dir='ltr'>σαντος</span> <span class='ocrx_word' id='word_1_726' title='bbox 482 4821 578 4893; x_wconf 81' lang='grc' dir='ltr'>τὴν</span> <span class='ocrx_word' id='word_1_727' title='bbox 610 4821 742 4876; x_wconf 80' lang='grc' dir='ltr'>ἰδίαν</span> <span class='ocrx_word' id='word_1_728' title='bbox 772 4822 945 4890; x_wconf 80' lang='grc' dir='ltr'>τάξιν,</span> <span class='ocrx_word' id='word_1_729' title='bbox 975 4824 1089 4877; x_wconf 83' lang='grc' dir='ltr'>ἀλλ’</span> <span class='ocrx_word' id='word_1_730' title='bbox 1123 4824 1285 4895; x_wconf 72' lang='grc' dir='ltr'>ἕτερα</span> <span class='ocrx_word' id='word_1_731' title='bbox 1314 4824 1431 4878; x_wconf 81' lang='grc' dir='ltr'>ἀνθ’</span> <span class='ocrx_word' id='word_1_732' title='bbox 1470 4825 1673 4897; x_wconf 80' lang='grc' dir='ltr'>ἐτέρων</span> <span class='ocrx_word' id='word_1_733' title='bbox 1700 4842 1831 4897; x_wconf 72' lang='grc' dir='ltr'>φρο-</span> <span class='ocrx_word' id='word_1_734' title='bbox 1851 4820 1915 4911; x_wconf 50' lang='grc' dir='ltr'><strong>.ῡᾶ</strong></span> 
     </span>
    </p>
   </div>
   <div class='ocr_carea' id='block_1_93' title="bbox 1968 4820 3511 4911">
    <p class='ocr_par' dir='ltr' id='par_1_93' title="bbox 1972 4820 3511 4890">
     <span class='ocr_line' id='line_1_93' title="bbox 1972 4820 3511 4890; baseline -0.005 -12"><span class='ocrx_word' id='word_1_735' title='bbox 1972 4840 2033 4878; x_wconf 91' lang='lat' dir='ltr'><strong>ro</strong></span> <span class='ocrx_word' id='word_1_736' title='bbox 2066 4825 2191 4880; x_wconf 88' lang='lat' dir='ltr'><strong>aliis</strong></span> <span class='ocrx_word' id='word_1_737' title='bbox 2238 4824 2432 4888; x_wconf 87' lang='lat' dir='ltr'><strong>sensit,</strong></span> <span class='ocrx_word' id='word_1_738' title='bbox 2468 4822 2710 4879; x_wconf 88' lang='lat' dir='ltr'><strong>edoceri.</strong></span> <span class='ocrx_word' id='word_1_739' title='bbox 2764 4821 3130 4890; x_wconf 84' lang='lat' dir='ltr'><strong>Quamobrem</strong></span> <span class='ocrx_word' id='word_1_740' title='bbox 3178 4820 3329 4874; x_wconf 91' lang='lat' dir='ltr'><strong>illum</strong></span> <span class='ocrx_word' id='word_1_741' title='bbox 3366 4858 3383 4879; x_wconf 88' lang='lat'><strong>.</strong></span> <span class='ocrx_word' id='word_1_742' title='bbox 3427 4820 3511 4872; x_wconf 83' lang='lat' dir='ltr'><strong>\‘el</strong></span> 
     </span>
    </p>
   </div>
   <div class='ocr_carea' id='block_1_94' title="bbox 250 4915 1830 4984">
    <p class='ocr_par' dir='ltr' id='par_1_94' title="bbox 250 4915 1830 4984">
     <span class='ocr_line' id='line_1_94' title="bbox 250 4915 1830 4984; baseline 0.003 -17"><span class='ocrx_word' id='word_1_743' title='bbox 250 4917 539 4984; x_wconf 79' lang='grc' dir='ltr'>νήσαντος.</span> <span class='ocrx_word' id='word_1_744' title='bbox 576 4915 673 4968; x_wconf 71' lang='grc' dir='ltr'><strong>Διὰ</strong></span> <span class='ocrx_word' id='word_1_745' title='bbox 714 4915 872 4970; x_wconf 77' lang='grc' dir='ltr'>τοῦτο</span> <span class='ocrx_word' id='word_1_746' title='bbox 922 4917 1016 4970; x_wconf 76' lang='grc' dir='ltr'><strong>καὶ</strong></span> <span class='ocrx_word' id='word_1_747' title='bbox 1068 4917 1331 4973; x_wconf 81' lang='grc' dir='ltr'>λαλοῦντα</span> <span class='ocrx_word' id='word_1_748' title='bbox 1379 4920 1540 4973; x_wconf 80' lang='grc' dir='ltr'>αὐτὸν</span> <span class='ocrx_word' id='word_1_749' title='bbox 1577 4917 1675 4982; x_wconf 83' lang='grc' dir='ltr'><strong>τὰς</strong></span> <span class='ocrx_word' id='word_1_750' title='bbox 1720 4919 1830 4972; x_wconf 74' lang='grc' dir='ltr'>ἀπὸ</span> 
     </span>
    </p>
   </div>
   <div class='ocr_carea' id='block_1_95' title="bbox 250 5006 1830 5080">
    <p class='ocr_par' dir='ltr' id='par_1_95' title="bbox 250 5006 1830 5080">
     <span class='ocr_line' id='line_1_95' title="bbox 250 5006 1830 5080; baseline 0.003 -22"><span class='ocrx_word' id='word_1_751' title='bbox 250 5006 364 5059; x_wconf 75' lang='grc' dir='ltr'>τῶν</span> <span class='ocrx_word' id='word_1_752' title='bbox 390 5006 621 5079; x_wconf 82' lang='grc' dir='ltr'>Γραφῶν</span> <span class='ocrx_word' id='word_1_753' title='bbox 652 5006 827 5075; x_wconf 79' lang='grc' dir='ltr'>λέξεις</span> <span class='ocrx_word' id='word_1_754' title='bbox 852 5008 1051 5062; x_wconf 83' lang='grc' dir='ltr'>κωλύει</span> <span class='ocrx_word' id='word_1_755' title='bbox 1074 5009 1247 5078; x_wconf 81' lang='grc' dir='ltr'>λέγων</span> <span class='ocrx_word' id='word_1_756' title='bbox 1267 5028 1281 5042; x_wconf 76' lang='grc' dir='ltr'><strong>ο</strong></span> <span class='ocrx_word' id='word_1_757' title='bbox 1314 5010 1397 5076; x_wconf 82' lang='grc' dir='ltr'><em>Τῷ</em></span> <span class='ocrx_word' id='word_1_758' title='bbox 1421 5010 1490 5064; x_wconf 82' lang='grc' dir='ltr'>δὲ</span> <span class='ocrx_word' id='word_1_759' title='bbox 1509 5008 1830 5080; x_wconf 72' lang='grc' dir='ltr'>ἁμαρτωλῷ</span> 
     </span>
    </p>
   </div>
   <div class='ocr_carea' id='block_1_96' title="bbox 249 5090 1862 5169">
    <p class='ocr_par' dir='ltr' id='par_1_96' title="bbox 249 5090 1862 5169">
     <span class='ocr_line' id='line_1_96' title="bbox 249 5090 1862 5169; baseline 0.004 -23"><span class='ocrx_word' id='word_1_760' title='bbox 249 5090 428 5148; x_wconf 77' lang='grc' dir='ltr'>εἶπεν</span> <span class='ocrx_word' id='word_1_761' title='bbox 454 5098 487 5148; x_wconf 84' lang='grc' dir='ltr'><strong>ό</strong></span> <span class='ocrx_word' id='word_1_762' title='bbox 520 5096 666 5163; x_wconf 64' lang='lat' dir='ltr'><strong>aedi;</strong></span> <span class='ocrx_word' id='word_1_763' title='bbox 690 5114 703 5127; x_wconf 90' lang='grc'><strong>·</strong></span> <span class='ocrx_word' id='word_1_764' title='bbox 735 5097 869 5152; x_wconf 84' lang='grc' dir='ltr'><strong>Ἵνα</strong></span> <span class='ocrx_word' id='word_1_765' title='bbox 903 5099 959 5151; x_wconf 83' lang='grc' dir='ltr'><strong>τί</strong></span> <span class='ocrx_word' id='word_1_766' title='bbox 980 5098 1061 5152; x_wconf 88' lang='grc' dir='ltr'>σὺ</span> <span class='ocrx_word' id='word_1_767' title='bbox 1086 5098 1339 5169; x_wconf 54' lang='lat' dir='ltr'><strong>malum;</strong></span> <span class='ocrx_word' id='word_1_768' title='bbox 1369 5100 1442 5153; x_wconf 86' lang='grc' dir='ltr'>τὰ</span> <span class='ocrx_word' id='word_1_769' title='bbox 1472 5097 1862 5168; x_wconf 71' lang='grc' dir='ltr'>δικαιώματάο</span> 
     </span>
    </p>
   </div>
   <div class='ocr_carea' id='block_1_97' title="bbox 245 5182 1832 5264">
    <p class='ocr_par' dir='ltr' id='par_1_97' title="bbox 245 5182 1832 5264">
     <span class='ocr_line' id='line_1_97' title="bbox 245 5182 1832 5264; baseline 0.003 -25"><span class='ocrx_word' id='word_1_770' title='bbox 245 5202 405 5255; x_wconf 60' lang='lat' dir='ltr'><strong>you;</strong></span> <span class='ocrx_word' id='word_1_771' title='bbox 436 5188 499 5240; x_wconf 85' lang='grc' dir='ltr'>υἱ</span> <span class='ocrx_word' id='word_1_772' title='bbox 534 5188 632 5258; x_wconf 86' lang='grc' dir='ltr'><strong>μὲν</strong></span> <span class='ocrx_word' id='word_1_773' title='bbox 657 5182 748 5242; x_wconf 81' lang='grc' dir='ltr'><strong>οὖν</strong></span> <span class='ocrx_word' id='word_1_774' title='bbox 783 5192 964 5243; x_wconf 78' lang='grc' dir='ltr'>πιστοὶ</span> <span class='ocrx_word' id='word_1_775' title='bbox 989 5190 1241 5245; x_wconf 80' lang='grc' dir='ltr'>δύνανται</span> <span class='ocrx_word' id='word_1_776' title='bbox 1271 5193 1399 5264; x_wconf 86' lang='grc' dir='ltr'>παρ’</span> <span class='ocrx_word' id='word_1_777' title='bbox 1442 5191 1611 5259; x_wconf 80' lang='grc' dir='ltr'>αὐτῆς</span> <span class='ocrx_word' id='word_1_778' title='bbox 1647 5208 1707 5243; x_wconf 87' lang='grc' dir='ltr'><strong>τε</strong></span> <span class='ocrx_word' id='word_1_779' title='bbox 1733 5192 1832 5262; x_wconf 86' lang='grc' dir='ltr'><strong>τῆς</strong></span> 
     </span>
    </p>
   </div>
   <div class='ocr_carea' id='block_1_98' title="bbox 253 5278 1847 5353">
    <p class='ocr_par' dir='ltr' id='par_1_98' title="bbox 253 5278 1847 5353">
     <span class='ocr_line' id='line_1_98' title="bbox 253 5278 1847 5353; baseline 0.004 -22"><span class='ocrx_word' id='word_1_780' title='bbox 253 5279 534 5349; x_wconf 79' lang='grc' dir='ltr'>πατρικῆς</span> <span class='ocrx_word' id='word_1_781' title='bbox 558 5280 743 5350; x_wconf 82' lang='grc' dir='ltr'>φωνῆς</span> <span class='ocrx_word' id='word_1_782' title='bbox 772 5281 1058 5353; x_wconf 82' lang='grc' dir='ltr'>λεγούσης,</span> <span class='ocrx_word' id='word_1_783' title='bbox 1091 5278 1279 5349; x_wconf 82' lang='grc' dir='ltr'>Οὗτός</span> <span class='ocrx_word' id='word_1_784' title='bbox 1306 5283 1481 5337; x_wconf 82' lang='grc' dir='ltr'>ἐστιν</span> <span class='ocrx_word' id='word_1_785' title='bbox 1500 5286 1532 5336; x_wconf 85' lang='grc' dir='ltr'><strong>ό</strong></span> <span class='ocrx_word' id='word_1_786' title='bbox 1555 5283 1684 5349; x_wconf 82' lang='grc' dir='ltr'>Υἱός</span> <span class='ocrx_word' id='word_1_787' title='bbox 1704 5300 1817 5349; x_wconf 81' lang='grc' dir='ltr'><strong>μου</strong></span> <span class='ocrx_word' id='word_1_788' title='bbox 1840 5314 1847 5319; x_wconf 93' lang='lat'><strong><em>-</em></strong></span> 
     </span>
    </p>
   </div>
   <div class='ocr_carea' id='block_1_99' title="bbox 1940 4912 3510 4986">
    <p class='ocr_par' dir='ltr' id='par_1_99' title="bbox 1940 4912 3510 4986">
     <span class='ocr_line' id='line_1_99' title="bbox 1940 4912 3510 4986; baseline -0.006 -15"><span class='ocrx_word' id='word_1_789' title='bbox 1940 4917 2349 4986; x_wconf 87' lang='lat' dir='ltr'><strong>Scripturarum</strong></span> <span class='ocrx_word' id='word_1_790' title='bbox 2405 4915 2550 4971; x_wconf 89' lang='lat' dir='ltr'><strong>dicta</strong></span> <span class='ocrx_word' id='word_1_791' title='bbox 2582 4915 2976 4986; x_wconf 83' lang='lat' dir='ltr'><strong>proferentem,</strong></span> <span class='ocrx_word' id='word_1_792' title='bbox 3016 4922 3234 4968; x_wconf 86' lang='lat' dir='ltr'><strong>coercet</strong></span> <span class='ocrx_word' id='word_1_793' title='bbox 3279 4912 3510 4966; x_wconf 85' lang='lat' dir='ltr'><strong>dicens:</strong></span> 
     </span>
    </p>
   </div>
   <div class='ocr_carea' id='block_1_100' title="bbox 1941 5002 3515 5072">
    <p class='ocr_par' dir='ltr' id='par_1_100' title="bbox 1941 5002 3515 5072">
     <span class='ocr_line' id='line_1_100' title="bbox 1941 5002 3515 5072; baseline -0.005 -9"><span class='ocrx_word' id='word_1_794' title='bbox 1941 5008 2219 5063; x_wconf 85' lang='lat' dir='ltr'><strong>Peccatori</strong></span> <span class='ocrx_word' id='word_1_795' title='bbox 2255 5017 2434 5061; x_wconf 85' lang='lat' dir='ltr'><strong>autent</strong></span> <span class='ocrx_word' id='word_1_796' title='bbox 2473 5006 2613 5061; x_wconf 74' lang='lat' dir='ltr'><strong>dixit</strong></span> <span class='ocrx_word' id='word_1_797' title='bbox 2651 5006 2789 5060; x_wconf 86' lang='lat' dir='ltr'><strong>Deus</strong></span> <span class='ocrx_word' id='word_1_798' title='bbox 2821 5022 2841 5061; x_wconf 88' lang='lat'><strong><em>:</em></strong></span> <span class='ocrx_word' id='word_1_799' title='bbox 2883 5007 3062 5072; x_wconf 77' lang='lat' dir='ltr'><strong>Quare</strong></span> <span class='ocrx_word' id='word_1_800' title='bbox 3104 5014 3159 5058; x_wconf 87' lang='lat' dir='ltr'><strong>tu</strong></span> <span class='ocrx_word' id='word_1_801' title='bbox 3187 5019 3407 5058; x_wconf 83' lang='lat' dir='ltr'><strong>euarras</strong></span> <span class='ocrx_word' id='word_1_802' title='bbox 3426 5002 3515 5071; x_wconf 72' lang='lat' dir='ltr'><strong>ju~</strong></span> 
     </span>
    </p>
   </div>
   <div class='ocr_carea' id='block_1_101' title="bbox 1938 5096 3538 5168">
    <p class='ocr_par' dir='ltr' id='par_1_101' title="bbox 1938 5096 3538 5168">
     <span class='ocr_line' id='line_1_101' title="bbox 1938 5096 3538 5168; baseline -0.004 -14"><span class='ocrx_word' id='word_1_803' title='bbox 1938 5102 2118 5155; x_wconf 87' lang='lat' dir='ltr'><strong>stitias</strong></span> <span class='ocrx_word' id='word_1_804' title='bbox 2149 5116 2294 5154; x_wconf 88' lang='lat' dir='ltr'><strong>meas</strong></span> <span class='ocrx_word' id='word_1_805' title='bbox 2321 5100 2400 5154; x_wconf 66' lang='grc' dir='ltr'><strong>δεῖ</strong></span> <span class='ocrx_word' id='word_1_806' title='bbox 2437 5098 2676 5154; x_wconf 86' lang='lat' dir='ltr'><strong>Possunt</strong></span> <span class='ocrx_word' id='word_1_807' title='bbox 2710 5098 2894 5168; x_wconf 89' lang='lat' dir='ltr'><strong>itaque</strong></span> <span class='ocrx_word' id='word_1_808' title='bbox 2947 5098 3132 5154; x_wconf 78' lang='lat' dir='ltr'><strong>ﬁdeles</strong></span> <span class='ocrx_word' id='word_1_809' title='bbox 3180 5096 3249 5150; x_wconf 89' lang='lat' dir='ltr'><strong>ab</strong></span> <span class='ocrx_word' id='word_1_810' title='bbox 3284 5097 3400 5166; x_wconf 85' lang='lat' dir='ltr'><strong>ipsa</strong></span> <span class='ocrx_word' id='word_1_811' title='bbox 3430 5112 3538 5164; x_wconf 49' lang='lat' dir='ltr'><strong>pa»</strong></span> 
     </span>
    </p>
   </div>
   <div class='ocr_carea' id='block_1_102' title="bbox 1939 5189 3532 5253">
    <p class='ocr_par' dir='ltr' id='par_1_102' title="bbox 1939 5189 3532 5253">
     <span class='ocr_line' id='line_1_102' title="bbox 1939 5189 3532 5253; baseline -0.004 -6"><span class='ocrx_word' id='word_1_812' title='bbox 1939 5205 2092 5248; x_wconf 86' lang='lat' dir='ltr'><strong>terna</strong></span> <span class='ocrx_word' id='word_1_813' title='bbox 2114 5209 2247 5250; x_wconf 80' lang='lat' dir='ltr'><strong>voce</strong></span> <span class='ocrx_word' id='word_1_814' title='bbox 2262 5196 2507 5251; x_wconf 84' lang='lat' dir='ltr'><strong>dicente:</strong></span> <span class='ocrx_word' id='word_1_815' title='bbox 2530 5196 2636 5250; x_wconf 82' lang='lat' dir='ltr'><strong>Hic</strong></span> <span class='ocrx_word' id='word_1_816' title='bbox 2653 5204 2728 5249; x_wconf 82' lang='lat' dir='ltr'><strong>est</strong></span> <span class='ocrx_word' id='word_1_817' title='bbox 2748 5192 2924 5247; x_wconf 82' lang='lat' dir='ltr'><strong>Filius</strong></span> <span class='ocrx_word' id='word_1_818' title='bbox 2949 5204 3090 5246; x_wconf 78' lang='lat' dir='ltr'><strong>meus</strong></span> <span class='ocrx_word' id='word_1_819' title='bbox 3112 5189 3335 5244; x_wconf 80' lang='lat' dir='ltr'><strong>dilectus</strong></span> <span class='ocrx_word' id='word_1_820' title='bbox 3351 5189 3440 5253; x_wconf 61' lang='grc' dir='ltr'><strong>ειν,</strong></span> <span class='ocrx_word' id='word_1_821' title='bbox 3461 5198 3532 5242; x_wconf 85' lang='lat' dir='ltr'><strong>et-</strong></span> 
     </span>
    </p>
   </div>
   <div class='ocr_carea' id='block_1_103' title="bbox 1939 5282 3536 5356">
    <p class='ocr_par' dir='ltr' id='par_1_103' title="bbox 1939 5282 3536 5356">
     <span class='ocr_line' id='line_1_103' title="bbox 1939 5282 3536 5356; baseline -0.004 -17"><span class='ocrx_word' id='word_1_822' title='bbox 1939 5284 2007 5341; x_wconf 88' lang='lat' dir='ltr'><strong>ab</strong></span> <span class='ocrx_word' id='word_1_823' title='bbox 2034 5285 2248 5356; x_wconf 80' lang='lat' dir='ltr'><strong>angelis</strong></span> <span class='ocrx_word' id='word_1_824' title='bbox 2272 5286 2450 5356; x_wconf 88' lang='lat' dir='ltr'><strong>ipsum</strong></span> <span class='ocrx_word' id='word_1_825' title='bbox 2481 5286 2861 5351; x_wconf 88' lang='lat' dir='ltr'><strong>adorantibus,</strong></span> <span class='ocrx_word' id='word_1_826' title='bbox 2895 5299 3109 5340; x_wconf 90' lang='lat' dir='ltr'><strong>necnon</strong></span> <span class='ocrx_word' id='word_1_827' title='bbox 3128 5297 3159 5337; x_wconf 90' lang='lat' dir='ltr'><strong>a</strong></span> <span class='ocrx_word' id='word_1_828' title='bbox 3188 5282 3395 5337; x_wconf 88' lang='lat' dir='ltr'><strong>sanctis</strong></span> <span class='ocrx_word' id='word_1_829' title='bbox 3420 5284 3536 5350; x_wconf 88' lang='lat' dir='ltr'><strong>qui.</strong></span> 
     </span>
    </p>
   </div>
   <div class='ocr_carea' id='block_1_104' title="bbox 330 5410 1919 5488">
    <p class='ocr_par' dir='ltr' id='par_1_104' title="bbox 330 5410 1888 5488">
     <span class='ocr_line' id='line_1_104' title="bbox 330 5410 1888 5488; baseline -0.012 -2"><span class='ocrx_word' id='word_1_830' title='bbox 330 5412 377 5443; x_wconf 63' lang='grc'><strong>⁸³</strong></span> <span class='ocrx_word' id='word_1_831' title='bbox 580 5418 850 5488; x_wconf 47' lang='grc' dir='ltr'><strong>κκνηιῆχ</strong></span> <span class='ocrx_word' id='word_1_832' title='bbox 899 5419 943 5449; x_wconf 80' lang='grc'><strong>⁶⁰</strong></span> <span class='ocrx_word' id='word_1_833' title='bbox 973 5417 1103 5472; x_wconf 87' lang='lat' dir='ltr'><strong>Luc.</strong></span> <span class='ocrx_word' id='word_1_834' title='bbox 1141 5434 1203 5488; x_wconf 85' lang='lat' dir='ltr'><strong>tt,</strong></span> <span class='ocrx_word' id='word_1_835' title='bbox 1241 5418 1333 5474; x_wconf 73' lang='grc'><strong>29.</strong></span> <span class='ocrx_word' id='word_1_836' title='bbox 1408 5420 1451 5451; x_wconf 80' lang='grc'><strong>⁸¹</strong></span> <span class='ocrx_word' id='word_1_837' title='bbox 1482 5419 1615 5471; x_wconf 81' lang='lat' dir='ltr'><strong>Luc.</strong></span> <span class='ocrx_word' id='word_1_838' title='bbox 1658 5434 1769 5474; x_wconf 74' lang='lat' dir='ltr'><strong>xvi.</strong></span> 
     </span>
    </p>
   </div>
   <div class='ocr_carea' id='block_1_105' title="bbox 1968 5410 3527 5488">
    <p class='ocr_par' dir='ltr' id='par_1_105' title="bbox 1968 5420 3527 5488">
     <span class='ocr_line' id='line_1_105' title="bbox 1968 5420 3527 5488; baseline -0.004 -11"><span class='ocrx_word' id='word_1_839' title='bbox 1968 5423 1996 5454; x_wconf 71' lang='lat'><strong>&quot;</strong></span> <span class='ocrx_word' id='word_1_840' title='bbox 2030 5423 2205 5479; x_wconf 82' lang='lat' dir='ltr'><strong>ICor.</strong></span> <span class='ocrx_word' id='word_1_841' title='bbox 2242 5426 2466 5488; x_wconf 63' lang='lat'><strong>“1,15.</strong></span> <span class='ocrx_word' id='word_1_842' title='bbox 2535 5426 2580 5457; x_wconf 78' lang='grc'><strong>⁸³</strong></span> <span class='ocrx_word' id='word_1_843' title='bbox 2615 5424 2824 5481; x_wconf 88' lang='lat' dir='ltr'><strong>Coloss.</strong></span> <span class='ocrx_word' id='word_1_844' title='bbox 2859 5438 2942 5487; x_wconf 85' lang='lat' dir='ltr'><strong>ut,</strong></span> <span class='ocrx_word' id='word_1_845' title='bbox 2980 5422 3031 5479; x_wconf 82' lang='lat'><strong>5.</strong></span> <span class='ocrx_word' id='word_1_846' title='bbox 3109 5422 3154 5455; x_wconf 71' lang='lat'><strong>“</strong></span> <span class='ocrx_word' id='word_1_847' title='bbox 3192 5420 3355 5475; x_wconf 80' lang='lat' dir='ltr'><strong>Marc.</strong></span> <span class='ocrx_word' id='word_1_848' title='bbox 3394 5434 3527 5483; x_wconf 71' lang='grc' dir='ltr'><strong>ιμ’Ἰ</strong></span> 
     </span>
    </p>
   </div>
   <div class='ocr_carea' id='block_1_106' title="bbox 252 5481 1002 5552">
    <p class='ocr_par' dir='ltr' id='par_1_106' title="bbox 252 5481 1002 5552">
     <span class='ocr_line' id='line_1_106' title="bbox 252 5481 1002 5552; baseline 0.008 -17"><span class='ocrx_word' id='word_1_849' title='bbox 252 5481 350 5535; x_wconf 78' lang='lat'><strong>37.</strong></span> <span class='ocrx_word' id='word_1_850' title='bbox 426 5484 471 5514; x_wconf 72' lang='grc' dir='ltr'>σε</span> <span class='ocrx_word' id='word_1_851' title='bbox 508 5484 635 5539; x_wconf 86' lang='lat' dir='ltr'><strong>Luc.</strong></span> <span class='ocrx_word' id='word_1_852' title='bbox 679 5487 880 5552; x_wconf 66' lang='lat'><strong>&quot;1,55,</strong></span> <span class='ocrx_word' id='word_1_853' title='bbox 915 5488 1002 5542; x_wconf 75' lang='grc' dir='ltr'><strong>δι.</strong></span> 
     </span>
    </p>
   </div>
   <div class='ocr_carea' id='block_1_107' title="bbox 341 5598 1831 5672">
    <p class='ocr_par' dir='ltr' id='par_1_107' title="bbox 341 5598 1831 5672">
     <span class='ocr_line' id='line_1_107' title="bbox 341 5598 1831 5672; baseline 0.003 -20"><span class='ocrx_word' id='word_1_854' title='bbox 341 5598 457 5668; x_wconf 69' lang='lat'><strong>(28)</strong></span> <span class='ocrx_word' id='word_1_855' title='bbox 498 5598 624 5655; x_wconf 68' lang='lat' dir='ltr'><strong>Haec</strong></span> <span class='ocrx_word' id='word_1_856' title='bbox 652 5601 919 5655; x_wconf 85' lang='lat' dir='ltr'><strong>habentur</strong></span> <span class='ocrx_word' id='word_1_857' title='bbox 957 5602 1009 5654; x_wconf 89' lang='lat' dir='ltr'><strong>in</strong></span> <span class='ocrx_word' id='word_1_858' title='bbox 1050 5602 1239 5655; x_wconf 87' lang='lat' dir='ltr'><strong>eodem</strong></span> <span class='ocrx_word' id='word_1_859' title='bbox 1300 5603 1523 5657; x_wconf 73' lang='lat' dir='ltr'><strong>codice:</strong></span> <span class='ocrx_word' id='word_1_860' title='bbox 1580 5602 1831 5672; x_wconf 82' lang='lat' dir='ltr'><strong>editaque</strong></span> 
     </span>
    </p>
   </div>
   <div class='ocr_carea' id='block_1_108' title="bbox 253 5672 1565 5746">
    <p class='ocr_par' dir='ltr' id='par_1_108' title="bbox 253 5672 1565 5746">
     <span class='ocr_line' id='line_1_108' title="bbox 253 5672 1565 5746; baseline -0.002 -17"><span class='ocrx_word' id='word_1_861' title='bbox 253 5676 553 5746; x_wconf 60' lang='lat' dir='ltr'><strong>primunra</strong></span> <span class='ocrx_word' id='word_1_862' title='bbox 582 5672 738 5746; x_wconf 79' lang='lat' dir='ltr'><strong>nobis</strong></span> <span class='ocrx_word' id='word_1_863' title='bbox 765 5681 894 5746; x_wconf 83' lang='lat' dir='ltr'><strong>sunt</strong></span> <span class='ocrx_word' id='word_1_864' title='bbox 924 5673 1121 5746; x_wconf 77' lang='lat' dir='ltr'><strong>Athan.</strong></span> <span class='ocrx_word' id='word_1_865' title='bbox 1170 5682 1215 5746; x_wconf 79' lang='lat' dir='ltr'><strong>t_.</strong></span> <span class='ocrx_word' id='word_1_866' title='bbox 1251 5672 1289 5731; x_wconf 87' lang='lat' dir='ltr'><strong>l,</strong></span> <span class='ocrx_word' id='word_1_867' title='bbox 1323 5691 1373 5741; x_wconf 84' lang='lat' dir='ltr'><strong>p.</strong></span> <span class='ocrx_word' id='word_1_868' title='bbox 1409 5673 1565 5746; x_wconf 74' lang='grc'><strong>1010.</strong></span> 
     </span>
    </p>
   </div>
   <div class='ocr_carea' id='block_1_109' title="bbox 337 5740 1829 5811">
    <p class='ocr_par' dir='ltr' id='par_1_109' title="bbox 337 5740 1829 5811">
     <span class='ocr_line' id='line_1_109' title="bbox 337 5740 1829 5811; baseline -0.002 -15"><span class='ocrx_word' id='word_1_869' title='bbox 337 5740 450 5808; x_wconf 68' lang='lat'><strong>(29)</strong></span> <span class='ocrx_word' id='word_1_870' title='bbox 486 5740 611 5797; x_wconf 68' lang='lat' dir='ltr'><strong>Haec</strong></span> <span class='ocrx_word' id='word_1_871' title='bbox 647 5742 701 5795; x_wconf 88' lang='lat' dir='ltr'><strong>in</strong></span> <span class='ocrx_word' id='word_1_872' title='bbox 723 5743 925 5797; x_wconf 83' lang='lat' dir='ltr'><strong>eodem.</strong></span> <span class='ocrx_word' id='word_1_873' title='bbox 947 5743 1135 5798; x_wconf 77' lang='lat' dir='ltr'><strong>codice</strong></span> <span class='ocrx_word' id='word_1_874' title='bbox 1158 5740 1829 5811; x_wconf 54' lang='grc' dir='ltr'>ςηοεζιιιιιὺιιε-ροημιειηι</span> 
     </span>
    </p>
   </div>
   <div class='ocr_carea' id='block_1_110' title="bbox 1101 5487 2583 5561">
    <p class='ocr_par' dir='ltr' id='par_1_110' title="bbox 1101 5487 2583 5561">
     <span class='ocr_line' id='line_1_110' title="bbox 1101 5487 2583 5561; baseline 0.007 -22"><span class='ocrx_word' id='word_1_875' title='bbox 1101 5489 1147 5519; x_wconf 76' lang='grc'>⁸⁸</span> <span class='ocrx_word' id='word_1_876' title='bbox 1179 5487 1321 5542; x_wconf 83' lang='grc' dir='ltr'>Ρειιι.</span> <span class='ocrx_word' id='word_1_877' title='bbox 1345 5506 1500 5546; x_wconf 79' lang='lat' dir='ltr'><strong>.xux.</strong></span> <span class='ocrx_word' id='word_1_878' title='bbox 1535 5491 1654 5543; x_wconf 31' lang='lat'><strong>16..</strong></span> <span class='ocrx_word' id='word_1_879' title='bbox 1698 5489 1766 5520; x_wconf 62' lang='grc'><strong>⁸⁸⁵</strong></span> <span class='ocrx_word' id='word_1_880' title='bbox 1795 5489 1987 5548; x_wconf 77' lang='lat' dir='ltr'><strong>Matth.</strong></span> <span class='ocrx_word' id='word_1_881' title='bbox 2024 5509 2109 5561; x_wconf 84' lang='grc' dir='ltr'>ιιι,</span> <span class='ocrx_word' id='word_1_882' title='bbox 2142 5493 2236 5561; x_wconf 82' lang='grc'><strong>17;</strong></span> <span class='ocrx_word' id='word_1_883' title='bbox 2274 5487 2405 5559; x_wconf 78' lang='lat' dir='ltr'><strong>xvtt,</strong></span> <span class='ocrx_word' id='word_1_884' title='bbox 2580 5522 2583 5523; x_wconf 52' lang='grc' dir='ltr'><strong>ν</strong></span> 
     </span>
    </p>
   </div>
   <div class='ocr_carea' id='block_1_111' title="bbox 1943 5600 3519 5681">
    <p class='ocr_par' dir='ltr' id='par_1_111' title="bbox 1943 5600 3519 5681">
     <span class='ocr_line' id='line_1_111' title="bbox 1943 5600 3519 5681; baseline -0.001 -21"><span class='ocrx_word' id='word_1_885' title='bbox 1943 5608 2146 5681; x_wconf 78' lang='lat' dir='ltr'><strong>similia</strong></span> <span class='ocrx_word' id='word_1_886' title='bbox 2183 5609 2369 5681; x_wconf 70' lang='lat' dir='ltr'><strong>habes</strong></span> <span class='ocrx_word' id='word_1_887' title='bbox 2410 5611 2464 5665; x_wconf 87' lang='lat' dir='ltr'><strong>in</strong></span> <span class='ocrx_word' id='word_1_888' title='bbox 2504 5608 2749 5681; x_wconf 67' lang='lat' dir='ltr'><strong>Epistula</strong></span> <span class='ocrx_word' id='word_1_889' title='bbox 2781 5607 2847 5665; x_wconf 83' lang='lat' dir='ltr'><strong>ad</strong></span> <span class='ocrx_word' id='word_1_890' title='bbox 2888 5607 3186 5681; x_wconf 18' lang='lat' dir='ltr'><strong>episcopos,</strong></span> <span class='ocrx_word' id='word_1_891' title='bbox 3215 5600 3429 5675; x_wconf 61' lang='lat' dir='ltr'><strong>Egypti</strong></span> <span class='ocrx_word' id='word_1_892' title='bbox 3462 5610 3519 5659; x_wconf 62' lang='lat' dir='ltr'><strong>et</strong></span> 
     </span>
    </p>
   </div>
   <div class='ocr_carea' id='block_1_112' title="bbox 1942 5677 2394 5750">
    <p class='ocr_par' dir='ltr' id='par_1_112' title="bbox 1942 5677 2394 5750">
     <span class='ocr_line' id='line_1_112' title="bbox 1942 5677 2394 5750; baseline 0.009 -19"><span class='ocrx_word' id='word_1_893' title='bbox 1942 5677 2143 5745; x_wconf 64' lang='lat' dir='ltr'><strong>Lihvac,</strong></span> <span class='ocrx_word' id='word_1_894' title='bbox 2180 5696 2234 5750; x_wconf 84' lang='lat' dir='ltr'><strong>p.</strong></span> <span class='ocrx_word' id='word_1_895' title='bbox 2269 5680 2394 5736; x_wconf 68' lang='grc'><strong>215.</strong></span> 
     </span>
    </p>
   </div>
  </div>
