3702 6400
156 349 163 357 σ
188 327 301 377 ιιυι

184 532 297 585 νᾶτο
320 527 424 581 ὑπὸ
447 526 556 580 τῶν
581 525 770 581 τούτου
805 526 1063 597 ῥημάτων
1089 545 1101 557 ·
1140 527 1276 580 ἀλλά
1316 527 1408 581 καὶ
1460 528 1536 590 ὡς
1578 526 1734 591 εἰδὼς

185 616 387 687 ῆλεγχε,
421 614 519 668 καὶ
546 614 620 678 ὡς
653 612 920 669 παιδεύων
952 613 1265 688 διωρθοῦτο.
1302 617 1602 686 Μονονουχὶ⁸
1627 616 1735 688 γὰρ

185 707 328 762 τοῦτο
368 707 546 776 λέγων
576 707 875 772 ἐδίδασκεν,
907 707 982 771 ὼς
1027 707 1137 780 ἀρα
1167 707 1341 772 οὐδεὶς
1393 707 1614 761 δύναται
1658 707 1736 778 τῷ

184 801 324 871 Λόγῳ
352 799 664 853 ἀκολουθεῖν
689 799 1098 870 ἀναπαυόμενος
1129 801 1188 854 ὲν
1215 799 1448 869 ἀλόγοις,
1478 799 1600 853 οὐδὲ
1629 799 1741 853 τῶν

185 890 426 959 ἁλόγωνό
456 889 606 959 φίλος
641 889 862 943 διῖναται
898 890 989 943 τὸν
1040 889 1214 959 Λόγον
1256 889 1529 961 δέχεσθαι,
1562 889 1684 943 οὐδὲ
1707 892 1739 944 ὁ

184 981 245 1035 τὰ
277 980 445 1050 ἄλογα
492 979 891 1052 φανταζόμενος
941 980 1163 1035 δύναται
1214 981 1308 1035 τοῦ
1357 981 1530 1049 Λόγου
1575 998 1738 1052 μετα-

186 1070 467 1145 λαμϐάνειν
497 1072 723 1127 ἔννοιαν.
774 1073 988 1144 Ἀμέλει
1026 1074 1090 1126 ὲκ
1132 1069 1230 1143 τῆς
1268 1071 1472 1144 τόλμης
1508 1072 1571 1126 τὸ
1597 1071 1740 1141 γνώ-

188 1176 347 1236 ρισμα
370 1164 472 1234 τῆς
506 1163 834 1236 προπετείας
873 1165 966 1218 καὶ
990 1164 1343 1228 ἀπαιδευσίας
1394 1162 1604 1229 ἔξεστιν
1635 1165 1740 1218 αὐα-

185 1256 270 1310 τοῦ
288 1257 642 1328 καταμαθεῖν.
667 1257 730 1310 Εί
754 1256 862 1329 γὰρ
891 1256 1157 1327 ἠπίστατο
1180 1256 1276 1310 τοῦ
1309 1256 1482 1327 Λόγου
1513 1256 1610 1329 τὴν
1642 1257 1739 1311 δύ-

184 1366 364 1421 ναμιν,
389 1350 490 1403 οὐκ
516 1348 582 1403 ἂν
609 1349 755 1413 ὅλως.
773 1349 1074 1419 φαντασίαν
1121 1349 1332 1421 εἰλήφει
1369 1348 1739 1421 πνευματικοῦ

185 1442 376 1510 Λόγου,
405 1442 506 1495 οὐκ
534 1441 604 1496 ἀν
624 1440 908 1513 ἄνθρωπος
948 1440 1025 1493 ὢν
1055 1440 1266 1506 ὲξιοοῦν
1315 1441 1508 1495 ἑαυτὸν
1538 1441 1739 1513 ἐτόλμα

185 1535 245 1603 τῇ
271 1532 362 1585 τοῦ
397 1532 647 1603 Σωτῆρος
674 1531 1041 1604 ἀκαταλήπτῳ
1068 1532 1292 1604 δυνάμει
1322 1532 1493 1602 λέγων
1523 1550 1536 1563 ·
1585 1534 1742 1589 Ἀκο-

185 1620 459 1687 λουθήσω
498 1637 600 1676 σοι
640 1622 792 1677 ὅπου
822 1623 930 1677 ἐὰν
971 1621 1220 1692 ἀπέρχῃ.
1275 1623 1610 1678 ’Δκολουθείν
1642 1624 1744 1695 μὲν

185 1715 283 1784 γὰρ
300 1713 668 1785 ἁπλούστερον
696 1713 772 1785 τῷ
798 1714 1011 1786 Σωτῆρι
1035 1715 1170 1786 πρὸς
1193 1714 1254 1769 τὸ
1275 1716 1374 1786 τῆς
1399 1714 1740 1782 διδασκαλίας

185 1804 340 1858 αὐτοῦ
363 1803 582 1858 ἀκούειν
604 1803 827 1859 δυνατὸν
846 1807 910 1876 τῇ
928 1803 1241 1877 ἀνθρωπίνη
1263 1804 1442 1875 φύσει,
1466 1806 1561 1859 καὶ
1586 1805 1749 1860 τοῦτο

188 1895 319 1949 κατά
347 1896 449 1966 τὴν
496 1895 660 1949 αὐτοῦ
707 1895 1113 1997 (mitior;
1147 1915 1160 1927 ·
1205 1898 1633 1952 συνεκτείνεσθαι
1683 1898 1741 1952 δὲ

188 1987 275 2038 καὶ
304 1985 616 2057 συντρέχειν
649 1972 1106 2058 αἱ)ᾟῖτᾶἆῇὂῦ
1134 2027 1151 2053 ,
1176 1988 1332 2042 τοῦτο
1363 1988 1459 2042 καὶ
1485 1988 1745 2043 ἀδύνατον

185 2076 273 2130 καὶ
315 2076 588 2151 τολμηρὸν
623 2078 699 2149 τῷ
746 2078 1229 2151 ἐπαγγελλομένῳ.
1277 2079 1415 2134 Οὔτε
1463 2079 1570 2152 γὰρ
1613 2062 1744 2134 ἀνὰ-

183 2167 468 2238 παυομένῳ
499 2167 646 2238 αὐτῷ
681 2167 830 2239 παρὰ
864 2167 943 2239 τῷ
980 2169 1161 2241 Πατρὶ
1181 2172 1415 2225 συνεῖναι
1446 2167 1740 2241 δυνάμεθα·

182 2257 296 2323 πῶς
325 2259 454 2329 γάρ,
484 2258 649 2330 ἀλλης
673 2260 885 2329 φύσεως
909 2261 1304 2331 τυγχάνοντες;
1330 2259 1452 2315 οὔτε
1470 2258 1743 2331 πανταχοῦ

182 2350 325 2422 αὐτῷ
351 2352 465 2407 ὄντι
497 2352 819 2424 συνδραμεῖν
865 2347 979 2406 οἷόν
1006 2369 1086 2406 τε.
1128 2353 1188 2407 '0
1245 2354 1342 2425 μὲν
1379 2348 1493 2426 γὰρ
1524 2353 1744 2426 ἀχώρη·

181 2456 288 2509 τος,
322 2446 371 2497 οἱ
397 2444 454 2497 δὲ
480 2443 714 2515 χωρητοί
733 2460 747 2475 ·
786 2445 881 2498 καὶ
902 2445 932 2498 ὁ
964 2445 1062 2517 μὲν
1093 2446 1152 2498 ὲν
1184 2445 1261 2516 τῷ
1302 2446 1464 2499 παντὶ
1512 2446 1608 2499 καὶ
1641 2444 1754 2511 ἔξω

181 2535 273 2587 τοῦ
304 2536 505 2598 παντός
537 2538 703 2601 ἐστιν,
741 2537 794 2589 οἱ
821 2536 878 2590 δὲ
907 2538 967 2590 ὲν
1008 2536 1085 2608 τῷ
1116 2538 1277 2591 παντὶ
1326 2536 1747 2609 μεμετρημένην

183 2623 372 2695 ἔχομεν
403 2626 501 2697 τὴν
529 2626 783 2680 σύστασιν
801 2644 814 2656 ·
846 2628 941 2681 καὶ
958 2628 986 2680 6
1006 2628 1104 2699 μὲν
1128 2628 1331 2699 Κύριος
1359 2630 1628 2700 ἀκινήτως
1654 2629 1747 2682 καὶ

183 2717 541 2786 ἀμεταεάτως
568 2721 707 2772 κινεῖ
739 2719 812 2771 τά
836 2720 1133 2789 πανταχοῦ,
1162 2721 1256 2774 καὶ
1283 2719 1350 2774 τά
1386 2720 1483 2774 ὂλα
1512 2721 1705 2774 διοικεῖ
1728 2738 1742 2752 ο

184 2808 457 2880 ἄνθρωποι
493 2808 569 2873 δὲ,
598 2810 1013 2880 μεταϐαίνοντες
1051 2812 1142 2880 ἀφ’
1171 2804 1232 2864 οὗ
1274 2811 1590 2883 κινούμεθα,
1640 2813 1749 2867 λει-

184 2899 397 2971 πὸμεθα
420 2903 486 2971 τῇ
520 2901 799 2973 ἀπολείψει
841 2903 937 2957 τοῦ
975 2905 1140 2957 τόπου
1175 2904 1311 2975 πρὸς
1349 2901 1448 2976 τὴν
1481 2904 1753 2974 ἀμετάϐοιρ

181 3006 269 3045 τον
312 2990 587 3062 πανταχοῦ
628 2994 729 3064 τῆς
760 2993 1012 3067 θεότητος
1035 2995 1204 3050 αὑτοῦ
1235 2995 1562 3066 παρουσίαν.
1607 2996 1745 3049 ’Λλλ’

1391 306 1817 377 FRAGMENTA
1855 323 1918 376 ιιι
1957 322 2209 378 ιυωιιι.

76 500 81 507 ι
184 438 495 512 τρεπόμενος
524 437 711 491 τοῦτον
739 436 981 500 ἐδίωκεν,
1023 434 1147 490 οὔτε
1195 436 1269 501 ὡς
1310 437 1521 506 ἀγνοῶν
1566 437 1734 490 ἐπλα-

1926 449 2023 495 ›ιυε
2062 448 2179 505 est;
2224 440 2318 496 sed
2348 441 2495 496 velut
2532 454 2736 510 gnarus
2770 441 3121 513 coarguebat,
3154 449 3209 496 et
3239 444 3396 512 quasi

3262 323 3396 379 “03

1835 529 2089 584 erudiens
2121 530 2447 600 corrigebat.
2481 527 2615 585 Cum
2648 530 2762 586 haec
2790 531 2934 585 enim
2953 530 3176 595 diceret,
3197 531 3395 588 docere

1836 620 2141 686 videbatur,
2175 621 2444 675 neminem
2475 635 2636 690 posse
2682 619 2922 677 Verbum
2955 622 3072 676 sive
3113 620 3397 679 Rationem

1837 711 2009 781 sequi,
2037 711 2084 766 si
2113 711 2166 765 in
2195 711 2662 768 irrationabilibus
2694 712 3021 783 quiesceret,
3058 728 3235 785 neque
3262 715 3401 771 irra-

1837 802 2179 857 tionabilium
2210 812 2509 859 amatorem
2558 817 2721 874 posse
2763 801 2997 860 Verbum
3045 806 3161 860 sive
3207 805 3400 862 Ratio-

1837 907 1957 947 nem
1996 892 2269 963 excipere,
2315 908 2493 965 neque
2540 893 2942 951 irrationabilia
2972 897 3400 953 comminiscen-

1840 993 1946 1038 tem
1993 999 2156 1056 posse
2200 983 2448 1042 Rationis
2475 986 2724 1041 notitiam
2743 988 2983 1059 assequi.
3007 988 3085 1042 Ex
3108 1003 3243 1044 ausu
3268 1004 3402 1045 sane

1841 1076 2009 1143 illius,
2040 1075 2361 1132 temeritatis
2387 1084 2442 1131 et
2464 1075 2694 1132 inscitiae
2722 1078 2843 1148 ejus
2892 1087 3272 1149 argumentum
3301 1079 3399 1136 de-

1838 1166 2174 1237 prehendere
2219 1168 2375 1223 licet.
2409 1166 2546 1223 Nam
2592 1169 2639 1225 si
2673 1167 2837 1226 Verbi
2869 1171 2976 1224 vim
3009 1172 3268 1235 novisset,
3305 1186 3403 1227 ne-

1838 1273 2116 1329 quaquam
2142 1259 2246 1314 sibi
2279 1260 2579 1331 spirituslis
2610 1258 2772 1317 Verbi
2798 1262 3228 1317 commentitiam
3274 1277 3401 1332 spe—

1839 1352 1975 1406 ciem
2007 1350 2333 1419 eﬂinxisset;
2369 1367 2565 1423 neque,
2603 1355 2768 1408 homo
2807 1370 2934 1409 cum
2965 1361 3112 1409 esset
3144 1395 3158 1420 ,
3189 1354 3402 1409 incom-

1841 1440 2188 1508 prehensibili
2224 1440 2532 1497 Servatoris
2559 1442 2747 1497 virtuti
2779 1458 2899 1499 sese
2926 1458 3213 1514 exaequare
3234 1458 3403 1501 ausus

1843 1531 2054 1596 fuisset,
2086 1531 2310 1587 dicens:
2349 1530 2553 1602 Sequar
2581 1542 2629 1588 te
2657 1550 2962 1606 quocunque
2992 1536 3135 1589 ieris.
3191 1533 3403 1590 Etenim

1843 1619 2185 1675 Servatorem
2218 1621 2534 1692 simpliciter
2555 1624 2709 1694 sequi
2733 1625 2801 1679 ad
2826 1625 3130 1680 doctrinam
3154 1626 3272 1694 ejus
3302 1642 3403 1680 au-

1842 1711 2115 1777 diendam,
2149 1711 2401 1768 humana:
2444 1714 2665 1783 quidem
2713 1725 2924 1770 natura;
2970 1717 3227 1786 possibile
3278 1728 3360 1771 est
3387 1759 3404 1783 ,

1844 1802 2005 1871 idque
2024 1818 2089 1856 ex
2121 1802 2241 1869 ejus
2272 1803 2609 1873 benignitate
2652 1805 2769 1859 ﬁeri
2794 1814 3011 1875 potest;
3061 1814 3116 1860 at
3154 1822 3279 1861 cum
3313 1808 3406 1863 illo

1845 1909 1948 1946 una
1977 1894 2195 1947 extendi
2222 1909 2287 1947 ac
2314 1909 2648 1950 concurrere
2678 1895 2897 1966 ubique,
2924 1895 2975 1950 id
3009 1911 3140 1951 sane
3160 1896 3279 1951 ﬁeri
3307 1913 3407 1952 ne-

1842 1985 1980 2055 quit,
2025 1995 2078 2038 et
2136 1984 2445 2054 pollicentis
2490 1985 2774 2039 audaciam
2820 1986 3020 2055 prodit.
3052 1984 3235 2056 Neque
3263 1986 3407 2040 enim

1842 2092 1965 2132 cum
1989 2076 2105 2142 illo,
2132 2074 2187 2129 in
2212 2075 2336 2131 sinu
2367 2074 2544 2129 Patris
2576 2077 2898 2144 quiescenti,
2934 2090 3041 2130 una
3064 2092 3187 2131 esse
3214 2092 3411 2146 possu-

1845 2183 1991 2222 mus.
2020 2165 2157 2221 Nam
2184 2167 2279 2237 qui
2317 2166 2370 2219 id
2414 2175 2673 2235 praestare
2709 2166 2985 2236 possimus
3009 2181 3134 2222 cum
3187 2167 3410 2223 alterius

1844 2269 2054 2312 natura:
2082 2256 2300 2312 simus?
2333 2253 2522 2326 Neque
2579 2271 2701 2311 cum
2738 2255 2835 2311 illo
2862 2298 2878 2323 ,
2925 2257 3019 2327 qui
3059 2257 3260 2327 ubique
3304 2268 3408 2322 est,

1845 2363 2176 2404 concurrere
2204 2347 2473 2403 valemus.
2509 2344 2644 2402 Nam
2672 2347 2762 2402 ille
2797 2348 3014 2417 quidem
3046 2363 3077 2402 a
3101 2349 3250 2404 nullo
3280 2365 3411 2403 con-

1847 2441 2072 2503 tinetur,
2105 2454 2206 2494 nos
2240 2438 2623 2505 continemur;
2658 2439 2748 2492 ille
2792 2438 2846 2493 in
2900 2439 3155 2494 universo
3177 2448 3230 2494 et
3255 2447 3411 2495 extra

1848 2529 2164 2582 mniversum
2196 2537 2302 2591 est,
2331 2542 2433 2583 nos
2460 2543 2589 2583 vero
2615 2527 2668 2581 in
2693 2528 2949 2584 universo
2979 2529 3284 2584 dimensam
3316 2531 3413 2584 ba-

1849 2619 2043 2674 bemus
2072 2619 2519 2675 constitutionem
2548 2637 2562 2684 ;
2599 2619 2711 2686 ille,
2750 2619 3013 2675 Dominus
3052 2621 3280 2687 scilicet,
3309 2622 3414 2677 im-

1849 2709 2037 2763 mobili
2064 2718 2118 2764 et
2156 2709 2482 2764 immutabili
2512 2710 2673 2766 modo
2704 2711 2890 2764 omnia
2925 2720 3124 2778 movet,
3156 2712 3412 2767 universa

1848 2799 2223 2867 administrat;
2268 2815 2370 2855 nos
2394 2815 2525 2855 vero
2551 2800 2823 2867 homines,
2848 2809 3192 2857 transeuntes
3226 2816 3256 2855 a
3288 2802 3410 2856 loco

1849 2891 1993 2944 unde
2053 2905 2398 2957 amovemur,
2462 2905 2595 2945 sane
2654 2890 2894 2961 impares
2951 2906 3183 2956 sumus,
3225 2892 3414 2947 relicto

1860 2982 2099 3051 loco,qui
2126 2984 2427 3054 praesentia:
2458 2984 2679 3038 dcitatis
2707 2985 2877 3054 ipsius
2902 2983 3103 3054 ubique
3131 2985 3414 3040 exsistenti

180 3084 208 3136 6
247 3081 454 3154 Κύριος
479 3085 598 3136 κατ’
628 3084 911 3157 ἀμφότερα
954 3086 1143 3141 τοῦτον
1190 3084 1518 3157 διορθοῦται,
1558 3087 1651 3141 κού⁹
1687 3086 1748 3141 τδ

1932 3076 2199 3131 immobili
2237 3091 2607 3147 exaequemur.
2659 3076 2766 3131 Sed
2797 3075 3061 3132 Dominus
3092 3077 3158 3132 de
3189 3086 3416 3148 utraque

184 3172 281 3243 μὲν
310 3174 596 3244 ἀνέτοιμον
629 3175 727 3247 τῆς
755 3175 1069 3247 προθέσεως
1106 3178 1389 3250 διελέγχει,
1426 3180 1527 3252 τὴν
1554 3180 1610 3234 δὲ
1646 3182 1748 3251 τῆς

181 3264 433 3335 θεότητος
458 3264 621 3319 αὐτοῦ
665 3268 1059 3339 μεγαλειότητα
1110 3270 1391 3334 παιδεύει,
1428 3270 1599 3341 λέγων
1625 3288 1639 3303 ο
1678 3277 1748 3327 Al

181 3353 490 3422 ἀλώπεκες
517 3358 787 3426 φωλεοὺς
813 3359 1058 3429 ἔχουσι,
1089 3361 1185 3415 καὶ
1219 3360 1290 3415 τά
1321 3361 1469 3433 ἑξῆς.
1509 3365 1651 3417 Ἴσον
1692 3364 1751 3417 δὲ

179 3447 354 3519 τούτῳ
400 3451 575 3502 είπεῖν
612 3452 747 3516 ἐστι,
796 3452 865 3505 τά
917 3453 1016 3522 μὲν
1069 3455 1270 3525 γενητά
1317 3456 1494 3510 πάντα
1528 3456 1752 3529 χωρητά

179 3539 465 3609 τυγχάνει,
500 3541 593 3594 καὶ
633 3543 815 3607 τόποις
846 3543 1150 3612 διίσταται,
1187 3549 1216 3601 6
1254 3547 1313 3600 δὲ
1355 3547 1527 3616 Λόγος
1579 3550 1608 3602 6
1654 3547 1749 3601 τοῦ

181 3631 318 3684 Θεοῦ
340 3629 623 3703 ἀχώρητον
654 3632 766 3704 ἔχει
797 3634 899 3707 τὴν
927 3635 1152 3707 δύναμιν
1176 3653 1190 3666 °
1222 3636 1362 3691 ὥστε
1395 3638 1490 3691 τοῦ
1534 3638 1629 3710 μὲν
1661 3638 1751 3691 λέ-

183 3739 325 3791 γειν,
379 3724 463 3776 ὅτι
511 3722 701 3779 Ὅπου
752 3726 865 3779 ἐὰν
902 3728 1135 3799 ἀπέρχῃ
1180 3728 1575 3795 ἀκολουθήσω
1616 3746 1748 3796 σοι,

182 3814 433 3869 παῦσαι-
486 3816 536 3867 εί
589 3815 646 3868 δε
687 3817 1087 3889 μαθητεόεσθαι
1150 3819 1353 3887 θέλεις,
1390 3820 1601 3875 ἀπόστα
1644 3819 1751 3876 τῶν

179 3906 415 3975 ἀλόγων,
439 3904 747 3978 οἱκειώθητι
768 3907 824 3961 δὲ
855 3909 935 3980 τῷ
969 3910 1126 3980 Λόγῳ
1159 3929 1171 3941 ·
1203 3910 1470 3965 ἀδύνατον
1505 3912 1612 3981 γὰρ
1658 3912 1751 3968 τὸν

180 3995 399 4067 ἀλογίᾳ
431 3997 656 4050 συνόντα
687 3998 862 4068 Λόγου
887 4000 1141 4068 γενέσθαι
1166 4002 1441 4074 μαθητήν.

256 4172 370 4243 (52)
412 4172 532 4226 Τίνι
582 4172 853 4241 ὁμοιώσω
873 4174 988 4242 τὴν
1032 4176 1363 4240 ,βασιλείαν
1408 4179 1514 4232 τοῦ
1559 4181 1706 4235 Θεοῦ
1734 4195 1759 4246 ;

190 4262 403 4332 Ὅμοια
421 4263 551 4317 ἐστὶ
579 4262 723 4335 ζύμῃ
752 4305 768 4330 ,
812 4263 893 4334 ἢν
923 4267 1197 4321 λαϐοῦσα
1235 4268 1389 4338 γυνὴ
1421 4269 1758 4340 ἐνέκρυψεν

178 4358 272 4419 εἰς
299 4355 561 4424 ἀλεύρου
589 4354 744 4409 σάτα
772 4358 906 4425 τρία
936 4400 951 4424 ,
1000 4358 1111 4424 ἕως
1149 4355 1220 4415 οὗ
1263 4359 1524 4429 ἐζυμώθη
1586 4362 1752 4416 ὅλον.

1850 3182 1908 3221 re
1932 3168 2157 3238 corrigit
2187 3169 2362 3234 illum,
2384 3176 2548 3239 atque
2575 3168 2902 3238 imparatum
2939 3168 3417 3239 inconsultumque

1850 3262 2186 3329 propositum
2227 3260 2439 3330 arguit:
2473 3261 3014 3331 magnitudinemque
3043 3262 3261 3317 dcitatis
3301 3278 3415 3317 suae

1848 3352 2027 3415 docet,
2084 3352 2293 3417 dicens,
2346 3350 2537 3422 Vulpes
2592 3351 2770 3422 foveas
2822 3352 3049 3416 habent,
3097 3362 3153 3407 et
3200 3364 3415 3408 caetera.

1849 3442 2106 3499 Fortasse
2138 3459 2270 3499 vero
2297 3443 2386 3499 bis
2417 3444 2757 3508 signiﬁcatur
2781 3485 2799 3513 ,
2831 3444 3046 3513 Opiﬁcia
3074 3448 3256 3500 omnia
3289 3461 3421 3500 con-

1849 3536 2011 3591 tineri
2066 3536 2207 3599 loco,
2251 3545 2306 3591 et
2352 3535 2472 3592 loco
2519 3535 2713 3591 dissita
2743 3551 2901 3604 esse;
2946 3546 3002 3592 at
3050 3535 3289 3593 Verbum
3325 3536 3419 3594 Dei

1851 3629 2111 3683 vistutem
2143 3628 2366 3691 habere,
2394 3643 2518 3698 qua:
2556 3644 2586 3682 a
2629 3629 2780 3683 nullo
2808 3629 3154 3696 continetur;
3190 3631 3263 3684 ita
3297 3639 3357 3684 ut
3385 3645 3415 3683 a

1853 3721 1947 3776 tali
1975 3722 2140 3785 dicto,
2173 3720 2376 3791 Sequar
2413 3731 2461 3775 te
2497 3737 2801 3793 quocunque
2834 3724 2959 3777 ieris
2988 3760 3005 3787 ,
3039 3722 3419 3778 abstinendum

1853 3816 1942 3871 sit.
1974 3812 2132 3880 Quod
2162 3813 2208 3868 si
2235 3814 2447 3868 erudiri
2478 3812 2634 3876 velis,
2666 3814 2736 3871 ab
2780 3813 3248 3868 irrationabilibus
3278 3814 3422 3868 absi-

1853 3919 1956 3974 ste,
1978 3915 2032 3961 et
2062 3905 2280 3960 Rationi
2312 3922 2407 3960 seu
2439 3899 2619 3961 Verbo
2648 3913 2699 3960 te
2732 3906 2980 3976 applica:
3015 3921 3141 3960 nam
3178 3905 3293 3960 tieri
3329 3923 3425 3961 ne-

1854 3998 1979 4067 quit
2005 4006 2066 4051 ut
2086 3995 2182 4066 qui
2212 4011 2339 4052 eum
2382 3997 2860 4052 irrationabilitate
2890 3996 3058 4069 degit,
3086 3995 3250 4052 Verbi
3297 3998 3413 4053 sive

1856 4087 2107 4144 Rationis
2138 4089 2438 4160 discipulus
2471 4089 2687 4144 evadat.

1926 4180 2027 4236 Cui
2053 4181 2233 4235 simile
2267 4180 2542 4236 (estimabo
2573 4195 2788 4250 regnum
2828 4179 2974 4235 Dei?
3004 4178 3191 4233 Simile
3218 4188 3294 4232 est
3320 4176 3425 4246 fer-

1856 4281 2051 4336 mento,
2080 4271 2218 4340 quod
2259 4278 2532 4339 acceptum
2574 4270 2767 4323 mulier
2809 4268 3088 4322 abscondit
3141 4268 3197 4321 in
3233 4266 3426 4336 fat-ima

1858 4374 1975 4416 sala
2012 4364 2140 4428 tria,
2172 4362 2336 4416 donec
2355 4362 2727 4431 fermentatum
2755 4369 2832 4414 est
2874 4370 3043 4413 totum
3073 4359 3142 4413 ".
3180 4357 3293 4414 Hoc
3322 4359 3426 4415 ita-

180 4443 361 4498 Τοῦτο
381 4440 476 4498 οὖν
501 4445 713 4511 σκόπει,
737 4449 845 4512 πᾶς
878 4466 961 4512 τις
998 4450 1026 4501 6
1057 4452 1170 4513 τοῖς
1205 4450 1447 4521 ῥηθεῖσιν
1477 4454 1757 4525 ἀμφισϐη-

1926 4472 1964 4508 ue
1987 4453 2275 4523 perpende,
2303 4450 2559 4521 quisquis
2585 4451 2651 4504 de
2703 4450 2868 4504 dictis
2902 4449 3216 4518 hujusmodi
3253 4449 3428 4505 ambi-

177 4537 316 4601 τῶν,
352 4539 543 4609 ὅτιπερ
564 4538 791 4604 ἕκαστος
821 4541 928 4595 τῶν
957 4542 1257 4613 ἀνθρώπων
1285 4545 1313 4595 ὁ
1339 4546 1540 4616 μικρὰν
1574 4542 1761 4616 ζύμην

126 4688 141 4703 ,
178 4628 390 4699 ἀρετῆς
427 4628 785 4699 κτησάμενος,
820 4631 894 4703 μὴ
925 4632 1221 4702 πεφθακὼς
1260 4635 1317 4689 δὲ
1357 4634 1559 4705 ταύτην
1596 4637 1757 4706 ἀφο-

180 4721 414 4790 ποιῆσαι
439 4738 452 4751 ο
481 4719 616 4773 ἀλλὰ
644 4720 923 4792 βουληθεὶς
965 4724 1083 4793 μὲν,
1110 4726 1185 4797 μὴ
1211 4725 1457 4798 δυνηθεὶς
1481 4727 1538 4780 δὲ
1574 4729 1754 4792 τοῦτο,

178 4812 215 4884 ἢ
258 4813 536 4884 ῥᾳθυμίας
568 4812 600 4884 ἢ
644 4814 900 4884 ἀμελείας
931 4815 964 4885 ἢ
992 4817 1280 4889 ἀνανδρίας
1323 4820 1485 4873 ἕνεκα
1534 4822 1629 4874 καὶ
1660 4822 1761 4893 τῆς

180 4906 245 4971 ἐξ
282 4905 500 4975 ἡμέρας
525 4906 603 4968 είς
628 4907 837 4978 ἡμέραν
867 4908 1132 4980 ἀναϐολῆς
1150 4928 1163 4941 ·
1192 4910 1546 4979 ὲπιφθασθεὶς
1572 4912 1630 4965 δὲ
1665 4913 1758 4965 καὶ

176 4994 462 5066 θερισθεὶς
488 4998 614 5068 παρ’
637 4998 847 5062 ἐλπίδα,
868 4991 1020 5062 οὗτος
1039 5001 1139 5052 οὐκ
1160 5000 1319 5072 ὲπιλη
1329 5001 1586 5073 σθήσεται
1606 5001 1768 5073 παρὰ.

173 5088 283 5142 τοῦ
306 5088 518 5140 δικαίου
547 5090 732 5161 κριτοῦ
754 5107 768 5120 ο
798 5092 913 5145 ἀλλ’
951 5096 1134 5164 ἐγερεῖ
1173 5095 1319 5167 αὐτῷ
1351 5094 1489 5166 μετά
1530 5094 1762 5149 θάνατον

173 5182 315 5242 τοὺς
347 5180 602 5243 οἰκείους,
647 5183 741 5235 καὶ
780 5182 982 5237 τούτων
1023 5185 1121 5248 τὰς
1150 5185 1373 5257 γνώμας
1423 5187 1610 5253 ίθυνεί,
1665 5189 1765 5244 καὶ

174 5273 290 5335 τὰς
324 5272 554 5344 καρδίας
576 5271 819 5334 ἑλκόσει,
841 5275 935 5327 καὶ
973 5274 1068 5339 τὰς
1095 5276 1270 5346 ψυχὰς
1303 5277 1629 5349 ὲπικάμψει,
1665 5278 1769 5331 καὶ

176 5364 330 5435 πρὸς
359 5364 584 5434 ἀρωγὴν
615 5365 708 5417 καὶ
753 5363 1003 5434 βοήθειαν
1045 5367 1236 5422 τούτου
1280 5369 1572 5424 σπεύσουσι
1603 5387 1760 5440 κινη-

174 5455 395 5517 θέντες.
432 5453 593 5506 Ὂθεν
627 5456 721 5508 κα)¹
753 5456 1029 5525 ἁψαμένου
1068 5457 1160 5510 τοῦ
1190 5460 1460 5513 Δεσπότου
1485 5460 1592 5515 τῶν
1628 5478 1769 5532 καρο

257 5593 306 5625 ⁷²
344 5592 481 5646 Luc.
516 5605 638 5657 xm,
667 5590 757 5644 2|.

259 5732 377 5803 (52)
412 5727 489 5783 Ex
515 5725 702 5782 codice
742 5741 851 5797 reg.
883 5726 1039 5793 l995,
1072 5741 1167 5783 xm
1200 5726 1404 5783 saeculi.

1861 4549 1968 4616 gis,
1991 4542 2292 4614 quemlibet
2349 4542 2623 4596 hominem
2657 4540 2752 4610 qui
2788 4555 3015 4611 parvum
3045 4540 3269 4596 virtutis
3291 4540 3430 4603 ,Γετ-

1863 4646 2104 4690 mentum
2155 4630 2420 4703 possidet,
2459 4631 2665 4700 quique
2710 4629 2779 4684 ad
2830 4646 3025 4700 panem
3056 4646 3126 4686 ex
3153 4645 3219 4686 eo
3257 4630 3434 4685 conii-

1863 4730 2113 4786 ciendum
2146 4727 2386 4782 nendum
2435 4739 2569 4781 usus
2626 4736 2748 4789 est,
2801 4732 2858 4778 et
2902 4731 3083 4777 tamen
3127 4720 3180 4775 id
3212 4720 3428 4784 voluit,

1865 4821 1960 4877 scd
1985 4818 2255 4890 segnitiei,
2286 4817 2535 4880 incurias,
2568 4813 2817 4886 ignaviae,
2854 4822 2951 4869 aut
2978 4809 3433 4883 procrastinatio-

1866 4915 1950 4968 nis
1985 4927 2116 4982 ergo
2166 4925 2274 4963 non
2311 4908 2542 4978 potuit,
2586 4908 2946 4975 interceptum
3001 4918 3066 4959 ac
3116 4902 3430 4956 demessum

1863 5023 1978 5079 quo
1999 5017 2239 5075 tempore
2269 5018 2379 5057 non
2427 5000 2804 5073 exspectabat,
2852 4998 2995 5069 apud
3049 4997 3252 5065 iustum
3286 4995 3428 5063 judi-

1864 5117 1980 5156 cent
2007 5114 2115 5153 non
2148 5105 2440 5151 venturum
2467 5096 2522 5149 in
2546 5093 2877 5149 oblivionem
2904 5110 2918 5146 :
2959 5092 3052 5146 sed
3098 5087 3284 5160 (Deus)
3313 5094 3429 5155 post

1866 5194 1986 5259 ejus
2036 5189 2314 5244 interitum
2346 5186 2647 5241 familiares
2679 5192 2735 5238 et
2767 5192 3032 5253 cognatos
3069 5182 3193 5249 ejus
3226 5179 3431 5233 excita-

1869 5283 1966 5349 bit,
2014 5296 2204 5337 eorum
2236 5288 2470 5333 mentem
2517 5276 2746 5347 diriget,
2787 5275 2951 5330 corda
2990 5271 3286 5343 pertrahet,
3314 5269 3431 5322 ani-

1871 5388 1994 5428 mas
2021 5372 2238 5428 llectet:
2272 5380 2436 5439 atque
2469 5368 2506 5423 ii
2552 5367 2620 5422 ad
2651 5382 2809 5436 opem
2836 5376 2891 5421 et
2917 5364 3181 5421 auxilium
3214 5362 3316 5432 ipsi
3355 5359 3434 5414 le-

1869 5463 2097 5520 rendum
2130 5460 2409 5517 accedent.
2468 5457 2650 5526 Quare
2701 5456 2887 5522 iidem,
2924 5464 3174 5512 movente
3207 5451 3441 5508 Domino
