3702 6384
247 337 387 396 1405

1125 326 1544 399 ιτιιΑοιιΕΝτΑ
1582 343 1832 400 SPURIA
1861 345 1925 398 IN
1951 344 2166 401 EPIST.
2204 346 2242 399 ιι
2274 346 2364 399 ιιι)
2396 343 2552 400 con.

3346 345 3484 401 “05

244 470 341 524 νης
363 456 458 506 καὶ
486 469 597 506 των
619 455 788 509 ἐθνῶν
829 459 921 508 καὶ
952 465 1128 526 νησων
1180 454 1589 526 πεφωτισμέναι
1620 455 1811 525 ψυχαὶ,
1843 464 1888 518 Α
1919 457 1932 509 i

1986 458 2123 513 sulis
2172 457 2501 512 illuminatte
2552 472 2782 521 animae,
2839 466 3000 525 atque
3048 456 3151 512 ilde
3200 465 3255 511 et
3308 472 3403 527 spe
3426 459 3481 514 in

243 550 335 605 καὶ
364 551 432 620 τῇ
460 547 599 620 πρὸς
636 548 769 603 Θεὸν
804 550 985 603 πίστει
1008 550 1103 605 καὶ
1130 550 1303 604 ἑλπίδι
1324 550 1718 620 ὲκλᾶμπουσαι,
1754 550 1812 601 ὲν

240 641 309 709 τῇ
339 636 495 710 χώρᾳ
521 638 630 693 τῶν
658 637 873 704 ζώντων
898 642 992 694 καὶ
1020 641 1077 694 ὲν
1100 644 1220 706 ταῖς
1254 641 1363 695 τῶν
1394 641 1564 710 ἁγίων
1589 642 1813 710 σκηναῖς

245 730 675 802 συνηθροίζοντο.
693 725 792 786 Ὧν
818 733 1033 788 πάντων
1055 733 1476 805 ὁμολογούντων,
1496 735 1578 788 ὅτι
1599 732 1690 787 διὰ
1714 733 1814 804 τῆς

240 822 589 887 διδασκαλίας
626 824 839 879 Παύλου
887 827 986 897 τῆς
1024 826 1347 897 θεογνωσίας
1380 828 1440 880 τὸ
1467 826 1667 895 φέγγος
1700 825 1814 878 ἐδέ-

242 914 435 979 ξαντο·
470 915 560 969 διὰ
580 917 737 970 τοῦτο
769 916 867 988 τὴν
885 917 1067 989 δέησιν
1088 919 1181 973 καὶ
1218 918 1426 972 ἱκεσίαν
1459 917 1536 988 τῷ
1568 917 1814 989 Δεσπότῃ

242 1008 610 1077 προσήγαγον.
655 1011 713 1063 '0
738 1010 815 1076 δὲ,
842 1012 948 1083 πλη
959 1012 1067 1083 ρῶν
1089 1011 1388 1083 τὸ,αίιιημα
1417 1010 1535 1065 τῶν.
1553 1009 1817 1082 Θεραπόν-

239 1114 348 1150 των
377 1099 563 1162 αὐτοῦ,
587 1101 679 1155 καὶ
705 1102 811 1174 πρὸ
837 1103 936 1174 τῆς
976 1102 1227 1157 ἐντεῦθεν
1245 1101 1565 1173 ἀπαλλαγῆς
1602 1102 1815 1172 ἀνήγα-

242 1207 337 1257 γεν
363 1190 525 1246 αὐτὸν
565 1194 699 1267 πρὸς
739 1197 1030 1269 ἀσπασμὸν
1071 1198 1167 1252 καὶ
1211 1196 1555 1268 εὐφροσύνην
1581 1195 1701 1249 τῶνα
1717 1196 1827 1249 ἀπ*

241 1281 436 1347 αἰῶνος
463 1284 633 1353 ἁγίων
678 1287 1031 1361 πατριαρχῶν
1059 1330 1076 1351 ,
1110 1287 1405 1359 προφητῶν
1448 1287 1543 1341 καὶ
1589 1286 1814 1340 δικαίων

243 1373 519 1440 ἁπάντων,
545 1375 655 1430 εἴτε
687 1378 744 1431 ὲν
776 1378 1008 1450 σώματι,
1041 1378 1117 1443 ὡς
1140 1381 1302 1444 αὐτὸς
1334 1378 1459 1451 ἔφη,
1494 1380 1603 1433 εῐτε
1657 1378 1815 1442 ἐκτὸς

241 1463 336 1519 τοῦ
376 1464 648 1536 σώματος,
683 1469 830 1539 μόνῳ
857 1469 1096 1538 γνωστὸν
1118 1469 1197 1540 τῷ
1222 1469 1362 1541 Θεῷ,
1397 1468 1475 1540 τῷ
1502 1468 1817 1542 παραδόξως

189 1553 200 1565 ’
245 1553 487 1610 ποιοῦντι
516 1556 767 1629 θαύματα
791 1560 885 1614 καὶ
914 1561 1144 1626 ἐξαίσια,
1167 1554 1241 1616 ὧν
1269 1562 1368 1616 οὐκ
1390 1560 1535 1615 ἔστιν
1563 1560 1816 1632 ἀριθμός.

256 1646 495 1699 Ἐκεῖθεν
527 1647 634 1720 γὰρ
661 1645 766 1703 εἶδε
791 1650 889 1723 τὴν
909 1652 1019 1705 τῶν
1039 1652 1149 1705 ἅνω
1174 1651 1493 1723 στρατηγῶν
1519 1651 1816 1723 διακόσμη-

245 1753 350 1799 σιν,
381 1738 625 1807 ἀγγέλων
653 1741 745 1795 καὶ
777 1742 1047 1814 οὐρανίων
1063 1743 1365 1814 δυνάμεων,
1390 1742 1573 1797 καὶτὰ
1599 1742 1814 1814 ἄρρητα

243 1826 521 1900 θαύματα,
552 1830 586 1885 ἃ
613 1833 709 1887 οὐκ
741 1833 859 1899 ἐξὸν
893 1833 1162 1907 ἀνθρώπῳ
1182 1834 1382 1903 λαλεῖν,
1412 1834 1446 1906 ἢ
1479 1832 1734 1889 ἀκοῦσαι.

859 2089 1177 2153 ΣΧΟΛΙΟΝ.
1208 2136 1218 2147 .

315 2183 374 2237 Ei
400 2186 528 2257 περὶ
550 2179 640 2238 τὸν
665 2186 890 2259 οὐρανὸν
923 2190 1199 2262 ὐπάρχουν
1246 2191 1366 2262 (sic)
1395 2190 1489 2245 καὶ
1519 2190 1824 2263 παράκεινα
1866 2194 1873 2201 ’

241 2290 330 2326 ται
352 2277 407 2327 αἱ
432 2275 539 2328 τῶν
571 2272 741 2345 ἁγίων
758 2278 945 2350 ψυχαὶ,
981 2281 1055 2345 ὼς
1085 2280 1336 2352 λέγεται·
1365 2282 1589 2355 καὶγὰρ
1615 2285 1670 2338 αἱ
1703 2283 1810 2337 τῶν

237 2363 462 2418 δικαίων
504 2366 672 2438 ψυχαὶ
707 2370 763 2422 ὲν
793 2371 1039 2442 οὐρανοῖς
1064 2372 1391 2439 αὐλίζονται,
1433 2374 1529 2429 καὶ
1552 2374 1707 2430 ἄλλαι
1734 2375 1811 2428 δι-

242 2456 412 2508 καίων
443 2456 612 2528 ψυχαὶ
640 2461 698 2513 ὲν
726 2463 1053 2537 παραδείσῳ,
1085 2467 1180 2520 καὶ
1205 2466 1357 2521 ἄλλαι
1385 2468 1443 2520 ὲν
1473 2470 1542 2539 γῇ
1566 2467 1806 2539 πραέων·

247 2541 354 2602 ἰδοὺ
388 2551 521 2619 γοῦν
549 2553 714 2607 οίκίαι
735 2554 985 2610 δικαίων·
1011 2560 1091 2622 είς
1121 2558 1291 2623 αὐτὰς
1324 2560 1591 2632 ἁρπαγεὶς
1613 2561 1642 2613 ὁ
1668 2558 1812 2614 Παῦ-

238 2639 327 2704 λος
352 2641 631 2714 ὑπάρχων,
669 2646 937 2718 ἀρπαγεὶς
962 2648 1020 2702 δὲ
1060 2651 1199 2721 μετὰ
1235 2652 1296 2706 τὸ
1337 2651 1594 2721 βαπτίσαι
1647 2652 1817 2707 αὐτὸν

237 2732 267 2782 ὁ
295 2732 451 2800 ἆγιος
483 2735 756 2801 Ἀνανίας,
798 2739 925 2794 ὅταν
946 2740 1141 2796 ἔπεσον
1170 2744 1279 2797 ἀπὸ
1317 2744 1409 2797 τοῦ
1441 2745 1650 2799 Παύλου
1678 2746 1824 2800 ὡσεὶ

238 2821 470 2888 λεπίδες,
511 2825 617 2880 ἀπὸ
650 2828 856 2883 ἐκείνου
882 2831 974 2884 τοῦ
1008 2833 1198 2905 καιροῦ
1242 2835 1346 2900 ἕως
1389 2830 1450 2892 οῦ
1495 2836 1821 2911 ὡμολόγησε

238 2912 331 2965 καὶ
358 2911 499 2981 εἶπε,
523 2918 615 2971 καὶ
634 2918 728 2990 τὴν
764 2922 1078 2995 Ἐπιστολὴν
1120 2927 1181 2996 ἢν
1222 2925 1387 2995 λέγει,
1406 2929 1458 2981 '0
1473 2927 1812 3000 ὢνεὺλοτηο

239 3005 442 3073 μένος,
478 3011 571 3063 καὶ
597 3011 663 3064 τὰ
693 3012 838 3085 ἑξῆς,
871 3015 975 3078 ἕως
1014 3017 1131 3070 ἐκεῖ
1154 3017 1400 3090 ὑπῆρχον
1443 3021 1626 3091 χρόνοι
1651 3022 1817 3077 δεκαα

238 3100 521 3175 τέσσαρες.

307 3194 406 3248 Διὰ
420 3195 473 3248 τί
487 3197 586 3251 οὐκ
601 3193 720 3252 εἷπε
738 3199 949 3266 Παῦλος
965 3220 979 3232 ·
1016 3201 1158 3273 Ἐγὼ
1172 3205 1446 3278 ἡρπάγην,
1470 3205 1606 3261 ἀλλὰ
1628 3202 1807 3261 εἶπεν

245 3281 387 3339 Οἶδα
429 3286 773 3356 ἇνθρωπον;
804 3293 874 3346 Ἦ
921 3292 1008 3348 διὰ
1062 3296 1123 3350 τὸ
1157 3296 1231 3368 μὴ
1259 3297 1462 3366 γνῶσαι
1498 3297 1808 3373 εγνωρίσαι]

242 3377 434 3432 ἑαυτὸν
457 3381 537 3443 είς
566 3382 959 3456 ὑπερηφανίαν,
1010 3387 1361 3460 καυχώμενον
1404 3392 1484 3455 εἰς
1525 3390 1681 3458 δόξαν
1713 3392 1809 3447 τοῦ

242 3472 374 3527 Θεοῦ
398 3490 414 3540 ;

247 3583 356 3663 Τοῦ
384 3584 929 3663 ἁγφυβᾼθαναονίου
947 3594 1036 3660 είς
1075 3594 1143 3647 τὸ
1172 3595 1364 3663 ῥητὸν
1392 3597 1498 3651 τσῦ
1549 3598 1813 3652 ἀποστῶ

308 3658 425 3737 ,ζου
449 3658 770 3737 Quibit)th
806 3658 1019 3737 Ἐδόθη
1051 3682 1153 3733 μοι
1172 3658 1439 3737 ’σκόλοψ
1481 3666 1555 3735 τῇ
1594 3668 1815 3737 σαρκί,

312 3723 567 3793 ἄγγελος
591 3726 805 3794 Σατᾶν,
827 3728 927 3784 ἵνα
1041 3723 1350 3805 ἱιολαφίζῃ.
1388 3723 1407 3786 ἱ

313 3836 378 3889 Οί
406 3836 504 3908 τὴν
525 3839 802 3896 εὐσέϐειαν
826 3842 1122 3916 σύντροφον
1147 3845 1382 3917 ἔχοντες,
1415 3850 1509 3903 καὶ
1531 3853 1587 3904 ἐν
1614 3855 1680 3923 τῇ
1702 3851 1821 3906 τῶν

243 3927 400 3982 θείων
449 3930 681 4003 Γραφῶν
732 3935 930 4011 μελέτῃ
964 3939 1337 4010 σχολάζοντες,
1379 3941 1439 4007 ἐξ
1491 3943 1669 3997 αὐτῶν
1701 3944 1810 3997 τῶν

242 4015 477 4091 Γραφῶν
500 4021 680 4094 ἔχουσι
704 4021 895 4096 ὁδηγὸν
921 4030 1019 4099 τὴν
1045 4030 1320 4102 ἀλήθειαν.
1342 4034 1452 4087 Καὶ
1471 4034 1684 4106 πρῶτον
1711 4036 1811 4106 μὶν

244 4113 439 4166 εἰδέναι
463 4117 730 4186 προσήκει
782 4119 880 4191 τὴν
906 4121 1007 4192 τῆς
1049 4122 1369 4196 Ἐπιστολῆς
1401 4126 1680 4195 ὑπόθεσιν,
1714 4131 1810 4183 καὶ

242 4203 390 4267 ὃπως
415 4204 744 4274 γέγραπται.
786 4210 1001 4284 Ἐπειδὴ
1025 4214 1052 4265 ὀ
1097 4213 1370 4280 θειότατος
1414 4216 1626 4279 Παῦλος
1659 4217 1811 4284 ἐξαι-

245 4297 419 4367 ρέτως
444 4300 501 4351 ὲν
528 4299 698 4373 ταύτῃ
730 4305 795 4373 τῇ
839 4299 1147 4376 Ἐπιστολῇ,
1175 4306 1250 4369 ώς
1282 4307 1450 4360 πολλὰ
1489 4308 1675 4363 παθὼν
1715 4312 1813 4363 καὶ

243 4385 557 4458 πειρασθείς
607 4388 755 4460 παρὰ
806 4390 921 4445 τῶν
946 4392 1221 4462 συγγενῶν
1252 4396 1345 4447 καὶ
1395 4395 1679 4466 ὁμοφύλων
1713 4400 1815 4451 κα)⁸

1837 3146 1889 3209 (ι

1920 548 2091 604 Deum
2120 549 2492 619 splendentes,
2517 549 2575 603 in
2607 551 2827 620 regione
2857 550 3174 614 Viventium,
3198 559 3251 604 et
3279 550 3332 606 in
3357 566 3485 606 san-

1914 652 2134 697 ctorum
2167 643 2536 699 tabernaculis
2578 642 3064 714 congregabantur.
3110 642 3320 709 Quibus
3365 659 3484 698 om-

1916 737 2078 792 nibus
2104 736 2503 792 conlitentibus
2538 750 2597 791 se
2643 750 2739 805 per
2781 735 2933 789 Pauli
2973 734 3275 789 doctrinam
3306 736 3481 790 lucem

1916 827 2114 881 divinae
2156 824 2485 895 cognitionis
2524 834 2835 892 mutuatos;
2872 825 2955 879 bis
2986 825 3212 894 permoti
3240 822 3483 890 iiii,‘DO-

1915 918 2065 972 mino
2101 916 2510 985 suppliearunt:
2541 916 2632 986 qui
2659 926 2717 970 ut
2740 932 3017 971 servorum
3045 931 3267 971 suorum
3290 914 3484 970 volun-

1913 1007 2530 1077 tatemimpleret,illum
2550 1013 2839 1077 antequam
2859 1022 2924 1061 ex
2943 1007 3045 1060 bac
3057 1006 3167 1060 vita
3183 1005 3484 1060 discederet

1916 1100 2219 1169 assumpsit
2244 1106 2297 1153 et
2319 1098 2501 1169 rapuit
2515 1099 2581 1154 ad
2598 1098 2902 1168 amplexum
2920 1107 2974 1153 et
2992 1098 3231 1161 laetitiam
3265 1105 3483 1152 sancto—

1915 1208 2037 1247 rum
2076 1191 2546 1261 patriarcharum,
2568 1191 2954 1262 prophetarum
2977 1200 3029 1245 et
3052 1190 3323 1260 justorum
3357 1203 3482 1242 om-

1916 1284 2065 1339 nium
2089 1282 2183 1353 qui
2221 1298 2251 1337 a
2280 1282 2487 1337 saeculo
2519 1282 2849 1349 ﬂoruerant;
2892 1282 3005 1338 sive
3050 1283 3105 1337 in
3149 1297 3394 1352 corpore,
3424 1289 3484 1335 ut

1915 1379 2032 1448 ipse
2058 1377 2226 1444 dixit;
2283 1377 2398 1432 sive
2448 1386 2600 1432 extra
2633 1393 2864 1447 corpus;
2917 1392 3039 1447 quae
3092 1391 3181 1431 res
3225 1375 3326 1430 soli
3372 1374 3483 1429 Deo

1915 1480 2066 1536 ricta,
2097 1469 2193 1540 qui
2225 1462 2423 1539 praeter
2444 1469 2907 1540 exspectationem
2939 1468 3357 1538 opinionemque
3383 1466 3484 1520 bo-

1915 1560 2126 1615 minum
2152 1558 2420 1614 miracula
2445 1568 2501 1613 et
2531 1566 2804 1627 portenta,
2848 1571 3081 1627 quorum
3131 1571 3238 1611 non
3267 1562 3349 1610 est
3382 1570 3485 1609 nn-

1913 1665 2120 1717 merus,
2139 1650 2274 1705 edit.
2304 1648 2382 1704 lbi
2409 1649 2559 1705 enim
2590 1649 2727 1703 vidit
2755 1648 3083 1704 concinnum
3118 1647 3359 1702 ordinem
3384 1661 3485 1701 su-

1914 1755 2208 1811 pernorum
2235 1740 2469 1806 ducum,
2500 1739 2820 1810 angelorum
2849 1739 3054 1795 scilicet
3086 1748 3141 1794 et
3178 1737 3480 1794 cmlestium

1914 1835 2200 1900 virtutum,
2225 1844 2280 1888 et
2315 1848 2513 1887 arcana
2535 1832 2741 1887 audivit
2768 1832 3050 1900 miracula,
3072 1847 3193 1903 quae
3218 1846 3328 1888 non
3353 1830 3482 1885 licet

1912 1926 2124 1982 homini
2146 1925 2421 1995 loqui,vel
2452 1926 2657 1982 audire.

2524 2106 2885 2165 SCHOLION.

1983 2204 2038 2262 Si
2072 2208 2128 2262 in
2162 2205 2311 2261 coelo
2344 2204 2545 2274 degunt
2588 2213 2641 2258 et
2683 2208 2973 2257 versantur
3015 2205 3328 2254 sanctorum
3361 2194 3483 2249 ani-

1909 2313 2031 2362 mae,
2071 2306 2131 2351 ut
2162 2295 2366 2350 dicitur
2392 2311 2407 2360 ;
2436 2291 2639 2348 etenim
2669 2290 2944 2361 iustorum
2987 2287 3185 2343 anima:
3236 2286 3289 2339 in
3327 2283 3480 2340 etnlis

1910 2388 2179 2454 habitant,
2197 2395 2252 2442 et
2273 2385 2396 2441 aliae
2425 2383 2674 2454 quaedam
2699 2382 2978 2452 iustorum
3013 2377 3211 2433 animae
3232 2378 3286 2430 in
3316 2389 3479 2445 para-

1909 2480 2051 2547 diso,
2083 2478 2203 2533 alia:
2235 2492 2364 2533 vero
2393 2476 2447 2530 in
2480 2483 2635 2528 terra
2685 2481 3095 2527 mansuetornm
3131 2486 3145 2523 :
3192 2482 3259 2521 en
3316 2466 3480 2535 igitur

1909 2571 2106 2625 domos
2132 2569 2430 2639 iustorum,
2468 2565 2522 2618 in
2555 2563 2756 2633 quibus
2786 2571 2982 2630 raptus
3004 2557 3212 2613 Paulus
3243 2555 3479 2611 colloca-

1910 2671 2000 2716 tus
2045 2668 2150 2715 est.
2200 2658 2407 2726 Raptus
2452 2663 2634 2709 autem
2681 2652 2787 2706 luit
2831 2661 3116 2721 postquam
3175 2648 3478 2718 baptizatus

1910 2752 2086 2807 fuerat
2111 2767 2142 2805 a
2176 2749 2232 2804 S.
2258 2749 2489 2812 Anania,
2531 2762 2656 2802 cum
2690 2745 2760 2800 ab
2780 2758 2847 2799 eo
2868 2758 2973 2799 ceu
2992 2755 3235 2812 squama:
3273 2738 3481 2794 cecide-

1910 2854 2038 2900 runt
2068 2844 2136 2896 ".
2169 2842 2252 2897 Ab
2290 2857 2356 2896 eo
2390 2849 2571 2894 autem
2618 2848 2859 2907 tempore
2882 2849 3055 2905 usque
3080 2833 3147 2887 ad
3190 2830 3342 2895 illud,
3368 2843 3480 2899 quo

1912 2937 2027 2991 haec
2048 2933 2337 2989 confessus
2355 2940 2439 2987 est
2455 2940 2509 2986 et
2540 2930 2785 3000 protulit,
2810 2925 3217 2998 Epistolamque
3238 2919 3477 2992 scripsit,

1912 3043 1976 3083 ac
2008 3027 2170 3094 dixit,
2202 3025 2307 3090 Qui
2335 3034 2414 3079 est
2441 3022 2740 3078 benedictus
2766 3021 2833 3088 ⁷⁸,
2853 3028 2909 3075 et
2952 3027 3168 3084 extera,
3209 3016 3478 3070 intercur—

1913 3110 2043 3175 runt
2074 3118 2205 3173 anni
2235 3114 2674 3188 quatuordecim.

1982 3211 2164 3278 Quare
2193 3227 2301 3265 non
2329 3209 2468 3265 dixit
2515 3206 2759 3263 Paulus:
2801 3204 2913 3275 Ego
2953 3211 3144 3274 raptus
3173 3215 3316 3263 sum,
3352 3189 3479 3263 sed,

1914 3300 2055 3354 Novi
2075 3300 2362 3354 hominem.
2403 3299 2487 3353 An
2522 3298 2650 3368 quia
2678 3314 2785 3352 non
2817 3304 3061 3359 noverat,
3093 3300 3189 3346 aut
3220 3305 3288 3344 ne
3317 3288 3372 3342 in
3394 3303 3482 3343 su-

1911 3389 2160 3460 perbiam
2192 3390 2447 3454 caderet,
2492 3387 2589 3443 sed
2634 3394 2692 3440 ut
2732 3385 2894 3439 unius
2940 3381 3035 3435 Dei
3086 3378 3313 3451 gloriam
3341 3373 3481 3430 cele-

1909 3483 2093 3540 braret
2106 3483 2134 3537 Ζ

1915 3596 2107 3653 Sancti
2152 3595 2440 3650 Athanasii
2491 3594 2545 3647 in
2594 3592 2793 3644 dictum
2840 3586 2977 3641 illud
3015 3575 3431 3653 apostoli‘Pauli
3457 3591 3478 3629 :

1989 3649 2205 3720 illatus
2238 3676 2316 3719 est
2345 3664 2473 3717 mihi
2503 3662 2750 3714 stimulus
2780 3658 2977 3720 carnis,
3001 3649 3214 3723 angelus
3241 3649 3479 3709 Satanw,

1983 3739 2077 3809 qui
2097 3753 2177 3791 me
2199 3735 2491 3805 colapltizet
2517 3734 2583 3786 '".
2609 3750 2630 3783 ι

1990 3843 2241 3911 Quicum
2276 3842 2475 3913 pietate
2517 3839 2729 3897 educati
2759 3846 2905 3901 sunt,
2927 3843 2982 3889 et
3029 3833 3084 3887 in
3132 3829 3481 3886 meditatione

1911 3937 2233 3991 divinarum
2269 3933 2674 4002 Scripturarum
2721 3938 3026 3992 versantur,
3061 3941 3127 3979 ex
3158 3923 3290 3993 ipsis
3332 3921 3479 3974 Scri—

1911 4028 2085 4098 pturis
2107 4027 2399 4083 veritatem
2446 4025 2639 4079 ducem
2670 4031 3011 4076 mutuantur.
3056 4018 3133 4072 Ac
3163 4016 3337 4086 primo
3362 4011 3482 4082 qui-

1911 4122 2033 4176 dem
2063 4118 2352 4175 sciendum
2392 4116 2648 4186 Epistola:
2674 4115 2848 4185 ipsius
2873 4118 3272 4182 argumentum,
3293 4114 3348 4160 et
3371 4118 3481 4174 quo

1912 4222 2071 4283 pacto
2101 4212 2311 4282 scripta
2330 4210 2524 4265 fuerit.
2550 4207 2845 4277 Postquam
2879 4203 3249 4259 divinissimns
3279 4198 3481 4251 Paulus

1911 4306 1968 4360 iu
2003 4306 2104 4359 hac
2131 4303 2373 4373 Epistola
2402 4301 2695 4372 prmeipue,
2724 4314 2846 4354 cum
2869 4296 3036 4350 multa
3069 4308 3281 4362 passus,
3312 4290 3479 4344 multa

1910 4406 2166 4466 expertus
2195 4396 2337 4449 mala
2369 4405 2516 4449 esset
2549 4408 2579 4446 a
2613 4392 2856 4462 cognatis
2903 4396 2957 4442 et
3006 4401 3036 4439 a
3082 4382 3482 4439 contribulibus

242 4478 572 4548 ἀγνωμόνων
614 4480 900 4548 Ἰουδαίων,
926 4478 1003 4552 (mg
1025 4484 1181 4538 καλεί
1199 4484 1617 4557 ψευδαδέλφους,
1646 4490 1814 4543 ἂπαν-
1842 4481 1886 4537 Ῑ)
1915 4485 1945 4537 il

1986 4483 2250 4552 gratisque
2278 4480 2503 4544 ludatis,
2537 4495 2677 4550 quos
2730 4478 2899 4533 falsos
2931 4479 3125 4532 fratres
3163 4482 3478 4542 nuncupat;

240 4586 309 4622 τα
339 4572 408 4624 τὰ
436 4571 718 4642 συμϐάντα
741 4574 888 4645 αὐτῷ
914 4577 1343 4648 ἐμνημόνευσεν,
1370 4580 1462 4633 καὶ
1485 4582 1565 4645 είς
1591 4579 1685 4644 οὓς
1711 4582 1811 4653 τὴν

240 4658 408 4733 αὐτὴν
423 4662 737 4734 Ἐπιστολὴν
754 4665 1076 4729 ἐπιστέλλει,
1110 4669 1577 4738 παραινείλέγων·
1604 4669 1810 4736 Ἡδέως

241 4749 535 4821 ἀνέχεσθε
566 4752 685 4806 τῶν
715 4755 992 4823 ἀφρόνων
1033 4759 1303 4827 φρόνιμοι
1339 4758 1537 4825 ὄντες*
1580 4759 1675 4813 καὶ
1716 4760 1813 4812 ἐπ-

241 4844 400 4913 άγει⁴
455 4845 761 4915 Ἇνέχεσθε
798 4846 965 4913 ὅστις
994 4847 1148 4917 ὑμᾶς
1197 4848 1596 4915 καταδουλοῖ,
1642 4850 1811 4917 ὅστις

240 4932 558 4997 κατεσθίει,
598 4934 765 5004 ὅστις
794 4935 1225 5007 κατεπαίρεται,
1283 4940 1476 4995 καὶτὰ
1524 4942 1654 5012 ἑξῆς
1712 4942 1809 5013 τῆς

254 5024 575 5099 Ἐπιστολῆς
612 5030 916 5095 ἀκολούθως
969 5026 1341 5103 μνημονεύει,
1387 5033 1481 5086 καὶ
1528 5034 1606 5087 τὰ,
1645 5032 1809 5086 αὐτοῦ

238 5120 446 5191 ἄπειρα
487 5120 631 5193 πάθη
662 5122 842 5186 αὐτοῖς
882 5123 1169 5196 διαγράφει
1209 5123 1414 5192 λέγων·
1479 5124 1576 5177 Ἑν
1602 5124 1812 5190 κόποις

239 5211 700 5281 περισσοτέρως,
740 5215 811 5268 ἐν
836 5215 1093 5282 πληγαῖς
1129 5216 1627 5284 ὑπερϐαλλόντως
1652 5231 1664 5247 ο
1719 5215 1814 5267 καὶ

240 5302 395 5369 αὖθις
432 5305 690 5377 προσάγει
712 5308 837 5370 τοὺς
857 5310 1215 5379 πειρασμοὺς,
1238 5309 1363 5371 τοὺς
1389 5308 1684 5379 λιθασμοὺς
1717 5307 1814 5362 καὶ

242 5395 594 5466 ραδδισμούς,
632 5397 699 5451 τὰ
718 5398 970 5467 ναυάγια,
1001 5400 1126 5462 τούς
1148 5398 1442 5464 κινδύνους,
1466 5401 1593 5464 τοὺς
1615 5400 1815 5464 κόπους

240 5488 334 5540 καὶ
358 5485 612 5558 μόχθους,
647 5484 739 5540 καὶ
772 5484 962 5559 λιμοὺς
1006 5491 1099 5543 καὶ
1122 5489 1291 5558 δίψεις
1314 5506 1328 5519 ·
1366 5492 1458 5543 καὶ
1490 5491 1704 5546 ἅπαντα
1741 5491 1818 5555 ὼς

239 5580 489 5646 γενναῖος
517 5578 754 5651 ἀθλητὴς
799 5580 1171 5652 ἐμνημόνευσε
1213 5582 1321 5634 τῶν
1359 5582 1522 5636 ἰδίων.
1556 5583 1665 5636 Καὶ
1714 5582 1814 5635 οὐκ

1915 4576 2027 4629 base
2054 4575 2236 4629 omnia
2266 4588 2388 4644 quae
2436 4573 2541 4626 sibi
2575 4572 2905 4633 acciderant,
2955 4571 3041 4624 hic
3085 4580 3481 4623 commemora-

1912 4667 2022 4720 vit:
2054 4667 2303 4720 hortatur
2334 4680 2429 4719 eos
2454 4665 2651 4734 quibus
2681 4664 2794 4717 haec
2823 4662 3050 4731 epistola
3093 4659 3362 4729 dirigitur,
3393 4657 3481 4711 his

1911 4756 2094 4811 verbis
2118 4775 2139 4810 ι
2166 4754 2421 4808 Libenter
2450 4753 2687 4822 rit/fertis
2713 4753 3038 4821 insipientes,
3075 4767 3195 4804 cum
3232 4748 3351 4803 sitis
3379 4748 3479 4818 ipsi

1912 4849 2213 4917 sapientes;
2241 4856 2411 4916 atque
2434 4846 2663 4914 adjicit:
2697 4844 3006 4907 Sustinetis,
3054 4844 3101 4897 si
3150 4842 3265 4912 quis
3296 4856 3383 4893 vos
3428 4841 3483 4893 in

1914 4942 2214 4995 servitutem
2242 4939 2458 5009 redigit,
2505 4939 2553 4991 si
2610 4939 2726 5008 quis
2755 4938 2988 5000 devorat,
3022 4938 3069 4990 si
3104 4936 3220 5005 quis
3268 4933 3483 4987 extolli-

1916 5043 2004 5086 tur
2039 5032 2106 5099 ⁷⁸,
2139 5042 2193 5087 et
2218 5040 2413 5086 caetera
2462 5031 2517 5084 in
2569 5030 2806 5100 Epistola
2844 5045 2942 5083 sua
2973 5035 3370 5096 consequenter
3399 5042 3485 5080 re-

1914 5132 2119 5189 censet,
2155 5132 2320 5192 atque
2342 5121 2588 5176 inﬁnitas
2614 5138 2743 5177 suas
2789 5136 3063 5175 aerumnas
3084 5117 3342 5174 describit
3386 5116 3484 5171 hoc

1917 5224 2117 5284 pacto:
2152 5212 2219 5267 In
2251 5212 2523 5266 laboribus
2561 5212 2828 5281 plurimis,
2859 5212 2911 5263 in
2956 5210 3126 5280 plagis
3174 5223 3337 5276 supra
3375 5223 3487 5259 mu-

1916 5306 2045 5359 dum
2077 5305 2159 5371 7’;
2192 5319 2498 5373 rursusque
2532 5302 2743 5371 profert
2780 5303 3133 5367 lentationcs,
3168 5298 3405 5368 lapidum
3434 5308 3485 5352 et

1912 5398 2190 5467 virgarum
2249 5394 2537 5464 supplicia,
2573 5393 2877 5463 naufragia,
2926 5392 3197 5462 pericula,
3246 5391 3480 5451 labores,

1913 5504 2208 5551 aerumnas,
2243 5487 2463 5553 famem,
2483 5489 2652 5551 sitim,
2684 5496 2846 5556 atque
2880 5497 3252 5556 utgenerosus
3281 5481 3482 5535 athleta

1927 5584 1994 5639 de
2016 5582 2270 5637 omnibus
2317 5596 2437 5652 quae
2472 5582 2574 5636 sibi
2610 5582 2925 5636 acciderunt
2967 5580 3288 5634 mentionem
3331 5573 3484 5629 facit.

311 5764 358 5796 "
395 5762 516 5818 Act.
556 5778 632 5829 lii,
667 5761 750 5817 18.
828 5765 872 5795 ⁷⁸
909 5762 1066 5820 Rom.
1125 5780 1160 5829 r,
1198 5765 1287 5820 25.
1367 5767 1410 5798 ’θ’
1440 5765 1481 5820 11
1529 5765 1659 5823 Cor.
1695 5782 1789 5837 xu,
1818 5767 1872 5822 7.

1986 5770 1994 5799 '
2028 5767 2072 5823 11
2102 5767 2224 5823 Cor.
2265 5782 2337 5830 xu,
2370 5765 2455 5832 i9,
2487 5764 2578 5822 20.
2654 5766 2697 5800 τ’
2729 5764 2857 5820 ibid.
2890 5762 2979 5818 25.
