3702 6360
210 328 230 382 1
246 326 344 382 60']

1126 324 1185 379 S.
1221 325 1590 384 ATHANASII
1625 325 1776 384 ‘OPP.
1829 326 2007 384 PARS
2047 327 2124 385 lli.
2170 360 2226 374 —
2275 327 2682 387 EXEGETICA.

3324 326 3448 384 “08

219 443 328 500 Nec
360 444 428 500 iis
454 443 557 500 sibi
594 443 830 515 propriis
867 453 1193 510 contentus,
1236 446 1401 502 etiam
1431 461 1497 503 ea
1532 462 1656 517 qua:

1986 446 2133 518 ιέσθη
2162 448 2255 501 ἐπὶ
2276 450 2387 511 τοῖς
2402 446 2590 513 αὑτοῦ,
2613 445 2748 501 ἀλλὰ
2768 445 2864 500 καὶ
2882 444 2990 498 τῶν
3012 444 3288 514 παρεκτὸς
3305 446 3448 516 ἐμνη-

210 538 483 591 trinsecus
513 536 847 592 advenerunt
890 547 1143 594 enarrat.
1207 538 1532 603 Quotidiano
1576 538 1779 594 sollici-

207 627 338 682 tudo
381 629 614 683 omnium
668 626 1032 684 Ecclesiarum
1056 629 1124 683 '°.
1183 631 1339 687 Unde
1381 648 1659 703 nunquam
1720 633 1776 687 in

212 720 546 776 conscientia
572 735 670 775 sua
718 720 844 791 quis
886 721 1306 789 inﬁrmabatur,
1356 725 1489 795 quin
1534 726 1649 795 ipse
1692 726 1779 780 in-

214 813 563 878 ﬁrmaretur,
622 828 731 869 non
778 814 999 884 quidem
1049 829 1326 885 corpore,
1402 816 1496 872 sed
1557 817 1776 888 spiritu.

209 907 343 961 Cum
399 915 579 960 autem
625 921 904 963 aerumnas
956 907 1012 962 in
1084 908 1313 979 gloriam
1381 910 1487 965 sibi
1544 920 1780 967 verteret

208 995 400 1051 beatus
435 996 525 1050 ille
561 996 664 1060 vir,
718 997 927 1053 aiebat:
986 996 1223 1053 Gloriari
1268 1008 1405 1055 certe
1459 1015 1564 1054 non
1615 1017 1779 1071 opor-

218 1098 337 1155 tet,
385 1089 478 1144 sed
529 1087 594 1143 de
655 1090 1062 1160 inﬁrmitatibus
1152 1092 1281 1147 meis
1346 1092 1621 1163 gloriabor
1686 1093 1776 1159 ⁸³,

214 1180 266 1235 id
300 1189 387 1236 est.
412 1180 481 1237 de
523 1179 692 1236 variis
755 1181 1177 1239 tribulationum
1215 1198 1464 1238 mearum
1506 1184 1781 1255 passioni-

212 1272 337 1328 bus.
370 1271 735 1339 Quamobrem
765 1273 900 1330 alibi
928 1291 1150 1346 quoque
1180 1284 1241 1331 ut
1277 1277 1521 1348 optimus
1551 1278 1774 1342 athleta,

212 1366 306 1433 qui
355 1365 716 1422 immortalem
762 1366 863 1423 Dei
922 1368 1148 1439 gloriam
1199 1385 1314 1439 prae
1350 1370 1525 1426 oculis
1574 1370 1775 1425 mentis

215 1458 442 1513 haberet
467 1465 522 1513 et
541 1461 936 1525 consideraret,
968 1462 1072 1518 ait:
1110 1460 1235 1517 Non
1269 1455 1410 1517 enim
1436 1472 1559 1518 sunt
1594 1463 1776 1517 condi-

215 1567 333 1622 gna
365 1553 635 1621 passiones
658 1552 816 1621 hujus
851 1555 1101 1624 temporis
1133 1553 1204 1608 ad
1238 1553 1475 1623 futuram
1510 1554 1734 1625 gloriam
1760 1591 1776 1617 ,

1887 539 2143 608 μόνευσεν
2165 577 2181 603 ,
2249 538 2312 593 Ἠ
2369 535 2733 609 καθημερινὴ
2769 534 3028 607 μέριμνα
3076 534 3294 590 πασῶν
3341 534 3448 589 τῶν

1886 629 2282 700 Ἐκκλησιῶν.
2310 630 2471 685 Ὅθεν
2504 632 2598 685 καὶ
2648 633 2714 702 τῇ
2747 630 3049 700 συνειδήσει
3095 645 3181 692 τις
3220 625 3447 682 ἀσθενῶν

1887 723 1980 776 καὶ
2012 719 2172 786 αὐτὸς
2197 721 2436 792 ἠσθένει,
2461 723 2521 776 οὐ
2555 721 2788 791 σώματι,
2816 719 2955 775 ἀλλά
2975 720 3271 791 πνεύματι.
3304 719 3446 773 Καύ-

1882 832 2034 885 χημα
2071 812 2130 868 δδ
2169 815 2306 892 ἔχων
2352 815 2451 879 τὰς
2480 814 2688 884 θλίψεις
2710 814 2740 867 6
2777 812 3047 885 μακάριος
3074 813 3281 881 ἔλεγεν·
3304 815 3446 866 Καυ-

1881 906 2104 977 χᾶσθαι
2142 904 2219 976 δὴ
2266 908 2338 961 οὐ
2383 906 2674 976 συμφέρει
2698 923 2820 975 μοι,
2855 904 3015 960 ἀλλὰ
3041 903 3118 958 τὰ
3140 904 3251 972 τῆς
3279 903 3445 958 ἀσθε-

1883 1001 2048 1066 νείας
2077 1016 2198 1070 μου
2247 997 2665 1068 καυχήσομαι·
2698 998 2866 1069 ήγουν
2915 997 2985 1051 τὰ
3030 995 3141 1050 τῶν
3184 995 3446 1066 διαφόρων

1884 1090 2114 1163 θλίψεών
2134 1109 2233 1161 μου
2263 1091 2432 1161 πάθη.
2456 1090 2548 1144 Διὸ
2569 1090 2664 1145 καὶ
2681 1088 2931 1162 ἑτέρωθι,
2951 1089 3028 1153 ὡς
3052 1089 3273 1160 ἀριστος
3288 1087 3446 1158 ἀθλη-

1881 1185 1981 1257 τὴς
2000 1186 2096 1239 καὶ
2123 1184 2223 1258 τὴν
2255 1185 2531 1256 ἀκήρατον
2561 1183 2716 1248 δόξαν
2751 1181 2847 1236 τοῦ
2883 1179 3019 1235 Θεοῦ
3055 1183 3168 1246 τοῖς
3211 1181 3312 1251 τῆς
3333 1180 3446 1235 δια-

1883 1276 2032 1340 νοίας
2063 1275 2357 1348 ὀφθαλμοῖς
2384 1275 2682 1339 κατανοῶν,
2714 1274 2894 1343 λέγει·
2934 1274 3021 1327 Οὐ
3064 1271 3176 1342 γὰρ
3201 1271 3340 1335 ἄξια
3378 1272 3447 1326 τὰ

1882 1366 2199 1438 παθήματα
2225 1368 2330 1422 τοῦ
2357 1368 2477 1424 νῦν
2520 1368 2725 1437 καιροῦ
2759 1367 2910 1436 πρὸς
2950 1364 3066 1433 τὴν
3098 1363 3448 1433 μέλλουσαν

1882 1459 2074 1525 δόξαν
2100 1458 2605 1531 ἀποκαλυφθῆναι
2636 1462 2723 1525 είς
2751 1456 2907 1528 ἡμᾶς
2929 1472 2943 1488 ⁶
2977 1458 3163 1530 ἐπειδὴ
3184 1498 3199 1521 9
3227 1456 3303 1520 ὡς
3327 1472 3445 1527 τερ·
3493 1526 3503 1535 ,

1884 1549 1993 1604 πνά
2018 1550 2329 1623 ὀρφίσματα
2354 1552 2383 1604 6
2403 1548 2677 1611 θειότατος
2699 1546 2837 1619 ἀνὴρ
2870 1548 2961 1600 καὶ
2980 1548 3089 1602 ἀνω
3115 1546 3177 1600 τὸ
3204 1544 3448 1617 φρόνημα

210 1659 329 1713 qua
359 1643 683 1699 revelabitur
721 1646 776 1700 in
810 1644 960 1701 nobis
995 1647 1041 1679 ⁵³
1067 1665 1080 1700 :
1108 1647 1238 1717 quia
1283 1662 1476 1717 nempe
1506 1645 1669 1701 divini

1987 1640 2240 1713 τημένος,
2278 1641 2493 1695 ἅπαντα
2519 1639 2592 1694 τὰ
2616 1640 2945 1711 κολαστήρια
2972 1636 3263 1707 ἐλογίζετο.
3292 1632 3447 1701 Αὖθις

209 1747 334 1789 mus
356 1733 446 1790 ille
469 1738 577 1801 vir,
610 1736 707 1805 qui
734 1750 971 1805 superne
990 1743 1232 1791 erectum
1269 1737 1489 1808 gerebat
1510 1736 1671 1791 animi

1982 1732 2256 1805 νημόνευσε
2311 1731 2410 1803 τὴν
2449 1729 2926 1801 ἀποκαλυφθεῖσαν
2973 1730 3124 1801 αὐτῷ
3170 1729 3444 1793 ὀπτασίαν,

208 1825 396 1880 omnia
458 1826 726 1896 supplicia
787 1842 886 1883 ceu
946 1827 1327 1884 delectabilem
1370 1836 1670 1884 concentum

2030 1826 2288 1897 ἁρπαγὴν
2333 1826 2411 1888 εἰς
2433 1824 2526 1879 τὸν
2590 1823 2952 1897 παράδεισον,
3001 1824 3095 1877 καὶ
3146 1821 3216 1876 τά
3244 1820 3445 1894 ἄρρητα

213 1915 556 1972 harmoniam
594 1918 901 1988 reputabat.
947 1919 1301 1991 Rursumque
1351 1920 1618 1976 visionem
1674 1962 1675 1969 η

1982 1917 2063 1969 ἵνα
2102 1917 2352 1986 ῥήματα·
2404 1914 2547 1978 ὅθεν,
2585 1914 2661 1981 ὼς
2699 1914 2771 1987 μή
2805 1914 3125 1986 βουλόμενος
3152 1913 3221 1969 δι’
3263 1913 3444 1967 ἑαυτοῦ

126 2043 130 2047 ‹
211 2005 515 2063 immissam
551 2018 605 2064 et
638 2011 901 2077 oblatam,
924 2022 1139 2081 raptum
1177 2012 1231 2066 in
1268 2010 1582 2082 paradisum

1984 2006 2278 2080 χήσασθαι,
2319 2006 2457 2077 ἔφη·
2506 2006 2684 2076 ’Υπὲρ
2732 2007 2800 2061 δὲ
2843 2007 3101 2078 ἐμαυτοῦ
3131 2009 3204 2060 οὐ
3232 2004 3446 2075 καυχή-

213 2115 353 2154 cana
390 2101 479 2155 illa
503 2102 668 2156 verba
695 2111 984 2157 memorat.
1023 2101 1415 2170 Quamobrem,
1464 2113 1646 2174 utpote

1985 2116 2080 2164 ιαι,
2112 2101 2165 2153 εὶ
2183 2098 2270 2169 μὴ
2292 2099 2361 2151 ἐν
2385 2098 2513 2166 ταῖς
2531 2100 2871 2167 ἀσθενείαις
2887 2117 3004 2169 μου
3023 2115 3038 2130 ·
3060 2098 3224 2152 οἱονεὶ
3252 2099 3310 2151 ὲν
3335 2100 3447 2161 ταῖς

213 2188 381 2244 nollet
412 2188 482 2244 de
510 2190 693 2259 seipse
722 2191 968 2262 gloriari,
992 2192 1099 2247 ait:
1131 2191 1203 2246 De
1230 2194 1427 2261 meipso
1452 2210 1555 2247 non
1581 2193 1675 2264 σιω

1985 2190 2093 2260 basi
2136 2207 2239 2261 μου
2276 2190 2371 2245 καὶ
2396 2190 2465 2245 τά
2520 2192 2667 2264 πάθη
2724 2210 2847 2263 μου.
2905 2192 3011 2247 Kal
3036 2189 3110 2260 τῇ
3150 2189 3447 2260 ὑπερϐολῇ

213 2282 327 2346 bor,
370 2282 474 2334 nisi
504 2282 560 2335 in
592 2282 992 2352 inﬁrmitatibus
1017 2284 1148 2338 meis
1177 2284 1244 2348 ⁸³,
1291 2300 1353 2339 ac
1387 2285 1433 2341 si
1467 2286 1669 2341 diceret

1984 2300 2001 2321 ρ
2049 2284 2511 2351 ἀποκαλύψεων,
2538 2285 2638 2339 ἵνα
2660 2284 2747 2355 μὴ
2797 2286 3196 2355 ὑπεραίρωμαι
3222 2326 3238 2351 ,
3280 2282 3446 2350 ἐδόθη

212 2371 660 2428 tribulationibus
685 2381 738 2428 et
769 2374 1123 2444 passionibus
1155 2374 1315 2431 meis.
1348 2374 1416 2430 Et
1466 2391 1528 2430 ne
1575 2392 1674 2447 mat

2005 2374 2251 2445 σκόλοψ
2272 2373 2348 2445 τῇ
2370 2377 2572 2444 σαρκὶ,
2596 2378 2759 2449 ἡγουν
2780 2378 2805 2430 ὲ
2813 2378 3055 2448 μπόδιον,
3084 2377 3173 2430 ῐνα
3194 2374 3269 2447 μὴ
3289 2373 3448 2445 ὑψαυ-

214 2463 340 2517 tudo
371 2464 746 2518 revelationum
770 2464 991 2518 extollat
1022 2481 1123 2531 me,
1146 2466 1306 2519 datus
1330 2477 1407 2520 est
1442 2466 1573 2519 mihi
1593 2467 1786 2520 stimu—

213 2557 296 2610 lus
318 2558 495 2611 carnis
518 2557 586 2624 ⁸⁸,
611 2557 819 2613 scilicet
852 2558 1301 2628 impedimentum
1333 2574 1403 2613 ne
1435 2558 1635 2614 erectis
1665 2573 1783 2613 cer-

215 2648 428 2703 vicibus
449 2649 701 2712 extollar,
728 2649 946 2719 angelus
969 2648 1210 2716 Satanae,
1235 2651 1328 2720 qui
1354 2666 1434 2703 me
1469 2649 1785 2717 colaphizet.

216 2739 383 2795 Satan
413 2741 717 2810 explicatur
741 2741 1098 2795 adversarius.
1126 2739 1356 2807 Quidam
1376 2742 1520 2796 enim
1550 2740 1610 2795 Β.
1647 2742 1787 2797 Pau-

217 2834 269 2886 lo
311 2833 366 2888 in
406 2833 788 2903 praedicatione
839 2832 1216 2898 obsistebant,
1266 2833 1555 2903 ipsumque
1602 2834 1786 2903 gravi-

217 2923 319 2980 bus
368 2923 617 2996 ﬂagellis.
670 2925 967 2995 multisque
1013 2926 1291 2981 atrocibus
1348 2926 1527 2996 pinnis
1579 2925 1786 2998 afﬂige-

217 3015 350 3071 bant
387 3032 485 3072 ceu
517 3017 651 3089 legis
708 3018 1109 3085 adversarium,
1156 3035 1266 3076 non
1315 3021 1674 3075 concedentes
1728 3028 1790 3074 ut

217 3113 479 3169 doctrina:
509 3115 736 3169 verbum
772 3116 922 3171 clare
951 3116 1291 3186 przedicaret.
1342 3114 1454 3172 Hos
1484 3116 1651 3184 igitur
1698 3116 1781 3170 di-

1882 2465 2055 2537 χενῶν
2085 2466 2350 2538 αἴρωμαι,
2382 2465 2638 2538 ἄγγελος
2663 2467 2880 2533 Σατᾶν,
2911 2470 3011 2524 ἵνα
3039 2486 3117 2539 με
3145 2466 3446 2538 κολαφίζῃ.

1883 2558 2060 2613 Σατᾶν
2106 2559 2462 2631 ἑρμηνεύεται
2503 2560 2935 2632 ἀντικείμενος·
2994 2561 3306 2614 ἀντέκειντο
3348 2558 3449 2628 γάρ

1882 2653 1947 2725 τῇ
1984 2651 2208 2725 κηρύξει
2242 2652 2321 2724 τῷ
2361 2653 2613 2726 μακαρίῳ
2670 2654 2868 2726 Παύλῳ
2896 2653 3064 2718 τινὲς,
3109 2654 3205 2707 καὶ
3240 2649 3450 2724 μάστιξι

1883 2741 2074 2807 δεινοῖς
2102 2744 2195 2798 καὶ
2216 2744 2430 2810 πολλοῖς
2453 2747 2642 2809 κακοῖς
2667 2744 3044 2817 κολαστηρίοις
3058 2744 3246 2798 τοῦτον
3274 2743 3348 2807 ὡς
3361 2740 3449 2795 τοῦ

1884 2835 2048 2906 νόμον
2076 2835 2365 2890 ἀντίπαλον
2400 2836 2763 2901 κατεπόνουν,
2804 2837 2876 2908 μὴ
2912 2835 3338 2908 συγχωρούντων
3366 2848 3452 2889 τον

1884 2927 1982 2998 τῆς
2001 2927 2345 2993 διδασκαλίας
2364 2929 2523 2999 λόγον
2540 2929 2722 2999 σαφῶς
2743 2930 2996 3001 κηρύξαι.
3025 2929 3262 2994 Τούτους
3284 2928 3452 2982 τοίνυν

1885 3021 1914 3073 6
1932 3018 2076 3084 θεῖος
2101 3021 2396 3085 ἀπόστολος
2426 3021 2741 3077 ὑποϐάλλων
2769 3022 2844 3086 ὡς
2892 3023 3041 3086 υἱοὺς
3083 3022 3328 3076 διαὸόλου
3358 3024 3453 3078 Σα·

1888 3113 1987 3166 τᾶν
2028 3112 2302 3182 ὀνομάζει.
2334 3111 2424 3166 Διδ
2465 3112 2529 3185 δὴ
2576 3113 2672 3167 καὶ
2708 3116 2735 3167 ὁ
2763 3112 2870 3167 τῶν
2903 3114 3218 3167 ἀποστόλων
3250 3114 3452 3187 πρωτόι

219 3207 379 3263 vinus
405 3207 699 3277 Apostolus
729 3178 1063 3278 deprimens,
1102 3225 1200 3263 ceu
1227 3209 1368 3265 ﬁlios
1391 3178 1590 3264 diaboli
1618 3208 1681 3262 Sa

1991 3219 2077 3267 νος
2096 3178 2324 3275 Πέτρος,
2355 3203 2431 3267 ὡς
2560 3204 2877 3259 διδασκάλου
2906 3205 3097 3278 γνώμῃ
3154 3178 3453 3279 ἀντικείμε-

219 3308 395 3354 voeat.
432 3298 633 3353 Eadem
677 3298 746 3353 de
794 3316 963 3356 causa
1005 3300 1101 3371 qui
1135 3301 1373 3371 primum
1419 3301 1788 3371 apostolorum

220 3393 479 3446 thronum
526 3393 814 3462 occupavit
872 3390 1106 3458 Petrus,
1151 3402 1212 3449 ut
1270 3393 1364 3463 qui
1425 3393 1668 3464 magistri
1705 3392 1790 3447 sui

222 3484 504 3538 sententia:
531 3484 917 3541 adversaretur
940 3525 957 3549 ,
987 3494 1040 3539 et
1073 3484 1392 3554 neutiquam
1428 3483 1612 3537 divina
1646 3523 1662 3551 ,
1698 3482 1793 3538 sed

223 3573 460 3629 humana
496 3575 676 3630 solum
705 3582 944 3643 saperet,
979 3572 1147 3628 Satan
1176 3573 1245 3628 ab
1271 3573 1391 3643 ipso
1423 3571 1654 3628 Domino
1686 3587 1787 3627 vo-

222 3668 377 3715 catus
403 3669 510 3728 est,
542 3662 627 3717 his
655 3663 839 3717 verbis
868 3681 881 3716 :
936 3660 1077 3716 Vade
1116 3672 1259 3716 retro
1282 3678 1384 3726 me,
1410 3659 1586 3716 Satan
1608 3661 1692 3728 ⁸⁸;
1740 3660 1794 3716 id

223 3761 326 3817 est,
362 3753 685 3810 Adversaris
714 3754 909 3810 divinae
939 3770 1003 3809 ac
1044 3754 1272 3811 salutari
1327 3753 1611 3809 sententia:
1635 3768 1790 3819 mea},

226 3845 353 3914 quia
381 3847 561 3916 passio
607 3862 725 3902 mea
755 3862 1103 3902 communem
1147 3845 1357 3902 mundo
1387 3846 1617 3902 salutem
1654 3845 1790 3899 alla-

226 3947 347 3992 tura
379 3946 483 3993 est.
514 3939 652 3994 Cum
686 3939 853 4010 igitur
883 3950 967 3995 ter
996 3940 1185 3995 eadem
1210 3939 1278 3995 de
1304 3953 1471 3995 causa
1498 3938 1789 3994 Dominum

225 4029 428 4084 Paulus
454 4037 718 4099 rogasset,
748 4030 825 4083 ait
847 4030 960 4084 illi:
997 4027 1203 4099 Suﬁicit
1230 4029 1326 4083 tibi
1364 4029 1540 4099 gratia
1576 4044 1691 4082 mea
1724 4026 1792 4082 ⁸⁸.

227 4119 438 4176 Sutﬁcit
467 4122 565 4176 tibi
598 4131 657 4177 ut
678 4137 776 4178 vas
799 4122 1084 4178 electionis
1113 4124 1236 4184 ﬁas,
1258 4133 1318 4175 ut
1349 4137 1526 4191 praeco
1549 4121 1794 4176 omnium

227 4213 595 4270 Ecclesiarum
631 4215 1008 4282 constituaris,
1066 4222 1129 4269 ut
1179 4229 1352 4283 usque
1389 4214 1457 4268 ad
1506 4213 1705 4268 malum
1743 4222 1797 4268 et

228 4306 295 4361 ad
322 4307 660 4377 paradisum,
687 4307 868 4364 adhuc
900 4308 955 4362 in
1007 4321 1174 4362 carne
1207 4305 1416 4371 vivens,
1453 4305 1706 4375 rapiaris.
1739 4312 1800 4358 ut

230 4400 614 4456 revelationem
650 4400 1075 4472 mysteriorum,
1109 4413 1232 4468 quae
1265 4413 1374 4452 non
1406 4396 1498 4452 hic
1547 4397 1698 4452 effari
1730 4397 1797 4450 li-

1889 3313 1997 3361 νος,
2029 3296 2123 3351 καὶ
2153 3296 2229 3367 μὴ
2269 3296 2338 3350 τά
2373 3296 2513 3364 θεῖα,
2575 3296 2711 3352 ἀλλά
2758 3298 2828 3352 τά
2862 3297 3181 3370 ἀνθρώπινα
3229 3298 3451 3371 φρονῶν.

1891 3387 2067 3441 Σατᾶν
2097 3389 2260 3442 αὐτὸν
2280 3391 2308 3443 6
2331 3389 2538 3461 Κύριος
2589 3390 2959 3462 προηγόρευσε
3007 3389 3210 3460 λέγων·
3237 3390 3455 3460 ’Υπατε

1891 3479 2083 3532 ὀπίσω
2108 3497 2249 3548 μου,
2269 3481 2468 3535 Σατᾶν
2490 3497 2505 3512 ·
2532 3481 2720 3552 ήγουν,
2766 3481 3093 3535 Ἀντίκεισαι
3117 3485 3186 3553 τῇ
3222 3482 3343 3555 θείᾳ
3368 3482 3456 3536 καὶ

1893 3569 2225 3642 σωτηριώδει
2249 3570 2441 3645 γνώμῃ
2479 3587 2582 3644 μου
2602 3588 2616 3603 ·
2649 3571 2840 3645 ἐπειδὴ
2856 3571 2917 3625 τὸ
2943 3572 3118 3637 πάθος
3149 3591 3249 3645 μου
3281 3574 3455 3644 κοινήν

1894 3663 2167 3734 σωτηρίαν
2208 3667 2274 3734 τῇ
2325 3664 2619 3738 οἰκουμένῃ
2650 3664 2834 3735 μέλλει
2863 3665 3221 3735 ἐργάσασθαι.
3260 3665 3348 3729 Ὧς
3371 3660 3456 3719 οὖν

1892 3755 2125 3827 τρισσῶς
2147 3754 2239 3809 τὸν
2262 3754 2466 3828 Κύριον
2493 3757 2621 3828 περὶ
2641 3755 2832 3810 τούτου
2864 3757 3253 3830 παρακαλέσας
3271 3798 3287 3821 ,
3317 3756 3457 3829 είρής

1893 3863 1978 3900 κει
2003 3845 2183 3916 αὐτῷ·
2236 3846 2424 3916 Ἀρκεῖ
2447 3861 2548 3901 σοι
2570 3848 2608 3915 ἠ
2635 3845 2805 3915 χάρις
2824 3864 2964 3916 μου.
3019 3848 3206 3919 Ἀρκεῖ
3250 3863 3334 3899 σοι
3379 3845 3457 3898 ἵνα

1897 3937 2091 4003 σκεῦος
2117 3937 2348 4010 ἐκλογῆς
2375 3940 2603 4011 γενήσῃ,
2639 3939 2726 3992 ἵνα
2752 3940 2934 4012 ῥήτωρ
2976 3939 3085 3993 τῶν
3134 3936 3456 4010 Ἐκκλησιῶν

1893 4029 2298 4101 κατασταθήσῃ,
2340 4029 2426 4083 ἵνα
2460 4031 2622 4103 μέχρι
2647 4030 2735 4084 τὸν
2760 4032 2986 4104 οὐρανὸν
3016 4033 3111 4087 καὶ
3144 4031 3458 4104 παράδεισον

1895 4122 2154 4197 ἀρπαγῇς
2184 4120 2265 4173 ἔτι
2302 4118 2410 4184 ζῶν
2434 4122 2491 4175 ὲν
2525 4121 2601 4192 τῷ
2640 4121 2869 4194 σαρκίῳ,
2897 4122 2983 4176 ἵνα
3003 4122 3103 4196 τήν
3129 4121 3459 4191 ἀποκάλυψιν

1894 4214 2002 4268 τῶν
2053 4215 2309 4286 ἀρρήτων
2363 4215 2675 4286 μυστηρίων
2708 4216 2801 4269 καὶ
2854 4215 2926 4270 τά
2964 4217 3072 4271 τῶν
3135 4215 3462 4286 ἐπουρανίων

1895 4307 2189 4378 ταγμάτων
2212 4306 2351 4379 bdo
2375 4308 2556 4360 πᾶσαν
2580 4308 2829 4376 γλῶσσαν
2855 4309 3101 4381 βροτείαν
3129 4309 3359 4383 λαλήσῃ,
3382 4308 3461 4361 ἵνα

1898 4401 2114 4472 πλήρης
2145 4399 2295 4462 θείας
2319 4400 2534 4469 σοφίας,
2568 4403 2661 4455 καὶ
2695 4399 3008 4473 Πνεύματος
3055 4402 3214 4472 ἁγίου
3259 4402 3461 4473 ἐμπλη-

232 4501 338 4556 cet,
374 4500 428 4545 et
452 4506 575 4560 qua:
607 4492 861 4546 caelestes
891 4491 1111 4545 ordines
1159 4497 1411 4559 spectant
1430 4502 1663 4558 qumque

2001 4504 2098 4561 ίσῃ,
2123 4488 2209 4542 ἵνα
2243 4488 2610 4562 συγκάθεδρος
2635 4489 2745 4545 τῶν
2783 4492 3116 4564 συμμυστῶν
3160 4492 3463 4547 ἀποστόλων

230 4596 447 4637 manam
478 4596 699 4637 omnem
757 4582 998 4654 linguam
1044 4588 1397 4654 exsuperant,
1430 4580 1711 4650 eloquare,
1740 4588 1800 4634 ut

230 4673 424 4743 plenus
449 4673 635 4729 divina
684 4675 951 4745 sapientia
982 4712 998 4737 ,
1032 4674 1163 4730 item
1212 4673 1420 4744 Spiritu
1475 4681 1669 4728 sancto
1713 4686 1796 4727 re-

228 4765 434 4836 pleare,
475 4773 531 4820 et
575 4778 701 4820 cum
750 4764 1065 4837 symmystis
1109 4766 1220 4820 tuis
1272 4763 1535 4835 apostolis
1571 4778 1681 4818 una
1715 4776 1805 4818 se-

229 4860 384 4915 deas.
416 4857 704 4914 Suﬁieiunt
737 4860 833 4915 tibi
869 4861 987 4914 haec
1039 4868 1093 4913 et
1127 4859 1324 4913 similia
1356 4874 1386 4912 a
1418 4872 1505 4911 me
1540 4856 1639 4911 tibi
1675 4856 1803 4911 data

233 4966 483 5018 munera,
516 4949 661 5005 Nam
681 4953 846 5006 virtus
870 4968 983 5005 mea
1009 4952 1065 5005 in
1097 4952 1410 5021 inﬁrmitate
1437 4950 1712 5019 perﬁcitur
1731 4947 1801 5015 '7;

233 5038 287 5096 in
326 5044 644 5099 inﬁrmitate
673 5045 881 5100 scilicet
912 5059 1019 5099 non
1061 5043 1309 5113 corporis
1340 5042 1423 5097 vel
1463 5043 1679 5107 animos,
1709 5040 1804 5096 sed

234 5136 302 5189 de
337 5137 808 5203 tribulationibus,
840 5140 957 5194 sive
1012 5139 1077 5193 de
1113 5136 1515 5192 tentationibns
1540 5134 1806 5205 loquitur.

243 5228 377 5284 Nam
407 5232 500 5300 qui
533 5232 699 5286 animi
727 5231 1029 5286 inﬁrmitati
1062 5231 1333 5287 obnoxius
1357 5239 1525 5293 esset,
1555 5228 1647 5299 qui
1673 5242 1805 5299 pos-

239 5327 323 5375 set
356 5320 524 5375 animi
562 5321 908 5390 aegritudines
958 5322 1189 5376 aliorum
1238 5319 1465 5376 curare?
1498 5318 1617 5389 Ipse
1645 5332 1801 5373 nam-

1902 4581 2128 4652 γενήσῃ.
2170 4580 2357 4649 Ἀρκεῖ
2384 4597 2468 4634 σοι
2495 4581 2561 4635 τά
2588 4582 2808 4637 δοθέντα
2843 4599 2924 4636 σοι
2972 4582 3146 4638 ταῦτα
3175 4586 3271 4637 καὶ
3302 4601 3467 4654 παρα-

1903 4673 2106 4744 πλήσια
2165 4672 2294 4742 παρ’
2342 4672 2479 4744 ἐμοῦ
2549 4676 2900 4747 χαρίσματα·
2947 4676 3010 4731 Ἠ
3050 4678 3163 4745 γὰρ
3224 4675 3470 4746 δύναμίς

1901 4788 2018 4841 μου
2071 4771 2149 4825 ἐν
2168 4771 2453 4838 ἀσθενείᾳ
2485 4769 2840 4825 τελειοῦται·
2880 4768 3185 4835 ἀσθένειαν,
3213 4769 3377 4841 φημὶ,
3412 4768 3467 4821 οὐ

1906 4863 2004 4935 τὴν
2023 4862 2116 4917 τοῦ
2148 4862 2419 4935 σώματος,
2454 4862 2591 4917 ἀλλὰ
2617 4863 2715 4926 τὰς
2736 4862 2965 4933 θλίψεις,
2984 4863 3112 4926 τοὺς
3134 4863 3471 4935 πειρασμοὺς

1901 4951 2068 5021 λέγει.
2110 4953 2169 5006 ὐ
2198 4953 2307 5024 γὰρ
2331 4952 2582 5023 ἀσθενείᾳ
2609 4950 2816 5023 ψυχικῇ
2840 4949 3199 5020 ὑποκείμενος
3224 4950 3343 5012 πῶς
3368 4946 3474 5000 ἐτέ-

1906 5059 2021 5114 ροις
2044 5041 2113 5096 τά
2144 5042 2351 5114 ψυχικά
2380 5042 2678 5113 παθήματα
2714 5042 2858 5095 ίᾶσαι
2884 5039 3139 5107 δύναται;
3172 5040 3346 5104 Αὐτὸς
3373 5037 3475 5109 γάρ

1902 5134 1931 5187 6
1955 5134 2097 5199 θεῖος
2128 5133 2447 5199 Ἀπόστολος
2473 5134 2709 5204 εἴρηκεν·
2734 5135 2913 5188 Ὅταν
2936 5131 3195 5197 ἀσθενῶ,
3224 5135 3361 5187 τότε
3382 5130 3476 5185 δυο

1904 5228 2085 5294 νατός
2098 5229 2233 5296 ειμι,
2257 5225 2525 5285 τουτέστι,
2542 5226 2671 5279 ὅταν
2682 5224 2979 5279 ἁσθενῶσιν
2992 5226 3043 5278 οἱ
3059 5225 3290 5299 πονηροὶ
3301 5225 3474 5292 λογισο

1913 5318 2002 5388 μοὶ
2020 5315 2128 5368 τῶν
2145 5315 2328 5370 παθῶν
2349 5318 2408 5367 ἐν
2420 5315 2559 5386 ἐμοὶ,
2581 5315 2700 5369 τότε
2718 5315 2938 5379 δυνατός
2957 5317 3073 5385 είμι
3092 5315 3172 5387 τῷ
3192 5315 3477 5387 πνεύματι.

237 5429 343 5483 que
388 5414 606 5470 divinus
648 5416 941 5486 Apostolus
993 5416 1171 5471 dixit:
1201 5414 1333 5470 Cum
1376 5414 1640 5483 inﬁrmor,
1686 5424 1812 5466 tunc
1857 5422 2037 5481 potens
2077 5427 2193 5464 sum
2219 5410 2289 5477 ⁸⁸,
2325 5410 2428 5465 hoc
2460 5417 2543 5464 est
2585 5425 2708 5464 cum
2767 5410 3113 5465 intirmantur
3142 5410 3197 5464 in
3250 5428 3337 5465 me
3364 5424 3481 5479 pra-

235 5520 315 5559 vae
346 5502 701 5573 cogitationes
719 5504 1056 5572 passionum,
1077 5519 1206 5559 tunc
1224 5505 1415 5575 spiritu
1443 5515 1634 5575 potens
1664 5519 1809 5559 sum.

310 5686 357 5716 ⁵ο
386 5685 427 5737 Il
469 5682 598 5736 Cor.
641 5699 719 5745 XI,
768 5681 859 5736 28.
936 5683 976 5715 ⁸³
1019 5683 1148 5737 ibid.
1184 5682 1272 5736 30.

240 5753 285 5786 “
319 5754 362 5809 ll
394 5752 520 5808 Cor.
551 5768 645 5814 xu,
674 5753 726 5808 9.
802 5754 845 5785 ⁸⁷
887 5753 1017 5808 ibid.
1082 5754 1125 5785 "
1152 5752 1281 5808 ibid.
1320 5752 1405 5808 10.

1350 5684 1393 5714 δι’
1421 5682 1576 5741 Rom.
1620 5699 1737 5751 vnn,
1769 5681 1856 5736 {8.
1932 5681 1977 5714 ⁸⁸
2006 5678 2047 5734 ll
2073 5679 2205 5735 Cor.
2257 5692 2356 5745 xu,
2393 5678 2444 5733 5.

2551 5679 2596 5711 "
2646 5680 2773 5735 ibid.
2807 5678 2859 5733 7.
2936 5679 2980 5711 ”
3004 5677 3196 5734 Matth.
3250 5694 3365 5749 xvi,
3397 5677 3485 5733 23.
