4102 6304
749 345 1305 354 "*"w‘v-
1317 346 1872 356 Ἢ
1885 345 2560 356 --—-—-————-——-—-—————-——-—-
2566 349 2657 356 ———-
2667 348 2912 358 —-——-.——~—-.-
2919 350 3074 359 ———_-
3083 351 3104 358 .-
3111 350 3366 361 ’.ο-⁸*

215 344 2367 398 mwlll

1371 611 2173 730 ADMONITIO

361 943 482 1032 IN
543 935 1274 1049 ‘SEQUENTEM
1353 941 1502 1029 AD
1574 939 2436 1031 MARCELLINUM
2519 940 3181 1032 EPISTOLAM

1031 1226 1134 1288 DE
1184 1220 1942 1285 INTERPRETATIONE
2004 1221 2518 1282 PSALMORUM.

1196 1482 1341 1547 (Opp.
1368 1482 1418 1530 S.
1453 1483 1628 1532 Athan.
1657 1484 1736 1531 ed.
1777 1479 1954 1532 Venet.
2002 1481 2138 1544 ΗΠ,
2163 1487 2197 1530 t.
2249 1482 2353 1544 Ill.)

247 1992 432 2052 Tenus
455 1993 680 2054 Grrecus
711 2004 960 2064 sumptus
985 2004 1066 2049 est
1095 2010 1162 2048 ex
1194 1993 1594 2065 Prolegomenis
1637 1997 1766 2050 tomi
1804 1993 1867 2048 IV
1909 1994 2119 2052 Veteris
2149 1995 2478 2052 Testamenti
2505 1995 2658 2067 juxta
2695 1997 2997 2052 versionem
3041 1999 3380 2069 septuaginta

187 2090 535 2162 Interprelum,
567 2107 731 2162 quam
755 2105 820 2146 ex
851 2091 1035 2146 codice
1069 2090 1434 2146 Alexandrino
1467 2102 1718 2148 accurate
1746 2092 1913 2148 edidit
1944 2092 2182 2148 Joannes
2213 2095 2475 2150 Ernestus
2511 2091 2707 2158 Grabe,
2743 2093 2836 2164 qui
2868 2093 3006 2147 inter
3032 2092 3134 2147 alia
3177 2094 3288 2147 haec
3314 2095 3381 2148 de

186 2190 344 2244 eadem
375 2189 602 2259 epistola
626 2188 916 2244 admonet:
962 2187 1220 2242 Cteterum
1265 2189 1385 2243 licet
1409 2191 1460 2244 in
1492 2191 1729 2258 pluribus
1774 2191 1832 2245 S.
1873 2191 2151 2245 Athanasii
2187 2191 2523 2257 editionihus,
2573 2207 2633 2243 ac
2673 2191 2727 2244 in
2767 2199 3027 2258 postrema
3062 2192 3376 2244 celeberrimi

185 2285 544 2354 llontfauconi,
577 2287 807 2340 omnium
835 2286 1054 2356 optima,
1084 2295 1210 2339 tom.
1240 2283 1290 2350 I,
1318 2297 1454 2355 part.
1485 2303 1546 2352 tt,
1580 2304 1700 2358 pag.
1732 2271 1836 2344 98,2
1876 2306 2036 2359 usque
2077 2288 2234 2353 1005,
2267 2290 2363 2342 iste
2387 2289 2453 2341 atl
2489 2286 2859 2341 Marcellinum
2887 2286 3092 2341 libellus
3119 2286 3295 2341 Crtece
3319 2305 3382 2344 ac

185 2381 346 2437 Latine
374 2384 440 2436 sit
465 2399 689 2438 excusus
712 2402 730 2448 ;
767 2399 884 2438 eum
939 2391 1110 2435 tamen
1141 2382 1194 2434 in
1242 2383 1620 2453 antiquissimis
1665 2401 1726 2438 ac
1772 2383 1830 2440 S.
1882 2384 2036 2438 Patri
2081 2384 2186 2454 fere
2226 2385 2410 2440 coa'vis
2453 2381 2765 2436 membranis
2795 2385 2985 2436 nostris
3021 2383 3160 2445 haud
3191 2399 3377 2453 parum

181 2478 517 2529 correctiorem
542 2491 607 2528 ac
631 2476 938 2544 pleniorem,
968 2489 1026 2533 ut
1048 2481 1333 2551 conferenti
1349 2479 1564 2550 patebit,
1596 2480 1679 2533 hic
1701 2479 1868 2532 denuo
1889 2479 2037 2532 etlere
2061 2479 2282 2548 placuit,
2302 2478 2491 2546 absque
2507 2475 2700 2530 Latina
2722 2491 2892 2533 tamen
2912 2479 3158 2532 versione.
3190 2478 3379 2531 Versio

181 2573 321 2640 igitur
352 2572 542 2628 Latina
580 2583 794 2645 sumpta
820 2590 848 2629 a
878 2591 964 2632 me
996 2588 1077 2632 est
1119 2593 1186 2632 ex
1214 2577 1427 2631 laudata
1466 2575 1643 2631 Patris
1675 2574 2043 2630 Montlauconi
2074 2575 2310 2628 editione
2338 2574 2570 2642 Operum
2610 2570 2666 2624 S.
2703 2569 3011 2634 Athanasii;
3062 2569 3127 2622 ad
3179 2577 3375 2622 textum

178 2673 335 2720 autem
367 2666 614 2722 Graecum
654 2670 856 2726 codicis
880 2671 1252 2736 Alexandrini,
1285 2672 1381 2726 ubi
1409 2672 1458 2726 ei
1489 2687 1598 2726 non
1636 2671 2015 2743 respondebat,
2050 2669 2298 2741 pluribus
2340 2669 2393 2722 in
2415 2666 2559 2741 locis
2592 2663 3017 2720 accommodata.
3052 2662 3162 2716 Hac
3199 2671 3375 2717 autem

177 2763 403 2817 versione
429 2763 795 2832 antiquiorem
828 2765 990 2817 aliam
1036 2765 1204 2819 edidit
1231 2765 1361 2819 clar.
1395 2780 1557 2819 mem.
1594 2765 1744 2821 card.
1776 2763 2104 2820 Thomasius
2131 2763 2182 2817 in
2211 2763 2350 2816 libro
2375 2761 2462 2816 cui
2491 2759 2714 2814 titulus:
2751 2755 3066 2809 Psalterium
3087 2757 3247 2824 juxta
3276 2758 3377 2808 du-

174 2850 338 2917 plicem
376 2853 682 2915 editionem,
713 2861 840 2917 etc.,
883 2863 939 2908 et
977 2855 1030 2908 in
1075 2853 1394 2908 Praelatione
1436 2853 1502 2908 ad
1553 2853 1807 2908 lectorem
1848 2876 1860 2906 ;
1895 2853 2070 2916 Hanc,
2100 2854 2300 2924 inquit,
2329 2851 2578 2906 Latinam
2603 2859 2860 2931 repertam
2885 2850 2935 2898 in
2965 2848 3098 2899 libro
3128 2865 3225 2901 ms.
3258 2849 3381 2900 licet

174 2958 258 2994 non
286 2942 568 2996 admodum
589 2953 787 2996 vetusto
806 2943 1132 3000 bibliotheca:
1174 2943 1532 2999 Vallicellana:
1553 2944 1888 3013 proferimus,
1915 2943 1983 2996 ad
2012 2941 2252 2998 Gratcum
2277 2951 2448 2994 tamen
2470 2939 2735 3010 exemplar
2761 2947 3037 3007 utrumque
3065 2941 3374 2992 recensitam

171 3048 211 3089 et
243 3039 584 3093 emendatam.
623 3037 696 3093 De
731 3034 829 3093 hac
857 3036 1084 3106 epistola
1115 3035 1253 3091 idem
1299 3035 1638 3090 clarissimus
1677 3035 1970 3090 cardinalis
2005 3053 2018 3088 :
2064 3031 2293 3096 Celebre,
2337 3031 2432 3092 ait,
2460 3027 2598 3098 apud
2641 3036 2830 3079 veteres
2863 3043 3036 3080 omnes
3070 3028 3374 3097 apusculum

171 3129 290 3182 beati
326 3131 612 3184 Athanasii
647 3128 872 3198 episcopi
906 3126 1252 3180 Alexandrini
1299 3124 1374 3180 De
1409 3124 1547 3179 libro
1584 3122 1949 3187 Psalmorum,
1993 3121 2131 3192 quod
2160 3121 2340 3175 beatus
2386 3117 2739 3188 Hieronymus
2786 3117 3048 3184 appellare
3080 3119 3284 3172 videtur
3324 3121 3381 3172 in

169 3217 408 3293 Catalogo
462 3222 794 3292 scriptorum
837 3218 1329 3275 ecclesiasticorum
1361 3235 1376 3274 :
1412 3215 1484 3271 De
1517 3215 1841 3284 psalmorum
1884 3214 2074 3269 titulis.
2105 3212 2209 3268 Sed
2247 3228 2371 3267 cum
2417 3213 2596 3268 adhuc
2635 3212 2832 3268 lateret
2865 3213 2919 3268 in
2953 3215 3208 3277 tenebris,
3242 3225 3295 3270 et
3321 3217 3374 3269 in

169 3313 418 3380 publicam
445 3313 628 3368 lucem
665 3312 869 3368 editum
919 3329 1026 3368 non
1055 3313 1248 3369 luisset
1277 3328 1466 3369 verum
1515 3327 1652 3383 Opus
1691 3311 1755 3366 B.
1787 3311 2070 3367 Athanasii
2112 3310 2187 3364 De
2217 3310 2385 3364 titulis
2418 3309 2766 3378 psalmorum,
2813 3310 2956 3380 quod
3002 3311 3160 3366 modo
3193 3312 3246 3366 in
3277 3327 3378 3381 pu-

167 3408 346 3462 lilicum
379 3409 705 3472 emittimus,
736 3408 879 3462 haud
909 3411 1108 3462 mirum
1139 3419 1242 3472 est,
1295 3413 1342 3463 si
1370 3409 1718 3464 doctissimus
1755 3409 1838 3461 vir
1881 3423 2004 3462 eum
2039 3407 2160 3462 aliis
2199 3406 2446 3476 pluribus
2475 3406 2731 3475 deceptus
2767 3415 2852 3460 est
2885 3420 2949 3460 ac
2973 3407 3192 3475 erravit,
3227 3418 3376 3464 ratus

166 3497 290 3551 idem
325 3512 463 3569 opus
496 3513 622 3552 esse
653 3498 850 3551 librum
880 3496 956 3552 De
989 3497 1157 3552 titulis
1188 3498 1508 3568 psalmorum
1545 3513 1608 3554 ac
1637 3497 1935 3568 Epistolam
1972 3513 2067 3553 seu
2092 3496 2349 3551 Libellum
2384 3497 2452 3550 ad
2492 3496 2877 3555 Marcellinum.
2916 3500 3069 3567 Quod
3095 3518 3224 3556 sane
3251 3519 3373 3557 cum

163 3594 656 3651 animadvertissent
684 3592 870 3648 Patres
904 3591 1258 3656 Benedictini,
1286 3591 1339 3647 in
1367 3590 1749 3646 Admonitione
1773 3606 1936 3661 quam
1965 3599 2375 3660 praeposuerunt
2398 3589 2573 3644 eidem
2600 3588 2855 3658 Epistolte
2885 3592 2952 3644 ad
2981 3591 3370 3658 Marcellinum,

163 3687 224 3739 ita
249 3687 452 3755 praelati
475 3697 609 3742 sunt
637 3704 650 3740 :
683 3685 984 3755 Opinantur
1017 3686 1199 3755 nuperi
1231 3684 1509 3752 scriptores
1545 3683 1780 3752 quidam,
1806 3682 2102 3754 Epistolam
2146 3683 2213 3736 ad
2239 3681 2610 3736 Marcellinum
2638 3698 2747 3735 esse
2774 3681 2910 3735 illud
2940 3700 3065 3753 opus
3090 3682 3162 3737 De
3199 3685 3372 3740 titulis

161 3780 504 3846 psalmorum,
542 3778 679 3848 quod
707 3783 772 3830 ab
805 3776 1123 3847 Hieronymo
1153 3779 1288 3831 inter
1311 3775 1674 3829 Athanasiana
1701 3775 1899 3844 scripta
1921 3783 2291 3828 enumeratur:
2322 3783 2378 3826 at
2401 3789 2518 3826 cum
2544 3774 2604 3827 de
2629 3773 2799 3827 titulis
2827 3791 2915 3828 seu
2946 3775 3370 3844 inscriptionibus

158 3871 466 3934 psalmorum
517 3886 581 3923 ne
623 3869 827 3923 verbum
861 3868 1069 3938 quidem
1100 3867 1197 3920 hac
1225 3868 1277 3919 in
1307 3866 1527 3935 epistola
1553 3876 1870 3930 compareat,
1903 3863 2176 3935 propalam
2207 3863 2351 3917 nobis
2380 3875 2480 3928 est,
2505 3864 2672 3917 alium
2710 3866 2775 3917 ab
2812 3864 3128 3934 Hieronymo
3157 3848 3369 3921 laudari

158 3961 356 4030 librum,
385 3971 492 4018 etc.
530 3960 604 4016 De
636 3962 1083 4031 praestantissima
1107 3961 1209 4015 bac
1234 3959 1459 4031 epistola
1497 3968 1690 4030 praeter
1710 3959 1977 4031 synodum
2006 3958 2277 4014 Nicaenam
2307 3959 2623 4021 secundam,
2642 3960 2713 4013 ita
2742 3961 2988 4016 meminit
3009 3962 3372 4020 Cassiodorus

156 4055 202 4106 in
230 4055 364 4110 libro
390 4055 469 4109 De
495 4055 828 4109 institutione
854 4053 1151 4108 divinarum
1194 4052 1513 4119 litterarum,
1542 4067 1660 4122 cap.
1707 4052 1742 4106 4
1771 4071 1783 4106 :
1822 4051 2088 4122 Legendus
2121 4061 2198 4107 est
2231 4053 2390 4104 etiam
2433 4051 2639 4105 libellus
2682 4051 2962 4106 Athanasii
2992 4055 3365 4114 Alexandrina:

155 4149 369 4204 ciuitatis
406 4150 662 4220 episcopi,
691 4166 838 4220 quem
865 4148 1172 4202 Marcellino
1201 4157 1315 4216 post
1341 4147 1704 4218 wgritudinem
1737 4149 1790 4203 in
1839 4148 2010 4202 locum
2035 4148 2330 4216 refectionis
2367 4148 2688 4204 dulcissima:
2718 4149 3022 4220 destinavit,
3070 4154 3159 4221 qui
3181 4155 3369 4208 inscri-

152 4237 280 4290 bitur
305 4255 323 4292 :
354 4238 431 4295 De
462 4240 606 4294 libro
637 4237 1011 4305 Psalmorum;
1043 4237 1132 4290 ubi
1152 4237 1357 4290 diversa
1391 4252 1740 4301 commoneas,
1772 4237 2020 4292 uirtutem
2049 4239 2218 4308 operis
2249 4239 2415 4309 ipsius
2439 4240 2796 4304 minutissima
2823 4249 3145 4302 discussione
3167 4251 3370 4320 ραεείε..

152 4333 229 4394 cit,
266 4333 500 4388 diuersos
526 4334 796 4389 hominum
832 4352 984 4390 casus
1016 4353 1134 4391 cum
1157 4338 1268 4391 suis
1304 4337 1543 4392 remediis
1569 4337 1798 4390 suaviter
1819 4336 2177 4390 introducens.
2205 4337 2594 4407 Argumentum
2622 4341 2862 4412 ejusdem
2895 4347 3135 4416 epistolae
3163 4346 3362 4400 laudati

152 4433 320 4491 Patres
353 4435 695 4492 Benedictini
735 4438 920 4507 paucis
956 4437 1133 4494 verbis
1161 4438 1421 4492 exhibent
1451 4439 1504 4492 in
1537 4438 1682 4492 hunc
1725 4436 1945 4492 modum
1984 4454 1997 4491 :
2047 4434 2230 4489 Primo
2260 4437 2313 4490 id
2351 4440 2565 4507 ponitur
2593 4439 2911 4492 discriminis
2951 4437 3193 4492 Psalmos
3231 4440 3366 4489 inter

150 4535 189 4575 et
214 4527 338 4582 alios
380 4527 682 4598 Scriptura:
721 4546 886 4584 sacrte
918 4529 1099 4594 libros,
1122 4540 1180 4583 ut
1202 4531 1290 4598 qui
1313 4529 1445 4584 alios
1464 4530 1606 4599 legit,
1632 4527 1785 4583 verba
1814 4545 1913 4580 non
1939 4538 1995 4581 ut
2017 4544 2133 4594 sua,
2157 4530 2244 4582 sed
2271 4545 2470 4596 eorum,
2501 4546 2720 4600 quorum
2741 4530 2865 4582 libri
2891 4539 3031 4595 sunt,
3059 4528 3136 4582 vel
3162 4543 3362 4593 eorum,

150 4627 222 4689 qui
250 4625 390 4697 loqui
433 4627 773 4690 exhibentur,
811 4627 1080 4696 proferat;
1120 4627 1209 4697 qui
1243 4636 1418 4681 autem
1444 4625 1688 4679 Psalmos
1716 4624 1922 4689 recitat,
1947 4625 2098 4678 verba
2127 4626 2361 4694 proferat
2386 4629 2538 4696 quasi
2562 4643 2680 4694 sua,
2707 4638 2756 4682 et
2793 4628 2860 4680 ad
2884 4643 2938 4680 se
2965 4627 3171 4698 proprie
3201 4627 3366 4694 perti-

150 4720 326 4772 nentia.
355 4719 497 4773 Hinc
523 4719 836 4773 dividuntur
870 4717 1074 4775 Psalmi
1099 4720 1153 4773 in
1177 4721 1322 4774 varia
1339 4735 1545 4789 genera,
1570 4719 1757 4772 orandi
1788 4717 2009 4785 scilicet,
2044 4719 2346 4787 conﬁtendi,
2370 4729 2418 4773 et
2439 4720 2516 4775 his
2537 4722 2736 4775 similia
2753 4720 3065 4792 :deindeque
3095 4721 3363 4773 indicatur

147 4830 229 4881 quo
261 4818 482 4887 quisque
517 4800 757 4887 psalmus
787 4831 934 4882 casu,
967 4833 1070 4886 qua
1089 4816 1405 4884 conditione,
1436 4832 1540 4886 qua
1563 4815 1952 4886 opportunitate
1987 4815 2106 4868 cani
2133 4815 2335 4870 debeat.
2368 4814 2436 4870 In
2465 4815 2604 4872 hisce
2638 4825 2746 4870 tota
2786 4826 3020 4872 versatur
3047 4815 3285 4884 epistola.

433 5696 721 5757 Ρλτιοι.
769 5693 879 5758 Gn.
929 5699 1185 5763 XXVII.

3001 5701 3035 5760 1
