4074 6304
751 301 806 351 H
1580 300 1638 358 S.
1684 301 2052 357 ATHANASII
2092 302 2238 360 OPP.
2286 305 2462 360 PARS
2501 306 2584 366 Ill.
2621 343 2689 351 —
2727 312 3136 375 EXEGETICA.
3911 341 3961 391 42

755 557 3967 614 MM

741 742 1012 799 SANCTI
1068 743 1332 801 PATRIS
1385 745 1655 800 NOSTRI
1722 748 1761 798 Α
1786 743 2142 800 TIIANASII
2191 747 2310 799 All-

811 837 1870 894 CHIEPISCOPIALEXANDRINI
1948 838 2045 891 AD
2125 838 2312 892 MAR-

809 929 1199 987 CELLINUM

807 1023 1281 1081 ΡδΑωιοιιυΜ.

1332 931 1422 985 ΙΝ
1519 928 2309 984 INTERPRETATIONEM

2427 753 2560 803 ΤΟΥ
2592 756 2695 806 ΕΝ
2727 759 2979 812 ΑΙἸΟΙΣ
3015 764 3111 815 ΠΛ
3125 765 3304 818 ΤΡΟΣ
3326 769 3536 822 ΗΜΩΝ
3565 776 3961 835 ΑΘΑΝΑΣΙΟΥ

2481 844 3037 906 ΑΡΧΙΕΠΙΣΚΟΠΟ
3050 857 3094 907 Υ
3151 861 3703 922 ΑΛΕΞΑΝΔΡΕΙΑΣ
3784 877 3961 930 ΠΡΟΣ

2485 938 3025 1084 ῗέῖῇῗὶΛΙΝΟΝ
3044 950 3167 1002 ΕΙΣ
3203 952 3343 1006 ΤΗΝ
3372 954 3417 1006 Ε
3420 958 3804 1019 ΡΜΗΝΕΙΑΝ
3809 976 3821 989 ⁸
3844 967 3963 1020 ΤΩΝ

2532 1028 2548 1048 ’⁸
2749 1033 2817 1084 Ν.

2532 1028 2817 1086 ἈΛΜΩΝ.

796 1432 849 1488 l.
868 1429 1032 1485 Miror
1059 1439 1212 1485 tuum
1244 1430 1294 1483 in
1317 1429 1534 1486 Christo
1561 1429 1918 1500 propositum,
1941 1429 2132 1486 dilecte
2151 1429 2250 1486 Mat

2355 1466 2366 1489 ι
2393 1438 2530 1531 μα’.
2580 1432 2822 1531 ’ἶᾼγαμαί
2857 1455 2916 1491 σε
2950 1440 3048 1511 τῆς
3075 1440 3133 1495 ἐν
3161 1444 3381 1518 Χριστῷ
3411 1454 3801 1524 προαιρέσεως,
3848 1463 3956 1531 φίλε

723 1522 931 1578 celline.
973 1519 1108 1575 Nam
1152 1530 1204 1576 et
1239 1529 1560 1591 praesentem
1606 1524 1984 1590 tentationem,
2035 1522 2250 1592 quamvi

2393 1524 2750 1624 Μαρκελλῖνε,
2788 1532 2898 1624 Καί
2923 1533 3036 1624 ,γάρ
3070 1537 3160 1589 καὶ
3202 1537 3293 1591 τὸν
3347 1519 3588 1612 παρόντα
3637 1519 3954 1624 πειρασμὸν,

722 1615 951 1683 plurima
993 1614 1047 1668 in
1089 1629 1151 1668 ea
1196 1628 1411 1683 passus,
1469 1612 1638 1684 probe
1673 1612 1892 1678 toleras,
1945 1623 1999 1668 et
2047 1615 2281 1682 ascesin,

719 1725 813 1763 seu
849 1707 1289 1764 exercitationem
1335 1721 1443 1761 non
1490 1707 1736 1778 negligis.
1780 1707 2101 1764 Sciscitatus
2141 1712 2285 1765 enim

716 1816 781 1855 ex
827 1809 923 1855 tuo
967 1799 1250 1854 tabellario
1306 1815 1412 1869 qua
1460 1801 1674 1856 ratione
1734 1813 1855 1872 post
1908 1805 2283 1874 aegritudinem

715 1893 982 1956 versaris,
1036 1891 1200 1947 didici
1249 1899 1302 1947 te
1358 1895 1612 1949 omnibus
1645 1897 1864 1965 quidem
1905 1899 2102 1954 divinis
2139 1898 2285 1954 Scri-

709 1986 887 2057 pturis
915 2001 1128 2053 vacare,
1147 1987 1490 2058 potissimum
1515 1997 1695 2045 tamen
1723 1988 2062 2046 Psalmorum
2084 1992 2279 2046 librum

710 2079 976 2145 evolvere,
1025 2078 1366 2150 maximeque
1426 2080 1645 2135 studere
1690 2088 1750 2134 ut
1791 2081 2057 2152 cujusque
2088 2085 2280 2152 psalmi

710 2188 892 2228 veram
936 2167 1258 2230 sententiam
1293 2189 1607 2245 assequare.
1649 2173 2013 2241 Quamobrem
2045 2186 2097 2232 te
2131 2194 2281 2233 sum-

705 2281 926 2338 mopere
956 2267 1140 2332 laudo,
1171 2282 1294 2323 cum
1321 2282 1519 2340 magno
1549 2267 1799 2324 eumdem
1826 2269 2024 2324 librum
2081 2278 2277 2326 totam-

702 2377 808 2432 que
838 2360 1171 2431 Scripturam
1199 2362 1380 2417 studio
1407 2377 1723 2434 prosequar.
1762 2362 1875 2417 Hoc
1905 2363 2086 2434 itaque
2117 2366 2276 2421 modo

702 2453 948 2518 affectus,
975 2453 1140 2508 incidi
1173 2455 1302 2509 olim
1334 2454 1389 2508 in
1419 2456 1709 2525 quemdam
1758 2471 1942 2510 senem
1988 2458 2276 2513 studiosis-

701 2549 922 2612 simum,
946 2548 1173 2618 voloque
1206 2547 1322 2609 tibi,
1351 2562 1472 2617 quae
1499 2547 1632 2601 mihi
1667 2548 1755 2601 ille
1779 2549 1846 2602 de
1866 2564 2023 2604 sacro
2064 2550 2270 2605 Psalte-

700 2643 801 2706 rio,
843 2640 988 2713 quod
1021 2657 1185 2696 manu
1220 2641 1456 2708 tenebat,
1499 2642 1993 2706 sermocinabatur,
2040 2645 2272 2714 perscri-

695 2737 821 2791 bere
853 2755 868 2791 :
905 2735 1105 2791 habent
1144 2736 1290 2789 enim
1318 2734 1610 2805 quamdam
1640 2734 1889 2804 gratiam,
1925 2746 1977 2790 et
2013 2737 2270 2805 probabi-

2392 1617 2568 1669 καίτοι
2596 1618 2764 1673 πολλὰ
2798 1622 2984 1677 παθὼν
3017 1625 3074 1678 ἐν
3104 1628 3269 1699 αὐτῷ,
3303 1631 3482 1697 καλῶς
3509 1639 3713 1708 φέρεις,
3733 1617 3952 1718 καὶ-τῆς

2390 1707 2676 1808 ἀσκήσεως
2707 1714 2804 1808 ουκ
2833 1716 3072 1786 ἀμελεῖς.
3103 1712 3505 1796 Πυνθανόμενος
3535 1731 3638 1804 γὰρ
3677 1735 3768 1788 τοῦ
3801 1707 3952 1808 κομίζ

2389 1818 2577 1866 σαντος
2603 1806 2700 1876 τὴν
2733 1807 3040 1882 ἐπιστολὴν,
3078 1813 3194 1877 πῶς
3225 1817 3331 1887 ἄρα
3374 1820 3467 1872 καὶ
3517 1824 3652 1892 μετὰ
3678 1827 3776 1898 τὴν
3809 1806 3954 1883 νόσον

2384 1893 2616 1992 διάγεις·
2652 1897 3021 1992 ἑμαθονῗπρὸς
3067 1907 3164 1975 μὲν
3199 1911 3378 1963 πᾶσαν
3406 1913 3505 1984 τὴν
3553 1915 3701 1971 θείαν
3733 1893 3953 1992 λ’ραφὴν

2383 1985 2528 2084 ἔχειν
2544 2004 2620 2084 *σε
2768 1991 2978 2062 σχολὴν,
2996 1997 3324 2070 πυκνότερον
3349 2003 3405 2056 δὲ
3439 2005 3670 2074 μάλιστα
3696 2013 3759 2081 τῇ
3780 1985 3952 2084 ’βίϐλιρ

2380 2077 2488 2168 τῶν
2543 2080 2788 2152 Ψαλμῶν
2843 2087 3204 2158 ἐντυγχάνειν,
3240 2096 3333 2147 καὶ
3386 2096 3704 2166 φιλονεικεῖν
3735 2077 3841 2158 "seu
3894 2077 3950 2159 ἐν

2380 2169 2594 2262 ἐκάστῳ
2620 2170 2818 2248 ψαλμῷ
2850 2178 2971 2232 νοῦν
3001 2182 3314 2255 ἐγκείμενον
3351 2191 3803 2262 καταλαμϐάνειν.
3840 2200 3948 2254 Καὶ

2377 2261 2464 2361 διὰ
2489 2264 2646 2361 τουτο
2667 2269 2845 2323 τοίνυν
2866 2271 3194 2344 ἀποδέχομαι
3219 2294 3297 2344 σε,
3324 2280 3490 2334 πολὺν
3515 2261 3651 2354 ἔχων
3677 2289 3756 2351 εἰς
3781 2290 3949 2361 αὐτὴν

2375 2354 2473 2454 τὴν
2525 2357 2706 2427 βίϐλον
2753 2362 2907 2432 κάγὼ
2938 2365 3118 2432 πόθον,
3160 2369 3345 2444 ὥσπερ
3380 2374 3472 2427 καὶ
3521 2378 3600 2440 εἰς
3640 2381 3819 2434 πᾶσαν
3850 2354 3948 2454 τήν

2374 2448 2616 2545 Γραφήν.
2651 2455 2760 2508 Καὶ
2788 2458 2894 2529 γὰρ
2920 2459 3091 2524 οὕτως
3138 2462 3296 2533 ἔχων,
3342 2469 3625 2541 συνέτυχόν
3663 2491 3768 2528 τινι
3802 2448 3946 2545 φιλο-

2374 2541 2520 2640 πόνιρ
2567 2545 2804 2616 γέροντι,
2834 2551 2927 2603 καὶ
2959 2552 3217 2625 βούλομαι
3266 2559 3358 2612 καί
3408 2579 3508 2628 σοι,
3549 2565 3691 2640 ἅπερ
3741 2541 3944 2636 ἐκεῖνος

2372 2636 2617 2732 κατέχων
2661 2640 2723 2693 τὸ
2754 2642 3062 2716 Ψαλτήριον
3106 2651 3232 2720 περὶ
3278 2653 3441 2732 αὐτοδ
3490 2673 3579 2727 μοι
3624 2636 3940 2732 διηγήσατο,

2373 2728 2612 2825 γράψαι·
2666 2731 2778 2825 ἔχει
2823 2736 2931 2807 γάρ
2961 2755 3081 2792 τινα
3127 2741 3285 2813 χάριν
3330 2728 3424 2798 καί
3460 2728 3788 2822 πιθανότήτα
3822 2757 3940 2825 μετ’

695 2832 896 2886 litatem
934 2847 1058 2886 eum
1085 2831 1431 2885 enarratione
1456 2828 1848 2883 verisimillima
1896 2829 2241 2900 conjunctam

2373 2819 2592 2890 εὐλόγου
2629 2801 2725 2878 τοῦθ
2752 2801 2909 2899 διη-γῆ
2918 2847 3104 2900 ματος.
3128 2801 3332 2904 τἘιλεγε
3356 2839 3460 2910 γὰρ
3484 2801 3692 2905 οὕτωςέ

693 2924 769 2978 ita
797 2924 941 2979 enim
975 2923 1191 2978 locutus
1221 2931 1304 2976 est
1341 2938 1354 2974 :

756 3017 814 3075 2.
845 3015 1035 3072 Omnis
1091 3024 1312 3082 nostra,
1367 3029 1400 3069 ο
1444 3014 1546 3080 lili,
1593 3013 1896 3084 Scriptura,
1943 3031 2065 3071 cum
2111 3022 2266 3069 vetus

690 3119 805 3164 tum
839 3124 999 3175 nova,
1034 3108 1291 3163 divinitus
1322 3107 1584 3175 inspirata
1638 3104 1897 3175 utilisque
1950 3106 2017 3160 ad
2061 3105 2264 3161 doctri-

687 3217 814 3258 nam
841 3212 942 3264 est,
974 3209 1031 3255 ut
1056 3201 1320 3270 scriptum
1349 3198 1598 3252 habetur.
1638 3197 1891 3253 Attamen
1919 3194 2259 3254 Psalmorum

685 3294 822 3349 liber
864 3293 1113 3363 quaedam
1145 3291 1438 3345 observatu
1505 3291 1669 3360 digna
1703 3290 1864 3346 habet
1911 3291 1999 3360 iis,
2050 3293 2142 3363 qui
2171 3302 2256 3347 at-

684 3387 903 3441 tendere
933 3383 1223 3439 voluerint.
1274 3381 1510 3451 Quilibet
1541 3383 1685 3439 enim
1730 3383 1865 3439 liber
1903 3399 2081 3449 suum,
2109 3384 2256 3454 quod

679 3480 916 3553 praefert,
957 3489 1334 3552 argumentum
1367 3487 1563 3535 tractat
1597 3490 1650 3535 et
1679 3479 2025 3550 prosequitur
2065 3479 2253 3536 :verbi

679 3574 848 3646 gratia
875 3572 1275 3628 Pentateuchus
1309 3572 1496 3628 mundi
1523 3571 1807 3642 originem,
1838 3579 1988 3641 gesta
2019 3572 2253 3642 patriar-

677 3665 928 3730 charum,
969 3665 1175 3720 exitum
1206 3663 1418 3720 lsraelis
1449 3680 1514 3720 ex
1542 3664 1796 3736 Egypto,
1826 3674 1880 3719 et
1917 3665 2048 3735 legis
2079 3666 2248 3721 tradi-

677 3754 876 3808 tionem
894 3771 908 3818 ;
924 3751 1272 3820 Triteuchus,
1286 3752 1513 3807 sortium
1529 3751 1989 3819 distributionem,
2004 3752 2244 3820 iudicum

675 3851 818 3910 acta,
860 3843 1077 3899 Davidis
1103 3844 1503 3914 genealogiam;
1532 3843 1655 3898 libri
1709 3843 1915 3916 Regum
1957 3854 2012 3900 et
2041 3843 2246 3900 Parali-

673 3949 1052 4005 pomenorum,
1094 3943 1243 4005 gesta
1274 3949 1496 4006 regum;
1541 3935 1762 4003 Esdras,
1798 3937 2122 4006 captivitatis
2154 3951 2244 3992 so-

672 4028 976 4097 lutionem,
1029 4026 1263 4084 reditum
1308 4029 1514 4099 populi,
1567 4029 1751 4100 templi
1807 4038 1859 4086 et
1911 4031 2059 4087 urbis
2103 4046 2240 4086 con-

2441 2999 2503 3092 βῗ.
2547 2999 2852 3092 Πᾶσαγμὲν,
2881 3005 2926 3056 ῶ
2958 3008 3166 3075 τέκνον,
3201 3013 3234 3080 ἡ
3265 3013 3383 3065 καθ’
3409 3016 3555 3092 ἡμᾶς
3587 3019 3796 3092 Γραφὴ,
3833 3041 3938 3076 πα..

2367 3087 2491 3184 λαιά
2529 3107 2596 3184 Δτε
2641 3091 2735 3145 καὶ
2792 3096 2972 3168 καινὴ,
3005 3097 3356 3167 θεόπνευστός
3389 3088 3503 3159 ἐστι
3537 3087 3935 3184 καὶ-ὼιρέλιμος

2365 3180 2499 3250 πρὸς
2521 3181 2887 3252 διδασκαλίαν,
2912 3187 2988 3251 ὡς
3015 3191 3360 3263 γέγραπται·
3395 3195 3504 3266 ἔχει
3537 3198 3593 3250 δέ
3625 3217 3744 3253 τινα
3776 3180 3936 3257 πιθα-

2501 3277 2879 3348 παρατήρησιν
2911 3282 3022 3344 τοῖς
3069 3284 3424 3355 προσέχουσιν
3477 3291 3509 3359 ἡ
3545 3289 3649 3343 τῶν
3683 3291 3932 3363 Ψαλμῶν

2361 3361 2804 3456 θίϐλος.Ἐκάστη
2856 3371 2953 3440 μὲν
2982 3372 3090 3443 γὰρ
3118 3374 3297 3443 βίϐλος
3327 3379 3387 3431 τὸ
3426 3379 3553 3434 ἴδιον
3603 3361 3930 3456 ἐπάγγελμα

2354 3452 2588 3509 διακονεῖ
2613 3459 2706 3511 καὶ
2735 3460 3093 3541 ἀπαγγέλλει·
3128 3459 3237 3518 οἷον
3266 3469 3298 3537 ἡ
3329 3470 3692 3544 Πεντάτευχος
3715 3452 3930 3543 γένεσιν

2353 3546 2554 3617 κόσμου
2589 3551 2683 3604 καὶ
2711 3552 2818 3606 τῶν
2841 3557 3194 3628 πατριαρχῶν
3220 3559 3317 3625 τὰς
3347 3562 3588 3634 πράξεις
3622 3567 3720 3638 τήν
3742 3585 3802 3622 τε
3826 3572 3927 3625 ἀπ’

2348 3641 2620 3710 Αἰγύπτου
2653 3645 2746 3699 τοῦ
2789 3648 3000 3720 Ἰσραὴλ
3033 3648 3225 3720 ἔξοδον,
3249 3655 3341 3708 καὶ
3368 3657 3466 3728 τὴν
3487 3658 3582 3728 τῆς
3605 3661 3926 3731 νομοθεσίας

2347 3734 2584 3826 διάταξιν
2602 3754 2614 3766 ·
2647 3740 2680 3809 ή
2707 3739 2997 3812 Τρίτευχος
3027 3744 3128 3815 τὴν
3151 3745 3249 3816 κλη
3261 3747 3518 3816 ροδοσίαν,
3552 3753 3642 3805 καὶ
3665 3753 3774 3807 τῶν
3799 3773 3925 3826 κριο

2346 3826 2454 3879 τῶν
2483 3821 2580 3893 τᾶς
2613 3829 2859 3900 πράξεις,
2882 3835 2975 3886 καὶ
3008 3836 3352 3905 γενεαλογίαν
3376 3840 3468 3893 τοῦ
3499 3843 3691 3897 Δαϐίδ·
3722 3848 3778 3898 αί
3812 3821 3920 3900 Ἐξα-

2347 3920 2537 3975 σιλεῖαι
2564 3922 2656 3975 καὶ
2688 3926 3159 3999 Παραλειπόμεναι
3192 3930 3452 4000 βασιλέων
3483 3935 3705 4006 πράξεις
3724 3955 3736 3966 ·
3767 3940 3862 3992 καὶ
3887 3943 3919 3993 δ

2346 4016 2442 4085 μὲν
2478 4017 2710 4090 Ἔσδρας
2729 4019 2987 4075 ἀπόλυσιν
3007 4022 3108 4094 τῆς
3132 4025 3503 4096 αἰχμαλωσίας
3533 4029 3627 4083 καὶ
3655 4031 3917 4086 ἐπάνοδον

671 4121 1059 4190 structionem;
1111 4119 1438 4191 Prophetas,
1489 4121 1800 4192 prophetias
1857 4123 1924 4179 de
2003 4125 2232 4179 adventu

2355 4106 2432 4160 τοῦ
2450 4107 2603 4175 λαοῦ,
2633 4111 2725 4162 καὶ
2751 4111 3036 4184 οἰκοδομὴν
3066 4115 3160 4168 τοῦ
3189 4113 3317 4170 ναοῦ
3349 4119 3442 4172 καὶ
3472 4120 3568 4191 τῆς
3596 4121 3834 4185 πόλεως’
3861 4126 3914 4178 oi

669 4214 1000 4283 Salvatoris,
1051 4213 1117 4270 de
1163 4214 1445 4286 praeceptis
1493 4215 1774 4270 servandis
1819 4215 2047 4282 monita,
2097 4232 2236 4286 prae-

664 4309 1020 4362 varicantium
1046 4306 1514 4377 reprehensiones,
1535 4306 1843 4377 prophetias
1879 4305 1946 4370 de
1963 4309 2229 4377 gentibus.

663 4402 733 4457 At
772 4402 906 4456 liber
947 4399 1308 4465 Psalmorum,
1356 4402 1601 4457 omnium
1645 4400 1983 4471 reliquorum
2022 4400 2231 4456 fruetus

663 4495 819 4563 quasi
860 4494 1050 4551 insitos
1079 4494 1134 4549 in
1163 4510 1220 4550 se
1252 4494 1560 4562 continens,
1595 4504 1788 4550 cantus
1830 4495 1961 4561 edit,
2011 4506 2064 4550 et
2105 4511 2230 4566 pro-

660 4590 808 4657 prios
838 4589 1059 4662 insuper
1099 4604 1224 4644 cum
1267 4588 1401 4660 ipsis
1434 4589 1573 4645 inter
1605 4591 1945 4660 psallendum
1985 4589 2223 4646 exhibet.

729 4779 782 4833 ὅ.
815 4777 948 4834 Nam
970 4794 1090 4849 qua
1111 4779 1346 4834 Genesin
1383 4787 1629 4849 spectant
1654 4779 1835 4849 psallit
1887 4779 2097 4848 psalmo
2128 4780 2224 4834 de-

659 4879 798 4934 cimo
829 4888 1059 4934 octavo:
1101 4875 1230 4932 ϐα·ιί
1276 4887 1526 4931 enarrant
1569 4879 1793 4946 gloriam
1821 4875 1936 4943 Dei,
1980 4885 2030 4930 et
2063 4892 2222 4944 opera

654 4986 904 5023 manuum
948 4970 1060 5038 ejus
1104 4969 1382 5022 annuntiat
1427 4968 1855 5036 ﬁrmamentum;
1897 4975 1950 5021 et
2011 4966 2220 5032 psalmo

653 5065 910 5118 vicesimo
928 5062 1084 5116 tertio
1114 5081 1127 5116 :
1156 5061 1366 5114 Domini
1393 5069 1469 5113 est
1503 5072 1663 5126 terra,
1695 5069 1745 5112 et
1773 5060 2041 5128 plenitudo
2061 5059 2173 5128 ejus
2199 5077 2215 5113 :

649 5156 792 5209 orbis
830 5165 1118 5217 terrarum,
1159 5163 1206 5206 et
1245 5153 1472 5206 universi
1507 5152 1596 5221 qui
1631 5150 1869 5204 habitant
1897 5152 1950 5203 in
1982 5168 2060 5205 eo.
2095 5149 2215 5220 Ipse

2355 5140 2480 5192 ωμα
2502 5121 2711 5191 αὐτῆς,
2728 5125 2767 5192 ἡ

652 5266 806 5318 super
839 5250 1013 5302 maria
1057 5247 1295 5316 fundavit
1334 5262 1468 5300 eam.
1512 5244 1644 5311 Quae
1672 5261 1799 5300 vero
1827 5245 1894 5299 ad
1943 5241 2211 5307 Exodum,

652 5338 939 5407 Numeros,
979 5339 1457 5395 Deuteronomium
1498 5338 1790 5408 pertinent,
1823 5335 2045 5407 pulchre
2070 5336 2216 5388 canit

653 5439 710 5492 in
743 5434 1137 5506 septuagesimo
1167 5432 1416 5500 septimo,
1464 5432 1761 5486 centesimo
1790 5430 2001 5485 decimo
2033 5430 2208 5491 tertio.

653 5533 738 5587 his
775 5528 956 5585 verbis
985 5548 996 5581 :
1020 5525 1086 5581 In
1100 5529 1243 5581 exitu
1275 5523 1443 5578 Israel
1468 5525 1530 5577 de
1553 5523 1805 5595 JEgypto,
1832 5523 2016 5578 domus
2041 5523 2204 5577 Iacob

644 5626 706 5678 de
721 5622 911 5693 populo
935 5622 1176 5686 barbaro,
1207 5623 1348 5688 facta
1378 5630 1455 5675 est
1473 5619 1665 5676 Iudam
1687 5620 2037 5690 sanctiﬁcatio
2062 5619 2199 5687 ejus,

716 5758 789 5824 (i)
829 5758 947 5813 Τῶν
982 5757 1196 5813 πάντων
1223 5760 1307 5816 ed.

2338 4200 2393 4252 δὲ
2416 4203 2693 4273 Προφῆται
2715 4206 3049 4275 προφητείας
3081 4210 3204 4280 περὶ
3236 4211 3335 4281 τῆς
3359 4212 3646 4282 ἐπιδημίας
3675 4213 3768 4267 τοῦ
3795 4216 3913 4269 Σω-

2334 4293 2519 4364 τῆρος,
2545 4295 2876 4369 ὑπομνήσεις
2895 4316 2955 4352 τε
2989 4302 3117 4371 περὶ
3144 4301 3250 4354 τῶν
3278 4304 3525 4368 ἐντολῶν,
3549 4308 3641 4360 καὶ
3669 4309 3911 4380 μέμψεις

2335 4387 2473 4440 κατά
2498 4388 2603 4441 τῶν
2632 4389 3089 4461 παραϐαινόντων,
3133 4397 3226 4448 καὶ
3259 4398 3590 4469 προφητείας
3614 4403 3723 4464 τοῖς
3755 4399 3910 4455 ἔθνε-

2335 4495 2435 4532 σιν.
2453 4481 2516 4531 Ἡ
2563 4479 2620 4532 δέ
2667 4498 2729 4548 γε
2769 4480 2949 4552 βίϐλος
2989 4483 3097 4538 τῶν
3137 4485 3405 4556 Ψαλμῶν,
3452 4488 3526 4550 ὼς
3577 4489 3909 4560 παράδεισος

2329 4571 2397 4624 τὰ
2427 4572 2502 4642 (l)
2538 4573 2595 4625 ἐν
2621 4573 2757 4645 αὐτῇ
2812 4574 3050 4646 φέρουσα
3080 4577 3324 4648 μελῳδεῖ.
3358 4577 3450 4631 καὶ
3477 4578 3544 4632 τὰ
3579 4579 3683 4633 ἴδια
3706 4580 3761 4633 δὲ
3793 4580 3904 4634 πά-

2329 4661 2409 4715 λιν
2439 4664 2553 4733 μετ’
2583 4663 2760 4716 αὐτῶν
2789 4664 3064 4734 ψάλλουσα
3096 4666 3352 4720 δείκνυσι.

2399 4760 2465 4820 γ’.
2509 4754 2588 4808 Τὰ
2621 4755 2716 4824 μὲν
2747 4754 2852 4826 γὰρ
2883 4755 2980 4824 τῆς
3008 4745 3278 4820 Γενέσεως
3304 4757 3492 4827 ψάλλει
3526 4759 3581 4812 ἐν
3612 4756 3690 4828 τῷ
3719 4757 3903 4812 ὀκτω-

2326 4843 2656 4916 καιδεκάτῳ·
2716 4847 2778 4898 Ol
2820 4845 3058 4913 οὐρανοὶ
3109 4844 3451 4915 διηγοῦνται
3494 4847 3682 4912 δόξαν
3722 4850 3900 4914 Θεοῦ,

2324 4937 2573 5006 ποίησιν
2599 4936 2667 4989 δὲ
2698 4936 2911 5006 χειρῶν
2945 4938 3130 4992 αὐτοῦ
3155 4939 3507 5009 ἀναγγέλλει
3539 4940 3606 4994 τὸ
3644 4942 3903 5011 στερέω-

2316 5045 2432 5099 μα·
2465 5029 2556 5082 καὶ
2585 5030 2642 5082 ἐν
2673 5029 2748 5100 τῷ
2778 5035 2860 5098 κγ’
2880 5046 2894 5060 ο
2937 5029 3048 5084 Τοῦ
3075 5031 3295 5098 Κυρίου
3327 5033 3365 5100 ὴ
3399 5027 3474 5100 γῆ
3500 5033 3596 5085 καὶ
3630 5033 3696 5086 τὸ
3739 5035 3903 5101 πλή-

2787 5123 3102 5194 οὶκουμένη
3125 5125 3220 5178 καὶ
3239 5123 3459 5189 πάντες
3474 5128 3526 5178 οι
3543 5126 3898 5180 κατοικοῦν-

2319 5232 2417 5279 τες
2446 5217 2514 5268 ἐν
2542 5214 2726 5284 αὐτῇσ
2773 5217 2953 5282 αὐτὸς
2993 5217 3091 5271 ἐπὶ
3128 5217 3455 5272 θαλασσῶν
3495 5218 3900 5287 ἐθεμελίωσεν

2317 5307 2526 5373 αὐτήν.
2562 5308 2640 5361 Τὰ
2669 5309 2725 5361 δὲ
2755 5311 2852 5381 τῆς
2880 5309 3086 5376 Ἐξόδου
3121 5311 3211 5363 καὶ
3239 5309 3346 5364 τῶν
3375 5310 3646 5383 Ἀριθμῶν
3673 5312 3765 5364 καὶ
3795 5311 3896 5365 τοῦ

2318 5401 2732 5472 Δευτερονομίου
2759 5402 2874 5473 ᾄδει
2898 5402 3073 5466 καλῶς
3102 5403 3157 5454 ἐν
3178 5401 3254 5472 τῷ
3275 5401 3654 5474 ἑϐδομηκοστῷ
3676 5403 3899 5474 ἑϐδόμῳ

2321 5496 2537 5568 ψαλμῷ,
2572 5498 2664 5549 καὶ
2705 5498 2762 5549 ἐν
2791 5496 2867 5567 τῷ
2902 5496 3173 5568 ἑκατοστῷ
3204 5497 3630 5568 τρισκαιδεκάτῳ
3662 5495 3892 5567 ψαλμῷ,

2316 5588 2520 5658 λέγων’
2569 5590 2662 5642 Ἑν
2705 5588 2892 5656 ἐξόδῳ
2934 5589 3165 5659 Ἰσραὴλ
3213 5590 3282 5655 ἐξ
3332 5591 3628 5660 Αἰγύπτου
3657 5630 3672 5655 ,
3713 5590 3896 5645 οἷκον
