4074 6304
159 373 215 426 15
1246 371 1572 425 EPIS'I'OLA
1611 369 1700 424 AD
1741 366 2262 424 MARCELLINUM.
3285 355 3348 416 14

169 489 341 544 Ἰακὼϐ
355 489 420 543 ἐκ
449 483 939 557 λαοῦβαρσάρου,
969 492 1219 562 ἐγενήθη
1251 493 1494 546 Ἰουδαία
1522 493 1679 562 ἁγία-

1794 489 1964 543 Israel
2003 497 2232 558 potestas
2279 487 2411 556 ejus.
2464 485 2539 540 Ea
2575 486 2690 555 ipsa
2735 483 2913 554 psallit
2947 484 2998 536 in
3055 482 3350 538 centesimo

155 599 262 650 σμα
293 580 488 646 αὐτοῦ,
507 583 741 650 Ἰσραὴλ
761 586 846 648 εἰς
867 583 1152 647 ἐξουσίαν
1171 585 1373 636 αὐτοῦ.
1402 583 1605 636 Ψάλλει
1628 582 1687 635 δὲ

157 675 235 725 καὶ
285 673 445 726 ταῦτα
473 676 530 725 ὲν
562 675 640 744 τῷ
671 675 941 745 ἑκατοστῷ
969 676 1228 746 τετάρτῳο
1273 675 1685 739 Ἐξαπέστειλε

158 762 394 830 Μωυσῆν
413 765 519 816 τὸν
540 764 764 819 δοῦλον
784 765 986 826 αὐτοῦ,
1005 765 1236 832 Ἀαρὼν,
1266 765 1337 818 ὃν
1368 764 1684 829 ἐξελέξατο

157 856 317 906 αὐτόν
334 872 346 884 ·
370 854 532 907 ἔθετο
560 856 630 908 ἐν
664 855 867 920 αὐτοῖς
888 855 1028 918 τοὺς
1046 857 1265 924 λόγους
1290 874 1407 908 των
1427 855 1685 924 σημείων

156 943 318 998 αὐτοῦ
337 945 428 999 καί
449 945 568 1000 τῶν
589 946 844 1014 τεράτων
868 948 1051 1001 αὐτοῦ
1075 948 1146 999 ἐν
1293 946 1436 1014 Χάμ.
1472 948 1525 998 Ἐ
1530 947 1679 1010 ξαπ-

155 1037 363 1091 έστειλε
383 1041 618 1104 σκότος,
658 1039 755 1092 καί
782 1040 1094 1103 ἐσκότασε,
1119 1039 1214 1092 καί
1241 1039 1682 1106 παρεπίκραναν

139 1121 279 1193 ¹τοὺς
298 1131 506 1197 λόγους
536 1128 741 1183 αὑτοῦ.
779 1129 1153 1198 Μετέστρεψε
1180 1130 1252 1183 τὰ
1282 1130 1467 1182 ὕδατα
1489 1130 1683 1183 αὐτῶν

153 1224 230 1285 εἰς
250 1217 395 1290 αἷμα,
415 1222 509 1274 καί
540 1222 848 1275 ἀπέκτεινε
867 1222 1006 1285 τοὺς
1029 1223 1235 1290 ἰχθύας
1255 1222 1466 1275 αὐτῶν.
1486 1221 1682 1289 Ἐξῆρ-

153 1317 258 1379 gi-er
284 1314 318 1379 ὴ
353 1311 424 1380 γῆ
459 1312 657 1366 αὐτῶν
678 1313 1020 1381 βατράχους
1048 1313 1118 1365 έν
1151 1313 1271 1377 τοῖς
1291 1312 1547 1381 ταμείοις
1569 1311 1686 1365 τῶν

147 1402 428 1466 βασιλέων
467 1402 682 1457 αὐτῶν.
715 1401 893 1468 Elite,
924 1405 1020 1457 καί
1069 1401 1212 1474 ἦλθε
1253 1406 1544 1472 κυνόμυια
1585 1402 1683 1456 καί

151 1495 378 1563 σκνῖφες
399 1496 466 1548 ἐν
486 1495 632 1549 πᾶσι
665 1497 788 1561 τοῖς
814 1497 995 1566 ὁρίοις
1025 1496 1237 1549 αὐτῶν.
1271 1497 1379 1550 Καὶ
1409 1497 1544 1559 ὅλως
1564 1496 1682 1548 ὅλον

150 1603 199 1638 τε
227 1587 307 1638 τὸν
335 1587 542 1658 ψαλμὸν
587 1588 772 1642 τοῦτόν
802 1606 862 1641 τε
906 1590 999 1642 καὶ
1047 1589 1236 1641 ἑκατὸν
1283 1588 1525 1658 πέμπτον
1557 1587 1684 1658 περὶ

148 1676 242 1728 τῶν
282 1678 450 1731 αὐτῶν
499 1679 642 1732 ἔστιν
685 1680 863 1749 εὑρεῖν
897 1680 1296 1750 γεγραμμένον.
1326 1679 1432 1731 Καὶ
1478 1678 1547 1731 τὰ
1590 1680 1686 1748 μὲν

150 1768 390 1836 ίερατείας
422 1770 512 1821 καὶ
540 1770 639 1838 τῆς
670 1770 870 1840 σκηνῆς
885 1771 1156 1838 ἀναφωνεῖ
1181 1771 1238 1821 ὲν
1276 1769 1461 1839 ὲξοδίῳ
1489 1769 1692 1838 σκηνῆς

1782 591 1975 652 quarto
2013 600 2024 633 :
2061 579 2210 633 Misit
2265 579 2477 648 Moysen
2513 592 2715 630 servum
2760 593 2937 638 suum,
2962 575 3160 638 Aaron,
3199 584 3348 643 quem

1780 674 1931 743 elegit
1979 674 2150 740 ipsum
2183 688 2199 724 :
2231 672 2403 741 posuit
2431 672 2485 722 in
2515 671 2588 722 eis
2636 667 2788 723 verba
2817 669 3084 736 signorum
3115 681 3349 721 suorum.

1780 774 1828 818 et
1871 765 2234 834 prodigiorum
2290 765 2534 825 in,terra
2578 761 2761 813 Cltam.
2817 759 2964 813 Misit
3017 757 3250 810 tenebras
3302 765 3350 806 ct

1783 855 2094 919 obscuravit,
2142 865 2192 908 et
2239 855 2679 906 exacerbaverimt
2723 867 2979 903 sermones
3028 866 3168 902 suos.
3211 844 3349 899 Con-

1784 949 1938 1003 vertit
1971 963 2136 1017 aquas
2174 962 2353 999 eorum
2386 946 2784 1014 insanguinem
2820 960 2836 995 :
2873 954 2919 994 et
2962 941 3150 994 occidit
3188 939 3350 1006 pisces

1785 1056 1982 1092 eorum.
2033 1037 2218 1090 Edidit
2267 1047 2406 1089 terra
2461 1052 2639 1088 eorum
2690 1052 2846 1088 ranas
2893 1035 2944 1086 in
3003 1029 3348 1100 penetralibus

1788 1147 1962 1201 regum
1986 1131 2238 1198 ipsorum.
2276 1128 2419 1180 Dixit
2449 1145 2465 1180 :
2493 1138 2539 1180 et
2565 1128 2697 1180 venit
2730 1126 3016 1192 caenomyia
3044 1135 3091 1176 et
3122 1121 3350 1190 ciniplies

1790 1223 1843 1275 in
1882 1220 2116 1273 omnibus
2154 1219 2348 1288 ﬁnibus
2376 1234 2576 1271 eorum.
2612 1217 2787 1286 Atque
2821 1216 3086 1283 integrum
3129 1211 3351 1263 omnino

1789 1315 2057 1383 psalmum
2089 1313 2275 1374 istum,
2317 1320 2370 1364 et
2401 1309 2755 1365 centesimum
2796 1308 3042 1376 quintum
3068 1303 3132 1357 de
3160 1301 3348 1357 iisdem

1789 1403 1953 1458 rebus
1986 1402 2353 1469 conscriptum
2385 1415 2504 1453 esse
2525 1398 2918 1468 deprehendere
2946 1403 3047 1449 est.
3072 1393 3202 1459 Qua:
3223 1407 3350 1446 vero

1787 1492 2147 1547 sacerdotium
2202 1489 2716 1554 labcrnaculumque
2766 1493 3040 1555 spectant,
3087 1482 3250 1536 refert
3295 1482 3349 1532 in

1796 1584 1943 1638 exitu
1994 1581 2346 1642 tabernaculi,
2385 1579 2638 1633 vicesimo
2671 1588 2860 1632 octavo
2882 1576 3087 1644 psalmo
3119 1592 3131 1626 :
3159 1572 3353 1640 Aﬁ‘erte

1799 1676 2047 1737 Domino,
2098 1673 2199 1740 ﬁlii
2245 1672 2374 1734 Dei,
2415 1671 2598 1740 aﬂ'erte
2644 1669 2867 1722 Domino
2914 1667 3054 1737 ﬁlios
3097 1665 3349 1726 arietum,

1799 1768 1979 1835 afferte
2013 1766 2235 1818 Domino
2275 1765 2497 1834 gloriam
2529 1773 2576 1816 et
2619 1763 2880 1814 honorem.

149 1861 198 1910 ὲν
225 1861 293 1930 τῷ
334 1869 415 1930 κη’
440 1861 636 1932 ψαλμῷ
653 1877 667 1892 ·
705 1861 1013 1931 Ἐνέγκατε
1034 1859 1112 1926 τῷ
1133 1861 1345 1928 Κυρίῳ,
1374 1861 1488 1914 υίοί
1513 1859 1680 1926 Θεοῦ,
1720 1858 1998 1929 ἐνέγκατε
2026 1856 2102 1920 τῷ
2125 1857 2313 1924 Κυρίῳ
2338 1855 2504 1918 υἰοὺς
2535 1853 2731 1922 κριῶν,
2755 1849 3027 1919 ἐνέγκατε
3048 1846 3126 1912 τῷ
3157 1844 3352 1913 Κυρίῴ

146 1949 310 2012 δόξαν
333 1951 425 2003 καί
455 1953 653 2018 τιμήν.

198 2044 254 2096 δ’.
275 2044 348 2096 Τὰ
375 2043 430 2096 δὲ
451 2043 546 2096 τοῦ
579 2044 730 2115 Ναυῆ
762 2044 856 2097 καὶ
884 2044 995 2097 τῶν
1024 2044 1236 2115 Κριτῶν
1268 2043 1518 2114 ἐμφαίνει
1556 2061 1672 2106 πως

1839 2040 1892 2094 4.
1923 2038 2028 2094 Res
2048 2053 2172 2092 vero
2200 2035 2328 2091 Jesu
2378 2035 2522 2090 Nave
2559 2044 2612 2090 et
2651 2032 2898 2088 Judicum
2945 2033 3113 2103 tangit
3142 2030 3350 2101 psalmo

147 2138 195 2188 ὲν
229 2137 299 2206 τῷ
338 2136 610 2207 ἑκατοστῷ
647 2138 807 2208 ἕκτῳ,
843 2138 1046 2206 λέγων·
1096 2137 1202 2191 Καὶ
1232 2136 1691 2204 συνεστήσαντο

144 2231 327 2295 πόλεις
380 2232 778 2296 κατοικεσιάς,
829 2233 928 2284 καὶ
972 2233 1257 2300 ἕσπειραν
1305 2234 1544 2302 ἀγροὺς,
1595 2235 1692 2288 καί

142 2321 462 2388 ἐφύτευσαν
490 2321 864 2390 ἀμπελῶνας.
881 2323 1001 2376 Ἐπὶ
1031 2325 1136 2395 γὰρ
1163 2324 1252 2377 τοῦ
1282 2325 1437 2394 Ναυῆ
1460 2325 1682 2380 διαδέδο-

144 2429 214 2465 ut
243 2413 471 2485 αὑτοῖςή
498 2415 568 2484 γῆ
594 2415 690 2485 τῆς
721 2415 1070 2484 ἐπαγγελίας.
1102 2416 1288 2484 Λέγων
1317 2418 1372 2470 δὲ
1401 2418 1456 2470 ὲν
1483 2419 1561 2488 τῷ
1591 2420 1688 2472 αὺ-

143 2504 202 2573 τῷ
241 2504 432 2575 ψαλμῷ
474 2507 743 2576 συνεχῶςο
771 2507 880 2562 Kal
918 2508 1246 2577 ἑκέκραξαν
1288 2510 1436 2576 πρὸς
1474 2511 1690 2576 Κύριον

139 2597 196 2647 ὲν
214 2595 289 2661 τῷ
307 2600 607 2652 θλίϐεσθαι
631 2599 878 2664 αὐτοὺς,
921 2600 1019 2654 καὶ
1045 2600 1113 2653 ἐκ
1141 2597 1258 2652 τῶν
1281 2598 1556 2668 ἀναγκῶν
1580 2601 1686 2652 αὐ-

139 2687 240 2740 τῶν
267 2689 497 2743 ἔσωσεν
526 2691 746 2754 αὐτούς
764 2708 776 2720 ·
817 2691 1069 2761 σημαίνει
1098 2690 1204 2742 τῶν
1242 2691 1458 2759 Κριτῶν
1480 2690 1579 2762 τὴν
1608 2690 1688 2760 βί-

140 2780 270 2832 ϐλον·
304 2782 422 2834 τότε
452 2781 562 2852 γάρ
607 2780 912 2853 κραζόντων
953 2781 1130 2834 αὐτῶν
1177 2782 1364 2851 ἧγειρε
1416 2780 1556 2835 κατὰ
1596 2782 1686 2835 τὸν

139 2872 306 2939 καιρὸν
333 2872 547 2942 κριτὰς,
575 2874 668 2923 καὶ
692 2872 858 2934 ἔσωζε
882 2871 970 2923 τὸν
990 2871 1115 2924 λαὸν
1138 2872 1246 2924 ἀπὸ
1266 2872 1374 2924 τῶν
1402 2871 1686 2926 Θλιϐόντων

135 2960 331 3023 αὐτούς.
368 2962 475 3013 Καὶ
503 2961 572 3016 τὰ
605 2960 711 3014 τῶν
741 2960 1036 3015 Βασιλειῶν
1058 2961 1249 3030 ψάλλει
1284 2978 1399 3023 πως
1426 2963 1484 3013 ὲν
1503 2962 1580 3030 τῷ
1601 2964 1686 3013 ὲν·-

135 3051 536 3121 νεακαιδεκάτῳ,
556 3050 729 3118 λέγων
747 3068 760 3080 ·
790 3046 966 3106 Οὗτοι
991 3051 1061 3105 ἐν
1079 3051 1298 3120 ἅρμασι
1310 3049 1410 3104 καί
1436 3045 1598 3105 οὗτοι
1617 3051 1687 3104 ἐν

134 3143 337 3208 ἵπποις,
371 3143 540 3212 ἡμεῖς
587 3143 656 3194 δὲ
699 3143 768 3195 ὲν
818 3128 1060 3211 ὀνόματι
1089 3143 1310 3211 Κυρίου
1342 3141 1489 3196 Θεοῦ
1516 3142 1685 3211 ἡμῶν

128 3235 700 3302 μεταλυνθησόμεθα.
747 3233 929 3286 Αὐτοί
987 3234 1521 3301 συνεποδίσθησαν
1582 3234 1681 3287 καί

131 3327 359 3392 ἔπεσαν,
404 3325 574 3395 ⁴ἡμεῖς
619 3325 687 3378 δὲ
725 3325 1062 3395 ἀνέστημεν
1097 3327 1196 3381 καί
1237 3328 1676 3396 ἁνῳθώθημεν.

1792 2132 2088 2186 centesimo
2139 2138 2320 2194 εειῑο,
2370 2131 2449 2184 sic
2497 2147 2508 2181 :
2562 2128 2627 2180 Et
2686 2130 3065 2181 constituerunt
3116 2125 3348 2178 civitates

1789 2224 2153 2288 habitationis,
2193 2231 2242 2276 et
2276 2223 2656 2276 seminaverunt
2689 2237 2863 2291 agros,
2904 2228 2953 2273 et
2982 2213 3346 2288 plantauerunt

1793 2318 1988 2370 uineas.
2026 2314 2159 2368 Nam
2206 2314 2309 2367 sub
2349 2312 2476 2367 Jesu
2524 2313 2667 2366 Nave
2700 2313 2891 2367 tradita
2926 2313 3033 2367 illis
3065 2308 3166 2366 fuit
3209 2322 3349 2366 terra

1790 2406 2187 2474 promissionis.
2237 2404 2374 2460 Cum
2417 2414 2595 2458 autem
2640 2404 2694 2457 in
2737 2419 2802 2457 eo
2843 2404 2960 2472 ipso
3000 2403 3207 2473 psalmo
3239 2402 3350 2457 fre-

1787 2509 2013 2567 quenter
2042 2498 2188 2553 dicat
2229 2516 2240 2550 :
2292 2496 2357 2550 Et
2402 2497 2757 2550 clamauerunt
2790 2495 2856 2548 ad
2903 2492 3183 2548 Dominum
3232 2512 3350 2548 cum

1788 2589 2186 2655 tribularentur,
2212 2599 2259 2642 et
2284 2589 2348 2642 de
2376 2589 2767 2642 necessitatibus
2784 2584 3213 2641 eorumlibcravit
3231 2603 3348 2640 eos:

1785 2681 1981 2734 librum
2005 2677 2256 2733 Judicum
2301 2678 2520 2733 indicat.
2554 2677 2692 2731 Tum
2731 2677 2874 2731 enim
2907 2677 3037 2746 ipsis
3067 2677 3350 2732 clamanti-

1786 2772 1909 2836 bus,
1963 2771 2131 2826 variis
2184 2771 2518 2842 temporibus
2561 2770 2771 2839 judices
2803 2769 3101 2834 excitabat,
3152 2768 3352 2822 libera-

1784 2861 1982 2931 batque
2025 2861 2284 2932 populum
2325 2862 2490 2916 abiis
2523 2862 2616 2931 qui
2667 2861 2840 2930 ipsum
2897 2860 3208 2929 allligerent.
3243 2859 3349 2916 ﬂeo

1787 2967 2016 3020 gnorum
2072 2968 2286 3023 quoque
2341 2953 2598 3008 historias
2651 2953 3051 3022 quodammodo
3103 2953 3251 3007 canit
3292 2954 3346 3007 in

1788 3041 1997 3096 decimo
2022 3058 2166 3094 nono
2198 3045 2383 3096 dicens
2415 3062 2429 3096 :
2465 3042 2538 3095 Hi
2573 3044 2627 3095 in
2655 3042 2915 3107 curribus,
2947 3051 2997 3095 et
3021 3039 3075 3096 lii
3103 3045 3156 3096 in
3180 3046 3347 3113 equis,

1785 3149 1878 3186 nos
1908 3141 2083 3187 autem
2121 3135 2179 3186 in
2211 3135 2416 3187 nomine
2461 3132 2670 3185 Domini
2704 3133 2800 3187 Dei
2851 3135 3019 3188 nostri
3044 3137 3349 3205 magni/ica-

1784 3225 1974 3279 bimur.
2017 3224 2131 3292 Ipsi
2159 3226 2395 3293 impediti
2426 3235 2567 3288 sunt,
2601 3233 2650 3278 et
2682 3224 3013 3290 ceciderunt;
3049 3244 3139 3280 nos
3173 3231 3345 3281 autem

1782 3317 2124 3381 surreximus,
2174 3325 2225 3369 et
2283 3317 2441 3368 erecti
2498 3333 2699 3370 sumus.
2752 3316 2989 3383 Domine,
3017 3320 3217 3373 salvum
3261 3323 3348 3389 fac

131 3420 306 3486 Κύριε,
328 3417 540 3474 σῶσον
566 3417 672 3471 τὸν
696 3417 976 3483 βασιλέα,
1011 3419 1108 3473 καί
1136 3418 1479 3473 ἐπάκουσον
1510 3417 1679 3488 ἡμῶν

1781 3423 1966 3476 regem,
2002 3417 2051 3461 et
2093 3407 2286 3461 exaudi
2321 3423 2414 3461 nos
2444 3407 2501 3460 in
2548 3407 2632 3460 die
2677 3425 2780 3476 qua
2829 3410 3234 3464 invocaverimus
3276 3420 3344 3465 te.

129 3503 242 3578 ἐνῇ
263 3509 336 3561 ἂν
358 3508 545 3576 ἡμέρᾳ
566 3507 1052 3578 ἑπικαλεσώμεθά
1077 3524 1169 3563 σε.
1185 3509 1267 3562 Τὰ
1291 3508 1347 3560 δὲ
1367 3507 1461 3561 τοῦ
1477 3509 1678 3580 Ἐσδρα

130 3599 179 3650 ἐν
205 3599 274 3668 τῷ
307 3599 728 3668 ἑκατονεικοστῴ
759 3599 993 3669 πέμπτῳ
1037 3600 1146 3653 τῶν
1185 3598 1510 3668 ἀναϐαθμῶν
1531 3598 1674 3670 ᾅδει·

140 3691 220 3741 Ἐν
239 3691 316 3755 τῷ
333 3689 694 3758 ἐπιστρέψαι
710 3691 926 3758 Κύριον
947 3690 1060 3757 τὴν
1081 3692 1491 3759 αἰχμαλωσίαν
1505 3690 1676 3753 Σιὼν,

129 3779 476 3850 ἐγενήθημεν
495 3781 640 3836 ὠσεί
659 3782 1166 3852 παρακεκλημένοι
1184 3799 1196 3812 ·
1223 3784 1316 3835 καὶ
1345 3783 1504 3835 πάλιν
1527 3785 1583 3835 ἐν
1602 3782 1680 3853 τῷ

130 3872 530 3942 ἐκατονεικοστῷ
562 3872 762 3943 πρώτῳ
782 3890 795 3904 ·
825 3872 1182 3942 Εὑςρρὰνθην
1227 3873 1324 3925 ὲπί
1365 3872 1488 3938 τοῖς
1526 3873 1679 3939 εἰρηι

129 3961 247 4013 κόσι
273 3977 376 4028 μοι
395 3976 411 3992 ·
438 3962 546 4024 Εἰς
581 3957 748 4014 οἷκον
768 3964 985 4029 Κυρίου
1017 3963 1454 4030 πορευσώμεθα.
1472 3960 1680 4015 Ἐστῶ-

128 4066 210 4115 τες
235 4047 396 4120 ἦσαν
435 4054 491 4105 οἰ
523 4051 703 4118 πόδες
746 4051 906 4120 ἡμῶν
942 4053 1010 4105 έν
1038 4054 1166 4118 ταῖς
1188 4053 1401 4118 αὐλαῖς
1435 4069 1570 4117 σου,
1588 4055 1678 4107 Ἰε-

121 4143 442 4212 ρουσαλήμ.
462 4143 843 4212 Ἰερουσαλὴμ
885 4143 1347 4212 οἰκοδομουμένη
1369 4145 1449 4209 ὡς
1476 4145 1674 4209 πόλις,

125 4229 231 4301 ἧςή
241 4235 468 4304 μετοχὴ
489 4235 679 4303 αὐτῆς
703 4237 797 4289 ἐπὶ
816 4235 880 4289 τὸ
901 4236 1048 4289 αὑτό
1062 4253 1074 4265 ·
1097 4235 1225 4288 ἐκεῖ
1246 4235 1353 4304 γὰρ
1373 4233 1677 4302 ἀνέϐησαν

126 4326 172 4376 αἰ
195 4325 395 4392 φυλαί,
415 4328 479 4378 αἰ
497 4324 684 4394 φυλαὶ
698 4326 938 4392 Κυρίου,
963 4326 1284 4394 μαρτύριον
1314 4325 1393 4391 τῷ
1419 4325 1672 4394 Ἰσραήλ.

179 4423 232 4469 ε’.
267 4418 346 4470 Τά
372 4433 435 4470 τε
466 4415 571 4469 τῶν
614 4417 913 4487 Προφητῶν
935 4417 1118 4486 σχεδὸν
1146 4418 1203 4468 ὲν
1237 4418 1448 4487 ἑκάστῳ
1479 4419 1676 4489 σημαί-

129 4523 209 4561 νει.
243 4507 376 4578 Περὶ
403 4508 506 4578 τῆς
533 4507 626 4560 τοῦ
657 4508 906 4578 Σωτῆρος
956 4508 1266 4580 ἐπιδημίας,
1309 4510 1400 4562 καὶ
1444 4511 1528 4562 ὅτι
1577 4511 1674 4580 μὲν

127 4598 232 4662 Θεὸς
273 4601 345 4653 ὣν
388 4600 740 4670 ὲπιδημήσει,
769 4601 938 4665 οὕτως
985 4603 1148 4671 φησὶν
1178 4604 1233 4654 ἐν
1262 4603 1360 4672 μὲν
1386 4603 1461 4673 τῷ
1481 4621 1674 4658 τεσσα-

131 4692 346 4762 ρακοστῷ
385 4692 593 4762 ὲννάτῳ
632 4691 827 4761 ψαλμῷ
847 4709 860 4722 ·
904 4694 956 4744 '0
989 4693 1198 4761 Κύριος
1218 4693 1492 4762 ἐμφανῶς
1519 4695 1668 4761 ἥξει,

1781 3496 1911 3562 Quae
1949 3512 2112 3566 porro
2141 3496 2366 3552 Esdram
2413 3506 2657 3565 spectant
2680 3498 2732 3550 in
2761 3498 3055 3552 centesimo
3086 3500 3345 3553 vicesimo

1779 3588 1968 3659 quinto
1996 3588 2258 3659 graduum
2284 3589 2534 3644 decantat
2569 3607 2582 3642 :
2622 3583 2689 3641 In
2719 3591 3055 3645 convertendo
3089 3591 3343 3646 Dominus

1781 3680 2134 3748 captivitatem
2165 3678 2313 3743 Sion,
2367 3681 2497 3750 facti
2549 3695 2730 3735 sumus
2776 3683 2912 3735 sicut
2965 3683 3241 3737 consolati.
3278 3685 3346 3738 Et

1780 3786 1994 3824 rursum
2024 3771 2079 3825 in
2107 3772 2400 3826 centesimo
2421 3771 2678 3824 vicesimo
2710 3774 2884 3840 primo
2917 3792 2929 3826 :
2962 3773 3194 3828 Lwtatus
3224 3793 3341 3828 sum

1777 3861 1831 3912 in
1865 3861 1963 3925 his,
1993 3877 2108 3925 quce
2135 3862 2274 3913 dicta
2304 3870 2428 3914 sunt
2458 3861 2584 3912 mihi
2614 3877 2633 3914 .'
2673 3861 2739 3915 In
2767 3861 2978 3917 domum
3006 3865 3215 3922 Domini
3240 3870 3340 3924 ibi-

1779 3967 1913 4003 mus.
1951 3949 2156 4004 Stantes
2182 3961 2329 4005 erant
2365 3953 2516 4020 pedes
2545 3954 2708 4004 nostri
2749 3955 2804 4005 in
2839 3956 2991 4010 atriis
3031 3959 3156 4022 tuis,
3183 3958 3340 4014 Jeru-

1779 4040 1960 4094 salem.
1997 4039 2328 4106 Jerusalem,
2368 4057 2484 4111 quaz
2518 4040 2814 4110 ludiﬁcatur
2847 4053 2904 4096 ut
2947 4048 3149 4113 civitas,
3187 4052 3339 4120 cujus

1777 4131 2114 4198 participatio
2153 4133 2264 4200 ejus
2296 4134 2348 4184 in
2380 4133 2626 4200 idipsum.
2659 4132 2795 4187 Illuc
2834 4139 2970 4189 enim
2998 4143 3337 4198 ascenderunt

1779 4221 1978 4286 tribus,
2015 4223 2178 4276 tribus
2211 4224 2440 4290 Domini,
2483 4226 2832 4280 testimonium
2869 4229 3057 4286 Israel.

1842 4417 1891 4469 5.
1915 4416 2045 4482 Quae
2076 4426 2252 4470 autem
2288 4418 2676 4488 Prophetarum
2706 4432 2851 4488 sunt,
2877 4425 2927 4477 in
2953 4426 3177 4497 singulis
3201 4445 3333 4498 pene

1776 4508 1995 4576 psalmis
2029 4509 2315 4576 signiﬁcat.
2347 4509 2419 4564 De
2451 4513 2679 4567 adventu
2737 4513 3051 4583 Salvatoris,
3099 4529 3152 4573 et
3186 4525 3332 4590 quod

1775 4599 1916 4655 Deus
1952 4617 2074 4655 cum
2115 4603 2205 4666 sit,
2258 4615 2514 4659 venturus
2560 4610 2649 4672 sit,
2690 4610 2763 4664 ita
2790 4612 2842 4663 in
2872 4613 3079 4681 psalmo
3112 4618 3328 4685 quidem

1773 4692 2186 4760 quadragesimo
2221 4710 2364 4748 nono
2405 4698 2505 4750 ait:
2533 4698 2671 4753 Deus
2695 4703 2963 4771 manifeste
2984 4707 3164 4770 veniet,
3192 4708 3330 4763 Deus

127 4783 152 4831 ὁ
176 4781 304 4845 Θεὸς
341 4781 534 4850 ἡμῶν,
562 4781 661 4834 καί
703 4784 772 4834 οὐ
816 4782 1364 4849 παρασιωπήσεται·
1405 4785 1461 4835 ὲν
1494 4783 1548 4835 δὲ
1593 4784 1670 4854 τῷ

1781 4789 1964 4842 nosler,
1993 4790 2041 4833 el
2064 4798 2164 4834 non
2191 4785 2404 4850 silebit;
2433 4789 2483 4840 in
2513 4793 2805 4845 centesimo
2827 4795 3037 4848 decimo
3066 4801 3326 4866 septimo:

127 4865 369 4941 ἑκατοστῷ
393 4869 838 4941 ἑπτακαιδεκάτῳ
857 4887 870 4900 ⁸
896 4871 1315 4940 Εὐλογημένος
1356 4876 1388 4926 ό
1429 4874 1668 4941 ἐρχόμε-

127 4974 209 5024 νος
233 4961 297 5015 ὲν
323 4963 570 5032 ὀνόματι
591 4963 830 5030 Κυρίου.
852 4963 1281 5032 Εὐλογήκαμεν
1301 4964 1455 5033 ὑμᾶς
1492 4965 1559 5028 ἐξ
1585 4965 1667 5017 οῖ-

127 5064 213 5103 κου
247 5054 498 5121 Κυρίουο
558 5053 700 5118 Θεὸς
745 5054 975 5121 Κύριος,
1024 5055 1123 5108 καί
1171 5055 1468 5124 ἐπέφανεν
1501 5056 1660 5124 ἡμῖν.

130 5137 223 5189 Ὁτι
249 5139 300 5193 δὲ
326 5133 478 5205 οὗτός
501 5141 650 5193 ἐστιν
671 5142 699 5192 ὁ
726 5141 820 5195 τοῦ
843 5142 1058 5214 Πατρὺς
1083 5143 1273 5211 Λόγος,
1305 5142 1475 5206 οὕτως
1503 5145 1560 5198 ὲν
1585 5143 1662 5214 τῷ

128 5225 364 5302 ἑκατοστῷ
391 5231 540 5302 ἕκτῳ
562 5232 750 5301 ψάλλει
777 5249 790 5263 ·
829 5235 1169 5289 Ἀπέστειλε
1202 5236 1309 5290 τὸν
1349 5240 1542 5306 Λόγον
1559 5241 1662 5293 αὐ-

1770 4872 2206 4943 Benedictus,qui
2228 4880 2358 4931 venit
2387 4881 2437 4931 in
2469 4885 2671 4935 nomine
2701 4882 2931 4938 Domini.
2958 4886 3326 4947 Benediximus

1770 4961 1910 5013 vobis
1949 4961 2011 5013 de
2043 4963 2195 5014 domo
2232 4964 2474 5032 Domini;
2499 4969 2636 5022 Deus
2669 4972 2918 5028 Dominus
2955 4986 3003 5029 et
3033 4978 3209 5033 illuxit
3236 4999 3326 5033 no-

1771 5054 1868 5107 bis.
1915 5052 2066 5119 Quod
2102 5066 2277 5109 autcm
2322 5059 2436 5128 ipse
2469 5060 2540 5114 sit
2582 5061 2756 5118 Patris
2783 5063 3041 5132 Verbum,
3083 5071 3156 5124 ita
3183 5075 3323 5129 canit

1769 5145 1822 5198 in
1858 5147 2153 5200 centesimo
2180 5159 2334 5202 sexto
2367 5167 2378 5203 :
2421 5149 2565 5203 Misit
2609 5152 2825 5208 Verbum
2855 5174 3026 5222 suum,
3050 5169 3098 5213 et
3119 5167 3323 5218 sanavit

1765 5253 1872 5302 eos,
1902 5245 1950 5290 et
1967 5238 2158 5307 eripuit
2182 5256 2265 5292 eos
2288 5241 2350 5292 de
2366 5241 2752 5300 lnteritionibus
2773 5263 2969 5302 eorum.
2990 5249 3133 5305 Deus
3153 5255 3315 5316 enim.

127 5318 227 5381 τοῦ,
252 5322 343 5375 καί
389 5323 604 5376 ἰάσατο
626 5324 865 5389 αὐτοὺς,
898 5325 995 5377 καί
1017 5327 1306 5394 ἐρρύσατο
1338 5327 1558 5393 αὐτοὺς
1593 5329 1660 5381 ἐκ

1781 5328 1855 5396 iui
1883 5329 2049 5393 venit,
2099 5339 2182 5384 est
2230 5331 2410 5400 ipsum
2438 5333 2694 5402 Verbum,
2739 5339 2880 5406 quod
2920 5340 3144 5396 missum
3199 5342 3310 5399 fuit.

126 5406 221 5461 τῶν
241 5409 574 5481 διαφθορῶν
591 5414 810 5468 αὐτῶν.
831 5416 888 5468 '0
910 5416 1017 5486 γὰρ
1039 5418 1327 5488 ἐρχόμενος
1350 5419 1481 5482 Θεὸς
1500 5420 1660 5484 αὑτός

1765 5416 1878 5474 Hoc
1904 5435 2066 5489 porro
2095 5420 2328 5477 Verbum
2364 5439 2484 5479 cum
2518 5428 2679 5481 sciret
2706 5441 2825 5482 esse
2861 5432 2946 5485 Dei
2978 5432 3193 5502 Filium,
3222 5452 3318 5492 vo-

129 5497 220 5590 ὲῖτι
242 5501 326 5553 καὶ
353 5502 524 5570 Λόγος
546 5504 1024 5574 ἀποστελλόμενος.
1061 5507 1260 5560 Τοῦτον
1289 5508 1345 5560 δὲ
1379 5510 1469 5561 τὸν
1489 5509 1658 5578 Λόγον

1781 5525 1878 5564 :em
1907 5509 2082 5566 Patris
2111 5514 2258 5567 canit
2283 5515 2335 5568 in
2362 5517 2775 5586 quadragesimo
2799 5533 3023 5590 quarto:
3047 5497 3317 5589 Eructavi:

129 5586 252 5652 εἱδὼς
269 5592 388 5646 ὄντα
413 5593 504 5646 τὸν
532 5595 660 5647 Υἱὸν
681 5595 774 5648 τοῦ
800 5597 953 5658 Θεοῦ,
979 5598 1090 5668 ᾄδει
1116 5600 1297 5671 φωνὴν
1321 5600 1413 5652 τοῦ
1445 5601 1654 5670 Πατρὺς

129 5678 171 5729 ὲν
200 5682 265 5752 τῷ
289 5686 703 5757 τεσσαρακοστῷ
726 5689 963 5760 τετάρτῳ
992 5688 1189 5760 ψαλμῷ
1208 5707 1220 5719 ·
1265 5691 1654 5760 Ὲξηρεύξατο

129 5769 157 5833 ἦ
183 5774 368 5842 καρδία
387 5796 506 5846 μου
532 5780 729 5850 Λόγον
755 5781 971 5848 ἀγαθόν
998 5798 1010 5811 ·
1043 5782 1133 5835 καὶ
1165 5782 1321 5836 πάλιν
1341 5787 1397 5837 ἂν
1423 5784 1498 5856 τῷ
1524 5787 1651 5837 ἐκα-

1765 5619 1854 5655 cor
1891 5618 2059 5655 meum
2099 5603 2314 5656 Verbum
2359 5607 2583 5672 bonum;
2614 5619 2666 5663 et
2697 5611 2889 5666 iterum
2931 5616 2983 5669 in
3024 5621 3312 5676 centesimo

1765 5707 1908 5752 nono
1931 5713 1944 5748 :
1966 5693 2050 5746 Ea:
2085 5705 2232 5748 utero
2257 5706 2377 5749 ante
2400 5697 2702 5768 Luciferum
2732 5707 2885 5772 genui
2921 5716 2986 5761 te.
3012 5705 3147 5774 Quid
3172 5713 3316 5766 enim

1761 5782 1906 5838 aliud
1947 5786 2068 5852 quis
2134 5785 2329 5841 dixerit
2366 5789 2568 5866 prolem
2613 5791 2807 5861 Patris,
2849 5814 3009 5865 quam
3058 5799 3312 5870 Verbum,
