4074 6304
685 353 751 405 l5
793 363 808 387 ·
1529 352 1585 406 S.
1631 351 2008 407 ATHANASll
2047 351 2198 408 OPP.
2241 352 2424 411 PARS
2463 353 2552 410 Ill.
2589 384 2660 398 —
2696 354 3104 413 EXEGETICA.
3882 361 3941 416 l6

683 485 736 528 et
774 471 1107 543 Sapientiam
1133 471 1344 540 ipsius?
1372 470 1504 526 Cum
1525 473 1877 544 sciretigitur
1902 475 2079 544 ipsum
2112 490 2256 535 esse.

2367 475 2542 547 τοστῷ
2596 478 2836 547 ὲννάτῳ·
2880 478 2975 531 Ἐκ
3019 478 3278 548 γαστρὸς
3309 479 3422 548 πρὸ
3467 479 3804 552 Ἑωσφόρου
3849 483 3940 547 ἐξ·

683 567 736 618 in
773 581 883 637 quo
936 564 1096 620 Pater
1129 565 1302 619 dixit:
1344 563 1468 618 Fiat
1513 564 1627 632 lux,
1673 577 1724 619 et
1755 567 2168 635 ﬁrmamentum,
2215 578 2264 621 ct

682 657 859 710 oninia
906 655 948 722 ⁸,
981 656 1143 710 etiam
1176 655 1311 710 liber
1358 656 1444 710 hic
1476 653 1815 711 Psahnorum
1853 657 1994 712 idem
2024 658 2268 713 continet

680 752 870 804 dicens
917 750 970 802 in
1030 749 1306 804 tricesimo
1355 751 1639 804 secundo:
1695 750 1858 804 Verbo
1906 749 2118 802 Domini
2153 748 2268 802 caeli

681 844 884 913 [innati
910 850 1049 903 sunt,
1077 849 1125 895 et
1158 842 1349 910 spiritu
1381 842 1487 894 oris
1525 843 1638 911 ejus
1671 842 1840 897 omnis
1867 840 2034 894 virtus
2059 857 2262 895 eorum.

2369 569 2670 639 εγέννησὰ
2696 587 2787 624 σε.
2817 571 2882 623 Τί
2907 570 3014 642 γὰρ
3041 571 3107 624 ἂν
3133 571 3259 624 ἄλλο
3291 589 3374 636 τις
3402 573 3544 626 εἴποι
3577 574 3819 646 γέννημα
3857 575 3942 628 τοῦ

2369 661 2582 732 Πάτρος
2625 662 2659 731 ἧ
2707 660 2797 713 τὸν
2843 660 3012 728 Λόγον
3047 660 3139 714 καὶ
3172 659 3270 732 τὴν
3298 661 3496 731 Σοφίαν
3518 663 3715 730 αὐτοῦς
3751 664 3941 717 Τοῦτον

2369 753 2537 805 εἰδυῖα
2561 752 2710 818 ὄντα,
2735 744 2779 819 ᾧ
2809 747 2962 804 εἶπεν
2997 753 3026 805 ὸ
3061 753 3252 823 Πατήρ
3273 769 3287 782 ο
3318 754 3634 820 Γενηθήτω
3668 754 3812 824 φῶς,
3849 756 3938 808 καί

2367 834 2688 912 στερέωμα,
2714 842 2904 896 καὶτὰ
2925 841 3144 909 πάντα,
3166 844 3260 896 καὶ
3282 843 3421 914 αὕτη
3446 846 3478 914 ἡ
3507 844 3687 915 βίϐλος
3710 844 3940 916 περιέχει

681 933 912 1002 λέγουσα
950 933 1054 1002 (2)·
1092 933 1177 997 Τῷ
1201 934 1368 1002 Λόγῳ
1382 934 1600 1001 Κυρίου
1625 937 1677 987 ot
1711 937 1953 1003 οὐρανοί
1981 934 2453 1004 ἐστερεώθησαν,
2495 936 2592 989 καί
2625 933 2704 1000 τῷ
2735 938 3025 1006 πνεύματι
3071 936 3177 991 τοῦ
3224 938 3520 1007 στόματος
3555 939 3740 1002 αὐτοῦ
3784 938 3941 994 πᾶσα

682 1029 721 1096 ἡ
757 1026 1006 1096 δύναμις
1032 1026 1249 1081 αὐτῶν.

752 1120 803 1173 6.
832 1118 973 1186 Quin
1021 1128 1074 1173 et
1125 1119 1399 1174 Christum
1457 1122 1631 1193 ipsum
1683 1133 1971 1179 venturum
2036 1125 2261 1180 minime

681 1213 984 1282 ignoravit;
1021 1212 1129 1266 imo
1173 1228 1233 1266 ea
1279 1214 1344 1267 de
1391 1230 1449 1268 re
1495 1217 1824 1271 mentionem
1876 1217 2006 1271 facit
2051 1218 2262 1287 psalmo

679 1299 1094 1371 quadragesimo
1136 1311 1332 1371 quarto
1366 1320 1376 1353 :
1425 1303 1662 1358 Thronus
1696 1315 1837 1371 tuus,
1873 1305 2034 1371 Deus,
2075 1308 2133 1361 in
2166 1324 2263 1362 ste-

680 1392 858 1445 culum
891 1393 1107 1455 seaculi;
1142 1396 1283 1463 virga
1307 1397 1634 1460 directionis,
1672 1399 1818 1469 virga
1849 1401 1993 1470 regni
2033 1401 2130 1455 tui.
2166 1399 2264 1454 Di-

681 1485 856 1536 lexisti
898 1484 1208 1553 justitiam,
1263 1495 1310 1538 et
1361 1489 1520 1542 odisti
1569 1491 1937 1560 iniquitatem,
1991 1502 2262 1562 propterea

681 1577 831 1628 unxit
873 1587 920 1629 te
950 1573 1090 1629 Deus
1126 1577 1261 1631 Deus
1292 1587 1410 1632 tuus
1456 1579 1568 1634 oleo
1608 1581 1810 1636 lwtitite
1845 1599 1956 1653 pra:
1992 1586 2254 1637 consorti-

680 1667 773 1720 bus
817 1671 938 1721 tuis.
993 1667 1058 1723 Et
1101 1685 1167 1724 ne
1214 1673 1338 1741 quis
1397 1689 1520 1727 eum
1574 1677 1873 1731 secundum
1916 1677 2257 1746 phantasiam

2441 1129 2522 1189 ς’.
2547 1123 2656 1176 Καὶ
2679 1121 2910 1193 Χριστὸν
2930 1119 2986 1173 δὲ
3020 1119 3183 1172 αὑτὸν
3231 1118 3520 1190 ἐρχόμενον
3541 1119 3638 1172 οὐκ
3656 1119 3939 1189 ἠγνόησεν⁹

2369 1214 2508 1268 ἀλλὰ
2539 1215 2632 1266 καὶ
2667 1212 2900 1283 μάλιστα
2927 1211 3056 1282 περὶ
3085 1210 3274 1264 τούτου
3309 1210 3454 1278 λέγει
3489 1212 3546 1262 ὲν
3574 1208 3651 1278 τῷ
3679 1225 3940 1280 τεσσαρα-

2368 1307 2544 1376 κοστῷ
2567 1306 2810 1377 τετάρτῳ
2838 1302 3036 1373 ψαλμῷ
3055 1318 3067 1331 ·
3103 1304 3166 1354 '0
3195 1304 3407 1370 θρόνος
3438 1317 3582 1368 σου,
3612 1305 3644 1355 ό
3674 1294 3834 1366 Θεὸς,
3863 1303 3944 1365 εις

2365 1397 2472 1450 τὸν
2508 1395 2694 1450 αἰῶνα
2735 1395 2840 1449 τοῦ
2871 1393 3088 1461 αἰῶνος
3108 1412 3120 1424 ·
3169 1394 3391 1463 ῥάϐδος
3427 1394 3750 1459 εὐθύτητος
3777 1393 3815 1460 ἡ
3837 1391 3941 1459 ῥά-

2365 1488 2502 1554 ϐδος
2538 1487 2649 1555 τῆς
2686 1487 3006 1552 ,βασιλείας
3055 1503 3190 1540 σου.
3257 1483 3601 1554 Ἠτάπησας
3643 1483 3942 1537 δικαιοσύ-

2364 1597 2498 1648 νην,
2527 1581 2624 1633 καί
2666 1579 2964 1648 ἐμίσησας
2998 1578 3238 1632 ἀδικίαν
3259 1594 3273 1608 ο
3305 1577 3402 1632 διὰ
3432 1577 3608 1631 τοῦτο
3643 1575 3849 1645 ἐχρισέ
3877 1592 3948 1629 σε

2361 1676 2394 1727 ό
2422 1672 2566 1738 Θεὸς
2589 1675 2620 1725 ὀ
2645 1673 2788 1738 Θεός
2811 1687 2927 1725 σου
2949 1670 3156 1725 ἔλαιον
3181 1669 3602 1742 ἀγαλλιάσεως
3626 1669 3784 1738 παρὰ
3811 1671 3948 1733 τοὺς

681 1764 894 1819 venisse
930 1766 1226 1821 arbitretur
1252 1808 1266 1831 ,
1302 1769 1573 1839 signiﬁcat
1610 1785 1734 1824 eum
1771 1771 1949 1841 ipsum
1989 1769 2262 1824 hominem

2366 1766 2656 1834 μετόχους
2687 1780 2830 1818 σου.
2891 1763 3002 1817 Καὶ
3028 1765 3113 1818 ἵνα
3140 1763 3214 1835 μὴ
3247 1764 3386 1817 κατὰ
3421 1762 3717 1834 φαντασίαν
3747 1778 3832 1825 τις
3865 1761 3951 1832 ἕρ-

680 1856 946 1920 futurum,
984 1860 1247 1930 illumque
1273 1877 1394 1916 esse
1415 1878 1510 1932 per
1537 1879 1698 1933 quem
1737 1865 1922 1918 omnia
1949 1862 2088 1918 facta
2117 1873 2265 1927 sunt,

684 1964 810 2003 cum
841 1949 974 2004 dicit
1001 1951 1054 2005 in
1086 1953 1295 2020 psalmo
1325 1956 1656 2025 octogesimo
1687 1967 1841 2012 sexto
1874 1974 1887 2010 :
1937 1953 2108 2009 Mater
2140 1953 2267 2009 Sion

687 2042 824 2095 dicet
854 2060 870 2096 :
898 2041 1094 2109 Homo,
1132 2055 1180 2099 et
1218 2044 1372 2100 Itonia
1403 2057 1560 2100 natus
1591 2060 1666 2102 est
1699 2049 1752 2102 in
1793 2065 1876 2112 ea,
1915 2057 1964 2101 et
2001 2049 2109 2115 ipse
2142 2046 2266 2116 fun-

690 2133 834 2186 davit
874 2149 990 2186 eam
1027 2134 1352 2189 Altissimus.
1400 2133 1512 2190 Hoc
1554 2137 1698 2191 enim
1741 2137 1966 2207 perinde
2013 2146 2096 2191 est
2129 2151 2190 2192 ac
2222 2137 2268 2191 si

683 2226 932 2280 diceret:
982 2224 1050 2278 Et
1098 2225 1233 2279 Deus
1278 2237 1390 2280 erat
1444 2225 1698 2293 Verbum;
1743 2230 1921 2283 omnia
1963 2245 2054 2298 per
2097 2231 2267 2298 ipsum

681 2317 826 2388 facta
857 2326 1013 2383 sunt;
1055 2329 1103 2371 et
1139 2317 1362 2376 Verbum
1388 2335 1511 2372 caro
1537 2319 1738 2388 factum
1767 2332 1844 2373 est
1875 2322 1917 2374 ².
1944 2319 2122 2387 Quare
2141 2336 2265 2376 cum

680 2428 744 2466 ex
798 2408 1012 2481 Virgine
1040 2412 1379 2466 nasciturum
1408 2412 1590 2477 sciret,
1626 2427 1967 2482 nequaquam
1998 2413 2048 2466 id
2079 2413 2265 2476 siluit,

685 2502 778 2556 sed
813 2501 996 2556 statim
1045 2501 1210 2570 hujus
1257 2503 1335 2556 rei
1379 2502 1637 2558 indicium
1681 2504 1827 2560 dedit
1877 2503 1929 2556 iu
1965 2503 2268 2573 quadrage-

681 2595 821 2647 simo
861 2601 1056 2662 quarto
1091 2609 1103 2643 :
1149 2593 1310 2655 Audi,
1346 2592 1484 2662 ﬁlia,
1515 2603 1564 2647 et
1598 2593 1747 2657 vide,
1775 2603 1823 2647 et
1849 2593 2049 2646 inclina
2085 2609 2266 2647 aurem

681 2695 848 2749 tuam,
881 2692 930 2736 et
958 2682 1258 2737 obliviscere
1285 2681 1537 2753 populum
1567 2694 1716 2737 tuum
1750 2693 1798 2737 et
1842 2684 2055 2736 domum
2094 2685 2264 2752 patris

679 2775 779 2834 tui,
829 2775 954 2844 quia
997 2776 1326 2844 concupiscet
1373 2790 1465 2827 rea:
1513 2775 1750 2827 decorem
1803 2783 1973 2836 tuum,
2018 2775 2266 2842 quoniam

680 2867 791 2932 ipse
823 2874 900 2919 est
935 2865 1189 2920 Dominus
1228 2875 1374 2920 tuus.
1422 2864 1535 2922 Hoc
1581 2865 1781 2936 quippe
1813 2865 1992 2920 simile
2024 2874 2106 2919 est
2140 2865 2267 2918 huic

685 2959 952 3014 Gabrielis
979 2959 1126 3014 dicto
1149 2977 1161 3012 :
1189 2959 1315 3026 Ave,
1343 2960 1519 3030 gratia
1544 2958 1720 3028 plena,
1748 2957 2005 3012 Dominus
2034 2966 2200 3011 tecum
2222 2957 2263 3010 ³.

681 3050 817 3108 Nam
839 3053 928 3107 ubi
945 3067 1068 3107 eum
1089 3051 1366 3108 Christum
1392 3053 1637 3119 dixisset,
1660 3054 1954 3107 humanam
1977 3050 2156 3105 statim
2175 3066 2265 3120 ge-

2372 1858 2559 1928 χεσθαι
2588 1856 2748 1911 αὑτὸν
2779 1851 2959 1927 (εἶναι)
3007 1857 3204 1929 νομίσῃ
3223 1897 3238 1923 ,
3273 1855 3527 1927 σημαίνει
3555 1854 3716 1907 αὑτὸν
3741 1853 3950 1923 ἄνθρω-

2373 1965 2472 2005 πον
2522 1948 2882 2017 γενησόμενον
2908 1986 2922 2010 ,
2971 1947 3062 2000 καὶ
3093 1945 3280 1999 τοῦτον
3313 1942 3451 1999 εἶναι
3482 1946 3548 1999 δι’
3575 1941 3635 2000 οὗ
3669 1945 3736 1998 τά
3777 1944 3954 1997 πάντα

2370 2039 2579 2108 γέγονε,
2607 2038 2777 2107 λέγων
2798 2041 2855 2092 ὲν
2875 2038 2953 2110 τῷ
2981 2038 3319 2111 ὀγδοηκοστῷ
3343 2039 3484 2108 ἕκτῳ
3509 2054 3522 2068 ⁸
3563 2037 3770 2106 Μήτηρ
3795 2035 3952 2092 Σιὼν

2368 2131 2519 2202 ἐρεῖν
2548 2134 2914 2200 Ἀνθρωπος,
2955 2133 3054 2186 καί
3093 2131 3404 2200 ἄνθρωπος
3433 2129 3721 2201 ἐγεννήθη
3749 2131 3820 2184 ἐν
3847 2132 3953 2184 αὐ-

2369 2224 2445 2293 τῇ
2469 2265 2483 2289 ,
2523 2225 2622 2279 καί
2670 2222 2854 2289 αὐτὸς
2895 2223 3291 2293 ἐθεμελίωσεν
3321 2222 3515 2290 αὐτὴν
3554 2225 3586 2276 ό
3631 2223 3949 2291 ’Υψιστοᾳ

2369 2317 2538 2371 Τοῦτο
2563 2317 2671 2389 γὰρ
2706 2317 2815 2372 ίσον
2853 2318 2980 2372 ἐστι
2999 2315 3078 2386 τῷ
3114 2317 3314 2369 εἰπεῖν·
3357 2314 3464 2369 Kal
3503 2314 3646 2380 Θεὸς
3671 2310 3748 2384 ἦν
3773 2316 3808 2367 ό
3841 2316 3953 2367 Λό-

2368 2424 2506 2478 γοςο
2541 2408 2737 2462 πάντα
2770 2408 2843 2462 δι’
2869 2407 3058 2463 αὐτοῦ
3083 2407 3338 2477 ἐγένετο,
3386 2406 3486 2460 καί
3511 2409 3542 2459 ό
3571 2407 3762 2474 Λόγος
3791 2403 3950 2472 σὰρξ

2364 2498 2624 2569 ἐγένετο.
2683 2501 2780 2553 Διὰ
2803 2500 2962 2554 τοῦτο
2987 2501 3080 2552 καὶ
3106 2500 3167 2552 τὸ
3187 2539 3202 2564 ,
3238 2501 3303 2552 ὲκ
3329 2495 3604 2569 Παρθένου
3622 2539 3637 2564 ,
3667 2495 3952 2565 γινώσκων

2367 2593 2468 2646 οὐκ
2501 2591 2839 2664 ἐσιώπησεν,
2875 2591 2989 2646 ἀλλ’
3023 2591 3183 2657 εὐθὺς
3219 2590 3453 2662 ἐμφασίν
3491 2607 3612 2643 τινα
3647 2590 3862 2644 δίδωσιν
3897 2591 3954 2641 ὲν

2365 2684 2443 2755 τῷ
2473 2684 2892 2757 τεσσαρακοστῷ
2941 2685 3189 2756 τετάρτῳ
3212 2682 3438 2754 ψαλμῷ,
3472 2682 3641 2752 λέγων
3662 2699 3675 2712 ·
3732 2684 3954 2737 ’Δκτ-υ-

2367 2795 2501 2842 σον,
2534 2779 2802 2847 θύγατερ,
2837 2777 2936 2831 καί
2961 2776 3071 2841 we,
3097 2775 3193 2830 καὶ
3217 2775 3427 2830 κλῖνον
3451 2775 3518 2829 τὸ
3541 2771 3651 2842 οὖς·
3673 2789 3789 2829 σου
3809 2813 3824 2838 ,
3849 2774 3953 2826 καί

2366 2867 2654 2924 ἐπιλάθου
2675 2869 2782 2923 τοῦ
2802 2869 2956 2923 λαοῦ
2980 2884 3098 2923 σου
3124 2867 3224 2921 καί
3251 2868 3358 2922 τοῦ
3382 2868 3551 2921 οἴκου
3577 2866 3684 2921 τοῦ
3728 2868 3957 2934 πατρός

2366 2977 2502 3026 σου,
2521 2959 2610 3013 ὅτι
2628 2961 3009 3029 ἐπεθύμησεν
3026 2964 3059 3013 ό
3081 2959 3383 3026 ,βασιλεὺς
3399 2958 3507 3013 τοῦ
3526 2958 3792 3025 κάλλους
3812 2974 3952 3012 σου.

2367 3051 2536 3105 Τοῦτο
2560 3051 2668 3124 γὰρ
2691 3051 2854 3104 πάλιν
2875 3051 3060 3121 ὅμοιόν
3086 3053 3201 3105 ἐστι
3223 3049 3317 3104 τοῦ
3349 3050 3641 3121 λεγομένου
3675 3051 3828 3124 παρά
3857 3051 3954 3104 τοῦ

681 3147 1016 3202 nerationem
1041 3161 1108 3202 ex
1129 3144 1350 3215 Virgine
1375 3142 1575 3198 factam
1601 3143 1900 3198 declaravit
1930 3143 2013 3197 his
2045 3141 2261 3198 verbis:

2369 3141 2608 3214 Γαϐριὴλ
2621 3159 2636 3173 ο
2660 3142 2856 3213 Χαῖρε,
2876 3141 3336 3212 κεχαριτωμένη,
3356 3145 3388 3196 ὀ
3407 3143 3622 3210 Κύριος
3639 3141 3789 3211 μετὰ
3811 3142 3953 3196 σοῦ.

685 3238 862 3301 Audi,
891 3237 1028 3306 ﬁlia.
1073 3234 1140 3288 Et
1171 3234 1388 3290 Gabriel
1418 3232 1637 3304 quidem
1676 3249 1740 3288 ex
1770 3234 1993 3289 nomine
2037 3231 2261 3288 Mariam

685 3330 939 3400 appellat,
967 3327 1112 3398 quod
1145 3342 1340 3399 genere
1366 3327 1434 3381 ab
1461 3326 1551 3381 illa
1587 3326 1798 3382 alienus
1822 3336 1966 3381 esset
1989 3345 2002 3380 :
2022 3336 2076 3380 at
2096 3322 2261 3381 David

683 3423 856 3494 ipsam
884 3437 949 3477 ex
977 3437 1076 3476 suo
1103 3421 1311 3477 semine
1332 3419 1642 3483 oriundam,
1669 3419 1833 3473 ﬁliam
1858 3419 2050 3473 merito
2078 3428 2254 3473 vocat.

2371 3237 2479 3290 Kal.
2505 3235 2611 3308 γὰρ
2639 3234 2878 3307 εἰρηκὼς
2907 3235 3070 3288 αὐτὸν
3103 3234 3338 3306 Χριστὸν
3357 3273 3372 3298 ,
3423 3233 3583 3297 εὐθὺς
3611 3234 3706 3286 καὶ
3729 3233 3829 3304 τὴν
3857 3235 3956 3286 ἀν-

2371 3328 2646 3400 θρωπίνην
2672 3329 2883 3397 γένεσιν
2911 3330 2974 3380 ὲκ
3003 3327 3102 3398 τῆς
3147 3326 3425 3398 Παρθένου
3456 3326 3711 3398 ἐδήλωσε,
3740 3325 3922 3393 λέγων
3939 3344 3952 3355 ·

2368 3421 2690 3484 Ἀκουσον,
2728 3420 2998 3490 θύγατερ.
3048 3418 3141 3473 ’ἰδὲ
3169 3421 3196 3472 ὁ
3227 3419 3324 3490 μὲν
3354 3417 3589 3490 Γαϐριὴλ
3612 3417 3671 3482 ἐξ
3691 3417 3958 3488 ὀνόματος

672 3516 838 3569 καλεῖ
868 3514 1087 3586 Μαρίαν
1107 3553 1122 3576 ,
1162 3512 1310 3580 ξένος
1351 3511 1426 3566 ὢν
1473 3512 1643 3583 αὐτῆς
1683 3511 1824 3565 κατὰ
1850 3511 1947 3583 τὴν
1979 3512 2189 3581 γένεσιν
2209 3528 2222 3542 ·
2259 3515 2287 3566 ὁ
2318 3513 2373 3568 δὲ
2401 3513 2564 3568 Δασὶδ
2596 3516 2659 3567 ἐκ
2688 3511 2781 3566 τοῦ
2809 3513 3120 3586 σπέρματος
3162 3510 3326 3566 αὑτοῦ
3371 3510 3738 3582 τυγχάνουσαν
3783 3509 3958 3580 αὐτὴν

677 3608 907 3670 εἰκότως
938 3605 1212 3679 θυγατέρα
1250 3608 1560 3678 προσφωνεῖ
1587 3606 1808 3677 ταύτην.

759 3697 811 3751 7.
843 3695 947 3752 Ubi
998 3705 1186 3753 autem
1230 3695 1368 3750 dixit
1409 3693 1751 3750 Psalmorum
1810 3695 1946 3750 liber
1987 3695 2263 3750 hominem

672 3806 807 3845 eum
843 3789 1086 3844 luturum
1124 3803 1280 3852 esse,
1326 3795 1724 3858 consequenter
1752 3786 1904 3841 illum
1938 3801 2104 3842 carne
2141 3803 2264 3857 pas-

687 3880 901 3936 sibilem
933 3879 1223 3950 signiﬁcat.
1255 3878 1392 3932 Dum
1420 3888 1601 3934 autem
1628 3878 1776 3932 videt
1809 3876 2026 3932 futuras
2051 3876 2264 3933 Judteo-

690 3988 810 4026 rum
844 3972 1092 4035 insidias,
1123 3970 1270 4026 canit
1301 3971 1353 4024 in
1382 3969 1625 4026 secundo
1653 3970 1866 4039 psalmo
1901 3988 1914 4022 :
1954 3967 2128 4034 Quare
2159 3970 2263 4034 {re-

688 4072 928 4118 muerunt
951 4071 1145 4134 gentes,
1168 4070 1218 4116 et
1240 4060 1420 4133 populi
1439 4059 1680 4113 meditati
1718 4068 1840 4113 sunt
1865 4060 2049 4112 inania
2072 4059 2096 4112 .’
2122 4060 2265 4112 Asti-

687 4165 862 4209 terunt
895 4169 1036 4224 reges
1068 4164 1242 4216 terra,
1267 4162 1316 4205 et
1357 4152 1615 4221 principes
1641 4158 1990 4206 convenerunt
2017 4150 2073 4202 in
2103 4167 2265 4203 unum

689 4249 937 4302 adversus
987 4244 1270 4299 Dominum
1314 4253 1362 4298 et
1413 4245 1661 4298 adversus
1708 4242 1977 4298 Christum
2025 4243 2158 4312 ejus.
2205 4243 2264 4296 ln

691 4339 949 4395 vicesimo
980 4347 1160 4393 autem
1212 4339 1387 4408 primo
1427 4338 1601 4407 ipsam
1645 4340 1838 4390 mortis
1888 4336 2156 4391 rationem
2199 4351 2262 4390 ex

689 4447 922 4503 persona
971 4429 1267 4486 Salvatoris
1304 4429 1549 4500 loquitur
1601 4448 1614 4485 :
1665 4428 1730 4483 In
1768 4428 2032 4498 pulverem
2082 4429 2265 4483 mortis

686 4524 955 4580 deduxisti
1010 4540 1110 4577 me.
1161 4521 1424 4588 Quoniam
1470 4522 1929 4576 circumdederunt
1982 4538 2062 4575 me
2113 4537 2265 4575 canes

691 4617 866 4685 multi,
889 4615 1174 4670 consilium
1197 4615 1603 4686 malignantium
1631 4615 1832 4669 obsedit
1859 4630 1957 4669 me.
1995 4613 2264 4668 Fuderunt

692 4725 877 4763 manus
911 4723 1053 4761 nteas
1087 4715 1137 4759 et
1182 4705 1334 4775 pedes
1369 4722 1509 4760 meos
1537 4746 1550 4769 ,
1588 4705 2050 4759 dinumeraverunt
2089 4705 2266 4759 omnia

693 4817 812 4856 ossa
856 4816 989 4854 mea.
1039 4799 1154 4870 Ipsi
1192 4815 1308 4853 vero
1343 4798 1806 4854 consideraverunt
1837 4807 1887 4851 et
1929 4798 2268 4868 inspexerunt

693 4909 810 4958 me;
843 4893 1134 4946 diviserunt
1165 4892 1266 4946 sibi
1305 4893 1614 4948 vestimenta
1645 4909 1760 4945 mea
1779 4933 1792 4957 ,
1819 4903 1869 4945 et
1897 4907 2052 4961 super
2076 4901 2266 4946 vestem

693 5001 863 5041 meam
902 4985 1155 5038 miserunt
1187 4995 1397 5039 sortem.
1444 4983 1599 5051 Quod
1635 4984 1711 5039 ait
1746 4993 1926 5039 autem
1976 4998 2173 5038 manus
2211 4991 2268 5038 et

692 5076 858 5148 pedes
883 5088 1012 5128 suos
1043 5074 1322 5131 confossos
1354 5090 1494 5140 esse,
1517 5075 1648 5148 quid
1671 5075 1814 5130 aliud
1844 5089 2008 5144 quam
2048 5088 2266 5129 crucem

692 5165 1000 5237 signiﬁcat?
1040 5164 1166 5222 Hmc
1209 5168 1392 5222 omnia
1433 5177 1722 5238 postquam
1763 5167 1990 5230 docuit,
2037 5165 2266 5235 adjicit,

695 5271 804 5308 non
846 5256 930 5311 sui
972 5270 1168 5320 causa,
1209 5257 1301 5310 sed
1343 5265 1562 5326 propter
1595 5271 1695 5310 nos
1730 5254 1783 5310 id
1809 5254 1918 5325 pati
1953 5253 2265 5309 Dominum.

695 5348 894 5416 Aitque
921 5362 1138 5402 rursum
1173 5363 1203 5402 e
1228 5362 1457 5418 persona
1495 5350 1614 5419 ejus
1643 5349 1696 5402 in
1725 5348 2061 5418 octogesimo
2096 5347 2268 5417 septi-

697 5457 824 5496 mo:
865 5438 1031 5510 Super
1056 5460 1137 5497 me
1176 5443 1518 5511 conﬁrmatus
1547 5451 1622 5495 est
1658 5441 1810 5512 furor
1835 5451 1996 5505 tuus;
2023 5439 2076 5494 in
2113 5455 2270 5495 sexa-

695 5529 903 5601 gesimo
927 5541 1102 5585 autem
1131 5542 1322 5587 octavo
1353 5549 1366 5586 :
1414 5531 1545 5598 Qua:
1574 5548 1678 5586 non
1716 5534 1901 5602 ra‘pui,
1933 5542 2054 5585 tunc
2088 5531 2267 5585 exsol-

765 5672 786 5701 ’¹
818 5667 1011 5724 Gencs.
1039 5685 1077 5736 ι,
1106 5669 1140 5724 3
1163 5685 1314 5740 seqq.

769 5808 846 5880 (2)
901 5810 986 5863 Ἐν
1012 5809 1318 5882 τριακοστῷ
1344 5811 1577 5882 δευτέρῳ
1603 5811 1689 5868 ed.

2435 3697 2467 3761 ζ
2479 3694 2840 3768 ’.Ἄνθρωπον
2863 3693 2919 3747 δὲ
2945 3694 3105 3747 αὑτὸν
3130 3696 3381 3766 είρηκυῑα
3407 3695 3768 3765 γενησόμενον
3793 3733 3806 3756 ,
3832 3695 3961 3747 ἀκο-

2363 3791 2568 3854 λούθως
2588 3790 2680 3843 καὶ
2702 3787 2943 3860 παθητὸν
2961 3787 3124 3841 αὐτὸν
3148 3787 3310 3858 σαρκὶ
3328 3786 3597 3857 σημαίνει.
3623 3788 3734 3858 Τήν
3751 3803 3811 3840 τε
3831 3789 3961 3839 ἐπι-

2365 3883 2558 3956 ϐουλὴν
2590 3881 2741 3954 παρὰ
2772 3880 2881 3935 τῶν
2914 3879 3183 3934 Ἰουδαίων
3214 3879 3395 3951 ὁρῶσα
3424 3878 3734 3950 γινομένην,
3757 3877 3958 3950 ψάλλει

2366 3974 2424 4027 ὲν
2448 3973 2545 4044 μὲν
2567 3971 2642 4042 τῷ
2665 3971 2900 4043 δευτέρῳ
2921 3969 3123 4041 ψαλμῷ
3140 3988 3153 4002 ο
3192 3970 3327 4025 Ἵνα
3349 3971 3408 4024 τί
3437 3969 3743 4041 ἐφρύαξαν
3777 3969 3956 4036 ἐθνη,

2366 4067 2462 4121 καὶ
2476 4066 2610 4121 λαοί
2625 4063 2997 4134 ἐμελέτησαν
3010 4063 3187 4129 xerit;
3203 4062 3599 4133 Παρέστησαν
3609 4062 3964 4129 οιβασιλεῖς

2366 4156 2478 4226 τῆς
2493 4156 2626 4228 τῆς,
2654 4157 2752 4212 καί
2777 4157 2832 4210 οι
2856 4154 3144 4225 ἄρχοντες
3165 4154 3568 4224 συνήχθησαν
3586 4155 3681 4208 ἐπὶ
3706 4154 3774 4209 τὸ
3801 4156 3961 4210 αὐτὸ

2367 4251 2516 4302 κατὰ
2531 4247 2636 4302 τοῦ
2653 4248 2876 4316 Κυρίου
2893 4246 3153 4301 καὶκατὰ
3170 4247 3275 4301 τοῦ
3291 4245 3550 4315 Χριστοῦ
3574 4244 3760 4300 αὑτοῦ
3779 4262 3794 4276 ο
3817 4249 3880 4300 ὲν
3900 4247 3960 4299 δὲ

2367 4338 2443 4408 τῷ
2470 4336 2698 4409 εἰκοστῷ
2731 4337 2827 4390 καὶ
2858 4335 3059 4410 πρώτῳ
3085 4338 3183 4410 τὴν
3213 4337 3474 4409 ποιότητα
3501 4336 3595 4391 τοῦ
3622 4337 3855 4391 θανάτου
3891 4320 3962 4391 ἐκ

2370 4429 2660 4502 προσώπου
2702 4431 2794 4485 τοῦ
2831 4431 3082 4502 Σωτῆρός
3108 4446 3304 4502 φησιν·
3354 4433 3456 4496 Είς
3505 4429 3657 4500 χοῦν
3691 4427 3962 4486 θανάτου

2367 4494 2698 4590 κατῆταγές
2720 4538 2798 4590 με
2819 4537 2832 4551 ⁸
2867 4494 3345 4574 ὅτι-ἐκύκλνωσάν
3502 4494 3680 4585 κύνες
3707 4517 3959 4580 πολλοὶ,

2368 4608 2687 4680 συναγωγὴ
2713 4608 3210 4680 πονηρευομένων
3229 4609 3552 4680 περιέσχον
3565 4626 3660 4680 με.
3686 4609 3965 4678 Ὠρυξαν

2368 4703 2571 4774 χεῖράς
2585 4722 2703 4774 μου
2730 4706 2826 4760 καὶ
2857 4705 3046 4771 πόδας
3064 4721 3205 4774 μου,
3234 4705 3642 4774 ἐξηρίθμησαν
3659 4701 3859 4757 πάντα
3881 4705 3964 4758 τὰ

2371 4794 2522 4852 ὀστᾶ
2539 4813 2678 4866 μου.
2723 4796 2903 4851 Αὐτοὶ
2931 4795 3000 4850 δὲ
3027 4796 3423 4863 κατενόησαν,
3457 4794 3554 4849 καί
3576 4792 3816 4848 ἐπεῖδον
3839 4811 3927 4863 με
3947 4812 3961 4825 ·

2307 4877 2347 4933 D
2375 4883 2784 4954 διεμερίσαντο
2807 4885 2881 4938 τὰ
2909 4884 3108 4954 Ιμάτιά
3131 4901 3252 4954 μου
3289 4883 3523 4950 ἑαυτοῖς
3546 4923 3559 4946 ,
3591 4883 3685 4937 καί
3709 4882 3809 4936 ἐπὶ
3842 4883 3967 4937 τὸν

2371 4977 2686 5047 ἱματισμόν
2708 4995 2826 5049 μου
2847 4978 3063 5032 ἔϐαλον
3077 4976 3325 5045 κλῆρον.
3354 4977 3426 5029 Τὸ
3444 4975 3500 5029 δὲ
3521 4976 3620 5040 τὰς
3643 4977 3829 5047 χεῖρας
3859 4980 3962 5033 καὶ

2372 5071 2496 5134 τοὺς
2541 5069 2704 5133 πόδας
2756 5068 3104 5142 ὀρύττεσθαι,
3147 5071 3200 5122 τί
3232 5070 3416 5139 ἕτερον
3453 5068 3485 5138 ἢ
3521 5067 3748 5140 σταυρὸν
3777 5067 3966 5136 λέγων

2373 5162 2624 5233 σημαίνει
2645 5180 2658 5229 ;
2686 5165 2868 5217 Πάντα
2890 5161 3063 5215 ταῦτα
3098 5159 3418 5215 διδάσκουσα
3442 5158 3794 5231 προστίθησιν
3815 5199 3828 5222 ,
3874 5161 3970 5214 ὅτι

2375 5254 2446 5326 μὴ
2471 5255 2536 5308 δι’
2554 5255 2764 5320 ἑαυτὸν,
2783 5256 2849 5309 δι’
2872 5256 3017 5326 ἡμᾶς
3041 5255 3096 5309 δὲ
3117 5253 3288 5307 ταῦτα
3315 5254 3515 5324 πάσχει
3539 5254 3568 5306 ὁ
3591 5252 3812 5323 Κύριος.
3841 5253 3969 5308 Καί

2372 5339 2535 5417 φησιν
2567 5348 2631 5400 ἐκ
2661 5345 2951 5418 προσώπου
2984 5345 3145 5400 πάλιν
3165 5344 3330 5399 αὐτοῦ
3352 5346 3409 5397 ὲν
3437 5343 3536 5414 μὲν
3559 5342 3638 5413 τῷ
3665 5341 3790 5406 πζν·
3829 5344 3970 5395 Ἐπ’

2370 5438 2474 5508 ἐμὲ
2496 5439 2898 5509 ἐπεστηρίχθη
2933 5442 2966 5494 ό
2993 5438 3180 5509 θυμός
3209 5454 3326 5492 σου
3349 5453 3364 5468 ’
3392 5438 3450 5490 ἐν
3477 5435 3534 5489 δὲ
3561 5433 3639 5506 τῷ
3667 5433 3963 5507 ἑξηκοστῷ

2370 5531 2565 5604 ὀγδόῳ·
2609 5535 2677 5588 Ἀ
2715 5535 2827 5602 οὐχ
2853 5531 3120 5602 ἦρπασα,
3153 5533 3283 5585 τότε
3308 5529 3691 5585 ἀπετιννυον.
3733 5528 3808 5581 Οὐ
3839 5529 3968 5600 γὰρ

1393 5673 1412 5702 ²
1445 5668 1602 5725 Joan.
1642 5687 1680 5732 ι.
1718 5673 1769 5737 1,
1795 5670 1849 5739 2,
1889 5672 1971 5726 li.
2049 5672 2069 5704 ³
2095 5671 2225 5727 Luc.
2273 5687 2312 5738 ι,
2348 5671 2437 5726 28.
