4074 6304
145 377 198 436 17
1209 360 1543 417 EPISTULA
1581 358 1668 413 AD
1705 357 2220 414 MARCELLINUM.
3269 347 3335 403 i8

144 485 393 546 ὑπεύθυνος
419 482 493 535 ὢν
535 481 877 552 ἀπέθνησκεν
902 519 914 543 ,
951 479 1065 532 ἀλλ’
1093 479 1229 550 ὑπὲρ
1260 479 1414 549 ἡμῶν
1447 479 1669 547 ἔπασχε.

1798 477 1974 532 ἐὺοηι.
2023 475 2141 530 Non
2192 474 2334 530 enim
2385 473 2506 528 ideo
2559 483 2805 525 mortuus
2851 474 2952 531 est,
3013 465 3158 536 quod
3210 480 3337 520 reus

144 577 310 633 καὶτὸν
333 574 445 628 καθ’
481 573 638 646 ἡμῶν
666 573 835 642 θυμὸν
868 572 954 625 διὰ
979 573 1078 643 τὴν
1107 570 1414 639 παράϐασιν
1436 571 1519 638 ἐφ’
1537 572 1666 622 ἐαυ-

1802 581 1932 633 sset,
1968 570 2060 625 sed
2095 583 2194 638 pro
2229 566 2383 620 nobis
2415 575 2607 633 passus
2631 572 2734 627 est,
2777 563 3024 628 iramque
3047 558 3336 612 adversum

141 672 211 723 τὸν
233 665 470 730 ἐδάσταζε
489 706 504 730 ,
544 664 767 732 λέγοντα
788 663 876 717 διὰ
906 662 998 716 τοῦ
1043 663 1262 716 Ἡσαΐου
1287 679 1298 691 ·
1335 661 1526 728 Αὐτὸς
1567 661 1670 726 τὰς

1798 678 1870 716 nos
1893 669 2205 731 conceptam
2239 659 2308 712 ob
2341 655 2838 727 praevaricationem
2867 654 2920 707 in
2947 667 3005 706 se
3042 651 3298 707 sustinuit
3320 690 3346 716 ,.

142 758 410 822 ἀσθενείας
436 753 608 824 ἡμῶν
632 756 838 809 ἔλασε·
873 755 966 807 καὶ
995 753 1257 821 λεγόντων
1306 753 1404 821 μὲν
1435 751 1588 821 ἡμῶν
1614 753 1670 804 ὲν

1798 751 1980 807 licente
2007 767 2101 821 per
2121 749 2314 805 Isaiam
2336 748 2388 801 δε
2421 746 2766 814 ln/irmitatcs
2792 754 2998 797 nostras
3029 742 3136 811 ipse
3165 757 3339 795 susce-

140 852 201 922 τῷ
224 848 475 919 ἑκατοστῷ
494 847 799 920 τριακοστῷ
815 847 1023 917 ἑϐδόμῳ
1046 844 1244 915 ψαλμῷ
1259 861 1271 875 ο
1303 844 1516 912 Κύριος
1536 844 1674 896 ἀντ-

1798 845 1883 908 »ίι;
1936 852 1989 897 et
2048 840 2353 896 dicentibus
2411 838 2567 892 nobis
2619 837 2670 889 in
2728 835 3021 889 centesimo
3060 834 3334 888 tricesimo

140 940 390 997 οποδώσει
435 940 590 1008 ὑπὲρ
628 939 804 1010 ἐμοῦ·
869 938 1117 1006 λέγοντος
1156 938 1214 989 δὲ
1254 937 1346 990 καὶ
1382 935 1475 988 τοῦ
1509 934 1674 990 Πνεύ-

1803 936 2003 1005 eptimo
2037 951 2050 989 :
2089 933 2342 986 Dominus
2368 930 2615 984 retribuet
2638 945 2732 996 pro
2759 943 2858 981 me.
2891 925 3095 995 Spiritu
3122 941 3340 995 quoque

142 1051 278 1104 ματος
322 1033 374 1085 ἐν
423 1029 808 1103 ἑϐδομηκοστῷ
843 1030 1078 1102 πρώτῳ·
1145 1029 1251 1083 Kal
1303 1027 1488 1082 σώσει
1533 1027 1674 1093 τοὺς

1798 1028 1984 1082 licente
2026 1026 2077 1078 in
2125 1022 2522 1093 septuagesimo
2575 1021 2750 1089 primo
2790 1037 2802 1072 :
2853 1017 2920 1071 Et
2966 1019 3135 1072 salvos
3182 1019 3340 1087 faciet

139 1125 278 1189 υἱοὺς
300 1122 411 1177 τῶν
437 1122 727 1188 πενήτων,
758 1122 853 1176 καὶ
875 1119 1227 1175 ταπεινώσει
1254 1119 1668 1188 συκοφάντην,

1798 1121 1914 1174 ilios
1953 1133 2259 1187 pauperum,
2312 1125 2360 1169 et
2390 1115 2690 1168 liuntiliabit
2728 1114 3183 1177 calumniatorem,
3216 1111 3341 1181 quia

139 1218 208 1270 ὄτι
231 1217 530 1285 ἑρῤύσατο.
557 1205 796 1282 πτωχὸν
840 1214 908 1267 ἐκ
953 1212 1151 1282 χειρὸς
1197 1210 1503 1265 δυνάστου
1531 1249 1545 1274 ,
1578 1210 1676 1264 και

1799 1211 2015 1265 iberavit
2059 1225 2335 1278 pauperem
2369 1224 2401 1260 a
2439 1214 2676 1274 potente,
2707 1215 2760 1259 et
2780 1220 3090 1275 pauperem,
3130 1202 3342 1256 cuinon

140 1306 346 1373 πένητα,
376 1298 428 1372 ᾧ
459 1307 573 1375 οὐχ
596 1303 830 1374 ὑπῆρχε
850 1305 1092 1372 βοηθός.

1798 1315 1886 1358 ’ναι
1912 1305 2146 1371 adjutor.

195 1405 259 1468 η’.
289 1399 376 1452 Διὰ
407 1397 566 1450 τοῦτο
593 1397 686 1451 καὶ
715 1399 814 1467 τὴν
847 1397 926 1459 εἰς
949 1397 1210 1468 οὐρανοὺς
1245 1395 1560 1465 σωματικὴν
1585 1395 1679 1448 αὑ-

1848 1398 1900 1452 8.
1933 1396 2272 1466 Quapropter
2323 1390 2440 1461 ejus
2482 1405 2699 1461 quoque
2735 1390 2786 1442 in
2837 1389 3004 1444 caelos
3056 1402 3341 1443 ascensum

139 1490 211 1542 τοῦ
236 1489 407 1544 ἄνοδον
437 1488 759 1560 προμηνύει,
801 1490 894 1541 καὶ
926 1488 1072 1556 λέγει
1105 1489 1160 1541 ἐν
1203 1488 1299 1558 μὲν
1328 1487 1556 1558 εἰκοστῷ
1586 1488 1679 1540 καὶ

1798 1491 2048 1555 medicit,
2079 1490 2263 1559 aitque
2300 1489 2353 1540 in
2386 1486 2645 1541 vicesimo
2681 1485 2841 1539 tertio
2877 1501 2889 1536 :
2944 1484 3187 1537 Attollite
3223 1498 3346 1552 por-

140 1581 308 1651 τρίτῳ·
373 1582 590 1650 Ἄρατε
621 1582 850 1647 πύλας,
892 1583 944 1635 οἱ
986 1579 1307 1650 ἄρχοι-τες,
1349 1579 1545 1649 ὑμῶν,
1582 1581 1678 1634 καί

1805 1602 1884 1651 as,
1907 1585 2185 1654 principes,
2210 1591 2429 1647 vestras,
2457 1592 2503 1633 et
2527 1578 2818 1642 elevamini,
2852 1587 3017 1645 porta:
3049 1576 3344 1640 wternales,

137 1671 416 1740 ἐπὰρθητε,
458 1673 641 1725 πύλαι
678 1669 921 1735 αὶώνιοι,
959 1669 1060 1724 καί
1090 1669 1496 1723 εἰσελεύσεται
1524 1670 1554 1721 d
1577 1669 1683 1732 ,ϐα-

141 1761 316 1828 σιλεὺς
339 1760 450 1831 τῆς
492 1762 712 1829 δόξης·
775 1763 834 1814 ἐν
872 1762 929 1815 δὲ
964 1761 1042 1833 τῷ
1067 1759 1513 1832 τεσσαρακοστῷ⁶
1556 1761 1683 1812 Ἀν-

1781 1686 1829 1730 et
1848 1674 2086 1729 introibit
2111 1688 2201 1728 rex
2235 1672 2436 1742 gloriae.
2457 1669 2512 1723 In
2535 1669 2951 1740 quadragesimo
2968 1675 3146 1721 autem
3163 1675 3345 1721 sexto:

1787 1765 2032 1822 Ascendit
2063 1764 2202 1818 Deus
2227 1765 2281 1816 in
2303 1762 2646 1832 jubilatione,
2671 1759 2924 1814 Dominus
2957 1760 3008 1812 in
3040 1774 3160 1812 race
3188 1758 3345 1813 tuba'.

138 1851 224 1919 ἐση
243 1856 270 1906 ό
286 1827 515 1917 Θεόςὲν
541 1827 884 1924 ἀλαλαγμῷ,
914 1827 1126 1920 Κύριος
1150 1853 1218 1905 ἐν
1436 1827 1684 1920 σάλπιγ-

1798 1859 2090 1914 Sessionem
2125 1873 2341 1927 quoque
2368 1856 2691 1918 annuntiat,
2734 1856 2918 1923 aitque
2963 1851 3016 1906 in
3053 1851 3349 1906 centesimo

139 1958 242 2012 τος.
277 1943 383 2015 Τὴν
418 1945 516 2015 μὲν
546 1945 761 2000 κάθισιν
793 1944 1128 2014 ἀναγγέλλει,
1162 1942 1254 1996 καί
1305 1958 1466 2013 φησιν
1493 1942 1552 1995 ὲν
1586 1940 1682 2010 μὲν

138 2035 199 2104 τῷ
221 2036 486 2106 ἑκατοστῷ
511 2037 749 2106 ὲννάτῳ⁹
799 2037 984 2090 Εἶπεν
1018 2038 1050 2088 ό
1102 2035 1315 2102 Κύριος
1361 2031 1441 2098 τῷ
1490 2032 1684 2100 Κυρίῳ

137 2141 265 2192 μουο
315 2125 513 2180 Κάθου
567 2127 636 2179 ἐκ
669 2124 882 2191 δεξιῶν
922 2143 1071 2194 μου,
1119 2124 1230 2190 ἕως
1282 2125 1358 2179 ἂν
1410 2121 1490 2178 θῶ
1542 2121 1684 2187 τοὺς

139 2216 358 2292 ἐχθρούς
387 2233 503 2271 σου
535 2215 866 2271 ὑποπόδιον
885 2215 1004 2270 τῶν
1027 2213 1229 2269 ποδῶν
1259 2229 1375 2268 σου
1395 2230 1408 2242 °
1449 2214 1506 2265 ὲν
1533 2212 1588 2266 δὲ
1608 2211 1686 2283 τῷ

141 2308 314 2378 ὲννάτῳ
334 2310 431 2362 καὶ
449 2308 547 2379 τὴν
568 2308 863 2380 γενομένην
885 2308 1159 2363 ἀπώλειαν
1181 2305 1274 2359 τοῦ
1294 2304 1534 2359 διαϐόλου
1553 2304 1650 2375 βοᾷ
1668 2322 1682 2337 ο

150 2397 436 2465 Ἐκάθισας
483 2398 580 2452 ἐπὶ
613 2399 828 2467 θρόνου
856 2437 871 2462 ,
926 2402 959 2452 ό
1008 2398 1227 2467 κρίνων
1254 2396 1649 2464 δικαιοσύνην
1669 2412 1682 2426 '

141 2491 481 2560 ἐπετίμησας
507 2493 744 2555 ἔθνεσι,
784 2492 883 2545 καὶ
908 2490 1175 2546 ἀπώλετο
1201 2492 1232 2545 ὀ
1271 2490 1517 2556 ἀσεϐής.
1579 2489 1690 2542 Καὶ

139 2584 227 2653 γὰρ
251 2585 324 2637 ὅτι
361 2584 461 2652 τὴν
493 2583 674 2655 κρίσιν
703 2586 882 2638 πᾶσαν
924 2583 1081 2638 ἔλαϐε
1117 2583 1266 2656 παρὰ
1312 2583 1404 2636 τοῦ
1453 2584 1684 2653 Πατρὸς,

140 2677 219 2728 οὐκ
251 2674 481 2746 ἔκρυψεν
506 2719 520 2740 ,
571 2677 706 2730 ἀλλὰ
737 2679 831 2730 καὶ
865 2678 1055 2749 κριτὴν
1088 2678 1304 2730 πάντων
1340 2676 1500 2728 αὐτὸν
1535 2675 1690 2745 ἐρχό-

144 2783 280 2835 μενον
310 2767 616 2840 προμηνύει
642 2770 699 2821 ὲν
731 2769 827 2838 μὲν
857 2775 948 2820 οα’
969 2784 982 2797 ·
1017 2769 1078 2820 '0
1100 2766 1260 2832 Θεὸς,
1279 2766 1347 2820 τὸ
1372 2765 1546 2834 κρῖμα
1573 2780 1689 2819 σου

142 2855 206 2918 τῷ
228 2857 478 2920 ,ϐασιλεῖ
522 2858 628 2923 δὸς
651 2899 665 2923 ,
720 2859 818 2913 καὶ
870 2858 985 2922 τὴν
1034 2857 1426 2924 δικαιοσύνην
1462 2872 1578 2911 σου
1611 2855 1692 2921 τῷ

138 2947 229 3012 υἱῷ
248 2950 350 3004 τοῦ
360 2951 690 3017 βασιλέως,
709 2951 935 3020 κρίνειν
958 2951 1064 3004 τὸν
1084 2952 1234 3005 λαόν
1252 2967 1366 3005 σου
1393 2951 1461 3004 ἐν
1481 2950 1693 3004 δικαιο-

137 3039 276 3107 σύνῃ
295 3080 310 3104 ,
351 3040 454 3094 καί
485 3040 625 3108 τσὺς
678 3043 950 3109 πτωχούς
979 3057 1096 3096 σου
1128 3042 1196 3094 ἐν
1227 3041 1421 3109 κρίσει
1440 3056 1454 3070 ⁸
1530 3040 1585 3092 ὲν
1637 3039 1693 3092 δὲ

1783 1966 1928 2007 nono
1965 1971 1977 2006 :
2016 1950 2166 2005 Dixit
2197 1950 2449 2003 Dominus
2492 1948 2712 2002 Domino
2751 1964 2897 2001 meo:
2924 1945 3055 2002 Sede
3090 1963 3121 1998 a
3148 1944 3350 1998 dextris

1784 2039 1911 2091 meis
1933 2077 1948 2100 ,
1978 2037 2140 2092 donec
2182 2053 2372 2106 ponam
2415 2038 2656 2091 inimicos
2699 2046 2813 2090 tuos
2845 2035 3130 2090 scabellum
3163 2034 3353 2103 pedum

1786 2141 2012 2184 tuorum.
2061 2129 2117 2183 In
2167 2145 2312 2184 nono
2339 2139 2515 2183 autem
2553 2128 2764 2198 psalmo
2804 2127 3100 2197 perniciem
3136 2140 3355 2195 quoque

1785 2220 1982 2274 diaboli
2027 2219 2216 2282 addit,
2257 2229 2308 2273 et
2348 2220 2547 2273 clamat
2580 2237 2594 2272 :
2633 2215 2831 2272 Sediin
2878 2233 3033 2284 super
3072 2217 3352 2280 thronum,

1785 2315 1874 2384 qui
1917 2312 2130 2381 judicas
2160 2312 2429 2380 justitiam
2467 2327 2484 2365 :
2536 2311 2818 2380 increpain
2861 2319 3072 2380 gentes,
3112 2319 3160 2363 et
3199 2309 3356 2375 periit

1789 2407 1999 2475 impius.
2037 2405 2168 2459 Nam
2197 2403 2340 2475 quod
2371 2419 2535 2460 omne
2570 2403 2836 2473 judicium
2869 2416 2897 2455 a
2937 2401 3096 2456 Patre
3134 2415 3357 2469 accepe-

1788 2499 1876 2563 rit,
1918 2497 1968 2551 id
1999 2497 2221 2551 minime
2252 2495 2467 2559 celavit,
2497 2495 2590 2549 sed
2626 2495 2800 2564 ipsum
2831 2492 3076 2548 omnium
3110 2491 3354 2562 judicem

1787 2596 2074 2641 venturum
2097 2586 2421 2656 przenuntiat
2448 2587 2500 2638 in
2528 2584 2926 2655 septuagesimo
2950 2584 3126 2654 primo
3152 2600 3164 2635 :
3197 2581 3356 2644 Deus,

1780 2677 2044 2746 judicium
2069 2686 2214 2729 tuum
2245 2677 2352 2746 regi
2375 2677 2476 2741 da,
2513 2685 2563 2728 et
2582 2677 2854 2744 justitiam
2886 2685 3031 2728 tuam
3058 2674 3170 2744 filio
3195 2676 3356 2743 regis,

1781 2766 2025 2836 judicare
2046 2764 2294 2835 populum
2333 2775 2480 2819 tuum
2513 2764 2565 2817 in
2603 2765 2820 2833 justitia
2840 2804 2853 2826 ,
2878 2775 2926 2818 et
2957 2781 3209 2833 pauperes
3242 2775 3358 2819 tuos

1791 2861 1844 2912 in
1867 2857 2092 2927 judicio.
2135 2860 2193 2911 In
2229 2856 2642 2928 quadragesimo
2672 2867 2850 2911 autem
2895 2872 3040 2911 nono
3070 2856 3145 2911 ait
3186 2874 3202 2911 :
3250 2858 3364 2911 Ad-

1791 2949 1992 3003 uocabit
2026 2949 2210 3002 caelum
2246 2949 2520 3002 desursum
2544 2989 2557 3010 ,
2586 2959 2634 3001 ct
2667 2958 2861 3002 terram
2884 2989 2900 3014 ,
2945 2949 3237 3004 discernere
3266 2964 3360 3016 po-

1791 3040 1971 3104 pulum
1999 3056 2175 3092 suum.
2215 3037 2282 3092 Et
2329 3039 2716 3091 annuntiabunt
2759 3039 2871 3090 caeli
2904 3039 3172 3108 justitiam
3210 3039 3358 3107 ejus,

140 3129 202 3199 τῷ
228 3133 307 3200 μθ¹
339 3133 504 3206 φησί·
528 3133 1012 3202 Προσκαλέσεται
1038 3134 1144 3187 τὸν
1171 3133 1426 3200 οὐρανὸν
1455 3130 1575 3184 ἅνω
1593 3129 1690 3184 καί

1798 3131 2042 3200 quoniam
2077 3128 2211 3183 Deus
2232 3129 2402 3198 judex
2440 3143 2536 3183 est.
2574 3129 2637 3182 Et
2667 3130 2720 3183 in
2762 3131 3095 3199 octogesimo
3129 3130 3311 3200 primo
3346 3149 3359 3185 :

141 3221 236 3287 τὴν
283 3225 397 3295 rﬁr
422 3267 437 3291 ,
494 3221 602 3280 τοῦ
642 3224 934 3292 διακρῖναι
966 3224 1072 3277 τὸν
1106 3225 1260 3278 λαὸν
1303 3222 1508 3276 αὑτοῦ.
1579 3224 1688 3278 Kal

1798 3221 1934 3276 Deus
1961 3224 2101 3276 stetit
2147 3223 2203 3276 in
2248 3238 2513 3293 synagoga
2540 3223 2794 3285 deorum,
2849 3224 2904 3276 in
2957 3223 3130 3276 medio
3190 3233 3366 3276 autem

139 3315 560 3386 ἀναττελοῦσιν
607 3318 662 3368 oi
703 3316 940 3385 οὐρανοὶ
993 3313 1107 3384 τὴν
1156 3314 1551 3382 δικαιοσύνην
1586 3315 1693 3367 αὑ-

140 3408 261 3461 τοῦσ
298 3407 387 3461 ὅτι
441 3411 476 3462 ό
526 3407 670 3473 Θεὸς
708 3406 912 3477 κριτής
942 3407 1104 3461 ἐστι·
1174 3407 1266 3459 καὶ
1316 3408 1373 3459 ὲν
1423 3404 1500 3476 τῷ
1548 3412 1688 3459 na."

153 3498 204 3550 Ὀ
231 3501 368 3564 Θεὸς
401 3499 550 3568 ἔστη
606 3501 676 3553 ἐν
725 3497 1046 3569 συναγωγῇ
1079 3497 1258 3553 θεῶν·
1322 3498 1393 3550 ἐν
1433 3497 1598 3566 μέσῳ
1627 3495 1693 3548 δὲ

1798 3315 1920 3370 deos
1979 3314 2263 3385 dijudicat.
2297 3313 2437 3380 Quin
2468 3324 2520 3369 et
2548 3316 2885 3369 vocationem
2920 3316 3158 3386 gentium
3207 3331 3271 3368 ex
3302 3329 3366 3370 eo

1801 3411 1917 3476 ipso
1943 3407 2081 3461 libro
2104 3407 2348 3476 pluribus
2376 3407 2616 3460 ediscere
2641 3408 2785 3470 licet,
2808 3407 3107 3475 praesertim
3141 3420 3205 3460 ex
3232 3422 3370 3475 qua-

1799 3498 2103 3567 dragesimo
2136 3507 2287 3552 sexto
2319 3516 2332 3551 :
2367 3497 2555 3551 Omnes
2587 3506 2780 3568 gentes,
2823 3497 3060 3567 plaudite
3099 3498 3364 3561 manibus,

143 3591 297 3656 θεοὺς
321 3592 625 3659 διακρινεῖ.
669 3589 773 3646 Καὶ
806 3590 911 3661 μὴν
942 3590 1033 3642 καὶ
1057 3590 1154 3660 τὴν
1180 3589 1370 3659 κλῆσιν
1401 3588 1510 3641 τῶν
1531 3586 1695 3640 ἐθνῶν

1798 3587 2018 3656 jubilate
2060 3588 2166 3642 Deo
2201 3589 2255 3642 in
2288 3605 2406 3642 voce
2434 3591 2826 3643 exsultationis.
2867 3586 2923 3642 In
2968 3589 3369 3659 septuagesimo

146 3681 274 3735 ἐστιν
296 3684 388 3736 ἀπ’
417 3684 590 3755 αὐτῆς
622 3683 809 3754 μαθεῖν
841 3684 931 3735 ἐπὶ
958 3681 1167 3735 πολλῶν
1203 3682 1298 3752 μὲν
1319 3719 1333 3744 ,
1383 3680 1613 3751 μάλιστα
1641 3677 1699 3730 δὲ

145 3772 237 3825 ἀπὸ
259 3772 349 3826 τοῦ
385 3779 490 3844 μς¹
513 3789 529 3804 ο
581 3772 782 3826 Πάντα
810 3771 882 3825 τὰ
907 3772 1074 3840 ἔθνη,
1107 3769 1438 3839 κροτήσατε
1476 3768 1696 3838 χεῖρας,

147 3863 470 3928 ἁλαλὰξατε
521 3862 604 3928 τῷ
646 3862 766 3929 Θεῷ
791 3863 860 3916 ἐν
903 3861 1071 3932 φωνῇ
1120 3862 1533 3932 ἀγαλιιάσεως
1558 3880 1571 3892 ·
1641 3863 1699 3915 ὲν

147 3954 193 4006 δὲ
220 3955 294 4026 τῷ
316 3962 434 4010 ea"
482 3954 762 4008 Ένώπιον
801 3953 987 4008 αὐτοῦ
1027 3954 1466 4020 προπεσοῦνται
1509 3953 1698 4008 Αἰθίο-

151 4060 265 4112 πες,
308 4047 406 4100 καὶ
454 4049 509 4099 οἱ
555 4045 752 4115 ἐχθροὶ
790 4044 975 4099 αὑτοῦ
999 4045 1151 4114 χοῦν
1175 4044 1480 4108 λείξουσι·
1517 4043 1700 4109 βασι-

1800 3687 1978 3734 autem
2011 3681 2187 3750 primo
2223 3699 2235 3737 :
2276 3681 2465 3736 Coram
2511 3681 2605 3734 illo
2645 3682 2913 3751 procidant
2960 3680 3237 3750 Afthiopes
3264 3720 3279 3745 ,
3318 3689 3368 3733 et

1801 3771 2004 3824 inimici
2026 3771 2137 3840 ejus
2163 3782 2359 3825 terram
2388 3773 2621 3841 lingent;
2654 3789 2797 3841 reges
2831 3771 3070 3833 Tharsis,
3105 3781 3152 3823 et
3181 3769 3372 3824 iusqu

1802 3879 2019 3916 munera
2041 3865 2293 3932 offerent;
2323 3882 2462 3935 reges
2496 3866 2729 3918 Arabum
2760 3874 2807 3918 et
2850 3863 2992 3918 Saba
3021 3868 3179 3917 dona'
3201 3863 3372 3915 addu-

1804 3962 1956 4019 cent;
1984 3963 2032 4009 et
2073 3956 2372 4011 adorabunt
2413 3975 2530 4011 eum
2563 3974 2737 4011 omnes
2776 3973 2915 4027 reges
2958 3968 3110 4010 terra,
3135 3997 3149 4022 ,
3196 3971 3371 4009 omnes

1807 4056 1977 4112 gentes
2012 4047 2232 4100 servient
2259 4049 2325 4100 ei.
2353 4046 2418 4102 Et
2443 4048 2556 4103 haec
2580 4049 2795 4118 quidem
2825 4048 2876 4101 in
2901 4046 3133 4101 Psalmis
3165 4060 3373 4101 canun—

149 4136 263 4202 λεῖς
308 4136 559 4204 Θαρσεῖς
596 4136 693 4188 καί
740 4138 798 4188 αἱ
843 4134 1021 4202 νῆσοι
1076 4133 1234 4204 δῶρα
1267 4135 1695 4202 προσοίσουσι·

1812 4146 1918 4203 tur,
1953 4139 2003 4192 in
2040 4141 2270 4210 singulis
2304 4151 2482 4196 autem
2518 4141 2637 4195 aliis
2662 4140 2817 4194 libris
2848 4140 3262 4193 annuntiantur.

146 4228 407 4296 βασιλεῖς
458 4228 715 4296 Ἀράϐων
741 4227 836 4281 καί
884 4227 1042 4282 Σαϐὰ
1073 4226 1230 4294 δῶρα
1263 4226 1670 4296 προσάξουσι·
1715 4229 1809 4282 καὶ
1845 4232 2384 4299 προσκυνήσουσιν
2426 4233 2584 4299 αὐτῷ
2612 4232 2832 4298 πάντες
2864 4236 2915 4285 οὶ
2953 4229 3234 4296 ,βασιλεῖς
3266 4228 3373 4300 τῆς

150 4319 270 4386 τῆς,
298 4322 492 4379 πάντα
521 4322 594 4376 τὰ
623 4323 768 4389 ἔθνη
797 4321 1246 4377 δουλεύσουσιν
1286 4321 1466 4387 αὐτῷ.
1521 4323 1705 4376 Ταῦτα
1748 4323 1846 4396 μὲν
1873 4328 1928 4378 ὲν
1953 4330 2063 4390 τοῖς
2095 4327 2341 4399 Ψαλμοῖς
2368 4327 2547 4401 ᾄδεται
2565 4370 2580 4395 ,
2622 4330 2678 4383 ὲν
2705 4329 2760 4383 δὲ
2801 4329 3002 4402 ἑκάστῃ
3047 4330 3152 4381 τῶν
3201 4328 3374 4387 ἄλλων

155 4410 330 4476 ᾓίὸλων
353 4413 871 4484 προαπαγγέλλεται.

216 4507 274 4561 θ’.
313 4510 423 4561 Οὐκ
462 4510 669 4578 ἀγνοῶν
697 4509 757 4567 δὲ
778 4510 937 4563 πάλιν
959 4510 1160 4579 ἔλεγεν,
1187 4511 1268 4563 ὅτι
1302 4511 1394 4564 καὶ
1423 4510 1478 4563 ὲν
1502 4512 1695 4583 ἑκάστῃ

1881 4513 1932 4566 9.
1978 4512 2244 4567 Caeterum
2285 4527 2341 4567 se
2386 4528 2491 4567 non
2540 4513 2793 4582 ignorare
2840 4512 3018 4566 aiebat
3052 4512 3104 4565 in
3147 4513 3374 4582 singulis

161 4596 305 4669 βίϐλῳ
333 4600 428 4669 τῆς
467 4601 689 4672 Γραφῆς
725 4600 792 4653 τὰ
823 4601 962 4654 αὑτὰ
998 4602 1126 4674 περὶ
1155 4602 1248 4655 τοῦ
1278 4604 1526 4674 Σωτῆρος
1559 4605 1695 4668 ἐξαι-

1813 4604 2104 4673 Seriptura:
2149 4604 2300 4658 libris
2350 4605 2534 4657 eadem
2585 4604 2651 4656 de
2701 4601 2980 4658 Salvatore
3031 4603 3373 4672 potissimum

163 4690 307 4758 ρέτως
335 4694 687 4764 σημαίνεται·
721 4697 813 4748 καὶ
841 4695 956 4748 ἔστι
982 4694 1140 4748 τοῦτο
1179 4695 1254 4767 (5)
1290 4696 1490 4758 πάσαις
1520 4697 1695 4760 αὑταῖς

1811 4698 2136 4766 signiﬁcari,
2187 4710 2418 4764 esseque
2458 4695 2586 4749 illud
2641 4695 2880 4748 omnium
2932 4696 3172 4763 ipsorum
3223 4710 3375 4749 com-

162 4781 489 4854 ἁπάγγελμα,
525 4787 617 4839 καὶ
672 4787 955 4856 συμφωνία
1001 4788 1033 4857 ὴ
1073 4787 1209 4858 αὑτὴ
1244 4787 1336 4840 τοῦ
1374 4787 1705 4858 Πνεύματος.

162 4871 258 4924 Καὶ
281 4875 384 4946 γὰρ
415 4876 607 4949 ὥσπερ
633 4878 698 4931 τὰ
725 4877 832 4930 τῶν
871 4877 1044 4933 ἄλλων
1073 4879 1130 4930 ὲν
1163 4879 1333 4950 ταύτῃ
1371 4878 1591 4933 δυνατὸν
1622 4881 1711 4933 εὑ-

168 4965 262 5029 ρεῖν
285 4983 297 4994 ·
334 4965 504 5030 οὕτως
536 4969 629 5021 καὶ
659 4967 727 5022 τὰ
750 4968 952 5039 ταύτης
981 4971 1037 5021 ὲν
1061 4971 1179 5032 ταῖς
1219 4969 1429 5038 ἑτέραις
1455 4967 1709 5033 πολλάκις

166 5053 470 5124 εὑρίσκεται.
512 5057 622 5110 Καὶ
662 5057 769 5128 γὰρ
796 5057 1036 5128 Μωῦσῆς
1063 5057 1205 5129 ᾠδὴν
1230 5058 1426 5129 γράφει
1451 5098 1465 5121 ,
1493 5059 1586 5111 καὶ
1619 5059 1710 5111 'H-

171 5147 302 5210 eam;
327 5147 456 5218 ᾅδει,
486 5149 580 5202 καὶ
606 5151 634 5202 ὁ
673 5150 992 5218 Ἀμῦακοὺμ
1021 5147 1376 5219 προσεύχεται
1407 5149 1522 5219 μετ.
1542 5148 1706 5219 ᾠδῆς.

171 5235 315 5288 Πάλιν
333 5256 387 5291 τε
417 5241 474 5292 ἐν
502 5240 706 5312 ἑκάστῃ
736 5239 899 5312 βίϐλῳ
921 5239 1068 5293 ἐστιν
1101 5240 1224 5293 ἰδεῖν
1259 5240 1353 5293 καὶ
1378 5239 1712 5311 προφητείας

173 5329 251 5381 καὶ
279 5332 585 5402 νομοθεσίας
633 5334 727 5386 καὶ
760 5323 1016 5403 ἱστορίας.
1079 5333 1152 5385 Τὸ
1191 5333 1297 5404 γὰρ
1329 5332 1459 5386 αὐτὸ
1488 5332 1710 5402 Πνεῦμα

176 5418 254 5469 ἐπὶ
282 5420 470 5486 πάντας
502 5422 617 5475 ἐστί
637 5438 650 5450 ·
688 5426 782 5477 καὶ
819 5423 960 5477 κατὰ
992 5423 1090 5494 μὲν
1117 5423 1214 5494 τὴν
1260 5426 1338 5487 είς
1362 5424 1587 5477 ἕκαστον
1614 5440 1709 5492 γε·

177 5509 376 5582 νομένην
413 5513 576 5567 αὑτοῦ
621 5515 882 5589 διαίρεσιν
915 5517 1141 5591 ἕκαστος
1168 5517 1266 5586 τὴν
1293 5515 1534 5569 δοθεῖσαν
1565 5513 1711 5586 αὐτῷ

237 5645 254 5674 ⁸
283 5643 372 5721 Isti.
403 5661 513 5712 ιιιι,
548 5648 605 5702 4.

239 5776 302 5847 (3)
341 5778 523 5834 Κοινὸν
550 5777 636 5835 ed.

1813 4805 1974 4842 mune
2015 4798 2427 4858 argumentum,
2472 4789 2827 4856 eamdemque
2875 4786 3109 4857 Spiritus
3152 4801 3381 4841 concor-

1810 4881 1975 4934 diam.
2010 4877 2219 4932 Etenim
2258 4878 2398 4931 sicut
2425 4895 2485 4932 ea
2521 4894 2640 4946 qua:
2685 4879 2738 4931 in
2769 4878 2890 4932 aliis
2932 4887 3149 4933 exstant
3184 4878 3374 4943 libris,

1815 4976 1867 5028 in
1904 4975 2005 5029 hoc
2046 4974 2283 5044 reperire
2316 4973 2477 5027 licet:
2508 4974 2579 5025 ita
2620 4987 2740 5042 qua:
2770 4972 2824 5026 in
2850 4972 2953 5025 hoc
2981 4981 3140 5036 sunt,
3169 4973 3222 5026 in
3259 4973 3380 5027 aliis

1815 5079 2187 5134 saepenumero
2217 5064 2586 5118 inveniuntur.
2617 5061 2753 5116 Nam
2790 5074 2842 5117 et
2867 5063 3076 5133 Moyses
3109 5064 3380 5118 canticum

1815 5156 2128 5217 conscribit,
2175 5165 2227 5208 et
2273 5155 2440 5209 Isaias
2486 5155 2654 5218 canit,
2687 5163 2739 5207 et
2773 5154 3069 5207 Ambacum
3100 5169 3223 5207 cum
3253 5169 3384 5207 can-

1817 5250 1922 5302 tico
1954 5257 2223 5315 precatur.
2251 5245 2491 5300 Rursum
2522 5244 2574 5297 in
2600 5243 2840 5313 quolibet
2885 5244 3022 5297 libro
3075 5244 3255 5298 videre
3304 5255 3386 5298 est

1816 5339 2148 5411 prophetias,
2178 5337 2541 5406 legislationes
2570 5346 2624 5390 et
2651 5337 2946 5401 historias;
2974 5337 3112 5389 idem
3149 5352 3384 5406 namque

1819 5434 2053 5503 Spiritus
2085 5441 2168 5487 est
2207 5433 2260 5485 in
2307 5431 2594 5494 omnibus,
2631 5441 2682 5484 et
2729 5429 3023 5483 secundum
3059 5429 3383 5482 divisionem

1818 5528 1935 5596 ejus
1980 5528 2031 5579 in
2081 5525 2308 5598 singulis
2349 5522 2580 5590 factam,
2631 5524 3007 5592 unusquisque
3057 5521 3237 5576 datam
3285 5522 3380 5575 sibi
