4102 6304
732 365 798 422 19
1569 364 1622 417 S.
1667 360 2035 417 ATHANASII
2076 360 2225 418 OPP.
2266 359 2446 415 PARS
2487 358 2575 413 Ill.
2613 390 2679 399 —
2718 358 3123 415 EXEGETICA.
3888 363 3957 419 ΞΟ

729 475 955 542 gratiam
988 473 1327 529 administrat
1365 484 1419 528 et
1456 476 1669 543 implet;
1705 493 1817 529 sive
1864 476 2141 564 prophetia
2176 476 2242 528 sit

2354 524 2355 528 η
2384 473 2541 543 χάριν
2564 472 2797 525 διακονεί
2818 474 2909 525 καὶ
2936 473 3149 543 πληροῖ,
3179 470 3287 524 εἴτε
3313 471 3612 543 προφητεία
3637 472 3783 527 ἐστὶν
3800 513 3817 539 ,
3850 477 3955 530 εἴτε

730 568 844 619 sive
874 565 1139 635 legislatio
1162 608 1176 631 ,
1209 568 1322 620 sive
1362 567 1601 621 historia:
1645 569 2089 621 commemoratio
2112 608 2127 633 ,
2174 567 2287 620 sive

730 656 1056 724 psalmorum
1085 657 1275 726 gratia.
1306 656 1442 709 Cum
1470 668 1647 710 autem
1679 673 1818 711 unus
1852 667 2013 725 atque
2041 657 2181 710 idem
2210 656 2286 710 sit

729 747 998 816 Spiritus,
1042 748 1199 816 cujus
1224 758 1349 803 sunt
1370 764 1559 802 omnes
1596 748 1921 812 divisiones,
1972 758 2023 801 et
2057 748 2149 817 qui
2198 762 2284 801 se-

725 836 959 891 cundum
1008 846 1254 891 naturam
1306 839 1569 893 indivisus
1614 849 1725 902 est,
1775 840 1891 894 ideo
1938 840 1990 892 in
2034 856 2091 894 se
2138 849 2282 894 totus

725 939 883 998 atque
924 931 1125 999 integer
1153 939 1236 983 est
1286 948 1297 983 :
1333 931 1425 984 sed
1475 932 1770 985 secumlnm
1818 932 2278 986 subministratio-

723 1034 869 1079 nem,
910 1019 1374 1075 manifestationes
1406 1030 1461 1073 et
1508 1021 1801 1075 divisiones
1833 1021 2066 1089 Spiritus
2091 1022 2280 1091 singu-

723 1111 789 1164 lis
818 1112 971 1173 liunt,
1004 1129 1066 1165 ac
1090 1112 1342 1181 deinceps
1365 1113 1517 1181 jtixta
1550 1124 1866 1181 praesentem
1901 1112 2276 1166 necessitatem

723 1200 924 1271 Spiritu
948 1205 1169 1257 edoctus
1194 1205 1425 1273 quisque
1457 1219 1761 1257 sermonem
1794 1204 2169 1266 administrat,
2202 1204 2275 1257 ita

720 1303 816 1354 ut,
853 1296 1303 1363 quemadmodum
1348 1311 1509 1363 supra
1556 1296 1665 1347 dixi
1692 1336 1706 1355 ,
1744 1296 2016 1367 legislator
2064 1294 2274 1365 Moyses

719 1385 1011 1454 aliquando
1040 1388 1320 1455 prepltetet
1365 1396 1417 1438 et
1461 1396 1661 1451 canat,
1705 1396 1757 1439 et
1802 1386 2112 1455 prephetaa,
2142 1386 2270 1438 dum

718 1477 1079 1530 vaticinantur
1103 1518 1116 1541 ,
1152 1487 1413 1545 prtecepta
1441 1476 1656 1530 tradant
1692 1496 1703 1530 :
1738 1476 2013 1530 Lavamini
2035 1520 2048 1542 ,
2090 1476 2271 1529 mundi

713 1576 873 1620 estote
908 1568 951 1628 ⁵,
984 1577 1131 1631 elc.;
1170 1566 1333 1619 Ablue
1373 1566 1631 1619 malitiam
1677 1569 1850 1620 cordis
1894 1567 1970 1619 tui
1997 1606 2010 1630 ,
2049 1566 2271 1619 Jerusa-

716 1654 814 1705 lem
850 1656 901 1717 ⁶;
945 1655 1235 1723 aliquando
1276 1655 1530 1709 historias
1579 1656 1947 1725 perscribunt,
1993 1666 2054 1710 ut
2082 1656 2267 1711 Daniel

2390 564 2699 633 νομοθεσία,
2731 563 2841 617 εἴτε
2865 564 2964 633 τῆς
3000 562 3239 634 ἱστορίας
3262 565 3294 634 ἡ
3321 565 3529 635 μνήμη,
3561 565 3667 617 εἴτε
3692 565 3800 619 τῶν
3825 566 3955 635 ψαλ-

2390 655 2505 725 μῶν
2610 656 2797 726 χάρις·
2839 654 3022 723 ἐπειδὴ
3055 654 3113 706 δὲ
3155 654 3213 706 τὸ
3247 652 3304 706 ἓν
3334 654 3427 707 καὶ
3469 654 3687 708 τὸαύτδ
3732 656 3954 728 Πνεῦμά

2385 747 2549 809 ἐστιν,
2577 738 2745 816 οὗπερ
2775 744 2868 797 καὶ
2899 746 3070 797 πᾶσαι
3098 744 3385 815 διαιρέσεις
3416 746 3574 811 εἰσιν,
3603 746 3734 799 αὐτὸ
3765 747 3821 800 δὲ
3850 750 3953 801 ἀδι-

2383 838 2595 908 αίρετόν
2641 840 2756 889 ἐστι
2798 837 2938 889 κατὰ
2971 836 3130 906 φύσιν
3153 853 3168 866 ’
3217 836 3303 891 διά
3330 853 3413 888 τοι
3438 836 3594 889 τοῦτο
3619 837 3679 889 τὸ
3706 838 3823 891 ὅλον
3854 838 3951 908 μέν

2382 932 2529 983 ἐστιν
2552 929 2630 1000 (4)
2662 930 2895 999 ἑκάστῳ,
2934 927 3076 981 κατὰ
3106 928 3161 980 δὲ
3190 929 3290 997 τὴν
3323 926 3594 981 διακονίαν
3620 930 3675 981 αἱ
3707 927 3949 999 φανερώ-

2381 1038 2494 1084 σεις
2523 1023 2615 1075 καὶ
2637 1024 2691 1074 αἱ
2718 1020 3010 1091 διαιρέσεις
3033 1020 3126 1072 τοῦ
3160 1019 3470 1089 Πνεύματος
3503 1019 3749 1082 ἑκάστοις
3776 1021 3950 1088 γίνον-

2376 1129 2464 1165 ται
2483 1129 2497 1141 ο
2522 1113 2615 1165 καὶ
2652 1112 2835 1163 λοιπὸν
2860 1111 2999 1164 κατὰ
3020 1110 3117 1180 τὴν
3154 1110 3521 1179 ἀποκειμένην
3540 1110 3725 1180 χρείαν
3755 1111 3947 1164 πολλά-

2376 1220 2461 1265 κις
2481 1202 2728 1265 ἕκαστος,
2750 1202 3108 1272 ὑποσχοῦντος
3130 1200 3220 1254 τοῦ
3244 1200 3380 1254 Πνεύ
3388 1217 3573 1270 ματος,
3600 1202 3836 1255 διακονεῖ
3857 1202 3946 1255 τὸν

2373 1293 2556 1361 λόγον·
2591 1293 2730 1346 ὥστε
2754 1334 2767 1357 ,
2802 1293 2943 1346 καθὰ
2970 1296 3245 1364 προεῖπον,
3278 1291 3665 1362 νομοθετοῦντα
3706 1293 3947 1363 Μωῦσῆν

2374 1386 2731 1455 προφητεύειν
2755 1384 2882 1436 ποτὲ
2934 1386 3028 1437 καὶ
3054 1385 3218 1456 ᾄδειν,
3249 1387 3341 1438 καὶ
3358 1383 3795 1455 προφητεύοντας
3818 1386 3945 1448 τοὺς

2374 1478 2655 1548 προφήτας
2707 1475 3045 1528 ἐντέλλεσθαί
3083 1493 3244 1529 ποτε·
3303 1478 3647 1539 Λούσασθε,
3697 1480 3941 1544 καθαροὶ

2368 1570 2629 1637 γίνεσθε.
2672 1570 2999 1622 Ἁπόπλυνε
3024 1569 3143 1623 ἀπὸ
3170 1570 3381 1634 κακίας
3402 1569 3516 1636 τὴν
3535 1567 3784 1636 καρδίαν
3800 1582 3939 1633 σου,

2380 1661 2770 1730 Ἰερουσαλήμ
2788 1678 2801 1691 ο
2832 1661 2926 1713 καί¹
2960 1662 3188 1730 ἱστορεῖν
3215 1677 3365 1724 ποτε,
3401 1660 3490 1712 τὸν
3529 1660 3626 1729 μὲν
3648 1658 3844 1729 Δανιὴλ
3871 1660 3941 1711 τὰ

714 1740 976 1799 Susanna:
998 1748 1038 1809 ⁷,
1084 1747 1247 1801 Isaias
1282 1746 1541 1800 Rabsacis
1593 1756 1645 1801 et
1676 1747 2061 1802 Senuacherim
2083 1748 2124 1801 ‘.
2161 1746 2251 1801 Ea-

2366 1751 2505 1803 κατά
2528 1753 2848 1814 Σουσάνναν,
2879 1752 2971 1803 τὸν
2992 1751 3047 1803 δὲ
3085 1752 3309 1805 Ἡσαΐαν
3342 1751 3410 1803 τὰ
3448 1750 3588 1803 κατὰ
3613 1751 3701 1803 τὸν
3736 1750 3940 1819 Ῥαψά-

709 1836 830 1889 dem
854 1850 1069 1905 quoque
1090 1838 1297 1891 ratione
1326 1836 1660 1891 Psalmorum
1690 1839 1844 1905 liber,
1874 1841 1961 1892 cui
1987 1839 2251 1908 pI'OpriUII

2367 1857 2469 1910 κην
2496 1840 2589 1893 καὶ
2614 1841 2703 1893 τὸν
2722 1839 3109 1910 Σενναχηρείμ.
3144 1839 3329 1902 Οὕτως
3358 1840 3464 1910 γὰρ
3487 1840 3578 1891 καὶ
3602 1840 3634 1909 ή
3661 1837 3766 1890 τῶν
3789 1838 3942 1892 Ψαλ-

708 1936 791 1981 est
822 1928 1030 1981 cantica
1064 1943 1279 1995 canere,
1308 1944 1427 1998 qum
1454 1929 1506 1982 in
1539 1930 1659 1984 aliis
1688 1930 1842 1985 libris
1875 1931 2051 1985 obiter
2076 1931 2265 1989 dicun-

707 2028 815 2081 tur,
848 2020 960 2073 haec
995 2019 1081 2074 ille
1114 2018 1229 2073 fuso
1254 2020 1491 2091 loquitur
1520 2036 1644 2076 cum
1673 2024 1907 2086 cantico,
1940 2022 2018 2078 uti
2061 2024 2265 2079 dictum

706 2102 809 2162 est:
839 2108 1005 2179 Leges
1030 2120 1206 2164 tamen
1236 2112 1350 2181 ipse
1384 2113 1549 2167 tradit
1579 2132 1590 2165 :
1631 2112 1817 2167 Desine
1844 2118 1907 2168 ab
1936 2118 2019 2169 ira
2040 2157 2054 2181 ,
2087 2125 2136 2169 et
2174 2118 2266 2171 de-

705 2199 933 2270 relinque
961 2201 1188 2271 furorem
1209 2204 1250 2254 ⁹.
1279 2201 1492 2255 Declina
1529 2222 1559 2255 α
1592 2204 1732 2259 malo
1754 2245 1768 2269 ,
1813 2216 1863 2259 et
1904 2207 1989 2274 [ac
2031 2208 2218 2261 bonum
2242 2224 2261 2260 :

702 2295 906 2364 inquire
926 2312 1124 2363 pacem,
1152 2306 1201 2349 et
1228 2313 1527 2365 persequere
1547 2314 1663 2349 eam
1694 2300 1757 2349 ιθ.
1788 2296 2061 2353 Interdum
2091 2299 2260 2353 histo-

701 2386 836 2439 riam
870 2389 1030 2441 habet
1053 2388 1119 2441 de
1146 2388 1337 2442 itinere
1366 2388 1612 2454 Israelis,
1646 2397 1699 2442 et
1731 2390 2013 2459 prophetat
2047 2390 2114 2448 de
2142 2388 2260 2445 Sal-

699 2488 903 2543 vatore,
934 2481 1011 2533 uti
1048 2494 1213 2548 supra
1239 2480 1443 2535 dictum
1484 2489 1586 2535 est.

785 2737 869 2790 10.
938 2735 1259 2793 Communis
1319 2738 1534 2807 quidem
1592 2739 1714 2795 talis
1782 2737 2015 2807 Spiritus
2081 2741 2251 2810 gratia

693 2828 765 2883 sit
794 2828 937 2899 apud
982 2845 1209 2897 omnes,
1253 2840 1307 2885 et
1350 2831 1405 2883 iu
1447 2831 1675 2899 singulis
1724 2831 1865 2884 facta
1915 2831 2249 2898 inveniatur,

692 2930 747 2975 et
779 2922 918 2989 apud
963 2936 1153 2976 omnes
1197 2921 1383 2976 eadem
1410 2961 1424 2983 ,
1478 2930 1535 2975 ut
1583 2923 1878 2977 necessitas
1928 2924 2252 2993 postularit,

690 3016 744 3061 et
779 3006 1009 3076 Spiritus
1051 3008 1301 3063 voluerit.
1347 3007 1531 3079 Neque
1573 3012 1715 3064 enim
1763 3010 1925 3065 refert
1965 3014 2081 3067 sive
2131 3014 2252 3082 plus

690 3096 804 3153 sive
835 3100 1015 3153 minus
1044 3098 1165 3167 quis
1199 3099 1444 3153 habuerit
1471 3099 1738 3168 ejusmodi
1776 3103 2115 3159 necessitatis
2140 3143 2154 3167 ,
2186 3113 2249 3158 ut

689 3188 1064 3257 unusquisque
1096 3198 1344 3245 teneatur
1397 3188 1514 3243 sine
1548 3190 1759 3245 defectu
1800 3193 2077 3261 proprium
2124 3210 2247 3263 per—

688 3278 995 3350 tectumque
1031 3282 1393 3338 ministerium
1429 3284 1671 3353 implere.
1703 3285 2040 3341 Psalmorum
2069 3299 2246 3344 autem

686 3372 819 3426 liber
840 3374 1001 3426 etiam
1026 3374 1103 3428 sic
1132 3375 1360 3442 gratiam
1386 3376 1675 3443 quamdam
1703 3378 1863 3432 habet
1892 3380 2244 3451 singularem,

684 3464 1049 3533 eximiamque
1106 3465 1308 3534 aliquid
1366 3466 1653 3520 observatu
1712 3469 1956 3539 dignum.
2010 3471 2143 3527 Nam
2193 3484 2247 3528 et

684 3556 789 3608 alia
811 3597 824 3619 ,
854 3571 974 3624 qua:
1012 3571 1134 3609 cum
1164 3557 1371 3611 exteris
1417 3558 1568 3614 libris
1601 3560 1761 3615 habet
1791 3562 1964 3617 alﬁnia
2004 3580 2245 3619 commu-

684 3645 899 3713 niaque,
935 3649 1035 3700 hoc
1066 3648 1165 3702 sibi
1205 3651 1482 3718 proprium
1526 3662 1578 3704 et
1616 3652 1995 3709 admirandum
2042 3657 2199 3711 habet
2224 3699 2240 3720 .

680 3736 824 3809 quod
852 3736 1011 3789 etiam
1038 3738 1464 3809 uniuscujusque
1503 3742 1669 3795 animi
1705 3753 1885 3799 motus
1905 3787 1918 3809 ,
1949 3762 2244 3817 eorumque

680 3829 1013 3885 mutationes
1039 3840 1094 3883 et
1133 3832 1513 3901 castigationes
1542 3834 1595 3888 in
1631 3851 1689 3890 se
1718 3837 2017 3908 descriptas
2054 3850 2109 3894 et
2145 3858 2240 3896 ex-

680 3927 895 3979 pressas
935 3915 1209 3969 contineat
1231 3957 1245 3978 ,
1276 3928 1331 3970 ut
1366 3920 1457 3987 qui
1488 3935 1549 3973 ex
1591 3922 1707 3991 ipso
1739 3926 1967 4001 voluerit
1991 3930 2145 3999 quasi
2174 3947 2241 3985 ex

680 4002 914 4073 imagine
961 4020 1053 4058 eas
1078 4006 1323 4074 accipere
1349 4018 1401 4062 et
1424 4010 1753 4081 intelligere,
1783 4015 1855 4068 ita
1888 4020 2239 4087 semetipsum

676 4095 957 4151 eﬂ‘ormare
988 4100 1179 4166 possit,
1218 4111 1275 4155 ut
1301 4102 1409 4156 illic
1448 4106 1709 4173 scriptum
1748 4107 1996 4164 habetur.
2029 4110 2084 4165 In
2120 4113 2240 4168 aliis

675 4190 871 4257 quippe
907 4190 1059 4250 libris
1090 4192 1258 4260 legem
1291 4195 1463 4248 solum
1486 4198 1609 4265 quis
1641 4200 1810 4266 audit,
1841 4203 2238 4273 praecipientem

675 4280 803 4347 quid
835 4280 1012 4335 facere
1044 4294 1319 4352 oporteat,
1352 4289 1479 4355 quid
1520 4304 1714 4355 secus;
1755 4295 2066 4361 prophetias
2110 4299 2235 4351 item

677 4372 846 4435 audit,
883 4382 942 4426 ut
970 4375 1147 4428 solum
1174 4378 1310 4430 sciat
1338 4388 1621 4433 venturum
1652 4380 1984 4439 Salvatorem
2012 4428 2027 4452 ,
2062 4387 2236 4443 histo-

2370 1929 2484 1999 μῶν
2518 1929 2695 1999 βίϐλος
2713 1971 2726 1993 ,
2776 1930 2972 1999 ἔχουσα
3000 1929 3060 1980 τὸ
3093 1928 3219 1981 ἴδιον
3244 1928 3351 1979 τῶν
3553 1969 3568 1993 ,
3598 1929 3736 1999 ὅπερ
3762 1932 3778 1993 ί
3786 1927 3840 1997 5)
3879 1930 3940 1981 ὲν

2366 2024 2482 2086 ταῖς
2509 2008 2694 2088 ἄλλαις
2729 2024 2927 2094 βίϐλοις
2958 2019 3262 2086 διεξοδικῶς
3293 2020 3535 2092 εἴρηται,
3578 2022 3748 2077 ταῦτα
3797 2022 3938 2093 αὑτὴ

2362 2119 2427 2185 τῇ
2462 2116 2602 2170 κατὰ
2632 2116 2830 2179 πλάτος
2871 2120 3019 2187 φωνῇ
3056 2116 3191 2186 μετὰ
3227 2116 3420 2187 μέλους
3472 2114 3699 2183 ψάλλει,
3752 2114 3937 2176 καθὼς

2362 2209 2704 2279 προείρηται.
2736 2207 3033 2278 Νομοθετεῖ
3056 2206 3185 2275 γοῦν
3215 2226 3344 2261 ποτε
3377 2209 3466 2260 καὶ
3492 2207 3627 2278 αὐτή
3646 2224 3659 2236 ’
3695 2206 3935 2260 Παῦσαι

2359 2298 2476 2352 ἀπὸ
2501 2299 2703 2369 ὀργῆς,
2728 2300 2823 2353 καὶ
2846 2298 3204 2368 ἐγκατάλιπε
3231 2301 3419 2368 θυμόν
3436 2315 3448 2327 ·
3472 2298 3586 2361 καὶ,
3608 2300 3937 2351 Ἔκκλινον

2359 2391 2477 2443 ἀπὸ
2500 2392 2685 2445 κακοῦ
2706 2432 2719 2453 ,
2754 2392 2853 2444 καὶ
2895 2394 3152 2459 ποίησον
3184 2392 3409 2460 ἀγαθόν
3431 2408 3445 2421 ·
3476 2388 3732 2455 ζήτησον
3759 2388 3934 2458 εἰρή-

2358 2500 2492 2549 νην,
2523 2483 2621 2536 καὶ
2654 2483 2869 2546 δίωξον
2892 2486 3103 2553 αὐτήν.
3161 2486 3270 2539 Καὶ
3312 2484 3589 2555 ἱστορείδέ
3623 2501 3749 2545 ποτε
3788 2485 3936 2537 κατὰ

2357 2572 2455 2643 τὴν
2487 2572 2601 2625 ὁδὸν
2634 2571 2727 2624 τοῦ
2763 2573 2975 2643 Ἰσραὴλ
2995 2613 3009 2637 ,
3033 2576 3126 2627 καὶ
3156 2576 3483 2645 προφητεύει
3522 2576 3649 2645 περὶ
3682 2573 3775 2627 τοῦ
3811 2575 3931 2627 Σω-

2355 2661 2537 2731 τῆρος,
2569 2660 2754 2733 ὥσπερ
2784 2664 2997 2733 εἴρηται
3021 2664 3302 2734 πρότερον.

2430 2758 2494 2805 ι’.
2532 2753 2697 2823 Κοινὴ
2749 2754 2847 2822 μὲν
2890 2750 2983 2807 οὖν
3016 2754 3236 2825 τοιαύτη
3263 2754 3356 2807 τοῦ
3405 2754 3717 2826 Πνεύματος
3764 2754 3931 2824 χάρις

2355 2842 2494 2895 ἔστω
2516 2843 2662 2913 παρὰ
2688 2846 2840 2909 πᾶσι,
2871 2846 2963 2898 καὶ
2979 2846 3034 2899 ὲν
3058 2844 3271 2915 ἑκάστῳ
3286 2844 3542 2915 γινομένη
3563 2846 3621 2896 εὑ
3632 2843 3929 2916 ρισκὲσθω,

2355 2936 2447 2989 καὶ
2481 2936 2631 3005 παρά
2684 2938 2846 2988 πᾶσιν
2875 2939 2907 3007 ἠ
2938 2936 3072 3007 αὐτὴ
3098 2977 3113 3001 ,
3170 2936 3244 2999 ὡς
3292 2935 3386 2989 ἐὰν
3416 2937 3448 3007 ἡ
3483 2938 3639 3007 χρεία
3691 2936 3927 3005 ἀπαιτῇ,

2352 3029 2444 3081 καὶ
2468 3028 2527 3080 τὸ
2560 3027 2783 3098 Πνεῦμα
2812 3028 3086 3098 βούληται.
3162 3028 3237 3081 Οὐ
3262 3029 3506 3098 διαφέρει
3540 3028 3647 3100 γὰρ
3672 3028 3732 3081 τὸ
3761 3028 3930 3080 πλέον

2353 3119 2444 3171 καὶ
2466 3118 2680 3171 ἔλαττον
2708 3120 2765 3170 ἐν
2787 3118 2955 3189 ταύτῃ
2986 3121 3051 3188 τῇ
3076 3118 3252 3189 χρείᾳ,
3269 3117 3343 3181 ὡς
3371 3117 3597 3180 ἕκαστος
3626 3117 3931 3179 άνενδὸτως

2349 3211 2445 3281 τὴν
2480 3210 2613 3263 ἱδίαν
2640 3210 2945 3281 ἀποπληροῖ
2970 3210 3062 3263 καὶ
3088 3210 3285 3263 τελειοῖ
3331 3210 3626 3263 διακονίαν.
3670 3209 3734 3261 Ἦ
3770 3208 3830 3261 δέ
3858 3225 3928 3277 γε

2351 3302 2528 3371 βίϐλος
2563 3302 2669 3355 τῶν
2701 3301 2943 3372 Ψαλμῶν
2977 3304 3071 3355 καὶ
3106 3303 3277 3365 οὕτως
3298 3302 3409 3373 ἔχει
3428 3303 3545 3356 τινὰ
3571 3300 3729 3355 πάλιν
3760 3301 3931 3373 χάριν

2351 3393 2484 3446 ἱδίαν
2510 3394 2601 3446 καὶ
2628 3394 3005 3464 παρατήρησιν
3039 3393 3310 3465 ἐξαίρετον
3330 3410 3341 3421 ·
3379 3394 3514 3463 πρὸς
3544 3392 3653 3465 γὰρ
3678 3396 3790 3455 τοῖς
3826 3393 3929 3447 άλ-

2346 3482 2479 3547 λοις,
2515 3485 2573 3537 ἐν
2598 3480 2677 3546 οἷς
2700 3485 2833 3555 πρὸς
2857 3484 2956 3547 τὰς
2986 3484 3150 3546 ἄλλας
3206 3483 3419 3553 βίϐλους
3471 3484 3584 3553 ἔχει
3612 3482 3709 3554 τὴν
3734 3484 3930 3553 σχέσιν

2346 3573 2440 3625 καὶ
2472 3573 2772 3637 κοινωνίαν,
2810 3572 2995 3625 λοιπὸν
3048 3574 3143 3624 καὶ
3193 3572 3321 3625 ίδιον
3353 3572 3463 3645 ἔχει
3495 3572 3651 3625 τοῦτο
3709 3572 3927 3643 θαῦμα,

2344 3664 2425 3715 ὅτι
2452 3664 2544 3715 καὶ
2575 3664 2641 3716 τά
2678 3665 2911 3733 ἑκάστης
2937 3663 3117 3734 ψυχῆς
3172 3665 3468 3735 κινήματα,
3495 3664 3593 3727 τάς
3623 3680 3680 3715 τε
3711 3663 3928 3716 τούτων

2348 3755 2643 3826 μεταϐολάς
2675 3759 2769 3811 καὶ
2799 3755 3112 3827 διορθώσεις
3143 3756 3254 3825 ἔχει
3282 3755 3757 3827 διαγεγραμμένας
3822 3758 3927 3809 καὶ

2342 3848 2810 3920 διατετυπωμένας
2844 3851 2901 3901 ἐν
2937 3851 3124 3919 ἑαυτῇ·
3160 3848 3299 3900 ὥστε
3326 3846 3447 3900 τινὰ
3465 3847 3557 3901 τὸν
3587 3845 3925 3917 βουλόμενον

2340 3938 2415 4001 ὡς
2448 3938 2521 4009 (6)
2542 3940 2766 4009 ἄπειρον
2821 3941 2878 4005 ἐξ
2933 3940 3101 4011 αὐτῆς
3154 3938 3448 4009 λαμϐάνειν
3478 3938 3571 3990 καὶ
3603 3941 3921 4005 κατανοεῖν,

2341 4027 2481 4080 οὕτω
2507 4029 2567 4080 τὸ
2597 4028 2795 4082 τυποῦν
2825 4032 3035 4097 ἑαυτὴν,
3075 4030 3149 4100 (7)
3172 4031 3286 4082 ἐκεῖ
3310 4030 3633 4100 γέγραπται.
3678 4030 3765 4081 Ἐν
3811 4030 3925 4101 μὲν

2341 4120 2447 4189 γάρ
2471 4122 2589 4183 ταῖς
2629 4122 2814 4184 ἄλλαις
2872 4122 3073 4191 βίϐλοις
3123 4122 3279 4192 μόνον
3324 4138 3407 4185 τις
3445 4120 3629 4175 ἀκούει
3674 4121 3765 4173 τὸν
3829 4123 3926 4176 νό-

2342 4226 2440 4278 μον
2476 4213 2891 4280 προστάττοντα,
2918 4212 3085 4282 ἂζμὴ)
3106 4213 3186 4263 δεῖ
3215 4215 3386 4264 ποιεῖν
3414 4214 3507 4265 καὶ
3532 4211 3605 4282 μὴ
3627 4211 3705 4263 δεῖ
3734 4213 3926 4283 πράτ-

2338 4318 2468 4353 τειν⁵
2505 4304 2840 4375 προφητείας
2872 4322 2928 4357 τε
2986 4304 3295 4371 κατακούει,
3330 4304 3468 4357 ὥστε
3518 4305 3673 4375 μόνον
3706 4305 3926 4362 εἰδέναι

2337 4394 2425 4446 τὸν
2451 4396 2741 4465 ἐρχόμενον
2770 4396 3013 4467 Σωτῆρα·
3056 4397 3150 4449 καὶ
3185 4397 3444 4469 ἱστορίαις
3468 4398 3523 4449 δὲ
3548 4396 3835 4471 προσέχει,
3858 4399 3925 4464 ἐξ

673 4463 879 4532 riisque
907 4466 1168 4532 attendat,
1215 4468 1358 4523 unde
1389 4469 1628 4525 ediscere
1674 4482 1851 4541 potest
1890 4491 2073 4543 regum
2110 4495 2235 4534 san-

2354 4479 2413 4538 ὒν
2466 4486 2751 4553 γινώσκειν
2800 4486 3022 4541 δύναται
3080 4489 3177 4551 τὰς
3227 4489 3334 4541 τῶν
3387 4488 3647 4558 βασιλέων
3679 4489 3776 4547 καὶ
3812 4492 3925 4555 τὰς

672 4566 989 4625 ctorumque
1034 4569 1171 4612 acta.
1224 4559 1291 4613 At
1338 4561 1391 4614 in
1446 4559 1784 4617 Psalmorum
1833 4566 1972 4627 libro
2014 4578 2233 4636 printer-

671 4660 832 4711 quam
865 4646 1008 4714 quod
1038 4663 1100 4701 ea
1134 4649 1247 4717 ipsa
1289 4660 1463 4718 potest
1489 4652 1668 4720 quivis
1698 4656 1925 4711 audiens
1949 4654 2187 4713 ediscere
2213 4702 2227 4725 ,

672 4747 851 4790 motus
886 4738 1102 4807 insuper
1131 4741 1323 4795 anima:
1370 4758 1482 4797 sua:
1515 4744 1587 4797 ibi
1626 4744 1977 4813 deprehendit
2020 4749 2232 4804 ediscit-

668 4843 806 4896 que;
856 4844 936 4883 ac.
971 4830 1164 4885 deinde
1218 4834 1516 4888 secundum
1558 4851 1619 4888 ea
1665 4852 1786 4905 qua:
1828 4840 2029 4907 patitur
2090 4852 2141 4894 et
2198 4860 2227 4897 a

666 4919 866 4987 quibus
892 4919 1160 4974 detinetur
1181 4962 1195 4985 ,
1223 4931 1395 4990 potest
1422 4941 1487 4985 ex
1530 4940 1595 4981 eo
1632 4926 1751 4996 ipso
1785 4928 1923 4984 libro
1954 4932 2228 5001 exemplar

667 5007 935 5074 quoddam
969 5023 1281 5064 sermonum
1320 5013 1552 5082 eligere;
1590 5014 1663 5069 ita
1697 5025 1757 5071 ut
1782 5034 1889 5073 non
1926 5021 2101 5075 solum
2131 5024 2223 5091 qui

666 5098 922 5165 audierit,
971 5115 1079 5153 non
1122 5103 1261 5169 (sine
1295 5104 1495 5174 fructu)
1528 5116 1906 5176 pertranseat,
1952 5115 2045 5170 sed
2092 5116 2222 5170 edo-

664 5199 850 5244 ceatur
897 5191 1022 5261 quid
1060 5192 1205 5247 dictu
1243 5195 1497 5267 factuque
1536 5215 1672 5269 opus
1715 5202 1785 5256 sit
1812 5202 1880 5256 ad
1923 5206 2221 5261 curandum

664 5280 933 5339 morbum.
971 5280 1110 5336 Sunt
1152 5284 1365 5353 quidem
1396 5296 1448 5341 et
1475 5289 1527 5343 iu
1571 5290 1691 5345 aliis
1723 5292 1875 5347 libris
1902 5306 2179 5351 sermones
2204 5341 2219 5362 ,

661 5368 752 5438 qui
798 5372 934 5427 mala
983 5373 1337 5441 prohibeant;
1372 5376 1425 5430 in
1471 5378 1575 5435 hoc
1603 5396 1737 5440 δἐι-ο
1777 5398 1883 5451 qua
1938 5387 2147 5441 ratione
2188 5403 2219 5441 a

2338 4579 2444 4631 τῶν
2475 4580 2643 4646 ἁγίων
2678 4581 2923 4651 πράξεις.
2964 4582 3049 4634 Ἐν
3092 4581 3148 4633 δὲ
3299 4581 3463 4653 βίϐλῳ
3494 4581 3599 4634 τῶν
3632 4582 3922 4653 Ψαλμῶν,

2338 4668 2473 4739 πρὸς
2501 4669 2577 4738 τῷ
2609 4668 2777 4723 ταῦτα
2807 4670 3095 4739 μανθάνειν
3142 4668 3231 4721 τὸν
3280 4670 3563 4734 ἀκούοντα,
3599 4670 3677 4722 ἔτι
3708 4674 3809 4726 καὶ
3844 4675 3923 4735 τά

2335 4758 2610 4827 κινήματα
2634 4759 2731 4829 τῆς
2754 4759 2942 4812 ἑαυτοῦ
2983 4760 3160 4830 ψυχῆς
3203 4762 3260 4813 ὲν
3312 4761 3449 4831 αὐτῇ
3503 4764 3752 4815 κατανοεῖ
3812 4765 3920 4821 καὶ

2332 4848 2657 4911 διδάσκεται·
2693 4852 2785 4903 καὶ
2825 4852 3005 4904 λοιπὸν
3036 4852 3170 4924 πρὸς
3207 4853 3234 4904 ὃ
3261 4854 3453 4923 πάσχει
3484 4856 3577 4907 καὶ
3608 4856 3664 4907 ὲν
3707 4848 3750 4922 ᾧ
3780 4875 3925 4912 συνο

2334 4940 2535 5010 ἑχεται,
2596 4941 2815 4995 δύναται
2843 4943 3000 4997 πάλιν
3031 4944 3095 4996 ἐκ
3119 4943 3321 5014 ταύτης
3353 4944 3568 5015 ἔχεσθαι
3593 4948 3692 5017 τὴν
3716 4948 3918 5009 εἰκόνα

2331 5030 2437 5083 τῶν
2463 5032 2653 5099 λόγων·
2686 5033 2825 5086 ὣστε
2863 5025 2941 5105 ’μὴ
2975 5037 3133 5105 μόνον
3165 5036 3472 5089 ἀκούσαντα
3504 5038 3917 5109 παρέρχεσθαι,

2331 5122 2466 5177 ἀλλὰ
2493 5126 2583 5177 καὶ
2612 5124 2725 5187 πῶς
2751 5126 2829 5177 δεῖ
2876 5126 3099 5195 λέγοντα
3147 5129 3238 5184 καὶ
3288 5128 3542 5183 ποιοῦντα
3576 5130 3918 5202 θεραπεύειν

2330 5210 2389 5263 τὸ
2418 5211 2605 5277 πάθος,
2635 5212 2871 5266 διδάσκει
2907 5214 3004 5285 (8),
3034 5217 3155 5279 Εἰσὶ
3189 5218 3287 5286 μὲν
3310 5216 3417 5289 γὰρ
3449 5220 3543 5270 καὶ
3575 5220 3632 5270 ὲν
3654 5222 3778 5283 ταῖς
3814 5224 3920 5277 ἂλ-

2328 5302 2447 5365 λαις
2462 5303 2663 5373 βίϐλοις
2687 5306 2973 5359 κωλυτικοὶ
2996 5307 3139 5379 λόγοι
3167 5310 3596 5383 ἀπαγορεύοντες
3610 5310 3679 5363 τὰ
3697 5312 3919 5380 φαῦλα*

2327 5394 2385 5444 ὲν
2416 5394 2589 5467 ταύτῃ
2630 5397 2687 5449 δὲ
2722 5399 2815 5450 καὶ
2855 5397 2970 5463 πῶς
2990 5399 3287 5469 ἀπέχεσθαι
3318 5400 3398 5453 δεῖ
3423 5400 3753 5454 τετύπωται’
3789 5399 3920 5462 οἷον

729 5504 748 5533 ⁸
782 5500 903 5557 lsai.
941 5520 977 5565 ι,
1012 5504 1092 5557 l6.
1138 5506 1378 5567 ‘Jerem.
1418 5528 1491 5579 tv,
1527 5515 1609 5568 H.
1676 5518 1696 5547 ⁷
1736 5516 1998 5575 Dem-xtl.
2068 5524 2089 5554 "
2130 5522 2233 5580 Isa.

2354 5545 2453 5593 τινι,
2486 5538 2688 5586 itum.
2763 5534 2783 5564 ’
2815 5532 2956 5589 Psal.
2991 5553 3172 5600 xxxvt,
3199 5536 3253 5591 8.
3325 5536 3370 5567 "
3398 5534 3537 5599 Psal.
3576 5552 3773 5603 xum,
3814 5542 3893 5597 15

732 5617 803 5687 ιέ)
852 5616 944 5687 ,Ἐν
974 5618 1150 5687 ἑαυτῷ
1176 5624 1259 5677 ed.

734 5684 803 5757 t§l
851 5686 1022 5757 ’ςΑπερ
1052 5684 1136 5743 ed;

732 5752 802 5823 {5}
856 5754 972 5810 Ἀπ’
991 5752 1213 5827 ἐἰκόνος
1243 5765 1325 5817 ed.

2511 5647 2668 5771 Figite
2700 5717 3063 5771 διδάσκεσθαι.
