4074 6304
159 368 214 424 2|
1277 363 1609 417 EPISTOLA
1653 363 1743 416 AD
1784 362 2306 418 MARCELLINUM.
3321 365 3388 420 22

564 495 678 532 εστι
855 480 1149 548 μετανοεῖν·
1204 479 1264 530 τὸ
1434 479 1714 547 μετανοεῖν

1829 478 1974 532 malis
2001 479 2070 531 sit
2093 477 2478 531 abstinendum
2521 479 2842 547 exprimitur
2873 501 2884 532 :
2922 481 3151 548 exempli
3181 498 3343 536 causa
3369 526 3382 547 ,

158 570 410 623 παύεσθαι
431 573 526 639 τῆς
558 571 849 637 apag-:51;
881 569 1045 620 ἐστίν’
1081 567 1312 619 ἐνταῦθα
1342 567 1396 619 δὲ
1448 566 1542 616 καὶ
1599 565 1713 626 πῶς

159 661 444 726 μετανοεῖν,
474 657 568 710 καὶ
609 658 658 707 τί
697 657 777 709 δεῖ
808 657 984 724 λέγειν
1019 658 1109 709 ἐπὶ
1148 659 1212 726 τῇ
1251 657 1531 726 μετανοίᾳ,
1557 655 1712 706 τετύ-

157 765 342 811 πωτος.
375 742 486 799 Kal.
509 747 668 798 πάλιν
720 748 938 816 εἴρηκεν
977 748 1004 797 ὁ
1027 747 1255 809 Παῦλος·
1309 748 1368 800 Ἡ
1409 747 1611 813 θλίψις
1642 745 1715 812 τῇ

157 837 316 909 deum}
349 839 668 906 ὑπομονὴν
698 838 1122 907 κατεργάζεται,
1153 839 1188 904 ἢ
1222 839 1288 890 δὲ
1322 838 1592 906 ὑπομονὴ
1628 837 1716 889 δο-

158 933 347 1001 κιμὴν,
382 933 421 997 ἢ
453 932 519 985 δὲ
549 932 763 1001 δοκιμὴ
813 932 1048 996 ἐλπίδα,
1090 935 1126 998 ἠ
1153 931 1218 983 δὲ
1263 931 1439 996 ἐλπὶς
1470 933 1540 984 οὺ
1578 948 1714 982 κατ-

157 1027 442 1092 αισχύνει.
507 1026 670 1078 Ἐνδὲ
699 1028 808 1087 τοῖς
832 1025 1078 1094 Ψαλμοῖς
1124 1026 1218 1076 καὶ
1260 1024 1373 1086 πῶς
1421 1023 1499 1074 δεῖ
1534 1023 1716 1093 φέρειν

158 1117 243 1180 τὰς
271 1117 500 1186 θλίψεις,
531 1119 620 1170 καὶ
643 1119 692 1168 τι
723 1116 1030 1186 θλιϐόμενον
1053 1117 1132 1168 δεῖ
1158 1116 1356 1184 λέγειν,
1380 1116 1473 1168 καὶ
1499 1115 1548 1166 τί
1583 1116 1718 1182 μετὰ

159 1207 246 1269 τὰς
277 1207 501 1276 θλίψεις,
525 1206 622 1258 καὶ
665 1205 781 1267 πῶς
837 1206 1060 1267 ἕκαστος
1117 1204 1486 1274 δοκιμάζεται,
1522 1203 1616 1258 καὶ
1643 1203 1718 1254 τί-

159 1314 238 1358 νες
262 1299 308 1348 οἱ
335 1297 482 1363 λόγοι
516 1295 621 1347 τῶν
649 1295 969 1359 ἐλπιζόντων
1007 1295 1099 1346 επὶ
1157 1293 1376 1365 Κύριον,
1413 1292 1718 1362 γέγραπται

161 1390 244 1441 καὶ
274 1388 628 1457 κεχάρακται.
678 1386 841 1440 Πάλιν
893 1404 950 1438 τε
996 1386 1182 1455 ἐντολή
1245 1388 1390 1437 ἐστιν
1443 1387 1499 1437 ὲν
1557 1385 1720 1436 παντὶ

161 1481 507 1550 εὐχαριστεῖν⁹
537 1478 673 1532 ἀλλὰ
697 1479 788 1532 καὶ
827 1478 876 1530 τί
903 1479 983 1531 δεῖ
1042 1478 1218 1545 λέγειν
1270 1475 1720 1547 εὐχαριστοῦντας

161 1570 488 1622 διδάσκουσιν
521 1570 570 1620 oi
597 1569 836 1639 Ψαλμοί.
867 1564 997 1621 Εἶτα
1019 1570 1148 1638 παρ’
1186 1567 1385 1638 ἑτέρων
1413 1566 1717 1625 ἀκούοντες·

163 1663 317 1715 Ὅσοι
355 1661 639 1716 θέλουσιν
667 1660 925 1727 εὐσεϐῶς
958 1661 1062 1728 ζῇν
1094 1661 1546 1731 διωχθήσονται,
1573 1657 1721 1728 παρὰ

159 1752 356 1806 τούτων
384 1753 765 1823 διδασκόμεθα,
796 1755 889 1807 καὶ
924 1754 1036 1816 πῶς
1060 1753 1139 1806 δεῖ
1175 1753 1471 1822 φεύγοντας
1505 1755 1718 1820 φωνεῖν,

1818 569 2124 638 praecipitur
2151 570 2464 639 poenitentia
2488 589 2500 636 ;
2546 571 2862 640 poznitentia
2891 583 3070 626 autem
3094 581 3177 630 est
3207 589 3386 628 cessa-

1819 663 1893 714 tio
1927 679 1954 714 a
1987 671 2233 730 peccato;
2281 663 2332 714 in
2373 662 2474 715 hoc
2521 672 2703 716 autem
2746 663 2885 717 libro
2913 680 3020 733 qua
3060 665 3273 720 ratione
3317 666 3392 720 sit

1819 750 2220 818 pmnitendum,
2257 760 2309 804 et
2360 750 2558 820 quibus
2601 752 2654 804 in
2707 752 3021 820 ptenitentia
3075 755 3256 808 verbis
3307 757 3383 808 uti

1819 854 2084 912 oporteat,
2110 843 2386 898 edocetur.
2417 843 2655 896 Rursum
2689 844 2764 897 ait
2793 842 2995 898 Paulus
3029 863 3042 898 :
3091 843 3388 900 Tribulatio

1819 937 2127 1002 patientiam
2180 945 2469 1002 operatur,
2522 936 2777 1003 patientia
2826 952 2942 988 vero
2988 937 3385 1004 probationem,

1819 1027 2055 1094 probatio
2085 1037 2258 1079 autem
2282 1043 2441 1095 spem,
2476 1043 2586 1094 spes
2611 1035 2784 1079 autent
2811 1043 2909 1079 non
2942 1027 3215 1096 confundit
3235 1028 3298 1081 “.
3329 1027 3386 1081 ln

1820 1121 2049 1176 Psalmis
2077 1136 2204 1173 vero
2229 1122 2489 1189 scriptum
2518 1135 2946 1189 expressumque
2974 1130 3075 1182 est,
3110 1123 3385 1190 quomodo

1823 1213 2050 1266 tolerare
2088 1221 2332 1281 oporteat
2364 1211 2756 1274 tribulationes,
2786 1213 2915 1278 quid
2946 1213 3256 1266 tribulatum
3299 1214 3380 1265 di-

1821 1319 1943 1357 cere
1973 1287 2067 1371 par
2098 1303 2187 1366 sit,
2229 1303 2358 1371 quid
2406 1312 2524 1372 post
2571 1301 2985 1366 tribulationes,
3033 1318 3139 1370 qua
3178 1303 3389 1357 ratione

1821 1394 2050 1463 quisque
2077 1396 2355 1462 probetur,
2382 1395 2602 1464 quinam
2637 1394 2744 1449 sint
2774 1408 3054 1449 sermones
3080 1409 3268 1448 eorum
3294 1394 3387 1463 qui

1822 1495 2042 1553 sperant
2085 1485 2137 1538 in
2171 1485 2478 1538 Dominum.
2519 1485 2848 1555 Praeceptum
2893 1485 3019 1539 item
3065 1493 3148 1539 est
3179 1485 3233 1538 in
3267 1501 3388 1538 om-

1823 1579 1982 1632 nibus
2012 1576 2214 1646 gratias
2255 1593 2411 1647 agere
2440 1579 2504 1639 ";
2535 1587 2587 1631 at
2618 1578 2810 1632 docent
2857 1575 3055 1633 Psalmi
3093 1576 3223 1646 quid
3243 1619 3257 1643 ,
3298 1578 3389 1646 qui

1822 1671 2024 1740 gratias
2066 1671 2194 1739 agit.
2226 1670 2371 1738 loqui
2399 1668 2610 1724 debeat.
2646 1668 2847 1725 Deinde
2881 1686 3004 1724 eum
3032 1670 3101 1724 ab
3135 1670 3255 1725 aliis
3294 1686 3392 1725 au-

1823 1760 2068 1814 diamus:
2092 1760 2399 1830 Quicunque
2427 1762 2510 1829 pie
2540 1761 2715 1814 volunt
2742 1763 2904 1817 vivere
2934 1763 2987 1815 in
3011 1759 3244 1827 Christo,
3274 1779 3395 1830 per-

163 1845 247 1897 κὶὶ
272 1844 421 1907 τινας
449 1846 804 1916 διωκομένους
834 1847 926 1898 καὶ
954 1846 1090 1915 μετὰ
1115 1846 1207 1898 τὸν
1236 1845 1468 1915 διωγμὸν
1501 1844 1723 1915 ῥυσθέν-

1829 1853 2136 1905 secutiouem
2169 1854 2438 1921 patientur
2486 1852 2560 1917 ¹³,
2597 1869 2627 1907 a
2666 1852 2899 1909 Psalmis
2943 1854 3231 1909 edocemur
3259 1854 3391 1923 quid

160 1955 249 2000 τας
296 1937 374 1990 δεῖ
413 1938 606 2006 λόγους
637 1937 926 2011 ἀναφέρειν
951 1937 1029 2007 τῷ
1050 1937 1187 2008 Θεῷ.
1218 1936 1471 2004 Εύλογεῖν
1507 1952 1721 2006 παραγ-

161 2032 446 2100 γελλόμεθα
514 2033 605 2085 τὸν
648 2032 872 2101 Κύριον,
929 2032 1020 2084 καὶ
1073 2029 1511 2100 ἐξομολογεῖσθαι
1555 2029 1720 2099 αὐτῷ’

162 2123 264 2175 ἀλλ’
299 2125 351 2174 ὲν
395 2125 502 2184 τοῖς
546 2124 793 2193 Ψαλμοῖς
826 2122 1141 2192 τυπούμεθα
1182 2121 1296 2184 πῶς
1334 2138 1394 2173 τε
1453 2122 1616 2173 αἰνεῖν
1647 2121 1726 2172 δεῖ

163 2215 241 2265 τὸν
274 2214 495 2285 Κύριον,
521 2217 614 2268 καὶ
643 2215 765 2269 τίνα
831 2216 1052 2285 ῥήματα
1104 2213 1352 2282 λέγοντες
1378 2212 1727 2284 ἐξομολογού-

165 2305 294 2372 μεθα
324 2307 659 2376 πρεπόντως.
689 2307 796 2358 Καὶ
845 2307 929 2373 ἐφ’
960 2307 1189 2360 ἑκάστου
1231 2305 1288 2358 δέ
1330 2324 1410 2369 τις
1461 2306 1632 2369 οὓτως
1661 2305 1724 2358 ἂν

164 2397 302 2467 εὖροι
334 2397 429 2461 τὰς
451 2398 601 2460 θείας
631 2397 787 2469 ᾠδὰς,
818 2398 953 2467 πρὸς
976 2399 1122 2468 ἡμᾶς
1159 2398 1252 2452 καὶ
1307 2398 1460 2468 ἡμῶν
1487 2400 1726 2469 κινήσεις

165 2493 249 2544 καὶ
291 2493 644 2555 καταστάσεις
676 2491 950 2562 κειμένας.

229 2683 313 2728 ια’.
345 2676 454 2728 Καὶ
479 2675 589 2746 γάρ
612 2675 705 2728 καὶ
761 2675 920 2728 τοῦτο
960 2674 1259 2746 παράδοξόν
1312 2675 1425 2726 ἐστι
1470 2674 1629 2726 πάλιν
1668 2675 1725 2727 ἐν

164 2771 266 2831 τοῖς
294 2768 558 2838 Ψαλμοῖς,
591 2771 670 2820 ὅτι
699 2770 754 2820 ἐν
786 2768 880 2837 μὲν
930 2771 1049 2830 ταῖς
1095 2766 1282 2830 ἄλλαις
1340 2765 1541 2836 βίϐλοις
1583 2765 1618 2819 ἆ
1643 2766 1726 2818 λέ-

167 2876 343 2923 γουσιν
371 2863 416 2912 οἱ
479 2861 644 2927 ἆγιοι,
695 2860 787 2912 καὶ
816 2859 943 2928 περὶ
969 2851 1041 2911 ὧν
1071 2857 1133 2911 ἂν
1175 2857 1394 2927 λέγωσι,
1429 2858 1602 2912 ταῦτα
1637 2860 1726 2911 καὶ

164 2951 207 3000 οἱ
232 2950 711 3017 ἀναγινώσκοντες,
741 2950 866 3019 περὶ
898 2942 972 3002 ὧν
1001 2952 1179 3003 ἐκεῖνα
1204 2950 1530 3020 γέγραπται,
1558 2953 1729 3017 ἀπαγ-

166 3041 431 3107 γέλλοντές
475 3042 632 3093 εἰσιν⁸
689 3041 740 3093 οῖ
783 3057 841 3093 τε
905 3041 1192 3104 ἀκούοντες
1258 3041 1447 3104 ἄλλους
1506 3041 1726 3102 ἑαυτοὺς

167 3133 377 3186 ἐκείνων
422 3132 701 3203 ἡγοῦνται,
737 3134 863 3202 περὶ
909 3127 983 3186 ὧν
1017 3136 1046 3186 ὁ
1097 3133 1253 3201 λόγος
1298 3135 1453 3202 φησὶ,
1504 3130 1724 3193 καὶτὰς

169 3226 628 3295 ἐπαγγελλομένας
672 3226 728 3278 δὲ
749 3224 994 3297 πράξεις,
1023 3224 1148 3295 ἄχρι
1179 3222 1274 3275 τοῦ
1314 3223 1611 3293 θαυμάζειν
1634 3224 1727 3276 καὶ

171 3317 350 3386 ζηλοῦν
379 3319 567 3382 αὑτάς,
601 3320 680 3382 εις
719 3320 778 3371 τὸ
809 3317 1088 3388 μιμεῖσθαι
1118 3317 1380 3385 γίνονται.
1428 3315 1644 3386 Ταύτην
1671 3316 1728 3368 δὲ

172 3410 382 3476 βίϐλονό
406 3410 700 3480 λαμϐάνων
731 3409 829 3471 τὰς
873 3411 969 3479 μὲν
1001 3410 1126 3481 περὶ
1165 3408 1257 3461 τοῦ
1289 3409 1536 3479 Σωτῆρος
1597 3425 1729 3479 προ-

171 3503 382 3572 φητείας
407 3503 650 3572 συνήθως
677 3504 733 3554 ἐν
767 3504 884 3564 ταῖς
934 3502 1120 3566 ἄλλαις
1154 3503 1395 3573 Γραφαῖς
1438 3501 1730 3572 θαυμάζων

172 3594 257 3645 καὶ
283 3595 596 3665 προσκυνῶν
618 3594 967 3665 διεξέρχεται,
1001 3598 1124 3658 τοὺς
1152 3596 1208 3648 δὲ
1237 3594 1453 3666 ἐτέρους
1487 3595 1730 3664 ψαλμοὺς

172 3686 242 3746 ὡς
275 3687 427 3749 ἰδίους
451 3689 609 3750 ὂντας
641 3687 830 3755 λόγους
878 3687 1258 3755 ἀναγινώσκειο
1317 3687 1412 3739 καὶ
1464 3687 1492 3737 ὁ
1522 3685 1732 3739 ἀκούων

175 3780 224 3831 δὲ
250 3781 318 3843 ὡς
356 3780 512 3842 αὐτὸς
545 3779 719 3847 λέγων
770 3779 1184 3845 κατανύσσεται,
1214 3780 1308 3832 καὶ
1338 3777 1734 3832 συνδιατίθεται

177 3871 278 3932 τοῖς
307 3872 408 3923 τῶν
445 3872 598 3941 ᾠδῶν
633 3873 888 3942 ῥήμασιν,
938 3871 1012 3935 ὡς
1044 3873 1179 3925 ἰδίαν
1230 3871 1398 3927 ὄντων
1433 3871 1598 3925 αὐτοῦ
1637 3874 1731 3943 (9).

178 3963 464 4034 Σαφηνείας
488 3964 544 4016 δὲ
573 3964 729 4035 χάριν
762 3965 862 4017 οὐκ
910 3964 1186 4035 ὀκνητέον,
1234 3963 1374 4018 κατὰ
1416 3966 1506 4019 τὸν
1555 3966 1732 4036 μακά-

182 4070 284 4122 ριον
349 4054 691 4118 Ἀπόστολον,
751 4055 1158 4109 ὲπαναλαϐόντα
1211 4057 1272 4108 τὸ
1333 4056 1463 4110 αὐτὸ
1535 4056 1730 4125 λέγειν.

180 4144 407 4198 Πλεῖστοι
445 4145 592 4214 λόγοι
620 4146 728 4200 τῶν
752 4147 1099 4219 πατριαρχῶν
1132 4149 1236 4200 εἰσι
1259 4190 1271 4213 ,
1303 4150 1397 4202 καὶ
1433 4148 1554 4201 ἴδιοι
1604 4151 1734 4219 παρ’

180 4239 339 4291 αὐτῶν
397 4239 693 4311 εἰρημένου
752 4241 846 4293 καὶ
903 4240 1140 4310 Μωῦσῆς
1185 4241 1383 4304 ἐλάλει,
1434 4244 1462 4293 ὁ
1492 4242 1547 4292 δὲ
1605 4242 1736 4304 Θεδς

182 4332 512 4403 ἁπεκρίνατο·
569 4332 749 4394 Ἠλίας
800 4350 860 4385 τε
909 4333 1003 4387 καὶ
1043 4334 1341 4397 Ἐλισσαῖος
1379 4335 1470 4386 ἐπὶ
1494 4334 1554 4386 τὸ
1587 4335 1736 4403 Καρ-

187 4422 356 4493 μήλιον
381 4423 503 4494 ὅρος
528 4424 823 4495 καθήμενοι
871 4426 1230 4480 ἐπεκαλοῦντο
1264 4426 1352 4478 τὸν
1386 4427 1609 4496 Κύριον,
1643 4427 1736 4479 καλ⁹

1825 1943 2092 2013 fugientes
2127 1945 2305 1999 dicere
2333 1954 2618 2015 oporteat,
2657 1947 2845 2015 quales
2880 1947 2933 2000 in
2977 1949 3390 2017 persecutione,

1824 2035 2013 2104 quales
2060 2045 2181 2104 post
2235 2038 2667 2105 persecutionem
2725 2039 2892 2107 erepti
2950 2037 3061 2094 Deo
3115 2055 3394 2097 sermones

1823 2121 2066 2190 proferre
2100 2123 2413 2178 debeamus.
2462 2123 2722 2179 Jubemur
2756 2125 2987 2181 Domino
3034 2129 3352 2186 benedicere
3377 2174 3393 2199 ,

1824 2210 2054 2268 Domino
2082 2214 2361 2281 conﬁteri;
2398 2224 2454 2268 at
2500 2217 2551 2269 in
2608 2217 2837 2273 Psalmis
2883 2217 3244 2276 informamur
3286 2240 3394 2293 qua

1824 2305 2036 2360 ratione
2075 2305 2246 2360 Deum
2293 2306 2516 2362 laudare
2546 2318 2831 2377 oporteat,
2877 2312 3185 2384 quibusque
3215 2317 3394 2371 verbis

1824 2397 2076 2453 decenter
2121 2397 2496 2453 conﬁteamur.
2550 2398 2692 2466 Quin
2744 2413 2796 2456 et
2842 2403 3073 2474 singulis
3121 2407 3175 2460 in
3233 2407 3396 2465 rebus

1824 2491 2057 2560 quisque
2087 2490 2322 2560 reperiet
2352 2492 2533 2547 divina
2564 2495 2776 2549 cantica
2815 2496 2882 2550 ad
2927 2513 3027 2553 nos
3067 2507 3396 2570 nostrosque

1825 2591 2007 2637 motus
2035 2591 2396 2652 motuumque
2425 2585 2844 2654 temperationes
2869 2591 3298 2648 accommodata.

1895 2673 1982 2728 ll.
2014 2672 2225 2728 Etenim
2257 2674 2361 2729 hoc
2385 2691 2605 2745 quoque
2634 2694 2827 2733 rursus
2873 2681 2927 2735 in
2953 2681 3186 2739 Psalmis
3219 2684 3396 2742 admi-

1823 2765 2075 2829 randum,
2100 2765 2241 2835 quod
2273 2765 2326 2818 in
2358 2764 2479 2820 aliis
2510 2766 2727 2834 quidem
2754 2768 2936 2835 libris,
2973 2785 3091 2839 qua:
3120 2772 3295 2826 sancti
3332 2773 3398 2826 de

1825 2857 2148 2928 quibusdam
2184 2857 2408 2922 dicunt,
2438 2858 2554 2912 haec
2596 2859 2711 2929 ipsa
2743 2860 2836 2930 qui
2869 2861 3087 2931 legunt,
3115 2863 3181 2916 ad
3205 2877 3300 2918 eos
3331 2864 3399 2918 de

1825 2949 2023 3018 quibus
2082 2949 2338 3004 dicuntur
2393 2949 2663 3014 referant;
2715 2961 2770 3007 et
2814 2955 2905 3023 qui
2962 2956 3225 3018 audiunt,
3280 2972 3400 3012 sese

1825 3041 1962 3094 alios
2007 3042 2322 3096 existiment
2365 3043 2434 3097 ab
2475 3045 2541 3099 iis
2577 3045 2643 3100 de
2685 3047 2884 3116 quibus
2928 3063 3107 3102 sermo
3148 3049 3398 3115 habetur,

1830 3131 1902 3185 ita
1938 3140 1998 3186 ut
2037 3148 2158 3202 quae
2191 3143 2340 3202 gesta
2367 3134 2624 3189 dicuntur
2649 3177 2664 3202 ,
2704 3136 3050 3194 admirationi
3089 3139 3264 3194 solum
3298 3142 3400 3197 ba-

1832 3225 1993 3279 beant
2022 3234 2075 3279 et
2109 3225 2371 3281 imitanda
2418 3227 2522 3284 sibi
2552 3239 2875 3300 proponant.
2913 3230 2980 3284 At
3008 3231 3205 3288 librum
3235 3232 3402 3288 istum

1829 3318 1922 3386 qui
1957 3317 2142 3383 sumit,
2195 3319 2505 3390 propbetias
2540 3320 2758 3390 quidem
2795 3320 2861 3375 de
2907 3321 3218 3390 Salvatore,
3250 3333 3310 3380 ut
3347 3327 3402 3382 in

1831 3410 1953 3465 aliis
2005 3411 2303 3480 Scripturis
2354 3426 2508 3464 more
2556 3411 2717 3466 solito
2762 3427 2885 3466 cum
2941 3413 3301 3470 admiratione
3349 3427 3403 3472 et

1830 3504 2143 3558 adoratione
2189 3503 2457 3571 percurrit
2497 3520 2512 3557 :
2565 3502 2701 3558 alios
2744 3519 2876 3560 vero
2917 3505 3158 3575 psalmos
3183 3547 3196 3572 ,
3243 3511 3402 3578 quasi

1831 3595 2081 3665 proprios
2112 3593 2215 3648 sibi
2258 3607 2540 3650 sermones
2579 3597 2746 3666 legit;
2783 3597 2874 3668 qul
2916 3607 3095 3652 autem
3131 3600 3360 3655 audierit
3384 3640 3401 3666 .

1833 3687 1989 3756 quasi
2044 3687 2160 3740 haec
2215 3686 2405 3740 eadem
2454 3687 2568 3761 ipse
2622 3687 2930 3758 proferret,
2977 3692 3400 3761 compungitur,

1834 3787 1994 3847 atque
2025 3778 2097 3831 ita
2129 3779 2464 3834 canticorum
2507 3778 2688 3832 verbis
2717 3777 2968 3844 adicitur,
2996 3782 3153 3850 quasi
3186 3797 3284 3837 sua
3315 3798 3404 3837 es-

1835 3878 1974 3924 sent.
2023 3868 2414 3940 Explicationis
2456 3885 2658 3934 causa,
2703 3886 2771 3925 ne
2799 3887 3123 3941 gravemur,
3157 3874 3404 3944 exemplo

1835 3962 1976 4016 beati
2007 3961 2158 4016 Pauli
2187 3963 2440 4033 apostoli,
2469 3963 2702 4034 idipsum
2729 3975 2991 4035 repetere.
3016 3965 3262 4022 Plurima
3277 3978 3408 4023 sunt

1837 4052 2267 4121 patriarcharum
2314 4054 2476 4108 verba
2517 4054 2649 4122 ipsis
2688 4055 2905 4123 propria
2963 4074 2974 4107 :
3018 4070 3142 4109 nam
3192 4055 3405 4128 Moyses

1837 4145 2176 4214 loquebatur,
2213 4155 2266 4199 et
2300 4144 2443 4200 Deus
2480 4146 2879 4214 respondebat;
2913 4145 3059 4202 Elias
3097 4159 3151 4204 et
3178 4146 3406 4206 Eliszeus

1837 4235 1892 4289 in
1927 4235 2175 4290 Carmelo
2202 4243 2386 4289 monte
2434 4236 2684 4292 sedentes
2716 4235 3006 4292 Dominum
3044 4240 3398 4304 invocabant,

1836 4325 2196 4395 dicebantque
2219 4341 2430 4395 semper
2465 4345 2478 4381 :
2518 4327 2654 4380 Vivit
2692 4328 2970 4396 Dominus,
3011 4331 3066 4384 in
3103 4331 3253 4400 cujus
3285 4349 3405 4387 con-

1839 4427 2014 4487 spectu
2044 4418 2192 4471 astiti
2217 4419 2368 4472 hodie
2403 4418 2464 4471 “.
2497 4418 2742 4473 Aliorum
2776 4421 2902 4475 item
2933 4430 3246 4477 sanctorum
3277 4439 3406 4494 pro-

184 4512 258 4564 ἀεὶ
285 4513 478 4581 ἔλεγον·
525 4512 613 4581 Ζῇ
638 4515 869 4583 Κύριος,
904 4508 951 4580 ᾧ
999 4515 1308 4584 παρέστην
1335 4515 1589 4568 ἐνώπιον

1839 4511 2125 4578 phetarum
2175 4509 2338 4563 verba
2399 4510 2454 4563 in
2506 4510 2698 4579 primis
2760 4512 2978 4581 quidem
3022 4513 3089 4566 de
3127 4513 3406 4570 Salvatore

187 4602 276 4656 τοῦ
318 4603 599 4674 σήμερον.
634 4607 701 4658 Oi
754 4623 812 4658 τε
863 4607 972 4660 τῶν
1000 4607 1174 4660 ἄλλων
1219 4607 1389 4676 ἁγίων
1440 4606 1733 4678 προφητῶν

186 4691 311 4762 λόγου.
343 4697 737 4769 προηγούμενοι
767 4698 863 4768 μέν
919 4701 1056 4752 εἰσιν
1100 4700 1149 4751 οἱ
1188 4701 1313 4770 περὶ
1345 4698 1436 4752 τοῦ
1461 4699 1728 4769 Σωτῆρος·

189 4783 352 4840 ἔπειτα
379 4787 434 4840 δὲ
458 4788 552 4840 καὶ
579 4787 817 4841 πλεῖστοι
844 4790 1096 4859 γεγόνασι
1124 4792 1235 4853 τοῖς
1255 4808 1313 4842 τε
1339 4790 1513 4843 ἔθνεσι
1540 4791 1631 4843 καὶ
1658 4790 1732 4860 τῷ

202 4876 408 4949 Ἰσραήλ,
434 4879 541 4932 Καὶ
574 4879 721 4950 ὅμως
750 4881 923 4944 οὐδεὶς
959 4881 1082 4934 οὔτε
1115 4881 1222 4935 τῶν
1270 4881 1616 4952 πατριαρχῶν
1641 4882 1730 4935 λό-

193 4983 296 5032 γους
327 4969 399 5034 ὼς
436 4971 598 5034 ἰδίους
625 4973 689 5025 ἄν
716 4990 845 5025 ποτε
869 4973 1032 5040 εἴποι,
1065 4973 1186 5027 οὔτε
1229 4975 1488 5045 τολμήσοι
1514 4992 1597 5037 τις
1648 4994 1734 5044 μι-

197 5061 442 5129 μήσασθαι
477 5063 570 5116 καὶ
594 5065 766 5116 εἰπεῖν
803 5065 871 5118 τὰ
899 5066 1178 5129 Μωῡσέως
1207 5066 1313 5120 ἴδια
1342 5068 1583 5137 ῥήματα,
1615 5068 1734 5121 οὐδὲ

194 5151 266 5202 τοῦ
303 5153 546 5226 ’Δϐραὰμ
581 5156 710 5227 περὶ
754 5156 847 5208 τοῦ
878 5157 1184 5227 οἰκογενοῦς
1231 5157 1322 5210 καὶ
1381 5157 1472 5209 τοῦ
1509 5158 1733 5229 Ἰσμαὴλ

198 5240 340 5296 καὶτὰ
364 5247 489 5316 περὶ
515 5245 612 5298 τοῦ
640 5248 872 5317 μεγάλου
907 5248 1109 5313 Ἰσαάκ,
1165 5248 1266 5301 κᾶν
1320 5250 1352 5318 ἡ
1407 5249 1542 5320 αὐτὴ
1577 5249 1732 5320 χρεία

200 5330 297 5382 τινὰ
322 5337 410 5388 καὶ
432 5338 645 5408 ἀνάγκη
673 5339 974 5411 καταλάϐῃ,
1006 5340 1278 5410 τολμήσας
1314 5340 1377 5392 ἄν
1399 5357 1480 5402 τις
1521 5341 1595 5403 ὼς
1628 5341 1733 5392 ἴδια

201 5418 336 5472 εἴποι.
373 5425 464 5478 Ἂν
488 5427 545 5481 δὲ
577 5429 670 5481 καὶ
701 5429 997 5501 συμπάσχῃ
1025 5446 1107 5491 τις
1159 5431 1269 5490 τοῖς
1321 5428 1607 5496 πάσχουσι,
1641 5429 1735 5481 καὶ

203 5508 342 5562 πόθον
371 5514 498 5566 ποτὲ
526 5517 668 5589 λάϐῃ
701 5517 797 5571 τοῦ
825 5518 1150 5588 κρείττονος,
1181 5519 1364 5570 οὔποτ’
1408 5517 1471 5570 ἂν
1500 5518 1640 5571 εἴποι
1663 5519 1736 5582 ὡς

261 5623 294 5654 ¹¹
321 5622 468 5680 Rom.
499 5641 550 5688 v,
588 5630 702 5684 3.5.
820 5632 859 5662 ”
896 5630 1125 5685 lTlicss.
1164 5648 1213 5697 γ,
1254 5633 1335 5686 l8.

207 5702 371 5761 nun,
395 5697 476 5751 13.
551 5699 593 5730 ³⁸
621 5698 785 5757 Exod.
823 5701 1094 5763 xxxn,59.

267 5780 328 5850 (9)
374 5787 533 5845 Ίδίων
561 5791 722 5844 αὑτοῦ
752 5794 933 5847 ὅντων.

1437 5632 1478 5662 ¹³
1511 5630 1552 5684 ιι
1586 5630 1725 5687 Tim.
1772 5647 1853 5702 ιιι,
1899 5637 1979 5691 li.

1841 4609 1969 4655 sunt
1995 4620 2008 4655 :
2040 4601 2235 4655 deinde
2259 4601 2492 4670 plurima
2522 4603 2666 4659 dicta
2689 4614 2816 4658 sunt
2847 4603 3097 4673 gentibus
3122 4615 3174 4661 et
3199 4605 3402 4663 lsraeli.

1840 4695 2090 4750 Attamen
2139 4710 2300 4749 nemo
2335 4711 2577 4766 unquam
2625 4697 3060 4766 patriarcharum
3104 4700 3299 4765 verba,
3348 4712 3409 4756 ut

1840 4787 1942 4842 sibi
1978 4788 2194 4858 propria
2224 4788 2438 4844 locutus
2475 4787 2635 4843 fuerit
2663 4808 2675 4842 :
2714 4805 2888 4860 neque
2908 4789 3111 4862 Moysis
3140 4792 3323 4858 verba,
3348 4803 3407 4848 ut

1840 4877 2054 4948 propria
2083 4878 2284 4933 imitari
2319 4879 2670 4950 proferreque
2712 4896 2880 4936 ausus
2905 4880 3087 4949 fuerit,
3106 4899 3204 4939 nec
3231 4884 3404 4938 Abra-

1841 4971 1986 5025 hami
2014 4971 2080 5025 de
2108 4986 2295 5037 verna,
2322 4983 2375 5027 et
2403 4973 2468 5028 de
2495 4971 2740 5036 lsmaele,
2782 4982 2836 5028 et
2867 4974 2933 5028 de
2963 4989 3160 5045 magno
3185 4973 3401 5041 lsaaco,

1840 5060 2091 5128 quamvis
2121 5062 2311 5115 eadem
2341 5061 2458 5129 ipsa
2499 5061 2828 5117 necessitate
2860 5072 3154 5133 prematur.
3207 5063 3313 5119 Nec
3359 5067 3408 5122 si

1840 5152 1964 5221 quis
1994 5153 2321 5221 patientibus
2351 5155 2710 5223 compatiatur
2735 5194 2750 5220 ,
2794 5163 2889 5209 aut
2932 5155 3010 5209 rei
3045 5156 3282 5213 melioris
3315 5159 3408 5211 de-

1842 5245 2044 5301 siderio
2072 5255 2354 5311 teneatur,
2386 5263 2628 5318 unquam
2669 5248 2865 5302 dixerit
2909 5258 2970 5302 ut
3007 5247 3219 5319 Moyses
3252 5265 3266 5300 :
3309 5249 3410 5304 0s-

1842 5334 1991 5387 tende
2034 5337 2161 5389 mihi
2201 5338 2421 5407 teipsum
2447 5339 2533 5404 u‘;
2581 5339 2698 5403 vel,
2730 5337 2790 5393 Si
2833 5339 3044 5408 quidem
3074 5342 3297 5394 remittis
3333 5343 3410 5397 eis

1842 5434 2112 5492 peccatum
2157 5444 2373 5495 eorum,
2421 5431 2661 5494 remitte;
2696 5432 2779 5484 sin
2819 5431 3025 5495 minus,
3063 5431 3178 5486 dele
3224 5449 3304 5486 me
3345 5434 3410 5488 de

1844 5517 1979 5571 libro
2027 5527 2135 5586 tuo,
2183 5538 2333 5590 quem
2378 5523 2641 5592 scripsisti
2671 5521 2730 5576 “.
2785 5523 2890 5580 Sed
2938 5539 3038 5579 nec
3074 5525 3409 5594 quisquam.

2089 5638 2129 5669 "
2161 5637 2373 5711 lllReg.
2403 5654 2533 5706 xvn,
2568 5637 2722 5708 l;lV
2757 5636 2888 5710 Reg.
2923 5653 3004 5706 ιιι,
3031 5638 3118 5693 14.
3171 5637 3408 5700 "Exod.
