4102 6304
669 343 737 396 23
1509 341 1567 394 S.
1620 341 1985 396 ATHANASH
2027 344 2173 398 OPP.
2220 345 2397 400 PARS
2438 343 2523 397 lll.
2568 377 2632 384 --
2672 344 3078 401 EXEGETICA.
3813 350 3884 400 24

670 456 1052 526 prophetarum
1080 456 1240 512 verba
1271 467 1328 511 ut
1360 460 1574 526 propria
1601 475 1894 529 usurpans,
1931 461 2017 516 his
2047 479 2226 530 repre-

2344 465 2593 532 llwiioﬁg'
2647 462 3009 532 Ἑμφάιησὼ·
3036 481 3132 531 μοι
3167 463 3422 516 σεαυτόν
3448 479 3462 493 ⁶
3511 463 3542 530 ἦ
3597 463 3775 518 πάλιν
3819 467 3888 518 El

672 548 935 612 lienderit,
966 548 1047 600 vel
1093 548 1388 602 laudaverit
1432 565 1524 602 eos
1567 552 1654 619 qui
1707 551 1903 605 similia
1958 551 2220 617 fecerim,

670 641 866 714 quibus
925 639 1022 708 ipsi
1065 639 1564 708 reprehenderunt,
1601 642 2094 712 laudaveruntque;
2134 660 2226 696 ne-

671 747 775 800 que
803 730 931 784 illud
969 747 980 780 :
1025 730 1159 784 Vivit
1195 731 1538 796 Dominus,in
1579 733 1726 800 cujus
1761 746 2035 803 conspectu
2074 734 2225 787 hodie

670 833 772 886 aro,
799 834 859 878 ut
891 821 1165 892 pr0prium
1196 822 1297 877 sibi
1325 838 1624 876 sermonem
1653 823 1851 878 imitari
1874 840 2222 894 praesumpse-

664 913 761 970 ‘rit.
806 915 1011 970 Etenim
1058 915 1250 985 legenti
1303 915 1469 972 libros
1520 918 1860 985 perspicuum
1889 927 2089 982 est,se
2138 916 2224 969 illa

671 1006 857 1070 verba,
887 1021 993 1059 non
1017 1013 1076 1058 ut
1105 1005 1344 1075 prepria,
1377 1004 1469 1058 sed
1511 1014 1568 1059 ut
1598 1014 1908 1059 sanctorum
1944 1015 1998 1060 et
2039 1020 2224 1060 eorum

674 1095 766 1164 qui
808 1111 904 1166 per
927 1098 1026 1150 ista
1052 1095 1448 1163 significantur,
1475 1094 1734 1164 proferre.
1769 1096 1838 1150 At
1867 1097 1959 1166 qui
1982 1094 2229 1152 Psaltnos

676 1187 831 1258 legit,
863 1202 950 1241 res
991 1187 1125 1240 mira
1148 1228 1162 1252 ,
1208 1197 1326 1257 post
1358 1187 1665 1256 pr0phetias
1706 1202 1826 1256 qua:
1855 1187 1921 1241 de
1953 1187 2228 1243 Salvatore

675 1287 726 1331 et
753 1278 818 1331 de
843 1278 1090 1346 gentibus
1134 1286 1259 1330 sunt
1285 1316 1300 1339 ,
1335 1276 1542 1346 reliqua
1574 1284 1830 1346 tanquam
1869 1277 1972 1331 sibi
2012 1277 2228 1348 propria

679 1369 836 1422 verba
878 1368 1146 1436 loquitur,
1192 1376 1244 1420 et
1283 1383 1345 1421 ea
1379 1368 1534 1436 quasi
1579 1367 1644 1422 de
1685 1383 1743 1423 se
1787 1370 1984 1437 scripta
2017 1379 2228 1433 essent,

677 1461 905 1529 quisque
931 1460 1136 1528 psallit,
1166 1475 1264 1514 nec
1297 1460 1450 1529 quasi
1495 1460 1632 1514 alius
1667 1475 1732 1514 ea
1761 1460 1928 1526 dicat,
1965 1461 2047 1514 vel
2075 1461 2232 1529 quasi

678 1553 841 1606 alium
879 1551 1208 1621 signiﬁcent,
1240 1565 1302 1603 ea
1341 1551 1609 1619 accipitet
1643 1553 1946 1620 percurrit;
1983 1551 2073 1606 sed
2111 1566 2232 1620 per-

680 1642 799 1695 inde
847 1643 1074 1696 ameitur
1112 1651 1271 1711 atque
1311 1642 1356 1695 si
1392 1642 1503 1711 ipse
1527 1641 1594 1695 de
1621 1657 1679 1696 se
1710 1643 2004 1712 loquatur;
2037 1651 2090 1696 et
2114 1658 2234 1712 qua:

679 1735 952 1797 dicuntur,
992 1734 1143 1803 quasi
1179 1733 1292 1801 ipse
1333 1733 1501 1801 egerit
1531 1741 1584 1786 et
1610 1748 1671 1786 ex
1705 1749 1760 1788 se
1796 1733 1908 1803 ipse
1942 1734 2193 1804 loquatur
2216 1774 2232 1800 ,

2319 557 2436 623 μὲν
2463 554 2621 622 ἀφῇς
2645 556 2850 619 αὺτοῖς
2899 553 3014 622 τὴν
3049 556 3358 623 ἁμαρτίαν,
3415 555 3582 623 ἄφες-θ
3613 558 3661 608 εί
3714 557 3888 624 δὲμὴ

2323 646 2500 714 ἀρῆς,
2528 647 2851 714 ἐξάλειψόν
2869 664 2945 714 με
2967 647 3033 699 ἐκ
3067 645 3174 713 τῆς
3199 647 3416 709 ,ϐίϐλου
3444 662 3580 709 σου,
3609 642 3684 714 ἧς
3720 646 3891 714 ἐγρα-

2324 739 2462 804 ψας.
2516 735 2651 786 Ἀλλ’
2675 735 2813 798 οὐδὲ,
2848 735 2944 799 τὰς
2977 734 3082 787 τῶν
3135 733 3422 806 προφητῶν
3471 752 3554 796 τις
3600 735 3892 804 λαμϐάνων

2324 824 2398 887 ὡς
2417 826 2520 878 ἴδια
2548 827 2787 896 ῥήματα,
2822 825 2887 896 μέ
2899 823 3094 895 μψαιτό
3115 842 3196 888 τις
3219 825 3249 893 ἢ
3268 825 3568 877 ἐπαινέσειε
3586 825 3794 888 τούτοις
3825 825 3893 878 τὰ

2326 916 2485 985 ὃμοια
2506 916 2838 988 πράξαντας.
2867 912 2948 980 οἷς
2979 916 3291 987 ἐμέμψαντο
3316 916 3408 968 καὶ
3459 915 3725 984 ἐπῄνεσαν
3747 918 3892 968 ἐκεί-

2326 1027 2423 1062 νοι*
2455 1009 2573 1062 οὐδὲ
2598 1008 2676 1074 τὸ,
2702 1007 2788 1076 Ζῇ
2809 1012 3040 1076 Κύριος,
3060 1003 3108 1075 ᾧ
3136 1006 3444 1075 παρέστην
3479 1007 3733 1061 ἐνώπιον
3787 1009 3895 1060 αὺ-

2326 1101 2430 1156 τοῦ
2460 1099 2743 1169 σήμερον,
2774 1102 3078 1170 μιμήσηται
3108 1099 3170 1152 ἄν
3229 1113 3311 1161 τις
3338 1100 3508 1150 εἰπεῖν
3537 1099 3610 1161 ὡς
3647 1099 3777 1150 ἴδιον
3807 1097 3895 1149 λό-

2327 1198 2438 1251 γον.
2472 1183 2579 1235 Kal
2608 1181 2716 1252 γὰρ
2746 1182 2837 1235 καὶ
2867 1182 2894 1232 ὀ
2923 1181 3260 1250 ἐντυγχάνων
3279 1182 3396 1242 ταῖς
3431 1179 3630 1248 βίϐλοις
3661 1180 3895 1250 φανερός

2328 1273 2442 1325 ἐστι
2497 1273 2570 1342 μὴ
2598 1273 2672 1335 ὡς
2699 1272 2878 1334 ἰδίους,
2908 1271 3042 1326 ἀλλὰ
3064 1271 3172 1324 τῶν
3195 1265 3360 1338 ἁγίων
3391 1271 3484 1324 καὶ
3509 1272 3613 1324 τῶν
3667 1271 3733 1324 δι’
3791 1273 3894 1324 αύ-

2329 1365 2435 1417 τῶν
2459 1365 2801 1435 δηλουμένων
2826 1364 2995 1432 λέγων
3021 1365 3146 1426 τοὺς
3167 1363 3375 1431 λόγους.
3402 1364 3537 1427 Τοὺς
3565 1363 3621 1416 δέ
3647 1379 3709 1431 γε
3744 1363 3898 1415 Ψαλ-

2335 1457 2484 1526 μοὺς,
2511 1456 2571 1507 τὸ
2600 1455 2917 1525 παράδοξον,
2951 1455 3086 1525 μετὰ
3113 1455 3208 1517 τὰς
3251 1454 3376 1524 περὶ
3407 1452 3498 1506 τοῦ
3528 1455 3770 1526 Σωτῆρος
3801 1454 3899 1507 καὶ

2332 1551 2438 1602 τῶν
2469 1549 2636 1602 ἐθνῶν
2662 1549 2994 1620 προφητείας
3026 1551 3054 1601 ὁ
3077 1549 3247 1616 λέγων
3269 1547 3335 1600 τα
3359 1548 3491 1602 ἄλλα
3521 1548 3596 1610 ὡς
3656 1549 3760 1600 ἴδια
3797 1553 3896 1621 ῥή-

2336 1658 2479 1712 ματα
2530 1640 2703 1694 λαλῶν
2761 1642 2895 1702 ἐστι,
2951 1641 3044 1692 καὶ
3075 1641 3148 1703 ὼς
3199 1640 3325 1710 περὶ
3367 1639 3528 1692 αὐτοῦ
3587 1640 3899 1710 γραφέντας

2335 1733 2528 1795 αὐτοὺς
2555 1731 2783 1793 ἕκαστος
2806 1731 3014 1800 ψάλλει,
3043 1731 3135 1784 καὶ
3174 1732 3270 1801 οὐχ
3319 1731 3392 1794 ὡς
3435 1731 3616 1801 ἐτέρου
3650 1731 3902 1798 λέγοντος

682 1824 788 1878 Deo
832 1823 1014 1878 refert.
1066 1821 1410 1895 Nequaquam
1455 1827 1596 1879 enim
1645 1827 1733 1879 illa
1772 1840 1865 1880 ceu
1898 1826 2232 1895 patriarcha-

2344 1822 2368 1893 ἢ
2398 1823 2523 1892 περὶ
2546 1822 2728 1893 ἐτέρου
2765 1821 3114 1892 σημαίνοντος
3135 1821 3368 1892 δέχεται,
3398 1821 3489 1874 καὶ
3529 1821 3897 1891 διεξέρχεται·

683 1933 822 1979 tum,
876 1926 969 1970 aut
1018 1915 1237 1986 Moysis.
1300 1919 1595 1972 aliorumve
1640 1919 2022 1988 prophetarum
2072 1918 2233 1971 verba

684 2021 942 2075 usurpare
982 2005 1336 2061 reformidat:
1387 2007 1479 2060 sed
1523 2021 1688 2076 quam
1739 2007 1971 2059 maxime
2016 2015 2075 2059 ut
2113 2020 2236 2074 pro-

682 2100 796 2166 pria
830 2105 882 2150 et
915 2097 979 2152 de
1031 2099 1211 2168 seipso
1239 2099 1437 2166 scripta
1481 2097 1597 2151 bzec
1635 2098 1815 2151 dicere
1841 2096 2078 2165 psallens
2107 2111 2239 2150 con-

683 2188 817 2241 lidit.
851 2185 982 2242 Nam
1031 2187 1230 2242 Psalmi
1276 2199 1381 2241 tam
1427 2189 1544 2258 ejus
1570 2188 1662 2258 qui
1711 2196 1972 2256 pra-cepta
2006 2188 2240 2242 servavit

683 2295 843 2348 quam
884 2281 1002 2350 ejus
1043 2281 1135 2350 qui
1178 2281 1561 2349 pragvaricatus
1604 2291 1718 2342 est,
1762 2280 2043 2349 utriusque
2091 2289 2238 2349 gesta

686 2374 984 2426 continent.
1026 2371 1256 2427 Necesse
1309 2383 1485 2428 autem
1539 2383 1622 2427 est
1669 2373 1915 2442 quemvis
1966 2373 2236 2427 hominem

685 2463 996 2516 alterutrius
1037 2463 1362 2518 conditionis
1411 2475 1568 2525 esse,
1622 2471 1784 2530 atque
1835 2463 1909 2516 ita
1960 2462 2121 2515 verba
2173 2459 2240 2514 de

688 2555 929 2624 utrisque
964 2555 1137 2622 posita
1169 2554 1351 2624 loqui,
1379 2554 1462 2606 vel
1500 2553 1545 2607 si
1572 2563 1832 2625 praecepta
1863 2553 2125 2616 servarit,
2158 2551 2240 2607 vel

688 2648 732 2698 si
764 2657 1174 2716 praetergressus
1203 2647 1292 2700 sit.

2335 1913 2448 1967 ἀλλ’
2484 1913 2557 1976 ὡς
2590 1913 2748 1976 αὐτὸς
2777 1914 2904 1985 περὶ
2927 1912 3091 1967 αὐτοῦ
3131 1912 3304 1966 λαλῶν
3349 1911 3662 1965 διατίθεταιο
3693 1914 3786 1964 καὶ
3811 1908 3905 1965 οἶά

2336 2007 2540 2060 ἐστιτὰ
2570 2007 2854 2077 λεγόμενα,
2899 2006 3073 2060 ταῦτα
3125 2008 3200 2071 ὼς
3256 2006 3416 2070 αὐτὸς
3460 2007 3668 2078 πράξας
3703 2008 3798 2060 καὶ
3841 2006 3906 2071 ἐξ

2337 2097 2526 2152 ἑαυτοῦ
2557 2100 2732 2152 λαλῶν
2777 2102 3034 2171 ἀναφέρει
3062 2099 3136 2170 τῷ
3165 2100 3301 2170 Θεῷ.
3331 2099 3405 2153 Ού
3451 2099 3556 2170 γὰρ
3583 2098 3658 2163 ὡς
3697 2099 3764 2152 τὰ
3789 2098 3906 2152 τῶν

2339 2191 2690 2263 πατριαρχῶν
2718 2193 2953 2263 ῥήματα,
2991 2193 3082 2244 καὶ
3104 2191 3396 2253 Μωῦσέως,
3439 2192 3529 2244 καὶ
3576 2191 3682 2243 τῶν
3724 2190 3907 2244 ἄλλων

2339 2283 2652 2354 προφητῶν,
2699 2282 3122 2353 εύλαϐηθήσεται
3169 2283 3260 2334 καὶ
3287 2279 3475 2334 ταῦτα’
3505 2281 3637 2333 ἀλλὰ
3673 2281 3764 2333 καὶ
3800 2281 3908 2350 μά-

2339 2374 2496 2428 λιστα
2527 2376 2601 2438 ὡς
2631 2375 2736 2428 ἴδια
2778 2375 2870 2426 καὶ
2901 2374 3027 2444 περὶ
3069 2373 3258 2426 ἑαυτοῦ
3286 2372 3562 2444 γραςρέντα
3597 2372 3782 2444 θαρσεῖ
3810 2371 3908 2425 λέ-

2341 2481 2450 2532 γων
2481 2468 2508 2518 ὁ
2539 2467 2753 2534 ψάλλων
2797 2465 2984 2518 ταῦτα.
3035 2467 3136 2517 Τὸν
3168 2465 3275 2536 γὰρ
3331 2464 3636 2534 φυλάξαντα
3668 2463 3765 2533 τὴν
3815 2465 3908 2516 ὲν-

2341 2555 2523 2625 τολὴν,
2581 2557 2673 2608 καὶ
2725 2556 3042 2626 παραϐάντα
3079 2555 3311 2626 ταύτην,
3368 2555 3468 2624 τήν
3529 2571 3588 2607 τε
3643 2553 3907 2624 ἐκατέρου

2345 2649 2540 2718 πρᾶξιν
2578 2648 2918 2720 περιέχουσιν
2973 2647 3021 2699 οἱ
3055 2646 3292 2716 Ψαλμοί.
3356 2647 3587 2716 Ἀνάγκη
3621 2645 3676 2697 δὲ
3722 2645 3910 2699 πάντα

686 2737 964 2810 ἄνθρωπον
989 2740 1044 2789 ἐν
1073 2737 1279 2802 τούτοις
1327 2737 1657 2808 συνέχεσθαι,
1707 2737 1800 2791 καὶ
1825 2737 1858 2808 ἢ
1888 2738 1963 2801 ὡς
1989 2737 2294 2806 φυλάξαντα
2343 2741 2442 2810 τὴν
2485 2743 2720 2814 ἐντολὴν,
2762 2742 2794 2812 ἦ
2826 2741 2899 2804 ὡς
2960 2739 3276 2812 παραϐάντα
3305 2737 3527 2809 ταύτην,
3555 2737 3730 2806 λέγειν
3777 2739 3912 2801 τοὺς

689 2830 812 2899 περὶ
842 2830 1066 2884 ἑκάστου
1100 2829 1509 2900 γεγραμμένους
1530 2828 1736 2896 λόγους.

761 2921 847 2974 12.
879 2922 1054 2990 Atque
1081 2920 1447 2989 mihiquidem
1475 2922 1706 2983 videtur,
1729 2921 1978 2990 psallenti
2000 2919 2246 2976 Psalmos

687 3031 808 3071 esse
844 3014 1014 3068 instar
1048 3013 1271 3082 speculi,
1301 3023 1359 3067 ut
1389 3023 1441 3066 et
1483 3014 1718 3083 seipsum
1760 3024 1812 3069 ct
1849 3015 2050 3083 proprii
2080 3015 2245 3068 animi

2425 2922 2509 2992 ιβ’.
2539 2921 2646 2976 Καί
2679 2939 2766 2991 μοι
2815 2921 2958 2973 δοκεῖ
2996 2920 3071 2988 τῷ
3099 2918 3350 2987 ψάλλοντι
3400 2915 3643 2986 γίνεσθαι
3684 2914 3913 2980 τούτους

2351 3013 2534 3082 ὥσπερ
2561 3013 2861 3081 εἴσοπτρον,
2892 3010 2969 3072 εἰς
2995 3010 3053 3060 τὸ
3087 3010 3364 3061 κατανοεῖν
3401 3007 3496 3060 καὶ
3524 3007 3684 3060 αὑτὸν
3720 3009 3779 3060 ἐν
3812 3007 3917 3060 αὐ-

691 3115 868 3160 motus
914 3106 966 3159 in
1008 3105 1137 3175 ipsis
1165 3105 1579 3176 contempletur,
1607 3114 1769 3174 atque
1801 3105 1874 3159 ita
1906 3105 2129 3160 affectus
2153 3121 2242 3160 eos

2352 3103 2459 3165 τοῖς
2497 3101 2589 3153 καὶ
2615 3099 2683 3152 τὰ
2713 3100 2808 3170 τῆς
2842 3098 3034 3151 ἑαυτοῦ
3063 3098 3239 3168 ψυχῆς
3292 3100 3585 3168 κινήματα,
3615 3096 3708 3149 καὶ
3735 3097 3916 3161 οὕτως

685 3198 895 3250 recitet.
941 3192 1149 3247 Etenim
1199 3193 1290 3262 qui
1335 3192 1598 3263 legentem
1639 3191 1826 3254 audit,
1861 3192 1932 3244 ita
1973 3191 2245 3245 canticum

691 3285 915 3352 suscipit
956 3298 1018 3336 ac
1048 3283 1093 3336 si
1121 3283 1187 3335 de
1217 3297 1275 3336 se
1317 3281 1586 3336 diceretur
1617 3299 1632 3333 :
1661 3290 1714 3334 et
1743 3281 1827 3334 vel
1858 3279 2074 3349 propria
2118 3295 2246 3335 con-

689 3379 864 3431 victus
908 3374 1275 3435 conscientia,
1319 3383 1677 3441 compunctus
1718 3371 2030 3441 resipiscat;
2060 3372 2144 3424 vel
2184 3372 2248 3425 de

692 3484 786 3538 spe
818 3467 870 3520 in
899 3467 1064 3520 Deum
1093 3466 1320 3520 audiens
1345 3466 1426 3518 vel
1467 3465 1534 3519 de
1558 3463 1761 3518 auxilio
1787 3464 2129 3518 credentibus
2151 3479 2245 3517 ex-

693 3560 882 3624 hibito,
934 3557 1087 3626 quasi
1130 3556 1231 3610 sibi
1280 3556 1638 3625 prteberetur,
1677 3555 1869 3624 gaudio
1916 3553 2247 3616 exsultabit,

692 3660 854 3717 atque
884 3649 1084 3719 gratias
1125 3646 1232 3700 Deo
1276 3662 1435 3716 agere
1466 3646 1703 3715 incipiet.
1747 3645 1881 3702 Cum
1929 3646 2111 3716 itaque
2143 3657 2249 3700 ter-

695 3743 828 3793 tium
877 3740 1142 3809 psalmum
1187 3737 1454 3807 quispiam
1504 3738 1681 3798 canit,
1739 3752 1865 3792 suas
1917 3738 2250 3806 perpendens

694 3846 962 3886 :erumnas
984 3869 997 3893 ,
1029 3831 1184 3899 quasi
1224 3846 1318 3884 sua
1352 3839 1562 3899 reputat
1593 3829 1736 3885 illius
1767 3829 1926 3884 verba
1959 3846 1973 3896 ;
2031 3829 2251 3884 undeci-

701 3938 849 3976 mum
898 3936 1024 3974 vero
1075 3931 1127 3974 et
1155 3921 1423 3974 decimum
1456 3932 1665 3975 sextum
1699 3921 1852 3990 quasi
1889 3922 1939 3973 in
1977 3923 2247 3990 propriam

695 4013 945 4068 ﬁduciam
969 4021 1022 4067 et
1043 4012 1338 4066 orationem
1369 4014 1716 4082 pronuntiat;
1744 4013 2248 4083 quinquagesimum

696 4113 908 4168 autem,
951 4103 1109 4173 quasi
1141 4102 1359 4172 propria
1406 4103 1733 4172 ptenitentize
1780 4118 1891 4156 sua:
1922 4103 2080 4156 verba
2131 4117 2252 4170 pro-

696 4198 819 4251 fert.
865 4195 1000 4248 Cum
1051 4210 1178 4248 vero
1228 4195 1408 4263 psallit
1445 4196 1950 4264 quinquagesimum
1998 4192 2250 4254 tertium,

696 4287 1202 4356 quinquagesimum
1232 4287 1503 4354 quintum,
1536 4286 1913 4347 centesimum,
1957 4284 2253 4354 quadrage-
2286 4323 2296 4334 .

700 4385 900 4439 simum
931 4383 1188 4450 primum,
1231 4397 1338 4433 nun
1395 4381 1550 4448 quasi
1598 4379 1759 4443 alius,
1806 4379 1900 4433 sed
1945 4377 2100 4447 quasi
2141 4377 2254 4445 ipse

2350 3195 2664 3264 αἰσθόμενον
2713 3192 3072 3262 ἀπαγγέλλειν
3126 3191 3340 3254 αὐτούς.
3417 3192 3526 3244 Καὶ
3581 3191 3689 3261 γὰρ
3742 3191 3836 3242 καὶ
3885 3193 3916 3244 ό

2347 3286 2555 3339 ἀκούων
2595 3285 2686 3339 τοῦ
2713 3283 3171 3353 ἀναγινώσκοντος
3215 3285 3289 3348 ὡς
3325 3285 3450 3355 περὶ
3494 3281 3655 3335 αὑτοῦ
3683 3281 3916 3350 λεγομέ-

2348 3397 2442 3449 νην
2476 3381 2573 3450 τὴν
2612 3381 2752 3450 ᾠδὴν
2775 3380 3140 3448 καταδέχεται’
3202 3379 3294 3432 καὶ
3346 3379 3375 3449 ἢ
3425 3377 3774 3447 ἐλεγχόμενος
3805 3376 3917 3428 ὑπὸ

2347 3472 2438 3524 τοῦ
2486 3472 2776 3534 συνειδότος
2807 3471 3124 3538 κατανυγείς
3187 3470 3523 3540 μετανοήσει,
3561 3470 3594 3537 ἢ
3643 3467 3768 3538 περὶ
3812 3466 3919 3537 τῆς

2347 3563 2425 3624 εἰς
2455 3561 2584 3614 Θεὸν
2617 3562 2826 3625 ἐλπίδος
2852 3561 3061 3614 ἁκούων
3088 3561 3177 3613 καὶ
3212 3560 3311 3630 τῆς
3344 3563 3424 3623 είς
3477 3562 3601 3622 τοὺς
3630 3559 3919 3612 πιστεύον-

2347 3661 2444 3718 τας
2479 3655 2764 3724 γινομένης
2793 3655 3146 3724 ἀντιλήψεως,
3180 3652 3253 3716 ὡς
3295 3654 3374 3716 εἰς
3421 3652 3582 3706 αύτὺν
3614 3652 3918 3723 γενομένης

2349 3747 2601 3818 τοιαύτης
2649 3749 2864 3819 χάριτος
2915 3746 3251 3814 ἀγαλλιᾶται,
3292 3745 3385 3798 καὶ
3433 3743 3771 3815 εὖχαριστεῖν
3813 3742 3919 3814 ἆρ-

2351 3857 2502 3910 χεται
2531 3840 2608 3910 τῷ
2633 3840 2769 3910 Θεῷ.
2807 3839 2932 3892 Ὅτε
2958 3837 3085 3906 γοῦν
3133 3839 3223 3891 τὸν
3268 3836 3445 3907 τρίτον
3480 3835 3669 3906 ψάλλει
3713 3851 3799 3897 τις
3833 3837 3921 3901 εἰς

2349 3931 2447 3992 τὰς
2482 3930 2617 3993 ἰδίας
2672 3930 2876 3999 θλίψεις
2904 3929 3161 4002 συνορῶν,
3202 3929 3277 3992 ὡς
3306 3927 3465 3981 αὑτοῦ
3517 3922 3656 3980 εἶναι
3701 3926 3920 3995 νομίζει

2351 4022 2418 4074 τὰ
2447 4023 2503 4074 ἐν
2533 4021 2609 4091 τῷ
2658 4021 2856 4092 ψαλμῷ
2884 4024 3121 4092 ῥήματα·
3166 4021 3258 4074 καὶ¹
3299 4020 3419 4072 τότε
3457 4019 3545 4072 τὸν
3597 4025 3662 4070 ια’
3704 4019 3798 4070 καὶ
3820 4017 3919 4069 τὸν

2355 4121 2427 4177 ις’
2461 4114 2535 4177 ὡς
2565 4116 2643 4178 είς
2681 4114 2779 4184 τὴν
2809 4115 2941 4166 ἰδίαν
2969 4113 3289 4183 πεποίθησιν
3311 4111 3404 4164 καὶ
3430 4111 3734 4182 προσευχήν
3763 4110 3919 4160 ἐστιν

2353 4205 2727 4272 ἀπαγγέλλων⁸
2757 4206 2848 4258 καὶ
2873 4205 2962 4257 τὸν
3015 4206 3110 4274 μὲν
3150 4212 3192 4256 ν’
3234 4203 3448 4274 ψαλμὸν
3488 4204 3562 4266 ὡς
3594 4201 3754 4263 αὑτός
3793 4201 3919 4253 ἐστι

2353 4294 2418 4346 τὰ
2451 4293 2556 4347 ἴδια
2584 4293 2682 4362 τῆς
2709 4293 2991 4363 μετανοίας
3022 4293 3212 4347 ἐαυτοῦ
3255 4294 3424 4362 λέγων
3463 4295 3697 4363 ῥήματα·
3727 4289 3819 4341 τὸν
3857 4289 3920 4342 δέ

2354 4391 2454 4452 νγ’,
2495 4383 2588 4436 καὶ
2615 4383 2706 4435 τὸν
2737 4390 2828 4447 νε’,
2860 4383 2952 4436 καὶ
2981 4383 3069 4435 τὸν
3107 4390 3212 4448 νς¹,
3242 4383 3334 4436 καὶ
3360 4383 3450 4436 τὸν
3493 4381 3638 4454 ρμα’,
3662 4382 3749 4434 ὅτε
3777 4379 3922 4449 ψάλ-

701 4475 1124 4544 perseeutionem
1177 4481 1469 4540 pateretur,
1517 4471 1594 4524 sic
1638 4468 1896 4532 allicitur,
1931 4477 1983 4522 et
2020 4468 2099 4522 sic
2149 4469 2242 4520 ista

2354 4475 2432 4526 λει
2495 4491 2598 4540 τις,
2633 4475 2729 4544 οὐχ
2787 4476 2861 4537 ὡς
2901 4474 3060 4527 ἄλλου
3118 4473 3462 4544 διωκομένου,
3512 4473 3622 4526 ἀλλ’
3664 4471 3738 4534 ὼς
3782 4469 3858 4523 ῶν
3893 4473 3924 4524 ὁ

701 4568 899 4628 verba,
944 4564 1100 4634 quasi
1143 4564 1359 4634 propria
1405 4562 1530 4626 sibi,
1585 4563 1689 4616 Deo
1733 4562 1895 4616 canit.
1930 4563 2005 4616 Ac
2034 4562 2248 4616 demum

699 4661 930 4729 quisque
968 4657 1206 4725 psalmus
1247 4657 1319 4708 ita
1357 4670 1387 4708 a
1417 4653 1617 4723 Spiritu
1651 4653 1882 4708 dictatus
1913 4664 2072 4724 atque
2106 4669 2253 4709 com-

701 4747 911 4815 positus
941 4755 1044 4808 est,
1073 4753 1131 4796 ut
1160 4744 1213 4796 in
1244 4758 1310 4796 eo
1332 4783 1346 4806 ,
1374 4743 1828 4812 quemadmodum
1864 4759 2026 4813 supra
2051 4745 2250 4799 dictum

702 4846 804 4901 est,
839 4837 1004 4889 animi
1033 4834 1207 4889 nostri
1232 4845 1411 4888 motus
1439 4835 1928 4902 deprehendantur,
1961 4850 2254 4904 omnesque

702 4932 856 5000 quasi
887 4932 952 4985 de
979 4930 1137 4985 nobis
1160 4931 1350 5000 prolati
1377 4939 1429 4983 et
1455 4928 1598 4983 velut
1618 4929 1775 4982 nobis
1804 4929 2003 4997 proprii
2032 4930 2161 4993 sint,
2188 4928 2253 4981 ad

709 5025 1130 5080 recordationem
1173 5033 1415 5076 motuum
1467 5031 1779 5077 nostrorum
1810 5031 1862 5075 et
1906 5021 1974 5075 ad
2014 5022 2136 5075 vitze
2163 5038 2260 5075 no-

705 5129 831 5170 stra:
861 5114 1310 5170 emendationem.
1331 5111 1461 5178 Qua:
1490 5113 1634 5166 enim
1668 5112 1956 5181 psallentes
1987 5111 2256 5174 dixerunt,

708 5208 821 5261 hazc
850 5221 946 5275 pro
977 5205 1150 5260 forma
1181 5205 1336 5258 nobis
1364 5219 1484 5258 esse
1514 5211 1758 5274 possunt.

785 5487 868 5540 l5.
953 5482 1076 5539 llaac
1124 5497 1287 5553 porro
1322 5496 1515 5535 rursus
1566 5482 1735 5550 gratia
1781 5489 1863 5534 est
1921 5478 2256 5540 Salvatoris;

714 5581 874 5638 homo
928 5577 1124 5645 quippe
1168 5577 1388 5643 propter
1451 5585 1548 5625 nos
1586 5571 1777 5635 factus,
1807 5572 2083 5640 proprium
2137 5585 2256 5624 cor-

714 5687 812 5740 pus
865 5686 960 5738 pro
1027 5667 1183 5721 nobis
1233 5667 1285 5718 in
1335 5676 1562 5719 mortem
1592 5663 1834 5725 -obtulit,
1874 5673 1932 5715 ut
1983 5677 2172 5716 omnes
2229 5675 2259 5714 a

713 5769 884 5815 morte
955 5757 1259 5813 redimeret.
1327 5754 1465 5822 Quin
1514 5767 1561 5810 et
1609 5754 1880 5809 cmlestem
1945 5753 2257 5823 probatissi-

2359 4567 2580 4634 πάσχων
2623 4565 3029 4631 συνδιατίθεται,
3071 4568 3162 4619 καὶ
3191 4564 3304 4636 ᾄδει
3327 4565 3401 4635 τῷ
3433 4565 3620 4635 Κυρίῳ
3653 4563 3727 4625 ὡς
3752 4561 3922 4625 ἰδίους

2359 4659 2480 4720 τοὺς
2503 4657 2690 4726 λόγους
2739 4656 2976 4719 τούτους.
3019 4657 3124 4708 Καὶ
3151 4656 3283 4718 ὅλως
3319 4656 3487 4718 οὕτως
3519 4655 3746 4715 ἕκαστος
3773 4651 3922 4721 ψαλ-

2365 4750 2460 4820 μὸς
2494 4751 2642 4820 παρὰ
2678 4749 2768 4802 τοῦ
2826 4749 3135 4817 Πνεύματος
3195 4746 3402 4818 εἴρηταί
3460 4763 3520 4798 τε
3573 4746 3668 4798 καὶ
3725 4744 3922 4796 συντέ-

2363 4859 2578 4904 τακται,
2615 4841 2690 4905 ὡς
2749 4843 2806 4897 ἐν
2853 4842 3053 4902 αὐτοῖς,
3091 4837 3231 4892 καθὰ
3275 4837 3535 4908 πρότερον
3567 4837 3801 4907 εἴρηται,
3845 4833 3926 4886 τὰ

2363 4933 2637 5000 κινήματα
2684 4930 2779 4999 τῆς
2812 4929 2987 4999 ψυχῆς
3036 4927 3185 4999 ἡμῶν
3209 4926 3605 4988 κατανοεῖσθαι,
3640 4925 3732 4977 καὶ
3781 4922 3927 4976 πάν-

2356 5040 2452 5085 τας
2486 5023 2681 5084 αὐτοὺς
2708 5021 2782 5084 ὡς
2805 5023 2932 5092 περὶ
2962 5021 3114 5090 ἡμῶν
3164 5020 3431 5092 εἰρῆσθαι,
3466 5018 3558 5070 καὶ
3580 5013 3717 5068 εἷναι
3759 5014 3926 5084 ἡμῶν

2357 5114 2551 5175 αὐτοὺς
2575 5113 2649 5175 ὡς
2683 5112 2844 5173 ἰδίους
2867 5113 3076 5177 λόγους,
3110 5112 3186 5172 εἰς
3214 5110 3513 5179 ἀνάμνησιν
3569 5105 3676 5158 τῶν
3704 5106 3760 5156 ἐν
3786 5105 3929 5174 ἡμῖν

2357 5205 2668 5273 κινημάτων
2729 5204 2820 5255 καὶ
2867 5203 3148 5272 διόρθωσιν
3189 5201 3287 5270 τῆς
3317 5199 3473 5270 ἡμῶν
3523 5195 3815 5260 πολιτείας.
3852 5196 3928 5247 Ἀ

2357 5297 2461 5367 γὰρ
2494 5299 2541 5349 οἱ
2567 5295 2852 5365 ψάλλοντες
2908 5298 3177 5365 εἰρήκασι,
3213 5295 3382 5350 ταῦτα
3420 5292 3513 5345 καὶ
3551 5288 3706 5360 ἡμῶν
3727 5287 3925 5340 δύναν-

2360 5405 2446 5440 ται
2475 5387 2632 5440 τύποι
2659 5387 2750 5440 καὶ
2775 5388 3113 5459 χαρακτῆρες
3137 5383 3289 5440 εἶναι.

2439 5486 2525 5547 ιγ’.
2555 5479 2699 5548 Αὕτη
2731 5479 2786 5530 δὲ
2839 5479 2994 5531 πάλιν
3044 5477 3136 5530 τοῦ
3179 5475 3425 5546 Σωτῆρός
3479 5474 3628 5526 ἐστιν
3673 5465 3924 5539 ήχάρις·

2369 5570 2461 5623 ἄνθ
2475 5588 2650 5641 ρωπος
2684 5571 2789 5640 γὰρ
2826 5571 2892 5622 δι’
2924 5572 3065 5639 ἡμᾶς
3117 5569 3422 5636 γενόμενος,
3462 5557 3654 5630 τὶῖμὲν
3679 5557 3838 5628 σῶμα
3863 5558 3931 5612 τὸ

2371 5662 2496 5714 [διον
2528 5663 2664 5731 ὑπὲρ
2696 5661 2848 5731 ἡμῶν
2876 5663 3240 5732 προσήνεγκεν
3293 5661 3369 5722 εἰς
3401 5657 3642 5711 Θάνατον,
3673 5648 3762 5700 ἵνα
3789 5648 3930 5701 πάν-

2367 5771 2463 5816 τας
2518 5741 2796 5822 ἀπαλλάξῃ
2849 5755 2935 5806 τοῦ
2973 5754 3218 5810 Θανάτοψ
3272 5752 3367 5822 τὴν
3413 5748 3469 5800 δὲ
3536 5741 3780 5813 οὐράνιον
3831 5740 3929 5796 καὶ
