  <div class='ocr_page' id='page_1' title='image "/cluster/home/n/w/nwhite01/storage/ocr_20150623/27/pst.000005712182/020.png"; bbox 0 0 4074 6304; ppageno 0'>
   <div class='ocr_carea' id='block_1_1' title="bbox 146 361 1697 439">
    <p class='ocr_par' dir='ltr' id='par_1_1' title="bbox 146 361 1697 428">
     <span class='ocr_line' id='line_1_1' title="bbox 146 361 1697 428; baseline 0.002 -5"><span class='ocrx_word' id='word_1_1' title='bbox 146 361 207 423; x_wconf 72' lang='grc'>95</span> <span class='ocrx_word' id='word_1_2' title='bbox 1250 369 1586 428; x_wconf 79' lang='lat' dir='ltr'><strong>EPISTOLA</strong></span> <span class='ocrx_word' id='word_1_3' title='bbox 1626 374 1697 426; x_wconf 80' lang='lat' dir='ltr'><strong>AI</strong></span> 
     </span>
    </p>
   </div>
   <div class='ocr_carea' id='block_1_2' title="bbox 1800 361 3370 439">
    <p class='ocr_par' dir='ltr' id='par_1_2' title="bbox 1800 373 3370 439">
     <span class='ocr_line' id='line_1_2' title="bbox 1800 373 3370 439; baseline 0.006 -11"><span class='ocrx_word' id='word_1_4' title='bbox 1800 373 2282 432; x_wconf 80' lang='lat' dir='ltr'><strong>lARCELLINUM.</strong></span> <span class='ocrx_word' id='word_1_5' title='bbox 3299 382 3370 439; x_wconf 87' lang='grc'><strong>26</strong></span> 
     </span>
    </p>
   </div>
   <div class='ocr_carea' id='block_1_3' title="bbox 146 487 1697 570">
    <p class='ocr_par' dir='ltr' id='par_1_3' title="bbox 146 487 1690 566">
     <span class='ocr_line' id='line_1_3' title="bbox 146 487 1690 566; baseline 0.003 -21"><span class='ocrx_word' id='word_1_6' title='bbox 146 492 407 565; x_wconf 74' lang='grc' dir='ltr'>εὐάρεστον</span> <span class='ocrx_word' id='word_1_7' title='bbox 437 487 630 542; x_wconf 78' lang='grc' dir='ltr'>ἑαυτοῦ</span> <span class='ocrx_word' id='word_1_8' title='bbox 686 489 958 544; x_wconf 75' lang='grc' dir='ltr'><strong>πολιτείαν</strong></span> <span class='ocrx_word' id='word_1_9' title='bbox 991 491 1158 559; x_wconf 77' lang='grc' dir='ltr'>δείξαι</span> <span class='ocrx_word' id='word_1_10' title='bbox 1214 493 1383 547; x_wconf 85' lang='grc' dir='ltr'>θέλων</span> <span class='ocrx_word' id='word_1_11' title='bbox 1425 497 1578 566; x_wconf 77' lang='grc' dir='ltr'>ἡμῖν,</span> <span class='ocrx_word' id='word_1_12' title='bbox 1633 511 1690 549; x_wconf 86' lang='grc' dir='ltr'><strong>εν</strong></span> 
     </span>
    </p>
   </div>
   <div class='ocr_carea' id='block_1_4' title="bbox 1800 487 3371 570">
    <p class='ocr_par' dir='ltr' id='par_1_4' title="bbox 1800 501 3371 570">
     <span class='ocr_line' id='line_1_4' title="bbox 1800 501 3371 570; baseline 0.006 -18"><span class='ocrx_word' id='word_1_13' title='bbox 1800 513 2048 570; x_wconf 87' lang='lat' dir='ltr'><strong>mamque</strong></span> <span class='ocrx_word' id='word_1_14' title='bbox 2102 517 2259 556; x_wconf 91' lang='lat' dir='ltr'><strong>suam</strong></span> <span class='ocrx_word' id='word_1_15' title='bbox 2318 501 2534 556; x_wconf 84' lang='lat' dir='ltr'><strong>vivendi</strong></span> <span class='ocrx_word' id='word_1_16' title='bbox 2597 502 2863 557; x_wconf 86' lang='lat' dir='ltr'><strong>rationem</strong></span> <span class='ocrx_word' id='word_1_17' title='bbox 2929 501 3088 558; x_wconf 83' lang='lat' dir='ltr'><strong>nobis</strong></span> <span class='ocrx_word' id='word_1_18' title='bbox 3113 501 3371 561; x_wconf 78' lang='lat' dir='ltr'><strong>exhibere</strong></span> 
     </span>
    </p>
   </div>
   <div class='ocr_carea' id='block_1_5' title="bbox 148 581 1698 658">
    <p class='ocr_par' dir='ltr' id='par_1_5' title="bbox 148 581 1698 658">
     <span class='ocr_line' id='line_1_5' title="bbox 148 581 1698 658; baseline 0.005 -23"><span class='ocrx_word' id='word_1_19' title='bbox 148 583 300 652; x_wconf 78' lang='grc' dir='ltr'>ἑαυτῳ</span> <span class='ocrx_word' id='word_1_20' title='bbox 327 581 523 651; x_wconf 79' lang='grc' dir='ltr'>ταύτην</span> <span class='ocrx_word' id='word_1_21' title='bbox 573 581 871 647; x_wconf 78' lang='grc' dir='ltr'>ἐτύπωσεν,</span> <span class='ocrx_word' id='word_1_22' title='bbox 911 584 1052 656; x_wconf 75' lang='grc' dir='ltr'>ὑπὲρ</span> <span class='ocrx_word' id='word_1_23' title='bbox 1074 584 1166 638; x_wconf 77' lang='grc' dir='ltr'>τοῦ</span> <span class='ocrx_word' id='word_1_24' title='bbox 1205 587 1402 658; x_wconf 69' lang='grc' dir='ltr'>μηκέτι</span> <span class='ocrx_word' id='word_1_25' title='bbox 1436 588 1589 652; x_wconf 78' lang='grc' dir='ltr'>τινὰς</span> <span class='ocrx_word' id='word_1_26' title='bbox 1614 590 1698 641; x_wconf 78' lang='grc' dir='ltr'><strong>εὑ-</strong></span> 
     </span>
    </p>
   </div>
   <div class='ocr_carea' id='block_1_6' title="bbox 147 671 1696 751">
    <p class='ocr_par' dir='ltr' id='par_1_6' title="bbox 147 671 1696 751">
     <span class='ocr_line' id='line_1_6' title="bbox 147 671 1696 751; baseline 0.005 -27"><span class='ocrx_word' id='word_1_27' title='bbox 147 673 297 744; x_wconf 80' lang='grc' dir='ltr'>χερῶς</span> <span class='ocrx_word' id='word_1_28' title='bbox 320 671 628 728; x_wconf 70' lang='grc' dir='ltr'><strong>ἀπατᾶσθαι</strong></span> <span class='ocrx_word' id='word_1_29' title='bbox 665 673 814 745; x_wconf 83' lang='grc' dir='ltr'>παρὰ</span> <span class='ocrx_word' id='word_1_30' title='bbox 852 673 944 727; x_wconf 81' lang='grc' dir='ltr'>τοῦ</span> <span class='ocrx_word' id='word_1_31' title='bbox 995 675 1212 748; x_wconf 77' lang='grc' dir='ltr'><strong>ἐχθροῦ,</strong></span> <span class='ocrx_word' id='word_1_32' title='bbox 1261 678 1484 751; x_wconf 79' lang='grc' dir='ltr'>ἔχοντας</span> <span class='ocrx_word' id='word_1_33' title='bbox 1514 681 1696 750; x_wconf 78' lang='grc' dir='ltr'>ἐνέχυ-</span> 
     </span>
    </p>
   </div>
   <div class='ocr_carea' id='block_1_7' title="bbox 149 762 1696 843">
    <p class='ocr_par' dir='ltr' id='par_1_7' title="bbox 149 762 1696 843">
     <span class='ocr_line' id='line_1_7' title="bbox 149 762 1696 843; baseline 0.007 -28"><span class='ocrx_word' id='word_1_34' title='bbox 149 781 224 835; x_wconf 83' lang='grc' dir='ltr'><strong>ρον</strong></span> <span class='ocrx_word' id='word_1_35' title='bbox 245 762 370 834; x_wconf 77' lang='grc' dir='ltr'>πρὸς</span> <span class='ocrx_word' id='word_1_36' title='bbox 397 765 716 832; x_wconf 69' lang='grc' dir='ltr'>ἀσφάλειαν,</span> <span class='ocrx_word' id='word_1_37' title='bbox 751 765 848 836; x_wconf 81' lang='grc' dir='ltr'>τὴν</span> <span class='ocrx_word' id='word_1_38' title='bbox 879 769 1006 839; x_wconf 80' lang='grc' dir='ltr'>παρ’</span> <span class='ocrx_word' id='word_1_39' title='bbox 1034 767 1198 821; x_wconf 76' lang='grc' dir='ltr'>αὐτοῦ</span> <span class='ocrx_word' id='word_1_40' title='bbox 1239 771 1534 842; x_wconf 80' lang='grc' dir='ltr'>γενομένην</span> <span class='ocrx_word' id='word_1_41' title='bbox 1556 773 1696 843; x_wconf 81' lang='grc' dir='ltr'>ὑπὲρ</span> 
     </span>
    </p>
   </div>
   <div class='ocr_carea' id='block_1_8' title="bbox 147 854 1694 932">
    <p class='ocr_par' dir='ltr' id='par_1_8' title="bbox 147 854 1694 932">
     <span class='ocr_line' id='line_1_8' title="bbox 147 854 1694 932; baseline 0.008 -27"><span class='ocrx_word' id='word_1_42' title='bbox 147 854 281 923; x_wconf 75' lang='grc' dir='ltr'>ἡμῶν</span> <span class='ocrx_word' id='word_1_43' title='bbox 306 855 439 908; x_wconf 77' lang='grc' dir='ltr'>κατὰ</span> <span class='ocrx_word' id='word_1_44' title='bbox 472 855 564 908; x_wconf 80' lang='grc' dir='ltr'>τοῦ</span> <span class='ocrx_word' id='word_1_45' title='bbox 608 857 854 910; x_wconf 75' lang='grc' dir='ltr'>διαϐόλου</span> <span class='ocrx_word' id='word_1_46' title='bbox 887 859 1061 930; x_wconf 78' lang='grc' dir='ltr'>νίκην.</span> <span class='ocrx_word' id='word_1_47' title='bbox 1115 859 1214 913; x_wconf 75' lang='grc' dir='ltr'>Διὰ</span> <span class='ocrx_word' id='word_1_48' title='bbox 1275 861 1431 916; x_wconf 81' lang='grc' dir='ltr'>τοῦτο</span> <span class='ocrx_word' id='word_1_49' title='bbox 1454 864 1584 932; x_wconf 81' lang='grc' dir='ltr'>γοῦν</span> <span class='ocrx_word' id='word_1_50' title='bbox 1633 865 1694 918; x_wconf 79' lang='grc' dir='ltr'>οὐ</span> 
     </span>
    </p>
   </div>
   <div class='ocr_carea' id='block_1_9' title="bbox 149 946 1696 1020">
    <p class='ocr_par' dir='ltr' id='par_1_9' title="bbox 149 946 1696 1020">
     <span class='ocr_line' id='line_1_9' title="bbox 149 946 1696 1020; baseline 0.007 -23"><span class='ocrx_word' id='word_1_51' title='bbox 149 947 287 1014; x_wconf 81' lang='grc' dir='ltr'>μόνον</span> <span class='ocrx_word' id='word_1_52' title='bbox 315 946 568 1011; x_wconf 72' lang='grc' dir='ltr'>ιδίδαξεν,</span> <span class='ocrx_word' id='word_1_53' title='bbox 604 948 739 1002; x_wconf 79' lang='grc' dir='ltr'>ἀλλὰ</span> <span class='ocrx_word' id='word_1_54' title='bbox 771 950 864 1002; x_wconf 77' lang='grc' dir='ltr'><strong>καὶ</strong></span> <span class='ocrx_word' id='word_1_55' title='bbox 915 951 1213 1020; x_wconf 81' lang='grc' dir='ltr'>πεποίηκεν</span> <span class='ocrx_word' id='word_1_56' title='bbox 1244 953 1280 1007; x_wconf 79' lang='grc' dir='ltr'>ἃ.</span> <span class='ocrx_word' id='word_1_57' title='bbox 1317 953 1572 1019; x_wconf 78' lang='grc' dir='ltr'>ἐδίδαξεν,</span> <span class='ocrx_word' id='word_1_58' title='bbox 1609 956 1696 1008; x_wconf 82' lang='grc' dir='ltr'>ἵνα</span> 
     </span>
    </p>
   </div>
   <div class='ocr_carea' id='block_1_10' title="bbox 145 1033 1694 1107">
    <p class='ocr_par' dir='ltr' id='par_1_10' title="bbox 145 1033 1694 1107">
     <span class='ocr_line' id='line_1_10' title="bbox 145 1033 1694 1107; baseline 0.01 -22"><span class='ocrx_word' id='word_1_59' title='bbox 145 1033 348 1098; x_wconf 76' lang='grc' dir='ltr'>ἕκαστος</span> <span class='ocrx_word' id='word_1_60' title='bbox 379 1035 551 1107; x_wconf 77' lang='grc' dir='ltr'>ἀκούῃ</span> <span class='ocrx_word' id='word_1_61' title='bbox 583 1037 679 1106; x_wconf 83' lang='grc' dir='ltr'>μὲν</span> <span class='ocrx_word' id='word_1_62' title='bbox 709 1037 870 1091; x_wconf 74' lang='grc' dir='ltr'>αὑτοῦ</span> <span class='ocrx_word' id='word_1_63' title='bbox 921 1038 1229 1105; x_wconf 77' lang='grc' dir='ltr'>λαλοῦντος,</span> <span class='ocrx_word' id='word_1_64' title='bbox 1281 1043 1356 1107; x_wconf 81' lang='grc' dir='ltr'>ὡς</span> <span class='ocrx_word' id='word_1_65' title='bbox 1412 1046 1470 1098; x_wconf 93' lang='lat' dir='ltr'><strong>tv</strong></span> <span class='ocrx_word' id='word_1_66' title='bbox 1527 1047 1694 1100; x_wconf 81' lang='grc' dir='ltr'>εἰκόνι</span> 
     </span>
    </p>
   </div>
   <div class='ocr_carea' id='block_1_11' title="bbox 145 1126 1693 1207">
    <p class='ocr_par' dir='ltr' id='par_1_11' title="bbox 145 1126 1693 1207">
     <span class='ocr_line' id='line_1_11' title="bbox 145 1126 1693 1207; baseline 0.009 -29"><span class='ocrx_word' id='word_1_67' title='bbox 145 1129 191 1179; x_wconf 79' lang='grc' dir='ltr'>δὲ</span> <span class='ocrx_word' id='word_1_68' title='bbox 221 1126 422 1196; x_wconf 81' lang='grc' dir='ltr'>βλέπων</span> <span class='ocrx_word' id='word_1_69' title='bbox 470 1127 722 1201; x_wconf 74' lang='grc' dir='ltr'>λαμϐάνῃ</span> <span class='ocrx_word' id='word_1_70' title='bbox 744 1130 871 1202; x_wconf 81' lang='grc' dir='ltr'>παρ’</span> <span class='ocrx_word' id='word_1_71' title='bbox 907 1132 1072 1186; x_wconf 79' lang='grc' dir='ltr'>αὐτοῦ</span> <span class='ocrx_word' id='word_1_72' title='bbox 1106 1133 1167 1186; x_wconf 79' lang='grc' dir='ltr'><strong>τὸ</strong></span> <span class='ocrx_word' id='word_1_73' title='bbox 1226 1135 1574 1207; x_wconf 87' lang='grc' dir='ltr'>παράδειγμα</span> <span class='ocrx_word' id='word_1_74' title='bbox 1601 1138 1693 1192; x_wconf 80' lang='grc' dir='ltr'>τοῦ</span> 
     </span>
    </p>
   </div>
   <div class='ocr_carea' id='block_1_12' title="bbox 146 1217 1695 1300">
    <p class='ocr_par' dir='ltr' id='par_1_12' title="bbox 146 1217 1695 1300">
     <span class='ocr_line' id='line_1_12' title="bbox 146 1217 1695 1300; baseline 0.01 -32"><span class='ocrx_word' id='word_1_75' title='bbox 146 1219 314 1279; x_wconf 78' lang='grc' dir='ltr'><strong>ποιεῖν,</strong></span> <span class='ocrx_word' id='word_1_76' title='bbox 337 1217 570 1271; x_wconf 81' lang='grc' dir='ltr'>ἀκούων·</span> <span class='ocrx_word' id='word_1_77' title='bbox 594 1219 823 1275; x_wconf 81' lang='grc' dir='ltr'>Μάθετε</span> <span class='ocrx_word' id='word_1_78' title='bbox 882 1223 984 1276; x_wconf 79' lang='grc' dir='ltr'>ἀπ’</span> <span class='ocrx_word' id='word_1_79' title='bbox 1011 1224 1179 1293; x_wconf 80' lang='grc' dir='ltr'>ἐμοῦ,</span> <span class='ocrx_word' id='word_1_80' title='bbox 1231 1224 1321 1279; x_wconf 83' lang='grc' dir='ltr'>ὅτι</span> <span class='ocrx_word' id='word_1_81' title='bbox 1364 1230 1556 1296; x_wconf 74' lang='grc' dir='ltr'>πραῢς</span> <span class='ocrx_word' id='word_1_82' title='bbox 1579 1233 1695 1300; x_wconf 80' lang='grc' dir='ltr'>ειμι</span> 
     </span>
    </p>
   </div>
   <div class='ocr_carea' id='block_1_13' title="bbox 146 1311 1697 1390">
    <p class='ocr_par' dir='ltr' id='par_1_13' title="bbox 146 1311 1697 1390">
     <span class='ocr_line' id='line_1_13' title="bbox 146 1311 1697 1390; baseline 0.007 -28"><span class='ocrx_word' id='word_1_83' title='bbox 146 1311 227 1364; x_wconf 79' lang='grc' dir='ltr'><strong>καί</strong></span> <span class='ocrx_word' id='word_1_84' title='bbox 256 1312 528 1379; x_wconf 51' lang='grc' dir='ltr'>ταπεινὸς</span> <span class='ocrx_word' id='word_1_85' title='bbox 556 1311 629 1382; x_wconf 79' lang='grc' dir='ltr'>τῇ</span> <span class='ocrx_word' id='word_1_86' title='bbox 680 1314 911 1382; x_wconf 75' lang='grc' dir='ltr'>καρδίᾳ.</span> <span class='ocrx_word' id='word_1_87' title='bbox 961 1315 1312 1390; x_wconf 86' lang='grc' dir='ltr'>Τελειοτέραν</span> <span class='ocrx_word' id='word_1_88' title='bbox 1351 1320 1406 1374; x_wconf 86' lang='grc' dir='ltr'>δὲ</span> <span class='ocrx_word' id='word_1_89' title='bbox 1465 1323 1558 1375; x_wconf 78' lang='grc' dir='ltr'>καὶ</span> <span class='ocrx_word' id='word_1_90' title='bbox 1615 1323 1697 1386; x_wconf 85' lang='grc' dir='ltr'><strong>είς</strong></span> 
     </span>
    </p>
   </div>
   <div class='ocr_carea' id='block_1_14' title="bbox 146 1403 1695 1486">
    <p class='ocr_par' dir='ltr' id='par_1_14' title="bbox 146 1403 1695 1486">
     <span class='ocr_line' id='line_1_14' title="bbox 146 1403 1695 1486; baseline 0.007 -30"><span class='ocrx_word' id='word_1_91' title='bbox 146 1403 321 1475; x_wconf 70' lang='grc' dir='ltr'>ἀρετὴν</span> <span class='ocrx_word' id='word_1_92' title='bbox 361 1405 711 1460; x_wconf 69' lang='grc' dir='ltr'><strong>διδασκαλίαν</strong></span> <span class='ocrx_word' id='word_1_93' title='bbox 739 1408 840 1460; x_wconf 75' lang='grc' dir='ltr'>οὐκ</span> <span class='ocrx_word' id='word_1_94' title='bbox 887 1409 951 1461; x_wconf 81' lang='grc' dir='ltr'><strong>άν</strong></span> <span class='ocrx_word' id='word_1_95' title='bbox 1012 1425 1093 1473; x_wconf 87' lang='grc' dir='ltr'><strong>τις</strong></span> <span class='ocrx_word' id='word_1_96' title='bbox 1129 1408 1300 1482; x_wconf 81' lang='grc' dir='ltr'>εὖροι,</span> <span class='ocrx_word' id='word_1_97' title='bbox 1327 1407 1396 1486; x_wconf 79' lang='grc' dir='ltr'>ἦς</span> <span class='ocrx_word' id='word_1_98' title='bbox 1425 1414 1452 1466; x_wconf 98' lang='lat'><strong>6</strong></span> <span class='ocrx_word' id='word_1_99' title='bbox 1491 1412 1695 1485; x_wconf 73' lang='grc' dir='ltr'>Κύριος</span> 
     </span>
    </p>
   </div>
   <div class='ocr_carea' id='block_1_15' title="bbox 144 1493 1693 1573">
    <p class='ocr_par' dir='ltr' id='par_1_15' title="bbox 144 1493 1693 1573">
     <span class='ocr_line' id='line_1_15' title="bbox 144 1493 1693 1573; baseline 0.009 -29"><span class='ocrx_word' id='word_1_100' title='bbox 144 1493 395 1548; x_wconf 77' lang='grc' dir='ltr'>ὲτὺπωσεν</span> <span class='ocrx_word' id='word_1_101' title='bbox 426 1498 486 1548; x_wconf 89' lang='lat' dir='ltr'><strong>tv</strong></span> <span class='ocrx_word' id='word_1_102' title='bbox 507 1496 704 1567; x_wconf 79' lang='grc' dir='ltr'>ἐαυτῷ.</span> <span class='ocrx_word' id='word_1_103' title='bbox 741 1497 861 1551; x_wconf 81' lang='grc' dir='ltr'>Εἴτε</span> <span class='ocrx_word' id='word_1_104' title='bbox 887 1498 995 1571; x_wconf 80' lang='grc' dir='ltr'>γὰρ</span> <span class='ocrx_word' id='word_1_105' title='bbox 1025 1499 1395 1566; x_wconf 80' lang='grc' dir='ltr'>ἀνεξικακίαν,</span> <span class='ocrx_word' id='word_1_106' title='bbox 1436 1503 1544 1556; x_wconf 74' lang='grc' dir='ltr'>εἴτε</span> <span class='ocrx_word' id='word_1_107' title='bbox 1575 1503 1693 1573; x_wconf 81' lang='grc' dir='ltr'>φιλ-</span> 
     </span>
    </p>
   </div>
   <div class='ocr_carea' id='block_1_16' title="bbox 144 1587 1692 1668">
    <p class='ocr_par' dir='ltr' id='par_1_16' title="bbox 144 1587 1692 1668">
     <span class='ocr_line' id='line_1_16' title="bbox 144 1587 1692 1668; baseline 0.008 -29"><span class='ocrx_word' id='word_1_108' title='bbox 144 1587 450 1659; x_wconf 80' lang='grc' dir='ltr'>ανθρωπίαν,</span> <span class='ocrx_word' id='word_1_109' title='bbox 525 1591 637 1644; x_wconf 72' lang='grc' dir='ltr'>εἴτε</span> <span class='ocrx_word' id='word_1_110' title='bbox 693 1591 1025 1660; x_wconf 74' lang='grc' dir='ltr'>άγαθότητα,</span> <span class='ocrx_word' id='word_1_111' title='bbox 1092 1594 1204 1648; x_wconf 87' lang='grc' dir='ltr'>εἴτε</span> <span class='ocrx_word' id='word_1_112' title='bbox 1279 1595 1518 1668; x_wconf 80' lang='grc' dir='ltr'>ἀνδρίαν,</span> <span class='ocrx_word' id='word_1_113' title='bbox 1584 1599 1692 1650; x_wconf 76' lang='grc' dir='ltr'>εἴτε</span> 
     </span>
    </p>
   </div>
   <div class='ocr_carea' id='block_1_17' title="bbox 142 1681 1692 1763">
    <p class='ocr_par' dir='ltr' id='par_1_17' title="bbox 142 1681 1692 1763">
     <span class='ocr_line' id='line_1_17' title="bbox 142 1681 1692 1763; baseline 0.008 -32"><span class='ocrx_word' id='word_1_114' title='bbox 142 1681 506 1763; x_wconf 54' lang='grc' dir='ltr'>ἐλεημοσύιων,</span> <span class='ocrx_word' id='word_1_115' title='bbox 548 1683 658 1736; x_wconf 84' lang='grc' dir='ltr'>εἴτε</span> <span class='ocrx_word' id='word_1_116' title='bbox 705 1683 1074 1757; x_wconf 84' lang='grc' dir='ltr'>δικαιοσύνην,</span> <span class='ocrx_word' id='word_1_117' title='bbox 1112 1688 1285 1742; x_wconf 83' lang='grc' dir='ltr'>πάντα</span> <span class='ocrx_word' id='word_1_118' title='bbox 1317 1689 1374 1741; x_wconf 92' lang='lat' dir='ltr'><strong>tv</strong></span> <span class='ocrx_word' id='word_1_119' title='bbox 1417 1687 1564 1760; x_wconf 83' lang='grc' dir='ltr'>αὑτῴ</span> <span class='ocrx_word' id='word_1_120' title='bbox 1608 1708 1692 1755; x_wconf 85' lang='grc' dir='ltr'><strong>τις</strong></span> 
     </span>
    </p>
   </div>
   <div class='ocr_carea' id='block_1_18' title="bbox 142 1775 1691 1853">
    <p class='ocr_par' dir='ltr' id='par_1_18' title="bbox 142 1775 1691 1853">
     <span class='ocr_line' id='line_1_18' title="bbox 142 1775 1691 1853; baseline 0.007 -28"><span class='ocrx_word' id='word_1_121' title='bbox 142 1775 336 1846; x_wconf 73' lang='grc' dir='ltr'>εὑρήσει</span> <span class='ocrx_word' id='word_1_122' title='bbox 377 1777 666 1846; x_wconf 80' lang='grc' dir='ltr'>γενόμενα,</span> <span class='ocrx_word' id='word_1_123' title='bbox 690 1776 830 1831; x_wconf 78' lang='grc' dir='ltr'>ὥστε</span> <span class='ocrx_word' id='word_1_124' title='bbox 860 1779 1027 1849; x_wconf 82' lang='grc' dir='ltr'>μηδὲν</span> <span class='ocrx_word' id='word_1_125' title='bbox 1052 1782 1132 1843; x_wconf 88' lang='grc' dir='ltr'><strong>είς</strong></span> <span class='ocrx_word' id='word_1_126' title='bbox 1152 1781 1350 1853; x_wconf 76' lang='grc' dir='ltr'>ἀρετὴν</span> <span class='ocrx_word' id='word_1_127' title='bbox 1392 1781 1593 1836; x_wconf 78' lang='grc' dir='ltr'>λείπειν</span> <span class='ocrx_word' id='word_1_128' title='bbox 1613 1783 1691 1853; x_wconf 83' lang='grc' dir='ltr'><strong>τῷ</strong></span> 
     </span>
    </p>
   </div>
   <div class='ocr_carea' id='block_1_19' title="bbox 1798 589 3371 666">
    <p class='ocr_par' dir='ltr' id='par_1_19' title="bbox 1798 589 3371 666">
     <span class='ocr_line' id='line_1_19' title="bbox 1798 589 3371 666; baseline 0.006 -25"><span class='ocrx_word' id='word_1_129' title='bbox 1798 589 2020 654; x_wconf 90' lang='lat' dir='ltr'><strong>volens,</strong></span> <span class='ocrx_word' id='word_1_130' title='bbox 2080 591 2132 645; x_wconf 91' lang='lat' dir='ltr'><strong>in</strong></span> <span class='ocrx_word' id='word_1_131' title='bbox 2196 593 2490 662; x_wconf 89' lang='lat' dir='ltr'><strong>semetipso</strong></span> <span class='ocrx_word' id='word_1_132' title='bbox 2559 593 2708 646; x_wconf 80' lang='lat' dir='ltr'><strong>illam</strong></span> <span class='ocrx_word' id='word_1_133' title='bbox 2763 594 3068 663; x_wconf 79' lang='lat' dir='ltr'><strong>expressit,</strong></span> <span class='ocrx_word' id='word_1_134' title='bbox 3126 609 3194 649; x_wconf 88' lang='lat' dir='ltr'><strong>ne</strong></span> <span class='ocrx_word' id='word_1_135' title='bbox 3245 595 3371 666; x_wconf 87' lang='lat' dir='ltr'><strong>quis</strong></span> 
     </span>
    </p>
   </div>
   <div class='ocr_carea' id='block_1_20' title="bbox 1797 681 3366 754">
    <p class='ocr_par' dir='ltr' id='par_1_20' title="bbox 1797 681 3366 754">
     <span class='ocr_line' id='line_1_20' title="bbox 1797 681 3366 754; baseline 0.005 -21"><span class='ocrx_word' id='word_1_136' title='bbox 1797 690 1988 751; x_wconf 84' lang='lat' dir='ltr'><strong>postea</strong></span> <span class='ocrx_word' id='word_1_137' title='bbox 2014 681 2083 736; x_wconf 83' lang='lat' dir='ltr'><strong>ab</strong></span> <span class='ocrx_word' id='word_1_138' title='bbox 2118 681 2342 739; x_wconf 91' lang='lat' dir='ltr'><strong>inimico</strong></span> <span class='ocrx_word' id='word_1_139' title='bbox 2377 682 2534 740; x_wconf 82' lang='lat' dir='ltr'><strong>facile</strong></span> <span class='ocrx_word' id='word_1_140' title='bbox 2587 684 2962 754; x_wconf 80' lang='lat' dir='ltr'><strong>deciperetur,</strong></span> <span class='ocrx_word' id='word_1_141' title='bbox 3004 701 3128 740; x_wconf 84' lang='lat' dir='ltr'><strong>cum</strong></span> <span class='ocrx_word' id='word_1_142' title='bbox 3167 685 3234 741; x_wconf 87' lang='lat' dir='ltr'><strong>ad</strong></span> <span class='ocrx_word' id='word_1_143' title='bbox 3284 702 3366 741; x_wconf 82' lang='lat' dir='ltr'><strong>se-</strong></span> 
     </span>
    </p>
   </div>
   <div class='ocr_carea' id='block_1_21' title="bbox 1797 774 3367 848">
    <p class='ocr_par' dir='ltr' id='par_1_21' title="bbox 1797 774 3367 848">
     <span class='ocr_line' id='line_1_21' title="bbox 1797 774 3367 848; baseline 0.003 -20"><span class='ocrx_word' id='word_1_144' title='bbox 1797 775 2086 828; x_wconf 89' lang='lat' dir='ltr'><strong>curitatem</strong></span> <span class='ocrx_word' id='word_1_145' title='bbox 2125 774 2321 845; x_wconf 89' lang='lat' dir='ltr'><strong>pignus</strong></span> <span class='ocrx_word' id='word_1_146' title='bbox 2347 775 2564 840; x_wconf 86' lang='lat' dir='ltr'><strong>habeat,</strong></span> <span class='ocrx_word' id='word_1_147' title='bbox 2616 791 2810 846; x_wconf 90' lang='lat' dir='ltr'><strong>nempe</strong></span> <span class='ocrx_word' id='word_1_148' title='bbox 2865 777 3148 832; x_wconf 90' lang='lat' dir='ltr'><strong>victoriam</strong></span> <span class='ocrx_word' id='word_1_149' title='bbox 3202 793 3367 848; x_wconf 92' lang='lat' dir='ltr'><strong>quam</strong></span> 
     </span>
    </p>
   </div>
   <div class='ocr_carea' id='block_1_22' title="bbox 1797 864 3371 940">
    <p class='ocr_par' dir='ltr' id='par_1_22' title="bbox 1797 864 3371 940">
     <span class='ocr_line' id='line_1_22' title="bbox 1797 864 3371 940; baseline 0.003 -21"><span class='ocrx_word' id='word_1_150' title='bbox 1797 864 1911 932; x_wconf 86' lang='lat' dir='ltr'><strong>ipse</strong></span> <span class='ocrx_word' id='word_1_151' title='bbox 1950 866 2016 919; x_wconf 89' lang='lat' dir='ltr'><strong>de</strong></span> <span class='ocrx_word' id='word_1_152' title='bbox 2063 866 2280 922; x_wconf 86' lang='lat' dir='ltr'><strong>diabolo</strong></span> <span class='ocrx_word' id='word_1_153' title='bbox 2315 883 2414 936; x_wconf 92' lang='lat' dir='ltr'><strong>pro</strong></span> <span class='ocrx_word' id='word_1_154' title='bbox 2470 868 2629 924; x_wconf 90' lang='lat' dir='ltr'><strong>nobis</strong></span> <span class='ocrx_word' id='word_1_155' title='bbox 2661 869 2980 939; x_wconf 90' lang='lat' dir='ltr'><strong>reportavit.</strong></span> <span class='ocrx_word' id='word_1_156' title='bbox 3027 868 3371 940; x_wconf 90' lang='lat' dir='ltr'><strong>Quapropter</strong></span> 
     </span>
    </p>
   </div>
   <div class='ocr_carea' id='block_1_23' title="bbox 1797 958 3372 1032">
    <p class='ocr_par' dir='ltr' id='par_1_23' title="bbox 1797 958 3372 1032">
     <span class='ocr_line' id='line_1_23' title="bbox 1797 958 3372 1032; baseline 0.003 -20"><span class='ocrx_word' id='word_1_157' title='bbox 1797 973 1903 1012; x_wconf 90' lang='lat' dir='ltr'><strong>non</strong></span> <span class='ocrx_word' id='word_1_158' title='bbox 1947 958 2122 1012; x_wconf 91' lang='lat' dir='ltr'><strong>solum</strong></span> <span class='ocrx_word' id='word_1_159' title='bbox 2179 959 2386 1026; x_wconf 85' lang='lat' dir='ltr'><strong>docuit,</strong></span> <span class='ocrx_word' id='word_1_160' title='bbox 2438 960 2530 1015; x_wconf 89' lang='lat' dir='ltr'><strong>sed</strong></span> <span class='ocrx_word' id='word_1_161' title='bbox 2586 970 2642 1014; x_wconf 94' lang='lat' dir='ltr'><strong>et</strong></span> <span class='ocrx_word' id='word_1_162' title='bbox 2689 960 2817 1016; x_wconf 90' lang='lat' dir='ltr'><strong>fecit</strong></span> <span class='ocrx_word' id='word_1_163' title='bbox 2877 979 3000 1032; x_wconf 65' lang='lat' dir='ltr'><strong>qua:</strong></span> <span class='ocrx_word' id='word_1_164' title='bbox 3051 962 3262 1028; x_wconf 89' lang='lat' dir='ltr'><strong>docuit,</strong></span> <span class='ocrx_word' id='word_1_165' title='bbox 3310 970 3372 1018; x_wconf 90' lang='lat' dir='ltr'><strong>ut</strong></span> 
     </span>
    </p>
   </div>
   <div class='ocr_carea' id='block_1_24' title="bbox 1798 1052 3369 1126">
    <p class='ocr_par' dir='ltr' id='par_1_24' title="bbox 1798 1052 3369 1126">
     <span class='ocr_line' id='line_1_24' title="bbox 1798 1052 3369 1126; baseline 0.004 -22"><span class='ocrx_word' id='word_1_166' title='bbox 1798 1052 2176 1122; x_wconf 87' lang='lat' dir='ltr'><strong>unusquisque</strong></span> <span class='ocrx_word' id='word_1_167' title='bbox 2229 1054 2416 1108; x_wconf 84' lang='lat' dir='ltr'><strong>audiat</strong></span> <span class='ocrx_word' id='word_1_168' title='bbox 2447 1054 2664 1124; x_wconf 88' lang='lat' dir='ltr'><strong>quidem</strong></span> <span class='ocrx_word' id='word_1_169' title='bbox 2699 1056 2876 1126; x_wconf 89' lang='lat' dir='ltr'><strong>ipsum</strong></span> <span class='ocrx_word' id='word_1_170' title='bbox 2923 1057 3259 1126; x_wconf 89' lang='lat' dir='ltr'><strong>loquentem,</strong></span> <span class='ocrx_word' id='word_1_171' title='bbox 3289 1055 3369 1110; x_wconf 87' lang='lat' dir='ltr'><strong>si-</strong></span> 
     </span>
    </p>
   </div>
   <div class='ocr_carea' id='block_1_25' title="bbox 1797 1145 3369 1220">
    <p class='ocr_par' dir='ltr' id='par_1_25' title="bbox 1797 1145 3369 1220">
     <span class='ocr_line' id='line_1_25' title="bbox 1797 1145 3369 1220; baseline 0.004 -22"><span class='ocrx_word' id='word_1_172' title='bbox 1797 1145 2134 1213; x_wconf 37' lang='lat' dir='ltr'><strong>mulque.in</strong></span> <span class='ocrx_word' id='word_1_173' title='bbox 2187 1145 2338 1200; x_wconf 92' lang='lat' dir='ltr'><strong>illum</strong></span> <span class='ocrx_word' id='word_1_174' title='bbox 2389 1146 2544 1216; x_wconf 91' lang='lat' dir='ltr'><strong>quasi</strong></span> <span class='ocrx_word' id='word_1_175' title='bbox 2598 1147 2651 1201; x_wconf 92' lang='lat' dir='ltr'><strong>in</strong></span> <span class='ocrx_word' id='word_1_176' title='bbox 2701 1148 2990 1220; x_wconf 80' lang='lat' dir='ltr'><strong>imaginem</strong></span> <span class='ocrx_word' id='word_1_177' title='bbox 3043 1148 3369 1217; x_wconf 75' lang='lat' dir='ltr'><strong>respiciens,</strong></span> 
     </span>
    </p>
   </div>
   <div class='ocr_carea' id='block_1_26' title="bbox 1795 1235 3367 1310">
    <p class='ocr_par' dir='ltr' id='par_1_26' title="bbox 1795 1235 3367 1310">
     <span class='ocr_line' id='line_1_26' title="bbox 1795 1235 3367 1310; baseline 0.001 -16"><span class='ocrx_word' id='word_1_178' title='bbox 1795 1235 2104 1305; x_wconf 80' lang='lat' dir='ltr'><strong>exemplum</strong></span> <span class='ocrx_word' id='word_1_179' title='bbox 2147 1237 2338 1308; x_wconf 83' lang='lat' dir='ltr'><strong>agendi</strong></span> <span class='ocrx_word' id='word_1_180' title='bbox 2399 1239 2467 1292; x_wconf 90' lang='lat' dir='ltr'><strong>ab</strong></span> <span class='ocrx_word' id='word_1_181' title='bbox 2517 1239 2635 1309; x_wconf 92' lang='lat' dir='ltr'><strong>ipso</strong></span> <span class='ocrx_word' id='word_1_182' title='bbox 2693 1241 2947 1310; x_wconf 90' lang='lat' dir='ltr'><strong>accipiat,</strong></span> <span class='ocrx_word' id='word_1_183' title='bbox 2981 1240 3109 1295; x_wconf 91' lang='lat' dir='ltr'><strong>dum</strong></span> <span class='ocrx_word' id='word_1_184' title='bbox 3165 1239 3367 1296; x_wconf 73' lang='lat' dir='ltr'><strong>audit:</strong></span> 
     </span>
    </p>
   </div>
   <div class='ocr_carea' id='block_1_27' title="bbox 1797 1321 3369 1399">
    <p class='ocr_par' dir='ltr' id='par_1_27' title="bbox 1797 1321 3369 1399">
     <span class='ocr_line' id='line_1_27' title="bbox 1797 1321 3369 1399; baseline 0.006 -23"><span class='ocrx_word' id='word_1_185' title='bbox 1797 1321 1998 1381; x_wconf 77' lang='lat' dir='ltr'><strong>Discite</strong></span> <span class='ocrx_word' id='word_1_186' title='bbox 2028 1344 2059 1380; x_wconf 88' lang='lat' dir='ltr'><strong>a</strong></span> <span class='ocrx_word' id='word_1_187' title='bbox 2085 1343 2180 1391; x_wconf 82' lang='lat' dir='ltr'><strong>me,</strong></span> <span class='ocrx_word' id='word_1_188' title='bbox 2202 1329 2328 1399; x_wconf 83' lang='lat' dir='ltr'><strong>quia</strong></span> <span class='ocrx_word' id='word_1_189' title='bbox 2349 1330 2494 1384; x_wconf 78' lang='lat' dir='ltr'><strong>mitis</strong></span> <span class='ocrx_word' id='word_1_190' title='bbox 2521 1346 2637 1384; x_wconf 75' lang='lat' dir='ltr'><strong>sum</strong></span> <span class='ocrx_word' id='word_1_191' title='bbox 2665 1341 2712 1384; x_wconf 86' lang='lat' dir='ltr'><strong>et</strong></span> <span class='ocrx_word' id='word_1_192' title='bbox 2737 1331 2952 1386; x_wconf 76' lang='lat' dir='ltr'><strong>Immitis</strong></span> <span class='ocrx_word' id='word_1_193' title='bbox 2972 1332 3126 1386; x_wconf 88' lang='lat' dir='ltr'><strong>corde</strong></span> <span class='ocrx_word' id='word_1_194' title='bbox 3156 1331 3220 1386; x_wconf 83' lang='lat'><strong>&quot;.</strong></span> <span class='ocrx_word' id='word_1_195' title='bbox 3242 1330 3369 1387; x_wconf 84' lang='lat' dir='ltr'><strong>Per-</strong></span> 
     </span>
    </p>
   </div>
   <div class='ocr_carea' id='block_1_28' title="bbox 1796 1414 3370 1489">
    <p class='ocr_par' dir='ltr' id='par_1_28' title="bbox 1796 1414 3370 1489">
     <span class='ocr_line' id='line_1_28' title="bbox 1796 1414 3370 1489; baseline 0.005 -19"><span class='ocrx_word' id='word_1_196' title='bbox 1796 1414 2075 1473; x_wconf 89' lang='lat' dir='ltr'><strong>fectiorem</strong></span> <span class='ocrx_word' id='word_1_197' title='bbox 2103 1435 2268 1489; x_wconf 89' lang='lat' dir='ltr'><strong>porro</strong></span> <span class='ocrx_word' id='word_1_198' title='bbox 2323 1421 2538 1477; x_wconf 86' lang='lat' dir='ltr'><strong>virtutis</strong></span> <span class='ocrx_word' id='word_1_199' title='bbox 2571 1422 2875 1478; x_wconf 89' lang='lat' dir='ltr'><strong>doctrinam</strong></span> <span class='ocrx_word' id='word_1_200' title='bbox 2916 1439 3076 1478; x_wconf 91' lang='lat' dir='ltr'><strong>nemo</strong></span> <span class='ocrx_word' id='word_1_201' title='bbox 3101 1423 3370 1479; x_wconf 85' lang='lat' dir='ltr'><strong>invenerit</strong></span> 
     </span>
    </p>
   </div>
   <div class='ocr_carea' id='block_1_29' title="bbox 1793 1511 3369 1587">
    <p class='ocr_par' dir='ltr' id='par_1_29' title="bbox 1793 1511 3369 1587">
     <span class='ocr_line' id='line_1_29' title="bbox 1793 1511 3369 1587; baseline 0.006 -23"><span class='ocrx_word' id='word_1_202' title='bbox 1793 1524 1856 1564; x_wconf 88' lang='lat' dir='ltr'><strong>ea</strong></span> <span class='ocrx_word' id='word_1_203' title='bbox 1884 1527 2048 1581; x_wconf 90' lang='lat' dir='ltr'><strong>quam</strong></span> <span class='ocrx_word' id='word_1_204' title='bbox 2080 1511 2340 1568; x_wconf 86' lang='lat' dir='ltr'><strong>Dominus</strong></span> <span class='ocrx_word' id='word_1_205' title='bbox 2372 1516 2640 1584; x_wconf 77' lang='lat' dir='ltr'><strong>expressit</strong></span> <span class='ocrx_word' id='word_1_206' title='bbox 2666 1516 2717 1570; x_wconf 94' lang='lat' dir='ltr'><strong>in</strong></span> <span class='ocrx_word' id='word_1_207' title='bbox 2749 1517 3059 1587; x_wconf 88' lang='lat' dir='ltr'><strong>semetipso.</strong></span> <span class='ocrx_word' id='word_1_208' title='bbox 3091 1515 3227 1572; x_wconf 84' lang='lat' dir='ltr'><strong>Nam</strong></span> <span class='ocrx_word' id='word_1_209' title='bbox 3255 1517 3369 1573; x_wconf 83' lang='lat' dir='ltr'><strong>sive</strong></span> 
     </span>
    </p>
   </div>
   <div class='ocr_carea' id='block_1_30' title="bbox 1797 1600 3378 1675">
    <p class='ocr_par' dir='ltr' id='par_1_30' title="bbox 1797 1600 3378 1675">
     <span class='ocr_line' id='line_1_30' title="bbox 1797 1600 3378 1675; baseline 0.009 -21"><span class='ocrx_word' id='word_1_210' title='bbox 1797 1600 2123 1669; x_wconf 87' lang='lat' dir='ltr'><strong>injuriarum</strong></span> <span class='ocrx_word' id='word_1_211' title='bbox 2185 1604 2555 1670; x_wconf 86' lang='lat' dir='ltr'><strong>tolerantiam,</strong></span> <span class='ocrx_word' id='word_1_212' title='bbox 2624 1607 2741 1663; x_wconf 87' lang='lat' dir='ltr'><strong>sive</strong></span> <span class='ocrx_word' id='word_1_213' title='bbox 2797 1608 3211 1675; x_wconf 86' lang='lat' dir='ltr'><strong>humanitatem,</strong></span> <span class='ocrx_word' id='word_1_214' title='bbox 3255 1610 3378 1668; x_wconf 87' lang='lat' dir='ltr'><strong>sive.</strong></span> 
     </span>
    </p>
   </div>
   <div class='ocr_carea' id='block_1_31' title="bbox 1795 1692 3365 1764">
    <p class='ocr_par' dir='ltr' id='par_1_31' title="bbox 1795 1692 3365 1764">
     <span class='ocr_line' id='line_1_31' title="bbox 1795 1692 3365 1764; baseline 0.006 -19"><span class='ocrx_word' id='word_1_215' title='bbox 1795 1692 2164 1762; x_wconf 89' lang='lat' dir='ltr'><strong>clementiam,</strong></span> <span class='ocrx_word' id='word_1_216' title='bbox 2191 1696 2305 1752; x_wconf 88' lang='lat' dir='ltr'><strong>sive</strong></span> <span class='ocrx_word' id='word_1_217' title='bbox 2329 1695 2724 1762; x_wconf 89' lang='lat' dir='ltr'><strong>fortitudinem,</strong></span> <span class='ocrx_word' id='word_1_218' title='bbox 2756 1700 2872 1753; x_wconf 88' lang='lat' dir='ltr'><strong>sive</strong></span> <span class='ocrx_word' id='word_1_219' title='bbox 2911 1699 3365 1764; x_wconf 88' lang='lat' dir='ltr'><strong>misericordiam.</strong></span> 
     </span>
    </p>
   </div>
   <div class='ocr_carea' id='block_1_32' title="bbox 1797 1782 3369 1860">
    <p class='ocr_par' dir='ltr' id='par_1_32' title="bbox 1797 1782 3369 1860">
     <span class='ocr_line' id='line_1_32' title="bbox 1797 1782 3369 1860; baseline 0.006 -24"><span class='ocrx_word' id='word_1_220' title='bbox 1797 1782 1912 1837; x_wconf 84' lang='lat' dir='ltr'><strong>sive</strong></span> <span class='ocrx_word' id='word_1_221' title='bbox 1936 1783 2206 1854; x_wconf 83' lang='lat' dir='ltr'><strong>justitiam</strong></span> <span class='ocrx_word' id='word_1_222' title='bbox 2237 1795 2480 1856; x_wconf 87' lang='lat' dir='ltr'><strong>spectes,</strong></span> <span class='ocrx_word' id='word_1_223' title='bbox 2512 1787 2764 1842; x_wconf 91' lang='lat' dir='ltr'><strong>omniain</strong></span> <span class='ocrx_word' id='word_1_224' title='bbox 2811 1789 2931 1858; x_wconf 86' lang='lat' dir='ltr'><strong>ipso</strong></span> <span class='ocrx_word' id='word_1_225' title='bbox 2963 1799 3179 1858; x_wconf 88' lang='lat' dir='ltr'><strong>peracta</strong></span> <span class='ocrx_word' id='word_1_226' title='bbox 3216 1805 3369 1860; x_wconf 85' lang='lat' dir='ltr'><strong>repe-</strong></span> 
     </span>
    </p>
   </div>
   <div class='ocr_carea' id='block_1_33' title="bbox 142 1838 1697 1950">
    <p class='ocr_par' dir='ltr' id='par_1_33' title="bbox 142 1868 1689 1947">
     <span class='ocr_line' id='line_1_33' title="bbox 142 1868 1689 1947; baseline 0.006 -27"><span class='ocrx_word' id='word_1_227' title='bbox 142 1868 469 1920; x_wconf 67' lang='grc' dir='ltr'>κατα-θωῦντι</span> <span class='ocrx_word' id='word_1_228' title='bbox 497 1869 590 1921; x_wconf 77' lang='grc' dir='ltr'><strong>τὸν</strong></span> <span class='ocrx_word' id='word_1_229' title='bbox 622 1869 962 1938; x_wconf 81' lang='grc' dir='ltr'>ἀνθρώπινον</span> <span class='ocrx_word' id='word_1_230' title='bbox 999 1871 1111 1941; x_wconf 91' lang='grc' dir='ltr'>βίον</span> <span class='ocrx_word' id='word_1_231' title='bbox 1145 1872 1351 1930; x_wconf 78' lang='grc' dir='ltr'>τοῦτον.</span> <span class='ocrx_word' id='word_1_232' title='bbox 1384 1873 1554 1929; x_wconf 76' lang='grc' dir='ltr'>Τοῦτο</span> <span class='ocrx_word' id='word_1_233' title='bbox 1579 1876 1689 1947; x_wconf 83' lang='grc' dir='ltr'><strong>γὰρ</strong></span> 
     </span>
    </p>
   </div>
   <div class='ocr_carea' id='block_1_34' title="bbox 1800 1838 3370 1950">
    <p class='ocr_par' dir='ltr' id='par_1_34' title="bbox 1800 1838 3370 1950">
     <span class='ocr_line' id='line_1_34' title="bbox 1936 1838 3338 1860; baseline 0.004 -11"><span class='ocrx_word' id='word_1_234' title='bbox 1936 1838 1955 1854; x_wconf 88' lang='grc'><strong>,</strong></span> <span class='ocrx_word' id='word_1_235' title='bbox 2127 1838 2133 1839; x_wconf 36' lang='grc' dir='ltr'><em>γ</em></span> <span class='ocrx_word' id='word_1_236' title='bbox 2239 1838 2480 1856; x_wconf 27' lang='grc' dir='ltr'><strong>τεν-η.</strong></span> <span class='ocrx_word' id='word_1_237' title='bbox 2813 1838 2925 1858; x_wconf 63' lang='grc' dir='ltr'><strong>-.---ι</strong></span> <span class='ocrx_word' id='word_1_238' title='bbox 2964 1838 3179 1858; x_wconf 53' lang='grc' dir='ltr'><strong>τν--τα</strong></span> <span class='ocrx_word' id='word_1_239' title='bbox 3218 1838 3338 1860; x_wconf 55' lang='lat' dir='ltr'><strong>nr-</strong></span> 
     </span>
     <span class='ocr_line' id='line_1_35' title="bbox 1800 1872 3370 1950; baseline 0.005 -23"><span class='ocrx_word' id='word_1_240' title='bbox 1800 1872 1928 1936; x_wconf 85' lang='lat' dir='ltr'><strong>ries,</strong></span> <span class='ocrx_word' id='word_1_241' title='bbox 1961 1874 2096 1929; x_wconf 86' lang='lat' dir='ltr'><strong>adeo</strong></span> <span class='ocrx_word' id='word_1_242' title='bbox 2125 1886 2183 1930; x_wconf 89' lang='lat' dir='ltr'><strong>ut</strong></span> <span class='ocrx_word' id='word_1_243' title='bbox 2206 1876 2339 1930; x_wconf 89' lang='lat' dir='ltr'><strong>nihil</strong></span> <span class='ocrx_word' id='word_1_244' title='bbox 2365 1877 2414 1931; x_wconf 92' lang='lat' dir='ltr'><strong>ei</strong></span> <span class='ocrx_word' id='word_1_245' title='bbox 2437 1876 2503 1930; x_wconf 89' lang='lat' dir='ltr'><strong>ad</strong></span> <span class='ocrx_word' id='word_1_246' title='bbox 2555 1880 2811 1933; x_wconf 82' lang='lat' dir='ltr'><strong>virtutem</strong></span> <span class='ocrx_word' id='word_1_247' title='bbox 2847 1879 3010 1944; x_wconf 87' lang='lat' dir='ltr'><strong>desit,</strong></span> <span class='ocrx_word' id='word_1_248' title='bbox 3045 1880 3139 1950; x_wconf 90' lang='lat' dir='ltr'><strong>qui</strong></span> <span class='ocrx_word' id='word_1_249' title='bbox 3175 1880 3370 1935; x_wconf 83' lang='lat' dir='ltr'><strong>huma-</strong></span> 
     </span>
    </p>
   </div>
   <div class='ocr_carea' id='block_1_35' title="bbox 142 1958 1692 2033">
    <p class='ocr_par' dir='ltr' id='par_1_35' title="bbox 142 1958 1692 2033">
     <span class='ocr_line' id='line_1_36' title="bbox 142 1958 1692 2033; baseline 0.008 -23"><span class='ocrx_word' id='word_1_250' title='bbox 142 1958 370 2022; x_wconf 77' lang='grc' dir='ltr'>ὁΠαῦλος</span> <span class='ocrx_word' id='word_1_251' title='bbox 397 1959 556 2023; x_wconf 84' lang='grc' dir='ltr'>είδὼς</span> <span class='ocrx_word' id='word_1_252' title='bbox 595 1959 766 2030; x_wconf 77' lang='grc' dir='ltr'>ἔλεγε’</span> <span class='ocrx_word' id='word_1_253' title='bbox 813 1965 1068 2031; x_wconf 60' lang='lat' dir='ltr'><strong>Mutata!</strong></span> <span class='ocrx_word' id='word_1_254' title='bbox 1082 1981 1200 2033; x_wconf 81' lang='grc' dir='ltr'>μου</span> <span class='ocrx_word' id='word_1_255' title='bbox 1238 1967 1496 2033; x_wconf 78' lang='grc' dir='ltr'>γίνεσθε,</span> <span class='ocrx_word' id='word_1_256' title='bbox 1552 1971 1692 2023; x_wconf 82' lang='grc' dir='ltr'>καθ-</span> 
     </span>
    </p>
   </div>
   <div class='ocr_carea' id='block_1_36' title="bbox 144 2051 1690 2130">
    <p class='ocr_par' dir='ltr' id='par_1_36' title="bbox 144 2051 1690 2130">
     <span class='ocr_line' id='line_1_37' title="bbox 144 2051 1690 2130; baseline 0.006 -26"><span class='ocrx_word' id='word_1_257' title='bbox 144 2051 211 2115; x_wconf 85' lang='grc' dir='ltr'>ὼς</span> <span class='ocrx_word' id='word_1_258' title='bbox 267 2051 422 2120; x_wconf 59' lang='grc' dir='ltr'><strong>κάγὼ</strong></span> <span class='ocrx_word' id='word_1_259' title='bbox 449 2053 732 2121; x_wconf 75' lang='grc' dir='ltr'>Χριστοῦ.</span> <span class='ocrx_word' id='word_1_260' title='bbox 753 2054 816 2106; x_wconf 84' lang='grc' dir='ltr'>Οί</span> <span class='ocrx_word' id='word_1_261' title='bbox 852 2055 952 2125; x_wconf 83' lang='grc' dir='ltr'>μὲν</span> <span class='ocrx_word' id='word_1_262' title='bbox 986 2058 1116 2129; x_wconf 84' lang='grc' dir='ltr'>παρ’</span> <span class='ocrx_word' id='word_1_263' title='bbox 1154 2056 1377 2130; x_wconf 77' lang='grc' dir='ltr'>Ἕλλησι</span> <span class='ocrx_word' id='word_1_264' title='bbox 1403 2059 1690 2130; x_wconf 75' lang='grc' dir='ltr'><strong>νομοθέται</strong></span> 
     </span>
    </p>
   </div>
   <div class='ocr_carea' id='block_1_37' title="bbox 142 2143 1692 2222">
    <p class='ocr_par' dir='ltr' id='par_1_37' title="bbox 142 2143 1692 2222">
     <span class='ocr_line' id='line_1_38' title="bbox 142 2143 1692 2222; baseline 0.007 -30"><span class='ocrx_word' id='word_1_265' title='bbox 142 2143 249 2215; x_wconf 77' lang='grc' dir='ltr'>ἄχρι</span> <span class='ocrx_word' id='word_1_266' title='bbox 278 2143 368 2196; x_wconf 73' lang='grc' dir='ltr'>τοῦ</span> <span class='ocrx_word' id='word_1_267' title='bbox 397 2144 581 2214; x_wconf 80' lang='grc' dir='ltr'>λέγειν</span> <span class='ocrx_word' id='word_1_268' title='bbox 626 2145 806 2215; x_wconf 77' lang='grc' dir='ltr'>ἔχουσι</span> <span class='ocrx_word' id='word_1_269' title='bbox 835 2146 933 2218; x_wconf 71' lang='grc' dir='ltr'>τὴν</span> <span class='ocrx_word' id='word_1_270' title='bbox 972 2148 1152 2219; x_wconf 82' lang='grc' dir='ltr'>χάριν·</span> <span class='ocrx_word' id='word_1_271' title='bbox 1187 2151 1216 2202; x_wconf 87' lang='lat'><strong>6</strong></span> <span class='ocrx_word' id='word_1_272' title='bbox 1239 2149 1295 2204; x_wconf 87' lang='grc' dir='ltr'>δὲ</span> <span class='ocrx_word' id='word_1_273' title='bbox 1334 2151 1555 2222; x_wconf 82' lang='grc' dir='ltr'>Κύριος,</span> <span class='ocrx_word' id='word_1_274' title='bbox 1616 2151 1692 2214; x_wconf 84' lang='grc' dir='ltr'>ὡς</span> 
     </span>
    </p>
   </div>
   <div class='ocr_carea' id='block_1_38' title="bbox 141 2233 1692 2312">
    <p class='ocr_par' dir='ltr' id='par_1_38' title="bbox 141 2233 1692 2312">
     <span class='ocr_line' id='line_1_39' title="bbox 141 2233 1692 2312; baseline 0.009 -27"><span class='ocrx_word' id='word_1_275' title='bbox 141 2233 332 2305; x_wconf 82' lang='grc' dir='ltr'>ἀληθῶς</span> <span class='ocrx_word' id='word_1_276' title='bbox 358 2235 567 2308; x_wconf 77' lang='grc' dir='ltr'>Κύριος</span> <span class='ocrx_word' id='word_1_277' title='bbox 613 2235 688 2289; x_wconf 81' lang='grc' dir='ltr'>ὢν</span> <span class='ocrx_word' id='word_1_278' title='bbox 735 2235 826 2290; x_wconf 74' lang='grc' dir='ltr'>τοῦ</span> <span class='ocrx_word' id='word_1_279' title='bbox 878 2239 1099 2302; x_wconf 75' lang='grc' dir='ltr'>παντὸς,</span> <span class='ocrx_word' id='word_1_280' title='bbox 1130 2240 1222 2292; x_wconf 78' lang='grc' dir='ltr'>καὶ</span> <span class='ocrx_word' id='word_1_281' title='bbox 1275 2241 1570 2312; x_wconf 76' lang='grc' dir='ltr'>κηδόμενος</span> <span class='ocrx_word' id='word_1_282' title='bbox 1618 2237 1692 2300; x_wconf 83' lang='grc' dir='ltr'>ὧν</span> 
     </span>
    </p>
   </div>
   <div class='ocr_carea' id='block_1_39' title="bbox 141 2328 1692 2401">
    <p class='ocr_par' dir='ltr' id='par_1_39' title="bbox 141 2328 1692 2401">
     <span class='ocr_line' id='line_1_40' title="bbox 141 2328 1692 2401; baseline 0.008 -23"><span class='ocrx_word' id='word_1_283' title='bbox 141 2328 427 2396; x_wconf 78' lang='grc' dir='ltr'><strong>εἰργάσατο,</strong></span> <span class='ocrx_word' id='word_1_284' title='bbox 457 2330 520 2382; x_wconf 76' lang='grc' dir='ltr'>οὐ</span> <span class='ocrx_word' id='word_1_285' title='bbox 557 2331 714 2401; x_wconf 78' lang='grc' dir='ltr'>μόνον</span> <span class='ocrx_word' id='word_1_286' title='bbox 742 2330 1036 2399; x_wconf 87' lang='grc' dir='ltr'>νομοθετεῖ,</span> <span class='ocrx_word' id='word_1_287' title='bbox 1070 2332 1204 2386; x_wconf 79' lang='grc' dir='ltr'>ἀλλὰ</span> <span class='ocrx_word' id='word_1_288' title='bbox 1235 2333 1329 2387; x_wconf 68' lang='grc' dir='ltr'>καὶ</span> <span class='ocrx_word' id='word_1_289' title='bbox 1369 2334 1536 2388; x_wconf 83' lang='grc' dir='ltr'>τύπον</span> <span class='ocrx_word' id='word_1_290' title='bbox 1569 2337 1692 2390; x_wconf 82' lang='grc' dir='ltr'>ἑαυ-</span> 
     </span>
    </p>
   </div>
   <div class='ocr_carea' id='block_1_40' title="bbox 140 2420 1692 2499">
    <p class='ocr_par' dir='ltr' id='par_1_40' title="bbox 140 2420 1692 2499">
     <span class='ocr_line' id='line_1_41' title="bbox 140 2420 1692 2499; baseline 0.007 -28"><span class='ocrx_word' id='word_1_291' title='bbox 140 2420 213 2471; x_wconf 80' lang='grc' dir='ltr'>τὸν</span> <span class='ocrx_word' id='word_1_292' title='bbox 243 2421 490 2484; x_wconf 78' lang='grc' dir='ltr'>δέδωκεν,</span> <span class='ocrx_word' id='word_1_293' title='bbox 518 2423 598 2484; x_wconf 81' lang='grc' dir='ltr'><strong>εἰς</strong></span> <span class='ocrx_word' id='word_1_294' title='bbox 619 2421 679 2474; x_wconf 78' lang='grc' dir='ltr'>τὸ</span> <span class='ocrx_word' id='word_1_295' title='bbox 701 2421 898 2475; x_wconf 81' lang='grc' dir='ltr'>εἰδέναι</span> <span class='ocrx_word' id='word_1_296' title='bbox 920 2424 1047 2487; x_wconf 70' lang='grc' dir='ltr'>τοὺς</span> <span class='ocrx_word' id='word_1_297' title='bbox 1074 2423 1430 2495; x_wconf 74' lang='grc' dir='ltr'>βουλομένους</span> <span class='ocrx_word' id='word_1_298' title='bbox 1474 2425 1573 2499; x_wconf 74' lang='grc' dir='ltr'><strong>τὴν</strong></span> <span class='ocrx_word' id='word_1_299' title='bbox 1600 2427 1692 2483; x_wconf 77' lang='grc' dir='ltr'><strong>τοῦ</strong></span> 
     </span>
    </p>
   </div>
   <div class='ocr_carea' id='block_1_41' title="bbox 142 2511 1696 2590">
    <p class='ocr_par' dir='ltr' id='par_1_41' title="bbox 142 2511 1696 2590">
     <span class='ocr_line' id='line_1_42' title="bbox 142 2511 1696 2590; baseline 0.008 -28"><span class='ocrx_word' id='word_1_300' title='bbox 142 2515 292 2564; x_wconf 81' lang='grc' dir='ltr'>ποιεῖν</span> <span class='ocrx_word' id='word_1_301' title='bbox 315 2511 568 2583; x_wconf 76' lang='grc' dir='ltr'>δύναμιν.</span> <span class='ocrx_word' id='word_1_302' title='bbox 595 2513 692 2566; x_wconf 69' lang='grc' dir='ltr'>Δια</span> <span class='ocrx_word' id='word_1_303' title='bbox 723 2513 878 2568; x_wconf 81' lang='grc' dir='ltr'>τοῦτο</span> <span class='ocrx_word' id='word_1_304' title='bbox 901 2514 1034 2583; x_wconf 84' lang='grc' dir='ltr'>γοῦν</span> <span class='ocrx_word' id='word_1_305' title='bbox 1066 2517 1160 2569; x_wconf 78' lang='grc' dir='ltr'>καὶ</span> <span class='ocrx_word' id='word_1_306' title='bbox 1185 2517 1290 2588; x_wconf 85' lang='grc' dir='ltr'><strong>πρὸ</strong></span> <span class='ocrx_word' id='word_1_307' title='bbox 1311 2519 1409 2590; x_wconf 80' lang='grc' dir='ltr'>τῆς</span> <span class='ocrx_word' id='word_1_308' title='bbox 1439 2519 1518 2584; x_wconf 83' lang='grc' dir='ltr'><strong>εἰς</strong></span> <span class='ocrx_word' id='word_1_309' title='bbox 1550 2520 1696 2590; x_wconf 78' lang='grc' dir='ltr'>ἡμᾶς</span> 
     </span>
    </p>
   </div>
   <div class='ocr_carea' id='block_1_42' title="bbox 139 2602 1694 2678">
    <p class='ocr_par' dir='ltr' id='par_1_42' title="bbox 139 2602 1694 2678">
     <span class='ocr_line' id='line_1_43' title="bbox 139 2602 1694 2678; baseline 0.005 -24"><span class='ocrx_word' id='word_1_310' title='bbox 139 2602 280 2657; x_wconf 77' lang='grc' dir='ltr'>αὐτοῦ</span> <span class='ocrx_word' id='word_1_311' title='bbox 335 2603 636 2674; x_wconf 76' lang='grc' dir='ltr'>ἐπιδημίας</span> <span class='ocrx_word' id='word_1_312' title='bbox 687 2605 920 2677; x_wconf 77' lang='grc' dir='ltr'>ὲνήχησε</span> <span class='ocrx_word' id='word_1_313' title='bbox 984 2607 1079 2660; x_wconf 66' lang='grc' dir='ltr'><strong>καὶ</strong></span> <span class='ocrx_word' id='word_1_314' title='bbox 1146 2609 1204 2660; x_wconf 97' lang='lat' dir='ltr'><strong>tv</strong></span> <span class='ocrx_word' id='word_1_315' title='bbox 1262 2610 1376 2672; x_wconf 86' lang='grc' dir='ltr'>τοῖς</span> <span class='ocrx_word' id='word_1_316' title='bbox 1435 2609 1694 2678; x_wconf 73' lang='grc' dir='ltr'>ψάλλουσι</span> 
     </span>
    </p>
   </div>
   <div class='ocr_carea' id='block_1_43' title="bbox 139 2694 1694 2770">
    <p class='ocr_par' dir='ltr' id='par_1_43' title="bbox 139 2694 1694 2770">
     <span class='ocr_line' id='line_1_44' title="bbox 139 2694 1694 2770; baseline 0.006 -25"><span class='ocrx_word' id='word_1_317' title='bbox 139 2694 293 2758; x_wconf 72' lang='grc' dir='ltr'>τοῦτο,</span> <span class='ocrx_word' id='word_1_318' title='bbox 322 2696 385 2748; x_wconf 80' lang='grc' dir='ltr'><strong>ἶν’</strong></span> <span class='ocrx_word' id='word_1_319' title='bbox 413 2695 608 2768; x_wconf 79' lang='grc' dir='ltr'>ὥσπερ</span> <span class='ocrx_word' id='word_1_320' title='bbox 645 2699 702 2750; x_wconf 83' lang='grc' dir='ltr'>ὲν</span> <span class='ocrx_word' id='word_1_321' title='bbox 751 2698 900 2769; x_wconf 81' lang='grc' dir='ltr'><strong>αὑ.τῷ</strong></span> <span class='ocrx_word' id='word_1_322' title='bbox 926 2699 1016 2752; x_wconf 72' lang='grc' dir='ltr'><strong>τὸν</strong></span> <span class='ocrx_word' id='word_1_323' title='bbox 1043 2698 1278 2767; x_wconf 76' lang='grc' dir='ltr'>ἐπίγειον</span> <span class='ocrx_word' id='word_1_324' title='bbox 1312 2701 1405 2753; x_wconf 76' lang='grc' dir='ltr'>καὶ</span> <span class='ocrx_word' id='word_1_325' title='bbox 1446 2701 1694 2770; x_wconf 69' lang='grc' dir='ltr'>οὐράνιον</span> 
     </span>
    </p>
   </div>
   <div class='ocr_carea' id='block_1_44' title="bbox 140 2788 1696 2864">
    <p class='ocr_par' dir='ltr' id='par_1_44' title="bbox 140 2788 1696 2864">
     <span class='ocr_line' id='line_1_45' title="bbox 140 2788 1696 2864; baseline 0.004 -24"><span class='ocrx_word' id='word_1_326' title='bbox 140 2788 395 2858; x_wconf 77' lang='grc' dir='ltr'>ἄνθρωπον</span> <span class='ocrx_word' id='word_1_327' title='bbox 421 2789 613 2842; x_wconf 81' lang='grc' dir='ltr'>τυπῶν</span> <span class='ocrx_word' id='word_1_328' title='bbox 639 2789 857 2854; x_wconf 73' lang='grc' dir='ltr'>ἔδειξεν,</span> <span class='ocrx_word' id='word_1_329' title='bbox 888 2791 1029 2844; x_wconf 71' lang='grc' dir='ltr'>οὓτω</span> <span class='ocrx_word' id='word_1_330' title='bbox 1073 2792 1166 2844; x_wconf 74' lang='grc' dir='ltr'>καὶ</span> <span class='ocrx_word' id='word_1_331' title='bbox 1196 2793 1259 2845; x_wconf 77' lang='grc' dir='ltr'><strong>ῖεκ</strong></span> <span class='ocrx_word' id='word_1_332' title='bbox 1310 2791 1418 2845; x_wconf 84' lang='grc' dir='ltr'><strong>τῶν</strong></span> <span class='ocrx_word' id='word_1_333' title='bbox 1449 2793 1696 2864; x_wconf 70' lang='grc' dir='ltr'>Ψαλμῶν</span> 
     </span>
    </p>
   </div>
   <div class='ocr_carea' id='block_1_45' title="bbox 139 2882 1697 2957">
    <p class='ocr_par' dir='ltr' id='par_1_45' title="bbox 139 2882 1697 2957">
     <span class='ocr_line' id='line_1_46' title="bbox 139 2882 1697 2957; baseline 0.004 -24"><span class='ocrx_word' id='word_1_334' title='bbox 139 2882 193 2934; x_wconf 77' lang='grc' dir='ltr'>τὰ</span> <span class='ocrx_word' id='word_1_335' title='bbox 233 2884 503 2952; x_wconf 77' lang='grc' dir='ltr'>κινήματα</span> <span class='ocrx_word' id='word_1_336' title='bbox 556 2884 648 2936; x_wconf 80' lang='grc' dir='ltr'>καὶ</span> <span class='ocrx_word' id='word_1_337' title='bbox 674 2882 768 2945; x_wconf 70' lang='grc' dir='ltr'><strong>τὰς</strong></span> <span class='ocrx_word' id='word_1_338' title='bbox 797 2883 1062 2946; x_wconf 73' lang='grc' dir='ltr'>διαθέσεις</span> <span class='ocrx_word' id='word_1_339' title='bbox 1087 2884 1196 2936; x_wconf 82' lang='grc' dir='ltr'><strong>τῶν</strong></span> <span class='ocrx_word' id='word_1_340' title='bbox 1221 2883 1407 2954; x_wconf 72' lang='grc' dir='ltr'>ψυχῶν</span> <span class='ocrx_word' id='word_1_341' title='bbox 1455 2886 1484 2939; x_wconf 92' lang='lat'><strong>6</strong></span> <span class='ocrx_word' id='word_1_342' title='bbox 1513 2885 1697 2957; x_wconf 79' lang='grc' dir='ltr'>βουλό-</span> 
     </span>
    </p>
   </div>
   <div class='ocr_carea' id='block_1_46' title="bbox 143 2974 1698 3048">
    <p class='ocr_par' dir='ltr' id='par_1_46' title="bbox 143 2974 1698 3048">
     <span class='ocr_line' id='line_1_47' title="bbox 143 2974 1698 3048; baseline 0.005 -25"><span class='ocrx_word' id='word_1_343' title='bbox 143 2991 278 3041; x_wconf 70' lang='grc' dir='ltr'>μενος</span> <span class='ocrx_word' id='word_1_344' title='bbox 324 2975 668 3044; x_wconf 76' lang='grc' dir='ltr'>καταμαθεῖν</span> <span class='ocrx_word' id='word_1_345' title='bbox 739 2974 996 3045; x_wconf 74' lang='grc' dir='ltr'>δύνηται,</span> <span class='ocrx_word' id='word_1_346' title='bbox 1063 2977 1332 3048; x_wconf 82' lang='grc' dir='ltr'>εὑρίσκων</span> <span class='ocrx_word' id='word_1_347' title='bbox 1403 2979 1460 3030; x_wconf 90' lang='lat' dir='ltr'><strong>tv</strong></span> <span class='ocrx_word' id='word_1_348' title='bbox 1514 2979 1698 3041; x_wconf 74' lang='grc' dir='ltr'>αὐτοῖς</span> 
     </span>
    </p>
   </div>
   <div class='ocr_carea' id='block_1_47' title="bbox 140 3067 1695 3140">
    <p class='ocr_par' dir='ltr' id='par_1_47' title="bbox 140 3067 1695 3140">
     <span class='ocr_line' id='line_1_48' title="bbox 140 3067 1695 3140; baseline 0.002 -22"><span class='ocrx_word' id='word_1_349' title='bbox 140 3069 215 3119; x_wconf 80' lang='grc' dir='ltr'>καὶ</span> <span class='ocrx_word' id='word_1_350' title='bbox 286 3068 380 3139; x_wconf 73' lang='grc' dir='ltr'>τὴν</span> <span class='ocrx_word' id='word_1_351' title='bbox 442 3067 679 3121; x_wconf 81' lang='grc' dir='ltr'>ἑκάστου</span> <span class='ocrx_word' id='word_1_352' title='bbox 756 3069 1054 3140; x_wconf 73' lang='grc' dir='ltr'>κινήματος</span> <span class='ocrx_word' id='word_1_353' title='bbox 1119 3069 1417 3139; x_wconf 85' lang='grc' dir='ltr'>θεραπείαν</span> <span class='ocrx_word' id='word_1_354' title='bbox 1484 3086 1544 3122; x_wconf 84' lang='grc' dir='ltr'><strong>τε</strong></span> <span class='ocrx_word' id='word_1_355' title='bbox 1600 3067 1695 3122; x_wconf 72' lang='grc' dir='ltr'>καὶ</span> 
     </span>
    </p>
   </div>
   <div class='ocr_carea' id='block_1_48' title="bbox 139 3158 415 3230">
    <p class='ocr_par' dir='ltr' id='par_1_48' title="bbox 139 3158 415 3230">
     <span class='ocr_line' id='line_1_49' title="bbox 139 3158 415 3230; baseline 0.011 -21"><span class='ocrx_word' id='word_1_356' title='bbox 139 3158 415 3230; x_wconf 75' lang='grc' dir='ltr'>διόρθωσιν.</span> 
     </span>
    </p>
   </div>
   <div class='ocr_carea' id='block_1_49' title="bbox 201 3247 1699 3320">
    <p class='ocr_par' dir='ltr' id='par_1_49' title="bbox 201 3247 1699 3320">
     <span class='ocr_line' id='line_1_50' title="bbox 201 3247 1699 3320; baseline 0.001 -18"><span class='ocrx_word' id='word_1_357' title='bbox 201 3252 269 3303; x_wconf 79' lang='grc' dir='ltr'>ιδ’.</span> <span class='ocrx_word' id='word_1_358' title='bbox 297 3251 358 3304; x_wconf 84' lang='grc' dir='ltr'>Εἰ</span> <span class='ocrx_word' id='word_1_359' title='bbox 397 3251 510 3320; x_wconf 74' lang='grc' dir='ltr'><strong>γὰρ</strong></span> <span class='ocrx_word' id='word_1_360' title='bbox 545 3250 627 3302; x_wconf 86' lang='grc' dir='ltr'><strong>δεῖ</strong></span> <span class='ocrx_word' id='word_1_361' title='bbox 661 3250 751 3302; x_wconf 76' lang='grc' dir='ltr'>καὶ</span> <span class='ocrx_word' id='word_1_362' title='bbox 791 3247 1154 3319; x_wconf 84' lang='grc' dir='ltr'>πιθανώτερον</span> <span class='ocrx_word' id='word_1_363' title='bbox 1186 3250 1380 3312; x_wconf 82' lang='grc' dir='ltr'>εἰπεῖν,</span> <span class='ocrx_word' id='word_1_364' title='bbox 1425 3251 1574 3304; x_wconf 78' lang='grc' dir='ltr'>πᾶσα</span> <span class='ocrx_word' id='word_1_365' title='bbox 1603 3249 1699 3320; x_wconf 75' lang='grc' dir='ltr'>μὲν</span> 
     </span>
    </p>
   </div>
   <div class='ocr_carea' id='block_1_50' title="bbox 142 3341 1703 3414">
    <p class='ocr_par' dir='ltr' id='par_1_50' title="bbox 142 3341 1703 3414">
     <span class='ocr_line' id='line_1_51' title="bbox 142 3341 1703 3414; baseline 0 -19"><span class='ocrx_word' id='word_1_366' title='bbox 142 3345 166 3412; x_wconf 81' lang='grc' dir='ltr'><strong>ἠ</strong></span> <span class='ocrx_word' id='word_1_367' title='bbox 192 3343 298 3396; x_wconf 79' lang='grc' dir='ltr'>θεία</span> <span class='ocrx_word' id='word_1_368' title='bbox 329 3343 524 3414; x_wconf 66' lang='grc' dir='ltr'>Γραφὴ</span> <span class='ocrx_word' id='word_1_369' title='bbox 563 3341 878 3405; x_wconf 74' lang='grc' dir='ltr'>διδάσκαλός</span> <span class='ocrx_word' id='word_1_370' title='bbox 914 3343 1059 3395; x_wconf 76' lang='grc' dir='ltr'>ἐστιν</span> <span class='ocrx_word' id='word_1_371' title='bbox 1111 3342 1312 3413; x_wconf 78' lang='grc' dir='ltr'>ἀρετῆς</span> <span class='ocrx_word' id='word_1_372' title='bbox 1342 3343 1437 3396; x_wconf 73' lang='grc' dir='ltr'>καὶ</span> <span class='ocrx_word' id='word_1_373' title='bbox 1467 3342 1703 3406; x_wconf 80' lang='grc' dir='ltr'>πίστεως</span> 
     </span>
    </p>
   </div>
   <div class='ocr_carea' id='block_1_51' title="bbox 142 3430 1704 3504">
    <p class='ocr_par' dir='ltr' id='par_1_51' title="bbox 142 3430 1704 3504">
     <span class='ocr_line' id='line_1_52' title="bbox 142 3430 1704 3504; baseline 0.001 -22"><span class='ocrx_word' id='word_1_374' title='bbox 142 3431 366 3502; x_wconf 51' lang='lat' dir='ltr'><strong>air-.005:</strong></span> <span class='ocrx_word' id='word_1_375' title='bbox 400 3432 433 3502; x_wconf 83' lang='grc' dir='ltr'>ἠ</span> <span class='ocrx_word' id='word_1_376' title='bbox 493 3431 556 3484; x_wconf 83' lang='grc' dir='ltr'><em>δέ</em></span> <span class='ocrx_word' id='word_1_377' title='bbox 586 3449 648 3500; x_wconf 90' lang='grc' dir='ltr'><strong>γε</strong></span> <span class='ocrx_word' id='word_1_378' title='bbox 682 3430 862 3502; x_wconf 72' lang='grc' dir='ltr'>βίϐλος</span> <span class='ocrx_word' id='word_1_379' title='bbox 889 3430 997 3485; x_wconf 83' lang='grc' dir='ltr'><strong>τῶν</strong></span> <span class='ocrx_word' id='word_1_380' title='bbox 1026 3430 1270 3503; x_wconf 80' lang='grc' dir='ltr'>Ψαλμῶν</span> <span class='ocrx_word' id='word_1_381' title='bbox 1323 3431 1433 3503; x_wconf 70' lang='grc' dir='ltr'>ἔχει</span> <span class='ocrx_word' id='word_1_382' title='bbox 1467 3431 1562 3486; x_wconf 75' lang='grc' dir='ltr'>καὶ</span> <span class='ocrx_word' id='word_1_383' title='bbox 1605 3432 1704 3504; x_wconf 78' lang='grc' dir='ltr'>τὴν</span> 
     </span>
    </p>
   </div>
   <div class='ocr_carea' id='block_1_52' title="bbox 143 3523 1704 3596">
    <p class='ocr_par' dir='ltr' id='par_1_52' title="bbox 143 3523 1704 3596">
     <span class='ocr_line' id='line_1_53' title="bbox 143 3523 1704 3596; baseline 0.003 -22"><span class='ocrx_word' id='word_1_384' title='bbox 143 3524 301 3578; x_wconf 76' lang='grc' dir='ltr'>εἰκόνα</span> <span class='ocrx_word' id='word_1_385' title='bbox 331 3541 451 3588; x_wconf 85' lang='grc' dir='ltr'><strong>πως</strong></span> <span class='ocrx_word' id='word_1_386' title='bbox 479 3526 584 3594; x_wconf 83' lang='grc' dir='ltr'>τῆς</span> <span class='ocrx_word' id='word_1_387' title='bbox 638 3523 913 3595; x_wconf 81' lang='grc' dir='ltr'>διαγωγῆς</span> <span class='ocrx_word' id='word_1_388' title='bbox 954 3523 1062 3578; x_wconf 85' lang='grc' dir='ltr'>τῶν</span> <span class='ocrx_word' id='word_1_389' title='bbox 1093 3523 1301 3594; x_wconf 75' lang='grc' dir='ltr'>ψυχῶν.</span> <span class='ocrx_word' id='word_1_390' title='bbox 1370 3524 1458 3590; x_wconf 82' lang='grc' dir='ltr'>Ὠς</span> <span class='ocrx_word' id='word_1_391' title='bbox 1509 3524 1618 3596; x_wconf 78' lang='grc' dir='ltr'><strong>γὰρ</strong></span> <span class='ocrx_word' id='word_1_392' title='bbox 1676 3528 1704 3579; x_wconf 92' lang='lat'><strong>6</strong></span> 
     </span>
    </p>
   </div>
   <div class='ocr_carea' id='block_1_53' title="bbox 145 3615 1704 3687">
    <p class='ocr_par' dir='ltr' id='par_1_53' title="bbox 145 3615 1704 3687">
     <span class='ocr_line' id='line_1_54' title="bbox 145 3615 1704 3687; baseline 0 -20"><span class='ocrx_word' id='word_1_393' title='bbox 145 3617 496 3686; x_wconf 77' lang='grc' dir='ltr'>εἰσερχόμενος</span> <span class='ocrx_word' id='word_1_394' title='bbox 524 3616 664 3686; x_wconf 69' lang='lat'><strong>1:96;</strong></span> <span class='ocrx_word' id='word_1_395' title='bbox 707 3615 930 3684; x_wconf 79' lang='grc' dir='ltr'>βασιλέα</span> <span class='ocrx_word' id='word_1_396' title='bbox 972 3615 1234 3668; x_wconf 77' lang='grc' dir='ltr'>τυποῦται</span> <span class='ocrx_word' id='word_1_397' title='bbox 1295 3615 1390 3668; x_wconf 69' lang='grc' dir='ltr'>καὶ</span> <span class='ocrx_word' id='word_1_398' title='bbox 1436 3615 1512 3686; x_wconf 80' lang='grc' dir='ltr'><strong>τῷ</strong></span> <span class='ocrx_word' id='word_1_399' title='bbox 1574 3617 1704 3687; x_wconf 79' lang='grc' dir='ltr'>σχή-</span> 
     </span>
    </p>
   </div>
   <div class='ocr_carea' id='block_1_54' title="bbox 147 3707 1701 3780">
    <p class='ocr_par' dir='ltr' id='par_1_54' title="bbox 147 3707 1701 3780">
     <span class='ocr_line' id='line_1_55' title="bbox 147 3707 1701 3780; baseline 0.001 -21"><span class='ocrx_word' id='word_1_400' title='bbox 147 3725 254 3776; x_wconf 74' lang='grc' dir='ltr'>ματι</span> <span class='ocrx_word' id='word_1_401' title='bbox 280 3712 370 3761; x_wconf 76' lang='grc' dir='ltr'>καὶ</span> <span class='ocrx_word' id='word_1_402' title='bbox 398 3713 512 3773; x_wconf 85' lang='grc' dir='ltr'>τοῖς</span> <span class='ocrx_word' id='word_1_403' title='bbox 547 3709 812 3780; x_wconf 76' lang='grc' dir='ltr'>ῥήμασιν,</span> <span class='ocrx_word' id='word_1_404' title='bbox 848 3709 932 3760; x_wconf 85' lang='grc' dir='ltr'>ἵνα</span> <span class='ocrx_word' id='word_1_405' title='bbox 980 3709 1075 3779; x_wconf 81' lang='grc' dir='ltr'>μὴ,</span> <span class='ocrx_word' id='word_1_406' title='bbox 1119 3708 1267 3780; x_wconf 75' lang='grc' dir='ltr'>παρὰ</span> <span class='ocrx_word' id='word_1_407' title='bbox 1294 3707 1463 3760; x_wconf 80' lang='grc' dir='ltr'>ταῦτα</span> <span class='ocrx_word' id='word_1_408' title='bbox 1508 3707 1701 3777; x_wconf 84' lang='grc' dir='ltr'>λέγων,</span> 
     </span>
    </p>
   </div>
   <div class='ocr_carea' id='block_1_55' title="bbox 145 3795 1703 3872">
    <p class='ocr_par' dir='ltr' id='par_1_55' title="bbox 145 3795 1703 3872">
     <span class='ocr_line' id='line_1_56' title="bbox 145 3795 1703 3872; baseline 0.002 -23"><span class='ocrx_word' id='word_1_409' title='bbox 145 3800 205 3861; x_wconf 78' lang='grc' dir='ltr'>ὡς</span> <span class='ocrx_word' id='word_1_410' title='bbox 251 3801 573 3862; x_wconf 80' lang='grc' dir='ltr'>ἀπαίδευτος</span> <span class='ocrx_word' id='word_1_411' title='bbox 629 3795 891 3870; x_wconf 55' lang='grc' dir='ltr'>ἐκϐληθῇ</span> <span class='ocrx_word' id='word_1_412' title='bbox 935 3799 1107 3864; x_wconf 70' lang='grc' dir='ltr'>οὕτως</span> <span class='ocrx_word' id='word_1_413' title='bbox 1156 3801 1189 3872; x_wconf 88' lang='grc' dir='ltr'><strong>ή</strong></span> <span class='ocrx_word' id='word_1_414' title='bbox 1235 3799 1356 3854; x_wconf 87' lang='grc' dir='ltr'>θεία</span> <span class='ocrx_word' id='word_1_415' title='bbox 1387 3799 1566 3870; x_wconf 80' lang='grc' dir='ltr'>βίϐλος</span> <span class='ocrx_word' id='word_1_416' title='bbox 1613 3799 1703 3852; x_wconf 79' lang='grc' dir='ltr'>τὸν</span> 
     </span>
    </p>
   </div>
   <div class='ocr_carea' id='block_1_56' title="bbox 145 3889 1704 3963">
    <p class='ocr_par' dir='ltr' id='par_1_56' title="bbox 145 3889 1704 3963">
     <span class='ocr_line' id='line_1_57' title="bbox 145 3889 1704 3963; baseline 0 -21"><span class='ocrx_word' id='word_1_417' title='bbox 145 3891 215 3942; x_wconf 78' lang='grc' dir='ltr'><strong>ἐπ’</strong></span> <span class='ocrx_word' id='word_1_418' title='bbox 237 3893 398 3963; x_wconf 80' lang='grc' dir='ltr'>ἀρετῇ</span> <span class='ocrx_word' id='word_1_419' title='bbox 431 3891 702 3962; x_wconf 78' lang='grc' dir='ltr'>τρέχοντα</span> <span class='ocrx_word' id='word_1_420' title='bbox 728 3890 819 3943; x_wconf 76' lang='grc' dir='ltr'>καὶ</span> <span class='ocrx_word' id='word_1_421' title='bbox 855 3889 1178 3962; x_wconf 82' lang='grc' dir='ltr'>βουλόμενον</span> <span class='ocrx_word' id='word_1_422' title='bbox 1233 3891 1564 3961; x_wconf 79' lang='grc' dir='ltr'>κατανοῆσαι</span> <span class='ocrx_word' id='word_1_423' title='bbox 1606 3889 1704 3960; x_wconf 80' lang='grc' dir='ltr'>τὴν</span> 
     </span>
    </p>
   </div>
   <div class='ocr_carea' id='block_1_57' title="bbox 144 3982 1705 4054">
    <p class='ocr_par' dir='ltr' id='par_1_57' title="bbox 144 3982 1705 4054">
     <span class='ocr_line' id='line_1_58' title="bbox 144 3982 1705 4054; baseline 0.001 -20"><span class='ocrx_word' id='word_1_424' title='bbox 144 3984 222 4036; x_wconf 71' lang='grc' dir='ltr'>τοῦ</span> <span class='ocrx_word' id='word_1_425' title='bbox 263 3985 510 4054; x_wconf 74' lang='grc' dir='ltr'>Σωτῆρος</span> <span class='ocrx_word' id='word_1_426' title='bbox 561 3985 619 4036; x_wconf 87' lang='lat' dir='ltr'><strong>tv</strong></span> <span class='ocrx_word' id='word_1_427' title='bbox 695 3982 906 4054; x_wconf 82' lang='grc' dir='ltr'>σώματι</span> <span class='ocrx_word' id='word_1_428' title='bbox 973 3983 1250 4036; x_wconf 84' lang='grc' dir='ltr'>πολιτείαν</span> <span class='ocrx_word' id='word_1_429' title='bbox 1302 3983 1705 4054; x_wconf 72' lang='grc' dir='ltr'>ὑπομιμνήσκει</span> 
     </span>
    </p>
   </div>
   <div class='ocr_carea' id='block_1_58' title="bbox 146 4075 1703 4149">
    <p class='ocr_par' dir='ltr' id='par_1_58' title="bbox 146 4075 1703 4149">
     <span class='ocr_line' id='line_1_59' title="bbox 146 4075 1703 4149; baseline 0.001 -21"><span class='ocrx_word' id='word_1_430' title='bbox 146 4078 334 4148; x_wconf 68' lang='grc' dir='ltr'>πρῶτον</span> <span class='ocrx_word' id='word_1_431' title='bbox 363 4077 450 4131; x_wconf 71' lang='grc' dir='ltr'>διὰ</span> <span class='ocrx_word' id='word_1_432' title='bbox 478 4077 580 4149; x_wconf 82' lang='grc' dir='ltr'>τῆς</span> <span class='ocrx_word' id='word_1_433' title='bbox 627 4077 986 4145; x_wconf 76' lang='grc' dir='ltr'>ἀναγνώσεως</span> <span class='ocrx_word' id='word_1_434' title='bbox 1039 4076 1107 4129; x_wconf 77' lang='grc' dir='ltr'><strong>τὰ</strong></span> <span class='ocrx_word' id='word_1_435' title='bbox 1141 4077 1424 4148; x_wconf 82' lang='grc' dir='ltr'>κινήματα</span> <span class='ocrx_word' id='word_1_436' title='bbox 1454 4076 1554 4145; x_wconf 79' lang='grc' dir='ltr'>τῆς</span> <span class='ocrx_word' id='word_1_437' title='bbox 1598 4075 1703 4145; x_wconf 67' lang='grc' dir='ltr'>ψυ-</span> 
     </span>
    </p>
   </div>
   <div class='ocr_carea' id='block_1_59' title="bbox 147 4165 1707 4236">
    <p class='ocr_par' dir='ltr' id='par_1_59' title="bbox 147 4165 1707 4236">
     <span class='ocr_line' id='line_1_60' title="bbox 147 4165 1707 4236; baseline -0.001 -15"><span class='ocrx_word' id='word_1_438' title='bbox 147 4169 247 4236; x_wconf 56' lang='grc' dir='ltr'>ᾑς.</span> <span class='ocrx_word' id='word_1_439' title='bbox 280 4171 371 4222; x_wconf 73' lang='grc' dir='ltr'>καὶ</span> <span class='ocrx_word' id='word_1_440' title='bbox 400 4169 548 4223; x_wconf 76' lang='grc' dir='ltr'>οὕτω</span> <span class='ocrx_word' id='word_1_441' title='bbox 573 4169 759 4221; x_wconf 78' lang='grc' dir='ltr'>λοιπον</span> <span class='ocrx_word' id='word_1_442' title='bbox 779 4170 940 4220; x_wconf 89' lang='grc' dir='ltr'>τυποῖ</span> <span class='ocrx_word' id='word_1_443' title='bbox 962 4167 1054 4221; x_wconf 78' lang='grc' dir='ltr'>καὶ</span> <span class='ocrx_word' id='word_1_444' title='bbox 1105 4165 1344 4220; x_wconf 81' lang='grc' dir='ltr'>διδάσκει</span> <span class='ocrx_word' id='word_1_445' title='bbox 1378 4168 1504 4229; x_wconf 75' lang='grc' dir='ltr'>τοὺς</span> <span class='ocrx_word' id='word_1_446' title='bbox 1528 4167 1707 4236; x_wconf 83' lang='grc' dir='ltr'>ἐντυγο</span> 
     </span>
    </p>
   </div>
   <div class='ocr_carea' id='block_1_60' title="bbox 147 4255 1704 4331">
    <p class='ocr_par' dir='ltr' id='par_1_60' title="bbox 147 4255 1704 4331">
     <span class='ocr_line' id='line_1_61' title="bbox 147 4255 1704 4331; baseline 0 -19"><span class='ocrx_word' id='word_1_447' title='bbox 147 4261 382 4328; x_wconf 70' lang='grc' dir='ltr'>χάνοντας</span> <span class='ocrx_word' id='word_1_448' title='bbox 425 4265 541 4326; x_wconf 82' lang='grc' dir='ltr'>τοῖς</span> <span class='ocrx_word' id='word_1_449' title='bbox 603 4260 864 4322; x_wconf 76' lang='grc' dir='ltr'>τοιούτοις</span> <span class='ocrx_word' id='word_1_450' title='bbox 919 4259 1117 4328; x_wconf 80' lang='grc' dir='ltr'>λόγοις.</span> <span class='ocrx_word' id='word_1_451' title='bbox 1163 4260 1283 4313; x_wconf 68' lang='grc' dir='ltr'>Εἰσὶ</span> <span class='ocrx_word' id='word_1_452' title='bbox 1334 4259 1433 4331; x_wconf 80' lang='grc' dir='ltr'>μὲν</span> <span class='ocrx_word' id='word_1_453' title='bbox 1473 4255 1586 4323; x_wconf 72' lang='grc' dir='ltr'>οὖν,</span> <span class='ocrx_word' id='word_1_454' title='bbox 1621 4260 1704 4312; x_wconf 75' lang='grc' dir='ltr'>ἵνα</span> 
     </span>
    </p>
   </div>
   <div class='ocr_carea' id='block_1_61' title="bbox 148 4349 1703 4422">
    <p class='ocr_par' dir='ltr' id='par_1_61' title="bbox 148 4349 1703 4422">
     <span class='ocr_line' id='line_1_62' title="bbox 148 4349 1703 4422; baseline 0.001 -21"><span class='ocrx_word' id='word_1_455' title='bbox 148 4351 281 4404; x_wconf 70' lang='grc' dir='ltr'>τοῦτο</span> <span class='ocrx_word' id='word_1_456' title='bbox 312 4351 530 4422; x_wconf 80' lang='grc' dir='ltr'>πρῶτόν</span> <span class='ocrx_word' id='word_1_457' title='bbox 560 4368 645 4414; x_wconf 81' lang='grc' dir='ltr'><strong>τις</strong></span> <span class='ocrx_word' id='word_1_458' title='bbox 666 4351 763 4420; x_wconf 74' lang='grc' dir='ltr'>τῆς</span> <span class='ocrx_word' id='word_1_459' title='bbox 803 4349 982 4418; x_wconf 75' lang='grc' dir='ltr'>βίϐλου</span> <span class='ocrx_word' id='word_1_460' title='bbox 1009 4351 1486 4422; x_wconf 75' lang='grc' dir='ltr'>παρατηρήσηται,</span> <span class='ocrx_word' id='word_1_461' title='bbox 1522 4352 1571 4404; x_wconf 89' lang='grc' dir='ltr'>οἱ</span> <span class='ocrx_word' id='word_1_462' title='bbox 1607 4350 1703 4421; x_wconf 79' lang='grc' dir='ltr'>μὲν</span> 
     </span>
    </p>
   </div>
   <div class='ocr_carea' id='block_1_62' title="bbox 148 4441 1701 4515">
    <p class='ocr_par' dir='ltr' id='par_1_62' title="bbox 148 4441 1701 4515">
     <span class='ocr_line' id='line_1_63' title="bbox 148 4441 1701 4515; baseline 0 -21"><span class='ocrx_word' id='word_1_463' title='bbox 148 4443 194 4494; x_wconf 77' lang='grc' dir='ltr'>ἐν</span> <span class='ocrx_word' id='word_1_464' title='bbox 224 4443 514 4515; x_wconf 76' lang='grc' dir='ltr'>διηγήματι</span> <span class='ocrx_word' id='word_1_465' title='bbox 572 4441 888 4512; x_wconf 83' lang='grc' dir='ltr'>λεγόμενοι,</span> <span class='ocrx_word' id='word_1_466' title='bbox 946 4442 994 4494; x_wconf 84' lang='lat' dir='ltr'><strong>0i</strong></span> <span class='ocrx_word' id='word_1_467' title='bbox 1046 4441 1102 4492; x_wconf 85' lang='grc' dir='ltr'>δὲ</span> <span class='ocrx_word' id='word_1_468' title='bbox 1155 4443 1212 4494; x_wconf 81' lang='grc' dir='ltr'>ἐν</span> <span class='ocrx_word' id='word_1_469' title='bbox 1257 4441 1595 4511; x_wconf 83' lang='grc' dir='ltr'>παραινέσει,</span> <span class='ocrx_word' id='word_1_470' title='bbox 1652 4443 1701 4494; x_wconf 82' lang='grc' dir='ltr'>οἱ</span> 
     </span>
    </p>
   </div>
   <div class='ocr_carea' id='block_1_63' title="bbox 1796 1965 3368 2040">
    <p class='ocr_par' dir='ltr' id='par_1_63' title="bbox 1796 1965 3368 2040">
     <span class='ocr_line' id='line_1_64' title="bbox 1796 1965 3368 2040; baseline 0.004 -20"><span class='ocrx_word' id='word_1_471' title='bbox 1796 1981 1922 2020; x_wconf 90' lang='lat' dir='ltr'><strong>nam</strong></span> <span class='ocrx_word' id='word_1_472' title='bbox 1979 1965 2194 2021; x_wconf 92' lang='lat' dir='ltr'><strong>Domini</strong></span> <span class='ocrx_word' id='word_1_473' title='bbox 2218 1967 2384 2022; x_wconf 87' lang='lat' dir='ltr'><strong>vitam</strong></span> <span class='ocrx_word' id='word_1_474' title='bbox 2414 1971 2814 2040; x_wconf 86' lang='lat' dir='ltr'><strong>contemplatus</strong></span> <span class='ocrx_word' id='word_1_475' title='bbox 2837 1969 3020 2028; x_wconf 85' lang='lat' dir='ltr'><strong>fuerit.</strong></span> <span class='ocrx_word' id='word_1_476' title='bbox 3054 1970 3207 2039; x_wconf 85' lang='lat' dir='ltr'><strong>Quod</strong></span> <span class='ocrx_word' id='word_1_477' title='bbox 3241 1986 3368 2027; x_wconf 85' lang='lat' dir='ltr'><strong>cum</strong></span> 
     </span>
    </p>
   </div>
   <div class='ocr_carea' id='block_1_64' title="bbox 1801 2058 3369 2126">
    <p class='ocr_par' dir='ltr' id='par_1_64' title="bbox 1801 2058 3369 2126">
     <span class='ocr_line' id='line_1_65' title="bbox 1801 2058 3369 2126; baseline 0.003 -15"><span class='ocrx_word' id='word_1_478' title='bbox 1801 2068 1988 2112; x_wconf 83' lang='lat' dir='ltr'><strong>nosset</strong></span> <span class='ocrx_word' id='word_1_479' title='bbox 2024 2058 2229 2113; x_wconf 80' lang='lat' dir='ltr'><strong>Paulus</strong></span> <span class='ocrx_word' id='word_1_480' title='bbox 2276 2059 2349 2113; x_wconf 88' lang='lat' dir='ltr'><strong>ait</strong></span> <span class='ocrx_word' id='word_1_481' title='bbox 2381 2078 2394 2113; x_wconf 90' lang='lat'><strong>:</strong></span> <span class='ocrx_word' id='word_1_482' title='bbox 2425 2059 2733 2117; x_wconf 74' lang='lat' dir='ltr'><strong>Imitatores</strong></span> <span class='ocrx_word' id='word_1_483' title='bbox 2772 2064 2874 2116; x_wconf 86' lang='lat' dir='ltr'><strong>mei</strong></span> <span class='ocrx_word' id='word_1_484' title='bbox 2910 2073 3092 2126; x_wconf 77' lang='lat' dir='ltr'><strong>estote,</strong></span> <span class='ocrx_word' id='word_1_485' title='bbox 3138 2064 3273 2118; x_wconf 72' lang='lat' dir='ltr'><strong>sicut</strong></span> <span class='ocrx_word' id='word_1_486' title='bbox 3319 2071 3369 2117; x_wconf 78' lang='lat' dir='ltr'><strong>et</strong></span> 
     </span>
    </p>
   </div>
   <div class='ocr_carea' id='block_1_65' title="bbox 1796 2148 3371 2225">
    <p class='ocr_par' dir='ltr' id='par_1_65' title="bbox 1796 2148 3371 2225">
     <span class='ocr_line' id='line_1_66' title="bbox 1796 2148 3371 2225; baseline 0.003 -21"><span class='ocrx_word' id='word_1_487' title='bbox 1796 2166 1890 2221; x_wconf 83' lang='lat' dir='ltr'><strong>ego</strong></span> <span class='ocrx_word' id='word_1_488' title='bbox 1922 2148 2125 2205; x_wconf 80' lang='lat' dir='ltr'><strong>Christi</strong></span> <span class='ocrx_word' id='word_1_489' title='bbox 2156 2152 2220 2206; x_wconf 81' lang='grc'><strong>³⁸.</strong></span> <span class='ocrx_word' id='word_1_490' title='bbox 2245 2150 2561 2208; x_wconf 69' lang='lat' dir='ltr'><strong>Graecorum</strong></span> <span class='ocrx_word' id='word_1_491' title='bbox 2588 2153 2857 2224; x_wconf 87' lang='lat' dir='ltr'><strong>siquidem</strong></span> <span class='ocrx_word' id='word_1_492' title='bbox 2893 2155 3233 2225; x_wconf 79' lang='lat' dir='ltr'><strong>legislatores</strong></span> <span class='ocrx_word' id='word_1_493' title='bbox 3251 2169 3371 2210; x_wconf 83' lang='lat' dir='ltr'><strong>ver-</strong></span> 
     </span>
    </p>
   </div>
   <div class='ocr_carea' id='block_1_66' title="bbox 1799 2243 3368 2317">
    <p class='ocr_par' dir='ltr' id='par_1_66' title="bbox 1799 2243 3368 2317">
     <span class='ocr_line' id='line_1_67' title="bbox 1799 2243 3368 2317; baseline 0.002 -18"><span class='ocrx_word' id='word_1_494' title='bbox 1799 2243 1994 2299; x_wconf 89' lang='lat' dir='ltr'><strong>borum</strong></span> <span class='ocrx_word' id='word_1_495' title='bbox 2023 2245 2366 2300; x_wconf 84' lang='lat' dir='ltr'><strong>solumtenus</strong></span> <span class='ocrx_word' id='word_1_496' title='bbox 2398 2247 2625 2317; x_wconf 76' lang='lat' dir='ltr'><strong>gratiam</strong></span> <span class='ocrx_word' id='word_1_497' title='bbox 2678 2247 2912 2316; x_wconf 79' lang='lat' dir='ltr'><strong>habent;</strong></span> <span class='ocrx_word' id='word_1_498' title='bbox 2967 2246 3230 2302; x_wconf 80' lang='lat' dir='ltr'><strong>Dominus</strong></span> <span class='ocrx_word' id='word_1_499' title='bbox 3267 2263 3368 2302; x_wconf 85' lang='lat' dir='ltr'><strong>au-</strong></span> 
     </span>
    </p>
   </div>
   <div class='ocr_carea' id='block_1_67' title="bbox 1799 2334 3372 2406">
    <p class='ocr_par' dir='ltr' id='par_1_67' title="bbox 1799 2334 3372 2406">
     <span class='ocr_line' id='line_1_68' title="bbox 1799 2334 3372 2406; baseline 0.002 -20"><span class='ocrx_word' id='word_1_500' title='bbox 1799 2340 1929 2397; x_wconf 92' lang='lat' dir='ltr'><strong>tem,</strong></span> <span class='ocrx_word' id='word_1_501' title='bbox 1973 2341 2033 2387; x_wconf 86' lang='lat' dir='ltr'><strong>ut</strong></span> <span class='ocrx_word' id='word_1_502' title='bbox 2061 2349 2248 2388; x_wconf 84' lang='lat' dir='ltr'><strong>revera</strong></span> <span class='ocrx_word' id='word_1_503' title='bbox 2305 2335 2552 2388; x_wconf 89' lang='lat' dir='ltr'><strong>omnium</strong></span> <span class='ocrx_word' id='word_1_504' title='bbox 2596 2334 2886 2401; x_wconf 75' lang='lat' dir='ltr'><strong>Dominus,</strong></span> <span class='ocrx_word' id='word_1_505' title='bbox 2924 2337 3016 2406; x_wconf 89' lang='lat' dir='ltr'><strong>qui</strong></span> <span class='ocrx_word' id='word_1_506' title='bbox 3053 2350 3151 2391; x_wconf 89' lang='lat' dir='ltr'><strong>sua</strong></span> <span class='ocrx_word' id='word_1_507' title='bbox 3214 2344 3372 2391; x_wconf 82' lang='lat' dir='ltr'><strong>curat</strong></span> 
     </span>
    </p>
   </div>
   <div class='ocr_carea' id='block_1_68' title="bbox 1799 2425 3370 2498">
    <p class='ocr_par' dir='ltr' id='par_1_68' title="bbox 1799 2425 3370 2498">
     <span class='ocr_line' id='line_1_69' title="bbox 1799 2425 3370 2498; baseline -0.001 -17"><span class='ocrx_word' id='word_1_508' title='bbox 1799 2440 1986 2494; x_wconf 88' lang='lat' dir='ltr'><strong>opera,</strong></span> <span class='ocrx_word' id='word_1_509' title='bbox 2023 2440 2133 2480; x_wconf 89' lang='lat' dir='ltr'><strong>non</strong></span> <span class='ocrx_word' id='word_1_510' title='bbox 2169 2425 2333 2480; x_wconf 89' lang='lat' dir='ltr'><strong>modo</strong></span> <span class='ocrx_word' id='word_1_511' title='bbox 2367 2426 2514 2497; x_wconf 86' lang='lat' dir='ltr'><strong>leges</strong></span> <span class='ocrx_word' id='word_1_512' title='bbox 2565 2427 2833 2494; x_wconf 89' lang='lat' dir='ltr'><strong>condidit,</strong></span> <span class='ocrx_word' id='word_1_513' title='bbox 2861 2429 2955 2483; x_wconf 90' lang='lat' dir='ltr'><strong>sed</strong></span> <span class='ocrx_word' id='word_1_514' title='bbox 3012 2427 3370 2498; x_wconf 84' lang='lat' dir='ltr'><strong>semetipsum</strong></span> 
     </span>
    </p>
   </div>
   <div class='ocr_carea' id='block_1_69' title="bbox 1799 2511 3386 2587">
    <p class='ocr_par' dir='ltr' id='par_1_69' title="bbox 1799 2511 3386 2587">
     <span class='ocr_line' id='line_1_70' title="bbox 1799 2511 3386 2587; baseline 0.005 -23"><span class='ocrx_word' id='word_1_515' title='bbox 1799 2511 2077 2581; x_wconf 77' lang='lat' dir='ltr'><strong>exemplar</strong></span> <span class='ocrx_word' id='word_1_516' title='bbox 2111 2513 2356 2578; x_wconf 87' lang='lat' dir='ltr'><strong>tradidit,</strong></span> <span class='ocrx_word' id='word_1_517' title='bbox 2383 2522 2445 2568; x_wconf 90' lang='lat' dir='ltr'><strong>ut</strong></span> <span class='ocrx_word' id='word_1_518' title='bbox 2495 2514 2590 2584; x_wconf 91' lang='lat' dir='ltr'><strong>qui</strong></span> <span class='ocrx_word' id='word_1_519' title='bbox 2630 2515 2923 2579; x_wconf 90' lang='lat' dir='ltr'><strong>voluerint,</strong></span> <span class='ocrx_word' id='word_1_520' title='bbox 2968 2517 3164 2587; x_wconf 88' lang='lat' dir='ltr'><strong>agendi</strong></span> <span class='ocrx_word' id='word_1_521' title='bbox 3205 2518 3386 2572; x_wconf 86' lang='lat' dir='ltr'><strong>ratio--</strong></span> 
     </span>
    </p>
   </div>
   <div class='ocr_carea' id='block_1_70' title="bbox 1801 2604 3373 2677">
    <p class='ocr_par' dir='ltr' id='par_1_70' title="bbox 1801 2604 3373 2677">
     <span class='ocr_line' id='line_1_71' title="bbox 1801 2604 3373 2677; baseline 0.004 -21"><span class='ocrx_word' id='word_1_522' title='bbox 1801 2617 1922 2656; x_wconf 91' lang='lat' dir='ltr'><strong>nem</strong></span> <span class='ocrx_word' id='word_1_523' title='bbox 1949 2613 2135 2658; x_wconf 89' lang='lat' dir='ltr'><strong>notam</strong></span> <span class='ocrx_word' id='word_1_524' title='bbox 2169 2604 2426 2660; x_wconf 85' lang='lat' dir='ltr'><strong>habeant.</strong></span> <span class='ocrx_word' id='word_1_525' title='bbox 2467 2605 2813 2677; x_wconf 87' lang='lat' dir='ltr'><strong>Quapropter</strong></span> <span class='ocrx_word' id='word_1_526' title='bbox 2855 2615 2981 2661; x_wconf 89' lang='lat' dir='ltr'><strong>ante</strong></span> <span class='ocrx_word' id='word_1_527' title='bbox 3002 2608 3148 2661; x_wconf 90' lang='lat' dir='ltr'><strong>illius</strong></span> <span class='ocrx_word' id='word_1_528' title='bbox 3176 2606 3230 2660; x_wconf 95' lang='lat' dir='ltr'><strong>in</strong></span> <span class='ocrx_word' id='word_1_529' title='bbox 3271 2622 3373 2663; x_wconf 88' lang='lat' dir='ltr'><strong>nos</strong></span> 
     </span>
    </p>
   </div>
   <div class='ocr_carea' id='block_1_71' title="bbox 1800 2696 3375 2771">
    <p class='ocr_par' dir='ltr' id='par_1_71' title="bbox 1800 2696 3375 2771">
     <span class='ocr_line' id='line_1_72' title="bbox 1800 2696 3375 2771; baseline 0.003 -21"><span class='ocrx_word' id='word_1_530' title='bbox 1800 2696 2115 2763; x_wconf 88' lang='lat' dir='ltr'><strong>adventum,</strong></span> <span class='ocrx_word' id='word_1_531' title='bbox 2162 2697 2402 2767; x_wconf 86' lang='lat' dir='ltr'><strong>idipsum</strong></span> <span class='ocrx_word' id='word_1_532' title='bbox 2439 2700 2492 2754; x_wconf 94' lang='lat' dir='ltr'><strong>in</strong></span> <span class='ocrx_word' id='word_1_533' title='bbox 2530 2698 2764 2754; x_wconf 89' lang='lat' dir='ltr'><strong>Psalmis</strong></span> <span class='ocrx_word' id='word_1_534' title='bbox 2791 2701 3056 2768; x_wconf 86' lang='lat' dir='ltr'><strong>insonuit,</strong></span> <span class='ocrx_word' id='word_1_535' title='bbox 3102 2709 3375 2771; x_wconf 89' lang='lat' dir='ltr'><strong>utquem-</strong></span> 
     </span>
    </p>
   </div>
   <div class='ocr_carea' id='block_1_72' title="bbox 1801 2788 3371 2860">
    <p class='ocr_par' dir='ltr' id='par_1_72' title="bbox 1801 2788 3371 2860">
     <span class='ocr_line' id='line_1_73' title="bbox 1801 2788 3371 2860; baseline 0.002 -17"><span class='ocrx_word' id='word_1_536' title='bbox 1801 2788 2093 2844; x_wconf 86' lang='lat' dir='ltr'><strong>admodum</strong></span> <span class='ocrx_word' id='word_1_537' title='bbox 2127 2788 2180 2842; x_wconf 85' lang='lat' dir='ltr'><strong>in</strong></span> <span class='ocrx_word' id='word_1_538' title='bbox 2216 2790 2512 2860; x_wconf 91' lang='lat' dir='ltr'><strong>semetipso</strong></span> <span class='ocrx_word' id='word_1_539' title='bbox 2562 2800 2840 2846; x_wconf 89' lang='lat' dir='ltr'><strong>terrenum</strong></span> <span class='ocrx_word' id='word_1_540' title='bbox 2882 2801 2934 2846; x_wconf 93' lang='lat' dir='ltr'><strong>et</strong></span> <span class='ocrx_word' id='word_1_541' title='bbox 2963 2793 3237 2848; x_wconf 76' lang='lat' dir='ltr'><strong>caelestem</strong></span> <span class='ocrx_word' id='word_1_542' title='bbox 3269 2792 3371 2846; x_wconf 80' lang='lat' dir='ltr'><strong>ho-</strong></span> 
     </span>
    </p>
   </div>
   <div class='ocr_carea' id='block_1_73' title="bbox 1801 2882 3374 2948">
    <p class='ocr_par' dir='ltr' id='par_1_73' title="bbox 1801 2882 3374 2948">
     <span class='ocr_line' id='line_1_74' title="bbox 1801 2882 3374 2948; baseline 0.002 -12"><span class='ocrx_word' id='word_1_543' title='bbox 1801 2882 2003 2936; x_wconf 86' lang='lat' dir='ltr'><strong>minem</strong></span> <span class='ocrx_word' id='word_1_544' title='bbox 2044 2882 2312 2948; x_wconf 82' lang='lat' dir='ltr'><strong>exhibuit,</strong></span> <span class='ocrx_word' id='word_1_545' title='bbox 2349 2885 2429 2938; x_wconf 91' lang='lat' dir='ltr'><strong>sic</strong></span> <span class='ocrx_word' id='word_1_546' title='bbox 2451 2899 2518 2940; x_wconf 82' lang='lat' dir='ltr'><strong>ex</strong></span> <span class='ocrx_word' id='word_1_547' title='bbox 2556 2883 2787 2940; x_wconf 85' lang='lat' dir='ltr'><strong>Psalmis</strong></span> <span class='ocrx_word' id='word_1_548' title='bbox 2817 2893 3000 2939; x_wconf 92' lang='lat' dir='ltr'><strong>motus</strong></span> <span class='ocrx_word' id='word_1_549' title='bbox 3033 2883 3374 2940; x_wconf 80' lang='lat' dir='ltr'><strong>affectiones-</strong></span> 
     </span>
    </p>
   </div>
   <div class='ocr_carea' id='block_1_74' title="bbox 1801 2977 3373 3049">
    <p class='ocr_par' dir='ltr' id='par_1_74' title="bbox 1801 2977 3373 3049">
     <span class='ocr_line' id='line_1_75' title="bbox 1801 2977 3373 3049; baseline 0.001 -20"><span class='ocrx_word' id='word_1_550' title='bbox 1801 2990 1908 3045; x_wconf 92' lang='lat' dir='ltr'><strong>que</strong></span> <span class='ocrx_word' id='word_1_551' title='bbox 1937 2977 2248 3032; x_wconf 84' lang='lat' dir='ltr'><strong>animorum</strong></span> <span class='ocrx_word' id='word_1_552' title='bbox 2279 2978 2372 3044; x_wconf 85' lang='lat' dir='ltr'><strong>qui</strong></span> <span class='ocrx_word' id='word_1_553' title='bbox 2400 2978 2635 3033; x_wconf 89' lang='lat' dir='ltr'><strong>voluerit</strong></span> <span class='ocrx_word' id='word_1_554' title='bbox 2664 2979 2970 3049; x_wconf 84' lang='lat' dir='ltr'><strong>perdiscere</strong></span> <span class='ocrx_word' id='word_1_555' title='bbox 2999 2979 3213 3044; x_wconf 88' lang='lat' dir='ltr'><strong>valeat,</strong></span> <span class='ocrx_word' id='word_1_556' title='bbox 3248 2991 3373 3033; x_wconf 86' lang='lat' dir='ltr'><strong>eum</strong></span> 
     </span>
    </p>
   </div>
   <div class='ocr_carea' id='block_1_75' title="bbox 1805 3065 3378 3138">
    <p class='ocr_par' dir='ltr' id='par_1_75' title="bbox 1805 3065 3378 3138">
     <span class='ocr_line' id='line_1_76' title="bbox 1805 3065 3378 3138; baseline 0.002 -18"><span class='ocrx_word' id='word_1_557' title='bbox 1805 3065 1856 3120; x_wconf 92' lang='lat' dir='ltr'><strong>in</strong></span> <span class='ocrx_word' id='word_1_558' title='bbox 1884 3065 2015 3135; x_wconf 91' lang='lat' dir='ltr'><strong>ipsis</strong></span> <span class='ocrx_word' id='word_1_559' title='bbox 2046 3067 2316 3138; x_wconf 89' lang='lat' dir='ltr'><strong>cujusque</strong></span> <span class='ocrx_word' id='word_1_560' title='bbox 2340 3078 2523 3124; x_wconf 92' lang='lat' dir='ltr'><strong>motus</strong></span> <span class='ocrx_word' id='word_1_561' title='bbox 2545 3071 2889 3124; x_wconf 89' lang='lat' dir='ltr'><strong>curationem</strong></span> <span class='ocrx_word' id='word_1_562' title='bbox 2917 3070 3378 3125; x_wconf 87' lang='lat' dir='ltr'><strong>emendationem-</strong></span> 
     </span>
    </p>
   </div>
   <div class='ocr_carea' id='block_1_76' title="bbox 1802 3156 2200 3225">
    <p class='ocr_par' dir='ltr' id='par_1_76' title="bbox 1802 3156 2200 3225">
     <span class='ocr_line' id='line_1_77' title="bbox 1802 3156 2200 3225; baseline 0.003 -16"><span class='ocrx_word' id='word_1_563' title='bbox 1802 3170 1908 3225; x_wconf 86' lang='lat' dir='ltr'><strong>que</strong></span> <span class='ocrx_word' id='word_1_564' title='bbox 1941 3156 2200 3210; x_wconf 86' lang='lat' dir='ltr'><strong>inveniat.</strong></span> 
     </span>
    </p>
   </div>
   <div class='ocr_carea' id='block_1_77' title="bbox 1872 3250 3380 3324">
    <p class='ocr_par' dir='ltr' id='par_1_77' title="bbox 1872 3250 3380 3324">
     <span class='ocr_line' id='line_1_78' title="bbox 1872 3250 3380 3324; baseline 0.003 -20"><span class='ocrx_word' id='word_1_565' title='bbox 1872 3250 1959 3305; x_wconf 71' lang='lat'><strong>”.</strong></span> <span class='ocrx_word' id='word_1_566' title='bbox 2011 3251 2218 3318; x_wconf 84' lang='lat' dir='ltr'><strong>Quodsi</strong></span> <span class='ocrx_word' id='word_1_567' title='bbox 2271 3251 2476 3322; x_wconf 87' lang='lat' dir='ltr'><strong>aliquid</strong></span> <span class='ocrx_word' id='word_1_568' title='bbox 2538 3251 2607 3307; x_wconf 89' lang='lat' dir='ltr'><strong>ad</strong></span> <span class='ocrx_word' id='word_1_569' title='bbox 2679 3252 3115 3324; x_wconf 86' lang='lat' dir='ltr'><strong>persuadendum</strong></span> <span class='ocrx_word' id='word_1_570' title='bbox 3194 3252 3380 3323; x_wconf 78' lang='lat' dir='ltr'><strong>aptius</strong></span> 
     </span>
    </p>
   </div>
   <div class='ocr_carea' id='block_1_78' title="bbox 1795 3339 3377 3416">
    <p class='ocr_par' dir='ltr' id='par_1_78' title="bbox 1795 3339 3377 3416">
     <span class='ocr_line' id='line_1_79' title="bbox 1795 3339 3377 3416; baseline 0.002 -23"><span class='ocrx_word' id='word_1_571' title='bbox 1795 3339 1951 3416; x_wconf 85' lang='lat' dir='ltr'><strong>loqui</strong></span> <span class='ocrx_word' id='word_1_572' title='bbox 1983 3343 2308 3412; x_wconf 91' lang='lat' dir='ltr'><strong>oportuerit,</strong></span> <span class='ocrx_word' id='word_1_573' title='bbox 2372 3343 2555 3398; x_wconf 91' lang='lat' dir='ltr'><strong>omnis</strong></span> <span class='ocrx_word' id='word_1_574' title='bbox 2601 3343 2822 3414; x_wconf 78' lang='lat' dir='ltr'><strong>quidem</strong></span> <span class='ocrx_word' id='word_1_575' title='bbox 2887 3343 3171 3413; x_wconf 84' lang='lat' dir='ltr'><strong>Scriptura</strong></span> <span class='ocrx_word' id='word_1_576' title='bbox 3220 3357 3377 3398; x_wconf 83' lang='lat' dir='ltr'><strong>sacra</strong></span> 
     </span>
    </p>
   </div>
   <div class='ocr_carea' id='block_1_79' title="bbox 1802 3433 3377 3505">
    <p class='ocr_par' dir='ltr' id='par_1_79' title="bbox 1802 3433 3377 3505">
     <span class='ocr_line' id='line_1_80' title="bbox 1802 3433 3377 3505; baseline 0.001 -18"><span class='ocrx_word' id='word_1_577' title='bbox 1802 3434 2021 3489; x_wconf 88' lang='lat' dir='ltr'><strong>virtutis</strong></span> <span class='ocrx_word' id='word_1_578' title='bbox 2075 3442 2160 3489; x_wconf 87' lang='lat' dir='ltr'><strong>est</strong></span> <span class='ocrx_word' id='word_1_579' title='bbox 2209 3449 2460 3504; x_wconf 69' lang='lat' dir='ltr'><strong>veraeque</strong></span> <span class='ocrx_word' id='word_1_580' title='bbox 2513 3433 2636 3488; x_wconf 86' lang='lat' dir='ltr'><strong>fidei</strong></span> <span class='ocrx_word' id='word_1_581' title='bbox 2685 3436 2979 3505; x_wconf 84' lang='lat' dir='ltr'><strong>magistra;</strong></span> <span class='ocrx_word' id='word_1_582' title='bbox 3013 3435 3150 3488; x_wconf 89' lang='lat' dir='ltr'><strong>liber</strong></span> <span class='ocrx_word' id='word_1_583' title='bbox 3196 3443 3377 3488; x_wconf 87' lang='lat' dir='ltr'><strong>autem</strong></span> 
     </span>
    </p>
   </div>
   <div class='ocr_carea' id='block_1_80' title="bbox 1804 3525 3380 3596">
    <p class='ocr_par' dir='ltr' id='par_1_80' title="bbox 1804 3525 3380 3596">
     <span class='ocr_line' id='line_1_81' title="bbox 1804 3525 3380 3596; baseline -0.001 -15"><span class='ocrx_word' id='word_1_584' title='bbox 1804 3525 2149 3582; x_wconf 80' lang='lat' dir='ltr'><strong>Psalmorum</strong></span> <span class='ocrx_word' id='word_1_585' title='bbox 2175 3525 2394 3596; x_wconf 67' lang='lat' dir='ltr'><strong>praefert</strong></span> <span class='ocrx_word' id='word_1_586' title='bbox 2425 3525 2721 3596; x_wconf 86' lang='lat' dir='ltr'><strong>quamdam</strong></span> <span class='ocrx_word' id='word_1_587' title='bbox 2755 3525 3048 3596; x_wconf 77' lang='lat' dir='ltr'><strong>imaginem</strong></span> <span class='ocrx_word' id='word_1_588' title='bbox 3078 3525 3380 3581; x_wconf 88' lang='lat' dir='ltr'><strong>institutio-</strong></span> 
     </span>
    </p>
   </div>
   <div class='ocr_carea' id='block_1_81' title="bbox 1806 3616 3378 3686">
    <p class='ocr_par' dir='ltr' id='par_1_81' title="bbox 1806 3616 3378 3686">
     <span class='ocr_line' id='line_1_82' title="bbox 1806 3616 3378 3686; baseline -0.001 -14"><span class='ocrx_word' id='word_1_589' title='bbox 1806 3619 1892 3673; x_wconf 90' lang='lat' dir='ltr'><strong>nis</strong></span> <span class='ocrx_word' id='word_1_590' title='bbox 1930 3618 2054 3673; x_wconf 80' lang='lat' dir='ltr'><strong>vita:</strong></span> <span class='ocrx_word' id='word_1_591' title='bbox 2080 3618 2388 3673; x_wconf 89' lang='lat' dir='ltr'><strong>animarum</strong></span> <span class='ocrx_word' id='word_1_592' title='bbox 2446 3617 2921 3684; x_wconf 83' lang='lat' dir='ltr'><strong>Quemadmodum</strong></span> <span class='ocrx_word' id='word_1_593' title='bbox 2948 3618 3118 3680; x_wconf 90' lang='lat' dir='ltr'><strong>enim,</strong></span> <span class='ocrx_word' id='word_1_594' title='bbox 3167 3616 3258 3686; x_wconf 89' lang='lat' dir='ltr'><strong>qui</strong></span> <span class='ocrx_word' id='word_1_595' title='bbox 3289 3632 3378 3671; x_wconf 79' lang='lat' dir='ltr'><strong>re-</strong></span> 
     </span>
    </p>
   </div>
   <div class='ocr_carea' id='block_1_82' title="bbox 1805 3707 3381 3778">
    <p class='ocr_par' dir='ltr' id='par_1_82' title="bbox 1805 3707 3381 3778">
     <span class='ocr_line' id='line_1_83' title="bbox 1805 3707 3381 3778; baseline -0.002 -15"><span class='ocrx_word' id='word_1_596' title='bbox 1805 3723 1924 3778; x_wconf 91' lang='lat' dir='ltr'><strong>gem</strong></span> <span class='ocrx_word' id='word_1_597' title='bbox 1953 3708 2086 3773; x_wconf 90' lang='lat' dir='ltr'><strong>adit,</strong></span> <span class='ocrx_word' id='word_1_598' title='bbox 2112 3708 2359 3763; x_wconf 90' lang='lat' dir='ltr'><strong>habitum</strong></span> <span class='ocrx_word' id='word_1_599' title='bbox 2389 3708 2664 3778; x_wconf 85' lang='lat' dir='ltr'><strong>verbaque</strong></span> <span class='ocrx_word' id='word_1_600' title='bbox 2697 3724 2796 3763; x_wconf 91' lang='lat' dir='ltr'><strong>sua</strong></span> <span class='ocrx_word' id='word_1_601' title='bbox 2823 3707 3104 3777; x_wconf 92' lang='lat' dir='ltr'><strong>componit</strong></span> <span class='ocrx_word' id='word_1_602' title='bbox 3133 3714 3188 3762; x_wconf 87' lang='lat' dir='ltr'><strong>et</strong></span> <span class='ocrx_word' id='word_1_603' title='bbox 3217 3708 3381 3762; x_wconf 85' lang='lat' dir='ltr'><strong>ador-</strong></span> 
     </span>
    </p>
   </div>
   <div class='ocr_carea' id='block_1_83' title="bbox 1804 3797 3381 3868">
    <p class='ocr_par' dir='ltr' id='par_1_83' title="bbox 1804 3797 3381 3868">
     <span class='ocr_line' id='line_1_84' title="bbox 1804 3797 3381 3868; baseline -0.002 -13"><span class='ocrx_word' id='word_1_604' title='bbox 1804 3809 1919 3863; x_wconf 90' lang='lat' dir='ltr'><strong>nat,</strong></span> <span class='ocrx_word' id='word_1_605' title='bbox 1958 3815 2027 3854; x_wconf 88' lang='lat' dir='ltr'><strong>ne</strong></span> <span class='ocrx_word' id='word_1_606' title='bbox 2061 3800 2247 3854; x_wconf 86' lang='lat' dir='ltr'><strong>statim</strong></span> <span class='ocrx_word' id='word_1_607' title='bbox 2304 3809 2468 3868; x_wconf 90' lang='lat' dir='ltr'><strong>atque</strong></span> <span class='ocrx_word' id='word_1_608' title='bbox 2522 3799 2784 3868; x_wconf 87' lang='lat' dir='ltr'><strong>loquendi</strong></span> <span class='ocrx_word' id='word_1_609' title='bbox 2838 3798 3052 3851; x_wconf 88' lang='lat' dir='ltr'><strong>initium</strong></span> <span class='ocrx_word' id='word_1_610' title='bbox 3098 3797 3283 3864; x_wconf 79' lang='lat' dir='ltr'><strong>faciet,</strong></span> <span class='ocrx_word' id='word_1_611' title='bbox 3319 3805 3381 3852; x_wconf 84' lang='lat' dir='ltr'><strong>ut</strong></span> 
     </span>
    </p>
   </div>
   <div class='ocr_carea' id='block_1_84' title="bbox 1806 3889 3379 3960">
    <p class='ocr_par' dir='ltr' id='par_1_84' title="bbox 1806 3889 3379 3960">
     <span class='ocr_line' id='line_1_85' title="bbox 1806 3889 3379 3960; baseline -0.002 -13"><span class='ocrx_word' id='word_1_612' title='bbox 1806 3893 1959 3948; x_wconf 88' lang='lat' dir='ltr'><strong>rudis</strong></span> <span class='ocrx_word' id='word_1_613' title='bbox 1996 3900 2052 3946; x_wconf 90' lang='lat' dir='ltr'><strong>et</strong></span> <span class='ocrx_word' id='word_1_614' title='bbox 2101 3890 2388 3960; x_wconf 90' lang='lat' dir='ltr'><strong>imperitus</strong></span> <span class='ocrx_word' id='word_1_615' title='bbox 2417 3889 2707 3960; x_wconf 85' lang='lat' dir='ltr'><strong>ejiciatur:</strong></span> <span class='ocrx_word' id='word_1_616' title='bbox 2746 3890 2820 3944; x_wconf 85' lang='lat' dir='ltr'><strong>ita</strong></span> <span class='ocrx_word' id='word_1_617' title='bbox 2871 3890 3090 3945; x_wconf 87' lang='lat' dir='ltr'><strong>divinus</strong></span> <span class='ocrx_word' id='word_1_618' title='bbox 3118 3889 3208 3945; x_wconf 90' lang='lat' dir='ltr'><strong>hic</strong></span> <span class='ocrx_word' id='word_1_619' title='bbox 3239 3889 3379 3944; x_wconf 87' lang='lat' dir='ltr'><strong>liber</strong></span> 
     </span>
    </p>
   </div>
   <div class='ocr_carea' id='block_1_85' title="bbox 1803 3979 3380 4054">
    <p class='ocr_par' dir='ltr' id='par_1_85' title="bbox 1803 3979 3380 4054">
     <span class='ocr_line' id='line_1_86' title="bbox 1803 3979 3380 4054; baseline -0.003 -13"><span class='ocrx_word' id='word_1_620' title='bbox 1803 3999 1927 4041; x_wconf 91' lang='lat' dir='ltr'><strong>eum</strong></span> <span class='ocrx_word' id='word_1_621' title='bbox 1959 3983 2048 4054; x_wconf 90' lang='lat' dir='ltr'><strong>qui</strong></span> <span class='ocrx_word' id='word_1_622' title='bbox 2084 3983 2150 4038; x_wconf 86' lang='lat' dir='ltr'><strong>ad</strong></span> <span class='ocrx_word' id='word_1_623' title='bbox 2174 3983 2426 4038; x_wconf 90' lang='lat' dir='ltr'><strong>virtutem</strong></span> <span class='ocrx_word' id='word_1_624' title='bbox 2457 3992 2710 4054; x_wconf 86' lang='lat' dir='ltr'><strong>properat</strong></span> <span class='ocrx_word' id='word_1_625' title='bbox 2741 3991 2794 4037; x_wconf 88' lang='lat' dir='ltr'><strong>et</strong></span> <span class='ocrx_word' id='word_1_626' title='bbox 2845 3979 3145 4037; x_wconf 83' lang='lat' dir='ltr'><strong>Salvatoris</strong></span> <span class='ocrx_word' id='word_1_627' title='bbox 3167 3981 3223 4036; x_wconf 89' lang='lat' dir='ltr'><strong>in</strong></span> <span class='ocrx_word' id='word_1_628' title='bbox 3258 3995 3380 4038; x_wconf 79' lang='lat' dir='ltr'><strong>cor-</strong></span> 
     </span>
    </p>
   </div>
   <div class='ocr_carea' id='block_1_86' title="bbox 1806 4073 3375 4147">
    <p class='ocr_par' dir='ltr' id='par_1_86' title="bbox 1806 4073 3375 4147">
     <span class='ocr_line' id='line_1_87' title="bbox 1806 4073 3375 4147; baseline -0.001 -17"><span class='ocrx_word' id='word_1_629' title='bbox 1806 4091 1937 4147; x_wconf 89' lang='lat' dir='ltr'><strong>pore</strong></span> <span class='ocrx_word' id='word_1_630' title='bbox 1961 4076 2085 4130; x_wconf 78' lang='lat' dir='ltr'><strong>vita:</strong></span> <span class='ocrx_word' id='word_1_631' title='bbox 2108 4074 2420 4135; x_wconf 87' lang='lat' dir='ltr'><strong>institutum</strong></span> <span class='ocrx_word' id='word_1_632' title='bbox 2449 4091 2610 4129; x_wconf 89' lang='lat' dir='ltr'><strong>nosse</strong></span> <span class='ocrx_word' id='word_1_633' title='bbox 2636 4075 2805 4144; x_wconf 90' lang='lat' dir='ltr'><strong>cupit,</strong></span> <span class='ocrx_word' id='word_1_634' title='bbox 2838 4074 3075 4144; x_wconf 89' lang='lat' dir='ltr'><strong>primum</strong></span> <span class='ocrx_word' id='word_1_635' title='bbox 3109 4089 3206 4143; x_wconf 88' lang='lat' dir='ltr'><strong>per</strong></span> <span class='ocrx_word' id='word_1_636' title='bbox 3232 4073 3375 4129; x_wconf 80' lang='lat' dir='ltr'><strong>hanc</strong></span> 
     </span>
    </p>
   </div>
   <div class='ocr_carea' id='block_1_87' title="bbox 1806 4163 3378 4233">
    <p class='ocr_par' dir='ltr' id='par_1_87' title="bbox 1806 4163 3378 4233">
     <span class='ocr_line' id='line_1_88' title="bbox 1806 4163 3378 4233; baseline -0.002 -13"><span class='ocrx_word' id='word_1_637' title='bbox 1806 4165 2094 4222; x_wconf 81' lang='lat' dir='ltr'><strong>leCtionem</strong></span> <span class='ocrx_word' id='word_1_638' title='bbox 2131 4164 2388 4218; x_wconf 91' lang='lat' dir='ltr'><strong>admonet</strong></span> <span class='ocrx_word' id='word_1_639' title='bbox 2440 4165 2508 4218; x_wconf 88' lang='lat' dir='ltr'><strong>de</strong></span> <span class='ocrx_word' id='word_1_640' title='bbox 2561 4164 2800 4217; x_wconf 91' lang='lat' dir='ltr'><strong>motibus</strong></span> <span class='ocrx_word' id='word_1_641' title='bbox 2848 4163 3056 4228; x_wconf 88' lang='lat' dir='ltr'><strong>animi,</strong></span> <span class='ocrx_word' id='word_1_642' title='bbox 3109 4171 3270 4233; x_wconf 90' lang='lat' dir='ltr'><strong>atque</strong></span> <span class='ocrx_word' id='word_1_643' title='bbox 3303 4163 3378 4217; x_wconf 81' lang='lat' dir='ltr'><strong>ita</strong></span> 
     </span>
    </p>
   </div>
   <div class='ocr_carea' id='block_1_88' title="bbox 1806 4251 3380 4326">
    <p class='ocr_par' dir='ltr' id='par_1_88' title="bbox 1806 4251 3380 4326">
     <span class='ocr_line' id='line_1_89' title="bbox 1806 4251 3380 4326; baseline -0.003 -13"><span class='ocrx_word' id='word_1_644' title='bbox 1806 4257 2065 4326; x_wconf 89' lang='lat' dir='ltr'><strong>deinceps</strong></span> <span class='ocrx_word' id='word_1_645' title='bbox 2105 4252 2370 4308; x_wconf 90' lang='lat' dir='ltr'><strong>informat</strong></span> <span class='ocrx_word' id='word_1_646' title='bbox 2400 4253 2670 4324; x_wconf 88' lang='lat' dir='ltr'><strong>docetque</strong></span> <span class='ocrx_word' id='word_1_647' title='bbox 2729 4253 2990 4324; x_wconf 80' lang='lat' dir='ltr'><strong>legentes.</strong></span> <span class='ocrx_word' id='word_1_648' title='bbox 3019 4251 3161 4308; x_wconf 90' lang='lat' dir='ltr'><strong>Sunt</strong></span> <span class='ocrx_word' id='word_1_649' title='bbox 3213 4253 3380 4324; x_wconf 89' lang='lat' dir='ltr'><strong>igitur</strong></span> 
     </span>
    </p>
   </div>
   <div class='ocr_carea' id='block_1_89' title="bbox 1805 4343 3378 4418">
    <p class='ocr_par' dir='ltr' id='par_1_89' title="bbox 1805 4343 3378 4418">
     <span class='ocr_line' id='line_1_90' title="bbox 1805 4343 3378 4418; baseline -0.003 -16"><span class='ocrx_word' id='word_1_650' title='bbox 1805 4349 1890 4416; x_wconf 87' lang='lat' dir='ltr'><strong>(ut</strong></span> <span class='ocrx_word' id='word_1_651' title='bbox 1943 4348 2050 4402; x_wconf 91' lang='lat' dir='ltr'><strong>hoc</strong></span> <span class='ocrx_word' id='word_1_652' title='bbox 2079 4349 2320 4418; x_wconf 90' lang='lat' dir='ltr'><strong>primum</strong></span> <span class='ocrx_word' id='word_1_653' title='bbox 2351 4346 2404 4399; x_wconf 92' lang='lat' dir='ltr'><strong>in</strong></span> <span class='ocrx_word' id='word_1_654' title='bbox 2434 4345 2540 4400; x_wconf 91' lang='lat' dir='ltr'><strong>isto</strong></span> <span class='ocrx_word' id='word_1_655' title='bbox 2593 4345 2735 4401; x_wconf 92' lang='lat' dir='ltr'><strong>libro</strong></span> <span class='ocrx_word' id='word_1_656' title='bbox 2781 4346 3122 4416; x_wconf 81' lang='lat' dir='ltr'><strong>observetur)</strong></span> <span class='ocrx_word' id='word_1_657' title='bbox 3150 4343 3378 4413; x_wconf 86' lang='lat' dir='ltr'><strong>Psalmi,</strong></span> 
     </span>
    </p>
   </div>
   <div class='ocr_carea' id='block_1_90' title="bbox 1806 4434 3380 4507">
    <p class='ocr_par' dir='ltr' id='par_1_90' title="bbox 1806 4434 3380 4507">
     <span class='ocr_line' id='line_1_91' title="bbox 1806 4434 3380 4507; baseline -0.003 -12"><span class='ocrx_word' id='word_1_658' title='bbox 1806 4441 1896 4495; x_wconf 90' lang='lat' dir='ltr'><strong>alii</strong></span> <span class='ocrx_word' id='word_1_659' title='bbox 1931 4440 2032 4496; x_wconf 83' lang='lat' dir='ltr'><strong>sub</strong></span> <span class='ocrx_word' id='word_1_660' title='bbox 2074 4440 2247 4494; x_wconf 90' lang='lat' dir='ltr'><strong>forma</strong></span> <span class='ocrx_word' id='word_1_661' title='bbox 2290 4438 2640 4505; x_wconf 86' lang='lat' dir='ltr'><strong>narrationis,</strong></span> <span class='ocrx_word' id='word_1_662' title='bbox 2674 4439 2764 4493; x_wconf 90' lang='lat' dir='ltr'><strong>alii</strong></span> <span class='ocrx_word' id='word_1_663' title='bbox 2803 4437 3121 4507; x_wconf 61' lang='lat' dir='ltr'><strong>prophetia,</strong></span> <span class='ocrx_word' id='word_1_664' title='bbox 3153 4437 3244 4491; x_wconf 87' lang='lat' dir='ltr'><strong>alii</strong></span> <span class='ocrx_word' id='word_1_665' title='bbox 3280 4434 3380 4492; x_wconf 83' lang='lat' dir='ltr'><strong>ad-</strong></span> 
     </span>
    </p>
   </div>
   <div class='ocr_carea' id='block_1_91' title="bbox 147 4530 1697 4620">
    <p class='ocr_par' dir='ltr' id='par_1_91' title="bbox 147 4534 1697 4610">
     <span class='ocr_line' id='line_1_92' title="bbox 147 4534 1697 4610; baseline 0.001 -23"><span class='ocrx_word' id='word_1_666' title='bbox 147 4536 191 4588; x_wconf 71' lang='lat'><strong>6&#39;:</strong></span> <span class='ocrx_word' id='word_1_667' title='bbox 220 4540 270 4589; x_wconf 83' lang='grc' dir='ltr'>ἐν</span> <span class='ocrx_word' id='word_1_668' title='bbox 316 4537 660 4610; x_wconf 70' lang='grc' dir='ltr'>προφητεία,</span> <span class='ocrx_word' id='word_1_669' title='bbox 711 4535 760 4588; x_wconf 79' lang='grc' dir='ltr'>οἱ</span> <span class='ocrx_word' id='word_1_670' title='bbox 799 4536 856 4588; x_wconf 84' lang='grc' dir='ltr'>δὲ</span> <span class='ocrx_word' id='word_1_671' title='bbox 904 4534 980 4599; x_wconf 83' lang='grc' dir='ltr'>ὡς</span> <span class='ocrx_word' id='word_1_672' title='bbox 1022 4537 1079 4588; x_wconf 83' lang='grc' dir='ltr'>ἐν</span> <span class='ocrx_word' id='word_1_673' title='bbox 1124 4536 1280 4607; x_wconf 79' lang='grc' dir='ltr'>εὐχῇ,</span> <span class='ocrx_word' id='word_1_674' title='bbox 1348 4537 1396 4589; x_wconf 80' lang='lat' dir='ltr'><strong>0i</strong></span> <span class='ocrx_word' id='word_1_675' title='bbox 1437 4535 1492 4588; x_wconf 83' lang='grc' dir='ltr'>δὲ</span> <span class='ocrx_word' id='word_1_676' title='bbox 1522 4535 1697 4602; x_wconf 77' lang='grc' dir='ltr'><strong>ἐν’ὲξ-</strong></span> 
     </span>
    </p>
   </div>
   <div class='ocr_carea' id='block_1_92' title="bbox 1800 4530 3213 4620">
    <p class='ocr_par' dir='ltr' id='par_1_92' title="bbox 1812 4530 3213 4603">
     <span class='ocr_line' id='line_1_93' title="bbox 1812 4530 3213 4603; baseline -0.001 -15"><span class='ocrx_word' id='word_1_677' title='bbox 1812 4534 2154 4596; x_wconf 83' lang='lat' dir='ltr'><strong>monitionis,</strong></span> <span class='ocrx_word' id='word_1_678' title='bbox 2194 4532 2284 4587; x_wconf 90' lang='lat' dir='ltr'><strong>alii</strong></span> <span class='ocrx_word' id='word_1_679' title='bbox 2322 4532 2673 4603; x_wconf 86' lang='lat' dir='ltr'><strong>precationis,</strong></span> <span class='ocrx_word' id='word_1_680' title='bbox 2711 4531 2802 4588; x_wconf 89' lang='lat' dir='ltr'><strong>alii</strong></span> <span class='ocrx_word' id='word_1_681' title='bbox 2829 4530 3213 4586; x_wconf 84' lang='lat' dir='ltr'><strong>confessionis.</strong></span> 
     </span>
    </p>
   </div>
   <div class='ocr_carea' id='block_1_93' title="bbox 149 4627 462 4699">
    <p class='ocr_par' dir='ltr' id='par_1_93' title="bbox 149 4627 462 4699">
     <span class='ocr_line' id='line_1_94' title="bbox 149 4627 462 4699; baseline 0.019 -24"><span class='ocrx_word' id='word_1_682' title='bbox 149 4627 462 4699; x_wconf 74' lang='grc' dir='ltr'>ομολογήσει.</span> 
     </span>
    </p>
   </div>
   <div class='ocr_carea' id='block_1_94' title="bbox 208 4716 1703 4790">
    <p class='ocr_par' dir='ltr' id='par_1_94' title="bbox 208 4716 1703 4790">
     <span class='ocr_line' id='line_1_95' title="bbox 208 4716 1703 4790; baseline 0 -19"><span class='ocrx_word' id='word_1_683' title='bbox 208 4720 304 4772; x_wconf 69' lang='grc' dir='ltr'><strong>Καὶ</strong></span> <span class='ocrx_word' id='word_1_684' title='bbox 327 4720 428 4772; x_wconf 67' lang='grc' dir='ltr'>εἰσὶ</span> <span class='ocrx_word' id='word_1_685' title='bbox 462 4720 566 4790; x_wconf 80' lang='grc' dir='ltr'>μὲν</span> <span class='ocrx_word' id='word_1_686' title='bbox 592 4720 642 4772; x_wconf 90' lang='grc' dir='ltr'>οἱ</span> <span class='ocrx_word' id='word_1_687' title='bbox 664 4718 722 4771; x_wconf 85' lang='lat' dir='ltr'><strong>tv</strong></span> <span class='ocrx_word' id='word_1_688' title='bbox 749 4717 1044 4789; x_wconf 77' lang='grc' dir='ltr'>διηγήματι</span> <span class='ocrx_word' id='word_1_689' title='bbox 1077 4724 1166 4789; x_wconf 73' lang='grc' dir='ltr'>ιη’,</span> <span class='ocrx_word' id='word_1_690' title='bbox 1193 4725 1302 4788; x_wconf 87' lang='grc' dir='ltr'>μγ’,</span> <span class='ocrx_word' id='word_1_691' title='bbox 1338 4724 1450 4790; x_wconf 63' lang='lat' dir='ltr'><strong>pr&quot;,</strong></span> <span class='ocrx_word' id='word_1_692' title='bbox 1472 4716 1575 4788; x_wconf 86' lang='grc' dir='ltr'>μθ¹,</span> <span class='ocrx_word' id='word_1_693' title='bbox 1607 4717 1703 4788; x_wconf 87' lang='grc' dir='ltr'>οβ’,</span> 
     </span>
    </p>
   </div>
   <div class='ocr_carea' id='block_1_95' title="bbox 151 4810 1145 4884">
    <p class='ocr_par' dir='ltr' id='par_1_95' title="bbox 151 4810 1145 4884">
     <span class='ocr_line' id='line_1_96' title="bbox 151 4810 1145 4884; baseline 0.003 -23"><span class='ocrx_word' id='word_1_694' title='bbox 151 4811 234 4875; x_wconf 67' lang='grc' dir='ltr'>οῖ’,</span> <span class='ocrx_word' id='word_1_695' title='bbox 256 4810 344 4876; x_wconf 71' lang='grc' dir='ltr'>οζν,</span> <span class='ocrx_word' id='word_1_696' title='bbox 377 4819 492 4884; x_wconf 67' lang='grc' dir='ltr'>σπη’,</span> <span class='ocrx_word' id='word_1_697' title='bbox 527 4819 641 4884; x_wconf 75' lang='grc' dir='ltr'>ρς’,</span> <span class='ocrx_word' id='word_1_698' title='bbox 675 4817 795 4883; x_wconf 63' lang='grc' dir='ltr'>ριγ,</span> <span class='ocrx_word' id='word_1_699' title='bbox 827 4818 972 4883; x_wconf 79' lang='grc' dir='ltr'>ρκς’,</span> <span class='ocrx_word' id='word_1_700' title='bbox 1005 4810 1145 4883; x_wconf 80' lang='grc' dir='ltr'>ρλς’.</span> 
     </span>
    </p>
   </div>
   <div class='ocr_carea' id='block_1_96' title="bbox 207 4901 1564 4975">
    <p class='ocr_par' dir='ltr' id='par_1_96' title="bbox 207 4901 1564 4975">
     <span class='ocr_line' id='line_1_97' title="bbox 207 4901 1564 4975; baseline 0.002 -20"><span class='ocrx_word' id='word_1_701' title='bbox 207 4903 262 4955; x_wconf 78' lang='grc' dir='ltr'><strong>οι</strong></span> <span class='ocrx_word' id='word_1_702' title='bbox 285 4905 336 4958; x_wconf 76' lang='grc' dir='ltr'>δὲ</span> <span class='ocrx_word' id='word_1_703' title='bbox 369 4904 445 4968; x_wconf 81' lang='grc' dir='ltr'><strong>ὡς</strong></span> <span class='ocrx_word' id='word_1_704' title='bbox 474 4907 532 4957; x_wconf 79' lang='grc' dir='ltr'>ἐν</span> <span class='ocrx_word' id='word_1_705' title='bbox 561 4904 721 4974; x_wconf 77' lang='grc' dir='ltr'>εὐχῇ,</span> <span class='ocrx_word' id='word_1_706' title='bbox 755 4909 848 4968; x_wconf 80' lang='grc' dir='ltr'>ις’,</span> <span class='ocrx_word' id='word_1_707' title='bbox 875 4901 969 4969; x_wconf 68' lang='grc' dir='ltr'><strong>ες,</strong></span> <span class='ocrx_word' id='word_1_708' title='bbox 1000 4902 1108 4970; x_wconf 84' lang='grc' dir='ltr'>πθ’,</span> <span class='ocrx_word' id='word_1_709' title='bbox 1143 4910 1222 4974; x_wconf 82' lang='grc' dir='ltr'>ρα¹</span> <span class='ocrx_word' id='word_1_710' title='bbox 1254 4902 1388 4974; x_wconf 86' lang='grc' dir='ltr'>ρλα’,</span> <span class='ocrx_word' id='word_1_711' title='bbox 1419 4902 1564 4975; x_wconf 86' lang='grc' dir='ltr'>ρμα’.</span> 
     </span>
    </p>
   </div>
   <div class='ocr_carea' id='block_1_97' title="bbox 210 5076 1704 5152">
    <p class='ocr_par' dir='ltr' id='par_1_97' title="bbox 210 5076 1704 5152">
     <span class='ocr_line' id='line_1_98' title="bbox 210 5076 1704 5152; baseline 0.001 -21"><span class='ocrx_word' id='word_1_712' title='bbox 210 5076 264 5131; x_wconf 88' lang='grc' dir='ltr'><strong>Οἱ</strong></span> <span class='ocrx_word' id='word_1_713' title='bbox 293 5080 347 5133; x_wconf 79' lang='grc' dir='ltr'>δὲ</span> <span class='ocrx_word' id='word_1_714' title='bbox 391 5081 467 5145; x_wconf 81' lang='grc' dir='ltr'>ὡς</span> <span class='ocrx_word' id='word_1_715' title='bbox 519 5082 580 5133; x_wconf 89' lang='lat' dir='ltr'><strong>tv</strong></span> <span class='ocrx_word' id='word_1_716' title='bbox 627 5079 846 5150; x_wconf 78' lang='grc' dir='ltr'>ἐντυχίᾳ</span> <span class='ocrx_word' id='word_1_717' title='bbox 898 5079 992 5132; x_wconf 70' lang='grc' dir='ltr'>καὶ</span> <span class='ocrx_word' id='word_1_718' title='bbox 1037 5079 1168 5150; x_wconf 79' lang='grc' dir='ltr'>εὐχῇ</span> <span class='ocrx_word' id='word_1_719' title='bbox 1201 5079 1294 5132; x_wconf 79' lang='grc' dir='ltr'>καὶ</span> <span class='ocrx_word' id='word_1_720' title='bbox 1326 5078 1504 5152; x_wconf 80' lang='grc' dir='ltr'>δεήσει</span> <span class='ocrx_word' id='word_1_721' title='bbox 1535 5085 1594 5142; x_wconf 90' lang='grc' dir='ltr'>ε’,</span> <span class='ocrx_word' id='word_1_722' title='bbox 1631 5086 1704 5146; x_wconf 79' lang='grc' dir='ltr'><strong>ς’,</strong></span> 
     </span>
    </p>
   </div>
   <div class='ocr_carea' id='block_1_98' title="bbox 157 5169 1706 5244">
    <p class='ocr_par' dir='ltr' id='par_1_98' title="bbox 157 5169 1706 5244">
     <span class='ocr_line' id='line_1_99' title="bbox 157 5169 1706 5244; baseline 0.002 -20"><span class='ocrx_word' id='word_1_723' title='bbox 157 5169 208 5232; x_wconf 84' lang='grc' dir='ltr'>ζ’,</span> <span class='ocrx_word' id='word_1_724' title='bbox 233 5179 311 5238; x_wconf 89' lang='grc' dir='ltr'>ια’,</span> <span class='ocrx_word' id='word_1_725' title='bbox 348 5173 435 5244; x_wconf 82' lang='grc' dir='ltr'>ιβ’,</span> <span class='ocrx_word' id='word_1_726' title='bbox 479 5181 566 5240; x_wconf 87' lang='grc' dir='ltr'>ιε’,</span> <span class='ocrx_word' id='word_1_727' title='bbox 593 5174 696 5240; x_wconf 84' lang='grc' dir='ltr'>κδ’,</span> <span class='ocrx_word' id='word_1_728' title='bbox 759 5172 867 5237; x_wconf 76' lang='grc' dir='ltr'>κζ’,</span> <span class='ocrx_word' id='word_1_729' title='bbox 899 5173 965 5234; x_wconf 90' lang='grc' dir='ltr'><strong>λ’,</strong></span> <span class='ocrx_word' id='word_1_730' title='bbox 1009 5172 1102 5238; x_wconf 87' lang='grc' dir='ltr'>λδ’,</span> <span class='ocrx_word' id='word_1_731' title='bbox 1144 5173 1242 5239; x_wconf 81' lang='grc' dir='ltr'>λζ’,</span> <span class='ocrx_word' id='word_1_732' title='bbox 1305 5171 1417 5244; x_wconf 88' lang='grc' dir='ltr'>μβ’,</span> <span class='ocrx_word' id='word_1_733' title='bbox 1466 5181 1568 5243; x_wconf 89' lang='lat' dir='ltr'><strong>v7&#39;,</strong></span> <span class='ocrx_word' id='word_1_734' title='bbox 1613 5173 1706 5241; x_wconf 89' lang='grc' dir='ltr'>νδ’,</span> 
     </span>
    </p>
   </div>
   <div class='ocr_carea' id='block_1_99' title="bbox 157 5261 1706 5336">
    <p class='ocr_par' dir='ltr' id='par_1_99' title="bbox 157 5261 1706 5336">
     <span class='ocr_line' id='line_1_100' title="bbox 157 5261 1706 5336; baseline 0.006 -28"><span class='ocrx_word' id='word_1_735' title='bbox 157 5270 230 5320; x_wconf 86' lang='grc' dir='ltr'>νε’,</span> <span class='ocrx_word' id='word_1_736' title='bbox 260 5270 361 5328; x_wconf 59' lang='grc' dir='ltr'>νςθ,</span> <span class='ocrx_word' id='word_1_737' title='bbox 395 5271 498 5335; x_wconf 80' lang='grc' dir='ltr'>νη’,</span> <span class='ocrx_word' id='word_1_738' title='bbox 555 5265 660 5327; x_wconf 80' lang='grc' dir='ltr'>νϐ’,</span> <span class='ocrx_word' id='word_1_739' title='bbox 693 5263 758 5330; x_wconf 76' lang='grc' dir='ltr'>ξ’,</span> <span class='ocrx_word' id='word_1_740' title='bbox 784 5261 884 5331; x_wconf 81' lang='grc' dir='ltr'>ξγ’,</span> <span class='ocrx_word' id='word_1_741' title='bbox 935 5262 1046 5334; x_wconf 76' lang='grc' dir='ltr'>πβ’,</span> <span class='ocrx_word' id='word_1_742' title='bbox 1087 5270 1190 5329; x_wconf 87' lang='grc' dir='ltr'>πε’,</span> <span class='ocrx_word' id='word_1_743' title='bbox 1245 5263 1354 5328; x_wconf 69' lang='grc' dir='ltr'>σις’,</span> <span class='ocrx_word' id='word_1_744' title='bbox 1393 5264 1522 5336; x_wconf 58' lang='grc' dir='ltr'>ρλζτ,</span> <span class='ocrx_word' id='word_1_745' title='bbox 1577 5263 1706 5336; x_wconf 76' lang='grc' dir='ltr'>ρλϐ’,</span> 
     </span>
    </p>
   </div>
   <div class='ocr_carea' id='block_1_100' title="bbox 162 5352 1569 5522">
    <p class='ocr_par' dir='ltr' id='par_1_100' title="bbox 162 5352 1569 5522">
     <span class='ocr_line' id='line_1_101' title="bbox 162 5352 280 5422; baseline 0.025 -3"><span class='ocrx_word' id='word_1_746' title='bbox 162 5352 280 5422; x_wconf 48' lang='lat' dir='ltr'><strong>aut.</strong></span> 
     </span>
     <span class='ocr_line' id='line_1_102' title="bbox 219 5447 1569 5522; baseline 0.004 -24"><span class='ocrx_word' id='word_1_747' title='bbox 219 5448 315 5499; x_wconf 72' lang='grc' dir='ltr'><strong>Καὶ</strong></span> <span class='ocrx_word' id='word_1_748' title='bbox 333 5451 360 5501; x_wconf 86' lang='lat'><strong>6</strong></span> <span class='ocrx_word' id='word_1_749' title='bbox 388 5449 486 5518; x_wconf 75' lang='grc' dir='ltr'>μὲν</span> <span class='ocrx_word' id='word_1_750' title='bbox 519 5448 597 5512; x_wconf 82' lang='grc' dir='ltr'><strong>ὡς</strong></span> <span class='ocrx_word' id='word_1_751' title='bbox 635 5449 692 5501; x_wconf 77' lang='grc' dir='ltr'>ἐν</span> <span class='ocrx_word' id='word_1_752' title='bbox 717 5449 933 5521; x_wconf 80' lang='grc' dir='ltr'>ὲντυχίᾳ</span> <span class='ocrx_word' id='word_1_753' title='bbox 961 5447 1056 5503; x_wconf 78' lang='grc' dir='ltr'>καὶ</span> <span class='ocrx_word' id='word_1_754' title='bbox 1087 5449 1408 5521; x_wconf 78' lang='grc' dir='ltr'>εὐχαριστίᾳ</span> <span class='ocrx_word' id='word_1_755' title='bbox 1434 5449 1569 5522; x_wconf 50' lang='lat' dir='ltr'><strong>par}.</strong></span> 
     </span>
    </p>
   </div>
   <div class='ocr_carea' id='block_1_101' title="bbox 221 5538 1708 5612">
    <p class='ocr_par' dir='ltr' id='par_1_101' title="bbox 221 5538 1708 5612">
     <span class='ocr_line' id='line_1_103' title="bbox 221 5538 1708 5612; baseline 0.007 -29"><span class='ocrx_word' id='word_1_756' title='bbox 221 5538 274 5587; x_wconf 78' lang='grc' dir='ltr'><strong>υἱ</strong></span> <span class='ocrx_word' id='word_1_757' title='bbox 303 5538 354 5592; x_wconf 80' lang='grc' dir='ltr'>δὲ</span> <span class='ocrx_word' id='word_1_758' title='bbox 378 5539 451 5602; x_wconf 81' lang='grc' dir='ltr'>ὡς</span> <span class='ocrx_word' id='word_1_759' title='bbox 473 5542 530 5593; x_wconf 90' lang='lat' dir='ltr'><strong>tv</strong></span> <span class='ocrx_word' id='word_1_760' title='bbox 560 5539 788 5611; x_wconf 76' lang='grc' dir='ltr'>ἐντυχίᾳ</span> <span class='ocrx_word' id='word_1_761' title='bbox 840 5541 974 5612; x_wconf 78' lang='grc' dir='ltr'>μόνῃ</span> <span class='ocrx_word' id='word_1_762' title='bbox 1009 5547 1056 5609; x_wconf 87' lang='lat'><strong>7&#39;</strong></span> <span class='ocrx_word' id='word_1_763' title='bbox 1076 5583 1090 5606; x_wconf 97' lang='lat'><strong>,</strong></span> <span class='ocrx_word' id='word_1_764' title='bbox 1119 5548 1216 5604; x_wconf 85' lang='grc' dir='ltr'>κε’,</span> <span class='ocrx_word' id='word_1_765' title='bbox 1253 5540 1354 5611; x_wconf 77' lang='grc' dir='ltr'>ξη’,</span> <span class='ocrx_word' id='word_1_766' title='bbox 1385 5541 1480 5608; x_wconf 82' lang='grc' dir='ltr'>ξθ’,</span> <span class='ocrx_word' id='word_1_767' title='bbox 1514 5550 1574 5606; x_wconf 88' lang='lat'><strong>0&#39;,</strong></span> <span class='ocrx_word' id='word_1_768' title='bbox 1610 5549 1708 5611; x_wconf 83' lang='lat'><strong>07&#39;,</strong></span> 
     </span>
    </p>
   </div>
   <div class='ocr_carea' id='block_1_102' title="bbox 162 5629 988 5702">
    <p class='ocr_par' dir='ltr' id='par_1_102' title="bbox 162 5629 988 5702">
     <span class='ocr_line' id='line_1_104' title="bbox 162 5629 988 5702; baseline 0.011 -27"><span class='ocrx_word' id='word_1_769' title='bbox 162 5633 245 5693; x_wconf 55' lang='lat'><strong>011&#39;,</strong></span> <span class='ocrx_word' id='word_1_770' title='bbox 275 5629 362 5692; x_wconf 74' lang='grc' dir='ltr'>σθ’,</span> <span class='ocrx_word' id='word_1_771' title='bbox 405 5637 506 5700; x_wconf 72' lang='grc' dir='ltr'>ρη’,</span> <span class='ocrx_word' id='word_1_772' title='bbox 537 5630 683 5702; x_wconf 82' lang='grc' dir='ltr'>ρκβ⁹,</span> <span class='ocrx_word' id='word_1_773' title='bbox 724 5629 858 5698; x_wconf 86' lang='grc' dir='ltr'>ρκθ’,</span> <span class='ocrx_word' id='word_1_774' title='bbox 895 5630 988 5701; x_wconf 84' lang='grc' dir='ltr'>ρλ’.</span> 
     </span>
    </p>
   </div>
   <div class='ocr_carea' id='block_1_103' title="bbox 229 5813 1345 5878">
    <p class='ocr_par' dir='ltr' id='par_1_103' title="bbox 229 5813 1345 5878">
     <span class='ocr_line' id='line_1_105' title="bbox 229 5813 1345 5878; baseline 0.005 -12"><span class='ocrx_word' id='word_1_775' title='bbox 229 5813 262 5839; x_wconf 84' lang='lat'>&quot;</span> <span class='ocrx_word' id='word_1_776' title='bbox 292 5813 468 5869; x_wconf 76' lang='lat' dir='ltr'><strong>Matth.</strong></span> <span class='ocrx_word' id='word_1_777' title='bbox 504 5832 579 5876; x_wconf 78' lang='lat' dir='ltr'><strong>xi,</strong></span> <span class='ocrx_word' id='word_1_778' title='bbox 619 5815 707 5868; x_wconf 81' lang='lat'><strong>‘29.</strong></span> <span class='ocrx_word' id='word_1_779' title='bbox 795 5816 836 5850; x_wconf 67' lang='grc'><strong><em>*⁸</em></strong></span> <span class='ocrx_word' id='word_1_780' title='bbox 872 5813 886 5867; x_wconf 91' lang='grc'><strong>1</strong></span> <span class='ocrx_word' id='word_1_781' title='bbox 919 5813 1042 5869; x_wconf 84' lang='lat' dir='ltr'><strong>Cor.</strong></span> <span class='ocrx_word' id='word_1_782' title='bbox 1075 5831 1149 5878; x_wconf 77' lang='grc' dir='ltr'>χι,</span> <span class='ocrx_word' id='word_1_783' title='bbox 1187 5817 1237 5870; x_wconf 90' lang='grc'><strong>1.</strong></span> <span class='ocrx_word' id='word_1_784' title='bbox 1337 5864 1345 5873; x_wconf 96' lang='grc'><em>,</em></span> 
     </span>
    </p>
   </div>
   <div class='ocr_carea' id='block_1_104' title="bbox 1879 4702 3381 4772">
    <p class='ocr_par' dir='ltr' id='par_1_104' title="bbox 1879 4702 3381 4772">
     <span class='ocr_line' id='line_1_106' title="bbox 1879 4702 3381 4772; baseline -0.007 -4"><span class='ocrx_word' id='word_1_785' title='bbox 1879 4713 1935 4768; x_wconf 83' lang='grc' dir='ltr'>1η</span> <span class='ocrx_word' id='word_1_786' title='bbox 1972 4712 2146 4768; x_wconf 88' lang='lat' dir='ltr'><strong>forma</strong></span> <span class='ocrx_word' id='word_1_787' title='bbox 2170 4709 2501 4765; x_wconf 81' lang='lat' dir='ltr'><strong>narrationis</strong></span> <span class='ocrx_word' id='word_1_788' title='bbox 2526 4708 2578 4763; x_wconf 92' lang='lat' dir='ltr'><strong>hi</strong></span> <span class='ocrx_word' id='word_1_789' title='bbox 2612 4718 2773 4764; x_wconf 91' lang='lat' dir='ltr'><strong>sunt:</strong></span> <span class='ocrx_word' id='word_1_790' title='bbox 2812 4707 2894 4769; x_wconf 85' lang='grc'><strong>18,</strong></span> <span class='ocrx_word' id='word_1_791' title='bbox 2926 4706 3016 4771; x_wconf 71' lang='grc'>45,</span> <span class='ocrx_word' id='word_1_792' title='bbox 3043 4705 3133 4772; x_wconf 65' lang='lat'><em>68,</em></span> <span class='ocrx_word' id='word_1_793' title='bbox 3177 4703 3267 4772; x_wconf 73' lang='grc'>49,</span> <span class='ocrx_word' id='word_1_794' title='bbox 3290 4702 3381 4767; x_wconf 84' lang='grc'><strong>72,</strong></span> 
     </span>
    </p>
   </div>
   <div class='ocr_carea' id='block_1_105' title="bbox 1811 4800 2895 4870">
    <p class='ocr_par' dir='ltr' id='par_1_105' title="bbox 1811 4800 2895 4870">
     <span class='ocr_line' id='line_1_107' title="bbox 1811 4800 2895 4870; baseline -0.007 -9"><span class='ocrx_word' id='word_1_795' title='bbox 1811 4807 1898 4870; x_wconf 91' lang='grc'><strong>76,</strong></span> <span class='ocrx_word' id='word_1_796' title='bbox 1927 4806 2016 4870; x_wconf 87' lang='grc'><strong>77,</strong></span> <span class='ocrx_word' id='word_1_797' title='bbox 2052 4806 2140 4870; x_wconf 91' lang='lat'><strong>88,</strong></span> <span class='ocrx_word' id='word_1_798' title='bbox 2167 4804 2257 4870; x_wconf 88' lang='lat'><strong>89,</strong></span> <span class='ocrx_word' id='word_1_799' title='bbox 2295 4803 2420 4868; x_wconf 90' lang='grc'>106,</span> <span class='ocrx_word' id='word_1_800' title='bbox 2465 4802 2588 4867; x_wconf 87' lang='grc'>115,</span> <span class='ocrx_word' id='word_1_801' title='bbox 2621 4800 2895 4863; x_wconf 81' lang='grc'>126,156.</span> 
     </span>
    </p>
   </div>
   <div class='ocr_carea' id='block_1_106' title="bbox 1880 4886 3382 4960">
    <p class='ocr_par' dir='ltr' id='par_1_106' title="bbox 1880 4886 3382 4960">
     <span class='ocr_line' id='line_1_108' title="bbox 1880 4886 3382 4960; baseline -0.007 -6"><span class='ocrx_word' id='word_1_802' title='bbox 1880 4901 1936 4955; x_wconf 91' lang='lat' dir='ltr'><strong>In</strong></span> <span class='ocrx_word' id='word_1_803' title='bbox 1962 4901 2135 4956; x_wconf 93' lang='lat' dir='ltr'><strong>forma</strong></span> <span class='ocrx_word' id='word_1_804' title='bbox 2154 4913 2284 4953; x_wconf 90' lang='lat' dir='ltr'><strong>vero</strong></span> <span class='ocrx_word' id='word_1_805' title='bbox 2308 4895 2578 4953; x_wconf 83' lang='lat' dir='ltr'><strong>orationis</strong></span> <span class='ocrx_word' id='word_1_806' title='bbox 2618 4903 2746 4948; x_wconf 87' lang='lat' dir='ltr'><strong>sunt</strong></span> <span class='ocrx_word' id='word_1_807' title='bbox 2766 4890 2963 4960; x_wconf 70' lang='lat'><em>16,67,</em></span> <span class='ocrx_word' id='word_1_808' title='bbox 2985 4887 3220 4955; x_wconf 84' lang='grc'>89,101,</span> <span class='ocrx_word' id='word_1_809' title='bbox 3258 4886 3382 4950; x_wconf 84' lang='grc'>151,</span> 
     </span>
    </p>
   </div>
   <div class='ocr_carea' id='block_1_107' title="bbox 1811 4992 1933 5048">
    <p class='ocr_par' dir='ltr' id='par_1_107' title="bbox 1811 4992 1933 5048">
     <span class='ocr_line' id='line_1_109' title="bbox 1811 4992 1933 5048; baseline 0 0"><span class='ocrx_word' id='word_1_810' title='bbox 1811 4992 1933 5048; x_wconf 69' lang='lat' dir='ltr'><strong>Nl.</strong></span> 
     </span>
    </p>
   </div>
   <div class='ocr_carea' id='block_1_108' title="bbox 1885 5073 3382 5153">
    <p class='ocr_par' dir='ltr' id='par_1_108' title="bbox 1885 5073 3382 5153">
     <span class='ocr_line' id='line_1_110' title="bbox 1885 5073 3382 5153; baseline -0.009 -13"><span class='ocrx_word' id='word_1_811' title='bbox 1885 5084 1987 5152; x_wconf 91' lang='lat' dir='ltr'><strong>Qui</strong></span> <span class='ocrx_word' id='word_1_812' title='bbox 2022 5081 2299 5153; x_wconf 88' lang='lat' dir='ltr'><strong>colloquii,</strong></span> <span class='ocrx_word' id='word_1_813' title='bbox 2323 5079 2652 5152; x_wconf 85' lang='lat' dir='ltr'><strong>precationis</strong></span> <span class='ocrx_word' id='word_1_814' title='bbox 2687 5088 2742 5134; x_wconf 90' lang='lat' dir='ltr'><strong>et</strong></span> <span class='ocrx_word' id='word_1_815' title='bbox 2768 5076 3162 5133; x_wconf 85' lang='lat' dir='ltr'><strong>obsecrationis</strong></span> <span class='ocrx_word' id='word_1_816' title='bbox 3191 5073 3382 5135; x_wconf 84' lang='lat' dir='ltr'><strong>modo.</strong></span> 
     </span>
    </p>
   </div>
   <div class='ocr_carea' id='block_1_109' title="bbox 1811 5164 3396 5242">
    <p class='ocr_par' dir='ltr' id='par_1_109' title="bbox 1811 5164 3396 5242">
     <span class='ocr_line' id='line_1_111' title="bbox 1811 5164 3396 5242; baseline -0.005 -10"><span class='ocrx_word' id='word_1_817' title='bbox 1811 5177 1864 5239; x_wconf 92' lang='grc'><strong>5,</strong></span> <span class='ocrx_word' id='word_1_818' title='bbox 1895 5176 1948 5241; x_wconf 87' lang='lat'><em>6,</em></span> <span class='ocrx_word' id='word_1_819' title='bbox 1985 5175 2038 5242; x_wconf 88' lang='lat'><strong>7,</strong></span> <span class='ocrx_word' id='word_1_820' title='bbox 2071 5175 2156 5238; x_wconf 88' lang='grc'><strong>11,</strong></span> <span class='ocrx_word' id='word_1_821' title='bbox 2191 5172 2278 5239; x_wconf 90' lang='grc'><strong>12,</strong></span> <span class='ocrx_word' id='word_1_822' title='bbox 2310 5172 2397 5236; x_wconf 87' lang='grc'><strong>15,</strong></span> <span class='ocrx_word' id='word_1_823' title='bbox 2431 5171 2526 5232; x_wconf 72' lang='grc'><strong>21,</strong></span> <span class='ocrx_word' id='word_1_824' title='bbox 2557 5168 2648 5233; x_wconf 76' lang='grc'><strong>27,</strong></span> <span class='ocrx_word' id='word_1_825' title='bbox 2685 5169 2774 5233; x_wconf 88' lang='grc'><strong>50,</strong></span> <span class='ocrx_word' id='word_1_826' title='bbox 2805 5168 2896 5232; x_wconf 70' lang='grc'>54,</span> <span class='ocrx_word' id='word_1_827' title='bbox 2933 5167 3022 5230; x_wconf 88' lang='grc'><strong>57,</strong></span> <span class='ocrx_word' id='word_1_828' title='bbox 3055 5166 3145 5229; x_wconf 67' lang='grc'>62,</span> <span class='ocrx_word' id='word_1_829' title='bbox 3172 5165 3261 5230; x_wconf 83' lang='grc'><strong>55,</strong></span> <span class='ocrx_word' id='word_1_830' title='bbox 3293 5164 3396 5228; x_wconf 71' lang='grc'>54..</span> 
     </span>
    </p>
   </div>
   <div class='ocr_carea' id='block_1_110' title="bbox 1811 5255 3382 5334">
    <p class='ocr_par' dir='ltr' id='par_1_110' title="bbox 1811 5255 3382 5334">
     <span class='ocr_line' id='line_1_112' title="bbox 1811 5255 3382 5334; baseline -0.008 -10"><span class='ocrx_word' id='word_1_831' title='bbox 1811 5269 1902 5334; x_wconf 86' lang='grc'><strong>55,</strong></span> <span class='ocrx_word' id='word_1_832' title='bbox 1927 5267 2016 5332; x_wconf 83' lang='grc'><strong>56,</strong></span> <span class='ocrx_word' id='word_1_833' title='bbox 2041 5265 2132 5331; x_wconf 90' lang='grc'><strong>58,</strong></span> <span class='ocrx_word' id='word_1_834' title='bbox 2185 5264 2274 5331; x_wconf 82' lang='grc'><strong>59,</strong></span> <span class='ocrx_word' id='word_1_835' title='bbox 2331 5263 2421 5329; x_wconf 88' lang='grc'><strong>60,</strong></span> <span class='ocrx_word' id='word_1_836' title='bbox 2453 5263 2544 5330; x_wconf 87' lang='grc'><strong>65,</strong></span> <span class='ocrx_word' id='word_1_837' title='bbox 2567 5261 2656 5325; x_wconf 86' lang='grc'><strong>82,</strong></span> <span class='ocrx_word' id='word_1_838' title='bbox 2679 5261 2769 5326; x_wconf 92' lang='lat'><strong>85,</strong></span> <span class='ocrx_word' id='word_1_839' title='bbox 2817 5260 2908 5324; x_wconf 90' lang='lat'><strong>87,</strong></span> <span class='ocrx_word' id='word_1_840' title='bbox 2945 5258 3068 5325; x_wconf 83' lang='grc'>157,</span> <span class='ocrx_word' id='word_1_841' title='bbox 3103 5257 3225 5322; x_wconf 81' lang='grc'>159,</span> <span class='ocrx_word' id='word_1_842' title='bbox 3259 5255 3382 5311; x_wconf 69' lang='grc'>142.</span> 
     </span>
    </p>
   </div>
   <div class='ocr_carea' id='block_1_111' title="bbox 1883 5430 3388 5510">
    <p class='ocr_par' dir='ltr' id='par_1_111' title="bbox 1883 5430 3388 5510">
     <span class='ocr_line' id='line_1_113' title="bbox 1883 5430 3388 5510; baseline -0.006 -14"><span class='ocrx_word' id='word_1_843' title='bbox 1883 5441 1986 5510; x_wconf 92' lang='lat' dir='ltr'><strong>Qui</strong></span> <span class='ocrx_word' id='word_1_844' title='bbox 2019 5441 2075 5495; x_wconf 93' lang='lat' dir='ltr'><strong>in</strong></span> <span class='ocrx_word' id='word_1_845' title='bbox 2103 5439 2278 5495; x_wconf 88' lang='lat' dir='ltr'><strong>forma</strong></span> <span class='ocrx_word' id='word_1_846' title='bbox 2306 5437 2529 5509; x_wconf 89' lang='lat' dir='ltr'><strong>alloquii</strong></span> <span class='ocrx_word' id='word_1_847' title='bbox 2555 5446 2609 5493; x_wconf 91' lang='lat' dir='ltr'><strong>et</strong></span> <span class='ocrx_word' id='word_1_848' title='bbox 2645 5437 2941 5506; x_wconf 79' lang='lat' dir='ltr'><strong>gratiarum</strong></span> <span class='ocrx_word' id='word_1_849' title='bbox 2971 5432 3225 5496; x_wconf 85' lang='lat' dir='ltr'><strong>actionis,</strong></span> <span class='ocrx_word' id='word_1_850' title='bbox 3257 5430 3388 5488; x_wconf 68' lang='grc'>158.</span> 
     </span>
    </p>
   </div>
   <div class='ocr_carea' id='block_1_112' title="bbox 1867 5521 3383 5601">
    <p class='ocr_par' dir='ltr' id='par_1_112' title="bbox 1867 5521 3383 5601">
     <span class='ocr_line' id='line_1_114' title="bbox 1867 5521 3383 5601; baseline -0.008 -14"><span class='ocrx_word' id='word_1_851' title='bbox 1867 5533 1970 5600; x_wconf 90' lang='lat' dir='ltr'><strong>Qui</strong></span> <span class='ocrx_word' id='word_1_852' title='bbox 2008 5531 2262 5601; x_wconf 90' lang='lat' dir='ltr'><strong>colloquii</strong></span> <span class='ocrx_word' id='word_1_853' title='bbox 2311 5537 2521 5583; x_wconf 84' lang='lat' dir='ltr'><strong>tantum</strong></span> <span class='ocrx_word' id='word_1_854' title='bbox 2565 5527 2763 5592; x_wconf 88' lang='lat' dir='ltr'><strong>forma,</strong></span> <span class='ocrx_word' id='word_1_855' title='bbox 2794 5527 2848 5595; x_wconf 82' lang='grc'><strong>5,</strong></span> <span class='ocrx_word' id='word_1_856' title='bbox 2894 5525 2987 5594; x_wconf 87' lang='grc'><strong>25,</strong></span> <span class='ocrx_word' id='word_1_857' title='bbox 3039 5523 3130 5593; x_wconf 90' lang='lat'><strong>68,</strong></span> <span class='ocrx_word' id='word_1_858' title='bbox 3155 5521 3245 5588; x_wconf 86' lang='lat'><strong>69,</strong></span> <span class='ocrx_word' id='word_1_859' title='bbox 3276 5521 3383 5589; x_wconf 53' lang='grc'><strong>70,</strong></span> 
     </span>
    </p>
   </div>
   <div class='ocr_carea' id='block_1_113' title="bbox 1818 5620 2757 5694">
    <p class='ocr_par' dir='ltr' id='par_1_113' title="bbox 1818 5620 2757 5694">
     <span class='ocr_line' id='line_1_115' title="bbox 1818 5620 2757 5694; baseline -0.003 -16"><span class='ocrx_word' id='word_1_860' title='bbox 1818 5620 2757 5694; x_wconf 70' lang='grc'>75,78,79,108,122,129,150.</span> 
     </span>
    </p>
   </div>
  </div>
