4074 6304
189 374 246 427 29
1309 368 1646 425 EPISTULA
1684 366 1775 420 AD
1813 361 2326 419 MARCELLINUM.
3346 367 3414 420 δο

187 487 236 539 τὸ
261 486 400 558 πρωῒ
430 486 598 554 ψάλλε
621 486 712 539 τὸν
747 493 807 538 ε’.
831 483 1159 554 Δίσθόμενος
1187 484 1241 536 δὲ
1266 483 1495 550 ἀπειλῆς
1517 483 1609 536 τοῦ
1636 483 1716 535 Κυ

1845 477 1978 530 mini
2004 475 2487 531 comminationem
2547 474 2808 537 senseris,
2855 483 3011 544 teque
3043 491 3105 529 ea
3133 477 3200 530 de
3246 493 3409 554 causa

184 577 312 644 ρίου,
347 576 445 628 ἐὰν
491 577 580 629 δια
615 574 774 628 τοῦτο
811 575 1208 646 ταραττόμενον
1257 572 1478 624 σεαυτὸν
1519 571 1740 641 βλέπῃς,

179 665 390 722 δύνασαι
423 669 605 737 λέγειν
627 669 717 722 τὸν
746 666 797 734 ς’
831 668 924 722 καὶ
956 668 1046 719 τὸν
1085 667 1180 730 λζ’.
1220 667 1346 720 Ἐὰν
1381 667 1437 718 δὲ
1487 667 1578 719 καὶ
1619 665 1739 734 βου-

182 760 431 814 λεύωνται
460 778 606 824 τινες
649 760 788 814 κατά
822 760 914 813 σού
942 801 957 825 ,
984 760 1059 823 ὡς
1088 762 1116 813 ό
1169 758 1446 829 ’Δχιτόφελ
1481 757 1619 812 κατὰ
1646 757 1738 811 τοῦ

178 852 350 917 Δαόὶδ,
402 855 500 906 καὶ
534 852 692 906 τοῦτό
724 852 804 906 σοί
845 869 929 915 τις
973 852 1280 924 ἀπαγγείλῃ
1304 894 1318 918 ,
1351 851 1516 920 eam:
1553 850 1642 904 τὸν
1673 848 1738 915 ζ’,

178 946 264 1000 καὶ
307 945 501 1016 θάρρει
529 945 608 1016 τῷ
642 945 886 1016 ῥυομὲνῳ
908 962 966 997 σε
994 945 1132 1016 Θεῷ.
1183 960 1238 975 ‘-

241 1040 332 1100 ις’.
358 1036 584 1088 Βλέπων
626 1036 683 1088 δὲ
715 1036 814 1106 τὴν
854 1035 1125 1106 πανταχοῦ
1165 1036 1322 1106 χάριν
1368 1035 1460 1089 τοῦ
1490 1035 1737 1106 Σωτῆρος

175 1126 554 1196 ἐκτεταμένην,
585 1128 677 1178 καὶ
708 1125 877 1178 σωθὲν
894 1126 955 1178 τὸ
982 1127 1135 1194 γένος
1159 1127 1267 1179 τῶν
1288 1125 1609 1198 ἀνθρώπων,
1642 1127 1737 1180 ἐὰν

177 1220 502 1288 προσφωνεῖν
548 1217 706 1289 θέλῃς
735 1217 811 1288 τῷ
854 1219 1060 1289 Κυρίῳ,
1085 1243 1088 1246 ’
1114 1219 1280 1289 ψάλλε
1316 1219 1405 1272 τὸν
1446 1227 1512 1288 η’.
1577 1219 1735 1272 Ἀλλὰ

174 1306 321 1358 πάλιν
355 1301 487 1376 ᾆσαι
520 1305 696 1369 Θέλεις
720 1305 1014 1377 ἐπιλήνιον,
1047 1306 1382 1376 εὐχαριστῶν
1410 1305 1488 1376 τῷ
1521 1304 1730 1375 Κυρίῳ,

170 1398 301 1468 ἔχεις
322 1397 487 1450 αὑτὸν
517 1397 680 1452 πάλιν
699 1397 789 1451 τὸν
820 1396 868 1470 η’
899 1398 991 1451 καὶ
1015 1397 1105 1450 τὸν
1137 1405 1245 1466 πγ’.
1288 1398 1409 1450 Ἐπὶ
1435 1398 1492 1450 δὲ
1517 1397 1595 1467 τῷ
1612 1414 1736 1450 κατ-

169 1489 439 1559 ηργῆσθαι
471 1488 565 1542 τὸν
621 1489 812 1560 ἐχθρὸν
851 1491 944 1541 καὶ
975 1489 1244 1542 σεσῶσθαι
1278 1491 1376 1560 τὴν
1422 1489 1618 1555 κτίσιν,
1659 1489 1733 1560 μὴ

169 1578 512 1648 καυχώμενος
569 1581 660 1632 ἐπὶ
695 1580 873 1650 σαυτῷ
902 1618 916 1642 ,
950 1579 1085 1632 ἀλλά
1133 1579 1284 1644 εἰδὼς
1323 1580 1411 1632 τὸν
1461 1580 1589 1632 Υἱὸν
1637 1580 1731 1633 τοῦ

167 1669 288 1722 Θεοῦ
319 1669 480 1722 τοῦτο
515 1669 954 1741 κατορθώσαντα,
985 1670 1107 1738 λέγε
1141 1671 1230 1723 τὸν
1273 1674 1352 1734 είς
1389 1672 1550 1724 αὑτὸν
1581 1672 1732 1742 είρη-

168 1758 315 1826 μένον
349 1759 395 1811 θ’
444 1760 682 1830 ψαλμόν.
741 1761 850 1814 Καὶ
891 1762 988 1814 ἐὰν
1020 1760 1140 1814 λίαν
1193 1762 1252 1813 σέ
1301 1778 1386 1824 τις
1436 1762 1730 1833 ταράσσειν

1844 567 2228 622 conturbatum
2271 565 2495 628 videris,
2533 572 2686 634 potes
2741 565 2922 620 dicere
2961 567 2993 620 6
3026 577 3078 622 et
3101 568 3190 624 57.
3229 550 3287 623 Si
3317 570 3410 624 ad-

1843 677 2060 716 versum
2115 670 2167 715 te
2197 659 2439 730 quipiam
2499 659 2788 714 consilium
2823 660 3089 726 dederim,
3149 665 3412 732 quemad—

1843 753 2062 808 modum
2089 751 2408 822 AchitOphel
2440 751 2701 806 adversus
2759 750 3038 818 Davidem,
3065 762 3120 807 et
3175 756 3278 810 hoc
3312 755 3409 810 tibi

1842 846 2041 915 aliquis
2068 846 2364 911 renuntiet,
2395 843 2566 913 psalle
2582 843 2634 910 7,
2666 853 2718 897 et
2737 841 2966 898 Domino
2996 845 3210 901 conﬁde
3235 847 3330 917 qui
3357 857 3410 903 te

1841 937 2265 1083 Ιὼῗθῗιὲἒτηοηε
2292 1026 2592 1082 Salvatoris
2620 1025 2846 1096 gratiam
2877 1026 3080 1095 ubique
3129 1027 3403 1093 diﬂ'usam,

1838 1123 2289 1191 redemptumque
2315 1135 2486 1190 genus
2513 1120 2839 1184 humanum,
2875 1119 2920 1173 si
2973 1119 3174 1189 alloqui
3221 1119 3405 1174 Domi-

1838 1230 1968 1268 num
1993 1214 2150 1280 velis,
2186 1224 2437 1268 octavum
2475 1212 2713 1282 psallito.
2754 1211 2813 1267 Si
2837 1228 3055 1268 rursum
3090 1227 3190 1282 pro
3220 1222 3403 1268 torcu-

1837 1305 2045 1359 laribus
2073 1303 2278 1374 gratias
2304 1317 2469 1372 agens
2504 1301 2739 1356 Domino
2790 1317 2986 1356 canere
3015 1304 3272 1366 volueris,
3304 1303 3404 1358 ha-

1835 1395 1931 1451 bes
1951 1394 2200 1449 eumdem
2240 1394 2272 1448 8
2299 1403 2351 1448 et
2383 1394 2472 1448 83.
2510 1393 2616 1448 Pro
2661 1394 2892 1448 victoria
2947 1393 3016 1449 de
3073 1395 3317 1460 inimico,
3347 1407 3402 1450 et

1833 1497 2096 1543 creatura:
2146 1487 2490 1551 liberatione,
2566 1502 2634 1540 ne
2684 1486 2738 1540 in
2791 1487 2960 1555 teipso
2995 1487 3264 1556 glorieris,
3305 1492 3400 1543 sed

1832 1596 2034 1651 gnarus
2095 1580 2197 1635 hoc
2262 1578 2430 1633 fuisse
2502 1578 2822 1647 praeclarum
2865 1577 3075 1632 facinus
3121 1577 3241 1632 Filii
3281 1579 3400 1641 Dei,

1832 1673 1998 1726 recita
2034 1672 2408 1740 supradictum
2442 1670 2712 1739 psalmum
2760 1683 2992 1722 nonum.
3037 1668 3168 1724 Etsi
3201 1679 3250 1725 te
3275 1672 3400 1740 quis

1833 1777 1979 1817 metu
2010 1763 2336 1818 conturbare
2367 1761 2620 1828 voluerit,
2653 1761 2791 1816 habe
2814 1772 2870 1814 tu
2921 1759 3174 1815 ﬁduciam
3213 1762 3268 1815 in
3297 1762 3402 1817 Do-

164 1850 331 1922 ὲθέλῃ,
366 1851 458 1920 ἔχε
519 1853 582 1909 σὺ
609 1851 706 1922 τὴν
739 1851 1064 1922 πεποίθησιν
1107 1854 1186 1915 είς
1225 1854 1315 1906 τὸν
1365 1852 1600 1924 Κύριον,
1635 1854 1716 1906 καί

1831 1851 2002 1916 mino,
2053 1859 2106 1904 et
2134 1851 2304 1920 psalle
2334 1851 2630 1904 decimum.
2671 1849 2807 1902 Cum
2863 1849 3159 1903 multorum
3210 1866 3398 1919 super-

163 1941 319 2007 ψάλλε
341 1942 432 1995 τὸν
470 1949 524 1993 ι’.
569 1943 734 1996 Ὅταν
761 1943 818 1996 δὲ
841 1945 940 2014 τὴν
972 1945 1080 1997 τῶν
1113 1944 1320 1996 πολλῶν
1347 1945 1726 2015 ὑπερηφανίαν

163 2032 269 2102 ἴδῃς
298 2033 390 2084 καὶ
413 2032 812 2096 πλεονάζουσαν
836 2034 932 2104 τὴν
958 2034 1176 2098 κακίαν,
1211 2033 1350 2086 ὥστε
1390 2034 1551 2104 μηδὲν
1581 2035 1724 2087 ὅσιον

164 2124 240 2175 ἐπ’
271 2122 584 2192 ἀνθρώποις
617 2125 896 2193 γενέσθαι,
943 2127 1222 2196 κατάφυγε
1254 2127 1317 2180 σὺ
1365 2128 1456 2179 ἐπὶ
1486 2125 1575 2180 τὸν
1612 2126 1726 2179 Κύ-

165 2234 288 2286 ριον,
322 2218 416 2270 καὶ
446 2217 573 2286 λέγε
611 2218 700 2271 τὸν
733 2225 819 2272 ια’,
879 2217 1326 2288 Ἐγχρονιζούσης
1365 2218 1419 2269 δὲ
1444 2219 1537 2287 τῆς
1573 2218 1724 2288 παρά

162 2309 259 2361 τῶν
287 2310 503 2383 ἐχθρῶν
533 2311 854 2380 ἐπιϐουλῆς,
899 2310 973 2380 μὴ
1005 2308 1255 2380 ὀλιγώρει
1298 2309 1372 2370 ὡς
1413 2308 1722 2378 ὲπιλησθεὶς

163 2401 302 2473 παρὰ
325 2401 404 2472 τῷ
433 2402 576 2472 Θεῷ,
603 2403 738 2456 ἀλλά
765 2401 1066 2471 παρακάλει
1104 2401 1192 2454 τὸν
1226 2399 1429 2471 Κύριον
1463 2399 1605 2472 ᾅδων
1629 2400 1720 2453 τὸν

161 2491 240 2559 ιβ’.
283 2493 542 2544 Ἐπειδὰν
577 2492 1034 2562 βλασφημούντων
1071 2491 1230 2545 τινῶν
1268 2491 1409 2545 κατά
1445 2492 1544 2562 τῆς
1576 2493 1718 2562 Προ-

158 2582 293 2644 νοίας
325 2583 592 2653 ἀκούσῃς,
627 2584 703 2654 μὴ
734 2582 976 2637 κοινώνει
1017 2584 1116 2653 μὲν
1149 2583 1326 2637 αὐτῶν
1371 2586 1437 2652 τῇ
1474 2583 1717 2653 ἀσεϐείᾳ,

159 2672 498 2741 ἐντυγχάνων
522 2673 578 2725 δὲ
603 2672 682 2743 τῷ
715 2673 850 2744 Θεῷ,
875 2673 998 2742 λέγε
1023 2674 1113 2727 τὸν
1149 2680 1214 2741 ιγ’
1241 2675 1335 2726 καὶ
1353 2672 1451 2742 νβ’.
1481 2675 1587 2724 Καὶ
1608 2672 1719 2726 λοι-

160 2764 247 2816 ιθν
276 2765 368 2817 ἐάν
403 2765 569 2836 θέλῃς
611 2764 800 2836 μαθεῖν
830 2767 1011 2829 ὁποῖός
1037 2767 1152 2819 ἐστι
1172 2766 1270 2835 τῆς
1301 2763 1576 2834 βασιλείας
1610 2764 1717 2818 τῶν

159 2855 390 2924 οὐρανῶν
413 2859 444 2909 ὁ
470 2857 716 2925 πολίτης,
740 2855 906 2924 sane
931 2856 1022 2909 τὸν
1055 2857 1134 2909 ιδ’.

220 2947 302 3010 ιζ’.
351 2947 676 3019 Προσευχῆς
727 2963 807 2998 σοι
840 2949 996 3018 χρεία
1035 2947 1123 3000 διὰ
1152 2949 1276 3012 τοὺς
1326 2948 1720 3020 ἀνθεστηκότας

158 3056 230 3090 σοι
260 3041 353 3092 καὶ
379 3057 447 3091 πε
459 3040 735 3110 ριέχοντάς
763 3056 854 3093 σου
880 3039 977 3113 τὴν
1002 3040 1197 3113 ψυχὴν,
1225 3037 1316 3112 ᾆδε
1351 3042 1443 3096 τὸν
1485 3047 1578 3105 ις’,
1625 3040 1718 3092 καὶ

1827 1940 1973 1994 biam
2019 1942 2222 1996 videris
2280 1942 2792 2011 improbitatemque
2842 1941 3065 1995 modum
3111 1942 3398 2007 excedere,

1827 2029 2140 2087 ita’utnihil
2165 2043 2412 2088 sanctum
2441 2033 2495 2086 in
2527 2033 2841 2087 hominibus
2891 2033 3214 2102 reperiatur,
3267 2049 3397 2088 con-

1825 2121 1950 2192 fuge
1997 2131 2052 2177 tu
2085 2124 2152 2178 ad
2198 2122 2511 2188 Dominum,
2549 2133 2603 2179 et
2641 2123 2728 2179 dic
2769 2124 3137 2178 undecimum.
3187 2125 3390 2192 Quodsi

1823 2211 2098 2267 diuturnae
2132 2213 2243 2268 sint
2275 2214 2620 2269 inimicorum
2664 2214 2894 2280 insidiae,
2920 2231 2988 2270 ue
3033 2217 3218 2271 animo
3264 2217 3398 2273 dell-

1823 2303 1965 2366 cias,
2000 2305 2158 2373 quasi
2178 2304 2440 2360 Dominus
2479 2307 2549 2361 sit
2583 2307 2658 2361 tui
2687 2306 2909 2372 oblitus,
2951 2309 3052 2363 sed
3077 2308 3268 2364 invoca
3291 2309 3396 2364 Do-

1824 2393 2055 2457 minum,
2120 2409 2323 2448 canens
2365 2395 2636 2449 decimum
2671 2398 2995 2452 secundum.
3029 2397 3165 2453 Cum
3213 2412 3393 2455 autem

1826 2485 2091 2554 quosdam
2137 2486 2375 2542 audieris
2427 2487 2865 2557 blasphemantes
2915 2489 3176 2546 adversus
3204 2490 3394 2547 Provi-

1823 2577 2084 2643 dentiam,
2125 2579 2236 2632 noli
2278 2594 2466 2633 eorum
2519 2579 2781 2649 impietati
2821 2582 3262 2648 communicare;
3296 2584 3393 2637 sed

1822 2667 2056 2727 Domino
2083 2671 2414 2740 supplicans,
2457 2672 2622 2727 recita
2647 2673 2715 2728 15
2739 2680 2794 2728 et
2825 2673 2914 2727 52.
2964 2673 3169 2740 Quodsi
3205 2683 3394 2744 postea

1819 2759 2062 2815 ediscere
2089 2761 2267 2831 cupis,
2297 2759 2602 2832 qualisnam
2650 2762 2722 2818 sit
2750 2764 2883 2818 civis
2902 2767 3065 2835 :regni
3103 2766 3390 2832 caelorum,

1820 2852 1988 2921 psalle
2021 2853 2104 2907 14.

1893 2943 1980 2997 17.
2021 2943 2281 3000 Oratione
2322 2961 2459 3016 opus
2511 2956 2594 3000 est
2631 2947 2727 3002 tibi
2773 2957 2995 3018 propter
3045 2948 3390 3005 adversarios

1822 3042 1962 3100 tuos,
1999 3045 2053 3089 et
2092 3052 2223 3101 eos,
2261 3038 2354 3106 qui
2385 3038 2724 3094 circumdant
2771 3040 3007 3094 animam
3041 3047 3189 3096 tuam
3215 3082 3231 3107 ,
3257 3058 3390 3098 cane

155 3130 236 3183 τὸν
262 3137 364 3197 πε’,
397 3131 499 3184 καὶ
529 3131 621 3184 τὸν
652 3130 759 3196 πζ¹,
796 3132 888 3184 καὶ
922 3133 1009 3185 τὸν
1046 3139 1154 3202 ρμ¹.
1207 3132 1366 3184 Ἀλλά
1409 3132 1580 3194 θέλεις
1612 3147 1716 3201 μα-

1823 3123 1892 3177 16
1915 3163 1930 3185 ,
1967 3118 2070 3191 85,
2105 3125 2174 3179 87
2203 3134 2257 3179 et
2287 3126 2410 3180 ΗΟ.
2443 3127 2513 3182 At
2554 3128 2637 3184 vis
2687 3130 2829 3185 scire
2873 3132 3146 3201 quomodo
3175 3132 3391 3204 Moyses

157 3221 277 3286 θεῖν,
318 3221 437 3284 πῶς
477 3221 716 3289 Μωῦσῆς
742 3219 1103 3288 προσηύξατο,
1135 3219 1278 3290 ἔχεις
1297 3219 1387 3273 τὸν
1424 3220 1532 3274 πθ’.
1577 3218 1714 3272 Ἀλλ’

156 3311 350 3380 ἐσώθης
377 3311 494 3364 ἀπὸ
514 3310 623 3362 τῶν
653 3309 859 3381 ἐχθρῶν
891 3327 1004 3373 σου,
1033 3310 1126 3363 καὶ
1170 3309 1441 3382 ἐῤῥύσθης
1473 3311 1580 3364 ἀπὸ
1608 3309 1716 3363 τῶν

154 3402 441 3454 διωκόντων
472 3417 556 3466 σε,
583 3396 675 3472 ᾆδε
712 3401 806 3454 καὶ
839 3403 903 3454 σὺ
929 3403 1019 3454 τὸν
1052 3400 1114 3465 ιζ’
1139 3401 1370 3473 ψαλμόν.
1404 3403 1716 3473 Θαυμάζεις

155 3491 240 3560 τὴν
267 3490 365 3560 τῆς
386 3491 623 3554 κτίσεως
650 3490 820 3556 τάξιν,
855 3491 947 3543 καὶ
995 3492 1093 3562 τὴν
1120 3494 1199 3556 είς
1228 3490 1399 3561 αὐτὴν
1436 3492 1535 3563 τῆς
1572 3492 1714 3561 Προ-

155 3582 284 3646 νοίας
325 3583 516 3654 χάριν,
553 3582 647 3635 τοῦ
695 3599 754 3634 τε
797 3582 961 3651 νόμον
1008 3581 1075 3634 τὰ
1119 3581 1239 3651 ίερά
1294 3582 1710 3652 προστάγματα,

151 3674 306 3742 om:
329 3677 420 3727 τὸν
453 3682 522 3744 ιη’
549 3675 642 3727 καὶ
668 3673 756 3724 τὸν
780 3679 883 3740 κγ’.
915 3671 1271 3743 Θλιδομένους
1315 3673 1372 3725 δὲ
1411 3672 1575 3744 ὁρῶν,
1606 3690 1713 3726 πα-

155 3766 363 3834 ρακάλει
385 3765 632 3828 τούτους,
657 3764 1016 3836 ἐπευχόμενος
1039 3765 1132 3817 καὶ
1160 3764 1330 3833 λέγων
1353 3765 1536 3828 αὐτοῖς
1559 3764 1628 3818 τὰ
1656 3767 1714 3819 ἐν

152 3856 219 3929 τῷ
245 3859 304 3911 ιθ¹
330 3856 536 3927 ψαλμῷ
569 3857 807 3927 ῥήματα.
858 3857 1018 3927 Ὁρᾷς
1055 3855 1274 3908 σεαυτὸν
1300 3856 1714 3926 ποιμαινόμενον

153 3953 235 4005 καὶ
261 3950 615 4018 εὐοδούμενον
639 3949 788 4018 παρὰ
823 3948 916 4002 τοῦ
935 3949 1161 4019 Κυρίου,
1185 3948 1389 4018 χαίρων
1422 3950 1513 4001 ἐπὶ
1541 3951 1714 4021 τούτῳ

151 4042 300 4110 ψάλλε
327 4042 420 4094 τὸν
444 4041 550 4111 κβ’.
578 4044 640 4094 OE
669 4041 850 4111 ἐχθροὶ
884 4042 1010 4111 περὶ
1039 4040 1120 4106 σὲ,
1146 4040 1281 4094 άλλά
1313 4043 1376 4094 σὺ
1407 4043 1506 4113 τὴν
1536 4040 1713 4114 ψυχὴν

152 4131 376 4200 ἐπαίρων
414 4132 554 4201 πρὸς
583 4130 747 4192 Θεὸν,
796 4129 918 4196 λέγε
946 4128 1034 4182 τὸν
1070 4129 1166 4191 κδ’,
1213 4130 1307 4182 καὶ
1343 4130 1461 4200 ὄψει
1492 4131 1713 4194 τούτους

151 4219 589 4289 ἁμαρτάνοντας
618 4218 918 4286 διακενῆς.
983 4220 1360 4289 Ἑπιμένουσιν
1416 4225 1463 4274 οί
1508 4223 1710 4293 ἐχθροὶ,

152 4310 283 4364 οὐδὲν
307 4314 500 4382 ἕτερον
527 4311 560 4380 ἢ
594 4309 692 4374 τὰς
719 4313 903 4383 χεῖρας
938 4311 1149 4381 ἔχοντες
1178 4313 1423 4383 αἱμάτων
1464 4314 1708 4385 πλήρεις,

154 4403 232 4453 καὶ
262 4399 556 4471 ζητοῦντες
582 4399 802 4452 ὲλκῦσαί
838 4417 896 4452 σε
927 4401 1020 4453 καὶ
1051 4401 1345 4466 ἀπολέσαι,
1375 4403 1448 4473 μὴ
1478 4402 1581 4472 δῷς
1619 4405 1711 4456 ἀν-

1819 3216 2076 3281 oraverit,
2103 3215 2273 3272 habes
2307 3217 2699 3286 octogesimum
2741 3237 2967 3275 nonum.
3001 3220 3286 3279 Liberatus
3326 3240 3387 3280 es

1816 3308 1885 3362 ab
1920 3308 2155 3363 inimicis
2208 3309 2319 3365 tuis
2366 3319 2422 3364 et
2463 3319 2710 3367 servatus
2745 3326 2775 3366 a
2819 3313 3270 3383 persequentibus
3301 3325 3387 3382 te,

1815 3411 1952 3452 cane
1996 3407 2049 3452 ct
2082 3407 2139 3452 tu
2180 3398 2453 3454 decimum
2497 3402 2785 3470 septimum
2832 3404 3124 3472 psalmum.
3173 3404 3388 3460 Miraris

1815 3497 2020 3542 natura:
2049 3489 2291 3544 ordinem
2331 3499 2385 3544 et
2413 3491 2772 3547 Providentia:
2800 3497 3028 3565 gratiam
3058 3497 3113 3550 in
3145 3497 3235 3551 illa
3255 3539 3270 3564 ,
3301 3499 3382 3554 le-

1813 3579 2002 3648 gisque
2037 3595 2190 3634 sacra
2213 3592 2501 3651 praecepta,
2526 3585 2694 3652 psalle
2729 3585 2796 3639 18
2817 3593 2870 3640 et
2898 3585 2987 3640 25.
3022 3585 3158 3641 Cum
3184 3589 3387 3645 videris

1815 3669 2061 3736 alllictos,
2097 3673 2382 3728 consolare
2422 3674 2542 3730 illos
2573 3675 2708 3730 bene
2733 3678 3024 3746 precando,
3055 3694 3119 3735 ac
3156 3679 3383 3736 dicendo

1815 3762 1920 3819 illis
1949 3765 2110 3819 verba
2146 3765 2342 3820 decimi
2381 3766 2509 3821 noni
2551 3767 2766 3836 psalmi.
2804 3765 2963 3823 Vides
2998 3777 3049 3824 te
3079 3785 3110 3824 a
3151 3769 3384 3825 Domino

1814 3855 1962 3922 pasci
2011 3871 2074 3909 ac
2102 3856 2282 3925 dirigi,
2315 3858 2418 3910 hac
2454 3857 2506 3909 in
2533 3871 2590 3910 re
2623 3859 2862 3926 gaudens
2891 3859 3058 3928 psalle
3085 3860 3176 3916 2‘2.
3222 3860 3380 3916 Inva-

1814 3945 1948 4000 dunt
1975 3954 2023 3998 te
2058 3946 2264 4000 inimici
2299 3947 2397 4013 tui,
2427 3957 2481 4001 at
2513 3959 2568 4002 tu
2593 3950 2830 4003 animam
2855 3951 3069 4020 erigens
3098 3952 3164 4006 ad
3199 3952 3382 4007 Domi-

1814 4049 1941 4088 num
1969 4035 2054 4089 dic
2094 4035 2185 4100 24,
2223 4046 2276 4090 et
2318 4037 2524 4092 videbis
2575 4039 2750 4108 inique
2789 4049 2996 4109 agentes
3043 4057 3377 4111 supervacue.

1811 4119 2139 4195 Exspectant
2164 4126 2405 4193 inimici,
2436 4128 2569 4181 nihil
2599 4129 2859 4184 habentes
2892 4130 3038 4186 aliud
3065 4148 3228 4202 quam
3259 4150 3377 4188 ma-

1813 4229 1916 4267 nus
1943 4215 2206 4284 sanguine
2251 4215 2466 4282 plenas,
2514 4231 2578 4269 ac
2624 4227 2931 4284 qumrentes
2973 4226 3027 4270 te
3072 4233 3265 4272 vexare
3314 4235 3379 4274 ac

1811 4306 2052 4373 perdere,
2085 4321 2151 4358 ne
2171 4305 2383 4360 deferas
2412 4307 2619 4359 homini
2641 4307 2928 4375 judicium,
2955 4319 3206 4378 suspecta
3231 4310 3376 4365 enim

1813 4405 1940 4450 sunt
1981 4399 2162 4451 omnia
2195 4398 2470 4464 humana;
2503 4399 2596 4463 sed
2627 4397 2794 4453 Deum
2821 4400 3056 4468 judicem
3092 4402 3377 4470 postulans

153 4491 335 4564 θρὼπῳ
359 4494 422 4546 τὸ
446 4495 620 4563 κρῖμα
648 4491 886 4561 (ὕποπτα
913 4493 1020 4563 γὰρ
1040 4494 1216 4546 πάντα
1247 4493 1314 4548 τά
1341 4492 1705 4565 ἀνθρώπινα)-

1820 4487 1984 4554 [solus
2027 4489 2169 4542 enim
2201 4488 2290 4542 ille
2326 4488 2516 4557 judcx)
2539 4530 2553 4554 ,
2590 4489 2678 4544 dic
2722 4489 2826 4554 25,
2855 4490 2924 4544 54
2947 4531 2961 4555 ,
2984 4491 3074 4544 42.
3113 4491 3170 4545 Si
3199 4481 3378 4547 acrius

156 4583 274 4637 ἀλλά
307 4586 397 4638 τὸν
430 4584 568 4636 Θεὸν
604 4584 771 4650 ἀξιῶν
823 4585 1015 4657 κριτὴν
1059 4584 1310 4652 γενέσθαι
1352 4585 1553 4655 (μόνος
1601 4586 1707 4656 γὰρ

155 4677 294 4740 αὑτὸς
324 4677 534 4739 δίκαιος
553 4676 592 4746 ),
621 4676 744 4744 λέγε
773 4677 840 4730 τὰ
873 4679 930 4730 ἐν
963 4676 1041 4748 τῷ
1090 4684 1166 4730 κε’
1189 4717 1203 4740 ,
1236 4677 1329 4730 καὶ
1356 4678 1446 4731 τὸν
1495 4678 1587 4742 λδ’,
1614 4679 1708 4731 καὶ

155 4767 229 4818 τὸν
252 4767 351 4837 μβκ
398 4767 526 4821 Ἐὰν
561 4768 616 4821 δὲ
647 4768 740 4821 καὶ
760 4768 1088 4839 τραχύτερον
1119 4768 1434 4832 ἐπίθωνται,
1458 4770 1550 4822 καὶ
1579 4769 1709 4839 πλῆ-

156 4856 230 4920 θος
250 4859 318 4922 ὡς
343 4859 690 4929 παρεμϐολαὶ
720 4859 978 4926 γένωνται
1001 4861 1048 4911 οί
1075 4857 1277 4929 ἐχθροὶ,
1310 4859 1707 4930 καταφρονούν-

155 4961 228 5008 τες
268 4947 339 5010 ὡς
397 4950 567 5018 μήπω
602 4965 694 5000 σου
729 4949 1057 5018 χρισθέντος,
1091 4948 1186 5000 καὶ
1231 4948 1318 5001 διὰ
1356 4947 1513 5001 τοῦτο
1550 4949 1704 5002 πωλε-

160 5041 260 5103 μείν
287 5039 590 5103 ἐθέλοντες·
624 5040 698 5110 μὴ
721 5039 946 5110 πτήξῃς,
977 5038 1088 5092 ἀλλ’
1116 5035 1207 5110 ᾆδε
1239 5040 1328 5092 τὸν
1360 5047 1449 5104 κς¹
1472 5040 1702 5109 ψαλμόν.

169 5129 360 5198 Ἐπειδὴ
401 5131 462 5184 δὲ
495 5130 728 5202 ἀσθενής
784 5132 929 5183 ἐστιν
983 5132 1017 5201 ὴ
1046 5132 1206 5200 φύσις
1233 5131 1340 5186 τῶν
1381 5131 1700 5203 ἀνθρώπων,

158 5219 236 5274 ἐὰν
259 5221 414 5275 πάλιν
458 5223 882 5292 ἀναισχυντῶσιν
921 5225 970 5276 οἱ
1007 5225 1473 5291 ἐπιϐουλεύοντες,
1511 5227 1596 5279 ἵνα
1628 5227 1701 5297 μὴ

159 5311 273 5378 πρὸς
297 5314 538 5376 ἐκείνους
567 5313 697 5384 ἔχῃς
717 5315 814 5384 τὴν
846 5315 1058 5386 σχολὴν,
1088 5315 1256 5387 κράζε
1281 5317 1414 5388 πρὸς
1435 5317 1525 5371 τὸν
1548 5316 1699 5380 Θεὸν,

159 5397 305 5468 λέγων
335 5405 402 5458 τά
427 5407 484 5457 ἐν
514 5404 594 5474 τῷ
623 5405 724 5468 κζ’.
766 5408 874 5459 Καὶ
910 5405 1003 5458 ἐὰν
1036 5407 1194 5477 θέλῃς
1221 5409 1558 5479 εὐχαριστῶν
1595 5425 1699 5477 μα-

162 5487 255 5542 θεῖν
302 5494 415 5556 πῶς
466 5495 549 5548 δεῖ
580 5496 907 5566 προσφέρειν
944 5497 1021 5567 τῷ
1069 5499 1280 5568 Κυρίῳ,
1310 5500 1514 5570 νοητῶς
1566 5499 1701 5553 νοῶν

161 5578 304 5644 ψάλλε
329 5585 418 5638 τὸν
449 5593 556 5656 κη’.
584 5587 692 5638 Καὶ
719 5586 901 5640 λοιπὸν
949 5588 1265 5655 ἐγκαινίζων
1309 5589 1398 5641 τὸν
1430 5585 1575 5642 οἶκόν
1608 5607 1697 5643 σου

164 5671 244 5736 τήν
268 5689 322 5724 τε
349 5675 524 5747 ψυχὴν
547 5677 648 5747 τὴν
676 5677 765 5728 τὸν
788 5677 988 5747 Κύριον
1011 5678 1410 5750 ὑποδεχομένην
1435 5719 1449 5740 ,
1485 5681 1576 5732 καὶ
1609 5681 1699 5733 τὸν

166 5768 441 5830 σωματικὸν
468 5763 640 5830 οἶκον,
670 5771 726 5821 ἐν
748 5761 791 5836 ᾧ
822 5769 1148 5839 σωματικῶς
1194 5773 1462 5833 κατοικεῖς
1482 5811 1496 5833 ,
1535 5773 1697 5840 τύχα.

1811 4579 2014 4634 instent
2059 4589 2112 4634 et
2164 4596 2276 4649 pra:
2316 4581 2661 4635 multitudine
2689 4583 2844 4650 quasi
2881 4583 3153 4638 exercitus
3175 4582 3378 4640 fuerint

1811 4671 2034 4736 inimici,
2070 4681 2121 4726 te
2150 4681 2406 4741 tauquam
2444 4673 2682 4726 nondum
2719 4684 2938 4730 unctum
2984 4675 3372 4745 despicientcs,

1809 4767 2041 4835 ideoque
2073 4782 2386 4837 oppugnare
2426 4767 2624 4832 velint;
2664 4785 2732 4823 ne
2775 4767 3066 4835 formides,
3114 4771 3206 4825 sed
3241 4787 3375 4826 cane

1808 4859 2129 4913 vicesimum
2185 4868 2398 4913 sextum
2435 4859 2728 4929 psalmum.
2777 4859 2846 4913 At
2889 4861 3145 4929 quoniam
3199 4862 3372 4917 imbe-

1808 4951 1928 5005 cilla
1957 4961 2041 5005 est
2077 4951 2360 5004 hominum
2404 4961 2596 5004 natura
2621 4989 2638 5015 ,
2674 4951 2720 5005 si
2744 4949 3085 5020 impudenter
3117 4953 3373 5008 insistant

1807 5041 2182 5105 insidiatores,
2239 5056 2305 5096 ne
2341 5043 2587 5096 attendas
2634 5042 2769 5111 ipsis
2794 5083 2809 5107 ,
2842 5041 2935 5095 sed
2981 5043 3047 5096 ad
3081 5041 3372 5099 Dominum

1806 5134 1999 5197 clama,
2021 5134 2206 5188 dicens
2235 5135 2398 5188 verba
2428 5133 2670 5188 vicesimi
2699 5133 2932 5202 septimi.
2960 5132 3114 5199 Quod
3157 5135 3202 5189 si
3250 5150 3371 5204 gra~

1804 5223 1908 5278 tias
1934 5224 2140 5292 agendo
2167 5225 2409 5278 ediscere
2435 5223 2588 5286 velis,
2611 5223 2887 5292 quomodo
2916 5233 3159 5292 oporteat
3180 5224 3374 5279 oﬂ‘erre

1807 5311 2066 5377 Domino,
2095 5313 2448 5382 spiritualiter
2487 5312 2788 5382 intelligens
2832 5312 3003 5380 psalle
3051 5313 3369 5369 vicesimum

1803 5414 2074 5458 octavum.
2108 5404 2174 5458 Et
2217 5406 2435 5458 demum
2475 5419 2599 5458 cum
2648 5404 2869 5458 domum
2918 5415 3063 5458 tuam
3111 5404 3370 5472 dedicas,

1803 5495 1906 5548 hoc
1935 5505 2020 5549 est
2050 5496 2288 5549 animam
2322 5505 2491 5558 tuam,
2522 5509 2642 5564 qua:
2672 5493 2961 5548 Dominum
2991 5494 3189 5563 excipit
3213 5535 3228 5559 ,
3259 5495 3368 5549 imo

1802 5583 2114 5639 sensibilem
2164 5585 2384 5638 domum
2408 5626 2422 5649 ,
2476 5584 2529 5637 in
2565 5599 2672 5653 qua
2719 5584 3075 5653 corporaliter
3114 5583 3325 5637 habitas
3350 5625 3366 5648 ,

1801 5676 2003 5744 gratias
2033 5692 2151 5747 age,
2185 5687 2236 5731 et
2260 5678 2346 5732 die
2379 5677 2693 5734 vicesimum
2719 5689 2943 5742 nonum,
2966 5685 3020 5732 et
3044 5689 3108 5730 ex
3136 5674 3368 5744 gradua-

1801 5769 1948 5826 libus
1980 5769 2100 5824 126.

170 5852 328 5931 ρίστει,
364 5860 450 5912 καὶ
483 5859 605 5927 λέγε
654 5860 739 5915 τόν
767 5878 821 5914 τε
850 5860 927 5914 κθ⁹
976 5866 1066 5915 καὶ
1097 5863 1184 5918 τὸν
1227 5865 1283 5915 ἐν
1323 5867 1432 5927 τοῖς
1461 5866 1790 5940 ἀναϐαθμοίς
1825 5872 1967 5940 ρκς’.
