4102 6304
186 377 236 436 55
1256 360 1593 416 EPISTOLA
1633 362 1724 416 AD
1762 361 2256 420 MARCELLINUM
2269 403 2281 417 .
3314 374 3386 433 34

186 490 333 563 δράμῃ
355 490 382 539 6
402 485 639 550 διώκων,
657 486 749 538 καὶ
774 483 847 554 μὴ
864 480 1144 550 γινώσκων
1166 480 1382 553 εἰσέλθῃ
1406 483 1484 544 είς
1508 481 1567 534 τὸ
1592 482 1717 553 σπή·

1828 484 1874 539 si
1922 485 2137 554 ingruat
2170 483 2508 553 persecutio,
2540 492 2595 539 et
2635 486 2947 556 imprudens
2982 504 3293 558 persecutor
3330 494 3384 546 in

186 585 305 637 λαιον
338 583 394 632 tv
423 573 469 646 ᾧ
499 579 595 630 καὶ
624 578 687 629 σὺ
708 575 941 647 κρύπτῃ,
970 574 1092 645 μηδ’
1114 574 1283 637 οὕτως
1313 573 1521 644 πτήξῃς
1539 591 1552 604 ’
1581 573 1724 644 ἔχεις

189 670 269 740 γὰρ
294 669 417 729 τοὺς
444 668 502 718 ἐν
532 664 755 735 τοιαύτῃ
782 665 993 734 ἀνάγκη
1016 662 1295 737 χρησμοὺς
1336 664 1415 726 είς
1450 664 1726 735 παράκλη-

190 781 252 816 σιν
275 762 364 814 καὶ
389 759 795 830 στηλογραφίας
820 757 1029 825 λόγους,
1054 757 1178 820 τοὺς
1200 759 1255 809 ἐν
1272 756 1349 827 τῷ
1375 763 1459 821 νς¹
1491 758 1582 809 καὶ
1601 756 1727 819 τοὺς

189 859 232 908 tv
257 856 324 923 τῷ
355 858 503 923 ρμα’.
557 852 682 904 Ἐὰν
708 850 763 903 δὲ
796 850 887 902 καὶ
914 850 1251 919 φυλαχθῆναι
1271 836 1275 839 ’
1294 849 1390 919 τὴν
1434 849 1610 901 οἰκίαν
1637 865 1727 901 κε-

188 945 326 1015 λεύσῃ
344 945 372 995 ὁ
399 938 783 1003 ἐπιϐουλεύων,
810 939 902 992 καὶ
928 938 1210 1009 διαφύγῃς,
1235 937 1475 991 ἁνατίθει
1501 937 1578 1005 τῷ
1612 939 1725 990 Κυ-

193 1037 267 1108 ρίῳ
283 1036 382 1105 τὴν
416 1033 596 1103 χάριν,
635 1031 710 1092 ὡς
737 1032 792 1083 ἐν
821 1030 1038 1100 στήλαις
1085 1032 1312 1101 γράφων
1366 1029 1534 1100 αὐτὴν
1578 1030 1634 1082 ἐν
1657 1032 1723 1100 τῇ

186 1129 325 1197 ψυχῇ,
363 1124 707 1195 μνημόσυνον
737 1116 898 1174 οὖσαν
942 1120 1035 1173 τοῦ
1064 1120 1137 1191 μὴ
1176 1119 1494 1190 διεφθάρθαι
1529 1137 1607 1185 σε,
1634 1122 1726 1173 καὶ

188 1219 284 1286 λέγε
303 1216 371 1268 τὰ
400 1218 459 1267 ἐν
484 1213 563 1284 τῷ
594 1219 675 1283 νη¹
693 1211 905 1282 ψαλμῷ.
940 1212 1063 1264 Ἐὰν
1092 1212 1145 1264 δὲ
1167 1212 1258 1265 καὶ
1284 1212 1581 1276 ὀνειδίζωσι
1610 1212 1723 1265 θλὶ-

190 1310 342 1371 6οντες
373 1308 421 1359 οἱ
475 1305 680 1376 ἐχθροὶ,
732 1304 822 1357 καὶ
867 1301 1228 1372 φλυαροῦντες
1284 1302 1641 1357 διαϐάλλωσιν
1675 1306 1723 1358 οἱ

187 1399 438 1461 δοκοῦντες
468 1393 605 1450 εἶναι
626 1395 787 1465 φίλοι,
828 1396 920 1447 καὶ
952 1395 1197 1467 λυπηθῇς
1226 1398 1284 1449 tv
1329 1399 1394 1467 τῇ
1443 1396 1725 1469 ἀδολεσχίᾳ.

190 1512 262 1547 σου
292 1494 425 1565 πρὸς
450 1492 651 1560 ὀλίγον,
675 1491 807 1545 ἀλλὰ
836 1490 1055 1543 δύνασαι
1090 1491 1514 1562 παρακαλεῖσθαι
1540 1492 1724 1563 ὑμνῶν

188 1588 343 1639 καὶσὺ
380 1586 473 1638 τὸν
516 1585 671 1649 Θεὸν,
708 1584 799 1637 καὶ
849 1583 1021 1653 λέγων
1064 1584 1133 1637 τὰ
1164 1587 1222 1637 ἐν
1254 1584 1330 1655 τῷ
1377 1585 1447 1637 νδ¹
1488 1586 1717 1656 ῥήματα.

189 1677 275 1730 Καὶ
299 1677 432 1748 πρὸς
461 1676 559 1746 μὲν
579 1675 1034 1746 ὑποκρινομένους
1066 1676 1158 1729 καὶ
1196 1678 1254 1729 ἐν
1282 1676 1560 1747 προσώπῳ
1592 1694 1723 1729 καυ-

186 1770 435 1840 χωμένους
476 1768 602 1837 λέγε
634 1768 769 1839 πρὸς
808 1770 1071 1841 ἐντροπὴν
1103 1769 1323 1822 ἐκείνων
1370 1768 1459 1821 τὸν
1482 1766 1557 1833 νζ¹
1591 1769 1723 1839 ψαλ-

1828 590 1946 629 eam
1977 576 2287 644 speluncam
2330 576 2561 639 incidat,
2594 578 2645 631 in
2676 594 2783 647 qua
2826 590 2883 634 tu
2918 582 3288 649 absconderis,
3319 600 3386 640 ne

1832 664 2176 730 reformides;
2216 667 2382 722 babes
2408 670 2550 722 enim
2592 677 2644 723 et
2693 670 2745 723 in
2781 671 2870 724 tali
2917 672 3236 728 necessitate
3266 689 3386 743 per-

1833 758 1988 813 utiles
2010 759 2076 811 ad
2105 759 2525 813 consolationem
2543 770 2595 814 et
2618 762 2752 816 tituli
2782 763 3155 832 inscriptionis
3182 778 3385 819 sermo-

1832 865 1925 902 nes
1950 851 2001 902 in
2035 850 2258 919 psalmis
2279 849 2346 903 56
2379 860 2431 904 et
2470 852 2588 904 141.
2629 851 2685 905 Si
2738 865 2915 909 autem
2953 854 3177 924 jusserit
3207 871 3387 924 perse-

1830 949 1985 995 cutor
2016 941 2273 994 custodiri
2309 942 2529 995 domum
2580 953 2725 997 tuam
2747 987 2760 1011 ,
2788 954 2842 999 et
2887 956 3067 1000 tamen
3097 947 3344 1015 efiugeris
3370 988 3384 1011 ,

1833 1030 1941 1085 Deo
1970 1030 2112 1086 refer
2144 1032 2369 1101 gratiam
2393 1074 2406 1097 ,
2442 1050 2670 1104 eamque
2698 1037 2751 1090 in
2788 1038 2966 1091 anima
3009 1047 3095 1092 tua
3141 1039 3298 1107 quasi
3333 1040 3385 1092 iu

1831 1125 1989 1193 cippo
2021 1124 2278 1190 inscribe,
2305 1134 2365 1179 ut
2395 1128 2706 1182 memoriale
2734 1129 2802 1182 sit
2834 1137 2938 1183 tua:
2970 1130 3385 1194 incolumitatis,

1829 1222 1883 1268 et
1908 1214 1992 1268 dic
2018 1229 2079 1269 ea
2104 1231 2225 1285 quae
2255 1226 2382 1271 sunt
2420 1218 2469 1270 in
2500 1218 2586 1272 58.
2626 1219 2680 1271 Si
2708 1230 2885 1274 autem
2917 1222 3241 1290 exprobrent
3266 1223 3383 1285 tibi,

1830 1305 1919 1373 qui
1964 1314 2013 1359 te
2040 1305 2279 1375 afﬂigunt
2325 1308 2532 1362 inimici
2585 1310 2656 1362 tui
2682 1349 2695 1372 ,
2731 1319 2784 1363 et
2824 1312 2912 1380 qui
2944 1311 3191 1366 videntur
3224 1314 3387 1367 amici

1828 1412 1948 1452 esse
1976 1399 2051 1451 tui
2079 1439 2093 1462 ,
2130 1398 2482 1468 obloquentes
2521 1401 2893 1465 detraxerint,
2936 1412 2989 1455 et
3024 1403 3078 1456 in
3120 1402 3387 1457 exercita-

1830 1488 1974 1541 tione
2006 1496 2093 1541 tua
2120 1488 2185 1542 ad
2214 1487 2486 1543 modicum
2520 1492 2777 1559 temporis
2813 1492 3150 1546 contristeris
3170 1532 3183 1555 ,
3214 1502 3265 1546 et
3293 1507 3388 1562 po.

1831 1586 1912 1633 tes
1968 1594 2101 1634 sane
2150 1580 2378 1649 teipsum
2437 1582 2704 1636 consolari
2758 1583 2971 1651 hymnis
3028 1582 3197 1637 Deum
3248 1583 3387 1638 cele-

1830 1670 2035 1725 brando
2080 1687 2145 1725 ac
2190 1673 2467 1726 recitando
2502 1674 2768 1743 psalmum
2797 1675 2887 1729 54.
2920 1674 3189 1729 Adversus
3221 1676 3389 1747 Ιιςροο

1828 1763 1995 1816 critas
2042 1770 2096 1815 et
2137 1763 2190 1815 in
2232 1762 2368 1817 facie
2407 1764 2732 1833 gloriantes,
2772 1766 2856 1818 tlic
2892 1767 2957 1820 ad
3012 1766 3384 1822 confusionem

189 1863 298 1930 μόνο
328 1861 464 1933 πρὸς
494 1861 550 1913 δὲ
578 1862 703 1924 τοὺς
742 1861 1025 1933 ὁρμῶντας
1054 1863 1260 1932 ἀγρίως
1300 1862 1437 1915 κατὰ
1466 1861 1580 1927 σοῦ,
1632 1863 1717 1915 καὶ

1824 1869 2011 1908 eorum
2046 1854 2313 1923 psalmum
2364 1856 2452 1911 57.
2476 1854 2753 1912 Adversus
2791 1872 2883 1911 eos
2913 1868 3091 1911 autem
3124 1858 3215 1926 qui
3252 1858 3303 1911 in
3338 1870 3387 1912 te

185 1952 405 2014 Θέλοντας
437 1952 625 2004 λαδεῖν
654 1968 745 2003 σου
777 1951 873 2022 τὴν
894 1951 1091 2021 ψυχὴν,
1123 1951 1335 2014 ἀντίθες
1364 1953 1427 2005 σὺ
1466 1952 1564 2023 τὴν
1589 1952 1723 2023 πρὸς

184 2042 256 2094 τὸν
278 2042 399 2095 Θεόν
427 2059 521 2093 σου
542 2040 835 2111 ὑποταγὴν,
880 2043 969 2093 καὶ
996 2041 1207 2112 θάρρει.
1246 2042 1395 2112 Ὀσῳ
1426 2043 1532 2112 γὰρ
1586 2046 1725 2095 ἐκεῖ·

182 2150 247 2186 vet
279 2135 597 2204 μαίνονται,
651 2135 888 2205 τοσούτῳ
924 2134 1123 2197 μᾶλλον
1175 2135 1479 2207 ὑποτάσσου
1535 2138 1597 2190 σὺ
1648 2136 1724 2207 τῷ

184 2203 359 2295 Κυρίῳ,
391 2225 486 2277 καὶ
516 2224 640 2292 λέγε
673 2224 741 2276 τὰ
761 2227 815 2277 ἐν
956 2223 1054 2290 ξω.
1112 2224 1221 2277 Καὶ
1254 2203 1349 2277 ἐάν
1392 2225 1491 2295 μὲν
1535 2203 1725 2279 διωκόλ-

184 2331 317 2383 μενος
336 2318 413 2378 είς
448 2317 685 2386 ἐρημίαν
708 2314 967 2387 ἀπέλθῃς,
1002 2316 1076 2386 μὴ
1107 2314 1347 2386 φοσηθῇς
1373 2316 1447 2380 ὠς
1468 2317 1625 2387 μόνος
1649 2317 1723 2371 ὢν

182 2408 293 2472 ἐκεῖ,
322 2406 457 2475 ἔχων
500 2407 555 2459 δὲ
599 2407 690 2459 τὸν
729 2406 858 2461 Θεὸν
891 2409 1008 2459 ἐκεῖ
1052 2410 1145 2460 καὶ
1179 2408 1325 2479 ,πρὸς
1357 2410 1516 2463 αὑτὸν
1549 2412 1725 2483 ὀρθρί-

178 2498 268 2561 ζων
302 2497 467 2567 ψάλλε
507 2498 598 2550 τὸν
625 2497 720 2567 ξβ⁹.
762 2498 1163 2567 Ἐκφοϐούντων
1192 2500 1246 2552 δὲ
1267 2500 1374 2553 τῶν
1404 2501 1611 2572 ἐχθρῶν
1631 2504 1722 2556 καὶ

181 2589 242 2659 μὴ
269 2590 585 2661 παυομένων
612 2589 706 2643 τοῦ
739 2590 1067 2660 ἐνεδρεύειν,
1096 2590 1230 2644 ἀλλὰ
1277 2591 1370 2645 καὶ
1399 2593 1721 2663 ἐξερευνών-

174 2699 264 2735 ⁶των
301 2685 402 2737 πᾶν
436 2683 585 2737 κατὰ
638 2683 752 2748 σοῦ,
794 2683 896 2736 κᾶν
930 2683 1130 2752 πλῆθος
1177 2678 1299 2748 ὦσι,
1335 2685 1409 2756 μὴ
1452 2687 1717 2757 ύπενδῷς·

178 2772 284 2843 βέλη
314 2775 417 2845 γὰρ
442 2774 654 2843 νηπίων
682 2774 889 2827 ἔσονται
921 2774 1127 2827 τούτων
1150 2775 1206 2827 αἱ
1240 2776 1465 2845 πληγαὶ,
1497 2776 1721 2846 ψάλλον-

172 2865 247 2927 οός
267 2882 351 2918 σου
383 2866 476 2919 τὸν
509 2865 607 2932 ἐτ’,
636 2867 730 2918 καὶ
757 2865 845 2917 τὸν
879 2864 969 2931 ξδ’,
1002 2867 1096 2919 καὶ
1120 2864 1215 2929 ξθ’,
1254 2868 1346 2920 καὶ
1376 2875 1439 2921 o'.

226 3068 321 3114 xa‘.
353 3062 467 3116 Καὶ
499 3061 627 3114 ὅταν
657 3060 753 3131 μὲν
784 3061 1018 3132 ὑμνῆσαι
1048 3060 1211 3134 βούλῃ
1237 3060 1328 3114 τὸν
1356 3060 1558 3132 Κύριον
1578 3100 1592 3123 ,
1625 3056 1717 3133 ᾆδε

1827 1946 2082 1999 atrociter
2109 1946 2327 2001 irruunt
2345 1957 2396 2001 et
2436 1963 2625 2017 capere
2654 1951 2837 2003 volunt
2863 1949 3098 2003 animam
3131 1960 3300 2013 tuam,
3331 1961 3386 2004 tu

1825 2051 2065 2105 opponas
2113 2037 2219 2091 illis
2263 2046 2411 2091 tuam
2460 2051 2584 2109 erga
2630 2040 2795 2094 Deum
2844 2042 3289 2110 obsequentiam,
3335 2052 3389 2099 et

1824 2127 2033 2181 conlide
2066 2145 2078 2181 :
2108 2137 2311 2197 quanto
2341 2128 2482 2182 enim
2517 2130 2593 2184 illi
2637 2132 3007 2185 vehementius
3043 2132 3341 2187 institerint
3370 2173 3385 2194 ,

1826 2224 1975 2271 tanto
2006 2221 2180 2289 magis
2212 2230 2260 2273 te
2304 2218 2531 2275 Domino
2569 2222 2856 2277 submittas
2880 2261 2894 2285 ,
2919 2232 2971 2277 et
3000 2223 3086 2278 dic
3113 2225 3275 2279 verba
3298 2227 3384 2279 61.

1827 2306 1884 2362 Si
1917 2311 2349 2377 persecutionem
2388 2326 2580 2380 passus
2617 2314 2669 2366 in
2695 2314 3036 2368 solitudinem
3074 2317 3384 2380 recesseris,

1794 2400 1890 2454 'ne
1933 2399 2190 2454 fortnides
2228 2403 2385 2471 quasi
2433 2404 2583 2459 solus
2612 2405 2682 2458 ibi
2727 2405 2923 2475 degas,
2956 2423 3078 2460 cum
3122 2408 3264 2463 adsit
3291 2410 3387 2463 tibi

1824 2489 1984 2557 Deus,
2018 2491 2082 2544 ad
2127 2507 2287 2559 quem
2332 2492 2551 2547 diliculo
2594 2508 2728 2548 cane
2765 2496 3030 2564 psalmum
3059 2497 3147 2550 62.
3189 2497 3245 2550 Si
3280 2506 3387 2553 ter-

1824 2591 1978 2637 reant
2004 2591 2055 2636 te
2080 2584 2307 2645 inimici,
2340 2599 2438 2640 nec
2469 2586 2628 2638 linem
2663 2584 2866 2640 faciant
2891 2586 3209 2642 insidiarum
3232 2627 3247 2653 ,
3278 2589 3387 2641 imo

1822 2675 2106 2728 adversum
2160 2684 2209 2727 te
2244 2676 2429 2729 omnia
2460 2686 2793 2741 scrutentur,
2828 2677 3037 2733 etiamsi
3081 2680 3235 2734 multi
3269 2679 3386 2734 fue-

1822 2766 1964 2828 rint,
2016 2780 2359 2835 nequaquam
2408 2768 2605 2822 cedas:
2640 2784 2761 2822 nam
2794 2771 3002 2839 sagitta:
3037 2772 3386 2840 parvulorum

1820 2866 1978 2913 erunt
2019 2858 2187 2928 plaga:
2223 2874 2436 2923 eorum,
2482 2870 2709 2914 canente
2756 2869 2805 2915 te
2845 2863 3082 2930 psalmos
3138 2862 3244 2927 63,
3277 2863 3343 2916 64
3369 2904 3385 2929 ,

1822 2947 1889 3005 69
1904 2988 1920 3013 ,
1956 2948 2039 3003 70.

1888 3062 1975 3114 21.
2019 3060 2251 3125 Quando
2312 3057 2480 3115 Deum
2557 3063 2831 3119 celebrare
2906 3065 3166 3128 volueris,
3219 3064 3386 3120 recita

168 3150 224 3203 τὰ
248 3153 299 3204 tv
326 3152 403 3223 τῷ
437 3149 534 3216 ξδ’.
578 3150 702 3203 Ἐὰν
741 3150 799 3202 δέ
843 3150 1150 3219 κατηχῆσαι
1195 3151 1355 3220 θέλῃς
1401 3150 1552 3213 τινὰς
1591 3151 1717 3221 περὶ

1823 3150 2216 3219 sexagesimum
2255 3162 2532 3220 quartum.
2561 3151 2616 3206 Si
2643 3153 2858 3224 aliquos
2881 3155 2947 3209 de
2983 3156 3383 3210 resurrectione

166 3243 517 3305 ἀναστάσεως,
545 3237 638 3313 ᾆδε
660 3240 728 3295 τὰ
753 3242 810 3293 ἐν
836 3239 913 3311 τῷ
957 3239 1047 3305 ξω.
1091 3240 1423 3311 Οίκτιρμοὺς
1447 3241 1504 3293 δὲ
1553 3241 1717 3294 αίτῶν

1826 3242 2099 3303 instituas,
2127 3244 2294 3297 recita
2328 3242 2417 3296 65.
2451 3242 2740 3299 Postulans
2772 3262 2799 3299 a
2831 3245 3059 3302 Domino
3084 3248 3388 3302 miseratio-

169 3336 297 3404 παρὰ
321 3335 414 3387 τοῦ
446 3334 609 3398 Θεοῦ,
646 3334 803 3404 ὕμνει
844 3333 1027 3397 αὐτὸν,
1074 3332 1289 3402 ψάλλων
1318 3332 1409 3386 τὸν
1450 3333 1555 3397 Eg’.
1595 3335 1722 3386 Ὅτε

165 3425 212 3478 δὲ
240 3424 447 3494 βλέπεις
479 3424 608 3487 τοὺς
641 3424 738 3493 μὲν
756 3424 970 3488 ἀσεϐεῖς
998 3426 1055 3478 ἐν
1085 3425 1274 3495 εἰρήνῃ
1297 3423 1521 3492 εύθηνου
1532 3424 1722 3495 μένους

167 3519 246 3571 καὶ
271 3517 623 3588 καταθυμίως
664 3515 869 3580 ζῶντας
911 3517 1036 3579 τοὺς
1088 3517 1143 3570 δὲ
1193 3516 1431 3579 δικαίους
1477 3516 1722 3587 θλιϐομέ-

166 3625 291 3673 νους,
315 3610 398 3662 ἶνα
450 3607 531 3679 μὴ
558 3603 949 3674 σκανδαλισθῇς
985 3603 1079 3657 καὶ
1116 3604 1566 3675 παρασαλευθῇς,
1600 3604 1720 3673 λέγε

163 3702 246 3754 καὶ
274 3701 423 3754 σὺτὰ
446 3703 509 3754 tv
534 3698 610 3771 τῷ
638 3697 713 3768 οβ’
732 3695 950 3767 ψαλμῷ.
991 3696 1102 3748 Καὶ
1128 3695 1255 3749 ὅταν
1297 3695 1394 3765 μὲν
1426 3695 1652 3766 ὀργισθῇ
1693 3698 1722 3747 ὀ

164 3792 279 3857 Θεὸς
297 3794 388 3847 ἐπὶ
410 3792 507 3847 τὸν
533 3791 683 3854 λαὸν,
713 3788 855 3861 ἔχεις
887 3789 966 3851 είς
989 3784 1330 3858 παράκλησιν
1362 3787 1491 3856 περὶ
1532 3784 1717 3838 τούτου

159 3883 333 3953 λόγους
379 3883 643 3945 συνετοὺς
673 3882 799 3944 τοὺς
845 3881 902 3931 tv
955 3877 1032 3948 τῷ
1069 3884 1145 3946 ογ’
1170 3894 1185 3909 ’
1220 3879 1307 3931 ὅτε
1348 3878 1404 3931 δὲ
1434 3878 1591 3948 χρεία
1639 3894 1719 3931 σοι

159 3969 590 4044 ἐξομολογήσεώς
620 3970 756 4033 ἐστι,
791 3966 957 4037 eam
991 3967 1082 4019 τὸν
1123 3966 1189 4030 θ’,
1237 3966 1309 4019 οδ⁹
1362 3968 1456 4019 καὶ
1491 3970 1598 4032 μα’,
1627 3968 1720 4021 καὶ

162 4064 243 4134 ρθ,
272 4066 364 4119 καὶ
400 4070 501 4135 ρε’,
531 4062 626 4117 καὶ
656 4067 765 4134 pg’,
790 4060 884 4113 καὶ
919 4057 1020 4131 ρξ’,
1066 4059 1159 4112 καὶ
1196 4064 1282 4130 ρι’,
1318 4057 1412 4109 καὶ⁵
1444 4057 1577 4128 ριζθ,
1626 4060 1719 4111 καὶ

161 4156 272 4225 ρλέ,
298 4157 394 4211 καὶ
418 4154 553 4228 ρλζκ
584 4154 695 4208 Καὶ
717 4152 1032 4222 δυσωπῆσαι
1060 4151 1159 4221 μέν
1186 4149 1353 4203 θέλων
1379 4149 1446 4202 τὰ
1468 4148 1575 4203 τῶν
1611 4150 1721 4202 Ἐλ-

155 4248 313 4319 λήνων
343 4251 439 4302 καὶ
470 4249 542 4319 τὰ
573 4244 680 4299 τῶν
710 4243 1023 4316 αίρετικῶν,
1056 4244 1137 4296 ὅτι
1163 4242 1237 4312 μὴ
1264 4242 1392 4313 παρ’
1425 4242 1609 4305 αὐτοῖς
1640 4240 1716 4293 Evr

159 4317 461 4408 Semiusta,
488 4317 612 4392 Ἀλλ’
662 4339 720 4390 ἐν
776 4334 909 4405 μόνῃ
952 4337 1018 4405 τῇ
1079 4332 1339 4403 καθολικῇ
1406 4332 1715 4403 Ἐκκλησία,

156 4431 363 4485 δύνασαι
395 4430 540 4485 νοῶν
578 4428 726 4500 ᾄδειν
757 4427 850 4479 καὶ
878 4424 1055 4494 λέγειν
1081 4424 1149 4477 τὰ
1182 4424 1239 4478 ἐν
1270 4422 1348 4493 τῷ
1373 4421 1463 4475 οε¹.
1509 4422 1631 4475 Τῶν
1659 4422 1714 4474 δὲ

1824 3347 1953 3393 nes,
1981 3332 2141 3385 lauda
2171 3333 2319 3386 illum
2348 3375 2360 3397 ,
2394 3335 2629 3403 psallens
2660 3336 2748 3389 66.
2780 3336 2915 3389 Cum
2953 3338 3156 3391 videris
3192 3339 3387 3408 impios

1824 3420 1874 3473 in
1908 3436 2037 3490 pace
2068 3438 2329 3491 prospere
2356 3436 2577 3493 agentes
2608 3435 2661 3479 et
2690 3426 2923 3481 libenter
2972 3428 3214 3483 viventes
3239 3470 3252 3494 ,
3293 3430 3386 3499 ju-

1820 3522 1932 3567 stos
1958 3522 2135 3567 antem
2152 3515 2399 3579 afﬂictos,
2428 3532 2494 3569 ne
2516 3518 2921 3582 scandalizeris,
2943 3534 3117 3588 neque
3144 3535 3388 3575 commo—

1819 3605 2018 3666 vearis,
2053 3607 2144 3659 sed
2180 3606 2266 3660 dic
2296 3608 2563 3676 psalmum
2592 3606 2677 3661 72.
2701 3607 2838 3662 Cum
2863 3609 3032 3664 iratus
3058 3609 3220 3665 fuerit
3244 3611 3385 3666 Deus

1820 3694 2085 3751 adversus
2127 3700 2384 3766 populum
2411 3738 2426 3760 ,
2467 3699 2633 3753 habes
2672 3699 2739 3752 ad
2772 3701 3199 3757 consolationem
3241 3703 3385 3758 illius

1819 3786 1978 3840 verba
2002 3789 2299 3856 prudentia:
2316 3789 2367 3841 in
2393 3788 2478 3841 73.
2502 3787 2731 3852 Quando
2754 3791 3095 3847 confessione
3129 3794 3225 3847 tibi
3247 3810 3385 3863 Opus

1817 3878 1941 3940 erit,
1968 3878 2136 3946 psalle
2161 3879 2214 3943 9,
2245 3878 2330 3944 74,
2361 3878 2448 3943 91,
2486 3880 2746 3945 104,105,
2769 3882 3033 3949 el106,et
3055 3884 3383 3951 107,ει11ο,

1818 3976 1871 4024 et
1895 3968 2018 4034 117,
2048 3970 2240 4034 ει125,
2268 3980 2322 4025 et
2344 3970 2464 4026 l37.
2505 3969 2595 4027 Vis
2624 3973 2903 4043 gentilium
2931 3984 2983 4029 et
3010 3976 3382 4031 haereticorum

1818 4060 2098 4128 opiniones
2118 4062 2471 4129 confundere,
2495 4074 2547 4118 et
2572 4076 3001 4119 commonstrare
3024 4081 3129 4120 non
3152 4068 3292 4137 apud
3326 4070 3383 4123 il-

1818 4151 1897 4206 los
1916 4166 2036 4205 esse
2061 4151 2155 4206 Dei
2177 4155 2561 4222 cognitionem,
2586 4157 2679 4210 sed
2706 4157 2758 4209 in
2787 4157 2902 4209 sola
2922 4156 3186 4225 Ecclesia,
3206 4170 3377 4228 potes,

1818 4241 2168 4296 considerans
2193 4282 2207 4306 ,
2240 4257 2437 4296 canere
2468 4252 2629 4313 atque
2654 4244 2835 4299 dicere
2858 4261 2980 4313 qua:
3015 4246 3068 4300 in
3096 4258 3379 4318 septuage-

1818 4332 1959 4386 simo
1988 4336 2180 4401 quinto
2208 4333 2497 4389 habentur.
2534 4336 2772 4389 Inimicis
2798 4345 2977 4391 autem
3010 4337 3206 4409 cﬁugia
3244 4356 3379 4409 prte-

1816 4425 2204 4492 occupantibus
2229 4440 2291 4479 ac
2322 4436 2371 4479 te
2396 4441 2740 4496 summopere
2768 4426 2981 4491 aiIlicto,
3020 4429 3143 4485 licet
3165 4440 3376 4501 pertur-

153 4522 347 4595 ἐχθρῶν
370 4516 897 4594 προκαταλαεόντων
922 4515 1021 4579 τὰς
1051 4513 1348 4583 διεκφυγάς
1373 4555 1390 4578 ,
1436 4513 1530 4566 καὶ
1569 4513 1711 4565 πάνυ

1822 4513 1977 4579 beris,
2018 4528 2085 4569 ne
2114 4515 2357 4568 animum
2400 4515 2737 4585 despondeas
2759 4558 2774 4582 ,
2807 4520 2901 4572 sed
2944 4532 3078 4574 ora:
3119 4530 3173 4574 et
3197 4522 3241 4575 si
3269 4522 3379 4577 cla-

154 4610 471 4682 θλιύόμενος,
500 4609 607 4663 κᾶν
628 4606 922 4678 ταραχθῇς,
960 4606 1035 4676 μὴ
1064 4604 1392 4675 άπελπίσῃς,
1443 4603 1576 4657 ἀλλά
1621 4603 1711 4656 εὖ·

152 4720 259 4772 χου·
304 4706 399 4758 καὶ
451 4702 554 4756 ἐάν
595 4697 813 4773 κράζων
863 4694 1239 4766 εἰσακουσθῇς,
1292 4695 1603 4765 εὐχαρίστει
1636 4694 1713 4765 τῷ

154 4794 273 4865 Θεῷ,
298 4797 477 4865 λέγων
508 4793 581 4846 τὰ
628 4794 685 4845 ἐν
717 4790 795 4860 τῷ
836 4794 941 4853 ος’.
992 4787 1115 4841 Ἐὰν
1161 4787 1217 4840 δέ
1264 4786 1611 4856 ἐπιμένοντες
1663 4789 1711 4839 οἱ

154 4886 315 4958 ἐχθροὶ
346 4884 734 4945 ἐπεισέλθωσι,
768 4880 861 4934 καὶ
891 4879 1121 4949 μιάνωσι
1145 4878 1233 4931 τὸν
1257 4872 1404 4930 οἷκον
1436 4876 1529 4929 τοῦ
1553 4876 1708 4941 Θεοῦ,

152 4979 258 5044 τούς
281 4998 337 5034 τε
366 4980 567 5049 ἁγίους
595 4974 974 5037 ἀποκτείνωσι,
1004 4972 1098 5025 καὶ
1147 4970 1214 5024 τὰ
1264 4969 1491 5041 σώματα
1536 4970 1711 5022 αὐτῶν

156 5072 463 5139 ρὶψωσιτοίς
500 5067 772 5129 πετεινοῖς
798 5063 891 5118 τοῦ
920 5061 1169 5135 ούρανοῦ,
1225 5061 1310 5115 ἵνα
1350 5060 1423 5132 μὴ
1461 5061 1712 5113 συνελκυ-

154 5163 277 5226 σθεὶς
300 5159 664 5232 καταπτήξῃς
689 5156 863 5211 αὐτῶν
879 5155 974 5227 τὴν
995 5155 1272 5225 ὠμότητα,
1300 5152 1582 5223 σύμπασχε
1612 5154 1711 5223 μὲν

151 5259 246 5319 τοῖς
275 5256 605 5325 πάσχουσιν,
642 5248 935 5319 ἐντύγχανε
961 5249 1016 5302 δέ
1044 5247 1120 5317 τῷ
1142 5246 1278 5315 Θεῷ,
1311 5245 1485 5313 λέγων
1516 5244 1605 5296 τὸν
1630 5252 1709 5315 or"

151 5350 357 5421 ψαλμάν-

212 5461 303 5530 κβ’.
351 5462 442 5514 Ἔν
476 5458 648 5529 ἑορτῇ
677 5454 754 5514 δέ,
788 5450 956 5504 θέλων
979 5445 1103 5520 ᾆσαι
1135 5448 1211 5517 τῷ
1244 5449 1452 5519 Κυρίῳ,
1508 5464 1709 5515 συγκα-

153 5547 289 5613 λέσας
316 5553 441 5612 τοὺς
470 5548 576 5601 τοῦ
602 5541 737 5597 Θεοῦ
764 5542 1001 5602 δούλους,
1035 5539 1201 5607 ψάλλε
1228 5538 1296 5590 τὰ
1323 5539 1379 5589 ἐν
1412 5536 1490 5607 τῷ
1519 5543 1569 5589 π’
1616 5537 1707 5588 καὶ

154 5638 235 5702 ιβ.
267 5640 383 5691 Τῶν
421 5640 480 5693 δέ
510 5634 729 5707 ἐχθρῶν
776 5631 936 5685 πάλιν
976 5628 1443 5699 ἐπισυναχθέντων
1490 5628 1705 5679 πάντων

155 5732 485 5803 πανταχόθεν,
552 5730 650 5781 καὶ
687 5724 1053 5780 ἀπειλούντων
1100 5722 1238 5775 κατὰ
1294 5720 1385 5773 τοῦ
1433 5719 1580 5772 οἴκου
1612 5719 1703 5771 τοῦ

154 5819 285 5887 Θεοῦ,
312 5823 594 5888 συνθήκας
627 5835 684 5872 τε
734 5814 1027 5868 ποιούντων
1075 5812 1211 5865 κατὰ
1244 5812 1341 5881 τῆς
1386 5809 1702 5877 εύσεόείας,

1818 4606 2015 4660 mando
2049 4606 2363 4671 exaudiare,
2391 4608 2597 4677 gratias
2624 4607 2733 4664 Deo
2759 4624 2876 4679 age,
2911 4610 3143 4665 recitans
3162 4623 3378 4682 septua-

1818 4699 2083 4770 gesimum
2110 4709 2343 4753 sextum.
2371 4699 2425 4752 Si
2455 4701 2803 4768 persistentes
2829 4700 3034 4755 inimici
3062 4702 3372 4773 irruperint,

1817 4800 1870 4845 et
1898 4791 2121 4848 domum
2161 4788 2257 4845 Dei
2302 4791 2735 4861 profanaverint,
2768 4802 3094 4862 sanctosque
3124 4795 3372 4849 'trucida-

1819 4884 1961 4947 rint,
1999 4882 2327 4952 illorumque
2360 4898 2585 4954 corpora
2628 4883 2939 4938 volucribus
2970 4885 3090 4938 coeli
3137 4885 3376 4955 proiece-

1818 4976 1945 5042 rint,
1993 4990 2059 5030 ne
2087 4975 2173 5030 his
2205 4976 2485 5045 perculsus
2514 4975 2831 5030 reformides
2875 4991 3059 5029 eorum
3090 4978 3376 5033 crudelita-

1818 5075 1965 5132 tem,
2012 5066 2135 5123 dole
2179 5067 2395 5137 quidem
2435 5068 2756 5120 miserorum
2811 5066 2977 5121 vicem
3006 5108 3019 5130 ,
3061 5083 3153 5120 ora
3193 5073 3373 5123 autem

1817 5158 2005 5223 Deum,
2038 5159 2225 5214 dicens
2266 5161 2719 5229 septuagesimum
2739 5166 2987 5212 octavum
3012 5159 3297 5227 psalmum.

1883 5438 1972 5493 22.
2009 5437 2065 5492 ln
2095 5437 2319 5493 solemni
2355 5437 2441 5491 die
2472 5438 2657 5493 volens
2690 5437 2919 5493 Domino
2948 5454 3168 5501 canere,
3203 5440 3369 5495 advo-

1813 5534 1950 5588 catis
1992 5530 2087 5584 Dei
2114 5530 2319 5593 servis,
2356 5530 2519 5597 psalle
2563 5531 2950 5597 octogesimum
2998 5539 3050 5583 et
3086 5530 3371 5600 nonagesi-

1814 5640 1961 5679 mum
1998 5632 2275 5693 quartum.
2312 5619 2547 5674 Inimicis
2579 5622 2772 5673 iterum
2808 5620 3043 5690 undique
3071 5634 3366 5689 congrega-

1815 5718 1901 5778 tis,
1931 5726 1983 5769 et
2032 5714 2217 5767 domui
2253 5711 2343 5765 Dei
2378 5713 2550 5763 minas
2595 5714 2982 5766 intentantibus
3009 5754 3022 5775 ,
3060 5711 3367 5781 ftedct‘aque

1812 5816 1999 5865 contra
2035 5808 2286 5875 pietatem
2332 5804 2680 5871 facientibus,
2710 5822 2774 5860 ne
2816 5806 2995 5859 animo
3025 5804 3245 5860 deficias
3297 5805 3367 5857 ob
