4102 6304
685 371 756 425 35
1528 357 1586 413 S.
1625 354 1998 410 ATHANASII
2042 352 2194 409 OPP.
2239 350 2418 405 PARS
2459 351 2543 406 ΙΙΙ.
2585 383 2654 392 -
2695 353 3104 410 EXEGETICA.
3847 361 3912 415 36

684 511 875 558 eorum
903 492 1299 549 multitudinem
1334 497 1388 544 et
1412 486 1703 558 potentiam
1729 504 1740 538 :
1764 483 1934 538 habes
1964 479 2118 552 quasi
2145 491 2242 544 an-

2353 482 2438 536 ῖνα
2465 481 2538 552 μὴ
2567 480 2852 552 ἀθυμήσῃς
2878 481 2964 534 διὰ
2995 480 3056 533 τὸ
3089 479 3290 550 πλῆθος
3331 480 3425 533 καὶ
3465 481 3563 552 τὴν
3601 482 3914 538 δυναστείαν

684 588 905 641 choram
931 584 1043 654 spei
1072 583 1234 636 verba
1262 577 1579 648 octogesimi
1606 575 1830 630 secundi
1855 573 2066 644 psalmi.
2089 561 2244 638 Qu'od

684 678 730 733 si
759 676 960 730 videris
995 675 1218 728 domum
1250 671 1379 734 Dei,
1412 679 1466 724 et
1491 677 1690 722 aeterna
1721 667 1839 736 ejus
1861 664 2244 727 tabernacula,

684 776 847 837 atque
899 779 1087 820 eorum
1134 762 1403 816 desiderio
1460 757 1734 822 tenearis,
1787 753 2246 825 quemadmodum

683 856 1013 927 Apostolus,
1071 854 1155 908 dic
1210 850 1599 921 octogesimum
1665 846 1882 901 tertium
1954 843 2244 914 psalmum.

680 950 940 1004 Cessante
969 948 1178 1002 tandem
1206 946 1284 999 ira
1316 943 1598 1010 solutaque
1629 938 1956 1009 captivitate,
1983 937 2028 990 si
2061 935 2248 988 volue-

682 1043 758 1097 ris
792 1042 1017 1095 Domino
1056 1037 1260 1109 gratias
1286 1051 1445 1105 agere
1469 1075 1483 1097 ,
1527 1033 1693 1086 habes
1738 1030 1807 1084 84
1837 1037 1891 1082 et
1934 1028 2057 1081 125.
2095 1025 2160 1080 Et
2199 1024 2246 1079 si

681 1148 1011 1203 cognoscere
1067 1130 1199 1184 velis
1231 1128 1360 1197 quid
1392 1125 1604 1180 intersit
1642 1122 1974 1177 discriminis
2014 1118 2244 1175 catholi-

681 1240 797 1278 cam
827 1223 965 1277 inter
995 1220 1290 1274 Ecclesiam
1338 1226 1390 1271 et
1423 1215 1715 1270 schismata
1741 1254 1753 1276 ,
1786 1223 1947 1281 atque
1977 1212 2247 1265 schisma-

680 1317 818 1370 ticos
839 1313 1191 1373 confundere,
1221 1311 1403 1364 dicere
1425 1317 1577 1377 potes
1598 1305 1989 1377 octogesimum
2009 1314 2242 1358 sextum.

681 1406 736 1460 Si
795 1406 926 1459 velis
967 1403 1062 1456 tibi
1110 1402 1340 1470 aliisque
1384 1400 1582 1453 addere
1623 1397 1872 1451 ﬁduciam
1914 1399 1979 1450 ad
2014 1393 2104 1449 Dei
2133 1394 2246 1449 cul-

677 1511 816 1565 tum,
849 1507 903 1552 et
935 1495 1219 1550 ostendere
1245 1491 1393 1561 quod
1421 1506 1544 1560 spes
1580 1491 1632 1544 in
1668 1487 1836 1542 Deum
1867 1502 1973 1541 non
2015 1486 2246 1541 confun-

678 1593 814 1653 dat,
850 1589 940 1643 sed
977 1586 1305 1655 intrepidum
1347 1585 1587 1637 animum
1625 1583 1839 1644 reddat,
1874 1581 2032 1634 lauda
2075 1578 2243 1633 Deum

678 1682 914 1736 recitans
967 1677 1403 1746 nonagesimum.
1460 1673 1698 1729 Psallere
1745 1672 1827 1726 vis
1879 1671 1933 1724 in
1974 1668 2246 1724 Sabbatol

677 1773 844 1826 habes
873 1770 1286 1838 nonagesimum
1316 1767 1575 1836 primum.

2350 573 2546 637 αὐτῶν,
2597 573 2740 642 ἔχεις
2779 572 2965 641 ὥσπερ
2990 572 3238 643 ἄγκυραν
3282 572 3489 634 ἐλπίδος
3538 572 3606 627 τὰ
3642 573 3800 642 ἐντῷ
3828 572 3911 643 πβ⁹

2353 667 2590 737 ῥήματα.
2622 664 2732 716 Kal
2753 663 2869 727 ἐὰν,
2905 663 3116 733 βλέπων
3145 664 3233 716 τὸν
3265 659 3411 717 οἷκον
3443 663 3536 717 τοῦ
3558 664 3692 730 Θερῦ
3727 666 3821 719 καὶ
3847 667 3914 719 τὰ

2347 754 2541 809 αἰώνια
2570 753 2732 809 αὑτοῦ
2760 753 3114 824 σκηνώμα¹τα,
3143 754 3233 808 τὸν
3275 756 3434 809 πόθον
3476 757 3603 829 ἔχῃς
3644 759 3724 821 εἰς
3755 757 3911 817 αὐτὰ,

2346 849 2422 911 ὡς
2450 845 2592 918 εἶχεν
2620 848 2649 899 6
2689 846 3028 912 Ἀπὸστολος,
3057 846 3180 915 λέγε
3209 848 3303 900 καὶ
3332 848 3394 900 σὺ
3427 849 3517 900 τὸν
3549 846 3637 917 πγ⁹
3679 848 3910 918 ψαλμόν.

2347 939 2707 1009 Παυσαμένης
2729 938 2782 990 δέ
2814 955 2942 990 ποτε
2964 939 3061 1009 τῆς
3082 939 3270 1011 ὀργῆς,
3299 939 3393 992 καὶ
3418 941 3514 1010 τῆς
3544 940 3914 1010 αἰχμαλωσίας

2348 1031 2619 1101 λυθείσης,
2640 1030 2736 1084 ἐὰν
2766 1030 2925 1101 θέλῃς
2951 1031 3360 1101 εὐχαριστῆσαι,
3390 1031 3530 1101 ἔχεις
3550 1033 3626 1094 εἰς
3655 1032 3714 1083 τὸ
3739 1032 3915 1099 λέγειν

2348 1123 2416 1178 τὰ
2454 1125 2510 1176 ἐν
2542 1123 2620 1193 τῷ
2654 1122 2734 1175 πδ¹
2780 1124 2876 1176 καὶ
2925 1129 3056 1193 ρκε’.
3089 1123 3195 1176 Kal
3243 1121 3342 1194 τὴν
3379 1123 3475 1193 μὲν
3519 1121 3779 1192 διαφορὰν
3817 1123 3914 1193 τῆς

2347 1215 2641 1284 καθώικῆς
2691 1215 3014 1286 Ἐκκλησίας
3040 1214 3179 1285 πρὸς
3217 1214 3284 1267 τὰ
3322 1212 3589 1285 σχίσματα
3635 1215 3728 1267 ἐὰν
3753 1214 3914 1286 θέλῃς

2345 1307 2632 1376 γινώσκειν
2656 1346 2670 1370 ,
2722 1307 2816 1360 καί⁵
2864 1306 3145 1378 ἐντρέπειν
3176 1306 3437 1370 ἐκείνους,
3479 1305 3703 1359 δύνασαι
3735 1305 3914 1372 λέγειν

2342 1402 2412 1455 τὰ
2465 1403 2524 1454 ὲν
2571 1400 2658 1477 τῷ.
2707 1407 2803 1465 πς¹
2841 1400 3220 1472 γεγραμμένα.
3275 1398 3696 1470 Παραθαρσῦναι
3745 1397 3915 1450 θέλων

2347 1496 2569 1549 σεαυτὸν
2601 1495 2838 1558 καὶτοὺς
2869 1495 3089 1564 ἐτέρους
3121 1494 3200 1557 εἰς
3234 1491 3570 1555 θεοσέϐειαν,
3607 1491 3700 1544 καὶ
3732 1490 3808 1553 ὡς
3836 1490 3916 1551 εἰς

2343 1591 2434 1644 τὸν
2471 1589 2603 1642 Θεὸν
2630 1588 2784 1652 ἐλπὶς
2821 1585 2944 1640 οὔτε
2979 1586 3353 1655 καταισχύνει,
3401 1583 3536 1638 ἀλλὰ
3583 1585 3676 1637 καὶ
3714 1583 3916 1652 ἄφοϐον

2344 1682 2442 1750 τὴν
2468 1680 2644 1750 ψυχὴν
2669 1677 3084 1742 κατασκευάζει,
3114 1679 3251 1730 αῖνει
3274 1678 3364 1730 τὸν
3395 1673 3546 1740 Θεὸν,
3568 1675 3737 1744 λέγων
3763 1676 3832 1729 τὰ
3857 1678 3916 1728 ἐν

2345 1771 2426 1842 τῷ
2456 1776 2526 1838 ιιν.
2556 1770 2736 1824 Ψὰλαι
2761 1769 2934 1833 θέλεις
2961 1769 3039 1840 τῷ
3068 1768 3362 1837 Σαϐϐάτῳ;
3389 1767 3531 1838 ἔχεις
3557 1767 3647 1819 τὸν
3677 1771 3783 1832 1.,αῇ

746 1864 835 1918 95.
876 1861 971 1915 Vis
1015 1851 1215 1932 gratias
1255 1872 1416 1928 agere
1452 1855 1737 1911 Dominico
1774 1854 1900 1909 die?
1941 1852 2108 1907 habes
2149 1851 2240 1906 25.

2415 1871 2519 1933 κγ’.
2556 1864 2956 1936 Εὑχαριστῆσαι
3005 1863 3179 1926 Θέλεις
3230 1864 3295 1932 τῇ
3345 1860 3625 1933 Κυριακῇ;
3653 1861 3796 1930 ἔχεις
3824 1859 3918 1910 τὸν

681 1951 773 2007 Vis
801 1956 1035 2007 secunda
1073 1949 1299 2005 Sabbati
1331 1947 1598 2018 psallere?
1630 1947 1719 2002 dic
1749 1962 1871 2015 quae
1901 1953 2030 1999 sunt
2075 1945 2126 1997 in
2154 1944 2244 1999 47.

676 2044 885 2098 Canere
907 2043 987 2096 vis
1012 2043 1064 2095 in
1091 2041 1421 2096 Parasceve?
1442 2039 1655 2093 laudem
1705 2037 1872 2091 habes
1897 2037 1948 2090 in
1972 2037 2059 2093 99..
2092 2035 2247 2090 Tunc

674 2137 820 2190 enim
850 2143 1065 2206 peracta
1089 2133 1459 2196 cruciﬁxione,
1488 2131 1684 2186 domus
1709 2130 1969 2184 aediﬁcata
1993 2137 2095 2192 est,
2124 2126 2248 2182 licet

677 2225 883 2279 inimici
930 2219 1218 2293 prohibere
1265 2222 1570 2276 niterentur
1618 2238 1630 2274 :
1686 2232 1856 2289 quare
1921 2219 2248 2289 triumphale

675 2329 896 2369 carmen
924 2312 1036 2369 Deo
1057 2326 1254 2367 canere
1285 2312 1570 2376 convenit,
1605 2325 1668 2364 ea
1704 2309 1928 2372 scilicet,
1965 2323 2085 2378 quae
2118 2317 2247 2362 tunc

674 2403 818 2461 dicta
853 2414 980 2460 sunt
1027 2405 1081 2458 in
1126 2404 1484 2475 nonagesimo
1529 2402 1793 2458 secundo.
1828 2401 1886 2455 Si
1937 2401 2248 2470 captivitate

675 2498 818 2552 facta
845 2539 858 2565 ,
887 2496 1072 2551 excisa
1103 2495 1271 2552 fuerit
1317 2496 1514 2551 domus
1542 2536 1556 2559 ,
1607 2510 1673 2549 ac
1708 2508 1925 2548 rursum
1958 2491 2244 2558 tediﬁcata,

673 2603 811 2642 cane
855 2603 977 2658 quae
1011 2596 1140 2645 sunt
1185 2588 1241 2641 in
1285 2586 1376 2641 95.
1412 2585 1580 2640 Terra
1630 2600 1660 2638 a
1706 2584 2062 2638 bellatoribus
2095 2583 2247 2652 quie-

673 2688 880 2744 scente,
909 2689 1075 2748 atque
1114 2678 1332 2732 demum
1369 2677 1422 2730 in
1453 2691 1586 2747 pace
1628 2674 1856 2745 degente
1881 2714 1896 2740 ,
1933 2686 1986 2730 et
2016 2675 2246 2729 Domino

673 2780 965 2841 regnante,
993 2771 1039 2824 si
1065 2783 1130 2823 ea
1156 2769 1223 2824 de
1241 2783 1298 2823 re
1324 2783 1521 2824 canere
1556 2768 1694 2822 velis
1711 2809 1725 2834 ,
1757 2768 1925 2823 habes
1949 2768 2246 2837 ,nonagesi-

675 2879 821 2916 Illum
860 2869 1098 2917 sextum.
1130 2860 1227 2916 Vis
1268 2869 1466 2931 quarta
1501 2858 1729 2916 Sabbati
1773 2858 2044 2928 psallere?
2076 2857 2246 2912 habes

671 2952 1085 3022 nonagesimum
1114 2951 1369 3016 tertium;
1405 2959 1535 3005 tunc
1556 2951 1702 3005 enim
1727 2950 1956 3004 traditus
1980 2948 2247 3006 Dominus

671 3044 933 3098 ultionem
965 3043 1032 3097 de
1065 3052 1238 3096 morte
1276 3056 1495 3097 sumere
1531 3042 1716 3112 caepit,
1760 3041 1936 3112 deque
1977 3056 2040 3095 ea
2074 3041 2246 3096 conﬁ-

670 3136 863 3188 denter
890 3133 1253 3203 triumphare.
1287 3132 1427 3187 Cum
1463 3133 1625 3201 igitur
1652 3133 1834 3203 legens
1860 3131 2238 3204 Evangelium,

2347 1964 2452 2025 κγθ.
2474 1953 2640 2027 τᾼσαι
2671 1956 2844 2020 Θέλεις
2872 1956 3098 2026 δευτέρᾳ
3132 1955 3460 2018 Σαϐϐἀτων;
3495 1954 3619 2022 λέγε
3652 1953 3720 2006 τὰ
3757 1955 3814 2008 ἐν
3835 1953 3915 2024 τῷ

2351 2048 2455 2119 μζ’.
2496 2049 2714 2102 Αἰνέσαι
2749 2047 2925 2115 βούλει
2950 2050 3014 2117 τῇ
3045 2047 3407 2116 Παρασκευῇ;
3453 2045 3596 2114 ἔχεις
3635 2044 3725 2097 τὸν
3767 2041 3917 2098 αἶνον

2347 2142 2405 2194 ἐν
2437 2139 2515 2211 τῷ
2553 2137 2658 2209 ιβ’.
2691 2140 2821 2192 Τότε
2845 2139 2972 2210 γὰρ,
2996 2139 3287 2208 γενομένου
3317 2138 3409 2190 τοῦ
3433 2135 3689 2207 σταυροῦ,
3713 2138 3741 2188 6
3768 2131 3918 2198 οἶκος

2345 2231 2437 2285 τοῦ
2467 2231 2601 2285 Θεοῦ
2634 2230 2978 2302 ᾠκοδομήθη,
3020 2229 3194 2283 καίτοι
3227 2229 3335 2283 τῶν
3374 2227 3582 2299 ἐχθρῶν
3633 2229 3917 2298 ἐπιχειρη-

2347 2322 2555 2376 σάντων
2586 2321 2855 2375 κωλῦσαιο
2890 2321 2984 2373 καὶ
3023 2320 3109 2372 διὰ
3137 2318 3296 2373 τούτο
3341 2320 3604 2371 ἐπινίκιον
3647 2319 3792 2389 ᾇδειν
3838 2318 3919 2389 τῷ

2345 2413 2463 2483 Θεῷ
2521 2413 2719 2483 πρέπει
2751 2413 2871 2465 τότε
2920 2411 2986 2464 τὰ
3020 2411 3281 2480 εἰρημένα
3317 2413 3373 2462 ἐν
3416 2410 3494 2480 τῷ
3537 2409 3643 2478 1,βῖ
3700 2409 3826 2462 Ἐὰν
3857 2408 3918 2462 δδ

2346 2505 2460 2567 καὶ,
2496 2504 2867 2573 αἰχμαλωσίας
2897 2501 3214 2571 γενομένης,
3244 2501 3538 2572 καθαιρεθῇ
3576 2504 3603 2554 6
3627 2496 3791 2564 οἶκος,
3821 2501 3920 2553 καὶ

2347 2595 2508 2648 πάλιν
2535 2593 2884 2664 οἰκοδομηθῇ,
2921 2589 3013 2663 ᾇδε
3043 2592 3111 2644 τὰ
3133 2595 3187 2646 ἐν
3215 2592 3294 2661 τῷ
3335 2595 3436 2659 ἰιεκ
3465 2587 3576 2662 Τῆς
3606 2587 3662 2644 δὲ
3686 2594 3788 2662 γῆς
3817 2608 3920 2645 κα-

2344 2688 2604 2742 τάστασιν
2633 2686 2905 2756 λαϐούσης
2934 2686 3040 2738 ἀπὸ
3066 2685 3174 2738 τῶν
3219 2685 3596 2754 πολεμούντων
3618 2724 3632 2748 ,
3671 2686 3764 2738 καὶ
3806 2685 3921 2738 λοι-

2346 2779 2445 2832 τεὸν
2465 2775 2799 2850 ἠρεμούσης,
2829 2777 2920 2829 καὶ
2949 2775 3362 2844 βασιλεύσαντος
3405 2768 3499 2827 τού
3540 2775 3767 2845 Κυρίου,
3820 2776 3922 2829 ἐὰν

2346 2868 2506 2938 θέλῃς
2534 2864 2662 2937 ᾆσαι
2709 2867 2836 2937 περὶ
2884 2867 3095 2927 τούτου,
3129 2864 3272 2933 ἔχεις
3317 2861 3408 2916 τὸν
3448 2861 3562 2930 ἦς’.
3611 2863 3795 2925 Θέλεις
3846 2863 3918 2934 τῇ

2345 2957 2560 3030 τετράδι
2592 2956 2683 3009 τοῦ
2708 2957 2985 3010 Σαϐϐάτου
3019 2955 3288 3025 deum;
3329 2951 3472 3025 ἔχεις
3507 2953 3598 3007 τὸν
3633 2958 3718 3022 ια’
3741 2969 3756 2983 ⁸
3791 2953 3920 3006 τότε

2345 3050 2451 3120 γὰρ
2488 3047 2806 3118 παραδοθεὶς
2859 3046 3109 3116 ὁΚύριος
3140 3046 3372 3098 ἐκδικεῖν
3423 3045 3626 3116 ἤρξατο
3648 3045 3745 3115 τὴν
3771 3045 3922 3099 κατὰ

2345 3140 2441 3194 τοῦ
2471 3140 2701 3194 θανάτου
2731 3139 2906 3210 δίκην,
2927 3130 3394 3207 καὶθριαμϐεύειν
3423 3137 3582 3189 αὑτὸν
3612 3137 3920 3207 παρρησίᾳ.

670 3223 873 3279 videris
899 3195 1093 3294 quarta
1121 3224 1345 3280 Sabbati
1368 3195 1661 3280 consilium
1688 3195 1878 3278 iniisse
1901 3195 2120 3277 Iudaeos
2143 3195 2240 3277 ad;

2347 3234 2461 3287 Ὄτ’
2488 3231 2554 3285 ἂν
2608 3227 2720 3293 οὖν,
2771 3195 3251 3298 ἀναγινώσκωνιτὸ
3305 3227 3654 3295 Εὑαγγέλιον,
3690 3195 3819 3300 ’ἴδῃς
3846 3195 3918 3299 τῇ

668 3331 858 3373 versus
886 3315 1177 3371 Dominum
1210 3334 1224 3371 :
1276 3331 1506 3371 cernens
1540 3323 1669 3370 tunc
1697 3315 1878 3385 ipsum
1907 3315 2244 3372 conﬁdenter

668 3425 830 3482 agere
853 3451 868 3476 ,
898 3419 960 3466 ut
990 3426 1087 3480 pro
1122 3411 1281 3465 nobis
1330 3410 1399 3465 de
1437 3410 1657 3464 diabolo
1703 3410 1995 3466 vindictam
2031 3421 2240 3479 sumat,

668 3502 843 3573 psalle
868 3502 1031 3557 verba
1064 3502 1259 3571 psalmi
1287 3501 1377 3556 93.
1404 3500 1643 3557 Rursum
1676 3503 1894 3573 quando
1921 3503 2120 3561 videris
2142 3504 2245 3560 Do-

669 3594 807 3648 mini
852 3595 906 3648 in
959 3595 1142 3648 omnia
1186 3594 1617 3664 providentiam,
1665 3603 1720 3647 et
1765 3593 2062 3648 dominium
2102 3594 2237 3665 ejus,

670 3693 832 3754 atque
875 3684 1111 3739 volueris
1148 3684 1439 3738 nonnullos
1475 3685 1528 3737 in
1569 3684 1674 3737 ﬁde
1706 3683 1825 3753 ejus
1851 3692 1906 3738 et
1936 3685 2242 3740 obedientia

671 3776 989 3840 instituere,
1054 3774 1291 3830 suadens
1354 3774 1462 3829 illis
1521 3781 1581 3828 ut
1627 3772 1806 3844 primo
1856 3775 2238 3840 conﬁteantur,

670 3868 840 3938 psalle
877 3869 966 3923 99.
1000 3865 1067 3920 Et
1100 3866 1192 3922 ubi
1239 3867 1564 3936 cognoveris
1608 3865 1727 3934 ejus
1762 3865 2041 3934 judicandi
2088 3875 2241 3935 pote-

671 3970 862 4016 statem
883 3999 899 4024 ,
932 3959 1078 4029 quod
1107 3959 1315 4014 scilicet
1340 3958 1714 4013 misericordia
1736 3957 2004 4028 judicium
2034 3967 2241 4027 tempe-

670 4049 846 4104 rando
879 4050 1085 4119 judicat
1119 4047 1264 4103 Deus
1289 4088 1304 4114 ,
1335 4048 1380 4101 si
1423 4048 1488 4100 ad
1524 4062 1652 4101 eum
1686 4048 1943 4102 accedere
1975 4049 2239 4113 volueris,

673 4143 838 4198 habes
872 4141 937 4196 ad
965 4156 1086 4197 eam
1124 4155 1238 4195 rem
1269 4139 1431 4194 verba
1454 4138 1650 4210 psalmi
1680 4138 1985 4193 centesimi.

735 4316 826 4371 24.
867 4315 1004 4370 Cum
1032 4315 1244 4368 inﬁrma
1266 4314 1336 4368 sit
1357 4321 1553 4366 natura
1583 4321 1790 4376 nostra,
1826 4312 1871 4367 si
1898 4320 2123 4381 propter
2152 4311 2239 4364 vl-

670 4422 739 4465 lae
763 4409 1062 4480 angustias,
1091 4408 1246 4477 quasi
1272 4407 1429 4475 inops
1456 4404 1631 4458 factus
1665 4405 1848 4458 animo
1874 4403 2115 4467 deﬁcias,
2146 4419 2242 4456 vo-

2341 3323 2556 3395 τετράδι
2610 3323 2704 3376 τοῦ
2754 3321 3045 3375 Σαϐϐάτου·
3097 3319 3419 3389 συμϐούλιον
3473 3319 3734 3381 λαϐόντας
3785 3319 3921 3381 τοὺς

2357 3416 2639 3478 Ἰουδαίους
2664 3415 2805 3468 κατὰ
2837 3412 2931 3466 τοῦ
2965 3409 3191 3481 Κυρίου,
3226 3410 3367 3480 ὁρῶν
3412 3410 3574 3464 αὐτὸν
3614 3410 3733 3463 τότε
3772 3414 3922 3479 παῤ-

2345 3506 2734 3580 ῥησιαξόμενον
2785 3509 2841 3559 ὲν
2887 3507 2952 3575 τῇ
2984 3504 3125 3557 κατὰ
3157 3503 3250 3558 τοῦ
3307 3503 3553 3557 διαϐόλου
3596 3503 3734 3570 ὑπὲρ
3759 3502 3920 3572 ὑμῶν

2342 3600 2572 3672 ἐκδικίᾳ,
2623 3599 2791 3670 sane
2836 3596 2905 3651 τὰ
2935 3599 2991 3648 ἐν
3019 3595 3167 3666 αύτῷ
3198 3595 3276 3666 τῷ
3334 3599 3440 3663 ἥγ’.
3496 3595 3663 3648 Πάλιν
3697 3593 3922 3665 βλέπων

2340 3693 2438 3764 τὴν
2459 3695 2537 3755 εἰς
2561 3691 2738 3744 πάντα
2769 3692 3024 3760 πρόνοιαν
3057 3689 3148 3744 τοῦ
3191 3687 3396 3758 Κυρίου
3447 3685 3540 3738 καὶ
3573 3684 3672 3754 τὴν
3731 3687 3924 3755 κυριό-

2340 3802 2478 3856 τητα
2503 3783 2689 3847 αὑτοῦ,
2722 3783 2815 3836 καὶ
2840 3781 3008 3834 θέλων
3041 3778 3350 3852 κατηχῆσαί
3374 3793 3526 3838 τινας
3571 3778 3651 3838 εἰς
3683 3777 3780 3844 τὴν
3819 3777 3924 3829 αὑ-

2339 3875 2434 3928 τοῦ
2460 3873 2640 3926 πίστιν
2666 3871 2758 3925 καὶ
2790 3872 3058 3943 ὑπακοὴν,
3095 3870 3296 3923 πείθων
3330 3869 3526 3930 αὐτοὺς
3549 3866 3764 3937 πρῶτον
3823 3866 3919 3932 ἐξ-

2339 3964 2739 4036 ομολογεῖσθαι,
2774 3962 2943 4032 ψάλλε
2982 3958 3074 4015 τὸν
3106 3962 3210 4029 ἥθ’.
3243 3960 3352 4014 Kal
3382 3958 3496 4023 ἐὰν,
3531 3957 3716 4031 μαθὼν
3749 3957 3927 4013 αὐτοῦ

2339 4059 2438 4128 τὴν
2466 4057 2718 4129 κριτικὴν
2742 4055 2992 4125 δύναμιν,
3020 4053 3114 4108 καὶ
3132 4055 3213 4107 ὅτι
3245 4052 3380 4121 ἐλέῳ
3406 4051 3504 4121 τὴν
3531 4052 3712 4122 κρίσιν
3744 4051 3926 4122 κερά-

2340 4163 2438 4210 σας
2464 4147 2638 4216 κρίνει
2665 4146 2694 4197 ὁ
2723 4143 2945 4216 Κύριος,
2972 4140 3204 4214 θελήσῃς
3229 4140 3376 4211 αὑτῷ
3398 4140 3734 4210 προσελθεῖν,
3768 4141 3926 4211 ἔχεις

2336 4239 2420 4298 εἰς
2453 4235 2610 4288 τοῦτο
2640 4234 2833 4301 λόγους
2867 4233 2992 4296 τοὺς
3019 4233 3077 4284 ἐν
3109 4231 3187 4301 τῷ
3221 4232 3284 4302 ρ’.

2408 4327 2506 4379 κδ’.
2547 4325 2831 4387 Ἀσθενοῦς
2868 4324 2923 4377 δὲ
2977 4323 3134 4394 ἡμῶν
3177 4323 3274 4394 τῆς
3327 4318 3541 4391 φύσεως
3581 4319 3780 4390 οὔσης,
3818 4320 3925 4374 ἐὰν

2337 4417 2424 4470 διὰ
2457 4415 2555 4480 τὰς
2590 4415 2816 4486 συνοχὰς
2854 4413 2948 4467 τοῦ
2980 4409 3097 4485 βίου
3131 4415 3205 4477 ὡς
3231 4413 3443 4482 πτωχὸς
3473 4413 3758 4482 γενόμενος
3782 4413 3928 4482 ἀκη-

671 4502 947 4570 luerisque
983 4499 1412 4576 consolationem
1458 4497 1741 4565 accipere,
1773 4496 1938 4550 habes
1967 4495 2236 4564 psalmum

2343 4510 2531 4582 διάσῃς
2557 4508 2707 4566 ποτὲ,
2743 4507 2835 4560 καὶ
2859 4506 3018 4578 θέλῃς
3051 4503 3489 4575 παρακληθῆναι,
3526 4501 3667 4573 ἔχεις
3703 4502 3792 4554 τὸν
3834 4510 3923 4573 pa’

670 4591 794 4646 101.
824 4589 891 4643 Et
930 4589 1189 4658 quoniam
1222 4587 1376 4641 decet
1408 4601 1506 4640 nos
1537 4601 1632 4654 per
1661 4585 1844 4638 omnia
1881 4591 1936 4637 et
1973 4583 2027 4636 in
2053 4583 2236 4638 omni-

667 4682 771 4735 bus
804 4679 1006 4749 gratias
1029 4676 1140 4731 Deo
1169 4692 1331 4746 agerc
1353 4717 1369 4740 ,
1391 4691 1516 4730 cum
1544 4674 1783 4730 volueris
1813 4675 1990 4744 ipsum
2020 4672 2241 4728 benedi-

669 4788 827 4833 cere,
870 4769 1038 4825 habes
1065 4769 1132 4823 ad
1181 4768 1428 4820 animum
1477 4775 1627 4820 tuum
1656 4766 2003 4820 excitandum
2053 4766 2156 4820 102
2187 4773 2242 4820 et

671 4864 793 4919 105.
817 4861 912 4917 Vis
938 4861 1158 4915 laudare
1175 4859 1344 4914 Deum
1371 4869 1531 4929 atque
1555 4873 1718 4913 nosse
1743 4859 2020 4928 quomodo
2055 4868 2108 4913 et
2133 4873 2243 4928 qua

669 4959 735 5010 de
765 4970 931 5011 causa
961 4951 1269 5007 laudandus
1295 4953 1384 5016 sit,
1413 4959 1466 5004 et
1500 4964 1748 5019 quaenam
1790 4950 2095 5004 laudantem
2122 4966 2242 5020 pro-

668 5048 810 5101 ferre
825 5045 1046 5101 deceat?
1071 5046 1234 5108 habes
1256 5044 1374 5107 101,
1394 5051 1448 5096 et
1473 5041 1593 5106 106,
1612 5040 1801 5106 etwa,
1820 5049 1874 5095 et
1897 5041 2017 5103 145,
2039 5049 2091 5094 et
2113 5040 2236 5108 146,

668 5149 717 5193 et
741 5121 943 5202 m,'eu
983 5139 1106 5202 us,
1132 5147 1185 5191 et
1218 5135 1334 5190 :50.
1372 5132 1552 5188 Habes
1583 5132 1764 5198 ﬁdem,
1797 5133 1940 5188 sicut
1977 5133 2239 5188 Dominus

668 5231 824 5296 dixit,
840 5238 894 5283 et
910 5228 1087 5283 credis
1116 5242 1179 5281 ea
1212 5242 1334 5295 qua:
1354 5225 1561 5279 orando
1592 5222 1872 5292 loqueris?
1894 5223 1981 5277 dic
2007 5223 2240 5278 centesi-

669 5338 817 5376 mum
831 5322 1099 5376 decimum
1113 5319 1384 5388 quintum.
1401 5307 1579 5370 Sentis
1596 5321 1646 5367 te
1662 5315 1916 5383 Operibus
1934 5315 2040 5368 tuis
2055 5330 2240 5369 ascen-

667 5416 812 5476 dere,
844 5414 916 5466 ita
941 5421 999 5466 ut
1017 5413 1196 5467 dicere
1224 5409 1402 5479 possis
1430 5426 1442 5460 :
1471 5405 1601 5471 Quae
1629 5417 1766 5459 retro
1790 5415 1912 5460 sunt
1935 5407 2232 5472 obliviscor,

668 5509 736 5559 ad
760 5520 973 5573 ea,qua¢
1006 5508 1125 5557 ante
1154 5511 1312 5567 sunt,
1342 5502 1563 5554 extendo
1598 5500 1851 5568 meipsum
1878 5499 1998 5529 ¹⁰·¹¹
2022 5498 2044 5550 ?
2070 5499 2235 5552 habes

668 5595 736 5647 ad
792 5592 1078 5648 dicendum
1126 5593 1180 5646 in
1235 5591 1464 5662 singulis
1513 5587 1871 5660 profectubus
1919 5589 2231 5658 quindecim

670 5684 933 5755 graduum
965 5684 1195 5738 cantica.

741 5776 856 5808 ²⁰’²¹
886 5774 1117 5847 Philipp.
1159 5790 1239 5839 ιιι,
1278 5776 1361 5830 13.

2342 4599 2570 4669 ψαλμὸν.
2600 4598 2708 4650 Καὶ
2739 4595 2924 4666 ἐπειδὴ
2957 4595 3154 4665 πρέπει
3184 4593 3271 4646 διὰ
3297 4593 3514 4645 πάντων
3537 4593 3630 4642 καὶ
3654 4594 3710 4643 ὲν
3747 4592 3924 4644 πᾶσιν

2344 4690 2681 4759 εὐχαριστεῖν
2708 4688 2856 4756 ἡμᾶς
2886 4684 2961 4755 τῷ
2981 4683 3118 4754 Θεῷ,
3139 4684 3225 4736 ὅτε
3259 4682 3430 4746 θέλεις
3459 4682 3697 4750 εὐλογεῖν
3726 4681 3922 4740 αὐτὸν,

2343 4779 2483 4849 ἔχεις
2508 4779 2585 4840 εἰς
2612 4777 2771 4830 τοῦτο
2797 4774 3200 4847 προτρέπεσθαι
3226 4773 3424 4826 σαυτοῦ
3459 4773 3555 4844 τὴν
3587 4770 3782 4841 ψυχὴν,
3820 4774 3928 4826 καὶ

2341 4868 2517 4936 λέγειν
2543 4868 2634 4920 τὸν
2664 4867 2743 4938 ρβ¹
2793 4866 2884 4918 καὶ
2916 4863 3016 4937 ργ¹.
3047 4862 3225 4917 Αἰνείν
3264 4863 3438 4926 θέλεις
3477 4864 3566 4915 τὸν
3598 4861 3730 4915 Θεὸν
3751 4901 3765 4923 ,
3817 4864 3926 4916 καὶ

2342 4960 2538 5012 εἰδέναι
2567 4958 2680 5021 ταῖις
2705 4958 2798 5011 καὶ
2826 4957 2917 5009 ἐπὶ
2945 4956 3049 5010 τίνι
3089 4957 3170 5009 δεῖ
3191 4956 3380 5017 αἰνεῖν,
3409 4954 3503 5006 καὶ
3537 4953 3687 5017 τίνας
3710 4944 3926 5024 πρέπει

2339 5048 2518 5117 λέγειν
2545 5048 2634 5101 τὸν
2665 5044 2844 5110 αἷνονι
2874 5047 3016 5118 ἔχεις
3041 5046 3131 5102 τὸν
3161 5046 3254 5113 ρδ’,
3281 5046 3374 5098 καὶ
3399 5045 3490 5098 τὸν
3513 5049 3621 5116 pg’,
3653 5044 3747 5097 καὶ
3783 5044 3922 5113 ρλϐ’,

2340 5143 2434 5194 καὶ
2472 5147 2607 5211 ρμε¹,
2651 5139 2853 5193 καὶτὸν
2889 5145 3043 5211 ρμς’,
3080 5137 3173 5190 καὶ
3201 5136 3292 5190 τὸν
3323 5133 3464 5206 ρμξ,
3503 5135 3596 5187 καὶ
3634 5133 3725 5186 τὸν
3761 5141 3922 5206 ρμη’,

2339 5232 2433 5284 καὶ
2465 5232 2554 5284 τὸν
2583 5229 2678 5302 ρν’.
2713 5231 2896 5299 Ἔχεις
2942 5228 3143 5292 πίστιν,
3194 5227 3268 5290 ὡς
3304 5221 3455 5278 εἶπεν
3483 5227 3511 5277 6
3543 5223 3766 5295 Κύριος,
3818 5228 3925 5280 καὶ

2340 5322 2614 5385 πιστεύεις
2640 5316 2720 5383 οἷς
2753 5321 3042 5391 εὐχόμενος
3067 5318 3282 5382 λαλείς;
3308 5317 3432 5385 λέγε
3461 5317 3550 5368 τὸν
3582 5321 3699 5386 pta’.
3751 5315 3925 5371 Ἀλλὰ

2338 5413 2692 5468 ἀναϐαίνοντα
2735 5414 2928 5465 σαυτὸν
2960 5411 3123 5483 αἴσθῃ
3154 5413 3275 5472 ταῖς
3311 5407 3574 5479 πράξεσιν
3598 5446 3612 5470 ,
3643 5405 3783 5459 ὥστε
3820 5407 3922 5460 λέ-

2301 5540 2320 5545 -
2337 5524 2455 5575 γειν
2479 5524 2493 5536 ·
2534 5505 2609 5559 Τὰ
2629 5504 2745 5573 μὲν
2769 5504 2960 5557 ὀπίσω
2987 5499 3457 5569 ἐπιλανθάνομαι
3475 5541 3490 5564 ,
3533 5499 3657 5565 τοῖς
3699 5491 3769 5552 δὲ
3809 5501 3924 5572 ἐμ-

2337 5600 2601 5666 προσθεν
2632 5595 3076 5663 ἐπεκτείνομαι;
3109 5592 3251 5663 ἔχεις
3278 5591 3399 5644 καθ’
3426 5589 3659 5659 ἑκάστην
3707 5606 3924 5662 προκο-

2330 5691 2443 5761 πὴν
2472 5691 2547 5750 εἰς
2569 5688 2628 5741 τὸ
2647 5687 2826 5755 λέγειν
2852 5685 2947 5748 τὰς
2985 5692 3043 5736 ιε’
3064 5684 3172 5737 τῶν
3198 5681 3523 5752 ἀναϐαθμῶν
3543 5679 3705 5751 ᾠδάς.
