4102 6304
163 374 211 427 37
1245 363 1582 420 EPISTOLA
1623 364 1715 417 AD
1756 366 2274 423 MARCELLINUM.
2834 351 2836 354 ’
3302 376 3369 432 ss

215 493 303 542 κε’.
352 486 806 557 ᾘχμαλωτεύθης
831 486 935 539 ὑπὸ
961 485 1254 556 ἀλλοτρίων
1287 482 1580 554 λογισμῶν,
1609 482 1689 534 καί

1875 483 1966 540 25.
2009 483 2064 538 ln
2093 485 2460 555 captivitatem
2492 486 2741 544 redactus
2764 504 2823 543 es
2850 489 2918 544 ab
2948 490 3140 547 alienis
3165 492 3368 561 cogita-

162 581 300 652 ᾔσθου
318 581 544 633 σεαυτὸν
572 579 934 648 ἀπαγόμενον,
953 579 1046 630 καὶ
1080 577 1369 647 μετέγνως,
1385 574 1588 627 παῦσαι
1608 573 1701 626 τοῦ
1747 619 1760 631 ,

164 672 341 735 λοιποῦ,
375 673 470 724 καὶ
497 671 684 742 μείνας
707 670 788 739 ἐφ’
811 665 892 732 οἷς
913 670 1291 740 ἁμαρτάνοντα
1318 667 1540 721 σεαυτὸν
1570 684 1701 720 κατι

165 762 345 824 ἔλαϐες,
379 761 569 823 κάθου,
602 760 696 813 καὶ
720 759 950 812 κλαῦσον
980 761 1072 812 καὶ
1107 759 1170 811 σὺ
1196 799 1209 822 ,
1245 759 1320 822 ὡς
1346 758 1644 827 πεποίηκεν
1675 758 1703 809 6

163 855 257 907 τότε
280 853 426 915 λαὸς,
451 853 626 919 λέγων
657 852 724 903 τά
754 853 810 905 ἐν
839 850 914 921 τῷ
947 849 1084 922 ρλς’.
1121 850 1256 913 Τοὺς
1282 850 1338 903 δὲ
1368 847 1703 918 πειρασμοὺς

163 948 433 1016 ἡγούμενος
457 943 594 999 εἷναί
627 964 718 998 σου
747 945 997 1016 δοκιμὴν,
1030 945 1165 1014 μετᾶ
1203 945 1329 1006 τοὺς
1367 941 1703 1014 πειρασμοὺς

163 1039 234 1089 ἐὰν
273 1038 664 1107 εὐχαριστῆσαι
712 1036 962 1108 θελήσῃς,
1011 1035 1153 1104 ἔχεις
1200 1034 1290 1088 τὸν
1332 1030 1698 1104 ρλη’ψαλμόν.

163 1122 338 1198 Συνέχῃ
375 1127 536 1179 πάλιν
557 1127 664 1178 ἀπὸ
683 1125 911 1196 ἐχθρῶν,
940 1127 1034 1179 καὶ
1065 1124 1323 1196 ρυσθῆναι
1341 1122 1547 1186 θέλεις;
1577 1121 1702 1190 λέγε

162 1217 214 1267 τὰ
239 1218 290 1268 ἐν
317 1216 395 1288 τῷ
424 1216 554 1288 ρλϐ’.
573 1217 837 1287 Δεηθῆναι
862 1217 919 1270 δὲ
949 1217 1042 1270 καὶ
1075 1215 1469 1286 προσεύξασθαι
1493 1214 1697 1279 θέλεις;

161 1309 296 1377 ψάλλε
325 1309 417 1362 τδν
465 1317 506 1362 ε’
545 1310 639 1362 καὶ
685 1309 828 1380 ρμβ’.
877 1310 1093 1380 Ἐχθρὸς
1123 1308 1382 1380 τύραννος
1433 1308 1698 1379 ἐπανέστη

159 1400 220 1468 τῷ
238 1397 345 1469 λαῷ
373 1399 468 1453 καί
493 1417 594 1462 σοι,
616 1400 801 1471 ὥσπερ
824 1399 1014 1452 Γολιάθ
1038 1399 1114 1470 τῷ
1149 1399 1328 1465 Δαϐὶδ,
1363 1399 1436 1470 μὴ
1459 1398 1667 1471 πτήξῃς
1682 1415 1695 1429 ·

161 1492 267 1544 ἀλλά
288 1492 512 1545 πίστευε
547 1493 641 1546 καί
668 1493 752 1556 σὺ,
783 1493 856 1556 ὼς
878 1496 908 1546 6
941 1492 1123 1558 Δαϐὶδ,
1153 1493 1245 1545 καὶ
1279 1492 1401 1561 λέγε
1440 1492 1509 1545 τά
1541 1493 1597 1546 ἐν
1623 1491 1700 1561 τῷ

161 1591 277 1655 ΡμΥ·
306 1581 442 1639 Εἶτα
472 1586 764 1657 θαυμάζων
787 1586 884 1649 τὰς
909 1587 987 1649 είς
1017 1585 1222 1649 πάντας
1250 1585 1341 1638 τοῦ
1372 1583 1505 1637 Θεοῦ
1546 1585 1700 1656 εὐερ-

159 1677 334 1744 γεσίας,
371 1679 467 1731 καὶ
508 1679 860 1750 μνημονεύων
880 1679 977 1749 τῆς
997 1695 1056 1731 τε
1086 1681 1166 1742 είς
1193 1677 1252 1731 σὲ
1273 1679 1365 1732 καὶ
1395 1678 1473 1741 είς
1495 1677 1698 1741 πάντας

158 1771 422 1842 γενομένης
446 1771 780 1840 ἀγαθότητος
808 1771 972 1824 αὐτοῦ
995 1813 1009 1837 ,
1059 1769 1155 1824 ἐὰν
1204 1771 1365 1843 θέλῃς
1394 1769 1482 1823 διὰ
1527 1769 1695 1824 ταῦτα

158 1861 370 1929 εὐλογεῖν
400 1862 492 1914 τὸν
519 1862 670 1924 Θεὸν,
697 1862 820 1931 λέγε
852 1862 919 1916 τά
949 1861 1042 1915 τοῦ
1069 1862 1232 1916 Δαϐὶδ
1261 1863 1500 1932 ῥήματα,
1552 1861 1695 1933 ἅπερ

157 1953 230 2004 καὶ
256 1954 411 2016 αὐτὸς
438 1951 588 2006 εἶπεν
613 1957 670 2008 ἐν
696 1955 773 2024 τῷ
816 1955 932 2025 ρμδ⁹
957 1954 1174 2025 ψαλμῷ.
1207 1950 1373 2025 τᾼσαι
1417 1954 1589 2016 θέλεις
1617 1952 1694 2025 τῷ

158 2044 345 2113 Rapidi;
377 2043 522 2114 ἔχεις
556 2047 634 2108 είς
684 2045 745 2098 τὸ
773 2045 950 2112 λέγειν
980 2045 1071 2098 τὸν
1125 2045 1209 2116 ιιβο
1242 2045 1336 2098 καὶ
1404 2042 1508 2111 ιιξι.
1569 2044 1694 2097 Ἐἀν

159 2135 322 2206 μικρὸς
373 2137 449 2189 ὣν
498 2136 797 2208 προκριθῇς
843 2139 921 2201 είς
947 2137 1120 2209 ἀρχήν
1167 2154 1286 2190 τινα
1309 2136 1415 2190 τῶν
1453 2135 1694 2206 ἀδελφῶν

159 2245 250 2288 σου,
279 2230 347 2300 μὴ
379 2230 608 2298 ὲπαίρου
641 2231 762 2282 κατ’
793 2230 970 2291 αὐτῶν
991 2247 1004 2261 ⁸
1061 2230 1194 2285 ἀλλά
1239 2229 1315 2300 τῷ
1352 2229 1693 2300 ἐκλεξαμένῳ

156 2320 315 2389 Κυρίῳ
344 2320 522 2381 διδοὺς
550 2319 725 2383 δόξαν,
751 2320 915 2389 ψάλλε
943 2321 1034 2373 καὶ
1064 2321 1126 2373 σὺ
1156 2320 1246 2373 τὸν
1281 2325 1388 2391 ρνα¹
1418 2318 1544 2370 ἴδιον
1565 2318 1693 2372 ὄντα.

153 2411 227 2462 τοῦ
260 2412 434 2464 Δαϐίδ.
482 2411 642 2466 Ἀλλὰ
677 2413 850 2476 Θέλεις
871 2413 1090 2481 ψάλλειν
1123 2413 1365 2482 ἐπακοὴν
1389 2410 1608 2481 ἔχοντας
1632 2409 1692 2463 τὸ

164 2499 472 2570 Ἁλληλούῖα,
504 2500 649 2571 ἔχεις
685 2501 773 2554 τὸν
806 2502 902 2572 ρδ’,
939 2508 1008 2571 ρε’
1034 2541 1048 2564 ,
1083 2499 1193 2572 ρς⁰,
1225 2497 1326 2571 ρια¹
1347 2542 1362 2564 ,
1394 2498 1493 2570 ριβ¹
1514 2538 1529 2564 ,
1564 2503 1689 2570 ριγθ,

152 2591 248 2660 pe.
271 2591 386 2661 ριε’,
419 2590 556 2663 ρις’,
592 2592 710 2662 ριζυ,
741 2599 864 2664 ριη’,
895 2589 1022 2662 ρλδ’,
1047 2592 1173 2663 ρλέ.
1197 2595 1335 2661 ρμέν
1367 2596 1518 2660 pes“,
1545 2589 1688 2660 ρμξ’ν

150 2692 272 2754 peri.
307 2684 452 2756 ρμθκ
490 2691 590 2756 W-

205 2783 307 2841 xg'.
343 2778 469 2830 Ὅτε
505 2777 562 2829 δὲ
587 2776 744 2848 θέλῃς
773 2777 890 2830 κατ’
919 2775 1054 2828 ίδίαν
1085 2775 1155 2827 τά
1178 2774 1305 2846 περὶ
1328 2772 1420 2827 τοῦ
1443 2773 1690 2844 Σωτῆρος

144 2867 362 2939 ψάλλειν,
395 2872 453 2922 ὲν
481 2869 698 2938 ἑκάστῳ
735 2869 831 2936 μὲν
863 2867 1046 2937 σχεδὸν
1081 2866 1354 2935 εὑρίσκεις
1384 2864 1580 2934 ψαλμῷ
1625 2862 1691 2916 τὰ

143 2960 337 3013 τοιαῦτα
355 2978 367 2990 ·
398 2961 546 3030 ἔχεις
565 2959 622 3012 δὲ
651 2959 881 3029 μάλιστα
904 2959 994 3011 τὸν
1022 2957 1120 3029 μὲν
1149 2954 1229 3027 μδ¹
1253 2957 1456 3010 καὶτὸν
1488 2955 1570 3027 ρθ’
1596 2956 1691 3026 δη-

143 3049 340 3114 λοῦντας
366 3052 466 3122 τὴν
505 3054 568 3105 ἐκ
597 3050 690 3104 τοῦ
723 3051 937 3122 Πατρὸς
973 3049 1136 3102 αὑτοῦ
1176 3048 1403 3120 γνησίαν
1439 3047 1689 3116 γέννησιν

142 3144 220 3194 καὶ
244 3145 334 3214 τὴν
362 3145 629 3216 ἐνσαρκον
663 3142 826 3197 αὑτοῦ
864 3143 1196 3215 παρουσίαν·
1244 3141 1336 3194 τὸν
1367 3139 1421 3193 δὲ
1469 3144 1552 3193 καθ
1596 3136 1690 3191 καὶ

144 3233 206 3304 ξη¹
233 3237 592 3307 προλέγοντας
625 3237 750 3305 περὶ
801 3235 896 3287 τοῦ
924 3234 1065 3287 θείου
1102 3231 1367 3304 σταυροῦ,
1416 3232 1510 3284 καὶ
1555 3231 1686 3299 ὅσην

137 3326 348 3398 emta;
381 3325 679 3397 ἐπιϐουλὴν
713 3324 1015 3390 ἀνεδέξατο,
1073 3324 1167 3375 καὶ
1220 3323 1362 3376 πόσα
1417 3319 1684 3373 πέπονθεο

142 3420 219 3470 καί
245 3421 332 3472 τὸν
363 3420 466 3490 μὲν
497 3416 540 3488 β’
579 3417 674 3470 καὶ
701 3423 783 3489 ρη⁹
812 3416 1171 3487 σημαίνοντας
1207 3415 1306 3485 τήν
1341 3429 1396 3466 τε
1422 3411 1528 3464 τῶν
1554 3411 1685 3463 Ἰουο

137 3510 280 3563 δαίων
303 3508 594 3581 ἐπιϐουλὴν
627 3508 720 3563 καὶ
769 3509 1059 3579 πονηρίαν,
1107 3507 1202 3560 καὶ
1250 3506 1349 3576 τῆν
1393 3503 1562 3558 ’ἰούδα
1592 3503 1685 3557 τοῦ

149 3601 477 3672 Ἰσκαριώτου
533 3603 849 3672 προδοσίαν·
895 3601 984 3653 τόν
1015 3616 1075 3652 τε
1103 3598 1172 3662 κ’,
1208 3599 1302 3651 καὶ
1347 3598 1456 3668 μθ’,
1492 3598 1586 3650 καὶ
1608 3602 1686 3650 οα⁹

134 3693 281 3761 (καὶ)
316 3693 616 3764 δηλοῦντας
646 3695 744 3762 τήν
774 3709 831 3744 τε
866 3691 1139 3761 βασιλείαν
1173 3691 1336 3743 αὑτοῦ
1380 3690 1470 3743 καὶ
1508 3708 1682 3760 κριτι-

134 3785 219 3854 κὴν
239 3784 488 3856 δύναμιν,
517 3785 609 3837 καὶ
633 3782 732 3854 τὴν
760 3782 838 3845 είς
868 3782 1012 3853 ἡμᾶς
1042 3777 1204 3832 αὑτοῦ
1235 3779 1397 3832 πάλιν
1425 3777 1684 3846 ἐνσαρκον

133 3879 438 3948 παφυσίαν,
471 3875 570 3929 καὶ
596 3875 694 3946 τὴν
725 3873 913 3943 κλῆσιν
943 3872 1058 3925 τῶν.
1079 3869 1268 3925 ἐθνῶν.
1301 3871 1408 3923 Καὶ
1430 3872 1458 3923 6
1495 3869 1592 3939 μὲν
1624 3865 1683 3920 ιε’

131 3967 379 4022 δείκνυσιν
402 3967 576 4022 αὐτοῦ
608 3967 707 4037 τὴν
739 3967 804 4018 ἐκ
827 3964 1034 4036 νεκρῶν
1069 3963 1360 4017 ἀνάστασιν
1381 3978 1394 3991 ⁸
1429 3962 1457 4012 6
1501 3959 1557 4012 δὲ
1597 3964 1682 4028 κγ’

130 4063 209 4112 καὶ
232 4069 323 4129 μς⁹
352 4058 765 4128 ἀπαγγέλλουσι
787 4057 883 4126 τὴν
904 4058 983 4119 είς
999 4055 1256 4126 οὐρανοὺς
1277 4052 1459 4107 ἄνοδον
1483 4050 1646 4103 αὑτοῦ
1667 4067 1681 4081 ·

128 4150 204 4200 τὸν
232 4150 285 4202 δὲ
307 4150 415 4219 ιιβν,
462 4149 562 4203 καὶ
596 4145 695 4214 ιβ’,
737 4146 829 4198 καὶ
862 4145 964 4212 ιζ’,
1011 4146 1102 4198 καὶ
1149 4148 1234 4214 ιιην
1274 4139 1679 4209 ἀναγινώσκων,

129 4237 380 4312 θεωρῆσαι
409 4239 622 4311 δυνήσῃ
653 4239 750 4300 τὰς
785 4238 863 4298 εἰς
889 4235 1034 4306 ἡμᾶς
1061 4233 1156 4287 τοῦ
1186 4233 1432 4302 Σωτῆρος
1457 4229 1546 4283 διὰ
1574 4227 1682 4283 τῶν

129 4333 452 4404 παθημάτων
479 4329 648 4386 αὐτοῦ
684 4329 978 4398 γενομένας
1012 4325 1348 4397 εὐεργεσίας.

186 4428 279 4490 κζ’.
311 4426 576 4489 Τοιοῦτος
599 4424 696 4495 μὲν
718 4420 809 4477 οὖν
833 4425 950 4475 ἐστι
970 4421 1065 4474 καί¹
1083 4423 1110 4473 6
1130 4419 1414 4492 χαρακτὴρ
1434 4419 1513 4481 είς
1540 4417 1682 4486 ὠφέ-

127 4518 254 4571 λειαν
284 4523 398 4582 τοῖς
433 4515 750 4588 ἀνθρώποις
797 4516 860 4567 ἐκ
907 4513 1005 4582 τῆς
1048 4511 1228 4582 βίϐλου
1273 4508 1381 4562 τῶν
1413 4506 1676 4578 Ψαλμῶν,
1713 4535 1757 4590 D

131 4612 332 4684 ἔχοῦσης
351 4613 537 4683 αὐτῆς
578 4610 740 4672 ίδίους
767 4606 1032 4678 ψαλμοὺς,
1055 4606 1148 4658 καὶ
1172 4606 1229 4657 ἐν
1250 4605 1361 4666 τοῖς
1389 4601 1590 4664 λοιποῖς
1622 4600 1678 4653 δὲ

133 4705 349 4774 περὶτῆς
377 4707 438 4757 ἐν
475 4701 694 4772 σώματι
721 4695 1017 4770 παρουσίας
1044 4694 1136 4747 τοῦ
1160 4693 1365 4764 Κυρίου
1390 4693 1423 4762 ἡ
1433 4689 1548 4760 μῶν
1584 4689 1679 4743 καὶ

131 4793 348 4869 Σωτῆρος
373 4793 560 4866 Ἰησοῦ
593 4789 826 4861 Χριστοῦ
854 4786 1184 4857 πυκνοτέρας
1203 4784 1300 4847 τὰς
1325 4779 1679 4854 προφητείας,

128 4890 245 4942 καθά
276 4893 568 4960 προεῖπον.
601 4884 702 4938 Διὰ
727 4883 776 4936 τί
803 4882 858 4935 δὲ
889 4880 1023 4952 μετά
1044 4878 1234 4949 μέλους
1262 4875 1355 4929 καὶ
1386 4872 1527 4944 ᾠδῆς
1546 4871 1681 4940 ψάλ-

127 4979 281 5035 λονται
305 4983 354 5036 οἱ
384 4979 632 5034 τοιοῦτοι
664 4975 832 5042 λόγοι,
863 4972 1154 5038 ἀναγκαῖον
1181 4967 1312 5039 μηδὲ
1349 4964 1504 5018 τοῦτο
1541 4979 1680 5032 παρ-

129 5073 294 5128 ελθεῖν.
324 5074 492 5136 Τινὲς
523 5073 628 5142 μὲν
661 5068 767 5137 γὰρ
794 5065 899 5119 τῶν
932 5066 1062 5133 παρ’
1092 5064 1220 5133 ἡμῖν
1247 5058 1539 5129 ἀκεραίων,
1558 5055 1681 5108 καί·

127 5180 190 5216 τοι
221 5163 597 5217 πιστευόντων
620 5155 759 5211 εἶναι
790 5155 1117 5208 θεόπνευστα
1142 5150 1210 5204 τὰ
1235 5150 1455 5220 ῥήματα
1474 5187 1489 5212 ,
1531 5148 1680 5217 ὅμως

128 5257 377 5324 ισομίζουσι
425 5253 520 5306 διὰ
556 5250 619 5302 τὸ
647 5247 881 5316 εὔφωνον
933 5245 1026 5298 καὶ¹
1053 5241 1294 5314 τέρψεως
1348 5239 1532 5292 ἕνεκεν
1582 5237 1678 5307 τῆς

128 5347 269 5417 ἀκοῆς
297 5342 667 5418 μελῳδείἔσθαι
691 5340 815 5400 τοὺς
842 5335 1103 5406 ψαλμούς.
1133 5334 1244 5387 Οὐκ
1269 5331 1458 5383 ἔστιδὲ
1477 5328 1676 5389 οὕτως⁹

127 5441 174 5489 οὐ
197 5440 293 5511 γὰρ
319 5441 380 5492 τὸ
409 5440 514 5511 ἡδὺ
549 5436 648 5489 καὶ
677 5430 898 5486 πιθανὸν
927 5428 1240 5500 ἐζήτησενή
1272 5427 1458 5496 Γραφή
1479 5440 1492 5454 ·
1545 5421 1679 5475 ἀλλά

129 5532 374 5587 καὶτοῦτο
404 5528 689 5603 ὠφελείας
713 5525 898 5577 ἕνεκεν
922 5523 1019 5594 τῆς
1044 5521 1220 5591 ψυχῆς
1263 5517 1569 5572 τετύπωται
1593 5513 1681 5568 διά

129 5625 280 5678 πάντα
311 5627 434 5696 μὲν,
469 5623 718 5694 μάλιστα
747 5617 801 5670 δὲ
829 5615 914 5669 διὰ
945 5614 1037 5668 δύο
1066 5612 1234 5665 ταῦτα
1254 5628 1266 5640 ·
1310 5608 1526 5681 πρῶτον
1559 5605 1676 5676 μὲν,

128 5718 192 5770 ὅτι
220 5719 418 5792 ἔπρεπε
444 5718 554 5788 τὴν
590 5714 744 5766 θείαν
767 5707 985 5781 Γραφὴν
1018 5709 1090 5777 μὴ
1128 5705 1284 5776 μόνον
1309 5707 1374 5774 τῇ
1407 5699 1675 5770 συνεχείᾳ,

129 5811 236 5866 ἀλλὰ
279 5814 366 5867 καὶ
525 5809 672 5862 κατά
711 5804 908 5864 πλάτος
959 5803 1107 5870 φωνῇ
1158 5799 1248 5852 τὸν
1301 5796 1430 5851 Θεὸν
1470 5795 1675 5864 ὑμνεῖν.

1801 574 2042 631 tionibus
2063 615 2077 639 ,
2119 588 2278 647 atque
2312 578 2533 632 sensisti
2576 587 2628 635 te
2657 580 2940 635 seductum
2961 621 2977 646 ,
3009 591 3062 636 et
3100 586 3368 652 poeniten-

1801 665 1932 720 tiam
1987 668 2174 738 egisti,
2225 669 2278 722 in
2323 679 2596 738 posterum
2651 672 2868 739 desine,
2927 684 3090 744 atque
3139 677 3364 744 gradum

1802 757 2000 812 sistens
2033 758 2128 812 ubi
2178 767 2229 814 te
2275 769 2588 829 peccantem
2635 761 3068 831 deprehendisti,
3111 768 3234 822 sede
3259 807 3273 831 ,
3312 777 3367 821 et

1801 847 1951 915 plora
1971 886 1986 910 ,
2019 856 2071 903 et
2097 856 2259 918 prout
2285 848 2412 904 fecit
2439 851 2567 904 olim
2607 853 2837 922 populus
2859 893 2873 917 ,
2901 855 2989 910 dic
3017 858 3177 912 verba
3216 857 3363 927 psal-

1801 937 1876 990 mi
1903 938 2021 992 156.
2061 937 2408 994 Tentationes
2432 941 2809 1010 probationem
2850 958 2970 998 esse
2999 953 3146 1001 tuam
3177 955 3362 1010 ratus,

1801 1026 1847 1080 si
1883 1036 2007 1096 post
2043 1029 2366 1084 tentationes
2405 1031 2539 1085 velis
2583 1031 2787 1101 gratias
2815 1047 3009 1102 agere,
3043 1035 3209 1090 babes
3240 1036 3360 1090 158.

1799 1116 1883 1172 Ab
1925 1119 2163 1176 inimicis
2211 1121 2408 1175 iterum
2454 1123 2652 1177 teneris
2675 1163 2690 1188 ,
2717 1131 2770 1177 et
2804 1122 3019 1177 liberari
3058 1125 3249 1194 cupis?
3277 1126 3366 1180 dic

1799 1209 1964 1265 verba
1995 1211 2116 1267 139.
2153 1211 2250 1267 Vis
2278 1212 2579 1282 supplicare
2604 1222 2657 1268 et
2682 1214 2879 1268 orare?
2911 1215 3080 1285 psalle
3117 1217 3361 1285 quintum

1799 1306 1854 1354 et
1877 1301 2000 1355 149..
2032 1300 2288 1358 lnimicus
2323 1313 2585 1374 tyrannus
2610 1305 2904 1360 insurrexit
2925 1307 2976 1359 in
3002 1307 3282 1376 populum,
3309 1316 3364 1361 et

1799 1392 1855 1446 in
1893 1401 1983 1459 te,
2015 1393 2157 1449 sicut
2200 1394 2255 1448 in
2290 1394 2460 1450 David
2501 1393 2752 1461 Goliath,
2795 1413 2863 1452 ne
2895 1399 3089 1453 timeas
3125 1418 3137 1454 ε
3174 1400 3266 1454 sed
3303 1408 3358 1454 tu

1800 1486 2256 1554 quemadmodum
2300 1485 2470 1540 David
2520 1488 2714 1556 crede,
2744 1498 2798 1545 et
2847 1490 3015 1560 psalle
3050 1492 3209 1545 verba
3238 1492 3358 1546 145.

1799 1574 2003 1633 Deinde
2032 1579 2309 1634 admirans
2332 1580 2592 1637 beneﬁcia
2616 1581 2710 1636 Dei
2736 1582 2791 1636 in
2816 1597 3024 1648 omnes,
3050 1598 3361 1653 memorque

1797 1669 1917 1739 ejus
1946 1684 2071 1741 erga
2103 1680 2156 1726 te
2198 1681 2252 1726 et
2276 1689 2401 1745 erga
2437 1688 2624 1729 omnes
2657 1674 2915 1731 bonitatis
2937 1717 2951 1739 ,
2986 1677 3031 1731 si
3077 1687 3358 1746 propterea

1799 1761 2033 1817 volueris
2068 1762 2179 1817 Deo
2208 1764 2522 1820 benedicere
2541 1805 2556 1829 ,
2585 1766 2672 1820 die
2699 1764 2916 1821 Davidis
2939 1767 3123 1832 verba,
3155 1782 3277 1836 qua:
3307 1777 3360 1821 et

1724 1851 1767 1907 Β
1797 1852 1913 1923 ipse
1949 1853 2090 1908 dixit
2125 1854 2180 1908 in
2204 1854 2412 1924 psalmo
2444 1856 2567 1909 144.
2601 1854 2690 1910 Vis
2719 1853 2946 1910 Domino
2970 1855 3204 1911 canere?
3234 1873 3356 1926 quae

1795 1942 1944 1996 dicas
1972 1950 2270 2011 suppetunt
2309 1943 2361 1996 in
2394 1943 2463 1998 9‘2
2497 1953 2550 1998 et
2580 1944 2671 2000 97.
2703 1943 2760 1999 Si
2787 1961 2908 2000 cum
2947 1946 3174 2016 pusillus
3208 1961 3358 2002 esses

1794 2031 2049 2101 praelatus
2079 2033 2154 2088 sis
2195 2035 2260 2087 ad
2296 2050 2455 2089 usum
2489 2037 2797 2106 quempiam
2838 2037 3066 2092 fratrum
3103 2046 3316 2093 tuorum
3339 2080 3355 2104 ,

1793 2139 1863 2180 ne
1896 2124 2152 2182 adversus
2183 2126 2305 2181 illos
2333 2127 2591 2183 extollare
2631 2144 2645 2180 :
2692 2129 2788 2183 sed
2834 2129 3058 2200 gloriam
3101 2131 3353 2190 Domino.

1794 2217 1888 2287 qui
1925 2227 1975 2273 te
2008 2219 2209 2290 elegit,
2254 2219 2520 2286 tribuens,
2548 2220 2716 2290 psalle
2747 2229 2800 2276 et
2833 2231 2888 2276 tu
2923 2222 3055 2286 151,
3085 2221 3179 2290 qui
3224 2234 3355 2290 pro-

1792 2310 1943 2379 prius
1975 2320 2059 2366 est
2088 2311 2328 2366 Davidis.
2368 2311 2472 2366 Sed
2504 2328 2698 2367 canere
2727 2313 2807 2367 vis
2831 2314 3069 2382 psalmos
3095 2326 3355 2366 resonan-

1793 2411 1874 2456 tes
1901 2402 2116 2456 laudem
2141 2402 2255 2469 Dei,
2275 2418 2372 2457 seu
2392 2404 2653 2459 habentes
2677 2404 2890 2458 titulum
2914 2404 3165 2468 Alleluia,
3190 2404 3356 2457 habes

1795 2493 1917 2558 101,
1960 2493 2239 2561 105,106,
2277 2495 2402 2559 111,
2455 2495 3039 2560 11ε,115,11.1,115,
3074 2494 3195 2561 ne,
3231 2494 3351 2557 H7,

1795 2587 1918 2653 118,
1954 2586 2076 2653 151,
2113 2586 2380 2653 155,145,
2417 2586 2538 2651 116,
2573 2586 2697 2654 117,
2728 2585 2848 2649 us.
2882 2587 3006 2653 119,
3033 2585 3155 2641 150.

1859 2762 1946 2818 26.
1988 2762 2123 2818 Cum
2173 2763 2406 2818 volueris
2471 2777 2535 2816 ea
2584 2776 2705 2831 qua:
2752 2761 3082 2817 Salvatorem
3137 2761 3353 2831 proprie

1792 2864 2035 2927 spectant
2058 2855 2286 2926 psallere
2321 2895 2336 2921 ,
2363 2854 2416 2908 in
2445 2853 2672 2924 singulis
2703 2868 2838 2925 pene
2863 2853 3087 2923 psalmis
3126 2853 3241 2908 haec
3265 2854 3352 2907 in-

1790 2948 2006 3004 venies:
2037 2946 2305 3017 prazcipue
2357 2953 2534 2999 autem
2560 2943 2728 2999 babes
2758 2944 2827 2998 44
2858 2952 2912 2999 et
2945 2942 3064 3010 109,
3094 2944 3188 3013 qui
3218 2959 3354 3014 pra:-

1790 3041 2005 3110 cipuam
2031 3039 2149 3110 ejus
2181 3054 2244 3094 ex
2275 3036 2434 3093 Patre
2460 3036 2879 3107 generationem,
2908 3036 3135 3106 ejusque
3164 3036 3216 3088 in
3241 3049 3354 3090 eor-

1791 3146 1922 3202 pore
1945 3131 2235 3185 adventum
2270 3127 2695 3199 signiﬁcant;2l
2729 3136 2785 3181 et
2812 3126 2902 3192 68,
2946 3128 3039 3196 qui
3070 3126 3138 3180 de
3170 3127 3352 3181 divina

1790 3238 1952 3280 cruce
1989 3223 2374 3292 praanuntiant,
2417 3229 2650 3292 quantas
2691 3234 2789 3290 pro
2835 3218 2992 3274 nobis
3036 3218 3356 3274 sustinuerit

1788 3312 2034 3376 insidias,
2067 3322 2122 3366 et
2143 3328 2306 3381 quam
2340 3313 2506 3366 multa
2528 3326 2725 3381 passus
2755 3311 2855 3375 sit;
2884 3319 2938 3365 et
2968 3311 3267 3366 secundum
3299 3319 3356 3363 et

1789 3402 1912 3465 108,
1940 3403 2241 3457 indicantes
2273 3401 2584 3456 Judaeorum
2619 3401 2844 3455 insidias
2878 3402 3266 3471 malitiamque,
3295 3409 3352 3454 et

1787 3493 1938 3550 Iuda:
1977 3493 2248 3548 lscariota:
2289 3492 2687 3562 proditionem;
2727 3500 2782 3546 et
2822 3492 3136 3546 vicesimum
3163 3531 3180 3557 ,
3216 3491 3344 3548 item

1787 3583 1854 3640 49
1883 3594 1936 3639 et
1965 3584 2062 3649 71,
2112 3583 2480 3653 signiﬁcantes
2529 3596 2755 3651 regnum
2807 3581 2926 3650 ejus
2981 3590 3035 3636 et
3071 3581 3350 3649 iudicandi

1786 3682 2132 3745 potestatem,
2163 3686 2369 3726 necnon
2421 3667 2719 3725 secundum
2742 3668 2861 3738 ejus
2889 3669 2942 3721 in
2970 3681 3134 3723 carne
3156 3666 3225 3722 ad
3250 3682 3351 3722 nos

1785 3764 2114 3828 adventum,
2175 3770 2230 3817 et
2286 3761 2618 3816 vocationem
2666 3760 2927 3828 gentium.
2990 3756 3058 3811 Et
3106 3757 3349 3812 decimus

1784 3857 2010 3928 quintus
2043 3855 2284 3910 declarat
2333 3853 2451 3923 ejus
2493 3867 2525 3906 a
2574 3851 2805 3906 mortuis
2840 3850 3292 3906 resurrectionem
3330 3869 3343 3904 :

1785 3951 2081 4007 vicesimus
2107 3949 2302 4004 tertius
2337 3955 2388 4001 et
2430 3945 2879 4018 quadragesimus
2924 3953 3110 4000 sextus
3138 3960 3348 3998 annuno

1787 4044 1923 4098 tiant
1954 4042 2072 4112 ejus
2105 4040 2171 4095 ad
2218 4039 2384 4094 caelos
2410 4053 2720 4093 ascensum.
2753 4035 2888 4090 Cum
2932 4044 3110 4090 autem
3152 4035 3347 4105 legeris

1783 4133 2192 4206 nonagesimum
2209 4129 2525 4193 secundum,
2539 4137 2592 4181 et
2613 4127 2701 4190 95,
2719 4139 2772 4180 et
2788 4126 2875 4192 97,
2897 4134 2949 4180 et
2975 4125 3065 4192 98,
3089 4125 3344 4178 beneﬁcia

1785 4225 2082 4280 Salvatoris
2118 4239 2212 4294 per
2251 4221 2524 4278 cruciatus
2549 4220 2667 4289 ejus
2714 4218 2871 4272 nobis
2907 4216 3101 4272 collata
3142 4215 3344 4286 poteris

1783 4315 2158 4384 contemplari.

1849 4411 1938 4464 27.
1995 4405 2142 4462 Talis
2164 4415 2246 4461 est
2283 4406 2564 4460 character
2596 4401 2719 4456 libri
2762 4397 3103 4453 Psalmorum
3144 4395 3211 4448 ad
3242 4394 3342 4447 bo-

1785 4504 1990 4558 minum
2041 4501 2323 4555 utilitatem
2391 4492 2866 4554 accommodatus;
2923 4503 3062 4558 quos
3120 4486 3340 4556 quidem

1784 4595 2022 4666 psalmos
2064 4592 2201 4647 alios
2229 4591 2294 4644 ad
2324 4585 2754 4643 emendationem
2802 4589 3044 4634 motuum
3096 4578 3339 4648 singula—

1781 4702 1900 4742 rum
1921 4684 2222 4740 animarum
2239 4679 2575 4748 conscriptos
2591 4690 2730 4738 esse,
2752 4673 2991 4742 reliquos
3009 4685 3136 4724 vero
3165 4669 3232 4723 de
3248 4669 3341 4724 ad-

1781 4789 1942 4834 ventu
1966 4779 2021 4832 in
2039 4789 2266 4844 corpore
2286 4769 2500 4826 Domini
2521 4767 2692 4822 nostri
2710 4763 2840 4819 Jesu
2864 4761 3064 4818 Christi
3087 4759 3339 4829 frequen-

1781 4875 1949 4928 tiores
1991 4868 2188 4922 habere
2230 4862 2560 4934 prophetias,
2596 4857 2851 4928 superius
2895 4855 3151 4909 diximus.
3197 4849 3336 4916 Quid

1781 4979 1957 5018 causa:
2011 4969 2189 5014 autem
2259 4957 2353 5020 sit,
2391 4952 2533 5024 quod
2586 4947 2852 5020 ejusmodi
2898 4958 3176 5000 sermones
3212 4957 3334 4996 cum

1781 5053 2148 5110 modulatione
2199 5058 2251 5102 et
2279 5056 2439 5102 cantu
2477 5044 2796 5115 psallantur,
2831 5050 3171 5107 nequaquam
3199 5049 3337 5102 prae-

1781 5142 2180 5200 termittendum
2205 5146 2308 5192 est.
2352 5135 2581 5201 Quidam
2615 5133 2758 5188 enim
2812 5131 2952 5183 inter
2990 5141 3088 5180 nos
3130 5124 3336 5192 simpli-

1781 5237 1978 5299 ciores,
2009 5230 2221 5288 tametsi
2265 5228 2491 5283 credunt
2526 5224 2690 5279 verba
2724 5235 2844 5277 esse
2871 5217 3130 5275 divinitus
3166 5214 3336 5283 inspi-

1781 5338 1930 5393 rata,
1973 5326 2307 5380 arbitrantur
2352 5329 2528 5374 tamen
2578 5315 2648 5370 ob
2703 5312 2822 5368 soni
2872 5309 3191 5366 suavitatem
3235 5319 3332 5358 vo-

1781 5424 2147 5490 luptatemque
2191 5414 2402 5469 aurium
2448 5409 2688 5481 psalmos
2721 5406 2863 5460 cani.
2900 5403 2968 5455 At
2997 5411 3331 5468 nequaquam

1781 5515 1854 5568 ita
1887 5528 1943 5566 se
1977 5518 2061 5564 res
2089 5509 2287 5572 habet;
2322 5521 2426 5560 non
2454 5502 2598 5556 enim
2651 5512 2838 5560 suave.
2880 5504 2974 5549 aut
3023 5491 3333 5546 demulcens

1779 5603 2027 5676 quaesivit
2063 5599 2340 5667 Scriptura
2372 5614 2384 5650 :
2418 5594 2510 5648 sed
2545 5592 2597 5647 id
2623 5602 2839 5661 quoque
2869 5587 2935 5640 ad
2963 5583 3155 5676 animae
3189 5579 3338 5676 utili-

1781 5670 1941 5753 tatem
1961 5691 2313 5748 constitutum
2338 5694 2440 5748 est,
2460 5682 2732 5745 omnibus,
2753 5679 2843 5732 sed
2859 5675 3076 5730 duabus
3099 5670 3332 5725 maxime

1780 5789 1845 5844 de
1867 5785 2046 5844 causis
2081 5801 2093 5850 ;
2123 5782 2316 5853 primo,
2343 5777 2470 5846 quia
2503 5771 2683 5828 decuit
2731 5768 2965 5823 divinam
3000 5761 3330 5829 Scripturam
