  <div class='ocr_page' id='page_1' title='image "/cluster/home/n/w/nwhite01/storage/ocr_20150623/27/pst.000005712182/027.png"; bbox 0 0 4102 6304; ppageno 0'>
   <div class='ocr_carea' id='block_1_1' title="bbox 689 346 2283 410">
    <p class='ocr_par' dir='ltr' id='par_1_1' title="bbox 689 346 2283 410">
     <span class='ocr_line' id='line_1_1' title="bbox 689 346 2283 410; baseline -0.005 0"><span class='ocrx_word' id='word_1_1' title='bbox 689 352 760 410; x_wconf 77' lang='lat'><strong>&#39;59</strong></span> <span class='ocrx_word' id='word_1_2' title='bbox 1535 349 1593 405; x_wconf 90' lang='lat' dir='ltr'><strong>S.</strong></span> <span class='ocrx_word' id='word_1_3' title='bbox 1635 346 2003 404; x_wconf 75' lang='lat' dir='ltr'><strong>ATHANASH</strong></span> <span class='ocrx_word' id='word_1_4' title='bbox 2040 349 2190 405; x_wconf 82' lang='lat' dir='ltr'><strong>OPP.</strong></span> <span class='ocrx_word' id='word_1_5' title='bbox 2238 349 2283 404; x_wconf 45' lang='grc' dir='ltr'><strong>Ρη</strong></span> 
     </span>
    </p>
   </div>
   <div class='ocr_carea' id='block_1_2' title="bbox 2383 346 3913 410">
    <p class='ocr_par' dir='ltr' id='par_1_2' title="bbox 2383 346 3913 407">
     <span class='ocr_line' id='line_1_2' title="bbox 2383 346 3913 407; baseline 0.002 -4"><span class='ocrx_word' id='word_1_6' title='bbox 2383 348 2418 403; x_wconf 86' lang='lat' dir='ltr'>S</span> <span class='ocrx_word' id='word_1_7' title='bbox 2455 346 2536 402; x_wconf 83' lang='lat' dir='ltr'><strong>Ill.</strong></span> <span class='ocrx_word' id='word_1_8' title='bbox 2591 377 2649 388; x_wconf 90' lang='lat'><strong>-—</strong></span> <span class='ocrx_word' id='word_1_9' title='bbox 2688 347 3104 404; x_wconf 73' lang='lat' dir='ltr'><strong>EXEGETICA.</strong></span> <span class='ocrx_word' id='word_1_10' title='bbox 3849 353 3913 407; x_wconf 73' lang='grc' dir='ltr'>ιο</span> 
     </span>
    </p>
   </div>
   <div class='ocr_carea' id='block_1_3' title="bbox 694 463 2283 546">
    <p class='ocr_par' dir='ltr' id='par_1_3' title="bbox 694 468 2252 541">
     <span class='ocr_line' id='line_1_3' title="bbox 694 468 2252 541; baseline 0 -15"><span class='ocrx_word' id='word_1_11' title='bbox 694 487 801 526; x_wconf 88' lang='lat' dir='ltr'><strong>non</strong></span> <span class='ocrx_word' id='word_1_12' title='bbox 853 481 1201 541; x_wconf 81' lang='lat' dir='ltr'><strong>compresse,</strong></span> <span class='ocrx_word' id='word_1_13' title='bbox 1252 468 1346 525; x_wconf 85' lang='lat' dir='ltr'><strong>sed</strong></span> <span class='ocrx_word' id='word_1_14' title='bbox 1404 469 1459 523; x_wconf 91' lang='lat' dir='ltr'><strong>in</strong></span> <span class='ocrx_word' id='word_1_15' title='bbox 1531 470 1821 526; x_wconf 73' lang='lat' dir='ltr'><strong>latitudine</strong></span> <span class='ocrx_word' id='word_1_16' title='bbox 1876 471 2025 526; x_wconf 83' lang='lat' dir='ltr'><strong>vocis</strong></span> <span class='ocrx_word' id='word_1_17' title='bbox 2084 470 2252 527; x_wconf 88' lang='lat' dir='ltr'><strong>Deum</strong></span> 
     </span>
    </p>
   </div>
   <div class='ocr_carea' id='block_1_4' title="bbox 2383 463 3921 546">
    <p class='ocr_par' dir='ltr' id='par_1_4' title="bbox 2383 463 3921 541">
     <span class='ocr_line' id='line_1_4' title="bbox 2383 463 3921 541; baseline -0.004 -15"><span class='ocrx_word' id='word_1_18' title='bbox 2383 471 2515 526; x_wconf 69' lang='grc' dir='ltr'>[ατὰ</span> <span class='ocrx_word' id='word_1_19' title='bbox 2543 468 2830 540; x_wconf 82' lang='grc' dir='ltr'><strong>συνέχειαν</strong></span> <span class='ocrx_word' id='word_1_20' title='bbox 2865 472 2963 541; x_wconf 74' lang='grc' dir='ltr'><strong>μὲν</strong></span> <span class='ocrx_word' id='word_1_21' title='bbox 2987 465 3081 524; x_wconf 79' lang='grc' dir='ltr'>οὖν</span> <span class='ocrx_word' id='word_1_22' title='bbox 3108 468 3341 541; x_wconf 72' lang='grc' dir='ltr'>εἴρηται,</span> <span class='ocrx_word' id='word_1_23' title='bbox 3372 463 3460 522; x_wconf 80' lang='grc' dir='ltr'>οἷά</span> <span class='ocrx_word' id='word_1_24' title='bbox 3488 470 3603 521; x_wconf 81' lang='grc' dir='ltr'>ἐστι</span> <span class='ocrx_word' id='word_1_25' title='bbox 3628 466 3696 519; x_wconf 70' lang='grc' dir='ltr'><strong>τὰ</strong></span> <span class='ocrx_word' id='word_1_26' title='bbox 3726 466 3822 519; x_wconf 76' lang='grc' dir='ltr'>τοῦ</span> <span class='ocrx_word' id='word_1_27' title='bbox 3847 469 3921 520; x_wconf 77' lang='grc' dir='ltr'>νό-</span> 
     </span>
    </p>
   </div>
   <div class='ocr_carea' id='block_1_5' title="bbox 695 560 2259 636">
    <p class='ocr_par' dir='ltr' id='par_1_5' title="bbox 695 560 2259 636">
     <span class='ocr_line' id='line_1_5' title="bbox 695 560 2259 636; baseline 0 -18"><span class='ocrx_word' id='word_1_28' title='bbox 695 564 909 636; x_wconf 84' lang='lat' dir='ltr'><strong>hymnis</strong></span> <span class='ocrx_word' id='word_1_29' title='bbox 947 563 1237 617; x_wconf 89' lang='lat' dir='ltr'><strong>celebrare.</strong></span> <span class='ocrx_word' id='word_1_30' title='bbox 1286 560 1555 616; x_wconf 88' lang='lat' dir='ltr'><strong>Continua</strong></span> <span class='ocrx_word' id='word_1_31' title='bbox 1608 562 1769 633; x_wconf 88' lang='lat' dir='ltr'><strong>igitur</strong></span> <span class='ocrx_word' id='word_1_32' title='bbox 1792 564 2038 618; x_wconf 88' lang='lat' dir='ltr'><strong>oratione</strong></span> <span class='ocrx_word' id='word_1_33' title='bbox 2063 564 2259 618; x_wconf 89' lang='lat' dir='ltr'><strong>dicun-</strong></span> 
     </span>
    </p>
   </div>
   <div class='ocr_carea' id='block_1_6' title="bbox 696 652 2262 726">
    <p class='ocr_par' dir='ltr' id='par_1_6' title="bbox 696 652 2262 726">
     <span class='ocr_line' id='line_1_6' title="bbox 696 652 2262 726; baseline -0.001 -17"><span class='ocrx_word' id='word_1_34' title='bbox 696 666 785 710; x_wconf 89' lang='lat' dir='ltr'><strong>tur</strong></span> <span class='ocrx_word' id='word_1_35' title='bbox 842 655 977 726; x_wconf 84' lang='lat' dir='ltr'><strong>legis</strong></span> <span class='ocrx_word' id='word_1_36' title='bbox 1021 664 1074 708; x_wconf 91' lang='lat' dir='ltr'><strong>et</strong></span> <span class='ocrx_word' id='word_1_37' title='bbox 1116 652 1497 722; x_wconf 83' lang='lat' dir='ltr'><strong>prophetarum</strong></span> <span class='ocrx_word' id='word_1_38' title='bbox 1528 653 1710 717; x_wconf 86' lang='lat' dir='ltr'><strong>verba,</strong></span> <span class='ocrx_word' id='word_1_39' title='bbox 1747 668 1961 708; x_wconf 86' lang='lat' dir='ltr'><strong>necnon</strong></span> <span class='ocrx_word' id='word_1_40' title='bbox 2018 656 2262 709; x_wconf 72' lang='lat' dir='ltr'><strong>historia:</strong></span> 
     </span>
    </p>
   </div>
   <div class='ocr_carea' id='block_1_7' title="bbox 696 742 2260 810">
    <p class='ocr_par' dir='ltr' id='par_1_7' title="bbox 696 742 2260 810">
     <span class='ocr_line' id='line_1_7' title="bbox 696 742 2260 810; baseline -0.001 -9"><span class='ocrx_word' id='word_1_41' title='bbox 696 762 909 809; x_wconf 87' lang='lat' dir='ltr'><strong>omnes,</strong></span> <span class='ocrx_word' id='word_1_42' title='bbox 945 760 1068 800; x_wconf 87' lang='lat' dir='ltr'><strong>cum</strong></span> <span class='ocrx_word' id='word_1_43' title='bbox 1100 742 1246 798; x_wconf 79' lang='lat' dir='ltr'><strong>Novo</strong></span> <span class='ocrx_word' id='word_1_44' title='bbox 1272 742 1659 810; x_wconf 69' lang='lat' dir='ltr'><strong>Testamento;</strong></span> <span class='ocrx_word' id='word_1_45' title='bbox 1707 743 1884 799; x_wconf 81' lang='lat' dir='ltr'><strong>fusius</strong></span> <span class='ocrx_word' id='word_1_46' title='bbox 1917 753 2097 800; x_wconf 85' lang='lat' dir='ltr'><strong>autem</strong></span> <span class='ocrx_word' id='word_1_47' title='bbox 2131 745 2260 800; x_wconf 83' lang='lat' dir='ltr'><strong>eﬂ&#39;e-</strong></span> 
     </span>
    </p>
   </div>
   <div class='ocr_carea' id='block_1_8' title="bbox 700 833 2255 905">
    <p class='ocr_par' dir='ltr' id='par_1_8' title="bbox 700 833 2255 905">
     <span class='ocr_line' id='line_1_8' title="bbox 700 833 2255 905; baseline -0.003 -14"><span class='ocrx_word' id='word_1_48' title='bbox 700 847 893 891; x_wconf 91' lang='lat' dir='ltr'><strong>runtur</strong></span> <span class='ocrx_word' id='word_1_49' title='bbox 938 836 1289 905; x_wconf 77' lang='lat' dir='ltr'><strong>psalmorum.</strong></span> <span class='ocrx_word' id='word_1_50' title='bbox 1321 833 1547 887; x_wconf 89' lang='lat' dir='ltr'><strong>odarum</strong></span> <span class='ocrx_word' id='word_1_51' title='bbox 1587 841 1641 887; x_wconf 91' lang='lat' dir='ltr'><strong>et</strong></span> <span class='ocrx_word' id='word_1_52' title='bbox 1688 838 2026 889; x_wconf 73' lang='lat' dir='ltr'><strong>canticorum</strong></span> <span class='ocrx_word' id='word_1_53' title='bbox 2056 836 2255 901; x_wconf 84' lang='lat' dir='ltr'><strong>verba;</strong></span> 
     </span>
    </p>
   </div>
   <div class='ocr_carea' id='block_1_9' title="bbox 698 924 2265 999">
    <p class='ocr_par' dir='ltr' id='par_1_9' title="bbox 698 924 2265 999">
     <span class='ocr_line' id='line_1_9' title="bbox 698 924 2265 999; baseline -0.001 -16"><span class='ocrx_word' id='word_1_54' title='bbox 698 938 861 999; x_wconf 87' lang='lat' dir='ltr'><strong>atque</strong></span> <span class='ocrx_word' id='word_1_55' title='bbox 892 928 963 980; x_wconf 86' lang='lat' dir='ltr'><strong>ita</strong></span> <span class='ocrx_word' id='word_1_56' title='bbox 997 936 1242 981; x_wconf 88' lang='lat' dir='ltr'><strong>servatur</strong></span> <span class='ocrx_word' id='word_1_57' title='bbox 1272 925 1425 989; x_wconf 92' lang='lat' dir='ltr'><strong>illud,</strong></span> <span class='ocrx_word' id='word_1_58' title='bbox 1454 935 1511 978; x_wconf 92' lang='lat' dir='ltr'><strong>ut</strong></span> <span class='ocrx_word' id='word_1_59' title='bbox 1545 924 1790 981; x_wconf 84' lang='lat' dir='ltr'><strong>homines</strong></span> <span class='ocrx_word' id='word_1_60' title='bbox 1820 927 1951 981; x_wconf 91' lang='lat' dir='ltr'><strong>totis</strong></span> <span class='ocrx_word' id='word_1_61' title='bbox 1982 926 2189 981; x_wconf 82' lang='lat' dir='ltr'><strong>viribus</strong></span> <span class='ocrx_word' id='word_1_62' title='bbox 2212 936 2265 981; x_wconf 94' lang='lat' dir='ltr'><strong>et</strong></span> 
     </span>
    </p>
   </div>
   <div class='ocr_carea' id='block_1_10' title="bbox 700 1017 2264 1089">
    <p class='ocr_par' dir='ltr' id='par_1_10' title="bbox 700 1017 2264 1089">
     <span class='ocr_line' id='line_1_10' title="bbox 700 1017 2264 1089; baseline -0.001 -14"><span class='ocrx_word' id='word_1_63' title='bbox 700 1030 811 1075; x_wconf 89' lang='lat' dir='ltr'><strong>tota</strong></span> <span class='ocrx_word' id='word_1_64' title='bbox 839 1022 1030 1075; x_wconf 90' lang='lat' dir='ltr'><strong>virtute</strong></span> <span class='ocrx_word' id='word_1_65' title='bbox 1048 1018 1221 1073; x_wconf 90' lang='lat' dir='ltr'><strong>Deum</strong></span> <span class='ocrx_word' id='word_1_66' title='bbox 1242 1019 1485 1088; x_wconf 82' lang='lat' dir='ltr'><strong>diligant.</strong></span> <span class='ocrx_word' id='word_1_67' title='bbox 1515 1017 1783 1083; x_wconf 87' lang='lat' dir='ltr'><strong>Secundo,</strong></span> <span class='ocrx_word' id='word_1_68' title='bbox 1808 1020 2264 1089; x_wconf 72' lang='lat' dir='ltr'><strong>quemadmodum</strong></span> 
     </span>
    </p>
   </div>
   <div class='ocr_carea' id='block_1_11' title="bbox 702 1109 2265 1178">
    <p class='ocr_par' dir='ltr' id='par_1_11' title="bbox 702 1109 2265 1178">
     <span class='ocr_line' id='line_1_11' title="bbox 702 1109 2265 1178; baseline -0.003 -13"><span class='ocrx_word' id='word_1_69' title='bbox 702 1110 1007 1176; x_wconf 78' lang='lat' dir='ltr'><strong>harmonia,</strong></span> <span class='ocrx_word' id='word_1_70' title='bbox 1035 1109 1197 1163; x_wconf 85' lang='lat' dir='ltr'><strong>tibias</strong></span> <span class='ocrx_word' id='word_1_71' title='bbox 1220 1117 1341 1178; x_wconf 88' lang='lat' dir='ltr'><strong>apte</strong></span> <span class='ocrx_word' id='word_1_72' title='bbox 1366 1122 1719 1177; x_wconf 91' lang='lat' dir='ltr'><strong>componens,</strong></span> <span class='ocrx_word' id='word_1_73' title='bbox 1741 1122 1908 1161; x_wconf 89' lang='lat' dir='ltr'><strong>unum</strong></span> <span class='ocrx_word' id='word_1_74' title='bbox 1941 1120 2265 1163; x_wconf 88' lang='lat' dir='ltr'><strong>concentum</strong></span> 
     </span>
    </p>
   </div>
   <div class='ocr_carea' id='block_1_12' title="bbox 702 1200 2266 1271">
    <p class='ocr_par' dir='ltr' id='par_1_12' title="bbox 702 1200 2266 1271">
     <span class='ocr_line' id='line_1_12' title="bbox 702 1200 2266 1271; baseline 0 -14"><span class='ocrx_word' id='word_1_75' title='bbox 702 1203 879 1267; x_wconf 86' lang='lat' dir='ltr'><strong>elIicit,</strong></span> <span class='ocrx_word' id='word_1_76' title='bbox 912 1204 985 1256; x_wconf 92' lang='lat' dir='ltr'><strong>ita</strong></span> <span class='ocrx_word' id='word_1_77' title='bbox 1007 1217 1129 1257; x_wconf 92' lang='lat' dir='ltr'><strong>cum</strong></span> <span class='ocrx_word' id='word_1_78' title='bbox 1163 1202 1213 1254; x_wconf 92' lang='lat' dir='ltr'><strong>in</strong></span> <span class='ocrx_word' id='word_1_79' title='bbox 1242 1201 1416 1254; x_wconf 84' lang='lat' dir='ltr'><strong>anima</strong></span> <span class='ocrx_word' id='word_1_80' title='bbox 1436 1200 1569 1254; x_wconf 87' lang='lat' dir='ltr'><strong>varii</strong></span> <span class='ocrx_word' id='word_1_81' title='bbox 1601 1201 1707 1255; x_wconf 90' lang='lat' dir='ltr'><strong>sint</strong></span> <span class='ocrx_word' id='word_1_82' title='bbox 1727 1209 1904 1255; x_wconf 91' lang='lat' dir='ltr'><strong>motus</strong></span> <span class='ocrx_word' id='word_1_83' title='bbox 1931 1202 2164 1271; x_wconf 86' lang='lat' dir='ltr'><strong>iusitque</strong></span> <span class='ocrx_word' id='word_1_84' title='bbox 2188 1200 2266 1257; x_wconf 85' lang='lat' dir='ltr'><strong>vis</strong></span> 
     </span>
    </p>
   </div>
   <div class='ocr_carea' id='block_1_13' title="bbox 702 1292 2265 1366">
    <p class='ocr_par' dir='ltr' id='par_1_13' title="bbox 702 1292 2265 1366">
     <span class='ocr_line' id='line_1_13' title="bbox 702 1292 2265 1366; baseline -0.002 -16"><span class='ocrx_word' id='word_1_85' title='bbox 702 1293 1008 1366; x_wconf 80' lang='lat' dir='ltr'><strong>cogitandi,</strong></span> <span class='ocrx_word' id='word_1_86' title='bbox 1066 1292 1509 1362; x_wconf 87' lang='lat' dir='ltr'><strong>concupiscendi,</strong></span> <span class='ocrx_word' id='word_1_87' title='bbox 1566 1292 1870 1357; x_wconf 89' lang='lat' dir='ltr'><strong>irascendi,</strong></span> <span class='ocrx_word' id='word_1_88' title='bbox 1918 1308 1985 1347; x_wconf 82' lang='lat' dir='ltr'><strong>ex</strong></span> <span class='ocrx_word' id='word_1_89' title='bbox 2035 1309 2265 1362; x_wconf 87' lang='lat' dir='ltr'><strong>quarum</strong></span> 
     </span>
    </p>
   </div>
   <div class='ocr_carea' id='block_1_14' title="bbox 703 1385 2264 1454">
    <p class='ocr_par' dir='ltr' id='par_1_14' title="bbox 703 1385 2264 1454">
     <span class='ocr_line' id='line_1_14' title="bbox 703 1385 2264 1454; baseline -0.003 -12"><span class='ocrx_word' id='word_1_90' title='bbox 703 1389 939 1441; x_wconf 89' lang='lat' dir='ltr'><strong>motione</strong></span> <span class='ocrx_word' id='word_1_91' title='bbox 993 1386 1359 1439; x_wconf 78' lang='lat' dir='ltr'><strong>membrorum</strong></span> <span class='ocrx_word' id='word_1_92' title='bbox 1414 1385 1661 1454; x_wconf 89' lang='lat' dir='ltr'><strong>corporis</strong></span> <span class='ocrx_word' id='word_1_93' title='bbox 1715 1385 1957 1454; x_wconf 85' lang='lat' dir='ltr'><strong>operatio</strong></span> <span class='ocrx_word' id='word_1_94' title='bbox 2004 1388 2264 1450; x_wconf 84' lang='lat' dir='ltr'><strong>exoritur,</strong></span> 
     </span>
    </p>
   </div>
   <div class='ocr_carea' id='block_1_15' title="bbox 703 1475 2269 1548">
    <p class='ocr_par' dir='ltr' id='par_1_15' title="bbox 703 1475 2269 1548">
     <span class='ocr_line' id='line_1_15' title="bbox 703 1475 2269 1548; baseline -0.001 -14"><span class='ocrx_word' id='word_1_95' title='bbox 703 1481 843 1534; x_wconf 85' lang='lat' dir='ltr'><strong>ratio</strong></span> <span class='ocrx_word' id='word_1_96' title='bbox 873 1478 1107 1548; x_wconf 90' lang='lat' dir='ltr'><strong>postulat</strong></span> <span class='ocrx_word' id='word_1_97' title='bbox 1148 1478 1422 1532; x_wconf 85' lang='lat' dir='ltr'><strong>hominem</strong></span> <span class='ocrx_word' id='word_1_98' title='bbox 1464 1492 1648 1531; x_wconf 90' lang='lat' dir='ltr'><strong>secum</strong></span> <span class='ocrx_word' id='word_1_99' title='bbox 1686 1492 1792 1529; x_wconf 89' lang='lat' dir='ltr'><strong>non</strong></span> <span class='ocrx_word' id='word_1_100' title='bbox 1820 1475 2129 1540; x_wconf 85' lang='lat' dir='ltr'><strong>dissentire,</strong></span> <span class='ocrx_word' id='word_1_101' title='bbox 2172 1493 2269 1533; x_wconf 87' lang='lat' dir='ltr'><strong>nec</strong></span> 
     </span>
    </p>
   </div>
   <div class='ocr_carea' id='block_1_16' title="bbox 708 1567 2270 1639">
    <p class='ocr_par' dir='ltr' id='par_1_16' title="bbox 708 1567 2270 1639">
     <span class='ocr_line' id='line_1_16' title="bbox 708 1567 2270 1639; baseline -0.001 -14"><span class='ocrx_word' id='word_1_102' title='bbox 708 1588 736 1625; x_wconf 92' lang='lat' dir='ltr'><strong>a</strong></span> <span class='ocrx_word' id='word_1_103' title='bbox 774 1571 1063 1639; x_wconf 89' lang='lat' dir='ltr'><strong>semetipso</strong></span> <span class='ocrx_word' id='word_1_104' title='bbox 1110 1568 1371 1623; x_wconf 87' lang='lat' dir='ltr'><strong>dissidere</strong></span> <span class='ocrx_word' id='word_1_105' title='bbox 1420 1587 1432 1622; x_wconf 95' lang='lat'>:</span> <span class='ocrx_word' id='word_1_106' title='bbox 1470 1567 1540 1622; x_wconf 87' lang='lat' dir='ltr'><strong>ita</strong></span> <span class='ocrx_word' id='word_1_107' title='bbox 1582 1578 1641 1622; x_wconf 92' lang='lat' dir='ltr'><strong>ut</strong></span> <span class='ocrx_word' id='word_1_108' title='bbox 1688 1567 1891 1635; x_wconf 90' lang='lat' dir='ltr'><strong>optima</strong></span> <span class='ocrx_word' id='word_1_109' title='bbox 1920 1568 2135 1638; x_wconf 85' lang='lat' dir='ltr'><strong>quidem</strong></span> <span class='ocrx_word' id='word_1_110' title='bbox 2174 1585 2270 1623; x_wconf 86' lang='lat' dir='ltr'><strong>co-</strong></span> 
     </span>
    </p>
   </div>
   <div class='ocr_carea' id='block_1_17' title="bbox 709 1652 2268 1725">
    <p class='ocr_par' dir='ltr' id='par_1_17' title="bbox 709 1652 2268 1725">
     <span class='ocr_line' id='line_1_17' title="bbox 709 1652 2268 1725; baseline 0 -18"><span class='ocrx_word' id='word_1_111' title='bbox 709 1658 858 1725; x_wconf 77' lang='lat' dir='ltr'><strong>gitet,</strong></span> <span class='ocrx_word' id='word_1_112' title='bbox 887 1655 1123 1725; x_wconf 83' lang='lat' dir='ltr'><strong>pessima</strong></span> <span class='ocrx_word' id='word_1_113' title='bbox 1154 1669 1281 1708; x_wconf 91' lang='lat' dir='ltr'><strong>vero</strong></span> <span class='ocrx_word' id='word_1_114' title='bbox 1308 1652 1490 1719; x_wconf 81' lang='lat' dir='ltr'><strong>faciat,</strong></span> <span class='ocrx_word' id='word_1_115' title='bbox 1523 1663 1583 1707; x_wconf 93' lang='lat' dir='ltr'><strong>ut</strong></span> <span class='ocrx_word' id='word_1_116' title='bbox 1610 1652 1841 1718; x_wconf 86' lang='lat' dir='ltr'><strong>Pilatus,</strong></span> <span class='ocrx_word' id='word_1_117' title='bbox 1868 1655 1960 1723; x_wconf 88' lang='lat' dir='ltr'><strong>qui</strong></span> <span class='ocrx_word' id='word_1_118' title='bbox 1983 1654 2119 1708; x_wconf 72' lang='lat' dir='ltr'><strong>dixit</strong></span> <span class='ocrx_word' id='word_1_119' title='bbox 2144 1654 2268 1724; x_wconf 87' lang='lat' dir='ltr'><strong>qui-</strong></span> 
     </span>
    </p>
   </div>
   <div class='ocr_carea' id='block_1_18' title="bbox 707 1744 2267 1811">
    <p class='ocr_par' dir='ltr' id='par_1_18' title="bbox 707 1744 2267 1811">
     <span class='ocr_line' id='line_1_18' title="bbox 707 1744 2267 1811; baseline -0.002 -11"><span class='ocrx_word' id='word_1_120' title='bbox 707 1748 828 1800; x_wconf 85' lang='lat' dir='ltr'><strong>dem</strong></span> <span class='ocrx_word' id='word_1_121' title='bbox 865 1765 878 1801; x_wconf 92' lang='lat'><strong>:</strong></span> <span class='ocrx_word' id='word_1_122' title='bbox 915 1744 1136 1799; x_wconf 80' lang='lat' dir='ltr'><strong>Nullam</strong></span> <span class='ocrx_word' id='word_1_123' title='bbox 1180 1762 1395 1798; x_wconf 81' lang='lat' dir='ltr'><strong>causam</strong></span> <span class='ocrx_word' id='word_1_124' title='bbox 1444 1748 1628 1798; x_wconf 85' lang='lat' dir='ltr'><strong>mortis</strong></span> <span class='ocrx_word' id='word_1_125' title='bbox 1680 1745 1883 1797; x_wconf 79' lang='lat' dir='ltr'><strong>invenio</strong></span> <span class='ocrx_word' id='word_1_126' title='bbox 1940 1745 1994 1797; x_wconf 86' lang='lat' dir='ltr'><strong>iu</strong></span> <span class='ocrx_word' id='word_1_127' title='bbox 2049 1745 2142 1798; x_wconf 85' lang='lat' dir='ltr'><strong>illo</strong></span> <span class='ocrx_word' id='word_1_128' title='bbox 2194 1746 2267 1811; x_wconf 83' lang='lat'><strong>&quot;;</strong></span> 
     </span>
    </p>
   </div>
   <div class='ocr_carea' id='block_1_19' title="bbox 2366 560 3921 635">
    <p class='ocr_par' dir='ltr' id='par_1_19' title="bbox 2366 560 3921 635">
     <span class='ocr_line' id='line_1_19' title="bbox 2366 560 3921 635; baseline -0.003 -17"><span class='ocrx_word' id='word_1_129' title='bbox 2366 583 2465 635; x_wconf 85' lang='grc' dir='ltr'><strong>μου</strong></span> <span class='ocrx_word' id='word_1_130' title='bbox 2498 565 2591 617; x_wconf 73' lang='grc' dir='ltr'><strong>καὶ</strong></span> <span class='ocrx_word' id='word_1_131' title='bbox 2619 565 2727 617; x_wconf 93' lang='grc' dir='ltr'><strong>τῶν</strong></span> <span class='ocrx_word' id='word_1_132' title='bbox 2753 563 3069 635; x_wconf 69' lang='grc' dir='ltr'>προφητῶν,</span> <span class='ocrx_word' id='word_1_133' title='bbox 3099 563 3190 615; x_wconf 78' lang='grc' dir='ltr'>καὶ</span> <span class='ocrx_word' id='word_1_134' title='bbox 3218 562 3287 614; x_wconf 76' lang='grc' dir='ltr'>τὰ</span> <span class='ocrx_word' id='word_1_135' title='bbox 3336 560 3691 630; x_wconf 73' lang='grc' dir='ltr'><strong>ἱστορούμενα</strong></span> <span class='ocrx_word' id='word_1_136' title='bbox 3730 560 3921 623; x_wconf 81' lang='grc' dir='ltr'>πάντα,</span> 
     </span>
    </p>
   </div>
   <div class='ocr_carea' id='block_1_20' title="bbox 2366 647 3924 724">
    <p class='ocr_par' dir='ltr' id='par_1_20' title="bbox 2366 647 3924 724">
     <span class='ocr_line' id='line_1_20' title="bbox 2366 647 3924 724; baseline -0.004 -17"><span class='ocrx_word' id='word_1_137' title='bbox 2366 654 2505 724; x_wconf 71' lang='grc' dir='ltr'>μετὰ</span> <span class='ocrx_word' id='word_1_138' title='bbox 2535 654 2637 723; x_wconf 85' lang='grc' dir='ltr'>τῆς</span> <span class='ocrx_word' id='word_1_139' title='bbox 2663 653 2873 723; x_wconf 76' lang='grc' dir='ltr'>Καινῆς</span> <span class='ocrx_word' id='word_1_140' title='bbox 2933 652 3207 723; x_wconf 85' lang='grc' dir='ltr'>Διαθήκης</span> <span class='ocrx_word' id='word_1_141' title='bbox 3229 666 3242 678; x_wconf 87' lang='grc'><strong>·</strong></span> <span class='ocrx_word' id='word_1_142' title='bbox 3275 649 3416 702; x_wconf 83' lang='grc' dir='ltr'>κατὰ</span> <span class='ocrx_word' id='word_1_143' title='bbox 3458 647 3655 711; x_wconf 76' lang='grc' dir='ltr'>πλάτος</span> <span class='ocrx_word' id='word_1_144' title='bbox 3690 649 3748 701; x_wconf 78' lang='grc' dir='ltr'><strong>δὲ</strong></span> <span class='ocrx_word' id='word_1_145' title='bbox 3783 649 3924 717; x_wconf 86' lang='grc' dir='ltr'>λέγε-</span> 
     </span>
    </p>
   </div>
   <div class='ocr_carea' id='block_1_21' title="bbox 2364 739 3924 813">
    <p class='ocr_par' dir='ltr' id='par_1_21' title="bbox 2364 739 3924 813">
     <span class='ocr_line' id='line_1_21' title="bbox 2364 739 3924 813; baseline -0.004 -15"><span class='ocrx_word' id='word_1_146' title='bbox 2364 762 2475 807; x_wconf 85' lang='grc' dir='ltr'>ται,</span> <span class='ocrx_word' id='word_1_147' title='bbox 2504 739 2593 798; x_wconf 77' lang='grc' dir='ltr'><strong>οἷά</strong></span> <span class='ocrx_word' id='word_1_148' title='bbox 2610 746 2723 797; x_wconf 77' lang='grc' dir='ltr'>ἐστι</span> <span class='ocrx_word' id='word_1_149' title='bbox 2749 744 2819 796; x_wconf 69' lang='grc' dir='ltr'><strong>τὰ</strong></span> <span class='ocrx_word' id='word_1_150' title='bbox 2840 744 2947 797; x_wconf 93' lang='grc' dir='ltr'><strong>τῶν</strong></span> <span class='ocrx_word' id='word_1_151' title='bbox 2973 742 3201 813; x_wconf 85' lang='grc' dir='ltr'>ψαλμῶν</span> <span class='ocrx_word' id='word_1_152' title='bbox 3239 740 3332 793; x_wconf 75' lang='grc' dir='ltr'>καὶ</span> <span class='ocrx_word' id='word_1_153' title='bbox 3368 740 3518 810; x_wconf 81' lang='grc' dir='ltr'>ᾠδῶν</span> <span class='ocrx_word' id='word_1_154' title='bbox 3544 740 3638 791; x_wconf 79' lang='grc' dir='ltr'>καὶ</span> <span class='ocrx_word' id='word_1_155' title='bbox 3672 739 3924 810; x_wconf 74' lang='grc' dir='ltr'>ᾀσμάτων</span> 
     </span>
    </p>
   </div>
   <div class='ocr_carea' id='block_1_22' title="bbox 2366 830 3923 909">
    <p class='ocr_par' dir='ltr' id='par_1_22' title="bbox 2366 830 3923 909">
     <span class='ocr_line' id='line_1_22' title="bbox 2366 830 3923 909; baseline -0.006 -18"><span class='ocrx_word' id='word_1_156' title='bbox 2366 838 2613 909; x_wconf 79' lang='grc' dir='ltr'>ρήματα’</span> <span class='ocrx_word' id='word_1_157' title='bbox 2645 838 2737 889; x_wconf 77' lang='grc' dir='ltr'>καὶ</span> <span class='ocrx_word' id='word_1_158' title='bbox 2762 836 2932 899; x_wconf 68' lang='grc' dir='ltr'>οὕτως</span> <span class='ocrx_word' id='word_1_159' title='bbox 2959 835 3067 905; x_wconf 79' lang='grc' dir='ltr'>γὰρ</span> <span class='ocrx_word' id='word_1_160' title='bbox 3102 833 3477 905; x_wconf 80' lang='grc' dir='ltr'>σωθήσεταιτδ</span> <span class='ocrx_word' id='word_1_161' title='bbox 3506 832 3564 897; x_wconf 74' lang='grc' dir='ltr'>ἐξ</span> <span class='ocrx_word' id='word_1_162' title='bbox 3594 832 3721 902; x_wconf 83' lang='grc' dir='ltr'>ὅλης</span> <span class='ocrx_word' id='word_1_163' title='bbox 3752 830 3923 901; x_wconf 72' lang='grc' dir='ltr'>ἰσχύος</span> 
     </span>
    </p>
   </div>
   <div class='ocr_carea' id='block_1_23' title="bbox 2366 924 3922 1000">
    <p class='ocr_par' dir='ltr' id='par_1_23' title="bbox 2366 924 3922 1000">
     <span class='ocr_line' id='line_1_23' title="bbox 2366 924 3922 1000; baseline -0.004 -17"><span class='ocrx_word' id='word_1_164' title='bbox 2366 930 2763 1000; x_wconf 72' lang='grc' dir='ltr'>καὶδυνάμεως</span> <span class='ocrx_word' id='word_1_165' title='bbox 2816 930 3035 1000; x_wconf 78' lang='grc' dir='ltr'>ἀγαπᾷν</span> <span class='ocrx_word' id='word_1_166' title='bbox 3079 926 3171 982; x_wconf 82' lang='grc' dir='ltr'><strong>τὸν</strong></span> <span class='ocrx_word' id='word_1_167' title='bbox 3224 927 3357 980; x_wconf 84' lang='grc' dir='ltr'><strong>Θεὸν</strong></span> <span class='ocrx_word' id='word_1_168' title='bbox 3409 927 3535 990; x_wconf 84' lang='grc' dir='ltr'>τοὺς</span> <span class='ocrx_word' id='word_1_169' title='bbox 3588 924 3922 996; x_wconf 79' lang='grc' dir='ltr'><strong>ἀνθρώπους.</strong></span> 
     </span>
    </p>
   </div>
   <div class='ocr_carea' id='block_1_24' title="bbox 2364 1018 3926 1094">
    <p class='ocr_par' dir='ltr' id='par_1_24' title="bbox 2364 1018 3926 1094">
     <span class='ocr_line' id='line_1_24' title="bbox 2364 1018 3926 1094; baseline -0.006 -19"><span class='ocrx_word' id='word_1_170' title='bbox 2364 1022 2623 1094; x_wconf 80' lang='grc' dir='ltr'><strong>Δεύτερον</strong></span> <span class='ocrx_word' id='word_1_171' title='bbox 2652 1021 2731 1086; x_wconf 84' lang='grc' dir='ltr'>δὲ,</span> <span class='ocrx_word' id='word_1_172' title='bbox 2767 1022 2869 1084; x_wconf 81' lang='grc' dir='ltr'>ὅτι,</span> <span class='ocrx_word' id='word_1_173' title='bbox 2904 1022 3092 1091; x_wconf 84' lang='grc' dir='ltr'>ῶσπερ</span> <span class='ocrx_word' id='word_1_174' title='bbox 3120 1019 3351 1091; x_wconf 81' lang='grc' dir='ltr'>ἁρμονία</span> <span class='ocrx_word' id='word_1_175' title='bbox 3375 1020 3500 1081; x_wconf 80' lang='grc' dir='ltr'>τοὺς</span> <span class='ocrx_word' id='word_1_176' title='bbox 3525 1018 3720 1081; x_wconf 75' lang='grc' dir='ltr'>αὐλοὺς</span> <span class='ocrx_word' id='word_1_177' title='bbox 3750 1029 3926 1069; x_wconf 77' lang='grc' dir='ltr'>συντι-</span> 
     </span>
    </p>
   </div>
   <div class='ocr_carea' id='block_1_25' title="bbox 2366 1105 3928 1183">
    <p class='ocr_par' dir='ltr' id='par_1_25' title="bbox 2366 1105 3928 1183">
     <span class='ocr_line' id='line_1_25' title="bbox 2366 1105 3928 1183; baseline -0.006 -16"><span class='ocrx_word' id='word_1_178' title='bbox 2366 1113 2519 1167; x_wconf 87' lang='grc' dir='ltr'>θεῖσα</span> <span class='ocrx_word' id='word_1_179' title='bbox 2565 1112 2690 1183; x_wconf 85' lang='grc' dir='ltr'>μίαν</span> <span class='ocrx_word' id='word_1_180' title='bbox 2732 1110 2831 1183; x_wconf 82' lang='grc' dir='ltr'>τὴν</span> <span class='ocrx_word' id='word_1_181' title='bbox 2862 1110 3176 1180; x_wconf 70' lang='grc' dir='ltr'>συμφωνίαν</span> <span class='ocrx_word' id='word_1_182' title='bbox 3207 1108 3477 1170; x_wconf 82' lang='grc' dir='ltr'>ἀποτελεῖ,</span> <span class='ocrx_word' id='word_1_183' title='bbox 3526 1107 3718 1170; x_wconf 73' lang='grc' dir='ltr'>οὕτως,</span> <span class='ocrx_word' id='word_1_184' title='bbox 3749 1105 3928 1176; x_wconf 75' lang='grc' dir='ltr'>ἐπειδὴ</span> 
     </span>
    </p>
   </div>
   <div class='ocr_carea' id='block_1_26' title="bbox 2367 1196 3928 1273">
    <p class='ocr_par' dir='ltr' id='par_1_26' title="bbox 2367 1196 3928 1273">
     <span class='ocr_line' id='line_1_26' title="bbox 2367 1196 3928 1273; baseline -0.007 -16"><span class='ocrx_word' id='word_1_185' title='bbox 2367 1204 2458 1257; x_wconf 80' lang='grc' dir='ltr'>καὶ</span> <span class='ocrx_word' id='word_1_186' title='bbox 2490 1206 2547 1256; x_wconf 87' lang='grc' dir='ltr'><strong>ὲν</strong></span> <span class='ocrx_word' id='word_1_187' title='bbox 2572 1205 2638 1273; x_wconf 82' lang='grc' dir='ltr'><strong>τῇ</strong></span> <span class='ocrx_word' id='word_1_188' title='bbox 2654 1202 2796 1273; x_wconf 80' lang='grc' dir='ltr'>ψυχῇ</span> <span class='ocrx_word' id='word_1_189' title='bbox 2818 1202 3050 1272; x_wconf 81' lang='grc' dir='ltr'>διάφορα</span> <span class='ocrx_word' id='word_1_190' title='bbox 3071 1200 3345 1270; x_wconf 85' lang='grc' dir='ltr'>κινήματα</span> <span class='ocrx_word' id='word_1_191' title='bbox 3371 1199 3640 1267; x_wconf 82' lang='grc' dir='ltr'>φαίνεται,</span> <span class='ocrx_word' id='word_1_192' title='bbox 3672 1198 3765 1250; x_wconf 71' lang='grc' dir='ltr'>καὶ</span> <span class='ocrx_word' id='word_1_193' title='bbox 3788 1196 3928 1247; x_wconf 80' lang='grc' dir='ltr'>ἔστιν</span> 
     </span>
    </p>
   </div>
   <div class='ocr_carea' id='block_1_27' title="bbox 2367 1286 3928 1365">
    <p class='ocr_par' dir='ltr' id='par_1_27' title="bbox 2367 1286 3928 1365">
     <span class='ocr_line' id='line_1_27' title="bbox 2367 1286 3928 1365; baseline -0.008 -16"><span class='ocrx_word' id='word_1_194' title='bbox 2367 1297 2425 1349; x_wconf 77' lang='lat' dir='ltr'><strong>tv</strong></span> <span class='ocrx_word' id='word_1_195' title='bbox 2458 1295 2593 1365; x_wconf 78' lang='grc' dir='ltr'>αὐτῇ</span> <span class='ocrx_word' id='word_1_196' title='bbox 2628 1294 2688 1346; x_wconf 82' lang='grc' dir='ltr'>τὸ</span> <span class='ocrx_word' id='word_1_197' title='bbox 2716 1292 3044 1362; x_wconf 78' lang='grc' dir='ltr'>λογίζεσθαι,</span> <span class='ocrx_word' id='word_1_198' title='bbox 3079 1292 3170 1345; x_wconf 82' lang='grc' dir='ltr'><strong>καί</strong></span> <span class='ocrx_word' id='word_1_199' title='bbox 3196 1290 3255 1343; x_wconf 82' lang='grc' dir='ltr'>τὸ</span> <span class='ocrx_word' id='word_1_200' title='bbox 3280 1290 3585 1360; x_wconf 80' lang='grc' dir='ltr'><strong>ἐπιθυμεῖν,</strong></span> <span class='ocrx_word' id='word_1_201' title='bbox 3626 1288 3721 1342; x_wconf 71' lang='grc' dir='ltr'>καὶ</span> <span class='ocrx_word' id='word_1_202' title='bbox 3749 1288 3812 1340; x_wconf 84' lang='grc' dir='ltr'>τὸ</span> <span class='ocrx_word' id='word_1_203' title='bbox 3844 1286 3928 1338; x_wconf 89' lang='grc' dir='ltr'>θυ-</span> 
     </span>
    </p>
   </div>
   <div class='ocr_carea' id='block_1_28' title="bbox 2371 1378 3930 1457">
    <p class='ocr_par' dir='ltr' id='par_1_28' title="bbox 2371 1378 3930 1457">
     <span class='ocr_line' id='line_1_28' title="bbox 2371 1378 3930 1457; baseline -0.007 -18"><span class='ocrx_word' id='word_1_204' title='bbox 2371 1386 2599 1457; x_wconf 80' lang='grc' dir='ltr'>μοειδὲς,</span> <span class='ocrx_word' id='word_1_205' title='bbox 2628 1385 2693 1438; x_wconf 85' lang='grc' dir='ltr'>ὲκ</span> <span class='ocrx_word' id='word_1_206' title='bbox 2713 1384 2769 1437; x_wconf 78' lang='grc' dir='ltr'><strong>δὲ</strong></span> <span class='ocrx_word' id='word_1_207' title='bbox 2792 1384 2888 1454; x_wconf 86' lang='grc' dir='ltr'>τῆς</span> <span class='ocrx_word' id='word_1_208' title='bbox 2913 1383 3115 1437; x_wconf 85' lang='grc' dir='ltr'>τούτων</span> <span class='ocrx_word' id='word_1_209' title='bbox 3140 1384 3403 1452; x_wconf 83' lang='grc' dir='ltr'>κινήσεως</span> <span class='ocrx_word' id='word_1_210' title='bbox 3432 1381 3524 1433; x_wconf 74' lang='grc' dir='ltr'>καὶ</span> <span class='ocrx_word' id='word_1_211' title='bbox 3548 1384 3581 1449; x_wconf 89' lang='grc' dir='ltr'><strong>ή</strong></span> <span class='ocrx_word' id='word_1_212' title='bbox 3612 1380 3719 1432; x_wconf 86' lang='grc' dir='ltr'><strong>τῶν</strong></span> <span class='ocrx_word' id='word_1_213' title='bbox 3760 1378 3930 1448; x_wconf 83' lang='grc' dir='ltr'>μελῶν</span> 
     </span>
    </p>
   </div>
   <div class='ocr_carea' id='block_1_29' title="bbox 2368 1470 3931 1546">
    <p class='ocr_par' dir='ltr' id='par_1_29' title="bbox 2368 1470 3931 1546">
     <span class='ocr_line' id='line_1_29' title="bbox 2368 1470 3931 1546; baseline -0.004 -18"><span class='ocrx_word' id='word_1_214' title='bbox 2368 1476 2573 1546; x_wconf 83' lang='grc' dir='ltr'>γίνεται</span> <span class='ocrx_word' id='word_1_215' title='bbox 2598 1474 2691 1529; x_wconf 83' lang='grc' dir='ltr'>τοῦ</span> <span class='ocrx_word' id='word_1_216' title='bbox 2729 1474 2975 1545; x_wconf 86' lang='grc' dir='ltr'>σώματος</span> <span class='ocrx_word' id='word_1_217' title='bbox 3006 1474 3275 1545; x_wconf 79' lang='grc' dir='ltr'>ἐνέργεια,</span> <span class='ocrx_word' id='word_1_218' title='bbox 3313 1472 3559 1543; x_wconf 84' lang='grc' dir='ltr'>βούλεται</span> <span class='ocrx_word' id='word_1_219' title='bbox 3591 1474 3619 1524; x_wconf 80' lang='grc' dir='ltr'><strong>ό</strong></span> <span class='ocrx_word' id='word_1_220' title='bbox 3644 1472 3802 1539; x_wconf 83' lang='grc' dir='ltr'>λόγος</span> <span class='ocrx_word' id='word_1_221' title='bbox 3862 1470 3931 1540; x_wconf 74' lang='grc' dir='ltr'>μὴ</span> 
     </span>
    </p>
   </div>
   <div class='ocr_carea' id='block_1_30' title="bbox 2369 1563 3933 1639">
    <p class='ocr_par' dir='ltr' id='par_1_30' title="bbox 2369 1563 3933 1639">
     <span class='ocr_line' id='line_1_30' title="bbox 2369 1563 3933 1639; baseline -0.005 -17"><span class='ocrx_word' id='word_1_222' title='bbox 2369 1568 2692 1639; x_wconf 73' lang='grc' dir='ltr'><strong>ἀσύμφωνον</strong></span> <span class='ocrx_word' id='word_1_223' title='bbox 2719 1563 2855 1623; x_wconf 83' lang='grc' dir='ltr'>εἶναι</span> <span class='ocrx_word' id='word_1_224' title='bbox 2876 1568 2966 1621; x_wconf 83' lang='grc' dir='ltr'><strong>τὸν</strong></span> <span class='ocrx_word' id='word_1_225' title='bbox 3012 1568 3293 1637; x_wconf 80' lang='grc' dir='ltr'>ἄνθρωπον</span> <span class='ocrx_word' id='word_1_226' title='bbox 3326 1564 3522 1635; x_wconf 81' lang='grc' dir='ltr'>ἑαυτῷ,</span> <span class='ocrx_word' id='word_1_227' title='bbox 3563 1564 3695 1635; x_wconf 80' lang='grc' dir='ltr'>μηδὲ</span> <span class='ocrx_word' id='word_1_228' title='bbox 3735 1564 3933 1615; x_wconf 83' lang='grc' dir='ltr'>διίστα-</span> 
     </span>
    </p>
   </div>
   <div class='ocr_carea' id='block_1_31' title="bbox 2372 1654 3930 1731">
    <p class='ocr_par' dir='ltr' id='par_1_31' title="bbox 2372 1654 3930 1731">
     <span class='ocr_line' id='line_1_31' title="bbox 2372 1654 3930 1731; baseline -0.004 -18"><span class='ocrx_word' id='word_1_229' title='bbox 2372 1660 2493 1714; x_wconf 88' lang='grc' dir='ltr'>σθαι</span> <span class='ocrx_word' id='word_1_230' title='bbox 2527 1659 2662 1731; x_wconf 85' lang='grc' dir='ltr'>πρὸς</span> <span class='ocrx_word' id='word_1_231' title='bbox 2696 1658 2885 1711; x_wconf 78' lang='grc' dir='ltr'>ἑαυτόν</span> <span class='ocrx_word' id='word_1_232' title='bbox 2905 1674 2917 1688; x_wconf 88' lang='grc'><strong>·</strong></span> <span class='ocrx_word' id='word_1_233' title='bbox 2954 1657 3093 1710; x_wconf 82' lang='grc' dir='ltr'>ὥστε</span> <span class='ocrx_word' id='word_1_234' title='bbox 3115 1655 3420 1726; x_wconf 77' lang='grc' dir='ltr'>λογίζεσθαι</span> <span class='ocrx_word' id='word_1_235' title='bbox 3454 1657 3550 1726; x_wconf 86' lang='grc' dir='ltr'>μὲν</span> <span class='ocrx_word' id='word_1_236' title='bbox 3574 1654 3642 1707; x_wconf 78' lang='grc' dir='ltr'>τὰ</span> <span class='ocrx_word' id='word_1_237' title='bbox 3665 1654 3930 1724; x_wconf 80' lang='grc' dir='ltr'>βέλτιστα,</span> 
     </span>
    </p>
   </div>
   <div class='ocr_carea' id='block_1_32' title="bbox 2374 1744 3935 1821">
    <p class='ocr_par' dir='ltr' id='par_1_32' title="bbox 2374 1744 3935 1821">
     <span class='ocr_line' id='line_1_32' title="bbox 2374 1744 3935 1821; baseline -0.006 -18"><span class='ocrx_word' id='word_1_238' title='bbox 2374 1752 2629 1821; x_wconf 75' lang='grc' dir='ltr'>πράττειν</span> <span class='ocrx_word' id='word_1_239' title='bbox 2656 1749 2713 1802; x_wconf 88' lang='grc' dir='ltr'>δὲ</span> <span class='ocrx_word' id='word_1_240' title='bbox 2742 1748 2819 1819; x_wconf 82' lang='grc' dir='ltr'>τῷ</span> <span class='ocrx_word' id='word_1_241' title='bbox 2842 1747 2998 1819; x_wconf 82' lang='grc' dir='ltr'>θυμῷ</span> <span class='ocrx_word' id='word_1_242' title='bbox 3018 1747 3086 1801; x_wconf 82' lang='grc' dir='ltr'>τὰ</span> <span class='ocrx_word' id='word_1_243' title='bbox 3118 1746 3315 1817; x_wconf 78' lang='grc' dir='ltr'>φαῦλα,</span> <span class='ocrx_word' id='word_1_244' title='bbox 3347 1748 3421 1810; x_wconf 84' lang='grc' dir='ltr'>ὠς</span> <span class='ocrx_word' id='word_1_245' title='bbox 3458 1748 3485 1799; x_wconf 87' lang='grc' dir='ltr'>ὁ</span> <span class='ocrx_word' id='word_1_246' title='bbox 3510 1746 3736 1807; x_wconf 82' lang='grc' dir='ltr'><strong>Πιλᾶτος</strong></span> <span class='ocrx_word' id='word_1_247' title='bbox 3764 1744 3935 1812; x_wconf 84' lang='grc' dir='ltr'>λέγων</span> 
     </span>
    </p>
   </div>
   <div class='ocr_carea' id='block_1_33' title="bbox 708 1834 2283 1913">
    <p class='ocr_par' dir='ltr' id='par_1_33' title="bbox 708 1834 2274 1893">
     <span class='ocr_line' id='line_1_33' title="bbox 708 1834 2274 1893; baseline -0.001 -1"><span class='ocrx_word' id='word_1_248' title='bbox 708 1844 943 1893; x_wconf 84' lang='lat' dir='ltr'><strong>attamen</strong></span> <span class='ocrx_word' id='word_1_249' title='bbox 988 1853 1109 1893; x_wconf 90' lang='lat' dir='ltr'><strong>cum</strong></span> <span class='ocrx_word' id='word_1_250' title='bbox 1158 1834 1466 1891; x_wconf 67' lang='lat' dir='ltr'><strong>Iudaeorum</strong></span> <span class='ocrx_word' id='word_1_251' title='bbox 1517 1838 1783 1891; x_wconf 88' lang='lat' dir='ltr'><strong>sententia</strong></span> <span class='ocrx_word' id='word_1_252' title='bbox 1838 1837 2137 1893; x_wconf 88' lang='lat' dir='ltr'><strong>convenit:</strong></span> <span class='ocrx_word' id='word_1_253' title='bbox 2183 1845 2274 1891; x_wconf 90' lang='lat' dir='ltr'><strong>aut</strong></span> 
     </span>
    </p>
   </div>
   <div class='ocr_carea' id='block_1_34' title="bbox 2383 1834 3937 1913">
    <p class='ocr_par' dir='ltr' id='par_1_34' title="bbox 2383 1835 3937 1913">
     <span class='ocr_line' id='line_1_34' title="bbox 2383 1835 3937 1913; baseline -0.004 -18"><span class='ocrx_word' id='word_1_254' title='bbox 2383 1843 2475 1913; x_wconf 84' lang='grc' dir='ltr'><strong>μέν</strong></span> <span class='ocrx_word' id='word_1_255' title='bbox 2495 1858 2508 1872; x_wconf 87' lang='grc'>·</span> <span class='ocrx_word' id='word_1_256' title='bbox 2541 1840 2836 1910; x_wconf 79' lang='grc' dir='ltr'><strong>Οὐδεμὶαν</strong></span> <span class='ocrx_word' id='word_1_257' title='bbox 2860 1841 3058 1893; x_wconf 73' lang='grc' dir='ltr'>αἰτίαν</span> <span class='ocrx_word' id='word_1_258' title='bbox 3079 1841 3336 1908; x_wconf 82' lang='grc' dir='ltr'><strong>εὑρίσκω</strong></span> <span class='ocrx_word' id='word_1_259' title='bbox 3356 1841 3440 1904; x_wconf 79' lang='grc' dir='ltr'><strong>είς</strong></span> <span class='ocrx_word' id='word_1_260' title='bbox 3468 1838 3653 1890; x_wconf 85' lang='grc' dir='ltr'>αὐτόν</span> <span class='ocrx_word' id='word_1_261' title='bbox 3669 1852 3683 1868; x_wconf 78' lang='grc' dir='ltr'><strong>ο</strong></span> <span class='ocrx_word' id='word_1_262' title='bbox 3719 1835 3937 1905; x_wconf 84' lang='grc' dir='ltr'>συντρέ-</span> 
     </span>
    </p>
   </div>
   <div class='ocr_carea' id='block_1_35' title="bbox 709 1930 2271 2002">
    <p class='ocr_par' dir='ltr' id='par_1_35' title="bbox 709 1930 2271 2002">
     <span class='ocr_line' id='line_1_35' title="bbox 709 1930 2271 2002; baseline 0.002 -22"><span class='ocrx_word' id='word_1_263' title='bbox 709 1948 872 2002; x_wconf 73' lang='lat' dir='ltr'><strong>prava</strong></span> <span class='ocrx_word' id='word_1_264' title='bbox 917 1930 1289 2000; x_wconf 88' lang='lat' dir='ltr'><strong>concupiscat,</strong></span> <span class='ocrx_word' id='word_1_265' title='bbox 1340 1944 1449 1983; x_wconf 90' lang='lat' dir='ltr'><strong>non</strong></span> <span class='ocrx_word' id='word_1_266' title='bbox 1487 1930 1658 1998; x_wconf 87' lang='lat' dir='ltr'><strong>possit</strong></span> <span class='ocrx_word' id='word_1_267' title='bbox 1699 1938 1877 1985; x_wconf 87' lang='lat' dir='ltr'><strong>autem</strong></span> <span class='ocrx_word' id='word_1_268' title='bbox 1932 1938 2271 1999; x_wconf 85' lang='lat' dir='ltr'><strong>perpetrare,</strong></span> 
     </span>
    </p>
   </div>
   <div class='ocr_carea' id='block_1_36' title="bbox 688 2020 2275 2095">
    <p class='ocr_par' dir='ltr' id='par_1_36' title="bbox 688 2020 2275 2095">
     <span class='ocr_line' id='line_1_36' title="bbox 688 2020 2275 2095; baseline -0.001 -15"><span class='ocrx_word' id='word_1_269' title='bbox 688 2036 767 2095; x_wconf 86' lang='lat' dir='ltr'><strong>_ut</strong></span> <span class='ocrx_word' id='word_1_270' title='bbox 793 2039 949 2079; x_wconf 86' lang='lat' dir='ltr'><strong>senes</strong></span> <span class='ocrx_word' id='word_1_271' title='bbox 985 2023 1037 2076; x_wconf 92' lang='lat' dir='ltr'><strong>in</strong></span> <span class='ocrx_word' id='word_1_272' title='bbox 1075 2020 1379 2076; x_wconf 89' lang='lat' dir='ltr'><strong>Susannam</strong></span> <span class='ocrx_word' id='word_1_273' title='bbox 1408 2039 1420 2074; x_wconf 89' lang='lat'><strong>:</strong></span> <span class='ocrx_word' id='word_1_274' title='bbox 1454 2029 1547 2074; x_wconf 90' lang='lat' dir='ltr'><strong>aut</strong></span> <span class='ocrx_word' id='word_1_275' title='bbox 1590 2036 1806 2076; x_wconf 89' lang='lat' dir='ltr'><strong>rursum</strong></span> <span class='ocrx_word' id='word_1_276' title='bbox 1844 2036 1873 2075; x_wconf 85' lang='lat' dir='ltr'><strong>a</strong></span> <span class='ocrx_word' id='word_1_277' title='bbox 1917 2020 2275 2078; x_wconf 83' lang='lat' dir='ltr'><strong>fornicatione</strong></span> 
     </span>
    </p>
   </div>
   <div class='ocr_carea' id='block_1_37' title="bbox 713 2111 2277 2183">
    <p class='ocr_par' dir='ltr' id='par_1_37' title="bbox 713 2111 2277 2183">
     <span class='ocr_line' id='line_1_37' title="bbox 713 2111 2277 2183; baseline -0.001 -15"><span class='ocrx_word' id='word_1_278' title='bbox 713 2115 984 2170; x_wconf 85' lang='lat' dir='ltr'><strong>abstineat</strong></span> <span class='ocrx_word' id='word_1_279' title='bbox 1037 2113 1280 2183; x_wconf 88' lang='lat' dir='ltr'><strong>quidem,</strong></span> <span class='ocrx_word' id='word_1_280' title='bbox 1334 2113 1431 2168; x_wconf 86' lang='lat' dir='ltr'><strong>sed</strong></span> <span class='ocrx_word' id='word_1_281' title='bbox 1480 2111 1719 2180; x_wconf 81' lang='lat' dir='ltr'><strong>furetur;</strong></span> <span class='ocrx_word' id='word_1_282' title='bbox 1771 2122 1865 2167; x_wconf 89' lang='lat' dir='ltr'><strong>aut</strong></span> <span class='ocrx_word' id='word_1_283' title='bbox 1906 2128 2013 2168; x_wconf 90' lang='lat' dir='ltr'><strong>non</strong></span> <span class='ocrx_word' id='word_1_284' title='bbox 2069 2112 2277 2168; x_wconf 79' lang='lat' dir='ltr'><strong>furetur</strong></span> 
     </span>
    </p>
   </div>
   <div class='ocr_carea' id='block_1_38' title="bbox 711 2205 2277 2276">
    <p class='ocr_par' dir='ltr' id='par_1_38' title="bbox 711 2205 2277 2276">
     <span class='ocr_line' id='line_1_38' title="bbox 711 2205 2277 2276; baseline 0.001 -15"><span class='ocrx_word' id='word_1_285' title='bbox 711 2207 954 2276; x_wconf 90' lang='lat' dir='ltr'><strong>quidem,</strong></span> <span class='ocrx_word' id='word_1_286' title='bbox 1004 2206 1098 2262; x_wconf 88' lang='lat' dir='ltr'><strong>sed</strong></span> <span class='ocrx_word' id='word_1_287' title='bbox 1130 2206 1369 2273; x_wconf 86' lang='lat' dir='ltr'><strong>occidat;</strong></span> <span class='ocrx_word' id='word_1_288' title='bbox 1413 2214 1507 2261; x_wconf 88' lang='lat' dir='ltr'><strong>aut</strong></span> <span class='ocrx_word' id='word_1_289' title='bbox 1557 2220 1665 2260; x_wconf 92' lang='lat' dir='ltr'><strong>non</strong></span> <span class='ocrx_word' id='word_1_290' title='bbox 1716 2205 1944 2274; x_wconf 85' lang='lat' dir='ltr'><strong>occidat,</strong></span> <span class='ocrx_word' id='word_1_291' title='bbox 1998 2207 2090 2262; x_wconf 89' lang='lat' dir='ltr'><strong>sed</strong></span> <span class='ocrx_word' id='word_1_292' title='bbox 2133 2206 2277 2262; x_wconf 65' lang='lat' dir='ltr'><strong>blaso</strong></span> 
     </span>
    </p>
   </div>
   <div class='ocr_carea' id='block_1_39' title="bbox 713 2301 947 2368">
    <p class='ocr_par' dir='ltr' id='par_1_39' title="bbox 713 2301 947 2368">
     <span class='ocr_line' id='line_1_39' title="bbox 713 2301 947 2368; baseline 0 -17"><span class='ocrx_word' id='word_1_293' title='bbox 713 2301 947 2368; x_wconf 85' lang='lat' dir='ltr'><strong>phemet.</strong></span> 
     </span>
    </p>
   </div>
   <div class='ocr_carea' id='block_1_40' title="bbox 784 2387 2278 2463">
    <p class='ocr_par' dir='ltr' id='par_1_40' title="bbox 784 2387 2278 2463">
     <span class='ocr_line' id='line_1_40' title="bbox 784 2387 2278 2463; baseline 0.001 -18"><span class='ocrx_word' id='word_1_294' title='bbox 784 2391 871 2445; x_wconf 77' lang='lat'><strong>28.</strong></span> <span class='ocrx_word' id='word_1_295' title='bbox 917 2387 995 2447; x_wconf 88' lang='lat' dir='ltr'><strong>Ne</strong></span> <span class='ocrx_word' id='word_1_296' title='bbox 1042 2391 1225 2461; x_wconf 91' lang='lat' dir='ltr'><strong>itaque</strong></span> <span class='ocrx_word' id='word_1_297' title='bbox 1261 2392 1446 2462; x_wconf 89' lang='lat' dir='ltr'><strong>aliqua</strong></span> <span class='ocrx_word' id='word_1_298' title='bbox 1491 2392 1802 2463; x_wconf 72' lang='lat' dir='ltr'><strong>huiusmodi</strong></span> <span class='ocrx_word' id='word_1_299' title='bbox 1854 2393 2194 2463; x_wconf 85' lang='lat' dir='ltr'><strong>perturbatio</strong></span> <span class='ocrx_word' id='word_1_300' title='bbox 2224 2392 2278 2446; x_wconf 92' lang='lat' dir='ltr'><strong>in</strong></span> 
     </span>
    </p>
   </div>
   <div class='ocr_carea' id='block_1_41' title="bbox 716 2480 2281 2552">
    <p class='ocr_par' dir='ltr' id='par_1_41' title="bbox 716 2480 2281 2552">
     <span class='ocr_line' id='line_1_41' title="bbox 716 2480 2281 2552; baseline 0 -15"><span class='ocrx_word' id='word_1_301' title='bbox 716 2480 872 2537; x_wconf 90' lang='lat' dir='ltr'><strong>nobis</strong></span> <span class='ocrx_word' id='word_1_302' title='bbox 908 2483 998 2549; x_wconf 86' lang='lat' dir='ltr'><strong>sit,</strong></span> <span class='ocrx_word' id='word_1_303' title='bbox 1048 2483 1187 2537; x_wconf 90' lang='lat' dir='ltr'><strong>ratio</strong></span> <span class='ocrx_word' id='word_1_304' title='bbox 1235 2482 1494 2552; x_wconf 88' lang='lat' dir='ltr'><strong>postulat,</strong></span> <span class='ocrx_word' id='word_1_305' title='bbox 1545 2492 1606 2537; x_wconf 92' lang='lat' dir='ltr'><strong>ut</strong></span> <span class='ocrx_word' id='word_1_306' title='bbox 1652 2484 1854 2549; x_wconf 89' lang='lat' dir='ltr'><strong>anima,</strong></span> <span class='ocrx_word' id='word_1_307' title='bbox 1908 2499 2049 2552; x_wconf 63' lang='lat' dir='ltr'><strong>qum,</strong></span> <span class='ocrx_word' id='word_1_308' title='bbox 2098 2493 2159 2537; x_wconf 92' lang='lat' dir='ltr'><strong>ut</strong></span> <span class='ocrx_word' id='word_1_309' title='bbox 2207 2484 2281 2537; x_wconf 91' lang='lat' dir='ltr'><strong>ait</strong></span> 
     </span>
    </p>
   </div>
   <div class='ocr_carea' id='block_1_42' title="bbox 716 2572 2280 2643">
    <p class='ocr_par' dir='ltr' id='par_1_42' title="bbox 716 2572 2280 2643">
     <span class='ocr_line' id='line_1_42' title="bbox 716 2572 2280 2643; baseline 0.002 -18"><span class='ocrx_word' id='word_1_310' title='bbox 716 2572 1007 2643; x_wconf 82' lang='lat' dir='ltr'><strong>Apostolus</strong></span> <span class='ocrx_word' id='word_1_311' title='bbox 1040 2572 1121 2639; x_wconf 80' lang='lat'><strong>”,</strong></span> <span class='ocrx_word' id='word_1_312' title='bbox 1163 2572 1367 2627; x_wconf 89' lang='lat' dir='ltr'><strong>Christi</strong></span> <span class='ocrx_word' id='word_1_313' title='bbox 1403 2583 1640 2629; x_wconf 89' lang='lat' dir='ltr'><strong>mentem</strong></span> <span class='ocrx_word' id='word_1_314' title='bbox 1687 2574 1867 2637; x_wconf 86' lang='lat' dir='ltr'><strong>habet,</strong></span> <span class='ocrx_word' id='word_1_315' title='bbox 1908 2587 1970 2629; x_wconf 86' lang='lat' dir='ltr'><strong>ea</strong></span> <span class='ocrx_word' id='word_1_316' title='bbox 1998 2575 2135 2630; x_wconf 89' lang='lat' dir='ltr'><strong>duce</strong></span> <span class='ocrx_word' id='word_1_317' title='bbox 2164 2582 2280 2628; x_wconf 84' lang='lat' dir='ltr'><strong>uta-</strong></span> 
     </span>
    </p>
   </div>
   <div class='ocr_carea' id='block_1_43' title="bbox 719 2662 2282 2732">
    <p class='ocr_par' dir='ltr' id='par_1_43' title="bbox 719 2662 2282 2732">
     <span class='ocr_line' id='line_1_43' title="bbox 719 2662 2282 2732; baseline 0.003 -17"><span class='ocrx_word' id='word_1_318' title='bbox 719 2673 825 2722; x_wconf 86' lang='lat' dir='ltr'><strong>tur,</strong></span> <span class='ocrx_word' id='word_1_319' title='bbox 881 2672 1043 2732; x_wconf 89' lang='lat' dir='ltr'><strong>atque</strong></span> <span class='ocrx_word' id='word_1_320' title='bbox 1088 2677 1180 2732; x_wconf 90' lang='lat' dir='ltr'><strong>per</strong></span> <span class='ocrx_word' id='word_1_321' title='bbox 1234 2663 1380 2717; x_wconf 88' lang='lat' dir='ltr'><strong>illam</strong></span> <span class='ocrx_word' id='word_1_322' title='bbox 1429 2662 1596 2718; x_wconf 89' lang='lat' dir='ltr'><strong>animi</strong></span> <span class='ocrx_word' id='word_1_323' title='bbox 1642 2662 1867 2717; x_wconf 70' lang='lat' dir='ltr'><strong>allectus</strong></span> <span class='ocrx_word' id='word_1_324' title='bbox 1909 2664 2181 2730; x_wconf 83' lang='lat' dir='ltr'><strong>cohibeat,</strong></span> <span class='ocrx_word' id='word_1_325' title='bbox 2229 2674 2282 2720; x_wconf 90' lang='lat' dir='ltr'><strong>et</strong></span> 
     </span>
    </p>
   </div>
   <div class='ocr_carea' id='block_1_44' title="bbox 717 2753 2283 2824">
    <p class='ocr_par' dir='ltr' id='par_1_44' title="bbox 717 2753 2283 2824">
     <span class='ocr_line' id='line_1_44' title="bbox 717 2753 2283 2824; baseline 0 -16"><span class='ocrx_word' id='word_1_326' title='bbox 717 2754 962 2823; x_wconf 83' lang='lat' dir='ltr'><strong>corpOris</strong></span> <span class='ocrx_word' id='word_1_327' title='bbox 996 2753 1253 2808; x_wconf 87' lang='lat' dir='ltr'><strong>membris</strong></span> <span class='ocrx_word' id='word_1_328' title='bbox 1282 2754 1543 2823; x_wconf 88' lang='lat' dir='ltr'><strong>imperet,</strong></span> <span class='ocrx_word' id='word_1_329' title='bbox 1583 2770 1692 2824; x_wconf 94' lang='lat' dir='ltr'><strong>quo</strong></span> <span class='ocrx_word' id='word_1_330' title='bbox 1740 2754 1942 2809; x_wconf 86' lang='lat' dir='ltr'><strong>rationi</strong></span> <span class='ocrx_word' id='word_1_331' title='bbox 1981 2755 2283 2823; x_wconf 82' lang='lat' dir='ltr'><strong>obsequan-</strong></span> 
     </span>
    </p>
   </div>
   <div class='ocr_carea' id='block_1_45' title="bbox 719 2846 2283 2916">
    <p class='ocr_par' dir='ltr' id='par_1_45' title="bbox 719 2846 2283 2916">
     <span class='ocr_line' id='line_1_45' title="bbox 719 2846 2283 2916; baseline 0.001 -16"><span class='ocrx_word' id='word_1_332' title='bbox 719 2856 838 2910; x_wconf 90' lang='lat' dir='ltr'><strong>tur;</strong></span> <span class='ocrx_word' id='word_1_333' title='bbox 876 2846 1103 2901; x_wconf 88' lang='lat' dir='ltr'><strong>utsicut</strong></span> <span class='ocrx_word' id='word_1_334' title='bbox 1140 2846 1194 2900; x_wconf 91' lang='lat' dir='ltr'><strong>in</strong></span> <span class='ocrx_word' id='word_1_335' title='bbox 1231 2847 1518 2901; x_wconf 84' lang='lat' dir='ltr'><strong>harmonia</strong></span> <span class='ocrx_word' id='word_1_336' title='bbox 1550 2847 1834 2916; x_wconf 89' lang='lat' dir='ltr'><strong>plectrum,</strong></span> <span class='ocrx_word' id='word_1_337' title='bbox 1867 2848 1942 2900; x_wconf 90' lang='lat' dir='ltr'><strong>ita</strong></span> <span class='ocrx_word' id='word_1_338' title='bbox 1971 2847 2086 2914; x_wconf 91' lang='lat' dir='ltr'><strong>ipse</strong></span> <span class='ocrx_word' id='word_1_339' title='bbox 2121 2848 2283 2901; x_wconf 90' lang='lat' dir='ltr'><strong>homo</strong></span> 
     </span>
    </p>
   </div>
   <div class='ocr_carea' id='block_1_46' title="bbox 720 2936 2285 3009">
    <p class='ocr_par' dir='ltr' id='par_1_46' title="bbox 720 2936 2285 3009">
     <span class='ocr_line' id='line_1_46' title="bbox 720 2936 2285 3009; baseline -0.001 -17"><span class='ocrx_word' id='word_1_340' title='bbox 720 2939 874 3008; x_wconf 88' lang='lat' dir='ltr'><strong>quasi</strong></span> <span class='ocrx_word' id='word_1_341' title='bbox 908 2937 1220 3009; x_wconf 88' lang='lat' dir='ltr'><strong>psalterium</strong></span> <span class='ocrx_word' id='word_1_342' title='bbox 1250 2936 1493 3001; x_wconf 81' lang='lat' dir='ltr'><strong>eﬂ&#39;ectus,</strong></span> <span class='ocrx_word' id='word_1_343' title='bbox 1529 2947 1583 2991; x_wconf 92' lang='lat' dir='ltr'><strong>et</strong></span> <span class='ocrx_word' id='word_1_344' title='bbox 1618 2939 1831 3008; x_wconf 84' lang='lat' dir='ltr'><strong>spiritui</strong></span> <span class='ocrx_word' id='word_1_345' title='bbox 1861 2938 2084 2991; x_wconf 90' lang='lat' dir='ltr'><strong>omnino</strong></span> <span class='ocrx_word' id='word_1_346' title='bbox 2109 2938 2285 2991; x_wconf 86' lang='lat' dir='ltr'><strong>inten-</strong></span> 
     </span>
    </p>
   </div>
   <div class='ocr_carea' id='block_1_47' title="bbox 722 3027 2285 3099">
    <p class='ocr_par' dir='ltr' id='par_1_47' title="bbox 722 3027 2285 3099">
     <span class='ocr_line' id='line_1_47' title="bbox 722 3027 2285 3099; baseline 0.001 -19"><span class='ocrx_word' id='word_1_347' title='bbox 722 3038 830 3092; x_wconf 86' lang='lat' dir='ltr'><strong>tus,</strong></span> <span class='ocrx_word' id='word_1_348' title='bbox 877 3027 1130 3081; x_wconf 90' lang='lat' dir='ltr'><strong>omnibus</strong></span> <span class='ocrx_word' id='word_1_349' title='bbox 1180 3027 1440 3083; x_wconf 82' lang='lat' dir='ltr'><strong>membris</strong></span> <span class='ocrx_word' id='word_1_350' title='bbox 1500 3029 1848 3099; x_wconf 89' lang='lat' dir='ltr'><strong>motibusque</strong></span> <span class='ocrx_word' id='word_1_351' title='bbox 1905 3029 2020 3083; x_wconf 89' lang='lat' dir='ltr'><strong>suis</strong></span> <span class='ocrx_word' id='word_1_352' title='bbox 2069 3028 2285 3083; x_wconf 87' lang='lat' dir='ltr'><strong>obediat</strong></span> 
     </span>
    </p>
   </div>
   <div class='ocr_carea' id='block_1_48' title="bbox 722 3116 2286 3188">
    <p class='ocr_par' dir='ltr' id='par_1_48' title="bbox 722 3116 2286 3188">
     <span class='ocr_line' id='line_1_48' title="bbox 722 3116 2286 3188; baseline 0 -16"><span class='ocrx_word' id='word_1_353' title='bbox 722 3116 1086 3188; x_wconf 86' lang='lat' dir='ltr'><strong>inserviatque</strong></span> <span class='ocrx_word' id='word_1_354' title='bbox 1128 3116 1223 3172; x_wconf 90' lang='lat' dir='ltr'><strong>Dei</strong></span> <span class='ocrx_word' id='word_1_355' title='bbox 1272 3118 1560 3173; x_wconf 82' lang='lat' dir='ltr'><strong>voluntati.</strong></span> <span class='ocrx_word' id='word_1_356' title='bbox 1605 3116 1917 3173; x_wconf 90' lang='lat' dir='ltr'><strong>Istiusmodi</strong></span> <span class='ocrx_word' id='word_1_357' title='bbox 1959 3126 2139 3172; x_wconf 89' lang='lat' dir='ltr'><strong>autem</strong></span> <span class='ocrx_word' id='word_1_358' title='bbox 2184 3118 2286 3172; x_wconf 89' lang='lat' dir='ltr'><strong>im-</strong></span> 
     </span>
    </p>
   </div>
   <div class='ocr_carea' id='block_1_49' title="bbox 719 3180 2357 3281">
    <p class='ocr_par' dir='ltr' id='par_1_49' title="bbox 719 3180 2357 3281">
     <span class='ocr_line' id='line_1_49' title="bbox 719 3180 2357 3281; baseline -0.002 -17"><span class='ocrx_word' id='word_1_359' title='bbox 719 3180 1014 3281; x_wconf 80' lang='lat' dir='ltr'><strong>perturbati</strong></span> <span class='ocrx_word' id='word_1_360' title='bbox 1053 3218 1106 3265; x_wconf 90' lang='lat' dir='ltr'><strong>et</strong></span> <span class='ocrx_word' id='word_1_361' title='bbox 1131 3210 1301 3264; x_wconf 87' lang='lat' dir='ltr'><strong>sedati</strong></span> <span class='ocrx_word' id='word_1_362' title='bbox 1327 3209 1497 3262; x_wconf 87' lang='lat' dir='ltr'><strong>animi</strong></span> <span class='ocrx_word' id='word_1_363' title='bbox 1530 3209 1709 3278; x_wconf 91' lang='lat' dir='ltr'><strong>imago</strong></span> <span class='ocrx_word' id='word_1_364' title='bbox 1742 3220 2010 3278; x_wconf 89' lang='lat' dir='ltr'><strong>typusque</strong></span> <span class='ocrx_word' id='word_1_365' title='bbox 2044 3218 2128 3263; x_wconf 86' lang='lat' dir='ltr'><strong>est</strong></span> <span class='ocrx_word' id='word_1_366' title='bbox 2160 3209 2285 3262; x_wconf 78' lang='lat' dir='ltr'><strong>har-</strong></span> <span class='ocrx_word' id='word_1_367' title='bbox 2312 3180 2357 3243; x_wconf 69' lang='grc' dir='ltr'><strong>ο</strong></span> 
     </span>
    </p>
   </div>
   <div class='ocr_carea' id='block_1_50' title="bbox 720 3295 2286 3363">
    <p class='ocr_par' dir='ltr' id='par_1_50' title="bbox 720 3295 2286 3363">
     <span class='ocr_line' id='line_1_50' title="bbox 720 3295 2286 3363; baseline -0.001 -9"><span class='ocrx_word' id='word_1_368' title='bbox 720 3301 936 3354; x_wconf 89' lang='lat' dir='ltr'><strong>monica</strong></span> <span class='ocrx_word' id='word_1_369' title='bbox 987 3300 1077 3353; x_wconf 88' lang='lat' dir='ltr'><strong>illa</strong></span> <span class='ocrx_word' id='word_1_370' title='bbox 1145 3298 1487 3352; x_wconf 90' lang='lat' dir='ltr'><strong>Psalmorum</strong></span> <span class='ocrx_word' id='word_1_371' title='bbox 1564 3296 1744 3351; x_wconf 85' lang='lat' dir='ltr'><strong>lectio.</strong></span> <span class='ocrx_word' id='word_1_372' title='bbox 1819 3295 2286 3363; x_wconf 87' lang='lat' dir='ltr'><strong>Quemadmodum</strong></span> 
     </span>
    </p>
   </div>
   <div class='ocr_carea' id='block_1_51' title="bbox 721 3386 2287 3460">
    <p class='ocr_par' dir='ltr' id='par_1_51' title="bbox 721 3386 2287 3460">
     <span class='ocr_line' id='line_1_51' title="bbox 721 3386 2287 3460; baseline -0.001 -14"><span class='ocrx_word' id='word_1_373' title='bbox 721 3393 864 3447; x_wconf 89' lang='lat' dir='ltr'><strong>enim</strong></span> <span class='ocrx_word' id='word_1_374' title='bbox 911 3391 1109 3457; x_wconf 89' lang='lat' dir='ltr'><strong>verbis,</strong></span> <span class='ocrx_word' id='word_1_375' title='bbox 1168 3405 1289 3460; x_wconf 75' lang='lat' dir='ltr'><strong>qua:</strong></span> <span class='ocrx_word' id='word_1_376' title='bbox 1334 3386 1681 3460; x_wconf 84' lang='lat' dir='ltr'><strong>proferimus,</strong></span> <span class='ocrx_word' id='word_1_377' title='bbox 1734 3387 1901 3442; x_wconf 89' lang='lat' dir='ltr'><strong>animi</strong></span> <span class='ocrx_word' id='word_1_378' title='bbox 1934 3388 2287 3459; x_wconf 79' lang='lat' dir='ltr'><strong>cogitationes</strong></span> 
     </span>
    </p>
   </div>
   <div class='ocr_carea' id='block_1_52' title="bbox 722 3480 2289 3555">
    <p class='ocr_par' dir='ltr' id='par_1_52' title="bbox 722 3480 2289 3555">
     <span class='ocr_line' id='line_1_52' title="bbox 722 3480 2289 3555; baseline -0.002 -19"><span class='ocrx_word' id='word_1_379' title='bbox 722 3484 1005 3555; x_wconf 87' lang='lat' dir='ltr'><strong>prodimus</strong></span> <span class='ocrx_word' id='word_1_380' title='bbox 1036 3492 1197 3553; x_wconf 90' lang='lat' dir='ltr'><strong>atque</strong></span> <span class='ocrx_word' id='word_1_381' title='bbox 1223 3481 1521 3537; x_wconf 86' lang='lat' dir='ltr'><strong>indicamus</strong></span> <span class='ocrx_word' id='word_1_382' title='bbox 1550 3497 1564 3535; x_wconf 87' lang='lat'><strong>:</strong></span> <span class='ocrx_word' id='word_1_383' title='bbox 1601 3480 1681 3535; x_wconf 86' lang='lat' dir='ltr'><strong>sic</strong></span> <span class='ocrx_word' id='word_1_384' title='bbox 1712 3494 1838 3534; x_wconf 90' lang='lat' dir='ltr'><strong>cum</strong></span> <span class='ocrx_word' id='word_1_385' title='bbox 1869 3480 2203 3550; x_wconf 84' lang='lat' dir='ltr'><strong>spiritualem</strong></span> <span class='ocrx_word' id='word_1_386' title='bbox 2232 3480 2289 3534; x_wconf 91' lang='lat' dir='ltr'><strong>in</strong></span> 
     </span>
    </p>
   </div>
   <div class='ocr_carea' id='block_1_53' title="bbox 724 3571 2289 3641">
    <p class='ocr_par' dir='ltr' id='par_1_53' title="bbox 724 3571 2289 3641">
     <span class='ocr_line' id='line_1_53' title="bbox 724 3571 2289 3641; baseline -0.003 -12"><span class='ocrx_word' id='word_1_387' title='bbox 724 3574 907 3629; x_wconf 87' lang='lat' dir='ltr'><strong>anima</strong></span> <span class='ocrx_word' id='word_1_388' title='bbox 949 3573 1291 3627; x_wconf 89' lang='lat' dir='ltr'><strong>harmoniam</strong></span> <span class='ocrx_word' id='word_1_389' title='bbox 1320 3610 1336 3635; x_wconf 94' lang='lat'><strong>,</strong></span> <span class='ocrx_word' id='word_1_390' title='bbox 1363 3572 1651 3626; x_wconf 86' lang='lat' dir='ltr'><strong>verb0rum</strong></span> <span class='ocrx_word' id='word_1_391' title='bbox 1698 3571 2083 3639; x_wconf 90' lang='lat' dir='ltr'><strong>modulatione,</strong></span> <span class='ocrx_word' id='word_1_392' title='bbox 2131 3571 2289 3641; x_wconf 91' lang='lat' dir='ltr'><strong>quasi</strong></span> 
     </span>
    </p>
   </div>
   <div class='ocr_carea' id='block_1_54' title="bbox 728 3660 2288 3737">
    <p class='ocr_par' dir='ltr' id='par_1_54' title="bbox 728 3660 2288 3737">
     <span class='ocr_line' id='line_1_54' title="bbox 728 3660 2288 3737; baseline -0.003 -17"><span class='ocrx_word' id='word_1_393' title='bbox 728 3666 974 3737; x_wconf 79' lang='lat' dir='ltr'><strong>symbolo</strong></span> <span class='ocrx_word' id='word_1_394' title='bbox 1023 3662 1317 3733; x_wconf 80' lang='lat' dir='ltr'><strong>signiﬁcari</strong></span> <span class='ocrx_word' id='word_1_395' title='bbox 1366 3662 1497 3717; x_wconf 88' lang='lat' dir='ltr'><strong>velit</strong></span> <span class='ocrx_word' id='word_1_396' title='bbox 1528 3660 1813 3726; x_wconf 88' lang='lat' dir='ltr'><strong>Dominus,</strong></span> <span class='ocrx_word' id='word_1_397' title='bbox 1860 3662 2023 3732; x_wconf 82' lang='lat' dir='ltr'><strong>jussit</strong></span> <span class='ocrx_word' id='word_1_398' title='bbox 2079 3671 2139 3717; x_wconf 91' lang='lat' dir='ltr'><strong>ut</strong></span> <span class='ocrx_word' id='word_1_399' title='bbox 2166 3677 2288 3716; x_wconf 91' lang='lat' dir='ltr'><strong>cum</strong></span> 
     </span>
    </p>
   </div>
   <div class='ocr_carea' id='block_1_55' title="bbox 728 3754 2290 3828">
    <p class='ocr_par' dir='ltr' id='par_1_55' title="bbox 728 3754 2290 3828">
     <span class='ocr_line' id='line_1_55' title="bbox 728 3754 2290 3828; baseline -0.003 -15"><span class='ocrx_word' id='word_1_400' title='bbox 728 3759 1097 3814; x_wconf 87' lang='lat' dir='ltr'><strong>modulatione</strong></span> <span class='ocrx_word' id='word_1_401' title='bbox 1140 3756 1483 3828; x_wconf 85' lang='lat' dir='ltr'><strong>psalleretur,</strong></span> <span class='ocrx_word' id='word_1_402' title='bbox 1529 3764 1690 3826; x_wconf 88' lang='lat' dir='ltr'><strong>atque</strong></span> <span class='ocrx_word' id='word_1_403' title='bbox 1740 3754 1933 3825; x_wconf 89' lang='lat' dir='ltr'><strong>psalmi</strong></span> <span class='ocrx_word' id='word_1_404' title='bbox 1978 3770 2101 3809; x_wconf 88' lang='lat' dir='ltr'><strong>cum</strong></span> <span class='ocrx_word' id='word_1_405' title='bbox 2129 3762 2290 3810; x_wconf 90' lang='lat' dir='ltr'><strong>cantu</strong></span> 
     </span>
    </p>
   </div>
   <div class='ocr_carea' id='block_1_56' title="bbox 728 3847 2293 3912">
    <p class='ocr_par' dir='ltr' id='par_1_56' title="bbox 728 3847 2293 3912">
     <span class='ocr_line' id='line_1_56' title="bbox 728 3847 2293 3912; baseline -0.004 -5"><span class='ocrx_word' id='word_1_406' title='bbox 728 3852 1109 3907; x_wconf 85' lang='lat' dir='ltr'><strong>recitarentur.</strong></span> <span class='ocrx_word' id='word_1_407' title='bbox 1158 3847 1227 3904; x_wconf 88' lang='lat' dir='ltr'><strong>Et</strong></span> <span class='ocrx_word' id='word_1_408' title='bbox 1280 3849 1410 3903; x_wconf 91' lang='lat' dir='ltr'><strong>illud</strong></span> <span class='ocrx_word' id='word_1_409' title='bbox 1457 3857 1541 3909; x_wconf 87' lang='lat' dir='ltr'><strong>est</strong></span> <span class='ocrx_word' id='word_1_410' title='bbox 1588 3849 1783 3902; x_wconf 72' lang='lat' dir='ltr'><strong>anima:</strong></span> <span class='ocrx_word' id='word_1_411' title='bbox 1832 3847 2183 3912; x_wconf 88' lang='lat' dir='ltr'><strong>desiderium,</strong></span> <span class='ocrx_word' id='word_1_412' title='bbox 2233 3855 2293 3901; x_wconf 89' lang='lat' dir='ltr'><strong>ut</strong></span> 
     </span>
    </p>
   </div>
   <div class='ocr_carea' id='block_1_57' title="bbox 730 3936 2290 4009">
    <p class='ocr_par' dir='ltr' id='par_1_57' title="bbox 730 3936 2290 4009">
     <span class='ocr_line' id='line_1_57' title="bbox 730 3936 2290 4009; baseline -0.005 -12"><span class='ocrx_word' id='word_1_413' title='bbox 730 3955 875 3997; x_wconf 87' lang='lat' dir='ltr'><strong>recte</strong></span> <span class='ocrx_word' id='word_1_414' title='bbox 908 3941 1097 3995; x_wconf 81' lang='lat' dir='ltr'><strong>allecta</strong></span> <span class='ocrx_word' id='word_1_415' title='bbox 1145 3950 1198 3995; x_wconf 87' lang='lat' dir='ltr'><strong>et</strong></span> <span class='ocrx_word' id='word_1_416' title='bbox 1239 3940 1541 4009; x_wconf 88' lang='lat' dir='ltr'><strong>composita</strong></span> <span class='ocrx_word' id='word_1_417' title='bbox 1572 3939 1662 4003; x_wconf 90' lang='lat' dir='ltr'><strong>sit,</strong></span> <span class='ocrx_word' id='word_1_418' title='bbox 1699 3949 1756 3993; x_wconf 90' lang='lat' dir='ltr'><strong>ut</strong></span> <span class='ocrx_word' id='word_1_419' title='bbox 1799 3940 2057 4009; x_wconf 88' lang='lat' dir='ltr'><strong>scriptum</strong></span> <span class='ocrx_word' id='word_1_420' title='bbox 2091 3948 2173 3993; x_wconf 87' lang='lat' dir='ltr'><strong>est</strong></span> <span class='ocrx_word' id='word_1_421' title='bbox 2205 3936 2290 3989; x_wconf 74' lang='grc' dir='ltr'><strong>’δι</strong></span> 
     </span>
    </p>
   </div>
   <div class='ocr_carea' id='block_1_58' title="bbox 730 4027 2294 4102">
    <p class='ocr_par' dir='ltr' id='par_1_58' title="bbox 730 4027 2294 4102">
     <span class='ocr_line' id='line_1_58' title="bbox 730 4027 2294 4102; baseline -0.004 -14"><span class='ocrx_word' id='word_1_422' title='bbox 730 4031 969 4088; x_wconf 74' lang='lat' dir='ltr'><strong>Laztatur</strong></span> <span class='ocrx_word' id='word_1_423' title='bbox 998 4032 1115 4102; x_wconf 87' lang='lat' dir='ltr'><strong>quis</strong></span> <span class='ocrx_word' id='word_1_424' title='bbox 1154 4031 1211 4084; x_wconf 87' lang='lat' dir='ltr'><strong>in</strong></span> <span class='ocrx_word' id='word_1_425' title='bbox 1250 4028 1441 4086; x_wconf 81' lang='lat' dir='ltr'><strong>vobis?</strong></span> <span class='ocrx_word' id='word_1_426' title='bbox 1484 4029 1705 4099; x_wconf 75' lang='lat' dir='ltr'><strong>psallat.</strong></span> <span class='ocrx_word' id='word_1_427' title='bbox 1754 4028 1867 4083; x_wconf 82' lang='lat' dir='ltr'><strong>Hoc</strong></span> <span class='ocrx_word' id='word_1_428' title='bbox 1896 4030 2055 4083; x_wconf 91' lang='lat' dir='ltr'><strong>modo</strong></span> <span class='ocrx_word' id='word_1_429' title='bbox 2084 4028 2131 4083; x_wconf 90' lang='lat' dir='ltr'><strong>si</strong></span> <span class='ocrx_word' id='word_1_430' title='bbox 2164 4027 2294 4098; x_wconf 91' lang='lat' dir='ltr'><strong>quid</strong></span> 
     </span>
    </p>
   </div>
   <div class='ocr_carea' id='block_1_59' title="bbox 732 4119 2293 4192">
    <p class='ocr_par' dir='ltr' id='par_1_59' title="bbox 732 4119 2293 4192">
     <span class='ocr_line' id='line_1_59' title="bbox 732 4119 2293 4192; baseline -0.006 -12"><span class='ocrx_word' id='word_1_431' title='bbox 732 4126 785 4181; x_wconf 86' lang='lat' dir='ltr'><strong>in</strong></span> <span class='ocrx_word' id='word_1_432' title='bbox 813 4140 874 4179; x_wconf 88' lang='lat' dir='ltr'><strong>ea</strong></span> <span class='ocrx_word' id='word_1_433' title='bbox 932 4123 1321 4189; x_wconf 90' lang='lat' dir='ltr'><strong>turbulentum,</strong></span> <span class='ocrx_word' id='word_1_434' title='bbox 1361 4136 1611 4192; x_wconf 86' lang='lat' dir='ltr'><strong>asperum</strong></span> <span class='ocrx_word' id='word_1_435' title='bbox 1649 4129 1702 4175; x_wconf 91' lang='lat' dir='ltr'><strong>et</strong></span> <span class='ocrx_word' id='word_1_436' title='bbox 1740 4119 2157 4188; x_wconf 91' lang='lat' dir='ltr'><strong>incompositum</strong></span> <span class='ocrx_word' id='word_1_437' title='bbox 2191 4131 2293 4184; x_wconf 85' lang='lat' dir='ltr'><strong>est,</strong></span> 
     </span>
    </p>
   </div>
   <div class='ocr_carea' id='block_1_60' title="bbox 732 4212 2295 4288">
    <p class='ocr_par' dir='ltr' id='par_1_60' title="bbox 732 4212 2295 4288">
     <span class='ocr_line' id='line_1_60' title="bbox 732 4212 2295 4288; baseline -0.004 -17"><span class='ocrx_word' id='word_1_438' title='bbox 732 4217 1034 4288; x_wconf 87' lang='lat' dir='ltr'><strong>psalmodia</strong></span> <span class='ocrx_word' id='word_1_439' title='bbox 1088 4216 1425 4284; x_wconf 42' lang='lat' dir='ltr'><strong>mitigatur;</strong></span> <span class='ocrx_word' id='word_1_440' title='bbox 1484 4213 1695 4267; x_wconf 90' lang='lat' dir='ltr'><strong>tristitia</strong></span> <span class='ocrx_word' id='word_1_441' title='bbox 1738 4227 1867 4267; x_wconf 87' lang='lat' dir='ltr'><strong>vero</strong></span> <span class='ocrx_word' id='word_1_442' title='bbox 1910 4212 2115 4268; x_wconf 85' lang='lat' dir='ltr'><strong>levatur</strong></span> <span class='ocrx_word' id='word_1_443' title='bbox 2148 4212 2295 4283; x_wconf 87' lang='lat' dir='ltr'><strong>psal-</strong></span> 
     </span>
    </p>
   </div>
   <div class='ocr_carea' id='block_1_61' title="bbox 734 4304 2298 4371">
    <p class='ocr_par' dir='ltr' id='par_1_61' title="bbox 734 4304 2298 4371">
     <span class='ocr_line' id='line_1_61' title="bbox 734 4304 2298 4371; baseline -0.004 -11"><span class='ocrx_word' id='word_1_444' title='bbox 734 4306 968 4360; x_wconf 86' lang='lat' dir='ltr'><strong>lentibus</strong></span> <span class='ocrx_word' id='word_1_445' title='bbox 994 4305 1150 4359; x_wconf 89' lang='lat' dir='ltr'><strong>nobis</strong></span> <span class='ocrx_word' id='word_1_446' title='bbox 1176 4323 1189 4357; x_wconf 86' lang='lat'><strong>:</strong></span> <span class='ocrx_word' id='word_1_447' title='bbox 1213 4304 1389 4368; x_wconf 80' lang='lat' dir='ltr'><strong>Quare</strong></span> <span class='ocrx_word' id='word_1_448' title='bbox 1412 4305 1577 4357; x_wconf 87' lang='lat' dir='ltr'><strong>tristis</strong></span> <span class='ocrx_word' id='word_1_449' title='bbox 1599 4320 1674 4369; x_wconf 81' lang='lat' dir='ltr'><strong>es,</strong></span> <span class='ocrx_word' id='word_1_450' title='bbox 1706 4304 1884 4356; x_wconf 84' lang='lat' dir='ltr'><strong>anima</strong></span> <span class='ocrx_word' id='word_1_451' title='bbox 1913 4318 2046 4366; x_wconf 73' lang='lat' dir='ltr'><strong>mea,</strong></span> <span class='ocrx_word' id='word_1_452' title='bbox 2070 4313 2118 4355; x_wconf 84' lang='lat' dir='ltr'><strong>et</strong></span> <span class='ocrx_word' id='word_1_453' title='bbox 2139 4317 2298 4371; x_wconf 83' lang='lat' dir='ltr'><strong>quare</strong></span> 
     </span>
    </p>
   </div>
   <div class='ocr_carea' id='block_1_62' title="bbox 736 4390 2297 4461">
    <p class='ocr_par' dir='ltr' id='par_1_62' title="bbox 736 4390 2297 4461">
     <span class='ocr_line' id='line_1_62' title="bbox 736 4390 2297 4461; baseline -0.006 -11"><span class='ocrx_word' id='word_1_454' title='bbox 736 4393 1017 4451; x_wconf 73' lang='lat' dir='ltr'><strong>conturbas</strong></span> <span class='ocrx_word' id='word_1_455' title='bbox 1038 4410 1115 4447; x_wconf 85' lang='lat' dir='ltr'><strong>me</strong></span> <span class='ocrx_word' id='word_1_456' title='bbox 1142 4394 1187 4424; x_wconf 83' lang='lat'><strong>&quot;</strong></span> <span class='ocrx_word' id='word_1_457' title='bbox 1213 4393 1236 4447; x_wconf 71' lang='grc' dir='ltr'><strong>’ἒ</strong></span> <span class='ocrx_word' id='word_1_458' title='bbox 1278 4393 1530 4447; x_wconf 88' lang='lat' dir='ltr'><strong>Errorem</strong></span> <span class='ocrx_word' id='word_1_459' title='bbox 1568 4406 1698 4446; x_wconf 88' lang='lat' dir='ltr'><strong>vero</strong></span> <span class='ocrx_word' id='word_1_460' title='bbox 1728 4406 1888 4446; x_wconf 88' lang='lat' dir='ltr'><strong>suum</strong></span> <span class='ocrx_word' id='word_1_461' title='bbox 1919 4400 2177 4461; x_wconf 89' lang='lat' dir='ltr'><strong>agnoscet</strong></span> <span class='ocrx_word' id='word_1_462' title='bbox 2214 4390 2297 4443; x_wconf 92' lang='lat' dir='ltr'><strong>di-</strong></span> 
     </span>
    </p>
   </div>
   <div class='ocr_carea' id='block_1_63' title="bbox 735 4481 2295 4554">
    <p class='ocr_par' dir='ltr' id='par_1_63' title="bbox 735 4481 2295 4554">
     <span class='ocr_line' id='line_1_63' title="bbox 735 4481 2295 4554; baseline -0.004 -12"><span class='ocrx_word' id='word_1_463' title='bbox 735 4488 947 4543; x_wconf 88' lang='lat' dir='ltr'><strong>cendo:</strong></span> <span class='ocrx_word' id='word_1_464' title='bbox 986 4486 1092 4542; x_wconf 79' lang='lat' dir='ltr'><strong>Mei</strong></span> <span class='ocrx_word' id='word_1_465' title='bbox 1130 4495 1305 4539; x_wconf 85' lang='lat' dir='ltr'><strong>autem</strong></span> <span class='ocrx_word' id='word_1_466' title='bbox 1335 4501 1460 4554; x_wconf 79' lang='lat' dir='ltr'><strong>pene</strong></span> <span class='ocrx_word' id='word_1_467' title='bbox 1485 4485 1613 4537; x_wconf 86' lang='lat' dir='ltr'><strong>moti</strong></span> <span class='ocrx_word' id='word_1_468' title='bbox 1653 4494 1773 4538; x_wconf 78' lang='lat' dir='ltr'><strong>sunt</strong></span> <span class='ocrx_word' id='word_1_469' title='bbox 1810 4482 1963 4553; x_wconf 83' lang='lat' dir='ltr'><strong>pedes</strong></span> <span class='ocrx_word' id='word_1_470' title='bbox 2005 4482 2071 4536; x_wconf 81' lang='lat'><strong>&quot;.</strong></span> <span class='ocrx_word' id='word_1_471' title='bbox 2100 4481 2295 4536; x_wconf 75' lang='lat' dir='ltr'><strong>Melum</strong></span> 
     </span>
    </p>
   </div>
   <div class='ocr_carea' id='block_1_64' title="bbox 737 4575 2295 4650">
    <p class='ocr_par' dir='ltr' id='par_1_64' title="bbox 737 4575 2295 4650">
     <span class='ocr_line' id='line_1_64' title="bbox 737 4575 2295 4650; baseline -0.003 -18"><span class='ocrx_word' id='word_1_472' title='bbox 737 4589 915 4634; x_wconf 91' lang='lat' dir='ltr'><strong>autem</strong></span> <span class='ocrx_word' id='word_1_473' title='bbox 946 4594 1041 4650; x_wconf 88' lang='lat' dir='ltr'><strong>spe</strong></span> <span class='ocrx_word' id='word_1_474' title='bbox 1078 4576 1421 4634; x_wconf 78' lang='lat' dir='ltr'><strong>conﬁrmabit</strong></span> <span class='ocrx_word' id='word_1_475' title='bbox 1464 4576 1650 4631; x_wconf 87' lang='lat' dir='ltr'><strong>dicens</strong></span> <span class='ocrx_word' id='word_1_476' title='bbox 1681 4596 1692 4630; x_wconf 91' lang='lat'>:</span> <span class='ocrx_word' id='word_1_477' title='bbox 1737 4575 1992 4631; x_wconf 73' lang='lat' dir='ltr'><strong>Dominus</strong></span> <span class='ocrx_word' id='word_1_478' title='bbox 2034 4576 2161 4629; x_wconf 85' lang='lat' dir='ltr'><strong>mihi</strong></span> <span class='ocrx_word' id='word_1_479' title='bbox 2195 4575 2295 4628; x_wconf 84' lang='lat' dir='ltr'><strong>ad-</strong></span> 
     </span>
    </p>
   </div>
   <div class='ocr_carea' id='block_1_65' title="bbox 733 4666 2094 4740">
    <p class='ocr_par' dir='ltr' id='par_1_65' title="bbox 733 4666 2094 4740">
     <span class='ocr_line' id='line_1_65' title="bbox 733 4666 2094 4740; baseline 0 -19"><span class='ocrx_word' id='word_1_480' title='bbox 733 4670 898 4737; x_wconf 85' lang='lat' dir='ltr'><strong>jutor,</strong></span> <span class='ocrx_word' id='word_1_481' title='bbox 932 4679 980 4722; x_wconf 84' lang='lat' dir='ltr'><strong>et</strong></span> <span class='ocrx_word' id='word_1_482' title='bbox 1007 4685 1111 4722; x_wconf 82' lang='lat' dir='ltr'><strong>non</strong></span> <span class='ocrx_word' id='word_1_483' title='bbox 1149 4668 1336 4723; x_wconf 80' lang='lat' dir='ltr'><strong>timebo</strong></span> <span class='ocrx_word' id='word_1_484' title='bbox 1357 4668 1480 4740; x_wconf 79' lang='lat' dir='ltr'><strong>quid</strong></span> <span class='ocrx_word' id='word_1_485' title='bbox 1502 4666 1667 4737; x_wconf 71' lang='lat' dir='ltr'><strong>faciat</strong></span> <span class='ocrx_word' id='word_1_486' title='bbox 1694 4667 1821 4720; x_wconf 84' lang='lat' dir='ltr'><strong>mihi</strong></span> <span class='ocrx_word' id='word_1_487' title='bbox 1847 4668 1999 4721; x_wconf 86' lang='lat' dir='ltr'><strong>homo</strong></span> <span class='ocrx_word' id='word_1_488' title='bbox 2027 4666 2094 4721; x_wconf 82' lang='grc'><strong>³⁷.</strong></span> 
     </span>
    </p>
   </div>
   <div class='ocr_carea' id='block_1_66' title="bbox 810 4950 2301 5026">
    <p class='ocr_par' dir='ltr' id='par_1_66' title="bbox 810 4950 2301 5026">
     <span class='ocr_line' id='line_1_66' title="bbox 810 4950 2301 5026; baseline -0.003 -14"><span class='ocrx_word' id='word_1_489' title='bbox 810 4956 901 5012; x_wconf 74' lang='grc'><strong>29.</strong></span> <span class='ocrx_word' id='word_1_490' title='bbox 958 4954 1061 5023; x_wconf 88' lang='lat' dir='ltr'><strong>Qui</strong></span> <span class='ocrx_word' id='word_1_491' title='bbox 1090 4954 1253 5026; x_wconf 88' lang='lat' dir='ltr'><strong>igitur</strong></span> <span class='ocrx_word' id='word_1_492' title='bbox 1286 4952 1387 5007; x_wconf 90' lang='lat' dir='ltr'><strong>hoc</strong></span> <span class='ocrx_word' id='word_1_493' title='bbox 1413 4950 1573 5007; x_wconf 89' lang='lat' dir='ltr'><strong>modo</strong></span> <span class='ocrx_word' id='word_1_494' title='bbox 1605 4950 1788 5007; x_wconf 85' lang='lat' dir='ltr'><strong>divina</strong></span> <span class='ocrx_word' id='word_1_495' title='bbox 1816 4952 2025 5007; x_wconf 88' lang='lat' dir='ltr'><strong>cantica</strong></span> <span class='ocrx_word' id='word_1_496' title='bbox 2070 4966 2178 5006; x_wconf 92' lang='lat' dir='ltr'><strong>non</strong></span> <span class='ocrx_word' id='word_1_497' title='bbox 2223 4953 2301 5008; x_wconf 84' lang='lat' dir='ltr'><strong>le-</strong></span> 
     </span>
    </p>
   </div>
   <div class='ocr_carea' id='block_1_67' title="bbox 744 5044 2297 5118">
    <p class='ocr_par' dir='ltr' id='par_1_67' title="bbox 744 5044 2297 5118">
     <span class='ocr_line' id='line_1_67' title="bbox 744 5044 2297 5118; baseline -0.002 -16"><span class='ocrx_word' id='word_1_498' title='bbox 744 5059 895 5118; x_wconf 84' lang='lat' dir='ltr'><strong>gunt,</strong></span> <span class='ocrx_word' id='word_1_499' title='bbox 937 5061 1043 5101; x_wconf 91' lang='lat' dir='ltr'><strong>non</strong></span> <span class='ocrx_word' id='word_1_500' title='bbox 1091 5047 1380 5115; x_wconf 89' lang='lat' dir='ltr'><strong>prudenter</strong></span> <span class='ocrx_word' id='word_1_501' title='bbox 1421 5044 1678 5114; x_wconf 87' lang='lat' dir='ltr'><strong>psallunt,</strong></span> <span class='ocrx_word' id='word_1_502' title='bbox 1724 5044 1817 5099; x_wconf 86' lang='lat' dir='ltr'><strong>sed</strong></span> <span class='ocrx_word' id='word_1_503' title='bbox 1854 5059 1975 5099; x_wconf 91' lang='lat' dir='ltr'><strong>sese</strong></span> <span class='ocrx_word' id='word_1_504' title='bbox 2007 5045 2297 5113; x_wconf 86' lang='lat' dir='ltr'><strong>oblectant,</strong></span> 
     </span>
    </p>
   </div>
   <div class='ocr_carea' id='block_1_68' title="bbox 744 5135 2301 5211">
    <p class='ocr_par' dir='ltr' id='par_1_68' title="bbox 744 5135 2301 5211">
     <span class='ocr_line' id='line_1_68' title="bbox 744 5135 2301 5211; baseline -0.001 -16"><span class='ocrx_word' id='word_1_505' title='bbox 744 5140 996 5211; x_wconf 86' lang='lat' dir='ltr'><strong>culpandi</strong></span> <span class='ocrx_word' id='word_1_506' title='bbox 1046 5154 1198 5201; x_wconf 87' lang='lat' dir='ltr'><strong>sane,</strong></span> <span class='ocrx_word' id='word_1_507' title='bbox 1252 5139 1376 5208; x_wconf 90' lang='lat' dir='ltr'><strong>quia</strong></span> <span class='ocrx_word' id='word_1_508' title='bbox 1413 5135 1533 5191; x_wconf 81' lang='lat' dir='ltr'><strong>Non</strong></span> <span class='ocrx_word' id='word_1_509' title='bbox 1571 5148 1645 5191; x_wconf 88' lang='lat' dir='ltr'><strong>est</strong></span> <span class='ocrx_word' id='word_1_510' title='bbox 1680 5138 1913 5206; x_wconf 83' lang='lat' dir='ltr'><strong>speciosa</strong></span> <span class='ocrx_word' id='word_1_511' title='bbox 1964 5143 2083 5192; x_wconf 75' lang='lat' dir='ltr'><strong>laus</strong></span> <span class='ocrx_word' id='word_1_512' title='bbox 2128 5143 2183 5193; x_wconf 82' lang='lat' dir='ltr'><strong>in</strong></span> <span class='ocrx_word' id='word_1_513' title='bbox 2214 5157 2301 5195; x_wconf 76' lang='lat' dir='ltr'><strong>ore</strong></span> 
     </span>
    </p>
   </div>
   <div class='ocr_carea' id='block_1_69' title="bbox 743 5229 2300 5301">
    <p class='ocr_par' dir='ltr' id='par_1_69' title="bbox 743 5229 2300 5301">
     <span class='ocr_line' id='line_1_69' title="bbox 743 5229 2300 5301; baseline 0.001 -16"><span class='ocrx_word' id='word_1_514' title='bbox 743 5232 1031 5301; x_wconf 75' lang='lat' dir='ltr'><strong>peccatoris</strong></span> <span class='ocrx_word' id='word_1_515' title='bbox 1075 5230 1141 5283; x_wconf 79' lang='lat'><strong>&quot;.</strong></span> <span class='ocrx_word' id='word_1_516' title='bbox 1190 5229 1293 5295; x_wconf 81' lang='lat' dir='ltr'><strong>Qui</strong></span> <span class='ocrx_word' id='word_1_517' title='bbox 1324 5240 1502 5284; x_wconf 90' lang='lat' dir='ltr'><strong>autem</strong></span> <span class='ocrx_word' id='word_1_518' title='bbox 1540 5230 1794 5299; x_wconf 67' lang='lat' dir='ltr'><strong>prredicto</strong></span> <span class='ocrx_word' id='word_1_519' title='bbox 1852 5230 2015 5284; x_wconf 90' lang='lat' dir='ltr'><strong>modo</strong></span> <span class='ocrx_word' id='word_1_520' title='bbox 2043 5232 2300 5299; x_wconf 88' lang='lat' dir='ltr'><strong>psallunt,</strong></span> 
     </span>
    </p>
   </div>
   <div class='ocr_carea' id='block_1_70' title="bbox 747 5321 2305 5383">
    <p class='ocr_par' dir='ltr' id='par_1_70' title="bbox 747 5321 2305 5383">
     <span class='ocr_line' id='line_1_70' title="bbox 747 5321 2305 5383; baseline 0.002 -4"><span class='ocrx_word' id='word_1_521' title='bbox 747 5328 819 5379; x_wconf 90' lang='lat' dir='ltr'><strong>ita</strong></span> <span class='ocrx_word' id='word_1_522' title='bbox 862 5334 920 5380; x_wconf 93' lang='lat' dir='ltr'><strong>ut</strong></span> <span class='ocrx_word' id='word_1_523' title='bbox 943 5325 1233 5379; x_wconf 81' lang='lat' dir='ltr'><strong>verborum</strong></span> <span class='ocrx_word' id='word_1_524' title='bbox 1274 5322 1571 5376; x_wconf 87' lang='lat' dir='ltr'><strong>modulatio</strong></span> <span class='ocrx_word' id='word_1_525' title='bbox 1624 5337 1689 5375; x_wconf 79' lang='lat' dir='ltr'><strong>ex</strong></span> <span class='ocrx_word' id='word_1_526' title='bbox 1728 5321 1923 5377; x_wconf 66' lang='lat' dir='ltr'><strong>animae</strong></span> <span class='ocrx_word' id='word_1_527' title='bbox 1972 5325 2211 5381; x_wconf 87' lang='lat' dir='ltr'><strong>numeris</strong></span> <span class='ocrx_word' id='word_1_528' title='bbox 2251 5336 2305 5383; x_wconf 95' lang='lat' dir='ltr'><strong>et</strong></span> 
     </span>
    </p>
   </div>
   <div class='ocr_carea' id='block_1_71' title="bbox 746 5414 2301 5491">
    <p class='ocr_par' dir='ltr' id='par_1_71' title="bbox 746 5414 2301 5491">
     <span class='ocr_line' id='line_1_71' title="bbox 746 5414 2301 5491; baseline 0.001 -18"><span class='ocrx_word' id='word_1_529' title='bbox 746 5434 813 5473; x_wconf 80' lang='lat' dir='ltr'><strong>ex</strong></span> <span class='ocrx_word' id='word_1_530' title='bbox 842 5419 1197 5473; x_wconf 86' lang='lat' dir='ltr'><strong>consonantia</strong></span> <span class='ocrx_word' id='word_1_531' title='bbox 1238 5430 1360 5470; x_wconf 91' lang='lat' dir='ltr'><strong>cum</strong></span> <span class='ocrx_word' id='word_1_532' title='bbox 1395 5415 1588 5483; x_wconf 88' lang='lat' dir='ltr'><strong>spiritu</strong></span> <span class='ocrx_word' id='word_1_533' title='bbox 1634 5414 1962 5485; x_wconf 77' lang='lat' dir='ltr'><strong>proferatur,</strong></span> <span class='ocrx_word' id='word_1_534' title='bbox 2017 5417 2073 5471; x_wconf 89' lang='lat' dir='ltr'><strong>hi</strong></span> <span class='ocrx_word' id='word_1_535' title='bbox 2121 5419 2301 5491; x_wconf 87' lang='lat' dir='ltr'><strong>lingua</strong></span> 
     </span>
    </p>
   </div>
   <div class='ocr_carea' id='block_1_72' title="bbox 749 5506 2301 5579">
    <p class='ocr_par' dir='ltr' id='par_1_72' title="bbox 749 5506 2301 5579">
     <span class='ocr_line' id='line_1_72' title="bbox 749 5506 2301 5579; baseline 0.005 -18"><span class='ocrx_word' id='word_1_536' title='bbox 749 5508 967 5579; x_wconf 87' lang='lat' dir='ltr'><strong>quidem</strong></span> <span class='ocrx_word' id='word_1_537' title='bbox 1012 5506 1269 5577; x_wconf 89' lang='lat' dir='ltr'><strong>psallunt,</strong></span> <span class='ocrx_word' id='word_1_538' title='bbox 1315 5506 1604 5575; x_wconf 89' lang='lat' dir='ltr'><strong>psallentes</strong></span> <span class='ocrx_word' id='word_1_539' title='bbox 1644 5514 1823 5561; x_wconf 85' lang='lat' dir='ltr'><strong>autem</strong></span> <span class='ocrx_word' id='word_1_540' title='bbox 1853 5514 1906 5562; x_wconf 88' lang='lat' dir='ltr'><strong>et</strong></span> <span class='ocrx_word' id='word_1_541' title='bbox 1951 5519 2149 5573; x_wconf 89' lang='lat' dir='ltr'><strong>mente,</strong></span> <span class='ocrx_word' id='word_1_542' title='bbox 2192 5528 2301 5569; x_wconf 89' lang='lat' dir='ltr'><strong>non</strong></span> 
     </span>
    </p>
   </div>
   <div class='ocr_carea' id='block_1_73' title="bbox 2375 1928 3937 2005">
    <p class='ocr_par' dir='ltr' id='par_1_73' title="bbox 2375 1928 3937 2005">
     <span class='ocr_line' id='line_1_73' title="bbox 2375 1928 3937 2005; baseline -0.006 -19"><span class='ocrx_word' id='word_1_543' title='bbox 2375 1933 2560 2005; x_wconf 81' lang='grc' dir='ltr'>χωνδὲ</span> <span class='ocrx_word' id='word_1_544' title='bbox 2586 1936 2651 2004; x_wconf 80' lang='grc' dir='ltr'><strong>τῇ</strong></span> <span class='ocrx_word' id='word_1_545' title='bbox 2686 1932 2877 2005; x_wconf 82' lang='grc' dir='ltr'>γνώμῃ</span> <span class='ocrx_word' id='word_1_546' title='bbox 2917 1931 3023 1988; x_wconf 89' lang='grc' dir='ltr'><strong>τῶν</strong></span> <span class='ocrx_word' id='word_1_547' title='bbox 3068 1931 3336 1985; x_wconf 83' lang='grc' dir='ltr'><strong>Ἰουδαίων</strong></span> <span class='ocrx_word' id='word_1_548' title='bbox 3362 1947 3375 1959; x_wconf 90' lang='grc'><strong>·</strong></span> <span class='ocrx_word' id='word_1_549' title='bbox 3426 1930 3458 2000; x_wconf 84' lang='grc' dir='ltr'>ἢ</span> <span class='ocrx_word' id='word_1_550' title='bbox 3515 1928 3803 1999; x_wconf 78' lang='grc' dir='ltr'>ἐπιθυμεῖν</span> <span class='ocrx_word' id='word_1_551' title='bbox 3843 1929 3937 1999; x_wconf 77' lang='grc' dir='ltr'><strong>μὲν</strong></span> 
     </span>
    </p>
   </div>
   <div class='ocr_carea' id='block_1_74' title="bbox 2373 2019 3937 2093">
    <p class='ocr_par' dir='ltr' id='par_1_74' title="bbox 2373 2019 3937 2093">
     <span class='ocr_line' id='line_1_74' title="bbox 2373 2019 3937 2093; baseline -0.004 -16"><span class='ocrx_word' id='word_1_552' title='bbox 2373 2023 2442 2077; x_wconf 74' lang='grc' dir='ltr'>τὰ</span> <span class='ocrx_word' id='word_1_553' title='bbox 2470 2023 2667 2093; x_wconf 81' lang='grc' dir='ltr'>φαῦλα,</span> <span class='ocrx_word' id='word_1_554' title='bbox 2728 2023 2803 2093; x_wconf 84' lang='grc' dir='ltr'>μὴ</span> <span class='ocrx_word' id='word_1_555' title='bbox 2853 2021 3112 2077; x_wconf 82' lang='grc' dir='ltr'>δύνασθαι</span> <span class='ocrx_word' id='word_1_556' title='bbox 3154 2021 3211 2075; x_wconf 80' lang='grc' dir='ltr'><strong>δὲ</strong></span> <span class='ocrx_word' id='word_1_557' title='bbox 3255 2021 3549 2091; x_wconf 81' lang='grc' dir='ltr'>πράττειν,</span> <span class='ocrx_word' id='word_1_558' title='bbox 3598 2019 3672 2082; x_wconf 86' lang='grc' dir='ltr'>ὡς</span> <span class='ocrx_word' id='word_1_559' title='bbox 3710 2020 3759 2070; x_wconf 90' lang='grc' dir='ltr'>οἰ</span> <span class='ocrx_word' id='word_1_560' title='bbox 3802 2019 3937 2071; x_wconf 82' lang='grc' dir='ltr'>κατὰ</span> 
     </span>
    </p>
   </div>
   <div class='ocr_carea' id='block_1_75' title="bbox 2374 2109 3937 2187">
    <p class='ocr_par' dir='ltr' id='par_1_75' title="bbox 2374 2109 3937 2187">
     <span class='ocr_line' id='line_1_75' title="bbox 2374 2109 3937 2187; baseline -0.007 -17"><span class='ocrx_word' id='word_1_561' title='bbox 2374 2116 2678 2187; x_wconf 83' lang='grc' dir='ltr'>Σουσάννης</span> <span class='ocrx_word' id='word_1_562' title='bbox 2732 2114 3175 2186; x_wconf 76' lang='grc' dir='ltr'>πρεσϐύτεροι-ἢ</span> <span class='ocrx_word' id='word_1_563' title='bbox 3210 2112 3369 2168; x_wconf 78' lang='grc' dir='ltr'>πάλιν</span> <span class='ocrx_word' id='word_1_564' title='bbox 3400 2112 3473 2183; x_wconf 82' lang='grc' dir='ltr'>μὴ</span> <span class='ocrx_word' id='word_1_565' title='bbox 3507 2109 3776 2182; x_wconf 76' lang='grc' dir='ltr'>μοιχεύειν</span> <span class='ocrx_word' id='word_1_566' title='bbox 3824 2110 3937 2179; x_wconf 82' lang='grc' dir='ltr'>μὲν,</span> 
     </span>
    </p>
   </div>
   <div class='ocr_carea' id='block_1_76' title="bbox 2375 2200 3940 2279">
    <p class='ocr_par' dir='ltr' id='par_1_76' title="bbox 2375 2200 3940 2279">
     <span class='ocr_line' id='line_1_76' title="bbox 2375 2200 3940 2279; baseline -0.006 -16"><span class='ocrx_word' id='word_1_567' title='bbox 2375 2209 2627 2263; x_wconf 80' lang='grc' dir='ltr'><strong>κλέπτειν</strong></span> <span class='ocrx_word' id='word_1_568' title='bbox 2664 2208 2719 2261; x_wconf 89' lang='grc' dir='ltr'><strong>δέ</strong></span> <span class='ocrx_word' id='word_1_569' title='bbox 2740 2226 2753 2239; x_wconf 71' lang='grc'><strong><em>⁸</em></strong></span> <span class='ocrx_word' id='word_1_570' title='bbox 2782 2207 2815 2278; x_wconf 84' lang='grc' dir='ltr'>ἢ</span> <span class='ocrx_word' id='word_1_571' title='bbox 2844 2206 2919 2279; x_wconf 82' lang='grc' dir='ltr'>μὴ</span> <span class='ocrx_word' id='word_1_572' title='bbox 2948 2206 3198 2260; x_wconf 80' lang='grc' dir='ltr'>κλέπτειν</span> <span class='ocrx_word' id='word_1_573' title='bbox 3242 2206 3358 2275; x_wconf 83' lang='grc' dir='ltr'>μὲν,</span> <span class='ocrx_word' id='word_1_574' title='bbox 3393 2204 3636 2273; x_wconf 76' lang='grc' dir='ltr'>φονεύειν</span> <span class='ocrx_word' id='word_1_575' title='bbox 3676 2202 3732 2256; x_wconf 79' lang='grc' dir='ltr'><em>δέ</em></span> <span class='ocrx_word' id='word_1_576' title='bbox 3753 2219 3767 2233; x_wconf 91' lang='grc'><strong>·</strong></span> <span class='ocrx_word' id='word_1_577' title='bbox 3801 2200 3836 2272; x_wconf 83' lang='grc' dir='ltr'>ἢ</span> <span class='ocrx_word' id='word_1_578' title='bbox 3871 2203 3940 2273; x_wconf 80' lang='grc' dir='ltr'>μὴ</span> 
     </span>
    </p>
   </div>
   <div class='ocr_carea' id='block_1_77' title="bbox 2378 2296 3229 2372">
    <p class='ocr_par' dir='ltr' id='par_1_77' title="bbox 2378 2296 3229 2372">
     <span class='ocr_line' id='line_1_77' title="bbox 2378 2296 3229 2372; baseline -0.009 -16"><span class='ocrx_word' id='word_1_579' title='bbox 2378 2300 2621 2372; x_wconf 77' lang='grc' dir='ltr'>φονεύειν</span> <span class='ocrx_word' id='word_1_580' title='bbox 2645 2301 2763 2372; x_wconf 72' lang='grc' dir='ltr'>μὶν,</span> <span class='ocrx_word' id='word_1_581' title='bbox 2791 2298 3129 2372; x_wconf 73' lang='grc' dir='ltr'>βλασφημεῖν</span> <span class='ocrx_word' id='word_1_582' title='bbox 3153 2296 3229 2349; x_wconf 87' lang='grc' dir='ltr'>δέ.</span> 
     </span>
    </p>
   </div>
   <div class='ocr_carea' id='block_1_78' title="bbox 2447 2385 3945 2464">
    <p class='ocr_par' dir='ltr' id='par_1_78' title="bbox 2447 2385 3945 2464">
     <span class='ocr_line' id='line_1_78' title="bbox 2447 2385 3945 2464; baseline -0.007 -18"><span class='ocrx_word' id='word_1_583' title='bbox 2447 2399 2551 2464; x_wconf 90' lang='grc' dir='ltr'>κη’.</span> <span class='ocrx_word' id='word_1_584' title='bbox 2576 2394 2671 2445; x_wconf 79' lang='lat' dir='ltr'><strong>&#39;lv&#39;</strong></span> <span class='ocrx_word' id='word_1_585' title='bbox 2696 2388 2787 2447; x_wconf 82' lang='grc' dir='ltr'><strong>οὖν</strong></span> <span class='ocrx_word' id='word_1_586' title='bbox 2822 2390 2895 2461; x_wconf 83' lang='grc' dir='ltr'>μὴ</span> <span class='ocrx_word' id='word_1_587' title='bbox 2917 2389 3138 2459; x_wconf 81' lang='grc' dir='ltr'><strong>τοιαύτη</strong></span> <span class='ocrx_word' id='word_1_588' title='bbox 3178 2406 3259 2451; x_wconf 90' lang='grc' dir='ltr'><strong>τις</strong></span> <span class='ocrx_word' id='word_1_589' title='bbox 3292 2388 3350 2441; x_wconf 82' lang='grc' dir='ltr'><strong>έν</strong></span> <span class='ocrx_word' id='word_1_590' title='bbox 3387 2390 3519 2458; x_wconf 78' lang='grc' dir='ltr'>ἡμῖν</span> <span class='ocrx_word' id='word_1_591' title='bbox 3550 2385 3759 2456; x_wconf 77' lang='grc' dir='ltr'>ταραχὴ</span> <span class='ocrx_word' id='word_1_592' title='bbox 3796 2385 3945 2453; x_wconf 83' lang='grc' dir='ltr'>γίνη-</span> 
     </span>
    </p>
   </div>
   <div class='ocr_carea' id='block_1_79' title="bbox 2378 2478 3943 2554">
    <p class='ocr_par' dir='ltr' id='par_1_79' title="bbox 2378 2478 3943 2554">
     <span class='ocr_line' id='line_1_79' title="bbox 2378 2478 3943 2554; baseline -0.006 -16"><span class='ocrx_word' id='word_1_593' title='bbox 2378 2502 2487 2549; x_wconf 91' lang='grc' dir='ltr'>ται,</span> <span class='ocrx_word' id='word_1_594' title='bbox 2519 2486 2659 2538; x_wconf 82' lang='grc' dir='ltr'>θέλει</span> <span class='ocrx_word' id='word_1_595' title='bbox 2690 2485 2789 2554; x_wconf 77' lang='grc' dir='ltr'><strong>τὴν</strong></span> <span class='ocrx_word' id='word_1_596' title='bbox 2812 2483 2987 2553; x_wconf 82' lang='grc' dir='ltr'>ψυχὴν</span> <span class='ocrx_word' id='word_1_597' title='bbox 3011 2485 3038 2535; x_wconf 88' lang='grc' dir='ltr'><strong>ό</strong></span> <span class='ocrx_word' id='word_1_598' title='bbox 3064 2482 3219 2550; x_wconf 81' lang='grc' dir='ltr'><strong>λόγος</strong></span> <span class='ocrx_word' id='word_1_599' title='bbox 3251 2481 3479 2553; x_wconf 73' lang='grc' dir='ltr'>ἔχουσαν</span> <span class='ocrx_word' id='word_1_600' title='bbox 3528 2478 3761 2550; x_wconf 75' lang='grc' dir='ltr'>Χριστοῦ</span> <span class='ocrx_word' id='word_1_601' title='bbox 3799 2478 3943 2537; x_wconf 73' lang='grc' dir='ltr'>νοῦν,</span> 
     </span>
    </p>
   </div>
   <div class='ocr_carea' id='block_1_80' title="bbox 2379 2570 3947 2644">
    <p class='ocr_par' dir='ltr' id='par_1_80' title="bbox 2379 2570 3947 2644">
     <span class='ocr_line' id='line_1_80' title="bbox 2379 2570 3947 2644; baseline -0.007 -13"><span class='ocrx_word' id='word_1_602' title='bbox 2379 2578 2452 2641; x_wconf 82' lang='grc' dir='ltr'><strong>ὡς</strong></span> <span class='ocrx_word' id='word_1_603' title='bbox 2475 2573 2623 2631; x_wconf 80' lang='grc' dir='ltr'>εἶπεν</span> <span class='ocrx_word' id='word_1_604' title='bbox 2656 2580 2683 2631; x_wconf 92' lang='grc' dir='ltr'>ὁ</span> <span class='ocrx_word' id='word_1_605' title='bbox 2726 2575 3248 2644; x_wconf 79' lang='grc' dir='ltr'>’Δπόστολος,τούτῳ</span> <span class='ocrx_word' id='word_1_606' title='bbox 3273 2573 3601 2643; x_wconf 80' lang='grc' dir='ltr'><strong>καθηγεμόνι</strong></span> <span class='ocrx_word' id='word_1_607' title='bbox 3623 2570 3947 2641; x_wconf 83' lang='grc' dir='ltr'>χρήσασθαι,</span> 
     </span>
    </p>
   </div>
   <div class='ocr_carea' id='block_1_81' title="bbox 2383 2663 3949 2739">
    <p class='ocr_par' dir='ltr' id='par_1_81' title="bbox 2383 2663 3949 2739">
     <span class='ocr_line' id='line_1_81' title="bbox 2383 2663 3949 2739; baseline -0.008 -16"><span class='ocrx_word' id='word_1_608' title='bbox 2383 2670 2476 2724; x_wconf 77' lang='grc' dir='ltr'>καὶ</span> <span class='ocrx_word' id='word_1_609' title='bbox 2505 2671 2561 2722; x_wconf 82' lang='lat' dir='ltr'><strong>tv</strong></span> <span class='ocrx_word' id='word_1_610' title='bbox 2592 2666 2917 2739; x_wconf 83' lang='grc' dir='ltr'>τούτῳτῶν</span> <span class='ocrx_word' id='word_1_611' title='bbox 2944 2665 3041 2737; x_wconf 77' lang='grc' dir='ltr'><strong>μὲν</strong></span> <span class='ocrx_word' id='word_1_612' title='bbox 3070 2668 3127 2717; x_wconf 82' lang='lat' dir='ltr'><strong>tv</strong></span> <span class='ocrx_word' id='word_1_613' title='bbox 3159 2666 3294 2734; x_wconf 80' lang='grc' dir='ltr'>αὐτῇ</span> <span class='ocrx_word' id='word_1_614' title='bbox 3347 2663 3661 2733; x_wconf 79' lang='grc' dir='ltr'>παθητικῶν</span> <span class='ocrx_word' id='word_1_615' title='bbox 3708 2664 3949 2733; x_wconf 71' lang='grc' dir='ltr'>κρατεῖν,</span> 
     </span>
    </p>
   </div>
   <div class='ocr_carea' id='block_1_82' title="bbox 2380 2738 3952 2832">
    <p class='ocr_par' dir='ltr' id='par_1_82' title="bbox 2380 2753 3952 2828">
     <span class='ocr_line' id='line_1_82' title="bbox 2380 2753 3952 2828; baseline -0.008 -14"><span class='ocrx_word' id='word_1_616' title='bbox 2380 2762 2488 2814; x_wconf 91' lang='grc' dir='ltr'>τῶν</span> <span class='ocrx_word' id='word_1_617' title='bbox 2513 2760 2569 2813; x_wconf 77' lang='grc' dir='ltr'><strong>δὲ</strong></span> <span class='ocrx_word' id='word_1_618' title='bbox 2598 2760 2689 2813; x_wconf 73' lang='grc' dir='ltr'><strong>τοῦ</strong></span> <span class='ocrx_word' id='word_1_619' title='bbox 2718 2758 2963 2828; x_wconf 82' lang='grc' dir='ltr'>σώματος</span> <span class='ocrx_word' id='word_1_620' title='bbox 2994 2756 3169 2828; x_wconf 82' lang='grc' dir='ltr'>μελῶν</span> <span class='ocrx_word' id='word_1_621' title='bbox 3198 2756 3405 2826; x_wconf 82' lang='grc' dir='ltr'>ἄρχειν,</span> <span class='ocrx_word' id='word_1_622' title='bbox 3432 2756 3509 2818; x_wconf 87' lang='grc' dir='ltr'><strong>είς</strong></span> <span class='ocrx_word' id='word_1_623' title='bbox 3559 2755 3617 2806; x_wconf 86' lang='grc' dir='ltr'>τὸ</span> <span class='ocrx_word' id='word_1_624' title='bbox 3658 2753 3952 2805; x_wconf 76' lang='grc' dir='ltr'>ὑπακούειν</span> 
     </span>
    </p>
   </div>
   <div class='ocr_carea' id='block_1_83' title="bbox 2380 2844 3955 2923">
    <p class='ocr_par' dir='ltr' id='par_1_83' title="bbox 2380 2844 3955 2923">
     <span class='ocr_line' id='line_1_83' title="bbox 2380 2844 3955 2923; baseline -0.006 -18"><span class='ocrx_word' id='word_1_625' title='bbox 2380 2852 2459 2923; x_wconf 81' lang='grc' dir='ltr'>τῷ</span> <span class='ocrx_word' id='word_1_626' title='bbox 2479 2852 2639 2920; x_wconf 81' lang='grc' dir='ltr'>λόγῳ⁶</span> <span class='ocrx_word' id='word_1_627' title='bbox 2676 2852 2782 2915; x_wconf 76' lang='grc' dir='ltr'>ἵνα,</span> <span class='ocrx_word' id='word_1_628' title='bbox 2812 2852 2886 2913; x_wconf 83' lang='grc' dir='ltr'>ὡς</span> <span class='ocrx_word' id='word_1_629' title='bbox 2914 2852 2970 2903; x_wconf 92' lang='lat' dir='ltr'><strong>tv</strong></span> <span class='ocrx_word' id='word_1_630' title='bbox 2993 2849 3224 2920; x_wconf 79' lang='grc' dir='ltr'>ἁρμονίᾳ</span> <span class='ocrx_word' id='word_1_631' title='bbox 3250 2848 3313 2900; x_wconf 67' lang='grc' dir='ltr'>τὸ</span> <span class='ocrx_word' id='word_1_632' title='bbox 3332 2847 3625 2917; x_wconf 79' lang='grc' dir='ltr'>πλῆκτρον,</span> <span class='ocrx_word' id='word_1_633' title='bbox 3654 2844 3829 2907; x_wconf 69' lang='grc' dir='ltr'>οὕτως</span> <span class='ocrx_word' id='word_1_634' title='bbox 3863 2846 3955 2898; x_wconf 77' lang='grc' dir='ltr'>αύ-</span> 
     </span>
    </p>
   </div>
   <div class='ocr_carea' id='block_1_84' title="bbox 2382 2934 3957 3010">
    <p class='ocr_par' dir='ltr' id='par_1_84' title="bbox 2382 2934 3957 3010">
     <span class='ocr_line' id='line_1_84' title="bbox 2382 2934 3957 3010; baseline -0.005 -17"><span class='ocrx_word' id='word_1_635' title='bbox 2382 2940 2472 3003; x_wconf 81' lang='grc' dir='ltr'>τδς</span> <span class='ocrx_word' id='word_1_636' title='bbox 2510 2940 2537 2992; x_wconf 81' lang='grc' dir='ltr'>ὁ</span> <span class='ocrx_word' id='word_1_637' title='bbox 2568 2939 2849 3010; x_wconf 75' lang='grc' dir='ltr'>ἄνθρωπος</span> <span class='ocrx_word' id='word_1_638' title='bbox 2872 2938 3166 3009; x_wconf 78' lang='grc' dir='ltr'>ψαλτήριον</span> <span class='ocrx_word' id='word_1_639' title='bbox 3194 2939 3500 3008; x_wconf 88' lang='grc' dir='ltr'>γενόμενος,</span> <span class='ocrx_word' id='word_1_640' title='bbox 3559 2938 3651 2989; x_wconf 78' lang='grc' dir='ltr'>καὶ</span> <span class='ocrx_word' id='word_1_641' title='bbox 3687 2935 3762 3006; x_wconf 82' lang='grc' dir='ltr'>τῷ</span> <span class='ocrx_word' id='word_1_642' title='bbox 3795 2934 3957 2986; x_wconf 88' lang='grc' dir='ltr'>πνεύ-</span> 
     </span>
    </p>
   </div>
   <div class='ocr_carea' id='block_1_85' title="bbox 2389 3030 3956 3105">
    <p class='ocr_par' dir='ltr' id='par_1_85' title="bbox 2389 3030 3956 3105">
     <span class='ocr_line' id='line_1_85' title="bbox 2389 3030 3956 3105; baseline -0.005 -19"><span class='ocrx_word' id='word_1_643' title='bbox 2389 3050 2517 3105; x_wconf 89' lang='grc' dir='ltr'>ματι</span> <span class='ocrx_word' id='word_1_644' title='bbox 2560 3032 2840 3103; x_wconf 79' lang='grc' dir='ltr'>προσέχων</span> <span class='ocrx_word' id='word_1_645' title='bbox 2886 3031 3213 3102; x_wconf 81' lang='grc' dir='ltr'>ὁλοκλήρως,</span> <span class='ocrx_word' id='word_1_646' title='bbox 3269 3032 3363 3084; x_wconf 80' lang='grc' dir='ltr'><strong>καὶ</strong></span> <span class='ocrx_word' id='word_1_647' title='bbox 3420 3032 3553 3083; x_wconf 80' lang='grc' dir='ltr'>πᾶσι</span> <span class='ocrx_word' id='word_1_648' title='bbox 3612 3032 3723 3091; x_wconf 84' lang='grc' dir='ltr'>τοῖς</span> <span class='ocrx_word' id='word_1_649' title='bbox 3771 3030 3956 3099; x_wconf 83' lang='grc' dir='ltr'>μέλεσι</span> 
     </span>
    </p>
   </div>
   <div class='ocr_carea' id='block_1_86' title="bbox 2387 3120 3960 3196">
    <p class='ocr_par' dir='ltr' id='par_1_86' title="bbox 2387 3120 3960 3196">
     <span class='ocr_line' id='line_1_86' title="bbox 2387 3120 3960 3196; baseline -0.005 -17"><span class='ocrx_word' id='word_1_650' title='bbox 2387 3127 2483 3179; x_wconf 68' lang='grc' dir='ltr'>καὶ</span> <span class='ocrx_word' id='word_1_651' title='bbox 2517 3128 2628 3189; x_wconf 80' lang='grc' dir='ltr'>τοῖς</span> <span class='ocrx_word' id='word_1_652' title='bbox 2661 3127 2951 3196; x_wconf 82' lang='grc' dir='ltr'>κινήμασιν</span> <span class='ocrx_word' id='word_1_653' title='bbox 2990 3124 3261 3196; x_wconf 78' lang='grc' dir='ltr'>ὑπακούῃ,</span> <span class='ocrx_word' id='word_1_654' title='bbox 3288 3122 3382 3175; x_wconf 73' lang='grc' dir='ltr'>καὶ</span> <span class='ocrx_word' id='word_1_655' title='bbox 3413 3121 3639 3193; x_wconf 79' lang='grc' dir='ltr'>δουλεύη</span> <span class='ocrx_word' id='word_1_656' title='bbox 3664 3120 3742 3190; x_wconf 80' lang='grc' dir='ltr'>τῷ</span> <span class='ocrx_word' id='word_1_657' title='bbox 3766 3120 3960 3190; x_wconf 78' lang='grc' dir='ltr'>βουλή-</span> 
     </span>
    </p>
   </div>
   <div class='ocr_carea' id='block_1_87' title="bbox 2391 3212 3961 3290">
    <p class='ocr_par' dir='ltr' id='par_1_87' title="bbox 2391 3212 3961 3290">
     <span class='ocr_line' id='line_1_87' title="bbox 2391 3212 3961 3290; baseline -0.004 -19"><span class='ocrx_word' id='word_1_658' title='bbox 2391 3236 2516 3290; x_wconf 88' lang='grc' dir='ltr'>ματι</span> <span class='ocrx_word' id='word_1_659' title='bbox 2562 3218 2653 3271; x_wconf 81' lang='grc' dir='ltr'><strong>τοῦ</strong></span> <span class='ocrx_word' id='word_1_660' title='bbox 2682 3218 2834 3271; x_wconf 85' lang='grc' dir='ltr'><strong>Θεοῦ.</strong></span> <span class='ocrx_word' id='word_1_661' title='bbox 2862 3217 2973 3287; x_wconf 76' lang='grc' dir='ltr'><strong>Τῆς</strong></span> <span class='ocrx_word' id='word_1_662' title='bbox 2993 3216 3049 3269; x_wconf 85' lang='grc' dir='ltr'><strong>δὲ</strong></span> <span class='ocrx_word' id='word_1_663' title='bbox 3075 3216 3328 3285; x_wconf 87' lang='grc' dir='ltr'>τοιαύτης</span> <span class='ocrx_word' id='word_1_664' title='bbox 3372 3214 3475 3266; x_wconf 91' lang='grc' dir='ltr'>τῶν</span> <span class='ocrx_word' id='word_1_665' title='bbox 3531 3212 3805 3282; x_wconf 82' lang='grc' dir='ltr'>λογισμῶν</span> <span class='ocrx_word' id='word_1_666' title='bbox 3832 3214 3961 3266; x_wconf 74' lang='grc' dir='ltr'><strong>ἀτα⁹</strong></span> 
     </span>
    </p>
   </div>
   <div class='ocr_carea' id='block_1_88' title="bbox 2391 3303 3963 3381">
    <p class='ocr_par' dir='ltr' id='par_1_88' title="bbox 2391 3303 3963 3381">
     <span class='ocr_line' id='line_1_88' title="bbox 2391 3303 3963 3381; baseline -0.006 -18"><span class='ocrx_word' id='word_1_667' title='bbox 2391 3309 2577 3381; x_wconf 79' lang='grc' dir='ltr'>ραξίας</span> <span class='ocrx_word' id='word_1_668' title='bbox 2602 3310 2695 3362; x_wconf 76' lang='grc' dir='ltr'>καὶ</span> <span class='ocrx_word' id='word_1_669' title='bbox 2712 3308 2981 3379; x_wconf 82' lang='grc' dir='ltr'>ἀκύμονος</span> <span class='ocrx_word' id='word_1_670' title='bbox 3005 3307 3387 3370; x_wconf 86' lang='grc' dir='ltr'>καταστάσεως</span> <span class='ocrx_word' id='word_1_671' title='bbox 3422 3303 3605 3357; x_wconf 86' lang='grc' dir='ltr'>ἐίκὼν</span> <span class='ocrx_word' id='word_1_672' title='bbox 3645 3305 3738 3357; x_wconf 74' lang='grc' dir='ltr'>καὶ</span> <span class='ocrx_word' id='word_1_673' title='bbox 3789 3304 3963 3364; x_wconf 87' lang='grc' dir='ltr'>τύπος</span> 
     </span>
    </p>
   </div>
   <div class='ocr_carea' id='block_1_89' title="bbox 2386 3394 3965 3469">
    <p class='ocr_par' dir='ltr' id='par_1_89' title="bbox 2386 3394 3965 3469">
     <span class='ocr_line' id='line_1_89' title="bbox 2386 3394 3965 3469; baseline -0.006 -15"><span class='ocrx_word' id='word_1_674' title='bbox 2386 3399 2721 3469; x_wconf 74' lang='grc' dir='ltr'>ὲστὶνήτῶν</span> <span class='ocrx_word' id='word_1_675' title='bbox 2772 3396 3017 3467; x_wconf 80' lang='grc' dir='ltr'>Ψαλμῶν</span> <span class='ocrx_word' id='word_1_676' title='bbox 3072 3396 3311 3467; x_wconf 77' lang='grc' dir='ltr'>ἐμμελὴς</span> <span class='ocrx_word' id='word_1_677' title='bbox 3364 3396 3689 3463; x_wconf 77' lang='grc' dir='ltr'>ἀνάγνωσις.</span> <span class='ocrx_word' id='word_1_678' title='bbox 3752 3394 3965 3462; x_wconf 79' lang='grc' dir='ltr'>’Ὠσπερ</span> 
     </span>
    </p>
   </div>
   <div class='ocr_carea' id='block_1_90' title="bbox 2388 3484 3969 3563">
    <p class='ocr_par' dir='ltr' id='par_1_90' title="bbox 2388 3484 3969 3563">
     <span class='ocr_line' id='line_1_90' title="bbox 2388 3484 3969 3563; baseline -0.006 -18"><span class='ocrx_word' id='word_1_679' title='bbox 2388 3494 2499 3563; x_wconf 84' lang='grc' dir='ltr'>γὰρ</span> <span class='ocrx_word' id='word_1_680' title='bbox 2528 3492 2597 3545; x_wconf 83' lang='grc' dir='ltr'>τὰ</span> <span class='ocrx_word' id='word_1_681' title='bbox 2623 3491 2721 3561; x_wconf 81' lang='grc' dir='ltr'>τῆς</span> <span class='ocrx_word' id='word_1_682' title='bbox 2748 3489 2927 3559; x_wconf 80' lang='grc' dir='ltr'>ψυχῆς</span> <span class='ocrx_word' id='word_1_683' title='bbox 2955 3490 3198 3561; x_wconf 82' lang='grc' dir='ltr'>νοήματα</span> <span class='ocrx_word' id='word_1_684' title='bbox 3230 3487 3567 3558; x_wconf 77' lang='grc' dir='ltr'>γνωρίζομεν</span> <span class='ocrx_word' id='word_1_685' title='bbox 3586 3487 3679 3538; x_wconf 75' lang='grc' dir='ltr'>καὶ</span> <span class='ocrx_word' id='word_1_686' title='bbox 3703 3484 3969 3555; x_wconf 84' lang='grc' dir='ltr'>σημαίνο-</span> 
     </span>
    </p>
   </div>
   <div class='ocr_carea' id='block_1_91' title="bbox 2392 3576 3967 3654">
    <p class='ocr_par' dir='ltr' id='par_1_91' title="bbox 2392 3576 3967 3654">
     <span class='ocr_line' id='line_1_91' title="bbox 2392 3576 3967 3654; baseline -0.005 -19"><span class='ocrx_word' id='word_1_687' title='bbox 2392 3600 2490 3654; x_wconf 84' lang='grc' dir='ltr'><strong>μεν</strong></span> <span class='ocrx_word' id='word_1_688' title='bbox 2524 3581 2589 3635; x_wconf 74' lang='grc' dir='ltr'>δι’</span> <span class='ocrx_word' id='word_1_689' title='bbox 2612 3576 2686 3636; x_wconf 81' lang='grc' dir='ltr'><strong>ὧν</strong></span> <span class='ocrx_word' id='word_1_690' title='bbox 2720 3581 3065 3653; x_wconf 83' lang='grc' dir='ltr'>προφέρομεν</span> <span class='ocrx_word' id='word_1_691' title='bbox 3106 3580 3298 3649; x_wconf 88' lang='grc' dir='ltr'>λόγων,</span> <span class='ocrx_word' id='word_1_692' title='bbox 3345 3577 3536 3641; x_wconf 66' lang='grc' dir='ltr'>οὔτως,</span> <span class='ocrx_word' id='word_1_693' title='bbox 3569 3577 3668 3647; x_wconf 85' lang='grc' dir='ltr'>τῆς</span> <span class='ocrx_word' id='word_1_694' title='bbox 3716 3593 3967 3645; x_wconf 89' lang='grc' dir='ltr'>πνευμα-</span> 
     </span>
    </p>
   </div>
   <div class='ocr_carea' id='block_1_92' title="bbox 2388 3666 3971 3746">
    <p class='ocr_par' dir='ltr' id='par_1_92' title="bbox 2388 3666 3971 3746">
     <span class='ocr_line' id='line_1_92' title="bbox 2388 3666 3971 3746; baseline -0.008 -17"><span class='ocrx_word' id='word_1_695' title='bbox 2388 3676 2543 3746; x_wconf 79' lang='grc' dir='ltr'>τικῆς</span> <span class='ocrx_word' id='word_1_696' title='bbox 2567 3676 2623 3727; x_wconf 86' lang='lat' dir='ltr'><strong>tv</strong></span> <span class='ocrx_word' id='word_1_697' title='bbox 2642 3673 2786 3743; x_wconf 82' lang='grc' dir='ltr'>ψυχῇ</span> <span class='ocrx_word' id='word_1_698' title='bbox 2816 3673 3078 3744; x_wconf 81' lang='grc' dir='ltr'>ἁρμονίας</span> <span class='ocrx_word' id='word_1_699' title='bbox 3108 3672 3205 3743; x_wconf 77' lang='grc' dir='ltr'><strong>τὴν</strong></span> <span class='ocrx_word' id='word_1_700' title='bbox 3226 3674 3290 3725; x_wconf 82' lang='grc' dir='ltr'>ὲκ</span> <span class='ocrx_word' id='word_1_701' title='bbox 3316 3671 3423 3725; x_wconf 89' lang='grc' dir='ltr'><strong>τῶν</strong></span> <span class='ocrx_word' id='word_1_702' title='bbox 3467 3668 3638 3737; x_wconf 89' lang='grc' dir='ltr'>λόγων</span> <span class='ocrx_word' id='word_1_703' title='bbox 3696 3666 3971 3738; x_wconf 80' lang='grc' dir='ltr'>μελῳδίαν</span> 
     </span>
    </p>
   </div>
   <div class='ocr_carea' id='block_1_93' title="bbox 2392 3758 3972 3838">
    <p class='ocr_par' dir='ltr' id='par_1_93' title="bbox 2392 3758 3972 3838">
     <span class='ocr_line' id='line_1_93' title="bbox 2392 3758 3972 3838; baseline -0.006 -18"><span class='ocrx_word' id='word_1_704' title='bbox 2392 3766 2656 3838; x_wconf 77' lang='grc' dir='ltr'>σύμϐολον</span> <span class='ocrx_word' id='word_1_705' title='bbox 2679 3762 2813 3819; x_wconf 83' lang='grc' dir='ltr'>εἶναι</span> <span class='ocrx_word' id='word_1_706' title='bbox 2844 3764 3010 3818; x_wconf 84' lang='grc' dir='ltr'>θέλων</span> <span class='ocrx_word' id='word_1_707' title='bbox 3032 3767 3060 3817; x_wconf 90' lang='grc' dir='ltr'><strong>ό</strong></span> <span class='ocrx_word' id='word_1_708' title='bbox 3086 3765 3309 3835; x_wconf 84' lang='grc' dir='ltr'>Κύριος,</span> <span class='ocrx_word' id='word_1_709' title='bbox 3360 3762 3669 3815; x_wconf 84' lang='grc' dir='ltr'>τετύπωκεν</span> <span class='ocrx_word' id='word_1_710' title='bbox 3711 3758 3972 3829; x_wconf 75' lang='grc' dir='ltr'>ἐμμελῶς</span> 
     </span>
    </p>
   </div>
   <div class='ocr_carea' id='block_1_94' title="bbox 2389 3850 3975 3929">
    <p class='ocr_par' dir='ltr' id='par_1_94' title="bbox 2389 3850 3975 3929">
     <span class='ocr_line' id='line_1_94' title="bbox 2389 3850 3975 3929; baseline -0.026 -6"><span class='ocrx_word' id='word_1_711' title='bbox 2389 3858 2485 3920; x_wconf 78' lang='grc' dir='ltr'><strong>τὰς</strong></span> <span class='ocrx_word' id='word_1_712' title='bbox 2511 3858 2652 3929; x_wconf 80' lang='grc' dir='ltr'><strong>ᾠδὰς</strong></span> <span class='ocrx_word' id='word_1_713' title='bbox 2694 3856 3009 3925; x_wconf 84' lang='grc' dir='ltr'>ψάλλεσθαι,</span> <span class='ocrx_word' id='word_1_714' title='bbox 3062 3856 3157 3907; x_wconf 71' lang='grc' dir='ltr'>καὶ</span> <span class='ocrx_word' id='word_1_715' title='bbox 3205 3855 3332 3917; x_wconf 82' lang='grc' dir='ltr'>τοὺς</span> <span class='ocrx_word' id='word_1_716' title='bbox 3376 3853 3623 3923; x_wconf 73' lang='grc' dir='ltr'>ψαλμοὺς</span> <span class='ocrx_word' id='word_1_717' title='bbox 3679 3852 3795 3921; x_wconf 71' lang='grc' dir='ltr'>μετ’</span> <span class='ocrx_word' id='word_1_718' title='bbox 3826 3850 3975 3920; x_wconf 58' lang='grc' dir='ltr'><strong>ᾠδῆς</strong></span> 
     </span>
    </p>
   </div>
   <div class='ocr_carea' id='block_1_95' title="bbox 2392 3940 3973 4017">
    <p class='ocr_par' dir='ltr' id='par_1_95' title="bbox 2392 3940 3973 4017">
     <span class='ocr_line' id='line_1_95' title="bbox 2392 3940 3973 4017; baseline -0.006 -16"><span class='ocrx_word' id='word_1_719' title='bbox 2392 3946 2877 4017; x_wconf 82' lang='grc' dir='ltr'>ἀναγινώσκεσθαι.</span> <span class='ocrx_word' id='word_1_720' title='bbox 2939 3947 3047 3999; x_wconf 78' lang='grc' dir='ltr'><strong>Καὶ</strong></span> <span class='ocrx_word' id='word_1_721' title='bbox 3097 3945 3239 3999; x_wconf 81' lang='grc' dir='ltr'>τοῦτ’</span> <span class='ocrx_word' id='word_1_722' title='bbox 3292 3944 3438 3998; x_wconf 74' lang='grc' dir='ltr'>ἐστιν</span> <span class='ocrx_word' id='word_1_723' title='bbox 3488 3946 3521 4015; x_wconf 79' lang='grc' dir='ltr'>ὴ</span> <span class='ocrx_word' id='word_1_724' title='bbox 3561 3940 3832 4013; x_wconf 73' lang='grc' dir='ltr'>ἐπιθυμία</span> <span class='ocrx_word' id='word_1_725' title='bbox 3860 3940 3973 4013; x_wconf 77' lang='grc'><strong>(10)</strong></span> 
     </span>
    </p>
   </div>
   <div class='ocr_carea' id='block_1_96' title="bbox 2392 4034 3979 4113">
    <p class='ocr_par' dir='ltr' id='par_1_96' title="bbox 2392 4034 3979 4113">
     <span class='ocr_line' id='line_1_96' title="bbox 2392 4034 3979 4113; baseline -0.005 -19"><span class='ocrx_word' id='word_1_726' title='bbox 2392 4041 2492 4113; x_wconf 83' lang='grc' dir='ltr'>τῆς</span> <span class='ocrx_word' id='word_1_727' title='bbox 2510 4039 2707 4111; x_wconf 84' lang='grc' dir='ltr'>ψυχῆς,</span> <span class='ocrx_word' id='word_1_728' title='bbox 2734 4039 2795 4092; x_wconf 82' lang='grc' dir='ltr'><strong>τὸ</strong></span> <span class='ocrx_word' id='word_1_729' title='bbox 2823 4037 3001 4101; x_wconf 88' lang='grc' dir='ltr'>καλῶς</span> <span class='ocrx_word' id='word_1_730' title='bbox 3058 4037 3227 4109; x_wconf 82' lang='grc' dir='ltr'>αὐτὴν</span> <span class='ocrx_word' id='word_1_731' title='bbox 3290 4036 3611 4100; x_wconf 82' lang='grc' dir='ltr'>διακεῖσθαι,</span> <span class='ocrx_word' id='word_1_732' title='bbox 3654 4034 3729 4098; x_wconf 80' lang='grc' dir='ltr'>ὡς</span> <span class='ocrx_word' id='word_1_733' title='bbox 3760 4036 3979 4105; x_wconf 82' lang='grc' dir='ltr'>γέγρα-</span> 
     </span>
    </p>
   </div>
   <div class='ocr_carea' id='block_1_97' title="bbox 2396 4127 3981 4201">
    <p class='ocr_par' dir='ltr' id='par_1_97' title="bbox 2396 4127 3981 4201">
     <span class='ocr_line' id='line_1_97' title="bbox 2396 4127 3981 4201; baseline -0.005 -15"><span class='ocrx_word' id='word_1_734' title='bbox 2396 4150 2545 4186; x_wconf 89' lang='grc' dir='ltr'>πται·</span> <span class='ocrx_word' id='word_1_735' title='bbox 2570 4130 2831 4201; x_wconf 80' lang='grc' dir='ltr'>Εὐθυμεῖ</span> <span class='ocrx_word' id='word_1_736' title='bbox 2853 4149 2943 4197; x_wconf 85' lang='grc' dir='ltr'><strong>τις</strong></span> <span class='ocrx_word' id='word_1_737' title='bbox 2976 4132 3044 4184; x_wconf 85' lang='grc' dir='ltr'><strong>ἐν</strong></span> <span class='ocrx_word' id='word_1_738' title='bbox 3095 4130 3275 4200; x_wconf 79' lang='grc' dir='ltr'><strong>ὐμῖν;</strong></span> <span class='ocrx_word' id='word_1_739' title='bbox 3331 4127 3634 4197; x_wconf 68' lang='grc' dir='ltr'>ψαλλέτω.</span> <span class='ocrx_word' id='word_1_740' title='bbox 3664 4127 3860 4190; x_wconf 78' lang='grc' dir='ltr'>Οὕτως</span> <span class='ocrx_word' id='word_1_741' title='bbox 3922 4129 3981 4179; x_wconf 75' lang='grc' dir='ltr'>τὸ</span> 
     </span>
    </p>
   </div>
   <div class='ocr_carea' id='block_1_98' title="bbox 2399 4220 3983 4297">
    <p class='ocr_par' dir='ltr' id='par_1_98' title="bbox 2399 4220 3983 4297">
     <span class='ocr_line' id='line_1_98' title="bbox 2399 4220 3983 4297; baseline -0.006 -17"><span class='ocrx_word' id='word_1_742' title='bbox 2399 4226 2495 4297; x_wconf 73' lang='grc' dir='ltr'><strong>μὲν</strong></span> <span class='ocrx_word' id='word_1_743' title='bbox 2527 4227 2582 4277; x_wconf 89' lang='lat' dir='ltr'><strong>tv</strong></span> <span class='ocrx_word' id='word_1_744' title='bbox 2606 4225 2743 4295; x_wconf 77' lang='grc' dir='ltr'>αὐτῇ</span> <span class='ocrx_word' id='word_1_745' title='bbox 2793 4223 3105 4293; x_wconf 78' lang='grc' dir='ltr'>ταραχῶδες</span> <span class='ocrx_word' id='word_1_746' title='bbox 3134 4224 3225 4275; x_wconf 77' lang='grc' dir='ltr'>καὶ</span> <span class='ocrx_word' id='word_1_747' title='bbox 3256 4221 3427 4293; x_wconf 77' lang='grc' dir='ltr'>τραχὺ</span> <span class='ocrx_word' id='word_1_748' title='bbox 3466 4220 3561 4273; x_wconf 81' lang='grc' dir='ltr'>καὶ</span> <span class='ocrx_word' id='word_1_749' title='bbox 3622 4220 3869 4273; x_wconf 76' lang='grc' dir='ltr'>ἄτακτον</span> <span class='ocrx_word' id='word_1_750' title='bbox 3897 4220 3983 4285; x_wconf 75' lang='grc' dir='ltr'><strong>ἐξ·</strong></span> 
     </span>
    </p>
   </div>
   <div class='ocr_carea' id='block_1_99' title="bbox 2396 4307 3983 4385">
    <p class='ocr_par' dir='ltr' id='par_1_99' title="bbox 2396 4307 3983 4385">
     <span class='ocr_line' id='line_1_99' title="bbox 2396 4307 3983 4385; baseline -0.004 -19"><span class='ocrx_word' id='word_1_751' title='bbox 2396 4314 2732 4385; x_wconf 74' lang='grc' dir='ltr'>ομαλίζεταιο</span> <span class='ocrx_word' id='word_1_752' title='bbox 2780 4313 2840 4365; x_wconf 80' lang='grc' dir='ltr'>τὸ</span> <span class='ocrx_word' id='word_1_753' title='bbox 2892 4313 2949 4365; x_wconf 85' lang='grc' dir='ltr'>δὲ</span> <span class='ocrx_word' id='word_1_754' title='bbox 2974 4312 3174 4365; x_wconf 79' lang='grc' dir='ltr'>λυποῦν</span> <span class='ocrx_word' id='word_1_755' title='bbox 3221 4309 3603 4384; x_wconf 86' lang='grc' dir='ltr'>θεραπεύεται,</span> <span class='ocrx_word' id='word_1_756' title='bbox 3654 4307 3983 4378; x_wconf 80' lang='grc' dir='ltr'>ψαλλόντων</span> 
     </span>
    </p>
   </div>
   <div class='ocr_carea' id='block_1_100' title="bbox 2396 4400 3985 4477">
    <p class='ocr_par' dir='ltr' id='par_1_100' title="bbox 2396 4400 3985 4477">
     <span class='ocr_line' id='line_1_100' title="bbox 2396 4400 3985 4477; baseline -0.002 -20"><span class='ocrx_word' id='word_1_757' title='bbox 2396 4405 2573 4477; x_wconf 81' lang='grc' dir='ltr'>ήμῶν·</span> <span class='ocrx_word' id='word_1_758' title='bbox 2603 4406 2736 4460; x_wconf 81' lang='grc' dir='ltr'><strong>Ἵνα</strong></span> <span class='ocrx_word' id='word_1_759' title='bbox 2764 4406 2821 4458; x_wconf 84' lang='grc' dir='ltr'>τι</span> <span class='ocrx_word' id='word_1_760' title='bbox 2839 4405 3167 4472; x_wconf 76' lang='grc' dir='ltr'>περίλυπος</span> <span class='ocrx_word' id='word_1_761' title='bbox 3188 4400 3260 4469; x_wconf 81' lang='grc' dir='ltr'>εἶ,</span> <span class='ocrx_word' id='word_1_762' title='bbox 3289 4404 3328 4470; x_wconf 81' lang='grc' dir='ltr'><strong>ἠ</strong></span> <span class='ocrx_word' id='word_1_763' title='bbox 3364 4400 3531 4472; x_wconf 66' lang='grc' dir='ltr'>ψυχή</span> <span class='ocrx_word' id='word_1_764' title='bbox 3553 4418 3690 4471; x_wconf 80' lang='grc' dir='ltr'>μου,</span> <span class='ocrx_word' id='word_1_765' title='bbox 3738 4402 3847 4455; x_wconf 74' lang='grc' dir='ltr'>καὶ</span> <span class='ocrx_word' id='word_1_766' title='bbox 3882 4402 3985 4455; x_wconf 78' lang='grc' dir='ltr'><strong>ἵνα</strong></span> 
     </span>
    </p>
   </div>
   <div class='ocr_carea' id='block_1_101' title="bbox 2330 4492 3985 4587">
    <p class='ocr_par' dir='ltr' id='par_1_101' title="bbox 2330 4492 3985 4587">
     <span class='ocr_line' id='line_1_101' title="bbox 2330 4492 3985 4587; baseline -0.002 -38"><span class='ocrx_word' id='word_1_767' title='bbox 2330 4534 2373 4587; x_wconf 77' lang='lat' dir='ltr'><strong>D</strong></span> <span class='ocrx_word' id='word_1_768' title='bbox 2401 4498 2457 4550; x_wconf 83' lang='grc' dir='ltr'><strong>τί</strong></span> <span class='ocrx_word' id='word_1_769' title='bbox 2486 4497 2930 4567; x_wconf 78' lang='grc' dir='ltr'>συνταράσσεις</span> <span class='ocrx_word' id='word_1_770' title='bbox 2956 4513 3067 4567; x_wconf 67' lang='lat' dir='ltr'><strong>ys;</strong></span> <span class='ocrx_word' id='word_1_771' title='bbox 3098 4498 3207 4551; x_wconf 73' lang='grc' dir='ltr'><strong>Καὶ</strong></span> <span class='ocrx_word' id='word_1_772' title='bbox 3248 4495 3309 4587; x_wconf 84' lang='grc' dir='ltr'>τὸ</span> <span class='ocrx_word' id='word_1_773' title='bbox 3356 4495 3453 4587; x_wconf 75' lang='grc' dir='ltr'>μὲν</span> <span class='ocrx_word' id='word_1_774' title='bbox 3486 4492 3824 4587; x_wconf 73' lang='grc' dir='ltr'>ἐσφαλμένον</span> <span class='ocrx_word' id='word_1_775' title='bbox 3859 4496 3985 4547; x_wconf 74' lang='lat' dir='ltr'><strong>tm.-</strong></span> 
     </span>
    </p>
   </div>
   <div class='ocr_carea' id='block_1_102' title="bbox 2402 4583 3986 4657">
    <p class='ocr_par' dir='ltr' id='par_1_102' title="bbox 2402 4583 3986 4657">
     <span class='ocr_line' id='line_1_102' title="bbox 2402 4583 3986 4657; baseline -0.001 -17"><span class='ocrx_word' id='word_1_776' title='bbox 2402 4587 2664 4657; x_wconf 86' lang='grc' dir='ltr'>γνώσεται</span> <span class='ocrx_word' id='word_1_777' title='bbox 2705 4587 2953 4654; x_wconf 78' lang='grc' dir='ltr'>λέγουσα·</span> <span class='ocrx_word' id='word_1_778' title='bbox 2997 4588 3173 4657; x_wconf 81' lang='grc' dir='ltr'>Ἐμοῦ</span> <span class='ocrx_word' id='word_1_779' title='bbox 3200 4586 3269 4639; x_wconf 82' lang='grc' dir='ltr'><strong>δὲ</strong></span> <span class='ocrx_word' id='word_1_780' title='bbox 3294 4586 3451 4654; x_wconf 84' lang='grc' dir='ltr'>παρὰ</span> <span class='ocrx_word' id='word_1_781' title='bbox 3476 4583 3694 4654; x_wconf 78' lang='grc' dir='ltr'>μικρὸν</span> <span class='ocrx_word' id='word_1_782' title='bbox 3716 4584 3986 4639; x_wconf 68' lang='grc' dir='ltr'>ἐσαλεύ-</span> 
     </span>
    </p>
   </div>
   <div class='ocr_carea' id='block_1_103' title="bbox 2402 4673 3987 4747">
    <p class='ocr_par' dir='ltr' id='par_1_103' title="bbox 2402 4673 3987 4747">
     <span class='ocr_line' id='line_1_103' title="bbox 2402 4673 3987 4747; baseline -0.004 -15"><span class='ocrx_word' id='word_1_783' title='bbox 2402 4680 2600 4745; x_wconf 83' lang='grc' dir='ltr'>θησαν</span> <span class='ocrx_word' id='word_1_784' title='bbox 2623 4679 2677 4731; x_wconf 82' lang='grc' dir='ltr'>οι</span> <span class='ocrx_word' id='word_1_785' title='bbox 2701 4676 2899 4742; x_wconf 77' lang='grc' dir='ltr'>πόδες·</span> <span class='ocrx_word' id='word_1_786' title='bbox 2936 4678 2995 4731; x_wconf 86' lang='grc' dir='ltr'><strong>τὺ</strong></span> <span class='ocrx_word' id='word_1_787' title='bbox 3024 4677 3081 4730; x_wconf 82' lang='grc' dir='ltr'><strong>δὲ</strong></span> <span class='ocrx_word' id='word_1_788' title='bbox 3110 4675 3345 4747; x_wconf 76' lang='grc' dir='ltr'>φοϐηθὲν</span> <span class='ocrx_word' id='word_1_789' title='bbox 3378 4673 3673 4746; x_wconf 79' lang='grc' dir='ltr'>ὲπιρῤώσει</span> <span class='ocrx_word' id='word_1_790' title='bbox 3703 4676 3772 4745; x_wconf 83' lang='grc' dir='ltr'><strong>τῇ</strong></span> <span class='ocrx_word' id='word_1_791' title='bbox 3801 4674 3987 4728; x_wconf 77' lang='grc' dir='ltr'>ἐλπίδι</span> 
     </span>
    </p>
   </div>
   <div class='ocr_carea' id='block_1_104' title="bbox 2406 4763 3992 4837">
    <p class='ocr_par' dir='ltr' id='par_1_104' title="bbox 2406 4763 3992 4837">
     <span class='ocr_line' id='line_1_104' title="bbox 2406 4763 3992 4837; baseline -0.002 -17"><span class='ocrx_word' id='word_1_792' title='bbox 2406 4768 2464 4820; x_wconf 84' lang='lat' dir='ltr'><strong>tv</strong></span> <span class='ocrx_word' id='word_1_793' title='bbox 2488 4765 2566 4837; x_wconf 83' lang='grc' dir='ltr'>τῷ</span> <span class='ocrx_word' id='word_1_794' title='bbox 2591 4766 2785 4835; x_wconf 88' lang='grc' dir='ltr'>λέγειν·</span> <span class='ocrx_word' id='word_1_795' title='bbox 2819 4768 3031 4835; x_wconf 84' lang='grc' dir='ltr'>Κύριος</span> <span class='ocrx_word' id='word_1_796' title='bbox 3070 4766 3195 4835; x_wconf 78' lang='grc' dir='ltr'><strong>ἐμοὶ</strong></span> <span class='ocrx_word' id='word_1_797' title='bbox 3219 4764 3466 4832; x_wconf 80' lang='grc' dir='ltr'>βοηθὸς,</span> <span class='ocrx_word' id='word_1_798' title='bbox 3500 4763 3597 4817; x_wconf 78' lang='grc' dir='ltr'>καὶ</span> <span class='ocrx_word' id='word_1_799' title='bbox 3624 4765 3693 4818; x_wconf 87' lang='grc' dir='ltr'><strong>οὐ</strong></span> <span class='ocrx_word' id='word_1_800' title='bbox 3720 4766 3992 4833; x_wconf 74' lang='grc' dir='ltr'>φοϐηθή-</span> 
     </span>
    </p>
   </div>
   <div class='ocr_carea' id='block_1_105' title="bbox 2406 4856 3415 4927">
    <p class='ocr_par' dir='ltr' id='par_1_105' title="bbox 2406 4856 3415 4927">
     <span class='ocr_line' id='line_1_105' title="bbox 2406 4856 3415 4927; baseline -0.002 -16"><span class='ocrx_word' id='word_1_801' title='bbox 2406 4873 2583 4926; x_wconf 79' lang='grc' dir='ltr'>σομαι</span> <span class='ocrx_word' id='word_1_802' title='bbox 2608 4858 2663 4910; x_wconf 86' lang='grc' dir='ltr'><strong>τί</strong></span> <span class='ocrx_word' id='word_1_803' title='bbox 2690 4856 2928 4923; x_wconf 83' lang='grc' dir='ltr'>ποιήσει</span> <span class='ocrx_word' id='word_1_804' title='bbox 2957 4874 3058 4927; x_wconf 82' lang='grc' dir='ltr'><strong>μοι</strong></span> <span class='ocrx_word' id='word_1_805' title='bbox 3088 4858 3415 4924; x_wconf 80' lang='grc' dir='ltr'>ἅνθρωπος.</span> 
     </span>
    </p>
   </div>
   <div class='ocr_carea' id='block_1_106' title="bbox 2475 4959 3993 5035">
    <p class='ocr_par' dir='ltr' id='par_1_106' title="bbox 2475 4959 3993 5035">
     <span class='ocr_line' id='line_1_106' title="bbox 2475 4959 3993 5035; baseline 0 -20"><span class='ocrx_word' id='word_1_806' title='bbox 2475 4960 2575 5015; x_wconf 86' lang='grc' dir='ltr'>κθ¹.</span> <span class='ocrx_word' id='word_1_807' title='bbox 2612 4964 2675 5015; x_wconf 81' lang='lat' dir='ltr'><strong>Ol</strong></span> <span class='ocrx_word' id='word_1_808' title='bbox 2710 4963 2808 5035; x_wconf 88' lang='grc' dir='ltr'>μὲν</span> <span class='ocrx_word' id='word_1_809' title='bbox 2852 4959 2943 5017; x_wconf 83' lang='grc' dir='ltr'>οὖν</span> <span class='ocrx_word' id='word_1_810' title='bbox 2984 4965 3057 5035; x_wconf 82' lang='grc' dir='ltr'>μὴ</span> <span class='ocrx_word' id='word_1_811' title='bbox 3088 4962 3274 5016; x_wconf 82' lang='grc' dir='ltr'>τοῦτον</span> <span class='ocrx_word' id='word_1_812' title='bbox 3316 4963 3406 5016; x_wconf 80' lang='grc' dir='ltr'>τὸν</span> <span class='ocrx_word' id='word_1_813' title='bbox 3447 4962 3646 5035; x_wconf 88' lang='grc' dir='ltr'>τρόπον</span> <span class='ocrx_word' id='word_1_814' title='bbox 3704 4962 3993 5032; x_wconf 83' lang='grc' dir='ltr'>ἀναγινώ-</span> 
     </span>
    </p>
   </div>
   <div class='ocr_carea' id='block_1_107' title="bbox 2407 5050 3994 5123">
    <p class='ocr_par' dir='ltr' id='par_1_107' title="bbox 2407 5050 3994 5123">
     <span class='ocr_line' id='line_1_107' title="bbox 2407 5050 3994 5123; baseline 0.001 -19"><span class='ocrx_word' id='word_1_815' title='bbox 2407 5067 2624 5114; x_wconf 88' lang='grc' dir='ltr'>σκοντες</span> <span class='ocrx_word' id='word_1_816' title='bbox 2656 5051 2755 5115; x_wconf 86' lang='grc' dir='ltr'><strong>τὰς</strong></span> <span class='ocrx_word' id='word_1_817' title='bbox 2790 5052 2939 5116; x_wconf 86' lang='grc' dir='ltr'>θείας</span> <span class='ocrx_word' id='word_1_818' title='bbox 2961 5053 3101 5123; x_wconf 79' lang='grc' dir='ltr'><strong>ᾠδὰς</strong></span> <span class='ocrx_word' id='word_1_819' title='bbox 3129 5053 3188 5105; x_wconf 85' lang='grc' dir='ltr'><strong>ού</strong></span> <span class='ocrx_word' id='word_1_820' title='bbox 3246 5051 3476 5116; x_wconf 87' lang='grc' dir='ltr'>συνετῶς</span> <span class='ocrx_word' id='word_1_821' title='bbox 3509 5050 3831 5121; x_wconf 82' lang='grc' dir='ltr'>ψάλλουσιν,</span> <span class='ocrx_word' id='word_1_822' title='bbox 3872 5053 3994 5106; x_wconf 77' lang='grc' dir='ltr'><strong>ἀλλ’</strong></span> 
     </span>
    </p>
   </div>
   <div class='ocr_carea' id='block_1_108' title="bbox 2408 5144 3994 5218">
    <p class='ocr_par' dir='ltr' id='par_1_108' title="bbox 2408 5144 3994 5218">
     <span class='ocr_line' id='line_1_108' title="bbox 2408 5144 3994 5218; baseline 0.002 -21"><span class='ocrx_word' id='word_1_823' title='bbox 2408 5145 2632 5208; x_wconf 73' lang='grc' dir='ltr'>ἑαυτοὺς</span> <span class='ocrx_word' id='word_1_824' title='bbox 2662 5146 2759 5215; x_wconf 82' lang='grc' dir='ltr'><strong>μὲν</strong></span> <span class='ocrx_word' id='word_1_825' title='bbox 2789 5147 3101 5218; x_wconf 81' lang='grc' dir='ltr'>τέρπουσιν,</span> <span class='ocrx_word' id='word_1_826' title='bbox 3133 5146 3312 5217; x_wconf 80' lang='grc' dir='ltr'>έχουσι</span> <span class='ocrx_word' id='word_1_827' title='bbox 3336 5146 3393 5199; x_wconf 81' lang='grc' dir='ltr'><strong>δὲ</strong></span> <span class='ocrx_word' id='word_1_828' title='bbox 3451 5146 3677 5216; x_wconf 88' lang='grc' dir='ltr'>μέμψιν,</span> <span class='ocrx_word' id='word_1_829' title='bbox 3739 5145 3831 5198; x_wconf 85' lang='grc' dir='ltr'><strong>ὅτι</strong></span> <span class='ocrx_word' id='word_1_830' title='bbox 3861 5144 3994 5215; x_wconf 80' lang='grc' dir='ltr'><strong>Οὐχ</strong></span> 
     </span>
    </p>
   </div>
   <div class='ocr_carea' id='block_1_109' title="bbox 2407 5232 3996 5306">
    <p class='ocr_par' dir='ltr' id='par_1_109' title="bbox 2407 5232 3996 5306">
     <span class='ocr_line' id='line_1_109' title="bbox 2407 5232 3996 5306; baseline 0.002 -21"><span class='ocrx_word' id='word_1_831' title='bbox 2407 5234 2614 5303; x_wconf 84' lang='grc' dir='ltr'>ὡραῖος</span> <span class='ocrx_word' id='word_1_832' title='bbox 2643 5232 2810 5301; x_wconf 76' lang='grc' dir='ltr'>αἶνος</span> <span class='ocrx_word' id='word_1_833' title='bbox 2837 5238 2905 5288; x_wconf 82' lang='grc' dir='ltr'><strong>ἐν</strong></span> <span class='ocrx_word' id='word_1_834' title='bbox 2955 5238 3202 5306; x_wconf 83' lang='grc' dir='ltr'>στόματι</span> <span class='ocrx_word' id='word_1_835' title='bbox 3251 5236 3619 5305; x_wconf 70' lang='grc' dir='ltr'>ἁμαρτωλοῦο</span> <span class='ocrx_word' id='word_1_836' title='bbox 3666 5237 3719 5288; x_wconf 78' lang='lat' dir='ltr'><strong>oi</strong></span> <span class='ocrx_word' id='word_1_837' title='bbox 3749 5234 3813 5288; x_wconf 71' lang='grc' dir='ltr'>δὲ</span> <span class='ocrx_word' id='word_1_838' title='bbox 3845 5236 3996 5290; x_wconf 84' lang='grc' dir='ltr'>κατὰ</span> 
     </span>
    </p>
   </div>
   <div class='ocr_carea' id='block_1_110' title="bbox 2406 5323 3996 5397">
    <p class='ocr_par' dir='ltr' id='par_1_110' title="bbox 2406 5323 3996 5397">
     <span class='ocr_line' id='line_1_110' title="bbox 2406 5323 3996 5397; baseline 0.003 -22"><span class='ocrx_word' id='word_1_839' title='bbox 2406 5323 2497 5376; x_wconf 83' lang='grc' dir='ltr'><strong>τὸν</strong></span> <span class='ocrx_word' id='word_1_840' title='bbox 2523 5326 2913 5397; x_wconf 84' lang='grc' dir='ltr'>προειρημένον</span> <span class='ocrx_word' id='word_1_841' title='bbox 2941 5327 3137 5397; x_wconf 89' lang='grc' dir='ltr'>τρόπον</span> <span class='ocrx_word' id='word_1_842' title='bbox 3160 5326 3468 5395; x_wconf 81' lang='grc' dir='ltr'>ψάλλοντες,</span> <span class='ocrx_word' id='word_1_843' title='bbox 3499 5324 3637 5379; x_wconf 78' lang='grc' dir='ltr'>ὥστε</span> <span class='ocrx_word' id='word_1_844' title='bbox 3658 5324 3757 5395; x_wconf 82' lang='grc' dir='ltr'><strong>τὴν</strong></span> <span class='ocrx_word' id='word_1_845' title='bbox 3807 5326 3996 5395; x_wconf 75' lang='grc' dir='ltr'>μελῳ-</span> 
     </span>
    </p>
   </div>
   <div class='ocr_carea' id='block_1_111' title="bbox 2408 5414 4001 5490">
    <p class='ocr_par' dir='ltr' id='par_1_111' title="bbox 2408 5414 4001 5490">
     <span class='ocr_line' id='line_1_111' title="bbox 2408 5414 4001 5490; baseline 0.001 -23"><span class='ocrx_word' id='word_1_846' title='bbox 2408 5414 2524 5467; x_wconf 88' lang='grc' dir='ltr'>δίαν</span> <span class='ocrx_word' id='word_1_847' title='bbox 2542 5415 2650 5468; x_wconf 87' lang='grc' dir='ltr'>τῶν</span> <span class='ocrx_word' id='word_1_848' title='bbox 2680 5418 2936 5487; x_wconf 74' lang='grc' dir='ltr'>ῥημάτων</span> <span class='ocrx_word' id='word_1_849' title='bbox 2968 5421 3032 5471; x_wconf 81' lang='grc' dir='ltr'>ὲκ</span> <span class='ocrx_word' id='word_1_850' title='bbox 3060 5418 3153 5471; x_wconf 81' lang='grc' dir='ltr'><strong>τοῦ</strong></span> <span class='ocrx_word' id='word_1_851' title='bbox 3188 5418 3392 5490; x_wconf 75' lang='grc' dir='ltr'>ῥυθμοῦ</span> <span class='ocrx_word' id='word_1_852' title='bbox 3413 5419 3511 5488; x_wconf 80' lang='grc' dir='ltr'>τῆς</span> <span class='ocrx_word' id='word_1_853' title='bbox 3541 5416 3720 5489; x_wconf 76' lang='grc' dir='ltr'>ψυχῆς</span> <span class='ocrx_word' id='word_1_854' title='bbox 3756 5418 3866 5472; x_wconf 71' lang='grc' dir='ltr'>καὶ</span> <span class='ocrx_word' id='word_1_855' title='bbox 3896 5421 4001 5489; x_wconf 77' lang='grc' dir='ltr'>τῆς</span> 
     </span>
    </p>
   </div>
   <div class='ocr_carea' id='block_1_112' title="bbox 2409 5507 3999 5582">
    <p class='ocr_par' dir='ltr' id='par_1_112' title="bbox 2409 5507 3999 5582">
     <span class='ocr_line' id='line_1_112' title="bbox 2409 5507 3999 5582; baseline 0 -25"><span class='ocrx_word' id='word_1_856' title='bbox 2409 5508 2542 5575; x_wconf 88' lang='grc' dir='ltr'>πρὸς</span> <span class='ocrx_word' id='word_1_857' title='bbox 2568 5508 2628 5559; x_wconf 81' lang='grc' dir='ltr'>τὸ</span> <span class='ocrx_word' id='word_1_858' title='bbox 2657 5508 2870 5579; x_wconf 83' lang='grc' dir='ltr'>πνεῦμα</span> <span class='ocrx_word' id='word_1_859' title='bbox 2892 5510 3205 5580; x_wconf 85' lang='grc' dir='ltr'>συμφωνίας</span> <span class='ocrx_word' id='word_1_860' title='bbox 3229 5508 3650 5582; x_wconf 75' lang='grc' dir='ltr'>προσφέρεσθαι,</span> <span class='ocrx_word' id='word_1_861' title='bbox 3680 5508 3730 5559; x_wconf 74' lang='grc' dir='ltr'><strong>οι</strong></span> <span class='ocrx_word' id='word_1_862' title='bbox 3749 5507 3999 5561; x_wconf 70' lang='grc' dir='ltr'>τοιοῦτοι</span> 
     </span>
    </p>
   </div>
   <div class='ocr_carea' id='block_1_113' title="bbox 816 5595 2283 5687">
    <p class='ocr_par' dir='ltr' id='par_1_113' title="bbox 816 5595 2259 5687">
     <span class='ocr_line' id='line_1_113' title="bbox 816 5595 2259 5687; baseline 0.024 -56"><span class='ocrx_word' id='word_1_863' title='bbox 816 5601 875 5687; x_wconf 51' lang='lat' dir='ltr'><strong>sl</strong></span> <span class='ocrx_word' id='word_1_864' title='bbox 926 5596 1081 5687; x_wconf 50' lang='lat' dir='ltr'><strong>Jloan.</strong></span> <span class='ocrx_word' id='word_1_865' title='bbox 1133 5612 1298 5687; x_wconf 55' lang='lat' dir='ltr'><strong>XVILll,</strong></span> <span class='ocrx_word' id='word_1_866' title='bbox 1338 5595 1593 5687; x_wconf 46' lang='grc' dir='ltr'><strong>σξουνι</strong></span> <span class='ocrx_word' id='word_1_867' title='bbox 1628 5595 1868 5687; x_wconf 60' lang='lat' dir='ltr'><strong>Connu,</strong></span> <span class='ocrx_word' id='word_1_868' title='bbox 1902 5598 1985 5651; x_wconf 70' lang='lat'><strong>16.</strong></span> <span class='ocrx_word' id='word_1_869' title='bbox 2066 5602 2111 5633; x_wconf 78' lang='lat'>“</span> <span class='ocrx_word' id='word_1_870' title='bbox 2144 5603 2259 5666; x_wconf 77' lang='lat' dir='ltr'><strong>Jac.</strong></span> 
     </span>
    </p>
   </div>
   <div class='ocr_carea' id='block_1_114' title="bbox 2383 5595 3999 5687">
    <p class='ocr_par' dir='ltr' id='par_1_114' title="bbox 2383 5612 3999 5687">
     <span class='ocr_line' id='line_1_114' title="bbox 2383 5612 3999 5687; baseline 0.001 -21"><span class='ocrx_word' id='word_1_871' title='bbox 2383 5612 2455 5668; x_wconf 78' lang='lat' dir='ltr'><strong>I3.</strong></span> <span class='ocrx_word' id='word_1_872' title='bbox 2535 5617 2581 5647; x_wconf 79' lang='lat'>”</span> <span class='ocrx_word' id='word_1_873' title='bbox 2602 5615 2745 5673; x_wconf 88' lang='lat' dir='ltr'><strong>Psal.</strong></span> <span class='ocrx_word' id='word_1_874' title='bbox 2788 5634 2897 5685; x_wconf 78' lang='lat' dir='ltr'><strong>xu,</strong></span> <span class='ocrx_word' id='word_1_875' title='bbox 2930 5620 2981 5687; x_wconf 85' lang='lat'><strong>6,</strong></span> <span class='ocrx_word' id='word_1_876' title='bbox 3021 5616 3110 5683; x_wconf 76' lang='lat' dir='ltr'><strong>l2;</strong></span> <span class='ocrx_word' id='word_1_877' title='bbox 3144 5635 3274 5685; x_wconf 79' lang='lat' dir='ltr'><strong>mi,</strong></span> <span class='ocrx_word' id='word_1_878' title='bbox 3322 5619 3373 5673; x_wconf 85' lang='lat'><strong>5.</strong></span> <span class='ocrx_word' id='word_1_879' title='bbox 3450 5614 3661 5672; x_wconf 78' lang='lat' dir='ltr'><strong>&quot;Psal.</strong></span> <span class='ocrx_word' id='word_1_880' title='bbox 3695 5628 3886 5686; x_wconf 71' lang='lat' dir='ltr'><strong>usit,</strong></span> <span class='ocrx_word' id='word_1_881' title='bbox 3939 5614 3999 5668; x_wconf 72' lang='grc'><strong>2.</strong></span> 
     </span>
    </p>
   </div>
   <div class='ocr_carea' id='block_1_115' title="bbox 752 5664 1807 5732">
    <p class='ocr_par' dir='ltr' id='par_1_115' title="bbox 752 5664 1807 5732">
     <span class='ocr_line' id='line_1_115' title="bbox 752 5664 1807 5732; baseline 0.002 -11"><span class='ocrx_word' id='word_1_882' title='bbox 752 5670 794 5702; x_wconf 72' lang='grc' dir='ltr'>ι’</span> <span class='ocrx_word' id='word_1_883' title='bbox 837 5668 979 5723; x_wconf 88' lang='lat' dir='ltr'><strong>Psal.</strong></span> <span class='ocrx_word' id='word_1_884' title='bbox 1008 5683 1150 5721; x_wconf 77' lang='lat' dir='ltr'><strong>csvn</strong></span> <span class='ocrx_word' id='word_1_885' title='bbox 1173 5706 1186 5730; x_wconf 92' lang='lat'><strong>,</strong></span> <span class='ocrx_word' id='word_1_886' title='bbox 1213 5667 1265 5720; x_wconf 86' lang='lat'><strong>6.</strong></span> <span class='ocrx_word' id='word_1_887' title='bbox 1371 5668 1414 5699; x_wconf 84' lang='grc'><strong>³⁸</strong></span> <span class='ocrx_word' id='word_1_888' title='bbox 1439 5664 1601 5721; x_wconf 85' lang='lat' dir='ltr'><strong>Eccli.</strong></span> <span class='ocrx_word' id='word_1_889' title='bbox 1633 5683 1719 5732; x_wconf 76' lang='lat' dir='ltr'><strong>xv,</strong></span> <span class='ocrx_word' id='word_1_890' title='bbox 1756 5668 1807 5723; x_wconf 88' lang='lat'><strong>9.</strong></span> 
     </span>
    </p>
   </div>
   <div class='ocr_carea' id='block_1_116' title="bbox 823 5760 1536 5834">
    <p class='ocr_par' dir='ltr' id='par_1_116' title="bbox 823 5760 1536 5834">
     <span class='ocr_line' id='line_1_116' title="bbox 823 5760 1536 5834; baseline 0 -17"><span class='ocrx_word' id='word_1_891' title='bbox 823 5761 935 5827; x_wconf 88' lang='lat' dir='ltr'><strong>(l0)</strong></span> <span class='ocrx_word' id='word_1_892' title='bbox 973 5760 1234 5831; x_wconf 82' lang='grc' dir='ltr'>Εὑθυμία,</span> <span class='ocrx_word' id='word_1_893' title='bbox 1263 5761 1536 5834; x_wconf 87' lang='lat' dir='ltr'><strong>gaudium.</strong></span> 
     </span>
    </p>
   </div>
  </div>
