4074 6304
137 350 199 406 ιι
1246 349 1578 405 EPISTOLA
1619 350 1708 404 AD
1747 347 2261 404 MARCELLINUM.
3303 348 3372 403 42

139 467 387 537 ψάλλουσι
429 468 527 537 μὲν
559 471 626 540 τῇ
659 467 893 538 γλώσσῃ,
927 466 1213 535 ψάλλοντες
1238 468 1293 520 δὲ
1348 470 1439 519 καὶ
1489 466 1567 536 τῷ
1594 466 1694 529 νοῒ,

1823 464 1902 519 .ibi
1943 464 2142 521 solum.
2180 463 2271 517 sed
2322 461 2485 517 etiam
2540 462 2729 518 audire
2763 478 2858 519 eos
2895 460 3206 521 volentibus
3256 482 3343 521 ma

141 563 203 616 οὐ
238 563 387 632 μόνον
424 564 672 628 ἑαυτοὺς,
704 563 837 615 ἀλλὰ
871 565 962 616 καὶ
1020 563 1143 625 τοὺς
1194 560 1441 623 θέλοντας
1485 559 1702 613 ἀκούειν

145 652 324 707 αὐτῶν
352 652 600 722 μεγάλως
622 651 939 720 ὠφελοῦσιν.
978 652 1037 703 ’0
1064 650 1190 718 γοῦν
1228 651 1491 720 μακάριος
1521 650 1701 714 Δαϐὶδ,

145 744 307 807 οὕτως
340 744 697 813 καταψάλλων
728 744 820 795 τοῦ
851 742 1039 805 Σαοὺλ,
1086 742 1243 804 αὐτὸς
1302 740 1583 812 εὐηρέστει
1626 742 1705 812 τῷ

100 842 105 847 ⁷
146 834 277 904 Θεῷ,
311 834 404 886 καὶ
454 834 543 886 τὸν
597 833 830 905 τάραχον
882 834 975 886 καὶ
1028 832 1087 885 τὸ
1142 833 1366 902 μανικὸν
1411 832 1579 895 πάθος
1611 833 1705 885 τοῦ

147 926 312 979 Σαοὺλ
360 925 658 997 ἀπήλαυνε,
717 926 811 977 καὶ
880 924 1140 995 γαληνιᾷν
1174 924 1269 994 τὴν
1320 924 1495 995 ψυχὴν
1542 924 1705 977 αὑτοῦ

147 1016 570 1090 παρεσκεύαζεν.
600 1018 781 1080 Οὖτως
810 1020 855 1069 οἱ
923 1019 1086 1088 ἱερεῖς
1126 1017 1436 1086 ψάλλοντες,
1472 1021 1549 1083 εἰς
1578 1021 1709 1072 ἀτα-

151 1111 330 1183 ραξίαν
362 1111 462 1173 τάς
490 1110 663 1180 ψυχάς
711 1110 816 1162 τῶν
844 1110 987 1163 λαῶν
1031 1112 1123 1163 καὶ
1155 1114 1233 1173 εἰς
1259 1112 1511 1181 ὁμόνοιαν
1539 1112 1709 1175 αὑτὰς

146 1204 246 1257 τῶν
272 1206 329 1258 ἐν
356 1205 601 1275 οὐρανοῖς
638 1202 967 1275 χορευόντων
1012 1204 1459 1274 προσεκαλοῦντο.
1502 1205 1575 1257 Τὸ
1601 1204 1709 1275 ἄρα

150 1293 282 1363 μετὰ
309 1292 502 1363 μέλους
548 1292 799 1361 λέγεσθαι
840 1293 968 1358 τοὺς
1024 1292 1269 1363 ψαλμοὺς
1303 1294 1402 1345 οὐκ
1447 1292 1590 1347 ἔστιν
1624 1295 1712 1346 εὐ-

148 1385 346 1455 ςωνίας
378 1385 597 1456 σπουδὴ,
633 1382 767 1439 ἀλλὰ
797 1388 1094 1457 τεκμήριον
1133 1387 1231 1456 τῆς
1285 1388 1550 1457 ἁρμονίας
1602 1389 1710 1441 τῶν

147 1480 200 1529 ἐν
314 1477 460 1547 ψυχῇ
507 1476 802 1547 λογισμῶν.
832 1479 938 1530 Καὶ
987 1480 1021 1549 ὴ
1059 1478 1301 1549 ἐμμελὴς
1330 1480 1385 1532 δὲ
1408 1480 1711 1548 ἀνάγνωσις

148 1568 411 1639 σύμϐολόν
436 1572 549 1623 ἐστι
591 1570 691 1639 τῆς
742 1570 1014 1641 εὐρύθμου
1047 1572 1139 1624 καὶ
1183 1574 1513 1643 ἀχειμάστου
1549 1591 1715 1625 κατα-

149 1658 387 1720 στάσεως
408 1658 507 1729 τῆς
535 1659 788 1721 διανοίας.
818 1660 925 1713 Καὶ
976 1660 1083 1732 γὰρ
1125 1662 1185 1713 τὸ
1220 1666 1388 1715 αἰνεῖν
1439 1663 1529 1715 τὸν
1583 1662 1714 1716 Θεὸν

147 1752 200 1801 ἐν
224 1750 521 1822 κυμϐάλοις
541 1752 757 1821 εύήχοις
786 1754 876 1804 καὶ
903 1753 1099 1825 κιθάρᾳ
1131 1755 1223 1807 καὶ
1247 1756 1551 1827 δεκαχόρδῳ
1582 1756 1715 1824 ψαλ-

149 1843 337 1913 τηρίῳ,
371 1842 637 1913 σύμϐολον
659 1842 815 1895 πάλιν
832 1839 898 1913 ἦν
917 1846 1008 1896 καὶ
1035 1848 1359 1915 σημαντικὸν
1382 1848 1472 1901 τοῦ
1502 1852 1716 1916 συγκεῖ-
1747 1820 1790 1878 Β

153 1934 268 1987 σθαι
293 1938 394 2005 μὲν
427 1936 669 2005 νομίμως
702 1935 769 1988 τά
794 1935 926 2006 μέλη
974 1936 1067 1989 τοῦ
1105 1937 1352 2007 σώματος
1380 1940 1455 2003 ὡς
1498 1942 1713 2012 χορδὰς,

150 2029 268 2090 τοὺς
298 2028 353 2080 δὲ
389 2027 679 2097 λογισμοὺς
708 2028 806 2097 τῆς
835 2026 1013 2098 ψυχῆς
1035 2029 1109 2090 ὡς
1149 2029 1402 2100 κύμϐαλα
1448 2034 1713 2101 γίνεσθαι,

150 2122 236 2174 καὶ
268 2120 454 2173 λοιπὸν
488 2124 552 2192 τῇ
603 2121 707 2192 ἠχῇ
752 2123 845 2174 καὶ
898 2122 975 2193 τῷ
1011 2122 1238 2194 νεύματι
1286 2123 1377 2177 τοῦ
1414 2126 1719 2197 πνεύματος

150 2213 314 2267 ταῦτα
346 2214 521 2267 πάντα
549 2214 808 2267 κινεῖσθαι
844 2217 933 2267 καὶ
977 2214 1095 2286 ζῇν·
1146 2216 1310 2280 ὥστε,
1364 2219 1502 2272 κατὰ
1544 2220 1605 2271 τὸ
1628 2238 1720 2289 γε-

151 2304 484 2376 γραμμένον,
517 2304 597 2371 τῷ
625 2306 912 2374 πνεύματι
964 2306 1069 2359 τὸν
1098 2306 1408 2376 ἄνθρωπον
1440 2307 1545 2377 ζῇν
1581 2312 1717 2379 μὲν,

150 2398 243 2451 καὶ
273 2398 383 2462 τὰς
413 2397 656 2465 πράξεις
699 2398 804 2450 τοῦ
854 2398 1127 2467 σώματος
1189 2402 1503 2455 θανατοῦν.
1536 2402 1720 2468 Οὕτως

149 2488 252 2560 γάρ
281 2490 377 2540 καὶ¹
406 2488 583 2552 καλῶς
607 2488 821 2557 ψάλλων
868 2490 1121 2562 ῥυθμίζει
1174 2492 1272 2563 τὴν
1305 2494 1482 2563 ψυχὴν
1530 2495 1717 2561 αὑτοῦ,

149 2580 239 2634 καὶ
272 2579 461 2652 ὥσπερ
486 2578 544 2644 ἐξ
571 2580 885 2651 ἀνισότητος
911 2584 990 2645 εἰς
1021 2583 1239 2653 ἰσότητα
1283 2586 1424 2653 ἄγει·
1477 2584 1614 2638 ὥστε
1662 2588 1720 2639 ὲν

147 2670 224 2742 τῷ
262 2671 405 2725 κατά
439 2670 599 2740 φύσιν
639 2673 806 2743 αὐτὴν
832 2673 1122 2743 ἑστηκυῖαν
1173 2675 1247 2745 μὴ
1292 2677 1568 2730 πτοεῖσθαι
1616 2679 1721 2731 ὑπό

148 2776 310 2823 τινος,
344 2760 481 2814 ἀλλὰ
531 2764 624 2815 καὶ
682 2763 881 2832 μᾶλλον
921 2765 1278 2832 εύφαντάσιον
1330 2768 1594 2837 γίνεσθαι,
1630 2772 1722 2825 καὶ

153 2853 309 2905 πλέον
335 2853 503 2924 αὐτὴν
536 2854 834 2923 λαμϐάνειν
888 2856 1050 2910 πόθον
1088 2858 1196 2911 τῶν
1248 2860 1549 2931 μελλόντων
1581 2865 1722 2932 ἁγα-

153 2942 276 2997 θῶν.
302 2941 382 3012 Τῇ
405 2944 513 3014 γάρ
552 2944 658 2997 τῶν
693 2946 949 3017 ῥημάτων
999 2947 1234 3021 μελῳδίᾳ
1279 2952 1721 3027 συνδιατιθεμένη

154 3034 560 3091 ἐπιλανθάνεται
624 3038 731 3092 τῶν
798 3038 985 3093 παθῶν
1010 3081 1024 3106 ,
1100 3042 1195 3096 καὶ
1263 3044 1528 3114 χαίρουσα
1603 3046 1723 3116 βλέ-

156 3144 241 3179 πει
274 3129 414 3199 πρὸς
450 3128 540 3183 τὸν
582 3129 705 3185 νοῦν
744 3132 838 3186 τὸν
879 3135 937 3186 ὲν
986 3134 1234 3205 Χριστῷ,
1294 3136 1614 3211 λογιζομένη
1660 3142 1725 3196 τὰ
1753 3171 1796 3229 C

158 3220 421 3291 βέλτιστα.

218 3316 279 3369 λ’.
306 3316 401 3367 Δεῖ
432 3312 632 3380 τοίνυν,
671 3308 715 3367 ὦ
740 3313 948 3381 τέκνον,
990 3317 1097 3370 τῶν
1124 3318 1558 3389 ἐντυγχανόντων
1599 3322 1729 3376 ’ἐκα-

157 3422 274 3460 στον
292 3404 470 3479 ταύτῃ
512 3410 579 3478 τῇ
630 3406 793 3478 βίϐλῳ
832 3409 1177 3479 ἐντυγχάνειν
1233 3413 1331 3481 μὲν
1385 3414 1555 3467 ἆπασι
1593 3432 1727 3487 γνη-

154 3500 280 3561 σίως
300 3502 413 3563 τοῖς
441 3502 500 3551 έν
528 3500 663 3571 αὐτῇ
698 3499 1074 3564 θεοπνεύστοις
1128 3496 1283 3568 οὖσι,
1342 3504 1637 3575 λαμϐάνειν
1673 3507 1729 3560 δὲ

155 3592 339 3647 λοιπὸν
359 3595 456 3647 ἀπ’
481 3594 659 3649 αὐτῶν
703 3594 779 3659 ὡς
831 3597 896 3648 ὲκ
945 3596 1276 3667 παραδείσου
1325 3598 1551 3667 καρπῶν
1583 3598 1727 3667 ὠφε-

156 3684 319 3749 λείας.
374 3686 511 3759 πρὸς
567 3686 597 3739 δ
649 3686 748 3758 τὴν
796 3687 984 3758 χρείαν
1037 3688 1225 3742 ἑαυτὸν
1287 3688 1479 3759 ἔχοντα
1508 3691 1724 3762 συνορᾷ.

167 3778 327 3847 Ἦγοῦ
337 3797 435 3850 μαι
455 3779 564 3851 γὰρ
596 3779 654 3833 ἐν
678 3780 887 3845 τούτοις
908 3784 1020 3845 τοῖς
1045 3780 1223 3851 λόγοις
1248 3781 1345 3853 τῆς
1404 3781 1588 3851 βίϐλου
1638 3782 1727 3835 τὸν

160 3870 331 3925 πάντα
359 3871 473 3941 βίον
500 3872 606 3924 τῶν
631 3872 951 3944 ἀνθρώπων,
1002 3874 1099 3937 τάς
1156 3890 1214 3927 τε
1265 3873 1361 3944 τῆς
1400 3873 1575 3945 ψυχῆς
1623 3874 1731 3927 δια-

163 3959 351 4024 θέσεις,
386 3962 483 4014 καὶ
511 3961 579 4013 τὰ
611 3962 721 4013 τῶν
746 3962 1021 4033 λογισμῶν
1050 3964 1321 4034 κινήματα
1356 3963 1727 4035 μεμετρῆσθαι

166 4050 252 4103 καὶ
270 4049 638 4121 περιέχεσθαι’
676 4051 767 4103 καὶ
796 4050 960 4121 μηδὲν
982 4051 1141 4105 πλέον
1168 4052 1373 4105 τούτων
1421 4054 1478 4105 έν
1524 4051 1729 4123 ἀνθρώ-

166 4156 280 4208 ποις
299 4143 668 4214 εὑρίσκεσθαι.
693 4142 817 4198 Εἴτε
848 4143 957 4216 γὰρ
1002 4144 1283 4216 μετανοίας
1319 4145 1351 4216 ἦ
1408 4144 1730 4217 ἐξομολογή-

170 4248 296 4298 σῑως
330 4235 511 4307 χρεία,
567 4234 599 4306 ἢ
650 4233 827 4304 θλίψις
871 4237 964 4289 καὶ
1016 4236 1317 4307 πειρασμὸς
1348 4235 1726 4308 κατέλαϐεν,ῆ

166 4325 385 4398 ἰδιώχθη
412 4344 519 4391 τις.
577 4328 670 4381 καὶ
717 4326 750 4398 ἢ
803 4328 1279 4401 ἐπιϐουλευόμενος
1301 4329 1559 4401 ἐρῤύσθη,
1593 4332 1640 4383 εί
1672 4328 1728 4383 δὲ

170 4419 255 4472 καὶ
278 4420 573 4489 περίλυπός
598 4438 679 4483 τις
706 4421 928 4489 γέγονεν
969 4424 1063 4476 καὶ
1100 4424 1444 4493 ταράττεται,
1486 4424 1577 4476 καὶ
1625 4423 1730 4498 πά-

1806 572 1922 626 gnze
1974 564 2101 609 sunt
2149 555 2383 609 utilitati.
2444 554 2640 609 Beatus
2693 556 2855 624 igitur
2891 554 3079 619 David,
3132 573 3255 611 cum
3307 573 3372 613 eo

1809 648 1970 702 modo
2002 647 2151 702 Sauli
2181 648 2455 716 psalleret,
2490 662 2593 699 non
2629 647 2804 700 solum
2850 645 2960 702 Deo
2990 648 3252 717 placebat,
3278 649 3371 703 sed

1807 752 1860 795 et
1922 743 2386 813 perturbationem
2452 752 2506 796 ct
2560 740 2767 796 furoris
2808 744 3058 797 morbum
3094 759 3156 797 cx
3212 743 3376 798 Saule

1807 832 2071 902 abigebat,
2102 832 2432 902 parabatque
2463 832 2607 887 illius
2628 833 2823 887 animae
2846 835 3288 904 tranquillitatem
3308 836 3372 886 ”.

1810 922 1882 977 Ita
1923 939 2141 993 quoque
2186 924 2499 978 sacerdotes
2526 924 2654 977 dum
2699 924 3011 993 psallerent,
3046 926 3372 995 populorum

1811 1016 2022 1071 animos
2051 1018 2115 1071 ad
2142 1018 2584 1087 tranquillitatem
2601 1017 2938 1071 advocabant
2966 1027 3019 1071 ct
3049 1019 3112 1072 ad
3146 1033 3374 1073 concor-

1811 1109 1954 1163 diam
1988 1124 2111 1162 cum
2150 1110 2215 1164 iis
2256 1110 2346 1180 qui
2396 1110 2448 1162 in
2501 1109 2655 1163 caalis
2703 1110 2930 1163 choreas
2982 1119 3166 1178 agunt.
3220 1108 3376 1175 Quod

1813 1200 1994 1269 itaque
2038 1216 2162 1254 cum
2204 1200 2576 1255 modulatione
2621 1200 2813 1270 psalmi
2861 1201 3133 1268 dicantur,
3169 1201 3221 1255 id
3268 1216 3376 1255 non

1813 1292 1872 1345 tit
1907 1308 1970 1345 ex
1996 1293 2178 1346 suavis
2200 1302 2500 1346 concentus
2528 1292 2729 1354 studio,
2767 1293 2859 1347 sed
2890 1293 3103 1363 signum
3140 1302 3222 1347 cst
3249 1294 3378 1347 har-

1813 1383 2007 1437 monia:
2049 1383 2436 1452 cogitationum
2470 1385 2683 1440 animae.
2734 1382 3171 1455 llarmonicaqne
3221 1385 3380 1439 lectio

1814 1473 2074 1529 indicium
2107 1484 2190 1530 cst
2232 1476 2427 1529 anima:
2474 1486 2618 1529 recte
2653 1474 2969 1544 compositae
3021 1486 3185 1545 atque
3231 1486 3379 1530 tran-

1814 1569 2015 1638 quillaa.
2050 1567 2259 1622 Etenim
2286 1568 2455 1622 Deum
2486 1567 2706 1622 laudare
2747 1568 2800 1621 in
2837 1568 3100 1638 cymbalis
3130 1569 3266 1624 bene
3291 1584 3382 1623 so—

1816 1663 2092 1723 nantibus,
2126 1662 2177 1715 in
2230 1662 2441 1716 cithara
2486 1671 2539 1715 et
2594 1661 2936 1715 decachordo
2989 1660 3246 1731 psalterio
3296 1661 3383 1723 ".

1818 1765 2195 1826 argumentum
2237 1755 2368 1809 illud
2424 1766 2541 1810 erat
2602 1764 2656 1809 et
2718 1756 2931 1823 signum
2972 1754 3216 1807 membra
3264 1767 3386 1808 cor-

1818 1850 1985 1920 poris,
2019 1850 2191 1904 instar
2218 1850 2568 1913 chordarum,
2603 1849 2702 1902 ritc
2728 1846 3029 1917 composita
3057 1862 3200 1909 esse,
3235 1848 3383 1917 cogi-

1820 1941 2160 2010 tationesque
2196 1943 2392 1995 animae
2422 1942 2561 1996 sicut
2603 1940 2847 2011 cymbala
2892 1955 3033 2004 esse,
3066 1954 3130 1994 ac
3154 1939 3387 2009 denique

1819 2048 1976 2099 sono,
2032 2042 2085 2087 et
2115 2041 2249 2087 nutu
2295 2033 2520 2103 spiritus
2567 2031 2680 2088 hzec
2719 2031 2902 2087 omnia
2957 2032 3163 2087 moveri
3206 2041 3260 2087 et
3307 2031 3381 2085 vi-

1820 2139 1975 2191 vere;
2010 2139 2073 2178 ac
2107 2123 2353 2193 proinde,
2382 2124 2681 2178 secundum
2708 2122 2852 2193 quod
2893 2123 3155 2193 scriptum
3186 2135 3268 2178 est
3302 2125 3343 2155 "
3368 2163 3385 2186 ,

1819 2218 2008 2287 spiritu
2056 2217 2264 2287 quidem
2316 2218 2573 2271 hominem
2631 2219 2814 2282 virere,
2864 2227 2912 2271 et
2957 2217 3100 2287 facta
3154 2218 3386 2285 corporis

1821 2307 2160 2376 mortiﬁcare.
2197 2306 2559 2373 Quamobrem
2594 2308 2686 2377 qni
2722 2317 2865 2363 recte
2915 2309 3114 2378 psallit,
3149 2309 3386 2363 animam

1822 2416 1973 2455 suam
2002 2402 2296 2469 οοιιιροιιίι,
2322 2410 2373 2454 et
2416 2401 2573 2470 quasi
2610 2415 2675 2453 ex
2706 2399 3077 2470 inaaqualitate
3109 2399 3177 2454 ad
3207 2417 3389 2471 arqua—

1822 2492 2025 2546 litatem
2062 2491 2319 2556 adducit;
2352 2492 2423 2544 ita
2458 2500 2515 2545 ut
2565 2492 2861 2546 secundum
2914 2500 3166 2545 naturam
3201 2492 3389 2547 consi-

1822 2594 1971 2639 stens
2004 2600 2033 2637 a
2071 2584 2218 2638 nullo
2251 2593 2636 2654 perterreatur,
2675 2585 2805 2655 quin
2854 2586 3035 2656 potius
3087 2584 3391 2655 phantasiis

1825 2679 2117 2748 tranquilla
2168 2678 2379 2735 evadat.
2439 2688 2492 2732 et
2539 2679 2731 2747 majori
2765 2678 3073 2733 futurorum
3121 2678 3391 2734 desiderio

1823 2769 2111 2825 afﬁciatur.
2170 2767 2461 2825 Sacrorum
2516 2786 2753 2840 namque
2807 2772 3096 2825 verborum
3150 2771 3393 2826 modula-

1826 2865 1972 2919 tione
2020 2874 2167 2919 recte
2202 2865 2525 2935 composita,
2570 2866 2887 2935 passionum
2945 2883 3166 2921 suarum
3200 2866 3394 2921 oblivi-

1825 2957 2029 3017 scitur,
2060 2966 2113 3011 ct
2145 2956 2264 3011 laeta
2306 2957 2528 3025 respicit
2563 2958 2629 3010 ad
2674 2957 3006 3013 intellectum
3048 2974 3237 3014 eorum
3271 2975 3393 3031 qua:

1827 3054 1953 3102 sunt
1981 3047 2034 3101 in
2059 3045 2301 3113 Christo,
2332 3048 2533 3117 optima
2568 3064 2796 3119 quaeque
2830 3050 3093 3121 cogitans.

1898 3332 1984 3387 50.
2016 3330 2238 3401 Oportet
2264 3332 2449 3403 igitur,
2475 3348 2508 3387 ο
2532 3333 2605 3388 illi
2628 3374 2642 3399 ,
2667 3344 2726 3389 ut
2752 3336 3003 3405 quisquis
3024 3337 3169 3394 hunc
3192 3338 3391 3395 librum

1828 3425 1975 3493 legit,
2010 3424 2150 3494 legat
2185 3425 2403 3494 quidem
2450 3426 2662 3481 sincere
2711 3436 2765 3481 et
2794 3428 2964 3497 probo
2991 3430 3176 3484 animo
3209 3433 3395 3491 omnia

1830 3528 1949 3582 quae
1976 3513 2029 3566 in
2062 3511 2153 3566 illo
2185 3511 2469 3573 habentur,
2505 3521 2688 3583 utpote
2719 3514 2979 3572 divinitus
3010 3518 3292 3587 inspirata,
3329 3534 3395 3575 ac

1828 3604 2047 3658 domum
2088 3620 2151 3657 ex
2184 3604 2310 3669 illis,
2350 3605 2512 3660 veluti
2559 3621 2621 3661 ex
2658 3607 2799 3663 horti
2834 3608 3125 3675 fructibus,
3174 3628 3269 3668 eos
3301 3614 3369 3669 de

1828 3705 2013 3765 cerpat
2049 3712 2187 3765 quos
2226 3697 2329 3751 sibi
2379 3699 2540 3752 utiles
2585 3709 2637 3754 et
2688 3702 3110 3758 necessitatibus
3158 3706 3275 3760 suis
3304 3722 3367 3761 ac

1828 3787 2145 3841 commodos
2172 3801 2291 3841 esse
2334 3790 2691 3857 perspexerit.
2741 3787 3009 3846 Existimo
3055 3808 3291 3863 namque
3338 3794 3391 3848 in

1830 3878 2060 3948 hujusce
2098 3876 2219 3931 libri
2249 3877 2448 3942 verbis,
2494 3892 2711 3934 omnem
2754 3880 3049 3937 humanam
3079 3884 3245 3939 vitam
3278 3887 3397 3940 ani-

1830 3986 2039 4041 maeque
2070 3970 2403 4034 affectiones,
2457 3972 2955 4045 cogitationumque
3010 3986 3187 4032 motus
3222 3980 3395 4033 conti-

1830 4067 1946 4121 neri
1977 4075 2139 4135 atque
2166 4064 2422 4127 describi,
2468 4065 2710 4134 nihilque
2744 4067 2811 4121 iis
2847 4067 3079 4137 amplius
3116 4068 3170 4122 in
3214 4070 3392 4123 homi-

1830 4158 1990 4212 nibus
2025 4155 2272 4225 reperiri.
2315 4152 2449 4208 Nam
2490 4154 2603 4207 sive
2645 4156 2961 4224 pmnitentia
3014 4157 3127 4213 sive
3180 4157 3397 4215 confes-

1830 4250 1986 4304 sione
2021 4249 2092 4303 sit
2124 4264 2278 4317 opus,
2330 4247 2445 4301 sive
2481 4246 2757 4301 tribulatio
2800 4257 2894 4304 aut
2947 4250 3170 4306 tentatio
3207 4266 3397 4321 appre-

1832 4339 2098 4403 henderit,
2135 4340 2248 4394 sive
2294 4340 2417 4409 quis
2464 4338 2894 4409 persecutionem
2937 4355 3152 4409 passus,
3183 4341 3296 4397 sive
3327 4344 3398 4398 ah

1832 4431 2047 4487 insidiis
2076 4432 2358 4495 liberatus,
2396 4434 2509 4488 sive
2534 4441 2765 4487 mmstus
2801 4440 2895 4485 aut
2918 4432 3166 4489 turbatus
3186 4434 3276 4496 sit,
3303 4446 3399 4491 aut

172 4526 278 4580 σχει
303 4529 355 4565 τι
387 4511 649 4576 τοιοῦτον,
673 4506 783 4566 οἷον
811 4516 869 4566 ὲν
900 4517 1011 4577 τοῖς
1067 4514 1371 4585 ἔμπροσθεν
1403 4515 1636 4587 εἴρηται,
1694 4514 1723 4587 ἢ

1834 4523 2035 4593 aliquid
2080 4524 2390 4594 huiusmodi
2420 4526 2677 4595 patiatur,
2727 4524 3183 4594 quemadmodum
3232 4543 3397 4597 supe-

170 4604 255 4656 καὶ
292 4604 493 4675 συνορᾷ
516 4603 705 4657 ἑαυτὸν
754 4604 851 4674 μὲν
899 4607 1293 4677 προκόπτοντα,
1326 4607 1415 4659 τὸν
1452 4608 1509 4660 δὲ
1540 4606 1729 4678 ἐχθρὸν

172 4692 623 4765 καταργούμενον,
652 4693 683 4764 ἢ
721 4694 813 4747 καὶ
843 4696 1047 4750 αἰνέσαι
1076 4697 1168 4749 καὶ
1194 4699 1605 4770 εὐχαριστήσαι,
1638 4698 1731 4752 καὶ

174 4785 449 4858 εὐλογῆσαι
506 4787 749 4857 βούλεται
804 4789 894 4841 τὸν
940 4790 1160 4860 Κύριον,
1202 4791 1314 4861 ἔχει
1343 4792 1439 4862 τὴν
1481 4793 1731 4846 διδασκα-

174 4877 284 4932 λίαν
306 4880 510 4935 τούτων
547 4881 605 4933 ἐν
636 4885 746 4945 τοῖς
779 4880 943 4946 θείοις
973 4883 1225 4955 ψαλμοῖς.
1272 4884 1604 4955 Ἑκλεγέσθω
1624 4887 1731 4958 γὰρ

176 4971 236 5024 τὰ
261 4972 313 5026 Ν
335 4975 520 5037 αὐτοῖς
546 4974 672 5043 περὶ
698 4974 925 5028 ἑκάστου
957 4974 1159 5030 τούτων
1182 4978 1465 5049 εἰρημένα,
1504 4980 1596 5033 καὶ
1644 4978 1733 5033 οὗ·

179 5079 274 5127 τως
301 5066 374 5129 ὡς
406 5068 535 5137 περὶ
563 5065 753 5119 ἑαυτοῦ
784 5068 1139 5140 γεγραμμένα
1165 5070 1356 5138 λέγων,
1396 5071 1489 5123 καὶ
1517 5073 1732 5126 συνδια-

183 5152 441 5223 τιθέμενος
467 5158 581 5219 τοῖς
603 5159 1024 5227 γεγραμμένοις,
1057 5161 1317 5233 ἀναφέρει
1349 5160 1423 5231 τῷ
1454 5162 1659 5234 Κυρίῳ.

244 5242 337 5297 λα’.
368 5248 457 5318 Μὴ
489 5247 859 5318 περιϐαλλέτω
885 5251 1064 5320 μέντοι
1097 5270 1179 5315 τις
1208 5253 1346 5307 αὑτά
1398 5258 1506 5317 τοῖς
1536 5254 1732 5319 ἔξωθεν

190 5334 409 5401 πιθανοῖς
442 5341 670 5411 ρἡασι,
700 5341 832 5411 μηδὲ
861 5343 1164 5413 πειραζέτω
1205 5346 1303 5409 τὰς
1356 5346 1525 5413 λέξεις
1568 5365 1732 5418 μετα-

195 5430 393 5501 ποιεῖνῆ
436 5432 571 5496 ὅλως
602 5432 964 5489 ἐναλλάσσεινο
1018 5437 1132 5490 ἀλλ’
1161 5435 1331 5502 οὕτως
1384 5439 1619 5510 ἀτεχνῶς
1662 5440 1731 5492 τὰ

192 5521 525 5591 γεγραμμένα
556 5522 760 5590 λεγέτω
815 5524 908 5577 καλ⁷
944 5525 1210 5594 ψαλλέτω,
1272 5527 1460 5600 ὥσπερ
1497 5530 1729 5601 εἴρηται,

197 5605 316 5679 διὲρ
337 5612 420 5666 τοῦ
455 5616 547 5669 καὶ
595 5616 721 5679 τοὺς
752 5616 1171 5688 διακονήσαντας
1225 5619 1541 5692 ἀνθρώπους
1594 5622 1734 5675 αὐτὰ

258 5763 486 5839 ’lReg.
529 5788 619 5825 xv:
647 5811 662 5834 .
700 5770 791 5826 23.
897 5774 941 5806 ³⁸
994 5773 1136 5830 Psal.
1176 5790 1258 5843 cs,
1305 5776 1420 5833 '5-5.

407 5861 677 5924 Ρλτιιοι..
710 5862 827 5924 Gs.
869 5865 1126 5927 XXVII.

1834 4611 1947 4669 rius
1976 4614 2178 4669 dictum
2204 4624 2318 4681 est,
2358 4624 2451 4669 aut
2492 4616 2537 4669 si
2579 4614 2724 4669 videt
2767 4630 2825 4670 se
2864 4615 3079 4685 quidem
3112 4616 3396 4687 proﬁcere,

1834 4703 2043 4758 hostem
2089 4720 2218 4758 vero
2272 4705 2501 4769 destrui,
2556 4706 2671 4759 sive
2726 4704 2984 4769 laudare,
3029 4705 3144 4760 sive
3193 4706 3393 4775 gratias

1832 4814 2011 4867 agere,
2044 4799 2157 4853 sire
2188 4797 2418 4853 Domino
2462 4798 2782 4854 benedicere
2809 4799 2958 4862 velit,
3004 4799 3163 4855 habet
3204 4801 3397 4855 horum

1832 4891 2135 4947 doctrinam
2185 4891 2237 4945 in
2292 4891 2493 4947 divinis
2531 4891 2772 4961 psalmis.
2822 4888 2974 4946 Licet
3018 4892 3161 4947 enim
3216 4893 3290 4946 illi
3341 4892 3395 4947 in

1833 4982 2087 5054 singulis,
2135 4981 2278 5051 quod
2334 4982 2564 5038 voluerit
2606 4998 2673 5037 ex
2717 4982 3044 5053 supradictis
3088 4983 3308 5053 eligere,
3344 4992 3400 5039 et

1833 5075 1987 5144 quasi
2022 5074 2088 5129 de
2120 5089 2177 5129 se
2206 5074 2349 5129 dicta
2390 5084 2592 5139 essent,
2644 5090 2704 5129 ea
2747 5076 3012 5139 recitare;
3071 5091 3135 5133 ac
3177 5077 3398 5146 perinde

1834 5164 2083 5219 aﬂ‘ectnm
2107 5175 2268 5235 atque
2288 5167 2550 5236 scriptum
2589 5174 2694 5231 est,
2726 5181 2787 5221 ea
2818 5166 2933 5236 ipsa
2964 5167 3071 5222 Deo
3106 5167 3323 5223 referte.

1903 5254 1990 5308 δι.
2034 5253 2110 5310 Ne
2140 5256 2263 5326 quis
2299 5265 2479 5311 autem
2510 5271 2575 5311 ea
2603 5256 2883 5311 saecularis
2925 5258 3245 5327 eloquentiae
3275 5272 3400 5313 ver-

1832 5346 1917 5403 bis
1946 5361 2207 5402 exornare
2256 5348 2619 5419 aggrediatur,
2658 5364 2833 5420 neque
2866 5360 3089 5404 conetur
3125 5350 3396 5419 quispiam

1838 5439 1976 5493 dicta
2038 5449 2415 5508 transponere,
2469 5450 2561 5496 aut
2609 5440 2879 5497 ullatenus
2927 5441 3248 5508 immutare;
3301 5442 3394 5497 sed

1839 5532 1955 5584 sine
1996 5530 2106 5586 ullo
2146 5531 2399 5597 artiﬁcio,
2448 5542 2606 5601 prout
2630 5532 2773 5588 dicta
2818 5542 2968 5597 sunt,
2998 5547 3060 5587 ea
3102 5533 3311 5594 recitet,
3342 5542 3397 5586 et

1838 5622 2053 5693 psallat,
2086 5633 2143 5678 ut
2181 5626 2354 5680 sancti
2384 5625 2505 5690 viri,
2535 5624 2627 5695 qui
2666 5639 2730 5681 ea
2781 5624 2897 5696 ipsa
2932 5624 3107 5694 nobis,
3144 5632 3201 5681 ut
3233 5622 3399 5677 mini-

1517 5776 1559 5809 “
1620 5774 1779 5831 Rom.
1828 5791 1956 5841 vni,
2012 5777 2099 5833 15.
