4074 6304
733 335 806 388 ιδ
1582 338 1640 391 S.
1681 337 2046 395 ATIIANASII
2083 340 2236 397 OPP.
2277 341 2456 396 PARS
2490 341 2577 398 ill.
2619 373 2690 383 —
2727 344 3134 404 EXEGETICA.
3863 355 3924 410 u

730 452 851 514 atri,
901 447 1185 512 tradidere,
1232 463 1328 504 sua
1366 461 1721 518 agnoscentes
1765 455 1950 518 verba,
1998 455 2257 510 nobiscun

2383 458 2834 526 ἐπιγινώσκοντες
2858 461 2918 515 τὸ
2941 462 3143 516 ἑαυτῶν
3178 463 3526 533 συνεύχεσθαι
3557 466 3708 537 ἡμῖν’
3739 467 3923 537 μᾶλλον

729 552 913 610 orent;
943 542 1055 596 imo
1089 541 1267 612 potius
1303 550 1361 594 ut
1403 540 1658 611 Spiritus,
1687 545 1780 614 qui
1817 545 1870 599 in
1901 549 2102 602 sanctis
2130 548 2280 603 loeu-

726 641 814 686 tus
841 639 944 694 est,
990 629 1063 684 ibi
1107 630 1446 698 conspiciens
1488 632 1652 686 verba
1697 648 1793 688 sna
1838 634 1945 689 illis
1992 636 2274 706 inspirata,

723 721 884 776 nobis
913 720 1222 790 Opituletur.
1248 719 1458 786 Quanto
1489 723 1633 776 enim
1667 727 2009 792 praestantior
2043 738 2126 783 est
2151 745 2277 784 san-

2379 548 2434 601 δὲ
2469 549 2552 601 ἵνα
2576 551 2668 602 καὶ
2695 551 2756 603 τδ
2774 552 2994 623 Πνεῦμα
3022 554 3081 606 τὸ
3104 553 3336 624 λαλῆσαν
3371 557 3428 608 ὲν
3448 558 3560 611 τοῖς
3581 558 3774 625 ἀγίοις,
3801 560 3923 617 θεω-

2381 640 2507 712 ροῦν
2525 643 2650 704 τοὺς
2677 645 2806 714 παρ’
2828 643 2990 697 αὑτοῦ
3049 645 3238 713 λόγους
3275 647 3632 716 ὲνηχηθέντας
3687 651 3921 716 ἐκείνοις,

2379 733 2935 804 συναντιλαμϐἀνηται
2982 739 3132 806 ἡμῖν.
3188 737 3334 808 Ὀσῳ
3385 739 3493 809 γὰρ
3544 741 3652 793 τῶν
3702 740 3870 809 ἁγίων
3898 745 3925 796 6

723 823 936 869 ctorum
968 813 1077 866 vita
1097 812 1325 866 aliorum
1342 813 1467 878 vita,
1502 823 1652 869 tanto
1681 817 2060 874 excellentiora
2085 836 2257 876 eorun

2377 821 2488 891 βίος
2513 824 2730 893 βελτίων
2764 826 2869 878 τῶν
2896 825 3067 879 ἄλλων
3111 827 3248 890 ἐστὶ,
3279 828 3518 897 τοσούτῳ
3554 830 3646 882 καὶ
3683 831 3751 884 τὰ
3802 834 3920 905 παρ’

722 905 888 961 verba
931 903 1271 960 sermonibus
1324 905 1546 970 nostris,
1600 915 1760 974 atque
1794 905 2100 964 efﬁcaciora
2154 926 2257 967 ess:

2373 913 2549 967 αὐτῶν
2574 917 2790 986 ῥήματα
2819 916 2926 970 τῶν
2954 920 3078 988 παρ’
3095 919 3249 988 ἡμῶν
3272 920 3662 991 συντιθεμένων
3688 903 3922 993 βελτίονα

719 997 842 1067 jure
889 996 1013 1065 quis
1043 995 1259 1050 dixerit.
1310 994 1406 1051 His
1455 998 1597 1051 enim
1659 996 1769 1052 Deo
1815 999 2173 1068 placuerunt:
2221 1018 2257 1056 ei

2373 1007 2467 1060 καὶ
2507 1009 2827 1078 ἰσχυρότερα
2883 1008 2949 1062 ἀν
2997 1026 3081 1072 τις
3109 1011 3252 1063 είποι
3297 1011 3534 1076 δικαίως.
3581 1014 3668 1066 Ἐν
3720 1015 3923 1079 τούτοις

722 1088 835 1142 haec
862 1086 1119 1148 dicentes,
1155 1093 1213 1138 ut
1254 1084 1330 1138 ait
1357 1085 1648 1154 Apostolus
1689 1085 1731 1118 ³³
1759 1104 1772 1139 :
1825 1085 2066 1142 Vicerunt
2092 1105 2270 1157 regna,

720 1182 922 1251 operati
967 1190 1087 1235 sunt
1115 1179 1408 1248 justitiam,
1452 1181 1627 1248 adepti
1669 1190 1790 1233 sunt
1826 1182 2268 1250 repromissioues,

718 1275 1086 1327 obturaverunt
1103 1287 1196 1324 ora
1214 1270 1440 1333 leonum,
1459 1271 1818 1325 exstinxerunt
1835 1273 2084 1341 impetum
2111 1275 2266 1342 ignis,

715 1365 1010 1435 effugerunt
1043 1363 1206 1416 aciem
1243 1362 1430 1432 gladii,
1458 1363 1829 1416 convaluerunt
1847 1363 1910 1416 de
1937 1364 2267 1432 inﬁrmitate,

717 1458 878 1524 fortes
918 1455 1049 1525 facti
1088 1463 1208 1508 sunt
1249 1455 1302 1508 in
1347 1453 1501 1520 bello,
1545 1462 1722 1507 castra
1757 1465 2018 1508 verterunt
2056 1466 2264 1510 extero-

713 1564 850 1616 rum,
895 1555 1199 1618 acceperunt
1230 1547 1470 1601 mulieres
1511 1546 1575 1601 de
1619 1548 1990 1604 resurrectione
2030 1557 2263 1604 mortuos

713 1655 855 1693 suos.

779 1894 866 1949 52.
910 1894 1289 1964 Unusquisque
1331 1895 1491 1966 igitur
1531 1894 1643 1948 lucc
1677 1895 1789 1965 jam
1817 1897 2003 1952 dicens
2035 1898 2266 1953 confidat

709 1987 844 2052 fore,
889 1995 946 2041 ut
986 2003 1080 2058 per
1107 2002 1168 2042 ea
1210 1987 1350 2042 Deus
1399 1989 1760 2059 supplicantes
1803 1991 2086 2046 auditurus
2131 1992 2200 2047 sit
2247 2011 2260 2048 :

709 2079 822 2132 sive
856 2079 998 2132 enim
1035 2080 1338 2146 tribulatnr,
1367 2080 1456 2150 qui
1486 2081 1599 2135 hac
1624 2081 1772 2149 dicit,
1806 2097 2056 2152 magnam
2095 2086 2264 2153 perci-

706 2171 814 2240 piet
843 2171 895 2224 in
935 2171 1065 2240 ipsis
1093 2172 1555 2236 consolationem;
1589 2172 1701 2226 sive
1736 2181 1993 2238 tentatur,
2021 2183 2111 2230 aut
2145 2191 2264 2246 per-

705 2265 1031 2320 secutionem
1069 2265 1283 2333 patitur,
1307 2265 1398 2335 qui
1424 2265 1494 2319 ita
1519 2265 1715 2334 psallit,
1746 2267 2018 2336 probatior
2040 2283 2264 2338 appare-

707 2353 802 2417 bit,
830 2362 988 2424 atque
1015 2369 1044 2409 a
1076 2355 1300 2410 Domino
1322 2365 1649 2427 protegetur,
1676 2355 1768 2425 qui
1804 2357 1968 2411 etiam
1998 2358 2110 2413 haec
2142 2374 2264 2428 pro-

706 2445 963 2500 ferentem
1015 2445 1286 2510 defendit;
1338 2446 1426 2499 liis
1470 2445 1739 2500 diabolum
1792 2446 2016 2518 fng‘abit,
2066 2450 2264 2504 daemo-

705 2550 909 2606 nesque
947 2534 1063 2603 eius
1105 2534 1300 2606 abiget.
1346 2534 1469 2591 Haec
1513 2551 1674 2606 porro
1715 2538 1918 2605 dicens,
1960 2540 2006 2595 si
2046 2541 2260 2611 quidem

705 2626 1024 2697 peccaverit,
1053 2640 1172 2682 sese
1205 2625 1269 2681 ad
1299 2626 1555 2696 pudorem
1590 2636 1778 2696 vertet,
1809 2640 1969 2700 atque
2005 2635 2261 2702 peccandi

701 2717 862 2773 tinem
903 2715 1092 2782 faciet;
1138 2718 1182 2771 si
1223 2732 1328 2772 non
1375 2718 1692 2787 peccaverit,
1728 2733 1786 2772 se
1828 2721 2006 2775 laetum
2042 2724 2260 2792 conspi-

700 2810 824 2872 ciet.
854 2809 979 2879 quia
1001 2809 1068 2863 iis
1097 2824 1218 2878 quae
1235 2817 1357 2862 ante
1385 2817 1532 2870 sunt,
1555 2810 1881 2872 extenditur,
1910 2819 2074 2881 atque
2097 2827 2263 2883 oppu'

701 2908 896 2972 gnatus
919 2901 990 2954 ita
1013 2900 1342 2969 psalmorum
1375 2900 1426 2953 vi
1454 2900 1792 2968 praevalebit;
1820 2916 1927 2958 non
1955 2918 2261 2962 commove-

699 2989 846 3045 bitur
875 2999 1049 3045 autem
1079 2990 1131 3044 in
1159 2999 1417 3045 internum
1442 3005 1472 3045 a
1503 2993 1725 3046 veritate
1751 3010 1762 3044 :
1795 2993 1904 3048 imo
1926 2993 2256 3064 deceptores,

697 3092 752 3140 et
779 3084 871 3154 qui
899 3099 1024 3140 eum
1067 3084 1119 3138 in
1161 3097 1400 3138 errorem
1432 3082 1696 3138 deducere
1734 3085 2071 3152 tentaverint,
2099 3102 2255 3141 coar-

697 3184 856 3246 guet;
892 3185 945 3230 et
977 3175 1137 3243 hujus
1176 3175 1253 3228 rei
1288 3189 1518 3243 sponsor
1549 3190 1656 3229 non
1692 3175 1854 3232 homo
1878 3189 1980 3244 est,
2017 3181 2110 3235 sed
2138 3182 2251 3254 ipsa

696 3266 878 3323 divina
900 3264 1197 3336 Scriptura.
1221 3264 1360 3321 Deus
1380 3267 1522 3321 enim
1543 3270 1972 3346 praecepitMoysi
1990 3277 2051 3340 ³⁸,
2072 3285 2131 3331 ut
2152 3293 2259 3332 ma-

697 3373 853 3428 gnam
871 3354 1039 3411 Odam
1057 3357 1436 3423 conscriberet,
1453 3358 1774 3432 doceretque
1784 3367 2037 3434 populum
2062 3385 2074 3432 ;
2095 3381 2256 3439 atque

695 3463 842 3514 eum,
877 3446 968 3516 qui
1007 3445 1256 3514 princeps
1284 3449 1611 3504 constitutus
1639 3461 1802 3518 esset,
1829 3453 1983 3522 jubet
2019 3457 2255 3514 scribere

697 3533 1257 3599 Deuteronomium“,
1301 3543 1354 3589 et
1408 3535 1536 3591 illud
1577 3552 1684 3607 prae
1736 3543 1985 3598 manibus
2033 3545 2251 3613 habere,

698 3638 1015 3695 semperque
1059 3625 1177 3693 ejus
1210 3624 1373 3679 verba
1412 3627 1677 3692 meditari,
1708 3631 1905 3701 quippe
1938 3631 2253 3691 sufficientia

697 3724 824 3771 sunt
851 3725 961 3772 tum
993 3716 1059 3770 ad
1089 3716 1304 3772 virtutis
1335 3720 1832 3787 commonitionem,
1861 3731 1972 3777 tum
2002 3725 2068 3779 ad
2097 3741 2251 3794 opem

695 3806 765 3860 iis
793 3803 1102 3869 ferendam,
1131 3806 1224 3875 qui
1257 3807 1469 3862 sincero
1518 3810 1700 3865 animo
1744 3813 1983 3868 meditati
2030 3830 2092 3871 ea
2137 3815 2254 3873 fue-

694 3896 825 3952 rint.
871 3895 1178 3952 Sane-cum
1223 3896 1277 3949 in
1322 3905 1517 3951 terram
1564 3901 1935 3969 promissionis
1977 3905 2255 3977 ingressus

693 3995 776 4041 est
804 3983 961 4040 Jesus
992 3982 1156 4050 Nave,
1194 3987 1493 4056 conspectis
1521 3989 1754 4057 genlium
1786 3994 2002 4060 castris,
2035 3996 2253 4067 regibus

691 4074 1129 4130 Amorrltazorum
1155 4077 1406 4132 omnibus
1432 4078 1498 4132 ad
1523 4079 1716 4134 bellum
1746 4087 2105 4155 congregatis,
2139 4088 2252 4142 vice

693 4168 923 4221 telorum
979 4167 1381 4238 gladiorumque
1461 4171 1932 4231 Deuteronomium
1994 4179 2118 4249 legit
2183 4183 2249 4236 ad

692 4272 853 4314 aures
912 4259 1191 4323 omnium,
1222 4262 1489 4328 verbaque
1520 4260 1648 4330 legis
1703 4260 1755 4315 in
1809 4265 2117 4319 memoriam
2167 4282 2254 4322 re-

694 4350 990 4414 vocavit",
1038 4360 1197 4421 atque
1229 4366 1352 4405 cum
1400 4352 1466 4405 iis
1499 4354 1754 4421 populum
1800 4370 1896 4410 ceu
1940 4358 2106 4413 armis
2170 4359 2251 4414 in-

694 4441 1026 4506 struxisset,
1088 4441 1334 4496 inimicos
1400 4445 1687 4512 superavit.
1754 4444 1866 4500 Rex
1928 4457 2104 4502 autem
2158 4448 2250 4504 Jo-

694 4534 838 4596 sias,
892 4533 1112 4588 invento
1167 4533 1325 4599 libro,
1380 4544 1433 4589 et
1464 4535 1528 4588 ad
1575 4537 1812 4591 omnium
1871 4555 2028 4594 aures
2076 4542 2246 4609 perie-

690 4634 781 4679 cto
800 4624 864 4692 ³⁶,
900 4640 1008 4680 non
1035 4627 1169 4679 ultra
1197 4626 1440 4682 inimicos
1466 4626 1847 4682 reformidavit.
1874 4631 1935 4683 Et
1959 4632 2002 4684 si
2034 4638 2248 4700 quando

694 4717 893 4773 bellum
919 4720 1116 4788 pepqu
1154 4720 1448 4790 ingrueret,
1481 4735 1626 4784 arca,
1661 4736 1778 4790 quae
1807 4723 1938 4792 legis
1975 4726 2246 4780 volumina

695 4809 1025 4876 continebat,
1061 4825 1248 4865 omnes
1284 4813 1635 4881 praecedebat,
1665 4820 1719 4867 et
1755 4814 1806 4868 id
1846 4817 1952 4870 illis
1990 4833 2140 4890 teque
2180 4821 2245 4874 ad

695 4899 992 4954 subsidium
1023 4900 1336 4964 sufﬁciebat,
1369 4916 1434 4957 ac
1463 4903 1712 4972 quaelibet
1737 4905 1897 4972 acies,
1935 4907 2038 4961 nisi
2077 4911 2248 4978 quod-

692 4990 819 5044 dam
876 4990 1010 5044 inter
1056 4991 1265 5058 baiulos
1312 4993 1448 5064 ejus-
1477 5001 1570 5047 aut
1617 4994 1756 5050 inter
1805 4999 2060 5068 pOpulum
2105 5010 2247 5056 esset

693 5091 996 5149 peccatum,
1061 5091 1152 5136 aut
1207 5083 1525 5155 hypocrisis,
1569 5102 1688 5156 qum
1741 5089 2072 5157 przevaleret.
2118 5092 2246 5148 Fide

692 5186 927 5241 namque
970 5180 1024 5227 et
1061 5175 1228 5243 probo
1269 5175 1589 5247 sinceroque
1632 5178 1824 5234 aﬂ‘ectu
1872 5192 1952 5236 est
1993 5197 2152 5253 opus,
2189 5196 2248 5242 ut

693 5262 774 5317 lex
809 5263 864 5318 in
897 5263 982 5331 iis,
1013 5281 1135 5336 quae
1165 5266 1219 5320 in
1249 5269 1388 5324 votis
1419 5279 1562 5336 sunt,
1597 5270 1933 5342 sull‘ragetnr.

763 5354 852 5409 33.
892 5354 1004 5426 Ego
1030 5365 1194 5423 certe,
1221 5358 1398 5415 aiebat
1419 5375 1602 5428 senex,
1628 5364 1810 5418 audivi
1840 5380 1870 5418 a
1897 5367 2248 5435 prudentibus

692 5445 842 5512 viris,
882 5449 1026 5517 quod
1062 5448 1188 5505 olim
1229 5450 1283 5506 in
1317 5448 1512 5507 lsraele
1568 5454 1681 5509 sola
1734 5454 2134 5527 Scripturarum
2175 5465 2250 5518 le-

788 5643 834 5680 3‘
874 5643 1033 5698 Hebr.
1075 5662 1160 5714 XI,
1218 5649 1396 5705 33~55.

1512 5652 1735 5708 “Dent.
1784 5673 1932 5729 uxr,
1989 5663 2071 5720 l9.

718 5728 849 5779 xm,
882 5716 968 5769 8-1
986 5716 1024 5771 i.

2179 5669 2220 5701 ³⁵
2252 5669 2406 5729 Deut.
2473 5691 2606 5742 xm,
2670 5679 2753 5734 l8.
2830 5681 2875 5713 ³⁵
2920 5681 3084 5742 Josuc
3117 5700 3234 5754 vin,
3267 5686 3358 5756 δι,
3383 5686 3471 5743 55.

2369 1097 2478 1168 γὰρ
2507 1099 2873 1170 εὑηρέστησαν
2903 1098 2982 1170 τῷ
3013 1099 3151 1170 Qui),
3181 1103 3274 1155 καὶ
3319 1104 3490 1157 ταῦτα
3541 1105 3808 1172 λέγοντες.
3851 1108 3921 1170 ὡς

2371 1185 2522 1243 εἶπεν
2552 1191 2580 1242 6
2640 1190 2976 1255 Ἀπόστολος·
3034 1194 3528 1263 Κατηγωνίσαντο
3581 1197 3917 1262 βασιλείας,

2367 1279 2717 1349 εἰργάσαντο
2768 1281 3177 1350 δικαιοσύνην,
3215 1283 3510 1354 ἐπέτυχον
3538 1287 3917 1356 ἐπαγγελιῶν,

2365 1370 2632 1438 ἔφραξαν
2683 1373 2948 1441 στόματα
3005 1376 3300 1438 λεόντων,
3355 1376 3618 1430 ἔσϐεσαν
3673 1378 3921 1446 δύναμιν

2366 1460 2574 1529 πυρὸς,
2604 1463 2828 1532 ἔφυγον
2850 1465 3113 1534 στόματα
3149 1467 3463 1534 μαχαίρας,
3486 1468 3920 1539 ἐνεδυναμώθη-

2364 1565 2485 1602 oar
2543 1550 2659 1604 ἀπὸ
2727 1552 3072 1620 ἀσθενείας,
3136 1555 3507 1623 ἐγενήθησαν
3561 1560 3795 1628 ἰσχυροὶ
3855 1563 3920 1613 ἐν

2363 1639 2621 1709 πολέμῳ,
2671 1644 3048 1712 παρεμϐολὰς
3091 1645 3338 1700 ἔκλιναν
3377 1648 3726 1717 ἀλλοτρίων,
3782 1654 3916 1706 ἐλα-

2364 1734 2471 1786 εον
2539 1733 2815 1802 γυναῖκες
2873 1735 2940 1798 ἐξ
3007 1735 3393 1802 ἀναστάσεως
3459 1738 3601 1805 τοὺς
3673 1743 3922 1810 νεκροὺς

2291 1811 2331 1867 Β
2360 1823 2575 1879 αὐτῶν.

2432 1916 2528 1986 λβ’.
2576 1917 2781 1971 Οὑκοῦν
2842 1919 2933 1973 καὶ
2967 1918 3058 1972 νῦν
3110 1918 3282 1973 ταῦτα
3324 1920 3497 1988 λέγων
3524 1922 3750 1986 ἕκαστος
3781 1924 3920 1980 ἔστω

2362 2009 2595 2082 θαρῤῶν,
2623 2013 2704 2064 ὅτι
2729 2011 2795 2064 δι’
2829 2011 3005 2066 αὑτῶν
3049 2013 3258 2082 ταχέως
3296 2015 3324 2066 6
3371 2013 3502 2078 Θεὸς
3558 2016 3917 2070 ἐπακούσεται

2360 2108 2471 2168 τοῖς
2501 2106 2791 2176 δεομένοις·
2821 2106 2930 2160 εἴτε
2975 2107 3082 2178 γὰρ
3111 2107 3345 2161 θλίϐεται
3399 2109 3569 2178 λέγων
3605 2111 3792 2175 ταῦτα,
3829 2129 3918 2182 με·

2362 2197 2531 2267 γάλην
2563 2197 2749 2267 ὄψεται
2783 2198 2879 2270 τὴν
2906 2199 2963 2252 ὲν
2988 2200 3169 2264 αὑτοῖς
3197 2200 3558 2271 παράκλησιν·
3595 2202 3703 2255 εἴτε
3737 2204 3919 2275 πειρὰ-

2361 2289 2509 2353 ζεται
2538 2290 2630 2342 καὶ
2654 2288 2903 2344 διώκεται
2930 2290 3143 2360 ψάλλων
3172 2290 3364 2355 οὑτως,
3393 2291 3753 2363 δοκιμώτερος
3786 2294 3916 2348 ἀνα-

2361 2383 2675 2451 φανήσεται,
2710 2382 2802 2433 καὶ
2833 2382 3261 2452 σκεπασθήσεται
3285 2383 3433 2455 παρὰ
3455 2385 3547 2438 τοῦ
3572 2386 3796 2456 Κυρίου,
3824 2386 3914 2439 τοῦ

2360 2475 2454 2527 καὶ
2487 2472 2576 2526 τὸν
2605 2473 2823 2526 εἰπόντα
2852 2471 3022 2527 ταῦτα
3067 2472 3452 2537 σκεπάσαντος·
3485 2476 3542 2527 ὲν
3583 2476 3789 2539 τούτοις
3826 2476 3919 2530 τὸν

2362 2567 2459 2636 μὲν
2490 2564 2730 2620 διάϐολον
2759 2565 3069 2637 ἀνατρέψει,
3099 2567 3225 2630 τοὺς
3252 2566 3308 2618 δὲ
3355 2565 3608 2637 δαίμονας
3640 2568 3803 2621 αὑτοῦ
3830 2585 3915 2621 σο-

2360 2658 2536 2728 ϐήσει.
2573 2657 2755 2712 Ταῦτα
2797 2656 2966 2726 λέγων
2999 2659 3047 2710 εί
3079 2657 3176 2728 μὲν
3205 2659 3466 2728 ἥμαρτεν,
3520 2660 3709 2714 ἑαυτὸν
3745 2660 3920 2730 ἐντρέ-

2357 2747 2447 2816 ψει
2481 2749 2574 2801 καὶ
2605 2747 2890 2802 παύσεται·
2928 2749 2974 2800 εί
3006 2749 3062 2802 δὲ
3096 2749 3169 2820 μὴ
3218 2750 3484 2821 ἥμαρτεν,
3512 2750 3698 2818 ὄψεται
3727 2751 3918 2804 ἑαυτὸν

2359 2839 2637 2911 χαίροντα,
2671 2841 2750 2893 ὅτι
2790 2843 2900 2903 τοῖς
2939 2842 3034 2910 μὲν
3067 2839 3373 2910 ἔμπροσθεν
3405 2842 3798 2906 ἐπεκτείνεται,
3824 2843 3917 2908 καὶ

2357 2931 2751 3002 ἀγωνιζόμενος
2780 2933 2878 3002 μὲν
2905 2931 3109 3001 ἰσχύσει
3136 2932 3350 3001 ψάλλων
3394 2932 3587 2997 οὑτως,
3619 2934 3679 2986 οὑ
3727 2933 3920 2988 σαλευ-

2358 3022 2574 3092 θήσεται
2599 3019 2654 3072 δὲ
2687 3021 2765 3082 εις
2791 3020 2882 3072 τὸν
2934 3019 3105 3073 αίῶνα
3165 3020 3271 3074 ἀπὸ
3310 3021 3407 3090 τῆς
3447 3021 3720 3090 ἀληθείας,
3781 3021 3918 3075 ἀλλὰ

2359 3111 2451 3164 καὶ
2509 3110 2634 3174 τοὺς
2694 3109 3015 3174 ἀπατῶντας
3088 3112 3182 3164 καὶ
3234 3110 3442 3182 πλανᾷν
3512 3111 3920 3182 ἐπιχειροῦντας

2356 3200 2579 3269 ἐλέγξει·
2613 3201 2706 3253 καὶ
2753 3199 2936 3253 τούτου
2985 3201 3086 3254 οὑκ
3130 3200 3412 3273 ἄνθρωπος
3462 3203 3751 3274 ἐγγυητὴς,
3801 3202 3919 3256 ἀλλ’

2353 3293 2489 3363 αὑτὴ
2519 3294 2551 3362 ἡ
2584 3292 2704 3346 θεία
2748 3293 2954 3361 γίνεται
2982 3293 3192 3363 Γραφή.
3234 3293 3292 3344 '0
3314 3294 3421 3364 γὰρ
3466 3294 3594 3356 Θεὸς
3618 3294 3921 3347 ἐνετείλατο

2353 3381 2431 3451 τῷ
2462 3383 2665 3452 Μωῦσῇ
2701 3381 2906 3453 γράψαι
2934 3381 3031 3453 τὴν
3068 3384 3308 3454 μεγάλην
3357 3384 3528 3454 ᾩδὴν,
3578 3385 3671 3437 καὶ
3710 3384 3920 3450 διδάξαι

2351 3473 2443 3525 τὸν
2473 3472 2618 3525 λαόν·
2646 3473 2738 3526 τόν
2770 3490 2826 3525 τε
2854 3473 3246 3545 καθιστάμενον
3271 3476 3503 3546 ἄρχοντα
3539 3474 3745 3529 κελεύει
3779 3478 3918 3548 γρά-

2350 3564 2447 3633 ψαι
2484 3565 2544 3616 τὸ
2565 3565 2997 3636 Δευτερονόμιον,
3026 3565 3168 3636 ἔχειν
3209 3583 3270 3618 τε
3311 3566 3467 3619 τοῦτο
3515 3567 3652 3637 μετὰ
3704 3571 3916 3637 χεῖρας,

2352 3656 2444 3708 καὶ
2480 3655 2704 3725 μελεπᾷν
2728 3655 2813 3707 ἀεὶ
2844 3655 2911 3708 τὰ
2946 3658 3003 3709 ὲν
3035 3655 3182 3727 αὐτῷ
3214 3659 3452 3728 ῥήματα,
3497 3657 3572 3721 ὼς
3604 3658 3923 3730 ἀρκούντων

2352 3746 2458 3799 τῶν
2487 3747 2544 3799 ὲν
2573 3748 2751 3810 αὑτοῖς
2779 3745 2951 3814 λόγων
2981 3747 3114 3819 πρός
3149 3765 3209 3800 τε
3237 3749 3536 3820 ὑπόμνησιν
3567 3751 3789 3822 ἀρετῆς,
3820 3752 3919 3806 καὶ¹

2354 3836 2601 3909 βοήθειαν
2653 3837 2834 3909 φέρειν
2902 3841 3015 3902 τοῖς
3069 3840 3306 3911 γνησίως
3368 3841 3560 3904 αὑτοὺς
3597 3841 3920 3911 μελετῶσιν.

2367 3928 2578 4000 Ἀμέλει
2621 3929 2856 4000 ὁπηνίκα
2888 3931 2965 3993 εἰς
2992 3929 3089 3999 τὴν
3123 3931 3227 3999 γῆν
3276 3931 3523 4000 είσῆλθεν
3551 3935 3578 3985 6
3600 3932 3703 3985 τοῦ
3732 3933 3915 4004 Ναυῆ,

2354 4017 2564 4087 βλέπων
2588 4018 2685 4080 τὰς
2711 4017 2816 4073 τῶν
2836 4018 3045 4090 ἐχθρῶν
3072 4020 3362 4088 διατάξεις,
3397 4021 3492 4076 καὶ
3519 4023 3641 4086 τοὺς
3673 4023 3917 4092 βασιλεῖς

2351 4108 2458 4162 τῶν
2498 4108 2835 4180 Ἀμορραίων
2876 4111 3080 4174 πάντας
3121 4112 3468 4177 συνελθόντας
3532 4116 3611 4178 είς
3654 4114 3914 4185 πόλεμον,

2353 4197 2512 4260 αὐτὸς
2544 4197 2656 4250 ἀνθ’
2681 4199 2858 4253 ὃπλων
2883 4202 2975 4254 καὶ
3017 4200 3184 4270 ξιφῶν
3230 4204 3290 4257 τὸ
3332 4206 3743 4277 Δευτερονόμιον
3783 4208 3918 4263 ἀνα·

2352 4289 2512 4356 γνοὺς
2532 4291 2610 4352 είς
2631 4289 2699 4343 τὰ
2747 4285 2860 4345 ὦτα
2911 4293 3146 4358 πάντων,
3178 4295 3246 4350 τά
3269 4312 3329 4349 τε
3363 4298 3583 4367 ῥήματα
3624 4298 3716 4352 τοῦ
3743 4300 3913 4371 νόμον

2354 4379 2685 4450 ὑπομνήσας,
2740 4383 2831 4435 καὶ
2866 4383 3072 4448 τούτοις
3118 4385 3207 4439 τὸν
3249 4387 3374 4440 λαὸν
3434 4388 3784 4453 καθοπλίσας,
3812 4407 3915 4443 πε-

2275 4497 2325 4550 D
2353 4470 2594 4539 ριγέγονε
2644 4471 2750 4525 τῶν
2806 4473 3096 4545 πολεμίων.
3163 4478 3221 4530 '0
3253 4476 3310 4530 δὲ
3375 4476 3622 4547 βασιλεὺς
3681 4481 3910 4545 Ἰωσίας,

2353 4562 2661 4631 εὑρεθέντος
2692 4565 2784 4618 τοῦ
2815 4565 3035 4636 βιϐλίου,
3088 4570 3182 4622 καὶ
3219 4564 3647 4638 ἀναγνωσθέντος
3687 4574 3766 4636 είς
3813 4573 3914 4638 τὰς

2354 4651 2566 4704 πάντων
2591 4653 2776 4718 ἀκοὰς,
2805 4655 2985 4710 οὐκέτι
3004 4659 3130 4722 τοὺς
3161 4658 3387 4730 ἐχθροὺς
3414 4661 3677 4730 ἐφοϐεῖτο.
3710 4664 3820 4716 Καὶ
3860 4666 3919 4717 εί

2353 4761 2480 4796 ποτε
2515 4743 2569 4795 δὲ
2592 4744 2822 4818 πόλεμος
2859 4743 2925 4819 ἦν
2944 4749 3021 4819 τῷ
3060 4748 3191 4820 λαῷ,
3243 4754 3275 4822 ὴ
3335 4752 3560 4816 κιϐωτὸς
3612 4754 3807 4824 ἔχουσα
3842 4765 3916 4811 τὰ

2354 4834 2515 4898 πυξία
2567 4835 2660 4888 τοῦ
2706 4838 2867 4907 νόμου
2943 4840 3212 4911 προώδευε
3257 4843 3493 4908 πάντων,
3546 4845 3639 4898 καὶ
3691 4847 3916 4917 ἠρκεῖτο

2351 4925 2558 4989 τούτοις
2587 4927 2704 4980 ἀντὶ
2732 4929 2910 5000 πάσης
2942 4931 3295 5002 παρατάξεως
3323 4935 3404 4997 είς
3430 4934 3700 5005 βοήθειαν,
3749 4939 3799 4991 εί
3834 4941 3912 5009 μή

2352 5033 2434 5079 τις
2470 5012 2537 5086 ἦν
2601 5018 2749 5088 παρὰ
2806 5023 2915 5084 τοίς
2968 5020 3291 5090 βαστάζουσι
3347 5025 3440 5077 καὶ
3491 5028 3549 5079 ὲν
3605 5031 3716 5091 τοίς
3767 5027 3917 5092 hor;

2355 5109 2777 5178 προκρατήσασα
2807 5110 3048 5183 ἁμαρτία
3075 5115 3168 5166 καὶ
3198 5116 3500 5187 ὑπόκρισις.
3532 5118 3771 5191 Πίστεως
3804 5120 3918 5191 γὰρ

2354 5196 2448 5247 καὶ
2483 5198 2710 5266 γνησίας
2761 5199 3050 5266 διαθέσεως
3108 5205 3285 5276 χρεία,
3328 5205 3413 5258 ἵνα
3453 5208 3482 5260 6
3513 5207 3671 5278 νόμος
3721 5211 3801 5272 είς
3843 5209 3918 5263 τά

2355 5289 2472 5340 κατ’
2501 5288 2664 5360 εὐχὴν
2698 5292 3107 5364 συνεργάζηται.

2423 5378 2524 5446 λγ¹.
2579 5381 2719 5449 Ἐγὼ
2782 5384 2930 5451 γοῦν,
2994 5385 3189 5459 ἔλεγεν⁸
3222 5391 3250 5442 6
3310 5390 3505 5464 γέρων,
3560 5393 3767 5463 ἥκουσα
3815 5393 3916 5448 καὶ

2356 5472 2503 5542 παρὰ
2548 5474 2820 5544 φρονίμων
2864 5478 3090 5548 ἀνδρῶν,
3118 5480 3192 5545 ὡς
3229 5482 3336 5553 ἄρα
3365 5483 3426 5536 τὸ
3452 5483 3678 5538 παλαιὸν
3728 5487 3788 5538 ἐν
3833 5485 3916 5556 τῷ

3569 5685 3614 5720 ³ο
3645 5685 3712 5740 tv
3772 5685 3906 5759 Reg.
