4074 6304
156 367 213 422 ιδ
1032 358 1397 417 ADMONITIO
1438 358 1502 413 IN
1542 357 2037 416 EXPOSITIONES
2074 358 2518 415 PSALMORUM.
3282 359 3353 413 ιο

165 475 366 551 Ἰσραὴλ,
403 474 558 548 μόνον
590 474 1046 545 ἀναγινώσκοντες
1075 476 1171 539 τὰς
1196 475 1435 547 Γραφὰς,
1452 475 1670 528 ἐδίωκον
1698 484 1740 539 Α
1771 505 1774 520 ‹

1771 478 1950 533 ctione
1968 478 2242 533 daemones
2264 476 2544 547 fugabant,
2571 483 2626 530 et
2658 474 2884 532 insidias
2914 476 2981 530 ab
3005 475 3139 545 ipsis
3161 476 3351 531 adver-

152 572 395 642 δαίμονας,
437 568 528 622 καὶ
559 568 781 638 ὴλέξουν
809 570 907 633 τὰς
963 570 1092 639 παρ’
1115 568 1293 622 αὐτῶν
1321 571 1436 631 τοῖς
1476 566 1678 639 ἀνθρώ-

1782 585 1903 624 sum
1972 570 2215 625 homines
2264 581 2482 640 paratas
2535 570 2905 624 destruebant.
2964 570 3144 637 Quare
3202 570 3348 624 omni

152 681 254 729 ποις
280 661 553 732 γινομένας
617 660 926 724 ἑπιόουλάς.
961 664 1118 715 Ὅθεν
1163 663 1257 716 καὶ
1287 658 1679 728 καταγνώσεως

1780 661 2128 715 damnatione
2159 661 2354 731 dignos
2377 676 2499 717 esse
2530 661 2743 717 dicebat
2774 676 2870 717 eos
2902 662 3017 731 qui,
3065 662 3149 716 his
3182 661 3347 715 omis-

152 762 305 828 πάσης
330 758 502 824 ἀξίους
521 750 665 811 εἶναι
697 756 847 825 my:
878 758 1004 820 τοὺς
1039 756 1210 810 ταῦτα
1266 756 1361 827 μὲν
1400 755 1675 823 ἀφιέντας,

1783 752 1881 817 sis,
1930 753 2257 823 adscitisque
2300 753 2521 808 aliunde
2560 754 2738 807 verbis
2781 752 3141 821 elegantibus,
3182 754 3234 806 in
3285 753 3354 834 iis

153 847 457 911 συντιθέντας
503 846 563 900 δὲ
606 848 816 911 ἑαυτοῖς
845 846 1040 911 ἔξωθεν
1080 845 1278 899 πιθανά
1318 845 1554 916 ῥήματα,
1586 843 1679 896 καὶ⁹

1783 857 1903 898 sese
1931 842 2232 897 exorcistas
2258 846 2622 898 nominarent.
2654 842 2840 897 Potius
2869 843 3013 898 enim
3046 844 3258 907 luduut,
3291 860 3355 898 ac

150 943 200 995 ὲν
237 938 425 1001 τούτοις
458 938 778 1011 ὶξορκιστὰς
807 939 1028 1001 ἑαυτοὺς
1066 936 1446 1008 ὀνομάζοντας.
1465 935 1677 989 Μᾶλλον

1783 947 1842 988 se
1882 933 2221 989 daemonibus
2267 934 2523 989 ridendos
2557 934 2808 998 oﬂ'erunt,
2854 935 2997 990 sicut
3036 936 3232 991 accidit
3260 933 3356 992 Ju-

150 1033 240 1105 τάρ
262 1032 528 1098 παίζουσι,
580 1035 674 1087 καὶ
701 1034 1029 1103 παρέχουσιν
1069 1031 1291 1093 ἑαυτοὺς
1333 1030 1558 1092 ἐκείνοις
1598 1030 1677 1091 είς

1783 1024 1913 1080 diuis
1953 1026 2077 1080 liliis
2118 1024 2303 1081 Scevae
2322 1027 2389 1089 ³⁷,
2423 1026 2516 1096 qui
2568 1041 2634 1080 eo
2677 1026 2796 1095 ipso
2842 1026 3001 1080 modo
3041 1028 3355 1082 exorcizare

148 1124 571 1196 τδχλιυάζισθαιο
615 1121 703 1177 οἷα
761 1122 1089 1177 πεπόνθασιν
1147 1121 1385 1174 Ἰουδαῖοι
1428 1122 1476 1172 oi
1503 1120 1679 1173 Σκευᾶ

1782 1123 2150 1172 ιοηιανοτυιιι.
2199 1116 2323 1173 Haec
2354 1118 2535 1187 itaque
2562 1134 2685 1173 cum
2725 1118 2951 1172 audiunt
2976 1118 3041 1173 ab
3072 1119 3204 1188 ipsis
3243 1120 3353 1174 dae-

149 1218 253 1279 υίοὶ,
278 1218 714 1286 ἐπιχειρήσαντες
774 1214 869 1268 καὶ
918 1214 1069 1268 αὐτοὶ
1109 1213 1197 1266 τὸν
1240 1212 1438 1283 τρόπον
1492 1210 1677 1264 τοῦτον

1783 1224 1993 1272 moues,
2028 1211 2108 1265 eis
2150 1210 2415 1276 illuduut;
2452 1218 2641 1265 contra
2674 1226 2803 1266 vero
2844 1220 3150 1267 sanctorum
3190 1215 3355 1266 verba

149 1306 429 1381 ἐξορκίζειν.
490 1308 677 1361 Ταῦτα
719 1308 818 1377 μὲν
869 1305 978 1376 γὰρ
1042 1304 1330 1367 ἀκούοντες
1374 1302 1525 1373 παρὰ
1568 1302 1676 1354 τῶν

1782 1299 2159 1364 reformidant,
2194 1316 2293 1357 nec
2327 1309 2556 1371 possunt
2583 1316 2645 1355 ea
2681 1301 2971 1357 sustinere.
3011 1300 3067 1356 In
3107 1301 3355 1372 Scriptu-

148 1398 368 1452 τοιούτων
388 1400 439 1451 oi.
462 1399 713 1470 δαίμονες
744 1395 1012 1460 παίζουσιο
1049 1396 1116 1449 τά
1141 1396 1198 1449 δὲ
1232 1396 1340 1448 τῶν
1379 1396 1548 1463 ἁγίων
1584 1397 1678 1467 ρή-

1782 1407 1964 1446 rarum
1991 1409 2225 1464 namque
2252 1394 2432 1449 verbis
2454 1404 2537 1449 est
2567 1393 2847 1457 Dominus,
2872 1411 3032 1465 quem
3061 1411 3184 1449 cum
3217 1395 3358 1449 ferre

149 1508 273 1560 ματα
300 1490 603 1559 φοόοὖνται,
649 1490 807 1561 ἢκαὶ
854 1488 1040 1560 φέρειν
1099 1488 1238 1541 αὐτὰ
1289 1490 1347 1541 ού
1397 1487 1671 1541 δύνανται.

1782 1498 1890 1537 non
1922 1496 2163 1555 possent,
2190 1487 2498 1541 clamabant
2527 1506 2540 1541 :
2572 1486 2709 1555 Rogo
2733 1498 2778 1541 te
2806 1503 2866 1541 ne
2896 1503 2973 1539 me
3002 1496 3123 1540 ante
3158 1497 3355 1555 tempus

149 1584 280 1636 Ἔστι
304 1583 403 1655 γὰρ
442 1585 499 1635 ιν
531 1584 647 1645 τοῖς
688 1580 795 1634 τῶν
828 1579 1056 1650 Γραφῶν
1098 1581 1333 1649 ῥήμασιν
1360 1579 1390 1631 ὁ
1450 1578 1673 1648 Κύριος,

1784 1586 2025 1644 torqueas
2048 1576 2112 1631 ⁸⁸.
2179 1575 2485 1631 Urebautur
2537 1579 2804 1648 siquidem
2857 1593 2981 1633 cum
3034 1588 3356 1647 praesentem

145 1673 192 1725 ὃν
230 1674 296 1744 μή
325 1673 605 1743 δυνάμενοι
632 1673 814 1743 φέρειν
873 1668 1119 1742 ἔκραζον
1162 1669 1375 1739 Δέομαί
1422 1683 1558 1733 σου,
1590 1668 1676 1738 μή

1785 1666 2073 1723 Dominum
2132 1678 2342 1725 tantum
2395 1670 2670 1725 viderent.
2719 1672 2796 1726 lta
2843 1682 2896 1726 et
2936 1670 3137 1726 Paulus
3183 1672 3357 1741 impe-

146 1781 205 1827 με
220 1764 320 1833 πρὸ
346 1764 547 1833 καιροῦ
576 1763 949 1830 βασανίσῃς·
983 1763 1226 1816 ἐκαίοντο
1251 1762 1359 1833 γὰρ
1389 1763 1483 1815 καὶ
1520 1762 1679 1831 μόνον

1784 1762 1923 1814 ravit
1989 1761 2218 1831 impuris
2276 1763 2615 1818 daemonibus
2677 1763 2721 1795 ³⁸
2755 1803 2770 1828 ,
2836 1763 2909 1817 ita
2966 1773 3020 1818 et
3074 1763 3360 1834 discipulis

146 1855 397 1924 βλέποντες
421 1856 663 1928 παρόντα
689 1856 780 1909 τὸν
819 1856 1041 1928 Κύριον.
1071 1855 1257 1920 Οὖτως
1287 1857 1382 1910 καὶ
1404 1858 1432 1909 ὁ
1468 1856 1676 1918 Παῦλος
1707 1851 1747 1905 Β

1776 1851 2204 1921 subjiciebantur
2243 1853 2592 1909 das-monia“.
2625 1852 2690 1907 Et
2750 1868 2912 1923 super
2956 1852 3194 1909 Eliscum
3233 1869 3358 1925 pro-

148 1946 442 2017 παρήγγειλε
483 1950 596 2011 τοῖς
646 1947 976 2018 ἀκαθάρτοις
1028 1947 1547 2018 πνεύμασινοοῠτως
1582 1948 1676 2001 καὶ

1781 1945 1997 2014 pbctam
2038 1944 2177 2001 facta
2212 1956 2297 2001 est
2334 1962 2530 2003 manus
2567 1946 2780 2002 Domini
2805 1946 2873 2013 ",
2898 1962 3023 2002 cum
3061 1947 3235 2001 tribus
3273 1962 3359 2001 re-

143 2034 233 2097 τοῖς
277 2032 537 2105 μαθηταῖς
584 2036 918 2088 ύπετάσσετο
971 2035 1038 2089 τὰ
1078 2036 1348 2106 δαιμόνια.
1414 2037 1522 2090 Καὶ
1583 2037 1677 2088 ἐπὶ

1782 2036 1938 2105 gibus
1990 2038 2331 2106 prophetavit
2369 2039 2438 2094 de
2492 2041 2649 2110 aquis
2690 2057 2704 2095 :
2752 2040 2880 2095 dum
2920 2039 3128 2095 scilicet
3156 2040 3358 2111 psaltes

153 2128 420 2182 Ἐλισσαίου
473 2130 530 2183 δὲ
573 2128 669 2183 τοῦ
700 2131 975 2202 προφήτου
1019 2130 1231 2198 ἐγένετο
1277 2130 1396 2202 χεὶρ
1446 2129 1673 2203 Κυρίου,

1777 2127 1933 2198 juxta
1958 2129 2076 2197 ejus
2108 2131 2423 2184 mandatum
2454 2132 2724 2197 psalleret.
2761 2130 2967 2187 Eodem
2998 2132 3164 2187 modo
3190 2132 3356 2188 etiam

141 2219 220 2269 καὶ
242 2222 601 2291 προεφήτευσε
636 2221 766 2292 περὶ
806 2222 913 2273 τῶν
951 2220 1154 2274 ὑδάτων
1206 2224 1315 2283 τοῖς
1352 2222 1497 2289 τρισὶ⁸
1524 2220 1675 2290 βασι-

1783 2234 1928 2274 nunc
1957 2220 2004 2274 si
2034 2222 2157 2291 quis
2192 2223 2257 2276 de
2284 2223 2611 2291 patientibus
2636 2223 2902 2279 sollicitus
2936 2226 3026 2288 sit,
3058 2226 3161 2279 ista
3186 2225 3354 2290 dicat,

143 2308 315 2373 λιῦσιν,
366 2311 453 2363 ὅτε
490 2310 688 2380 ἔψαλλε
747 2314 867 2365 κατ’
898 2310 1117 2383 ἐντολὴν
1154 2311 1318 2365 αὐτοῦ
1371 2313 1399 2364 ὀ
1439 2311 1673 2380 ψάλλων.

1781 2313 2183 2384 patientemque
2226 2316 2380 2370 valde
2417 2316 2647 2385 juvabit,
2673 2330 2938 2386 suamque
2974 2316 3137 2372 tidem
3167 2332 3354 2372 veram

140 2400 296 2465 Οὕτως
324 2403 415 2456 καὶ
441 2400 557 2465 νῦν,
586 2404 641 2457 sl
664 2420 745 2466 τις
767 2402 986 2473 κήδεται
1012 2402 1119 2456 τῶν
1147 2404 1480 2473 πασχόντων,
1508 2404 1677 2457 ταῦτα

1782 2402 2102 2475 ﬁrmamque
2146 2406 2560 2476 comprobabit;
2600 2406 2735 2460 adeo
2782 2416 2840 2461 ut
2878 2406 3025 2461 illam
3084 2406 3227 2463 Deus
3272 2408 3356 2462 in-

140 2489 331 2557 λεγέτω,
360 2492 454 2545 καὶ
510 2492 709 2563 μᾶλλον
744 2493 832 2546 τόν
880 2510 940 2546 τε
1001 2494 1277 2564 πάσχοντα
1314 2494 1512 2565 ὠφελεῖ
1549 2495 1674 2562 (9‘),

1782 2505 1960 2564 tuens,
2003 2497 2299 2569 perfectam
2344 2500 2634 2555 sanitatem
2673 2498 2995 2571 rogantibus
3032 2499 3253 2555 tribuat.
3297 2497 3353 2553 id

139 2584 216 2635 καὶ
246 2583 427 2637 ἑαυτοῦ
455 2585 555 2656 τὴν
606 2586 789 2638 πίστιν
817 2585 990 2657 ἁληθῆ
1038 2585 1133 2639 καὶ
1171 2584 1392 2656 βεόαίαν
1416 2586 1675 2652 ἐπιδείξε-

1781 2601 1906 2641 cum
1943 2599 2296 2660 cognosceret
2338 2600 2559 2646 sanctus
2593 2590 2701 2656 ille,
2741 2590 2920 2645 aiebat
2961 2590 3016 2644 in
3056 2591 3357 2646 centesimo

138 2690 227 2727 ται·
259 2675 409 2739 ὥστε,
462 2677 559 2731 καί⁵
610 2677 814 2746 ταύτην
865 2677 1075 2748 ὁρῶντα
1117 2677 1227 2730 τὸν”
1273 2676 1428 2742 Θεὸν,
1466 2677 1674 2731 τελείαν

1780 2675 1991 2731 decimo
2039 2690 2232 2733 octavo
2273 2680 2485 2749 psalmo
2535 2698 2547 2732 :
2610 2677 2675 2732 In
2718 2678 3193 2747 justiﬁcationibus
3249 2681 3352 2735 tuis

139 2764 218 2835 τὴν
241 2766 530 2839 θεραπείαν
566 2770 868 2839 παρασχεῖν
892 2769 1004 2829 τοῖς
1030 2767 1322 2838 δεομένοις.
1370 2765 1540 2821 Τοῦτο
1567 2766 1674 2840 γὰρ

1781 2769 2095 2835 meditabor,
2142 2787 2243 2825 non
2282 2770 2561 2827 obliviscar
2591 2787 2849 2825 sermones
2896 2781 3011 2825 tuos
3027 2771 3093 2826 δ’.
3133 2770 3200 2827 Ει
3231 2787 3354 2827 rur-

140 2856 214 2907 καὶ
241 2859 266 2908 ὁ
302 2860 451 2925 ἅγιος
487 2857 793 2925 γινώσκων,
824 2856 1009 2925 ἔλεγεν
1062 2858 1120 2911 ἐν
1180 2858 1259 2929 τῷ
1315 2857 1671 2933 ριη¹ψαλμῷ·

1781 2875 1903 2915 sum
1944 2878 1957 2914 :
2000 2859 2300 2915 Cantabiles
2346 2861 2475 2914 mihi
2519 2869 2670 2916 erant
2704 2859 3112 2929 justiﬁcationes
3154 2871 3259 2916 tua
3297 2862 3352 2916 in

148 2944 231 3000 ἐγ
249 2947 364 3013 τοῖς
383 2947 741 3017 δικαιώμασί
794 2964 910 3003 σου
942 2948 1276 3019 μελετήσω,
1311 2953 1422 3005 οὐκ
1469 2949 1676 3015 ἐπιλή-

1780 2950 1895 3004 loco
1926 2954 2361 3022 peregrinationis
2391 2970 2517 3008 mea:
2534 2953 2600 3008 ".
2632 2954 2687 3007 In
2725 2954 2811 3009 bis
2830 2953 2974 3008 enim
3000 2953 3164 3008 etiam
3204 2954 3350 3010 salu-

137 3046 288 3100 σομαι
305 3034 420 3087 τῶν
450 3037 652 3105 λόγων
705 3051 841 3093 σου·
895 3040 987 3092 καὶ
1032 3039 1213 3095 πάλινο
1272 3039 1479 3095 Ψαλτὰ
1510 3036 1674 3109 ἦσάν

1780 3049 1888 3095 tem
1940 3043 2218 3097 consecuti
2258 3054 2405 3109 sunt,
2442 3043 2682 3098 dicentes
2727 3058 2741 3096 :
2781 3040 2904 3097 Nisi
2948 3042 3087 3113 quod
3126 3044 3209 3097 lea:
3258 3054 3351 3096 tua

133 3140 212 3189 μοι
230 3124 293 3177 τὰ
318 3124 676 3197 δικαιώματά
712 3145 826 3183 σου
880 3130 950 3182 ἐν
982 3131 1140 3197 τόπῳ
1181 3132 1491 3198 παροικίας
1530 3149 1669 3201 μου.
1708 3201 1738 3207 Α

1780 3134 2053 3189 meditatio
2089 3152 2204 3190 mea
2235 3145 2334 3203 est,
2366 3147 2489 3191 tunc
2518 3137 2653 3206 forte
2678 3138 2944 3207 periissem
2970 3137 3024 3190 in
3053 3136 3353 3191 humilitate

147 3213 218 3266 Ἐν
242 3216 435 3281 τούτοις
458 3219 571 3291 γὰρ
596 3220 688 3271 καὶ
718 3220 988 3292 σωτηρίαν
1025 3222 1332 3294 ἐκέρδαινον
1352 3265 1366 3288 ,
1402 3222 1667 3292 λέγοντες·
1699 3201 1741 3260 C

1779 3244 1895 3282 mea
1910 3228 1975 3283 “.
2022 3228 2171 3285 Unde
2197 3238 2251 3286 et
2278 3201 2478 3286 Paulus
2511 3201 2598 3285 bis
2633 3201 2763 3301 ipsis
2795 3229 3153 3286 con-firmabat
3184 3229 3352 3285 disci-

137 3308 192 3361 Εί
207 3308 282 3378 μὴ
309 3310 394 3364 ὅτι
426 3315 461 3365 ό
494 3312 682 3383 νόμος
718 3327 832 3367 σου
857 3313 1075 3384 μελέτη
1091 3333 1210 3383 μου
1249 3314 1401 3375 ἐστὶ.
1438 3318 1571 3371 τότε
1600 3316 1677 3370 ἂν

1781 3320 1966 3389 pulum
2005 3336 2163 3375 suum
2196 3322 2385 3377 dicens
2407 3323 2452 3355 “
2485 3341 2498 3377 :
2541 3322 2668 3377 Haac
2700 3326 2969 3389 meditare,
3011 3324 3067 3377 in
3102 3323 3182 3377 his
3214 3332 3344 3382 esto,

137 3399 430 3471 ἀπωλόμην
483 3403 559 3457 ἐν
605 3404 681 3474 τῇ
748 3403 1101 3461 ταπεινώσει
1118 3423 1260 3475 μου.
1318 3405 1479 3460 Ὅθεν
1527 3406 1675 3460 καὶό

1780 3418 1838 3463 ut
1864 3411 2127 3479 profectus
2158 3421 2275 3466 tuus
2315 3414 2626 3483 manifestus
2655 3415 2745 3468 sit.
2780 3412 2905 3469 Haec
2937 3415 3101 3469 etiam
3137 3424 3192 3469 tu
3230 3430 3347 3470 me—

136 3490 313 3558 Παῦλος
336 3496 391 3549 ὲν
424 3494 639 3560 τούτοις
666 3496 988 3567 ἡσφαλίζετο
1024 3497 1114 3550 τὸν
1151 3496 1343 3552 ἑαυτοῦ
1395 3496 1670 3570 μαθητὴν,

1777 3496 1978 3562 ditans,
2016 3508 2180 3570 atque
2218 3501 2293 3555 ita
2330 3502 2567 3571 psalmos
2603 3504 2878 3573 sapienter
2916 3503 3120 3575 legens,
3156 3504 3349 3561 unius-

135 3579 303 3649 λέγων’
343 3588 533 3642 Ταῦτα
571 3587 815 3657 μελέτα,
860 3589 931 3643 ἐν
974 3591 1207 3657 τούτοις
1255 3590 1398 3655 ἴσθι,
1424 3589 1526 3642 ἶνα
1556 3606 1671 3644 σου

1777 3587 2042 3659 cujusque
2085 3605 2328 3655 sensum,
2378 3592 2586 3663 Spiritu
2621 3594 2770 3662 duce,
2812 3594 3073 3665 consequi
3118 3596 3344 3665 poteris.

135 3671 438 3744 ἧπροκοπὴ
464 3678 696 3748 φανερὰ
720 3680 980 3748 γένηται.
1040 3680 1223 3736 Ταῦτα
1272 3680 1367 3735 καὶ
1418 3681 1483 3734 σὺ
1522 3679 1679 3753 μελε-

1784 3676 1967 3734 Talem
2010 3696 2140 3738 vero
2186 3683 2354 3738 vitam
2397 3692 2454 3738 tu
2500 3699 2717 3755 quoque
2762 3685 3083 3749 imitaberis,
3128 3685 3343 3756 qualem

133 3763 239 3828 τῶν,
262 3768 349 3821 καὶ
382 3770 621 3835 συνετῶς
647 3771 989 3842 ἐντυγχάνων
1012 3771 1211 3836 -οὗτως
1267 3774 1377 3835 τοῖς
1422 3772 1674 3843 ψαλμοῖς.

1781 3771 2108 3839 habuerunt,
2149 3774 2244 3844 qui
2285 3776 2401 3830 haec
2427 3775 2593 3831 locuti
2633 3786 2757 3832 sunt
2787 3776 2975 3833 deiteri
3018 3777 3190 3834 sancti
3216 3777 3340 3831 viri.

133 3858 207 3912 τὸν
231 3862 322 3932 μὲν
360 3865 417 3918 ὲν
442 3866 662 3937 ἑκάστῳ
684 3866 808 3921 νοῦν
831 3866 1231 3937 ὁδηγούμενοι·
1259 3865 1377 3921 ὑπὸ
1407 3866 1513 3920 τοῦ
1549 3867 1893 3937 Πνεύματος
1941 3868 2267 3924 καταλαϐεῖν
2315 3868 2535 3942 δυνήσῃ.
2589 3870 2839 3927 Τοιοῦτον
2891 3872 2947 3928 δὲ
2993 3873 3089 3927 καὶ
3136 3873 3201 3926 σὺ
3250 3871 3346 3943 ζη-

135 3948 295 4018 λώσεις
325 3955 455 4026 βίον,
482 3953 597 4013 οἷον
619 3958 776 4031 ἔσχον
803 3961 852 4013 οι
876 3958 1052 4014 ταῦτα
1076 3958 1487 4033 θεοφορούμενοι
1508 3957 1833 4031 λαλήσαντες
1864 3960 2054 4033 ἄνδρες
2075 3961 2240 4032 ἅγιοι.

136 4080 169 4112 ³¹¹
192 4083 297 4141 Act.
328 4102 438 4153 xix,
468 4087 660 4143 1146.
730 4088 775 4121 ³⁸
803 4087 937 4145 Luc.
968 4104 1086 4157 vm,
1112 4088 1203 4144 28.
1284 4089 1327 4122 "
1357 4088 1475 4145 Act.
1508 4105 1621 4154 xvi,
1648 4089 1735 4146 18.

1730 4132 1735 4146 .
1823 4092 1869 4125 ⁸⁸
1894 4091 2026 4151 Luc.
2052 4112 2107 4163 ι,
2143 4096 2229 4151 17.
2285 4096 2329 4129 δι
2362 4094 2428 4152 IV
2456 4095 2585 4170 Reg.
2615 4114 2697 4164 ιιι,
2731 4099 2819 4155 15.
2897 4098 2941 4131 δ’
2972 4097 3116 4155 Psal.
3149 4113 3339 4170 cxvm’,

137 4172 205 4230 l6.
293 4178 336 4211 ⁸³
361 4180 493 4236 ibid.
522 4182 617 4236 δι.
712 4183 759 4215 ⁵⁸
788 4183 921 4239 ibid.
955 4182 1043 4239 99.
1142 4184 1188 4216 “
1214 4182 1236 4238 ι
1263 4181 1403 4239 Tim.
1441 4200 1514 4249 Iv,
1546 4185 1632 4241 15.

190 4291 277 4363 (θ’)
324 4294 632 4367 Ὦφιλήσιι,
659 4295 747 4350 ed.

158 4423 3218 4462 Ἥ

358 4540 1061 4639 ADMONITIO
1138 4548 1260 4638 IN
1335 4544 2225 4639 EXPOSITIONES
2296 4549 3065 4649 PSALMORUM.

181 4775 411 4860 Ρξιρξὶοτιξι
429 4859 433 4860 ν
453 4782 967 4860 Ῑιιιιιειιιιιοέιῖισιιισίι
989 4784 1351 4860 expositionem.
1381 4788 1428 4836 in
1454 4788 1689 4860 Psalmos.
1718 4789 1939 4839 Priorem
1958 4790 2165 4860 exbibet
2184 4787 2338 4860 editio
2358 4787 2573 4860 Maurina
2592 4795 2737 4860 etes
2754 4797 2832 4842 est
2852 4794 2911 4843 sd
2937 4806 3081 4860 quam
3103 4795 3183 4846 hic
3199 4811 3333 4860 pra-

135 4838 235 4917 fretur
249 4838 653 4917 I__onttsucouius,
684 4848 762 4893 cui
785 4849 933 4917 etiam
953 4838 1192 4917 accidunt
1212 4851 1553 4917 supplementa
1580 4849 1639 4898 ab
1662 4838 2115 4917 ipsoipoistmodum
2138 4838 2269 4917 edita
2290 4838 3325 4917 cumiﬂltbanssiiilrMi;

135 4898 463 5018 ἓᾟξιίὲιξὲ
487 4898 698 4957 alterum
719 4920 810 4957 seu
831 4908 1009 4958 librum
1046 4910 1116 4960 De
1141 4898 1291 4960 titutii
1308 4898 1641 4962 'Psatmorum
1672 4898 3330 4976 sum‘jasg'rea‘rxasnsm‘sint;ﬁs‘taiEAE'J'vidx'iﬁia

189 5132 221 5190 Ι.
252 5134 614 5208 Ezpositiones
657 5144 830 5198 sancti
857 5144 1138 5201 Athanasii
1177 5146 1231 5200 in
1271 5145 1511 5204 Psalmos
1556 5151 1793 5205 sistimus
1834 5151 1951 5215 tibi,
1981 5149 2168 5205 Lector
2212 5150 2435 5217 erudite,
2472 5150 2595 5205 illas
2627 5152 2823 5207 scilicet
2859 5154 2950 5207 diu
2990 5158 3265 5225 expetitas,
3295 5175 3328 5213 a

136 5232 281 5285 multis
308 5235 577 5304 laudatas,
604 5238 858 5309 antiqua,
893 5240 1096 5304 medic,
1126 5240 1320 5310 inﬁma
1348 5245 1523 5297 relatis
1552 5246 1873 5299 auctoribus.
1915 5242 2153 5309 Quarum
2191 5244 2617 5313 άποσιτασμάτια
2643 5251 2879 5319 quadam
2912 5249 2966 5301 in
3003 5250 3148 5319 prius
3169 5252 3326 5305 editis

135 5323 382 5383 uitabant.
422 5326 615 5383 Utrum
656 5345 772 5384 vero
798 5330 851 5383 lti
878 5333 1237 5385 commentarii
1270 5334 1498 5401 idipsum
1523 5336 1625 5388 sint
1644 5340 1781 5407 quod
1805 5338 1937 5390 liber
1967 5337 2040 5392 De
2062 5337 2230 5393 titulis
2251 5339 2583 5410 psalmorum
2608 5340 2671 5392 ab
2712 5338 3028 5410 Hieronymo
3050 5341 3324 5407 laudatus,

136 5416 178 5457 lt
201 5416 360 5479 superi
384 5419 665 5487 cujusdam
687 5418 788 5486 fert
817 5421 1011 5488 opinio,
1034 5437 1135 5475 non
1156 5432 1237 5475 sat
1270 5423 1601 5493 exploratum
1622 5440 1735 5492 est;
1766 5430 1822 5481 id
1846 5446 1973 5483 sane
2002 5431 2047 5484 si
2074 5446 2249 5484 verum
2280 5439 2430 5498 esset,
2467 5441 2568 5484 non
2599 5435 2864 5488 commode
2889 5434 3019 5487 satis
3050 5436 3326 5504 inscriptio

135 5506 269 5600 Pfsita
293 5509 488 5580 fuisset,
522 5530 647 5568 cum
674 5531 774 5569 non
807 5516 871 5571 de
898 5518 1070 5573 titulis
1114 5523 1290 5585 modo,
1313 5521 1403 5575 sed
1434 5524 1593 5576 etiam
1628 5525 1693 5579 de
1718 5526 1985 5581 uersiculis
2026 5528 2263 5583 omnibus
2301 5529 2383 5582 hic
2410 5538 2616 5600 agatur.
2650 5527 2754 5593 Qui
2781 5529 3017 5599 proxime
3041 5530 3325 5584 secundum

138 5590 467 5693 Hieronymum
495 5608 655 5662 hasce
680 5610 1027 5677 expositiones
1063 5611 1303 5667 laudavit
1324 5656 1339 5681 ,
1368 5624 1447 5668 est
1481 5614 1849 5681 Theodoretus,
1880 5622 1927 5674 si
1953 5631 2127 5675 tamen
2154 5638 2270 5692 qua
2296 5590 2581 5693 sequuntur
2605 5590 2705 5677 non
2733 5590 2838 5676 sint
2864 5623 3139 5692 cujusdam
3170 5639 3322 5677 ama-

136 5686 302 5790 ῗδξώ
322 5694 447 5790 ἐθίξ
471 5696 672 5790 tttulistis
695 5695 802 5751 228
825 5699 1203 5769 antiquissimi,
1228 5704 1318 5757 ubi
1348 5715 1556 5759 exstant
1586 5704 1962 5777 Expositiones
1993 5686 2316 5770 Theodoreti
2340 5686 2394 5770 in
2415 5716 2601 5773 titulos
2626 5686 2993 5790 psalmorum;
3030 5735 3138 5773 κως
3175 5719 3322 5773 illius

137 5774 257 5828 urbe
274 5792 383 5835 sunt
407 5783 469 5839 de
497 5786 709 5853 psalmo
729 5804 817 5845 CIX
845 5790 1099 5861 loquentis
1122 5808 1142 5848 .'
1171 5796 1230 5850 '0
1259 5797 1317 5852 δὲ
1346 5798 1497 5868 ἅγιος
1525 5774 1746 5855 Ἀθανάσ

1715 5818 1838 5867 ισιος
1866 5804 2007 5860 οὕτω
2040 5808 2206 5877 φησί’
2247 5825 2267 5861 ι
2290 5807 2399 5879 Την
2433 5809 2572 5865 κατὰ
2608 5774 2784 5883 σάρκα
2814 5774 3065 5883 γέννησιν
3092 5810 3186 5865 τοῦ
3212 5811 3324 5867 Κυ-
