4102 6304
751 362 818 416 l7
1582 349 1636 402 S.
1682 347 2054 400 ATHANASH
2090 347 2238 401 UPP.
2284 346 2366 400 PA

2332 345 2459 400 ARS
2501 347 2584 400 Ill.
2622 379 2691 388 —
2732 346 3137 403 EXEGETICA.
3895 349 3952 406 ιε

752 480 867 550 ρίου
893 474 981 531 διὰ
1009 471 1116 526 τῶν
1155 469 1436 542 παρόντων
1474 465 1890 534 κατασημαίνει,
1941 467 2034 517 καὶ
2062 466 2150 516 τὸν
2195 465 2542 532 εύαγγελικὸν
2586 464 2745 516 αὑτοῦ
2781 465 2941 535 νόμον
2973 465 3062 518 τὸν
3095 464 3206 535 (10)
3243 466 3456 520 πάντων
3484 464 3842 537 κυριεύσαντα
3863 469 3956 522 τῶν

752 567 940 630 ἐθνῶν,
972 566 1059 618 καὶ
1083 563 1179 635 τὴν
1207 564 1286 624 εἰς
1311 560 1567 631 οὐρανοὺς
1614 559 1795 613 ἄνοδον
1828 559 2012 624 αὑτοῦ,
2049 555 2114 630 ἧς
2145 563 2237 613 καὶ
2268 561 2568 631 ἅπὰρχεται
2602 562 2629 611 ὁ
2658 559 2868 629 ψαλμὸς
2897 560 3069 629 λέγων
3108 577 3120 590 ’
3151 559 3334 612 Είπεν
3366 564 3397 614 ό
3432 562 3643 628 Κύριος
3675 559 3754 626 τῷ
3782 563 3958 629 Κυρίῳ

747 679 864 729 μου
897 678 909 689 ·
951 659 1148 714 Κάθου
1201 659 1268 711 ἐκ
1323 655 1538 715 δεξιῶν
1588 673 1703 724 μου
1750 654 1861 721 ἕως
1903 655 1978 708 ἂν
2027 655 2106 707 θῶ
2153 656 2294 722 τοὺς
2339 657 2586 725 ἐχθρούς
2641 674 2755 709 σου
2797 657 3131 710 ὑποπόδιον
3164 656 3280 708 τῶν
3311 655 3510 708 ποδῶν
3544 672 3678 711 σου.
3716 656 3958 727 Ἑχθροὺς

747 757 804 810 δὲ
832 755 860 807 ὁ
900 753 1215 816 Ἇπύπολος
1241 753 1390 824 δηλοῖ
1417 751 1587 819 λέγων
1615 750 1724 820 (11)
1751 765 1764 778 ⁸
1800 753 2097 818 Ἔσχατος
2148 752 2358 820 ἐχθρὸς

2336 773 2358 817 ς
2401 753 2768 822 καταργεῖται
2800 757 2831 805 ό
2857 752 3126 818 θάνατος.
3169 771 3187 803 ι
3219 750 3330 804 Hoc
3358 763 3433 805 est
3467 768 3484 805 :
3530 751 3761 808 Sanctus
3791 761 3956 806 autem

747 849 1080 903 Athanasius
1106 848 1180 902 ita
1209 847 1446 916 loquitur
1478 865 1494 902 τ
1526 865 1544 897 ι
1576 845 1735 901 llisce
1765 846 1942 901 verbis
1970 848 2369 917 generationem
2399 846 2608 900 Domini
2641 847 2935 902 secundum
2966 861 3183 900 carnem
3213 845 3500 914 signiﬁcat,
3525 856 3579 899 et
3605 846 3957 916 evangelicum

748 940 869 1006 ejus
895 938 1086 1008 legem,
1114 953 1233 1008 qua:
1261 937 1513 992 omnibus
1542 935 1793 1005 gentibus
1816 935 2130 991 dominatur
2157 957 2166 990 :
2198 947 2359 1007 atque
2393 935 2512 1005 ejus
2545 952 2830 990 ascensum
2863 937 2915 991 in
2947 936 3133 1000 caelos,
3164 953 3323 1006 quem
3351 949 3572 994 enarrat
3609 942 3855 1010 psalmus
3885 941 3960 994 di-

749 1033 922 1087 cendo
951 1049 963 1085 :
1009 1030 1158 1086 Dixit
1190 1030 1442 1084 Dominus
1482 1030 1702 1084 Domina
1751 1047 1860 1085 meo
1889 1045 1906 1084 :
1935 1031 2052 1086 sede
2075 1049 2105 1084 a
2134 1030 2333 1086 dextris
2358 1032 2504 1094 meis,
2533 1031 2692 1084 donec
2714 1048 2905 1100 ponam
2928 1031 3168 1084 inimicos
3193 1040 3310 1084 tuos
3331 1033 3613 1088 scabellum
3640 1034 3827 1102 pedum
3851 1045 3959 1088 tuo-

751 1145 888 1182 rum.
929 1126 1161 1194 Quinam
1186 1125 1387 1181 inimici
1411 1127 1540 1192 sint,
1558 1127 1795 1184 declarat
1823 1129 2112 1200 Apostolus
2150 1128 2234 1182 his
2276 1127 2451 1181 verbis
2480 1144 2493 1179 :
2531 1125 2834 1180 Novissima
2857 1125 3088 1180 omnium
3118 1125 3416 1182 destruetur
3441 1145 3582 1183 mors
3615 1128 3682 1185 “.
3734 1147 3754 1181 ι
3801 1126 3959 1195 Quem

749 1223 918 1276 locum
948 1221 1193 1292 inferius,
1222 1221 1374 1274 initio
1403 1224 1762 1277 commentarii
1790 1225 1844 1278 in
1869 1223 2129 1291 psalmum
2152 1236 2260 1286 crx,
2289 1221 2547 1290 integrum
2579 1219 2816 1290 legimus.

824 1313 884 1370 ll.
917 1313 1221 1368 Chronicon
1256 1322 1427 1364 autem
1464 1311 1910 1377 Alexandrinum,
1940 1311 2157 1380 septimo
2187 1309 2379 1363 saeculo
2411 1310 2783 1376 conscriptum,
2821 1325 2872 1376 p.
2900 1307 3027 1372 29.3,
3059 1309 3169 1364 h'ch
3202 1309 3352 1362 habet
3384 1326 3403 1362 :
3437 1309 3545 1364 Καὶ
3569 1313 3598 1364 ὁ
3631 1314 3784 1379 ᾰγιος
3811 1309 3962 1364 ’Δθαο

747 1406 926 1467 νάσιος
949 1401 1259 1473 ἑρμηνεύων
1286 1401 1375 1454 τὸν
1407 1400 1518 1471 ρλα¹
1546 1401 1780 1471 ψαλμὸν,
1815 1401 2046 1474 ἔγραψεν
2079 1399 2248 1462 οὓτως
2273 1415 2288 1430 ο
2323 1417 2342 1449 ι
2386 1398 2722 1466 Ἀνάστηθι,
2747 1401 2938 1468 Κύριε,
2971 1403 3058 1466 εις
3077 1401 3191 1469 τὴν
3215 1402 3562 1468 ἀνάπαῃσίν
3591 1417 3724 1457 σου.
3754 1404 3866 1474 Τὴν
3891 1405 3962 1466 sl;

744 1495 1003 1566 οὐρανοὺς
1035 1491 1299 1564 ἀνάληψιν
1342 1489 1752 1544 ὲπισπεύδουσιν
1782 1488 1965 1543 αὑτοῦ.
2012 1489 2094 1543 Σὺ
2127 1488 2223 1541 καὶ
2252 1491 2290 1556 ἡ
2322 1487 2564 1553 κιϐωτὸς
2595 1489 2698 1542 τοῦ
2727 1489 3088 1558 ἁγιάσματός
3115 1506 3251 1545 σου.
3280 1493 3388 1564 Τὴν
3415 1494 3574 1560 ἁγίαν
3602 1492 3763 1546 αὐτοῦ
3791 1494 3961 1566 σάρκα

746 1592 899 1663 φησί·
936 1592 1051 1661 μετ’
1069 1589 1236 1658 αὐτῆς
1275 1587 1382 1658 γὰρ
1411 1585 1703 1657 ἀνελήφθη.
1737 1587 1810 1639 Ob
1839 1585 1947 1658 γὰρ
1980 1585 2379 1655 ἀποσαρκοῦται
2409 1586 2488 1647 είς
2517 1584 2641 1644 τοὺς
2671 1585 2976 1654 ἀγηράτους
3009 1585 3208 1649 αίῶνας
3233 1588 3339 1642 τῶν
3365 1585 3593 1641 αἰώνων.
3622 1607 3639 1638 ι
3677 1585 3741 1640 Id
3770 1598 3881 1641 est:
3904 1586 3963 1643 Et

743 1692 964 1739 sanctus
993 1680 1321 1735 Athanasius
1349 1679 1614 1749 psalmum
1644 1694 1800 1733 cum
1835 1677 2215 1747 interpretans,
2250 1678 2321 1730 ita
2352 1677 2539 1731 scribit
2568 1695 2580 1730 :
2613 1695 2630 1727 ι
2663 1675 2847 1746 Surge,
2879 1676 3117 1742 Domine,
3168 1680 3222 1730 in
3277 1678 3500 1747 requiem
3537 1686 3698 1730 tuam.
3748 1675 3881 1746 Ejus
3913 1677 3960 1729 in

743 1775 910 1829 cwlos
937 1787 1222 1828 ascensum
1261 1770 1368 1825 cito
1415 1769 1668 1824 accedere
1715 1769 1972 1838 gestiunt.
2012 1772 2084 1820 Tu
2112 1779 2158 1820 et
2191 1784 2315 1820 arca
2349 1767 2787 1835 sanctificationis
2820 1775 2944 1822 tute.
2989 1767 3242 1821 Sanctam
3274 1767 3392 1835 ejus
3420 1782 3637 1821 carnem
3671 1766 3818 1831 dicit,
3842 1781 3960 1821 cum

743 1867 832 1922 illa
867 1879 1098 1933 namque
1121 1872 1432 1931 assumptus
1465 1870 1579 1926 est;
1609 1875 1785 1928 neque
1811 1861 1953 1913 enim
1989 1873 2205 1912 carnem
2238 1858 2459 1911 dimittit
2487 1874 2580 1927 per
2610 1857 2818 1911 inﬁnita
2859 1859 3052 1912 saecula
3091 1858 3432 1912 saeculorum.
3475 1877 3493 1907 ι
3539 1857 3667 1912 Haec
3691 1874 3845 1922 porro
3876 1857 3964 1910 ha-

743 1958 826 2011 bes
860 1958 914 2009 in
933 1956 1252 2025 expositione
1279 1955 1510 2023 ejusdem
1544 1955 1732 2022 psalmi
1757 1953 1994 2022 inferius,
2025 1971 2071 2006 v.
2091 1952 2143 2006 8.
2168 1952 2363 2006 Postrei

2344 1969 2439 2006 rma
2467 1964 2641 2006 autent
2665 1954 2840 2018 verba,
2880 1954 3179 2025 μετάύτῆς
3205 1953 3312 2024 γὰρ
3345 1953 3638 2024 ἀνελήφθη,
3674 1963 3802 2017 etc.,
3829 1953 3964 2007 desi-

741 2050 997 2105 derantur
1025 2049 1116 2115 ibi,
1148 2048 1254 2102 sive
1278 2050 1400 2118 quia
1427 2065 1560 2118 swpe
1595 2050 1794 2102 codices
1822 2050 2006 2118 quibus
2036 2050 2117 2102 usi
2149 2065 2328 2103 sumus
2355 2050 2638 2102 sententias
2669 2052 3004 2108 detruncant.
3033 2053 3139 2102 sive
3163 2051 3286 2119 quia
3320 2049 3430 2102 ha‘c
3458 2049 3682 2119 fortasse
3711 2049 3963 2117 glossema

741 2154 863 2198 sunt
903 2145 1137 2197 auctoris
1163 2141 1438 2196 Chronici.
1476 2141 1670 2197 Octavo
1695 2141 1906 2207 steculo,
1931 2138 2220 2194 Germanus
2255 2141 2563 2209 patriarcha
2607 2138 3221 2210 Constantinopolitanus
3255 2141 3308 2193 in
3347 2140 3570 2210 epistola
3604 2141 3671 2193 ad
3717 2140 3963 2194 Thomam

738 2236 1032 2304 episcopum
1058 2233 1457 2302 Claudiopoleos
1486 2233 1596 2304 (l2)
1649 2234 1757 2285 htrc
1785 2233 1937 2300 aﬂ'ert
1963 2247 1980 2284 :
2014 2231 2173 2283 Ἀλλὰ
2199 2232 2290 2282 καὶ
2318 2233 2345 2284 ὁ

2339 2253 2345 2281 ι
2375 2231 2641 2302 μακάριος
2675 2231 3005 2294 Ἀθανάσιος,
3041 2232 3102 2283 τὸ
3128 2231 3400 2301 ψαλμικὺν
3435 2231 3746 2302 ἑρμηνεύων
3781 2231 3959 2303 ῥητόν·

751 2327 804 2381 '0
830 2327 1160 2396 καθήμενος
1193 2326 1291 2380 ἐπὶ
1325 2325 1432 2379 τὸν
1483 2325 1777 2394 χερουὸὶμ.
1819 2321 2128 2392 ἑμςράνηθι,
2168 2323 2421 2393 τοιαύτην
2453 2322 2579 2393 περὶ
2600 2321 2774 2376 αὐτῶν
2801 2323 3158 2394 παραδίδωσιν
3189 2322 3394 2376 ἔννοιαν
3425 2343 3436 2354 ο
3477 2343 3494 2374 t
3532 2324 3719 2377 Καίτοι
3746 2324 3966 2377 ἐκείνων

737 2419 846 2472 τῶν
863 2417 1126 2491 χερουῦὶμ
1141 2419 1208 2470 τὰ
1225 2417 1502 2487 ἀρχέτυπα
1521 2416 1770 2483 ἄγνωστα
1785 2417 1880 2485 τὴν
1912 2415 2070 2484 φύσιν
2096 2414 2399 2485 ἀνθρώποις
2425 2417 2764 2469 παντάπασιν
2779 2416 2907 2470 ὄντα
2927 2433 2940 2446 ο
2961 2415 3174 2486 πνεῦμα
3194 2414 3300 2486 γὰρ
3318 2415 3410 2468 καὶ
3431 2414 3540 2487 πῦρ
3559 2415 3861 2485 ὑπάρχουσι
3878 2415 3967 2466 καὶ

739 2512 918 2584 πάσης
943 2510 1368 2582 σχηματοθεσίας
1396 2509 1646 2581 ἀλλότρια
1674 2510 1766 2562 καὶ
1791 2508 2020 2578 φύσεως.
2063 2529 2080 2560 ι
2133 2509 2246 2562 Hoc
2285 2520 2358 2564 est

2342 2520 2398 2563 t:
2429 2509 2531 2565 Sed
2563 2521 2617 2566 et
2644 2512 2832 2567 beatus
2858 2512 3189 2569 Athanasius
3222 2514 3544 2584 psalmicum
3583 2515 3713 2568 illud
3756 2517 3962 2569 dictum

739 2605 1048 2674 explicans:
1079 2603 1182 2668 Qui
1205 2603 1347 2656 sedes
1371 2618 1525 2672 super
1566 2600 1850 2664 cherubim,
1882 2599 2155 2668 appare",
2183 2600 2339 2654 talem
2361 2602 2427 2654 de
2463 2600 2565 2654 illis
2595 2601 2758 2656 tradit
2787 2602 3029 2658 notitiam
3059 2621 3070 2656 :
3105 2621 3122 2654 ι
3154 2602 3264 2658 Etsi
3297 2604 3719 2660 clteruhinorum
3749 2607 3964 2662 illorum

738 2698 1028 2768 archetypa
1057 2703 1247 2750 natura
1279 2695 1387 2749 sint
1433 2690 1744 2746 hominibus
1789 2706 2010 2760 prorsus
2054 2691 2234 2760 ignota
2268 2710 2280 2745 :
2310 2690 2531 2760 spiritus
2556 2693 2698 2745 enim
2734 2700 2788 2747 et
2815 2693 2955 2764 ignis
2998 2702 3124 2749 sunt
3152 2705 3204 2749 ct
3228 2696 3402 2752 aliena
3430 2697 3498 2750 ab
3530 2699 3676 2752 omni
3701 2702 3967 2770 corporali

740 2790 926 2845 habitu
950 2797 1004 2843 et
1030 2795 1242 2842 natura.
1296 2806 1314 2831 ι
1349 2787 1451 2848 Oui
1494 2788 1638 2840 locus
1685 2787 1800 2839 ideo
1846 2803 1948 2839 non
1987 2796 2251 2855 comparet
2294 2787 2347 2839 in
2385 2789 2794 2854 expositionibus
2838 2791 3052 2857 nostris,
3083 2792 3222 2863 quod
3261 2793 3324 2845 ab
3357 2796 3761 2848 amanuensibus
3811 2799 3969 2850 omis-

738 2896 826 2935 sus
869 2880 1027 2949 fuerit
1076 2877 1394 2939 versiculus,
1424 2887 1479 2928 ut
1525 2883 1574 2929 et
1618 2875 1729 2928 alia
1774 2875 1965 2937 multa,
2005 2875 2142 2944 quod
2184 2892 2285 2944 qua
2323 2878 2522 2929 ratione
2554 2887 2754 2946 gestum
2793 2880 2862 2933 sit
2899 2895 3021 2933 mox
3053 2895 3325 2936 narratur.
3361 2876 3477 2937 Etsi
3514 2901 3630 2938 vero
3656 2885 3778 2940 huic
3805 2887 3969 2940 versi-

739 2973 858 3025 culo
885 2988 902 3025 :
925 2969 1027 3037 Qui
1057 2968 1210 3024 sedes
1239 2983 1401 3037 super
1428 2967 1731 3030 cherubim,
1766 2965 2114 3022 manifestare
2137 2981 2320 3021 coram
2355 2965 2634 3036 Ephraim,
2666 2965 2969 3038 Benjamin,
2997 2979 3051 3024 et
3074 2969 3341 3036 Manasse,
3371 2976 3628 3042 expositio
3649 2992 3749 3028 sua
3778 2977 3970 3045 adjici-

740 3076 824 3118 tur
860 3064 1100 3135 inferius,
1122 3062 1259 3134 psal.
1283 3079 1429 3126 Lm,
1450 3080 1496 3116 υ.
1535 3062 1587 3127 5,
1616 3079 1676 3116 ea
1710 3072 1846 3116 certe
1877 3062 2158 3117 secundam
2183 3062 2354 3116 solum
2376 3063 2616 3116 versiculi
2640 3073 2841 3132 partem
2868 3075 3086 3135 spectat,
3111 3067 3456 3123 manifestare
3478 3085 3662 3124 coram
3682 3071 3968 3141 Ephraim,

738 3156 1017 3228 Benjamin
1051 3167 1104 3210 et
1129 3155 1397 3220 Manasse,
1423 3155 1720 3208 nullatenus
1751 3165 1922 3208 autent
1944 3156 2166 3222 primam
2194 3171 2212 3208 :
2248 3155 2350 3220 Qui
2385 3157 2539 3211 sedes
2563 3173 2724 3228 super
2749 3159 3055 3224 cherubim,
3083 3171 3138 3216 ut
3173 3163 3291 3215 hinc
3314 3166 3590 3233 propalam
3621 3167 3688 3220 sit
3716 3171 3971 3222 omissam

735 3252 901 3322 fuisse
927 3250 1112 3303 horum
1143 3246 1638 3314 interpretationent.
1675 3244 1806 3298 Item
1838 3243 2103 3298 Adrianus
2135 3242 2164 3298 I
2193 3245 2412 3314 epistola
2435 3247 2502 3297 ad
2541 3246 2790 3300 Carolum
2819 3247 3071 3319 Magnum
3099 3252 3230 3322 (l3),
3257 3255 3393 3307 hunc
3425 3258 3733 3310 versiculum
3777 3276 3972 3312 memo-

739 3364 864 3402 rans
889 3361 907 3400 :
942 3343 1186 3408 Domine,
1212 3341 1265 3396 in
1293 3341 1509 3396 civitate
1547 3348 1637 3392 tua
1677 3337 1962 3410 imaginem
1997 3337 2237 3406 ipsorum
2261 3337 2328 3391 ad
2357 3336 2583 3390 nihilum
2607 3339 2815 3409 rcdiges
2829 3340 2898 3405 “,
2926 3343 3034 3395 hcec
3052 3343 3236 3412 adjicit
3261 3361 3278 3396 :
3301 3367 3318 3396 ι
3345 3347 3470 3400 Item
3490 3351 3658 3403 sancti
3683 3349 3969 3406 Athanasii

740 3443 816 3502 De
854 3441 1277 3511 interpretatione
1308 3438 1650 3505 psalmorum,
1681 3436 1819 3489 inter
1847 3443 2040 3490 caetera
2070 3451 2083 3488 :
2114 3433 2318 3488 Civitas
2351 3432 2494 3486 enim
2528 3433 2759 3500 Domini,
2783 3450 2904 3505 qua:
2931 3451 3173 3504 sursum,
3205 3437 3502 3493 Jerusalem
3532 3460 3545 3494 :
3579 3442 3754 3513 imago
3781 3455 3967 3500 autctn

738 3550 951 3598 eorum,
975 3532 1264 3588 terrestris.
1293 3529 1448 3596 Quod
1478 3530 1620 3583 enim
1646 3527 1776 3582 dicit
1803 3528 1907 3581 tale
1939 3539 2021 3582 est
2051 3546 2065 3581 :
2104 3525 2373 3593 Quoniam
2415 3527 2691 3583 terrestris
2711 3570 2724 3593 ,
2759 3529 2965 3599 inquit,
2995 3532 3168 3586 induti
3214 3545 3359 3598 sinit,
3408 3535 3694 3606 imaginem
3724 3579 3737 3601 ,
3771 3549 3828 3594 et
3859 3556 3968 3595 non

741 3626 997 3690 caelestis,
1026 3633 1240 3694 propter
1269 3621 1371 3675 hoc
1391 3620 1456 3674 ad
1490 3619 1719 3673 nihilum
1751 3618 2079 3688 redigentur.
2107 3618 2340 3672 Audient
2367 3618 2508 3672 enim
2534 3618 2622 3672 illo
2654 3631 2910 3687 tempore,
2943 3621 3131 3675 Nescio
3161 3629 3305 3679 vos"
3333 3645 3345 3680 :
3386 3638 3567 3699 utpote
3597 3645 3703 3685 non
3745 3632 3974 3690 indutos

736 3719 924 3774 eadem
955 3714 1164 3772 Domini
1196 3712 1446 3781 imagine.
1475 3730 1493 3762 ι
1531 3708 1658 3764 Hac
1692 3709 1868 3762 omnia
1897 3709 2082 3762 videsis
2105 3707 2301 3776 psalm.
2337 3724 2506 3775 um,
2533 3725 2580 3763 υ.
2605 3707 2695 3771 20,
2732 3710 2799 3762 ad
2831 3709 2966 3764 hunc
2991 3727 3211 3767 versum.

809 3806 896 3861 lll.
929 3807 1009 3860 Ad
1032 3806 1139 3858 ha'c
1166 3806 1221 3856 in
1247 3801 1420 3855 codice
1452 3799 1572 3870 Reg.
1613 3799 1754 3853 2219
1793 3797 2078 3868 explicatio
2125 3797 2269 3852 illius
2311 3814 2484 3852 versus
2516 3815 2534 3852 :
2566 3797 2644 3852 Tu
2673 3815 2734 3854 es
2764 3801 3017 3857 sacerdos
3068 3803 3123 3857 in
3158 3816 3442 3873 internum,
3477 3811 3753 3879 ipsissimis
3799 3817 3971 3871 verbis

735 3899 980 3967 αἷσι-ων,
1007 3903 1062 3946 ut
1093 3892 1282 3962 legitur
1302 3894 1435 3961 psal.
1460 3911 1569 3958 cn,
1595 3911 1640 3948 υ.
1673 3896 1724 3948 4.
1751 3892 1917 3962 Super
1946 3895 2054 3948 hcc
2078 3894 2257 3946 omnia
2290 3891 2508 3947 Nicetas
2534 3893 2825 3960 Heraclea,
2854 3907 2910 3950 ut
2936 3899 3087 3952 habet
3119 3898 3500 3960 Felcltmannus
3526 3907 3747 3977 inferius
3775 3908 3972 3965 Monit.

738 3991 794 4044 in
826 3987 1066 4062 Fragm.,
1104 3989 1463 4060 Expositiones
1495 3993 1771 4046 Athanasii
1806 3993 1858 4046 in
1891 3990 2160 4054 Psalmos,
2190 4001 2247 4044 ut
2280 4007 2370 4044 nos
2388 3992 2725 4060 proferimus,
2758 3996 2812 4046 in
2846 3993 3043 4049 Catena
3077 4014 3176 4052 sua
3207 4001 3396 4068 edidit,
3430 4019 3546 4056 cum
3581 4005 3703 4059 aliis
3734 4007 3973 4061 aliorum

738 4084 966 4139 Patrum
1013 4087 1396 4140 commentariis
1436 4087 1733 4156 adjunctus.
1787 4085 1988 4140 Narrat
2031 4085 2244 4139 Gabriel
2289 4085 2573 4141 Grodecius
2605 4087 2987 4158 Dantzicanus,
3022 4094 3290 4163 professor
3345 4095 3619 4151 Hebraica!
3662 4099 3868 4169 lingua
3918 4104 3976 4155 in

735 4177 1020 4238 Academia
1049 4175 1324 4246 Lipsiana,
1349 4179 1428 4230 vir
1451 4179 1634 4232 doctus
1665 4193 1724 4232 ac
1756 4177 2137 4231 necessitudine
2161 4176 2288 4229 mihi
2315 4179 2643 4246 conjunctus,
2680 4189 2886 4232 exstare
2924 4180 2976 4232 in
3017 4182 3328 4236 bibliotheca
3364 4185 3424 4239 S.
3464 4183 3757 4240 Saluatoris
3792 4190 3975 4244 geno-

735 4269 928 4320 niensis
959 4267 1013 4320 in
1044 4269 1219 4320 codice
1249 4270 1574 4337 perantiquo,
1603 4271 1980 4338 expositionem
2010 4270 2288 4323 Athanasii
2309 4271 2361 4324 in
2392 4269 2638 4324 Psalntns
2673 4268 2925 4324 Serviana
2949 4273 3154 4342 lingua,
3178 4291 3294 4344 quin
3321 4288 3395 4330 est
3431 4277 3651 4334 Slavicte
3678 4281 3973 4350 dialectns,

734 4370 858 4414 sunt
887 4370 1058 4414 autent
1089 4357 1254 4414 Servii
1277 4357 1463 4428 Mysia:
1495 4360 1777 4428 superioris
1803 4362 2021 4428 populus
2047 4375 2064 4424 ;
2098 4375 2188 4411 nec
2209 4359 2415 4429 ambigo
2446 4375 2510 4412 ea:
2537 4360 2614 4412 his
2641 4362 2834 4414 nostris
2863 4360 3291 4432 Expositionibus
3319 4366 3526 4423 Slavice
3550 4388 3751 4428 versam
3777 4375 3972 4444 fuisse.

739 4451 867 4506 Haec
889 4453 1066 4520 augeri
1099 4460 1327 4520 possent,
1360 4466 1534 4503 verum
1557 4451 1688 4505 satis
1724 4467 1978 4520 superque
1999 4460 2121 4503 sunt
2150 4460 2206 4502 ut
2239 4449 2601 4518 comprobetur
2633 4450 3075 4506 Commentarium
3109 4455 3395 4510 Athanasii
3428 4460 3481 4513 in
3512 4459 3760 4518 Psaltnos
3788 4467 3974 4517 omni-

734 4544 830 4598 bus
862 4547 966 4613 fere
992 4542 1273 4597 secundum
1312 4543 1659 4594 Athanasium
1685 4543 1892 4594 sarculis
1920 4541 2194 4594 laudatunt
2219 4540 2399 4608 fuisse.
2429 4539 2605 4610 A'eque
2624 4540 2804 4595 desunt
2834 4543 2886 4593 in
2909 4543 3123 4612 hujusce
3153 4549 3327 4614 operis
3365 4550 3586 4605 decursu
3611 4555 3974 4610 Athanasiani

733 4632 857 4700 styli
886 4640 1021 4685 nota:
1043 4631 1318 4700 plerisque.
1354 4629 1494 4682 Nam
1522 4631 1608 4682 ubi
1639 4631 1842 4682 occasio
1885 4646 1992 4684 sese
2033 4630 2184 4698 offert
2227 4639 2283 4682 ut
2309 4629 2573 4683 Christum
2605 4633 2894 4698 comprobet
2933 4649 3041 4686 esse
3076 4633 3257 4700 Deum,
3283 4638 3337 4691 id
3365 4641 3455 4695 ille
3476 4653 3712 4710 praestat,
3745 4663 3858 4716 quo
3889 4650 3974 4702 in-

737 4728 919 4781 nuitur
939 4743 998 4780 eo
1027 4737 1247 4793 tempore
1275 4725 1382 4779 haec
1415 4727 1610 4794 scripta
1634 4726 1815 4794 fuisse,
1847 4741 1947 4795 quo
1978 4725 2346 4778 controversiae
2368 4725 2430 4777 de
2457 4722 2652 4778 Christi
2679 4726 2872 4779 deitate
2897 4728 3093 4782 oborta:
3115 4743 3254 4786 sunt.
3290 4732 3379 4786 Sic
3406 4734 3551 4789 Psal.
3581 4752 3726 4803 xux,
3752 4757 3806 4793 υ.
3837 4742 3894 4803 6,
3918 4745 3974 4795 iis

734 4818 843 4872 ha'c
872 4817 1022 4872 rerba
1050 4837 1065 4870 :
1092 4817 1359 4883 Quoniam
1397 4814 1539 4869 Deus
1573 4813 1739 4883 judex
1773 4821 1876 4878 est,
1912 4814 1987 4866 sic
2011 4813 2098 4866 ille
2125 4814 2339 4882 arguit:
2365 4811 2461 4867 llic
2487 4812 2770 4867 manifeste
2800 4814 3078 4871 Christum
3112 4819 3241 4874 dicit
3276 4821 3442 4878 Deum
3471 4845 3485 4881 :
3519 4843 3644 4882 nam
3674 4845 3838 4885 omne
3873 4833 3973 4901 ju-

735 4910 932 4962 dicium
960 4909 1101 4962 dedit
1124 4907 1287 4961 Pater
1312 4906 1452 4960 Filio
1471 4907 1539 4959 “.
1567 4905 1720 4971 Quod
1751 4904 1798 4959 si
1825 4921 1984 4961 omne
2024 4905 2288 4975 judicium
2321 4906 2468 4960 dedit
2509 4906 2604 4967 illi,
2635 4917 2689 4960 et
2723 4907 2860 4961 Deus
2898 4909 3062 4978 judes
3105 4920 3224 4966 est:
3251 4932 3380 4987 ergo
3409 4919 3653 4975 Christus
3678 4931 3763 4977 est
3803 4925 3972 4981 Deus.

737 5004 995 5061 Similiter
1018 5002 1288 5058 Christum
1313 5006 1497 5072 probat
1524 5018 1633 5057 esse
1663 5002 1822 5055 Deum
1847 5011 1896 5055 et
1925 5002 2110 5055 iisdem
2145 5002 2330 5070 quibus
2354 4999 2514 5054 Pater
2541 5002 2836 5057 nominibus
2862 5007 3042 5058 ornari
3071 5009 3206 5072 psal.
3238 5024 3455 5073 Lxxxtx,
3479 5027 3527 5065 υ.
3556 5011 3646 5066 25.

803 5095 890 5151 IV.
923 5094 1194 5150 Peculiure
1219 5107 1293 5150 est
1319 5095 1609 5149 Athanasio
1637 5093 1772 5164 quod
1793 5093 1903 5146 solo
1919 5091 2199 5163 ἀγαπητοῦ
2223 5092 2428 5144 nomine
2449 5090 2780 5162 Unigenitum
2802 5095 2894 5147 Dei
2923 5097 3179 5167 intelligat
3205 5103 3374 5170 cujus,
3401 5104 3537 5156 vocis
3562 5107 3696 5157 hunc
3718 5119 3888 5160 usum
3911 5123 3976 5160 ex

740 5191 962 5246 Homero
991 5193 1269 5263 confirmat
1299 5193 1407 5255 ille,
1430 5208 1551 5262 pag.
1574 5191 1698 5247 507.
1737 5189 1934 5245 Eodem
1964 5203 2137 5243 autem
2171 5207 2269 5243 usu
2303 5206 2418 5243 eam
2449 5205 2620 5244 vocem
2644 5190 2798 5244 habes
2822 5193 2874 5244 in
2904 5192 3041 5247 hisce
3069 5191 3493 5263 Expositionibus
3519 5194 3654 5265 psal.
3679 5211 3796 5262 Ltv,
3815 5215 3871 5255 ο,
3897 5204 3931 5254 6
3958 5221 3972 5254 ;

744 5286 906 5340 Ἀλλὰ
957 5287 1118 5356 φόσος
1161 5287 1255 5341 καὶ
1296 5288 1493 5358 τρόμος
1537 5289 1799 5341 ἐπέπεσεν
1828 5287 1905 5358 τῷ
1932 5289 2182 5359 προφήτῃ
2223 5285 2416 5358 ὁρῶντι
2447 5286 2535 5339 τὸν
2577 5288 2882 5360 ’Δγαπητδν
2906 5288 2997 5343 τοῦ
3028 5289 3163 5344 Θεοῦ
3201 5291 3423 5347 τοιαῦτα
3467 5294 3572 5350 ὑπὸ
3605 5292 3714 5348 τῶν
3746 5297 3974 5352 ἀσεϐῶν

736 5379 1028 5448 πάσχοντα.
1061 5377 1174 5432 Hoc
1205 5390 1280 5434 est
1315 5395 1333 5434 :
1373 5379 1479 5434 Sed
1523 5382 1682 5435 etiam
1739 5379 1902 5434 timor
1953 5389 2006 5434 et
2047 5391 2246 5433 tremor
2288 5381 2597 5450 prophetam
2645 5381 2862 5449 invasit,
2915 5394 3221 5440 cernentem
3271 5387 3528 5444 dilectum
3573 5389 3709 5462 (sive
3757 5388 3974 5464 linige-

733 5475 928 5542 nitum)
975 5473 1065 5529 Dei
1109 5475 1222 5531 haec
1255 5478 1322 5531 ab
1351 5476 1530 5546 impiis
1568 5477 1698 5547 pati.
1732 5474 2036 5530 Notandum
2077 5476 2198 5528 item
2225 5475 2276 5527 in
2315 5476 2456 5530 hisce
2491 5475 2891 5530 Commentariis
2921 5476 3118 5532 Filium
3148 5479 3243 5534 Dei
3263 5483 3459 5548 passim
3488 5500 3595 5537 una
3627 5499 3774 5554 voce,
3811 5503 3976 5556 μονο-

802 5593 846 5624 ⁶⁶
874 5593 890 5646 l
925 5593 1052 5647 Cor.
1087 5610 1172 5659 xv,
1200 5593 1288 5649 26.
1382 5595 1425 5627 "
1451 5593 1596 5652 Psal.
1621 5611 1804 5659 mur,
1825 5595 1914 5652 9.0.
1991 5596 2033 5628 “
2061 5593 2201 5650 Psal.
2231 5611 2399 5660 tun,

2061 5593 2201 5650 Psal.
2231 5611 2399 5660 tun,
2432 5593 2485 5648 2.
2596 5593 2638 5626 δ’
2674 5594 2863 5649 Matth.
2903 5613 3023 5657 uv,
3060 5595 3145 5652 l2.
3229 5598 3277 5631 “
3305 5596 3464 5656 Joan.
3497 5617 3551 5669 v,
3577 5599 3666 5656 23.

800 5691 912 5769 (id)
937 5690 1085 5769 infra
1115 5691 1258 5769 Psal.
1287 5709 1397 5758 csa,
1423 5707 1474 5749 v.
1513 5692 1561 5757 Ι,
1587 5691 1740 5762 λόγον

1733 5711 1740 5738 ι
2461 5692 2570 5769 (lg)
2601 5694 2758 5769 Iern.
2792 5693 2874 5769 νη
2889 5694 3118 5769 ﬂoncil.
3149 5713 3201 5769 ι).
3229 5698 3353 5756 δη.

799 5763 849 5832 (1
864 5764 912 5833 l)
936 5760 1080 5817 Infra
1119 5762 1275 5834 βοῶν.
1660 5760 1668 5762 ⁷

1660 5760 1668 5762 ⁷
2461 5765 2570 5836 (l3)
2596 5764 2727 5820 lbi-.1.
2761 5782 2812 5837 ιι.
2845 5767 2968 5822 θδι.
