4102 6304
150 357 200 411 ιε
1004 359 1372 416 ΑΒΜΟΝΙἸΊΟ
1409 361 1475 414 ΙΝ
1515 362 1770 417 ΕΧΡΟΞΓ

1741 363 2005 419 ΙΊΊΟΝΕΞ
2047 362 2483 433 PSALMORUM.
3295 369 3361 424 50

150 475 309 541 γενής,
345 473 664 542 signiﬁcari,
696 492 800 545 qua
825 476 877 528 in
908 479 1156 543 opusculo
1187 479 1237 531 in
1271 480 1380 533 htec
1411 479 1584 546 verba,
1617 478 1808 534 Omnia
1841 482 1968 535 mihi
1999 493 2125 536 sunt
2158 485 2353 537 tradita
2395 500 2425 536 a
2455 481 2632 546 Patre,
2653 500 2706 549 p.
2733 481 2823 549 82,
2844 486 3035 552 passim
3069 486 3187 538 item
3206 485 3362 542 Chri-

149 576 269 619 sttsm
314 582 585 637 nuncupat
623 572 966 624 Athanasius.
1011 573 1376 627 Athanasiona
1415 591 1627 643 prorsus
1650 590 1724 628 est
1758 598 1769 628 ι

1758 579 1931 630 cautio
1962 577 2055 630 illa
2092 579 2230 646 psal.
2266 594 2452 641 cxvnl,
2481 595 2527 631 ιι.
2566 578 2666 630 175
2689 594 2702 628 :
2728 576 3002 628 Γενέσθω
3024 576 3060 642 ἡ
3091 577 3217 643 χείρ
3247 593 3361 629 σου

149 661 235 713 τοῦ
269 659 471 715 σῶσαί
490 679 587 730 με.
619 662 777 732 Δηλοί
797 663 900 734 γὰρ
928 664 987 717 οὐ
1018 665 1115 735 τὴν
1143 668 1258 717 κατ’
1277 667 1459 719 οὐσίαν
1490 667 1700 731 γένεσιν
1732 667 1919 739 αὐτῆς,
1950 670 2081 722 ἀλλὰ
2116 671 2210 741 τὴν
2245 672 2377 741 πρὸς
2408 671 2474 723 τὰ
2507 668 2783 738 σωζόμενα
2824 669 3025 737 σχέσιν,
3055 668 3233 720 ὁποῖον
3268 669 3361 720 καὶ

149 748 212 801 τό·
240 752 437 804 Γενοῦ
452 769 557 820 μοι
586 755 674 818 εις
703 755 850 806 Θεὸν
881 756 1361 823 ὑπερασπιστήν.
1394 757 1506 812 Hoc
1531 771 1605 813 est
1631 779 1646 814 :
1676 782 1692 812 ι
1728 761 1769 813 F

1736 761 1853 815 Fiat
1899 779 2081 815 manus
2118 773 2208 814 tua
2251 773 2306 813 ut
2340 762 2501 814 soluet
2548 777 2644 813 me.
2691 757 2807 812 Non
2856 758 3125 829 signiﬁcat
3167 768 3356 812 natura

151 843 327 897 iactam
355 859 484 899 esse
512 861 736 899 manum
768 846 904 916 ejus,
935 850 1027 901 sed
1055 849 1174 916 ejus
1201 859 1398 904 statum
1435 867 1558 923 erga
1595 870 1688 908 eos
1723 857 1814 926 qui
1844 857 2070 911 salutem
2089 866 2513 926 consequuntur.
2555 855 2723 921 Quale
2751 865 2831 910 est
2862 856 2987 909 illud
3018 873 3031 910 :
3068 855 3194 908 Esto
3229 856 3357 910 mihi

149 938 191 988 in
214 936 378 991 Deum
407 950 774 1007 protectorem.
803 958 821 992 ι
855 937 992 991 Nam
1027 940 1216 992 Ariani
1239 942 1406 1010 inepte
1430 960 1492 996 ea:
1525 961 1641 998 coce
1671 946 1930 1015 γενέσθω,
1955 956 2004 999 et
2031 947 2266 1014 ἐγένετο,
2294 946 2665 999 concludebant
2702 944 2916 998 Verbum
2947 945 3107 1014 fuisse
3136 946 3353 1014 factum.

153 1027 328 1082 Hiram
359 1033 760 1084 consonantiam
793 1046 910 1084 cum
937 1029 1031 1083 hoc
1066 1031 1179 1083 loco
1215 1035 1435 1098 reperies
1458 1052 1510 1102 p.
1539 1037 1665 1100 568,
1692 1037 1779 1090 ubi
1808 1041 1967 1092 etiam
1994 1039 2129 1091 illud
2155 1054 2170 1090 :
2201 1036 2326 1091 Fias
2355 1038 2486 1090 mihi
2521 1037 2572 1090 in
2610 1041 2771 1089 Deum
2801 1045 3175 1105 protectorem,
3200 1038 3359 1105 aﬂ‘er—

150 1127 216 1170 tur
233 1118 288 1170 in
313 1121 544 1174 medium
565 1138 686 1192 pag.
729 1125 849 1177 item
877 1125 998 1180 580.
1033 1125 1170 1180 Nam
1196 1127 1311 1181 locu
1333 1129 1618 1185 describere
1641 1133 1852 1203 longum
1881 1143 2032 1187 esset.

204 1208 264 1263 ν.
289 1211 416 1264 1am
442 1213 505 1266 de
533 1216 801 1271 codicibus
845 1219 992 1272 nobis
1021 1221 1298 1290 agendum.
1341 1223 1668 1279 Memoratur
1697 1246 1726 1278 ιι
1761 1226 2112 1281 Felckmanno
2150 1228 2368 1296 infetius
2406 1226 2457 1280 in
2488 1225 2700 1296 Fragm.
2728 1243 2791 1278 ea:
2822 1228 2989 1280 indice
3017 1225 3243 1296 quodam
3281 1225 3355 1279 Μ.

151 1299 306 1354 Crasii
335 1309 814 1375 manuscriptorum
842 1311 929 1378 qui
964 1320 1073 1363 tum
1109 1315 1356 1381 temporis
1389 1315 1845 1386 Constantinopoli
1883 1330 2055 1383 erant,
2089 1331 2296 1373 exstare
2327 1321 2469 1388 apud
2501 1319 2921 1371 illustrissimum
2952 1318 3234 1386 principem
3261 1316 3358 1370 Ja-

148 1391 314 1442 cabum
347 1392 728 1450 Marmoretam
762 1397 818 1452 S.
857 1399 1134 1454 Athanasii
1161 1404 1533 1473 archiepiscopi
1559 1405 1903 1460 Alexandrini
1931 1409 2329 1473 explicationem
2359 1407 2413 1460 in
2440 1407 2756 1461 Psalterium
2791 1407 3026 1463 Davidis.

203 1481 439 1537 Andreas
484 1486 772 1554 Arnoldus,
805 1489 1282 1564 Norimbergensis,
1310 1499 1362 1550 in
1396 1501 1708 1568 praafatione
1755 1518 1849 1555 sua
1894 1503 1962 1554 ad
2011 1501 2304 1573 Syntagma
2351 1503 2612 1556 doctrinae
2660 1506 2864 1558 nomine
2905 1505 3185 1558 Athanasii
3210 1505 3273 1557 ab
3305 1521 3357 1560 se

147 1573 324 1626 editum
358 1576 589 1631 Parisiis
623 1598 759 1634 anno
795 1583 951 1649 1685,
978 1588 1086 1640 hinc
1117 1587 1310 1642 habet:
1350 1609 1365 1639 ι
1397 1589 1650 1645 Volebam
1677 1607 1762 1645 me
1797 1593 2043 1646 conferre
2065 1595 2127 1647 ad
2155 1592 2479 1647 recensenda
2514 1595 2683 1648 sancti
2722 1596 2999 1650 Athanasii
3037 1595 3268 1665 capitula
3303 1599 3355 1650 in

149 1667 400 1736 Psalmos,
429 1672 573 1728 sicut
613 1693 679 1730 ex
723 1694 825 1733 ms.
870 1681 1253 1751 antiquissimo
1296 1686 1710 1757 descripseram,
1751 1688 1964 1742 diversa
2000 1704 2029 1742 a
2064 1686 2273 1743 Latinis
2305 1688 2493 1757 Angeli
2524 1687 2796 1752 Politiani,
2833 1699 2886 1743 et
2914 1689 3116 1744 Graecis
3148 1690 3277 1744 tomi
3315 1688 3354 1741 ll

146 1773 380 1827 sperum,
408 1765 516 1819 nisi
542 1781 694 1822 novae
722 1772 1086 1828 cunctationis
1133 1775 1231 1828 iter
1274 1775 1466 1832 fuisset
1500 1778 1825 1846 impatiens:
1857 1779 1996 1833 dabo
2032 1780 2243 1831 initimn
2288 1789 2342 1832 et
2379 1778 2561 1843 linem,
2595 1790 2651 1833 ut
2682 1779 2728 1832 si
2762 1777 2890 1847 quid
2927 1776 3255 1832 monendum
3285 1779 3362 1856 sit

147 1853 416 1921 peritiores
455 1873 678 1912 monere
717 1861 1005 1931 dignentur
1035 1883 1047 1917 :
1072 1866 1355 1937 Μακάριος
1393 1867 1550 1937 ἀνὴρ,
1588 1869 1712 1934 ἕως,
1745 1887 1767 1920 o

1745 1872 1843 1922 οὐκ
1875 1870 2143 1922 ἐκάθισεν.
2179 1869 2287 1940 Τὴν
2310 1869 2480 1939 ἀρχὴν
2516 1870 2612 1938 τῆς
2640 1868 2979 1941 προφητείας·
2994 1867 3071 1937 τῷ
3099 1867 3156 1933 ἐξ
3193 1866 3353 1920 αὐτοῦ

145 1944 267 1996 κατὰ
300 1945 484 2016 σάρκα
513 1949 892 2024 τεχθησομὲνῳ
914 1958 1226 2030 ἀνατίθησιν
1251 1963 1278 2013 ὁ
1302 1961 1463 2014 Δαϐίδ
1487 1981 1498 1992 ·
1526 1963 1604 2015 διὸ
1636 1965 1691 2015 ὲν
1724 1962 1956 2034 πρώτοις
1989 1963 2277 2034 μακαρίζει
2303 1965 2428 2026 τοὺς
2460 1965 2518 2015 ὲν
2550 1963 2689 2034 (lege
2716 1965 2826 2034 εἰς)
2855 1961 3013 2017 αὑτὸν
3039 1960 3352 2032 ἠλπικότας.

148 2035 374 2090 Desinit:
400 2039 557 2092 Πᾶσα
609 2044 743 2112 πνοὴ
776 2047 1040 2101 αἱνεσάτω
1089 2050 1178 2103 τὸν
1219 2051 1439 2122 Κύριον.
1471 2054 1699 2124 Νοήσεις
1733 2056 1830 2124 τὴν
1860 2057 2045 2124 πνοὴν,
2069 2058 2160 2124 ἀφ’
2181 2048 2252 2107 ὧν
2285 2054 2519 2122 Μωῦσῆς
2558 2053 2931 2122 ἀναγέγραφεν
2957 2068 2969 2080 ·
3005 2052 3086 2103 ὅτι
3121 2049 3299 2102 λαϐὼν
3323 2051 3352 2102 ὁ

143 2127 254 2193 Θεὸς
276 2131 404 2200 χοῦν
428 2133 537 2185 ἀπὸ
566 2135 663 2204 τῆς
691 2136 809 2206 γῆς,
838 2138 1034 2195 ἔπλασε
1065 2145 1152 2197 τὸν
1177 2145 1479 2216 ἄνθρωπον,
1508 2148 1598 2199 καὶ
1626 2147 1956 2219 ἐνεφύσησεν
1981 2151 2059 2212 εἰς
2084 2149 2142 2201 τὸ
2176 2148 2459 2218 πρόσωπον
2509 2145 2671 2198 αὐτοῦ
2708 2144 2922 2212 πνεῦμα
2952 2140 3115 2212 ζωῆς.
3134 2140 3215 2194 Ab
3246 2141 3354 2194 ini-

145 2227 207 2278 tio
225 2227 441 2295 dicitur,
482 2239 591 2284 tres
619 2231 786 2288 fuisse
815 2239 1034 2294 ordines
1067 2242 1206 2310 apud
1235 2241 1470 2308 Judatos,
1506 2260 1765 2316 γραμματ

1734 2245 1872 2298 ,τέων
1902 2246 2180 2306 nimirum,
2213 2246 2306 2297 καὶ
2337 2243 2639 2314 Φαρισαίων
2667 2239 2760 2291 καὶ
2787 2233 3039 2306 νομικῶν.
3075 2232 3354 2288 Probabile

141 2329 211 2375 est
231 2320 489 2392 νομικούς
516 2326 651 2379 istos
680 2341 799 2380 esse
819 2327 1165 2396 Sadducacos,
1193 2335 1281 2403 qui
1315 2335 1483 2404 legem
1512 2337 1628 2390 sine
1669 2348 1761 2390 trat

1732 2339 1958 2392 sditione
1991 2340 2354 2392 sectabantur.
2385 2357 2403 2387 ι
2441 2335 2566 2390 Htec
2598 2333 2860 2387 Arnoldus
2881 2349 2898 2384 :
2933 2327 3145 2400 νομικοί
3179 2337 3352 2380 autem

143 2419 212 2470 ἰ.Ιί
233 2430 351 2472 sunt
380 2420 672 2489 legisperiti
709 2423 761 2474 in
791 2422 1072 2494 Eranqelio
1096 2431 1388 2482 memorati.
1426 2430 1553 2486 Ηωσ
1587 2444 1761 2487 autem
1793 2433 2018 2486 Arnoldi
2046 2433 2280 2503 capitula
2310 2433 2538 2501 idipsum
2567 2442 2688 2485 sunt
2719 2431 2854 2502 quod
2883 2428 3229 2493 expositiones
3255 2441 3353 2477 no-

142 2526 253 2569 stra
291 2516 343 2568 in
383 2515 732 2581 Psalterium,
773 2528 827 2570 ut
852 2515 1006 2584 liquet
1038 2531 1102 2569 ea:
1132 2517 1420 2586 fragmento
1453 2519 1515 2572 ab
1553 2520 1702 2573 initio
1745 2520 1933 2585 allato,
1966 2537 2086 2572 nam
2122 2538 2175 2573 in
2207 2521 2308 2589 ﬁne
2338 2520 2539 2573 mutilas
2580 2531 2698 2572 sunt
2733 2516 3079 2586 expositiones
3118 2514 3254 2566 istae.
3286 2509 3353 2563 Ut

140 2611 378 2676 augurari
401 2627 560 2676 porro
590 2613 709 2664 licet
743 2627 806 2666 ea:
826 2610 1045 2664 Arnoldi
1064 2611 1253 2675 verbis,
1289 2614 1524 2682 capitula
1551 2616 1696 2668 ista’c
1724 2632 1824 2666 non
1845 2617 2048 2684 integra
2071 2628 2237 2680 erant,
2273 2616 2361 2667 sed
2402 2623 2642 2682 excerpta
2681 2614 2919 2683 quadam
2948 2626 3012 2663 ex
3045 2609 3223 2678 aliqua
3251 2605 3354 2660 Ca-

137 2709 260 2759 tena,
300 2717 392 2752 nec
420 2712 584 2755 tanta:
609 2703 758 2756 molis
787 2710 996 2771 quantte
1017 2701 1124 2754 htzc
1150 2705 1524 2755 commentaria
1551 2720 1664 2772 qua:
1687 2719 1778 2757 nos
1800 2704 2021 2758 edimus.

196 2785 279 2844 Vl.
316 2789 408 2843 Vir
429 2793 757 2849 clarissimus
787 2796 997 2850 Gabriel
1024 2796 1328 2861 Crodecius,
1349 2816 1512 2868 supra
1546 2809 1886 2866 memoratus,
1917 2817 2035 2854 cum
2064 2800 2205 2854 haud
2241 2801 2316 2853 ita
2349 2799 2548 2867 pridem
2583 2796 2914 2852 bibliothecas
2948 2792 3124 2846 Italiae
3150 2789 3350 2844 lustra-

134 2890 222 2945 ret,
246 2880 550 2936 Mediolano
578 2884 784 2938 litteras
816 2887 883 2938 ad
912 2904 989 2940 me
1023 2888 1183 2951 misit,
1210 2899 1282 2953 et,
1313 2906 1417 2960 qua
1441 2900 1518 2944 est
1545 2908 1669 2961 erga
1705 2909 1795 2946 nos
1830 2893 2179 2955 humanitate,
2212 2893 2345 2944 hanc
2378 2890 2847 2956 manuscriptorum
2876 2881 3198 2938 bibliotheca:
3227 2879 3354 2932 Am-

134 2968 380 3026 brosiam
413 2975 659 3028 notitiam
689 2977 909 3044 praebuit
949 2979 1074 3048 ipsis
1107 2979 1295 3034 verbis.

131 3105 189 3144 EX
215 3105 404 3145 CODICE
446 3107 815 3148 MANUSCRIP'I'O
844 3108 1205 3148 ΒΙΒΙΛΟΤΗΕΕΕ
1238 3103 1605 3156 ΑἏΒΒΟΞΙΔΝΕ,
1642 3110 1751 3158 QUAE

1727 3110 1756 3147 ε
1779 3110 1877 3147 ssr
1905 3109 2188 3148 “meum
2221 3110 2344 3151 csa.
2377 3110 2428 3148 κ.
2465 3110 2516 3147 n.
2547 3093 2673 3154 451,
2702 3107 2752 3144 ιιι
2779 3105 2882 3153 ouo
2909 3101 3180 3143 couscn
3215 3099 3347 3139 spur

627 3205 790 3244 OHNIA
820 3205 889 3243 EI
921 3203 1192 3243 COD|CIBUS
1221 3205 1600 3243 MANUSCRII‘TIS
1631 3206 1861 3245 EIUSDEM
1900 3205 2263 3244 BIBLlOTIlECE
2296 3205 2568 3244 HACTENUS
2601 3201 2840 3241 INEDITA.

196 3318 214 3349 ι
240 3299 712 3354 Commentarium
742 3299 915 3354 sancti
945 3297 1224 3353 Athanasii
1257 3299 1308 3351 in
1344 3299 1605 3360 Psalmos,
1637 3316 1768 3354 mss.
1802 3301 1816 3351 t

1731 3316 1768 3354 ε.
1802 3297 2145 3354 Graeco-Lat.
2174 3298 2419 3352 Graecum
2449 3293 2878 3364 manuscriptum
2908 3289 3239 3359 descriptum
3268 3297 3351 3342 est

131 3410 188 3448 ex
213 3397 400 3451 codice
431 3397 772 3451 bibliotheca:
800 3395 976 3466 Regia:
1017 3395 1069 3448 in
1105 3395 1390 3461 Escurial.,
1426 3396 1615 3450 Latine
1656 3411 1784 3450 vero
1832 3396 2150 3450 translatum
2184 3393 2279 3456 (ut
2313 3391 2444 3445 mihi
2487 3390 2752 3444 referebat
2782 3386 2842 3438 D.
2877 3384 2970 3456 Ν.)
3007 3384 3076 3438 ab
3111 3381 3351 3437 Antonio

127 3488 341 3560 Giggeo.
372 3490 530 3556 Quod
566 3501 742 3544 tamen
770 3504 893 3544 esse
937 3503 1042 3542 non
1075 3497 1249 3557 potest
1282 3507 1294 3541 :
1330 3505 1453 3542 nam
1489 3491 1541 3542 in
1585 3489 1920 3557 frontispicio
1968 3488 2133 3557 hujus
2166 3487 2368 3541 codicis
2403 3485 2544 3539 hanc
2573 3492 2886 3554 sequentem
2914 3478 3350 3537 observationem

130 3586 291 3651 reperi
321 3584 515 3639 eadem
548 3600 710 3639 manu
749 3584 1005 3653 scriptam
1035 3598 1141 3653 qua
1176 3583 1355 3638 vet-sio
1386 3584 1474 3637 illa
1507 3585 1697 3640 Latina
1723 3585 2113 3642 Commentarii
2143 3586 2196 3639 in
2229 3583 2488 3638 Psalmos.

195 3699 210 3729 ι
237 3679 360 3734 Vidi
387 3682 440 3733 in
471 3680 796 3736 bibliotheca
830 3679 1184 3733 Ambrosiana
1213 3680 1568 3734 illustrissimi
1598 3683 1744 3736 card.
1780 3682 2053 3736 But-romae
2079 3721 2093 3745 ,
2127 3690 2448 3749 suggerente
2482 3677 2785 3732 clarissimo
2812 3675 3034 3730 doctore
3065 3681 3119 3729 et
3138 3673 3350 3742 lingua-

130 3787 147 3814 ι
173 3784 294 3822 rum
329 3771 674 3825 orientalium
697 3772 1024 3840 peritissimo
1042 3771 1102 3825 ι).
1128 3773 1359 3827 Antonio
1378 3773 1599 3845 Giggeo,
1625 3776 1741 3830 viro
1774 3778 1904 3830 mihi
1933 3775 2277 3835 charissimo,
2301 3773 2552 3827 volumen
2581 3771 2871 3825 Arabieum
2895 3769 3063 3833 in-l6,
3090 3767 3143 3823 in
3162 3775 3348 3823 charta

130 3883 143 3908 ι
173 3865 523 3931 bombacina,
555 3877 615 3921 ut
642 3880 858 3934 vocant,
892 3869 1065 3937 fusca,
1092 3871 1195 3925 300
1227 3882 1279 3924 et
1307 3872 1443 3925 ultra
1477 3889 1763 3939 annorum,
1791 3875 1842 3927 in
1885 3887 1994 3942 quo
2028 3871 2257 3925 Arabice
2284 3879 2438 3923 erant
2469 3870 2582 3922 haec
2627 3867 2735 3922 duo
2771 3862 3032 3934 opuscula
3062 3861 3346 3916 Athanasii

129 3977 144 4006 ί
174 3964 224 4012 in
253 3960 532 4027 Psalmos,
560 3964 833 4033 perbrevis
874 3967 962 4021 illa
998 3968 1248 4038 synopsis
1271 3968 1627 4035 Psalmorum,
1662 3981 1756 4025 aut
1780 3985 2104 4040 quocunque
2137 3968 2245 4022 alio
2282 3966 2444 4021 modo
2473 3973 2696 4020 vocetur
2721 3961 2787 4017 ad
2819 3959 3222 4023 Marcellinum,
3254 3957 3350 4012 de-

127 4071 142 4097 ‹
171 4051 292 4105 inde
322 4052 524 4122 integri
555 4058 925 4112 commentarii
962 4062 1206 4127 perpetui
1241 4060 1292 4112 in
1325 4062 1471 4128 ipsos
1503 4060 1768 4124 Psalmos.
1812 4077 1948 4131 quos
1978 4062 2179 4116 contuli
2242 4075 2364 4114 cum
2395 4057 2514 4112 istis
2547 4055 2769 4121 Graecis,
2800 4066 3010 4109 necnon
3041 4065 3164 4106 cum
3192 4048 3349 4105 Eclo-

127 4159 142 4188 ι
168 4141 248 4209 gis
267 4142 628 4198 Catenarum.
653 4145 730 4202 Ac
763 4147 889 4201 licet
915 4163 1009 4202 eos
1037 4149 1337 4205 laudabiles
1360 4151 1622 4221 alioquin,
1653 4168 1750 4206 nec
1782 4153 2036 4223 indignos
2075 4150 2357 4205 Athanasii
2392 4146 2709 4201 offenderint
2731 4185 2747 4209 ,
2777 4139 3134 4199 nihilominus
3166 4147 3344 4194 tamen

127 4249 140 4276 ι
169 4233 494 4302 neutiquam
520 4249 644 4288 cum
689 4236 811 4291 istis
850 4238 1241 4294 conveniebant
1274 4258 1289 4294 :
1323 4242 1497 4295 solum
1535 4243 1824 4313 explicatio
1859 4244 2014 4312 primi
2049 4258 2238 4296 versus
2273 4238 2464 4310 psalmi
2493 4238 2650 4306 primi
2683 4234 2985 4309 quadrabat
3013 4246 3136 4288 cum
3159 4231 3344 4301 ecloga

126 4348 142 4378 ε
167 4333 412 4399 quadam
445 4333 684 4396 Catenae,
711 4351 872 4405 quam
905 4353 1004 4391 suo
1031 4337 1150 4393 loco
1173 4340 1372 4404 notavi,
1393 4349 1446 4395 et
1469 4342 1662 4396 deinde
1693 4342 1744 4395 in
1771 4343 2008 4396 secundo
2034 4355 2284 4396 versu....
2315 4337 2628 4410 quidem....
2650 4330 2992 4403 quadrabant
3017 4323 3198 4381 omnia
3220 4339 3344 4380 cum

125 4444 140 4470 ε
169 4424 288 4481 istis
315 4429 755 4495 commentariis,
784 4429 877 4484 sed
912 4432 1157 4487 oratione
1196 4441 1251 4487 et
1293 4434 1432 4504 stylo
1471 4451 1836 4505 nequaquam.
1883 4437 2131 4504 clareque
2165 4434 2420 4503 scriptum
2456 4441 2651 4484 nomen
2680 4419 2986 4488 Athanasii,
3025 4415 3346 4472 Athanasius

127 4538 140 4566 I
169 4520 485 4585 patriarcha
513 4520 868 4575 Alexandrina.
893 4542 909 4571 ι

187 4629 203 4657 ι
234 4607 294 4662 In
347 4609 456 4664 hac
501 4611 878 4666 observatione
927 4611 1126 4665 mentio
1161 4611 1219 4665 tit
1261 4613 1476 4666 Antonii
1507 4613 1712 4684 Giggei,
1741 4629 1934 4668 manus
1973 4628 2100 4667 vero
2137 4613 2324 4667 eadem
2360 4624 2481 4663 cum
2531 4605 2624 4661 illa
2652 4605 2918 4660 versionis
2941 4606 3148 4661 Latina:
3173 4625 3186 4660 :
3215 4621 3344 4676 ergo

119 4704 436 4772 neutiquam
464 4703 720 4773 Giggeus,
758 4707 848 4760 sed
878 4707 1093 4775 quidam
1130 4708 1268 4762 alius
1303 4716 1490 4763 auctor
1547 4709 1816 4762 versionis
1874 4708 2030 4761 istius
2061 4723 2178 4760 esse
2205 4703 2382 4771 debet,
2415 4717 2575 4772 quem
2616 4698 2855 4755 indicare
2889 4699 3018 4752 mihi
3051 4714 3210 4753 nemo
3245 4715 3343 4768 po-

118 4795 227 4849 tuit.
262 4794 465 4865 Βερρτί
514 4799 584 4851 ibi
618 4799 719 4852 sub
765 4799 922 4854 linem
963 4801 1120 4853 etiam
1177 4802 1421 4870 qmedam
1470 4803 1721 4856 adnotata
1759 4817 1916 4870 supra
1953 4801 2216 4869 psalmum
2253 4813 2358 4862 cu,
2388 4796 2476 4850 cui
2513 4795 2614 4848 ista
2659 4803 2784 4848 nota
2818 4793 3097 4847 Athanasii
3125 4793 3342 4864 praeﬁxa

116 4897 220 4939 erat
249 4908 262 4940 :
295 4880 474 4951 Οὗτος
503 4890 532 4940 ὁ
563 4889 771 4961 ψαλμὸς
793 4891 886 4944 καὶ
907 4891 1210 4962 ἰδιόγραφος
1236 4891 1312 4962 τῷ
1334 4894 1516 4958 Δαϐὶδ,
1546 4894 1637 4946 καὶ
1663 4893 1855 4958 ἔξωθεν
1877 4891 1967 4943 τοῦ
1998 4887 2252 4959 ἀριθμοῦ,
2282 4888 2364 4941 ὅτι
2392 4886 2767 4957 ἐμονομάχησε
2796 4886 2884 4939 τὸν
2906 4883 3117 4939 Γολιάθ.
3153 4883 3342 4956 Incipit

118 4983 546 5036 commentarius
571 5003 583 5036 :
613 4984 822 5054 Μικρὸς
849 4986 994 5055 ἢμην
1025 4987 1081 5037 ἐν
1108 4989 1218 5050 τοῖς
1251 4986 1493 5055 ἀδελφοῖς
1525 5005 1642 5057 μου.

186 5085 204 5115 ι
234 5066 690 5125 Commentarius
727 5071 967 5141 ejusdem
994 5075 1165 5128 sancti
1194 5074 1472 5128 Athanasii
1502 5073 1555 5127 in
1579 5075 1799 5128 Cantica
1829 5075 2017 5127 Mar-ia:
2041 5073 2235 5125 sororis
2268 5069 2490 5140 Moysis,
2523 5076 2572 5122 et
2597 5066 2815 5135 Moysis.

180 5177 200 5208 ι
231 5157 500 5230 Synopsis
532 5172 581 5215 et
611 5162 970 5233 interpretatio
993 5184 1174 5222 vocum
1214 5167 1745 5238 Hebraicarunt,qua:
1777 5172 1828 5222 in
1862 5169 2250 5223 commentariis
2276 5167 2553 5219 Athanasii
2584 5165 2930 5233 reperiuntur,
2962 5175 3066 5216 ms.
3096 5159 3341 5216 Hebraeo-

115 5241 393 5308 Latinum,
429 5250 620 5338 ordine
647 5251 1005 5321 alphabetico.
1037 5255 1228 5326 Incipit
1256 5276 1268 5310 :
1299 5258 1475 5310 Aaron
1515 5258 1650 5326 psal.
1681 5275 1859 5321 Lxxvt,
1892 5275 2022 5312 vers.
2060 5258 2158 5311 ult.
2194 5265 2360 5342 Tnm,
2395 5257 2650 5325 Spiritus,
2685 5255 2926 5327 Πνεῦμα,
2962 5257 3055 5311 sed
3092 5270 3340 5311 commu-

115 5337 244 5390 niter
272 5337 601 5407 exponitur,
622 5358 789 5408 mons,
817 5359 910 5400 seu
944 5355 1241 5411 montanus,
1271 5348 1411 5401 sicut
1444 5358 1496 5402 et
1526 5348 1660 5417 psal.
1694 5365 1916 5412 Lxxvnt,
1952 5347 2003 5412 Ο,
2029 5350 2083 5403 7.

184 5451 200 5479 ι
228 5428 509 5500 Escerpta
535 5448 654 5503 quae
671 5434 736 5488 ad
755 5435 1103 5491 Athanasium
1132 5448 1393 5507 spectant,
1411 5456 1474 5492 ex
1493 5453 1677 5494 catena
1706 5443 1758 5492 in
1785 5440 2022 5494 Psalmos
2043 5441 2093 5494 in
2113 5438 2316 5494 Cod.V.
2349 5442 2405 5492 Δ.
2432 5440 2498 5492 10
2528 5438 2860 5493 bibliothecae
2889 5437 3259 5494 Ambrosiana:
3273 5454 3338 5493 ex

117 5523 193 5581 his
243 5527 515 5582 omnibus
565 5529 882 5584 auctoribus
925 5533 1144 5586 collecta
1191 5552 1202 5587 :
1250 5532 1642 5595 Nazianzenus,
1677 5533 1928 5600 Basilius,
1966 5536 2400 5606 Chrysostomus,
2446 5530 2795 5595 Athanasius,
2830 5527 3126 5600 Nyssenus,
3164 5527 3328 5601 llesy.

115 5617 281 5683 chius,
314 5618 610 5689 Georgius,
638 5618 1006 5676 Theodoretus
1047 5627 1330 5692 episc0pus
1359 5622 1634 5694 Cyrensis,
1673 5623 1926 5686 Severus,
1963 5625 2242 5696 Origenes,
2274 5626 2550 5695 Didymus.
2588 5625 2874 5693 Eusebius,
2914 5624 3137 5690 Esdras.
3175 5625 3340 5682 Eulo-

117 5705 246 5776 gius,
276 5707 526 5763 Isidorus
550 5706 845 5775 Pelusiota,
875 5709 1088 5778 Arelas,
1111 5713 1495 5782 Apollinarius,
1521 5713 1707 5769 Jovius
1730 5717 1832 5782 (sic
1858 5717 2116 5781 scriptum
2143 5716 2232 5768 τοῦ
2260 5715 3338 5790 ’Io6lou),JustinusPhiIOSOphus,Joan-

119 5808 202 5847 nes
225 5794 622 5867 Philosophus,
653 5796 906 5870 Ephrem,
937 5797 1224 5864 Maximus,
1259 5803 1644 5871 Damascenus,
1681 5807 2036 5877 Augustinus,
2065 5805 2448 5878 Hieronymus,
2473 5795 2792 5878 Antiochus,
2843 5810 3136 5879 Adrianus,
3161 5809 3338 5865 Theo—
