4102 6304
734 324 799 383 51
1571 328 1627 383 S.
1670 328 2039 385 ATHANASII
2079 329 2228 385 OPP.
2272 328 2452 386 PARS
2489 329 2575 385 Ill.
2625 360 2688 371 —
2725 329 3130 387 EXECETICA.
3888 328 3942 385 ει

735 447 903 498 dorus
922 442 1308 507 Antiochenus,
1336 441 1506 509 Nilus,
1527 444 1847 499 Anastasius
1886 443 2155 510 Nicenus,
2188 454 2237 500 et
2262 444 2583 499 Anastasius
2600 443 2806 499 Sinaita
2823 444 3209 508 Antiochenus,
3231 443 3499 508 Asterius,
3516 440 3938 515 Olympiodorus,

737 533 1086 603 Epiphanius,
1113 535 1355 589 Andreas
1400 533 1693 602 Cretensis,
1738 536 1981 591 Andreas
2033 535 2403 599 Caesariensis,
2457 535 2681 591 Cosmas
2738 534 3171 605 lndicopleustes,
3229 534 3613 602 (Ecumenius,
3659 533 3939 590 Marcus...

735 628 1048 691 Cassianus,
1078 628 1393 701 Hippolytus
1425 628 1723 697 Romanus,
1760 630 2119 695 Herodianus,
2151 630 2610 702 Thaumaturgus,
2642 640 2837 701 praeter
2873 630 3010 685 alios
3050 646 3370 702 anonymos,
3405 637 3465 685 ut
3497 630 3697 685 dicitur
3738 628 3936 682 ibidem.

736 728 800 780 Et
826 729 1093 784 editiones
1127 727 1486 793 Psalmorum,
1515 744 1609 784 seu
1639 729 2044 792 translationes,
2069 731 2267 799 quibus
2298 731 2379 785 usi
2416 739 2543 785 sunt
2569 730 2622 783 in
2651 738 2865 790 catena,
2902 727 3098 783 ibidem
3134 729 3353 791 dicitur,
3384 725 3603 780 fuerunt
3626 724 3940 795 Symmachi,

737 823 965 892 Aquilae,
1002 822 1415 887 Theodotionis,
1452 832 1505 876 et
1542 820 1890 891 Septuaginta
1921 821 2301 891 lnterpretum.
2336 820 2513 876 Codex
2551 820 2831 889 originalis
2871 820 2925 872 in
2957 834 3279 889 pergamena
3318 816 3753 886 antiquissimus,
3782 824 3835 869 et
3870 813 3940 868 di-

735 934 889 974 versa
920 929 1049 975 sunt
1079 920 1316 990 plurima
1353 919 1421 973 ab
1452 919 1556 973 illis
1590 934 1619 972 a
1650 916 1892 972 Barbaro
1915 918 2097 971 editis.
2128 916 2186 971 In
2215 919 2314 972 hac
2343 916 2658 971 collectione
2685 914 2868 969 Graece
2893 923 3123 968 tantum.

803 1031 822 1062 ε
864 1009 1113 1067 Extracta
1160 1029 1223 1067 ex
1264 1012 1466 1068 Catena
1511 1011 1847 1067 Psalmorum
1898 1011 1951 1065 in
1998 1024 2322 1081 pergameno
2346 1011 2401 1064 in
2430 1008 2550 1064 cod.
2600 1024 2683 1073 Ill,
2712 1007 2778 1063 ll.
2814 1008 2900 1071 14,
2948 1021 3014 1062 ea
3054 1020 3173 1075 quae
3202 1002 3475 1074 pertinent
3504 1000 3571 1055 ad
3602 998 3940 1055 Athanasium

737 1104 919 1161 Grece
949 1118 1177 1163 tantum.

806 1220 822 1247 ι
842 1197 1117 1257 Periocha
1145 1208 1198 1256 et
1226 1202 1552 1272 hypotheses
1586 1201 1773 1255 breves
1802 1200 2161 1264 Psalmorum,
2194 1213 2315 1270 qua:
2342 1198 2713 1253 attribuuntur
2745 1193 2980 1249 Eusebio
3014 1192 3066 1245 in
3096 1191 3284 1246 codice
3314 1205 3410 1253 vn,
3444 1187 3503 1242 E.
3527 1187 3611 1252 18,
3631 1187 3834 1253 Graec,
3862 1204 3939 1242 ex-

729 1301 924 1361 cerptas
965 1308 1029 1347 ex
1078 1303 1267 1348 catena
1320 1294 1524 1365 integra
1574 1294 1629 1347 in
1678 1290 1927 1345 Psalmos
1970 1300 2025 1346 et
2066 1291 2325 1345 attributa
2371 1288 2689 1351 Athanasio,
2739 1285 2957 1340 diversa
2992 1291 3175 1337 tamen
3207 1289 3453 1336 acatena
3500 1277 3726 1334 Barbari
3772 1278 3943 1333 Greece

735 1395 966 1441 tantum.

806 1499 826 1531 ε
866 1478 1189 1549 Fragmenta
1218 1480 1496 1537 Athanasii
1538 1498 1602 1537 ex
1637 1482 1801 1536 variis
1828 1482 2033 1537 catenis
2072 1480 2295 1536 collecta
2340 1481 2394 1533 in
2428 1479 2691 1549 Epistolas
2722 1478 2828 1531 divi
2868 1474 3049 1539 Pauli,
3080 1481 3133 1528 et
3168 1486 3233 1529 ex
3259 1476 3442 1525 catena
3469 1469 3522 1523 in
3555 1468 3713 1522 libros
3734 1468 3940 1540 Regum,

728 1572 931 1629 Graece.
980 1573 1207 1643 Subjicit
1232 1583 1418 1629 auctor
1446 1575 1649 1631 Latinae
1678 1573 1965 1640 versionis,
1999 1588 2158 1644 quem
2186 1588 2347 1641 supra
2379 1571 2610 1627 iudicavi
2646 1589 2659 1627 :

805 1690 823 1721 ι
850 1668 929 1723 Ex
955 1670 1341 1725 commentario
1366 1685 1459 1724 seu
1488 1679 1676 1724 catena
1701 1668 1803 1722 Titi
1838 1666 2142 1722 Bosuensis
2170 1668 2225 1719 in
2252 1666 2468 1729 Lucam,
2495 1682 2563 1720 ex
2590 1666 2981 1736 Chrysostomo
3016 1671 3070 1717 et
3101 1661 3223 1718 aliis
3248 1662 3493 1725 collecta,
3528 1664 3641 1717 haec
3680 1664 3854 1733 reperi
3883 1679 3941 1717 ex

735 1786 753 1817 ι
791 1767 1106 1830 Athanasio,
1142 1782 1262 1837 quae
1289 1774 1475 1836 postea
1504 1765 1706 1821 contuli
1737 1779 1860 1818 cum
1887 1763 2045 1818 editis
2074 1778 2103 1817 a
2140 1760 2383 1826 Peltauo,
2415 1776 2536 1831 quae
2560 1760 2748 1814 eodem
2780 1759 2941 1812 modo
2967 1772 3027 1813 se
3060 1757 3282 1820 habent,
3317 1757 3411 1813 sed
3445 1772 3639 1811 nomen
3667 1741 3945 1812 Athanasii

734 1880 751 1911 ι
789 1876 894 1915 non
939 1862 1011 1915 ibi
1041 1876 1379 1931 expressum,
1406 1875 1504 1915 nec
1544 1860 1632 1914 hic
1659 1859 1751 1913 ubi
1784 1858 2081 1921 desierunt,
2115 1857 2342 1926 ideoque
2380 1872 2489 1909 non
2516 1857 2669 1925 plura
2691 1854 2976 1923 descripsi,
3004 1855 3132 1923 quia
3171 1852 3427 1907 sublesta:
3454 1866 3635 1907 essent
3662 1853 3805 1907 ﬁdei.
3843 1853 3946 1921 Οὐχ

732 1974 752 2007 ι
790 1956 972 2019 ἁπλῶς
994 1956 1048 2008 δὲ
1076 1955 1137 2008 τὸ
1159 1956 1488 2027 γεννώμενόν
1511 1972 1670 2025 φησιν
1696 1953 1830 2025 πρὸς
1854 1953 1951 2023 τὴν
1975 1952 2248 2024 Παρθένον
2280 1955 2307 2004 ὁ
2327 1952 2573 2019 ἄγγελος,
2602 1952 2688 2003 ἵνα
2722 1951 2795 2020 μὴ
2836 1948 3031 2014 ἔξωθεν
3068 1950 3489 2019 ὲπεισαγόμενον
3516 1951 3651 2020 αὐτῇ
3686 1949 3847 2019 σῶμα
3869 1966 3948 2001 νο-

733 2071 748 2098 ·
783 2050 966 2121 μισθῇ,
993 2051 1104 2104 ἀλλ’
1122 2054 1362 2123 ἐπήγαγε
1416 2054 1509 2104 καὶ
1554 2052 1632 2115 τὸ,
1656 2053 1719 2104 ὲκ
1751 2050 1842 2101 σοῦ
1875 2066 1887 2079 ·
1928 2049 2012 2101 ἵνα
2042 2048 2100 2112 ἐξ
2120 2047 2286 2115 αὐτῆς
2317 2047 2527 2115 φύσεως
2552 2046 2613 2098 τὸ
2640 2044 2971 2114 γεννώμενον
3001 2040 3139 2096 εἶναι
3169 2044 3410 2115 πιστωοῇ
3441 2063 3454 2075 ·
3492 2044 3642 2113 ἅγιον
3664 2044 3718 2096 δὲ
3754 2042 3950 2112 κληθη.

731 2162 747 2189 ι
783 2143 1024 2214 σύμενον,
1050 2146 1146 2215 οὐχ
1166 2146 1238 2208 ὡς
1259 2146 1461 2199 ἓνοικον
1490 2146 1679 2210 ἕξοντα
1704 2146 1794 2197 τὸν
1820 2144 1945 2197 Υἱὸν
1974 2142 2065 2195 τοῦ
2093 2142 2225 2195 Θεοῦ
2257 2145 2348 2195 καὶ
2375 2145 2436 2195 ἐκ
2467 2142 2695 2213 μετοχῆς
2716 2139 3179 2210 ἁγιασθησόμενον
3200 2156 3213 2170 ·
3239 2139 3351 2196 ἀλλ’
3368 2140 3441 2204 ὼς
3466 2141 3592 2193 ὂντα
3624 2139 3763 2193 κατὰ
3791 2139 3950 2207 φύσιν

731 2260 745 2285 ι
784 2237 953 2304 ἅγιον,
976 2239 1051 2310 τῷ
1072 2240 1160 2293 τὸν
1187 2240 1342 2295 αὐτὸν
1362 2241 1485 2293 Υἰὺν
1512 2240 1771 2312 ὑπάρχειν
1812 2238 1945 2292 Θεοῦ
1980 2239 2072 2291 καὶ
2096 2238 2188 2291 ἕνα
2223 2234 2351 2291 εἶναι

2328 2255 2377 2290 ιι.
2410 2236 2485 2291 Ita
2510 2253 2567 2292 sc
2591 2238 2859 2291 habebant
2886 2245 2995 2290 tres
3024 2234 3236 2289 codices
3267 2237 3320 2288 in
3348 2250 3670 2305 pergamena
3700 2253 3828 2292 cum
3859 2252 3948 2291 ex-

730 2348 750 2379 s
790 2346 974 2397 presso
1012 2333 1229 2388 nomine
1254 2334 1568 2398 Athanasii;
1601 2334 1700 2389 hoc
1725 2332 1843 2387 loco
1870 2330 2150 2386 translatio
2174 2329 2378 2385 Peltani
2404 2346 2514 2383 non
2538 2330 2791 2399 exprimit
2819 2338 3088 2398 postrema
3118 2328 3367 2383 ﬁdeliter.
3408 2348 3427 2380 ι

800 2444 818 2473 σ
852 2424 916 2479 Ει
946 2438 1065 2495 post
1093 2444 1258 2497 pauca
1289 2429 1390 2483 alia
1424 2428 1719 2498 iragmenta
1749 2428 1908 2482 allata
1935 2427 2049 2481 hare
2076 2426 2378 2480 observatio
2414 2426 2611 2479 ibidem
2648 2426 2911 2493 reperitur
2946 2444 2958 2479 :

796 2540 813 2574 tl
848 2520 905 2575 lu
938 2523 1248 2593 Anthologio
1277 2524 1509 2593 quodam
1536 2520 1633 2576 SS.
1665 2520 1885 2576 Patrum
1916 2522 2028 2576 hac
2055 2521 2228 2590 reperi
2266 2535 2332 2574 ex
2357 2519 2658 2573 Athanasio
2699 2520 2751 2572 in
2776 2519 2957 2573 littera
2990 2518 3056 2583 A,
3081 2518 3271 2574 ordine
3308 2521 3450 2575 enim
3489 2520 3829 2590 alphabetico
3869 2522 3953 2576 di-

728 2636 746 2663 ι
785 2627 931 2683 gesta
959 2628 1111 2673 erant
1144 2620 1341 2687 capita,
1370 2627 1423 2674 et
1450 2617 1631 2672 omnia
1668 2616 1948 2687 desumpta
1976 2632 2040 2671 ex
2070 2616 2345 2672 veteribus
2376 2614 2647 2678 Patribus,
2680 2616 2893 2684 istaque
2916 2624 3070 2669 erant
3103 2616 3157 2669 in
3184 2630 3314 2668 voce
3349 2616 3743 2684 Ἀστρολογία,
3764 2629 3953 2689 utpras

728 2730 743 2759 ι
784 2727 841 2765 se
865 2710 967 2766 fert
996 2713 1203 2778 titulus,
1238 2731 1360 2768 cum
1394 2717 1591 2771 titulo:
1626 2716 1749 2768 Ὅτι
1778 2717 1825 2768 εἰ
1848 2715 1985 2769 κατὰ
2018 2714 2348 2786 ἀστρολογία

2332 2731 2370 2767 ιν
2401 2713 2468 2766 τὰ
2491 2711 3125 2785 καθ’ὴμᾶς,Ἀθανασίου
3155 2710 3557 2785 Ἀλεξανδρείας
3588 2714 3651 2766 ὲκ
3673 2713 3775 2783 τῆς
3809 2717 3952 2770 κατὰ

724 2822 742 2850 ι
784 2804 1054 2860 Ματθαῖον
1090 2806 1291 2875 βίϐλου.
1330 2826 1347 2857 ι
1381 2804 1505 2861 llaec
1535 2811 1587 2862 in
1622 2809 1853 2878 epistola
1871 2808 2142 2863 Grodecii.

792 2893 897 2949 Vll.
935 2896 1018 2951 Ea:
1055 2900 1192 2952 hisce
1217 2910 1387 2953 autem
1416 2918 1575 2954 unum
1603 2912 1697 2966 est,
1730 2902 1866 2972 quod
1906 2919 2159 2971 nusquam
2192 2910 2537 2955 memoratum
2577 2900 2896 2965 audivimus,
2934 2901 3167 2963 scilicet,
3204 2897 3627 2954 Commentarius
3662 2898 3955 2952 Athanasii

718 2988 773 3043 in
812 2987 1031 3043 Cantica
1062 2988 1244 3045 Maria
1270 3000 1323 3047 el
1350 2991 1535 3047 Mosis.
1570 2998 1681 3048 Hoc
1707 2992 1883 3049 auiem
1929 2994 2236 3063 opusculum
2274 3010 2643 3065 germanumne
2679 2994 2746 3046 sit
2801 3008 2863 3045 ea:
2903 2991 3017 3044 sola
3047 2991 3264 3045 lectione
3293 2991 3571 3043 internosci
3597 2999 3795 3057 potest,
3830 3006 3954 3043 cum

718 3098 751 3133 ο
779 3080 945 3145 nullo,
979 3084 1115 3152 quod
1145 3086 1347 3153 quidem
1385 3094 1572 3150 norim,
1600 3090 1813 3158 antiquo
1847 3089 2123 3142 laudatum
2150 3088 2329 3157 fuerit.
2375 3088 2574 3142 Obnixe
2600 3103 2715 3141 vero
2744 3086 3123 3153 postulavimus
3162 3101 3221 3138 ea
3248 3084 3538 3137 transmitti
3574 3084 3721 3136 nobis
3752 3100 3879 3153 qua:
3900 3085 3958 3138 in

718 3174 1164 3230 lucubrationibus
1200 3182 1391 3232 nostris
1424 3180 1807 3247 desiderantur,
1842 3183 1929 3234 sed
1969 3199 2085 3235 cum
2117 3182 2295 3236 nullus
2336 3184 2457 3236 istic
2500 3184 2831 3235 amanuensis
2868 3180 3045 3235 Graece
3084 3177 3427 3233 transcribere
3462 3180 3646 3247 possit,
3688 3180 3826 3233 votis
3860 3195 3957 3233 no-

719 3269 842 3322 stris
866 3269 1073 3339 obsequi
1097 3272 1308 3325 minime
1333 3276 1500 3342 potuit
1526 3277 1602 3329 vir
1630 3275 1963 3330 doctissimus
2008 3276 2353 3331 Muratorius.
2386 3277 2451 3330 Et
2486 3287 2741 3347 quantum
2772 3292 3007 3344 auguror
3044 3276 3368 3344 conjectura,
3401 3291 3505 3327 non
3544 3275 3679 3328 tanti
3712 3276 3961 3342 fortasse

717 3360 871 3419 pretii
892 3370 1012 3414 sunt
1045 3373 1234 3416 caetera
1262 3378 1279 3415 :
1311 3380 1431 3416 nam
1456 3365 1749 3434 fragmenta
1786 3367 1882 3419 illa
1921 3368 1973 3420 iu
2006 3367 2171 3420 libros
2203 3366 2406 3436 Regum
2449 3376 2498 3419 et
2547 3368 2601 3420 in
2651 3366 2983 3428 Matthaeum,
3011 3382 3111 3418 non
3134 3381 3197 3419 ea:
3230 3366 3485 3436 peculiari
3528 3368 3757 3437 quodam
3800 3385 3957 3422 com-

720 3457 973 3507 mentario
999 3457 1049 3507 in
1083 3456 1231 3508 hosce
1260 3456 1440 3517 libros,
1458 3459 1545 3510 sed
1571 3474 1633 3511 ea:
1656 3459 1776 3511 aliis
1800 3476 1912 3528 qua:
1928 3459 2042 3528 jam
2067 3468 2273 3512 exstant
2297 3458 2572 3512 Athanasii
2596 3458 2833 3527 operibus
2860 3459 3090 3510 maxima
3110 3472 3230 3524 pars
3245 3458 3505 3526 exscripta
3524 3461 3685 3524 luere,
3710 3468 3771 3510 ut
3802 3458 3961 3527 infra

719 3558 1005 3607 monemus,
1036 3554 1084 3597 et
1111 3549 1428 3613 experientia
1466 3551 1928 3617 comprobavimus.
1967 3549 2329 3618 Expositiones
2359 3564 2533 3604 autem
2563 3550 2616 3603 in
2652 3549 2897 3604 Psalmos
2923 3548 3113 3602 eadem
3146 3557 3398 3615 putantur
3423 3565 3533 3603 esse
3561 3564 3676 3617 qua
3708 3560 3957 3604 nastrse:

718 3639 954 3706 synopsis
980 3655 1116 3705 vero,
1149 3656 1237 3691 seu
1265 3642 1622 3711 interpretatio
1666 3644 1758 3697 illa
1791 3660 1967 3697 vocum
1998 3644 2377 3699 Ilebraicarutn
2416 3662 2531 3715 qua:
2571 3646 2627 3698 in
2670 3642 3081 3713 expositionibus
3112 3642 3390 3696 Athanasii
3430 3654 3634 3697 exstant
3660 3653 3717 3696 ut
3760 3646 3846 3698 vel
3891 3661 3962 3699 ea:

716 3730 975 3799 prioribus
1016 3733 1180 3786 verbis
1214 3736 1582 3788 cestintandum
1620 3737 1949 3808 relinquitur,
1985 3740 2137 3791 nihili
2164 3750 2256 3793 est.
2302 3739 2377 3793 De
2410 3739 2620 3808 reliquis
2653 3739 2699 3790 si
2733 3737 2941 3806 quando
2968 3737 3132 3789 lucem
3170 3738 3394 3791 viderint
3416 3737 3677 3807 judicium
3713 3739 3956 3804 feretur-

787 3820 919 3874 Vlll.
940 3823 1019 3874 Ad
1050 3826 1247 3877 codices
1270 3825 1385 3893 jam
1402 3830 1664 3882 veniamus
1690 3828 1824 3882 unde
1845 3831 1938 3883 has
1964 3831 2239 3883 Athanasii
2260 3831 2606 3898 expositiones
2635 3830 2860 3881 mutuati
2886 3845 3065 3881 sumus
3090 3844 3107 3881 :
3140 3837 3242 3881 tres
3270 3827 3415 3898 Regii
3446 3838 3587 3891 sunt,
3615 3825 3752 3880 l807
3783 3830 3963 3882 nimi-

718 3929 856 3976 rum,
882 3930 1029 3983 quem
1062 3913 1276 3983 Regium
1310 3917 1534 3983 primum
1575 3929 1839 3979 vocamus,
1867 3915 1990 3986 Reg.
2022 3934 2139 3970 vero
2168 3918 2220 3979 2,
2257 3917 2415 3979 1878,
2444 3916 2569 3985 Reg.
2595 3918 2648 3981 5,
2678 3916 2836 3969 1870.
2875 3913 3064 3983 Regius
3103 3918 3305 3984 primus
3336 3926 3411 3970 est
3452 3924 3634 3969 catena
3669 3918 3964 3988 antiquis-

717 4011 852 4063 sima
890 4015 953 4063 ab
993 4013 1143 4063 annis
1187 4010 1303 4078 plus
1340 4012 1675 4080 septingentis
1707 4021 1975 4079 exoratus,
2019 4014 2164 4066 bona:
2208 4024 2363 4065 notae.
2395 4011 2789 4064 Incommodum
2824 4022 2993 4064 tamen
3018 4011 3228 4076 accidit,
3260 4023 3316 4066 ut
3356 4013 3568 4067 nomina
3613 4014 3963 4081 scriptorum

721 4107 1053 4159 amanuensis
1097 4121 1320 4174 persa’pe
1367 4116 1580 4159 taceret.
1626 4104 1896 4159 Secundus
1931 4106 2052 4177 Reg.
2097 4110 2294 4179 egregie
2323 4109 2613 4176 descriptus
2646 4117 2695 4161 et
2724 4109 2867 4177 paris
2893 4109 3250 4178 antiquitatis,
3282 4110 3455 4161 minus
3487 4118 3658 4161 tamen
3685 4122 3965 4164 accurate

717 4211 965 4261 exaratus
1005 4203 1216 4254 nomina
1262 4210 1432 4255 tamen
1455 4205 1725 4272 diligenter
1755 4204 1990 4257 ascribit.
2020 4203 2246 4267 Tertius,
2274 4205 2362 4273 qui
2394 4206 2617 4258 mediam
2633 4204 2843 4257 secundi
2870 4215 3067 4272 partem
3097 4205 3473 4273 complectitur,
3504 4219 3674 4257 recens
3700 4214 3785 4257 est
3810 4214 3869 4258 et
3891 4222 3967 4260 ea:

721 4299 942 4352 secundo
965 4300 1278 4369 exscriptus,
1304 4300 1515 4368 ideoque
1538 4316 1638 4353 non
1662 4302 1794 4353 tanti
1818 4317 1962 4353 usus.
1991 4300 2112 4354 Tres
2138 4303 2259 4354 item
2286 4300 2433 4357 Colb.
2452 4312 2594 4365 sunt,
2614 4300 2771 4368 4445,
2796 4318 2945 4371 quem
2967 4301 3195 4367 primum
3216 4298 3362 4355 Colb.
3381 4299 3625 4364 dicimus,
3643 4300 3964 4355 secundum

720 4407 835 4443 vero
860 4378 1039 4455 4182;
1068 4397 1275 4446 tertium
1307 4396 1358 4447 in
1396 4395 1528 4447 duas
1570 4404 1743 4463 partes
1773 4396 2019 4456 divisum,
2047 4412 2267 4465 quarum
2302 4398 2472 4465 prima
2509 4414 2775 4450 numerum
2805 4399 2995 4451 obtinet
3022 4398 3179 4456 4680.
3207 4398 3435 4451 secunda
3467 4412 3583 4450 vero
3610 4394 3745 4449 s68!
3766 4435 3785 4451 .
3820 4398 3934 4456 Col

718 4482 945 4536 bertinus
975 4494 1167 4541 autem.
1190 4501 1336 4553 quem
1362 4488 1586 4552 primum
1617 4486 1864 4547 dicimus,
1892 4484 2079 4539 librant
2110 4487 2176 4538 ad
2207 4485 2574 4539 Marcellinum
2616 4484 2691 4540 De
2716 4486 3154 4555 interpretatione
3176 4483 3515 4541 Psalmorum
3546 4496 3761 4540 tantum
3789 4492 3969 4545 exhi-

720 4576 820 4628 bet.
850 4572 1116 4629 Secundus
1143 4576 1419 4629 Athanasii
1445 4588 1492 4629 et
1529 4576 1834 4629 Theodoreti
1863 4578 2206 4645 expositiones
2244 4577 2295 4629 in
2318 4576 2590 4636 Psalmos.
2616 4586 2792 4646 estque
2822 4577 2938 4650 plus
2971 4577 3072 4630 700
3099 4594 3354 4631 annorum
3384 4580 3617 4655 :Itertius
3641 4581 3968 4647 expositio-

719 4684 805 4723 nes
832 4672 955 4723 item
979 4668 1258 4725 Athanasii
1286 4688 1401 4725 cum
1432 4672 1691 4727 nonnullis
1722 4681 2027 4727 caeterorum
2061 4672 2305 4736 Patrum,
2336 4674 2420 4725 hic
2452 4673 2651 4727 utendis
2676 4683 2858 4739 scatet,
2885 4676 3284 4744 quingentorum
3305 4675 3511 4727 circiter
3538 4691 3843 4733 annorum.

785 4757 989 4813 Harum
1016 4764 1393 4830 expositionum
1417 4764 1705 4833 fragmenta
1733 4772 1972 4837 qutetlam
1997 4785 2028 4821 a
2063 4767 2275 4821 Daniele
2295 4766 2557 4831 Barbara,
2585 4769 2673 4836 qui
2708 4780 2885 4836 postea
2930 4769 3231 4835 patriarcha
3259 4769 3602 4839 Aquileiensis
3630 4770 3765 4837 fuit,
3797 4773 3969 4828 edita

716 4854 924 4919 {uerunt
965 4855 1018 4907 in
1062 4866 1245 4908 catena
1281 4855 1503 4911 Patrum
1547 4856 1843 4915 Crwcorum
1866 4862 1918 4914 in
1950 4859 2217 4923 Psalmos,
2257 4860 2479 4915 Venetiis
2523 4879 2650 4914 cusa
2672 4879 2808 4915 anno
2837 4861 2996 4925 £569,
3030 4864 3118 4915 ubi
3153 4862 3221 4915 ad
3248 4864 3738 4932 quinquagesimum
3775 4883 3972 4939 usque

712 4950 970 5019 psalmum
998 4952 1257 5005 duntaxat
1284 4957 1629 5021 expositiones
1657 4960 1941 5012 ducuntur.
1968 4957 2033 5009 Et
2061 4960 2358 5011 accuratior
2385 4959 2588 5027 quidem
2617 4959 2668 5010 in
2698 4958 2876 5010 multis
2902 4969 2976 5009 est
3002 4956 3341 5015 Corderiana.
3369 4959 3503 5013 Hinc
3528 4976 3665 5014 anno
3691 4961 3854 5018 1601
3895 4982 3970 5021 ex

714 5056 900 5100 catena
927 5046 1461 5106 NicetteHeracleota:
1494 5049 1871 5109 Felckmannus
1918 5065 2159 5123 excerpta
2199 5056 2443 5123 quadam
2483 5054 2648 5107 edidit
2674 5054 3022 5107 Athanasium
3068 5058 3377 5123 spectantia.
3420 5055 3691 5109 Postremo
3734 5059 3974 5119 Corde-

716 5143 823 5195 rius
848 5159 985 5195 anno
1019 5143 1152 5198 1645
1178 5146 1519 5215 prolixiorem
1560 5159 1791 5201 catenam
1826 5148 2049 5202 Patrum
2080 5150 2381 5203 Graecorum
2426 5150 2478 5203 in
2520 5158 2693 5202 totum
2733 5148 3053 5203 Psalterium
3086 5150 3271 5211 edidit,
3302 5149 3469 5204 tribus
3502 5152 3655 5203 tomis
3686 5169 3977 5225 compre.

713 5240 941 5302 hensum,
976 5239 1029 5293 in
1053 5258 1153 5311 qua
1183 5244 1310 5296 ηωυὶ
1333 5260 1435 5296 non
1465 5248 1616 5313 pauci
1640 5256 1935 5299 occurrunt.
1965 5246 2152 5301 Nobile
2181 5257 2352 5299 autem
2378 5260 2451 5300 est
2475 5247 2605 5299 illud
2632 5257 2864 5299 erratum
2894 5248 3030 5316 quod
3056 5246 3396 5316 expositiones
3421 5242 3674 5297 Theodori
3697 5256 3758 5299 et
3784 5249 3980 5305 Thoo—

709 5330 877 5384 doreti
904 5331 1197 5387 Athanasio
1223 5335 1469 5389 ascribat.
1514 5332 1577 5386 Et
1609 5336 1837 5404 quidem,
1860 5346 1912 5389 ut
1935 5354 2274 5407 auguramur,
2302 5340 2410 5389 hac
2445 5338 2621 5404 lapsus
2653 5354 2810 5390 causa
2852 5338 2992 5406 fuit:
3026 5340 3375 5391 Amanuenses
3408 5336 3496 5388 ubi
3533 5338 3585 5388 in
3621 5343 3853 5395 catenis
3894 5348 3975 5400 ad

713 5421 993 5489 marginem
1031 5423 1238 5475 nomina
1281 5425 1591 5492 scriptorum
1624 5436 1826 5490 notant,
1858 5430 2132 5480 Athanasii
2171 5445 2351 5481 nomen
2386 5428 2617 5481 indicant
2660 5446 2749 5497 per
2778 5430 3007 5483 litteram
3032 5432 3094 5497 A,
3118 5433 3202 5483 cui
3232 5445 3518 5501 sequentem
3551 5432 3605 5485 in
3641 5435 3978 5496 Athana“;

712 5515 935 5575 nomine,
961 5514 1002 5565 Θ
1034 5515 1232 5569 scilicet
1255 5519 1543 5586 imponuttt.
1586 5519 1681 5573 Ubi
1713 5532 1881 5575 autem
1917 5523 2172 5577 Theodori
2201 5525 2349 5577 lectio
2372 5534 2465 5587 est,
2493 5526 2713 5592 primam
2743 5526 2988 5579 similiter
3008 5526 3047 5578 Θ
3070 5526 3385 5591 describunt,
3411 5529 3493 5581 cui
3515 5530 3763 5584 litteram
3796 5537 3843 5587 Δ
3872 5538 3981 5595 de-

712 5624 863 5673 super
886 5612 1149 5678 scribunt;
1182 5614 1289 5666 hara
1324 5626 1494 5670 autem
1520 5618 1695 5672 littera
1724 5625 1773 5672 in
1794 5620 2055 5673 codicibus
2084 5623 2317 5688 proxime
2345 5624 2410 5675 ad
2437 5622 2665 5675 litteram
2696 5623 2736 5675 Α
2763 5624 2981 5685 accedit,
3019 5621 3104 5677 ubi
3137 5623 3297 5693 igitur
3327 5624 3454 5678 vidit
3493 5622 3558 5689 A,
3588 5632 3645 5676 ut
3674 5630 3976 5701 putabat,

712 5705 945 5773 superius
1005 5710 1046 5759 Η
1080 5725 1192 5761 vero
1222 5710 1437 5779 inferius
1469 5714 1705 5781 (Ιεδειὶὸι,
1748 5716 2086 5771 Athanasium
2116 5718 2193 5774 his
2224 5718 2508 5789 signiﬁcari
2544 5718 2833 5774 arbitratus
2864 5732 2961 5775 est.
