4074 6304
146 349 204 406 53
1007 347 1489 406 ARGUMENTUM
1528 349 1594 405 ΙΝ
1634 349 1965 406 PSALMOS.
2006 351 2437 410 —MONITUM.
3260 358 3331 413 54

204 462 280 518 IX.
307 462 400 518 Har
424 470 597 516 autem
630 461 975 531 expositiones
1001 464 1181 519 multis
1214 467 1266 519 in
1293 467 1421 520 locis
1444 467 1714 535 deficiunt,
1746 467 1870 537 quia
1901 465 2102 520 scilicet
2124 485 2461 522 arnanuenses
2486 484 2589 521 non
2615 472 2790 525 omnia
2818 473 3220 552 aescripserunt,
3240 478 3330 527 sed

144 556 362 625 pauciora
392 553 682 607 attulerunt
708 570 863 623 quam
888 556 1079 622 ferrent
1121 558 1401 612 Athanasii
1430 558 1650 613 codices.
1685 558 1825 612 Raro
1857 559 2021 611 evenit
2060 568 2118 611 ut
2162 562 2448 631 peregrina:
2476 562 2923 633 interpretationes
2954 582 3133 619 nomen
3166 565 3331 619 Atha-

144 647 260 699 nasii
282 644 577 713 prwferaut,
609 646 664 698 id
693 647 865 715 quoad
898 646 1123 715 facultas
1151 650 1269 702 tulit
1296 653 1365 702 ad
1398 653 1685 721 marginem
1709 652 2025 705 notavimus.
2054 649 2122 704 Et
2155 668 2279 706 sane
2311 652 2564 721 perfacile
2594 661 2669 705 est
2699 651 2753 703 in
2783 652 2920 703 hisce
2949 650 3140 719 stylum
3164 650 3330 703 Atha-

143 742 255 794 nasii
280 743 634 806 internoscere,
672 751 782 794 tum
811 744 934 812 quia
974 744 1025 795 in
1059 755 1359 814 argumento
1402 747 1701 815 plerumque
1730 762 1821 799 ceu
1851 749 2099 815 syllepsin
2134 748 2414 816 quamdam
2456 748 2615 800 totius
2643 744 2833 814 psalmi
2872 744 2932 798 ob
2960 744 3135 798 oculos
3163 745 3328 814 ponit,

142 840 183 887 et
206 835 389 902 quidem
438 849 561 887 mox
598 835 875 902 afferendi:
906 838 1326 906 interpretationi
1374 841 1595 909 affinem,
1621 848 1677 892 ut
1710 840 1806 892 hac
1838 848 2032 893 tessera
2069 840 2225 909 facile
2260 841 2329 893 sit
2363 856 2481 893 vera
2505 857 2536 892 a
2560 838 2715 909 falsis
2740 852 3035 899 secernere;
3070 848 3178 889 tum
3206 837 3329 905 quia

144 940 233 981 tam
261 931 574 998 perspicuus,
612 941 719 983 tam
754 932 917 986 breuis
946 945 1097 1004 atque
1128 953 1334 1005 pressus
1357 938 1409 990 in
1450 936 1587 990 hisce
1616 948 1691 989 est
1716 936 2056 999 Athanasius,
2084 945 2141 988 ut
2168 935 2266 988 hac
2295 937 2418 988 item
2448 936 2499 987 in
2526 941 2675 1003 parte
2697 949 2727 984 a
2758 931 2956 983 cwteris
2991 929 3200 999 perinde
3222 930 3332 982 dis-

145 1031 285 1097 tingui
308 1031 482 1098 possit.
518 1027 584 1082 In
616 1029 754 1082 hisce
783 1040 956 1082 autem
987 1027 1139 1097 uulgo
1192 1029 1499 1081 sententiam
1525 1030 1755 1097 exponit,
1805 1041 1863 1083 ut
1910 1041 2094 1085 uocant
2118 1031 2568 1098 spiritualem,ita
2588 1038 2643 1081 ut
2668 1024 2883 1079 Nicetas
2923 1027 2975 1077 in
3013 1033 3197 1077 catena
3234 1039 3330 1075 sua

146 1125 486 1179 Theodoretum
514 1142 611 1194 pro
641 1125 882 1191 litterali,
916 1124 1264 1177 Athanasium
1293 1125 1398 1193 fere
1422 1141 1517 1192 pro
1547 1127 1809 1194 Spirituali
1842 1128 2051 1196 afferat.
2077 1127 2174 1181 Est
2208 1137 2379 1181 tamen
2400 1125 2542 1179 haud
2568 1142 2690 1179 raro
2714 1141 2831 1178 cum
2867 1124 3095 1177 litteram
3121 1122 3332 1190 attingit

140 1227 181 1271 et
200 1214 386 1286 quidem
414 1218 703 1269 rectissime
729 1218 799 1269 ad
836 1232 1048 1284 scopum
1078 1214 1374 1285 Prophetce,
1402 1228 1458 1271 ut
1490 1234 1636 1272 nemo
1663 1235 1764 1271 non
1788 1222 2141 1274 aestimaturus
2165 1230 2263 1275 est.
2289 1220 2609 1290 Argumenta
2630 1218 2947 1289 psalmorum
2973 1214 3187 1267 maximi
3208 1228 3333 1267 sane

140 1312 271 1376 pretii
311 1321 445 1376 sunt,
475 1311 568 1364 ubi
610 1311 892 1365 litteralem
921 1313 1081 1365 etiam
1128 1328 1263 1379 stupe
1303 1322 1521 1365 mentem
1575 1312 1807 1381 apprime
1836 1320 1883 1365 et
1913 1321 2065 1365 acute
2104 1312 2271 1381 tangit
2316 1320 2595 1381 antequam
2623 1309 2691 1362 ad
2736 1305 3065 1377 spiritualem
3097 1303 3330 1357 accedat.

144 1405 303 1460 Multa:
320 1406 399 1459 hic
422 1406 667 1460 lectiones
696 1407 897 1476 Aquila!
923 1416 973 1460 et
1003 1406 1303 1476 Symmachi
1331 1416 1541 1461 exstant
1568 1408 1819 1461 hactenus
1846 1408 2188 1461 inobservata!
2213 1424 2244 1459 a
2277 1406 2467 1459 Drusio
2498 1416 2544 1459 et
2572 1405 2716 1457 aliis.

199 1499 281 1553 Est
328 1501 464 1555 locus
506 1504 697 1569 psalmi
725 1517 889 1567 van,
914 1520 1064 1573 quem
1093 1507 1319 1558 alitnnm
1359 1506 1683 1558 aestimamus
1726 1514 1773 1559 et
1818 1514 2159 1558 commentum
2198 1504 2320 1564 olet,
2358 1502 2493 1555 illud
2521 1501 2719 1556 scilicet
2750 1499 2812 1552 de
2836 1495 3117 1550 calamoad
3132 1508 3332 1547 versum

141 1594 212 1648 31.
229 1596 339 1647 Alia
359 1596 586 1664 fortasse
600 1597 853 1651 nonnulla
870 1612 972 1649 non
995 1596 1264 1648 observata
1286 1612 1315 1647 a
1337 1596 1480 1649 nobis
1495 1596 1690 1663 fuerint
1704 1612 1819 1664 qua:
1839 1595 2043 1649 erudito
2060 1594 2242 1648 lectori
2258 1591 2543 1663 supplenda
2560 1588 2957 1644 demandamus.
2977 1584 3124 1639 Psal.
3144 1598 3330 1645 an,

140 1704 179 1741 υ.
212 1688 288 1755 l7,
310 1691 504 1743 dicitur
536 1690 712 1745 Filius
740 1709 856 1745 cum
886 1691 1098 1745 Patrem
1126 1690 1207 1743 his
1240 1692 1405 1744 verbis
1442 1694 1845 1760 deprecaretur:
1870 1689 2133 1746 Transeat
2166 1705 2196 1744 a
2233 1704 2317 1743 me
2358 1689 2498 1742 calix
2538 1686 2658 1750 iste,
2697 1701 2799 1738 non
2829 1684 2883 1737 in
2909 1681 3195 1752 hypocrisi,
3232 1694 3333 1732 non

141 1786 188 1831 ut
210 1778 448 1833 Satanam
473 1782 727 1837 inescaret
758 1799 819 1836 ac
848 1783 1127 1852 deciperet,
1162 1798 1265 1834 non
1297 1782 1433 1849 quod
1464 1783 1645 1835 mundi
1678 1782 1993 1837 uoluntatem
2021 1792 2078 1835 ut
2102 1782 2365 1851 propriam
2397 1780 2622 1848 efferret,
2648 1780 2725 1833 ita
2746 1778 2973 1831 locutum
3001 1776 3180 1845 fuisse.
3203 1774 3335 1838 Qui-

143 1864 219 1923 bus
242 1882 406 1939 aperte
431 1883 685 1944 repugnat
713 1874 991 1941 explicatio
1027 1890 1143 1944 qua!
1166 1882 1338 1928 exstat
1374 1875 1425 1927 in
1464 1874 1598 1928 libro
1631 1874 1706 1928 De
1734 1875 1981 1944 passione
2011 1874 2225 1927 Domini
2266 1883 2392 1927 tom.
2424 1870 2511 1936 IV,
2536 1887 2684 1941 quem
2724 1872 2862 1924 inter
2906 1877 3166 1937 suspectos
3192 1866 3333 1919 haud

140 1961 312 2029 injuria
339 1962 709 2033 ablegauimus.
740 1963 956 2033 Argum.
990 1964 1180 2033 psalmi
1204 1981 1307 2018 ιιι
1338 1966 1564 2033 primum
1611 1967 1705 2019 sub
1747 1964 1996 2019 Romanis
2030 1963 2477 2033 Jerosolymorum
2504 1963 2762 2017 excidium
2804 1970 3074 2023 memorat,
3098 1960 3222 2029 quia
3251 1974 3334 2012 se-

138 2061 337 2111 cundum
366 2061 489 2113 item
512 2077 547 2113 a
568 2059 816 2114 Romanis
846 2060 1052 2113 illatum
1078 2062 1177 2129 fuit
1207 2060 1299 2114 sub
1327 2062 1581 2115 Adriano.
1618 2059 1747 2115 Hice
1769 2062 1832 2115 de
1856 2060 2264 2130 expositionibus
2297 2061 2346 2112 in
2379 2057 2625 2112 Psalmos
2646 2058 2779 2111 satis
2805 2064 2980 2109 sunto.

197 2146 475 2203 Secundum
504 2150 641 2203 hanc
662 2150 1006 2217 conscriptam
1038 2148 1443 2204 admonitionem
1472 2150 1678 2204 litteras
1706 2151 1882 2217 accepi
1909 2150 1980 2203 cl.
2014 2148 2074 2202 V.
2091 2149 2309 2202 Antonii
2338 2146 2643 2211 Muratorii,
2666 2145 2756 2215 qui
2784 2160 2942 2196 manu
2969 2142 3183 2212 propria
3208 2142 3335 2197 mihi

138 2261 187 2297 ea
214 2246 470 2313 exscripsit
503 2246 561 2298 in
588 2246 863 2299 laudatum
885 2247 1315 2300 commentarium
1339 2246 1393 2300 in
1427 2246 1712 2301 Canticum
1741 2244 1920 2299 Mariae
1944 2244 2149 2299 sororis
2176 2242 2342 2297 Mosis
2370 2241 2693 2311 paucissima
2731 2253 2857 2292 sane
2890 2246 2949 2289 ut
2976 2236 3137 2290 vides.

198 2332 271 2386 En
290 2334 449 2403 igitur
471 2334 851 2389 Commentarii
880 2338 1047 2390 nostri
1079 2337 1335 2405 specimen
1361 2338 1415 2391 in
1437 2336 1720 2393 Canticum
1746 2334 2170 2392 Dcuteronomii.

195 2427 433 2497 Σημαίνει
460 2429 555 2481 καὶ
581 2428 717 2497 αὐτὴ
739 2428 833 2499 τὴν
872 2428 1137 2482 ἔκπτωσιν
1167 2429 1276 2482 τῶν
1304 2429 1562 2483 Ἰουδαίων
1601 2430 1692 2482 καὶ
1727 2428 1824 2498 τὴν
1853 2426 2157 2498 ἁγαθότητα
2197 2424 2289 2478 τοῦ
2318 2423 2471 2487 Θεοῦ,
2511 2423 2574 2493 ἣν
2606 2418 2869 2491 παρέσχεν
2892 2417 3092 2484 αὐτοῖς,
3124 2422 3214 2474 καὶ
3241 2420 3316 2491 τὴν

137 2521 411 2592 είσαγωγὴν
433 2520 542 2575 τῶν
570 2521 759 2575 ἐθνῶν.

139 2609 369 2681 Πρόοεχε,
398 2611 617 2680 οὐρανὲ,
640 2612 734 2675 καὶ
757 2610 989 2683 λαλήσω,
1021 2612 1134 2676 καί,
1162 2622 1256 2668 etc.

267 2702 409 2755 Ἐπεὶ
447 2702 591 2773 μέγα
614 2698 683 2773 ἦν
709 2703 769 2755 τὸ
799 2693 1148 2776 τὲαράπτωμα
1182 2704 1482 2766 Ἰουδαίων,
1526 2703 1619 2754 καὶ
1652 2703 1707 2753 ἐν
1754 2701 1999 2769 οὐρανοῖς
2042 2699 2314 2769 μάρτυρες
2346 2700 2442 2767 οὐχ
2493 2698 2820 2768 εὑρίσκοντο,
2850 2701 2939 2754 τὸν
2971 2698 3217 2770 οὐρανὸν,
3249 2696 3341 2752 καὶ

257 2793 346 2862 τὴν
374 2793 477 2861 γῆν
497 2793 566 2845 τὰ
595 2792 804 2864 μεγάλα
832 2798 1066 2865 στοιχεῖα
1095 2794 1427 2865 μαρτύρεται
1455 2794 1483 2845 ὁ
1503 2792 1633 2856 Θεὸς
1653 2791 1741 2845 διὰ
1760 2790 1852 2843 τοῦ
1886 2791 2181 2861 προφήτου.

140 2910 522 2980 Προσδοκάσθω.

195 3003 351 3068 Πολὺς
382 3006 490 3076 γὰρ
516 3005 595 3068 ὡς
620 3004 793 3069 ὑετὸς,
825 3004 921 3058 καὶ
949 3003 1236 3076 ὲπωφελὴς
1264 3006 1291 3057 ὁ
1311 3004 1465 3073 λόγος
1496 3002 1589 3057 τοῦ
1617 3004 1751 3057 Θεοῦ
1787 3004 2165 3075 κατεχόμενος.

141 3099 229 3153 Καὶ
250 3101 552 3173 κατιὸήτω.

198 3197 338 3250 Μετὰ
364 3198 671 3269 πραότητος
708 3194 797 3246 καὶ
831 3193 1079 3263 ἡσυχίας,
1106 3192 1380 3245 τουτέστιν
1396 3192 1471 3255 ὡς
1484 3190 1687 3263 ὄμϐρος
1708 3192 1796 3244 ἐπ’
1818 3193 2111 3264 ἄγρωστιν,
2142 3196 2238 3250 καὶ
2267 3194 2340 3260 ὼς
2374 3195 2605 3265 νιφετός.

144 3287 251 3344 Post
273 3291 397 3344 duos
426 3291 561 3344 alios
597 3287 879 3341 uersiculos
909 3286 1153 3340 subditur
1174 3302 1193 3340 :
1224 3283 1431 3341 Desunt
1462 3287 1693 3357 reliqua,
1726 3298 1881 3359 atque
1905 3292 1989 3344 hic
2019 3291 2174 3360 ﬁnem
2196 3291 2543 3359 expositiones
2571 3291 2944 3346 Athanasiantz
2964 3290 3173 3344 habent.

201 3386 275 3442 Es:
298 3386 686 3441 Commentario
722 3393 895 3438 autem
929 3392 1215 3438 memorato
1247 3383 1301 3438 in
1332 3381 1602 3449 Psalmos,
1631 3386 1831 3457 aliquot
1869 3388 2138 3446 clausulas
2170 3394 2497 3448 brevissimus
2537 3396 2731 3448 nostris
2758 3402 2839 3447 sat
2881 3392 3161 3448 dissimiles
3202 3389 3342 3443 misit

142 3481 359 3537 laudatus
392 3482 492 3546 vir,
524 3483 602 3535 ita
636 3491 693 3535 ut
724 3480 989 3533 brevitatis
1011 3494 1173 3531 causa
1195 3493 1297 3531 non
1317 3478 1481 3545 possit
1500 3478 1766 3546 judicium
1800 3484 1927 3549 ferri
1947 3486 2203 3539 ewdemne
2223 3485 2327 3541 sint
2353 3487 2461 3541 illa:
2487 3504 2547 3543 ac
2573 3488 2915 3557 expositiones
2939 3493 3150 3539 nostra.
3174 3481 3342 3547 Quid-

141 3578 246 3644 quid
282 3580 487 3632 tandem
510 3580 603 3643 sit,
630 3593 749 3630 cum
772 3575 1059 3644 sepissime
1089 3584 1283 3627 nostra:
1308 3575 1372 3627 ab
1406 3578 1705 3631 auctoribus
1734 3578 2019 3635 laudentur
2042 3583 2321 3638 Athanasii
2346 3586 2573 3651 nomine,
2606 3586 2724 3639 hinc
2749 3585 3044 3655 conficitur,
3067 3582 3208 3650 ipsas
3240 3594 3347 3633 non

144 3687 242 3726 vero
260 3673 389 3730 alias
414 3689 526 3729 esse
554 3687 829 3743 germanas
853 3670 1133 3724 Athanasii
1158 3671 1525 3739 expositiones.

1388 4038 2079 4134 ADMONlTlO

352 4244 420 4305 In
456 4243 918 4321 Argumentum
950 4232 1277 4297 Athanasii
1308 4233 1376 4294 in
1410 4234 1810 4308 Psalterium,
1852 4240 1913 4296 et
1937 4235 2003 4295 in
2032 4232 2477 4312 supplementa
2505 4233 2963 4316 subsequentia
2993 4238 3102 4319 (a).

208 4561 377 4618 Prodit
420 4565 688 4634 egregium
732 4563 785 4616 in
829 4561 1070 4615 Psalmos
1121 4561 1497 4630 Argumentum
1541 4573 1605 4611 ex
1647 4557 1821 4610 codice
1851 4555 2176 4609 bibliotheca:
2223 4553 2588 4609 Ambrosianus
2615 4556 3004 4609 membranaceo
3037 4570 3093 4609 xi
3138 4556 3340 4625 sccculi,

148 4660 332 4725 optima:
363 4671 500 4715 nota:
528 4675 548 4715 :
580 4660 734 4728 cujus
762 4658 968 4729 singula
1001 4657 1145 4710 dicta
1178 4656 1443 4726 judicium
1486 4655 1828 4723 peritiamque
1869 4653 2141 4720 scriptoris
2180 4660 2424 4721 arguunt.
2469 4649 2692 4705 Orditur
2741 4661 2913 4705 autem
2949 4650 3268 4707 Athanasius
3310 4671 3345 4707 a

154 4752 455 4812 Psalmorum
498 4759 708 4821 ordine,
753 4772 974 4826 quorum
1021 4753 1380 4824 perturbatam
1429 4753 1615 4805 seriem
1656 4765 1995 4818 promanasse
2037 4756 2190 4817 putat
2230 4763 2295 4801 ex
2328 4745 2638 4802 Judteorum
2674 4746 2883 4800 incuria
2924 4756 2973 4800 et
3008 4747 3341 4817 negligentia.

152 4847 364 4905 Paternis
402 4854 596 4923 quippe
626 4851 877 4921 despectis
909 4851 1129 4919 legibus,
1161 4850 1547 4919 inclinanteque
1572 4847 1641 4900 ad
1668 4845 2073 4900 simulaerorum
2103 4843 2301 4897 cultum
2323 4843 2519 4909 animo,
2557 4843 2717 4897 libros
2751 4858 2813 4895 ac
2853 4842 3129 4912 scriptores
3157 4843 3344 4912 prisca:

152 4946 389 5017 religionis
430 4952 740 5018 interpretes
779 4946 1263 5017 pessumdederunt,
1308 4946 1385 4998 ita
1417 4956 1469 4997 ut
1504 4942 1657 4995 multi
1684 4942 1803 4994 hinc
1833 4941 1953 4994 inde
1978 4941 2223 4994 distracti
2258 4955 2319 4993 ac
2347 4946 2599 4991 vetustate
2637 4953 2762 5006 pene
2795 4936 2967 4992 obruti
2996 4939 3122 5004 sint,
3153 4954 3343 5007 magna

152 5054 252 5104 pars
278 5042 432 5094 etiam
463 5056 688 5110 prorsus
718 5039 1030 5093 interierint.
1060 5034 1167 5090 Sub
1197 5036 1305 5090 htcc
1342 5049 1516 5087 autem
1556 5048 1672 5084 cum
1700 5034 1755 5086 in
1800 5046 2001 5099 poenam
2028 5029 2303 5093 scelerum,
2332 5026 2511 5082 multis
2541 5028 2713 5081 attriti
2745 5027 3003 5091 cladibus,
3034 5031 3090 5081 in
3118 5027 3346 5097 Babylo-

154 5134 269 5183 niam
296 5136 547 5186 uicturum
565 5132 729 5202 jussu
765 5131 1249 5200 transmigrassent,
1294 5128 1505 5198 quidam
1549 5126 1684 5179 inter
1715 5141 1800 5178 eos
1843 5121 2091 5193 propheta
2141 5136 2318 5175 sacros
2349 5118 2512 5174 libros
2544 5119 2819 5189 colligendi
2863 5134 3043 5172 curam
3078 5120 3345 5187 suscepit:

153 5238 255 5289 quos
292 5225 377 5278 ille
405 5226 483 5278 uti
514 5241 629 5279 sese
664 5223 884 5288 dobant,
917 5231 1193 5292 partesque
1224 5221 1462 5290 singulas
1490 5220 1570 5272 uti
1590 5219 1758 5287 primo
1792 5217 2153 5278 occurrebant,
2184 5231 2276 5268 nec
2319 5214 2493 5268 nativo
2524 5213 2723 5279 ordine,
2755 5212 2990 5282 digessit.
3028 5209 3167 5265 Hinc
3191 5209 3351 5266 Psal-

154 5331 326 5371 morum
357 5320 451 5373 illa
493 5320 758 5387 confusio,
796 5319 916 5372 hinc
961 5319 1114 5373 seriei
1159 5317 1479 5386 perturbatio
1528 5317 1715 5369 oritur.
1759 5314 1886 5368 Haec
1927 5329 2044 5367 uero
2091 5327 2155 5366 ea:
2191 5310 2412 5367 Eusebio
2456 5320 2725 5364 mutuatus
2763 5309 2966 5363 videtur
3005 5308 3347 5372 Athanasius,

157 5412 277 5478 cujus
315 5416 470 5468 etiam
504 5415 664 5470 verba
692 5415 991 5485 plerumque
1037 5413 1362 5467 transcribit.
1413 5411 1477 5465 In
1521 5413 1616 5466 hoc
1652 5421 1822 5467 tamen
1858 5411 2076 5481 paulum
2119 5411 2311 5475 uariat,
2343 5410 2478 5479 quod
2522 5409 2881 5462 restaurandte
2914 5404 3200 5476 Scriptura:
3228 5419 3351 5474 ope-

158 5514 270 5569 ram,
311 5521 461 5576 quam
502 5504 765 5559 Eusebius
795 5506 859 5557 ab
890 5504 1065 5558 Esdra
1097 5513 1391 5573 susceptam
1415 5504 1511 5567 ait,
1546 5504 1655 5572 ipse
1684 5503 1844 5557 alicui
1874 5500 2264 5571 prophetarum,
2297 5499 2440 5553 nullo
2461 5499 2729 5567 speciatim
2762 5505 3073 5559 memorato,
3100 5495 3349 5563 assignet.

207 5617 267 5677 (al
288 5618 393 5669 Nec
413 5626 525 5683 post
544 5619 816 5683 absolutam
840 5618 1101 5668 Maurinam
1131 5619 1398 5683 editionem
1440 5616 1621 5679 publici
1656 5618 1780 5679 juris
1821 5614 1935 5683 fecit
1961 5613 2433 5683 Montfauconiusjn
2459 5614 2597 5683 Nova
2628 5609 2916 5683 Bibliotheca
2946 5611 3162 5683 i’atrum.
3191 5611 3353 5683 Arguf

161 5673 344 5728 mentum
365 5673 427 5729 in'
442 5680 737 5731 Psalterium
768 5694 875 5730 mox
899 5685 1147 5742 sequitur;
1169 5673 1515 5742 supplementa
1544 5673 1743 5731 vero'ex
1777 5681 1943 5729 codice
1985 5678 2303 5730 Ambrosiano
2341 5678 2627 5739 deprompta
2665 5673 2991 5725 distinctionis
3033 5686 3174 5723 causa
3218 5673 3354 5721 une'n

160 5743 447 5795 conclusimus
470 5750 523 5795 et
544 5744 699 5809 priori
723 5745 876 5795 textui
897 5744 1206 5793 inscruimus.
1233 5743 1362 5791 Eutr.
