  <div class='ocr_page' id='page_1' title='image "/cluster/home/n/w/nwhite01/storage/ocr_20150623/27/pst.000005712182/035.png"; bbox 0 0 4074 6304; ppageno 0'>
   <div class='ocr_carea' id='block_1_1' title="bbox 681 336 2232 398">
    <p class='ocr_par' dir='ltr' id='par_1_1' title="bbox 681 336 2232 398">
     <span class='ocr_line' id='line_1_1' title="bbox 681 336 2232 398; baseline -0.005 0"><span class='ocrx_word' id='word_1_1' title='bbox 681 343 750 398; x_wconf 77' lang='lat'><strong><em>55</em></strong></span> <span class='ocrx_word' id='word_1_2' title='bbox 1519 342 1576 395; x_wconf 89' lang='lat' dir='ltr'><strong><em>S.</em></strong></span> <span class='ocrx_word' id='word_1_3' title='bbox 1619 337 1993 393; x_wconf 74' lang='lat' dir='ltr'><strong><em>ATllANASll</em></strong></span> <span class='ocrx_word' id='word_1_4' title='bbox 2034 337 2183 394; x_wconf 81' lang='lat' dir='ltr'><strong><em>OPP.</em></strong></span> <span class='ocrx_word' id='word_1_5' title='bbox 2225 336 2232 391; x_wconf 65' lang='lat'>1</span> 
     </span>
    </p>
   </div>
   <div class='ocr_carea' id='block_1_2' title="bbox 2334 336 3902 398">
    <p class='ocr_par' dir='ltr' id='par_1_2' title="bbox 2334 336 3902 392">
     <span class='ocr_line' id='line_1_2' title="bbox 2334 336 3902 392; baseline 0.001 -2"><span class='ocrx_word' id='word_1_6' title='bbox 2334 337 2405 392; x_wconf 66' lang='lat' dir='ltr'><strong><em>RS</em></strong></span> <span class='ocrx_word' id='word_1_7' title='bbox 2447 336 2530 390; x_wconf 89' lang='lat' dir='ltr'><strong><em>Ill.</em></strong></span> <span class='ocrx_word' id='word_1_8' title='bbox 2573 367 2642 378; x_wconf 92' lang='lat'><strong><em>—</em></strong></span> <span class='ocrx_word' id='word_1_9' title='bbox 2681 336 3090 392; x_wconf 75' lang='lat' dir='ltr'><strong><em>EXECETICA.</em></strong></span> <span class='ocrx_word' id='word_1_10' title='bbox 3842 336 3902 391; x_wconf 82' lang='lat'><strong>56</strong></span> 
     </span>
    </p>
   </div>
   <div class='ocr_carea' id='block_1_3' title="bbox 681 456 3904 527">
    <p class='ocr_par' dir='ltr' id='par_1_3' title="bbox 681 456 3904 527">
     <span class='ocr_line' id='line_1_3' title="bbox 681 456 3904 527; baseline -0.001 -17"><span class='ocrx_word' id='word_1_11' title='bbox 681 462 812 524; x_wconf 76' lang='lat' dir='ltr'><strong><em>Qua:</em></strong></span> <span class='ocrx_word' id='word_1_12' title='bbox 845 459 908 513; x_wconf 93' lang='lat' dir='ltr'><strong><em>de</em></strong></span> <span class='ocrx_word' id='word_1_13' title='bbox 945 459 1282 516; x_wconf 88' lang='lat' dir='ltr'><strong><em>Psalmorum</em></strong></span> <span class='ocrx_word' id='word_1_14' title='bbox 1327 459 1629 512; x_wconf 78' lang='lat' dir='ltr'><strong><em>auctoribus</em></strong></span> <span class='ocrx_word' id='word_1_15' title='bbox 1660 469 1837 527; x_wconf 86' lang='lat' dir='ltr'><strong><em>postea</em></strong></span> <span class='ocrx_word' id='word_1_16' title='bbox 1866 458 2135 519; x_wconf 83' lang='lat' dir='ltr'><strong><em>dicuntur,</em></strong></span> <span class='ocrx_word' id='word_1_17' title='bbox 2182 469 2436 511; x_wconf 86' lang='lat' dir='ltr'><strong><em>accurata</em></strong></span> <span class='ocrx_word' id='word_1_18' title='bbox 2477 474 2602 510; x_wconf 89' lang='lat' dir='ltr'><strong><em>sane</em></strong></span> <span class='ocrx_word' id='word_1_19' title='bbox 2631 467 2678 511; x_wconf 90' lang='lat' dir='ltr'><strong><em>et</em></strong></span> <span class='ocrx_word' id='word_1_20' title='bbox 2716 459 2919 510; x_wconf 84' lang='lat' dir='ltr'><strong><em>erudite</em></strong></span> <span class='ocrx_word' id='word_1_21' title='bbox 2950 457 3238 525; x_wconf 85' lang='lat' dir='ltr'><strong><em>proposita,</em></strong></span> <span class='ocrx_word' id='word_1_22' title='bbox 3287 472 3528 526; x_wconf 88' lang='lat' dir='ltr'><strong><em>magnam</em></strong></span> <span class='ocrx_word' id='word_1_23' title='bbox 3558 456 3745 510; x_wconf 83' lang='lat' dir='ltr'><strong><em>habent</em></strong></span> <span class='ocrx_word' id='word_1_24' title='bbox 3793 469 3904 508; x_wconf 77' lang='lat' dir='ltr'><strong><em>cuin</em></strong></span> 
     </span>
    </p>
   </div>
   <div class='ocr_carea' id='block_1_4' title="bbox 681 553 3906 625">
    <p class='ocr_par' dir='ltr' id='par_1_4' title="bbox 681 553 3906 625">
     <span class='ocr_line' id='line_1_4' title="bbox 681 553 3906 625; baseline -0 -17"><span class='ocrx_word' id='word_1_25' title='bbox 681 553 922 624; x_wconf 85' lang='lat' dir='ltr'><strong><em>Origenis</em></strong></span> <span class='ocrx_word' id='word_1_26' title='bbox 957 553 1228 622; x_wconf 85' lang='lat' dir='ltr'><strong><em>opusculo,</em></strong></span> <span class='ocrx_word' id='word_1_27' title='bbox 1259 571 1290 607; x_wconf 91' lang='lat' dir='ltr'><strong><em>a</em></strong></span> <span class='ocrx_word' id='word_1_28' title='bbox 1324 555 1470 607; x_wconf 88' lang='lat' dir='ltr'><strong><em>nobis</em></strong></span> <span class='ocrx_word' id='word_1_29' title='bbox 1518 555 1814 623; x_wconf 80' lang='lat' dir='ltr'><strong><em>propediem</em></strong></span> <span class='ocrx_word' id='word_1_30' title='bbox 1841 554 2036 606; x_wconf 89' lang='lat' dir='ltr'><strong><em>edendo</em></strong></span> <span class='ocrx_word' id='word_1_31' title='bbox 2072 553 2170 622; x_wconf 91' lang='lat' dir='ltr'><strong><em>(a),</em></strong></span> <span class='ocrx_word' id='word_1_32' title='bbox 2209 555 2530 622; x_wconf 75' lang='lat' dir='ltr'><strong><em>aﬁinitate‘m.</em></strong></span> <span class='ocrx_word' id='word_1_33' title='bbox 2580 557 2954 624; x_wconf 73' lang='lat' dir='ltr'><strong><em>Argumentum</em></strong></span> <span class='ocrx_word' id='word_1_34' title='bbox 2987 571 3144 621; x_wconf 90' lang='lat' dir='ltr'><strong><em>porro</em></strong></span> <span class='ocrx_word' id='word_1_35' title='bbox 3173 571 3326 608; x_wconf 84' lang='lat' dir='ltr'><strong><em>suum</em></strong></span> <span class='ocrx_word' id='word_1_36' title='bbox 3356 555 3707 625; x_wconf 86' lang='lat' dir='ltr'><strong><em>pulcherrima</em></strong></span> <span class='ocrx_word' id='word_1_37' title='bbox 3729 556 3906 608; x_wconf 81' lang='lat' dir='ltr'><strong><em>admo-</em></strong></span> 
     </span>
    </p>
   </div>
   <div class='ocr_carea' id='block_1_5' title="bbox 677 644 3905 717">
    <p class='ocr_par' dir='ltr' id='par_1_5' title="bbox 677 644 3905 717">
     <span class='ocr_line' id='line_1_5' title="bbox 677 644 3905 717; baseline 0 -21"><span class='ocrx_word' id='word_1_38' title='bbox 677 647 872 699; x_wconf 88' lang='lat' dir='ltr'><strong><em>nitione</em></strong></span> <span class='ocrx_word' id='word_1_39' title='bbox 911 645 1109 699; x_wconf 86' lang='lat' dir='ltr'><strong><em>claudit</em></strong></span> <span class='ocrx_word' id='word_1_40' title='bbox 1159 646 1482 700; x_wconf 71' lang='lat' dir='ltr'><strong><em>Athanasius</em></strong></span> <span class='ocrx_word' id='word_1_41' title='bbox 1509 685 1525 710; x_wconf 92' lang='lat'><strong><em>,</em></strong></span> <span class='ocrx_word' id='word_1_42' title='bbox 1571 645 1659 698; x_wconf 87' lang='lat' dir='ltr'><strong><em>ubi</em></strong></span> <span class='ocrx_word' id='word_1_43' title='bbox 1706 662 1808 714; x_wconf 90' lang='lat' dir='ltr'><strong><em>qua</em></strong></span> <span class='ocrx_word' id='word_1_44' title='bbox 1851 656 2016 698; x_wconf 91' lang='lat' dir='ltr'><strong><em>mente</em></strong></span> <span class='ocrx_word' id='word_1_45' title='bbox 2051 644 2252 698; x_wconf 88' lang='lat' dir='ltr'><strong><em>Psatmi</em></strong></span> <span class='ocrx_word' id='word_1_46' title='bbox 2289 648 2397 699; x_wconf 89' lang='lat' dir='ltr'><strong><em>sint</em></strong></span> <span class='ocrx_word' id='word_1_47' title='bbox 2448 647 2680 717; x_wconf 78' lang='lat' dir='ltr'><strong><em>legendi,</em></strong></span> <span class='ocrx_word' id='word_1_48' title='bbox 2725 655 2926 700; x_wconf 85' lang='lat' dir='ltr'><strong><em>ascetas</em></strong></span> <span class='ocrx_word' id='word_1_49' title='bbox 2986 644 3274 714; x_wconf 85' lang='lat' dir='ltr'><strong><em>alloquens,</em></strong></span> <span class='ocrx_word' id='word_1_50' title='bbox 3326 646 3422 699; x_wconf 97' lang='lat' dir='ltr'><strong><em>etsi</em></strong></span> <span class='ocrx_word' id='word_1_51' title='bbox 3449 647 3662 714; x_wconf 89' lang='lat' dir='ltr'><strong><em>paucis,</em></strong></span> <span class='ocrx_word' id='word_1_52' title='bbox 3716 646 3905 714; x_wconf 84' lang='lat' dir='ltr'><strong><em>egregie</em></strong></span> 
     </span>
    </p>
   </div>
   <div class='ocr_carea' id='block_1_6' title="bbox 674 737 1150 790">
    <p class='ocr_par' dir='ltr' id='par_1_6' title="bbox 674 737 1150 790">
     <span class='ocr_line' id='line_1_6' title="bbox 674 737 1150 790; baseline 0.004 -3"><span class='ocrx_word' id='word_1_53' title='bbox 674 746 848 790; x_wconf 87' lang='lat' dir='ltr'><strong><em>tamen</em></strong></span> <span class='ocrx_word' id='word_1_54' title='bbox 891 737 1150 789; x_wconf 78' lang='lat' dir='ltr'><strong><em>edisserit.</em></strong></span> 
     </span>
    </p>
   </div>
   <div class='ocr_carea' id='block_1_7' title="bbox 746 827 3902 901">
    <p class='ocr_par' dir='ltr' id='par_1_7' title="bbox 746 827 3902 901">
     <span class='ocr_line' id='line_1_7' title="bbox 746 827 3902 901; baseline -0 -18"><span class='ocrx_word' id='word_1_55' title='bbox 746 828 1113 899; x_wconf 86' lang='lat' dir='ltr'><strong><em>Supplementa</em></strong></span> <span class='ocrx_word' id='word_1_56' title='bbox 1145 828 1550 899; x_wconf 75' lang='lat' dir='ltr'><strong><em>Expositionum</em></strong></span> <span class='ocrx_word' id='word_1_57' title='bbox 1581 831 1636 883; x_wconf 90' lang='lat' dir='ltr'><strong><em>in</em></strong></span> <span class='ocrx_word' id='word_1_58' title='bbox 1684 827 1948 895; x_wconf 87' lang='lat' dir='ltr'><strong><em>Psalmos,</em></strong></span> <span class='ocrx_word' id='word_1_59' title='bbox 1985 847 2048 884; x_wconf 80' lang='lat' dir='ltr'><strong><em>ea:</em></strong></span> <span class='ocrx_word' id='word_1_60' title='bbox 2091 830 2267 884; x_wconf 85' lang='lat' dir='ltr'><strong><em>codice</em></strong></span> <span class='ocrx_word' id='word_1_61' title='bbox 2302 833 2340 884; x_wconf 85' lang='lat' dir='ltr'><strong><em>A</em></strong></span> <span class='ocrx_word' id='word_1_62' title='bbox 2371 832 2690 896; x_wconf 87' lang='lat' dir='ltr'><strong><em>mbrosiano,</em></strong></span> <span class='ocrx_word' id='word_1_63' title='bbox 2718 831 2843 884; x_wconf 89' lang='lat' dir='ltr'><strong><em>dum</em></strong></span> <span class='ocrx_word' id='word_1_64' title='bbox 2871 829 3157 885; x_wconf 78' lang='lat' dir='ltr'><strong><em>Mediolani</em></strong></span> <span class='ocrx_word' id='word_1_65' title='bbox 3190 845 3477 901; x_wconf 76' lang='lat' dir='ltr'><strong><em>ageremus,</em></strong></span> <span class='ocrx_word' id='word_1_66' title='bbox 3519 829 3902 896; x_wconf 76' lang='lat' dir='ltr'><strong><em>exscripsimus.</em></strong></span> 
     </span>
    </p>
   </div>
   <div class='ocr_carea' id='block_1_8' title="bbox 674 919 3906 994">
    <p class='ocr_par' dir='ltr' id='par_1_8' title="bbox 674 919 3906 994">
     <span class='ocr_line' id='line_1_8' title="bbox 674 919 3906 994; baseline -0.001 -20"><span class='ocrx_word' id='word_1_67' title='bbox 674 919 871 991; x_wconf 78' lang='lat' dir='ltr'><strong><em>Estque</em></strong></span> <span class='ocrx_word' id='word_1_68' title='bbox 917 921 1077 974; x_wconf 77' lang='lat' dir='ltr'><strong><em>codex</em></strong></span> <span class='ocrx_word' id='word_1_69' title='bbox 1109 921 1198 975; x_wconf 90' lang='lat' dir='ltr'><strong><em>ille</em></strong></span> <span class='ocrx_word' id='word_1_70' title='bbox 1235 938 1428 984; x_wconf 83' lang='lat' dir='ltr'><strong><em>recens,</em></strong></span> <span class='ocrx_word' id='word_1_71' title='bbox 1456 923 1520 975; x_wconf 92' lang='lat' dir='ltr'><strong><em>ab</em></strong></span> <span class='ocrx_word' id='word_1_72' title='bbox 1551 924 1844 994; x_wconf 85' lang='lat' dir='ltr'><strong><em>antiquiore</em></strong></span> <span class='ocrx_word' id='word_1_73' title='bbox 1880 921 2202 980; x_wconf 82' lang='lat' dir='ltr'><strong><em>Scorialensi</em></strong></span> <span class='ocrx_word' id='word_1_74' title='bbox 2243 924 2570 992; x_wconf 84' lang='lat' dir='ltr'><strong><em>desumptus.</em></strong></span> <span class='ocrx_word' id='word_1_75' title='bbox 2618 922 2782 990; x_wconf 75' lang='lat' dir='ltr'><strong><em>Nam,</em></strong></span> <span class='ocrx_word' id='word_1_76' title='bbox 2818 933 2876 976; x_wconf 89' lang='lat' dir='ltr'><strong><em>ut</em></strong></span> <span class='ocrx_word' id='word_1_77' title='bbox 2923 923 2976 976; x_wconf 89' lang='lat' dir='ltr'><strong><em>in</em></strong></span> <span class='ocrx_word' id='word_1_78' title='bbox 3018 923 3299 976; x_wconf 79' lang='lat' dir='ltr'><strong><em>Athanasii</em></strong></span> <span class='ocrx_word' id='word_1_79' title='bbox 3329 922 3494 984; x_wconf 87' lang='lat' dir='ltr'><strong><em>edito,</em></strong></span> <span class='ocrx_word' id='word_1_80' title='bbox 3529 938 3561 973; x_wconf 91' lang='lat' dir='ltr'><strong><em>a</em></strong></span> <span class='ocrx_word' id='word_1_81' title='bbox 3594 920 3742 973; x_wconf 87' lang='lat' dir='ltr'><strong><em>nobis</em></strong></span> <span class='ocrx_word' id='word_1_82' title='bbox 3772 921 3906 972; x_wconf 82' lang='lat' dir='ltr'><strong><em>haud</em></strong></span> 
     </span>
    </p>
   </div>
   <div class='ocr_carea' id='block_1_9' title="bbox 675 1010 3905 1086">
    <p class='ocr_par' dir='ltr' id='par_1_9' title="bbox 675 1010 3905 1086">
     <span class='ocr_line' id='line_1_9' title="bbox 675 1010 3905 1086; baseline -0.001 -20"><span class='ocrx_word' id='word_1_83' title='bbox 675 1014 748 1067; x_wconf 91' lang='lat' dir='ltr'><strong><em>ita</em></strong></span> <span class='ocrx_word' id='word_1_84' title='bbox 777 1015 974 1084; x_wconf 79' lang='lat' dir='ltr'><strong><em>pridem</em></strong></span> <span class='ocrx_word' id='word_1_85' title='bbox 1001 1021 1279 1078; x_wconf 86' lang='lat' dir='ltr'><strong><em>adornata,</em></strong></span> <span class='ocrx_word' id='word_1_86' title='bbox 1315 1017 1612 1070; x_wconf 86' lang='lat' dir='ltr'><strong><em>monuimus</em></strong></span> <span class='ocrx_word' id='word_1_87' title='bbox 1646 1016 1851 1086; x_wconf 81' lang='lat' dir='ltr'><strong><em>(supra,</em></strong></span> <span class='ocrx_word' id='word_1_88' title='bbox 1906 1017 2009 1071; x_wconf 90' lang='lat' dir='ltr'><strong><em>col.</em></strong></span> <span class='ocrx_word' id='word_1_89' title='bbox 2053 1016 2176 1085; x_wconf 81' lang='grc'><strong><em>55).</em></strong></span> <span class='ocrx_word' id='word_1_90' title='bbox 2217 1014 2586 1085; x_wconf 73' lang='lat' dir='ltr'><strong><em>Expositiones</em></strong></span> <span class='ocrx_word' id='word_1_91' title='bbox 2613 1016 2724 1069; x_wconf 71' lang='lat' dir='ltr'><strong><em>illa:</em></strong></span> <span class='ocrx_word' id='word_1_92' title='bbox 2769 1015 3073 1079; x_wconf 81' lang='lat' dir='ltr'><strong><em>Athanasii,</em></strong></span> <span class='ocrx_word' id='word_1_93' title='bbox 3113 1031 3216 1068; x_wconf 90' lang='lat' dir='ltr'><strong><em>non</em></strong></span> <span class='ocrx_word' id='word_1_94' title='bbox 3250 1014 3488 1067; x_wconf 88' lang='lat' dir='ltr'><strong><em>onmibus</em></strong></span> <span class='ocrx_word' id='word_1_95' title='bbox 3528 1013 3637 1065; x_wconf 83' lang='lat' dir='ltr'><strong><em>suis</em></strong></span> <span class='ocrx_word' id='word_1_96' title='bbox 3671 1010 3905 1080; x_wconf 62' lang='lat' dir='ltr'><strong><em>partibus</em></strong></span> 
     </span>
    </p>
   </div>
   <div class='ocr_carea' id='block_1_10' title="bbox 672 1107 3904 1180">
    <p class='ocr_par' dir='ltr' id='par_1_10' title="bbox 672 1107 3904 1180">
     <span class='ocr_line' id='line_1_10' title="bbox 672 1107 3904 1180; baseline -0.001 -21"><span class='ocrx_word' id='word_1_97' title='bbox 672 1117 720 1160; x_wconf 87' lang='lat' dir='ltr'><strong><em>et</em></strong></span> <span class='ocrx_word' id='word_1_98' title='bbox 757 1109 986 1162; x_wconf 73' lang='lat' dir='ltr'><strong><em>numeris</em></strong></span> <span class='ocrx_word' id='word_1_99' title='bbox 1017 1109 1271 1163; x_wconf 79' lang='lat' dir='ltr'><strong><em>absoluta:</em></strong></span> <span class='ocrx_word' id='word_1_100' title='bbox 1299 1121 1440 1174; x_wconf 87' lang='lat' dir='ltr'><strong><em>sunt,</em></strong></span> <span class='ocrx_word' id='word_1_101' title='bbox 1485 1112 1573 1164; x_wconf 87' lang='lat' dir='ltr'><strong><em>sed</em></strong></span> <span class='ocrx_word' id='word_1_102' title='bbox 1603 1112 2002 1165; x_wconf 86' lang='lat' dir='ltr'><strong><em>amanuensiunt</em></strong></span> <span class='ocrx_word' id='word_1_103' title='bbox 2029 1112 2246 1164; x_wconf 90' lang='lat' dir='ltr'><strong><em>ausibus</em></strong></span> <span class='ocrx_word' id='word_1_104' title='bbox 2281 1114 2479 1180; x_wconf 88' lang='lat' dir='ltr'><strong><em>passim</em></strong></span> <span class='ocrx_word' id='word_1_105' title='bbox 2517 1121 2775 1165; x_wconf 68' lang='lat' dir='ltr'><strong><em>truncato:</em></strong></span> <span class='ocrx_word' id='word_1_106' title='bbox 2810 1121 2858 1163; x_wconf 90' lang='lat' dir='ltr'><strong><em>et</em></strong></span> <span class='ocrx_word' id='word_1_107' title='bbox 2889 1112 2940 1162; x_wconf 91' lang='lat' dir='ltr'><strong><em>in</em></strong></span> <span class='ocrx_word' id='word_1_108' title='bbox 2979 1110 3339 1178; x_wconf 86' lang='lat' dir='ltr'><strong><em>compendium</em></strong></span> <span class='ocrx_word' id='word_1_109' title='bbox 3371 1109 3594 1162; x_wconf 71' lang='lat' dir='ltr'><strong><em>redacta:</em></strong></span> <span class='ocrx_word' id='word_1_110' title='bbox 3626 1123 3643 1160; x_wconf 89' lang='lat'><strong><em>:</em></strong></span> <span class='ocrx_word' id='word_1_111' title='bbox 3669 1107 3904 1174; x_wconf 64' lang='lat' dir='ltr'><strong><em>qumdam</em></strong></span> 
     </span>
    </p>
   </div>
   <div class='ocr_carea' id='block_1_11' title="bbox 672 1182 3908 1273">
    <p class='ocr_par' dir='ltr' id='par_1_11' title="bbox 672 1198 3908 1273">
     <span class='ocr_line' id='line_1_11' title="bbox 672 1198 3908 1273; baseline -0.001 -22"><span class='ocrx_word' id='word_1_112' title='bbox 672 1200 828 1252; x_wconf 87' lang='lat' dir='ltr'><strong><em>e:iam</em></strong></span> <span class='ocrx_word' id='word_1_113' title='bbox 865 1215 929 1252; x_wconf 78' lang='lat' dir='ltr'><strong><em>ea:</em></strong></span> <span class='ocrx_word' id='word_1_114' title='bbox 955 1202 1150 1253; x_wconf 91' lang='lat' dir='ltr'><strong><em>catenis</em></strong></span> <span class='ocrx_word' id='word_1_115' title='bbox 1177 1212 1361 1255; x_wconf 65' lang='lat' dir='ltr'><strong><em>erutae.</em></strong></span> <span class='ocrx_word' id='word_1_116' title='bbox 1403 1199 1555 1254; x_wconf 85' lang='lat' dir='ltr'><strong><em>Nihil</em></strong></span> <span class='ocrx_word' id='word_1_117' title='bbox 1602 1219 1777 1255; x_wconf 90' lang='lat' dir='ltr'><strong><em>moror</em></strong></span> <span class='ocrx_word' id='word_1_118' title='bbox 1807 1204 2116 1272; x_wconf 85' lang='lat' dir='ltr'><strong><em>scriptorem</em></strong></span> <span class='ocrx_word' id='word_1_119' title='bbox 2157 1219 2433 1266; x_wconf 84' lang='lat' dir='ltr'><strong><em>nuperum,</em></strong></span> <span class='ocrx_word' id='word_1_120' title='bbox 2463 1205 2551 1273; x_wconf 87' lang='lat' dir='ltr'><strong><em>qui</em></strong></span> <span class='ocrx_word' id='word_1_121' title='bbox 2584 1202 2952 1271; x_wconf 71' lang='lat' dir='ltr'><strong><em>Expositiones</em></strong></span> <span class='ocrx_word' id='word_1_122' title='bbox 2977 1201 3098 1255; x_wconf 92' lang='lat' dir='ltr'><strong><em>illas</em></strong></span> <span class='ocrx_word' id='word_1_123' title='bbox 3132 1202 3186 1253; x_wconf 91' lang='lat' dir='ltr'><strong><em>in</em></strong></span> <span class='ocrx_word' id='word_1_124' title='bbox 3212 1199 3449 1254; x_wconf 86' lang='lat' dir='ltr'><strong><em>Psalmos</em></strong></span> <span class='ocrx_word' id='word_1_125' title='bbox 3482 1215 3582 1251; x_wconf 91' lang='lat' dir='ltr'><strong><em>non</em></strong></span> <span class='ocrx_word' id='word_1_126' title='bbox 3607 1214 3717 1252; x_wconf 86' lang='lat' dir='ltr'><strong><em>esse</em></strong></span> <span class='ocrx_word' id='word_1_127' title='bbox 3749 1198 3908 1250; x_wconf 86' lang='lat' dir='ltr'><strong><em>Atha-</em></strong></span> 
     </span>
    </p>
   </div>
   <div class='ocr_carea' id='block_1_12' title="bbox 673 1292 3906 1366">
    <p class='ocr_par' dir='ltr' id='par_1_12' title="bbox 673 1292 3906 1366">
     <span class='ocr_line' id='line_1_12' title="bbox 673 1292 3906 1366; baseline 0.001 -24"><span class='ocrx_word' id='word_1_128' title='bbox 673 1292 808 1345; x_wconf 82' lang='lat' dir='ltr'><strong><em>nasii</em></strong></span> <span class='ocrx_word' id='word_1_129' title='bbox 846 1309 1141 1362; x_wconf 80' lang='lat' dir='ltr'><strong><em>prtepopere</em></strong></span> <span class='ocrx_word' id='word_1_130' title='bbox 1173 1297 1549 1362; x_wconf 84' lang='lat' dir='ltr'><strong><em>pronuntiavit,</em></strong></span> <span class='ocrx_word' id='word_1_131' title='bbox 1595 1297 1684 1350; x_wconf 85' lang='lat' dir='ltr'><strong><em>sed</em></strong></span> <span class='ocrx_word' id='word_1_132' title='bbox 1727 1297 1875 1350; x_wconf 89' lang='lat' dir='ltr'><strong><em>nulla</em></strong></span> <span class='ocrx_word' id='word_1_133' title='bbox 1917 1296 2094 1350; x_wconf 86' lang='lat' dir='ltr'><strong><em>oblata</em></strong></span> <span class='ocrx_word' id='word_1_134' title='bbox 2127 1298 2348 1366; x_wconf 86' lang='lat' dir='ltr'><strong><em>negandi</em></strong></span> <span class='ocrx_word' id='word_1_135' title='bbox 2405 1299 2628 1350; x_wconf 86' lang='lat' dir='ltr'><strong><em>ratione.</em></strong></span> <span class='ocrx_word' id='word_1_136' title='bbox 2681 1295 2833 1349; x_wconf 75' lang='lat' dir='ltr'><strong><em>Nihil</em></strong></span> <span class='ocrx_word' id='word_1_137' title='bbox 2903 1296 2992 1349; x_wconf 89' lang='lat' dir='ltr'><strong><em>ille</em></strong></span> <span class='ocrx_word' id='word_1_138' title='bbox 3037 1295 3262 1360; x_wconf 86' lang='lat' dir='ltr'><strong><em>curavit,</em></strong></span> <span class='ocrx_word' id='word_1_139' title='bbox 3300 1295 3403 1347; x_wconf 90' lang='lat' dir='ltr'><strong><em>imo</em></strong></span> <span class='ocrx_word' id='word_1_140' title='bbox 3453 1297 3628 1364; x_wconf 87' lang='lat' dir='ltr'><strong><em>potius</em></strong></span> <span class='ocrx_word' id='word_1_141' title='bbox 3658 1292 3906 1345; x_wconf 84' lang='lat' dir='ltr'><strong><em>dissimu-</em></strong></span> 
     </span>
    </p>
   </div>
   <div class='ocr_carea' id='block_1_13' title="bbox 672 1385 3908 1461">
    <p class='ocr_par' dir='ltr' id='par_1_13' title="bbox 672 1385 3908 1461">
     <span class='ocr_line' id='line_1_13' title="bbox 672 1385 3908 1461; baseline 0.002 -27"><span class='ocrx_word' id='word_1_142' title='bbox 672 1385 818 1445; x_wconf 87' lang='lat' dir='ltr'><strong><em>lavit,</em></strong></span> <span class='ocrx_word' id='word_1_143' title='bbox 843 1385 939 1437; x_wconf 90' lang='lat' dir='ltr'><strong><em>hoc</em></strong></span> <span class='ocrx_word' id='word_1_144' title='bbox 961 1389 1128 1454; x_wconf 76' lang='lat' dir='ltr'><strong><em>operis</em></strong></span> <span class='ocrx_word' id='word_1_145' title='bbox 1147 1390 1383 1443; x_wconf 87' lang='lat' dir='ltr'><strong><em>omnibus</em></strong></span> <span class='ocrx_word' id='word_1_146' title='bbox 1425 1401 1542 1458; x_wconf 84' lang='lat' dir='ltr'><strong><em>post</em></strong></span> <span class='ocrx_word' id='word_1_147' title='bbox 1569 1392 1924 1444; x_wconf 79' lang='lat' dir='ltr'><strong><em>Athanasium</em></strong></span> <span class='ocrx_word' id='word_1_148' title='bbox 1968 1393 2196 1457; x_wconf 67' lang='lat' dir='ltr'><strong><em>saxulis,</em></strong></span> <span class='ocrx_word' id='word_1_149' title='bbox 2236 1393 2514 1445; x_wconf 83' lang='lat' dir='ltr'><strong><em>Athanasii</em></strong></span> <span class='ocrx_word' id='word_1_150' title='bbox 2543 1394 2769 1455; x_wconf 88' lang='lat' dir='ltr'><strong><em>nomine,</em></strong></span> <span class='ocrx_word' id='word_1_151' title='bbox 2809 1392 2990 1445; x_wconf 89' lang='lat' dir='ltr'><strong><em>allatis</em></strong></span> <span class='ocrx_word' id='word_1_152' title='bbox 3013 1393 3313 1461; x_wconf 86' lang='lat' dir='ltr'><strong><em>plerumque</em></strong></span> <span class='ocrx_word' id='word_1_153' title='bbox 3335 1389 3462 1444; x_wconf 88' lang='lat' dir='ltr'><strong><em>locis</em></strong></span> <span class='ocrx_word' id='word_1_154' title='bbox 3497 1401 3548 1442; x_wconf 85' lang='lat' dir='ltr'><strong><em>ut</em></strong></span> <span class='ocrx_word' id='word_1_155' title='bbox 3584 1391 3637 1442; x_wconf 90' lang='lat' dir='ltr'><strong><em>in</em></strong></span> <span class='ocrx_word' id='word_1_156' title='bbox 3663 1387 3908 1441; x_wconf 88' lang='lat' dir='ltr'><strong><em>hodierno</em></strong></span> 
     </span>
    </p>
   </div>
   <div class='ocr_carea' id='block_1_14' title="bbox 673 1477 3907 1554">
    <p class='ocr_par' dir='ltr' id='par_1_14' title="bbox 673 1477 3907 1554">
     <span class='ocr_line' id='line_1_14' title="bbox 673 1477 3907 1554; baseline 0.002 -25"><span class='ocrx_word' id='word_1_157' title='bbox 673 1477 1057 1531; x_wconf 79' lang='lat' dir='ltr'><strong><em>Commentario</em></strong></span> <span class='ocrx_word' id='word_1_158' title='bbox 1082 1491 1322 1544; x_wconf 69' lang='lat' dir='ltr'><strong><em>exstant,</em></strong></span> <span class='ocrx_word' id='word_1_159' title='bbox 1367 1499 1398 1532; x_wconf 92' lang='lat' dir='ltr'><strong><em>a</em></strong></span> <span class='ocrx_word' id='word_1_160' title='bbox 1446 1482 1703 1553; x_wconf 85' lang='lat' dir='ltr'><strong><em>plerisque</em></strong></span> <span class='ocrx_word' id='word_1_161' title='bbox 1753 1485 2100 1552; x_wconf 82' lang='lat' dir='ltr'><strong><em>scriptoribus</em></strong></span> <span class='ocrx_word' id='word_1_162' title='bbox 2140 1502 2367 1539; x_wconf 89' lang='lat' dir='ltr'><strong><em>memora</em></strong></span> <span class='ocrx_word' id='word_1_163' title='bbox 2384 1487 2427 1537; x_wconf 90' lang='lat' dir='ltr'><strong><em>ri</em></strong></span> <span class='ocrx_word' id='word_1_164' title='bbox 2461 1503 2477 1538; x_wconf 83' lang='lat'><strong><em>.&#39;</em></strong></span> <span class='ocrx_word' id='word_1_165' title='bbox 2509 1485 2641 1538; x_wconf 87' lang='lat' dir='ltr'><strong><em>nihil</em></strong></span> <span class='ocrx_word' id='word_1_166' title='bbox 2677 1486 2830 1539; x_wconf 83' lang='lat' dir='ltr'><strong><em>movit</em></strong></span> <span class='ocrx_word' id='word_1_167' title='bbox 2863 1486 3089 1553; x_wconf 80' lang='lat' dir='ltr'><strong><em>a/ﬁnitas</em></strong></span> <span class='ocrx_word' id='word_1_168' title='bbox 3126 1485 3278 1554; x_wconf 79' lang='lat' dir='ltr'><strong><em>styli,</em></strong></span> <span class='ocrx_word' id='word_1_169' title='bbox 3325 1485 3572 1554; x_wconf 74' lang='lat' dir='ltr'><strong><em>verbaque</em></strong></span> <span class='ocrx_word' id='word_1_170' title='bbox 3617 1481 3907 1552; x_wconf 79' lang='lat' dir='ltr'><strong><em>frequentia</em></strong></span> 
     </span>
    </p>
   </div>
   <div class='ocr_carea' id='block_1_15' title="bbox 673 1574 3907 1659">
    <p class='ocr_par' dir='ltr' id='par_1_15' title="bbox 673 1574 3907 1659">
     <span class='ocr_line' id='line_1_15' title="bbox 673 1574 3907 1659; baseline 0 -32"><span class='ocrx_word' id='word_1_171' title='bbox 673 1574 1019 1631; x_wconf 80' lang='lat' dir='ltr'><strong><em>Athanasiani</em></strong></span> <span class='ocrx_word' id='word_1_172' title='bbox 1050 1595 1195 1644; x_wconf 83' lang='lat' dir='ltr'><strong><em>usus,</em></strong></span> <span class='ocrx_word' id='word_1_173' title='bbox 1229 1582 1359 1634; x_wconf 86' lang='lat' dir='ltr'><strong><em>nihil</em></strong></span> <span class='ocrx_word' id='word_1_174' title='bbox 1390 1585 1628 1637; x_wconf 88' lang='lat' dir='ltr'><strong><em>codicum</em></strong></span> <span class='ocrx_word' id='word_1_175' title='bbox 1664 1588 1800 1639; x_wconf 77' lang='lat' dir='ltr'><strong><em>unde</em></strong></span> <span class='ocrx_word' id='word_1_176' title='bbox 1824 1588 2128 1657; x_wconf 85' lang='lat' dir='ltr'><strong><em>prodierunt</em></strong></span> <span class='ocrx_word' id='word_1_177' title='bbox 2163 1597 2389 1643; x_wconf 78' lang='lat' dir='ltr'><strong><em>vetustas</em></strong></span> <span class='ocrx_word' id='word_1_178' title='bbox 2420 1606 2438 1643; x_wconf 91' lang='lat'><strong><em>:</em></strong></span> <span class='ocrx_word' id='word_1_179' title='bbox 2466 1605 2585 1659; x_wconf 77' lang='lat' dir='ltr'><strong><em>qua:</em></strong></span> <span class='ocrx_word' id='word_1_180' title='bbox 2613 1606 2737 1643; x_wconf 88' lang='lat' dir='ltr'><strong><em>sane</em></strong></span> <span class='ocrx_word' id='word_1_181' title='bbox 2770 1598 3015 1641; x_wconf 84' lang='lat' dir='ltr'><strong><em>accurato</em></strong></span> <span class='ocrx_word' id='word_1_182' title='bbox 3042 1584 3266 1646; x_wconf 82' lang='lat' dir='ltr'><strong><em>censori,</em></strong></span> <span class='ocrx_word' id='word_1_183' title='bbox 3293 1589 3567 1650; x_wconf 85' lang='lat' dir='ltr'><strong><em>antequam</em></strong></span> <span class='ocrx_word' id='word_1_184' title='bbox 3597 1578 3907 1631; x_wconf 88' lang='lat' dir='ltr'><strong><em>sententiam</em></strong></span> 
     </span>
    </p>
   </div>
   <div class='ocr_carea' id='block_1_16' title="bbox 672 1667 3909 1750">
    <p class='ocr_par' dir='ltr' id='par_1_16' title="bbox 672 1667 3909 1750">
     <span class='ocr_line' id='line_1_16' title="bbox 672 1667 3909 1750; baseline 0.001 -31"><span class='ocrx_word' id='word_1_185' title='bbox 672 1667 859 1739; x_wconf 76' lang='lat' dir='ltr'><strong><em>ferret,</em></strong></span> <span class='ocrx_word' id='word_1_186' title='bbox 891 1675 1026 1726; x_wconf 88' lang='lat' dir='ltr'><strong><em>serio</em></strong></span> <span class='ocrx_word' id='word_1_187' title='bbox 1059 1684 1205 1727; x_wconf 80' lang='lat' dir='ltr'><strong><em>erant</em></strong></span> <span class='ocrx_word' id='word_1_188' title='bbox 1245 1678 1575 1730; x_wconf 80' lang='lat' dir='ltr'><strong><em>excutienda.</em></strong></span> <span class='ocrx_word' id='word_1_189' title='bbox 1621 1676 1805 1731; x_wconf 80' lang='lat' dir='ltr'><strong><em>Verum</em></strong></span> <span class='ocrx_word' id='word_1_190' title='bbox 1848 1679 1936 1732; x_wconf 88' lang='lat' dir='ltr'><strong><em>ille</em></strong></span> <span class='ocrx_word' id='word_1_191' title='bbox 1998 1681 2177 1732; x_wconf 86' lang='lat' dir='ltr'><strong><em>nasuti</em></strong></span> <span class='ocrx_word' id='word_1_192' title='bbox 2212 1698 2265 1734; x_wconf 87' lang='lat' dir='ltr'><strong><em>se</em></strong></span> <span class='ocrx_word' id='word_1_193' title='bbox 2305 1682 2478 1734; x_wconf 89' lang='lat' dir='ltr'><strong><em>critici</em></strong></span> <span class='ocrx_word' id='word_1_194' title='bbox 2505 1692 2680 1750; x_wconf 89' lang='lat' dir='ltr'><strong><em>partes</em></strong></span> <span class='ocrx_word' id='word_1_195' title='bbox 2718 1681 2882 1750; x_wconf 87' lang='lat' dir='ltr'><strong><em>egisse</em></strong></span> <span class='ocrx_word' id='word_1_196' title='bbox 2921 1678 3148 1748; x_wconf 76' lang='lat' dir='ltr'><strong><em>putavit,</em></strong></span> <span class='ocrx_word' id='word_1_197' title='bbox 3208 1689 3347 1735; x_wconf 89' lang='lat' dir='ltr'><strong><em>cum,</em></strong></span> <span class='ocrx_word' id='word_1_198' title='bbox 3404 1673 3566 1724; x_wconf 88' lang='lat' dir='ltr'><strong><em>missa</em></strong></span> <span class='ocrx_word' id='word_1_199' title='bbox 3611 1670 3909 1738; x_wconf 77' lang='lat' dir='ltr'><strong><em>importuna</em></strong></span> 
     </span>
    </p>
   </div>
   <div class='ocr_carea' id='block_1_17' title="bbox 670 1760 3911 1842">
    <p class='ocr_par' dir='ltr' id='par_1_17' title="bbox 670 1760 3911 1842">
     <span class='ocr_line' id='line_1_17' title="bbox 670 1760 3911 1842; baseline 0 -29"><span class='ocrx_word' id='word_1_200' title='bbox 670 1760 765 1814; x_wconf 89' lang='lat' dir='ltr'><strong><em>illa</em></strong></span> <span class='ocrx_word' id='word_1_201' title='bbox 801 1764 1147 1834; x_wconf 74' lang='lat' dir='ltr'><strong><em>investigandi</em></strong></span> <span class='ocrx_word' id='word_1_202' title='bbox 1179 1776 1225 1819; x_wconf 85' lang='lat' dir='ltr'><strong><em>et</em></strong></span> <span class='ocrx_word' id='word_1_203' title='bbox 1257 1768 1577 1837; x_wconf 80' lang='lat' dir='ltr'><strong><em>disquirendi</em></strong></span> <span class='ocrx_word' id='word_1_204' title='bbox 1609 1789 1784 1840; x_wconf 88' lang='lat' dir='ltr'><strong><em>opera,</em></strong></span> <span class='ocrx_word' id='word_1_205' title='bbox 1810 1773 2174 1826; x_wconf 86' lang='lat' dir='ltr'><strong><em>incunctanter</em></strong></span> <span class='ocrx_word' id='word_1_206' title='bbox 2198 1775 2577 1842; x_wconf 84' lang='lat' dir='ltr'><strong><em>pronuntiavit,</em></strong></span> <span class='ocrx_word' id='word_1_207' title='bbox 2609 1771 2725 1826; x_wconf 84' lang='lat' dir='ltr'><strong><em>Non</em></strong></span> <span class='ocrx_word' id='word_1_208' title='bbox 2771 1782 2897 1826; x_wconf 91' lang='lat' dir='ltr'><strong><em>sunt</em></strong></span> <span class='ocrx_word' id='word_1_209' title='bbox 2921 1767 3219 1823; x_wconf 78' lang='lat' dir='ltr'><strong><em>Athanasii.</em></strong></span> <span class='ocrx_word' id='word_1_210' title='bbox 3257 1765 3355 1820; x_wconf 90' lang='lat' dir='ltr'><strong><em>Cui</em></strong></span> <span class='ocrx_word' id='word_1_211' title='bbox 3382 1780 3473 1818; x_wconf 88' lang='lat' dir='ltr'><strong><em>nos</em></strong></span> <span class='ocrx_word' id='word_1_212' title='bbox 3499 1764 3615 1833; x_wconf 90' lang='lat' dir='ltr'><strong><em>pari</em></strong></span> <span class='ocrx_word' id='word_1_213' title='bbox 3647 1760 3911 1832; x_wconf 79' lang='lat' dir='ltr'><strong><em>facilitate</em></strong></span> 
     </span>
    </p>
   </div>
   <div class='ocr_carea' id='block_1_18' title="bbox 671 1857 3902 1939">
    <p class='ocr_par' dir='ltr' id='par_1_18' title="bbox 671 1857 3902 1939">
     <span class='ocr_line' id='line_1_18' title="bbox 671 1857 3902 1939; baseline -0.001 -31"><span class='ocrx_word' id='word_1_214' title='bbox 671 1860 991 1925; x_wconf 85' lang='lat' dir='ltr'><strong><em>reponimus,</em></strong></span> <span class='ocrx_word' id='word_1_215' title='bbox 1023 1861 1154 1913; x_wconf 83' lang='lat' dir='ltr'><strong><em>Sunt</em></strong></span> <span class='ocrx_word' id='word_1_216' title='bbox 1187 1864 1466 1918; x_wconf 80' lang='lat' dir='ltr'><strong><em>Athanasii</em></strong></span> <span class='ocrx_word' id='word_1_217' title='bbox 1501 1883 1514 1918; x_wconf 90' lang='lat'><strong>:</strong></span> <span class='ocrx_word' id='word_1_218' title='bbox 1543 1883 1574 1918; x_wconf 90' lang='lat' dir='ltr'><strong><em>a</em></strong></span> <span class='ocrx_word' id='word_1_219' title='bbox 1597 1883 1700 1935; x_wconf 88' lang='lat' dir='ltr'><strong><em>qua</em></strong></span> <span class='ocrx_word' id='word_1_220' title='bbox 1724 1884 1776 1921; x_wconf 94' lang='lat' dir='ltr'><strong><em>re</em></strong></span> <span class='ocrx_word' id='word_1_221' title='bbox 1805 1869 1971 1924; x_wconf 83' lang='lat' dir='ltr'><strong><em>denuo</em></strong></span> <span class='ocrx_word' id='word_1_222' title='bbox 1997 1871 2382 1939; x_wconf 86' lang='lat' dir='ltr'><strong><em>comprobanda</em></strong></span> <span class='ocrx_word' id='word_1_223' title='bbox 2406 1885 2497 1922; x_wconf 91' lang='lat' dir='ltr'><strong><em>nos</em></strong></span> <span class='ocrx_word' id='word_1_224' title='bbox 2533 1868 2791 1933; x_wconf 78' lang='lat' dir='ltr'><strong><em>exemisti,</em></strong></span> <span class='ocrx_word' id='word_1_225' title='bbox 2816 1867 2849 1918; x_wconf 88' lang='lat' dir='ltr'><strong><em>d</em></strong></span> <span class='ocrx_word' id='word_1_226' title='bbox 2870 1881 2957 1918; x_wconf 87' lang='lat' dir='ltr'><strong><em>um</em></strong></span> <span class='ocrx_word' id='word_1_227' title='bbox 2991 1864 3122 1917; x_wconf 90' lang='lat' dir='ltr'><strong><em>nihil</em></strong></span> <span class='ocrx_word' id='word_1_228' title='bbox 3155 1863 3311 1930; x_wconf 72' lang='lat' dir='ltr'><strong><em>a/fers</em></strong></span> <span class='ocrx_word' id='word_1_229' title='bbox 3344 1875 3443 1928; x_wconf 89' lang='lat' dir='ltr'><strong><em>quo</em></strong></span> <span class='ocrx_word' id='word_1_230' title='bbox 3474 1866 3546 1910; x_wconf 89' lang='lat' dir='ltr'><strong><em>tot</em></strong></span> <span class='ocrx_word' id='word_1_231' title='bbox 3581 1857 3902 1924; x_wconf 85' lang='lat' dir='ltr'><strong><em>scriptorum</em></strong></span> 
     </span>
    </p>
   </div>
   <div class='ocr_carea' id='block_1_19' title="bbox 672 1948 3908 2030">
    <p class='ocr_par' dir='ltr' id='par_1_19' title="bbox 672 1948 3908 2030">
     <span class='ocr_line' id='line_1_19' title="bbox 672 1948 3908 2030; baseline -0.001 -26"><span class='ocrx_word' id='word_1_232' title='bbox 672 1949 990 2012; x_wconf 79' lang='lat' dir='ltr'><strong><em>testimonia,</em></strong></span> <span class='ocrx_word' id='word_1_233' title='bbox 1021 1963 1191 2021; x_wconf 89' lang='lat' dir='ltr'><strong><em>totque</em></strong></span> <span class='ocrx_word' id='word_1_234' title='bbox 1216 1956 1324 2007; x_wconf 88' lang='lat' dir='ltr'><strong><em>alia</em></strong></span> <span class='ocrx_word' id='word_1_235' title='bbox 1362 1960 1712 2027; x_wconf 74' lang='grc' dir='ltr'>γνησιὸτητος</span> <span class='ocrx_word' id='word_1_236' title='bbox 1739 1974 2045 2030; x_wconf 80' lang='lat' dir='ltr'><strong><em>argumenta</em></strong></span> <span class='ocrx_word' id='word_1_237' title='bbox 2069 1965 2348 2017; x_wconf 84' lang='lat' dir='ltr'><strong><em>convellas.</em></strong></span> <span class='ocrx_word' id='word_1_238' title='bbox 2392 1962 2558 2015; x_wconf 82' lang='lat' dir='ltr'><strong><em>Nemo</em></strong></span> <span class='ocrx_word' id='word_1_239' title='bbox 2587 1979 2711 2015; x_wconf 89' lang='lat' dir='ltr'><strong><em>sane</em></strong></span> <span class='ocrx_word' id='word_1_240' title='bbox 2750 1960 2898 2014; x_wconf 90' lang='lat' dir='ltr'><strong><em>nobis</em></strong></span> <span class='ocrx_word' id='word_1_241' title='bbox 2936 1960 3110 2013; x_wconf 88' lang='lat' dir='ltr'><strong><em>dicam</em></strong></span> <span class='ocrx_word' id='word_1_242' title='bbox 3145 1957 3420 2025; x_wconf 77' lang='lat' dir='ltr'><strong><em>impingat,</em></strong></span> <span class='ocrx_word' id='word_1_243' title='bbox 3447 1951 3581 2021; x_wconf 88' lang='lat' dir='ltr'><strong><em>quod</em></strong></span> <span class='ocrx_word' id='word_1_244' title='bbox 3617 1964 3680 2001; x_wconf 76' lang='lat' dir='ltr'><strong><em>ea:</em></strong></span> <span class='ocrx_word' id='word_1_245' title='bbox 3712 1948 3908 2015; x_wconf 68' lang='lat' dir='ltr'><strong><em>affectu</em></strong></span> 
     </span>
    </p>
   </div>
   <div class='ocr_carea' id='block_1_20' title="bbox 672 2040 3896 2123">
    <p class='ocr_par' dir='ltr' id='par_1_20' title="bbox 672 2040 3896 2123">
     <span class='ocr_line' id='line_1_20' title="bbox 672 2040 3896 2123; baseline -0.002 -28"><span class='ocrx_word' id='word_1_246' title='bbox 672 2040 748 2099; x_wconf 78' lang='lat' dir='ltr'><strong><em>uel</em></strong></span> <span class='ocrx_word' id='word_1_247' title='bbox 777 2043 1125 2110; x_wconf 79' lang='lat' dir='ltr'><strong><em>pra&#39;judicata</em></strong></span> <span class='ocrx_word' id='word_1_248' title='bbox 1159 2049 1397 2114; x_wconf 85' lang='lat' dir='ltr'><strong><em>opinione</em></strong></span> <span class='ocrx_word' id='word_1_249' title='bbox 1433 2052 1615 2116; x_wconf 87' lang='lat' dir='ltr'><strong><em>spuria</em></strong></span> <span class='ocrx_word' id='word_1_250' title='bbox 1655 2053 1730 2104; x_wconf 85' lang='lat' dir='ltr'><strong><em>vel</em></strong></span> <span class='ocrx_word' id='word_1_251' title='bbox 1759 2053 1919 2106; x_wconf 88' lang='lat' dir='ltr'><strong><em>dubia</em></strong></span> <span class='ocrx_word' id='word_1_252' title='bbox 1964 2071 2118 2123; x_wconf 88' lang='lat' dir='ltr'><strong><em>opera</em></strong></span> <span class='ocrx_word' id='word_1_253' title='bbox 2147 2071 2238 2123; x_wconf 87' lang='lat' dir='ltr'><strong><em>pro</em></strong></span> <span class='ocrx_word' id='word_1_254' title='bbox 2269 2054 2528 2123; x_wconf 86' lang='lat' dir='ltr'><strong><em>germanis</em></strong></span> <span class='ocrx_word' id='word_1_255' title='bbox 2565 2061 2613 2105; x_wconf 90' lang='lat' dir='ltr'><strong><em>et</em></strong></span> <span class='ocrx_word' id='word_1_256' title='bbox 2652 2053 2863 2104; x_wconf 85' lang='lat' dir='ltr'><strong><em>assertis</em></strong></span> <span class='ocrx_word' id='word_1_257' title='bbox 2918 2050 3214 2103; x_wconf 74' lang='lat' dir='ltr'><strong><em>dederimus</em></strong></span> <span class='ocrx_word' id='word_1_258' title='bbox 3246 2061 3263 2097; x_wconf 92' lang='lat'><strong><em>:</em></strong></span> <span class='ocrx_word' id='word_1_259' title='bbox 3294 2061 3415 2100; x_wconf 81' lang='lat' dir='ltr'><strong><em>nam</em></strong></span> <span class='ocrx_word' id='word_1_260' title='bbox 3448 2059 3540 2112; x_wconf 91' lang='lat' dir='ltr'><strong><em>pro</em></strong></span> <span class='ocrx_word' id='word_1_261' title='bbox 3571 2040 3732 2102; x_wconf 83' lang='lat' dir='ltr'><strong><em>virili,</em></strong></span> <span class='ocrx_word' id='word_1_262' title='bbox 3758 2048 3806 2092; x_wconf 88' lang='lat' dir='ltr'><strong><em>et</em></strong></span> <span class='ocrx_word' id='word_1_263' title='bbox 3842 2046 3896 2090; x_wconf 77' lang='lat' dir='ltr'><strong><em>ut</em></strong></span> 
     </span>
    </p>
   </div>
   <div class='ocr_carea' id='block_1_21' title="bbox 673 2138 3894 2223">
    <p class='ocr_par' dir='ltr' id='par_1_21' title="bbox 673 2138 3894 2223">
     <span class='ocr_line' id='line_1_21' title="bbox 673 2138 3894 2223; baseline 0 -34"><span class='ocrx_word' id='word_1_264' title='bbox 673 2140 809 2208; x_wconf 74' lang='lat' dir='ltr'><strong><em>a&#39;qni</em></strong></span> <span class='ocrx_word' id='word_1_265' title='bbox 843 2141 978 2191; x_wconf 86' lang='lat' dir='ltr'><strong><em>ratio</em></strong></span> <span class='ocrx_word' id='word_1_266' title='bbox 1019 2144 1344 2207; x_wconf 86' lang='lat' dir='ltr'><strong><em>postulabat,</em></strong></span> <span class='ocrx_word' id='word_1_267' title='bbox 1385 2147 1594 2208; x_wconf 83' lang='grc' dir='ltr'>νοθείας</span> <span class='ocrx_word' id='word_1_268' title='bbox 1623 2147 1697 2200; x_wconf 84' lang='lat' dir='ltr'><strong><em>vel</em></strong></span> <span class='ocrx_word' id='word_1_269' title='bbox 1740 2151 2094 2223; x_wconf 75' lang='grc' dir='ltr'>γνησιότητος</span> <span class='ocrx_word' id='word_1_270' title='bbox 2121 2162 2269 2204; x_wconf 89' lang='lat' dir='ltr'><strong><em>notas</em></strong></span> <span class='ocrx_word' id='word_1_271' title='bbox 2307 2152 2594 2220; x_wconf 82' lang='lat' dir='ltr'><strong><em>quibusque</em></strong></span> <span class='ocrx_word' id='word_1_272' title='bbox 2633 2149 3024 2218; x_wconf 79' lang='lat' dir='ltr'><strong><em>prwmisimus:</em></strong></span> <span class='ocrx_word' id='word_1_273' title='bbox 3063 2163 3123 2199; x_wconf 90' lang='lat' dir='ltr'><strong><em>ac</em></strong></span> <span class='ocrx_word' id='word_1_274' title='bbox 3153 2147 3272 2198; x_wconf 84' lang='lat' dir='ltr'><strong><em>licet</em></strong></span> <span class='ocrx_word' id='word_1_275' title='bbox 3306 2143 3485 2210; x_wconf 85' lang='lat' dir='ltr'><strong><em>cuique</em></strong></span> <span class='ocrx_word' id='word_1_276' title='bbox 3517 2138 3739 2192; x_wconf 88' lang='lat' dir='ltr'><strong><em>liberum</em></strong></span> <span class='ocrx_word' id='word_1_277' title='bbox 3776 2152 3894 2190; x_wconf 83' lang='lat' dir='ltr'><strong><em>sen-</em></strong></span> 
     </span>
    </p>
   </div>
   <div class='ocr_carea' id='block_1_22' title="bbox 673 2233 3892 2316">
    <p class='ocr_par' dir='ltr' id='par_1_22' title="bbox 673 2233 3892 2316">
     <span class='ocr_line' id='line_1_22' title="bbox 673 2233 3892 2316; baseline 0 -32"><span class='ocrx_word' id='word_1_278' title='bbox 673 2234 850 2287; x_wconf 77' lang='lat' dir='ltr'><strong><em>tentia:</em></strong></span> <span class='ocrx_word' id='word_1_279' title='bbox 888 2236 1162 2288; x_wconf 73' lang='lat' dir='ltr'><strong><em>adversum</em></strong></span> <span class='ocrx_word' id='word_1_280' title='bbox 1195 2254 1286 2291; x_wconf 88' lang='lat' dir='ltr'><strong><em>nos</em></strong></span> <span class='ocrx_word' id='word_1_281' title='bbox 1315 2240 1542 2307; x_wconf 78' lang='lat' dir='ltr'><strong><em>[&#39;erendw</em></strong></span> <span class='ocrx_word' id='word_1_282' title='bbox 1588 2245 1869 2297; x_wconf 83' lang='lat' dir='ltr'><strong><em>arbitrium</em></strong></span> <span class='ocrx_word' id='word_1_283' title='bbox 1901 2249 2168 2300; x_wconf 83' lang='lat' dir='ltr'><strong><em>mittamus</em></strong></span> <span class='ocrx_word' id='word_1_284' title='bbox 2194 2289 2208 2313; x_wconf 91' lang='lat'><strong><em>,</em></strong></span> <span class='ocrx_word' id='word_1_285' title='bbox 2249 2248 2293 2300; x_wconf 92' lang='lat' dir='ltr'><strong><em>si</em></strong></span> <span class='ocrx_word' id='word_1_286' title='bbox 2328 2248 2443 2316; x_wconf 89' lang='lat' dir='ltr'><strong><em>quis</em></strong></span> <span class='ocrx_word' id='word_1_287' title='bbox 2493 2258 2665 2299; x_wconf 86' lang='lat' dir='ltr'><strong><em>tamen</em></strong></span> <span class='ocrx_word' id='word_1_288' title='bbox 2702 2245 2834 2298; x_wconf 91' lang='lat' dir='ltr'><strong><em>hanc</em></strong></span> <span class='ocrx_word' id='word_1_289' title='bbox 2865 2244 3183 2313; x_wconf 80' lang='lat' dir='ltr'><strong><em>provinciam</em></strong></span> <span class='ocrx_word' id='word_1_290' title='bbox 3215 2241 3388 2304; x_wconf 87' lang='lat' dir='ltr'><strong><em>adeat,</em></strong></span> <span class='ocrx_word' id='word_1_291' title='bbox 3427 2237 3631 2290; x_wconf 85' lang='lat' dir='ltr'><strong><em>nonnisi</em></strong></span> <span class='ocrx_word' id='word_1_292' title='bbox 3655 2233 3892 2288; x_wconf 68' lang='lat' dir='ltr'><strong><em>excussis</em></strong></span> 
     </span>
    </p>
   </div>
   <div class='ocr_carea' id='block_1_23' title="bbox 673 2329 3898 2412">
    <p class='ocr_par' dir='ltr' id='par_1_23' title="bbox 673 2329 3898 2412">
     <span class='ocr_line' id='line_1_23' title="bbox 673 2329 3898 2412; baseline 0.001 -35"><span class='ocrx_word' id='word_1_293' title='bbox 673 2329 992 2394; x_wconf 84' lang='lat' dir='ltr'><strong><em>argumentis</em></strong></span> <span class='ocrx_word' id='word_1_294' title='bbox 1020 2339 1067 2381; x_wconf 86' lang='lat' dir='ltr'><strong><em>et</em></strong></span> <span class='ocrx_word' id='word_1_295' title='bbox 1101 2337 1259 2393; x_wconf 86' lang='lat' dir='ltr'><strong><em>notis,</em></strong></span> <span class='ocrx_word' id='word_1_296' title='bbox 1290 2351 1418 2400; x_wconf 88' lang='lat' dir='ltr'><strong><em>quas</em></strong></span> <span class='ocrx_word' id='word_1_297' title='bbox 1444 2352 1535 2405; x_wconf 88' lang='lat' dir='ltr'><strong><em>pro</em></strong></span> <span class='ocrx_word' id='word_1_298' title='bbox 1565 2338 1820 2406; x_wconf 80' lang='lat' dir='ltr'><strong><em>facultate</em></strong></span> <span class='ocrx_word' id='word_1_299' title='bbox 1858 2343 2169 2396; x_wconf 85' lang='lat' dir='ltr'><strong><em>tractatibus</em></strong></span> <span class='ocrx_word' id='word_1_300' title='bbox 2208 2343 2431 2412; x_wconf 87' lang='lat' dir='ltr'><strong><em>singulis</em></strong></span> <span class='ocrx_word' id='word_1_301' title='bbox 2476 2343 2861 2411; x_wconf 78' lang='lat' dir='ltr'><strong><em>pramrisimus,</em></strong></span> <span class='ocrx_word' id='word_1_302' title='bbox 2889 2340 3088 2409; x_wconf 88' lang='lat' dir='ltr'><strong><em>judicis</em></strong></span> <span class='ocrx_word' id='word_1_303' title='bbox 3130 2347 3177 2391; x_wconf 91' lang='lat' dir='ltr'><strong><em>et</em></strong></span> <span class='ocrx_word' id='word_1_304' title='bbox 3213 2335 3441 2390; x_wconf 87' lang='lat' dir='ltr'><strong><em>censoris</em></strong></span> <span class='ocrx_word' id='word_1_305' title='bbox 3475 2341 3649 2402; x_wconf 88' lang='lat' dir='ltr'><strong><em>partes</em></strong></span> <span class='ocrx_word' id='word_1_306' title='bbox 3683 2337 3898 2396; x_wconf 87' lang='lat' dir='ltr'><strong><em>occupet</em></strong></span> 
     </span>
    </p>
   </div>
   <div class='ocr_carea' id='block_1_24' title="bbox 741 2416 3890 2499">
    <p class='ocr_par' dir='ltr' id='par_1_24' title="bbox 741 2416 3890 2499">
     <span class='ocr_line' id='line_1_24' title="bbox 741 2416 3890 2499; baseline -0.001 -28"><span class='ocrx_word' id='word_1_307' title='bbox 741 2416 1010 2474; x_wconf 86' lang='lat' dir='ltr'><strong><em>Lectorent</em></strong></span> <span class='ocrx_word' id='word_1_308' title='bbox 1041 2440 1245 2478; x_wconf 86' lang='lat' dir='ltr'><strong><em>monere</em></strong></span> <span class='ocrx_word' id='word_1_309' title='bbox 1268 2427 1439 2494; x_wconf 85' lang='lat' dir='ltr'><strong><em>juvat,</em></strong></span> <span class='ocrx_word' id='word_1_310' title='bbox 1486 2428 1936 2483; x_wconf 67' lang='lat' dir='ltr'><strong><em>Commentariun:</em></strong></span> <span class='ocrx_word' id='word_1_311' title='bbox 1975 2433 2140 2484; x_wconf 86' lang='lat' dir='ltr'><strong><em>alium</em></strong></span> <span class='ocrx_word' id='word_1_312' title='bbox 2169 2433 2450 2486; x_wconf 82' lang='lat' dir='ltr'><strong><em>Athanasii</em></strong></span> <span class='ocrx_word' id='word_1_313' title='bbox 2482 2435 2684 2486; x_wconf 87' lang='lat' dir='ltr'><strong><em>nomine</em></strong></span> <span class='ocrx_word' id='word_1_314' title='bbox 2717 2432 2842 2499; x_wconf 75' lang='lat' dir='ltr'><strong><em>ferri</em></strong></span> <span class='ocrx_word' id='word_1_315' title='bbox 2877 2433 2926 2482; x_wconf 91' lang='lat' dir='ltr'><strong><em>in</em></strong></span> <span class='ocrx_word' id='word_1_316' title='bbox 2959 2427 3265 2482; x_wconf 88' lang='lat' dir='ltr'><strong><em>bibliotheca</em></strong></span> <span class='ocrx_word' id='word_1_317' title='bbox 3298 2423 3602 2478; x_wconf 70' lang='lat' dir='ltr'><strong><em>Iustiniano</em></strong></span> <span class='ocrx_word' id='word_1_318' title='bbox 3638 2419 3890 2479; x_wconf 86' lang='lat' dir='ltr'><strong><em>Venetiis,</em></strong></span> 
     </span>
    </p>
   </div>
   <div class='ocr_carea' id='block_1_25' title="bbox 673 2514 2232 2593">
    <p class='ocr_par' dir='ltr' id='par_1_25' title="bbox 673 2514 2232 2590">
     <span class='ocr_line' id='line_1_25' title="bbox 673 2514 2232 2590; baseline 0.008 -27"><span class='ocrx_word' id='word_1_319' title='bbox 673 2514 824 2582; x_wconf 83' lang='lat' dir='ltr'><strong><em>inque</em></strong></span> <span class='ocrx_word' id='word_1_320' title='bbox 852 2515 1199 2570; x_wconf 84' lang='lat' dir='ltr'><strong><em>Ambrosiana</em></strong></span> <span class='ocrx_word' id='word_1_321' title='bbox 1231 2518 1536 2584; x_wconf 74' lang='lat' dir='ltr'><strong><em>Mediolani,</em></strong></span> <span class='ocrx_word' id='word_1_322' title='bbox 1574 2539 1789 2590; x_wconf 88' lang='lat' dir='ltr'><strong><em>prorsus</em></strong></span> <span class='ocrx_word' id='word_1_323' title='bbox 1833 2525 2093 2576; x_wconf 85' lang='lat' dir='ltr'><strong><em>diversum</em></strong></span> <span class='ocrx_word' id='word_1_324' title='bbox 2128 2524 2189 2576; x_wconf 90' lang='lat' dir='ltr'><strong><em>ab</em></strong></span> <span class='ocrx_word' id='word_1_325' title='bbox 2225 2548 2232 2576; x_wconf 73' lang='grc'><strong><em>4</em></strong></span> 
     </span>
    </p>
   </div>
   <div class='ocr_carea' id='block_1_26' title="bbox 2334 2514 3906 2593">
    <p class='ocr_par' dir='ltr' id='par_1_26' title="bbox 2335 2514 3906 2593">
     <span class='ocr_line' id='line_1_26' title="bbox 2335 2514 3906 2593; baseline -0.008 -16"><span class='ocrx_word' id='word_1_326' title='bbox 2335 2542 2384 2587; x_wconf 94' lang='lat' dir='ltr'><strong><em>o,</em></strong></span> <span class='ocrx_word' id='word_1_327' title='bbox 2432 2525 2580 2593; x_wconf 86' lang='lat' dir='ltr'><strong><em>cujus</em></strong></span> <span class='ocrx_word' id='word_1_328' title='bbox 2618 2525 2830 2576; x_wconf 84' lang='lat' dir='ltr'><strong><em>initium</em></strong></span> <span class='ocrx_word' id='word_1_329' title='bbox 2859 2539 2876 2574; x_wconf 92' lang='lat'><em>:</em></span> <span class='ocrx_word' id='word_1_330' title='bbox 2903 2523 2967 2573; x_wconf 86' lang='grc' dir='ltr'><strong>Ἡ</strong></span> <span class='ocrx_word' id='word_1_331' title='bbox 3005 2521 3101 2590; x_wconf 77' lang='grc' dir='ltr'>μὲν</span> <span class='ocrx_word' id='word_1_332' title='bbox 3145 2517 3446 2591; x_wconf 75' lang='grc' dir='ltr'><strong><em>προφητεία</em></strong></span> <span class='ocrx_word' id='word_1_333' title='bbox 3481 2514 3780 2586; x_wconf 72' lang='grc' dir='ltr'><strong><em>πληροῦται</em></strong></span> <span class='ocrx_word' id='word_1_334' title='bbox 3825 2514 3906 2574; x_wconf 80' lang='grc' dir='ltr'><strong><em>είς</em></strong></span> 
     </span>
    </p>
   </div>
   <div class='ocr_carea' id='block_1_27' title="bbox 670 2606 2232 2684">
    <p class='ocr_par' dir='ltr' id='par_1_27' title="bbox 670 2606 2227 2680">
     <span class='ocr_line' id='line_1_27' title="bbox 670 2606 2227 2680; baseline 0.006 -22"><span class='ocrx_word' id='word_1_335' title='bbox 670 2606 761 2659; x_wconf 77' lang='grc' dir='ltr'>τὸν</span> <span class='ocrx_word' id='word_1_336' title='bbox 817 2607 1011 2675; x_wconf 60' lang='grc' dir='ltr'>Ἰωσὴφ</span> <span class='ocrx_word' id='word_1_337' title='bbox 1035 2609 1123 2661; x_wconf 74' lang='grc' dir='ltr'><strong><em>τὸν</em></strong></span> <span class='ocrx_word' id='word_1_338' title='bbox 1167 2611 1534 2680; x_wconf 76' lang='grc' dir='ltr'>’Λριμαθαῐον.</span> <span class='ocrx_word' id='word_1_339' title='bbox 1589 2612 1690 2667; x_wconf 84' lang='lat' dir='ltr'><strong><em>Sed</em></strong></span> <span class='ocrx_word' id='word_1_340' title='bbox 1736 2633 1851 2668; x_wconf 82' lang='lat' dir='ltr'><strong><em>cum</em></strong></span> <span class='ocrx_word' id='word_1_341' title='bbox 1893 2633 1924 2668; x_wconf 90' lang='lat' dir='ltr'><strong><em>a</em></strong></span> <span class='ocrx_word' id='word_1_342' title='bbox 1962 2615 2161 2667; x_wconf 86' lang='lat' dir='ltr'><strong><em>nemine</em></strong></span> <span class='ocrx_word' id='word_1_343' title='bbox 2205 2632 2227 2668; x_wconf 77' lang='grc' dir='ltr'><strong>δ</strong></span> 
     </span>
    </p>
   </div>
   <div class='ocr_carea' id='block_1_28' title="bbox 2334 2606 3884 2684">
    <p class='ocr_par' dir='ltr' id='par_1_28' title="bbox 2334 2608 3884 2678">
     <span class='ocr_line' id='line_1_28' title="bbox 2334 2608 3884 2678; baseline -0.005 -13"><span class='ocrx_word' id='word_1_344' title='bbox 2334 2627 2520 2668; x_wconf 78' lang='lat' dir='ltr'><strong><em>uorum</em></strong></span> <span class='ocrx_word' id='word_1_345' title='bbox 2555 2622 2887 2678; x_wconf 87' lang='lat' dir='ltr'><strong><em>memoretur,</em></strong></span> <span class='ocrx_word' id='word_1_346' title='bbox 2932 2611 3008 2665; x_wconf 80' lang='lat' dir='ltr'><strong><em>vel</em></strong></span> <span class='ocrx_word' id='word_1_347' title='bbox 3059 2611 3272 2666; x_wconf 86' lang='lat' dir='ltr'><strong><em>alterius</em></strong></span> <span class='ocrx_word' id='word_1_348' title='bbox 3307 2619 3480 2662; x_wconf 87' lang='lat' dir='ltr'><strong><em>nostra</em></strong></span> <span class='ocrx_word' id='word_1_349' title='bbox 3510 2608 3716 2678; x_wconf 85' lang='lat' dir='ltr'><strong><em>gentilis</em></strong></span> <span class='ocrx_word' id='word_1_350' title='bbox 3751 2621 3884 2672; x_wconf 79' lang='lat' dir='ltr'><strong><em>Opus</em></strong></span> 
     </span>
    </p>
   </div>
   <div class='ocr_carea' id='block_1_29' title="bbox 671 2699 2160 2775">
    <p class='ocr_par' dir='ltr' id='par_1_29' title="bbox 671 2699 2160 2775">
     <span class='ocr_line' id='line_1_29' title="bbox 671 2699 2160 2775; baseline 0.007 -25"><span class='ocrx_word' id='word_1_351' title='bbox 671 2700 849 2770; x_wconf 73' lang='lat' dir='ltr'><strong><em>luerit,</em></strong></span> <span class='ocrx_word' id='word_1_352' title='bbox 895 2699 970 2752; x_wconf 83' lang='lat' dir='ltr'><strong><em>vel</em></strong></span> <span class='ocrx_word' id='word_1_353' title='bbox 1007 2700 1358 2755; x_wconf 82' lang='lat' dir='ltr'><strong><em>Athanasium</em></strong></span> <span class='ocrx_word' id='word_1_354' title='bbox 1388 2702 1538 2756; x_wconf 86' lang='lat' dir='ltr'><strong><em>illum</em></strong></span> <span class='ocrx_word' id='word_1_355' title='bbox 1577 2721 1820 2775; x_wconf 85' lang='lat' dir='ltr'><strong><em>magnum</em></strong></span> <span class='ocrx_word' id='word_1_356' title='bbox 1862 2710 2160 2760; x_wconf 84' lang='lat' dir='ltr'><strong><em>ementitur.</em></strong></span> 
     </span>
    </p>
   </div>
   <div class='ocr_carea' id='block_1_30' title="bbox 741 2919 1008 2976">
    <p class='ocr_par' dir='ltr' id='par_1_30' title="bbox 741 2919 1008 2976">
     <span class='ocr_line' id='line_1_30' title="bbox 741 2919 1008 2976; baseline 0.004 -1"><span class='ocrx_word' id='word_1_357' title='bbox 741 2919 1008 2976; x_wconf 83' lang='lat' dir='ltr'><strong><em>SANCTI</em></strong></span> 
     </span>
    </p>
   </div>
   <div class='ocr_carea' id='block_1_31' title="bbox 773 2984 2231 3116">
    <p class='ocr_par' dir='ltr' id='par_1_31' title="bbox 773 2984 2231 3116">
     <span class='ocr_line' id='line_1_31' title="bbox 773 2984 2231 3116; baseline 0.011 -72"><span class='ocrx_word' id='word_1_358' title='bbox 773 2990 1319 3116; x_wconf 46' lang='lat' dir='ltr'><strong><em>gltotgxanonmt,</em></strong></span> <span class='ocrx_word' id='word_1_359' title='bbox 1349 2984 1864 3053; x_wconf 67' lang='lat' dir='ltr'><strong><em>ARGUMENTUM</em></strong></span> <span class='ocrx_word' id='word_1_360' title='bbox 1899 3001 1988 3055; x_wconf 76' lang='lat' dir='ltr'><strong><em>IN</em></strong></span> <span class='ocrx_word' id='word_1_361' title='bbox 2015 2984 2231 3060; x_wconf 46' lang='lat' dir='ltr'><strong><em>esst.“-</em></strong></span> 
     </span>
    </p>
   </div>
   <div class='ocr_carea' id='block_1_32' title="bbox 742 3176 2231 3248">
    <p class='ocr_par' dir='ltr' id='par_1_32' title="bbox 742 3176 2231 3248">
     <span class='ocr_line' id='line_1_32' title="bbox 742 3176 2231 3248; baseline 0.008 -17"><span class='ocrx_word' id='word_1_362' title='bbox 742 3176 798 3232; x_wconf 90' lang='lat' dir='ltr'><strong><em>In</em></strong></span> <span class='ocrx_word' id='word_1_363' title='bbox 834 3177 1096 3235; x_wconf 84' lang='lat' dir='ltr'><strong><em>llebraieo</em></strong></span> <span class='ocrx_word' id='word_1_364' title='bbox 1128 3182 1268 3236; x_wconf 89' lang='lat' dir='ltr'><strong><em>libro</em></strong></span> <span class='ocrx_word' id='word_1_365' title='bbox 1295 3181 1656 3248; x_wconf 86' lang='lat' dir='ltr'><strong><em>Psalmorum,</em></strong></span> <span class='ocrx_word' id='word_1_366' title='bbox 1689 3187 1805 3239; x_wconf 86' lang='lat' dir='ltr'><strong><em>sine</em></strong></span> <span class='ocrx_word' id='word_1_367' title='bbox 1838 3190 2049 3242; x_wconf 89' lang='lat' dir='ltr'><strong><em>numeri</em></strong></span> <span class='ocrx_word' id='word_1_368' title='bbox 2078 3191 2231 3243; x_wconf 90' lang='lat' dir='ltr'><strong><em>addi-</em></strong></span> 
     </span>
    </p>
   </div>
   <div class='ocr_carea' id='block_1_33' title="bbox 673 3273 2234 3348">
    <p class='ocr_par' dir='ltr' id='par_1_33' title="bbox 673 3273 2234 3348">
     <span class='ocr_line' id='line_1_33' title="bbox 673 3273 2234 3348; baseline 0.008 -26"><span class='ocrx_word' id='word_1_369' title='bbox 673 3273 820 3325; x_wconf 84' lang='lat' dir='ltr'><strong><em>tione</em></strong></span> <span class='ocrx_word' id='word_1_370' title='bbox 863 3289 1053 3328; x_wconf 88' lang='lat' dir='ltr'><strong><em>omnes</em></strong></span> <span class='ocrx_word' id='word_1_371' title='bbox 1103 3273 1294 3342; x_wconf 83' lang='lat' dir='ltr'><strong><em>psalmi</em></strong></span> <span class='ocrx_word' id='word_1_372' title='bbox 1369 3275 1611 3345; x_wconf 82' lang='lat' dir='ltr'><strong><em>inscripti</em></strong></span> <span class='ocrx_word' id='word_1_373' title='bbox 1652 3286 1812 3342; x_wconf 84' lang='lat' dir='ltr'><strong><em>sunt,</em></strong></span> <span class='ocrx_word' id='word_1_374' title='bbox 1867 3288 2026 3348; x_wconf 86' lang='lat' dir='ltr'><strong><em>atque</em></strong></span> <span class='ocrx_word' id='word_1_375' title='bbox 2069 3281 2234 3336; x_wconf 87' lang='lat' dir='ltr'><strong><em>variis</em></strong></span> 
     </span>
    </p>
   </div>
   <div class='ocr_carea' id='block_1_34' title="bbox 674 3363 2230 3435">
    <p class='ocr_par' dir='ltr' id='par_1_34' title="bbox 674 3363 2230 3435">
     <span class='ocr_line' id='line_1_34' title="bbox 674 3363 2230 3435; baseline 0.008 -21"><span class='ocrx_word' id='word_1_376' title='bbox 674 3363 869 3418; x_wconf 90' lang='lat' dir='ltr'><strong><em>modis.</em></strong></span> <span class='ocrx_word' id='word_1_377' title='bbox 925 3363 1028 3418; x_wconf 83' lang='lat' dir='ltr'><strong><em>Alii</em></strong></span> <span class='ocrx_word' id='word_1_378' title='bbox 1080 3365 1297 3434; x_wconf 82' lang='lat' dir='ltr'><strong><em>quidem</em></strong></span> <span class='ocrx_word' id='word_1_379' title='bbox 1344 3381 1449 3419; x_wconf 86' lang='lat' dir='ltr'><strong><em>una</em></strong></span> <span class='ocrx_word' id='word_1_380' title='bbox 1494 3366 1692 3435; x_wconf 86' lang='lat' dir='ltr'><strong><em>juncti,</em></strong></span> <span class='ocrx_word' id='word_1_381' title='bbox 1749 3369 1839 3422; x_wconf 82' lang='lat' dir='ltr'><strong><em>alii</em></strong></span> <span class='ocrx_word' id='word_1_382' title='bbox 1895 3371 2050 3425; x_wconf 79' lang='lat' dir='ltr'><strong><em>divisi</em></strong></span> <span class='ocrx_word' id='word_1_383' title='bbox 2085 3382 2230 3427; x_wconf 90' lang='lat' dir='ltr'><strong><em>sunt.</em></strong></span> 
     </span>
    </p>
   </div>
   <div class='ocr_carea' id='block_1_35' title="bbox 676 3457 2232 3528">
    <p class='ocr_par' dir='ltr' id='par_1_35' title="bbox 676 3457 2232 3528">
     <span class='ocr_line' id='line_1_35' title="bbox 676 3457 2232 3528; baseline 0.004 -16"><span class='ocrx_word' id='word_1_384' title='bbox 676 3457 865 3512; x_wconf 82' lang='lat' dir='ltr'><strong><em>Statim</em></strong></span> <span class='ocrx_word' id='word_1_385' title='bbox 889 3457 1084 3527; x_wconf 86' lang='lat' dir='ltr'><strong><em>quippe</em></strong></span> <span class='ocrx_word' id='word_1_386' title='bbox 1123 3457 1189 3511; x_wconf 87' lang='lat' dir='ltr'><strong><em>ab</em></strong></span> <span class='ocrx_word' id='word_1_387' title='bbox 1215 3457 1364 3511; x_wconf 89' lang='lat' dir='ltr'><strong><em>initio</em></strong></span> <span class='ocrx_word' id='word_1_388' title='bbox 1386 3460 1589 3528; x_wconf 87' lang='lat' dir='ltr'><strong><em>primus</em></strong></span> <span class='ocrx_word' id='word_1_389' title='bbox 1617 3471 1670 3515; x_wconf 88' lang='lat' dir='ltr'><strong><em>et</em></strong></span> <span class='ocrx_word' id='word_1_390' title='bbox 1696 3463 1966 3518; x_wconf 84' lang='lat' dir='ltr'><strong><em>secundus</em></strong></span> <span class='ocrx_word' id='word_1_391' title='bbox 2003 3464 2053 3518; x_wconf 91' lang='lat' dir='ltr'><strong><em>iu</em></strong></span> <span class='ocrx_word' id='word_1_392' title='bbox 2085 3474 2232 3518; x_wconf 82' lang='lat' dir='ltr'><strong><em>textu</em></strong></span> 
     </span>
    </p>
   </div>
   <div class='ocr_carea' id='block_1_36' title="bbox 674 3549 2233 3626">
    <p class='ocr_par' dir='ltr' id='par_1_36' title="bbox 674 3549 2233 3626">
     <span class='ocr_line' id='line_1_36' title="bbox 674 3549 2233 3626; baseline 0.006 -23"><span class='ocrx_word' id='word_1_393' title='bbox 674 3549 936 3605; x_wconf 85' lang='lat' dir='ltr'><strong><em>llehraico</em></strong></span> <span class='ocrx_word' id='word_1_394' title='bbox 977 3550 1328 3618; x_wconf 73' lang='lat' dir='ltr'><strong><em>comitantur;</em></strong></span> <span class='ocrx_word' id='word_1_395' title='bbox 1367 3561 1549 3604; x_wconf 77' lang='lat' dir='ltr'><strong><em>contra</em></strong></span> <span class='ocrx_word' id='word_1_396' title='bbox 1584 3568 1713 3605; x_wconf 88' lang='lat' dir='ltr'><strong><em>vero</em></strong></span> <span class='ocrx_word' id='word_1_397' title='bbox 1739 3569 1932 3618; x_wconf 86' lang='lat' dir='ltr'><strong><em>nouus,</em></strong></span> <span class='ocrx_word' id='word_1_398' title='bbox 1967 3556 2058 3624; x_wconf 87' lang='lat' dir='ltr'><strong><em>qui</em></strong></span> <span class='ocrx_word' id='word_1_399' title='bbox 2091 3558 2233 3626; x_wconf 88' lang='lat' dir='ltr'><strong><em>apud</em></strong></span> 
     </span>
    </p>
   </div>
   <div class='ocr_carea' id='block_1_37' title="bbox 675 3641 2231 3707">
    <p class='ocr_par' dir='ltr' id='par_1_37' title="bbox 675 3641 2231 3707">
     <span class='ocr_line' id='line_1_37' title="bbox 675 3641 2231 3707; baseline 0.004 -10"><span class='ocrx_word' id='word_1_400' title='bbox 675 3657 773 3697; x_wconf 89' lang='lat' dir='ltr'><strong><em>nos</em></strong></span> <span class='ocrx_word' id='word_1_401' title='bbox 801 3643 1121 3707; x_wconf 73' lang='lat' dir='ltr'><strong><em>coniunctus</em></strong></span> <span class='ocrx_word' id='word_1_402' title='bbox 1148 3651 1248 3704; x_wconf 86' lang='lat' dir='ltr'><strong><em>est,</em></strong></span> <span class='ocrx_word' id='word_1_403' title='bbox 1299 3643 1352 3694; x_wconf 91' lang='lat' dir='ltr'><strong><em>in</em></strong></span> <span class='ocrx_word' id='word_1_404' title='bbox 1391 3641 1651 3699; x_wconf 81' lang='lat' dir='ltr'><strong><em>llehraico</em></strong></span> <span class='ocrx_word' id='word_1_405' title='bbox 1701 3655 1844 3702; x_wconf 79' lang='lat' dir='ltr'><strong><em>textu</em></strong></span> <span class='ocrx_word' id='word_1_406' title='bbox 1877 3648 2134 3703; x_wconf 80' lang='lat' dir='ltr'><strong><em>dividitur</em></strong></span> <span class='ocrx_word' id='word_1_407' title='bbox 2179 3651 2231 3704; x_wconf 92' lang='lat' dir='ltr'><strong><em>in</em></strong></span> 
     </span>
    </p>
   </div>
   <div class='ocr_carea' id='block_1_38' title="bbox 673 3731 2234 3808">
    <p class='ocr_par' dir='ltr' id='par_1_38' title="bbox 673 3731 2234 3808">
     <span class='ocr_line' id='line_1_38' title="bbox 673 3731 2234 3808; baseline 0.006 -26"><span class='ocrx_word' id='word_1_408' title='bbox 673 3733 828 3787; x_wconf 88' lang='lat' dir='ltr'><strong><em>duos.</em></strong></span> <span class='ocrx_word' id='word_1_409' title='bbox 879 3731 1046 3786; x_wconf 87' lang='lat' dir='ltr'><strong><em>Totus</em></strong></span> <span class='ocrx_word' id='word_1_410' title='bbox 1093 3747 1255 3800; x_wconf 88' lang='lat' dir='ltr'><strong><em>porro</em></strong></span> <span class='ocrx_word' id='word_1_411' title='bbox 1301 3731 1640 3788; x_wconf 71' lang='lat' dir='ltr'><strong><em>l’sahnorum</em></strong></span> <span class='ocrx_word' id='word_1_412' title='bbox 1701 3737 1835 3790; x_wconf 83' lang='lat' dir='ltr'><strong><em>liber</em></strong></span> <span class='ocrx_word' id='word_1_413' title='bbox 1885 3737 1937 3790; x_wconf 88' lang='lat' dir='ltr'><strong><em>in</em></strong></span> <span class='ocrx_word' id='word_1_414' title='bbox 1993 3739 2234 3808; x_wconf 87' lang='lat' dir='ltr'><strong><em>quinque</em></strong></span> 
     </span>
    </p>
   </div>
   <div class='ocr_carea' id='block_1_39' title="bbox 673 3823 2234 3892">
    <p class='ocr_par' dir='ltr' id='par_1_39' title="bbox 673 3823 2234 3892">
     <span class='ocr_line' id='line_1_39' title="bbox 673 3823 2234 3892; baseline 0.003 -15"><span class='ocrx_word' id='word_1_415' title='bbox 673 3832 854 3892; x_wconf 86' lang='lat' dir='ltr'><strong><em>partes</em></strong></span> <span class='ocrx_word' id='word_1_416' title='bbox 884 3823 1207 3876; x_wconf 86' lang='lat' dir='ltr'><strong><em>distributus</em></strong></span> <span class='ocrx_word' id='word_1_417' title='bbox 1240 3832 1337 3879; x_wconf 88' lang='lat' dir='ltr'><strong><em>est.</em></strong></span> <span class='ocrx_word' id='word_1_418' title='bbox 1393 3824 1799 3879; x_wconf 82' lang='lat' dir='ltr'><strong><em>Observandum</em></strong></span> <span class='ocrx_word' id='word_1_419' title='bbox 1832 3836 1913 3881; x_wconf 86' lang='lat' dir='ltr'><strong><em>est</em></strong></span> <span class='ocrx_word' id='word_1_420' title='bbox 1937 3837 2112 3882; x_wconf 86' lang='lat' dir='ltr'><strong><em>autem</em></strong></span> <span class='ocrx_word' id='word_1_421' title='bbox 2145 3843 2234 3881; x_wconf 89' lang='lat' dir='ltr'><strong><em>or-</em></strong></span> 
     </span>
    </p>
   </div>
   <div class='ocr_carea' id='block_1_40' title="bbox 674 3915 2233 3988">
    <p class='ocr_par' dir='ltr' id='par_1_40' title="bbox 674 3915 2233 3988">
     <span class='ocr_line' id='line_1_40' title="bbox 674 3915 2233 3988; baseline 0.006 -23"><span class='ocrx_word' id='word_1_422' title='bbox 674 3916 852 3968; x_wconf 84' lang='lat' dir='ltr'><strong><em>dinem</em></strong></span> <span class='ocrx_word' id='word_1_423' title='bbox 903 3915 1232 3984; x_wconf 84' lang='lat' dir='ltr'><strong><em>psalmorum</em></strong></span> <span class='ocrx_word' id='word_1_424' title='bbox 1296 3932 1636 3985; x_wconf 71' lang='lat' dir='ltr'><strong><em>nequaquam</em></strong></span> <span class='ocrx_word' id='word_1_425' title='bbox 1676 3918 1914 3972; x_wconf 72' lang='lat' dir='ltr'><strong><em>historiae</em></strong></span> <span class='ocrx_word' id='word_1_426' title='bbox 1943 3930 1993 3971; x_wconf 90' lang='lat' dir='ltr'><strong><em>et</em></strong></span> <span class='ocrx_word' id='word_1_427' title='bbox 2025 3930 2233 3988; x_wconf 86' lang='lat' dir='ltr'><strong><em>tempo-</em></strong></span> 
     </span>
    </p>
   </div>
   <div class='ocr_carea' id='block_1_41' title="bbox 677 4008 2232 4070">
    <p class='ocr_par' dir='ltr' id='par_1_41' title="bbox 677 4008 2232 4070">
     <span class='ocr_line' id='line_1_41' title="bbox 677 4008 2232 4070; baseline 0.005 -11"><span class='ocrx_word' id='word_1_428' title='bbox 677 4021 794 4059; x_wconf 83' lang='lat' dir='ltr'><strong><em>rum</em></strong></span> <span class='ocrx_word' id='word_1_429' title='bbox 828 4008 1022 4060; x_wconf 82' lang='lat' dir='ltr'><strong><em>seriem</em></strong></span> <span class='ocrx_word' id='word_1_430' title='bbox 1074 4018 1128 4061; x_wconf 91' lang='lat' dir='ltr'><strong><em>et</em></strong></span> <span class='ocrx_word' id='word_1_431' title='bbox 1187 4008 1448 4061; x_wconf 83' lang='lat' dir='ltr'><strong><em>rationem</em></strong></span> <span class='ocrx_word' id='word_1_432' title='bbox 1495 4017 1706 4070; x_wconf 84' lang='lat' dir='ltr'><strong><em>tenere;</em></strong></span> <span class='ocrx_word' id='word_1_433' title='bbox 1749 4026 1929 4063; x_wconf 88' lang='lat' dir='ltr'><strong><em>verum</em></strong></span> <span class='ocrx_word' id='word_1_434' title='bbox 1964 4010 2016 4063; x_wconf 90' lang='lat' dir='ltr'><strong><em>in</em></strong></span> <span class='ocrx_word' id='word_1_435' title='bbox 2049 4013 2232 4066; x_wconf 89' lang='lat' dir='ltr'><strong><em>multis</em></strong></span> 
     </span>
    </p>
   </div>
   <div class='ocr_carea' id='block_1_42' title="bbox 673 4099 2234 4168">
    <p class='ocr_par' dir='ltr' id='par_1_42' title="bbox 673 4099 2234 4168">
     <span class='ocr_line' id='line_1_42' title="bbox 673 4099 2234 4168; baseline 0.005 -18"><span class='ocrx_word' id='word_1_436' title='bbox 673 4099 869 4151; x_wconf 83' lang='lat' dir='ltr'><strong><em>mutari</em></strong></span> <span class='ocrx_word' id='word_1_437' title='bbox 913 4108 1213 4168; x_wconf 90' lang='lat' dir='ltr'><strong><em>temporum</em></strong></span> <span class='ocrx_word' id='word_1_438' title='bbox 1262 4101 1527 4162; x_wconf 88' lang='lat' dir='ltr'><strong><em>ordinem,</em></strong></span> <span class='ocrx_word' id='word_1_439' title='bbox 1565 4110 1624 4154; x_wconf 88' lang='lat' dir='ltr'><strong><em>ut</em></strong></span> <span class='ocrx_word' id='word_1_440' title='bbox 1677 4111 2069 4156; x_wconf 84' lang='lat' dir='ltr'><strong><em>commonstrat</em></strong></span> <span class='ocrx_word' id='word_1_441' title='bbox 2101 4104 2234 4158; x_wconf 87' lang='lat' dir='ltr'><strong><em>liber</em></strong></span> 
     </span>
    </p>
   </div>
   <div class='ocr_carea' id='block_1_43' title="bbox 676 4187 2230 4262">
    <p class='ocr_par' dir='ltr' id='par_1_43' title="bbox 676 4187 2230 4262">
     <span class='ocr_line' id='line_1_43' title="bbox 676 4187 2230 4262; baseline 0.006 -21"><span class='ocrx_word' id='word_1_442' title='bbox 676 4187 1010 4258; x_wconf 78' lang='lat' dir='ltr'><strong><em>Regnorum.</em></strong></span> <span class='ocrx_word' id='word_1_443' title='bbox 1055 4191 1189 4245; x_wconf 74' lang='lat' dir='ltr'><strong><em>(lum</em></strong></span> <span class='ocrx_word' id='word_1_444' title='bbox 1225 4192 1368 4246; x_wconf 87' lang='lat' dir='ltr'><strong><em>enim</em></strong></span> <span class='ocrx_word' id='word_1_445' title='bbox 1410 4189 1670 4246; x_wconf 84' lang='lat' dir='ltr'><strong><em>Judaicus</em></strong></span> <span class='ocrx_word' id='word_1_446' title='bbox 1700 4195 1934 4262; x_wconf 84' lang='lat' dir='ltr'><strong><em>pepulus</em></strong></span> <span class='ocrx_word' id='word_1_447' title='bbox 1965 4195 2230 4250; x_wconf 89' lang='lat' dir='ltr'><strong><em>idolorum</em></strong></span> 
     </span>
    </p>
   </div>
   <div class='ocr_carea' id='block_1_44' title="bbox 1119 2923 2303 2999">
    <p class='ocr_par' dir='ltr' id='par_1_44' title="bbox 1119 2923 2303 2999">
     <span class='ocr_line' id='line_1_44' title="bbox 1119 2923 2303 2999; baseline 0.012 -24"><span class='ocrx_word' id='word_1_448' title='bbox 1119 2923 2229 2999; x_wconf 18' lang='lat' dir='ltr'><strong><em>A_1_&#39;ll_ANA_§iIALARCIIIEPISCOPI</em></strong></span> <span class='ocrx_word' id='word_1_449' title='bbox 2261 2943 2303 2999; x_wconf 66' lang='grc' dir='ltr'><strong>Α</strong></span> 
     </span>
    </p>
   </div>
   <div class='ocr_carea' id='block_1_45' title="bbox 2339 2923 3916 2991">
    <p class='ocr_par' dir='ltr' id='par_1_45' title="bbox 2339 2923 3916 2991">
     <span class='ocr_line' id='line_1_45' title="bbox 2339 2923 3916 2991; baseline -0.009 0"><span class='ocrx_word' id='word_1_450' title='bbox 2339 2939 2420 2991; x_wconf 87' lang='grc' dir='ltr'><strong><em>ΤΟ</em></strong></span> <span class='ocrx_word' id='word_1_451' title='bbox 2434 2938 2477 2986; x_wconf 82' lang='grc' dir='ltr'><em>Υ</em></span> <span class='ocrx_word' id='word_1_452' title='bbox 2497 2936 2663 2986; x_wconf 82' lang='grc' dir='ltr'><strong><em>ΑΙἾΟ</em></strong></span> <span class='ocrx_word' id='word_1_453' title='bbox 2676 2938 2719 2986; x_wconf 77' lang='grc' dir='ltr'><em>Υ</em></span> <span class='ocrx_word' id='word_1_454' title='bbox 2737 2941 2774 2988; x_wconf 81' lang='grc' dir='ltr'><strong>Α</strong></span> <span class='ocrx_word' id='word_1_455' title='bbox 2785 2935 3120 2988; x_wconf 67' lang='grc' dir='ltr'><strong><em>ΘΛΛΆΣΙΟΥ</em></strong></span> <span class='ocrx_word' id='word_1_456' title='bbox 3144 2928 3716 2984; x_wconf 83' lang='grc' dir='ltr'><strong><em>ΑΡΧΙΕΠῘΣΚΟΠΟΥ</em></strong></span> <span class='ocrx_word' id='word_1_457' title='bbox 3737 2923 3916 2978; x_wconf 80' lang='grc' dir='ltr'><strong><em>ΑΛΕ-</em></strong></span> 
     </span>
    </p>
   </div>
   <div class='ocr_carea' id='block_1_46' title="bbox 2400 2997 3915 3060">
    <p class='ocr_par' dir='ltr' id='par_1_46' title="bbox 2400 2997 3915 3060">
     <span class='ocr_line' id='line_1_46' title="bbox 2400 2997 3915 3060; baseline -0.006 -2"><span class='ocrx_word' id='word_1_458' title='bbox 2400 3006 2812 3060; x_wconf 71' lang='grc' dir='ltr'><strong><em>ΞΑΝΔΡΕΙΑΣ</em></strong></span> <span class='ocrx_word' id='word_1_459' title='bbox 2890 3004 3248 3056; x_wconf 78' lang='grc' dir='ltr'><strong><em>ΥΙΙΟΘΕΣΙΣ</em></strong></span> <span class='ocrx_word' id='word_1_460' title='bbox 3310 2998 3437 3053; x_wconf 81' lang='grc' dir='ltr'><strong><em>ΕΙΣ</em></strong></span> <span class='ocrx_word' id='word_1_461' title='bbox 3501 3000 3676 3052; x_wconf 84' lang='grc' dir='ltr'><strong><em>ΤΟΥΣ</em></strong></span> <span class='ocrx_word' id='word_1_462' title='bbox 3730 2997 3915 3050; x_wconf 81' lang='grc' dir='ltr'><strong>ΨΑΛ·</strong></span> 
     </span>
    </p>
   </div>
   <div class='ocr_carea' id='block_1_47' title="bbox 2401 3077 2614 3130">
    <p class='ocr_par' dir='ltr' id='par_1_47' title="bbox 2401 3077 2614 3130">
     <span class='ocr_line' id='line_1_47' title="bbox 2401 3077 2614 3130; baseline -0.005 -1"><span class='ocrx_word' id='word_1_463' title='bbox 2401 3080 2496 3130; x_wconf 73' lang='lat' dir='ltr'><strong><em>MU</em></strong></span> <span class='ocrx_word' id='word_1_464' title='bbox 2511 3077 2614 3128; x_wconf 87' lang='grc' dir='ltr'><strong><em>ΥΣ.</em></strong></span> 
     </span>
    </p>
   </div>
   <div class='ocr_carea' id='block_1_48' title="bbox 2414 3181 3914 3258">
    <p class='ocr_par' dir='ltr' id='par_1_48' title="bbox 2414 3181 3914 3258">
     <span class='ocr_line' id='line_1_48' title="bbox 2414 3181 3914 3258; baseline -0.006 -17"><span class='ocrx_word' id='word_1_465' title='bbox 2414 3189 2501 3241; x_wconf 85' lang='grc' dir='ltr'>Ἐν</span> <span class='ocrx_word' id='word_1_466' title='bbox 2529 3190 2593 3258; x_wconf 82' lang='grc' dir='ltr'>τῇ</span> <span class='ocrx_word' id='word_1_467' title='bbox 2643 3186 2896 3256; x_wconf 78' lang='grc' dir='ltr'><strong><em>Ἐὃραῖκῇ</em></strong></span> <span class='ocrx_word' id='word_1_468' title='bbox 2928 3183 3091 3253; x_wconf 74' lang='grc' dir='ltr'>βίϐλῳ</span> <span class='ocrx_word' id='word_1_469' title='bbox 3116 3183 3222 3236; x_wconf 87' lang='grc' dir='ltr'><strong><em>τῶν</em></strong></span> <span class='ocrx_word' id='word_1_470' title='bbox 3250 3181 3492 3252; x_wconf 77' lang='grc' dir='ltr'>Ψαλμῶν</span> <span class='ocrx_word' id='word_1_471' title='bbox 3519 3182 3643 3235; x_wconf 82' lang='grc' dir='ltr'>ἄνευ</span> <span class='ocrx_word' id='word_1_472' title='bbox 3677 3183 3775 3251; x_wconf 82' lang='grc' dir='ltr'>τῆς</span> <span class='ocrx_word' id='word_1_473' title='bbox 3818 3181 3914 3234; x_wconf 83' lang='grc' dir='ltr'>τοῦ</span> 
     </span>
    </p>
   </div>
   <div class='ocr_carea' id='block_1_49' title="bbox 2333 3270 3914 3348">
    <p class='ocr_par' dir='ltr' id='par_1_49' title="bbox 2333 3270 3914 3348">
     <span class='ocr_line' id='line_1_49' title="bbox 2333 3270 3914 3348; baseline -0.005 -18"><span class='ocrx_word' id='word_1_474' title='bbox 2333 3277 2564 3348; x_wconf 76' lang='grc' dir='ltr'>ἀριθμοῦ</span> <span class='ocrx_word' id='word_1_475' title='bbox 2596 3275 2908 3346; x_wconf 75' lang='grc' dir='ltr'><strong><em>προσθήκης</em></strong></span> <span class='ocrx_word' id='word_1_476' title='bbox 2942 3274 3325 3345; x_wconf 72' lang='grc' dir='ltr'>ἀνεγράφησαν</span> <span class='ocrx_word' id='word_1_477' title='bbox 3352 3273 3400 3324; x_wconf 85' lang='grc' dir='ltr'>οἱ</span> <span class='ocrx_word' id='word_1_478' title='bbox 3437 3271 3633 3335; x_wconf 74' lang='grc' dir='ltr'>πάντες</span> <span class='ocrx_word' id='word_1_479' title='bbox 3661 3271 3755 3328; x_wconf 73' lang='grc' dir='ltr'><strong><em>καὶ</em></strong></span> <span class='ocrx_word' id='word_1_480' title='bbox 3793 3270 3914 3323; x_wconf 80' lang='grc' dir='ltr'>δια-</span> 
     </span>
    </p>
   </div>
   <div class='ocr_carea' id='block_1_50' title="bbox 2334 3362 3918 3438">
    <p class='ocr_par' dir='ltr' id='par_1_50' title="bbox 2334 3362 3918 3438">
     <span class='ocr_line' id='line_1_50' title="bbox 2334 3362 3918 3438; baseline -0.006 -15"><span class='ocrx_word' id='word_1_481' title='bbox 2334 3370 2511 3438; x_wconf 83' lang='grc' dir='ltr'>φόρως</span> <span class='ocrx_word' id='word_1_482' title='bbox 2532 3384 2544 3398; x_wconf 86' lang='grc'><strong>·</strong></span> <span class='ocrx_word' id='word_1_483' title='bbox 2586 3369 2635 3419; x_wconf 88' lang='grc' dir='ltr'>οἱ</span> <span class='ocrx_word' id='word_1_484' title='bbox 2674 3368 2770 3436; x_wconf 81' lang='grc' dir='ltr'>μέν</span> <span class='ocrx_word' id='word_1_485' title='bbox 2796 3369 2898 3417; x_wconf 86' lang='grc' dir='ltr'>εἰσι</span> <span class='ocrx_word' id='word_1_486' title='bbox 2923 3365 3271 3435; x_wconf 78' lang='grc' dir='ltr'>συνημμένοι,</span> <span class='ocrx_word' id='word_1_487' title='bbox 3297 3365 3344 3416; x_wconf 85' lang='grc' dir='ltr'>οἱ</span> <span class='ocrx_word' id='word_1_488' title='bbox 3369 3364 3422 3416; x_wconf 80' lang='grc' dir='ltr'>δὲ</span> <span class='ocrx_word' id='word_1_489' title='bbox 3444 3363 3779 3436; x_wconf 73' lang='grc' dir='ltr'><strong><em>διῃρημένοι.</em></strong></span> <span class='ocrx_word' id='word_1_490' title='bbox 3807 3362 3918 3414; x_wconf 75' lang='grc' dir='ltr'><strong><em>Λύ-</em></strong></span> 
     </span>
    </p>
   </div>
   <div class='ocr_carea' id='block_1_51' title="bbox 2332 3455 3914 3529">
    <p class='ocr_par' dir='ltr' id='par_1_51' title="bbox 2332 3455 3914 3529">
     <span class='ocr_line' id='line_1_51' title="bbox 2332 3455 3914 3529; baseline -0.006 -14"><span class='ocrx_word' id='word_1_491' title='bbox 2332 3463 2458 3515; x_wconf 82' lang='grc' dir='ltr'>τίκα</span> <span class='ocrx_word' id='word_1_492' title='bbox 2487 3459 2615 3529; x_wconf 75' lang='grc' dir='ltr'>γοῦν</span> <span class='ocrx_word' id='word_1_493' title='bbox 2651 3461 2679 3512; x_wconf 91' lang='grc' dir='ltr'>ὁ</span> <span class='ocrx_word' id='word_1_494' title='bbox 2722 3459 2932 3528; x_wconf 72' lang='grc' dir='ltr'>πρῶτος</span> <span class='ocrx_word' id='word_1_495' title='bbox 2958 3458 3050 3510; x_wconf 77' lang='grc' dir='ltr'><strong><em>καὶ</em></strong></span> <span class='ocrx_word' id='word_1_496' title='bbox 3077 3459 3103 3509; x_wconf 88' lang='grc' dir='ltr'>ὁ</span> <span class='ocrx_word' id='word_1_497' title='bbox 3131 3457 3378 3528; x_wconf 75' lang='grc' dir='ltr'>δεύτερος</span> <span class='ocrx_word' id='word_1_498' title='bbox 3411 3457 3550 3509; x_wconf 76' lang='grc' dir='ltr'>κατὰ</span> <span class='ocrx_word' id='word_1_499' title='bbox 3578 3456 3644 3508; x_wconf 77' lang='grc' dir='ltr'><strong><em>τὸ</em></strong></span> <span class='ocrx_word' id='word_1_500' title='bbox 3691 3455 3914 3525; x_wconf 80' lang='grc' dir='ltr'><strong><em>Ἐϐραῖ-</em></strong></span> 
     </span>
    </p>
   </div>
   <div class='ocr_carea' id='block_1_52' title="bbox 2334 3545 3916 3623">
    <p class='ocr_par' dir='ltr' id='par_1_52' title="bbox 2334 3545 3916 3623">
     <span class='ocr_line' id='line_1_52' title="bbox 2334 3545 3916 3623; baseline -0.004 -17"><span class='ocrx_word' id='word_1_501' title='bbox 2334 3553 2426 3606; x_wconf 84' lang='grc' dir='ltr'><strong><em>κὸν</em></strong></span> <span class='ocrx_word' id='word_1_502' title='bbox 2447 3550 2777 3623; x_wconf 80' lang='grc' dir='ltr'>συνημμένοι</span> <span class='ocrx_word' id='word_1_503' title='bbox 2795 3567 2807 3580; x_wconf 90' lang='grc'><strong>·</strong></span> <span class='ocrx_word' id='word_1_504' title='bbox 2845 3550 2938 3602; x_wconf 72' lang='grc' dir='ltr'><strong><em>καὶ</em></strong></span> <span class='ocrx_word' id='word_1_505' title='bbox 2967 3550 3124 3603; x_wconf 85' lang='grc' dir='ltr'>πάλιν</span> <span class='ocrx_word' id='word_1_506' title='bbox 3144 3553 3170 3602; x_wconf 84' lang='grc' dir='ltr'>ὁ</span> <span class='ocrx_word' id='word_1_507' title='bbox 3191 3549 3393 3611; x_wconf 74' lang='grc' dir='ltr'>ἔνατος,</span> <span class='ocrx_word' id='word_1_508' title='bbox 3416 3548 3753 3618; x_wconf 80' lang='grc' dir='ltr'><strong><em>συνημμένος</em></strong></span> <span class='ocrx_word' id='word_1_509' title='bbox 3777 3545 3916 3619; x_wconf 80' lang='grc' dir='ltr'>παρ’</span> 
     </span>
    </p>
   </div>
   <div class='ocr_carea' id='block_1_53' title="bbox 2333 3640 3916 3715">
    <p class='ocr_par' dir='ltr' id='par_1_53' title="bbox 2333 3640 3916 3715">
     <span class='ocr_line' id='line_1_53' title="bbox 2333 3640 3916 3715; baseline 0 -21"><span class='ocrx_word' id='word_1_510' title='bbox 2333 3647 2484 3715; x_wconf 77' lang='grc' dir='ltr'>ἡμῖν,</span> <span class='ocrx_word' id='word_1_511' title='bbox 2519 3645 2574 3696; x_wconf 69' lang='grc' dir='ltr'>ἐν</span> <span class='ocrx_word' id='word_1_512' title='bbox 2603 3644 2679 3713; x_wconf 82' lang='grc' dir='ltr'><strong><em>τῷ</em></strong></span> <span class='ocrx_word' id='word_1_513' title='bbox 2720 3642 2987 3714; x_wconf 81' lang='grc' dir='ltr'>Ἐϐραῖκῴ</span> <span class='ocrx_word' id='word_1_514' title='bbox 3018 3642 3264 3712; x_wconf 76' lang='grc' dir='ltr'>διῄρηται</span> <span class='ocrx_word' id='word_1_515' title='bbox 3320 3644 3398 3706; x_wconf 80' lang='grc' dir='ltr'><strong><em>εἰς</em></strong></span> <span class='ocrx_word' id='word_1_516' title='bbox 3444 3640 3554 3694; x_wconf 74' lang='grc' dir='ltr'>δύο.</span> <span class='ocrx_word' id='word_1_517' title='bbox 3621 3642 3726 3694; x_wconf 73' lang='grc' dir='ltr'>Καὶ</span> <span class='ocrx_word' id='word_1_518' title='bbox 3759 3644 3916 3694; x_wconf 75' lang='grc' dir='ltr'>πᾶσα</span> 
     </span>
    </p>
   </div>
   <div class='ocr_carea' id='block_1_54' title="bbox 2332 3732 3911 3805">
    <p class='ocr_par' dir='ltr' id='par_1_54' title="bbox 2332 3732 3911 3805">
     <span class='ocr_line' id='line_1_54' title="bbox 2332 3732 3911 3805; baseline -0.001 -18"><span class='ocrx_word' id='word_1_519' title='bbox 2332 3735 2387 3788; x_wconf 87' lang='grc' dir='ltr'>δὲ</span> <span class='ocrx_word' id='word_1_520' title='bbox 2421 3737 2453 3805; x_wconf 80' lang='grc' dir='ltr'>ἡ</span> <span class='ocrx_word' id='word_1_521' title='bbox 2481 3734 2584 3786; x_wconf 87' lang='grc' dir='ltr'><strong><em>τῶν</em></strong></span> <span class='ocrx_word' id='word_1_522' title='bbox 2617 3735 2860 3804; x_wconf 76' lang='grc' dir='ltr'>Ψαλμῶν</span> <span class='ocrx_word' id='word_1_523' title='bbox 2895 3732 3071 3802; x_wconf 72' lang='grc' dir='ltr'>βίϐλος</span> <span class='ocrx_word' id='word_1_524' title='bbox 3121 3735 3200 3796; x_wconf 81' lang='grc' dir='ltr'>εἰς</span> <span class='ocrx_word' id='word_1_525' title='bbox 3252 3733 3391 3804; x_wconf 81' lang='grc' dir='ltr'>μέρη</span> <span class='ocrx_word' id='word_1_526' title='bbox 3443 3733 3600 3785; x_wconf 74' lang='grc' dir='ltr'>πέντε</span> <span class='ocrx_word' id='word_1_527' title='bbox 3633 3732 3911 3803; x_wconf 76' lang='grc' dir='ltr'>διῄρηται.</span> 
     </span>
    </p>
   </div>
   <div class='ocr_carea' id='block_1_55' title="bbox 2334 3823 3915 3897">
    <p class='ocr_par' dir='ltr' id='par_1_55' title="bbox 2334 3823 3915 3897">
     <span class='ocr_line' id='line_1_55' title="bbox 2334 3823 3915 3897; baseline -0.004 -17"><span class='ocrx_word' id='word_1_528' title='bbox 2334 3826 2754 3897; x_wconf 67' lang='grc' dir='ltr'>Παρατηριςτέον</span> <span class='ocrx_word' id='word_1_529' title='bbox 2785 3826 2839 3876; x_wconf 81' lang='grc' dir='ltr'><strong><em>δὲ</em></strong></span> <span class='ocrx_word' id='word_1_530' title='bbox 2863 3864 2876 3886; x_wconf 91' lang='grc'><strong><em>,</em></strong></span> <span class='ocrx_word' id='word_1_531' title='bbox 2912 3826 2992 3876; x_wconf 81' lang='grc' dir='ltr'>ὅτι</span> <span class='ocrx_word' id='word_1_532' title='bbox 3028 3823 3101 3894; x_wconf 82' lang='grc' dir='ltr'>μὴ</span> <span class='ocrx_word' id='word_1_533' title='bbox 3135 3824 3274 3876; x_wconf 73' lang='grc' dir='ltr'>κατὰ</span> <span class='ocrx_word' id='word_1_534' title='bbox 3318 3823 3631 3876; x_wconf 78' lang='grc' dir='ltr'>ἀκολουθίαν</span> <span class='ocrx_word' id='word_1_535' title='bbox 3666 3823 3773 3875; x_wconf 87' lang='grc' dir='ltr'><strong><em>τῶν</em></strong></span> <span class='ocrx_word' id='word_1_536' title='bbox 3808 3824 3915 3893; x_wconf 84' lang='grc' dir='ltr'>τῆς</span> 
     </span>
    </p>
   </div>
   <div class='ocr_carea' id='block_1_56' title="bbox 2337 3914 3917 3988">
    <p class='ocr_par' dir='ltr' id='par_1_56' title="bbox 2337 3914 3917 3988">
     <span class='ocr_line' id='line_1_56' title="bbox 2337 3914 3917 3988; baseline -0.002 -19"><span class='ocrx_word' id='word_1_537' title='bbox 2337 3916 2574 3988; x_wconf 80' lang='grc' dir='ltr'>ἱστορίας</span> <span class='ocrx_word' id='word_1_538' title='bbox 2591 3918 2794 3987; x_wconf 67' lang='grc' dir='ltr'>χρόνων</span> <span class='ocrx_word' id='word_1_539' title='bbox 2817 3919 2848 3985; x_wconf 81' lang='grc' dir='ltr'>ἡ</span> <span class='ocrx_word' id='word_1_540' title='bbox 2872 3914 2976 3968; x_wconf 86' lang='grc' dir='ltr'><strong><em>τῶν</em></strong></span> <span class='ocrx_word' id='word_1_541' title='bbox 2992 3914 3234 3984; x_wconf 69' lang='grc' dir='ltr'>Ψαλμῶν</span> <span class='ocrx_word' id='word_1_542' title='bbox 3259 3914 3537 3982; x_wconf 76' lang='grc' dir='ltr'>σύγκειται</span> <span class='ocrx_word' id='word_1_543' title='bbox 3556 3914 3706 3980; x_wconf 74' lang='grc' dir='ltr'>τάξις</span> <span class='ocrx_word' id='word_1_544' title='bbox 3728 3931 3738 3941; x_wconf 89' lang='grc'><strong>·</strong></span> <span class='ocrx_word' id='word_1_545' title='bbox 3765 3914 3917 3984; x_wconf 76' lang='grc' dir='ltr'>ἐνήλ-</span> 
     </span>
    </p>
   </div>
   <div class='ocr_carea' id='block_1_57' title="bbox 2332 4002 3916 4074">
    <p class='ocr_par' dir='ltr' id='par_1_57' title="bbox 2332 4002 3916 4074">
     <span class='ocr_line' id='line_1_57' title="bbox 2332 4002 3916 4074; baseline 0.001 -19"><span class='ocrx_word' id='word_1_546' title='bbox 2332 4003 2527 4057; x_wconf 80' lang='grc' dir='ltr'>λακται</span> <span class='ocrx_word' id='word_1_547' title='bbox 2561 4004 2617 4055; x_wconf 83' lang='grc' dir='ltr'><strong><em>δὲ</em></strong></span> <span class='ocrx_word' id='word_1_548' title='bbox 2646 4004 2792 4074; x_wconf 73' lang='grc' dir='ltr'>παρὰ</span> <span class='ocrx_word' id='word_1_549' title='bbox 2816 4002 3025 4064; x_wconf 77' lang='grc' dir='ltr'>πολλοῖς</span> <span class='ocrx_word' id='word_1_550' title='bbox 3053 4007 3166 4066; x_wconf 85' lang='grc' dir='ltr'>τοῖς</span> <span class='ocrx_word' id='word_1_551' title='bbox 3193 4003 3423 4073; x_wconf 72' lang='grc' dir='ltr'>χρόνοις,</span> <span class='ocrx_word' id='word_1_552' title='bbox 3450 4002 3574 4074; x_wconf 79' lang='grc' dir='ltr'>ῶςὴ</span> <span class='ocrx_word' id='word_1_553' title='bbox 3600 4003 3778 4072; x_wconf 77' lang='grc' dir='ltr'>βίϐλος</span> <span class='ocrx_word' id='word_1_554' title='bbox 3803 4004 3916 4057; x_wconf 89' lang='grc' dir='ltr'><strong><em>τῶν</em></strong></span> 
     </span>
    </p>
   </div>
   <div class='ocr_carea' id='block_1_58' title="bbox 2334 4093 3916 4165">
    <p class='ocr_par' dir='ltr' id='par_1_58' title="bbox 2334 4093 3916 4165">
     <span class='ocr_line' id='line_1_58' title="bbox 2334 4093 3916 4165; baseline 0 -18"><span class='ocrx_word' id='word_1_555' title='bbox 2334 4095 2623 4148; x_wconf 83' lang='grc' dir='ltr'>Βασιλειῶν</span> <span class='ocrx_word' id='word_1_556' title='bbox 2655 4093 2818 4165; x_wconf 80' lang='grc' dir='ltr'>δηλοῖ.</span> <span class='ocrx_word' id='word_1_557' title='bbox 2882 4093 3086 4164; x_wconf 84' lang='grc' dir='ltr'>Πολλῆς</span> <span class='ocrx_word' id='word_1_558' title='bbox 3119 4095 3227 4164; x_wconf 73' lang='grc' dir='ltr'><strong><em>γὰρ</em></strong></span> <span class='ocrx_word' id='word_1_559' title='bbox 3266 4093 3702 4164; x_wconf 78' lang='grc' dir='ltr'>είδωλολατρείας</span> <span class='ocrx_word' id='word_1_560' title='bbox 3741 4111 3916 4148; x_wconf 83' lang='grc' dir='ltr'>κατα-</span> 
     </span>
    </p>
   </div>
   <div class='ocr_carea' id='block_1_59' title="bbox 2333 4181 3918 4255">
    <p class='ocr_par' dir='ltr' id='par_1_59' title="bbox 2333 4181 3918 4255">
     <span class='ocr_line' id='line_1_59' title="bbox 2333 4181 3918 4255; baseline 0 -17"><span class='ocrx_word' id='word_1_561' title='bbox 2333 4185 2683 4255; x_wconf 72' lang='grc' dir='ltr'>κρατησάσης</span> <span class='ocrx_word' id='word_1_562' title='bbox 2711 4181 2803 4236; x_wconf 74' lang='grc' dir='ltr'>τοῦ</span> <span class='ocrx_word' id='word_1_563' title='bbox 2833 4183 2940 4235; x_wconf 89' lang='grc' dir='ltr'><strong><em>τῶν</em></strong></span> <span class='ocrx_word' id='word_1_564' title='bbox 2983 4182 3249 4236; x_wconf 82' lang='grc' dir='ltr'>Ἰουδαίων</span> <span class='ocrx_word' id='word_1_565' title='bbox 3281 4181 3464 4247; x_wconf 75' lang='grc' dir='ltr'>ἔθνους</span> <span class='ocrx_word' id='word_1_566' title='bbox 3482 4224 3494 4248; x_wconf 91' lang='grc'><strong><em>,</em></strong></span> <span class='ocrx_word' id='word_1_567' title='bbox 3517 4182 3684 4253; x_wconf 84' lang='grc' dir='ltr'>λήθην</span> <span class='ocrx_word' id='word_1_568' title='bbox 3713 4184 3918 4249; x_wconf 81' lang='grc' dir='ltr'>αὐτοὺς</span> 
     </span>
    </p>
   </div>
   <div class='ocr_carea' id='block_1_60' title="bbox 677 4273 2232 4354">
    <p class='ocr_par' dir='ltr' id='par_1_60' title="bbox 677 4281 2232 4354">
     <span class='ocr_line' id='line_1_60' title="bbox 677 4281 2232 4354; baseline 0.004 -20"><span class='ocrx_word' id='word_1_569' title='bbox 677 4281 842 4334; x_wconf 86' lang='lat' dir='ltr'><strong><em>cultui</em></strong></span> <span class='ocrx_word' id='word_1_570' title='bbox 861 4281 1147 4335; x_wconf 85' lang='lat' dir='ltr'><strong><em>admodum</em></strong></span> <span class='ocrx_word' id='word_1_571' title='bbox 1168 4282 1414 4336; x_wconf 83' lang='lat' dir='ltr'><strong><em>addictus</em></strong></span> <span class='ocrx_word' id='word_1_572' title='bbox 1438 4292 1600 4348; x_wconf 80' lang='lat' dir='ltr'><strong><em>esset,</em></strong></span> <span class='ocrx_word' id='word_1_573' title='bbox 1622 4285 1673 4335; x_wconf 91' lang='lat' dir='ltr'><strong><em>in</em></strong></span> <span class='ocrx_word' id='word_1_574' title='bbox 1695 4300 1963 4338; x_wconf 89' lang='lat' dir='ltr'><strong><em>summam</em></strong></span> <span class='ocrx_word' id='word_1_575' title='bbox 1985 4295 2232 4354; x_wconf 83' lang='lat' dir='ltr'><strong><em>paterna-</em></strong></span> 
     </span>
    </p>
   </div>
   <div class='ocr_carea' id='block_1_61' title="bbox 2334 4273 3914 4354">
    <p class='ocr_par' dir='ltr' id='par_1_61' title="bbox 2334 4273 3914 4348">
     <span class='ocr_line' id='line_1_61' title="bbox 2334 4273 3914 4348; baseline 0.001 -20"><span class='ocrx_word' id='word_1_576' title='bbox 2334 4276 2659 4344; x_wconf 69' lang='grc' dir='ltr'>πεποιῆσθαι</span> <span class='ocrx_word' id='word_1_577' title='bbox 2679 4275 2785 4331; x_wconf 83' lang='grc' dir='ltr'><strong><em>τῶν</em></strong></span> <span class='ocrx_word' id='word_1_578' title='bbox 2806 4273 3083 4346; x_wconf 80' lang='grc' dir='ltr'>πατρικῶν</span> <span class='ocrx_word' id='word_1_579' title='bbox 3104 4274 3354 4348; x_wconf 77' lang='grc' dir='ltr'>Γραφῶν,</span> <span class='ocrx_word' id='word_1_580' title='bbox 3376 4275 3450 4338; x_wconf 83' lang='grc' dir='ltr'>ὡς</span> <span class='ocrx_word' id='word_1_581' title='bbox 3473 4276 3602 4347; x_wconf 78' lang='grc' dir='ltr'>μηδὲ</span> <span class='ocrx_word' id='word_1_582' title='bbox 3624 4275 3914 4344; x_wconf 79' lang='grc' dir='ltr'>φαίνεσθαι</span> 
     </span>
    </p>
   </div>
   <div class='ocr_carea' id='block_1_62' title="bbox 679 4371 2235 4447">
    <p class='ocr_par' dir='ltr' id='par_1_62' title="bbox 679 4371 2235 4447">
     <span class='ocr_line' id='line_1_62' title="bbox 679 4371 2235 4447; baseline 0.006 -23"><span class='ocrx_word' id='word_1_583' title='bbox 679 4389 797 4426; x_wconf 88' lang='lat' dir='ltr'><strong><em>rum</em></strong></span> <span class='ocrx_word' id='word_1_584' title='bbox 819 4371 1221 4442; x_wconf 87' lang='lat' dir='ltr'><strong><em>Scripturarum</em></strong></span> <span class='ocrx_word' id='word_1_585' title='bbox 1244 4375 1570 4429; x_wconf 84' lang='lat' dir='ltr'><strong><em>oblivionem</em></strong></span> <span class='ocrx_word' id='word_1_586' title='bbox 1599 4387 1881 4442; x_wconf 85' lang='lat' dir='ltr'><strong><em>venerunt,</em></strong></span> <span class='ocrx_word' id='word_1_587' title='bbox 1901 4394 2071 4447; x_wconf 89' lang='lat' dir='ltr'><strong><em>usque</em></strong></span> <span class='ocrx_word' id='word_1_588' title='bbox 2100 4378 2235 4434; x_wconf 86' lang='lat' dir='ltr'><strong><em>adeo</em></strong></span> 
     </span>
    </p>
   </div>
   <div class='ocr_carea' id='block_1_63' title="bbox 680 4463 2236 4535">
    <p class='ocr_par' dir='ltr' id='par_1_63' title="bbox 680 4463 2236 4535">
     <span class='ocr_line' id='line_1_63' title="bbox 680 4463 2236 4535; baseline 0.004 -19"><span class='ocrx_word' id='word_1_589' title='bbox 680 4475 736 4517; x_wconf 87' lang='lat' dir='ltr'><strong><em>nt</em></strong></span> <span class='ocrx_word' id='word_1_590' title='bbox 779 4479 847 4516; x_wconf 88' lang='lat' dir='ltr'><strong><em>ne</em></strong></span> <span class='ocrx_word' id='word_1_591' title='bbox 876 4463 1121 4518; x_wconf 67' lang='lat' dir='ltr'><strong><em>Mosaicae</em></strong></span> <span class='ocrx_word' id='word_1_592' title='bbox 1152 4466 1367 4533; x_wconf 81' lang='lat' dir='ltr'><strong><em>quidem</em></strong></span> <span class='ocrx_word' id='word_1_593' title='bbox 1399 4465 1532 4535; x_wconf 79' lang='lat' dir='ltr'><strong><em>legis</em></strong></span> <span class='ocrx_word' id='word_1_594' title='bbox 1567 4466 1701 4519; x_wconf 87' lang='lat' dir='ltr'><strong><em>liber</em></strong></span> <span class='ocrx_word' id='word_1_595' title='bbox 1734 4476 2105 4535; x_wconf 85' lang='lat' dir='ltr'><strong><em>compareret,</em></strong></span> <span class='ocrx_word' id='word_1_596' title='bbox 2139 4485 2236 4523; x_wconf 88' lang='lat' dir='ltr'><strong><em>nec</em></strong></span> 
     </span>
    </p>
   </div>
   <div class='ocr_carea' id='block_1_64' title="bbox 676 4555 2231 4626">
    <p class='ocr_par' dir='ltr' id='par_1_64' title="bbox 676 4555 2231 4626">
     <span class='ocr_line' id='line_1_64' title="bbox 676 4555 2231 4626; baseline 0.003 -19"><span class='ocrx_word' id='word_1_597' title='bbox 676 4555 951 4625; x_wconf 83' lang='lat' dir='ltr'><strong><em>quidpiam</em></strong></span> <span class='ocrx_word' id='word_1_598' title='bbox 971 4565 1203 4624; x_wconf 64' lang='lat' dir='ltr'><strong><em>paternae</em></strong></span> <span class='ocrx_word' id='word_1_599' title='bbox 1226 4557 1437 4625; x_wconf 87' lang='lat' dir='ltr'><strong><em>pietatis</em></strong></span> <span class='ocrx_word' id='word_1_600' title='bbox 1457 4572 1619 4625; x_wconf 88' lang='lat' dir='ltr'><strong><em>penes</em></strong></span> <span class='ocrx_word' id='word_1_601' title='bbox 1637 4557 1780 4626; x_wconf 88' lang='lat' dir='ltr'><strong><em>ipsos</em></strong></span> <span class='ocrx_word' id='word_1_602' title='bbox 1794 4557 2053 4626; x_wconf 88' lang='lat' dir='ltr'><strong><em>reliquum</em></strong></span> <span class='ocrx_word' id='word_1_603' title='bbox 2069 4568 2231 4612; x_wconf 88' lang='lat' dir='ltr'><strong><em>esset.</em></strong></span> 
     </span>
    </p>
   </div>
   <div class='ocr_carea' id='block_1_65' title="bbox 675 4647 2236 4716">
    <p class='ocr_par' dir='ltr' id='par_1_65' title="bbox 675 4647 2236 4716">
     <span class='ocr_line' id='line_1_65' title="bbox 675 4647 2236 4716; baseline 0.001 -16"><span class='ocrx_word' id='word_1_604' title='bbox 675 4647 810 4700; x_wconf 85' lang='lat' dir='ltr'><strong><em>Cum</em></strong></span> <span class='ocrx_word' id='word_1_605' title='bbox 831 4647 1012 4716; x_wconf 83' lang='lat' dir='ltr'><strong><em>itaque</em></strong></span> <span class='ocrx_word' id='word_1_606' title='bbox 1028 4647 1751 4716; x_wconf 83' lang='lat' dir='ltr'><strong><em>prophetasinteremissent,</em></strong></span> <span class='ocrx_word' id='word_1_607' title='bbox 1777 4650 1918 4716; x_wconf 88' lang='lat' dir='ltr'><strong><em>quod</em></strong></span> <span class='ocrx_word' id='word_1_608' title='bbox 1941 4663 2126 4702; x_wconf 90' lang='lat' dir='ltr'><strong><em>eorum</em></strong></span> <span class='ocrx_word' id='word_1_609' title='bbox 2144 4649 2236 4702; x_wconf 82' lang='lat' dir='ltr'><strong><em>im-</em></strong></span> 
     </span>
    </p>
   </div>
   <div class='ocr_carea' id='block_1_66' title="bbox 678 4738 2235 4811">
    <p class='ocr_par' dir='ltr' id='par_1_66' title="bbox 678 4738 2235 4811">
     <span class='ocr_line' id='line_1_66' title="bbox 678 4738 2235 4811; baseline 0.004 -23"><span class='ocrx_word' id='word_1_610' title='bbox 678 4738 900 4808; x_wconf 77' lang='lat' dir='ltr'><strong><em>pietates</em></strong></span> <span class='ocrx_word' id='word_1_611' title='bbox 928 4748 1300 4808; x_wconf 67' lang='lat' dir='ltr'><strong><em>coargue-rent,</em></strong></span> <span class='ocrx_word' id='word_1_612' title='bbox 1341 4750 1708 4809; x_wconf 85' lang='lat' dir='ltr'><strong><em>aepropterca</em></strong></span> <span class='ocrx_word' id='word_1_613' title='bbox 1750 4740 1799 4792; x_wconf 91' lang='lat' dir='ltr'><strong><em>in</em></strong></span> <span class='ocrx_word' id='word_1_614' title='bbox 1828 4755 2023 4793; x_wconf 87' lang='lat' dir='ltr'><strong><em>manus</em></strong></span> <span class='ocrx_word' id='word_1_615' title='bbox 2072 4741 2235 4811; x_wconf 83' lang='lat' dir='ltr'><strong><em>Assy-</em></strong></span> 
     </span>
    </p>
   </div>
   <div class='ocr_carea' id='block_1_67' title="bbox 677 4829 2230 4900">
    <p class='ocr_par' dir='ltr' id='par_1_67' title="bbox 677 4829 2230 4900">
     <span class='ocr_line' id='line_1_67' title="bbox 677 4829 2230 4900; baseline 0.004 -18"><span class='ocrx_word' id='word_1_616' title='bbox 677 4829 880 4884; x_wconf 87' lang='lat' dir='ltr'><strong><em>riorum</em></strong></span> <span class='ocrx_word' id='word_1_617' title='bbox 901 4829 1101 4896; x_wconf 85' lang='lat' dir='ltr'><strong><em>traditi,</em></strong></span> <span class='ocrx_word' id='word_1_618' title='bbox 1125 4831 1178 4885; x_wconf 91' lang='lat' dir='ltr'><strong><em>in</em></strong></span> <span class='ocrx_word' id='word_1_619' title='bbox 1201 4833 1562 4900; x_wconf 79' lang='lat' dir='ltr'><strong><em>captivitatem</em></strong></span> <span class='ocrx_word' id='word_1_620' title='bbox 1595 4833 1807 4886; x_wconf 80' lang='lat' dir='ltr'><strong><em>abducti</em></strong></span> <span class='ocrx_word' id='word_1_621' title='bbox 1833 4832 2099 4898; x_wconf 82' lang='lat' dir='ltr'><strong><em>fuissent;</em></strong></span> <span class='ocrx_word' id='word_1_622' title='bbox 2129 4835 2230 4888; x_wconf 88' lang='lat' dir='ltr'><strong><em>sub</em></strong></span> 
     </span>
    </p>
   </div>
   <div class='ocr_carea' id='block_1_68' title="bbox 678 4921 2233 4993">
    <p class='ocr_par' dir='ltr' id='par_1_68' title="bbox 678 4921 2233 4993">
     <span class='ocr_line' id='line_1_68' title="bbox 678 4921 2233 4993; baseline 0.004 -19"><span class='ocrx_word' id='word_1_623' title='bbox 678 4922 788 4975; x_wconf 58' lang='lat' dir='ltr'><strong><em>haec</em></strong></span> <span class='ocrx_word' id='word_1_624' title='bbox 801 4921 1017 4990; x_wconf 88' lang='lat' dir='ltr'><strong><em>quidam</em></strong></span> <span class='ocrx_word' id='word_1_625' title='bbox 1039 4925 1320 4993; x_wconf 83' lang='lat' dir='ltr'><strong><em>propheta,</em></strong></span> <span class='ocrx_word' id='word_1_626' title='bbox 1340 4925 1430 4992; x_wconf 86' lang='lat' dir='ltr'><strong><em>qui</em></strong></span> <span class='ocrx_word' id='word_1_627' title='bbox 1452 4922 1789 4993; x_wconf 75' lang='lat' dir='ltr'><strong><em>Synagosam</em></strong></span> <span class='ocrx_word' id='word_1_628' title='bbox 1808 4940 1994 4979; x_wconf 86' lang='lat' dir='ltr'><strong><em>eorum</em></strong></span> <span class='ocrx_word' id='word_1_629' title='bbox 2016 4934 2233 4980; x_wconf 86' lang='lat' dir='ltr'><strong><em>strenue</em></strong></span> 
     </span>
    </p>
   </div>
   <div class='ocr_carea' id='block_1_69' title="bbox 675 5015 2231 5088">
    <p class='ocr_par' dir='ltr' id='par_1_69' title="bbox 675 5015 2231 5088">
     <span class='ocr_line' id='line_1_69' title="bbox 675 5015 2231 5088; baseline 0.004 -22"><span class='ocrx_word' id='word_1_630' title='bbox 675 5015 917 5079; x_wconf 72' lang='lat' dir='ltr'><strong><em>curabat,</em></strong></span> <span class='ocrx_word' id='word_1_631' title='bbox 958 5031 1081 5070; x_wconf 88' lang='lat' dir='ltr'><strong><em>cum</em></strong></span> <span class='ocrx_word' id='word_1_632' title='bbox 1116 5016 1236 5071; x_wconf 87' lang='lat' dir='ltr'><strong><em>aliis</em></strong></span> <span class='ocrx_word' id='word_1_633' title='bbox 1267 5017 1560 5086; x_wconf 85' lang='lat' dir='ltr'><strong><em>Scripturis</em></strong></span> <span class='ocrx_word' id='word_1_634' title='bbox 1596 5018 1791 5070; x_wconf 86' lang='lat' dir='ltr'><strong><em>librum</em></strong></span> <span class='ocrx_word' id='word_1_635' title='bbox 1833 5035 2049 5088; x_wconf 82' lang='lat' dir='ltr'><strong><em>quoque</em></strong></span> <span class='ocrx_word' id='word_1_636' title='bbox 2081 5019 2231 5073; x_wconf 83' lang='lat' dir='ltr'><strong><em>Psal-</em></strong></span> 
     </span>
    </p>
   </div>
   <div class='ocr_carea' id='block_1_70' title="bbox 676 5106 2234 5179">
    <p class='ocr_par' dir='ltr' id='par_1_70' title="bbox 676 5106 2234 5179">
     <span class='ocr_line' id='line_1_70' title="bbox 676 5106 2234 5179; baseline 0.001 -17"><span class='ocrx_word' id='word_1_637' title='bbox 676 5121 886 5162; x_wconf 85' lang='lat' dir='ltr'><strong><em>tnorum</em></strong></span> <span class='ocrx_word' id='word_1_638' title='bbox 911 5106 1124 5176; x_wconf 81' lang='lat' dir='ltr'><strong><em>collegit</em></strong></span> <span class='ocrx_word' id='word_1_639' title='bbox 1153 5123 1167 5160; x_wconf 90' lang='lat'><strong>:</strong></span> <span class='ocrx_word' id='word_1_640' title='bbox 1199 5125 1305 5162; x_wconf 89' lang='lat' dir='ltr'><strong><em>non</em></strong></span> <span class='ocrx_word' id='word_1_641' title='bbox 1331 5108 1473 5176; x_wconf 86' lang='lat' dir='ltr'><strong><em>quod</em></strong></span> <span class='ocrx_word' id='word_1_642' title='bbox 1521 5108 1680 5161; x_wconf 89' lang='lat' dir='ltr'><strong><em>simul</em></strong></span> <span class='ocrx_word' id='word_1_643' title='bbox 1727 5125 1944 5178; x_wconf 87' lang='lat' dir='ltr'><strong><em>unoque</em></strong></span> <span class='ocrx_word' id='word_1_644' title='bbox 1997 5120 2234 5179; x_wconf 84' lang='lat' dir='ltr'><strong><em>tempore</em></strong></span> 
     </span>
    </p>
   </div>
   <div class='ocr_carea' id='block_1_71' title="bbox 676 5197 2231 5269">
    <p class='ocr_par' dir='ltr' id='par_1_71' title="bbox 676 5197 2231 5269">
     <span class='ocr_line' id='line_1_71' title="bbox 676 5197 2231 5269; baseline 0.004 -21"><span class='ocrx_word' id='word_1_645' title='bbox 676 5197 916 5265; x_wconf 80' lang='lat' dir='ltr'><strong><em>psalmos</em></strong></span> <span class='ocrx_word' id='word_1_646' title='bbox 959 5215 1147 5254; x_wconf 89' lang='lat' dir='ltr'><strong><em>omnes</em></strong></span> <span class='ocrx_word' id='word_1_647' title='bbox 1182 5201 1459 5268; x_wconf 86' lang='lat' dir='ltr'><strong><em>repererit.</em></strong></span> <span class='ocrx_word' id='word_1_648' title='bbox 1492 5202 1582 5254; x_wconf 87' lang='lat' dir='ltr'><strong><em>sed</em></strong></span> <span class='ocrx_word' id='word_1_649' title='bbox 1604 5201 1833 5254; x_wconf 77' lang='lat' dir='ltr'><strong><em>diversis</em></strong></span> <span class='ocrx_word' id='word_1_650' title='bbox 1866 5202 2231 5269; x_wconf 86' lang='lat' dir='ltr'><strong><em>temporibus;</em></strong></span> 
     </span>
    </p>
   </div>
   <div class='ocr_carea' id='block_1_72' title="bbox 676 5290 2228 5361">
    <p class='ocr_par' dir='ltr' id='par_1_72' title="bbox 676 5290 2228 5361">
     <span class='ocr_line' id='line_1_72' title="bbox 676 5290 2228 5361; baseline 0.003 -19"><span class='ocrx_word' id='word_1_651' title='bbox 676 5305 737 5344; x_wconf 78' lang='lat' dir='ltr'><strong><em>ac</em></strong></span> <span class='ocrx_word' id='word_1_652' title='bbox 755 5290 957 5359; x_wconf 89' lang='lat' dir='ltr'><strong><em>primos</em></strong></span> <span class='ocrx_word' id='word_1_653' title='bbox 976 5291 1164 5345; x_wconf 85' lang='lat' dir='ltr'><strong><em>ordine</em></strong></span> <span class='ocrx_word' id='word_1_654' title='bbox 1182 5293 1466 5361; x_wconf 84' lang='lat' dir='ltr'><strong><em>posuiteos</em></strong></span> <span class='ocrx_word' id='word_1_655' title='bbox 1482 5294 1570 5361; x_wconf 89' lang='lat' dir='ltr'><strong><em>qui</em></strong></span> <span class='ocrx_word' id='word_1_656' title='bbox 1596 5292 1753 5361; x_wconf 87' lang='lat' dir='ltr'><strong><em>primi</em></strong></span> <span class='ocrx_word' id='word_1_657' title='bbox 1775 5294 1967 5361; x_wconf 82' lang='lat' dir='ltr'><strong><em>reperti</em></strong></span> <span class='ocrx_word' id='word_1_658' title='bbox 1988 5293 2228 5346; x_wconf 82' lang='lat' dir='ltr'><strong><em>fuerant:</em></strong></span> 
     </span>
    </p>
   </div>
   <div class='ocr_carea' id='block_1_73' title="bbox 678 5382 2233 5453">
    <p class='ocr_par' dir='ltr' id='par_1_73' title="bbox 678 5382 2233 5453">
     <span class='ocr_line' id='line_1_73' title="bbox 678 5382 2233 5453; baseline 0.001 -18"><span class='ocrx_word' id='word_1_659' title='bbox 678 5398 784 5450; x_wconf 83' lang='lat' dir='ltr'><strong><em>quo</em></strong></span> <span class='ocrx_word' id='word_1_660' title='bbox 835 5382 1037 5438; x_wconf 78' lang='lat' dir='ltr'><strong><em>factum</em></strong></span> <span class='ocrx_word' id='word_1_661' title='bbox 1079 5395 1164 5438; x_wconf 87' lang='lat' dir='ltr'><strong><em>est</em></strong></span> <span class='ocrx_word' id='word_1_662' title='bbox 1200 5395 1339 5438; x_wconf 84' lang='lat' dir='ltr'><strong><em>utne</em></strong></span> <span class='ocrx_word' id='word_1_663' title='bbox 1377 5401 1566 5438; x_wconf 78' lang='lat' dir='ltr'><strong><em>omnes</em></strong></span> <span class='ocrx_word' id='word_1_664' title='bbox 1600 5385 1816 5453; x_wconf 88' lang='lat' dir='ltr'><strong><em>quidem</em></strong></span> <span class='ocrx_word' id='word_1_665' title='bbox 1873 5385 2042 5453; x_wconf 83' lang='lat' dir='ltr'><strong><em>ipsius</em></strong></span> <span class='ocrx_word' id='word_1_666' title='bbox 2076 5384 2233 5438; x_wconf 82' lang='lat' dir='ltr'><strong><em>Davi-</em></strong></span> 
     </span>
    </p>
   </div>
   <div class='ocr_carea' id='block_1_74' title="bbox 677 5473 2231 5546">
    <p class='ocr_par' dir='ltr' id='par_1_74' title="bbox 677 5473 2231 5546">
     <span class='ocr_line' id='line_1_74' title="bbox 677 5473 2231 5546; baseline 0.005 -23"><span class='ocrx_word' id='word_1_667' title='bbox 677 5473 759 5527; x_wconf 83' lang='lat' dir='ltr'><strong><em>rlis</em></strong></span> <span class='ocrx_word' id='word_1_668' title='bbox 795 5474 987 5542; x_wconf 87' lang='lat' dir='ltr'><strong><em>psalmi</em></strong></span> <span class='ocrx_word' id='word_1_669' title='bbox 1033 5477 1221 5532; x_wconf 87' lang='lat' dir='ltr'><strong><em>ordine</em></strong></span> <span class='ocrx_word' id='word_1_670' title='bbox 1262 5488 1552 5546; x_wconf 84' lang='lat' dir='ltr'><strong><em>ponantur,</em></strong></span> <span class='ocrx_word' id='word_1_671' title='bbox 1582 5486 1742 5545; x_wconf 83' lang='lat' dir='ltr'><strong><em>atque</em></strong></span> <span class='ocrx_word' id='word_1_672' title='bbox 1782 5477 1970 5546; x_wconf 83' lang='lat' dir='ltr'><strong><em>psalmi</em></strong></span> <span class='ocrx_word' id='word_1_673' title='bbox 2002 5477 2231 5530; x_wconf 88' lang='lat' dir='ltr'><strong><em>liliorum</em></strong></span> 
     </span>
    </p>
   </div>
   <div class='ocr_carea' id='block_1_75' title="bbox 678 5562 2228 5637">
    <p class='ocr_par' dir='ltr' id='par_1_75' title="bbox 678 5562 2228 5637">
     <span class='ocr_line' id='line_1_75' title="bbox 678 5562 2228 5637; baseline 0.003 -22"><span class='ocrx_word' id='word_1_674' title='bbox 678 5562 834 5626; x_wconf 82' lang='lat' dir='ltr'><strong><em>Core,</em></strong></span> <span class='ocrx_word' id='word_1_675' title='bbox 857 5575 908 5619; x_wconf 85' lang='lat' dir='ltr'><strong><em>et</em></strong></span> <span class='ocrx_word' id='word_1_676' title='bbox 934 5565 1114 5637; x_wconf 84' lang='lat' dir='ltr'><strong><em>Asaph</em></strong></span> <span class='ocrx_word' id='word_1_677' title='bbox 1146 5578 1198 5622; x_wconf 90' lang='lat' dir='ltr'><strong><em>et</em></strong></span> <span class='ocrx_word' id='word_1_678' title='bbox 1225 5567 1548 5628; x_wconf 83' lang='lat' dir='ltr'><strong><em>Salomonis,</em></strong></span> <span class='ocrx_word' id='word_1_679' title='bbox 1575 5565 1737 5620; x_wconf 77' lang='lat' dir='ltr'><strong><em>Musis</em></strong></span> <span class='ocrx_word' id='word_1_680' title='bbox 1755 5585 1987 5636; x_wconf 78' lang='lat' dir='ltr'><strong><em>quoque,</em></strong></span> <span class='ocrx_word' id='word_1_681' title='bbox 2012 5566 2228 5620; x_wconf 65' lang='lat' dir='ltr'><strong><em>Etham</em></strong></span> 
     </span>
    </p>
   </div>
   <div class='ocr_carea' id='block_1_76' title="bbox 742 5726 2172 5793">
    <p class='ocr_par' dir='ltr' id='par_1_76' title="bbox 742 5726 2172 5793">
     <span class='ocr_line' id='line_1_76' title="bbox 742 5726 2172 5793; baseline 0.002 -17"><span class='ocrx_word' id='word_1_682' title='bbox 742 5727 809 5792; x_wconf 68' lang='grc' dir='ltr'><strong><em>(ε)</em></strong></span> <span class='ocrx_word' id='word_1_683' title='bbox 831 5726 952 5780; x_wconf 76' lang='lat' dir='ltr'><strong><em>Vide</em></strong></span> <span class='ocrx_word' id='word_1_684' title='bbox 977 5738 1090 5777; x_wconf 86' lang='lat' dir='ltr'><strong><em>tom.</em></strong></span> <span class='ocrx_word' id='word_1_685' title='bbox 1137 5731 1252 5793; x_wconf 79' lang='lat' dir='ltr'><strong><em>XV,</em></strong></span> <span class='ocrx_word' id='word_1_686' title='bbox 1314 5731 1440 5780; x_wconf 85' lang='lat' dir='ltr'><strong><em>inter</em></strong></span> <span class='ocrx_word' id='word_1_687' title='bbox 1464 5729 1835 5791; x_wconf 74' lang='lat' dir='ltr'><strong><em>Proiegomena.</em></strong></span> <span class='ocrx_word' id='word_1_688' title='bbox 1864 5728 1995 5778; x_wconf 65' lang='lat' dir='ltr'><strong><em>Eutr.</em></strong></span> <span class='ocrx_word' id='word_1_689' title='bbox 2028 5731 2172 5779; x_wconf 76' lang='lat' dir='ltr'><strong><em>Pna.</em></strong></span> 
     </span>
    </p>
   </div>
   <div class='ocr_carea' id='block_1_77' title="bbox 2339 4366 3917 4438">
    <p class='ocr_par' dir='ltr' id='par_1_77' title="bbox 2339 4366 3917 4438">
     <span class='ocr_line' id='line_1_77' title="bbox 2339 4366 3917 4438; baseline 0.004 -21"><span class='ocrx_word' id='word_1_690' title='bbox 2339 4366 2515 4434; x_wconf 78' lang='grc' dir='ltr'>βίϐλον</span> <span class='ocrx_word' id='word_1_691' title='bbox 2543 4366 2635 4419; x_wconf 80' lang='grc' dir='ltr'>τοῦ</span> <span class='ocrx_word' id='word_1_692' title='bbox 2665 4367 2904 4431; x_wconf 84' lang='grc' dir='ltr'><strong><em>Μωσέως</em></strong></span> <span class='ocrx_word' id='word_1_693' title='bbox 2932 4367 3097 4437; x_wconf 80' lang='grc' dir='ltr'>νόμου</span> <span class='ocrx_word' id='word_1_694' title='bbox 3121 4407 3135 4429; x_wconf 89' lang='grc'><strong><em>,</em></strong></span> <span class='ocrx_word' id='word_1_695' title='bbox 3190 4367 3322 4437; x_wconf 82' lang='grc' dir='ltr'>μηδὲ</span> <span class='ocrx_word' id='word_1_696' title='bbox 3359 4369 3463 4438; x_wconf 72' lang='grc' dir='ltr'><strong><em>μὴν</em></strong></span> <span class='ocrx_word' id='word_1_697' title='bbox 3491 4369 3588 4438; x_wconf 77' lang='grc' dir='ltr'><strong><em>τῆς</em></strong></span> <span class='ocrx_word' id='word_1_698' title='bbox 3609 4367 3715 4420; x_wconf 88' lang='grc' dir='ltr'><strong><em>τῶν</em></strong></span> <span class='ocrx_word' id='word_1_699' title='bbox 3742 4369 3917 4422; x_wconf 81' lang='grc' dir='ltr'>πατέ-</span> 
     </span>
    </p>
   </div>
   <div class='ocr_carea' id='block_1_78' title="bbox 2340 4457 3915 4530">
    <p class='ocr_par' dir='ltr' id='par_1_78' title="bbox 2340 4457 3915 4530">
     <span class='ocr_line' id='line_1_78' title="bbox 2340 4457 3915 4530; baseline 0.004 -21"><span class='ocrx_word' id='word_1_700' title='bbox 2340 4475 2444 4528; x_wconf 89' lang='grc' dir='ltr'>ρων</span> <span class='ocrx_word' id='word_1_701' title='bbox 2474 4458 2751 4521; x_wconf 75' lang='grc' dir='ltr'>εὐσεὸείας</span> <span class='ocrx_word' id='word_1_702' title='bbox 2784 4476 2834 4510; x_wconf 84' lang='grc' dir='ltr'><strong><em>τι</em></strong></span> <span class='ocrx_word' id='word_1_703' title='bbox 2872 4457 3135 4522; x_wconf 76' lang='grc' dir='ltr'>σώζεσθαι</span> <span class='ocrx_word' id='word_1_704' title='bbox 3193 4460 3318 4530; x_wconf 80' lang='grc' dir='ltr'>παρ’</span> <span class='ocrx_word' id='word_1_705' title='bbox 3359 4460 3559 4524; x_wconf 78' lang='grc' dir='ltr'>αὐτοῖς.</span> <span class='ocrx_word' id='word_1_706' title='bbox 3617 4462 3744 4513; x_wconf 82' lang='grc' dir='ltr'><strong><em>Ὅτε</em></strong></span> <span class='ocrx_word' id='word_1_707' title='bbox 3775 4462 3915 4528; x_wconf 79' lang='grc' dir='ltr'>γοῦν</span> 
     </span>
    </p>
   </div>
   <div class='ocr_carea' id='block_1_79' title="bbox 2336 4549 3916 4622">
    <p class='ocr_par' dir='ltr' id='par_1_79' title="bbox 2336 4549 3916 4622">
     <span class='ocr_line' id='line_1_79' title="bbox 2336 4549 3916 4622; baseline 0.004 -22"><span class='ocrx_word' id='word_1_708' title='bbox 2336 4549 2427 4601; x_wconf 70' lang='grc' dir='ltr'><strong><em>καὶ</em></strong></span> <span class='ocrx_word' id='word_1_709' title='bbox 2453 4551 2577 4613; x_wconf 79' lang='grc' dir='ltr'>τοὺς</span> <span class='ocrx_word' id='word_1_710' title='bbox 2611 4551 2891 4620; x_wconf 74' lang='grc' dir='ltr'>προφήτας</span> <span class='ocrx_word' id='word_1_711' title='bbox 2923 4551 3155 4621; x_wconf 75' lang='grc' dir='ltr'>ἀνῄρουν</span> <span class='ocrx_word' id='word_1_712' title='bbox 3174 4592 3187 4615; x_wconf 92' lang='grc'><strong><em>,</em></strong></span> <span class='ocrx_word' id='word_1_713' title='bbox 3211 4551 3584 4622; x_wconf 81' lang='grc' dir='ltr'>διελέγχοντας</span> <span class='ocrx_word' id='word_1_714' title='bbox 3612 4553 3788 4606; x_wconf 74' lang='grc' dir='ltr'>αὐτῶν</span> <span class='ocrx_word' id='word_1_715' title='bbox 3811 4555 3916 4619; x_wconf 82' lang='grc' dir='ltr'>τὰς</span> 
     </span>
    </p>
   </div>
   <div class='ocr_carea' id='block_1_80' title="bbox 2333 4637 3914 4713">
    <p class='ocr_par' dir='ltr' id='par_1_80' title="bbox 2333 4637 3914 4713">
     <span class='ocr_line' id='line_1_80' title="bbox 2333 4637 3914 4713; baseline 0.005 -23"><span class='ocrx_word' id='word_1_716' title='bbox 2333 4637 2678 4702; x_wconf 80' lang='grc' dir='ltr'>δυσσεϐείας,</span> <span class='ocrx_word' id='word_1_717' title='bbox 2730 4640 2824 4692; x_wconf 81' lang='grc' dir='ltr'><strong><em>καὶ</em></strong></span> <span class='ocrx_word' id='word_1_718' title='bbox 2877 4640 3076 4692; x_wconf 76' lang='grc' dir='ltr'>τούτων</span> <span class='ocrx_word' id='word_1_719' title='bbox 3127 4639 3286 4693; x_wconf 69' lang='grc' dir='ltr'>ἕνεκα</span> <span class='ocrx_word' id='word_1_720' title='bbox 3335 4643 3394 4693; x_wconf 67' lang='grc' dir='ltr'>τὴ</span> <span class='ocrx_word' id='word_1_721' title='bbox 3430 4642 3642 4712; x_wconf 84' lang='grc' dir='ltr'>πρῶτον</span> <span class='ocrx_word' id='word_1_722' title='bbox 3677 4645 3741 4713; x_wconf 79' lang='grc' dir='ltr'>τῇ</span> <span class='ocrx_word' id='word_1_723' title='bbox 3795 4644 3914 4698; x_wconf 84' lang='grc' dir='ltr'><strong><em>τῶν</em></strong></span> 
     </span>
    </p>
   </div>
   <div class='ocr_carea' id='block_1_81' title="bbox 2333 4712 3914 4805">
    <p class='ocr_par' dir='ltr' id='par_1_81' title="bbox 2333 4712 3914 4805">
     <span class='ocr_line' id='line_1_81' title="bbox 2333 4712 3914 4805; baseline 0.006 -25"><span class='ocrx_word' id='word_1_724' title='bbox 2333 4712 2642 4800; x_wconf 66' lang='grc' dir='ltr'>’Ἀσσυρίων</span> <span class='ocrx_word' id='word_1_725' title='bbox 2676 4731 3046 4801; x_wconf 76' lang='grc' dir='ltr'>παρεδόθησαν</span> <span class='ocrx_word' id='word_1_726' title='bbox 3076 4733 3420 4805; x_wconf 75' lang='grc' dir='ltr'>αἰχμαλωσίᾳ</span> <span class='ocrx_word' id='word_1_727' title='bbox 3439 4751 3452 4762; x_wconf 88' lang='grc'><strong>·</strong></span> <span class='ocrx_word' id='word_1_728' title='bbox 3503 4734 3638 4804; x_wconf 80' lang='grc' dir='ltr'>μετὰ</span> <span class='ocrx_word' id='word_1_729' title='bbox 3658 4734 3711 4786; x_wconf 84' lang='grc' dir='ltr'>δὲ</span> <span class='ocrx_word' id='word_1_730' title='bbox 3737 4735 3914 4790; x_wconf 78' lang='grc' dir='ltr'>ταῦτά</span> 
     </span>
    </p>
   </div>
   <div class='ocr_carea' id='block_1_82' title="bbox 2333 4822 3913 4898">
    <p class='ocr_par' dir='ltr' id='par_1_82' title="bbox 2333 4822 3913 4898">
     <span class='ocr_line' id='line_1_82' title="bbox 2333 4822 3913 4898; baseline 0.004 -21"><span class='ocrx_word' id='word_1_731' title='bbox 2333 4841 2457 4877; x_wconf 88' lang='grc' dir='ltr'>τινα</span> <span class='ocrx_word' id='word_1_732' title='bbox 2501 4822 2608 4876; x_wconf 86' lang='grc' dir='ltr'><strong><em>τῶν</em></strong></span> <span class='ocrx_word' id='word_1_733' title='bbox 2657 4825 2983 4895; x_wconf 60' lang='grc' dir='ltr'>προφητῶν,</span> <span class='ocrx_word' id='word_1_734' title='bbox 3040 4829 3166 4898; x_wconf 79' lang='grc' dir='ltr'>περὶ</span> <span class='ocrx_word' id='word_1_735' title='bbox 3221 4827 3319 4897; x_wconf 81' lang='grc' dir='ltr'>τῆς</span> <span class='ocrx_word' id='word_1_736' title='bbox 3366 4830 3680 4897; x_wconf 57' lang='grc' dir='ltr'>συναγωγῆς</span> <span class='ocrx_word' id='word_1_737' title='bbox 3727 4830 3913 4884; x_wconf 81' lang='grc' dir='ltr'>αὐτῶν</span> 
     </span>
    </p>
   </div>
   <div class='ocr_carea' id='block_1_83' title="bbox 2335 4916 3912 4992">
    <p class='ocr_par' dir='ltr' id='par_1_83' title="bbox 2335 4916 3912 4992">
     <span class='ocr_line' id='line_1_83' title="bbox 2335 4916 3912 4992; baseline 0.006 -26"><span class='ocrx_word' id='word_1_738' title='bbox 2335 4916 2718 4979; x_wconf 78' lang='grc' dir='ltr'>ἐσπουδακότα,</span> <span class='ocrx_word' id='word_1_739' title='bbox 2751 4918 2889 4987; x_wconf 87' lang='grc' dir='ltr'>μετὰ</span> <span class='ocrx_word' id='word_1_740' title='bbox 2910 4935 2970 4987; x_wconf 76' lang='grc' dir='ltr'>γε</span> <span class='ocrx_word' id='word_1_741' title='bbox 2992 4919 3099 4972; x_wconf 88' lang='grc' dir='ltr'><strong><em>τῶν</em></strong></span> <span class='ocrx_word' id='word_1_742' title='bbox 3126 4919 3325 4973; x_wconf 79' lang='grc' dir='ltr'>λοιπῶν</span> <span class='ocrx_word' id='word_1_743' title='bbox 3360 4921 3451 4974; x_wconf 75' lang='grc' dir='ltr'><strong><em>καὶ</em></strong></span> <span class='ocrx_word' id='word_1_744' title='bbox 3469 4921 3565 4992; x_wconf 78' lang='grc' dir='ltr'><strong><em>τὴν</em></strong></span> <span class='ocrx_word' id='word_1_745' title='bbox 3595 4921 3772 4991; x_wconf 72' lang='grc' dir='ltr'>βίϐλον</span> <span class='ocrx_word' id='word_1_746' title='bbox 3795 4923 3912 4976; x_wconf 88' lang='grc' dir='ltr'><strong><em>τῶν</em></strong></span> 
     </span>
    </p>
   </div>
   <div class='ocr_carea' id='block_1_84' title="bbox 2334 5011 3912 5085">
    <p class='ocr_par' dir='ltr' id='par_1_84' title="bbox 2334 5011 3912 5085">
     <span class='ocr_line' id='line_1_84' title="bbox 2334 5011 3912 5085; baseline 0.006 -24"><span class='ocrx_word' id='word_1_747' title='bbox 2334 5011 2576 5081; x_wconf 79' lang='grc' dir='ltr'>Ψαλμῶν</span> <span class='ocrx_word' id='word_1_748' title='bbox 2629 5013 3052 5082; x_wconf 78' lang='grc' dir='ltr'>συναγηοχὲναι·</span> <span class='ocrx_word' id='word_1_749' title='bbox 3094 5014 3192 5065; x_wconf 80' lang='grc' dir='ltr'><strong><em>οὐκ</em></strong></span> <span class='ocrx_word' id='word_1_750' title='bbox 3245 5012 3454 5083; x_wconf 81' lang='grc' dir='ltr'>ἀθρόως</span> <span class='ocrx_word' id='word_1_751' title='bbox 3506 5015 3730 5085; x_wconf 77' lang='grc' dir='ltr'>εὑρόντα</span> <span class='ocrx_word' id='word_1_752' title='bbox 3782 5017 3912 5079; x_wconf 71' lang='grc' dir='ltr'>τοὺς</span> 
     </span>
    </p>
   </div>
   <div class='ocr_carea' id='block_1_85' title="bbox 2335 5104 3913 5176">
    <p class='ocr_par' dir='ltr' id='par_1_85' title="bbox 2335 5104 3913 5176">
     <span class='ocr_line' id='line_1_85' title="bbox 2335 5104 3913 5176; baseline 0.003 -20"><span class='ocrx_word' id='word_1_753' title='bbox 2335 5105 2540 5166; x_wconf 70' lang='grc' dir='ltr'>πάντας</span> <span class='ocrx_word' id='word_1_754' title='bbox 2561 5143 2573 5165; x_wconf 90' lang='grc'><strong><em>,</em></strong></span> <span class='ocrx_word' id='word_1_755' title='bbox 2602 5104 2732 5157; x_wconf 69' lang='grc' dir='ltr'>ἀλλὰ</span> <span class='ocrx_word' id='word_1_756' title='bbox 2766 5105 2906 5157; x_wconf 76' lang='grc' dir='ltr'>κατὰ</span> <span class='ocrx_word' id='word_1_757' title='bbox 2937 5104 3224 5175; x_wconf 61' lang='grc' dir='ltr'>διαφόρους</span> <span class='ocrx_word' id='word_1_758' title='bbox 3249 5105 3472 5176; x_wconf 76' lang='grc' dir='ltr'>χρόνους</span> <span class='ocrx_word' id='word_1_759' title='bbox 3491 5122 3504 5134; x_wconf 93' lang='grc'><strong>·</strong></span> <span class='ocrx_word' id='word_1_760' title='bbox 3552 5107 3913 5161; x_wconf 82' lang='grc' dir='ltr'>κατατάττειν</span> 
     </span>
    </p>
   </div>
   <div class='ocr_carea' id='block_1_86' title="bbox 2333 5194 3913 5270">
    <p class='ocr_par' dir='ltr' id='par_1_86' title="bbox 2333 5194 3913 5270">
     <span class='ocr_line' id='line_1_86' title="bbox 2333 5194 3913 5270; baseline 0.005 -25"><span class='ocrx_word' id='word_1_761' title='bbox 2333 5194 2387 5246; x_wconf 74' lang='grc' dir='ltr'><strong><em>δὲ</em></strong></span> <span class='ocrx_word' id='word_1_762' title='bbox 2413 5197 2469 5245; x_wconf 70' lang='grc' dir='ltr'>ἐν</span> <span class='ocrx_word' id='word_1_763' title='bbox 2494 5194 2728 5266; x_wconf 82' lang='grc' dir='ltr'>πρώτοις</span> <span class='ocrx_word' id='word_1_764' title='bbox 2759 5197 2882 5258; x_wconf 70' lang='grc' dir='ltr'>τοὺς</span> <span class='ocrx_word' id='word_1_765' title='bbox 2919 5195 3164 5267; x_wconf 77' lang='grc' dir='ltr'>πρώτους</span> <span class='ocrx_word' id='word_1_766' title='bbox 3187 5197 3597 5268; x_wconf 74' lang='grc' dir='ltr'>εὑρισκομένους</span> <span class='ocrx_word' id='word_1_767' title='bbox 3616 5215 3628 5228; x_wconf 86' lang='grc'><strong>·</strong></span> <span class='ocrx_word' id='word_1_768' title='bbox 3661 5198 3740 5252; x_wconf 86' lang='grc' dir='ltr'><strong><em>διὸ</em></strong></span> <span class='ocrx_word' id='word_1_769' title='bbox 3772 5200 3913 5270; x_wconf 72' lang='grc' dir='ltr'>μηδὲ</span> 
     </span>
    </p>
   </div>
   <div class='ocr_carea' id='block_1_87' title="bbox 2331 5287 3913 5361">
    <p class='ocr_par' dir='ltr' id='par_1_87' title="bbox 2331 5287 3913 5361">
     <span class='ocr_line' id='line_1_87' title="bbox 2331 5287 3913 5361; baseline 0.001 -21"><span class='ocrx_word' id='word_1_770' title='bbox 2331 5287 2424 5340; x_wconf 78' lang='grc' dir='ltr'><strong><em>τοῦ</em></strong></span> <span class='ocrx_word' id='word_1_771' title='bbox 2456 5288 2614 5340; x_wconf 75' lang='grc' dir='ltr'>Δαυῒδ</span> <span class='ocrx_word' id='word_1_772' title='bbox 2643 5288 2839 5358; x_wconf 64' lang='grc' dir='ltr'>ἐφεξῆς</span> <span class='ocrx_word' id='word_1_773' title='bbox 2866 5288 3213 5341; x_wconf 76' lang='grc' dir='ltr'>εὑοίσκεσθαι</span> <span class='ocrx_word' id='word_1_774' title='bbox 3247 5289 3370 5351; x_wconf 71' lang='grc' dir='ltr'>τοὺς</span> <span class='ocrx_word' id='word_1_775' title='bbox 3396 5288 3619 5353; x_wconf 82' lang='grc' dir='ltr'>πάντας,</span> <span class='ocrx_word' id='word_1_776' title='bbox 3651 5290 3706 5340; x_wconf 81' lang='grc' dir='ltr'><strong><em>ὲν</em></strong></span> <span class='ocrx_word' id='word_1_777' title='bbox 3738 5289 3794 5342; x_wconf 82' lang='grc' dir='ltr'>δὲ</span> <span class='ocrx_word' id='word_1_778' title='bbox 3832 5291 3913 5361; x_wconf 85' lang='grc' dir='ltr'><strong><em>τῷ</em></strong></span> 
     </span>
    </p>
   </div>
   <div class='ocr_carea' id='block_1_88' title="bbox 2336 5382 3912 5455">
    <p class='ocr_par' dir='ltr' id='par_1_88' title="bbox 2336 5382 3912 5455">
     <span class='ocr_line' id='line_1_88' title="bbox 2336 5382 3912 5455; baseline 0.001 -20"><span class='ocrx_word' id='word_1_779' title='bbox 2336 5384 2534 5455; x_wconf 76' lang='grc' dir='ltr'>μεταξὺ</span> <span class='ocrx_word' id='word_1_780' title='bbox 2566 5387 2657 5437; x_wconf 72' lang='grc' dir='ltr'><strong><em>καὶ</em></strong></span> <span class='ocrx_word' id='word_1_781' title='bbox 2686 5383 2791 5436; x_wconf 87' lang='grc' dir='ltr'><strong><em>τῶν</em></strong></span> <span class='ocrx_word' id='word_1_782' title='bbox 2813 5383 2943 5435; x_wconf 77' lang='grc' dir='ltr'>υἱῶν</span> <span class='ocrx_word' id='word_1_783' title='bbox 2972 5383 3134 5446; x_wconf 82' lang='grc' dir='ltr'>Κορὲ,</span> <span class='ocrx_word' id='word_1_784' title='bbox 3166 5382 3259 5435; x_wconf 71' lang='grc' dir='ltr'><strong><em>καὶ</em></strong></span> <span class='ocrx_word' id='word_1_785' title='bbox 3283 5383 3373 5435; x_wconf 80' lang='grc' dir='ltr'><strong><em>τοῦ</em></strong></span> <span class='ocrx_word' id='word_1_786' title='bbox 3411 5383 3600 5450; x_wconf 71' lang='grc' dir='ltr'>Ἀσὰφ,</span> <span class='ocrx_word' id='word_1_787' title='bbox 3631 5383 3722 5436; x_wconf 77' lang='grc' dir='ltr'><strong><em>καὶ</em></strong></span> <span class='ocrx_word' id='word_1_788' title='bbox 3752 5383 3912 5436; x_wconf 80' lang='grc' dir='ltr'>Σολο-</span> 
     </span>
    </p>
   </div>
   <div class='ocr_carea' id='block_1_89' title="bbox 2337 5474 3912 5547">
    <p class='ocr_par' dir='ltr' id='par_1_89' title="bbox 2337 5474 3912 5547">
     <span class='ocr_line' id='line_1_89' title="bbox 2337 5474 3912 5547; baseline 0.002 -20"><span class='ocrx_word' id='word_1_789' title='bbox 2337 5476 2559 5547; x_wconf 86' lang='grc' dir='ltr'>μῶντος,</span> <span class='ocrx_word' id='word_1_790' title='bbox 2592 5478 2683 5529; x_wconf 81' lang='grc' dir='ltr'>καὶ</span> <span class='ocrx_word' id='word_1_791' title='bbox 2707 5476 2965 5540; x_wconf 74' lang='grc' dir='ltr'>Μωσέως,</span> <span class='ocrx_word' id='word_1_792' title='bbox 2996 5475 3175 5544; x_wconf 77' lang='grc' dir='ltr'>Λὶθέιμ</span> <span class='ocrx_word' id='word_1_793' title='bbox 3212 5492 3269 5527; x_wconf 87' lang='grc' dir='ltr'><strong><em>τε</em></strong></span> <span class='ocrx_word' id='word_1_794' title='bbox 3303 5474 3392 5527; x_wconf 76' lang='grc' dir='ltr'>τοῦ</span> <span class='ocrx_word' id='word_1_795' title='bbox 3432 5474 3782 5546; x_wconf 70' lang='grc' dir='ltr'>Ἰσραηλίτου,</span> <span class='ocrx_word' id='word_1_796' title='bbox 3815 5478 3912 5530; x_wconf 84' lang='grc' dir='ltr'>καὶ</span> 
     </span>
    </p>
   </div>
   <div class='ocr_carea' id='block_1_90' title="bbox 2333 5565 3907 5639">
    <p class='ocr_par' dir='ltr' id='par_1_90' title="bbox 2333 5565 3907 5639">
     <span class='ocr_line' id='line_1_90' title="bbox 2333 5565 3907 5639; baseline -0.002 -18"><span class='ocrx_word' id='word_1_797' title='bbox 2333 5569 2541 5638; x_wconf 82' lang='grc' dir='ltr'>Αἰμὰν,</span> <span class='ocrx_word' id='word_1_798' title='bbox 2574 5569 2665 5621; x_wconf 81' lang='grc' dir='ltr'><strong><em>καὶ</em></strong></span> <span class='ocrx_word' id='word_1_799' title='bbox 2695 5567 2850 5622; x_wconf 77' lang='grc' dir='ltr'>πάλιν</span> <span class='ocrx_word' id='word_1_800' title='bbox 2884 5566 2974 5620; x_wconf 81' lang='grc' dir='ltr'>τοῦ</span> <span class='ocrx_word' id='word_1_801' title='bbox 3005 5565 3201 5631; x_wconf 73' lang='grc' dir='ltr'>Δαυῖδ,</span> <span class='ocrx_word' id='word_1_802' title='bbox 3235 5566 3581 5636; x_wconf 76' lang='grc' dir='ltr'>εὑρίσκεσθαι</span> <span class='ocrx_word' id='word_1_803' title='bbox 3618 5566 3818 5639; x_wconf 76' lang='grc' dir='ltr'>ἀναμὶξ</span> <span class='ocrx_word' id='word_1_804' title='bbox 3849 5569 3907 5621; x_wconf 79' lang='grc' dir='ltr'>ἐν</span> 
     </span>
    </p>
   </div>
  </div>
