4074 6304
140 318 190 378 57
1207 310 1688 369 ARGUMENTL‘M
1731 310 1800 365 IN
1839 315 2174 373 PSALMOS.
3241 323 3311 381 58

140 443 186 510 τῇ
220 435 364 508 βίϐλῳ
403 433 770 503 τεταγμένους
792 448 805 462 ’
834 432 894 486 οὐ
930 431 1049 486 καθ’
1081 431 1172 494 οὓς
1207 431 1499 502 ἐλέχθησαν
1523 428 1650 501 χρό-
1682 481 1683 486 η

1784 433 2030 497 sraelitaz,
2064 435 2283 500 Eman,
2317 452 2642 506 rursumque
2659 436 2875 496 Davidis
2898 443 3196 510 permistim
3225 457 3322 512 po-

141 547 247 594 νους,
273 526 408 584 ἀλλὰ
445 527 564 580 καθ’
589 526 682 588 οὓς
715 525 960 596 εὕραντο.
1018 525 1090 578 Τὸ
1129 524 1172 576 δ’
1197 525 1327 576 αὐτὸ
1353 523 1530 591 εὕροις
1568 540 1661 591 γε-

140 624 390 695 γενημένον
414 622 504 674 καὶ
535 622 590 673 ὲν
610 621 730 682 ταῖς
757 619 864 673 τῶν
892 617 1180 691 προφητῶν
1208 621 1550 689 περικοπαίς.

194 804 308 865 Τοὺς
327 802 382 854 δὲ
414 801 550 872 μετά
576 801 668 853 τὸν
703 798 915 869 πρῶτον
940 798 1030 852 καὶ
1051 797 1345 850 δωδέκατον
1370 797 1662 866 ἀνεπιγρά-

140 913 243 963 φους
265 893 504 964 ψαλμοὺς
523 933 538 957 ,
570 893 665 944 καὶ
694 893 815 954 τοὺς
853 891 1162 961 ἐπιγραερὴν
1193 889 1410 958 ἔχοντας
1429 929 1443 949 ,
1478 889 1537 940 οὐ
1571 889 1664 958 δη-

139 987 321 1048 λοῦντας
363 985 504 1048 τίνος
530 984 692 1046 εἰσὶν,
737 982 955 1036 ἐκείνων
982 979 1120 1034 εἶναι
1171 981 1353 1044 παῖδες
1397 980 1662 1050 Ἑϐραίων

140 1080 258 1148 φασὶ,
296 1072 369 1130 ὧν
396 1075 627 1147 τούνομα
665 1076 885 1144 φέρεται
913 1077 969 1127 ἐν
999 1077 1115 1137 ταῖς
1146 1074 1252 1125 τῶν
1283 1072 1663 1142 άνεπιγράφων

142 1170 578 1242 προτεταγμέναις.
636 1168 736 1221 Τὸν
782 1168 839 1221 δὲ
887 1167 1100 1234 πρῶτον
1133 1166 1224 1218 καὶ
1252 1165 1501 1234 δεύτερον
1525 1205 1537 1228 ,
1569 1164 1665 1216 ἕνα

138 1264 263 1324 ὄντας
280 1262 459 1331 duque,
484 1259 576 1312 τοῦ
601 1259 761 1312 Δαυῖδ
783 1260 1044 1328 ὑπάρχειν
1064 1256 1197 1327 ἡγοῦ
1207 1274 1322 1326 μαι.
1346 1256 1432 1308 διὰ
1454 1256 1512 1308 τὸ
1536 1256 1669 1307 πάν-

139 1371 214 1415 τας
250 1356 363 1415 τοὺς
396 1354 453 1405 ἐν
500 1351 576 1422 τῷ
609 1351 805 1422 πρώτῳ
855 1353 1010 1421 μέρει
1042 1350 1147 1403 τῶν
1181 1349 1424 1419 Ψαλμῶν
1469 1347 1668 1416 ἐφεξῆς

139 1445 269 1499 αὐτοῦ
295 1441 449 1498 εἶναι.
495 1444 625 1497 Ἀπὸ
658 1442 785 1512 γοῦν
811 1443 902 1496 τοῦ
928 1443 1108 1513 τρίτου
1147 1443 1303 1512 μέχρι
1337 1439 1430 1492 τοῦ
1470 1445 1534 1510 μ’
1573 1437 1666 1490 τοῦ

1759 521 1852 577 siti
1885 523 1937 576 in
1972 523 2109 577 libro
2161 536 2485 590 occurrant;
2519 543 2624 581 non
2658 544 2766 597 quo
2793 540 3029 599 tempore
3055 532 3201 598 editi,
3228 535 3322 589 sed

1760 628 1867 683 quo
1913 615 2114 670 inventi
2168 613 2320 670 fuere
2363 619 2554 687 :quod
2603 620 2777 688 ipsum
2833 621 2887 675 in
2939 627 3319 694 prophetarum

1759 704 1997 775 periodis
2032 715 2086 760 et
2123 706 2382 763 clausulis
2430 711 2690 779 reperias.

1832 797 1936 865 Qui
1981 800 2172 868 psalmi
2220 815 2348 855 vero
2407 811 2530 871 post
2565 803 2800 872 primum
2853 812 2908 860 et
2946 805 3323 862 duodecimum

1763 903 2169 962 consequuntur
2201 894 2318 949 sine
2351 895 2528 959 titulo,
2579 913 2788 951 necnon
2820 899 2856 951 ii
2902 899 3100 968 quibus
3138 903 3328 956 titulus

1763 985 1978 1055 quidem
2011 985 2370 1055 pratmittitnr,
2418 1003 2518 1042 nec
2559 997 2735 1042 tamen
2783 988 3052 1044 indicatur
3086 1007 3194 1060 quo
3222 993 3330 1047 sint

1766 1085 1986 1130 auctore
2033 1076 2182 1141 editi,
2230 1093 2418 1132 eorum
2468 1095 2590 1134 esse
2625 1081 2812 1135 dicunt
2841 1080 3070 1142 Hebraei,
3096 1098 3326 1152 quorum

1766 1183 1962 1222 nomen
1998 1168 2252 1223 scribitur
2285 1169 2338 1224 in
2383 1170 2606 1239 psalmis
2658 1171 2749 1240 qui
2797 1172 2951 1226 titulo
3001 1187 3199 1228 vacuos
3229 1189 3327 1226 an-

1769 1257 2035 1311 tecedunt.
2061 1254 2302 1312 [Εειὶωο
2333 1267 2515 1313 autem
2544 1261 2780 1328 primum
2811 1269 2864 1314 et
2885 1261 3205 1328 secundum,
3237 1263 3332 1333 qui

1769 1363 1935 1400 unum
1989 1351 2324 1404 constituunt
2364 1351 2669 1420 psalmum,
2740 1352 2958 1407 Davidis
3007 1369 3154 1421 esse;
3206 1355 3333 1424 quia

1769 1448 2033 1506 quotquot
2065 1441 2116 1493 in
2152 1444 2326 1510 prima
2351 1453 2499 1511 parte
2523 1444 2955 1513 subsequuntur,
2990 1446 3160 1514 ipsius
3185 1458 3330 1502 sunt.

139 1535 266 1590 Δαυῖδ
286 1537 668 1607 ἐπιγράφονται
690 1539 736 1588 οἱ
762 1536 957 1598 πάντες
973 1552 984 1566 ’
1009 1534 1087 1587 διό
1116 1551 1203 1604 μοι
1227 1533 1471 1586 δοκοῦσιν
1496 1531 1671 1602 ὑπάρ-

1784 1529 1811 1580 Ᾱ
1852 1531 2006 1584 tertio
2048 1533 2194 1585 enim
2243 1534 2310 1585 ad
2354 1534 2830 1603 quadragesimum
2877 1552 3066 1592 omnes
3119 1537 3336 1591 Davidis

136 1646 228 1699 χειν
253 1627 333 1681 τοῦ
366 1627 531 1682 αὖτοῦ
555 1630 583 1680 ὃ
606 1645 664 1680 τε
694 1627 905 1696 πρῶτος
934 1627 1022 1679 καὶ
1054 1630 1080 1680 ὁ
1105 1627 1376 1696 δεύτερος.
1438 1622 1667 1676 Πιστοῦ-

135 1735 207 1772 ται
232 1719 280 1772 δὲ
303 1718 455 1786 λόγον
490 1721 522 1788 ἡ
556 1717 662 1770 τῶν
693 1718 947 1788 Πράξεων
985 1715 1090 1769 τῶν
1124 1715 1436 1768 ἀποστόλων
1473 1713 1668 1783 βίϐλος,

134 1813 180 1864 ὲν
257 1813 463 1882 εἴρηται
482 1828 494 1840 ·
533 1809 820 1873 Δέσποτα,
856 1809 935 1862 σὺ
975 1809 1266 1875 ἐποίησας
1296 1808 1401 1860 τὸν
1419 1805 1675 1872 οὐρανὸν

136 1905 217 1956 καὶ
244 1903 344 1969 τὴν
371 1901 486 1969 γῆν
506 1941 520 1966 ,
552 1903 647 1954 καὶ
685 1902 796 1969 τὴν
821 1901 1140 1954 θάλασσαν
1164 1941 1178 1964 ,
1218 1900 1316 1953 καὶ
1356 1900 1550 1952 πάντα
1604 1898 1674 1952 τὰ

133 1994 190 2048 ἐν
217 1993 405 2058 αὐτοῖς
429 2010 444 2023 ⁸
508 1995 542 2047 ὁ
587 1992 690 2047 τοῦ
732 1992 951 2060 πατρὸς
989 1991 1154 2060 ἡμῶν
1189 1989 1286 2044 διὰ
1337 1992 1676 2058 Πνεύμιιτος

136 2086 278 2153 ἁγίου
303 2085 594 2154 στόματος
619 2084 830 2150 ,παιδός
863 2098 979 2137 σου
1009 2083 1190 2137 Δαυῒδ
1214 2080 1398 2135 εἰπών
1416 2098 1429 2111 ·
1461 2082 1584 2134 Ἵνα
1623 2081 1678 2133 τί

137 2174 411 2243 ἐφρύαξαν
438 2158 579 2239 ἔθνη
606 2216 620 2239 ,
651 2175 748 2228 καὶ
773 2177 906 2228 λαοὶ
930 2173 1302 2243 ἐμελέτησαν
1328 2171 1508 2234 κενά;
1568 2173 1675 2226 Σαο

141 2265 236 2333 φῶς
264 2267 363 2337 γὰρ
387 2267 475 2320 διὰ
501 2267 702 2320 τούτων
729 2268 818 2319 τὸν
847 2267 899 2336 β’
926 2266 1138 2336 ψαλμὸν
1168 2264 1259 2318 τοῦ
1291 2264 1449 2319 Δαυῒδ
1481 2263 1676 2334 ἔφησεν

134 2356 267 2414 εἶναι.
335 2360 842 2430 Ἀποσεσιωπῆσθαι
886 2360 941 2413 δὲ
968 2360 1112 2424 εἰκὸς
1146 2360 1232 2412 ἐπ’
1275 2359 1432 2411 αὑτὸν
1458 2357 1554 2427 τὴν
1583 2355 1675 2409 τοῦ

137 2451 272 2504 Δαυῖδ
301 2453 621 2523 προγραφὴν
644 2491 658 2514 ,
690 2451 777 2504 διὰ
801 2451 860 2504 τὸ
892 2451 1103 2521 γυμνὴν
1130 2449 1271 2518 ἔχειν
1301 2447 1540 2519 περὶτοῦ
1564 2449 1676 2500 Κυ-

135 2543 233 2615 ρίου
281 2543 646 2615 προφητείαν,
693 2542 750 2594 ὲν
854 2542 1099 2612 εἴρηται·
1131 2544 1290 2594 Κατὰ
1323 2538 1428 2593 τοῦ
1458 2540 1677 2607 Κυρίου

135 2635 218 2689 καὶ
238 2637 376 2690 κατὰ
405 2635 512 2689 τοῦ
544 2635 797 2703 Χριστοῦ
828 2634 1032 2688 αὐτοῦ.
1095 2628 1189 2697 Οἷς
1219 2632 1527 2694 ἀκολούθως
1557 2633 1680 2683 ἐπι-

134 2727 254 2796 λέγει
277 2729 332 2793 ἐξ
356 2727 523 2783 αὑτοῦ
545 2727 636 2781 τοῦ
661 2725 949 2794 προσώπου
972 2725 1064 2778 τοῦ
1089 2724 1319 2796 Χριστοῦ
1350 2723 1407 2776 τό
1426 2739 1438 2751 ·
1467 2725 1679 2790 Κύριος

131 2817 242 2874 εἷπε
259 2820 402 2890 πρὸς
429 2820 506 2889 μέ
525 2837 536 2848 ·
568 2820 697 2883 Υἱός
720 2837 834 2886 μου
859 2815 917 2871 εἴ
936 2819 1038 2871 σύ.
1065 2816 1320 2886 Φέρονται
1346 2815 1520 2868 τοίνυν
1547 2812 1680 2883 ψαλ-

134 2912 208 2981 μοὶ
233 2913 276 2964 oi
308 2912 511 2972 πάντες
551 2916 656 2980 ρν’.
694 2907 850 2971 Τινὲς
889 2907 943 2960 δὲ
993 2905 1272 2977 νομίζουσι
1309 2907 1434 2967 τοὺς
1475 2903 1681 2965 πάντας

131 2998 247 3054 εἶναι
273 3000 363 3053 τοῦ
401 2999 674 3070 μακαρίου
710 2995 900 3049 Δαυΐδ³
935 2997 997 3049 οὐ
1035 2995 1354 3066 σημαίνεται
1403 2993 1459 3045 δὲ
1505 2992 1676 3044 τοῦτο.

1773 1621 2162 1686 inscribuntur,
2207 1625 2560 1693 quamobrem
2598 1627 2727 1679 mihi
2779 1627 2845 1681 ad
2877 1629 3052 1698 ipsum
3089 1631 3338 1683 videntur

1773 1715 2039 1782 pertinere
2062 1717 2268 1784 primus
2290 1726 2450 1786 atque
2486 1720 2776 1773 secmulus.
2809 1719 2982 1785 Quam
3016 1723 3336 1776 sententiam

1776 1807 2063 1859 conﬁrmat
2089 1808 2223 1862 liber
2261 1808 2492 1863 Actuum
2526 1812 2916 1879 apostolorum,
2952 1813 3002 1865 in
3045 1829 3154 1881 quo
3198 1813 3338 1867 dici-

1773 1907 1860 1950 tur
1893 1897 1937 1928 “
1964 1915 1976 1950 :
2017 1897 2235 1950 Domine
2267 1909 2321 1950 tu
2353 1898 2526 1967 fecisti
2555 1899 2734 1952 caelum
2772 1911 2820 1953 et
2845 1910 3059 1965 terram,
3083 1909 3130 1952 et
3172 1917 3338 1965 mare,

1773 1998 1822 2041 et
1854 1991 2032 2042 omnia
2059 2006 2177 2057 qua:
2215 1991 2271 2043 in
2331 1991 2404 2044 eis
2440 2000 2581 2045 sunt.
2614 1991 2753 2045 Deus
2796 2003 3008 2061 patrum
3043 2003 3342 2046 nostrorum

1773 2080 1861 2149 qui
1902 2081 2087 2133 dixisti
2129 2097 2220 2148 per
2246 2078 2502 2150 Spiritum
2528 2093 2767 2135 sanctum
2792 2101 2884 2152 per
2913 2101 2970 2138 os
3005 2085 3170 2138 Dat-id
3195 2085 3344 2154 pueri

1777 2173 1852 2223 tui
1873 2185 1888 2221 :
1910 2170 2086 2237 Quare
2117 2172 2445 2240 fremuerunt
2466 2184 2638 2244 gentes
2663 2186 2713 2227 et
2735 2176 2913 2244 populi
2947 2176 3189 2228 meditati
3221 2185 3343 2228 sunt

1775 2261 1999 2317 inania?
2027 2261 2120 2317 liis
2147 2263 2291 2317 enim
2328 2264 2613 2332 perspicue
2644 2265 2800 2328 diuit,
2844 2265 3111 2333 psalmum
3145 2278 3343 2318 secun-

1777 2352 1905 2405 dum
1950 2351 2168 2406 Davidis
2198 2368 2338 2407 esse.
2373 2351 2683 2408 Verisimile
2709 2366 2888 2409 autem
2924 2365 3024 2420 est,
3066 2356 3187 2410 ideo
3221 2358 3348 2409 titu-

1779 2445 1910 2505 lum.
1942 2445 2180 2510 Davidis,
2228 2446 2490 2500 omissum
2525 2447 2693 2502 fuisse
2740 2450 2790 2501 in
2837 2465 2903 2502 eo
2948 2450 3178 2518 psalmo,
3218 2451 3348 2518 quia

1780 2537 1980 2589 nudam
2008 2547 2060 2589 et
2092 2549 2330 2606 apertam
2364 2536 2742 2606 complectitur
2776 2539 3114 2608 prophetiam
3153 2539 3218 2594 de
3244 2539 3350 2594 Do-

1781 2629 1948 2692 mino,
1999 2644 2105 2696 qua
2147 2629 2367 2692 dicitur,
2399 2629 2656 2682 Adversus
2697 2630 2978 2682 Dominum
3023 2642 3068 2683 et
3104 2630 3351 2685 adversus

1781 2718 2048 2772 Christum
2083 2719 2217 2786 ejus.
2255 2718 2466 2784 Quibus
2501 2730 2898 2788 consequenter
2931 2721 3202 2791 adjicitex
3237 2724 3350 2792 ipsa

1781 2813 1979 2868 Christi
2014 2829 2242 2883 persona
2271 2833 2281 2867 :
2307 2814 2556 2866 Dominus
2586 2814 2723 2866 dixit
2755 2815 2823 2867 ad
2851 2832 2927 2869 me
2959 2831 2976 2868 :
3007 2814 3183 2869 Filius
3207 2833 3352 2869 meus

1782 2923 1833 2959 es
1863 2917 1919 2958 tu
1952 2907 2020 2959 ".
2046 2903 2248 2960 Omnes
2273 2907 2452 2976 itaque
2484 2907 2701 2977 psalmi,
2723 2917 2938 2960 centum
2962 2908 3353 2979 quinquaginta

1783 2995 2051 3051 feruntur.
2107 2995 2334 3061 Quidam
2390 3013 2553 3066 porro
2600 2999 2934 3053 arbitrantur
2977 3016 3168 3054 omnes
3211 3001 3354 3055 beati

130 3097 182 3146 Οἱ
203 3095 292 3165 μὲν
321 3094 426 3165 γὰρ
460 3094 656 3156 πάντες
680 3091 1036 3162 άναςρὲρονται
1061 3089 1152 3142 τοῦ
1176 3087 1338 3141 Δαυῒδ
1363 3104 1374 3115 ’
1407 3088 1461 3139 ἐν
1483 3085 1537 3138 δὲ
1562 3088 1680 3147 ταῖς

1791 3085 2006 3142 Davidis
2039 3102 2160 3142 esse
2189 3103 2202 3140 :
2249 3103 2422 3158 neque
2459 3097 2637 3142 tamen
2685 3089 2735 3144 id
2771 3090 2950 3159 aliqua
2993 3100 3119 3145 nota
3150 3091 3359 3160 signiti-

133 3189 444 3256 ἐπιγραφαῖς
501 3185 776 3238 δείκνυται
808 3183 889 3245 τίς
936 3181 1077 3243 τίνος
1123 3180 1334 3249 ψαλμὸς
1376 3177 1682 3246 γεγένηται.

130 3277 382 3350 Τέσσαρες
420 3279 529 3349 γὰρ
560 3279 814 3346 ἄρχοντες
837 3273 988 3343 ᾠδῶν
1018 3272 1359 3341 ὲξελὲγησαν,
1395 3276 1530 3339 σπη’
1560 3268 1685 3320 ἀκό-

129 3370 304 3428 λουθοι.
355 3371 480 3423 Τῶν
529 3364 619 3422 οὖν
673 3366 950 3436 τεσσάρων
1001 3363 1299 3434 ἀρχόντων
1329 3360 1685 3432 παράκεινται

127 3460 343 3533 ψαλμοὶ,
375 3463 452 3526 ὡς
490 3462 582 3515 mi.
613 3462 669 3514 αἱ
705 3457 1007 3530 ἐπιγραφαὶ
1038 3457 1393 3510 διδάσκουσιν.
1459 3453 1688 3507 Ὀπόταν

129 3553 222 3626 γὰρ
241 3555 367 3625 λέγῃ
389 3574 401 3586 ·
439 3553 684 3622 Ψίιλμές
711 3552 833 3616 τοῖς
853 3550 1005 3614 υἱοῖς
1033 3548 1203 3617 Κορὲ,
1233 3548 1434 3610 Αὶθὰν,
1475 3544 1684 3614 Ἀσὰρ,

131 3645 212 3697 καὶ
254 3644 479 3714 Λιμὰνο
513 3644 668 3695 αὐτοὶ
699 3642 991 3710 ψάλλουσιν
1031 3641 1078 3692 οἱ
1119 3640 1224 3692 υἱοὶ
1269 3641 1446 3708 Κορὲ,
1496 3637 1685 3701 Αἰοάν,

139 3733 312 3803 Ἀσάφ,
343 3734 442 3786 καὶ
470 3731 668 3802 Αίμάν.
693 3731 861 3783 Ὅταν
885 3728 1034 3802 εἴπῃ.
1064 3727 1306 3796 Ψανῖμὸς
1334 3727 1438 3781 τοῦ
1477 3728 1687 3794 Ἀσάφ,

129 3826 270 3890 αὑτὸς
294 3822 452 3880 εἶπεν
487 3827 515 3878 ὁ
560 3824 761 3892 Ἀσάφο
790 3823 916 3876 ὅταν
949 3822 1075 3892 εἴπῃ
1101 3860 1115 3885 ,
1146 3817 1390 3888 Ψαλμὸς
1411 3817 1515 3871 τοῦ
1554 3816 1688 3871 Ἰδι-

130 3918 292 3987 θοὺμ,
348 3920 518 3980 αὐτὸς
570 3916 759 3985 ψάλλει
808 3913 1077 3984 Ἶδιθούμ·
1133 3911 1332 3967 ὁπόταν
1383 3908 1534 3982 εἴπῃ,
1584 3905 1690 3961 τοῦ

129 4009 288 4064 Δαυῒδ
306 4049 320 4075 ,
355 4010 524 4073 αὐτὸς
555 4008 730 4075 λέγων
763 4002 830 4078 ἦν
880 4005 1042 4058 Δαυῖδ
1062 4020 1075 4033 ·
1125 4003 1262 4057 ἐπάν
1303 4002 1357 4054 δὲ
1393 4002 1556 4074 λέγῃ,
1613 3998 1692 4066 τῷ

130 4101 317 4164 devio,
356 4103 450 4172 ὑφ’
493 4100 697 4171 ἐτέρων
724 4097 940 4166 λέγεται
974 4097 1052 4159 εἰς
1080 4096 1169 4148 τὸν
1209 4093 1391 4147 Δαυῖδ.
1445 4093 1565 4145 Εἰσὶ
1597 4094 1694 4163 μὲν

131 4196 170 4246 οἱ
197 4196 391 4258 πάντες
420 4199 501 4265 ρν¹
526 4232 540 4255 ,
575 4186 651 4244 ὧν
676 4189 760 4260 οβ’
787 4191 890 4243 εἰσὶ
915 4188 1008 4242 τοῦ
1039 4186 1217 4250 Δαυῒδ,
1248 4185 1291 4238 θ’
1318 4186 1373 4238 δὲ
1399 4185 1476 4256 τῷ
1509 4185 1691 4249 Δαυῒδ,

134 4287 198 4356 ιβ’
220 4288 310 4340 τοῦ
346 4288 528 4356 Ἀσάφ
558 4326 572 4349 ,
605 4285 683 4355 ιβ’
710 4286 822 4346 τοῖς
853 4285 988 4345 υἱοῖς
1012 4280 1176 4352 Κορὲ,
1209 4273 1288 4342 εἷς
1312 4279 1404 4332 τοῦ
1442 4276 1691 4348 Ἰδιθοὺμ,

133 4375 198 4442 εἷς
226 4379 314 4433 τοῦ
343 4378 558 4450 Αἰθὰμ,
590 4371 669 4440 εἷς
701 4374 794 4429 τοῦ
822 4373 1018 4444 Αἱμάν,
1058 4368 1135 4436 εἷς
1172 4371 1264 4424 τοῦ
1289 4370 1568 4442 Σαλομὼν,
1601 4369 1694 4422 δύο

1792 3189 1971 3235 catur.
2003 3178 2067 3234 Et
2098 3195 2286 3233 rerum
2317 3180 2534 3249 quidem
2564 3190 2643 3235 est
2680 3182 2963 3236 universos
2985 3180 3169 3236 Davidi
3189 3181 3358 3236 ascri-

1788 3272 1868 3336 bi;
1899 3280 1954 3324 at
1978 3272 2031 3324 in
2067 3271 2238 3326 titulis
2267 3272 2536 3326 indicatur
2564 3287 2672 3342 quo
2696 3284 2915 3327 auctore
2950 3274 3182 3343 quisque
3211 3275 3358 3344 psal-

1788 3378 1909 3417 mus
1937 3363 2114 3418 editus
2144 3365 2232 3419 sit.
2259 3362 2393 3417 Nam
2426 3375 2662 3433 quatuor
2693 3364 3030 3419 canticorum
3059 3367 3356 3436 principes,

1789 3455 2020 3511 ministri
2062 3470 2190 3511 vero
2222 3455 2440 3511 ducenti
2489 3456 2760 3526 octoginta
2794 3467 2938 3522 octo,
2969 3458 3126 3511 electi
3185 3458 3354 3512 fuere.

1792 3548 1996 3602 Horum
2035 3558 2270 3618 quatuor
2314 3547 2623 3618 principum‘
2644 3549 2838 3619 psalmi
2875 3551 3081 3619 aliquot
3118 3551 3359 3606 circum-

1793 3640 2061 3704 feruntur,
2101 3650 2158 3696 ut
2201 3640 2282 3695 vel
2321 3641 2453 3710 ipsis
2480 3643 2706 3695 docetur
2743 3642 2932 3696 titulis.
2962 3642 3191 3707 Quando
3216 3644 3359 3696 enim

1791 3728 2220 3784 dicittPsalmus
2259 3731 2387 3798 ﬁliis
2407 3731 2558 3795 Core,
2591 3730 2817 3796 Ait/mn,
2852 3732 3027 3801 Asaplt
3051 3741 3099 3784 et
3138 3729 3360 3794 JEman,

1791 3820 1860 3874 ab
1891 3821 2022 3890 ipsis
2042 3819 2267 3886 Etlian,
2294 3822 2500 3891 Asaph,
2521 3820 2741 3884 jEman,
2763 3822 2889 3877 liliis
2916 3822 3056 3877 Core
3091 3823 3360 3893 psallitur.

1792 3912 1927 3965 Cum
1960 3913 2109 3977 dicit,
2149 3913 2398 3966 Psalmus
2445 3913 2662 3983 Asaplt;
2714 3913 2828 3984 ipse
2869 3916 3049 3985 Asapb
3087 3916 3363 3984 recitavit;

1794 4019 1918 4059 cum
1949 4005 2098 4069 dicit,
2135 4004 2384 4059 Psalmus
2419 4003 2679 4071 ldithum,
2726 4007 2839 4075 ipsc
2875 4007 3108 4061 lditbum
3143 4008 3360 4077 psallit:

1794 4096 1886 4152 ubi
1918 4097 2072 4163 dicit,
2105 4097 2348 4162 Davidis,
2383 4097 2498 4166 ipse
2531 4096 2697 4151 David
2732 4109 2814 4152 est
2838 4099 2930 4168 qui
2973 4099 3362 4167 prommtiavit.

1794 4189 1929 4243 Cum
1954 4199 2132 4245 autem
2153 4190 2303 4256 dicit,
2339 4189 2551 4256 Davidi,
2583 4189 2650 4244 ab
2682 4190 2802 4244 aliis
2835 4190 3093 4244 recitatur
3126 4191 3370 4260 psalmus

1796 4283 1850 4337 in
1880 4281 2154 4337 Davidem.
2189 4281 2328 4337 Sunt
2371 4282 2588 4353 quidem
2621 4298 2810 4338 omnes
2833 4291 3052 4338 centum
3091 4283 3366 4353 quinqua-

1798 4375 1967 4444 ginta,
1994 4389 2226 4444 quorum
2264 4376 2604 4447 septuaginta
2622 4373 2729 4430 duo
2753 4374 2974 4429 Davidis
2997 4385 3142 4436 sunt,
3173 4389 3371 4428 novem

140 4470 374 4540 Ἀγγαίου
403 4471 502 4525 καὶ
529 4468 822 4540 Ζαχαρίου,
844 4465 1202 4538 ἀνεπίγραφοι
1226 4463 1287 4517 λθ
1304 4470 1316 4491 ’
1344 4463 1438 4517 καὶ
1464 4458 1545 4528 εἷς
1574 4465 1683 4517 Mur

1801 4467 2009 4535 Davidi,
2036 4466 2319 4522 duodecim
2347 4469 2570 4538 Asapbi,
2589 4468 2868 4522 duodecim
2899 4467 3021 4520 (iliis
3039 4465 3196 4531 Core,
3226 4480 3370 4519 unus

132 4564 250 4628 σέως
269 4581 284 4596 ο
319 4565 530 4626 πάντες
559 4568 663 4634 ρν’.

133 4657 310 4717 monis,
341 4656 456 4710 duo
496 4651 680 4722 Λεξεεί
719 4661 772 4704 et
811 4648 1120 4715 Zachariae;
1147 4648 1264 4701 sine
1331 4647 1489 4702 titulo
1541 4650 1757 4720 triginta
1794 4671 2010 4721 novem,
2041 4670 2290 4724 unusque
2332 4653 2496 4708 Mosis

133 4757 280 4815 ginta.

186 4845 270 4895 Δεῖ
301 4842 488 4896 τοίνυν
517 4840 792 4910 θεωρῆσαι
824 4838 884 4890 τδ
913 4837 1205 4909 μυστήριον
1237 4835 1343 4890 τίνι
1377 4835 1547 4908 λόγῳ,
1579 4839 1693 4892 δια-

134 4933 292 5004 φόρων
332 4934 491 5007 ᾠδῶν
541 4931 916 5002 ὑπαρχόντων,
947 4930 1039 4983 καὶ
1076 4931 1148 5000 μὴ
1177 4930 1396 4982 πάντων
1429 4930 1534 4983 τῶν
1563 4931 1694 5001 ψαλο

137 5027 234 5094 μῶν
255 5029 423 5081 ὄντων
448 5023 641 5088 Δαυῖδ,
673 5023 995 5093 ἀναφέρεται
1023 5023 1101 5085 εἰς
1124 5021 1214 5073 τὸν
1239 5021 1400 5074 Δαυῖδ
1420 5037 1432 5049 ⁸
1459 5022 1551 5075 καὶ
1581 5021 1698 5076 τοῦ-

135 5133 185 5170 τ)
210 5121 264 5172 οὺ
289 5115 826 5192 upupam-3950a.
850 5113 1047 5167 Τούτου
1072 5112 1179 5184 γάρ
1203 5113 1360 5184 χάριν
1382 5113 1666 5185 ἐπεγράφη
1683 5154 1696 5176 ,

137 5211 240 5263 ἐπεὶ
263 5213 423 5275 αὐτὸς
454 5211 634 5272 αἴτιος
685 5207 971 5276 γεγένηται
993 5205 1086 5258 τοῦ
1120 5201 1255 5259 εἶναι
1286 5205 1452 5258 ταῦτα
1472 5221 1486 5234 ·
1543 5207 1702 5268 αὐτὸς

137 5301 230 5373 γὰρ
253 5303 460 5369 ἐξέλεξε
487 5303 618 5364 τοὺς
634 5300 822 5371 ᾠδούς.
847 5299 1015 5361 Αὐτὸς
1036 5299 1210 5351 τοίνυν
1228 5299 1394 5360 αἴτιος
1418 5299 1702 5367 γενόμενος

139 5393 318 5465 ἠξιώθη
348 5395 452 5465 τῆς
489 5393 662 5463 τιμῆς
682 5389 881 5461 ταύτης
907 5430 922 5453 ,
959 5390 1044 5442 ἵνα
1077 5389 1273 5450 πάντες
1322 5389 1421 5442 ὅσα
1451 5385 1605 5444 εἶπαν
1653 5391 1702 5442 οἱ

142 5483 246 5554 ᾠδοί
274 5491 348 5551 εἰς
382 5490 474 5542 τον
496 5485 665 5540 Δαυῒδ
692 5482 1073 5556 καταλογισθῇ.

206 5712 240 5747 ¹¹
280 5715 393 5770 Act.
429 5733 504 5777 ιγ,
537 5713 634 5780 id,
658 5713 763 5778 25;
794 5711 934 5767 Psai.
957 5728 1014 5780 ιι,
1045 5710 1090 5765 l.
1169 5711 1214 5744 "
1251 5707 1391 5766 Psal.
1433 5725 1493 5778 ιι,
1537 5710 1592 5780 2,
1619 5708 1670 5766 7.

1799 4560 2055 4628 ldithum,
2104 4577 2244 4616 unus
2283 4560 2528 4623 Etliam,
2575 4575 2717 4614 unus
2760 4558 2983 4624 Eman,
3035 4574 3172 4612 unus
3215 4555 3369 4610 Salo-

2542 4671 2556 4708 :
2609 4669 2798 4708 omnes
2841 4662 3056 4706 centum
3100 4651 3369 4722 quinqua-

1877 4840 2424 4897 Auimadvcrtendnm
2450 4840 2632 4909 itaque
2650 4833 2989 4907 mysterium,
3013 4847 3134 4902 quae
3162 4825 3368 4886 scilice‘

1804 4951 1970 4990 causa
2014 4936 2084 4990 sit
2129 4951 2246 4998 cur,
2281 4949 2404 4988 cum
2453 4930 2654 4985 diversi
2710 4930 2820 4984 sint
2864 4934 3135 4989 (autores,
3191 4938 3367 4993 neque

1805 5044 1995 5084 omnes
2033 5028 2224 5099 psalmi
2268 5026 2486 5081 Davidis
2532 5025 2664 5088 sint,
2697 5021 3016 5093 psalterium
3070 5028 3250 5072 tamen
3297 5017 3364 5070 ad

1808 5119 2060 5173 Davidem
2106 5117 2418 5172 referatur:
2471 5119 2583 5169 luec
2617 5128 2683 5167 ne
2734 5109 2950 5165 silentio
2991 5106 3367 5178 praetermitta-

1809 5231 1950 5270 mus.
1984 5215 2111 5268 ideo
2145 5213 2224 5268 sic
2265 5210 2583 5280 inscriptum
2624 5207 2745 5271 fuit,
2799 5205 2924 5276 quia
2961 5205 3076 5275 ipse
3104 5200 3270 5255 David
3311 5201 3364 5261 in

1809 5326 1969 5366 causa
2001 5308 2100 5364 fuit
2152 5324 2252 5362 cur
2288 5307 2435 5360 istac
2480 5303 2766 5357 ederentur
2798 5319 2810 5354 :
2848 5299 2960 5368 ipse
2982 5309 3214 5365 namque
3237 5309 3368 5348 can-

1808 5413 1952 5459 tores
1980 5402 2158 5472 eicgit.
2198 5399 2250 5453 is
2279 5399 2440 5468 igitur
2468 5394 2562 5464 qui
2607 5408 2767 5448 causa
2801 5389 2924 5455 fuit,
2971 5397 3124 5443 tanto
3160 5385 3367 5441 honora

1805 5501 2054 5568 dignatus
2075 5501 2179 5559 est,
2212 5498 2268 5545 ut
2296 5503 2632 5560 quaecunque
2661 5497 2907 5542 cantores
2928 5480 3178 5549 dixerint,
3201 5479 3358 5548 quasi

1807 5590 2021 5648 Davidis
2053 5592 2367 5659 repntentur
2400 5597 2538 5637 esse.
