4102 6304
636 267 704 326 59
1476 275 1531 331 S.
1574 276 1944 335 ATHANASII
1985 279 2135 335 OPP.
2181 280 2362 336 PARS
2401 279 2488 336 Ill.
2528 308 2599 323 -—
2634 278 3044 336 EXEGETICA.
3794 278 3864 331 60

701 390 837 444 Cum
902 390 1163 461 propheta
1212 404 1354 450 esset
1416 394 1607 462 David,
1648 409 1809 469 atque
1852 401 2199 457 interioribus
2228 414 2274 465 Α

636 481 836 549 apertis
877 481 1071 547 oculis,
1106 481 1271 550 probe
1295 494 1481 539 nosset
1510 486 1776 557 malignos
1814 490 2035 557 spiritus
2067 506 2198 559 gau-

635 572 762 625 dere
791 572 855 625 de
891 572 1046 641 lapsu
1094 573 1402 639 hominum,
1463 584 1518 631 et
1558 586 1749 631 contra
1808 577 1993 632 dolere
2044 580 2197 648 quasi

634 664 809 718 victos
849 664 915 719 de
945 665 1256 721 eorumdem
1308 668 1679 738 resipiscentia
1713 681 1766 725 et
1798 671 2197 738 emendatione,

636 758 962 829 intelligihili
1010 776 1073 815 ac
1108 762 1381 831 spirituali
1418 764 1579 819 modo
1612 766 1888 819 orationes
1913 766 2198 819 adversum

635 852 759 907 illos
802 854 1110 919 emittebat;
1152 870 1220 909 ex
1264 856 1333 911 iis
1364 856 1607 912 hostibus
1647 858 1740 927 qui
1787 857 1889 911 sub
1921 867 2199 927 aspectum

636 944 838 999 cadunt
860 954 1139 1015 assumpta
1176 947 1511 1016 metaphora.
1546 945 1663 1001 Nisi
1694 948 1836 1001 enim
1870 948 1969 1001 hac
1993 950 2202 1001 ratione

636 1036 1019 1107 prophetarum
1078 1053 1304 1106 scopum
1356 1041 1817 1110 interpretemur,
1870 1056 1976 1095 non
2040 1041 2201 1094 modo

639 1123 836 1175 nullam
870 1126 1063 1179 animae
1092 1127 1399 1195 utilitatem,
1428 1143 1494 1182 ex
1529 1143 1715 1182 eorum
1747 1130 1927 1193 dictis,
1952 1130 2018 1183 ad
2048 1145 2201 1183 man-

639 1216 979 1271 suetudinem
1042 1217 1485 1287 adipiscendam,
1535 1222 1948 1290 percipiemus;
2015 1238 2198 1275 verum

638 1308 801 1361 etiam
848 1309 901 1363 in
935 1323 1181 1377 asperam
1206 1311 1495 1379 quamdam
1532 1320 1693 1380 atque
1732 1311 2056 1380 evangelica:
2100 1311 2199 1365 do-

639 1401 828 1456 ctrina:
869 1404 1151 1457 adversam
1195 1404 1362 1457 animi
1407 1405 1662 1458 duritiem
1708 1420 1773 1459 ex
1827 1404 2200 1474 frequentibus

639 1494 901 1549 adversus
918 1496 1167 1550 inimicos
1194 1497 1446 1563 precibus
1462 1498 1797 1564 delahemur,
1822 1505 2030 1550 tantum
2047 1496 2202 1553 abest

638 1596 700 1639 ut
736 1586 1029 1654 diligamus
1075 1588 1215 1642 illos.
1248 1586 1383 1642 Nam
1434 1590 1740 1643 sexcenties
1783 1588 1859 1641 ait
1902 1588 2067 1641 David
2103 1588 2149 1619 ⁸³
2181 1604 2194 1641 :

640 1674 749 1728 Con
756 1676 1049 1743 fundantur
1067 1687 1114 1731 et
1129 1678 1325 1746 pudore
1343 1679 1639 1747 afﬁciantur
1658 1693 1832 1730 omnes
1853 1678 2052 1730 inimici
2078 1678 2197 1742 mei,

2374 403 2493 455 Ὀτι
2523 403 2804 473 προφήτης
2828 401 3084 471 ὑπάρχων
3108 398 3136 450 6
3156 398 3338 460 Δαυτό,
3370 399 3462 452 καὶ
3491 397 3866 468 ὴνεφγμίνους

2304 493 2440 563 ἔχων
2466 496 2589 557 τοὺς
2618 494 2761 546 ἔνδον
2788 494 3097 564 ὀφθαλμοὺς
3119 533 3133 555 ,
3166 493 3258 546 καὶ
3292 490 3443 555 εἰδὼς
3467 532 3482 555 ,
3512 490 3592 543 ὃτι
3620 490 3867 560 χαίρουσι

2302 586 2368 654 τῇ
2398 582 2596 636 πτώσει
2633 584 2742 637 τῶν
2772 584 3071 655 ἀνθρώπων
3100 582 3169 635 τὰ
3200 583 3411 651 πονηρὰ
3441 581 3745 647 πνεύματα,
3774 578 3868 631 καὶ

2305 674 2466 727 πάλιν
2493 672 2903 728 ἀντιλυποῦνται
2931 672 3215 745 ἡττώμενα
3241 672 3332 724 ἐπὶ
3364 675 3429 742 τῇ
3456 669 3733 742 διορθώσει
3760 668 3869 721 τῶν

2304 764 2623 837 ἀνθρώπων,
2642 767 2858 831 πάντως
2881 768 2961 819 ὅτι
2994 764 3196 835 νοητῶς
3222 763 3320 827 τάς
3344 767 3461 818 κατ’
3490 762 3663 818 αὐτῶν
3697 778 3867 833 προσ-

2305 858 2467 929 ευχὰς
2504 862 2754 925 ἐποιεῖτο,
2786 861 2849 911 ὲκ
2877 858 2986 910 τῶν
3017 855 3284 925 αἰσθητῶν
3337 854 3541 925 ἐχθρῶν
3572 852 3707 925 πρὸς
3731 851 3871 904 αὐτὰ

2308 945 2789 1019 μεταϐαλλόμενος.
2836 947 2898 998 Εἰ
2930 947 3036 1018 γὰρ
3066 946 3139 1017 μὴ
3170 944 3308 997 κατά
3345 943 3527 996 τοῦτον
3550 942 3640 995 τὸν
3666 942 3870 1013 τρόπον

2304 1038 2622 1109 έκλάϐωμεν
2645 1040 2734 1093 τὸν
2758 1040 2955 1092 σκοπὸν
2978 1038 3084 1091 τῶν
3113 1038 3423 1110 προφητῶν,
3446 1037 3507 1091 οὐ
3536 1036 3693 1107 μόνον
3722 1035 3872 1089 οὐδε-

2309 1131 2435 1201 μίαν
2464 1131 2748 1201 οἰκοδομὴν
2789 1133 2851 1183 ἐκ
2881 1130 2988 1183 τῶν
3029 1131 3159 1199 παρ’
3192 1130 3373 1193 αὐτοῖς
3400 1128 3699 1200 εἰρημένων
3731 1124 3870 1196 πρὸς

2304 1222 2497 1292 κτῆσιν
2550 1224 2853 1293 πραότητος
2908 1221 3133 1292 ἕξομεν,
3206 1220 3339 1273 ἀλλὰ
3366 1221 3458 1273 καὶ
3505 1218 3741 1290 σκληρὰν
3790 1233 3873 1269 τι-

2304 1328 2371 1365 να
2389 1313 2483 1366 καὶ
2504 1313 2749 1367 ἐναντίαν
2773 1314 2871 1382 τῆς
2893 1313 3251 1382 εὐαγγελικῆς
3273 1311 3611 1374 διδασκαλίας
3634 1309 3872 1364 διάθεσιν

2304 1404 2685 1475 ἀναληψόμεθα
2706 1408 2769 1458 ὲκ
2790 1405 2882 1458 τοῦ
2906 1405 3262 1475 κατεύχεσθαι
3282 1404 3487 1474 συχνῶς
3507 1402 3611 1457 τῶν
3638 1400 3869 1473 ἐχθρῶν,

2305 1496 2397 1548 καὶ
2446 1495 2520 1566 μὴ
2568 1497 2818 1567 ἀγαπᾷνσ
2868 1498 3214 1569 μυριοντάκις
3246 1496 3491 1563 λέγοντος
3543 1491 3635 1545 τοῦ
3688 1490 3873 1551 Δαυῒδ.

2302 1588 2787 1656 Αἰσχυνθείησαν
2802 1589 2899 1641 καί
2919 1589 3355 1656 ἐντραπείησαν
3369 1584 3586 1649 πάντες
3601 1587 3654 1637 οἰ
3671 1582 3875 1650 ἐχθροί

2298 1695 2446 1746 μου,
2507 1678 2605 1731 καί
2634 1678 2719 1747 μὴ
2765 1679 3157 1745 αἰσχυνθείην
3190 1677 3322 1747 ἐγώ.
3360 1676 3542 1730 Ταῦτα
3564 1674 3621 1728 δὲ
3660 1673 3759 1725 οὐκ
3806 1670 3876 1724 ἂν

638 1776 688 1820 et
723 1782 825 1819 non
864 1767 1159 1835 confundor
1198 1785 1310 1838 rgo.
1358 1767 1569 1822 Similia
1609 1768 1752 1823 enim
1812 1782 1879 1821 ne
1922 1769 2204 1824 credamus

2306 1768 2653 1839 πεισθείημεν
2682 1768 2853 1831 οὕτως
2885 1767 3163 1839 εἰρηκέναι
3210 1769 3405 1838 ἄνδρας
3444 1764 3723 1837 προφήτας
3774 1762 3877 1814 καὶ

639 1858 841 1913 dixisse
886 1859 1032 1913 viros
1076 1860 1362 1927 prophetas
1406 1869 1460 1914 et
1506 1860 1710 1915 amicos
1744 1858 1836 1914 Dei
1889 1860 1997 1914 alio
2038 1876 2201 1929 quam

640 1951 889 2021 superius
918 1967 945 2003 a
975 1954 1131 2008 nobis
1154 1953 1421 2022 explicato
1447 1970 1615 2009 more.
1649 1954 1824 2021 Atque
1849 1955 1919 2008 ita
1945 1954 2207 2023 intelligat

641 2049 856 2109 oportet
902 2042 983 2095 vir
1039 2043 1271 2112 quisque
1311 2044 1535 2098 sedulus
1574 2058 1639 2098 ac
1679 2042 1980 2107 studiosus,
2030 2045 2204 2100 sicubi

642 2136 1024 2203 imprecantem
1063 2136 1381 2204 prophetam
1424 2136 1686 2199 inveniat,
1724 2136 1792 2189 ab
1827 2136 2075 2189 hostibus
2111 2135 2203 2204 qui

642 2226 743 2281 sub
774 2242 993 2281 sensum
1036 2227 1237 2281 cadunt
1263 2226 1331 2280 ad
1378 2225 1743 2296 intelligibiles
1775 2225 2027 2280 inimicos
2062 2224 2201 2281 facta

2309 1861 2492 1930 φίλους
2512 1861 2667 1924 Θεοῦ,
2696 1864 2743 1915 εἰ
2770 1860 2842 1932 μὴ
2861 1860 2939 1931 τῷ
2964 1861 3343 1932 προειρημένῳ
3360 1860 3563 1930 τρόπῳ.
3589 1855 3743 1912 οὕτω
3762 1856 3881 1925 γὰρ

2308 1952 2413 2022 χρὴ
2439 1954 2577 2004 νοεῖν
2604 1951 2695 2003 τὸν
2730 1951 3012 2021 φιλόπονον
3032 1991 3047 2015 ,
3096 1951 3221 2004 ἔνθα
3246 1951 3313 2004 ἂν
3345 1947 3696 2020 ἐπαρώμενον
3722 1946 3878 2017 εῦροι

2309 2044 2592 2113 προφήτην
2612 2081 2627 2106 ,
2655 2043 2746 2095 ἐπὶ
2769 2044 2894 2107 τοὺς
2918 2044 3138 2114 νοητοὺς
3166 2042 3390 2113 ἐχθροὺς
3413 2041 3518 2095 ἀπὸ
3544 2039 3651 2093 τῶν
3678 2036 3878 2107 αἰσθη-

2308 2133 2416 2185 τῶν
2447 2133 2863 2205 μεταϐάλλοντα.
2916 2134 3113 2188 Λοιπὸν
3140 2134 3203 2203 δὴ
3235 2130 3729 2203 κατασχολάζεσθαι
3776 2129 3876 2184 τὸν

2308 2226 2552 2299 ἀσκητὴν
2582 2228 2780 2290 παντὸς
2806 2228 3044 2299 ῥήματος
3069 2226 3168 2297 τὴν
3192 2226 3536 2295 κατανόησιν.

641 2317 1015 2373 translatione.
1060 2316 1293 2373 Demum
1327 2332 1523 2373 vacare
1553 2325 1772 2389 oportet
1818 2325 2058 2372 ascetam
2108 2315 2442 2387 singulorum
2477 2318 2766 2374 verborum
2804 2316 3187 2389 intelligentia.

712 2485 760 2517 ³³
798 2485 940 2541 Psal.
995 2502 1182 2553 xuiv,
1214 2488 1270 2542 4.

1327 2851 2005 3011 SANCTI
2154 2844 3183 3008 ATHANASII

1741 3161 2267 3219 ARCHIEPISCOPI
2303 3160 2772 3218 ALEXANDle

1083 3362 2228 3496 EXPOSITIONES
2376 3362 2536 3487 IN
2665 3260 3424 3491 PSA‘LMOS.

1191 3752 1608 3811 PSALMUS
1661 3752 1713 3809 Ι.

1251 3846 1650 3915 Argumentum.

647 3939 864 3995 Initium
906 3937 1198 4007 prophetiae
1230 3936 1449 3991 Christo
1490 3939 1559 3991 ab
1602 3937 1721 4006 ipso
1754 3935 2049 3991 secundum
2090 3949 2210 3990 ear-

712 4048 832 4088 nem
858 4033 1133 4086 nascitnro
1163 4028 1317 4085 otl‘ert
1346 4029 1532 4085 David.
1556 4029 1919 4096 Quamobrem
1945 4027 1996 4081 in
2022 4026 2212 4097 primis

714 4126 900 4180 beatos
926 4125 1053 4179 dicit
1083 4124 1173 4194 qui
1198 4130 1418 4193 sperant
1447 4123 1501 4177 in
1529 4138 1615 4178 eo.

717 4215 939 4290 [Beatos
957 4226 1134 4270 autem
1160 4224 1322 4270 vocat
1343 4230 1438 4268 eos
1464 4215 1556 4283 qui
1589 4228 1698 4267 non
1725 4214 1928 4268 abeunt
1954 4214 2008 4266 in
2030 4211 2211 4267 consi-

644 4310 777 4364 lium
812 4310 1122 4377 impiorum.
1158 4322 1333 4377 neque
1362 4315 1508 4361 stant
1538 4306 1589 4361 in
1622 4307 1707 4360 via
1739 4315 2086 4376 peccatorum
2111 4320 2207 4359 ne-

646 4415 752 4469 que
781 4400 969 4454 sedent
1010 4400 1061 4453 in
1103 4399 1360 4452 cathedra
1408 4396 1792 4462 pestilentium.
1818 4394 1951 4450 Nam
1982 4406 2089 4451 tres
2119 4410 2209 4450 or-

645 4488 802 4543 dines
835 4489 973 4558 apud
1006 4486 1218 4542 Iudaeos
1250 4495 1405 4539 erant
1429 4495 1618 4540 contra
1663 4484 1998 4540 Salvatorem
2028 4487 2208 4540 insur-

648 4592 855 4649 gentes,
896 4581 1085 4638 scriba:
1125 4580 1351 4645 scilicet,
1395 4578 1653 4632 Pharismi
1697 4588 1749 4632 et
1772 4578 2085 4647 legisperiti,
2114 4578 2207 4647 qui

643 4671 765 4741 jure
806 4678 964 4739 atque
1001 4672 1194 4725 merito
1244 4671 1416 4739 impii,
1451 4679 1763 4740 peccatores
1807 4678 1861 4724 et
1897 4669 2206 4736 pestilentes

648 4771 1045 4831 nuncupentur.
1080 4762 1176 4817 Via
1208 4762 1403 4816 dicitur
1444 4765 1557 4818 haec
1585 4763 1717 4826 vita,
1746 4763 1873 4833 quia
1912 4762 1947 4815 ii
1977 4763 2069 4831 qui
2109 4777 2207 4816 na-

647 4863 893 4919 scuntur,
923 4855 988 4909 ad
1021 4853 1178 4907 linem
1203 4851 1475 4924 pergunt.]

730 4946 781 4999 1.
818 4944 1013 4999 Beatus
1051 4946 1130 4998 vir
1154 4945 1242 5015 qui
1275 4962 1375 4998 non
1406 4946 1533 4998 abiit
1563 4944 1617 4999 in
1652 4945 1869 4998 consilio
1902 4946 2202 5014 impiorum.

645 5035 833 5090 Potest
852 5034 1139 5089 consilium
1169 5034 1457 5103 impiorum
1491 5042 1666 5089 enatus
1688 5034 1791 5087 diei
1817 5050 1881 5089 ac
1909 5046 2205 5089 conventus

2819 3750 3217 3802 ΨΑΛΜΟΣ
3267 3751 3349 3800 A'.

2937 3839 3257 3900 Ὑπόθεσις.

2312 3935 2421 4005 Τὴν
2446 3933 2616 4004 ἀρχὴν
2644 3932 2739 4003 τῆς
2766 3928 3097 4001 προφητείας
3120 3928 3198 4000 τῷ
3225 3927 3283 3992 ἐξ
3310 3925 3471 3980 αὐτοῦ
3499 3927 3889 4001 τεχθησομένφ

2381 4022 2598 4095 Χριστῷ
2632 4020 2943 4090 ἀνατίθησιν
2962 4020 2991 4072 ὁ
3015 4019 3193 4072 Δαυῖδ.
3222 4019 3310 4071 Διὸ
3343 4021 3398 4071 ὲν
3428 4016 3663 4089 πρώτοις
3691 4036 3890 4090 μακα-

2383 4115 2520 4187 ρίζει
2545 4113 2667 4176 τοὺς
2697 4114 2774 4175 εἰς
2802 4110 2959 4164 αὐτὸν
2994 4110 3306 4178 ὴλπικότας.

2383 4206 2722 4284 [Μακαρίους
2746 4203 2802 4256 δὲ
2832 4203 2985 4256 καλεῖ
2999 4205 3123 4266 τοὺς
3147 4202 3219 4272 μὴ
3247 4200 3603 4272 πορευθέντας
3622 4202 3677 4254 ὲν
3709 4201 3890 4275 βουλῇ

2309 4296 2538 4360 ἀσεϐῶν,
2579 4296 2714 4365 μήτε
2750 4292 2857 4363 μὴν
2894 4292 3120 4355 στάντας
3146 4293 3202 4344 ὲν
3228 4291 3331 4362 ὀδῷ
3359 4292 3719 4363 ἁμαρτωλῶν,
3737 4295 3892 4363 μήτε

2308 4390 2400 4443 ἐπὶ
2425 4386 2686 4458 καθέδραν
2712 4384 2912 4454 λοιμῶν
2942 4382 3359 4452 καθεστηκότας.
3386 4382 3523 4448 Τρία
3551 4382 3656 4453 γὰρ
3696 4378 3767 4453 ἦν
3812 4384 3895 4438 τὰ

2306 4483 2560 4550 τάγματα
2602 4476 2751 4547 παρὰ
2788 4474 3058 4537 Ἰουδαίοις
3088 4473 3227 4527 κατᾶ
3264 4473 3357 4526 τοῦ
3386 4475 3631 4545 Σωτῆρος
3670 4476 3895 4531 gmw.

2310 4574 2523 4631 στάντα,
2557 4568 2920 4639 γραμματεῖς,
2950 4566 3250 4635 Φαρισαῖοι,
3282 4567 3375 4618 καὶ
3408 4564 3619 4635 νομικοί
3640 4582 3652 4595 ·
3696 4566 3747 4619 οἳ
3780 4569 3896 4622 καὶ

2304 4662 2552 4732 κληθεῖεν
2579 4659 2801 4721 εἰκότως
2833 4657 3046 4721 ἀσεϐεῖς
3079 4657 3172 4709 καὶ
3201 4657 3507 4727 ἁμαρτωλοὶ
3552 4657 3642 4710 καὶ
3670 4658 3891 4729 λοιμοί.

2318 4754 2463 4816 Ὁδὸς
2495 4752 2590 4823 μὲν
2619 4754 2647 4804 ὁ
2673 4750 2785 4821 βίος
2829 4748 3043 4819 εἴρηται
3070 4746 3155 4800 διὰ
3184 4748 3278 4818 τὴν
3306 4747 3440 4818 πρὸς
3475 4748 3533 4800 τὸ
3579 4746 3730 4811 τέλος
3762 4751 3897 4805 τῶν

2305 4844 2656 4913 γεννωμένων
2688 4837 2925 4909 ἔπαξιν.]

2375 4933 2671 5001 Μακάριος
2696 4931 2849 5000 ἀνὴρ
2879 4930 2945 4996 ὃς
2969 4932 3078 4985 οὐκ
3106 4930 3391 4999 ἐπορεύθη
3417 4929 3705 4999 ἐνβουλῇ
3727 4929 3901 4988 ἀσε-

2306 5025 2441 5081 ϐῶν.
2472 5023 2704 5076 Δυνατὸν
2754 5023 2811 5076 δὲ
2854 5022 3043 5093 βουλὴν
3084 5022 3293 5076 ἀσεϐῶν
3327 5025 3496 5075 εἰπεῖν
3524 5022 3621 5091 τὴν
3652 5022 3900 5081 σύνοδον

646 5128 1035 5196 improborum.
1071 5125 1314 5195 Cumque
1364 5125 1586 5179 noxium
1635 5126 1705 5178 sit
1749 5140 1867 5179 sese
1914 5125 2201 5193 impiorum

2309 5119 2401 5172 καὶ
2440 5116 2537 5185 τὴν
2563 5114 2865 5167 συνέλευσιν
2890 5114 2996 5167 τῶν
3020 5113 3288 5185 πονηρῶν.
3315 5115 3423 5167 Καὶ
3456 5114 3575 5166 ἐπεὶ
3607 5112 3900 5187 βλαϐερὸν

648 5221 876 5274 coetibus
916 5220 1239 5282 immiscere,
1270 5220 1486 5273 beatum
1514 5218 1646 5273 dicit
1672 5234 1817 5280 cum,
1852 5217 1941 5287 qui
1979 5233 2044 5271 ne
2076 5227 2199 5271 tan-

2308 5211 2368 5262 τὸ
2400 5212 2508 5271 τοῖς
2534 5208 2859 5278 ἁθροίσμασι
2895 5206 3002 5258 τῶν
3030 5204 3239 5258 ἀσεϐῶν
3281 5204 3660 5276 παραϐάλλειν,
3693 5222 3903 5274 μακα-

648 5310 818 5363 tillum
844 5310 1059 5378 quidem
1085 5310 1150 5363 ad
1180 5310 1394 5363 illorum
1431 5321 1728 5363 conventus
1760 5306 2204 5376 accedit.Hujns-

2312 5302 2445 5373 ρὶζει
2469 5300 2557 5352 τὸν
2590 5299 2721 5369 μηδὲ
2753 5297 2892 5351 κατά
2918 5297 3079 5351 ποσὸν
3107 5298 3186 5359 εἰς
3210 5296 3269 5348 τὸ
3298 5295 3456 5348 αὑτὸν
3488 5293 3668 5356 αὐτοῖς
3708 5296 3895 5365 ἔρχὸ-

647 5400 793 5455 modi
820 5410 934 5455 erat
954 5400 1151 5470 Joseph
1183 5402 1249 5454 ab
1272 5401 1568 5455 Arimathia
1596 5420 1609 5455 :
1642 5402 1735 5470 qui
1769 5416 1963 5469 corpus
1993 5399 2204 5453 Domini

2310 5410 2485 5462 μενον.
2516 5389 2764 5452 Τοιοῦτος
2786 5390 3027 5459 ὑπῆρχεν
3052 5389 3080 5440 ὀ
3108 5386 3304 5457 Ἰωσὴφ
3332 5388 3360 5438 6
3388 5385 3493 5439 ἀπὸ
3520 5383 3891 5454 Ἀριμαθίας,

648 5504 712 5543 ae
742 5488 833 5542 Dei
886 5491 1148 5557 sepelivit.
1202 5488 1275 5543 De
1305 5490 1397 5543 illo
1430 5505 1661 5559 namque
1691 5490 1895 5544 dictum
1925 5489 2026 5542 fuit
2058 5488 2204 5557 quod

2306 5487 2331 5537 6
2361 5486 2421 5537 τὸ
2450 5482 2606 5552 σῶμα
2631 5482 2723 5533 τοῦ
2758 5480 2957 5553 Κυρίου
2985 5480 3077 5532 καὶ
3102 5477 3235 5531 Θεοῦ
3263 5477 3452 5547 θάψας.
3486 5477 3715 5547 Εἴρηται
3756 5478 3897 5549 γὰρ

650 5594 756 5633 non
779 5579 1156 5649 astipularetnr
1178 5580 1405 5635 consilio
1441 5594 1629 5634 eorum
1665 5582 1757 5649 qui
1799 5578 1985 5634 Jesum
2030 5579 2204 5649 prodi-

2307 5576 2431 5647 περί
2461 5572 2645 5638 αὐτοῦ,
2674 5573 2749 5637 ὡς
2800 5572 2898 5625 οὐκ
2942 5567 3010 5643 ἦν
3064 5568 3579 5639 συγκατατιθέμενος
3602 5570 3667 5636 τῇ
3701 5567 3896 5642 βουλῇ

649 5672 795 5727 dere.
835 5670 897 5727 Et
934 5672 987 5726 iu
1008 5673 1255 5727 cathedra
1283 5674 1634 5742 pestilentium
1665 5688 1764 5726 non
1800 5673 1954 5728 udit.
1987 5670 2088 5727 Per
2112 5688 2200 5727 ca-

2306 5668 2410 5721 τῶν
2440 5663 2611 5735 Ἰησοῦ
2644 5663 2927 5740 προδοτῶν.
2950 5662 3056 5718 Καὶ
3077 5662 3175 5715 ἐπὶ
3200 5659 3487 5729 καθέδραν
3510 5656 3733 5731 ..κοιμῶν
3750 5662 3896 5717 οὐκ
