4074 6304
144 382 199 437 Μ
1316 374 1679 433 EXPOSITIO
1717 375 1753 433 ll

1749 374 1785 433 N
1820 374 2153 433 ΡεΑωιωί
2188 376 2229 434 Ι.
3284 366 3358 422 θα

141 498 382 555 ἐκάθισε.
408 496 507 571 Διᾲ
532 498 634 569 τῆς
660 496 923 569 καθέδρας
945 495 1041 568 τὴν
1062 495 1405 552 διδασκαλίαν
1429 498 1595 569 δηλοῖ,
1620 496 1695 561 ὥς
1724 502 1750 558 Α

1747 502 1767 558 λ
1798 516 2064 581 thedrain,
2095 512 2393 569 doctrinam
2428 511 2713 580 significat,
2754 516 2813 563 ut
2838 508 2952 578 ipse
2984 506 3153 561 ait”:
3188 504 3356 574 Super

142 606 321 663 φησιν·
364 588 492 643 Ἐπὶ
522 587 631 657 τῆς
660 587 943 657 καθέδρας
978 587 1252 654 Μωσέως.
1287 588 1535 660 Καθέδρα
1579 590 1688 642 τοί-

1793 598 2095 661 cathedram
2122 606 2311 675 Moysi.
2367 603 2635 660 Cathedra
2667 602 2831 671 igitur
2851 598 3239 670 pestilentium,
3272 605 3357 651 est

141 701 223 738 wv
249 682 447 755 λοιμῶν
476 684 511 753 ἡ
536 681 850 735 διδασκαλία
879 682 987 736 τῶν
1016 682 1283 753 πονηρῶν.

787 683 850 735 ιία
879 682 987 736 τῶν
1016 682 1283 753 πονηρῶν.
1785 699 2028 753 dor-trina
2066 699 2396 766 iniquorum.

212 775 447 844 Ἡμέρας
480 775 579 829 καί
610 777 842 841 νυκτός.
890 776 964 828 Τὸ
1001 774 1245 827 σύντονον
1276 772 1441 843 δηλοῖ.
1472 775 1545 826 Ού
1581 772 1687 844 γὰρ

1854 790 1908 845 2.
1941 790 2040 844 Die
2068 806 2129 843 ac
2154 800 2319 843 nocte.
2346 786 2580 841 Fervens
2600 782 2766 837 animi
2792 781 3033 838 studium
3062 778 3352 849 signiﬁcat.

139 867 483 939 ἠμελημένως
509 868 590 921 δεῖ
618 867 843 938 μελετᾷν
873 866 965 920 τὸν
990 867 1150 937 νόμον
1175 864 1269 919 τοῦ
1298 866 1523 936 Κυρίου.

1789 880 2066 951 Siquidem
2110 896 2220 935 non
2267 887 2351 935 cst
2386 875 2757 933 meditandum
2808 873 3138 943 negligenter
3182 871 3354 941 legem

1786 970 2022 1025 Domini.

200 1045 386 1119 [Ἀλλ’
433 1048 473 1114 ἦ
500 1047 570 1100 ἐν
602 1045 680 1111 τῷ
706 1047 864 1117 νόμῳ
890 1047 1108 1115 Κυρίου
1137 1046 1202 1101 τὸ
1226 1045 1452 1115 θέλημα
1476 1044 1683 1107 αὐτοῦ,

1858 1062 1986 1134 [Sed
2024 1063 2078 1115 in
2106 1060 2216 1131 lege
2248 1058 2463 1114 Domini
2496 1057 2736 1112 voluntas
2770 1056 2907 1125 ejus,
2938 1062 2987 1108 et
3011 1054 3064 1106 in
3098 1051 3208 1121 lege
3239 1051 3353 1120 ejus

137 1140 223 1192 καὶ
248 1140 318 1192 ἐν
346 1156 427 1203 τῳ
461 1141 622 1208 νόμῳ
648 1140 830 1194 αὐτοῦ
853 1140 1169 1210 μελετήσει
1201 1139 1423 1208 ἡμέρας
1455 1137 1550 1190 καὶ
1578 1154 1685 1190 νυ-

1786 1155 2127 1210 mcditabitur
2154 1154 2238 1208 die
2268 1169 2329 1206 ac
2359 1160 2525 1205 nocte.
2556 1150 2611 1203 lu
2641 1150 2775 1217 lege,
2808 1146 3052 1218 angelica
3080 1143 3351 1199 videlicet.

135 1233 279 1295 κτός.
313 1232 406 1302 Τῷ
435 1231 600 1299 νόμῳ,
630 1228 706 1298 τῷ
734 1232 1001 1302 ἁγγελικῷ
1034 1232 1289 1303 δηλονότι.
1330 1230 1403 1283 Τὸ
1440 1229 1686 1282 σύντονον

1782 1248 2197 1304 Contentionem
2248 1246 2515 1315 signiﬁcat
2558 1258 2624 1298 ac
2667 1241 3045 1311 diligentiam;
3078 1253 3183 1290 non
3205 1233 3350 1289 enim

134 1323 298 1392 δηλοῖ’
334 1326 394 1377 οὐ
426 1326 533 1398 γὰρ
560 1326 914 1397 ἠμελημένως
940 1324 1021 1376 δεῖ
1046 1323 1272 1394 μελετᾷν
1303 1322 1390 1374 τὸν
1410 1322 1569 1390 νόμον
1592 1317 1684 1372 τοῦ

1785 1340 2012 1394 remisse
2042 1353 2107 1392 ac
2128 1337 2463 1406 negligenter
2488 1341 2701 1403 oportet
2726 1331 2894 1400 legem
2929 1328 3142 1383 Domini
3180 1324 3352 1380 medi-

136 1414 345 1484 Κυρίου.
378 1416 451 1469 05
499 1416 607 1487 γὰρ
649 1416 778 1469 ποτὲ
822 1414 900 1467 δεῖ
943 1417 1050 1475 τοῖς
1081 1413 1325 1482 μελετᾷν,
1357 1412 1485 1463 ποτὲ
1512 1409 1567 1462 δὲ
1595 1407 1678 1475 οὒ,

1784 1430 1907 1488 tari.
1944 1427 2125 1498 Neque
2165 1428 2326 1480 modo
2358 1424 2725 1480 meditandum
2748 1461 2763 1487 ,
2798 1421 2959 1475 modo
2993 1416 3351 1489 superseden-

134 1505 235 1557 αλλ’
265 1506 353 1558 ἀεὶ
396 1506 490 1560 καὶ
529 1507 813 1569 διαπαντὸς
851 1508 961 1568 τοῖς
989 1505 1148 1568 θείοις
1182 1502 1374 1570 λογίοις
1406 1500 1684 1574 προσηλῶ-

1783 1523 1909 1577 dum
1960 1520 2350 1583 meditatione;
2392 1517 2485 1573 sed
2531 1531 2745 1584 semper
2790 1522 2844 1569 et
2884 1511 3104 1566 assidue
3154 1508 3351 1562 divinis

136 1596 274 1649 σθαι’
309 1598 470 1650 τοῦτο
500 1600 607 1669 γὰρ
632 1599 780 1669 δηλοῖ
804 1598 882 1657 τὸ,
916 1595 1135 1664 ἡμέρας
1179 1596 1277 1648 καί
1304 1596 1540 1658 νυκτός.
1573 1595 1684 1645 Κα-

1782 1614 2016 1668 oraculis
2051 1626 2169 1667 sese
2206 1611 2457 1665 addicere
2487 1622 2623 1677 opus
2660 1616 2781 1661 est:
2818 1607 2866 1661 id
2900 1606 3044 1659 enim
3079 1602 3352 1672 signiﬁca-

131 1687 210 1751 λὸς
230 1688 324 1742 τοῦ
364 1689 779 1761 κατορθώματος
808 1691 836 1742 ό
863 1688 1076 1760 μισθόςο
1108 1690 1136 1741 ό
1162 1687 1268 1757 γὰρ
1298 1686 1375 1757 τῷ
1401 1686 1527 1756 θείῳ
1555 1702 1681 1755 σχο-

1785 1714 1871 1758 tur
1919 1704 2022 1759 hoc
2066 1703 2229 1766 dicto,
2261 1703 2345 1754 die
2378 1718 2440 1754 ac
2470 1711 2635 1754 nocte.
2668 1699 2813 1752 Bima
2853 1708 2938 1751 est
2980 1709 3189 1749 merces
3222 1692 3348 1747 boni

131 1778 291 1843 λαζων
323 1780 476 1850 νόμῳ
502 1782 593 1833 καὶ
621 1785 730 1843 τοῖς
759 1782 821 1833 ὲκ
848 1779 1035 1832 τούτου
1056 1779 1285 1848 νάμασιν
1309 1776 1676 1848 ἀρδευόμενος.

1740 1798 1961 1867 _0peris
1989 1815 2002 1850 :
2031 1797 2121 1867 qui
2169 1797 2311 1850 enim
2362 1794 2557 1847 divina:
2602 1800 2757 1847 vacat
2798 1791 2921 1861 legi,
2967 1789 3086 1857 ejus
3132 1785 3349 1840 ﬂuentis

131 1870 227 1921 Καὶ
262 1869 405 1940 ὕδωρ
425 1871 518 1923 καὶ
544 1872 573 1923 ό
594 1870 821 1941 Χριστὸς
862 1869 959 1940 τὴν
988 1868 1180 1921 ἑαυτοῦ
1210 1867 1548 1920 διδασκαλίαν
1593 1867 1684 1918 ἁν-
1716 1859 1740 1911 ε

1741 1860 1756 1911 ⁵
1785 1889 2060 1957 irrigatur.
2100 1887 2351 1941 Christus
2377 1902 2593 1956 quoque
2622 1884 2922 1939 doctrinam
2953 1895 3105 1934 suam
3137 1877 3350 1931 vocavit

131 1962 371 2013 εκάλεσεν
392 1962 561 2014 εἰπών
577 1979 588 1991 ·
614 1963 688 2015 El
706 1980 793 2026 τις
824 1960 988 2029 διψᾷ,
1013 1960 1272 2029 ἐρχέσθω
1296 1959 1440 2026 πρὸς
1471 1958 1567 2026 μὲ,
1585 1957 1678 2010 καὶ

1787 1996 2002 2049 aquam,
2028 1995 2150 2034 cum
2183 1982 2257 2033 ait
2276 1980 2356 2032 "z
2388 1978 2446 2033 Si
2479 1980 2592 2046 quis
2612 1978 2747 2039 sitit,
2780 1975 2950 2028 veniat
2977 1972 3043 2024 ad
3076 1986 3154 2022 me
3189 1979 3236 2022 et
3267 1969 3348 2021 bi-

130 2050 447 2121 πινέτω.Τῷ
463 2069 536 2103 πα
545 2052 589 2121 ρ’
602 2050 753 2103 ὕδασι
769 2050 965 2120 δένδρῳ
981 2050 1301 2102 ἀπείκασται
1318 2050 1404 2101 ἀεὶ
1415 2048 1677 2118 τεθηλότι,

1787 2048 1893 2123 bat.
1947 2068 2117 2139 Ligno
2157 2068 2222 2121 ad
2261 2084 2432 2137 aquas
2472 2068 2649 2137 posito
2682 2071 3029 2132 comparatus
3063 2069 3167 2125 est,
3205 2056 3349 2127 quod

130 2144 205 2195 ἀεὶ
227 2142 462 2212 βρίθοντι
482 2145 590 2206 τοῖς
616 2142 853 2213 ὡραίοις.
883 2141 946 2195 Οἱ
978 2141 1085 2212 γὰρ
1104 2144 1201 2212 τῆς
1226 2142 1423 2213 ἀρετῆς
1457 2140 1680 2209 ἀθληταὶ

1786 2175 1994 2229 semper
2020 2160 2194 2225 ﬂoret,
2214 2176 2425 2229 semper
2447 2158 2713 2212 fructibus
2739 2152 3073 2222 tempestivis
3090 2160 3348 2204 onustum

128 2232 239 2294 τοὺς
287 2233 382 2303 μὲν
429 2232 538 2285 τῶν
570 2233 744 2285 πόνων
776 2233 1016 2303 καρποὺς
1046 2232 1186 2284 κατὰ
1222 2231 1281 2283 τὸ
1311 2229 1498 2300 μέλλον
1523 2230 1671 2299 κομί-

1785 2262 1887 2307 est.
1912 2250 2045 2306 Nam
2081 2253 2297 2306 virtutis
2337 2252 2551 2305 athleta:
2595 2248 2839 2302 laborum
2878 2243 3095 2313 quidem
3137 2241 3348 2295 fructus

127 2340 325 2377 σονται·
353 2320 469 2378 οἷον
498 2326 553 2378 δέ
586 2342 697 2379 τισι
738 2326 955 2405 φύλλοις
984 2322 1270 2377 κάντεῦθεν
1294 2325 1357 2394 τῇ
1389 2321 1563 2393 ἀγαθῇ
1593 2321 1679 2373 ἐλ-

1784 2342 1837 2396 in
1872 2342 2058 2398 futuro
2094 2353 2390 2412 reportant,
2430 2352 2503 2405 et,
2539 2356 2635 2396 ceu
2668 2337 2994 2409 quibusdam
3032 2332 3177 2387 loliis
3223 2331 3348 2384 inde

128 2417 225 2469 πέδι
274 2418 746 2482 κατασκιάζονται,
776 2417 865 2470 καὶ⁸
916 2416 1201 2468 κλέπτουσι
1248 2417 1312 2485 τῇ
1358 2413 1679 2483 ψυχαγωγία

1780 2434 2023 2497 emissis,
2052 2447 2147 2503 spe
2190 2434 2330 2487 bona
2369 2432 2782 2491 adnmhrautur,
2818 2427 3174 2492 laborumque
3219 2437 3346 2491 gra-

127 2510 212 2578 τὴν
233 2508 337 2561 τῶν
371 2510 551 2561 πόνων
576 2508 867 2577 βαρύτητα.
902 2507 991 2578 Τῷ
1022 2507 1245 2577 τοιούτῳ
1277 2508 1452 2560 πάντα
1488 2506 1679 2560 εὐοδω-

1777 2526 1996 2579 vitatem
2047 2523 2358 2594 bujusmodi
2420 2523 2754 2577 reereatione
2820 2518 3177 2572 suilurantur.
3227 2509 3346 2565 Tali

128 2597 350 2668 θήσεται.
371 2597 539 2650 mea
566 2598 674 2666 γὰρ
698 2597 933 2650 ἐναντίον
959 2600 1071 2659 τοῖς
1098 2596 1260 2659 θείοις
1282 2596 1462 2666 νόμοις
1485 2597 1678 2666 διενερο

1775 2618 1894 2672 viro
1925 2620 2105 2673 omnia
2130 2632 2342 2687 semper
2376 2630 2629 2686 prospere
2656 2620 2882 2667 vertent.
2907 2607 3051 2663 Nihil
3088 2605 3232 2661 enim
3257 2605 3344 2657 di-

126 2689 288 2758 ﬂsst,
319 2687 400 2758 τῷ
432 2688 525 2740 τοῦ
573 2688 735 2757 νόμου
765 2687 1059 2757 βουλήματι
1092 2686 1470 2756 συναρμόττων
1495 2686 1556 2737 τὸ
1587 2683 1674 2737 θέ-

1777 2706 1920 2760 vinis
1966 2707 2173 2776 legibus
2221 2683 2593 2761 adversarium
2637 2704 2905 2767 admittet,
2942 2699 3033 2769 qui
3081 2696 3345 2752 voluntati

126 2777 257 2848 λημα
273 2796 286 2810 ο
325 2775 590 2851 πρότερον
614 2780 824 2833 ἅπαντα
852 2778 951 2847 τῆς
976 2778 1171 2840 κακίας
1197 2774 1576 2846 ἀπαγορεύσας
1604 2776 1672 2830 τὰ

1781 2797 1917 2867 legis
1951 2774 2106 2853 suam
2153 2795 2530 2852 accommodat
2567 2794 2935 2848 voluntatem:
2972 2790 3098 2859 quia
3132 2803 3161 2842 a
3198 2787 3348 2857 prin-

128 2870 247 2941 εἴδη,
282 2872 374 2923 καὶ
402 2870 513 2923 τῶν
541 2869 695 2923 θείων
723 2870 896 2938 νόμων
920 2866 1199 2931 ὑποδείξας
1220 2868 1317 2938 τὴν
1340 2866 1670 2938 τελειότητα,

1780 2866 1923 2959 cipio
1950 2888 2039 2944 ille
2069 2904 2260 2944 omnes
2300 2888 2519 2942 malitiae
2560 2886 2770 2956 species
2808 2882 3129 2945 eliminavit,
3158 2888 3207 2934 et
3251 2879 3346 2932 de-

128 2961 278 3024 οὕτως
309 2963 580 3032 ἐπήγαγε·
613 2960 813 3015 Πάντα
843 2959 959 3014 ὅσα
990 2960 1065 3014 ἂν
1088 2957 1276 3031 ποιῇ]

1780 2957 1980 3033 clarata
2007 2978 2310 3032 divinarum
2330 2978 2505 3048 legum
2531 2975 2879 3048 perfectione,
2906 2974 2977 3027 ita
3006 2969 3193 3026 infert:
3213 2967 3345 3024 0m.-

1778 3072 1870 3123 nia
1898 3087 2215 3141 quacunque
2246 3068 2450 3141 faciet]

191 3183 280 3239 His
308 3187 501 3255 adjicit
539 3184 674 3239 Dan.
698 3184 964 3238 Barbarus
988 3198 1006 3237 :
1026 3182 1315 3236 Dieautem
1348 3179 1634 3232 meditatur
1658 3179 1751 3249 qui
1777 3181 1829 3235 in
1856 3182 2147 3237 virtutibus
2177 3180 2412 3253 proﬁcit,
2440 3189 2596 3235 nocte
2622 3193 2770 3242 vero,
2788 3178 2881 3248 qui
2906 3193 3028 3232 cum
3057 3177 3345 3248 perturba—

127 3278 287 3332 tiones
327 3277 642 3346 insurgunt,
672 3275 950 3327 immotam
978 3281 1159 3328 servat
1188 3272 1357 3325 animi
1385 3272 1821 3342 generositatem.

186 3390 289 3445 Καὶ
331 3391 506 3445 ἔσται
538 3389 617 3454 ὡς
643 3388 709 3441 τὸ
736 3389 924 3453 ξύλον
953 3387 1017 3439 τὸ
1050 3386 1497 3455 πεφυτευμένον
1521 3384 1678 3451 παρὰ
1704 3389 1746 3447 C

1733 3392 1746 3444 Ξ
1849 3388 1901 3442 5.
1922 3392 1990 3443 Et
2012 3392 2112 3444 erit
2131 3401 2379 3462 tanquam
2410 3394 2608 3463 lignum
2634 3392 2771 3461 quod
2791 3390 3087 3459 plantarum
3111 3400 3210 3455 est,
3238 3401 3342 3448 etc.

125 3481 219 3546 τὰς
254 3481 563 3545 διεξόδους
607 3470 721 3532 τῶν
769 3477 1021 3533 ὑδάτων.
1040 3478 1523 3547 Ἐξομολογήσεως,
1560 3476 1677 3546 ἦτοι

1778 3476 2152 3535 Confessionis
2190 3482 2303 3537 sive
2353 3483 2516 3536 etiam
2560 3481 2832 3549 parabolas
2863 3479 3067 3549 lignum
3095 3477 3347 3536 Christus

125 3571 419 3644 παραϐολῆς
445 3568 599 3635 ξύλον
627 3571 655 3621 ό
685 3567 915 3639 Χριστὸς
944 3568 1351 3636 ἀναγέγραπται
1386 3567 1440 3617 ὲν
1469 3568 1532 3635 τῇ
1564 3566 1680 3621 Oeo-

1778 3586 1899 3625 csse
1915 3571 2237 3627 describitur
2258 3573 2308 3625 in
2324 3570 2581 3625 divinitus
2598 3570 2858 3639 inspirata
2875 3566 3175 3637 Scriptura,
3191 3569 3345 3637 juxta

127 3662 355 3733 πνεύστῳ
383 3662 611 3734 Τραφῇ.
642 3661 779 3713 κατὰ
817 3660 877 3712 τὸ
927 3657 1210 3730 εἰρημένον
1234 3675 1247 3688 ·
1296 3658 1493 3711 Ξύ.1ον
1534 3658 1680 3728 ζωῆς

1779 3662 1910 3717 illud
1937 3661 2189 3732 :Lignum
2218 3663 2339 3715 vita:
2359 3670 2434 3715 est
2459 3661 2696 3715 omnibus
2727 3659 3129 3729 suscipientibus
3146 3658 3345 3714 eam“.

124 3756 239 3809 ἐστι
267 3755 415 3813 πᾶσι
447 3754 571 3819 τοῖς
590 3752 1004 3822 ἀντεχομένοις
1031 3752 1236 3819 αὐτῆς.
1270 3752 1426 3820 Λέγει
1455 3749 1566 3817 οὖν,
1598 3754 1677 3805 ὅτι

1778 3754 1867 3808 Ait
1909 3755 2071 3824 igitur
2113 3768 2209 3807 eos
2239 3754 2331 3823 qui
2366 3754 2419 3806 in
2457 3752 2735 3806 Christum
2767 3751 3112 3811 crediderint,
3147 3765 3346 3819 corpus

126 3848 167 3899 οί
196 3848 578 3909 πιστεύσαντες
603 3846 678 3914 τῷ
708 3844 925 3917 Χριστῷ
955 3846 1112 3915 σῶμα
1140 3844 1301 3897 αὐτοῦ
1326 3844 1535 3899 ἔσονται
1552 3863 1563 3874 ·
1590 3863 1679 3915 με-

1778 3845 1897 3915 ejus
1927 3844 2142 3899 futuros
2184 3861 2325 3899 esse.
2367 3842 2804 3897 'l‘ransformabit
2832 3842 2977 3897 enim
3007 3858 3205 3912 corpus
3242 3843 3345 3896 hu-

123 3940 506 4011 τασχηματίσει
551 3937 658 4009 γὰρ
702 3938 761 3991 τὸ
806 3939 964 4008 σῶμα
993 3938 1091 4007 τῆς
1119 3935 1492 3999 ταπεινώσεως
1522 3937 1677 4006 ήμῶν

1778 3938 2022 3992 militatis
2044 3945 2260 3999 nostra,
2278 3934 2670 4003 conﬁguratum
2696 3933 2908 4003 corpori
2929 3933 3190 3988 claritatis
3208 3949 3340 3991 suo.

126 4030 243 4099 πρὸς
284 4030 345 4082 τὸ
391 4028 649 4098 γενέσθαι
683 4027 1000 4098 σύμμορφον
1028 4027 1105 4097 τῷ
1138 4025 1349 4096 σώματι
1386 4027 1484 4096 τῆς
1521 4027 1678 4095 δόξης

1780 4030 2037 4084 Decursus
2077 4043 2240 4097 porro
2293 4043 2572 4099 aquarum,
2625 4027 2839 4081 divinas
2894 4034 3055 4080 vocat
3103 4024 3347 4094 Scriptu-

126 4120 289 4173 αὐτοῦ.
339 4120 660 4185 Διεξόδους
704 4119 759 4172 δὲ
802 4118 920 4171 τῶν
969 4116 1200 4173 ὑδάτων
1236 4117 1334 4183 τὰς
1365 4118 1513 4181 θείας
1545 4118 1677 4186 φησὶ

1778 4137 1868 4176 ras
1897 4140 1909 4175 :
1945 4122 1996 4174 in
2030 4120 2229 4189 quibus
2263 4121 2469 4189 passim
2508 4118 2787 4173 Cbristmn
2822 4116 3059 4184 reperire
3097 4123 3180 4170 est
3210 4130 3349 4185 praeq

117 4210 343 4281 Tpacpa';'
379 4214 439 4264 ὲν
473 4205 562 4273 αἷς
593 4209 901 4279 ἁπανταχοῦ
937 4209 1081 4262 ἔστιν
1114 4210 1290 4282 εὑρεῖν
1321 4208 1550 4281 Χριστὸν
1574 4226 1685 4279 κη-,

1777 4213 2034 4267 dicatum.
2068 4212 2218 4276 Quod
2254 4212 2485 4281 fructum
2528 4224 2681 4262 suum
2723 4208 2871 4261 dabit
2894 4209 2950 4261 in
2980 4218 3204 4278 tempore
3227 4226 3342 4264 suo.

126 4306 458 4374 ρυσσόμενον.
508 4301 715 4375 [Ξύλον
744 4301 887 4371 ζωῆς
915 4304 943 4354 ό
973 4302 1226 4372 Χριστὸς,
1255 4301 1433 4355 κλάδοι
1461 4302 1506 4353 οἱ
1544 4301 1677 4353 ἁπό-

1780 4304 2030 4377 [Lignum
2056 4304 2180 4357 vitae
2211 4301 2485 4365 Christus,
2516 4301 2652 4352 rami
2698 4299 2950 4369 apostoli,
2980 4298 3186 4354 fructus
3219 4314 3346 4354 sano

127 4395 299 4460 στολοι,
328 4395 545 4467 καρπὸς
571 4389 708 4464 αἷμα
736 4396 826 4446 καὶ
855 4393 996 4463 ὕδωρ
1017 4394 1080 4445 ὲκ
1102 4395 1202 4463 τῆς
1232 4392 1492 4463 ’πλευρᾶς⁸
1518 4385 1592 4445 ὧν
1619 4392 1678 4445 τὸ

1778 4397 1898 4468 guis
1927 4405 1980 4448 et
2001 4409 2140 4464 aqua
2175 4410 2240 4447 ex
2281 4393 2448 4446 latere
2481 4389 2692 4446 ﬂuens:
2726 4405 2958 4460 quorum
2996 4390 3084 4444 ille
3125 4389 3342 4458 quidem

128 4489 209 4557 μὲν
253 4491 330 4549 είς
364 4486 722 4541 ὑποτύπωσιν
755 4486 1071 4558 μαρτυρίου,
1101 4485 1161 4537 τὸ
1194 4484 1250 4537 δὲ
1285 4484 1672 4562 βαπτίσματος.

1779 4490 1833 4542 in
1857 4486 2084 4541 formam
2124 4496 2178 4540 et
2214 4484 2519 4554 exemplum
2545 4484 2812 4554 martyrii,
2840 4483 2929 4535 illa
2955 4490 3134 4534 autem
3168 4480 3344 4550 bapti-

124 4578 278 4632 Φύλλα
304 4582 353 4633 δι
376 4579 530 4647 λόγοι
555 4595 567 4607 ·
603 4577 810 4648 καρπὸν
840 4574 933 4629 τοῦ
969 4575 1124 4642 ξύλου
1157 4576 1367 4646 νοήσεις
1391 4574 1487 4644 τὴν
1514 4573 1677 4646 ὀρθὴν

1778 4580 1988 4635 sinatis.
2032 4578 2177 4632 Folia
2221 4586 2346 4632 sunt
2374 4590 2681 4639 sermones;
2719 4574 2953 4628 fructum
2992 4573 3118 4643 ligni
3148 4572 3344 4627 intelli-

126 4669 309 4724 πίστιν·
344 4670 523 4741 φύλλα
571 4670 627 4723 δὲ
669 4666 832 4721 αὐτοῦ
863 4668 960 4739 τὴν
988 4667 1263 4738 πλήρωσιν
1300 4666 1405 4719 τῶν
1428 4666 1674 4721 ἐντολῶν.

1780 4686 1874 4741 gas
1904 4688 2024 4728 esse
2050 4680 2247 4725 rectam
2282 4670 2467 4733 tidem;
2497 4667 2625 4721 folia
2661 4669 2787 4722 item
2822 4667 3014 4737 ipsius,
3048 4674 3344 4734 prtecepto-

129 4763 329 4833 Καρπδς
357 4739 456 4817 παὶ
496 4763 547 4815 oi
584 4760 893 4830 σωζόμενοι,
927 4760 1051 4831 ῥίζα
1081 4759 1141 4813 τὸ
1169 4759 1447 4830 βάπτισμα
1466 4776 1479 4789 ·
1505 4775 1678 4832 γεωρ-
1707 4739 1738 4794 Π

1734 4741 1750 4792 θ
1780 4781 1898 4820 rum
1941 4763 2408 4819 observationem:
2445 4760 2655 4815 fructus
2686 4760 2847 4814 etiam
2881 4766 3009 4812 sunt
3041 4756 3101 4815 ii.
3131 4758 3223 4825 qui
3254 4770 3343 4809 sa-

128 4854 204 4919 Τδς
229 4859 255 4909 ὁ
286 4854 531 4926 Πατήρ.]
566 4856 627 4906 Ὃ
651 4857 756 4907 τὸν
788 4853 1017 4921 καρπὸν
1042 4852 1227 4907 αὐτοῦ
1255 4851 1428 4905 δώσει
1449 4850 1519 4904 ἐν
1550 4869 1677 4905 και-

1778 4857 1941 4909 lntem
1989 4863 2429 4924 consequuntur;
2483 4854 2669 4917 radix,
2716 4851 3016 4920 baptisma;
3068 4847 3340 4919 agricola,

122 4942 194 5008 [ᾧ
215 4945 416 4999 αὐτοῦ.
445 4944 676 5014 Καρπδν
716 4942 809 4997 τοῦ
858 4941 1013 5007 ξύλου
1060 4942 1269 5014 νοήσεις
1310 4943 1408 5012 τὴν
1454 4941 1674 4995 πίστινθ

1776 4947 1981 5020 Pater.]
2014 4946 2270 5003 Fructum
2306 4946 2433 5017 ligni
2466 4945 2734 5015 intelligas
2770 4954 2972 4998 rectam
3000 4939 3161 4996 iidem
3203 4957 3216 4992 :
3260 4938 3346 4993 ΐο-

130 5033 277 5101 φύλλα
319 5036 377 5089 δὲ
423 5034 593 5088 αὑτοῦ
624 5034 722 5105 τὴν
752 5034 1026 5107 πλήρωσιν
1055 5032 1163 5085 τῶν
1196 5032 1442 5085 ἐντολῶν.
1475 5032 1582 5086 Kal
1614 5032 1675 5084 τὸ

1777 5041 1909 5095 lium
1944 5052 2121 5094 autem
2146 5040 2286 5109 ejus,
2320 5050 2401 5093 est
2428 5040 2582 5106 plena
2607 5036 2915 5093 observatio
2937 5034 3340 5088 mandatorum.

129 5128 341 5191 φύλλον
369 5129 564 5182 αὑτοῦ
593 5130 703 5181 οὐκ
729 5126 1165 5195 ἁπορῤυήσεται
1183 5166 1197 5191 ,
1243 5125 1342 5177 οὐκ
1390 5125 1679 5177 ἀποπεσεῖ-

1779 5130 1848 5183 Et
1883 5130 2068 5199 [alium
2099 5129 2212 5197 ejus
2257 5145 2359 5181 non
2398 5128 2610 5197 deﬂuat,
2640 5142 2747 5180 non
2783 5124 3016 5179 decidet.
3051 5121 3118 5176 Et
3168 5121 3344 5174 omnia

132 5235 220 5271 ται.
252 5222 359 5276 Καὶ
382 5220 586 5274 πάντα
607 5219 723 5273 ὅσα
743 5219 820 5274 ἂν
845 5217 984 5287 ποιῇ
1010 5216 1568 5284 κατευοδωθήσεται.
1603 5216 1677 5269 Ob

1779 5239 2097 5294 quacunque
2132 5223 2285 5286 faciet
2314 5221 2776 5290 prosperabnntur.
2799 5214 2957 5271 Nulla
2987 5214 3132 5269 enim
3157 5228 3347 5267 secun-

132 5312 221 5382 γάρ
246 5315 356 5367 ἐστι
384 5313 590 5385 πρᾶξις
613 5313 718 5365 τῶν
745 5312 884 5366 κατὰ
906 5312 1034 5365 Θεδν
1055 5310 1350 5380 γινομένων
1376 5310 1675 5379 ἀνωφελής.

1779 5316 1907 5370 dum
1939 5314 2105 5368 Deum
2130 5313 2272 5368 actio
2302 5312 2535 5366 utilitate
2560 5317 2728 5365 caret.
2752 5307 3014 5381 [Tempus
3047 5305 3235 5368 dandi,
3260 5320 3346 5358 ac-

134 5402 335 5477 ξΚαιρὸς
366 5407 463 5460 τοῦ
495 5406 693 5459 διδόναι
722 5408 756 5476 ἡ
788 5404 881 5459 τοῦ
918 5405 1281 5475 λαμϐάνοντος
1312 5402 1679 5474 ἐπιτηδειότης

962 5405 1281 5475 ιμσάνοντος
1312 5402 1679 5474 ἐπιτηδειότης
1779 5409 2025 5479 cipieulis
2050 5408 2422 5477 Opportunitas
2446 5402 2571 5475 est.]

134 5496 301 5569 inim]

194 5591 281 5643 Διὰ
298 5592 475 5646 τοῦτο
502 5590 618 5643 οὐκ
636 5588 1080 5659 ἀναστήσονται
1110 5588 1340 5655 ἀσεϐεῖς
1367 5588 1437 5641 ἐν
1462 5588 1673 5655 κρίσει.

1853 5588 1903 5642 5.
1944 5584 2068 5640 Ideo
2098 5604 2201 5640 non
2230 5594 2495 5657 resurgant
2537 5586 2684 5656 impii
2726 5584 2782 5637 in
2812 5579 3029 5650 iudicio.
3076 5574 3342 5630 Nimirum

135 5681 218 5733 ea
241 5681 390 5737 τοῦτο
413 5684 540 5754 μὶν,
572 5682 658 5735 διὰ
681 5683 741 5735 τὸ
768 5682 841 5754 μὴ
862 5682 1001 5753 ἔχειν
1029 5681 1201 5755 ῥίζαν,
1227 5682 1340 5736 ἀλλ’
1361 5681 1578 5752 ὁμοίους
1599 5675 1675 5733 εἴ·

1783 5679 1909 5750 quia
1943 5694 2051 5736 non
2074 5679 2272 5736 habent
2316 5679 2575 5747 radicem,
2609 5678 2701 5735 sed
2742 5674 2948 5733 similes
2983 5676 3109 5728 sunt
3133 5665 3343 5738 pulveri

196 5795 232 5830 "
260 5797 420 5856 Matth
474 5815 633 5868 nm,
665 5799 718 5857 3.
776 5800 821 5834 "
850 5798 1002 5857 Joan.
1042 5816 1134 5866 vn,
1168 5802 1253 5859 57.
1331 5802 1377 5835 ³⁸
1407 5798 1565 5855 Prov.
1599 5812 1678 5865 ut,
1716 5795 1797 5852 18.
