4102 6304
672 346 743 402 63
1522 349 1576 404 S.
1620 346 1983 402 ATHANASII
2024 347 2174 402 OPP.
2217 345 2394 401 PARS
2432 346 2516 402 Ill.
2558 377 2622 387 -—-
2664 346 3070 402 EXEGETICA.
3821 343 3892 400 οι

676 474 833 519 terra)
863 478 894 519 a
928 467 1104 522 ventis
1129 467 1350 538 agitato.
1374 467 1604 524 Ventum
1636 479 1814 524 autem
1852 470 2118 540 intelligas
2148 468 2236 522 Dei

2342 486 2427 521 ναι
2457 467 2539 538 χοῖ
2578 470 2677 538 γῆς
2713 470 2816 522 ὑπὸ
2838 469 3035 540 ἀνέμου
3072 467 3399 540 ῥιπιζομένῳ
3419 484 3432 498 ⁸
3466 467 3658 537 ἄνεμον
3686 465 3742 519 δὲ
3768 467 3893 537 νοή-

676 557 1172 625 comminationem,
1206 578 1312 630 qua
1340 562 1470 616 dicit
1497 562 1538 592 ⁸⁷
1566 561 1862 617 :Discedite
1891 579 1921 615 a
1951 578 2048 622 me,
2073 563 2233 615 mnte-

676 648 825 712 dicti,
861 649 915 702 in
952 649 1120 720 ignem
1149 662 1419 706 internum.
1467 652 1566 719 Qui
1600 653 1689 706 tali
1729 654 1909 707 audita
1948 669 2074 708 voce
2115 653 2236 722 jure

675 739 944 804 decident,
981 757 1087 794 non
1119 743 1261 796 enim
1313 746 1599 800 constitere
1644 746 1695 799 in
1727 745 1961 805 Christo,
1989 745 2080 814 qui
2119 760 2238 799 cre-

675 828 918 884 dentium
966 830 1198 887 fulcrum
1234 843 1316 890 est
1355 851 1418 889 ac
1455 834 1884 890 fundamentum.
1911 834 2044 888 Nam
2075 834 2235 903 inju-

677 918 821 974 dicio
839 922 933 985 ait,
957 939 1064 978 non
1090 926 1140 978 in
1165 926 1603 994 interrogatione.
1628 927 1693 980 In
1714 927 2233 994 conciliojustorum,

678 1014 772 1067 ait.
792 1012 925 1069 Nam
947 1018 1404 1089 separabitjustos
1431 1037 1458 1074 a
1485 1022 1879 1091 peccatoribus.

751 1270 802 1326 6.
824 1273 1083 1338 Quoniam
1099 1280 1233 1332 norit
1256 1279 1506 1337 Dominus
1525 1286 2146 1354 t'iantjustorum.Novit,
2167 1291 2238 1346 ibi

679 1363 914 1430 positum
945 1375 1026 1422 est
1052 1384 1170 1436 pro.
1203 1371 1772 1434 honorausecundum
1796 1379 1844 1433 id
1873 1381 2016 1449 quod
2035 1382 2238 1436 dictum

683 1469 716 1508 a
739 1452 848 1509 Deo
876 1467 958 1512 est
981 1462 1044 1515 ad
1077 1462 1276 1517 Mosem
1301 1466 1345 1496 ⁵⁸
1371 1485 1384 1519 :
1417 1465 1554 1520 Novi
1584 1478 1631 1522 te
1661 1486 1770 1537 pra:-
1804 1472 2062 1537 omnibus,
2086 1476 2238 1542 quasi

681 1545 823 1600 dicat
858 1567 870 1600 :
904 1550 1113 1604 honoro
1137 1563 1206 1614 te,
1256 1566 1309 1610 et
1350 1557 1602 1612 invenisti
1644 1564 1872 1630 gratiam
1917 1577 2096 1617 coram
2134 1582 2238 1621 me.

759 1635 1090 1698 PSALML’S
1127 1642 1186 1699 II
1219 1645 1408 1701 Davidi
1422 1666 1439 1702 :
1459 1661 1600 1704 caret
1627 1653 1959 1722 inscriptione
1997 1655 2138 1725 apud

1329 1740 1598 1797 Heln-(cos.

1265 1830 1302 1882 Α
1313 1844 1658 1901 rgumentum.

685 1908 975 1981 Postquam
1002 1914 1052 1967 in
1078 1917 1252 1985 primo
1281 1922 1487 1988 psalmo
1511 1923 1747 1979 Jutlaicte
1768 1927 1940 1993 gentis
1973 1929 2241 2000 principes

755 2005 967 2058 vocavit
1000 2006 1217 2076 impios,
1253 2023 1566 2078 peccatores
1595 2025 1648 2070 et
1687 2018 2029 2086 pestilentes;
2054 2021 2106 2074 in
2138 2023 2242 2077 hoc

756 2091 949 2148 iterum
976 2110 1160 2152 eorum
1196 2114 1357 2169 opera
1387 2116 1630 2161 recenset
1652 2107 1959 2176 hujusmodi
1989 2126 2119 2166 usus
2145 2129 2242 2166 no-

752 2185 1009 2252 minibus,
1037 2189 1167 2258 ipsis
1206 2193 1408 2260 optime
1438 2200 1880 2266 congruentibus.
1917 2201 2240 2273 [Postquam

752 2274 985 2344 primum
1010 2280 1276 2346 psalmum
1312 2300 1407 2352 per
1433 2286 1722 2356 impiorum
1755 2294 2070 2348 memoriam
2114 2311 2242 2350 con-

755 2370 1026 2434 cluserat.
1076 2379 1389 2434 eorumdem
1445 2385 1717 2438 mentione
1773 2389 2071 2443 secundum
2123 2391 2241 2447 iniit

756 2460 1046 2529 psalmum,
1082 2464 1281 2520 docens
1326 2486 1487 2539 supra
1541 2486 1898 2530 memoratum
1951 2478 2238 2549 impiorum

755 2550 915 2606 linem
943 2568 1056 2616 cos,
1082 2557 1173 2625 qui
1198 2557 1380 2614 furore
1401 2561 1454 2616 in
1480 2561 1813 2621 Salvatorem
1838 2569 1943 2624 acti
1978 2580 2124 2638 sunt,
2149 2588 2243 2626 ex-

755 2647 1087 2717 capturum.)

759 2732 809 2788 1.
833 2731 1008 2799 Quare
1038 2739 1357 2806 fremuerunt
1382 2755 1577 2815 gentes,
1607 2755 1710 2802 etc.
1754 2748 2049 2806 Fremitum
2087 2764 2243 2808 vocat

685 2821 896 2880 brutam
917 2827 1270 2889 ferocitatem.
1297 2834 1649 2902 llludautem,
1671 2857 1852 2909 quare,
1883 2844 1935 2895 in
1967 2847 2239 2900 communi

684 2921 899 2988 dicitur,
937 2938 995 2978 ut
1028 2928 1355 2997 intelligatur
1393 2932 1593 2987 etiam:
1632 2934 1807 2998 Quare
1843 2938 2022 3006 populi
2075 2942 2241 2995 medi-

688 3017 785 3065 tati
819 3027 940 3068 sunt
985 3020 1211 3072 inania?
1246 3021 1311 3076 Et
1347 3024 1460 3092 qui,
1497 3042 1701 3094 quaeso,
1735 3046 1841 3084 non
1889 3032 2066 3089 inanis
2112 3035 2243 3105 ipsis

686 3105 849 3162 fuerit
877 3109 1185 3179 hujusmodi
1235 3116 1534 3185 meditatio,
1569 3130 1752 3191 utpote
1780 3124 1873 3193 qui
1908 3123 2238 3183 Salvatorem

686 3201 899 3268 generis
923 3204 1004 3258 sui
1032 3221 1138 3259 non
1179 3210 1528 3276 acceperint?

758 3292 931 3361 [Qum
965 3298 1059 3362 ait,
1092 3315 1254 3353 causa
1285 3304 1418 3355 tanti
1458 3305 1587 3368 odii,
1627 3315 1685 3360 ut
1718 3306 1768 3360 in
1809 3324 1974 3363 unum
2016 3326 2244 3368 concur-

685 3396 805 3438 rant
838 3396 1024 3456 gentes
1069 3398 1122 3442 et
1159 3392 1382 3458 populi?
1410 3390 1543 3447 Illud
1579 3396 1747 3457 enim,
1777 3398 2122 3463 (retinuerunt,
2165 3402 2242 3454 si-

685 3477 922 3545 gniticat,
957 3486 1160 3533 tantum
1183 3483 1585 3550 superbierunt.
1610 3487 1752 3555 quod
1777 3496 1859 3540 est
1885 3504 2005 3541 cum
2035 3499 2244 3546 tumore

683 3577 737 3622 et
765 3571 1067 3637 arrogantia
1095 3571 1279 3626 turbas
1307 3589 1521 3629 movere
1543 3584 1594 3629 et
1629 3578 1964 3632 tumultuari.
1989 3577 2242 3636 Transla-

686 3670 880 3729 tusque
909 3671 990 3714 est
1013 3662 1099 3716 hic
1129 3663 1380 3731 loquendi
1408 3666 1597 3719 modus
1617 3683 1646 3720 a
1671 3668 1831 3722 bruto
1857 3685 2118 3740 equorum
2143 3673 2242 3727 im-

685 3763 830 3822 petu,
862 3753 1065 3806 nullum
1101 3752 1347 3808 decorem
1385 3767 1655 3822 servante,
1679 3761 1821 3827 quod
1844 3758 2043 3817 Judrcis
2071 3767 2244 3818 conti-

684 3842 757 3911 git
803 3843 1064 3898 adversus
1107 3846 1383 3900 Christum
1433 3847 1862 3917 insurgentibus.
1898 3849 2027 3918 Quae
2078 3869 2241 3911 causa

685 3934 929 4000 estquod
950 3933 1003 3985 in
1039 3950 1202 3987 unum
1229 3946 1758 4007 concurrantgcntes
1776 3949 1829 3994 et
1853 3943 2076 4010 populi?
2105 3943 2242 4000 forte

686 4025 845 4079 etiam
883 4025 1149 4081 lsraelitas
1179 4035 1334 4079 vocat
1365 4037 1549 4096 gentes
1581 4040 1633 4082 et
1657 4032 1904 4098 populos,
1938 4033 2050 4086 sive
2073 4032 2241 4090 Hero-

685 4116 804 4170 dem
835 4125 889 4170 et
913 4116 1142 4172 Pilatum
1183 4120 1340 4191 quasi
1385 4121 1654 4187 ethnicos,
1685 4121 1899 4178 Judaeos
1932 4135 1988 4178 ut
2017 4128 2243 4196 populos

683 4209 992 4281 memnrat.]
1932 4203 1952 4222 ⁹

756 4303 1073 4377 [Astilerunt
1111 4323 1248 4375 reges
1281 4318 1453 4363 terrm.
1483 4307 1557 4359 Ac
1588 4308 1631 4361 si
1654 4307 1875 4371 diceret,
1901 4325 2017 4365 sese
2048 4323 2242 4381 suopte

686 4397 917 4451 consillo
968 4398 1034 4451 ad
1067 4398 1117 4451 id
1165 4398 1360 4467 negmii
1407 4399 1748 4453 dcstinarunt
1789 4416 1961 4469 reges,
2002 4400 2241 4459 Herodes

2341 578 2448 623 σεις
2481 561 2578 631 τὴν
2604 562 2828 632 ἀπειλὴν
2851 562 2940 613 τοῦ
2969 560 3101 614 Θεοῦ
3131 561 3223 632 τὴν
3246 561 3530 628 λέγουσαν·
3566 560 3893 627 Πορεύεσθε

2337 652 2437 704 ἀπ’
2489 651 2654 722 ἐμοῦ,
2716 656 2768 706 οὶ
2808 653 3214 722 κατηραμένοι,
3273 654 3358 716 είς
3399 651 3515 719 πῦρ
3553 649 3618 702 τὸ
3638 648 3893 702 αἰώνιον.

2338 747 2401 798 Οἱ
2449 745 2543 816 τὴν
2587 744 2751 816 αὐτὴν
2780 745 3106 810 ἀκούσαντες
3139 745 3316 816 φωνὴν
3346 742 3770 798 καταπεσοῦνται
3815 740 3897 794 δι-

2339 834 2536 898 καίως’
2572 835 2631 887 οὑ
2680 835 2786 906 γὰρ
2830 836 3120 907 ἑστήκασιν
3173 839 3250 899 είς
3296 836 3543 907 Χριστὸν,
3568 835 3625 898 ὃς
3662 835 3776 887 ἐστι
3807 850 3897 885 πι-

2340 927 2630 980 στευόντων
2665 929 2938 1000 στήριγμα
2962 930 3053 982 καὶ
3092 928 3334 999 θεμέλιος
3353 946 3366 957 ο
3397 928 3456 980 τὺ
3481 927 3587 998 γὰρ
3613 928 3689 989 εἰς
3717 925 3898 995 κρίσιδ

2340 1019 2522 1086 φησὶν,
2548 1019 2646 1070 οὑκ
2668 1020 2747 1079 είς
2773 1019 3056 1089 ἐρώτησιν.
3075 1019 3176 1072 Ἔν
3194 1016 3266 1086 τῇ
3295 1015 3611 1086 συναγωγῇ
3630 1017 3895 1076 δικαίων,

2339 1109 2483 1178 λέγει
2501 1127 2514 1140 ·
2545 1110 2788 1181 ἀφορίζει
2817 1111 2925 1180 γὰρ
2965 1112 3088 1173 τοὺς
3117 1109 3351 1171 δικαίους
3377 1108 3484 1162 ἀπὸ
3511 1106 3615 1159 τῶν
3644 1106 3898 1176 ἀμαρτω-

2339 1198 2445 1251 λῶν

2413 1291 2529 1342 ’Ότι
2558 1290 2832 1358 γινώσκει
2873 1292 3082 1358 Κύριος
3111 1289 3252 1343 ὁδὸν
3279 1288 3540 1341 δικαίων.
3577 1286 3670 1349 Τὸ,
3716 1285 3900 1354 τινώ-

2341 1396 2494 1442 σκει,
2519 1381 2638 1433 ἀντὶ
2665 1380 2776 1440 τοῦ.
2801 1378 2955 1449 τιμᾷ,
2982 1379 3119 1432 κατά
3142 1380 3201 1431 τὸ
3227 1377 3507 1448 εἰρημένον
3534 1376 3638 1430 ὑπὸ
3659 1375 3790 1428 Θεοῦ
3816 1377 3900 1436 είς

2340 1472 2541 1541 Μωσῆν
2559 1489 2573 1501 ·
2609 1469 2886 1524 Γινώσκω
2918 1487 2991 1524 σε
3021 1469 3178 1537 παρὰ
3209 1468 3460 1532 πάντας·
3491 1466 3609 1520 ἀντὶ
3636 1466 3730 1520 τοῦ
3756 1464 3901 1536 τιμῶ

2343 1579 2422 1623 σε,
2455 1564 2547 1615 καὶ
2579 1558 2730 1633 εὗρες
2753 1562 2910 1631 χάριν
2939 1562 2997 1614 ὲν
3027 1561 3166 1630 ὲμοί.

2347 1658 2652 1710 ΨΑΛΜΟΣ
2682 1654 2760 1721 τῷ
2786 1654 2963 1708 Δαυῒδ
3005 1653 3402 1721 ἀνεπίγραφος
3429 1652 3562 1718 παρ’
3595 1649 3900 1722 Ἑϐραίοις.

3084 1748 3164 1798 B’.

2964 1837 3282 1900 Ὺπόθεσις.

2351 1930 2438 1982 Ἐν
2485 1929 2562 1999 τῷ
2606 1928 2806 1999 πρώτῳ
2849 1926 3048 1998 ψαλμῷ
3089 1926 3302 1988 ἀσεῦεῖς
3332 1943 3391 1979 τε
3422 1925 3514 1979 καὶ
3548 1923 3904 1994 ἁμαρτωλοὺς

2408 2023 2502 2076 καὶ
2537 2022 2754 2091 λοιμοὺς
2782 2023 3194 2091 ἀποφηνάμενος
3224 2019 3347 2082 τοὺς
3368 2019 3627 2088 ἄρχοντας
3657 2016 3749 2068 τοῦ
3777 2016 3906 2069 Ἰου-

2407 2111 2569 2165 δαίων
2599 2111 2802 2174 έθνους,
2831 2113 2888 2165 ὲν
2914 2111 3086 2182 τούτῳ
3110 2110 3268 2164 πάλιν
3293 2108 3528 2162 δείκνυσι
3553 2108 3648 2170 τὰς
3670 2105 3906 2176 πράξεις

2412 2199 2497 2252 διὰ
2536 2198 2642 2251 τῶν
2680 2198 2930 2251 τοιούτων
2955 2199 3248 2268 ὀνομάτων,
3275 2191 3350 2252 ὧν
3378 2197 3626 2266 γεγόνασι
3661 2195 3903 2266 μέτοχοι.

2413 2291 2638 2363 [Μνήμῃ
2667 2290 2773 2344 τῶν
2803 2289 3012 2344 ἀσεϐῶν
3036 2307 3095 2344 συ
3105 2291 3381 2362 μπεράνας
3407 2290 3494 2343 τὸν
3523 2289 3734 2360 πρῶτον
3765 2288 3908 2356 ψαλ-

2416 2387 2513 2454 μὸν
2533 2427 2545 2445 .
2578 2386 2641 2437 ἐκ
2672 2385 2874 2453 ταύτης
2902 2383 3059 2437 πάλιν
3083 2383 3176 2435 τοῦ
3204 2382 3247 2452 β’
3272 2382 3369 2454 τὴν
3399 2381 3567 2452 ἀρχὴν
3586 2381 3904 2450 ἐποιήσατο,

2414 2475 2694 2536 διδάσκων,
2722 2475 2888 2528 ὅτιτὸ
2933 2474 3322 2545 προειρημένον
3355 2472 3459 2525 τῶν
3505 2470 3711 2525 ἀσεϐῶν
3748 2468 3908 2532 τέλος

2415 2573 2508 2624 καὶ
2536 2575 2659 2637 τοὺς
2689 2569 2829 2624 κατά
2850 2569 2943 2622 τοῦ
2977 2569 3222 2641 Σωτῆρος
3247 2568 3610 2638 λυττήσαντας
3649 2563 3908 2628 ὑποδέξε-

2411 2677 2517 2714 ται.

2410 2659 2607 2800 ﬁeld
2633 2746 2936 2815 ἐφρύαξαν
2960 2745 3101 2811 ἔθνη
3126 2743 3219 2799 καὶ
3242 2742 3378 2796 λαοὶ
3409 2741 3780 2810 ἐμελέτησαν
3805 2755 3911 2794 κε-

2339 2834 2451 2898 νά;
2481 2835 2661 2906 Φρύαγ
2672 2853 2745 2905 μα
2775 2836 2831 2887 τὸ
2847 2835 3033 2903 ἄλογον
3059 2834 3225 2904 φρόνη
3234 2850 3326 2903 μα.
3345 2833 3473 2885 Ἀπὸ
3493 2829 3668 2884 κοινοῦ
3697 2830 3778 2892 τὸ,
3802 2831 3911 2883 ἵνα

2341 2928 2416 2993 τί,
2446 2929 2723 2980 τουτέστι·
2756 2929 2856 2983 Διά
2881 2928 2935 2980 τί
2961 2931 3011 2982 οἱ
3035 2926 3169 2980 λαοὶ
3191 2925 3558 2994 ἐμελέτησαν
3576 2923 3719 2977 κενά
3735 2939 3754 2985 ;
3778 2921 3908 2984 Πῶς

2340 3021 2446 3091 γὰρ
2478 3021 2536 3072 οὑ
2581 3019 2712 3072 κενά
2737 3019 2955 3087 γέγονεν
2986 3019 3165 3080 αὐτοῖς
3199 3020 3230 3087 ὴ
3262 3016 3453 3088 μελέτη
3485 3017 3560 3087 μὴ
3591 3015 3912 3086 δεξαμένοις

2342 3113 2430 3165 τὸν
2449 3113 2673 3184 Σωτῆρα
2697 3111 2787 3165 τοῦ
2814 3110 3030 3180 γένους;

2415 3310 2552 3382 [Τίς,
2585 3311 2765 3378 φησὶν,
2784 3312 2816 3379 ἡ
2837 3309 2984 3361 αίτία
3006 3308 3254 3361 τοσούτου
3283 3308 3466 3378 μίσους
3494 3309 3572 3370 εἰς
3599 3308 3762 3359 ταυτδ
3787 3323 3913 3357 συν·-

2341 3405 2564 3473 δραμεῖν
2612 3402 2736 3472 ἔθνη
2783 3402 2874 3453 καὶ
2909 3400 3102 3463 λαούς;
3143 3400 3215 3452 Τὸ
3257 3399 3383 3470 γὰρ,
3410 3397 3731 3467 ἐφρύαξαν,
3762 3399 3913 3450 κατὰ

2341 3495 2561 3548 τοσοῦτο
2610 3493 3139 3565 ὑπερηφανεύσαντο,
3173 3493 3421 3563 σημαίνει
3471 3493 3532 3544 τὸ
3585 3492 3696 3561 μετ’
3729 3493 3913 3562 ὲπάρυ

2343 3603 2478 3651 σεως
2517 3589 2606 3639 καὶ
2638 3587 3004 3656 μεγαλαυχίας
3031 3586 3171 3648 τινὸς
3206 3585 3562 3656 ταράσσεσθαι
3609 3585 3700 3637 καὶ
3745 3584 3914 3654 θορυ-

2342 3677 2568 3731 ϐεῖσθαι.
2586 3678 2915 3746 Μετενεχϐὲν
2938 3678 3043 3730 ἀπὸ
3066 3679 3161 3747 τῆς
3183 3677 3376 3745 ἀλόγου
3400 3676 3504 3728 τῶν
3530 3677 3706 3728 ἵππων
3726 3676 3916 3747 ὁρμῆς

2342 3771 2427 3822 ἐπ’
2461 3770 2631 3821 οὐδενὶ
2659 3768 2765 3820 τῶν
2795 3769 3017 3821 δεόντων
3037 3785 3048 3796 ·
3081 3768 3107 3820 ὅ
3141 3768 3332 3838 συνέϐη
3364 3771 3472 3830 τοῖς
3509 3767 3781 3829 Ἰουδαίοις
3812 3768 3916 3819 ἐπὶ

2342 3859 2596 3931 Χριστοῦ.
2626 3860 2689 3911 Τί
2717 3860 2774 3911 τὸ
2805 3859 2973 3911 αἴτιον
3006 3861 3082 3922 εἰς
3101 3858 3268 3911 ταυτὸ
3301 3859 3621 3930 συνδραμεῖν
3652 3857 3779 3929 ἔθνη
3811 3861 3917 3910 καὶ

2341 3948 2533 4014 λαούς;
2583 3947 2707 4001 Εἴτε
2758 3948 2865 4019 γὰρ
2911 3950 3036 4011 τοὺς
3081 3949 3414 4020 Ἰσραηλίτας
3462 3949 3593 4019 φησὶ
3641 3947 3766 4019 ἔθνη
3810 3953 3919 4002 καὶ

2341 4039 2519 4103 λαοὺς,
2551 4038 2659 4090 εἴτε
2689 4039 2814 4100 τοὺς
2842 4039 2967 4108 περὶ
3005 4038 3245 4110 Ἡρώδην
3281 4038 3373 4090 καὶ
3401 4037 3626 4090 Πιλᾶτον
3655 4038 3730 4100 ὡς
3763 4037 3918 4090 EGV:-

2343 4133 2490 4196 κους,
2520 4133 2614 4184 καὶ
2646 4131 2806 4194 λαοὺς
2835 4132 2956 4193 τοὺς
3001 4129 3326 4201 Ίουδαίους.]

2414 4301 2831 4374 [Παρέστησαν
2871 4308 2923 4358 ot
2959 4304 3239 4372 βασιλεῖς
3275 4307 3384 4373 τῆς
3424 4306 3552 4376 τῆς,
3599 4307 3689 4372 Τὸ,
3757 4320 3908 4376 παρ·

2341 4397 2628 4461 έστησαν,
2654 4397 2772 4448 ἀντὶ
2815 4395 2932 4461 τοῦ,
2983 4398 3206 4459 ἑαυτοὺς
3243 4398 3379 4468 πρὸς
3424 4397 3578 4450 τοῦτο
3619 4395 3920 4468 ἀφώρισαν

687 4503 880 4558 nempe
904 4498 957 4542 et
983 4488 1212 4544 Pontius
1234 4488 1460 4545 Pilatus.
1490 4489 1565 4543 Ita
1605 4492 1778 4545 sancti
1804 4493 2032 4561 apostoli
2058 4493 2110 4548 in
2138 4493 2239 4551 Ac-

2348 4487 2582 4557 βασιλεῖς
2620 4487 2858 4558 Ἡρώδης
2916 4506 2972 4541 τε
3025 4490 3116 4543 καὶ
3168 4491 3384 4553 Πόντιος
3438 4490 3680 4552 Πιλᾶτος.
3713 4487 3919 4556 Οὕτως

687 4582 830 4635 tibus
864 4581 1194 4650 interpretati
1224 4581 1392 4654 sunt.]

754 4673 808 4726 2.
841 4672 909 4727 Et
941 4673 1198 4742 principes
1250 4683 1590 4727 convenerunt
1629 4675 1682 4726 in
1722 4690 1900 4729 unum.
1938 4673 2243 4744 Supradicti

686 4763 892 4817 scilicet
921 4763 1137 4818 ordines
1168 4781 1180 4817 :
1220 4764 1412 4818 scriba:
1435 4764 1710 4825 nimirum,
1733 4763 1985 4820 Pharisaei
2006 4777 2060 4822 et
2086 4769 2244 4838 legis-

686 4854 859 4923 periti.
884 4853 1137 4907 Adversus
1161 4855 1438 4908 Dominum
1466 4864 1512 4908 et
1549 4857 1794 4910 adversus
1825 4857 2088 4911 Christum
2106 4858 2239 4928 ejus.

688 4947 897 5001 Insidiae
921 4947 1064 5001 enim
1091 4947 1143 4998 in
1175 4945 1448 5001 Christum
1482 4957 1698 5015 parata,
1731 4949 1781 4999 in
1818 4949 1994 5017 ipsum
2025 4965 2242 5019 quoque

685 5039 897 5095 Patrem
940 5047 1174 5094 vertunt.
1217 5037 1350 5091 Nam
1398 5040 1442 5094 si
1482 5038 1637 5092 Pater
1664 5039 1715 5092 in
1741 5037 1874 5091 Filio
1902 5051 1954 5094 et
1989 5039 2154 5096 Filius
2185 5042 2237 5095 in

681 5131 864 5196 Patre,
891 5133 1168 5200 quomodo
1194 5146 1298 5186 non
1331 5147 1435 5185 una
1463 5131 1514 5184 in
1540 5139 1829 5200 utrumque
1863 5140 2098 5185 vertatur
2117 5149 2240 5187 con-

688 5224 945 5278 tumelia?

2349 4582 2440 4633 καὶ
2457 4581 2503 4632 οἱ
2522 4581 2662 4648 ἅγιοι
2691 4581 2972 4634 ἀπόστολοι
3000 4585 3056 4635 ὲν
3088 4587 3205 4646 ταῖς
3222 4585 3486 4653 Πράξεσιν
3511 4586 3883 4656 ἡρμήνευσαν.
3905 4587 3918 4657 ι

2419 4676 2530 4728 Καὶ
2560 4679 2612 4727 οἱ
2643 4676 2926 4744 ἄρχοντες
2963 4676 3359 4744 συνήχθησαν
3390 4679 3489 4731 ἐπὶ
3528 4679 3594 4731 τὸ
3627 4679 3793 4732 αὑτό.
3824 4678 3920 4734 Τὰ

2351 4767 2710 4838 προλεχθέντα
2734 4771 3005 4839 τάγματα·
3033 4772 3373 4839 γραμματεῖς
3400 4771 3492 4822 καὶ
3506 4771 3786 4840 Φαρισαῖοι
3812 4773 3920 4824 καὶ

2348 4863 2579 4932 νομικοί.
2605 4862 2764 4915 Κατὰ
2797 4862 2902 4914 τοῦ
2931 4864 3148 4928 Κυρίου
3186 4864 3283 4914 καὶ
3320 4865 3467 4917 κατὰ
3498 4863 3602 4917 τοῦ
3647 4866 3920 4932 Χριστοῦ

2346 4953 2549 5006 αὑτοῦ.
2569 4954 2630 5005 'H
2665 4953 2773 5024 γὰρ
2805 4955 2881 5016 εἰς
2905 4955 2995 5006 τὸν
3023 4954 3253 5024 Χριστὸν
3281 4955 3534 5026 ἐπιϐουλὴ
3563 4956 3657 5008 καὶ
3697 4957 3778 5019 εἰς
3808 4958 3920 5009 αὐ-

2345 5045 2432 5096 τὸν
2478 5046 2755 5115 ἀνατρέχει
2803 5044 2893 5099 τὸν
2947 5047 3180 5116 Πατέρα.
3213 5048 3274 5100 Εἰ
3301 5048 3406 5118 γὰρ
3435 5050 3463 5101 ὁ
3506 5048 3691 5119 Πατὴρ
3740 5051 3800 5101 ἐν
3829 5051 3920 5119 τῷ

2346 5135 2460 5206 Υἱῷ
2490 5137 2581 5188 καὶ
2603 5139 2630 5189 ὁ
2659 5137 2783 5200 Υἱὸς
2814 5140 2870 5190 ὲν
2922 5139 2997 5208 τῷ
3041 5139 3235 5211 Πατρὶ,
3273 5140 3387 5203 πῶς
3412 5141 3472 5192 οὐ
3497 5141 3588 5192 καὶ
3630 5140 3726 5209 μία
3758 5143 3791 5211 ἠ
3828 5146 3920 5207 είς

2346 5228 2539 5291 αὐτοὺς
2571 5227 2724 5298 ὕϐρις
2748 5230 2937 5302 γένοιτ’
2971 5231 3066 5294 ἀνς

764 5338 958 5401 Adjicit
990 5338 1174 5391 Daniel
1210 5338 1480 5392 Barbarus
1512 5354 1529 5392 :
1564 5337 1697 5392 Nam
1727 5340 2137 5409 praepositiones
2158 5341 2298 5407 dum,
2326 5353 2379 5397 et
2425 5345 2633 5400 articuli
2690 5347 2817 5412 duo,
2873 5348 3010 5403 duas
3058 5365 3272 5420 quoque
3300 5363 3558 5419 personas
3592 5348 3866 5406 inducunt
3905 5373 3921 5405 :

687 5431 899 5486 Patrem
929 5433 1210 5497 nimirum,
1238 5444 1291 5487 et
1316 5433 1534 5499 Filium,
1558 5434 1713 5504 juxta
1745 5435 1890 5499 illud,
1925 5438 2068 5506 quod
2103 5454 2131 5492 a
2157 5437 2374 5495 Christo
2403 5442 2605 5496 dictum
2637 5453 2718 5498 cst
2747 5445 2790 5476 ⁸³
2817 5461 2833 5499 :
2868 5445 2971 5510 Qui
3004 5462 3080 5500 me
3117 5449 3315 5516 recipit,
3356 5446 3532 5514 recipit
3554 5462 3668 5500 eum
3702 5448 3796 5514 qui
3838 5467 3926 5503 me

689 5527 870 5590 misit;
895 5538 943 5580 et
971 5530 1058 5596 qui
1091 5545 1167 5582 me
1193 5531 1407 5597 spernit,
1439 5531 1616 5584 ambos
1644 5532 1860 5599 spernit.

763 5757 805 5792 ⁸⁷
838 5755 1025 5812 Matth.
1049 5774 1171 5827 xxv,
1202 5759 1291 5816 41.

1370 5761 1411 5793 ⁵⁸
1439 5761 1606 5817 Exod.
1640 5777 1806 5829 xxxii,
1841 5761 1924 5815 l2.
1997 5761 2040 5796 δ’
2066 5759 2194 5816 Luc.
2231 5777 2280 5828 κ,
2317 5761 2398 5818 i6.
