4074 6304
164 380 226 435 οδ
1302 383 1653 439 EXI‘OSITIO
1697 382 1760 437 IN
1800 381 2126 439 PSALMUM
2170 382 2231 439 Il.
3306 394 3378 450 56

225 497 633 567 Διαρῤτίξωμεν
690 502 828 567 τοὺς
874 500 1130 573 δεσμοὺς
1173 506 1383 560 αὐτῶν.
1414 506 1599 557 Λείπει
1631 504 1709 568 τὸ,

1885 504 1937 557 3.
1967 503 2341 572 Dirumpamus
2368 504 2570 558 vincula
2605 522 2805 560 eorum.
2838 505 2996 562 Deest
3017 507 3165 572 illud,
3198 510 3374 565 dicen-

159 585 462 656 λέτοντες·
498 589 585 641 ἰνα
690 592 722 661 η
753 590 956 644 διάνοια
999 591 1135 664 αὕτη
1162 611 1175 624 ·
1202 594 1543 664 Συνήχθησαν
1576 595 1713 647 κατὰ

158 676 245 729 τοῦ
276 676 479 747 Κυρίου
523 680 616 731 καὶ
662 679 799 733 κατὰ
828 681 920 733 τοῦ
953 683 1185 753 Χριστοῦ
1218 684 1400 747 αὑτοῦ,
1426 683 1669 750 λέγοντες
1697 698 1710 712 ·

158 768 539 842 Διαρρήξωμιν
570 770 695 832 τοὺς
722 770 947 840 δεσμοὺς
978 772 1172 826 αὐτῶν.
1198 774 1397 845 Οὑχὰρ
1422 773 1607 844 ήθελον
1640 774 1714 825 εἴ-

160 876 232 911 σω
256 862 354 930 τῆς
387 862 536 931 ἱερᾶς
568 861 817 929 γενέσθαι
846 864 1101 934 σαγήνης,
1129 867 1253 936 περὶ
1275 862 1343 937 ἧς
1371 866 1706 935 γέγραπται·

170 952 359 1018 Ὁμοία
398 952 570 1005 ἐστὶν
613 954 651 1020 ἠ
684 954 970 1017 ,βασιλεία
1012 954 1129 1007 τῶν
1157 956 1425 1024 οὐρανῶν
1452 956 1707 1025 σαγήνῃ.

156 1044 259 1096 Καὶ
292 1045 710 1115 (homiin
733 1047 831 1115 ἀφ’
856 1047 1023 1115 ἡμῶν
1043 1049 1148 1101 τὸν
1168 1048 1343 1119 ζυγὸν
1363 1048 1579 1104 αὐτῶν.
1601 1050 1711 1120 Τὴν

156 1134 430 1207 βαρύτητα
465 1135 558 1188 τοῦ
602 1136 785 1207 νόμου,
818 1138 942 1208 περὶ
968 1132 1028 1191 οὗ
1056 1140 1241 1210 εἴρηκε
1262 1156 1275 1171 ο
1313 1141 1364 1192 Ὁ
1399 1142 1507 1209 γὰρ
1540 1140 1711 1208 ζυγός

148 1245 265 1295 μου
287 1229 566 1297 χρηστὸς,
599 1231 694 1283 καὶ
733 1228 799 1283 t6
830 1233 1073 1299 φορτίον
1093 1250 1210 1301 μου
1234 1233 1494 1301 ἐλαφρόν
1518 1234 1705 1289 ἐστιν.

217 1340 361 1415 [Τὸν
384 1340 795 1411 ζυγύναύτῶνο
833 1346 864 1416 ἡ
910 1346 1016 1415 γὰρ
1057 1346 1136 1409 εἰς
1173 1346 1263 1397 τὸν
1306 1346 1537 1416 Χριστὸν
1593 1346 1709 1397 ἐπι-

152 1434 312 1503 ϐουλὴ
337 1434 430 1486 καὶ
458 1437 534 1497 είς
563 1435 721 1488 αὑτὸν
749 1436 1033 1507 ἀνατρέχει
1065 1436 1156 1489 τὸν
1178 1434 1412 1499 Πατέρα.
1446 1436 1508 1487 El
1545 1434 1651 1506 γὰρ
1679 1436 1707 1487 6

151 1524 333 1595 Πατὴρ
366 1527 423 1579 ἐν
454 1526 531 1596 τῷ
565 1526 693 1596 Υίῷ,
722 1529 811 1581 καὶ
840 1529 869 1580 6
894 1529 1017 1591 Υἱὸς
1049 1529 1106 1583 ἐν
1138 1528 1215 1599 τῷ
1239 1530 1431 1600 Πατρὶ,
1466 1528 1580 1593 πῶς
1607 1530 1705 1582 οὐκ

152 1616 211 1669 ἂν
244 1618 343 1687 μία
372 1635 456 1681 τις
484 1619 566 1689 εἴη
598 1620 631 1691 ἡ
654 1621 734 1683 είς
760 1621 950 1683 αὐτοὺς
978 1619 1132 1692 ὕϐρις
1153 1619 1193 1693 ς]

228 1731 280 1780 Ὀ
319 1729 612 1783 κατοικῶν
643 1733 712 1784 ὲν
735 1731 1007 1799 οὐρανοῖς
1044 1732 1425 1803 ἐκγελάσεται
1462 1734 1699 1799 αὐτούς.

1815 605 1923 661 tes;
1956 606 2012 649 ut
2054 596 2169 649 hazc
2199 608 2267 649 snt
2297 598 2561 650 sententia
2592 616 2602 651 :
2638 608 3007 651 convenerunt
3037 607 3223 651 contra
3266 597 3375 652 Du-

1813 690 2019 742 minum
2048 698 2101 743 et
2130 699 2316 743 contra
2352 688 2652 754 Christum,
2682 690 2920 744 dicentes
2949 708 2963 746 :
2995 689 3375 760 Dirumpamus

1811 780 2026 834 vincula
2069 796 2279 835 eorum.
2312 779 2616 837 Noluerunt
2653 782 2796 836 enim
2842 783 2981 838 intra
3018 800 3228 840 sacram
3254 800 3375 839 esse

1811 886 2087 940 sagenam,
2118 872 2184 926 de
2223 888 2328 941 qua
2378 874 2636 943 scriptum
2677 885 2793 929 est:
2824 873 3007 929 Simile
3042 887 3118 930 est
3162 894 3373 948 regnum

1810 962 2055 1016 caelorum
2106 980 2308 1033 sageme
2332 964 2397 1018 °°.
2450 965 2519 1019 Et
2554 968 2895 1037 projiciamus
2932 986 2961 1023 α
2996 970 3143 1024 nobis
3185 971 3373 1042 jugum

1809 1056 2062 1124 ipsorum.
2093 1056 2419 1112 Gravitatem
2466 1059 2619 1129 legis,
2648 1060 2712 1115 de
2758 1077 2864 1130 qua
2911 1062 3047 1121 dixit
3068 1063 3147 1116 ἠε
3176 1062 3374 1134 Jugum

1807 1150 1945 1203 enim
1978 1166 2145 1204 meum
2172 1167 2329 1205 suave
2360 1163 2459 1219 est,
2490 1164 2538 1207 et
2566 1170 2693 1208 onus
2721 1169 2889 1209 meum
2924 1156 3048 1212 leve.

1879 1343 2097 1417 [Iugum
2140 1348 2394 1417 ipsorum.
2426 1348 2561 1405 Nam
2611 1352 2821 1407 insidia:
2864 1364 3051 1409 contra
3094 1355 3369 1411 Christum

1806 1439 1871 1492 ad
1914 1440 2086 1508 ipsum
2134 1453 2423 1499 recurrunt
2469 1443 2706 1502 Patrem.
2756 1446 2811 1501 Si
2859 1465 3094 1518 namque
3125 1449 3285 1505 Pater
3316 1452 3367 1505 in

1804 1528 1961 1597 Filio,
2001 1541 2054 1586 et
2082 1531 2253 1589 Filius
2281 1536 2334 1589 in
2373 1534 2532 1591 Patre
2566 1549 2666 1602 est,
2693 1542 2963 1609 quomodo
2989 1557 3096 1595 non
3130 1558 3236 1596 una
3261 1542 3372 1597 fue-

1803 1622 1871 1676 rit
1899 1623 1966 1677 iis
2000 1623 2147 1679 illata
2173 1629 2498 1681 contumelia
2517 1626 2570 1700 ?]

1870 1732 1923 1787 ι.
1960 1734 2063 1799 Qui
2107 1737 2309 1789 habitat
2362 1740 2417 1792 in
2460 1742 2599 1794 caelis
2646 1743 2883 1797 irridebit
2925 1761 3029 1799 eos.
3086 1743 3366 1815 Tanquam

163 1822 241 1885 Ὠς
266 1824 468 1894 ἀνόητα
492 1823 939 1894 βουλευσαμένους
959 1841 972 1855 ·
1005 1827 1033 1878 6
1076 1825 1182 1896 γὰρ
1210 1827 1300 1878 ὑπ’
1324 1826 1499 1879 αὐτῶν
1530 1843 1696 1896 προσ-

1805 1827 1963 1880 stulta
2021 1830 2366 1887 consulentes
2407 1852 2419 1887 :
2456 1835 2549 1903 qui
2589 1835 2731 1889 enim
2783 1837 2850 1891 ab
2886 1837 2990 1893 illis
3015 1842 3257 1893 conlitus
3286 1848 3368 1893 cst

147 1914 391 1982 ηλωθεὶς,
418 1916 510 1967 καὶ
538 1914 747 1986 θανάτῳ
778 1916 1115 1987 παραδοθεὶς,
1144 1919 1200 1969 ἐν
1238 1917 1482 1988 οὐρανοῖς
1510 1917 1583 1969 ὢν
1608 1919 1701 1971 καὶ

146 2008 209 2060 τὰ
236 2006 412 2059 πάντα
438 2006 719 2078 περιέχων,
744 2008 901 2072 κενὰς
926 2009 1101 2062 αὐτῶν
1132 2009 1225 2063 καὶ
1251 2010 1478 2080 ματαίας
1504 2010 1703 2062 δείκνυε

149 2113 195 2150 ει
224 2098 323 2159 τὰς
352 2097 564 2167 βουλάς.
595 2100 703 2152 Καὶ
726 2101 755 2152 6
776 2099 965 2152 τούτου
991 2100 1046 2153 δὲ
1068 2101 1255 2172 Πατὴρ
1285 2103 1375 2154 καὶ
1402 2101 1507 2153 τῶν
1529 2101 1698 2153 ἀπάν-

145 2205 244 2241 των
292 2190 569 2261 Δεσπότης
615 2191 711 2262 τὴν
757 2192 913 2258 ἀξίαν
954 2191 1116 2245 αὑτοῦ
1151 2193 1493 2263 εἰσπράξεται
1522 2192 1693 2262 δίκην.

144 2278 247 2332 Καὶ
302 2283 337 2333 ό
388 2282 601 2348 Κύριος
645 2283 1025 2351 ἐκμυκττιριεῖ
1066 2285 1300 2347 αὐτούς.
1330 2282 1699 2349 Ἐξουδενώσει

144 2375 244 2443 γὰρ
266 2374 487 2437 αὐτοὺς,
520 2374 673 2443 φησὶ,
705 2374 794 2426 καὶ
830 2376 1046 2444 μισήσει
1085 2377 1176 2429 καὶ
1202 2375 1696 2446 ἀποστραφήσεται.

209 2464 657 2536 [Καταγ-ελάσει,
687 2466 805 2518 ἀντὶ
832 2464 946 2527 τοῦ,
987 2470 1201 2537 μισήσει
1232 2468 1323 2519 καὶ
1351 2468 1699 2538 ἀποστραφή-

143 2573 300 2610 σεται.
322 2557 464 2609 Ἀλλ’
485 2560 512 2611 6
534 2558 642 2610 τῶν
668 2556 1136 2625 ἐπιϐουλευόντων,
1160 2560 1343 2630 φησιν,
1374 2559 1698 2630 ὑψηλότερος

141 2650 517 2717 καταγελάσει,
554 2652 670 2722 ἦτοι
725 2650 933 2719 γέλωτα
984 2650 1080 2722 τὴν
1137 2651 1355 2705 ἐκείνων
1408 2653 1697 2722 ἐπιϐουλὴν

141 2743 419 2810 ἀποφανεῖ,
449 2742 524 2806 ὡς
568 2744 811 2815 ἀνοήτοις
842 2746 1273 2816 ἐπιχειρούντων.
1304 2747 1411 2799 Kal.
1442 2745 1546 2815 γὰρ
1593 2763 1695 2814 μυ-

142 2834 432 2904 κτηρισμός
465 2836 581 2887 ἐστι
613 2836 823 2905 πνεῦμα
841 2837 927 2889 διὰ
958 2838 1115 2906 ῥινῶν
1136 2837 1425 2906 ἀφιέμενον
1454 2840 1531 2901 είς
1554 2839 1698 2904 ἐξου-

140 2923 348 2975 δένωῑιν
370 2924 483 2975 τῶν
510 2924 716 2994 μεγάλα
742 2925 1175 2995 φρυαττομένων.
1210 2926 1318 2978 Kal.
1339 2927 1399 2978 τὸ
1428 2928 1564 2997 μετὰ
1588 2928 1695 2981 τῶν

140 3018 438 3085 προθέσεων
490 3017 545 3071 δὲ
591 3017 761 3071 ταῦτα
806 3018 1051 3090 είρῆσθαι
1096 3019 1544 3091 ἐπιτατικώτερον
1584 3022 1695 3092 ἔχει

138 3112 217 3165 τὸν
250 3112 484 3180 γέλωτα.
510 3111 621 3165 Kal.
652 3112 713 3163 οὐ
745 3112 919 3182 μόνον,
952 3112 1100 3182 φησὶ,
1128 3111 1303 3174 τοῦτο,
1330 3112 1463 3165 ἀλλὰ
1490 3114 1579 3165 καὶ
1604 3114 1695 3183 ὀρ-

138 3206 228 3274 γῆς
256 3203 724 3276 πειραθήσονται.]

204 3319 335 3371 Τότε
357 3317 624 3383 ..λαλήσει
657 3315 805 3385 πρὸς
830 3316 1045 3380 αὐτοὺς
1064 3317 1133 3369 ἐν
1159 3314 1305 3386 ὀργῇ
1325 3315 1688 3382 αὐτοῦ.Τότε,

140 3409 275 3469 εὖτε,
311 3409 345 3477 ἦ
393 3409 488 3461 ὅτε
538 3407 717 3473 ἔλεγον
744 3423 758 3436 ·
809 3407 1218 3476 Διαρῤήξωμεν
1263 3407 1401 3472 τοὺς
1432 3406 1692 3476 δεσμοὺς

138 3498 353 3563 «arar,-
381 3498 526 3550 Τίδέ
552 3497 752 3549 ἐστιτὰ
781 3500 836 3551 ἐν
862 3500 995 3569 ὀργῇ
1024 3498 1151 3569 παρ’
1174 3498 1336 3552 αὑτοῦ
1362 3498 1687 3569 λαληθέντας

139 3591 245 3659 ἦτό
264 3608 278 3621 ·
326 3589 479 3643 Οὐαὶ
508 3588 667 3657 ὑμῖν,
698 3591 1048 3659 γραμματεῖς
1098 3590 1192 3642 καὶ
1226 3590 1529 3658 Φαρισαῖοι
1552 3606 1564 3617 ·
1600 3592 1691 3643 καὶ

136 3682 188 3734 τό
206 3699 217 3711 ·
252 3682 593 3751 Ἀρθήσεται
611 3683 711 3751 ἀφ’
744 3682 907 3751 ὑμῶν
932 3684 969 3750 ἡ
986 3682 1272 3746 ,Βασιλεία
1293 3698 1305 3710 ·
1341 3682 1429 3735 καὶ
1458 3682 1547 3734 τό⁴
1580 3682 1687 3736 Καὶ

136 3773 262 3842 ὑμῖν
296 3774 437 3829 οὐαὶ
474 3773 597 3840 τοῖς
619 3772 900 3843 νομικοῖς.

197 3864 457 3939 [Στρατιὰ
485 3867 592 3937 γὰρ
630 3866 824 3929 αὐτοὺς
862 3866 1138 3937 Ῥωμαῖκὴ
1187 3864 1684 3937 ἐξηνδραποδίσατο.

136 3962 373 4028 Διαφέρει
404 3958 464 4011 δὲ
495 3958 665 4028 θυμὸς
689 3958 875 4028 ὀργῆς,
906 3957 983 4029 τῷ
1024 3958 1192 4028 θυμὸν
1224 3958 1320 4028 μὲν
1353 3954 1489 4010 εἶναι
1520 3958 1687 4029 ὀργὴν

134 4050 578 4120 ἀναθυμιωμένην
601 4050 694 4102 καὶ
721 4048 799 4101 ἔτι
827 4048 1205 4118 ἐκκαιομένην,
1231 4048 1397 4119 ὀργὴν
1429 4048 1483 4101 δὲ
1511 4048 1685 4119 ὄρεξιν

134 4144 549 4214 ἀντιλυπήσεως.
569 4140 933 4211 Ἀτελέστερος
971 4136 1062 4193 οὖν
1107 4140 1203 4211 τῆς
1244 4140 1412 4212 ὀργῆς
1441 4141 1468 4193 6
1496 4139 1682 4212 θυμὸς,

135 4235 469 4307 ἀποτέλεσμά
497 4250 559 4286 τε
589 4236 623 4303 ἡ
658 4232 812 4303 ὀργή.
846 4234 953 4287 Καὶ
981 4232 1233 4286 τοιούτων
1269 4233 1325 4287 δέ
1369 4232 1473 4285 τῶν
1506 4234 1682 4305 equa-

133 4343 225 4381 των
264 4329 362 4399 τὴν
403 4325 700 4399 ἑρμηνείαν
736 4326 970 4379 διδάσκει
1005 4327 1067 4379 τὸ
1096 4326 1248 4389 τέλος
1279 4325 1385 4379 τῶν
1416 4327 1684 4397 πραγμά-

136 4436 243 4473 των.
269 4420 513 4491 Στρατιὰ
540 4418 646 4490 γὰρ
671 4418 849 4481 αὐτοῖς
881 4420 1145 4472 ἐπιστᾶσα
1183 4418 1461 4491 Ῥωμαϊκὴ
1491 4420 1591 4490 τήν
1620 4436 1680 4473 τε

1801 1928 1853 1970 et
1880 1918 2038 1972 morti
2072 1920 2319 1988 traditus,
2349 1940 2471 1978 cum
2515 1926 2569 1979 in
2610 1929 2761 1982 cmhs
2801 1929 2871 1983 sit
2898 1940 2951 1983 et
2977 1930 3159 1984 omnia
3191 1931 3367 1985 conti-

1800 2020 1941 2075 neat,
1969 2027 2105 2066 vana
2139 2014 2428 2083 inaniaque
2452 2017 2693 2072 declarat
2721 2035 2909 2074 eorum
2937 2022 3187 2076 consilia.
3214 2021 3368 2093 Ejus-

1798 2116 1903 2169 qne
1924 2100 2102 2169 Pater,
2132 2107 2483 2177 omniumque
2509 2109 2787 2175 Dominus,
2810 2112 3001 2180 dignas
3034 2114 3257 2183 hujusce
3286 2121 3363 2173 rei

1797 2205 2057 2262 exposcet
2088 2212 2296 2265 poenas.
2320 2197 2388 2251 Et
2415 2199 2667 2254 Dominus
2696 2204 3041 2258 subsannabit
3067 2222 3170 2260 eos.
3197 2206 3362 2274 Quasi

1800 2284 2027 2339 nihilum
2059 2288 2338 2359 despiciet,
2372 2292 2500 2345 odio
2523 2293 2760 2361 habebit,
2789 2297 3149 2351 aversabitur.

1872 2461 2164 2534 [Irridebit,
2192 2483 2254 2524 ac
2281 2469 2325 2523 si
2348 2468 2568 2532 diceret,
2591 2471 2717 2526 odio
2735 2472 2973 2537 habebit.
3003 2477 3360 2533 aversabitur.

1800 2556 1905 2610 Sed
1936 2558 2026 2627 qui
2063 2559 2495 2629 insidiatoribus,
2526 2563 2721 2633 inquit,
2750 2566 3015 2621 excelsior
3039 2578 3145 2635 est,
3175 2569 3365 2624 irride-

1799 2646 1879 2700 bit
1909 2662 2025 2713 eos,
2058 2650 2173 2703 sive
2204 2653 2314 2707 risu
2351 2654 2543 2724 dignas
2571 2672 2761 2711 eorum
2795 2659 3023 2715 insidias
3046 2662 3361 2729 declarabit,

1796 2744 1980 2804 utpote
2006 2741 2097 2806 qui
2131 2740 2298 2793 stulto
2332 2744 2548 2810 negotio
2594 2760 2813 2801 manum
2842 2749 3200 2805 admoverint.
3224 2751 3361 2807 Nam

1796 2827 2148 2882 subsannatio
2175 2840 2258 2885 est
2286 2830 2447 2887 ﬂatus
2477 2849 2570 2902 per
2604 2851 2762 2891 nares
2793 2838 3049 2906 emissus,
3076 2841 3142 2894 ad
3167 2843 3359 2913 despe—

1796 2924 1941 2971 ctum
1986 2935 2175 2975 eorum
2202 2924 2297 2992 qui
2338 2925 2609 2995 ingentem
2658 2927 2930 2984 fremitum
2979 2932 3165 2986 edunt.
3205 2932 3359 3000 Quod

1796 3017 1977 3062 autem
2022 3014 2323 3080 prapositis
2372 3017 2743 3083 superioribus
2786 3019 2900 3074 haec
2941 3018 3216 3087 dicantur,
3244 3038 3360 3076 am»

1796 3099 2018 3167 plinrem
2047 3103 2284 3169 praebent
2316 3106 2457 3159 risus
2500 3110 2803 3162 materiam.
2838 3108 3022 3180 Neque
3060 3112 3115 3167 id
3155 3115 3361 3169 solum-

1719 3204 1764 3267 ς
1796 3189 1974 3253 modo,
2005 3191 2196 3261 inquit,
2229 3194 2321 3248 sed
2345 3196 2478 3249 iram
2503 3200 2772 3267 experturi
2801 3199 2970 3272 sunt.]

1862 3308 1913 3363 5.
1942 3306 2085 3361 Tum
2122 3308 2361 3378 loquetur
2392 3311 2462 3364 ad
2495 3329 2579 3365 eos
2619 3314 2672 3367 in
2698 3316 2780 3368 ira
2810 3332 2928 3370 sua.
2955 3317 3144 3389 Tunc;
3185 3339 3358 3391 quan-

1792 3399 2009 3454 donam.
2053 3401 2152 3454 nisi
2183 3417 2305 3455 cum
2341 3404 2603 3467 dicereut,
2637 3405 3011 3477 Dirumpamus
3038 3414 3245 3468 vincula
3272 3433 3359 3469 eo-

1792 3493 1951 3544 rum?
1991 3491 2127 3555 Quid
2176 3502 2353 3545 autem
2406 3503 2487 3547 est
2532 3497 2673 3563 quod
2724 3498 2775 3551 in
2808 3499 2884 3552 ira
2929 3516 3026 3555 sua
3069 3504 3357 3573 loquetur?

1789 3579 1921 3635 Illud
1957 3600 1970 3634 :
2008 3580 2095 3635 Vae
2119 3584 2281 3647 vobis,
2314 3585 2500 3639 scriba.-
2530 3596 2575 3639 et
2614 3586 2970 3660 Pliariaa'i";
3005 3604 3059 3649 et
3090 3595 3219 3651 illud
3245 3616 3259 3652 :
3287 3597 3352 3652 Et

1789 3672 1928 3727 vobis
1952 3690 2153 3745 quoque
2183 3674 2519 3746 legisperitis,
2548 3696 2623 3733 va:
2658 3681 2723 3737 “.

1860 3872 2014 3946 [Nam
2048 3873 2325 3932 Romanus
2350 3880 2621 3935 exercitus
2648 3880 2699 3936 in
2724 3884 3091 3954 captivitatem
3117 3889 3237 3945 illos
3261 3892 3352 3949 ab-

1786 3962 1958 4017 duxit.
1988 3962 2159 4018 Furor
2189 3975 2366 4023 autem
2390 3969 2551 4023 abira
2572 3971 2770 4039 differt,
2798 3977 2939 4045 quod
2968 3977 3120 4035 [uror
3150 3982 3219 4036 sit
3243 3983 3352 4039 nl-

1787 4064 1846 4108 ut
1894 4054 1968 4108 ira
1995 4054 2259 4111 ebulliens
2288 4069 2342 4112 et
2387 4060 2566 4115 adhuc
2610 4076 2871 4131 accensa;
2904 4067 2981 4122 ira
3019 4078 3222 4137 autem,
3255 4089 3351 4143 ap-

1784 4147 1981 4218 petitus
2007 4147 2271 4205 vindictze.
2298 4150 2667 4222 Imperfectior
2690 4156 2871 4227 itaque
2901 4158 3053 4216 furor
3080 4174 3162 4219 est
3184 4181 3346 4236 quam

1783 4237 1862 4291 ira
1890 4255 1902 4291 :
1934 4248 2123 4309 estque
2164 4240 2241 4294 ira
2284 4255 2381 4295 ceu
2414 4244 2892 4314 complementum.
2938 4247 3348 4325 Verborumque

1782 4327 2094 4397 huiusmodi
2133 4331 2634 4401 interpretationem
2664 4336 2840 4406 palam
2873 4338 3005 4395 facit
3025 4344 3108 4397 vel
3128 4344 3241 4416 ipse
3264 4364 3348 4402 re-

1785 4433 1901 4471 rum
1941 4422 2135 4475 exitus.
2182 4419 2461 4479 Exercitus
2500 4441 2734 4496 namque
2781 4429 3143 4488 Romanorum
3197 4437 3345 4507 ipsos

136 4512 267 4565 πόλιν
306 4512 584 4584 ἐπόρθησε
628 4513 719 4565 καὶ
762 4512 1026 4583 ἐνέπρησε
1052 4510 1143 4563 τὸν
1175 4510 1331 4575 νεὼν,
1371 4512 1461 4564 καὶ
1505 4509 1681 4564 αὐτῶν

1792 4507 2043 4566 invadens
2084 4511 2270 4566 urbem
2318 4516 2566 4582 vastavit,
2594 4527 2755 4588 atque
2798 4524 3055 4592 templum
3084 4526 3341 4598 incendit,

135 4603 241 4666 τοὺς
273 4604 370 4675 μὲν
400 4602 688 4665 πλείστους
714 4602 924 4673 Θανάτῳ
958 4601 1309 4673 παρέπεμψεο
1344 4604 1469 4666 τοὺς
1494 4602 1550 4656 δὲ
1582 4604 1680 4675 τὴν

137 4694 327 4765 σφαγὴν
352 4690 695 4761 ἐκφυγόντας
736 4690 1244 4762 ἐξανδραποδίσασα,
1288 4692 1498 4763 δουλείᾳ
1543 4711 1679 4764 παρ-

136 4782 674 4851 έδωκεν.Ἑπιστῆσαι
713 4781 769 4833 δὲ
810 4782 1070 4853 προσήκει
1100 4781 1188 4834 τὸν
1233 4782 1437 4846 πιστὸν,
1464 4783 1537 4845 ὡς
1587 4783 1680 4837 δύο

134 4874 417 4945 προσώπων
454 4873 653 4943 ἐφεξῆς
684 4872 967 4943 μέμνηται,
992 4871 1082 4925 καὶ
1108 4872 1317 4942 πρῶτον
1348 4873 1444 4945 μὲν
1473 4875 1676 4946 Κυρίου

134 4967 211 5019 τοῦ
238 4968 472 5040 Χριστοῦ
495 4985 508 4998 ·
548 4969 705 5023 Κατὰ
731 4966 836 5021 τοῦ
864 4969 1081 5036 Kvplov
1108 4968 1235 5041 γὰρ.
1269 4969 1391 5041 ἔφη,
1410 4970 1507 5024 καί
1530 4972 1678 5027 κατὰ

135 5058 224 5112 τοῦ
252 5059 511 5127 Χριστοῦ
539 5056 749 5113 αὑτοῦ·
796 5053 911 5112 εἶτα
943 5059 1315 5123 κατοικοῦντος
1345 5062 1401 5114 ἐν
1432 5062 1678 5133 οὐρανοῖς

136 5151 213 5203 καὶ
240 5151 437 5225 Κυρίου
452 5168 467 5183 ο
504 5152 559 5204 Ὀ
582 5149 871 5208 κατοικῶν
896 5152 967 5205 ἐν
992 5151 1267 5221 οὐραγοῖς
1292 5152 1677 5223 mamma;

136 5245 350 5312 αὐτοὺς,
399 5244 503 5297 καὶ
546 5246 579 5297 ό
626 5244 834 5312 Κύριος
879 5243 1257 5312 suum";pr
1302 5247 1546 5312 αὐτούς·
1585 5247 1676 5300 καὶ

137 5330 267 5398 αὖθις
299 5337 354 5391 δέ
379 5338 442 5391 τὸ
465 5335 599 5389 αὐτὸ
627 5336 909 5407 διετήρησε

204 5508 329 5575 ἐγὼ
367 5509 432 5562 δὲ
474 5509 850 5578 κατεστάθην
883 5512 1177 5579 βασιλεὺς
1225 5515 1325 5568 ὑπ’
1344 5516 1528 5571 αὑτοῦ
1573 5518 1670 5572 ἐπὶ

140 5600 279 5652 Σιὼν.
297 5602 380 5665 Ὡς
403 5603 801 5673 ἀποδληθέντος
838 5602 929 5657 τοῦ
956 5603 1013 5668 ἐξ
1046 5604 1257 5676 Ἰσραὴλ
1286 5604 1436 5673 λαοῦ,
1466 5609 1562 5679 τὴν
1594 5612 1674 5674 είς

191 5763 229 5793 ⁸⁸
250 5762 429 5823 lauit.
454 5780 582 5833 xm,
614 5765 700 5821 Π.

1782 4608 1837 4653 et
1877 4616 2123 4671 magnam
2172 4613 2375 4674 partem
2409 4607 2647 4676 ipsorum
2691 4610 3063 4673 internecione
3103 4618 3339 4689 delevit;

1783 4691 1903 4747 illos
1929 4702 2106 4748 autem
2143 4696 2236 4764 qui
2268 4705 2492 4752 mortem
2525 4698 2848 4773 eﬂ‘ugerunt,
2880 4719 3065 4778 captos
3094 4715 3339 4771 senituti

1782 4784 2020 4839 tradidit.
2079 4786 2485 4845 Animadvertat
2525 4793 2684 4849 velim
2738 4797 2972 4867 quisque
3018 4802 3100 4856 vir
3145 4804 3337 4869 ﬁdelis,

1780 4878 1923 4970 quod
1946 4880 2343 4948 quasiduarum
2361 4898 2715 4953 personarum
2738 4893 3064 4948 mentionem
3087 4897 3340 4970 deinceps

1779 4966 1976 5035 faciat;
2025 4973 2201 5041 primo
2242 4976 2457 5044 quidem
2504 4977 2717 5035 Domini
2766 4981 3006 5054 Christi;
3048 4966 3334 5059 siquidem,

1781 5061 2026 5117 adversus
2048 5063 2345 5129 Dominum,
2367 5067 2621 5138 inquit,et
2642 5072 2889 5129 adversus
2908 5076 3172 5134 Christum
3188 5084 3336 5150 eius;

1781 5154 1975 5208 deinde
2014 5171 2163 5221 Vero,
2193 5158 2311 5226 ejus
2355 5162 2446 5231 qui
2486 5162 2694 5219 habitat
2725 5167 2776 5220 in
2807 5170 2959 5224 caelis
2988 5182 3041 5226 et
3074 5171 3337 5233 Dominus

1776 5253 1893 5299 est:
1924 5243 2028 5309 Qui
2060 5248 2262 5301 habitat
2293 5250 2345 5303 in
2385 5251 2527 5305 caelis
2571 5254 2813 5311 irridebit
2842 5277 2930 5315 eos
2952 5304 2966 5325 ,
2998 5272 3047 5316 et
3081 5264 3333 5323 Dominus

1775 5336 2116 5390 subsannabit
2147 5355 2265 5403 eos;
2292 5356 2354 5396 ac
2377 5358 2593 5399 rursum
2628 5348 2815 5404 eodem
2847 5353 3005 5408 modo
3029 5357 3249 5414 assidue
3275 5370 3332 5415 et

1775 5436 2169 5493 consequenter
2202 5431 2488 5505 procedit.]

1843 5515 1894 5568 6.
1942 5516 2051 5587 Ego
2084 5530 2256 5573 autem
2286 5526 2604 5583 constitutus
2650 5545 2741 5584 rea:
2776 5531 2840 5585 ab
2883 5550 2942 5588 eo
2979 5547 3134 5607 super
3176 5535 3326 5596 Sion.

1776 5604 2052 5677 Tanquam
2096 5614 2381 5680 reprobate
2422 5617 2718 5679 Israelitico
2752 5627 2973 5698 populo,
3002 5604 3161 5685 ﬁdem
3204 5646 3332 5703 qua

804 5767 846 5799 “
877 5764 1063 5823 Βοιώ.
1091 5781 1170 5834 xi,
1203 5766 1290 5822 47.
1370 5768 1413 5800 ⁸⁸
1442 5764 1627 5823 Matth.
1669 5784 1826 5837 xxtu,
1855 5769 1938 5826 15.
2015 5771 2059 5805 ⁸³
2084 5770 2215 5831 Luc.
2252 5790 2326 5841 xt,
2356 5771 2449 5831 ιδ.
