4074 6304
682 402 750 459 67
1512 385 1574 442 S.
1612 375 1979 438 ATHANASII
2018 372 2168 432 OPP.
2210 368 2390 427 PARS
2432 367 2521 425 Ill.
2562 396 2628 407 —
2666 362 3081 421 EXEGETICA.
3590 344 3593 345 ν
3841 361 3903 419 33

685 518 829 593 apud
860 522 1047 589 gentes
1080 512 1261 568 futura
1283 516 1420 575 erat,
1446 512 1685 564 enarrat.
1722 501 1855 557 Sion
1883 513 2033 565 vero,
2056 494 2238 551 Eccle-
2264 541 2272 558 ε

2372 491 2405 546 ὰ
2450 489 2578 557 ἔθνη
2620 484 2916 555 γενομένην
2964 481 3126 546 αὐτὸς
3173 480 3354 536 πίστιν
3408 481 3592 546 αὺτοῖς
3622 482 3901 553 διηγεῖται-

686 614 822 669 siam
855 606 1141 679 signillcat.
1540 643 1548 651 .

758 677 1038 773 [Dominus
1062 693 1198 748 dixit
1225 689 1294 743 ad
1319 704 1419 752 me,
1458 684 1632 739 Filius
1658 699 1823 747 meus,
1844 690 1976 742 etc.,
2001 694 2066 735 ac
2096 678 2143 735 si
2166 677 2250 733 di-

2350 582 2487 637 Σιὼν
2510 580 2567 634 δὲ
2588 579 2685 650 τὴν
2719 574 3041 646 Ἐκκλησίαν
3068 571 3233 644 δηλοῖ.

2421 674 2660 747 [Κύριος
2693 669 2822 727 εἶπε
2853 668 3002 738 πρὸς
3034 668 3127 738 μὲν
3171 669 3303 733 Υἱός
3338 685 3477 737 μου,
3507 668 3602 721 καὶ
3646 667 3718 721 τὰ
3751 667 3902 739 ιεῆς-

687 759 854 857 οοῖει,
874 791 990 861 Ipsa
1022 802 1108 843 me
1138 783 1316 840 Patris
1340 789 1533 835 natura
1560 776 1754 831 Filium
1783 772 2110 829 declaravit:
2138 785 2249 826 non

2372 769 2469 823 Ml.
2496 766 2609 832 τοῦ,
2628 762 2967 835 Ἀπεφήνατὸ
3002 778 3068 832 με
3100 763 3133 832 ή
3178 760 3271 813 τοῦ
3317 759 3531 832 [ἰατρὸς
3561 761 3724 829 φύσις
3750 760 3903 814 Υίόν·

686 851 851 957 jussu
884 851 1115 956 quodam
1161 880 1213 934 id
1253 874 1589 949 perliciente;
1621 870 1714 926 sed
1753 867 1989 923 essentia
2018 866 2133 935 ipsa
2164 878 2253 917 me

2372 862 2410 915 ιῦ
2457 858 2879 930 προστάγματος
2929 855 3355 925 ὲνεργήσαντος·
3403 852 3538 906 ἀλλὰ
3586 851 3687 923 τῆς
3731 852 3907 916 οὐσίας

690 954 917 1048 ilgurani
950 972 1265 1030 substantia
1296 964 1471 1020 Patris
1500 976 1621 1017 esse
1648 964 2127 1015 eommonstrante.
2153 954 2256 1023 Ap-

692 1042 865 1139 ρῦεἰιο
903 1063 1139 1126 additur,
1168 1076 1241 1122 es,
1273 1055 1418 1127 quod
1456 1051 1859 1125 generationem
1899 1055 2023 1101 ante
2057 1042 2254 1099 sarcula

694 1138 969 1215 declarat:
1002 1165 1117 1209 erat
1160 1152 1302 1205 cnim
1352 1161 1564 1216 semper
1603 1141 1796 1197 Filius.
1827 1138 2041 1208 Adjecit
2075 1145 2254 1191 autem

694 1247 850 1311 illud,
874 1246 1025 1300 hodie
1049 1243 1200 1314 genui
1219 1251 1286 1299 te.
1303 1247 1363 1293 ut
1387 1234 1791 1307 generationem
1816 1229 2111 1287 secundum
2139 1243 2257 1281 car-

694 1354 819 1395 nem
852 1339 1305 1393 cumninnstraret
1330 1348 1344 1384 :
1374 1326 1505 1383 illud
1538 1326 1709 1390 enim,
1735 1323 1910 1389 hodie,
1936 1331 2148 1392 tempus
2176 1320 2259 1375 in-

695 1433 876 1488 dicat:
902 1445 1071 1501 quare
1097 1441 1194 1497 pro
1216 1419 1498 1492 temporali
1525 1417 1871 1490 generatione
1894 1415 2128 1483 positum
2154 1421 2256 1466 est.

697 1521 1106 1591 Consequonter
1155 1518 1281 1572 item
1326 1528 1424 1584 pro
1471 1511 1708 1565 humana
1748 1505 2095 1577 generatione
2124 1503 2258 1572 adji-

697 1616 915 1670 ciuntur
950 1614 1116 1673 istanc,
1148 1609 1302 1680 genui
1340 1615 1410 1661 te.
1440 1602 1537 1657 Hic
1586 1599 1741 1663 mihi,
1786 1611 1990 1667 quaeso,
2018 1594 2263 1650 animad-

697 1717 897 1767 vertas.
919 1720 1026 1773 quo
1046 1711 1203 1772 pacto
1222 1697 1620 1768 generationem
1644 1690 1905 1763 unigeniti
1930 1687 2135 1745 Christi
2158 1687 2261 1743 sibi

698 1799 973 1872 propriam
1009 1794 1166 1849 Pater
1197 1788 1407 1862 laciat.]

2351 950 2712 1019 ἀωδειξάσης
2735 947 2834 1017 ἐμὲ
2863 945 3183 1017 χαρακτῆρα
3211 942 3313 1013 τῆς
3334 940 3428 996 τοῦ
3453 943 3660 1014 [ἰατρὸς
3684 942 3911 1019 ὑποστά-

2354 1060 2506 1105 σεως.
2544 1010 2735 1101 liam;
2765 1010 3217 1109 optioni-sat
3246 1010 3327 1100 τὸ,
3351 1030 3422 1098 εἷ,
3449 1033 3545 1106 τὴν
3576 1010 3683 1105 πρὸ
3710 1010 3911 1087 αίώνων

2352 1135 2543 1209 δηλοῦν
2583 1134 2863 1204 γέννησιν·
2892 1126 2959 1201 ἦν
3001 1129 3107 1202 γὰρ
3148 1130 3236 1182 ἀεὶ
3278 1128 3733 1198 Υίός·.Ἐπήνεγκε
3757 1127 3912 1195 δὲτὸ,

2354 1226 2618 1297 σήμερον
2649 1221 2978 1295 γεγέννηκά
3000 1236 3093 1284 σε,
3121 1220 3209 1274 ῐνα
3235 1220 3332 1291 τὴν
3355 1219 3493 1274 κατὰ
3522 1219 3700 1291 σάρκα
3727 1219 3914 1290 γέννη-

2357 1336 2440 1373 σιν
2469 1317 2614 1389 δείξῃ
2632 1334 2644 1348 ’
2676 1316 2737 1369 τὸ
2763 1315 2891 1385 γὰρ,
2919 1312 3203 1382 σήμερον,
3228 1313 3415 1384 χρόνου
3442 1312 3584 1365 ιστίο
3612 1310 3693 1365 διὸ
3726 1313 3817 1366 καὶ
3841 1312 3919 1365 τέ-

2356 1411 2529 1465 θειται
2576 1410 2704 1480 περὶ
2738 1407 2834 1479 τῆς
2863 1406 3117 1478 χρονικῆς
3158 1406 3477 1477 γεννήσεως.
3495 1403 3824 1468 ’Δκολούθως
3864 1404 3918 1457 δὲ

2356 1502 2436 1575 τῷ
2485 1502 2806 1573 ἀνθρωπίνῳ
2849 1498 2941 1553 καὶ
2988 1499 3056 1552 τὰ
3103 1498 3432 1567 ὲπαγόμενα,
3467 1496 3797 1567 γεγέννηκά
3827 1512 3916 1551 σε.

2361 1597 2504 1667 Ὅρα
2530 1593 2644 1657 πῶς
2678 1592 2774 1663 τὴν
2800 1593 2941 1647 κατὰ
2964 1592 3142 1663 σάρκα
3160 1590 3407 1658 γέννησιν
3429 1588 3722 1644 οἰκειοῦται
3751 1591 3780 1643 ὁ
3812 1588 3921 1642 Πα-

2357 1689 2461 1761 τὴρ
2487 1686 2579 1741 τοῦ
2621 1684 2940 1758 μονογενοῦς
2963 1683 3055 1738 τοῦ
3084 1681 3367 1755 Χριστοῦ]

771 1886 837 1943 Et
872 1887 1244 1958 possessionem
1276 1894 1418 1935 tuom
1450 1878 1697 1933 terminos
1726 1886 1903 1941 terra',
1931 1891 2072 1944 reges
2097 1890 2182 1929 eos
2205 1874 2260 1927 in

2434 1866 2543 1922 Kal
2584 1865 2697 1934 τὴν
2729 1865 3099 1936 κατάσχεσιν
3136 1881 3251 1920 σου
3289 1864 3361 1919 τὰ
3394 1861 3617 1933 πέρατα
3648 1859 3758 1931 τῆς
3792 1857 3923 1932 τῆς,

699 1981 845 2047 uirgo
878 1978 1069 2047 ferreo.
1103 1975 1157 2029 ld
1189 1982 1273 2029 est
1302 1973 1355 2026 in
1380 1985 1560 2032 cruce,
1596 1968 1752 2038 cujus
1781 1966 2002 2021 materia
2032 1966 2258 2035 lignum,

702 2068 857 2138 cujus
885 2066 1058 2120 virtus
1087 2062 1305 2118 ferrum.
1328 2058 1490 2114 Juxta
1511 2058 1801 2130 quosdam,
1824 2054 2132 2109 Romanun:
2157 2054 2261 2108 im-

702 2160 911 2230 perium
942 2155 1230 2227 signiﬁcat.

2364 1960 2667 2029 ποιμανεῖς
2696 1961 2915 2026 αὐτοὺς
2962 1960 3032 2012 ἐν
3064 1958 3261 2027 ῥάϐδῳ
3291 1954 3526 2026 σιδηρᾷ.
3552 1954 3840 2009 Τουτέστιν
3872 1954 3927 2007 ιν

2363 2050 2441 2121 τῷ
2472 2050 2722 2121 σταυρῷ·
2756 2052 2804 2121 ή-
2822 2051 2918 2120 μὲν
2964 2050 3072 2122 γὰρ
3118 2049 3217 2120 ὕλη
3246 2048 3422 2114 ξύλου,
3453 2048 3485 2120 ὴ
3512 2046 3569 2100 δὲ
3603 2047 3754 2115 ἰσχὺς
3784 2042 3933 2115 σιδή-

2367 2159 2481 2212 ρου.
2512 2141 2666 2206 Τινὲς
2699 2141 2755 2195 δὲ
2788 2142 2885 2210 τὴν
2911 2140 3018 2193 τῶν
3056 2140 3337 2211 Ῥωμαίων
3364 2138 3537 2213 ἀρχὴν
3566 2134 3840 2209 δηλοῦσιν.

775 2272 970 2341 Adjicit
1015 2267 1156 2322 Dan.
1189 2264 1458 2318 Barbarus
1486 2277 1504 2314 :
1524 2258 1772 2316 Conterit
1817 2256 2012 2326 figulus
2058 2270 2174 2319 vas,
2203 2253 2350 2326 quod
2377 2270 2407 2308 e
2438 2255 2689 2309 manilius
2721 2253 2865 2308 cadit
2892 2271 2905 2307 :
2938 2269 3047 2309 non
3086 2254 3269 2309 delens
3313 2251 3408 2309 sed
3440 2251 3750 2307 rel‘ormans
3782 2267 3796 2303 :
3825 2262 3934 2303 non

706 2362 849 2419 aliud
878 2363 1072 2420 lutum,
1103 2370 1265 2427 quam
1298 2364 1474 2415 vetus,
1509 2366 1706 2423 aquam
1744 2358 1954 2405 tantum
1987 2348 2216 2413 addens,
2246 2348 2389 2418 quod
2418 2356 2475 2400 et
2505 2345 2759 2401 Christus
2792 2344 2934 2399 fecit.

777 2453 861 2509 ιθ.
898 2451 967 2506 Et
996 2464 1329 2520 nunc,reges,
1360 2443 1657 2514 intelligite.
1689 2443 1747 2498 Id
1773 2449 1878 2505 est,
1910 2439 2270 2504 considerate,

708 2545 776 2601 ad
809 2542 1178 2615 paenitentiam
1224 2535 1623 2594 convertimini.
1663 2530 1987 2592 Erudimini,
2010 2528 2098 2597 qui
2118 2528 2273 2598 judi--

708 2638 842 2692 cotis
870 2645 1081 2688 terram.
1110 2630 1213 2685 Per
1236 2627 1387 2691 illud,
1407 2623 1709 2684 erudimini,
1729 2619 2030 2693 profectum
2053 2618 2261 2689 signiﬁ-

709 2737 829 2793 cat;
854 2742 948 2797 per
982 2722 1113 2779 illud
1139 2731 1343 2784 autem,
1367 2713 1747 2787 Appreltendite
1766 2710 2124 2781 disciplinam,
2150 2725 2273 2780 per-

710 2820 997 2876 lectionem
1008 2855 1023 2869 .

2441 2438 2551 2492 Kal
2592 2437 2728 2502 νῦν,
2757 2436 3057 2502 βασιλεῖς,
3103 2436 3337 2489 σύνετε.
3367 2430 3641 2495 Τουτέστι,
3677 2430 3937 2501 νοήσατε,

2369 2529 2505 2601 πρὸς
2556 2529 2843 2599 μετάνοιαν
2876 2528 3260 2599 ἐπιστράφητε.
3303 2523 3677 2591 Παιδεύθητε,
3710 2522 3941 2588 πάντες

2369 2624 2423 2675 οί
2452 2621 2761 2689 κρίνοντες
2806 2620 2921 2690 τὴν
2963 2617 3098 2690 γῆν.
3131 2617 3240 2688 Τὴν
3267 2617 3364 2688 μὲν
3391 2616 3670 2688 προκοπὴν
3698 2614 3788 2669 διὰ
3822 2614 3940 2681 τοῦ,

2369 2712 2726 2781 παιδεύθητε
2760 2711 3020 2786 παριστᾷ,
3049 2709 3147 2781 τὴν
3176 2709 3230 2762 δὲ
3252 2706 3527 2761 τελείωσιν
3545 2704 3632 2760 διὰ
3650 2704 3769 2772 τοῦ,
3798 2704 3944 2775 Δρό-

2370 2804 2558 2869 εασθε
2580 2806 2873 2872 παιδείας.

783 2911 921 2965 υοιι.
958 2907 1230 2963 Barbarus
1258 2920 1274 2957 :
1309 2902 1386 2956 De
1413 2902 1497 2955 sio
1518 2900 1689 2969 justo,
1725 2912 1755 2951 a
1781 2910 1887 2966 qua
1909 2894 2005 2965 qui
2036 2893 2291 2949 aberrant
2317 2897 2521 2955 cadunt
2544 2916 2573 2954 a
2600 2902 2682 2954 oio
2705 2902 2873 2968 justo.

785 3000 871 3055 12.
902 2996 1279 3066 Apprehendite
1319 2990 1674 3060 disciplinam.
1717 2986 2095 3058 Evangelicam
2123 2984 2272 3040 vide-

712 3093 878 3149 licet:
906 3089 974 3143 Et
1016 3104 1076 3141 ne
1113 3085 1335 3157 pereatis
1378 3082 1441 3139 de
1476 3083 1561 3137 oio
1587 3082 1758 3152 justo.
1793 3078 1925 3150 Ejus
1947 3077 2154 3134 scilicet
2178 3075 2273 3147 qui

713 3185 846 3238 dixit
870 3182 950 3226 “1
982 3179 1090 3251 Ego
1112 3194 1226 3232 sum
1257 3178 1360 3232 sio.

716 3270 1053 3331 PSALMUS
1080 3270 1247 3325 David
1269 3268 1477 3339 quando
1504 3264 1731 3370 fugient
1754 3279 1786 3315 o
1810 3262 1944 3332 facie
1974 3259 2275 3315 Abessalom
2303 3314 2345 3370 ο

1307 3360 1406 3428 ﬁlii
1433 3359 1535 3412 sui.
1563 3354 1683 3411 111.

1300 3451 1694 3521 Argumentum.

717 3545 1000 3619 Proposita
1031 3542 1224 3615 psalmi
1256 3538 1535 3609 inscriptio
1566 3538 1641 3592 ita
1680 3535 1857 3590 habet.
1893 3532 2028 3589 Nam
2064 3532 2171 3589 hoc
2196 3540 2280 3589 est

788 3639 931 3709 quod
972 3636 1212 3707 psalmus
1257 3630 1524 3694 enuntiat,
1550 3626 1694 3697 quod
1747 3625 1951 3680 scilicet
1993 3639 2023 3678 a
2056 3620 2281 3677 Iudaico

791 3728 991 3802 populo
1021 3732 1243 3780 vexetur
1274 3721 1657 3792 prophetarum
1682 3716 1904 3771 chorus.
1940 3714 2106 3769 David
2136 3714 2278 3769 enim

789 3821 1059 3894 signiﬁcat
1084 3815 1408 3871 desideratus
1418 3830 1438 3879 ;
1471 3811 1619 3882 quod
1654 3824 1839 3865 revera
1868 3807 2124 3878 competit
2155 3820 2283 3877 pro-

793 3916 1077 3985 phetarum
1110 3909 1296 3963 clioro.
1333 3902 1484 3959 Sicut
1522 3918 1651 3973 ergo
1679 3901 1994 3957 Abessalom
2033 3899 2283 3956 rebellio-

797 4019 917 4060 nem
945 4002 1182 4058 excitare
1203 3998 1439 4053 tentabat
1467 3994 1727 4050 adversus
1752 4002 1958 4063 patrem
1980 4006 2160 4056 suum,
2187 4005 2283 4045 seu

799 4095 1090 4159 Davidem;
1123 4092 1199 4147 ita
1236 4098 1291 4146 et
1316 4086 1493 4143 Judaei
1538 4094 1727 4142 contra
1762 4093 1944 4155 patres
1991 4097 2122 4138 suos
2153 4096 2283 4153 pro-

793 4188 986 4260 phetas
1015 4185 1449 4246 insurrexerunt,
1474 4192 1584 4235 non
1632 4176 1974 4231 admittentes
2001 4172 2095 4227 Dei
2127 4187 2283 4227 man-

796 4279 945 4346 data,
985 4278 1096 4333 imo
1120 4291 1248 4330 vero
1277 4274 1606 4329 obsistentes
1637 4268 1766 4323 illis.

802 4486 1038 4550 Domine,
1075 4482 1201 4554 quid
1242 4475 1578 4548 multiplicati
1601 4479 1722 4527 sunt
1745 4472 1833 4542 qui
1862 4470 2116 4525 tribulont
2161 4484 2241 4524 me
2263 4471 2289 4525 7

726 4580 861 4636 Illud
889 4577 1016 4648 quid
1042 4591 1139 4648 pro
1168 4573 1485 4629 uehementer
1515 4567 1751 4639 positum
1776 4572 1880 4619 est.

2448 2990 2751 3059 Δρὰξασθε
2793 2988 3082 3053 παιδείας.
3111 2987 3223 3057 Τῆς
3273 2981 3629 3055 εὐαγγελικῆς
3671 2981 3944 3053 δηλονότι.

2377 3082 2488 3137 Kal
2536 3081 2853 3136 ἀπολεῖσθε
2895 3078 2963 3145 ἐξ
2999 3078 3140 3134 ὀδοῦ
3177 3077 3425 3143 δικαίας.
3457 3072 3562 3128 Τοῦ
3614 3076 3946 3145 είρηκότοςο

2392 3174 2531 3243 Ἐγώ
2555 3175 2669 3242 ειμι
2701 3174 2738 3241 ἠ
2773 3172 2930 3238 ὁδός.

2386 3266 2691 3318 ΨΑΛΜΟΣ
2719 3262 2799 3329 τῷ
2824 3262 3002 3317 Δαυῒδ
3023 3263 3200 3317 ὁπότε
3224 3258 3659 3328 ἀπεδίδρασκεν
3681 3256 3806 3312 ἀπὸ
3837 3257 3952 3315 τοῦ

2647 3350 3018 3421 Ἀϐεσσαλὼμ
3056 3351 3159 3404 τοῦ
3189 3351 3321 3405 υίοῦ
3349 3348 3553 3405 αὐτοῦ.
3588 3350 3670 3403 1".

3002 3444 3326 3509 Ὺπόθεσες.

2389 3538 2452 3592 Ἥ
2469 3538 2561 3592 τοῦ
2584 3537 2797 3611 ψαλμοῦ
2822 3534 3156 3609 προκειμένη
3173 3530 3453 3605 ἐπιγραφὴ
3478 3530 3721 3605 περιέχει
3746 3530 3955 3597 οὕτως.

2448 3632 2615 3685 Τοῦτο
2641 3632 2749 3703 γάρ
2792 3634 2935 3685 ἐστιν
2961 3629 2989 3682 ὂ
3008 3618 3158 3697 λέγει
3184 3629 3213 3680 ὁ
3234 3625 3464 3697 ψαλμδς,
3511 3624 3698 3695 ὅτιπερ
3729 3625 3758 3677 ὸ
3784 3624 3957 3695 χορὸς

2447 3724 2555 3777 τῶν
2595 3722 2887 3795 προφητῶν
2918 3720 3171 3775 διώκεται
3221 3718 3324 3771 ὑπὸ
3372 3716 3465 3770 τοῦ
3512 3716 3641 3770 λαοῦ
3665 3714 3774 3769 τῶν
3821 3716 3960 3769 ’ἰου-

2451 3814 2631 3870 δαίων.
2666 3813 2828 3867 Δαυῖδ
2854 3813 2962 3884 γὰρ
2993 3810 3351 3885 ἑρμηνεύεται
3376 3808 3780 3880 πεποθημένοςο
3808 3808 3960 3879 ὅπερ

2449 3909 2596 3962 ἐστὶν
2628 3909 2657 3961 ὁ
2684 3907 2840 3979 χορὸς
2869 3907 2976 3959 τῶν
3011 3904 3539 3977 προφητῶν.”Ωσπερ
3570 3897 3662 3955 οὖν
3689 3903 3718 3954 ὁ
3757 3900 3962 3955 Ἀϐεσσ-

2452 3999 2643 4071 σαλὼμ
2670 3998 2958 4070 ἀνταρσίαν
2983 3995 3216 4068 διεζήτει
3250 3994 3389 4050 κατὰ
3424 3993 3517 4048 τοῦ
3549 3993 3676 4046 ίδίου
3705 3992 3960 4064 Πατρὸς,

2452 4092 2697 4146 τουτέστι
2729 4090 2822 4144 τοῦ
2864 4089 3044 4153 Δαυῒδ,
3088 4088 3229 4142 οὕτω
3268 4088 3363 4143 καὶ
3404 4087 3453 4142 oi
3495 4085 3731 4140 Ἰουδαῖοι
3779 4086 3965 4141 επαν-

2455 4184 2687 4254 έστησαν
2721 4181 2862 4236 κατὰ
2896 4182 3001 4235 τῶν
3045 4180 3293 4252 πατέρων
3318 4178 3493 4234 αὐτῶν
3521 4176 3843 4248 προφητῶν,
3886 4178 3966 4249 μὴ

2452 4275 2729 4347 δεχόμενοι
2775 4273 2845 4328 τὰ
2886 4274 3278 4346 προστάγματα
3306 4271 3400 4326 τοῦ
3436 4270 3590 4337 Θεοῦ,
3643 4269 3779 4324 ἀλλὰ
3828 4272 3966 4326 ἀνθ-

2456 4370 2725 4439 ιστάμενοι
2754 4368 2960 4431 αὐτοῖς.

2453 4460 2651 4527 Κύριε,
2697 4458 2754 4511 τι
2796 4456 3269 4526 ἐπληθύνθησαν
3298 4456 3352 4509 οι
3382 4452 3683 4518 θλίϐοντές
3707 4467 3823 4521 ps;
3867 4454 3966 4517 Τδ,

2385 4551 2464 4615 τί,
2494 4550 2615 4603 ἀντὶ
2634 4548 2728 4602 τοῦ
2758 4547 2992 4617 σφόδρα
3018 4550 3212 4602 κεῖται.

795 4674 849 4727 '5.
886 4638 1005 4724 l'Yon
1033 4638 1108 4723 est
1139 4664 1284 4720 solus
1333 4662 1433 4731 ipsi
1473 4638 1531 4713 in
1570 4657 1676 4711 Deo
1714 4655 1848 4724 ejus.
1883 4652 2044 4719 Deus,
2085 4651 2272 4722 inquit.1

2459 4646 2580 4697 οὐκ
2604 4642 2735 4696 ἔστι
2762 4641 3025 4709 σωτηρία
3051 4639 3210 4706 αὐτῷ
3228 4640 3298 4694 ἐν
3326 4638 3446 4706 Θεῷ
3480 4639 3683 4694 αὑτοῦ.
3716 4639 3773 4692 '0
3795 4638 3956 4702 Θεὸς.

725 4765 866 4836 ejus,
889 4777 995 4818 non
1025 4760 1232 4815 salvum
1264 4754 1426 4810 faciet
1449 4767 1593 4806 eunt.
1620 4748 1897 4817 Siquidem
1920 4746 1973 4799 in
2005 4753 2283 4815 peccatum

725 4858 846 4929 ejus
872 4863 1078 4910 tantum
1114 4849 1255 4921 quod
1284 4852 1621 4919 perpetrant
1658 4842 2034 4905 intuebantur,
2060 4838 2286 4907 ejusque

728 4926 1100 5020 poenitentiani
1132 4939 1471 5011 ignorabant.
1498 4933 1614 4989 Hoc
1643 4941 1822 5020 autem
1853 4929 2130 5000 prapalam
2162 4926 2288 5009 facit

728 5018 797 5095 de
822 5036 1019 5091 Davide
1038 5035 1241 5089 dictum
1265 5028 1534 5099 psalmum
1560 5023 1749 5079 fuisse.
1778 5019 1913 5075 illud
1942 5019 2085 5074 enim
2114 5018 2289 5073 insur-

728 5144 875 5199 gere,
903 5125 1119 5198 proprie
1157 5122 1356 5178 dicitur
1383 5119 1449 5174 de
1478 5119 1546 5173 iis
1580 5115 1675 5186 qui
1710 5124 1866 5169 antea
1893 5126 1924 5166 e
1945 5109 2284 5165 subditorum

724 5230 882 5277 erant
915 5216 1245 5281 conditione,
1279 5211 1374 5269 sed
1406 5221 1593 5283 postea
1620 5206 1820 5262 bellum
1851 5202 2177 5260 excitarunt.

794 5402 849 5457 ι.
885 5399 996 5471 (ιι)
1027 5397 1104 5453 Tu
1126 5404 1320 5460 autem,
1354 5392 1592 5456 Domine,
1618 5396 1882 5457 susceptor
1900 5401 2043 5440 meus
2067 5399 2141 5449 es,
2174 5380 2287 5454 glo-

727 5511 809 5547 για
844 5508 972 5546 meo.
1012 5489 1150 5557 Quia
1193 5487 1394 5542 dictum
1440 5484 1553 5553 jam
1599 5490 1714 5546 est,
1746 5480 1889 5535 hunc
1918 5478 2183 5549 psalmum
2221 5489 2286 5530 ex

731 5598 960 5654 persona
983 5578 1196 5635 Domini
1242 5574 1602 5648 pronuntiari,
1621 5571 1733 5642 jam
1756 5569 2042 5626 dicendum
2063 5575 2147 5624 est
2170 5565 2290 5638 ejus

808 5700 853 5730 “
885 5696 1045 5752 Joan.
1081 5710 1193 5759 ιιτ,
1224 5693 1277 5747 6.

798 5816 911 5887 tu)
944 5812 1063 5871 Hec
1084 5825 1192 5869 non
1217 5818 1344 5868 sunt
1380 5808 1678 5880 Athanasii,
1708 5805 1799 5866 sed
1830 5806 2057 5882 Didymi.

2388 4737 2571 4806 φησὶν,
2619 4735 2780 4788 αὐτοῦ
2821 4734 2881 4787 οὐ
2924 4732 3087 4787 σώσει
3135 4734 3294 4787 αὐτόν
3320 4750 3332 4763 ·
3367 4733 3446 4796 είς
3491 4731 3598 4801 γὰρ
3640 4730 3815 4802 μόνην
3866 4731 3963 4801 τὴν

2387 4824 2659 4896 ἁμαρτίαν
2688 4823 2911 4877 ἔϐλεπον
2956 4824 3022 4895 ἢν
3064 4824 3401 4894 ἐπεποιήκει,
3423 4819 3751 4889 ,ἀγνοοῦντες
3782 4819 3970 4874 αὑτοῦ

2386 4918 2484 4987 τὴν
2514 4916 2816 4988 μετάνοιαν.
2844 4916 3012 4970 Τοῦτο
3053 4915 3112 4971 δὲ
3154 4915 3522 4988 φανερώτερον
3562 4912 3842 4967 δείκνυσιν
3875 4914 3973 4967 ἐπὶ

2386 5008 2479 5062 τοῦ
2508 5008 2667 5063 Δαυῒδ
2697 5007 2948 5077 λέγεσθαι
2978 5008 3066 5062 τὸν
3089 5007 3396 5078 ψαλμόν.Τδ
3423 5007 3530 5079 7&9
3562 5004 3973 5059 ἐπανίστασθαι

2388 5101 2592 5172 κυρίως
2640 5100 2852 5169 λέγεται
2903 5101 2995 5153 ἐπὶ
3039 5098 3147 5152 τῶν
3192 5099 3450 5171 πρότερον
3492 5097 3587 5169 μὲν
3615 5098 3671 5149 εν
3696 5096 3973 5165 ὑπηκόων

2386 5190 2537 5257 τάξει
2570 5190 3000 5263 καθεστηκότων,
3038 5190 3176 5262 μετὰ
3200 5190 3256 5242 δὲ
3286 5188 3455 5243 ταῦτα
3487 5187 3717 5259 πόλεμον
3745 5186 3977 5259 ἀραμέ-

2386 5301 2511 5339 νων.

2465 5376 2576 5451 (Η)
2614 5375 2697 5432 Σὺ
2744 5376 2834 5440 δὲ,
2884 5375 3080 5444 Κύριε,
3107 5370 3479 5441 ἀντιλήπτωρ
3524 5387 3641 5440 μου
3688 5363 3765 5432 ετ,
3816 5369 3978 5436 δόξα

2388 5486 2527 5539 μου.
2546 5466 2760 5539 Ἐπειδὴ
2786 5465 2997 5536 ἐλέχθη,
3024 5463 3100 5527 ὡς
3126 5464 3191 5516 ὲκ
3219 5460 3507 5534 προσώπου
3539 5458 3745 5532 Κυρίου
3774 5459 3814 5513 ὸ
3841 5459 3981 5531 ψαλ-

2398 5559 2496 5632 μδς
2527 5557 2941 5628 ἀπαγγέλλεται,
2970 5552 3159 5627 ῥητέον
3194 5552 3270 5617 ὡς
3317 5552 3412 5607 καὶ
3452 5548 3616 5605 αὑτοῦ
3666 5547 3917 5621 ὑψοῦται
3944 5552 3979 5622 ἡ
