4074 6304
161 378 215 431 69
1242 362 1605 420 EXPOSITIO
1646 361 1709 415 IN
1763 361 2089 416 PSALMUM
2128 363 2215 418 Ill.
3282 358 3351 414 70

158 489 352 560 κεφαλὴ,
380 488 407 540 ό
427 486 557 549 Θεὸς
582 480 738 547 οὖσα,
765 485 893 538 ὅταν
920 484 954 556 ἡ
986 482 1173 553 Θεότης
1202 480 1364 535 αὑτοῦ
1392 478 1597 549 φανερὰ
1624 478 1684 531 δι’

1793 488 1981 547 caput,
2016 480 2159 548 quod
2192 477 2333 531 Dcus
2355 486 2472 542 est,
2506 474 2756 535 exaltari,
2798 488 2921 528 cum
2952 472 3206 527 divinitas
3234 470 3353 541 ejus

159 581 441 643 ἀποδείξεως
470 579 582 641 τοῖς
618 580 825 639 πιστοῖς
851 576 1094 647 γένηται.

215 671 306 745 [Σὺ
340 671 420 733 δὲ,
442 670 640 736 Κύριε,
662 667 1033 735 ἀντιλήπτωρ
1055 684 1173 736 μου
1209 662 1281 720 εἴ.
1309 664 1595 733 Πρέπουσα
1621 664 1685 734 τῇ

158 764 308 816 πίστει
337 758 425 814 τοῦ
455 759 733 830 προφήτου
751 758 917 830 φωνὴ.
948 757 1211 819 ἀσείστως
1244 757 1493 827 φέροντος
1534 754 1686 823 τηλι-

157 852 331 912 καύτας
372 849 737 918 περιστάσεις,
773 851 865 902 καὶ
912 848 1226 910 πεποιθότος
1272 847 1344 919 μὴ
1375 847 1687 914 ἐγκαταλει-

157 942 417 1013 φθὴσεσθαι
437 958 449 969 ·
482 941 619 994 ἀλλὰ
646 940 777 1012 πρὸς
808 941 866 993 τὸ
892 940 1147 1011 βοηθῆναι
1180 940 1272 992 καὶ
1308 937 1682 1008 ὑψωθήσεσθαι

156 1036 232 1090 καὶ
260 1033 346 1106 τὴν
386 1032 655 1102 βασιλείαν
681 1032 1072 1102 ἀπολήψεσθαι·
1104 1030 1259 1084 τοῦτο
1286 1029 1392 1099 γὰρ
1425 1026 1573 1081 εἶπόν
1598 1046 1681 1079 τι-

154 1145 243 1190 νες,
273 1124 434 1195 ὑψῶν
458 1123 575 1192 τὴν
608 1122 893 1191 κεφαλήν.
932 1122 1064 1189 Δόξα
1092 1122 1269 1174 τοίνυν
1296 1121 1389 1173 τοῦ
1419 1120 1625 1174 δικαίου
1653 1121 1682 1171 ό

153 1218 281 1281 Θεὸς,
313 1209 353 1284 ᾦ
395 1214 675 1269 πέποιθεν·
704 1207 747 1283 ᾧ
782 1213 838 1267 δὲ
869 1213 993 1277 δόξα
1035 1212 1063 1264 ὀ
1091 1212 1239 1276 Θεδς,
1273 1205 1426 1274 οὗτος
1458 1210 1680 1281 ὑψοῦται

152 1310 233 1379 τὴν
261 1304 541 1377 κεφαλήν]

210 1477 363 1546 Φωνῇ
378 1496 494 1548 μου
518 1480 667 1546 πρὸς
692 1478 911 1545 Κύριον
931 1474 1235 1544 ἐκέκραξα.
1270 1476 1515 1531 Διδάσκει
1541 1480 1568 1532 ὁ
1595 1479 1681 1533 λό-

151 1585 249 1639 γος,
278 1570 347 1632 ὡς
392 1572 447 1622 ὲν
481 1574 602 1633 ταῖς
642 1568 987 1641 περιστάσεσι
1017 1568 1114 1621 οὐκ
1143 1567 1284 1637 ἄλλῳ
1316 1568 1350 1638 ἢ
1379 1567 1496 1639 Θεῷ
1537 1572 1681 1642 μόνῳ

150 1661 401 1732 προσιέναι
425 1661 524 1716 δεῖ.

1789 568 2039 624 ﬁdelibus
2078 571 2363 639 perspicue
2390 576 2875 624 commonstratur.

1859 659 1963 732 [Tu
1989 674 2181 723 autem,
2218 660 2458 725 Domine,
2484 670 2750 727 susceptor
2797 673 2941 711 meus
2985 674 3056 711 ea.
3087 654 3211 711 Haec
3246 669 3353 710 vox

1786 750 2065 821 PrOpheta
2111 754 2230 806 ﬁdei
2268 755 2508 821 apprime
2552 750 2825 815 convenit,
2859 750 2951 818 qui
2996 750 3130 802 tales
3173 762 3350 801 rerum

1786 844 2125 899 conditiones
2174 844 2329 897 ﬁrmo
2362 854 2525 913 atque
2577 841 2846 908 intrepido
2895 842 3079 893 animo
3127 838 3349 903 ferebat,

1784 933 2191 1003 conlidebatque
2216 950 2272 989 se
2305 934 2525 986 minime
2552 933 2795 985 relictum
2828 930 2922 995 iri;
2951 932 3057 983 imo
3086 945 3212 984 vero
3242 943 3349 981 non

1782 1028 2041 1080 auxilium
2073 1029 2233 1081 modo
2264 1027 2595 1090 adfuturum,
2627 1040 2813 1077 verum
2842 1024 3001 1076 etiam
3034 1022 3352 1093 erigendum

1783 1132 1841 1170 se
1872 1115 1985 1171 fore
2029 1127 2190 1186 atque
2226 1133 2446 1185 regnum
2493 1124 2879 1183 accepturum:
2916 1114 2967 1167 id
3005 1114 3148 1167 enim
3201 1113 3354 1167 aiunt

1782 1208 2000 1275 quidam
2036 1207 2341 1275 signiﬁcare
2367 1208 2517 1271 illud,
2549 1205 2791 1260 exultans
2822 1218 2996 1273 capu'.
3034 1203 3214 1258 Gloria
3246 1206 3353 1259 ita-

1780 1314 1887 1369 que
1924 1299 2055 1369 justi
2094 1298 2230 1352 Deus
2264 1309 2365 1358 est.
2395 1300 2447 1353 in
2485 1314 2643 1369 quem
2686 1312 2833 1365 spem
2880 1296 3121 1365 reposuit
3150 1317 3162 1349 -.
3194 1294 3353 1366 cujus

1783 1401 1959 1446 autem
1989 1393 2157 1463 gloria
2197 1403 2280 1450 est
2309 1393 2471 1457 Deus,
2508 1392 2669 1460 hujus
2702 1398 2864 1458 caput
2893 1385 3210 1459 exaltatum]

1854 1486 1904 1540 5.
1953 1484 2083 1538 Voce
2107 1502 2218 1538 utea
2249 1486 2317 1537 ad
2346 1485 2623 1539 Dominum
2653 1482 2894 1535 clamavi.
2928 1480 3157 1536 Docetur
3182 1481 3234 1533 in
3261 1494 3353 1534 oc-

1785 1579 2128 1631 currentibus
2168 1577 2408 1643 casibus,
2436 1590 2542 1631 non
2573 1580 2640 1630 ad
2678 1574 2845 1629 alium
2875 1588 3036 1644 quam
3078 1573 3145 1627 ad
3178 1569 3348 1627 Deum

1786 1666 2234 1737 confugiendum.

212 1770 390 1841 Adjicit
418 1770 563 1824 Dan.
596 1769 862 1823 Barbarus
889 1783 907 1821 :
950 1768 1024 1823 De
1052 1778 1223 1823 monte
1252 1777 1454 1833 sancto,
1488 1769 1539 1824 id
1568 1780 1652 1827 est
1679 1774 1745 1827 de
1770 1778 1929 1832 calo.

206 1884 403 1957 [Φωνῇ
445 1903 565 1954 μου
612 1885 758 1954 πρὸς
805 1885 1021 1953 Κύριον
1050 1882 1359 1952 ἐκέκραξα.
1406 1886 1674 1956 Προέταξε

1848 1889 2013 1963 [Voce
2037 1908 2150 1945 mea
2175 1890 2243 1943 ad
2274 1888 2553 1944 Dominum
2582 1888 2821 1944 clamavi.
2858 1887 3128 1944 Praemisit
3158 1904 3349 1959 preca-

148 1980 235 2050 μὲν
261 1979 351 2050 τὴν
395 1979 579 2049 εὐχὴν,
613 1975 730 2031 εἶτα
762 1978 897 2047 μετὰ
939 1978 999 2030 τὸ
1031 1978 1301 2049 διάψαλμα
1330 1978 1428 2051 τὴν
1465 1981 1684 2050 εὐχαρι-

149 2072 301 2135 στίαν,
324 2073 414 2123 ἐπὶ
434 2071 496 2123 τὸ
528 2070 883 2140 τετυχηκέναι
906 2063 980 2123 ὧν
1005 2070 1187 2141 ᾔτησε.
1215 2070 1326 2125 Νῦν
1359 2071 1539 2142 μέντοι
1559 2072 1687 2124 ἁπο-

148 2161 337 2232 στρέφει
368 2161 426 2214 τὸ
457 2162 747 2232 πρόσωπον
796 2161 927 2232 πρὸς
960 2163 1124 2232 ἡμᾶς,
1157 2164 1249 2215 καὶ
1275 2163 1539 2234 διηγεῖται
1570 2163 1685 2226 πῶς

146 2252 409 2321 εὐξάμενος
451 2251 786 2321 ὲπηκούσθη,
832 2251 923 2303 καί
968 2269 1131 2321 φησι·
1169 2253 1341 2321 Φωνῇ
1381 2272 1498 2323 μου
1541 2256 1687 2322 πρὸς

143 2344 343 2410 Κύριον
376 2340 691 2409 ἐκέκραξα.
724 2342 834 2393 Καὶ
874 2341 1052 2413 φωνὴν
1088 2342 1185 2413 μὲν
1226 2342 1560 2413 ὑποληπτέον
1590 2342 1686 2413 τὴν

144 2434 309 2504 νοερὰν
332 2434 427 2504 τῆς
456 2433 697 2496 διανοίας
726 2434 863 2504 πρὸς
885 2433 973 2486 τὸν
1000 2433 1106 2486 τῶν
1130 2434 1264 2487 ὅλων
1289 2434 1419 2487 Θεὸν
1447 2434 1683 2509 ἱκεσίαν·

142 2529 193 2579 οὑ
225 2528 322 2598 γὰρ
343 2527 437 2597 τὴν
460 2528 709 2597 κραυγὴν
739 2526 905 2595 λέγει,
928 2526 1061 2580 ἀλλὰ
1083 2527 1179 2597 τὴν
1208 2527 1432 2584 αὐδαίαν
1458 2528 1555 2599 τῆς
1577 2527 1690 2582 δια-

140 2622 267 2684 νοίας
299 2621 482 2690 εὐχήν.

197 2714 263 2767 Τὸ
290 2715 343 2767 δέ
365 2731 377 2745 ·
404 2711 714 2781 ἐπήκουσέ
739 2730 859 2782 μου
898 2711 965 2777 ἐξ
1017 2711 1219 2779 ὅρους,
1259 2708 1399 2763 κατὰ
1426 2708 1524 2778 τὴν
1559 2724 1691 2759 κατ-

137 2804 339 2875 έχουσαν
383 2807 602 2877 εἴρηται
647 2801 1147 2874 δόξαν.Ἐνομίξετο
1174 2802 1282 2873 γὰρ
1314 2803 1371 2853 ἐν
1410 2804 1476 2871 τῇ
1512 2800 1689 2871 Σκηνῇ

138 2902 402 2961 κατοικεῖν,
438 2896 628 2965 ἐπειδὴ
656 2894 861 2948 ἐκεῖθεν
888 2894 981 2946 καὶ
1010 2894 1059 2945 oi
1082 2892 1318 2964 χρησμοὶ
1344 2894 1456 2955 τοῖς
1486 2888 1692 2961 ἱερεῦσι

138 2991 443 3044 ὲδίδοντο.“Ἡ
468 2989 554 3048 τὸ.
575 2988 643 3053 ἐξ
668 2988 843 3056 ὅρους
864 2987 1058 3057 ἁγίου,
1080 2986 1201 3039 ἀντὶ
1223 2985 1336 3048 τοῦ,
1351 2982 1410 3049 ἐξ
1429 2983 1654 3055 οὐρανοῦ
1677 3001 1689 3014 ·

136 3081 199 3145 ὡς
222 3084 305 3135 καὶ
326 3082 417 3135 τό·
462 3082 561 3134 Ἐν
594 3080 712 3148 ὄρει
735 3079 881 3147 ἁγίῳ
910 3092 1027 3132 σου
1052 3094 1065 3107 ⁸
1099 3078 1213 3140 καὶ,
1233 3078 1531 3146 Ἐγγίσατε
1566 3075 1691 3142 ὄρε-

136 3189 225 3226 σιν
250 3175 506 3239 αὶωνίοις
525 3211 541 3235 ,
574 3172 794 3224 δύναται
844 3170 967 3241 ὅρος
1022 3170 1173 3236 ἆγιον
1213 3164 1349 3220 εἶναι
1377 3165 1509 3219 Θεοῦ
1540 3164 1597 3231 ἐξ
1623 3158 1683 3217 οῦ

134 3266 382 3319 είσακούει
427 3238 537 3318 των
572 3238 929 3332 εὐχομένων-ό
954 3259 1085 3323 Θεὸς
1118 3260 1145 3310 ό
1176 3257 1462 3330 μονογενὴς
1495 3257 1679 3323 αὑτοῦ,
1709 3238 1750 3294 C

133 3355 245 3423 περὶ
264 3347 319 3404 οὗ
348 3353 564 3423 εἴρηται
585 3368 598 3380 ’
637 3351 840 3403 Ἔσται
869 3348 1129 3418 ἐμφανὲς
1161 3350 1226 3401 τὸ
1263 3348 1399 3417 ὅρος
1430 3348 1533 3401 τοῦ
1565 3352 1679 3401 Κυ-

130 3445 247 3508 ρίου
270 3442 357 3495 ἐπ’
380 3441 623 3513 ἐσχάτῳ
642 3441 761 3495 τῶν
786 3440 1019 3510 ἡμερῶν
1042 3458 1054 3471 ο
1081 3440 1345 3512 δηλούσης
1367 3442 1465 3510 τῆς
1489 3439 1684 3505 λέξεως

133 3535 311 3606 ταύτης
360 3535 461 3607 τὴν
515 3534 816 3604 γενομένην
867 3531 1031 3587 αὑτοῦ
1070 3532 1391 3602 φανέρωσιν,
1422 3530 1561 3583 κατὰ
1584 3531 1683 3601 τὴν

134 3624 399 3696 ὶπιδημίαν
447 3625 545 3676 ἐπὶ
582 3622 859 3692 συντελείᾳ
903 3621 1012 3674 τῶν
1053 3621 1290 3673 αἰώνων
1340 3621 1397 3690 ἢ,
1430 3619 1490 3684 ἐξ
1528 3621 1683 3690 δρους

133 3718 288 3784 ἁγίου,
319 3719 384 3771 ὲκ
404 3715 502 3770 τοῦ
539 3714 961 3788 οὐρανοῦ.’ορος
989 3714 1143 3783 ἆγιον
1178 3710 1310 3766 Θεοῦ
1343 3713 1376 3783 ἡ
1404 3711 1683 3783 ὑπερφυὴς

132 3810 311 3877 γνῶσις
334 3809 529 3863 αὑτοῦ.

190 3902 257 3953 Τὸ
296 3901 602 3970 διαψαλμα,
637 3897 895 3967 μουσικοῦ
931 3898 1124 3968 μέλους
1158 3897 1190 3968 ἢ
1222 3896 1429 3968 τροπῆς
1456 3897 1682 3967 γενομέ-

132 4008 213 4062 νης
235 3993 266 4061 ἢ
291 3992 529 4054 διανοίας
565 3991 661 4044 καὶ
689 3990 963 4060 δυνάμεως
988 3989 1145 4057 λόγου
1172 3988 1489 4057 ὲναλλαγῆς.

189 4080 273 4145 Τὸ,
300 4080 659 4151 ἐξητέρθην,
678 4078 835 4132 τοῦτο
860 4078 1025 4149 δηλοῖ,
1045 4078 1145 4140 ὅτι,
1167 4079 1266 4150 τῆς
1288 4077 1433 4141 θείας
1456 4076 1687 4131 ἀπολαύ-

134 4184 215 4231 σας
242 4174 467 4243 τροπῆς,
504 4170 768 4243 κρείττων
811 4170 1077 4241 ἐγενόμην
1124 4168 1233 4223 τῶν
1275 4168 1684 4239 προσπεσόντων

132 4256 344 4334 κακῶν]

197 4353 327 4422 Ἐγὼ
352 4352 686 4423 ἐκοιμήθην
728 4351 825 4405 καὶ
868 4351 1136 4405 ὕπνωσα.
1168 4350 1271 4403 Τὸν
1310 4348 1435 4420 περὶ
1472 4348 1565 4402 τοῦ
1593 4346 1684 4403 νοῦ

130 4441 275 4498 ὕπνον
301 4446 457 4515 φησὶ,
486 4444 558 4497 δι’
590 4438 652 4498 οὗ
677 4444 769 4496 καὶ
806 4444 886 4507 είς
914 4443 1012 4514 τὴν
1047 4444 1320 4514 ἁμαρτίαν
1366 4442 1681 4496 κατέπεσεν.

1785 1983 2004 2044 tionem,
2035 1982 2252 2045 dehinc,
2275 1980 2730 2050 postdiapsalma,
2756 1980 3051 2050 gratiarum
3083 1980 3347 2035 actionem

1783 2075 1930 2129 aililit
1957 2076 2023 2129 de
2050 2088 2311 2129 concesso
2342 2074 2630 2142 postulato.
2654 2074 2720 2126 At
2737 2074 2848 2142 jam
2873 2073 2937 2127 ad
2960 2087 3059 2126 nos
3086 2088 3351 2127 converso

1782 2167 1955 2228 vultu,
1990 2176 2169 2220 navrat
2209 2181 2317 2235 quo
2351 2174 2507 2235 pacto
2546 2180 2731 2233 preces
2766 2164 2884 2233 ejus
2924 2163 3175 2218 admissa:
3219 2166 3348 2230 sint,

1785 2260 1965 2328 aitque
1990 2276 2003 2312 :
2051 2257 2179 2310 Voce
2207 2274 2319 2309 mea
2349 2258 2417 2309 ad
2452 2257 2730 2310 Dominum
2760 2257 3003 2311 clamavi.
3054 2254 3153 2310 Per
3178 2272 3350 2310 vocem

1786 2349 2049 2417 intelligas
2069 2348 2453 2417 intelligibilem
2478 2349 2673 2402 mentis
2696 2348 2804 2402 Deo
2826 2350 3201 2404 universorum
3222 2363 3351 2417 sup-

1786 2441 2130 2512 plicationem
2163 2460 2175 2495 :
2208 2456 2315 2495 non
2346 2441 2488 2494 enim
2511 2440 2578 2495 de
2606 2443 2843 2498 clamore
2873 2444 3132 2514 loquitur,
3164 2444 3258 2499 sed
3283 2444 3351 2499 de

1786 2532 1995 2601 prolata
2029 2547 2123 2603 per
2155 2540 2386 2587 mentem
2426 2532 2692 2588 oratione.

1858 2708 1993 2763 Illud
2042 2725 2207 2780 porro
2234 2729 2247 2765 :
2274 2713 2544 2765 exaudivit
2584 2728 2662 2766 me
2702 2711 2765 2767 de
2800 2722 2992 2779 monte,
3027 2713 3225 2771 dlcitur
3263 2731 3350 2772 se-

1789 2803 2023 2857 cundum
2071 2803 2341 2873 vulgarem
2393 2804 2723 2874 opinionem.
2768 2804 3066 2861 Putabatur
3100 2807 3244 2861 enim
3292 2809 3346 2862 in

1791 2894 2138 2949 tabernaculo
2163 2894 2423 2960 habitare,
2441 2895 2567 2964 quia
2594 2896 2717 2951 inde
2734 2896 2952 2951 oracula
2973 2896 3349 2953 sacerdotibus

1790 2984 2076 3038 dabantur.
2094 2983 2211 3049 Vel,
2234 2985 2297 3038 de
2328 2997 2499 3041 monte
2523 3000 2725 3050 sancto,
2744 2988 2897 3057 quasi
2926 2988 3076 3043 dicas
3090 2989 3156 3043 de
3176 2989 3347 3055 caelo;

1792 3081 1851 3127 ut
1880 3074 2038 3127 etiam
2080 3073 2230 3135 illud,
2268 3072 2331 3126 In
2364 3085 2533 3127 monte
2566 3085 2744 3129 sancto
2769 3085 2857 3129 tuo
2882 3076 2947 3140 ⁸⁸,
2981 3085 3034 3130 et
3052 3078 3349 3147 Appropin-

1792 3174 1947 3235 quate
1976 3164 2232 3217 montibus
2260 3166 2469 3218 cateruis
2494 3166 2558 3221 “.
2601 3164 2781 3221 Potest
2814 3182 2968 3221 mons
2997 3178 3218 3224 sanctus
3252 3166 3350 3223 Dei

1781 3270 1900 3309 esse
1927 3271 1992 3309 ex
2025 3270 2133 3323 quo
2159 3256 2612 3310 exauditoranles
2642 3256 2784 3311 Deus
2813 3256 3142 3327 unigenitus,
3178 3260 3345 3321 illius,

1780 3344 1845 3398 de
1889 3360 1997 3411 quo
2025 3344 2227 3398 dictum
2258 3358 2358 3411 est,
2386 3345 2499 3398 Erit
2524 3347 2832 3413 conspicuus
2877 3362 3022 3400 mons
3050 3346 3261 3402 Domini
3292 3350 3350 3402 in

1781 3436 2058 3490 novissimo
2102 3436 2325 3491 dierum.
2378 3436 2533 3502 Quod
2587 3437 2793 3491 dictum
2854 3437 3347 3496 manifestationetn

1782 3528 1899 3598 ejus
1950 3526 2235 3598 signiﬁcat,
2281 3544 2402 3598 quae
2452 3527 2633 3583 futura
2662 3538 2745 3585 est
2782 3530 2835 3583 in
2873 3532 3105 3586 adventu
3139 3531 3259 3601 ejus
3290 3534 3346 3586 in

1782 3618 2247 3673 consummatione
2278 3620 2598 3675 saeculorum
2625 3638 2640 3675 :
2671 3629 2786 3685 aut,
2816 3636 2883 3675 ex
2923 3632 3106 3676 monte
3132 3632 3344 3687 sancto,

1781 3710 1835 3765 id
1863 3722 1944 3765 est
1969 3726 2035 3764 ex
2064 3712 2220 3765 caalo.
2257 3709 2409 3765 Mons
2439 3721 2663 3767 sanctus
2692 3712 2783 3767 Dei
2802 3723 2885 3767 est
2913 3716 3346 3784 supernaturalil

1780 3802 1899 3872 ejus
1930 3804 2187 3872 cognitio.

1848 3893 2150 3963 Diapsalma
2185 3891 2470 3947 adhibetur
2497 3909 2619 3949 cum
2655 3894 2849 3949 musici
2878 3905 3076 3950 cantus
3109 3898 3344 3952 mutatio

1783 3984 1860 4050 ﬁt,
1894 3993 1984 4039 aut
2010 4001 2131 4040 cum
2165 3990 2426 4043 sententia
2450 3993 2504 4041 et
2524 3987 2605 4042 vis
2633 3987 2901 4042 sermonis
2944 3989 3052 4042 alio
3084 3990 3336 4043 vertitur.

1853 4075 2022 4140 Illud,
2066 4075 2387 4143 Exsurrexi,
2430 4076 2727 4147 signiﬁcat,
2755 4077 2935 4130 divina
2987 4081 3344 4135 conversione

1782 4166 2053 4238 dignatus,
2086 4168 2456 4238 ingruentibus
2486 4169 2542 4222 in
2576 4182 2661 4221 me
2686 4168 2842 4223 malis
2870 4171 3119 4240 superior
3144 4170 3339 4245 evasi.)

1854 4346 1907 4401 6.
1946 4346 2055 4416 Ego
2081 4346 2301 4399 dormivi
2328 4353 2378 4400 et
2400 4356 2675 4408 separatus
2700 4361 2838 4402 sum.
2867 4344 3058 4400 Mentis
3088 4360 3341 4402 somnum

1784 4440 1931 4504 dicit,
1960 4454 2055 4508 per
2084 4454 2241 4507 quem
2271 4438 2460 4494 incidit
2496 4439 2548 4490 in
2580 4446 2884 4505 peccatum.

190 4530 325 4602 [Ὅτι
501 4531 808 4598 ἑπάταξας
839 4531 1067 4597 πάντας
1098 4530 1239 4597 τοὺς
1266 4529 1683 4600 ἑχθραίνοντὰς

1850 4529 2035 4603 [Vens
2063 4532 2114 4583 8.
2150 4528 2409 4594 Quoniam
2436 4538 2492 4582 tu
2527 4530 2830 4599 percussisti
2857 4544 3029 4583 omnes
3057 4530 3331 4584 adversan-

126 4637 227 4687 μοι.
274 4612 545 4688 Πάταξον,
603 4621 908 4692 σύντριψον,
949 4620 983 4690 ἢ
1036 4620 1313 4687 πατάξεις.
1339 4620 1681 4674 Ἐπισπεύδει

131 4713 211 4782 τὴν
239 4712 597 4777 ἐξανάστασιν
630 4712 727 4784 τὴν
764 4714 883 4767 κατ’
913 4712 1090 4767 αὐτῶν
1119 4712 1213 4765 τοῦ
1246 4712 1402 4778 Θεοῦ,
1435 4714 1552 4785 ήτοι
1583 4714 1680 4785 τὴν

130 4804 333 4872 ἄμυναν.
366 4804 654 4870 Ματαίως
699 4803 811 4874 ἔχει
853 4806 976 4868 τοὺς
1026 4804 1250 4875 ἐχθροὺς
1273 4807 1301 4858 ό
1328 4805 1401 4875 μὴ
1428 4804 1679 4875 παρέχων

131 4893 373 4960 πρόφασιν
431 4895 650 4965 μίσους.
690 4892 958 4959 Ὁδόντας
1004 4892 1060 4947 δὲ
1104 4892 1459 4963 ἁμαρτωλῶν
1504 4894 1536 4965 ἢ
1584 4894 1678 4965 τὴν

134 4982 262 5051 ἰσχὺν
289 4984 434 5053 λέγει
467 4985 583 5037 τῶν
618 4985 697 5047 είς
725 4984 884 5038 αὐτὸν
910 4985 1343 5056 ἁμαρτανόντων,
1368 4985 1401 5054 ἢ
1436 4987 1559 5049 τοὺς
1590 4986 1677 5038 λό-

132 5088 237 5138 γους
280 5077 401 5139 τοὺς
436 5076 562 5129 κατ’
594 5073 778 5139 αὑτοῦ,
810 5076 903 5127 καὶ
932 5075 1027 5139 τὰς
1063 5075 1436 5147 βλασφημίαςο
1464 5077 1497 5148 ἢ
1529 5076 1677 5129 ὀδόν-

131 5179 205 5229 τις
225 5167 560 5239 ἁμαρτωλῶν
586 5170 692 5221 εισι
715 5166 961 5235 λογισμοί⁵
988 5167 1167 5235 ἄλογοι
1197 5166 1344 5238 παρὰ
1366 5166 1525 5234 φύσιν
1548 5170 1676 5238 ἡμῖν

134 5255 617 5328 ίπισυμδαίνοντις.
648 5259 770 5321 Τοῖς
798 5258 904 5330 γὰρ
934 5257 1210 5328 λογισμοῖς
1234 5259 1308 5322 ὡς
1337 5257 1513 5311 ὀδοῦσι
1543 5258 1679 5329 χρώ-

137 5362 262 5414 μενοι
310 5350 575 5413 πολλάκις
619 5349 978 5420 ἀντικείμενοι
1032 5349 1479 5422 προσεγγίζουσιν
1526 5352 1674 5421 ἡμῖν,

135 5437 211 5489 τοῦ
235 5442 417 5507 φαγεῖν
441 5442 546 5502 τὰς
573 5441 783 5509 σάρκας
809 5437 980 5509 ἡμῶν,
1000 5440 1238 5493 τουτέστι
1259 5440 1327 5492 τὰ
1351 5441 1413 5492 ὲκ
1438 5440 1533 5510 τῆς
1556 5455 1680 5509 σαρ‹

137 5527 214 5592 κὸς
244 5533 498 5604 φυόμενα.
527 5530 765 5599 Φανερὰ
788 5530 876 5595 δὲ,
907 5532 1088 5603 φησιν,
1118 5530 1251 5585 ἐστι
1295 5531 1367 5586 τὰ
1393 5530 1535 5601 ἔργα
1567 5529 1672 5598 τῆς

200 5727 239 5763 ⁸⁸
267 5729 403 5789 Psal.
432 5748 548 5799 xiv,
580 5730 635 5786 Ι.
712 5729 758 5762 ⁸⁸
790 5727 932 5784 Psal.
966 5744 1126 5797 uxr,
1159 5730 1212 5784 5.

1787 4634 1860 4676 tes
1894 4622 2041 4676 mihi.
2076 4620 2322 4687 Percute,
2356 4629 2593 4685 contere,
2625 4630 2718 4675 aut
2748 4622 3032 4686 percuties.
3075 4620 3341 4677 Sollicitat

1784 4713 1951 4769 Deum
1987 4722 2045 4768 ut
2073 4724 2260 4769 contra
2296 4713 2543 4770 inimicos
2585 4715 2846 4783 insurgat,
2880 4715 2946 4768 ad
2969 4729 3028 4769 se
3072 4715 3337 4768 ulciscen-

1783 4806 1934 4859 dum.
1982 4804 2104 4859 Sine
2142 4822 2300 4859 causa
2332 4806 2583 4860 inimicos
2613 4806 2790 4870 habet,
2826 4809 2919 4875 qui
2966 4806 3165 4861 nullam
3207 4822 3339 4876 prte-

1784 4894 1901 4949 buit
1932 4895 2040 4948 odii
2085 4896 2388 4950 materiam.
2428 4896 2617 4949 Deum
2646 4907 2824 4949 autem
2861 4905 3209 4961 peccatorum,
3244 4906 3339 4949 aut

1784 4987 1889 5041 vim
1912 4988 1987 5041 ait
2011 5002 2130 5041 esse
2158 4989 2493 5057 peccantium
2526 4988 2787 5042 adversus
2820 4987 3009 5052 Deum,
3052 4996 3147 5041 aut
3176 4988 3336 5043 verba

1782 5078 1837 5133 in
1884 5079 2057 5147 ipsum
2110 5080 2334 5149 prolata.
2361 5089 2415 5135 et
2446 5080 2759 5150 blasphema
2804 5080 2970 5134 dicta.
3002 5078 3110 5132 Ant
3146 5078 3336 5135 dentes

1780 5178 2118 5237 peccatorum
2161 5179 2287 5225 sunt
2334 5172 2686 5240 cogitationes
2736 5170 3162 5232 irrationabiles,
3214 5186 3337 5239 qua:

1780 5269 1971 5329 praeter
1993 5271 2240 5315 naturam
2270 5262 2424 5317 nobis
2463 5263 2723 5317 incidunt.
2763 5259 2897 5315 Nam
2927 5262 3337 5331 cogitationibus

1780 5352 1922 5404 velut
1948 5351 2195 5406 dentibus
2224 5354 2304 5406 usi
2330 5354 2662 5420 adversarii,
2689 5352 3005 5423 plerumque
3048 5352 3335 5422 appmpin-

1781 5448 1948 5509 quant
1992 5440 2166 5505 nobis,
2212 5452 2270 5495 ut
2294 5443 2454 5497 edant
2490 5458 2682 5509 carnes
2714 5450 2968 5508 nostras;
3003 5442 3247 5495 videlicet
3269 5455 3334 5495 ea

1781 5546 1902 5602 quae
1921 5546 1985 5587 ex
2008 5547 2169 5589 carne
2195 5543 2505 5588 nascuntur.
2538 5530 2815 5601 Manifesta
2838 5542 3009 5587 autem
3036 5543 3156 5588 sunt
3180 5546 3336 5600 opera
