4102 6304
752 368 811 421 ’11

1562 363 1618 417 5.
1661 362 2026 418 ATHANASII
2068 362 2217 418 OPP.
2263 359 2440 413 PARS
2478 357 2567 411 111.
2609 388 2676 397 -
2716 358 3121 413 EXEGETICA.

3894 356 3953 409 7!

735 482 934 543 carnis,
972 479 1047 535 ait
1093 477 1304 533 divinus
1342 475 1629 545 Apostolus
1662 476 1727 529 ".
1764 474 1958 529 Dentes
1999 489 2158 544 porro
2206 472 2301 537 ait,

2405 469 2646 537 σαρκὸς,
2681 474 2709 522 ὸ
2739 470 2876 533 θεῖος
2906 470 3234 533 ’Δπόστολος.
3256 470 3498 533 eum;
3533 469 3675 537 λέγει
3696 485 3708 497 '
3738 469 3844 525 ἀπὸ
3872 485 3931 537 με

737 580 952 640 sumpta
986 586 1015 625 a
1050 568 1177 623 feris
1230 568 1574 637 metaphora,
1606 582 1726 635 quze
1766 567 1817 619 iu
1850 567 2098 620 dentibus
2130 566 2295 618 robur

737 663 955 726 habent,
985 660 1183 731 quibus
1226 658 1412 713 fractis
1443 658 1719 724 despectui
1762 657 2042 710 habentur.
2086 655 2293 709 Etenim

740 752 1021 807 homicidae
1060 766 1125 805 ac
1166 750 1497 820 sanguinarii
1544 749 1810 813 homines,
1838 748 1967 815 ipsis
2001 747 2296 801 carnivoris

737 844 866 898 feris
896 842 1105 913 pejores
1134 850 1279 904 sunt,
1310 848 1472 908 atque
1499 837 1686 892 iisdem
1715 832 2141 905 comparantur.]

805 1023 855 1079 9.
891 1022 1100 1076 Domini
1146 1032 1220 1077 est
1256 1022 1421 1077 salus.
1457 1020 1672 1075 Salvum
1711 1037 1795 1075 me
1825 1018 1933 1084 fac,
1962 1020 2159 1088 inquit,
2191 1017 2297 1072 Do-

737 1113 897 1168 mine.
922 1114 1071 1185 Rogo
1106 1124 1383 1176 autem,ut
1416 1116 1564 1169 salus
1622 1115 1769 1167 istaec
1806 1114 1858 1167 iu
1893 1124 2062 1167 totum
2096 1112 2296 1167 feratur

734 1208 1011 1275 populum.
1061 1206 1350 1261 Sciendum
1392 1222 1552 1275 porro
1580 1215 1684 1272 est,
1721 1213 1891 1258 totum
1930 1206 2195 1274 psalmum
2228 1204 2293 1259 ad

735 1297 1030 1352 humanum
1076 1299 1263 1352 referri
1306 1316 1495 1368 genus,
1521 1298 1662 1368 quod
1704 1314 1824 1351 cum
1862 1310 2154 1367 peccasset,
2186 1308 2295 1352 tra-

734 1388 907 1442 ditum
952 1390 1069 1443 ideo
1103 1390 1203 1443 fuit
1236 1390 1607 1459 spiritualibus
1659 1389 1895 1443 inimicis
1925 1408 1936 1441 :
1974 1388 2064 1442 sed
2098 1389 2295 1443 clamat

736 1480 788 1534 in
824 1482 1167 1535 tribulatione
1196 1492 1249 1536 et
1271 1482 1555 1536 exauditur
1581 1498 1611 1535 a
1642 1480 1770 1543 Deo,
1806 1481 2139 1551 salutemque
2164 1498 2295 1535 con-

736 1581 977 1625 secutum
1006 1582 1107 1638 est,
1140 1588 1203 1627 eo
1224 1573 1367 1641 quod
1394 1587 1585 1641 nempe
1615 1572 1865 1626 Christus
1895 1588 1924 1625 a
1954 1574 2182 1628 mortuis
2211 1588 2293 1627 re-

736 1665 1051 1729 surrcxerit,
1076 1679 1139 1718 ac
1164 1675 1378 1718 nostros
1396 1665 1720 1733 percusserit
1738 1664 2004 1727 inimicos,
2022 1664 2294 1718 dzemones

736 1755 958 1808 scilicet.
984 1753 1100 1824 Ipse
1130 1770 1362 1824 namque
1396 1765 1477 1807 est
1501 1756 1589 1823 qui
1615 1762 1776 1807 molas
1801 1756 2016 1807 leonum.
2039 1755 2291 1825 confregit

735 1843 988 1899 Dominus
1014 1845 1079 1901 “.
1109 1846 1281 1916 Atque
1314 1846 1480 1910 illius,
1514 1848 1626 1901 sive
1658 1847 1725 1901 ab
1760 1848 1852 1901 illo
1884 1857 1965 1902 est
1988 1848 2153 1903 salus.

804 1996 1040 2069 [Domini
1080 2009 1157 2052 est
1202 2001 1365 2054 salus.
1408 2000 1523 2055 Non
1551 2011 1634 2057 est
1668 2002 1820 2067 mihi,
1858 2003 2050 2073 inquit,
2084 2019 2206 2071 spes
2237 2004 2288 2058 in

736 2088 953 2145 homine
988 2112 998 2144 :
1033 2093 1123 2146 sed
1156 2094 1251 2148 abs
1300 2102 1349 2147 te
1396 2095 1622 2149 salutem
1668 2105 1955 2164 exspecto,
1986 2098 2292 2167 pariterque

736 2184 964 2253 populus
998 2193 1121 2239 tuus
1154 2187 1246 2255 qui
1275 2202 1483 2240 mecum
1510 2187 1649 2241 bello
1680 2189 1974 2256 impetitur.

950 2276 997 2329 1.
1037 2274 1102 2329 lu
1133 2278 1287 2345 ﬁnem
1319 2281 1371 2332 in
1400 2280 1718 2333 carminibus
1751 2280 2087 2336 PSALMUS

1361 2369 1530 2423 David
1576 2369 1679 2425 IV.

1316 2466 1711 2531 Argumentum.

738 2545 893 2604 Hunc
921 2547 1193 2604 Psalmum
1227 2561 1349 2619 post
1392 2562 1717 2621 reportatam
1761 2554 2065 2617 victoriam,
2100 2555 2290 2609 victori

1402 2644 1569 2700 dicat.

808 2731 938 2805 [Pro
971 2732 1083 2798 illo,
1113 2734 1168 2787 in
1193 2736 1369 2803 ﬁnem,
1399 2737 1591 2807 Aquila
1621 2747 1675 2793 et
1702 2737 1999 2795 Theodotio
2028 2740 2292 2810 interpre-

737 2825 832 2878 tati
883 2833 1042 2893 sunt,
1083 2826 1303 2880 victori:
1351 2827 1713 2899 Symmachus
1763 2844 1910 2895 vero,
1968 2829 2287 2898 Epinicium,

736 2918 851 2972 sive
879 2918 1113 2974 victoria:
1142 2918 1409 2990 carmen.]

805 3010 857 3065 2.
888 3010 1328 3064 Cuminvocarem
1366 3012 1566 3067 audivit
1600 3029 1679 3067 me
1724 3012 1863 3069 Deus
1884 3012 2113 3084 iustitia!
2142 3033 2287 3069 mere.

739 3099 925 3154 Simile
954 3108 1038 3154 est
1070 3100 1143 3153 illi
1173 3119 1183 3153 :
1222 3099 1291 3155 Te
1320 3102 1491 3156 adhuc
1536 3103 1772 3173 loquente
1814 3106 1989 3159 dicet:
2022 3107 2153 3160 Ecce
2195 3108 2290 3159 ad-

2396 564 2633 631 ταφορᾶς
2655 562 2761 613 τῶν
2795 562 2994 632 θηρίων
3018 562 3174 615 τοῦτό
3206 579 3387 633 φησιν,
3406 563 3439 616 ἂ
3466 561 3661 632 μᾶλλον
3685 563 3799 624 τοῖς
3820 558 3959 615 ὀδοῦ-

2398 670 2479 704 σιν
2507 654 2695 724 ἰσχύει,
2729 653 3268 725 καὶπυνθλωμὲνων,
3299 654 3741 725 εὐκαταφρόνητα
3783 654 3953 721 γίνον-

2395 762 2503 798 ται.
2546 748 2653 799 Καὶ
2679 748 2783 817 γὰρ
2819 750 2867 799 οἱ
2914 748 3090 814 φονεῖς
3126 748 3219 799 καὶ
3268 750 3582 817 αἱμοχαρεῖς
3642 745 3739 797 καὶ
3782 745 3957 797 αὐτῶν

2394 837 2500 888 τῶν
2529 839 2834 909 αἱμοϐόρων
2864 839 3063 910 θηρίων
3087 840 3298 911 χείρους
3336 841 3489 901 εἰσὶν,
3520 839 3551 909 ἢ
3576 838 3783 900 τούτοις
3817 854 3954 909 παρ-

2398 929 2684 1000 ισοῦνται.)

2472 1018 2578 1072 Τοῦ
2603 1020 2821 1087 Kvplov
2848 1022 2885 1088 ἡ
2913 1021 3193 1089 σωτηρία.
3234 1021 3411 1074 Σῶσόν
3442 1038 3529 1091 με,
3554 1022 3734 1092 φησὶν,
3762 1021 3950 1091 Κύριε.

2397 1109 2633 1181 Εῦχομαι
2656 1113 2710 1165 δὲ
2737 1114 2827 1165 καὶ
2857 1113 3013 1167 τοῦτο
3037 1117 3115 1177 είς
3142 1116 3315 1168 πάντα
3336 1115 3669 1185 ἐξενεχθῆναι
3695 1114 3786 1166 τὸν
3810 1113 3950 1165 λαόν.

2408 1202 2598 1256 ’13τὲον
2627 1204 2703 1268 δὲ,
2738 1204 2812 1267 t'o;
2848 1205 2991 1268 ἅπας
3023 1208 3050 1258 ὁ
3073 1205 3283 1276 ψαλμὸς
3312 1206 3587 1276 ἀναφορὰν
3612 1206 3725 1275 ἔχει
3756 1206 3836 1266 εἰς
3862 1204 3953 1274 τὴν

2400 1293 2809 1364 ἁνθρωπότητα,
2842 1296 3189 1365 ἁμαρτοῦσαν
3240 1296 3338 1367 μὲν
3390 1298 3481 1350 καὶ
3529 1298 3594 1349 δι’
3624 1296 3754 1349 αὐτὸ
3800 1295 3951 1349 τοῦτο

2395 1385 2831 1457 παραδεδομένην
2879 1391 2989 1450 τοῖς
3043 1390 3247 1457 νοητοῖς
3280 1387 3509 1460 ἐχθροῖς,
3548 1388 3753 1456 βοῶσαν
3795 1386 3850 1439 δὲ
3900 1387 3953 1437 ἐν

2396 1476 2566 1545 θλίψει
2615 1478 2706 1529 καί
2754 1478 3181 1531 ὲπακουσθεῖσαν
3221 1476 3370 1548 παρὰ
3398 1476 3491 1530 τοῦ
3526 1477 3678 1539 Θεοῦ,
3714 1477 3807 1529 καὶ
3856 1476 3955 1547 μὴν

2396 1568 2487 1619 καὶ
2522 1566 2777 1619 σωθεῖσαν
2806 1566 2892 1619 διὰ
2918 1568 3009 1620 τοῦ
3035 1568 3328 1637 ἀναστῆναι
3358 1565 3515 1619 αὑτὸν
3543 1570 3606 1620 ὲκ
3632 1565 3840 1635 νεκρῶν
3873 1566 3959 1634 δη-

2394 1656 2582 1719 λονότι,
2634 1659 2724 1711 καί
2763 1660 2994 1726 πατάξαι
3037 1662 3162 1723 τοὺς
3194 1661 3568 1731 ἐχθραίνοντας
3596 1662 3723 1729 ἡμῖν
3770 1659 3957 1728 δαίμο-

2395 1763 2506 1808 νας.
2542 1748 2709 1811 Αὐτὸς
2757 1748 2883 1818 γὰρ,
2915 1752 2946 1803 ό
2988 1750 3091 1815 τὰς
3129 1752 3329 1819 μύλας
3361 1750 3478 1803 τῶν
3508 1753 3767 1804 λεόντων
3805 1767 3956 1802 συν-

2328 1830 2368 1884 Β
2395 1837 2625 1905 θλάσας
2668 1842 2899 1908 Κύριος.
2938 1844 3043 1895 Καὶ
3088 1844 3249 1896 αὑτοῦ
3283 1843 3503 1915 [αὐτός,
3535 1842 3753 1915 .-1mbr.]
3788 1846 3955 1905 ἐστιν,

2392 1931 2508 2001 ἤτοι
2538 1934 2665 2004 παρ’
2694 1934 2877 1998 αὑτοῦ,
2908 1937 2939 2005 ἡ
2970 1936 3226 2007 σωτηρία.

2465 2022 2599 2094 [Τοῦ
2648 2027 2864 2093 Κυρίου
2916 2029 2953 2095 ἡ
3005 2029 3283 2094 σωτηρία.
3326 2028 3439 2080 Οὐκ
3486 2026 3611 2096 ἔχω,
3660 2028 3845 2096 φησὶν,
3880 2028 3957 2087 είς

2393 2115 2672 2185 ἄνθρωπον
2704 2117 2801 2187 τὴν
2829 2116 3035 2181 ἐλπίδα,
3064 2118 3196 2171 ἀλλὰ
3226 2120 3371 2189 παρὰ
3402 2119 3490 2171 σοῦ
3538 2120 3635 2189 τὴν
3683 2118 3957 2188 σωτηρίαν

2393 2205 2701 2275 προσμένω,
2736 2209 2827 2260 καὶ
2852 2210 2879 2259 ὁ
2910 2208 2995 2270 σὸς
3022 2208 3145 2270 λαὸς
3178 2211 3271 2261 σὺν
3306 2210 3427 2277 ἐμοὶ
3462 2209 3887 2279 πολεμούμενος.
3917 2207 3935 2279 ]

2496 2302 2598 2365 Εἰς
2630 2302 2694 2353 τὸ
2726 2301 2894 2367 τέλος
2930 2305 3233 2356 unum}:
3260 2302 3417 2371 ᾠδῆς
3441 2302 3517 2369 τῷ
3546 2303 3741 2357 Acturo.
3777 2308 3853 2357 4'.

2946 2393 3057 2465 (l5)
3075 2395 3396 2461 Ὑκόθεσις.

2392 2550 2590 2605 Τοῦτον
2644 2553 2735 2607 τὸν
2786 2553 2997 2624 ψαλμὸν
3052 2556 3188 2624 μετὰ
3250 2556 3308 2608 τὸ
3339 2558 3552 2626 νικῆσαι
3600 2557 3687 2609 τὸν
3730 2556 3963 2628 πόλεμον

2827 2643 3106 2713 ἀνατίθησι
3137 2643 3212 2713 τῷ
3243 2645 3495 2715 νικοποιῴ

2461 2731 2637 2802 [Ἀντὶ
2680 2732 2793 2800 τοῦ,
2840 2736 2926 2799 εις
2950 2734 3012 2787 τὸ
3040 2735 3231 2801 τέλος,
3267 2737 3295 2788 ό
3338 2735 3563 2800 ’Λκύλας
3594 2739 3687 2791 καὶ
3726 2738 3755 2789 ό
3777 2737 3964 2792 Θεοδο-

2390 2821 2538 2887 τίων,
2567 2822 2646 2889 τῷ
2694 2824 2995 2892 νικοποιῷ,
3042 2828 3425 2898 ήρμὴνειισαν⁸
3472 2831 3500 2883 ὀ
3541 2829 3596 2883 δὲ
3642 2829 3962 2900 Σύμμαχος,

2404 2912 2774 2987 Ἐπινίκιον.]

2475 3007 2570 3059 Ἐν
2602 3006 2680 3072 τῷ
2694 3007 3111 3065 ἐπικαλεῖσθαί
3130 3028 3206 3078 με
3230 3012 3554 3080 εἰσήκουσέ
3592 3030 3715 3081 μου
3747 3016 3782 3067 ὁ
3823 3015 3967 3077 Θεὸς

2393 3097 2501 3164 τῆς
2525 3097 2915 3165 δικαιοσύνης
2930 3118 3067 3167 μου.
3099 3101 3323 3169 Ὅμοιον
3346 3103 3441 3169 τῷ,
3478 3103 3595 3153 Ἔτι
3624 3100 3970 3166 λαλοῦντός

738 3207 852 3244 sum
876 3193 940 3243 ⁶⁹.
979 3189 1043 3245 In
1080 3194 1417 3248 tribulatione
1437 3168 1680 3249 dilatasti
1710 3198 1857 3251 mihi.
1894 3197 2009 3251 Non
2039 3197 2198 3251 modo
2225 3198 2293 3251 ab
2319 3189 2320 3203 ¹

2394 3204 2529 3255 σου,
2552 3188 2705 3257 ἐρεῖ·
2762 3190 2904 3244 Ἰδοὺ
2938 3168 3191 3259 πάρειμι.
3246 3192 3346 3245 Ἔν
3381 3168 3579 3260 θλίψει
3615 3192 3968 3259 ἐπλάτυνάς

740 3282 1104 3339 incidentibus
1136 3286 1396 3339 aerumnis
1443 3285 1704 3352 liberasti,
1737 3287 1829 3342 sed
1878 3288 2039 3341 etiam
2077 3287 2129 3340 iu
2182 3302 2295 3341 ma-

739 3388 899 3443 gnam
940 3373 1280 3429 latitudinem
1323 3384 1375 3428 et
1424 3375 1726 3431 libertatem
1782 3377 2057 3451 posuisti.]
2090 3380 2216 3434 Siba
2242 3390 2296 3434 et

740 3461 923 3515 Bene]
952 3464 1207 3517 alimenta
1241 3466 1405 3519 multa
1431 3477 1484 3519 et
1507 3476 1710 3535 tapetes
1740 3466 1928 3522 Davidi
1958 3469 2290 3531 obtulerunt,

740 3552 958 3621 quando
997 3550 1208 3620 fugiens
1240 3551 1588 3617 Absalonem,
1623 3555 1677 3607 in
1708 3555 1934 3609 desertis
1969 3556 2102 3610 locis
2134 3565 2293 3625 atque

741 3641 795 3695 in
825 3642 1099 3697 montibus
1125 3642 1461 3707 versabatur,
1513 3643 1668 3713 quasi
1725 3653 1835 3699 tres
1881 3646 2033 3715 pueri
2082 3647 2136 3699 in
2184 3645 2294 3701 for-

741 3750 895 3801 nace,
933 3744 988 3790 et
1019 3733 1207 3789 Daniel
1242 3751 1365 3789 cum
1416 3735 1685 3793 leonibus.
1715 3736 1943 3804 Quando
1992 3739 2295 3793 tribulatio-

744 3841 872 3879 num
925 3832 979 3879 et
1031 3826 1388 3880 tentationum
1441 3829 1702 3883 rationem
1762 3828 2111 3898 intelligimus
2170 3840 2297 3886 tunc

742 3917 976 3971 maxime
1006 3917 1314 3970 dilatamur.
1343 3918 1463 3972 Alio
1509 3919 1633 3972 item
1669 3929 1823 3988 pacto
1857 3930 2033 3989 pOtest
2073 3921 2296 3975 latitudo

742 4006 1022 4076 explicari.
1046 4005 1066 4077 ]
1097 4005 1343 4059 Miserere
1366 4008 1485 4070 mei,
1513 4016 1560 4061 et
1582 4008 1775 4060 exaudi
1796 4010 2081 4061 orationem
2106 4026 2292 4064 meum.

743 4098 1009 4166 Quoniam
1045 4098 1257 4153 dixerat
1292 4115 1350 4154 se
1378 4109 1593 4168 propter
1628 4099 1891 4169 justitiam
1924 4116 2077 4156 suam
2126 4118 2293 4157 exau-

743 4190 939 4257 ditum,
970 4198 1253 4260 propterea
1290 4188 1532 4261 confugit
1563 4190 1629 4245 ad
1659 4188 1753 4244 Dei
1792 4190 2242 4246 misericordiam.

814 4370 867 4423 5.
903 4366 1032 4422 Filii
1058 4368 1349 4431 hominum,
1382 4382 1641 4437 usquequo
1663 4366 1807 4436 gravi
1841 4367 2014 4422 corde.
2058 4367 2182 4423 Haec
2232 4369 2296 4425 iis

744 4459 887 4514 dicta
938 4468 1086 4525 sunt,
1119 4459 1211 4527 qui
1267 4458 1445 4528 magni
1493 4458 1761 4512 exercitus
1791 4472 1927 4527 ope,
1954 4460 2161 4528 justum
2194 4474 2293 4529 op-

744 4549 904 4620 primi
931 4563 1092 4619 posse
1119 4548 1477 4603 conlidebant.
1514 4547 1639 4603 Haec
1676 4556 1853 4602 autem
1903 4563 2049 4621 spes,
2100 4552 2293 4622 inquit,
2320 4530 2370 4590 D

742 4649 799 4697 et
822 4656 958 4694 vana
997 4649 1051 4694 et
1084 4639 1312 4692 meude
1340 4650 1445 4697 est.

817 4730 869 4784 ι.
905 4727 971 4782 Et
1009 4730 1192 4782 scitote
1233 4732 1482 4799 quoniam
1526 4733 1824 4804 miriﬁcavit
1873 4732 2125 4787 Dominus
2174 4749 2297 4786 san-

746 4833 889 4879 ctum
922 4838 1094 4875 suum.
1126 4821 1241 4877 Hoc
1287 4832 1392 4887 cst,
1440 4825 1652 4891 scitote,
1702 4828 1795 4895 qui
1850 4827 1903 4881 in
1954 4828 2297 4883 multitudine

748 4914 1044 4979 conliditis,
1074 4915 1217 4983 quod
1250 4913 1393 4969 Deus
1433 4918 1802 4973 admirabilem
1849 4919 2150 4975 exhibuerit
2173 4936 2296 4975 eum

748 5008 843 5075 qui
870 5005 1090 5061 conﬁdit
1126 5006 1180 5060 in
1209 5007 1348 5076 ipso.
1376 5006 1633 5065 Dominus
1659 5012 1902 5065 exaudiet
1932 5029 2010 5065 me
2049 5028 2165 5064 cum
2188 5011 2300 5065 cla-

750 5111 974 5149 mauero.
1012 5094 1246 5165 Tempus
1288 5112 1392 5165 pro
1423 5107 1665 5169 tempore
1715 5100 2135 5158 alio'sumitur:
2172 5117 2296 5156 nam

746 5202 866 5258 pro,
896 5186 1190 5253 exaudivit,
1219 5188 1375 5253 dixit,
1408 5189 1679 5245 exaudiet.

816 5277 871 5335 5.
926 5274 1230 5330 Irascimini
1269 5288 1319 5332 et
1368 5280 1527 5334 nolite
1565 5298 1795 5349 peccare.
1851 5283 1980 5348 Qua:
2018 5284 2197 5337 dicitis
2243 5285 2299 5339 iu

748 5368 990 5423 cordibus
1036 5371 1217 5423 vestris
1266 5371 1320 5422 iu
1354 5371 1611 5427 cubilibus
1653 5376 1836 5429 vestris
1874 5376 2299 5445 compungimini.

746 5458 913 5527 Quasi
948 5460 1063 5515 suis
1090 5460 1237 5517 istaec
1255 5461 1513 5533 loquitur,
1547 5474 1680 5519 utet
1700 5468 1952 5523 omnibus
1970 5466 2297 5522 hominibus.

815 5638 861 5669 ’ν
885 5637 1057 5694 Galat.
1088 5657 1142 5709 ν,
1181 5642 1263 5696 19.
1339 5644 1382 5676 ⁸³
1420 5642 1561 5699 Psal.
1594 5661 1723 5713 Lvu,
1758 5646 1809 5701 7.
1890 5648 1931 5680 “
1972 5648 2070 5705 Isa.
2106 5662 2254 5715 Lvm,
2296 5648 2345 5704 9.

818 5731 928 5803 (i5)
960 5735 1347 5805 Argumentum
1386 5740 1574 5796 incerti
1612 5742 1867 5797 auctoris.

2389 3298 2510 3348 μοι.
2563 3282 2639 3334 οὐ
2676 3280 2853 3352 μόνον,
2905 3281 3059 3353 φησὶ,
3104 3281 3213 3334 τῶν
3245 3282 3613 3356 περιστάσεων
3668 3281 3967 3353 ἐξήγαγες,

2394 3371 2527 3426 ἀλλὰ
2544 3373 2635 3426 καὶ
2656 3374 2734 3435 είς
2751 3372 3085 3443 εὐρυχωρίαν
3102 3373 3299 3443 πολλὴν
3320 3374 3507 3443 στῆναι
3525 3373 3967 3445 παρεσκεύασας.

2396 3462 2590 3532 [Σιϐὰς
2614 3466 2704 3516 καὶ
2728 3465 2791 3515 Βε
2804 3465 2925 3534 ρζὲλ
2955 3466 3159 3533 τροφὰς
3184 3464 3381 3527 πολλὰς
3406 3464 3499 3516 καὶ
3523 3464 3772 3533 τάπητας
3797 3480 3970 3534 προσ-

2394 3554 2597 3623 ήγαγον
2626 3555 2702 3625 τῷ
2736 3556 2916 3619 cauta,
2945 3558 3032 3611 ὅτε
3059 3557 3144 3628 δὴ,
3176 3555 3359 3626 φυγὼν
3391 3554 3969 3627 τὸνἈ6εσσαλὼμ,δι-

2396 3642 2604 3714 ἐτριϐεν
2628 3647 2684 3699 ὲν
2708 3650 2818 3711 τοῖς
2844 3649 3071 3719 ἐρήμοις
3089 3648 3180 3700 καὶ
3202 3648 3258 3700 ἐν
3274 3649 3383 3709 τοῖς
3405 3648 3602 3719 δρεσιν,
3626 3646 3818 3720 ὥσπερ
3844 3649 3971 3711 τοὺς

2394 3740 2541 3807 τρεῖς
2574 3738 2767 3802 παῖδας
2796 3742 2853 3793 ὲν
2884 3742 2948 3809 τῇ
2982 3740 3216 3815 καμίνῳ,
3246 3739 3339 3791 xui
3358 3738 3553 3808 Δανιὴλ
3580 3740 3637 3791 ὲν
3662 3742 3776 3800 τοῖς
3816 3740 3975 3793 λέου-

2397 3843 2498 3879 σιν.
2530 3827 2696 3881 Ὅταν
2726 3828 2955 3898 θλίψεων
2987 3830 3207 3883 καὶτῶν
3248 3829 3569 3899 πειρασμῶν
3606 3829 3732 3891 τοὺς
3767 3828 3972 3897 λόγους

2395 3918 2857 3990 ὲπιγινώσκωμεν,
2880 3921 2997 3972 τότε
3034 3921 3262 3989 μάλιστα
3292 3918 3683 3990 πλατυνόμεθα.
3725 3920 3892 3973 Ἐστι
3919 3920 3974 3972 δὲ

2395 4009 2486 4061 καὶ
2513 4008 2712 4080 ἑτέρως
2768 4011 3108 4081 εὐρυχωρίαν
3159 4009 3378 4083 alterm]
3431 4009 3827 4076 letet'pno'dr
3874 4025 3971 4077 με,

2396 4101 2493 4153 καὶ
2527 4100 2897 4156 εἰσάκουσον
2932 4102 3038 4170 τῆς
3067 4102 3412 4173 προσευχῆς
3431 4118 3569 4171 μου.
3618 4100 3844 4173 Ἐπειδὴ
3886 4102 3975 4166 ὲξι

2396 4192 2655 4263 ηκούσθη.
2679 4193 2781 4263 ἔφη
2800 4236 2813 4259 ,
2844 4196 2907 4248 ὲκ
2935 4195 3035 4265 τῆς
3064 4196 3404 4266 δικαιοσύνης
3442 4191 3627 4255 αὑτοῦ,
3649 4191 3854 4246 τούτου
3880 4195 3976 4263 χά-

2398 4302 2481 4358 ριν
2506 4286 2597 4338 ὲπὶ
2626 4287 2749 4348 τοὺς
2775 4289 3090 4356 οῑκτιρμοὺς
3119 4288 3400 4359 ἀνατρέχει
3425 4284 3516 4339 τοῦ
3545 4282 3700 4337 Θεοῦ.

2474 4374 2591 4428 Υιοί
2622 4374 2962 4443 ἀνθρώπων,
3000 4379 3109 4444 ἕως
3132 4381 3273 4433 πότε
3319 4374 3729 4445 βαρυκὰρδιοι.
3777 4375 3977 4429 Ταῦτα

2395 4464 2470 4527 ὡς
2503 4464 2649 4537 πρὸς·
2672 4466 2798 4527 τοὺς
2838 4468 3231 4531 πιστεύσαντας
3256 4467 3332 4537 τῷ
3361 4464 3549 4535 πλήθει
3590 4462 3682 4515 τοῦ
3731 4464 3976 4536 στρατοῦ

2400 4557 2538 4610 ἑλεῖν
2568 4557 2658 4609 τὸν
2678 4556 2901 4611 δίκαιον.
2930 4559 3075 4631 Αὕτη
3104 4558 3213 4630 δὲή
3244 4558 3417 4621 ἐλπὶς,
3446 4554 3602 4626 φησὶ,
3634 4557 3850 4625 ματαία
3884 4559 3978 4611 καὶ

2399 4649 2601 4718 ψευδής
2628 4650 2793 4703 ἐστιν.

2470 4742 2577 4795 Καὶ
2617 4738 2823 4809 γνῶτε,
2856 4738 2944 4792 ὅτι
2970 4736 3394 4807 ἐθαυμάστωσε
3421 4738 3634 4807 Κύριος
3652 4738 3764 4791 τὸν
3797 4738 3979 4793 ὅσιον

2402 4829 2605 4885 αὑτοῦ.
2650 4831 2793 4883 Ἀντὶ
2824 4827 2919 4883 τοῦ
2944 4869 2958 4889 .
2995 4828 3169 4880 Γνῶτε
3208 4826 3489 4897 τοιγαροῦν
3512 4868 3527 4892 ,
3562 4830 3611 4880 οἱ
3644 4829 3976 4896 πεποιθότες

2400 4921 2493 4973 ἐπὶ
2539 4920 2747 4991 πλήθει,
2780 4918 2854 4983 ὡς
2898 4918 3207 4988 θαυμαστὸν
3258 4917 3505 4984 ἀπέδειξε
3536 4917 3625 4970 τὸν
3666 4918 3978 4973 πεποιθότα

2400 5015 2484 5065 ἐπ’
2516 5012 2681 5082 αὐτῷ.
2715 5013 2928 5081 Κύριος
2965 5011 3385 5065 εισακούσεταί
3402 5028 3519 5079 μου
3544 5009 3613 5063 ἐν
3638 5006 3718 5076 τῷ
3757 5029 3978 5080 κεκρα-

2401 5105 2563 5173 γέναι
2588 5122 2683 5173 με.
2714 5106 2915 5175 Χρόνος
2962 5104 3083 5156 ἀντὶ
3127 5104 3319 5173 χρόνον
3350 5102 3595 5173 εἴληπται
3620 5118 3635 5132 ⁸
3694 5103 3829 5159 ἀντὶ
3860 5105 3973 5166 τοῦ.

2401 5198 2703 5267 είσήκουσε,
2731 5197 2837 5266 γὰρ
2862 5195 2966 5265 ἔφη
2994 5196 3074 5257 τὸ,
3104 5194 3497 5256 εἰσακούσεται,
3530 5195 3685 5265 ῥῆμα

2480 5287 2803 5358 Ὀργίζεσθε
2834 5288 2929 5341 καί
2971 5288 3055 5357 μὴ
3101 5284 3478 5355 ἁμαρτάνετε.
3526 5289 3593 5343 "A
3639 5287 3861 5358 λέγετε
3909 5288 3979 5339 ἐν

2399 5382 2526 5447 ταῖς
2556 5380 2824 5448 καρδίαις
2854 5377 3038 5449 ὑμῶν,
3064 5378 3161 5433 ἐπὶ
3190 5376 3319 5444 ταῖς
3352 5379 3574 5445 κοίταις
3598 5377 3774 5447 ὑμῶν
3802 5394 3980 5433 κατα-

2398 5473 2638 5541 γύγητε.
2681 5472 2765 5534 Ὠς
2796 5471 2929 5542 πρὸς
2960 5469 3084 5533 τοὺς
3131 5468 3289 5533 ἰδίους
3336 5468 3496 5523 αὐτοῦ
3540 5468 3718 5522 ταῦτά
3768 5486 3976 5542 φησιν,
