4102 6304
137 364 206 417 73
1277 360 1640 417 EXPOSITIO
1679 359 1743 414 IN
1782 358 2107 414 PSALMUM
2153 360 2213 416 V.
3296 365 3365 422 ’Μ

140 478 214 541 ὼς
245 474 380 548 πρὸς
421 476 629 540 πάντας
667 477 1000 549 ἀνθρώπους.
1046 479 1109 531 Εἰ
1140 479 1231 531 καὶ
1256 478 1500 549 δέξησθε,
1547 477 1699 549 φησὶ,

1809 474 2054 541 Etiamsi,
2088 476 2282 544 inquit,
2300 475 2432 529 iram
2460 474 2779 539 admittatis,
2804 476 2897 530 sed
2930 491 2997 530 ne
3025 476 3219 534 sinatis
3243 493 3363 534 eam

137 567 232 639 τὴν
272 568 456 638 limit,
485 568 599 622 ἀλλ’
631 570 905 640 ἄπρακτον
958 572 1273 641 ἀπεφήνατε
1299 573 1364 640 τῇ
1404 570 1463 624 ὲν
1497 568 1697 641 ἡσυχίᾳ

1809 568 1857 621 in
1880 576 2058 621 actum
2082 582 2453 637 prorumpere,
2488 567 2542 620 in
2574 567 2757 637 quiete
2783 569 3219 638 compunctionis
3246 584 3368 623 eam

136 661 429 729 κατανυγῇ.
488 657 658 711 Τοῦτο
713 659 821 730 γάρ
864 660 978 711 ἐστι
1024 660 1104 724 τὸ,
1153 662 1254 713 Ἐν
1301 659 1429 725 ταῖς
1474 660 1695 724 κοίταις

1809 660 2163 715 continentes.
2196 660 2327 714 lllud
2364 662 2507 714 enim
2536 671 2619 715 est
2664 662 2808 730 quod
2857 662 3093 716 dicitur:
3132 660 3197 715 In
3222 661 3369 717 cubi-

135 748 297 817 ὐμῶν
324 750 715 819 κατανύγητε.

1798 752 1937 805 libus
1970 752 2151 805 vestris
2182 755 2611 823 compungimini.

211 840 396 894 Daniel
436 839 741 893 Barbarus:
772 839 903 906 Quae
944 840 1123 893 dicitis
1158 840 1212 892 in
1257 838 1499 894 cordibus
1548 840 1748 892 vestris.
1792 837 2037 895 Internas
2062 842 2419 912 cogitationes
2442 852 2650 899 vestras
2687 846 2739 898 in
2770 855 2927 899 nocte
2953 847 3364 905 condemnetis:

135 942 218 989 est
250 936 393 987 enim
424 935 771 1004 compunctio
808 949 1001 989 sensus
1027 934 1245 1003 quidam
1275 944 1531 1002 tanquam
1567 934 1761 987 anima:
1794 934 2072 1003 stimulus,
2118 945 2172 990 et
2199 936 2421 991 aculeus
2449 955 2460 991 :
2497 937 2551 990 in
2588 947 2745 993 nocte
2775 949 2953 994 autem
2986 942 3215 996 consilia
3242 959 3371 1013 pur-

138 1030 341 1102 gatiora
369 1038 516 1083 sunt.

206 1126 437 1180 Θύσατε
467 1125 689 1181 θυσίαν
716 1125 1125 1194 δικαιοσύνης,
1159 1125 1255 1178 καὶ
1278 1125 1567 1179 ἐλπίσατε
1596 1124 1694 1179 ἐπὶ

135 1217 364 1284 Κύριον.
432 1216 683 1270 Διδάσκει
724 1216 840 1281 πῶς
890 1216 1254 1287 περιεσόμεθα
1303 1216 1411 1270 τῶν
1464 1216 1691 1288 ἐχθρῶν.

1868 1123 1921 1178 6.
1974 1119 2285 1192 Sacriﬁcate
2326 1123 2647 1191 sacriﬁcium
2688 1124 2936 1191 justitite,
2968 1136 3017 1177 et
3062 1134 3268 1193 sperate
3310 1127 3368 1179 in

1802 1215 2045 1269 Domino.
2099 1214 2265 1270 Docet
2294 1231 2403 1285 quo
2458 1224 2613 1283 pacto
2663 1231 2921 1285 superare
2971 1219 3153 1273 hostes
3182 1219 3362 1274 valea-

134 1307 254 1371 Πῶς
281 1308 339 1361 δὲ
372 1309 770 1379 περιεσόμεθας
805 1310 851 1361 εί
871 1308 1397 1380 δικαιοπράττοντες,
1424 1309 1516 1359 καὶ
1540 1307 1697 1361 τοῦτο

1809 1321 1943 1363 mus.
1965 1307 2085 1373 Quo
2107 1318 2269 1378 pacto
2301 1310 2720 1377 superabimus?
2749 1309 2916 1379 proba
2939 1311 3159 1365 edentes
3184 1325 3371 1380 opera,

135 1399 314 1470 ὥσπερ
345 1399 531 1452 θυσίαν
556 1401 964 1471 ἀναπέμποντες
986 1400 1061 1470 τῷ
1076 1400 1213 1470 Θεῷ.
1240 1400 1457 1453 Πολλοὶ
1490 1399 1697 1467 λέγου-

136 1506 221 1545 σι·
254 1491 351 1556 Τίς
375 1490 558 1555 δείξει
588 1491 733 1559 ἡμῖν
758 1491 829 1544 τὰ
845 1491 1070 1560 (humi;
1098 1489 1282 1543 Ταῦτα
1310 1488 1417 1541 τῶν
1453 1489 1581 1559 περὶ
1603 1488 1698 1551 τὰς

135 1582 423 1653 διοικήσεις
454 1582 548 1635 τοῦ
576 1582 709 1635 Θεοῦ
736 1583 1138 1655 όλιγωρούντων
1175 1582 1241 1634 τά
1272 1583 1509 1652 ῥήματα.

214 1673 569 1743 Ἑσημειώθη
623 1675 716 1743 ἐφ’
750 1674 908 1744 ἡμᾶς
951 1675 1016 1728 τὸ
1062 1674 1187 1743 φῶς
1236 1673 1342 1727 τοῦ
1380 1672 1701 1742 προσώπου

138 1780 267 1829 σου,
303 1768 496 1835 Κύριε.
550 1767 623 1819 Τὸ
657 1766 771 1835 φῶς
808 1767 899 1819 τοῦ
937 1768 1141 1837 κόσμου
1170 1767 1197 1818 ὁ
1228 1768 1460 1839 Χριστός
1488 1768 1625 1829 ἐστι,
1674 1766 1703 1817 ό

1802 1416 1922 1469 quae
1952 1402 2107 1470 quasi
2140 1401 2468 1455 sacriﬁcium
2498 1400 2791 1456 offeramus
2810 1402 2939 1456 Deo.
2964 1401 3121 1456 Multi
3151 1404 3370 1458 dicunt:

1805 1491 1936 1556 Quis
1970 1493 2196 1547 ostendit
2243 1495 2389 1547 nobis
2430 1494 2613 1547 bona?
2655 1492 2780 1549 Haec
2827 1504 2954 1549 sunt
2990 1511 3179 1549 eorum
3210 1496 3369 1551 verba

1814 1586 1905 1656 qui
1940 1586 2240 1640 ministeria
2271 1584 2440 1639 Deum
2472 1586 2769 1655 Spectantia
2800 1586 3093 1656 negligunt.

1882 1677 1931 1731 7.
1961 1676 2235 1746 Signalum
2272 1688 2346 1731 est
2376 1694 2530 1745 super
2572 1695 2664 1732 nos
2703 1679 2876 1732 lumen
2905 1680 3078 1733 uultus
3128 1680 3227 1746 tui,
3259 1678 3371 1733 Do-

1809 1767 1967 1820 mine.
2014 1766 2219 1821 Lumen
2274 1767 2462 1821 mundi
2492 1766 2747 1822 Christus
2773 1776 2875 1829 est,
2908 1767 2999 1835 qui
3038 1782 3161 1822 vera
3214 1766 3373 1825 nobis

140 1858 225 1910 καὶ
262 1857 478 1923 διδάξας
516 1859 662 1929 ἡμᾶς
707 1859 774 1911 τά
800 1858 965 1922 ὅντως
1015 1858 1212 1925 ἀγαθὰ,
1262 1858 1327 1911 δι’
1381 1858 1416 1910 ἃ
1465 1856 1559 1910 καὶ
1610 1855 1706 1927 τὴν

1809 1861 1951 1915 bona
1982 1861 2240 1925 ostendit,
2273 1876 2367 1929 per
2391 1877 2513 1929 qua:
2542 1860 2873 1929 spiritualem
2905 1861 3145 1919 latitiam
3176 1862 3372 1917 habui-

142 1952 326 2022 νοητὴν
359 1953 696 2024 εὐφροσύνην
721 1955 1034 2024 ἐσχήκαμεν
1058 1953 1153 2023 τὴν
1190 1955 1267 2015 είς
1301 1951 1425 2004 νοῦν
1457 1953 1549 2004 καὶ
1582 1968 1710 2021 καρ-

141 2042 250 2095 δίαν
283 2043 419 2113 (ιδ).

706 2140 1006 2191 ΨΑΛΜΟΣ
1045 2140 1125 2190 E'.

760 2227 1076 2291 'I’zdoemq.

144 2316 560 2389 Κληρονομοῦσά
598 2320 798 2390 ἐστινὴ
826 2319 1075 2389 θεοφιλὴς
1131 2320 1298 2389 ψυχὴ,
1357 2320 1473 2389 ἦτοι
1522 2320 1556 2389 ἡ
1591 2319 1711 2373 Ἑκυ

222 2410 440 2481 πλησία.
496 2410 562 2463 Τί
592 2410 650 2464 δέ
677 2412 823 2464 ἔστιν
856 2410 892 2463 ἃ
913 2411 1272 2480 κληρονομεῖς
1319 2410 1377 2462 Ἃ
1406 2408 1709 2478 ὀφθαλμὸς

212 2505 324 2555 οὐκ
352 2499 495 2566 εἶδε,
526 2502 624 2555 καὶ
652 2498 761 2567 οὖς
788 2504 899 2555 οὐκ
936 2499 1187 2580 ἤκουσε,
1216 2500 1311 2554 καὶ
1332 2500 1430 2554 ἐπὶ
1458 2498 1710 2567 καρδίαν

220 2592 535 2661 ἀνθρώπου
564 2595 676 2647 οὐκ
696 2593 899 2662 ἀνέϐη.
932 2592 1163 2664 Εὔχεται
1190 2592 1246 2645 δὲ
1272 2593 1364 2647 καί
1385 2610 1435 2646 τι
1456 2590 1520 2646 ἂν
1536 2593 1711 2644 ποιουσ-

214 2684 346 2755 μένη
364 2684 803 2753 εῖσακουσθῆναι,
822 2684 1023 2755 ἑαυτῆς
1043 2684 1103 2739 τό
1121 2702 1179 2737 τε
1202 2684 1354 2747 εὒθὲς
1371 2681 1705 2755 παριστῶσα,

212 2776 302 2829 καὶ
320 2773 431 2828 τῶν
458 2775 647 2830 αἰτίων
677 2775 1037 2830 διαδάλλουσα
1059 2776 1155 2846 τὴν
1194 2773 1477 2844 πονηρίαν.

212 2866 357 2942 [Ὅτι
372 2869 524 2937 πρὸς
544 2869 620 2923 σὲ
645 2869 1069 2937 προσεύξομαι.
1105 2869 1192 2921 Ἐν
1216 2867 1531 2931 ἀπολαύσει,
1554 2866 1701 2937 φησὶ,

149 2959 235 3012 τοῦ
272 2959 462 3031 νοητοῦ
514 2960 777 3031 γενομένη
812 2959 1006 3027 φωτὸς,
1061 2958 1427 3031 προσεύξομαί
1472 2974 1589 3012 σοι·
1630 2958 1710 3011 διὸ

152 3053 235 3105 καὶ
265 3051 684 3122 είσακουσθῆναι
724 3049 1009 3122 πιστεύω.]

219 3144 289 3199 Τὰ
307 3143 546 3214 ῥήματὰ
562 3161 682 3213 μου
705 3144 998 3201 ὲνώτισαι.

1811 1966 1932 2005 mus
1963 1951 2016 2004 in
2050 1960 2228 2005 mente
2255 1960 2307 2005 et
2335 1950 2389 2004 in
2414 1952 2597 2005 corde.

2375 2130 2720 2187 PSALMUS
2757 2132 2817 2187 γ.

2387 2227 2788 2296 Argumentum.

1810 2316 1941 2389 Quae
1969 2318 2338 2374 hereditatem
2369 2320 2587 2388 accipit,
2618 2328 2701 2373 est
2730 2319 2913 2373 anima
2944 2319 3219 2391 religiosa,
3262 2320 3375 2376 sive

1882 2410 2144 2465 Ecclesia.
2180 2409 2320 2476 Quid
2350 2420 2433 2466 est
2459 2411 2603 2481 quod
2633 2411 2948 2467 haereditate
2978 2413 3218 2483 accipit?
3245 2412 3380 2479 Qua

1882 2502 2064 2556 oculus
2100 2518 2201 2555 non
2234 2502 2385 2568 vidit,
2442 2518 2533 2556 nec
2586 2503 2734 2556 auris
2783 2503 3005 2567 audivit,
3060 2520 3153 2558 nec
3177 2504 3232 2557 in
3286 2521 3379 2559 cor

1887 2594 2117 2649 hominis
2159 2594 2505 2650 ascenderunt
2528 2595 2594 2649 "°.
2632 2594 2893 2651 Precatur
2940 2605 3139 2660 autem,
3192 2606 3373 2667 atque,

1882 2694 1942 2740 ut
1973 2685 2316 2751 exaudiatur,
2349 2694 2553 2740 rectum
2603 2685 2685 2739 sui
2731 2686 3070 2755 prepositum
3117 2686 3374 2753 declarat,

1884 2786 1939 2835 et
1970 2778 2407 2833 adversariorum
2443 2777 2759 2846 nequitiam.

1885 2868 2193 2943 [Quoniam
2246 2870 2313 2922 ad
2350 2879 2397 2922 te
2446 2869 2626 2923 orabo.
2664 2868 3013 2940 Intelligibili,
3052 2871 3249 2942 inquit,
3292 2872 3378 2927 lu-

1810 2962 1956 3018 mine
1984 2962 2245 3032 gaudens,
2283 2962 2349 3016 ad
2390 2971 2441 3015 tc
2477 2962 2666 3025 orabo,
2718 2978 2783 3018 ac
2819 2978 2904 3018 me
2947 2963 3262 3019 cxauditum
3308 2964 3375 3019 iri

1811 3049 2091 3122 conﬁdo.]

1888 3141 2061 3196 Verba
2084 3158 2197 3195 mea
2229 3142 2445 3196 auribus
2470 3144 2694 3211 percipe,
2725 3140 2965 3197 Domine.

219 3236 288 3289 Τὸ
307 3203 469 3303 ’πρωϊ
487 3203 949 3303 παραστήσομαι
971 3251 1088 3289 σοι.
1114 3233 1272 3299 Μέγα
1288 3232 1523 3301 ἀγωνίας
1540 3229 1707 3302 [μέγα

1884 3235 1936 3289 5.
1972 3232 2128 3288 Mane
2151 3232 2336 3287 astabo
2370 3203 2486 3287 tibi.
2539 3203 2729 3303 Magna
2772 3232 2938 3288 studii
2971 3240 3024 3288 et
3071 3234 3377 3289 contentio-

153 3328 225 3390 εἰς
254 3326 471 3395 ἁγνείας
497 3324 705 3396 Ambr.]
730 3326 989 3395 καύχημα
1018 3325 1077 3377 τὸ
1114 3326 1178 3376 ὲκ
1201 3324 1303 3393 τῆς
1327 3322 1511 3392 κοίτης
1539 3322 1708 3391 αὐτῆς

154 3417 507 3487 παρίστασθαι
547 3415 626 3487 τῷ
657 3416 775 3487 Θεῷ
803 3417 897 3470 καὶ
926 3415 1146 3483 φθάνειν
1174 3417 1232 3468 ὲν
1266 3414 1584 3485 εὐχαριστίᾳ
1617 3414 1707 3466 τὸν

154 3508 310 3579 ἥλιον.
343 3509 500 3563 Οὕτω
528 3509 658 3581 γὰρ,
693 3512 877 3581 φησὶν,
908 3508 1179 3579 ἐπόψομαι
1210 3507 1278 3561 τὰ
1304 3508 1421 3561 θεῖα
1459 3508 1551 3561 καὶ
1579 3506 1711 3576 ἆγιά

158 3616 241 3654 σου
288 3604 559 3673 μυστήρια
610 3601 645 3655 ἀ
682 3602 982 3672 ἡτοίμασας
1032 3604 1143 3663 τοῖς
1189 3599 1441 3669 ἀγαπῶσί
1476 3617 1554 3653 σε.
1592 3601 1711 3653 Ὅτι

155 3693 281 3760 οὐχι
308 3692 451 3759 Θεὸς
472 3692 662 3746 θέλων
686 3694 940 3760 ἀνομίαν
960 3692 1040 3746 σὺ
1066 3688 1137 3746 εἴ.
1177 3690 1277 3744 Διά
1307 3690 1487 3753 τοῦτο,
1523 3691 1707 3761 φησὶν,

156 3782 655 3853 ιὶσακουσθήσεσθαι
690 3782 895 3855 θαρρῶ,
928 3783 1008 3835 ὅτι
1037 3781 1145 3834 τῶν
1177 3780 1431 3834 τοιούτων
1458 3782 1559 3834 οὑκ
1586 3783 1708 3835 επι-

156 3872 373 3943 τήδευσα
392 3873 544 3927 οὐδὲν
574 3868 647 3927 ὧν
672 3875 1003 3944 μεμίσηκας.
1026 3872 1210 3926 Ταῦτα
1231 3873 1287 3925 δέ
1315 3874 1462 3925 ἐστιν
1489 3874 1707 3944 ἀνομία,

159 3964 242 4017 καὶ
268 3964 515 4036 πονηρία,
539 3966 631 4017 καὶ
654 3964 985 4036 παρανομία,
1018 3965 1110 4017 καὶ
1138 3963 1459 4032 deﬂagrat
1495 3964 1706 4032 φθόνος,

163 4054 244 4106 καὶ
266 4055 430 4117 δόλος.

232 4147 552 4214 Ἐμίσησας
584 4144 810 4210 πάντας
834 4145 974 4211 τοὺς
999 4145 1421 4215 ἐργαζομένους
1442 4147 1555 4215 τὴν
1573 4150 1709 4203 dro-

158 4236 305 4302 μίαν,
334 4235 581 4301 ἀπολεῖς
602 4233 829 4301 πάντας
852 4236 990 4300 τοὺς
1015 4237 1356 4303 λαλοῦντας
1376 4238 1439 4290 τὸ
1462 4238 1706 4305 ψεῦδος.

162 4326 286 4390 Τοὺς
324 4328 422 4397 μὲν
444 4330 501 4379 ὲν
521 4330 587 4398 τῇ
616 4326 860 4397 πολιτεία
882 4327 1170 4390 πταίοντας
1193 4329 1594 4399 ἐργαζομένους
1614 4330 1709 4401 τὴν

164 4416 376 4485 ἀνομίαν
407 4418 715 4486 ὠνόμασεν·
746 4416 968 4481 τούτους
998 4418 1055 4471 δὲ
1082 4421 1230 4488 μισεῖ
1254 4420 1282 4471 ό
1314 4420 1445 4482 Θεός
1467 4436 1481 4450 ·
1506 4422 1633 4483 τοὺς
1653 4421 1709 4475 δὲ

167 4506 521 4601 ἀποπεσόντας
573 4509 672 4578 τῆς
734 4509 989 4581 ἀληθείας
1028 4508 1365 4580 ὲτεροδόξους
1417 4510 1706 4576 λαλοῦντας
1738 4547 1781 4601 D

166 4596 339 4662 titubo;
369 4594 543 4661 εἶπεν,
581 4598 673 4663 οὓς
710 4600 900 4653 ἀπολεῖ
924 4603 952 4654 ὁ
981 4600 1129 4665 Θεός.
1167 4602 1277 4655 Καὶ
1324 4604 1477 4673 τήρει
1518 4602 1705 4671 διαφο-

172 4690 254 4757 ρὰν
280 4689 391 4753 τοῦ,
428 4692 745 4758 ἐμίσησας,
777 4693 891 4755 καὶ,
941 4692 1209 4758 ἀπολεῖς.
1248 4693 1467 4765 Πρῶτον
1520 4694 1617 4762 μὲν
1662 4696 1710 4748 εί

170 4781 327 4849 χεῖρον
353 4782 435 4844 τὸ,
459 4781 728 4847 ἀπολεῖς.
756 4782 869 4843 τοῦ,
900 4782 1196 4851 ἐμίσησας
1221 4799 1234 4813 °
1278 4783 1524 4854 δεύτερον
1540 4784 1595 4838 δὲ
1622 4786 1710 4838 διὰ

170 4868 284 4921 τίτὺ
316 4872 415 4940 μὲν
438 4873 517 4935 εἰς
553 4872 957 4945 παρεληλυθότα
987 4874 1160 4928 ἔκλινε
1190 4876 1399 4948 χρόνον,
1436 4878 1497 4929 τὸ
1531 4878 1589 4931 δὲ
1632 4884 1711 4943 εἰς

175 4956 431 5023 μέλλοντα.

233 5047 570 5120 [Λαλοῦντας
600 5048 808 5120 ψεῦδος,
840 5052 934 5104 καὶ
960 5052 1083 5114 τοὺς
1111 5053 1179 5105 τὰ
1213 5054 1401 5108 εἴδωλα
1446 5055 1701 5125 λέγοντας

173 5136 339 5204 θεοὺς,
365 5141 459 5195 καὶ
494 5142 689 5205 αὐτοὺς
709 5142 833 5205 τοὺς
856 5142 1134 5212 δαίμονας,
1170 5145 1294 5207 τοὺς
1321 5147 1377 5197 ὲν
1406 5148 1518 5209 τοῖς
1562 5148 1711 5200 εἰδώ-

173 5230 270 5295 λοις
309 5231 554 5301 λέγοντας
597 5235 787 5304 λόγους
826 5234 1037 5303 ψευδεῖς
1085 5238 1176 5288 καὶ
1227 5236 1411 5304 λοξοὺς
1453 5240 1546 5291 καὶ
1576 5259 1710 5311 χρη-

176 5320 371 5393 apag]

239 5412 441 5481 Ἄνδρα
483 5414 743 5485 αίμάτων
773 5417 868 5469 καὶ
913 5418 1120 5472 δόλιον
1157 5418 1566 5483 βδελύσσεται
1597 5418 1711 5472 Κύ-

170 5517 305 5568 ριος.
331 5507 489 5559 Iliaci
513 5506 624 5579 γάρ
660 5508 748 5560 τὸν
774 5508 1009 5563 τοιοῦτον
1036 5511 1065 5563 ό
1093 5509 1224 5573 Θεὸς
1252 5511 1343 5563 καὶ
1376 5510 1710 5579 ἀποστρέφε-

237 5615 320 5668 "I
350 5617 475 5674 Cor.
510 5635 571 5687 ιι,
603 5621 657 5675 9.

1811 3328 1898 3383 nis
1948 3327 2139 3397 gloria,
2190 3342 2257 3382 ex
2297 3327 2416 3396 ipso
2467 3326 2633 3382 cubili
2686 3324 2797 3381 Deo
2850 3341 2909 3381 se
2957 3326 3170 3391 sistere,
3229 3342 3293 3383 ac
3321 3328 3377 3382 in

1812 3419 2109 3490 gratiarum
2133 3419 2349 3472 actione
2380 3418 2548 3472 solem
2593 3426 2933 3487 praevertere.
2972 3416 3062 3472 Sic
3088 3418 3257 3482 enim,
3292 3418 3378 3474 in-

1812 3510 1949 3583 quit,
2001 3508 2196 3564 videbo
2230 3508 2414 3563 divina
2452 3516 2506 3564 et
2548 3516 2734 3563 sancta
2787 3516 2878 3563 tua
2925 3508 3207 3579 mysteria,
3253 3524 3376 3578 quae

1812 3600 2123 3672 preparasti
2171 3600 2519 3671 diligentibus
2562 3609 2632 3655 te.
2690 3599 2830 3666 Quia
2870 3616 2972 3653 non
3011 3600 3147 3654 Deus
3203 3599 3375 3655 volens

1811 3694 2139 3761 iniquitatem
2167 3703 2222 3746 tu
2252 3711 2324 3747 es.
2362 3691 2675 3764 Propterea,
2714 3694 2908 3762 inquit,
2943 3709 3028 3748 me
3074 3694 3374 3749 exaudien-

1811 3786 1941 3841 dum
1970 3800 2091 3840 esse
2119 3786 2355 3845 conﬁdo,
2389 3786 2517 3854 quia
2556 3785 2865 3855 bujusmodi
2900 3799 3105 3848 rerum,
3148 3801 3286 3855 quas
3317 3795 3375 3841 tu

1810 3877 2012 3943 oderis,
2050 3877 2253 3932 nullam
2290 3876 2455 3929 habui
2488 3890 2701 3929 curam.
2738 3872 2864 3930 Haec
2892 3890 3059 3945 porro
3104 3886 3232 3932 sunt
3272 3878 3375 3933 im-

1809 3968 2075 4041 probitas,
2117 3968 2399 4038 iniquitas,
2431 3967 2799 4034 mendacium,
2832 3966 3053 4034 invidia,
3085 3967 3262 4023 dolus.

1883 4142 1933 4196 7.
1970 4141 2146 4195 Odisti
2166 4157 2341 4194 omnes
2372 4142 2462 4211 qui
2486 4148 2770 4208 operantur
2800 4141 3153 4211 iniquitatem,
3188 4144 3369 4211 perdes

1809 4249 1984 4288 omnes
2019 4232 2109 4301 qui
2141 4231 2430 4300 loquuntur
2459 4229 2807 4283 mendacium.
2847 4229 2955 4286 Eos
2984 4234 3074 4301 qui
3125 4234 3177 4287 in
3211 4233 3372 4287 insti-

1810 4335 1926 4379 tuto
1959 4323 2081 4376 vita:
2111 4337 2223 4375 sum
2251 4321 2530 4388 labuntur,
2562 4321 2774 4376 vocavit
2800 4331 3087 4389 operantes
3117 4323 3373 4393 iniquita-

1809 4425 1935 4470 tem.
1970 4411 2080 4467 llos
2122 4427 2249 4467 vero
2283 4412 2409 4466 odio
2458 4411 2619 4465 habet
2654 4409 2816 4466 Deus.
2868 4410 3236 4467 Heterodoxos
3266 4429 3369 4467 au-

1812 4514 1939 4569 tem,
1981 4505 2072 4574 qui
2109 4518 2138 4557 a
2177 4504 2401 4555 veritate
2442 4500 2782 4569 exciderunt,
2831 4503 3110 4572 loquentes
3143 4504 3367 4559 menda~

1808 4597 1955 4651 cium
1995 4601 2171 4656 vocat,
2222 4607 2361 4663 quos
2393 4592 2707 4662 perditurus
2739 4600 2823 4646 est
2872 4592 3030 4647 Deus.
3065 4592 3240 4663 Atque
3272 4597 3368 4650 ob-

1811 4700 1994 4742 serves
2024 4684 2182 4736 velim
2214 4682 2508 4738 discrimen
2536 4682 2674 4735 inter
2704 4680 2871 4736 illud:
2905 4681 3101 4750 Odisti,
3134 4691 3188 4737 et
3206 4683 3368 4740 illud:

1813 4778 2015 4847 perdes.
2048 4774 2113 4828 Et
2143 4775 2316 4843 primo
2350 4774 2569 4845 quidem
2600 4788 2669 4827 an
2702 4773 2858 4839 illud,
2885 4775 3089 4841 perdes,
3127 4776 3280 4845 pejus
3305 4776 3373 4831 sit

1813 4883 1977 4938 quam
2016 4866 2166 4930 illud,
2220 4865 2399 4918 odisti.
2452 4863 2702 4918 Secundo
2730 4864 2858 4933 quid
2889 4880 3069 4920 causae
3102 4866 3191 4930 sit,
3228 4868 3373 4935 quod

1813 4960 1944 5015 illud
1981 4959 2033 5012 in
2062 4958 2333 5029 praeterito
2380 4964 2646 5026 tempore,
2701 4956 2805 5010 boc
2840 4956 2892 5010 in
2945 4955 3130 5012 futuro
3171 4959 3370 5027 jaceat.

1886 5050 2011 5123 [Qui
2038 5050 2331 5120 loquuntur
2360 5048 2723 5111 mendacium,
2767 5058 2821 5103 et
2852 5049 2947 5119 qui
2996 5049 3187 5104 dicunt
3230 5050 3375 5105 idola

1812 5160 1933 5200 esse
1962 5143 2116 5209 deos,
2146 5153 2306 5213 atque
2340 5142 2487 5212 ipsos
2520 5142 2815 5206 daemones,
2846 5144 2941 5213 qui
2988 5144 3042 5198 in
3092 5144 3250 5200 idolis
3294 5146 3375 5199 di—

1812 5244 1941 5292 cunt
1973 5234 2278 5299 mendacia,
2308 5234 2523 5303 obliqua
2563 5242 2617 5289 et
2644 5234 2913 5307 oracula.j

1882 5414 1935 5469 8.
1973 5412 2158 5467 Virum
2190 5409 2505 5479 sanguinum
2536 5417 2586 5462 et
2628 5409 2867 5463 dolosum
2897 5412 3234 5466 abominatur
3267 5411 3374 5464 Do-

1812 5508 2007 5561 minus.
2052 5501 2378 5575 Hujusmodi
2425 5502 2625 5573 quippe
2657 5502 2932 5559 hominem
2984 5505 3097 5560 odit
3136 5504 3277 5560 Deus
3324 5512 3377 5558 et

241 5735 341 5806 (Ml
369 5736 425 5792 In
459 5740 649 5795 codice
674 5738 831 5794 Colb.
872 5737 904 5792 3
936 5738 1086 5793 deost
1114 5754 1285 5795 unum
1328 5748 1421 5795 aut
1451 5739 1685 5795 alterum
1708 5734 1925 5794 folium.

391 5826 663 5891 ΡΑτιοι.
726 5828 846 5891 Gn.
902 5829 1160 5891 XXVII.
