4074 6304
720 355 791 412 75
1545 344 1599 398 S.
1631 338 1999 397 ATllANASll
2037 336 2186 392 OPP.
2227 335 2281 390 P;

2383 332 2407 389 Ξ
2448 334 2534 391 ΙΙΙ.
2576 365 2643 376 -—
2681 331 3091 391 EXEGETICA.
3860 328 3923 383 76

726 473 1031 524 aversatur.
1064 460 1174 531 Ego
1214 471 1388 513 autem
1426 458 1479 510 in
1523 455 1862 509 multitudine
1896 448 2270 505 misericordia:

2383 466 2476 503 rat.
2526 449 2663 517 Ἐγὼ
2686 448 2753 501 δὲ
2776 449 2844 501 ἐν
2870 445 3083 510 πλήθει
3110 443 3214 499 τοῦ
3244 441 3458 509 ἐλέους
3500 454 3618 494 σου
3664 439 3927 493 εἰσελεύ-

724 573 826 615 ευω
857 556 1081 613 introibo
1110 556 1164 607 in
1189 553 1399 606 domum
1445 558 1608 603 tuam.
1634 548 1917 603 Caelestem
1956 545 2086 599 dicit
2113 542 2274 596 Jeru-

724 656 891 709 salem
925 647 1408 721 primogenitorum
1456 651 1704 696 matrem.
1759 638 2001 692 Adorabo
2045 636 2113 688 ad
2148 645 2276 687 tem-

723 747 867 816 plum
908 750 1147 796 sanctum
1193 746 1338 789 tuum
1383 735 1433 787 in
1478 735 1663 785 timore
1705 740 1813 784 tuo.
1884 727 2174 804 ΤριηριυῐῐιΔ
2195 732 2279 779 est

727 814 900 891 status
937 833 1130 887 animae
1156 836 1354 882 sancta:
1383 834 1435 879 et
1462 825 1658 877 virtute
1696 820 1956 884 ﬂorentis,
1988 832 2148 888 quem
2182 814 2274 884 qui

725 928 971 984 obtinent
1004 922 1228 977 ﬁdenter
1262 925 1447 987 agunt.
1478 913 1728 970 Christus
1761 920 1939 965 autem
1972 917 2155 978 utpote
2188 904 2278 958 Fi-

726 1019 833 1073 lius
866 1016 919 1070 in
958 1014 1119 1068 domo
1171 1009 1289 1079 ejus
1342 1005 1663 1075 requiescet,
1713 1002 1873 1071 cujus
1906 1014 2007 1054 nos
2057 998 2274 1053 domus.

723 1110 859 1164 Nam
889 1118 981 1162 tua
1011 1105 1193 1159 fruens
1232 1098 1539 1161 clementia,
1591 1104 1790 1164 tuaque
1836 1093 2055 1147 dextera
2100 1096 2281 1159 prote-

726 1210 902 1272 gente,
936 1194 1190 1251 continua
1221 1191 1273 1244 in
1303 1203 1460 1244 sacro
1491 1187 1672 1256 gloriae
1701 1196 1805 1238 tua:
1842 1182 2039 1251 templo
2067 1189 2119 1235 te
2154 1192 2277 1248 pro-

727 1307 924 1364 sequor
952 1288 1284 1347 adoratione,
1315 1282 1390 1336 ait
1418 1287 1598 1335 sancta
1630 1286 1684 1332 et
1715 1292 1845 1346 pura
1890 1273 2107 1337 anima;
2154 1284 2276 1325 cum

732 1386 877 1440 enim
913 1384 1160 1435 timorem
1206 1374 1282 1429 tui
1327 1372 1527 1439 ubique
1564 1366 1965 1429 circumferam,
2000 1376 2275 1432 nunquam

727 1477 898 1547 patiar
928 1481 987 1526 ut
1015 1484 1138 1523 eum
1169 1467 1435 1529 amittam,
1491 1471 1595 1516 tua:
1638 1459 1911 1515 conlidens
1958 1453 2275 1510 clementire.

726 1545 950 1634 Propter
969 1560 1209 1615 inimicos
1239 1572 1377 1609 meos
1406 1554 1574 1622 dirige
1611 1552 1668 1605 in
1700 1552 1973 1618 conspectu
2021 1555 2109 1599 tuo
2139 1545 2277 1599 uiam

704 1656 912 1712 meam.
947 1650 1268 1723 Spirituales
1296 1647 1565 1702 videlicet.
1610 1641 1713 1697 Cor
1743 1657 1920 1697 eorum
1956 1656 2146 1694 vanum
2175 1647 2274 1692 est.

724 1749 783 1805 Id
809 1756 912 1811 est,
938 1761 1033 1800 cor
1066 1740 1388 1811 sapientium
1419 1737 1583 1806 hujus
1612 1734 1793 1789 saeculi
1824 1751 1839 1799 ;
1869 1741 1962 1786 aut
1988 1730 2151 1786 etiam
2177 1729 2279 1783 hae-

2376 556 2555 609 σομαι
2574 542 2660 605 εἰς
2692 539 2797 591 τὸν
2824 533 2992 590 οἶκόν
3019 550 3155 589 σου.
3174 534 3285 605 Τὴν
3312 530 3631 602 ἐπουράνιον
3674 530 3930 600 Ἰερουσα-

2375 632 2485 702 λὴμ
2514 632 2610 701 τὴν
2663 629 3017 701 πρωτοτόκων
3060 627 3290 697 μητέρα.
3324 621 3735 692 Προσκυνήσω
3784 620 3930 688 πρὸς

2372 725 2521 778 ναὸν
2541 723 2708 792 ἅγιόν
2738 739 2853 775 σου
2881 721 2950 773 ἐν
2969 720 3129 787 φόϐῳ
3160 734 3293 772 σου.
3332 716 3477 779 Ναὸς
3504 713 3707 783 Θεοῦυή
3744 712 3929 782 ἐνάρε-

2374 833 2463 877 τος
2497 815 2590 867 καὶ
2620 814 2747 882 ἁγία
2771 811 3127 872 κατάστασις,
3148 809 3213 876 ἢν
3240 809 3287 860 oi
3310 806 3521 876 ἔχοντες
3550 804 3687 875 μετὰ
3720 805 3928 874 παρῤη-

2376 907 2495 968 σίας
2526 906 2674 974 φησί.
2710 902 2936 974 Χριστὸς
2982 901 3035 953 δὲ
3077 899 3152 961 ὡς
3202 898 3329 961 Υἱὸς
3355 899 3446 950 ἐπὶ
3478 898 3567 950 τὸν
3595 892 3742 949 οἷκον
3765 894 3927 947 αὑτοῦ

2376 998 2839 1058 ὲπαναπαύσεται,
2867 987 2925 1046 οὗ
2960 988 3105 1054 οἶκός
3133 993 3296 1060 ἐσμεν
3326 991 3505 1059 ἡμεῖς.
3543 988 3651 1057 Τῆς
3690 985 3802 1057 γὰρ
3835 984 3932 1054 σῆς

2375 1091 2717 1146 ἀπολαύουσα
2760 1084 3161 1157 φιλανθρωπίας
3190 1082 3280 1136 καὶ
3302 1083 3367 1151 τῇ
3401 1083 3466 1151 σῇ
3490 1078 3637 1148 δεξιᾷ
3669 1093 3933 1147 φρουρου-

2379 1185 2510 1256 μένη
2546 1182 2641 1253 τὴν
2668 1183 2883 1252 διηνεκῆ
2936 1194 3015 1230 σοι
3064 1174 3356 1246 προσφέρω
3383 1170 3748 1242 προσκύνησιν
3776 1170 3834 1219 ὲν
3858 1167 3931 1238 τῷ

2376 1275 2731 1347 ἀφιερωμένφ
2759 1273 2855 1343 τῆς
2887 1270 2985 1340 σῆς
3011 1269 3166 1337 δόξης
3196 1265 3341 1335 ναῷ»
3383 1265 3546 1334 φησιν
3588 1264 3621 1328 ἠ
3682 1261 3809 1329 ἁγία
3841 1260 3931 1313 καὶ

2377 1366 2588 1436 καθαρὰ
2608 1365 2781 1434 ψυχή’
2814 1363 2904 1415 τὸν
2930 1362 3017 1413 σὸν
3046 1360 3151 1429 γὰρ
3201 1358 3284 1411 ἀεὶ
3327 1354 3695 1427 περιφέρουσα
3748 1351 3929 1419 φόϐον,

2376 1460 2474 1512 ούκ
2494 1458 2750 1526 ἀνέξομαι
2781 1454 2967 1507 τοῦτον
2993 1450 3282 1505 ἀποϐαλεῖν
3314 1451 3382 1519 τῇ
3427 1445 3811 1517 φιλανθρωπία
3843 1459 3934 1495 σου

2378 1549 2671 1622 θαρροῦσα.
2716 1548 2929 1599 Ἕνεκα
2976 1542 3094 1596 τῶν
3140 1539 3369 1609 ἐχθρῶν
3410 1555 3528 1608 μου
3569 1537 3936 1589 κατεύθυνον

2377 1640 2630 1694 ἐνώπιόν
2654 1654 2769 1691 σου
2793 1636 2907 1703 τὴν
2937 1634 3079 1688 ὀδόν
3109 1650 3247 1702 μου.
3278 1630 3398 1681 Τῶν
3437 1627 3639 1698 νοητῶν
3673 1624 3933 1695 δηλονότι.

2390 1730 2463 1782 'H
2507 1726 2717 1795 καρδία
2764 1722 2958 1778 αὐτῶν
2991 1722 3229 1791 ματαία.
3264 1718 3384 1771 Τῶν
3412 1716 3588 1786 σοφῶν
3619 1715 3712 1768 τοῦ
3748 1716 3938 1777 αἰῶνος

724 1841 1036 1898 reticorum.
1068 1834 1148 1888 llli
1180 1833 1326 1888 enim
1367 1828 1611 1885 veritatis
1656 1838 1965 1881 sermonem
2007 1823 2278 1893 ignorant.

2383 1819 2587 1882 τούτου,
2617 1818 2650 1888 ἦ
2686 1817 2778 1870 καὶ
2821 1815 2926 1867 τῶν
2977 1811 3283 1884 αἱρετικῶν.
3334 1804 3489 1864 Οὗτοι
3545 1808 3654 1877 γὰρ
3682 1806 3939 1877 ἀληθείας

798 2018 880 2070 ll.
931 2013 1235 2084 Sepulcrum
1275 2017 1455 2076 patens
1495 2011 1570 2058 est
1606 2011 1784 2072 guttur
1824 2013 2041 2055 eorum:
2087 1997 2280 2067 linguis

729 2110 841 2163 suis
867 2105 1043 2158 dolose
1076 2100 1321 2171 agebant.
1354 2095 1591 2165 Linguae
1619 2107 1747 2146 suas
1774 2090 2003 2154 leniunt,
2048 2095 2101 2141 et
2133 2099 2279 2139 mor-

728 2202 883 2256 tifera
916 2205 1164 2252 eructant
1192 2192 1465 2261 dogmata.

800 2294 885 2346 η.
921 2286 1175 2341 Decidant
1196 2299 1227 2335 a
1253 2278 1655 2349 cogitationibus
1679 2274 1808 2327 suis.
1834 2272 1915 2324 Ab
1946 2268 2050 2332 his,
2086 2266 2278 2337 inquit,

731 2379 1166 2453 cogitationibus,
1194 2389 1331 2444 quas
1362 2378 1550 2426 contra
1579 2383 1663 2421 me
1696 2365 2009 2427 admittunt,
2038 2360 2282 2415 inviden-

731 2486 809 2530 tes
836 2486 958 2527 meo
985 2466 1280 2523 secundum
1310 2463 1478 2515 Deum
1505 2456 1792 2528 prolectui.

802 2560 1124 2637 [Secundum
1154 2553 1539 2607 multitudinem
1569 2548 1897 2615 impietatum
1920 2541 2115 2612 expelle
2140 2540 2279 2602 illos,

732 2636 853 2725 pios
886 2650 1092 2707 scilicet
1118 2644 1374 2700 elﬁciens.
1405 2637 1539 2692 Nam
1564 2637 1657 2707 qui
1682 2636 1915 2690 animam
1948 2646 2282 2702 persequun-

735 2760 821 2802 tur
853 2744 961 2797 Deo
1000 2750 1151 2811 grata
1208 2749 1369 2804 opera
1419 2732 1698 2794 edentem,
1748 2729 1915 2781 Deum
1962 2732 2284 2792 exasperant

733 2842 1021 2907 aperteque
1055 2826 1193 2882 bello
1218 2828 1549 2893 Oppugnant.

804 2924 893 2977 i3.
932 2899 1001 2973 Et
1033 2915 1295 2970 habitabis
1343 2912 1394 2963 in
1444 2912 1539 2962 eis.
1595 2905 1713 2976 ipse
1762 2918 1993 2972 namque
2045 2909 2099 2954 et
2131 2899 2284 2953 Pater

734 3013 851 3083 ejus
877 3009 1112 3071 venient,
1143 3012 1195 3058 et
1227 3000 1562 3055 mansionem
1593 2994 1730 3064 apud
1761 3010 1885 3049 eum
1914 2992 2127 3045 facient.

806 3103 892 3158 ﬂ.
926 3100 994 3155 Et
1027 3095 1389 3169 gloriabuntur
1438 3092 1493 3144 in
1521 3099 1567 3143 te
1593 3105 1767 3143 omnes
1802 3088 1891 3156 qui
1931 3085 2155 3153 diligunt
2190 3099 2285 3136 no-

734 3209 851 3248 men
878 3200 1045 3251 tuum,
1075 3187 1320 3256 quoniam
1350 3190 1405 3233 tu
1431 3179 1694 3232 benedices
1718 3177 1885 3245 justo.
1916 3174 2049 3237 Tua,
2090 3172 2284 3241 inquit,

737 3283 1110 3339 benedictione
1139 3286 1192 3329 et
1222 3270 1558 3343 providentia
1601 3267 1707 3321 tuis
1757 3280 2015 3321 concessa
2048 3261 2284 3327 famulis,

737 3375 829 3443 qui
869 3387 926 3430 se
961 3370 1038 3424 tui
1070 3364 1304 3420 nominis
1342 3361 1511 3415 amori
1551 3358 1822 3422 dedidere,
1868 3358 1937 3411 ob
1982 3365 2127 3410 tuam
2160 3371 2287 3426 erga

740 3467 884 3535 ipsos
910 3456 1326 3516 sollicitudinem
1352 3450 1631 3519 magnifice
1658 3450 1890 3505 sentient
1915 3448 1980 3502 de
2009 3456 2097 3501 tua
2125 3461 2285 3515 quam

736 3554 1067 3609 enarrabunt
1121 3554 1407 3616 potestate.
1465 3543 1639 3609 Atque
1688 3540 1761 3592 ita
1812 3539 2051 3607 loquitur
2103 3538 2289 3590 beatus

738 3646 978 3700 Paulus:
1020 3640 1122 3704 Qui
1166 3637 1450 3708 gloriatur,
1492 3634 1547 3685 in
1588 3631 1810 3685 Domino
1855 3628 2192 3699 glorietur".
2221 3625 2287 3681 Ut

740 3747 887 3795 scuto
910 3737 1055 3790 bona!
1083 3731 1367 3787 voluntatis
1396 3738 1498 3782 tute
1539 3725 1800 3779 coronasti
1854 3740 1966 3804 nos.
1998 3724 2287 3787 Coronam,

741 3831 936 3901 inquit,
986 3841 1084 3898 pro
1118 3824 1390 3878 laboribus
1422 3819 1574 3875 dabis
1610 3819 1662 3871 in
1709 3817 1835 3881 ﬁne,
1881 3830 1989 3886 qua
2032 3823 2288 3884 tanquam

742 3931 895 3976 scuto
922 3934 1022 3973 nos
1051 3924 1318 3986 proteges.

1021 4095 1086 4152 In
1118 4096 1293 4164 ﬁnem,
1322 4094 1375 4145 in
1411 4091 1634 4161 hymnis,
1666 4105 1759 4159 pro
1792 4096 1996 4153 octava,

1158 4182 1491 4239 PSALMUS
1528 4182 1718 4235 David.
1760 4179 1854 4237 Vl.

1314 4280 1706 4347 Argumentum.

744 4378 945 4449 Ecquid
980 4387 1144 4446 porro
1182 4371 1328 4426 aliud
1357 4368 1521 4423 fuerit
1558 4374 1768 4430 octava,
1801 4366 1904 4421 nisi
1941 4364 2291 4420 resurrectio-

2382 1910 2537 1979 λόγον
2565 1910 2664 1962 οὐκ
2690 1910 2888 1962 ἴσασιν.

2456 1998 2642 2066 Τάφος
2656 1994 3024 2065 ἀνεῳγμένος
3044 1996 3075 2046 ό
3099 1992 3327 2062 λάρυγξ
3348 1988 3543 2045 αὐτῶν
3561 2006 3575 2019 ο
3597 1988 3727 2053 ταῖς
3749 1985 3941 2056 γλώσ-

2381 2110 2519 2159 σαις
2538 2091 2734 2145 αὐτῶν
2758 2087 3132 2143 ἐδολιοῦσαν.
3164 2085 3271 2157 Τὴν
3308 2083 3554 2153 γλῶσσαν
3598 2081 3777 2134 αὐτῶν
3802 2078 3940 2133 λεαί-

2380 2203 2547 2249 νουσι,
2578 2185 2671 2237 καὶ
2693 2184 2760 2236 τὰ
2793 2182 2957 2255 νεκρὰ
2985 2180 3297 2251 ἐρεύγονται
3315 2178 3577 2247 δόγματα.

2464 2275 2957 2331 Ἀποπεσέτωσαν
3008 2271 3125 2324 ἀπὸ
3170 2269 3287 2322 τῶν
3319 2264 3673 2321 διαϐουλιῶν
3722 2261 3941 2318 αὐτῶν.

2382 2366 2569 2420 Ταῦτα
2604 2365 2733 2434 γὰρ,
2771 2363 2923 2434 φησὶ,
2975 2362 3043 2414 τὰ
3084 2358 3361 2414 διαϐούλια
3406 2358 3585 2411 πάντα
3634 2356 3757 2408 κατ’
3813 2352 3943 2423 ἐμοῦ

2382 2458 2657 2511 ἐποιοῦντο
2683 2459 2747 2527 τῇ
2781 2454 2918 2508 κατὰ
2947 2452 3078 2506 Θεόν
3101 2469 3198 2522 μου
3240 2451 3487 2521 προκοπῇ
3519 2445 3940 2516 ἐναντιούμενοι.

2454 2548 2644 2621 [Κατὰ
2663 2547 2729 2601 τὸ
2755 2546 2983 2615 πλῆθος
3002 2545 3119 2598 τῶν
3142 2541 3427 2598 ἀσεϐειῶν
3445 2540 3674 2604 εεωσον
3698 2539 3943 2603 αὐτοὺς,

2384 2641 2624 2701 εὐσεϐεῖς
2656 2640 2850 2701 αὐτοὺς
2874 2637 3264 2707 ἐργασάμενος.
3301 2635 3363 2686 Ol
3394 2631 3500 2701 γὰρ
3529 2629 3817 2692 διώκοντες
3850 2630 3946 2700 τὴν

2385 2735 2511 2803 φίλα
2562 2731 2639 2804 τῷ
2669 2731 2787 2802 Θεῷ
2817 2731 3156 2801 πράττουσαν
3207 2724 3384 2795 ψυχὴν
3437 2722 3566 2776 Θεὸν
3598 2722 3945 2792 πικραίνουσι

2385 2823 2777 2895 θεομαχοῦντες
2807 2819 3037 2891 σαφῶς]

2454 2914 2565 2967 Καὶ
2597 2910 3080 2977 κατασκηνώσεις
3111 2909 3181 2962 ἐν
3204 2906 3426 2973 αὐτοῖς.
3457 2904 3626 2968 Αὐτὸς
3655 2903 3765 2975 γὰρ
3798 2903 3947 2956 ἐλεύ-

2387 3025 2536 3060 σεται
2567 3008 2659 3059 καὶ
2687 3009 2714 3058 ό
2740 3004 2954 3073 Πατὴρ,
2984 3003 3076 3055 καὶ
3098 3001 3261 3071 μονὴν
3293 2998 3419 3069 παρ’
3442 2997 3586 3068 αύτῷ
3608 2999 3945 3068 ποιήσονται.

2455 3097 2563 3151 Καὶ
2588 3094 2993 3164 καυχήσονται
3023 3093 3091 3145 ἐν
3111 3091 3205 3145 σοὶ
3233 3093 3286 3143 οὶ
3307 3086 3646 3158 ἀγαπῶντες
3670 3088 3738 3141 τὸ
3761 3085 3951 3156 ὄνομά

2388 3208 2521 3254 σου,
2553 3188 2640 3241 ὅτι
2671 3187 2750 3240 σὺ
2770 3184 3124 3253 εὐλογήσας
3171 3181 3425 3243 δίκαιον,
3460 3180 3653 3247 Κύριε.
3696 3179 3810 3248 Τῆς
3845 3178 3949 3248 γὰρ

2389 3284 2484 3352 σῆς
2522 3279 2765 3347 εὐλογίας
2796 3295 2854 3329 τε
2884 3277 2977 3329 καὶ⁸
3011 3274 3263 3346 προνοίας
3306 3276 3416 3336 τοῖς
3450 3274 3562 3333 σοῖς
3603 3270 3948 3341 χορηγουμέ-

2386 3389 2481 3439 νης
2518 3369 2897 3440 θεραπευταῖς,
2930 3365 3002 3431 οἳ,
3045 3366 3180 3433 σφᾶς
3211 3364 3404 3427 αὐτοὺς
3444 3361 3679 3433 ἐραστὰς
3723 3360 3820 3414 τοῦ
3858 3359 3947 3413 σοῦ

2386 3464 2642 3531 ὀνόματος
2674 3461 3131 3529 καταστήσαντες,
3160 3457 3252 3509 ἐπὶ
3290 3459 3355 3527 τῇ
3393 3458 3457 3525 σῇ
3505 3454 3803 3524 κηδεμονίᾳ
3851 3471 3947 3524 μεα

2388 3556 2524 3625 γάλα
2552 3557 2874 3625 φρονήσουσι
2900 3552 2996 3624 τὴν
3024 3553 3120 3622 σὴν
3150 3549 3491 3621 διηγούμενοι
3513 3548 3760 3617 δύναμιν.
3795 3546 3950 3599 Οὕτω

2389 3649 2481 3701 καὶ
2509 3650 2536 3700 ὁ
2566 3646 2833 3717 μακάριος
2881 3643 3029 3711 λέγει
3062 3641 3270 3704 Παῦλος
3291 3657 3304 3670 ·
3351 3641 3412 3693 '0
3463 3636 3847 3708 καυχώμενος
3882 3638 3950 3690 ἐν

2390 3742 2579 3808 Κυρίῳ
2613 3738 2946 3807 καυχάσθω.
2986 3737 3075 3801 Ὡς
3096 3735 3287 3788 ὅπλον
3317 3732 3594 3796 εὐδοκίας
3620 3730 3952 3799 ἐστεφάνω-

2389 3850 2504 3899 σας
2547 3830 2721 3901 ήμᾶς.
2783 3829 3067 3898 Στέφανος.
3102 3825 3284 3897 φησὶν,
3308 3823 3462 3896 ἡμῶν
3491 3823 3598 3877 τῶν
3626 3823 3806 3877 πόνων
3853 3840 3948 3893 χα-

2392 3927 2514 3998 ρίσῃ
2547 3924 2608 3977 τὸ
2635 3923 2805 3986 τέλος,
2838 3920 3009 3991 τούτῳ
3037 3917 3284 3988 καθάπερ
3309 3916 3456 3987 ὅπλῳ
3502 3915 3609 3967 τινὶ
3642 3914 3949 3986 περιφράτ-

2799 4197 3104 4249 ΨΑΛΜΟΣ
3127 4192 3205 4258 τῷ
3227 4191 3425 4247 Δαυτδ.
3458 4192 3548 4257 (τ’.

3008 4287 3329 4350 Ὑπόθεσις.

2392 4380 2501 4432 Καὶ
2523 4378 2604 4441 τίς
2644 4377 2709 4430 ἂν
2735 4375 2819 4447 εἴη
2845 4378 2877 4448 ἡ
2905 4375 3084 4445 ὀγδόη,
3117 4374 3149 4445 ἢ
3183 4377 3215 4445 ἡ
3267 4372 3360 4426 τοῦ
3392 4371 3624 4443 Χριστοῦ
3661 4372 3948 4425 ἀναστάσι-

815 4471 898 4525 nis
925 4466 1126 4522 Clu-isti
1156 4465 1291 4528 dies,
1322 4477 1427 4532 qua
1469 4462 1716 4515 laborum
1752 4457 1959 4514 fructus
1989 4457 2281 4528 percepturi

2466 4489 2561 4543 μος
2585 4470 2785 4541 ἡμέρα,
2816 4468 2934 4521 καθ’
2961 4468 3026 4538 ἣν
3051 4465 3156 4519 τῶν
3199 4464 3480 4536 ἡμετέρων
3521 4463 3703 4516 κόπων
3752 4461 3947 4530 ἀπολη-

815 4576 1003 4617 sumus
1031 4578 1045 4625 ;
1093 4555 1330 4611 inimicis
1367 4552 1575 4607 scilicet
1621 4551 1823 4606 nostris
1852 4566 1977 4605 cum
2009 4550 2214 4618 pudore
2240 4558 2294 4604 et

817 4650 1217 4723 perturbatione
1278 4654 1577 4701 retrorsum
1630 4642 1855 4697 abactis.
1931 4640 2086 4695 Hunc
2132 4656 2293 4710 porro

816 4744 963 4800 canit
987 4743 1276 4811 psalmum,
1317 4746 1500 4807 utpote
1529 4735 1785 4789 diuturno
1824 4743 2063 4802 tempore
2094 4734 2146 4786 in
2182 4747 2295 4801 p03-

816 4836 1039 4891 nitentia
1066 4843 1333 4892 versatus,
1362 4843 1524 4898 quam
1562 4827 1757 4880 obtulit
1794 4841 1891 4895 pro
1920 4836 2160 4895 peccato.

813 4929 869 4980 2.
908 4928 1146 4990 Domine,
1170 4941 1231 4977 ne
1260 4924 1312 4975 in
1337 4922 1510 4990 furore
1538 4930 1625 4971 tuo
1666 4935 1856 4987 arguas
1894 4934 1991 4971 me.
2025 4916 2136 4972 Non
2162 4919 2291 4972 sim-

747 5019 975 5088 pliciter.
1008 5017 1098 5070 sed
1128 5030 1252 5069 cum
1293 5012 1476 5065 lurore
1502 5010 1652 5079 argui
1682 5017 1911 5064 recusat.
1942 5008 2126 5078 Neque
2168 5024 2289 5065 cor-

746 5110 1045 5178 ruptionem
1076 5106 1282 5170 abnuit,
1313 5105 1407 5158 sed
1444 5116 1561 5156 eam
1595 5116 1714 5170 quae
1747 5116 1869 5155 cum
1900 5101 1979 5154 ira
2006 5101 2116 5155 ﬁat.

820 5201 873 5254 5.
914 5198 1159 5252 Miserere
1182 5197 1300 5259 mei,
1331 5194 1569 5254 Domine,
1601 5192 1847 5260 quoniam
1878 5192 2119 5260 inﬁrmus
2156 5209 2291 5246 sum.

747 5289 902 5344 Nulla
926 5289 1067 5341 enim
1100 5287 1277 5340 anima
1316 5294 1439 5340 ante
1486 5283 1683 5338 labitur
1716 5284 1768 5337 in
1804 5294 2103 5353 peccatum,
2133 5301 2295 5356 quam

747 5399 815 5439 ex
844 5381 1049 5435 viribus
1086 5380 1359 5448 quidpiam
1389 5379 1651 5434 amiserit.

819 5472 1209 5545 [Inﬁrmitatem
1242 5471 1546 5531 adumbrat,
1582 5485 1701 5539 quae
1732 5485 1797 5523 ex
1830 5470 2147 5537 aegritudine
2181 5472 2295 5525 ani-

751 5565 824 5619 mi
857 5574 907 5618 et
937 5579 1000 5617 ex
1036 5564 1247 5617 ﬂetibus
1272 5559 1564 5631 provenit.]

823 5656 875 5709 4.
900 5657 967 5707 Et
996 5656 1170 5707 mima
1200 5671 1311 5706 mea
1336 5653 1545 5706 turbata
1577 5661 1651 5705 est
1687 5651 1852 5704 ralde.
1908 5652 2111 5707 Anime
2147 5652 2293 5707 scili-

823 5762 930 5819 "ll
971 5764 1095 5819 Cor.
1128 5780 1178 5829 κ,
1224 5762 1305 5815 l7.

2457 4561 2666 4633 ψόμεθα
2694 4558 2970 4631 καρπούς;
3001 4556 3107 4611 τῶν
3141 4554 3347 4626 ἐχθρῶν
3371 4554 3568 4625 δηλαδὴ
3606 4554 3947 4624 ἀποστρεφο-

2463 4656 2633 4725 μένων
2672 4654 2749 4714 είς
2775 4653 2841 4705 τὰ
2864 4650 3038 4703 όπίσω
3063 4688 3077 4713 ,
3130 4648 3245 4719 μετ’
3279 4646 3534 4717 αἰσχύνης
3564 4645 3807 4714 δηλονότι
3857 4644 3947 4697 καὶ

2457 4745 2720 4817 ταραχῆς.
2784 4742 2931 4813 "seu
2965 4741 3022 4794 δὲ
3050 4740 3139 4793 τὸν
3163 4738 3376 4808 ψαλμὸν
3397 4738 3471 4800 ὼς
3507 4736 3717 4807 μακρὸν
3758 4737 3947 4806 χρόνον

2456 4838 2591 4908 ἔχων
2607 4839 2663 4889 έν
2684 4838 2749 4905 τῇ
2769 4834 3044 4905 μετανοίᾳ.
3062 4832 3127 4901 ἡν
3146 4831 3282 4901 ὑπὲρ
3297 4828 3563 4900 ἁμαρτίας
3592 4828 3941 4899 προσέφερεν.

2465 4927 2658 4993 Κύριε,
2702 4923 2786 4993 μὴ
2831 4920 2911 4985 τῷ
2958 4916 3120 4988 θυμῷ
3155 4932 3269 4971 σου
3312 4914 3565 4984 ἐλέγξῃς
3596 4930 3690 4983 με.
3738 4912 3816 4964 Οὐ
3860 4913 3945 4964 τὸν

2394 5016 2609 5085 ἔλεγχον
2643 5014 3007 5083 παραιτεῖται,
3057 5007 3191 5061 ἀλλὰ
3232 5007 3323 5059 τὸν
3375 5005 3514 5076 μετὰ
3562 5003 3772 5074 θυμοῦ·
3827 5002 3946 5055 οὐδὲ

2394 5110 2491 5179 τὴν
2518 5106 2780 5166 παιδείαν,
2819 5102 2951 5155 ἀλλὰ
2984 5102 3079 5171 τὴν
3114 5099 3227 5168 μετ’
3261 5098 3448 5168 ὀργῆς.

2480 5195 2762 5261 Ἐλέησόν
2780 5210 2874 5262 με,
2902 5193 3096 5258 Κύριε,
3121 5188 3207 5241 ὅτι
3224 5187 3485 5253 ἀσθενής
3508 5188 3637 5253 ειμι.
3668 5184 3825 5236 Πᾶσα
3843 5180 3945 5249 γὰρ

2398 5288 2541 5356 ψυχὴ
2597 5287 2655 5337 οὐ
2710 5285 2967 5355 πρότερον
3030 5282 3107 5342 εἰς
3148 5277 3416 5347 ἁμαρτίαν
3456 5276 3638 5328 πίπτει
3695 5272 3823 5343 πρὶν
3852 5272 3944 5339 τῆς

2404 5380 2582 5448 ἰσχύος
2620 5375 2769 5445 ἐνδῷ.

2472 5447 2808 5540 [Ἀσθένειαν
2832 5466 3119 5517 αίνίττεται
3162 5464 3259 5531 τὴν
3292 5459 3398 5513 ἀπὸ
3443 5460 3539 5526 τῆς
3584 5453 3821 5521 ἀθυμίας
3855 5447 3946 5503 καὶ

2402 5561 2506 5613 τῶν
2526 5558 2768 5629 ὀδυρμῶν
2794 5554 3185 5626 ὲγγινομένην.]

2472 5651 2578 5704 Καὶ
2610 5651 2648 5717 ἠ
2676 5649 2842 5717 ψυχή
2859 5666 2975 5717 μου
3009 5645 3300 5713 ἐταράχθη
3327 5641 3575 5711 σφόδρα.
3616 5640 3681 5691 Ai
3722 5639 3822 5711 τῆς
3849 5634 3945 5705 ψυ-
