4102 6304
178 323 232 377 ’Π

177 439 263 511 χῆς
311 436 556 505 δηλονότι
596 434 872 505 δυνάμεις.
900 430 1011 486 Καὶ
1034 428 1138 495 σὺ,
1168 429 1366 497 Κύριε,
1414 429 1524 493 ἕως
1555 427 1697 480 πότε
1714 442 1734 489 ;
1762 430 1809 487 Α

176 529 272 599 Τῆς
298 526 629 598 πολυχρόνου
660 522 947 596 μετανοίας
960 520 1023 574 τὺ
1058 520 1207 591 ῥῆμα
1236 517 1664 591 παραστατικόν.

244 618 661 685 Ἐπίστροφον,
687 616 888 683 Κύριε,
908 612 1097 681 ῥῦσαι
1115 610 1228 679 τὴν
1250 610 1461 680 ψυχήν
1478 626 1615 679 μου.
1651 607 1738 669 Ὠς

175 708 618 780 ἀπεστραμμένου
677 704 844 759 αὐτοῦ
896 706 1135 777 δηλονότι
1168 703 1256 758 διὰ
1299 703 1397 774 τὴν
1440 700 1734 772 ἁμαρτίαν.

176 800 372 859 Σῶσόν
393 800 696 869 μεὲνεκεν
724 798 828 853 τοῦ
851 798 1062 864 ἐλέους
1084 816 1220 853 σου.
1273 798 1387 850 ῐιᾶν
1411 799 1518 866 γὰρ
1548 794 1608 847 τὸ
1640 793 1737 863 τῆς

177 895 436 966 σωτηρίας
460 892 617 964 ἡμῶν
645 891 725 962 τῷ
750 891 883 962 ὲλὲῳ
913 889 1199 944 ἀναθετέον
1225 888 1320 942 τοῦ
1350 887 1508 941 Θεοῦ.

233 988 363 1040 ὀτι
412 989 524 1040 οὐκ
575 983 748 1039 ἐστιν
777 983 847 1036 ἐν
876 981 956 1048 τῷ
982 980 1216 1048 θανάτῳ
1268 984 1301 1034 ό
1343 978 1739 1050 μνημονεύων

176 1091 299 1131 σου.
353 1074 572 1144 Ἐπειδὴ
603 1073 916 1145 μακρός“μοι
946 1072 1157 1140 γέγονε,
1184 1072 1366 1141 φησὶν,
1393 1072 1420 1122 6
1440 1070 1537 1139 τῆς
1568 1084 1736 1138 μετα-

175 1170 307 1231 νοίας
340 1167 554 1238 καιρος,
588 1164 799 1218 δέδοικα
839 1165 912 1235 μὴ
946 1162 1126 1236 φθάσῃ
1159 1164 1251 1216 τὸν
1282 1160 1433 1232 παρὰ
1465 1159 1560 1213 σοῦ
1589 1160 1738 1212 ἔλεον

174 1265 199 1317 ό
223 1262 470 1324 Θάνατος,
499 1259 558 1311 ἐν
589 1251 633 1324 ᾧ
663 1258 731 1311 τά
751 1259 848 1329 τῆς
869 1255 1307 1328 ὲξομολογήσεως
1326 1255 1424 1308 οὐκ
1450 1254 1587 1307 ἔστι.
1606 1254 1740 1306 Τού-

173 1370 253 1407 του
286 1354 451 1424 χάριν
479 1349 801 1420 ἐπιταχύναι
825 1348 917 1402 τὸν
956 1347 1103 1401 ἔλεον
1134 1346 1289 1401 αίτῶ.

246 1445 571 1498 Ἐκοπίιισα
614 1442 683 1496 ἐν
714 1441 794 1506 τῷ
837 1439 1148 1511 στεναγμῷ
1198 1457 1336 1509 μου.
1393 1437 1738 1507 Ἀκούσωμεν

172 1539 275 1593 οἵαν
306 1542 337 1591 6
376 1537 634 1609 βασιλεὺς
683 1534 968 1606 μετάνοιαν
1009 1531 1344 1598 ἐπεδείξατο.
1397 1531 1508 1600 υὺχ
1552 1527 1737 1591 ἁπλῶς

176 1630 388 1701 ἔκαμεν,
420 1629 537 1681 ἀλλ’
566 1627 821 1680 ἐκοπίασε
854 1625 1128 1690 στενάζων
1147 1641 1161 1655 ·
1187 1624 1285 1694 οὐχ
1306 1622 1491 1685 ἀπλῶς
1514 1623 1738 1693 ἐδάκρυ-

175 1738 276 1785 σεν,
304 1720 443 1774 ἀλλὰ
470 1720 568 1793 τὴν
584 1719 772 1788 κλίνην
794 1718 998 1782 ἔλουσε,
1017 1720 1110 1771 καὶ
1139 1716 1259 1770 καθ’
1291 1715 1525 1785 ἑκάστην
1546 1713 1731 1768 νύκτα.

173 1774 276 1865 Καὶ
318 1813 381 1864 οὐ
420 1811 486 1864 τὸ
516 1774 784 1882 παρελθδν
809 1774 1018 1872 exorsi,
1053 1808 1186 1862 ἀλλά
1227 1808 1321 1861 καὶ
1348 1774 1738 1874 ἐπαέγέλλεται
1768 1774 1812 1830 Β

1284 312 1644 371 EXPOSITIO
1682 309 1749 365 IN
1787 307 2115 365 PSALMUM
2163 307 2269 361 Vll.

3335 304 3404 360 78

1838 434 1921 479 cet
1962 422 2267 478 facultates.
2316 419 2379 474 Et
2429 430 2505 485 tu,
2560 418 2804 482 Domine,
2848 420 3157 489 usquequo.’
3187 418 3405 477 Diutur-

1840 532 1965 570 nam
1988 514 2365 585 paenitentiam
2397 512 2635 567 declarat
2660 512 2763 568 hoc
2792 512 3017 567 dictum.

1908 608 1961 663 5.
1995 607 2325 671 Convertere,
2351 606 2588 669 Domine,
2638 605 2779 673 eripe
2821 606 3053 659 animum
3085 622 3273 659 meam.
3306 603 3403 675 (Id

1839 701 1954 772 ait)
1984 702 2140 772 quasi
2171 699 2401 755 Domino
2430 700 2499 753 ob
2526 707 2803 769 peccatum
2835 712 3050 751 averso.
3078 696 3296 751 Salvum
3325 713 3406 751 me

1841 793 1926 855 [ac
1953 800 2162 860 propter
2188 790 2605 843 misericordiam
2639 798 2804 841 tuam.
2849 785 3045 842 Totum
3079 787 3271 841 salutis
3300 800 3403 840 no-

1840 892 1965 937 strae
1994 883 2270 954 negotium
2302 881 2689 937 misericordia:
2723 879 2815 935 Dei
2846 880 3247 935 ascribendum.

1906 974 1958 1027 6.
1994 974 2255 1039 Quoniam
2293 991 2394 1027 non
2441 984 2518 1028 est
2564 974 2620 1026 in
2663 982 2826 1026 morte
2849 973 2938 1041 qui
2983 988 3179 1025 memor
3199 973 3272 1025 sit
3306 971 3399 1023 tui.

1839 1062 2132 1130 Quoniam,
2169 1066 2365 1135 inquit,
2409 1065 2730 1119 diuturnum
2786 1063 2918 1118 mihi
2950 1072 3033 1118 est
3074 1063 3405 1132 renitentia:

1839 1166 2077 1227 tempus,
2110 1157 2278 1212 timeo
2315 1172 2381 1211 ne
2422 1171 2572 1210 mors
2603 1165 2753 1210 tuam
2807 1154 3233 1210 misericordiam
3267 1170 3404 1225 pra:-

1843 1258 2038 1312 vertat,
2070 1249 2159 1303 ubi
2192 1249 2374 1303 nullus
2396 1249 2497 1302 erit
2528 1246 2855 1302 confessioni
2885 1248 3059 1302 locus.
3094 1245 3263 1316 Cujus
3289 1262 3405 1316 gra-

1840 1341 1935 1405 tia,
1969 1353 2244 1395 maturare
2271 1338 2703 1394 misericordiam
2736 1347 2883 1391 tuam
2919 1338 3153 1407 postulo.

1907 1430 1957 1482 7.
1997 1428 2262 1482 Laboravi
2291 1430 2345 1480 in
2374 1430 2570 1498 gemitu
2596 1420 2729 1483 meo.
2758 1428 3058 1483 Audiamus
3089 1429 3230 1499 regis
3261 1430 3402 1484 illius

1838 1502 2231 1591 ptianiteutiam,
2264 1520 2355 1589 qui
2404 1536 2509 1574 non
2546 1519 2723 1574 solum
2765 1520 3048 1585 laboravit,
3095 1520 3188 1573 sed
3235 1518 3395 1574 etiam

1838 1610 2245 1683 ingemiscenth
2264 1625 2457 1681 magno
2487 1608 2705 1664 affectus
2736 1617 2819 1663 est
2844 1609 3059 1675 dolore;
3093 1624 3198 1662 non
3230 1610 3401 1664 solum

1839 1703 2260 1772 collacrymatus
2294 1710 2419 1764 est,
2475 1700 2566 1755 sed
2614 1700 2743 1753 lavit
2799 1714 2891 1768 per
2929 1700 3169 1769 singulas
3222 1689 3406 1756 noc’tes

1840 1796 2034 1850 lectum
2086 1810 2266 1847 suum.
2306 1792 2489 1863 Neque
2554 1802 2729 1845 tamen
2782 1791 2832 1845 id
2874 1792 2960 1845 ille
3009 1793 3226 1861 respicit
3260 1793 3405 1862 quod

171 1907 276 1967 τοῖς
306 1904 447 1975 πρὸς
466 1903 528 1957 τὸ
564 1901 755 1973 μέλλον
782 1901 869 1955 διὰ
900 1902 1080 1972 πάσης
1110 1900 1210 1970 τῆς
1244 1898 1390 1968 ζωῆς
1413 1915 1427 1929 ·
1471 1898 1565 1950 καὶ
1602 1898 1661 1952 ὃν
1690 1899 1740 1950 οὶ

1841 1887 1947 1955 jam
1982 1884 2263 1955 praeteriit,
2316 1886 2407 1938 sed
2459 1884 2657 1939 similia
2700 1882 2969 1938 facturum
3018 1900 3075 1939 se
3120 1883 3407 1954 pollicetur

179 1996 356 2049 πολλοὶ
383 1994 665 2049 ποιοῦνται
699 1994 954 2055 αἰνέσεως
985 1988 1265 2064 [ἀνέσεως]
1294 1988 1481 2061 καιρὸν
1499 2029 1513 2053 ,
1554 1987 1741 2043 τοῦτον

170 2090 369 2151 ἐκεῖνος
401 2086 857 2157 ὲξομολογήσεως.
876 2086 1089 2139 Λούσω
1108 2084 1236 2137 καθ’
1262 2081 1531 2149 ἑκάστην
1554 2083 1742 2136 νύκτα

170 2178 280 2247 τὴν
312 2180 535 2246 κλίνην
573 2196 716 2247 μου.
757 2176 901 2231 ’Δντὶ
952 2177 1101 2248 μιᾶς,
1153 2176 1306 2245 φησὶ,
1353 2175 1563 2240 νυκτὸς,
1619 2172 1740 2227 καθ’

166 2271 230 2341 ἣν
275 2271 377 2341 τὴν
407 2271 686 2343 ἁμαρτίαν
723 2270 975 2339 ἐποίησα,
1016 2267 1213 2331 πολλὰς
1242 2267 1513 2320 διετέλεσα
1541 2265 1743 2328 νύκτας

164 2361 393 2434 δάκρυσι
419 2360 628 2433 βρέχων
650 2360 747 2431 τὴν
783 2360 1072 2431 στρωμνήν
1113 2374 1239 2428 μου.

234 2451 561 2521 Ἐταράχθη
585 2451 701 2505 ἀπὸ
723 2449 913 2519 θυμοῦ
946 2452 979 2503 ό
1008 2450 1312 2519 ὀφθαλμός
1335 2465 1476 2517 μου.
1516 2446 1742 2516 Ὀφθαλ-

166 2545 261 2614 μὸν
288 2545 351 2598 δὲ
376 2544 470 2597 τὸν
500 2541 626 2597 νοῦν
652 2542 823 2611 λέγει,
856 2542 1041 2613 ἐπειδὴ
1068 2544 1096 2595 6
1124 2541 1400 2612 ὀφθαλμὸς
1440 2541 1538 2611 τῆς
1564 2538 1743 2609 ψυχῆς

159 2638 308 2690 ἐστιν
340 2639 371 2691 6
398 2635 546 2699 νοῦς.
590 2633 998 2703 Ἐπαλαιώθην
1044 2634 1114 2687 ἐν
1155 2631 1306 2688 πᾶσι
1338 2631 1464 2696 τοῖς
1507 2628 1741 2698 ἐχθροῖς

154 2750 293 2802 μου.
334 2732 603 2787 Ἐνταῦθα
624 2733 716 2787 τὸν
744 2733 933 2804 χρόνον
959 2730 1110 2800 δηλοῖ
1128 2731 1227 2797 τῆς
1256 2727 1645 2789 κακοπαθείας.

226 2822 246 2897 ι
258 2827 361 2879 Ὃν
396 2826 494 2878 καὶ
514 2827 573 2877 ὲν
595 2824 746 2891 τάξει
770 2822 1191 2893 κατορθώματος
1220 2821 1486 2890 κέκτηται
1511 2859 1526 2885 ,
1557 2818 1645 2871 διὰ
1681 2817 1744 2872 τὸ

156 2917 329 2969 πολὺν
356 2913 552 2988 εὶναι.]

224 3008 353 3062 Ὀτι
380 3007 712 3075 εισήκουσε
726 3008 939 3077 Κύριος
952 3005 1064 3076 τῆς
1082 3004 1289 3076 φωρ-ἦς
1308 3005 1414 3061 τοῦ
1433 3003 1743 3073 κλαυθμοῦ

144 3120 285 3171 μου.
326 3103 423 3166 Ὦς
448 3102 551 3173 ἤδη
581 3101 951 3165 εἰσακουσθεὶς
982 3099 1190 3171 μακρὸν
1219 3097 1360 3151 κατὰ
1385 3098 1494 3152 τῶν
1532 3096 1742 3189 ὲχθρῷν
1767 3130 1810 3189 c

151 3196 403 3268 συνείρει
429 3194 609 3263 λόγον.
636 3195 711 3247 Οὐ
746 3193 918 3264 μικρά
951 3191 1007 3245 δὲ
1036 3190 1131 3243 καὶ
1164 3189 1302 3259 αὕτη
1358 3189 1495 3261 πρὸς
1540 3188 1741 3260 ἀρετὴν

143 3287 289 3351 ὁδὸς,
316 3287 389 3340 τὺ
418 3285 643 3356 φεύγειν
672 3285 764 3338 καὶ
798 3280 1183 3353 διακρούεσθαι
1224 3280 1324 3344 τὰς
1347 3280 1456 3333 τῶν
1489 3279 1740 3351 πονηρῶν

145 3384 472 3447 συνουσίας.
508 3376 675 3443 Οὗτος
703 3379 813 3452 γὰρ
831 3378 931 3449 τῆς
962 3377 1248 3449 μετανοίας
1276 3378 1489 3449 καρπὸς
1521 3378 1613 3431 καὶ
1633 3377 1742 3431 τῶν

140 3474 414 3547 δακρύων
471 3472 542 3525 τὸ
572 3470 779 3543 κέρδος.
816 3472 886 3523 Ἦ
943 3469 1174 3534 ὲλλιπῶς
1228 3469 1410 3536 τοῦτο,
1444 3469 1566 3523 ἀντὶ
1610 3468 1739 3523 τοῦθ

140 3566 243 3628 Δὸς
290 3566 486 3618 εἰπεῖν
530 3564 642 3627 τοῖς
685 3561 1105 3633 ἐπεμϐαίνουσιν
1130 3561 1383 3634 ἐχθροῖς·
1423 3556 1741 3634 ’Δπόστητε,

136 3660 218 3711 ὅτι
242 3655 657 3729 εἰσηκούσθην,
686 3656 766 3710 ὅτι
798 3654 1163 3728 προσεδέχθην
1186 3656 1215 3708 6
1237 3655 1325 3710 διὰ
1348 3656 1447 3726 τῆς
1472 3655 1745 3727 ἁμαρτίας

137 3748 465 3812 ἀπωσθείς.

137 3927 482 3982 ΨΔΛΗΟΣ
504 3920 586 3988 τῷ
615 3921 815 3987 Δαυῒδ,
852 3921 926 3977 δν
953 3917 1070 3995 ᾖσε
1095 3919 1173 3988 τῷ
1205 3922 1400 3990 Κυρίῳ
1426 3920 1579 3990 ὑπὲρ
1627 3921 1746 3976 τῶν

471 4019 676 4088 λόγων
704 4016 893 4071 Χουσὶ
918 4016 1053 4070 υἱοῦ
1087 4014 1331 4086 Ἰεμινεῖ.
1361 4017 1439 4069 Z'.

801 4106 1126 4172 Ὑπόθεσις.

134 4202 555 4277 ’Δρχιεταῖρος
596 4197 691 4253 τοῦ
740 4197 901 4252 Δαυῗδ
930 4200 960 4251 6
993 4197 1166 4251 Χουσὶ
1186 4237 1201 4261 ,
1252 4196 1311 4260 δς
1360 4195 1745 4250 ἀποστέλλεται

192 4295 370 4365 παρὰ
414 4290 525 4345 τοῦ
554 4289 714 4343 Δαυῒδ
742 4289 877 4357 πρὸς
897 4288 1247 4358 Ἀὁεσσαλὼμ
1269 4288 1359 4341 ἐπὶ
1384 4286 1460 4358 τῷ
1486 4289 1747 4359 ἀντιπρᾶ-

190 4386 287 4452 Eat
340 4383 443 4455 τῷ
507 4381 789 4452 ’Δχιτόφελ
833 4381 1024 4451 βουλὰς
1063 4379 1435 4450 είσηγουμένῳ
1474 4377 1616 4433 κατά
1652 4378 1744 4431 τοῦ

185 4478 377 4533 Δαυῒδ
398 4494 415 4506 ·
457 4475 525 4538 ὃς
560 4474 653 4527 καὶ
674 4471 956 4538 ἀπελθὼν,
991 4472 1084 4525 καὶ
1116 4471 1407 4543 προδοσίαν
1448 4470 1741 4542 ὑποκρινά-
1772 4494 1816 4548 ι)

183 4588 397 4644 μενος,
419 4565 638 4639 βουλῆς
660 4564 1050 4638 προστεθείσης
1073 4563 1223 4635 παρά
1240 4563 1332 4616 τοῦ
1364 4560 1737 4633 ’Λσεσσαλὼμ,

180 4662 351 4735 αὐτῷ
378 4677 456 4715 τε
498 4656 771 4729 τῷΧουσὶ
795 4657 889 4711 καὶ
920 4656 998 4728 τῷ
1036 4655 1347 4727 Ἀχιτόφελ’
1387 4657 1481 4709 καὶ
1516 4654 1609 4709 τοῦ
1644 4654 1741 4726 μὲν

180 4755 553 4814 κελεύοντος
593 4747 921 4813 ἐπιδιώκειν,
951 4748 1045 4802 τοῦ
1090 4747 1393 4820 Ἀχιτόφελ,
1420 4747 1511 4801 τοῦ
1550 4748 1606 4800 δὲ
1643 4747 1737 4819 μὴ,

175 4848 281 4903 τοῦ
309 4843 523 4902 lauat
548 4858 564 4872 ’
596 4840 657 4895 οὐ
688 4840 797 4913 γὰρ
828 4841 909 4894 δεῖ
926 4840 1222 4912 ἀπράκτως
1241 4879 1256 4902 ,
1291 4840 1453 4910 φησὶν
1474 4883 1488 4907 ,
1532 4838 1739 4893 ἐπιέναι

176 4939 349 5011 ἀνδρὶ
381 4930 767 5003 ἐπισταμένῳ
793 4930 861 4984 τά
885 4930 1143 5001 πολέμια·
1175 4930 1270 4983 καὶ
1294 4930 1468 5001 τούτῳ
1491 4929 1568 5001 τῷ
1599 4929 1741 5000 λόγῳ

176 5024 605 5081 διασείσαντος
629 5018 719 5073 τὸν
741 5018 900 5072 Δαυῖδ
920 5036 933 5049 ·
967 5019 1040 5081 ὡς
1067 5019 1133 5073 ἂν
1152 5020 1226 5090 μὴ
1255 5018 1600 5091 ἀνθρωπίνης
1621 5021 1743 5073 ἐπι-

173 5119 441 5193 κουρίας
473 5112 816 5183 σωζόμενος,
855 5111 931 5182 τῷ
968 5110 1085 5181 Θεῷ
1116 5112 1216 5181 τὴν
1249 5113 1389 5183 ὑπὲρ
1420 5112 1622 5166 τούτων
1651 5112 1741 5166 εὑ-

174 5210 594 5285 χαριπήριον
626 5202 769 5275 ᾠδὴν
795 5203 1143 5273 ἀναπέμπει,
1176 5202 1239 5255 τὸ
1272 5204 1379 5256 πᾶν
1423 5203 1631 5258 ἐκείνου
1674 5206 1737 5274 τῇ

174 5306 383 5377 χάριτι
413 5292 749 5357 ἀνατιθεὶς,
778 5292 1080 5365 ἀνθρώπων
1112 5292 1168 5346 δὲ
1191 5293 1380 5347 οὐδενί.

172 5399 373 5463 Κύριε
397 5395 440 5447 ό
480 5386 646 5451 Θεός
668 5402 804 5451 μου,
830 5386 929 5440 ἐπὶ
958 5386 1057 5440 σοὶ
1098 5385 1354 5454 ἤλπισα.
1402 5386 1617 5459 Ἐπειδὴ
1647 5388 1740 5441 ἀν-

109 5488 347 5564 θρώπῳ,
381 5482 555 5555 φησὶ
580 5522 597 5545 ,
635 5478 763 5552 περὶ
796 5479 1066 5549 σωτηρίας
1088 5480 1149 5532 οὐ
1183 5477 1391 5551 θαρρῶ,
1446 5482 1494 5533 εί
1526 5480 1619 5533 καὶ
1647 5480 1740 5533 τοῦ

112 5584 281 5637 Χουσὶ
308 5582 369 5635 οι
400 5575 588 5642 λόγοι
614 5569 793 5635 καλοὶ,
821 5570 992 5623 σῶσόν
1018 5588 1085 5642 με
1111 5572 1204 5626 καὶ
1236 5574 1299 5625 ἑκ
1322 5572 1430 5626 τῶν
1460 5574 1741 5645 παρόντων

111 5676 207 5747 μὲν
236 5668 520 5748 ὶχθρῶν,
566 5663 805 5734 μάλιστα
827 5662 885 5715 δὲ
906 5663 1013 5717 ἀπὸ
1035 5662 1127 5718 τοῦ
1149 5663 1526 5737 ἐφεδρεύοντος
1552 5665 1740 5737 νοητοῦ

110 5767 327 5829 λέοντος
352 5764 434 5832 τῇ
469 5752 739 5829 ἡμετέρᾳ
770 5751 938 5825 ψυχῇ-

1841 1993 1935 2046 per
1960 1986 2130 2030 totum
2166 1977 2289 2029 vitm
2321 1986 2532 2044 tempus
2561 1996 2572 2029 :
2609 1986 2662 2030 et
2691 1976 2835 2045 quod
2872 1976 2963 2030 alii
2991 1987 3202 2045 tempus
3228 1976 3406 2030 laudi-

1840 2068 1941 2121 bus
1970 2068 2273 2133 insumunt,
2306 2067 2357 2121 id
2410 2068 2498 2121 illc
2534 2067 2863 2123 confessioni
2899 2068 3140 2138 deputat.
3194 2067 3403 2123 Lavabo

1839 2175 1929 2228 per
1975 2160 2212 2230 singulas
2250 2169 2421 2213 noctes
2468 2160 2655 2212 lectum
2685 2174 2875 2213 meum.
2924 2158 3028 2213 Pro
3061 2169 3219 2213 nocte
3269 2176 3397 2226 una,

1843 2251 2041 2319 inquit,
2072 2266 2236 2321 quam
2267 2252 2541 2321 peccando
2581 2251 2837 2321 transegi,
2872 2252 3074 2305 multas
3119 2252 3271 2320 exegi
3304 2268 3405 2304 no~

1840 2350 1955 2396 etes
1986 2341 2211 2411 rigando
2243 2320 2496 2412 lacryinis
2526 2342 2726 2396 lectum
2753 2358 2957 2397 meum.

1921 2433 1974 2487 8.
2010 2432 2272 2488 Turbatus
2297 2445 2373 2488 est
2398 2452 2430 2487 α
2451 2435 2630 2504 furore
2652 2436 2832 2490 oculus
2854 2452 3014 2489 meus.
3039 2434 3269 2491 Mentem
3296 2437 3404 2503 ait;

1842 2525 1957 2594 ipsa
1989 2526 2185 2595 quippe
2212 2535 2295 2581 est
2333 2527 2527 2581 anima:
2565 2529 2776 2582 oculus.
2812 2529 3100 2582 lnveteraci
3132 2530 3267 2582 inter
3292 2546 3405 2583 om-

1842 2632 1929 2669 nes
1960 2618 2199 2671 inimicos
2245 2635 2404 2671 meos.
2458 2618 2557 2674 ilic
2582 2628 2792 2689 tempus
2820 2635 3072 2675 aerumnae
3097 2621 3329 2675 declarat

1914 2706 2089 2780 [Quod
2122 2710 2174 2763 in
2230 2720 2376 2765 recte
2422 2710 2687 2766 factorum
2742 2727 2967 2767 numero
3016 2712 3249 2782 reponit,
3280 2713 3405 2783 quia

1842 2802 2071 2855 multum
2106 2800 2254 2873 fuit.]

1907 3010 1959 3064 9.
1995 3009 2257 3074 Quoniam
2289 3012 2559 3065 exaudivit
2597 3012 2849 3069 Dominus
2882 3032 3053 3070 vocem
3086 3017 3240 3085 ﬂetus
3286 3015 3405 3073 mei.

1844 3096 2012 3165 Quasi
2066 3099 2179 3169 jam
2240 3101 2530 3157 exauditus
2590 3102 2813 3172 longum
2888 3115 3077 3159 contra
3154 3106 3407 3163 inimicos

1845 3190 2084 3244 contexit
2113 3205 2439 3245 sermonem.
2477 3189 2587 3246 Nec
2625 3192 2847 3247 minima
2883 3192 2974 3247 illa
3023 3203 3107 3250 est
3140 3194 3208 3249 ad
3238 3197 3408 3252 virtu-

1841 3290 1949 3336 tem
1977 3283 2086 3349 via,
2110 3282 2295 3353 fugere
2314 3291 2366 3337 et
2394 3283 2629 3352 abjicerc
2652 3285 3023 3354 improborum
3047 3289 3403 3344 consortium.

1843 3368 1941 3425 llic
1965 3373 2110 3425 enim
2162 3381 2246 3427 est
2296 3375 2631 3442 paenitentia:
2680 3374 2889 3432 fructus
2940 3389 2994 3433 ct
3043 3380 3406 3451 lacrymarurn

1843 3460 2080 3519 lucrum.
2107 3461 2215 3517 Aut
2238 3461 2489 3519 fortassis
2523 3464 2654 3520 illud
2696 3482 2791 3536 per
2816 3468 3029 3538 ellipsin
3074 3470 3276 3525 dictum
3300 3484 3404 3537 est,

1844 3563 1905 3610 ut
1931 3555 2266 3626 intelligatur
2299 3575 2313 3611 :
2345 3557 2595 3614 Concede
2640 3560 2797 3616 nobis
2825 3571 2881 3616 ut
2925 3563 3171 3621 dicamus
3200 3566 3266 3622 iis
3312 3566 3406 3635 qui

1844 3648 1899 3702 in
1938 3662 2039 3703 nos
2070 3648 2286 3703 irruunt
2304 3649 2632 3706 adversariis
2658 3669 2670 3705 :
2705 3652 3012 3717 Abscedite,
3039 3656 3297 3724 quoniam
3320 3671 3408 3711 ex-

1842 3740 2050 3794 audivit
2077 3757 2180 3795 me.
2221 3740 2489 3807 Quoniam
2520 3744 2635 3813 ipse
2656 3753 2941 3814 susceptus
2973 3761 3116 3814 sum,
3150 3750 3244 3817 qui
3277 3763 3404 3819 pec-

1843 3830 1950 3886 cati
1983 3846 2148 3885 causa
2178 3834 2439 3901 expulsus
2473 3834 2704 3889 fueram.

1984 3918 2229 3976 PSALM
2237 3921 2324 3978 US
2355 3923 2563 3988 Dnvidi,
2606 3944 2758 3995 quem
2785 3932 3013 3984 cantavit
3048 3929 3265 3985 Domino

2094 4033 2189 4085 pro
2218 4018 2384 4072 verbis
2409 4017 2591 4083 Chusi,
2628 4020 2730 4089 ﬁlii
2757 4020 2972 4076 Jemini.
3022 4022 3150 4078 VII.

2424 4110 2820 4178 Argumentum.

1843 4199 2220 4255 Amicissimus
2245 4198 2430 4253 Davidi
2461 4210 2577 4254 erat
2598 4182 2791 4268 Chusi,
2843 4205 2935 4273 qui
2988 4206 3218 4261 mittitur
3246 4223 3274 4261 a
3310 4206 3407 4263 Da-

1917 4291 2037 4344 vide
2084 4289 2149 4342 ad
2183 4289 2520 4354 Abessalom,
2551 4301 2609 4345 ut
2635 4291 2978 4365 Acbitopheli
3004 4337 3019 4361 ,
3052 4298 3405 4354 consiliorum

1916 4393 2101 4434 contra
2154 4379 2407 4434 Davidcm
2437 4384 2667 4451 auctori,
2701 4385 3101 4443 adversaretur.
3146 4387 3248 4455 Qui
3280 4405 3403 4445 cum

1912 4474 2282 4542 abscessisset,
2310 4490 2373 4529 ac
2395 4476 2755 4545 proditionem
2786 4479 3092 4545 simularet,
3118 4482 3405 4537 consilium

1912 4567 2220 4636 postulante
2245 4567 2597 4622 Abessalomc
2618 4568 2782 4623 Chusi
2799 4577 2852 4623 et
2868 4571 3229 4641 Achitopheli,
3246 4584 3407 4646 atque

1911 4658 2198 4713 consilium
2223 4659 2385 4714 dante
2404 4659 2778 4729 Acbitopbele,
2800 4673 2861 4716 ut
2877 4661 3132 4719 Davidem
3154 4664 3407 4734 inseque-

1914 4758 2096 4813 retur;
2135 4748 2303 4803 Chusi
2333 4758 2513 4803 autem
2539 4764 2697 4805 secus
2722 4752 3004 4819 suadente,
3024 4768 3133 4807 non
3157 4764 3407 4823 oportere

1914 4841 2140 4905 scilicet,
2182 4857 2282 4895 ncc
2326 4858 2357 4897 e
2387 4858 2446 4897 re
2490 4841 2627 4906 fore,
2675 4843 2890 4915 insequi
2936 4844 3114 4900 virum
3172 4847 3406 4916 peritum

1913 4935 2037 4990 belli
2072 4954 2086 5002 ;
2116 4936 2181 4990 iis
2210 4936 2393 4991 verbis
2423 4934 2680 4992 Davidem
2711 4938 2966 4994 servavit.
3000 4938 3051 4993 Is
3081 4954 3208 4994 vero
3251 4943 3407 5010 quasi

1920 5044 2028 5083 non
2057 5029 2297 5083 humano
2334 5038 2581 5085 servatus
2608 5030 2834 5096 auxilio,
2864 5030 2973 5085 Deo
3007 5032 3275 5087 canticum
3303 5034 3407 5087 hoc

1912 5120 1968 5175 in
1995 5121 2289 5192 gratiarum
2332 5121 2595 5175 actionem
2639 5120 2825 5175 od‘ert:
2847 5121 3075 5191 ejusque
3096 5123 3285 5192 gratiae
3316 5135 3403 5178 to-

1915 5222 2050 5276 tum,
2086 5226 2149 5267 ac
2180 5212 2313 5265 nulli
2336 5212 2619 5267 hominum
2651 5213 2894 5268 ascribit.

1912 5388 1968 5444 2.
1990 5388 2211 5444 Domine
2240 5388 2377 5443 Deus
2412 5405 2574 5454 meus,
2608 5390 2661 5441 in
2693 5401 2741 5443 te
2766 5390 2990 5459 sperari.
3013 5387 3300 5456 Quoniam,
3331 5391 3407 5444 in-

1844 5482 1982 5550 quit,
2017 5482 2083 5536 de
2121 5496 2241 5535 mea
2289 5482 2463 5537 salute
2518 5482 2651 5537 nihil
2695 5484 2763 5538 ab
2810 5484 3031 5538 homine
3077 5482 3404 5553 sperandum

1844 5580 1997 5643 puto,
2033 5572 2160 5628 licet
2183 5571 2351 5629 Chusi
2382 5575 2610 5629 consilia
2641 5576 2780 5630 bona
2809 5576 2919 5631 sint
2948 5594 2962 5643 ;
2995 5584 3053 5631 tu
3084 5588 3261 5630 tamen
3291 5575 3404 5629 sal-

1844 5676 1971 5716 vum
2011 5675 2099 5716 me
2135 5659 2244 5731 fac,
2297 5671 2350 5717 et
2380 5663 2600 5733 quidem
2648 5680 2716 5719 ex
2766 5664 3095 5720 instantibus
3146 5663 3404 5727 inimicis,

1845 5754 1940 5811 sed
1964 5754 2199 5808 maxime
2228 5768 2260 5810 a
2288 5754 2556 5827 spirituali
2583 5757 2764 5825 leone,
2796 5756 2889 5827 qui
2926 5757 3122 5811 animas
3152 5769 3284 5811 mea
3321 5755 3402 5811 in-

1849 5847 2015 5903 sidias
2044 5853 2217 5914 parat.
