4102 6304
692 347 759 404 19
1536 344 1594 399 S.
1633 338 2000 396 ATHANASU
2041 337 2194 394 OPP.
2235 337 2415 393 PARS
2453 336 2538 393 ΙΙΙ.
2578 366 2650 379 -
2685 334 3098 392 EXEGETICA.
3841 328 3912 386 80

762 467 812 521 5.
863 465 921 522 Si
959 468 1162 522 reddidi
1211 466 1612 523 retribuentlbus
1643 465 1772 517 mihi
1804 463 1964 517 mala.
2012 461 2247 532 lnjuria-

2414 461 2483 514 El
2508 458 2899 516 ἀνταπέδωκα
2943 458 3066 524 τοῖς
3099 453 3567 512 ἀνταποδιδοῦσί
3611 470 3711 524 μοι
3738 449 3910 506 κακά.

692 564 810 613 ru'm
838 559 1168 613 oblivionem
1218 558 1456 629 prrefert,
1499 573 1608 627 qua
1642 555 1809 610 Deum
1842 555 1907 609 ad
1941 554 2253 609 misericor-

692 648 835 702 diam
886 656 1165 717 provocat.
1225 647 1473 700 Decidam
1509 646 1693 698 merito
1747 645 1810 697 ab
1862 643 2090 697 inimicis
2125 643 2254 695 meis

693 736 887 790 inanis.
920 733 1108 791 Justus
1139 744 1261 804 post
1287 735 1568 789 victoriam
1593 735 1781 802 plenus
1827 742 2166 800 onustusque
2187 730 2255 784 ab

695 827 934 883 inimicis
977 828 1244 883 abscedit:
1280 826 1559 895 improbus
1585 834 1762 880 autem
1807 825 1897 878 ubi
1941 825 2116 877 victus
2149 830 2253 888 est,

696 918 765 973 iis
795 934 996 973 vacuus
1017 919 1238 980 excidit,
1273 919 1475 972 nullam
1506 921 1712 974 habens
1734 932 1913 972 rerum
1941 916 2173 984 copiam.

767 1008 821 1062 6.
854 1008 1206 1078 Persequalur
1245 1009 1489 1062 inimicus
1515 1013 1749 1063 animam
1779 1023 1966 1060 meam.
1997 1005 2152 1070 Quod
2182 1005 2259 1057 ait

697 1110 780 1156 est
809 1101 1118 1171 hujusmodi
1148 1118 1160 1156 :
1200 1103 1433 1156 incidam
1483 1103 1538 1156 in
1571 1115 1765 1156 manus
1821 1098 2019 1153 diaboli
2053 1098 2096 1151 si
2127 1097 2256 1165 quid

699 1207 763 1248 ex
794 1193 1121 1264 supradictis
1149 1194 1366 1247 admisi.
1400 1199 1420 1262 (
1446 1193 1564 1247 Alio
1594 1193 1765 1246 modo.
1792 1192 1810 1258 )
1850 1190 1905 1243 Id
1939 1198 2042 1253 est,
2081 1189 2126 1242 si
2157 1188 2258 1242 hoc

699 1288 898 1341 illuilve
929 1286 1051 1351 feci,
1094 1303 1158 1340 nc
1210 1303 1240 1341 a
1294 1296 1516 1355 peccato
1569 1285 1768 1338 liberer
1824 1291 1946 1336 ante
2003 1288 2254 1334 mortem.

701 1378 957 1432 Exaltare
988 1382 1041 1432 in
1091 1380 1284 1447 ﬁnibus
1316 1379 1644 1432 inimicorum
1672 1390 1922 1429 meorum.
1960 1372 2022 1427 Μ
2050 1380 2153 1435 est,
2204 1370 2258 1423 in

698 1471 938 1527 robustis
983 1470 1328 1524 inimicorum
1366 1483 1631 1523 meorum.
1666 1467 1799 1520 Nam
1845 1466 1980 1519 lines
2027 1462 2257 1518 summi-

701 1572 839 1617 tates
875 1561 1202 1631 signiﬁcant.

774 1653 824 1704 7.
853 1651 922 1704 Et
959 1667 1205 1721 exsurge,
1242 1650 1458 1705 Domine
1491 1650 1627 1705 Deus
1676 1666 1838 1712 meus,
1876 1649 1928 1700 in
1974 1653 2249 1712 praecepto.

704 1740 891 1797 Palam
918 1741 1004 1798 his
1034 1743 1214 1796 verbis
1263 1741 1550 1796 adventum
1603 1739 1887 1794 annuntiat
1941 1734 2254 1790 Salvatoris.

2355 553 2428 605 Τὸ
2447 552 2817 623 ἀμνησεκακον
2841 549 3198 622 προϐάλλεται
3241 547 3632 618 ἐκκαλούμενος
3660 545 3727 598 δι’
3753 541 3914 598 αὐτοῦ

2356 645 2434 706 εἰς
2467 643 2613 695 ἔλεον
2643 643 2733 695 τὸν
2759 642 2910 697 Θεόν.
2938 641 3322 709 Ἀποπέσοιμι
3366 639 3477 706 ἄρα
3510 636 3628 692 ἀπὸ
3672 635 3791 689 τῶν
3820 635 3916 701 ἐχ-

2355 734 2508 801 θρῶν
2520 751 2638 802 μου
2666 735 2860 797 κενός.
2902 731 2958 784 ’0
2986 732 3083 802 μὲν
3111 730 3310 791 δίκαιος
3327 730 3553 798 νικήσας
3577 726 3788 796 πλήρης
3812 724 3916 776 ἀπὸ

2356 825 2461 878 τῶν
2508 824 2715 894 ἐχθρῶν
2757 824 3068 894 ἐξέρχεται·
3104 824 3132 875 ὁ
3185 821 3240 874 δὲ
3292 820 3490 889 φαῦλος
3541 820 3633 873 xui
3677 816 3917 886 νικηθεὶς

2356 921 2651 971 ἀποπίπτει
2679 917 2854 969 αὐτῶν
2876 918 3048 979 κενὸς,
3074 917 3166 967 xui
3194 914 3342 966 οὐδὲν
3372 912 3509 982 ἔχων
3536 910 3915 982 πληρώματος.

2427 1010 2785 1074 Καταὸιώξαι
2826 1009 2940 1077 ἄρα
2983 1011 3014 1060 ό
3048 1007 3257 1073 ἐχθρὸς
3292 1002 3406 1070 τὴν
3429 1001 3638 1072 ψυχήν
3679 1017 3820 1069 μου.
3859 999 3920 1050 ⁸0

2356 1103 2502 1170 λέγει
2527 1102 2764 1154 τοιοῦτόν
2813 1102 2990 1152 ἐστιν·
3039 1096 3290 1166 Ἐμπέσω
3331 1095 3412 1157 εἰς
3442 1093 3536 1155 τὰς
3589 1094 3776 1162 χεῖρας
3825 1087 3919 1142 τοῦ

2356 1193 2623 1256 διαϐόλου,
2662 1194 2710 1244 εἰ
2738 1189 2976 1244 τοιοῦτόν
3004 1207 3054 1241 τι
3082 1188 3311 1258 ἐποίησα
3344 1185 3451 1237 τῶν
3481 1182 3886 1254 προλεχθέντων
3905 1196 3916 1211 ·

2359 1288 2406 1338 εἰ
2431 1285 2521 1338 καὶ
2545 1284 2604 1336 τὸ
2624 1284 2718 1337 xui
2733 1282 2791 1334 τὸ
2814 1281 3064 1348 ἐποίησα,
3092 1279 3164 1349 μὴ
3187 1275 3602 1346 ὲλευθερωθείην
3626 1276 3724 1344 τῆς
3744 1275 3922 1342 ἁμαρ-

2357 1377 2477 1438 τίας
2523 1374 2627 1444 πρὸ
2664 1372 2756 1426 τοῦ
2816 1372 3067 1425 θανάτου.
3108 1367 3391 1436 Ὑψώθητι
3427 1368 3494 1419 ἐν
3544 1365 3667 1430 τοῖς
3707 1363 3923 1432 πέρασι

2358 1466 2478 1520 τῶν
2497 1463 2724 1534 ἐχθρῶν
2742 1481 2882 1533 μου.
2921 1461 3227 1523 Τουτέστιν,
3273 1462 3329 1512 ὲν
3359 1461 3469 1520 τοῖς
3497 1458 3770 1529 κραταιοίς
3818 1452 3923 1506 τῶν

2360 1559 2565 1632 ἐχθρῶν
2593 1574 2713 1628 μου.
2746 1557 2963 1627 Πέρατα
2990 1554 3096 1624 γὰρ
3122 1553 3190 1606 τὰ
3221 1552 3362 1622 ἄκρα
3385 1550 3550 1619 δηλοῖ.

2429 1649 2538 1702 Καὶ
2571 1645 2922 1715 ὲξεγέρθητι,
2952 1645 3126 1712 Κύριε
3146 1645 3178 1696 ό
3213 1643 3356 1706 Θεός
3375 1657 3516 1708 μου,
3549 1638 3616 1690 ἐν
3661 1635 3925 1704 προστάσ-

2364 1755 2535 1810 mare
2556 1731 2604 1804 ᾧ
2631 1735 2925 1789 ἐνετείλω.
2960 1733 3153 1802 Σαφῶς
3184 1732 3311 1802 περὶ
3337 1731 3435 1800 τῆς
3481 1726 3796 1796 θεοφανείας
3829 1725 3926 1779 τοῦ

708 1832 779 1886 Et
809 1849 1071 1903 synagoga
1099 1833 1410 1901 populorum
1445 1829 1787 1884 circumdabit
1821 1837 1886 1881 te.
1938 1825 2032 1880 His
2079 1831 2262 1894 aperte

2374 1806 2611 1900 έωτῆρος
2634 1828 2722 1881 διὰ
2748 1827 2853 1880 τῶν
2884 1826 3164 1896 παρόντων
3195 1821 3620 1889 εὐαγγελίζεται.
3653 1821 3760 1874 Καὶ
3785 1834 3931 1873 συν-

705 1923 943 1980 declarat
969 1921 1224 1978 Ecclesia;
1253 1923 1414 1976 ﬁdem
1437 1921 1490 1975 in
1525 1920 1725 1990 ipsum.

777 2099 831 2155 8.
857 2098 926 2154 Et
953 2110 1161 2169 propter
1200 2099 1334 2152 hanc
1381 2097 1437 2150 in
1481 2098 1647 2150 altum
1693 2093 1978 2164 regredere.
2022 2091 2266 2163 Synago-

708 2208 831 2264 gam
871 2193 1135 2248 videlicet.
1178 2191 1314 2246 lllud
1357 2205 1505 2254 vero,
1541 2191 1596 2243 in
1631 2188 1796 2241 altum
1825 2227 1840 2250 ,
1874 2195 1969 2240 aut
2007 2199 2266 2240 veneran-

709 2285 832 2337 dam
887 2283 1158 2354 signilicat
1207 2295 1446 2346 crucem,
1486 2280 1553 2334 ad
1604 2294 1767 2349 quam
1818 2278 1996 2332 attulit
2043 2285 2262 2346 peccata

709 2383 913 2438 nostra,
947 2383 1041 2428 aut
1069 2375 1297 2428 reditum
1334 2373 1386 2427 in
1417 2372 1636 2428 coelum.
1672 2371 1820 2425 Abiit
1857 2369 2001 2423 enim
2056 2377 2116 2422 ut
2167 2381 2266 2437 pro

712 2466 870 2522 nobis
897 2481 1017 2522 sese
1041 2467 1258 2521 sisteret
1283 2465 1348 2520 ad
1376 2471 1729 2533 conspectum
1760 2460 1956 2514 Patris.

786 2651 840 2706 9.
861 2647 1057 2703 Judica
1088 2663 1186 2712 me,
1213 2646 1453 2711 Domine,
1477 2642 1760 2698 secundum
1789 2640 2062 2710 justitiam
2081 2652 2267 2690 meam.

714 2742 889 2813 Rogat
920 2741 1113 2796 iterum
1145 2755 1180 2794 ι
1205 2737 1319 2794 suis
1366 2737 1502 2806 eripi
1542 2734 1800 2795 inimicis,
1846 2747 1912 2786 ex
1968 2730 2124 2784 malis
2164 2728 2268 2784 sibi

716 2833 880 2888 illatis
903 2832 969 2887 ad
1001 2829 1426 2887 misericordiam
1456 2839 1777 2897 provocans.

2363 1919 2559 1990 αγωγὴ
2580 1919 2744 1972 λαῶν
2763 1916 3058 1972 κυκλώσει
3079 1931 3171 1969 σε.
3192 1915 3382 1983 Σαφῶς
3404 1914 3490 1965 διὰ
3511 1912 3618 1964 τῶν
3646 1910 3930 1981 παρόντων

2364 2013 2462 2082 τῆς
2503 2011 2826 2080 Ἐκκλησίας
2853 2010 2951 2081 τὴν
2976 2011 3054 2072 εἰς
3087 2007 3246 2061 αὑτὸν
3269 2006 3448 2058 πίστιν
3475 2003 3642 2072 δηλοῖ.

2437 2103 2549 2157 Καὶ
2577 2101 2728 2169 ὑπὲρ
2756 2102 2976 2166 ταύτης
2992 2103 3078 2164 εἱς
3106 2099 3262 2166 ὕψος
3301 2097 3683 2163 ἐπέστρεφον.
3713 2090 3933 2159 Ταύτης

2369 2197 2468 2268 μὲν
2500 2196 2599 2265 τῆς
2640 2193 2958 2262 συναγωγῆς
2987 2189 3244 2260 δηλονότι.
3277 2188 3348 2240 Τὸ
3371 2188 3447 2249 δὲ,
3481 2189 3566 2250 εἷς
3587 2185 3762 2252 ὕψος,
3781 2182 3816 2252 ἦ
3844 2181 3935 2234 τὸν

2367 2287 2544 2358 τίμιον
2571 2286 2862 2340 αἰνίττεται
2888 2279 3136 2351 σταυρὸν,
3157 2279 3233 2341 εἰς
3262 2277 3320 2330 ὃν
3335 2276 3624 2345 ἀνήνεγκεν
3647 2272 3802 2342 ἡμῶν
3837 2271 3936 2333 τὰς

2373 2376 2667 2448 ἁμαρτίας,
2691 2377 2724 2445 ἢ
2753 2375 2850 2445 τὴν
2867 2374 2945 2435 εις
2967 2369 3192 2442 οὐρανὸν
3221 2366 3590 2436 ἀναφοίτησιν.
3632 2360 3936 2432 Ἐπορεύϐη

2373 2467 2482 2537 γὰρ
2533 2465 2929 2537 ἐμφανισθῆναι
2969 2462 3045 2533 τῷ
3087 2460 3360 2531 προσώπῳ
3409 2457 3502 2511 τοῦ
3551 2455 3764 2524 Πατρὺς
3795 2453 3940 2521 ὑπὲρ

2377 2560 2553 2630 ἡμῶν·

2445 2649 2664 2718 Κρῐνόν
2687 2664 2783 2716 με,
2808 2648 2999 2715 Κύριε,
3047 2645 3194 2698 κατὰ
3223 2643 3336 2710 τὴν
3377 2641 3766 2704 δικαιοσύνην
3793 2654 3918 2705 μου

2389 2742 2552 2808 Ἀξιοῖ
2582 2740 2741 2795 πάλιν
2769 2740 2874 2794 ἀπὸ
2897 2738 3004 2792 τῶν
3034 2735 3241 2808 ἐχθρῶν
3271 2735 3527 2804 σωθῆναι,
3562 2724 3744 2800 ἀφ’ὧν
3768 2730 3940 2798 ἐπρα-

2379 2834 2471 2898 ξαν
2504 2836 2594 2888 τὸν
2619 2835 2766 2887 ἔλεον
2790 2835 3020 2888 ὲκκαλού
3030 2849 3208 2903 μενος.

789 2967 978 3023 Daniel
1026 2964 1296 3020 Barbarus
1337 2975 1355 3013 :
1397 2957 1610 3012 Justum
1655 2953 1979 3023 adjutorium
2029 2967 2196 3004 meum
2247 2965 2278 3002 a
2318 2945 2561 2999 Domino.
2609 2943 2763 2998 Justa
2799 2947 3024 3015 petenda
3068 2956 3216 3006 sum,
3267 2953 3326 2996 ut
3379 2941 3496 3011 ipsa
3547 2939 3828 3009 petitionis
3894 2937 3945 2990 vi

716 3071 770 3118 et
797 3070 1010 3124 natura,
1041 3059 1373 3110 momentum
1400 3051 1518 3120 ejus
1546 3048 1639 3119 qui
1680 3054 1859 3102 servat
1890 3054 2068 3100 rectos
2101 3041 2266 3098 corde
2305 3037 2460 3092 facile
2489 3037 2815 3090 attrahenda
2845 3038 3191 3090 inclinemns.

792 3177 876 3232 11.
914 3171 1017 3239 Qui
1048 3168 1216 3223 salvos
1265 3165 1393 3234 facit
1426 3171 1589 3216 rectos
1621 3160 1793 3213 corde.
1838 3156 2010 3222 Nosti,
2071 3154 2268 3223 inquit,

2447 3147 2555 3201 Τοῦ
2577 3146 2870 3213 σώζοντος
2900 3146 3037 3212 τοὺς
3083 3145 3274 3211 εὑθεῖς
3323 3142 3398 3211 τῇ
3432 3141 3670 3211 καρδίᾳ.
3706 3143 3947 3217 ’Ἐπειδὴ

718 3268 898 3326 cordis
915 3263 1087 3320 nostri
1115 3258 1466 3330 cogitationes
1485 3274 1498 3320 ;
1517 3260 1846 3323 quaprOpter
1862 3259 2016 3302 tuum
2047 3246 2276 3316 imploro

721 3359 1002 3416 auxilium.

795 3451 880 3506 12.
915 3447 1053 3501 Deus
1074 3441 1241 3512 judex
1256 3439 1457 3509 justus,
1480 3434 1634 3504 fortis
1661 3439 1709 3487 et
1736 3433 1960 3500 patiens.
1980 3425 2074 3482 His
2099 3422 2278 3479 verbis

724 3552 906 3616 aperte
957 3537 1198 3593 declarat
1243 3531 1335 3584 Dei
1389 3525 1889 3596 longanimitatem,
1940 3519 2033 3588 qui
2078 3515 2278 3586 suppli-

723 3615 868 3690 cium
899 3629 1094 3690 dill‘ert,
1134 3624 1234 3678 etsi
1267 3636 1372 3674 non
1405 3615 1627 3670 omnino
1658 3620 1864 3684 parcat.

801 3814 888 3870 ﬂ.
921 3809 1157 3881 Sagittas
1193 3820 1316 3858 suas
1351 3798 1654 3854 ardentibus
1698 3794 1886 3862 eﬂ'ecit.
1939 3789 2174 3859 Sagittas
2202 3785 2283 3840 di-

728 3909 802 3964 cit
831 3904 1154 3976 supplicium
1197 3917 1210 3953 :
1254 3894 1574 3960 ardentibus,
1607 3893 1674 3945 iis
1707 3889 1914 3944 scilicet
1941 3888 2032 3956 qui
2065 3897 2282 3955 pmnam

729 4000 869 4071 ignis
894 4001 1225 4050 meruerunt.

805 4089 891 4144 15.
927 4085 1057 4140 Ecce
1086 4080 1332 4151 parturiit
1367 4073 1710 4145 injustitiam.
1745 4069 2002 4123 Inimicus
2037 4065 2285 4119 videlicet

732 4181 853 4236 vitae
869 4187 1086 4234 nostrae.
1120 4171 1365 4240 Concepit
1386 4169 1617 4221 dolorem
1637 4173 1685 4218 et
1715 4165 1908 4232 peperit
1934 4161 2283 4228 iniquitatem.

733 4270 847 4327 Hoc
869 4277 972 4331 est,
1001 4276 1054 4321 et
1077 4261 1411 4324 deliberavit,
1431 4267 1484 4314 et
1514 4256 1658 4328 quod
1679 4256 1993 4309 decreverat
2021 4253 2070 4302 in
2106 4257 2285 4302 actum

735 4361 1131 4507 denglzacum
1183 4446 1385 4516 aperuit
1413 4453 1461 4497 et
1513 4442 1694 4512 eﬁodit
1743 4454 1881 4501 eum,
1914 4445 2016 4490 etc.
2054 4432 2190 4486 Cum
2232 4430 2286 4483 in

2377 3235 2545 3306 οἶδας,
2577 3241 2729 3310 φησὶ,
2757 3241 2853 3311 τῆς
2874 3239 3145 3310 ἡμετέρας
3170 3237 3391 3308 καρδίας
3424 3235 3489 3288 τὰ
3517 3235 3778 3305 νοήματα,
3822 3237 3951 3289 τού-

2379 3349 2469 3384 του
2510 3334 2668 3404 χάριν
2695 3334 2790 3402 τὴν
2823 3332 3072 3402 βοήθειαν
3106 3329 3320 3394 ὲξαιτῶ.

2461 3425 2523 3478 '0
2552 3429 2695 3490 Θεος
2727 3424 2928 3491 κριτὴς
2952 3423 3181 3487 δίκαιος
3211 3423 3307 3474 καὶ
3335 3421 3580 3490 ἰσχυρὸς
3612 3421 3705 3473 καὶ
3729 3423 3953 3489 μακρό-

2381 3519 2585 3585 θυμος.
2634 3515 2825 3584 Σαφῶς
2857 3515 2946 3567 διὰ
2971 3514 3079 3566 τῶν
3107 3513 3359 3566 τοιούτων
3393 3512 3687 3585 παρίστησι
3729 3510 3788 3561 τὸ
3840 3528 3950 3580 μα-

2383 3605 2655 3677 κρόουμον
2675 3606 2766 3658 τοῦ
2793 3605 2948 3668 Θεοῦ,
2996 3589 3259 3674 ἀναϐολὴν
3297 3604 3394 3674 μὲν
3429 3603 3642 3673 ἔχοντος
3670 3602 3770 3670 τῆς
3805 3603 3956 3671 ἡμε-

2384 3699 2547 3770 τέρας
2573 3699 2860 3762 κολάσεως,
2897 3701 2956 3750 οὐ
2994 3699 3099 3768 μὴν
3127 3695 3363 3766 παντελῆ
3388 3694 3733 3766 συγγνώμην.

2462 3790 2535 3843 Τὰ
2566 3790 2723 3855 ,ϐέλη
2762 3789 2945 3842 αὐτοῦ
3000 3789 3120 3854 τοῖς
3168 3787 3501 3856 καιομένοις
3532 3785 3952 3854 ἐξειργάσατο.

2388 3884 2524 3954 Βέλη
2567 3882 2664 3954 μὲν
2698 3883 2797 3952 τὴν
2837 3881 3101 3952 τιμωρίαν
3144 3882 3337 3952 φησὶν,
3368 3879 3699 3949 καιομένοις
3741 3877 3798 3930 δὲ
3839 3879 3960 3941 τοῖς

2387 3975 2553 4041 ἀξίοις
2591 3974 2779 4045 πυρός.

2469 4066 2612 4120 Ἰδοὺ
2639 4065 2934 4132 ὼδίνησεν
2960 4064 3215 4118 ἀδικίαν.
3256 4064 3312 4117 '0
3329 4063 3521 4134 ἐχθρὸς
3543 4063 3640 4132 τῆς
3671 4062 3962 4134 ἡμετέρας

2390 4160 2548 4230 ζωῆς.
2585 4156 2880 4211 Συνέλαὸε
2910 4160 3098 4211 πόνον
3122 4155 3220 4210 καὶ
3240 4156 3440 4208 ἔτεκεν
3467 4156 3739 4222 ἀνομίαν.
3775 4154 3928 4207 Τουτ
3957 4187 3961 4189 ~

2390 4249 2504 4301 ἐστι
2534 4251 2625 4301 xui
2655 4248 2995 4318 βεϐούλευται
3027 4251 3116 4301 xui
3144 4249 3395 4320 εἰςέργον
3429 4249 3662 4320 ἐξήγαγε
3690 4236 3758 4300 τὰ
3781 4248 3968 4319 σκέμ-

2395 4354 2556 4409 ματα.

2463 4429 2699 4483 Λάκκον
2725 4427 2914 4496 ὤρυξε
2938 4428 3034 4480 καὶ
3076 4429 3425 4496 ἀνέσκαψεν
3466 4427 3672 4479 αὐτόν.
3713 4425 3967 4480 Θάνατον

739 4545 1071 4602 Salvatorem
1115 4538 1388 4592 Christum
1419 4544 1648 4589 mortem
1683 4536 1949 4602 parasset,
1979 4525 2141 4579 morti
2177 4522 2270 4590 ips¢

2395 4523 2502 4594 γὰρ
2531 4521 2943 4583 κατασκευάσας
2977 4521 3113 4573 κατᾶ
3153 4521 3245 4573 τοῦ
3285 4521 3531 4591 Σωτῆρος
3560 4517 3796 4590 Χριστοῦ
3820 4560 3836 4582 ,
3870 4519 3972 4572 θα-

740 4636 972 4692 traditus
1002 4642 1108 4688 est.

925 4725 989 4778 In
1017 4725 1190 4788 ﬁnem,
1223 4737 1314 4789 pro
1341 4717 1710 4780 torcularibus,
1740 4708 1974 4765 PSALM
1988 4706 2074 4760 US

1306 4810 1494 4864 David.
1539 4806 1702 4860 VIII.

1299 4901 1698 4971 Argumentum.

739 5001 879 5058 Olim
911 4999 963 5053 in
993 4997 1146 5069 legali
1174 4997 1318 5051 cultu
1339 5033 1352 5056 ,
1381 4994 1433 5045 in
1466 4989 1664 5058 templo
1695 4995 1809 5041 erat
1839 4983 2123 5055 προλήνιον
2152 4995 2206 5047 q.
2239 4977 2292 5030 d.

811 5089 1181 5161 protorcular,
1234 5087 1285 5139 id
1339 5094 1421 5137 est
1479 5082 1690 5135 altare:
1745 5076 1836 5130 sed
1887 5081 2008 5145 post
2054 5070 2294 5141 gentium

813 5182 1167 5244 vocationem,
1199 5178 1362 5231 multa
1413 5182 1541 5230 sunt
1585 5168 1897 5229 toreularia,
1928 5166 2058 5235 ipsa:
2087 5163 2295 5217 scilicet

813 5275 1084 5339 Ecclesiae,
1136 5270 1342 5324 fructus
1387 5281 1576 5322 eorum
1624 5263 1716 5332 qui
1771 5262 1855 5330 pie
1884 5259 2074 5311 vivunt
2123 5256 2296 5324 perci-

853 5365 935 5419 ien
944 5373 1042 5420 tes.

855 5381 1042 5420 tentes.

815 5381 905 5528 {In
951 5456 1104 5523 ﬁnem
1145 5452 1347 5507 dictum
1397 5455 1498 5510 est,
1551 5444 1679 5514 quia
1729 5443 1780 5495 in
1835 5440 1939 5493 line
1969 5436 2290 5494 saeculorum

742 5545 1033 5602 terminum
1088 5543 1286 5598 habent
1332 5555 1390 5594 ea
1433 5553 1550 5605 qum
1584 5533 1897 5604 prophetico
1934 5529 2125 5597 spiritu
2157 5541 2296 5594 pra:-

745 5638 886 5692 dicta
916 5643 1060 5691 sunt.
1089 5632 1162 5688 De
1193 5633 1406 5686 Christo
1433 5641 1665 5696 namque
1697 5635 1751 5678 et
1784 5624 1850 5677 de
1886 5619 2140 5674 Ecclesiis
2175 5631 2297 5686 qua:

748 5729 1039 5784 secundum
1102 5724 1526 5781 incarnationem
1584 5717 1935 5776 exstiterunt,
1993 5724 2296 5767 sermonem

2396 4613 2540 4683 νάτῳ
2572 4629 2646 4664 πα
2653 4611 2942 4684 ραδίδοται.

2570 4707 2674 4768 Εἰς
2699 4704 2760 4756 τὸ
2789 4703 2980 4773 τέλος,
3014 4701 3165 4773 ὑπὲρ
3195 4701 3749 4772 ληνῶν,ξΨΑΛΜΟΣ

2968 4796 3046 4861 τῷ
3077 4793 3274 4848 Δαυΐδ.
3306 4797 3369 4846 II'
3378 4835 3390 4847 .

3026 4887 3342 4949 Ὑπόθεσις.

2398 4984 2569 5038 Πάλαι
2607 4981 2703 5053 μὲν
2738 4981 2794 5031 ὲν
2825 4981 2890 5049 τῇ
2921 4978 3117 5046 νομικῇ
3150 4975 3375 5045 λατρεία
3422 4970 3489 5046 ἦν
3535 4974 3591 5025 ἓν
3632 4970 3938 5042 προλήνιον
3961 5009 3976 5034 ,

2463 5074 2523 5127 τὸ
2547 5071 2923 5139 θυσιαστήριον
2955 5067 3191 5136 δηλονότι
3212 5067 3270 5119 τὸ
3292 5070 3346 5120 ἐν
3364 5067 3438 5136 τῷ
3465 5064 3594 5134 ναῷ·
3627 5063 3765 5134 μετὰ
3790 5063 3852 5116 δὲ
3874 5064 3979 5133 τὴν

2469 5165 2574 5218 τῶν
2607 5161 2771 5215 ὲονῶν
2798 5163 2987 5230 κλῆσιν
3026 5160 3205 5212 πολλοὶ
3234 5160 3379 5230 ληνοί
3403 5175 3417 5187 °
3445 5154 3602 5210 αὗται
3633 5155 3689 5207 δὲ
3749 5155 3816 5208 ἂν
3863 5151 3981 5207 εἷεν

2472 5255 2527 5307 αἱ
2571 5251 2904 5320 Ἐκκλησίαι,
2938 5252 2992 5302 αἱ
3026 5250 3149 5312 τοὺς
3178 5246 3720 5317 τῶνθκατοροούντων
3765 5248 3824 5297 ὲν
3855 5245 3981 5298 Oeo—

2475 5341 2656 5411 σεϐεία
2687 5341 2966 5408 δεχόμεναι
2994 5339 3258 5410 καρπούς.

2473 5434 2552 5506 [Ε
2556 5437 2603 5499 ig
2623 5435 2685 5485 τὸ
2705 5431 2875 5498 τέλος
2909 5433 3140 5502 εἴρηται,
3158 5431 3245 5484 διὰ
3259 5429 3316 5483 τὸ
3332 5430 3423 5483 ἐπὶ
3447 5428 3589 5481 τέλει
3618 5425 3728 5480 τῶν
3757 5425 3987 5479 ald:va

2402 5525 2574 5593 πέρας
2619 5527 2761 5592 σχεῖν
2811 5523 2879 5575 τὰ
2918 5521 3385 5593 προφητευόμενα.
3415 5520 3547 5590 Περὶ
3577 5518 3817 5588 Χριστοῦ
3869 5518 3986 5587 γὰρ

2407 5615 2502 5668 xui
2535 5613 2641 5665 τῶν
2689 5612 2823 5682 μετὰ
2838 5613 2936 5682 τὴν
2979 5610 3385 5682 ὲνανθρώπησιν
3418 5609 3564 5676 λέγει
3603 5607 3984 5676 Ἐκκλησιῶν.

2420 5705 2572 5760 Ἐπεί
2622 5721 2683 5767 γε
2721 5706 2812 5775 xui
2855 5706 2884 5757 ὁ
2936 5703 3242 5763 Μονογενὴς
3280 5701 3518 5758 ἄμπελος
3564 5698 3834 5760 κέκληται
3858 5739 3876 5761 ,
3907 5701 3988 5777 .ol
