4102 6304
135 374 185 433 BI
1222 376 1579 434 EXPOSITIO
1619 380 1682 434 IN
1723 379 2049 435 PSALMUM
2099 378 2225 434 VIII.
3246 386 3316 440 8‘2

136 497 179 548 ἃ
203 494 357 547 πιστοὶ
396 495 670 564 κλήματα.
706 494 766 546 Εἰ
803 494 857 546 δὲ
901 495 1143 564 βιάζεται
1189 499 1216 549 ὁ
1268 501 1538 567 Ἰουδαῖος,
1581 504 1659 564 εἰς

1765 503 1939 556 habet.
2003 498 2450 569 Quandoquidem
2516 498 2842 569 Unigenitus
2907 499 3074 562 vitis,
3131 499 3314 558 ﬁdeles

136 587 206 641 τιν
245 586 405 639 κοινὸν
457 587 546 639 τὸν
597 586 807 656 ψαλμὸν
871 588 1123 655 λέγεσθαι
1181 590 1501 661 ἄνθρωπον
1570 595 1663 646 καὶ

135 678 275 739 οὕτως
319 679 554 744 γνωστὸν
605 678 780 744 ἔστω,
828 680 901 744 ὼς
942 682 1028 736 δια
1074 681 1230 734 τοῦτο
1278 683 1452 736 πάντα
1517 685 1664 755 αὐτῷ

136 769 364 837 ὑπετάγη,
413 768 488 831 ὼς
540 771 597 820 ἐν
641 770 808 822 εἰκόνι
843 770 975 824 Θεοῦ
1010 772 1256 840 γεγονότι
1299 773 1389 826 τοῦ
1451 775 1666 844 μέλλον-

134 877 204 923 τος
230 859 684 934 ἐνανθρωπῆσαι.]

189 1039 343 1104 Κύριε
370 1041 402 1090 d
433 1039 645 1105 Κύριος
678 1039 842 1106 ήμῶν
860 1078 874 1102 ,
905 1041 984 1105 ὡς
1011 1043 1353 1109 θαυμαστὸν
1379 1045 1442 1095 τὸ
1479 1043 1665 1112 ὄνομά

135 1145 228 1181 σου
254 1130 316 1180 ἐν
339 1131 504 1196 πάσῃ
532 1128 606 1196 τῇ
645 1129 758 1197 τῇ]
793 1131 1179 1202 Ἐκπλήττεται
1211 1134 1309 1203 τὴν
1347 1136 1425 1196 εἰς
1461 1135 1665 1205 ἀνθρώ-

135 1236 243 1281 ma;
288 1217 529 1271 δοθεῖσαν
581 1221 784 1288 γνῶσιν
822 1222 916 1274 τοῦ
945 1224 1205 1293 ὀνόματος
1229 1225 1323 1276 τοῦ
1360 1225 1514 1280 Θεοῦ.
1552 1228 1664 1280 Οὐκ

134 1310 196 1360 Ir:
223 1309 320 1378 γὰρ
353 1311 536 1379 μόνοις
563 1314 676 1373 τοῖς
708 1315 764 1364 ἐν
790 1315 854 1382 τῇ
898 1314 1125 1383 Ἰουδαίᾳ.
1155 1317 1391 1382 γνωστὸς
1421 1317 1449 1367 ὁ
1475 1316 1618 1379 Θεός.

198 1401 284 1451 Ἕκ
319 1401 616 1468 στόματος
656 1402 886 1467 νηπίων
916 1403 1012 1455 καὶ
1059 1403 1430 1470 θηλαζόντων
1455 1422 1664 1472 κατηρ-

132 1488 252 1539 τίσω
279 1484 464 1540 αἶνον.
500 1489 621 1540 Τῶν
656 1490 792 1542 κατά
825 1490 956 1542 Θεὸν
989 1491 1356 1560 νηπιαζόντων
1378 1497 1440 1564 τῇ
1475 1496 1659 1565 κακίᾳ.

132 1575 272 1630 Τοῦτο
300 1578 352 1629 δέ
384 1579 478 1630 καὶ
507 1583 563 1632 ὲν
595 1582 707 1643 τοῖς
734 1580 1082 1648 Εὑαγγελίοις
1121 1583 1305 1651 σαφῶς
1353 1586 1664 1658 ἀναγέγρα-

134 1684 239 1721 πται
261 1669 489 1740 εἰρηκὼς
517 1672 544 1722 ὁ
571 1671 780 1743 Σωτὴρ,
815 1674 902 1726 ὅτε
929 1675 1054 1736 τοὺς
1088 1677 1282 1739 παῖδας
1312 1679 1360 1729 οἱ
1382 1679 1664 1748 Φαρισαῖοι

1765 607 1892 646 vero
1931 590 2177 659 palmites
2211 597 2472 642 vocantur
2502 587 2590 639 7".
2626 584 2779 651 Quod
2826 586 2870 640 si
2904 585 3191 640 contendat
3217 585 3315 642 Ju-

1764 685 1934 745 daaus,
1965 683 2230 750 psalmum
2265 681 2316 732 in
2351 678 2627 734 communi
2651 678 2716 731 de
2743 679 2959 732 homine
2984 677 3088 732 diei
3115 696 3129 743 ;
3156 679 3317 732 etiam

1765 775 1868 828 hoc
1890 784 2043 842 pacto
2077 783 2258 827 notum
2288 770 2377 833 sit,
2405 769 2547 839 quod
2576 770 2697 824 ideo
2725 771 2906 823 omnia
2942 769 3043 839 ipsi
3075 770 3312 838 subjecta

1766 876 1915 931 sunt,
1953 866 2078 934 quia
2119 865 2184 918 ad
2236 863 2522 932 imaginem
2556 860 2672 926 Dei,
2716 861 2810 929 qui
2857 876 3072 915 carnem
3108 876 3321 915 assum-

1765 970 1953 1027 pturus
1976 966 2112 1019 erat,
2150 955 2324 1010 factus
2352 954 2479 1025 cst.]

1833 1050 1886 1103 ‘2.
1935 1049 2154 1102 Domine
2193 1047 2448 1101 Dominus
2497 1054 2688 1111 noster,
2714 1061 2865 1115 quam
2902 1040 3212 1095 admirabile
3243 1048 3318 1093 est

1764 1159 1947 1196 nomen
1977 1152 2124 1195 tuum
2168 1142 2220 1194 in
2269 1141 2511 1192 universa
2543 1137 2726 1190 terra!
2755 1135 3100 1204 Obstupescit
3128 1134 3199 1187 ob
3225 1131 3322 1186 da-

1766 1244 1872 1289 tam
1923 1233 2157 1287 nominis
2210 1231 2302 1285 Dei
2353 1230 2666 1283 hominibus
2707 1228 2976 1281 notitiam.
3015 1224 3132 1279 Non
3181 1223 3320 1279 ultra

1765 1329 1907 1381 enim
1941 1325 2073 1379 solis
2104 1325 2170 1377 iis
2198 1323 2290 1391 qui
2326 1323 2377 1374 in
2417 1320 2599 1374 Judaea
2629 1331 2756 1374 sunt
2789 1330 2950 1373 notus
2985 1325 3068 1370 est
3100 1314 3259 1370 Deus.

1835 1418 1886 1471 5.
1924 1415 2007 1468 Ex
2033 1433 2120 1469 ore
2163 1414 2448 1483 infantium
2475 1422 2523 1464 et
2567 1412 2868 1464 lactentium
2907 1408 3171 1478 perfecisti
3200 1406 3320 1460 lau-

1765 1509 1901 1562 dem.
1935 1507 2130 1561 Eorum
2173 1507 2378 1560 scilicet
2423 1504 2517 1573 qui
2564 1517 2743 1557 coram
2782 1500 2890 1554 Deo
2934 1498 3166 1553 infantes
3197 1505 3324 1552 sunt

1765 1600 1943 1670 quoad
1995 1598 2277 1653 malitiam.
2333 1595 2444 1650 Iloc
2488 1605 2667 1648 autem
2706 1594 2758 1647 iu
2808 1591 3108 1662 Evangeliis
3157 1588 3318 1644 etiam

1766 1691 2025 1760 scriptum
2060 1698 2144 1744 est
2170 1687 2455 1757 perspicue
2487 1685 2694 1739 dixisse
2741 1681 3158 1746 Salvatorem",
3196 1695 3318 1734 cum

132 1761 454 1830 ἐπεστόμιξρν
477 1761 830 1830 εὐλογοῦντας
852 1764 1032 1817 αὑτὸν.
1059 1766 1273 1818 Ἕνεκα
1300 1765 1417 1819 τῶν
1440 1768 1661 1836 ἐχθρῶν

1768 1783 1947 1850 pueris
1992 1781 2165 1849 ipsum
2211 1778 2554 1831 laudantibus
2581 1791 2642 1830 os
2679 1772 2935 1827 Pharismi
2973 1771 3318 1827 obturabant.

132 1852 342 1905 σωυτοῦ
371 1853 710 1908 καταλῦσαι
737 1856 952 1924 ἐχθρὸν
989 1858 1082 1910 καὶ
1111 1858 1450 1924 ἐκδικητὴν.
1479 1861 1548 1911 Ἢ
1576 1859 1661 1912 τὸν

1766 1846 1989 1935 Propter
2014 1846 2261 1918 inimicos
2293 1875 2430 1928 tuos,
2457 1874 2513 1916 ut
2546 1864 2785 1916 destruas
2817 1860 3082 1914 inimicum
3110 1867 3158 1911 et
3187 1858 3323 1912 ulto-

130 1941 373 2012 αἰσθητὸν,
401 1945 435 2013 ἢ
469 1945 560 1998 τὸν
593 1947 799 2016 νοητὸν,
837 1947 867 2017 ἢ
897 1949 988 2000 τὸν
1040 1949 1163 2001 λαὸν
1208 1950 1299 2002 τὸν
1335 1951 1620 2004 Ἰουδαῖκόν
1648 1968 1661 1980 ·

131 2034 326 2101 ἤλαυνον
353 2036 462 2106 γὰρ
485 2035 563 2098 ὡς
583 2036 772 2106 ἐχθρὸν
817 2039 906 2090 τὸν
953 2040 1182 2110 Χριστόν
1200 2057 1213 2070 ’
1248 2042 1666 2112 προσεποιοῦντο

129 2123 174 2175 δὲ
192 2123 268 2176 τὸν
296 2125 514 2197 Πατέρα
557 2126 894 2190 ἐκδικοῦντες
927 2128 1084 2182 τοῦτο
1117 2133 1308 2184 ποιεῖν.
1355 2133 1452 2185 Διὰ
1486 2132 1660 2195 τοῦτο,

129 2213 220 2266 ἂνω
250 2215 336 2267 καὶ
356 2217 507 2269 κάτω
541 2217 743 2288 ταύτης
771 2220 965 2282 αὐτοὺς
993 2222 1308 2291 ἀποστερῶν
1344 2224 1442 2293 τῆς
1472 2225 1664 2277 ἀπολο-

129 2305 249 2371 γίας.
277 2308 457 2375 ἔλεγεν
479 2326 492 2339 ·
551 2308 612 2361 ’0
644 2309 746 2378 ἐμὲ
772 2310 968 2379 μισῶν
1015 2312 1113 2364 καὶ
1156 2313 1261 2365 τὸν
1285 2314 1514 2382 Πατέρα
1546 2333 1664 2383 μου

123 2395 278 2460 μισεῖ.
319 2397 565 2464 Ἐχθρὸν
591 2399 688 2452 καὶ
723 2399 1064 2468 ἐκδικητὴν,
1094 2401 1182 2454 τὸν
1215 2403 1454 2456 διάϐολον
1477 2404 1662 2475 δηλον-

127 2485 210 2536 ότι.
269 2485 517 2559 Ἐπειδὴ,
578 2488 714 2559 μετὰ
773 2491 834 2542 τὸ
882 2493 1181 2560 ἀναγκάσαι
1229 2494 1515 2566 πληρῶσαι
1568 2497 1664 2568 τὴν

125 2578 388 2648 ἁμαρτίαν,
426 2583 520 2634 καὶ
575 2586 894 2654 τιμωρεῖται
947 2587 1070 2648 τοὺς
1121 2587 1565 2657 ἁμαρτάνοντας,
1605 2589 1666 2641 τὸ

128 2668 327 2754 μέγεθος
364 2673 550 2736 αὐτοῖς
574 2673 664 2726 τοῦ
700 2675 1088 2747 ἁμαρτήματος
1111 2678 1168 2728 ἐν
1196 2677 1490 2748 ὀφθαλμοῖς
1524 2696 1663 2750 παρ-

127 2761 284 2814 ιστὼν.
323 2764 394 2815 Ἦ
426 2765 521 2816 τὸν
553 2765 678 2818 λαὸν
708 2765 813 2818 τῶν
857 2767 1139 2831 Ἰουδαίων,
1182 2767 1376 2838 ἐχθρὸν
1424 2771 1521 2840 μὲν
1567 2772 1665 2841 τῆς

123 2850 367 2920 ἀληθείας,
394 2854 689 2924 ἐκδικητὴν
717 2856 772 2909 δὲ
792 2857 868 2927 τῷ
889 2857 1061 2910 δοκεῖν
1088 2859 1320 2912 ἐκδικεῖν
1355 2860 1444 2913 τὸν
1478 2863 1661 2932 νόμον.

182 2944 287 2995 Ὀτι
316 2945 538 3013 ὄψομαι
567 2946 706 3011 τοὺς
733 2949 1023 3016 ori-parate
1043 2949 1185 3018 ἔργα
1213 2947 1330 3002 τῶν
1357 2949 1666 3004 δακτύλων

123 3049 236 3089 σου.
274 3036 499 3090 Ἐκεῖνοι
535 3039 634 3107 μὲν
685 3039 1046 3106 ἀγανακτοῦσι
1090 3040 1198 3093 τῶν
1220 3042 1425 3112 νηπίων
1460 3059 1663 3116 καταρ-

121 3125 346 3189 τιζόντων
371 3123 524 3181 αἶνον
545 3149 556 3160 ·
593 3129 702 3195 ἐγὼ
732 3129 788 3182 δὲ
819 3130 880 3183 τὸ
925 3131 1066 3184 οὕτω
1100 3133 1243 3202 μέγα
1281 3133 1372 3185 καὶ
1407 3135 1664 3206 περικαλ-

122 3210 212 3278 λὲς,
239 3216 360 3276 τοὺς
392 3216 659 3285 οὐρανούς
693 3233 856 3286 φημι,
907 3219 1100 3290 μικρόν
1145 3237 1195 3272 τι
1245 3220 1404 3291 ἔργον
1433 3223 1529 3292 τῆς
1561 3223 1660 3293 σῆς

119 3301 288 3373 δημσ)
297 3306 477 3377 ργίας,
511 3306 720 3378 θεωρῶ.

184 3396 236 3446 Τί
271 3396 441 3449 ἐστιν
493 3398 804 3465 ἅνθρωπος
828 3440 842 3463 ,
887 3398 975 3452 ὅτι
1019 3402 1328 3470 μιμνήσκῃ
1365 3401 1581 3467 αὐτοῦ;
1621 3404 1659 3474 ἢ

120 3483 227 3548 υἱὸς
254 3485 593 3554 ἀνθρώπου,
629 3487 718 3540 ὅτι
754 3489 1083 3558 ἐπισκέπτῃ
1114 3491 1300 3544 αὐτόν
1320 3507 1339 3555 ;
1383 3492 1660 3547 Ὴλάττω-

120 3589 217 3639 σας
262 3577 449 3629 αὑτὸν
499 3577 703 3646 ,ϐραχύ
740 3596 793 3631 τι
845 3582 978 3646 παρ’
1016 3580 1326 3650 ἀγγέλους.
1354 3583 1534 3636 Ταῦτα
1566 3585 1660 3637 τοῦ

120 3665 306 3720 Παύλου
358 3669 553 3738 σαφῶς
594 3671 685 3722 ἐπὶ
735 3670 824 3722 τὸν
855 3670 1081 3743 Σωτῆρα
1107 3673 1261 3743 ἡμῶν
1289 3674 1658 3745 ἐξειληφότος,

119 3757 376 3826 ἀρκεῖσθαι
410 3765 478 3832 τῇ
506 3762 714 3815 ἐκδόσει
749 3764 871 3834 χρή.

174 3853 365 3910 Πάντα
405 3857 714 3923 ὑπέταξας
744 3859 1018 3912 ὑποκάτω
1055 3859 1173 3914 τῶν
1213 3861 1413 3917 ποδῶν
1453 3864 1658 3920 αὑτοῦ.

115 3943 273 3998 Εἰπὼν
301 3949 330 3999 ό
363 3946 499 4010 Θεὸς
524 3965 538 3977 ·
572 3949 920 4018 Ποιήσωμεν
952 3951 1262 4019 ἄνθρωπον
1304 3956 1430 4008 κατ’
1462 3959 1664 4011 εἰκόνα

115 4035 382 4106 ἡμετέραν
411 4040 514 4092 καὶ
545 4041 850 4108 ὁμοίωσιν,
880 4043 1152 4113 ἐπήγαγε·
1179 4045 1289 4097 Kal
1316 4047 1663 4115 ἀρχέτωσαν

113 4125 212 4179 τῶν
237 4132 458 4198 ἰχθύων
503 4130 615 4198 τῆς
646 4131 977 4201 θαλάσσης,
1009 4135 1100 4187 καὶ
1143 4138 1251 4199 τοῖς
1285 4136 1490 4201 λοιποῖς
1523 4139 1663 4193 κατὰ

116 4220 257 4291 μέρος
286 4222 670 4294 ἐπεξέρχεται,
728 4217 807 4286 οἷς
863 4225 1136 4293 ἐπιλέγει·
1185 4226 1528 4291 Δὺξάνεσθε
1568 4230 1665 4283 καὶ

114 4315 471 4376 πληθύνεσθε
497 4313 599 4367 καὶ
647 4314 996 4380 πληρώσατε
1021 4317 1134 4384 τὴν
1167 4317 1302 4388 γῆν,
1341 4320 1440 4372 καὶ
1482 4337 1662 4374 κατα-

114 4403 443 4467 κυριεύσατε
488 4401 710 4469 αὐτῆς·
761 4407 824 4475 τῇ
872 4405 977 4476 γὰρ
1027 4406 1213 4480 λογικῇ
1256 4410 1432 4478 φύσει,
1474 4412 1548 4475 ὠς
1599 4412 1664 4465 ἂν

1769 1973 1892 2008 rem.
1939 1955 2048 2009 Aut
2082 1955 2416 2018 sensibilem,
2460 1963 2549 2007 aut
2602 1951 2988 2022 intelligibilcm
3044 1949 3320 2003 inimicum

1763 2047 1859 2110 ait,
1908 2056 2000 2100 aut
2035 2047 2294 2116 populum
2353 2044 2659 2100 Judaicum.
2704 2044 2980 2098 Christum
3030 2043 3172 2096 enim
3221 2055 3322 2096 ceu

1766 2139 2046 2191 inimicum
2083 2138 2376 2206 pellebant,
2424 2147 2478 2190 et
2515 2134 2841 2190 simulabant
2872 2150 2929 2189 se
2976 2133 3152 2190 Patris
3199 2133 3327 2188 ulci-

1765 2228 1948 2280 scendi
2002 2229 2184 2280 animo
2238 2227 2287 2280 id
2323 2242 2514 2296 agere;
2564 2225 2914 2294 quamobrem
2969 2233 3026 2278 ut
3060 2239 3178 2277 eam
3215 2222 3322 2277 illis

1764 2318 2134 2373 defensionem
2186 2318 2399 2386 penitus
2447 2317 2708 2369 adimeret
2737 2316 2813 2368 ait
2834 2315 2916 2367 "z
2949 2312 3051 2379 Qui
3083 2314 3191 2367 odit
3220 2329 3318 2378 me,

1765 2411 1872 2463 odit
1901 2420 1948 2464 et
1995 2409 2206 2463 Patrem
2239 2425 2424 2461 meum.
2460 2407 2739 2460 Inimicum
2769 2417 2817 2460 et
2851 2405 3096 2472 ultorem,
3130 2404 3320 2458 diabo-

1765 2503 1874 2556 lum
1911 2502 2060 2555 dicit.
2106 2500 2207 2566 Qui
2261 2511 2544 2569 postquam
2597 2497 2856 2568 compulit
2905 2497 2968 2550 ad
3012 2507 3318 2566 peccatum,

1766 2607 1956 2661 poenas
2007 2591 2386 2660 peccatoribus
2421 2590 2633 2658 inﬂigit,
2692 2587 2896 2658 peccati
2943 2588 3202 2656 gravitate
3249 2587 3320 2641 ob

1764 2683 1954 2738 oculos
1982 2681 2114 2751 ipsis
2143 2681 2338 2751 posita.
2371 2682 2478 2733 Aut
2505 2680 2760 2748 populum
2815 2677 3149 2743 Iudaeorum,
3181 2677 3322 2732 veri-

1766 2775 1890 2830 tatis
1921 2774 2138 2844 quidem
2162 2771 2469 2838 inimicum;
2500 2773 2728 2826 ultorem
2759 2785 2907 2836 vero,
2935 2770 3063 2840 quia
3100 2769 3310 2824 videba-

1765 2875 1855 2920 tur
1882 2866 2054 2935 legem
2088 2865 2380 2919 vindicare.

1832 2957 1885 3009 4.
1926 2955 2187 3021 Quoniam
2236 2954 2414 3008 uidebo
2464 2952 2619 3006 coelo:
2666 2961 2802 3017 tuos,
2831 2967 2986 3020 opera
3035 2949 3323 3021 digitorum

1767 3059 1998 3106 tuorum.
2049 3048 2404 3118 Indignanlur
2453 3046 2530 3099 illi
2584 3043 2879 3099 infantibus
2911 3043 3120 3098 Iaudem
3159 3042 3320 3112 perit-

1765 3140 2055 3196 cientibus.
2110 3137 2246 3193 Illud
2293 3147 2472 3193 autem
2520 3144 2728 3191 tantum
2773 3144 2990 3204 tamque
3032 3133 3319 3204 pulchrum

1763 3231 2062 3300 opificium,
2113 3230 2283 3284 ccelos
2314 3241 2525 3298 nempe.
2573 3242 2672 3296 ego
2724 3226 2816 3296 qui
2860 3241 2980 3281 sum
3026 3222 3317 3280 creatiouis

1763 3333 1867 3376 tua:
1889 3323 2143 3392 pusillum
2191 3336 2350 3390 opus,
2387 3320 2740 3386 contemplor.

1836 3415 1886 3469 5.
1922 3413 2059 3478 Quid
2090 3421 2167 3466 est
2206 3411 2376 3474 homo,
2405 3411 2541 3481 quod
2571 3425 2765 3462 memor
2789 3425 2840 3460 es
2869 3407 3018 3476 ejus;
3051 3417 3139 3460 aut
3172 3405 3318 3476 ﬁlius

1763 3508 2008 3571 hominis,
2046 3508 2297 3577 quoniam
2326 3507 2506 3560 visitas
2536 3503 2699 3557 cum?
2735 3500 2974 3554 Minuiin
3001 3515 3117 3553 eum
3160 3497 3318 3568 paulo

1763 3601 1934 3654 minus
1969 3600 2033 3653 ab
2072 3599 2293 3669 angelis.
2337 3597 2525 3652 Isthaee
2546 3594 2714 3648 Paulo
2747 3593 2810 3646 ad
2851 3591 3182 3646 Salvatorem
3221 3605 3320 3644 no-

1763 3700 1938 3746 strum
1973 3689 2242 3743 referente
2265 3689 2330 3752 ⁷⁵,
2363 3687 2411 3740 id
2440 3688 2506 3739 ad
2543 3683 2932 3752 expositionem
2962 3681 3092 3734 satis
3128 3690 3266 3732 esto.

1835 3865 1888 3920 8.
1926 3865 2118 3921 Omnia
2150 3861 2416 3931 subjeciin
2453 3860 2546 3914 sub
2585 3856 2800 3928 pedibus
2837 3853 2948 3917 eius
2982 3851 3113 3924 (Π).
3160 3849 3317 3905 Post-

1764 3972 1924 4027 quam
1957 3955 2094 4010 dixit
2120 3956 2262 4009 Deus
2283 3954 2328 3985 "
2357 3971 2368 4006 :
2407 3950 2690 4004 Faciamus
2729 3947 2985 4000 hominem
3014 3943 3082 3997 ad
3127 3941 3316 4012 imagi-

1763 4067 1876 4104 nem
1901 4060 1949 4103 et
1983 4048 2380 4102 similitudinem
2415 4052 2666 4105 nostram,
2691 4037 2926 4108 adjecit:
2957 4034 3023 4089 Et
3049 4034 3319 4088 dominono

1766 4149 1852 4192 tur
1886 4137 2115 4206 piscibus
2146 4135 2329 4196 maris,
2367 4140 2420 4186 et
2468 4129 2713 4197 reliquis,
2761 4139 2882 4195 quae
2928 4133 3179 4178 accurate
3228 4136 3314 4176 re-

1764 4239 1964 4286 censet.
1997 4227 2204 4294 Quibus
2233 4226 2394 4281 etiam
2422 4222 2552 4277 dicit
2570 4220 2615 4251 "
2644 4237 2656 4273 :
2695 4215 2921 4272 Crescite
2951 4221 2999 4268 et
3059 4211 3316 4281 multipli-

1762 4322 1954 4377 camini
1984 4331 2032 4375 et
2061 4319 2246 4388 replete
2276 4328 2491 4381 terram,
2528 4323 2575 4368 et
2605 4308 2948 4365 dominamini
2992 4306 3096 4360 illi.
3127 4303 3315 4360 Ratio-

1764 4414 1928 4468 nabili
1965 4412 2161 4482 quippe
2199 4422 2427 4472 naturae,
2458 4413 2644 4476 utpote
2670 4402 2735 4457 ad
2779 4399 3188 4455 similitudinem
3221 4396 3315 4451 Dei

439 4494 589 4564 Θεῷ,
610 4495 707 4565 τὴν
727 4498 864 4550 κατὰ
886 4498 1101 4552 πάντων
1131 4501 1304 4572 ἀρχὴν
1332 4489 1656 4575 ἐδωρήσατο.

1765 4507 2013 4568 conditae,
2048 4503 2288 4558 omnium
2323 4513 2503 4554 rerum
2541 4494 2826 4564 imperium
2875 4489 3114 4543 tradidit.
3148 4489 3315 4541 Acce-

113 4583 201 4636 Καὶ
232 4585 459 4657 δύναμιν
508 4589 540 4638 ὁ
572 4586 853 4658 ἄνθρωπος
893 4590 1068 4644 λαϐὼν
1093 4592 1192 4662 τῆς
1224 4595 1408 4666 θεῖκῆς
1431 4598 1656 4663 εἰκόνος,

113 4675 173 4738 ὡς
210 4677 455 4746 βασιλεὺς
505 4679 764 4732 ἁπάντων
807 4682 953 4733 ἐστὶν
981 4685 1009 4735 ὁ
1040 4684 1201 4751 Θεὸς,
1251 4687 1424 4751 οὕτως
1476 4690 1658 4761 ἄρχων

116 4767 319 4838 κατέστη
352 4768 464 4822 τῶν
499 4769 596 4821 ἐπὶ
629 4770 751 4840 γῆς.
786 4770 845 4822 Εἰ
866 4771 922 4823 δὲ
957 4772 1256 4838 καθολικῶς
1278 4778 1518 4848 εἴρηται⁶
1549 4781 1661 4834 Kal

115 4860 464 4928 κατέστησας
491 4861 688 4916 αὐτὸν
712 4862 808 4915 ἐπὶ
844 4862 915 4915 τὰ
939 4865 1081 4933 ἔργα
1119 4866 1236 4919 τῶν
1268 4869 1479 4937 χειρῶν
1507 4888 1622 4926 σου
1645 4915 1660 4938 ,

115 4945 237 5016 λέγει
258 4951 312 5005 δὲ
331 4950 609 5022 ἀλλαχοῦ,
643 4951 754 5005 Καὶ
785 4953 926 5024 ἔργα
963 4956 1082 5009 τῶν
1109 4958 1321 5026 χειρῶν
1345 4977 1459 5015 σου
1504 4963 1662 5017 εἰσὶν

115 5043 157 5090 cl
177 5044 408 5110 οὐρανοί
423 5063 437 5075 ο
463 5043 635 5114 δῆλον
677 5043 750 5106 ὡς
774 5045 863 5096 ἐπὶ
881 5048 1005 5110 τοὺς
1033 5049 1293 5117 οὐρανοὺς
1330 5054 1657 5124 κατέστησεν

116 5131 268 5200 αὑτὸν,
299 5137 393 5190 καὶ
425 5138 649 5208 μήποτε
693 5137 1017 5208 ἀπορῤήτως
1053 5142 1151 5221 τῂν
1197 5143 1254 5195 ἐν
1287 5146 1530 5214 οὐρανοῖς
1559 5164 1658 5216 ση-

119 5227 267 5291 μαίνει
293 5229 590 5302 διατριϐἡν
622 5228 731 5281 τῶν
758 5229 986 5300 ἀπὺογῆς
1020 5234 1195 5288 ἐκεῖσε
1231 5237 1657 5308 μεθισταμένων,

117 5312 184 5366 δτι
224 5317 473 5387 μέλλουσι
528 5315 806 5387 βασιλείαν
856 5319 1097 5389 οὐρανῶν
1138 5322 1486 5395 κληρονομεῖν
1511 5368 1526 5391 ,
1582 5329 1658 5393 ὡς

116 5403 438 5474 ἐπήγγελται.
472 5409 646 5476 Λέγει
668 5406 724 5458 δὲ
750 5408 842 5460 καὶ
873 5409 1080 5475 Παῦλος
1100 5427 1114 5441 ’
1158 5417 1520 5485 κληρονόμοι
1545 5418 1659 5488 μὲν

1766 4605 1961 4665 ptaque
1995 4596 2154 4648 homo
2185 4591 2380 4645 divina!
2409 4585 2657 4655 imaginis
2687 4584 2902 4649 virtute,
2941 4589 3000 4635 ut
3046 4594 3139 4633 rex
3192 4593 3315 4633 om-

1765 4689 1913 4742 nium
1971 4699 2054 4741 est
2119 4683 2282 4745 Deus,
2347 4684 2419 4737 ita
2481 4682 2643 4735 homo
2693 4688 3026 4755 terrenarum
3071 4673 3310 4727 omnium

1766 4781 2096 4836 constitutus
2115 4789 2197 4835 est
2225 4777 2495 4849 princeps.
2531 4774 2685 4841 Quod
2720 4772 2766 4828 si
2796 4772 2849 4825 in
2894 4769 3202 4824 universum
3231 4767 3312 4821 di—

1765 4883 1918 4930 catur
1944 4891 1956 4926 :
1986 4871 2051 4925 Et
2083 4869 2399 4926 constituisti
2429 4883 2544 4923 eum
2565 4881 2719 4934 super
2742 4878 2898 4932 opera
2924 4875 3170 4914 manuum
3199 4869 3313 4910 tua-

1767 4982 1922 5028 rum;
1957 4967 2189 5033 itemque
2221 4964 2327 5018 alio
2350 4963 2468 5015 loco
2496 4960 2640 5014 dicat
2663 4957 2706 4988 ⁷⁷
2734 4974 2748 5011 :
2782 4954 2849 5009 Et
2875 4970 3029 5024 opera
3066 4965 3310 5004 manuum

1768 5064 1972 5110 tuarum
2007 5065 2126 5109 sunt
2158 5054 2294 5117 caeli,
2320 5054 2492 5122 palam
2521 5062 2602 5106 est
2627 5046 2769 5118 quod
2795 5061 2958 5116 super
2998 5042 3162 5099 caelos
3190 5056 3314 5097 con-

1766 5147 2002 5203 stituerit
2030 5161 2175 5210 eum,
2204 5161 2302 5200 nec
2330 5145 2557 5198 latenter
2587 5139 2763 5195 innuit
2801 5138 2856 5192 in
2890 5133 3041 5191 caelis
3073 5146 3308 5188 commo-

1765 5241 2030 5293 rationem
2062 5236 2176 5293 fore
2208 5252 2395 5291 eorum
2420 5235 2512 5305 qui
2558 5249 2589 5287 a
2633 5241 2774 5287 terra
2810 5229 2936 5282 illuc
2975 5222 3308 5280 transferun-

1768 5339 1874 5394 tur,
1900 5331 2118 5400 quando
2149 5328 2297 5399 τεεηί
2333 5326 2594 5383 ccelorum
2638 5321 3002 5378 [nereditatem
3038 5314 3308 5385 accepturi

1766 5432 1912 5487 sunt,
1967 5423 2044 5477 uti
2095 5421 2420 5492 promissum
2471 5417 2590 5472 fuit.
2639 5414 2775 5469 Dicit
2818 5425 2945 5466 vero
2995 5406 3192 5462 Paulus
3219 5404 3302 5455 "z

237 5583 721 5665 '_"Jnan.ﬂxv,__5_..
759 5585 1149 5665 "Matth._x_xt,
1180 5588 1262 5643 l6.
1339 5592 1382 5623 ⁷³
1402 5590 1556 5649 Joan.
1608 5611 1661 5649 χι

1765 5598 1820 5652 :3.
1904 5599 1950 5630 ⁷⁵
1971 5583 2129 5654 Hebr.
2171 5614 2231 5665 ιι,
2262 5597 2315 5662 6,
2352 5597 2404 5654 7.
2479 5596 2523 5629 "
2545 5593 2678 5651 Gen.
2741 5610 2781 5659 ι,
2808 5589 2897 5645 ΞΒ.
2970 5587 3018 5620 ’⁸
3038 5582 3173 5642 ibid.
3213 5580 3306 5638 28.

118 5645 294 5707 “Psal.
316 5669 388 5717 Cl,
428 5655 526 5710 26.
607 5645 656 5687 ‘"
683 5654 838 5710 Rom.
873 5673 989 5724 vtn,
1020 5658 1104 5712 l7.

177 5761 274 5833 (I7)
305 5764 426 5823 Hac
457 5767 740 5838 expositio
763 5768 904 5840 apud
934 5769 1066 5826 Dan.
1092 5768 1408 5837 Barbarum,
1438 5767 1658 5825 Eusebii
1697 5771 1914 5826 dicitur.
