4074 6304
778 367 849 424 85
1626 367 1684 423 S.
1725 366 2091 424 ATHANASII
2134 364 2285 423 OPP.
2318 362 2498 419 PARS
2538 364 2624 420 Ill.
2662 395 2731 407 —-
2767 363 3177 419 EX‘EGE'HCA.
3915 366 3973 421 δι

777 481 1021 536 Heredes
1044 482 1250 550 quidem
1283 481 1397 545 Dei,
1438 481 1729 535 colueredes
1759 494 1933 535 autem
1983 482 2199 535 Christi.
2252 480 2309 534 Et

2434 477 2600 541 Θεοῦ,
2629 477 3108 544 συνκληρονόμοι
3151 475 3219 529 δὲ
3250 477 3527 545 Χριστοῦ.
3572 475 3756 540 Οὕτως
3792 476 3879 531 καὶ
3900 478 3970 543 τὸ,

775 574 930 640 plane
962 570 1123 625 modo
1150 570 1552 640 intelligendum
1588 568 1717 623 illud
1758 578 1839 623 est
1869 588 1882 622 :
1918 568 2110 623 Omnia
2157 568 2333 637 subje-

773 665 890 717 cisti
921 664 1014 716 sub
1043 663 1254 724 pedibus
1307 663 1440 730 ejus.
1492 660 1559 715 Et
1592 676 1737 715 nunc
1764 660 1982 730 quidem
2023 660 2278 715 animalia
2313 679 2326 714 :

770 750 863 806 sed
888 749 1015 820 quia
1055 751 1161 804 vita
1206 752 1462 820 angelicae
1497 766 1593 820 par
1630 750 1681 803 in
1710 751 1849 805 coelo
1896 751 2211 807 hominibus
2246 766 2330 806 re-

768 842 941 911 posita
973 852 1053 895 est
1084 882 1100 903 .
1135 858 1258 897 cum
1310 843 1383 896 ibi
1431 845 1758 899 constitutus
1800 843 1903 897 erit
1956 858 2119 913 super
2167 858 2327 912 opera

769 950 1025 987 manuum
1059 934 1199 1003 ejus,
1241 936 1501 990 caelorum
1551 947 1605 990 et
1650 938 1897 991 omnium
1949 951 2069 1005 qua:
2114 937 2167 990 in
2222 936 2327 990 illis

768 1037 893 1080 sunt
941 1026 1246 1095 speculator
1292 1028 1414 1081 erit.
1472 1027 1668 1083 Beatus
1738 1035 1917 1082 autem
1968 1026 2168 1082 Paulus
2224 1027 2327 1082 hoc

767 1118 927 1171 etiam
956 1120 1022 1173 de
1055 1116 1333 1173 Salvatore
1359 1122 1568 1189 accepit
1588 1122 1655 1177 ".
1687 1129 1745 1175 ut
1778 1120 2018 1175 futurum
2046 1121 2099 1174 in
2128 1121 2325 1175 saeculo

766 1219 1012 1262 venturo.
1045 1208 1222 1275 Quare
1247 1211 1321 1265 ait
1352 1212 1427 1265 illi
1462 1210 1620 1266 Pater
1647 1230 1659 1265 :
1706 1210 1840 1268 Sede
1866 1229 1897 1265 a
1928 1213 2125 1266 dextris
2172 1213 2320 1277 meis,

764 1304 926 1354 donec
970 1317 1159 1369 ponam
1206 1303 1444 1356 inimicos
1495 1313 1609 1355 tuos
1661 1302 1943 1357 scabellnm
1987 1305 2174 1372 pedum
2206 1314 2323 1357 tuo-

766 1410 882 1448 rum
905 1394 969 1445 ⁸ο.
1008 1392 1136 1448 Oves
1177 1406 1225 1448 et
1260 1396 1406 1449 bores
1436 1398 1719 1451 universas.
1760 1396 1857 1452 His
1908 1397 2196 1452 adumbrat
2228 1413 2321 1453 eos

763 1484 856 1553 qui
880 1484 1225 1539 crediderunt
1250 1500 1315 1540 ex
1350 1487 1535 1542 lsrael.
1577 1487 1799 1557 Insuper
1825 1499 1873 1542 et
1912 1505 2098 1558 pecora
2127 1490 2316 1557 campi.

763 1575 858 1631 His
886 1589 1070 1646 gentes
1103 1576 1324 1633 indicat.
1362 1576 1611 1634 Volucres
1636 1580 1773 1643 cceli,
1804 1595 1897 1635 eos
1942 1580 2074 1633 dicit
2119 1580 2213 1648 qui
2264 1579 2316 1635 in

759 1669 868 1722 vita
904 1683 1002 1723 sua
1031 1668 1153 1723 elati
1183 1679 1235 1725 et
1284 1673 1502 1740 superbi
1554 1681 1700 1737 sunt,
1750 1671 1843 1742 qui
1890 1672 1995 1726 alte
2054 1672 2313 1738 sentiunt,

760 1757 1007 1815 homines
1036 1761 1325 1814 admodum
1362 1761 1698 1831 insipientes.

2433 567 2634 622 Πάντα
2661 568 2960 633 ὑπέταξας
2984 567 3261 623 ὑποκάτω
3288 566 3406 622 τῶν
3429 566 3631 622 ποδῶν
3642 566 3847 632 αὐτοῦ,
3868 586 3973 637 van-

2430 658 2567 713 τέον.
2588 657 2701 711 Νῦν
2729 660 2823 728 μὲν
2843 661 2910 712 τά
2936 658 3051 721 ζῶα
3070 675 3085 689 ·
3111 658 3299 730 ἐπειδὴ
3326 659 3382 713 δὲ
3412 659 3528 730 βίος
3554 659 3833 729 ἱσάγγιλος
3853 660 3971 715 ἀπό-

2430 767 2604 805 κειται
2630 754 2740 814 τοῖς
2775 750 3077 821 ἀνθρώποις
3112 755 3169 805 ὲν
3201 752 3435 823 οὐρανῷ,
3460 754 3576 806 ἐκεῖ
3604 753 3875 816 καταστάς
3896 755 3972 807 ἐπὶ

2426 841 2496 895 τά
2551 842 2687 911 ἔργα
2717 843 2826 896 τῶν
2856 844 3054 915 χειρῶν
3104 845 3289 908 αὐτοῦ,
3326 843 3525 916 θεωρὸς
3554 845 3797 917 οὐρανῶν
3842 846 3971 900 ἔσται

2427 935 2521 1001 καὶ
2549 934 2656 986 τῶν
2688 937 2744 987 ὲν
2769 937 2970 998 αὐτοῖς.
3020 936 3076 988 '0
3107 936 3163 988 δὲ
3191 937 3455 1007 μακάριος
3488 936 3699 1001 Παῦλος
3730 938 3971 991 καὶτοῦτο

2427 1027 2555 1096 περὶ
2580 1025 2673 1079 τοῦ
2710 1027 2957 1098 Σωτῆρος
2983 1026 3233 1091 ἐξέλαϐεν
3259 1031 3316 1082 ἐν
3346 1030 3500 1083 αἰῶνι
3524 1028 3600 1100 τῷ
3628 1030 3874 1100 μέλλοντι
3898 1048 3971 1099 γι-

2425 1118 2745 1187 νησόμενον.
2800 1117 2892 1170 Διό
2926 1135 3056 1189 φησι
3097 1119 3232 1189 πρὸς
3268 1120 3428 1173 αὐτὸν
3460 1121 3487 1172 ὁ
3516 1122 3739 1192 Πατήρ·
3794 1120 3969 1176 Κάθου

2423 1208 2490 1261 ἐκ
2517 1206 2729 1272 δεξιῶν
2744 1225 2884 1277 μου,
2918 1209 3028 1274 ἕως
3046 1208 3122 1262 ἂν
3147 1208 3227 1263 θῶ
3252 1210 3393 1276 τοὺς
3420 1211 3669 1279 ἐχθρούς
3703 1226 3823 1265 σου
3847 1214 3971 1267 ὑπο·

2423 1298 2630 1353 πόδιον
2660 1298 2778 1352 τῶν
2800 1299 3000 1353 ποδῶν
3036 1316 3173 1354 σου.
3208 1302 3477 1370 Πρόόατα
3524 1304 3620 1356 καί
3645 1302 3806 1369 ,βόας
3833 1304 3968 1358 ἀπὸ·

2422 1406 2556 1456 σας.
2594 1391 2730 1455 Τοὺς
2761 1391 2819 1455 ἐξ
2861 1391 3075 1464 Ἰσραὴλ
3117 1392 3471 1457 πιστεύοντας
3512 1393 3832 1451 αἰνίττεται.
3868 1398 3969 1450 Ἔτι

2420 1484 2487 1536 δὲ
2531 1485 2629 1538 καὶ
2662 1486 2731 1538 τὰ
2772 1486 2961 1555 κτήνη
3002 1486 3107 1541 τοῦ
3140 1486 3369 1544 πεδίου.
3398 1487 3494 1541 Διά
3513 1488 3720 1543 τούτων
3756 1490 3827 1544 τά
3861 1489 3966 1561 Ξθνη

2418 1576 2585 1647 δηλοῖ.
2628 1578 2702 1633 Τὰ
2730 1579 2968 1633 πετεινὰ
2999 1579 3106 1634 τοῦ
3152 1579 3433 1648 οὐρανοῦ,
3488 1582 3612 1645 τοὺς
3640 1583 3968 1653 ἐπηρμένους

2418 1668 2559 1721 κατά
2581 1668 2673 1721 τὸν
2702 1670 2815 1739 βίον
2838 1670 2930 1722 καὶ
2962 1670 3031 1724 τά
3062 1669 3241 1741 ὑψηλά
3265 1670 3611 1739 φρονοῦντας,
3630 1673 3759 1735 τοὺς
3783 1671 3969 1740 ἀλογω-

2416 1759 2630 1823 τάτους.

832 1846 917 1902 10.
950 1849 1168 1903 Domine
1202 1849 1454 1904 Dominus
1471 1819 1671 1915 .noster,
1699 1870 1853 1922 quam
1900 1854 2214 1908 admirabile
2238 1866 2309 1909 est

2490 1819 2666 1919 Κύριε
2698 1855 2731 1905 ό
2752 1854 2965 1921 Κύριος
2990 1852 3177 1923 ἡμῶν,
3208 1855 3288 1917 ὡς
3308 1853 3653 1924 θαυμαστὸν⁴
3700 1854 3769 1909 τὸ
3798 1855 3969 1924 broad

759 1954 940 1992 nomen
974 1949 1118 1993 tuum
1140 1942 1193 1994 in
1222 1942 1465 1998 universa
1494 1953 1633 1997 terra
1656 1944 1676 1996 .'
1708 1943 1918 2014 Repetit
1944 1945 2094 2013 illud,
2143 1945 2315 2001 admi-

758 2031 968 2085 ratione
1003 2032 1360 2101 stupefactus,
1394 2036 1469 2089 uti
1519 2037 1631 2105 jam
1663 2036 1796 2101 dixi,
1828 2038 1898 2091 ob
1925 2038 2105 2092 datam
2139 2038 2314 2093 homi-

759 2119 917 2175 nibus
946 2121 1037 2175 Dci
1071 2126 1457 2194 cognitionem.

924 2214 987 2268 In
1018 2217 1192 2284 ﬁnem,
1219 2235 1312 2287 pro
1341 2218 1557 2273 occultis
1589 2219 1711 2288 ﬁlii,
1742 2219 2081 2276 PSALMUS

1384 2308 1570 2362 David.
1607 2308 1711 2363 IX.

1356 2402 1748 2468 Argumentum.

755 2485 866 2543 Hoc
894 2489 1102 2559 psalmo
1154 2506 1215 2546 ea
1262 2493 1499 2549 declarat
1547 2512 1668 2565 quae
1706 2496 1933 2551 latenter
1963 2513 1993 2551 a
2032 2496 2255 2552 Salvatc.
2279 2514 2311 2553 e

824 2579 968 2635 facta
992 2591 1135 2637 sunt.
1175 2582 1339 2639 Multa
1370 2597 1549 2642 autem
1582 2588 1673 2643 illa
1700 2599 1855 2644 erant
1886 2592 2095 2647 occulte
2126 2600 2303 2663 gesta:

820 2669 1086 2729 Nativitas
1110 2676 1314 2731 scilicet
1340 2680 1635 2735 secundum
1661 2696 1879 2738 carnem
1911 2697 1977 2735 ex
2004 2681 2171 2736 Maria
2194 2683 2310 2737 Vir-

816 2762 938 2831 gine
968 2780 1063 2833 per
1106 2764 1365 2834 Spiritum
1409 2778 1693 2824 sanctum:
1727 2770 2003 2839 stupenda:
2031 2786 2095 2825 ac
2142 2772 2307 2825 mira-

823 2855 964 2910 culis
1014 2857 1251 2926 insignes
1278 2855 1540 2915 virtutes:
1590 2878 1737 2916 mors
1778 2863 1892 2932 ipsa
1924 2879 1987 2918 ac
2013 2865 2306 2920 descensus

822 2943 877 2997 in
908 2941 1200 3013 infernum,
1229 2950 1553 3005 resurrectio
1572 2950 1788 3007 demum
1811 2968 1875 3007 ex
1903 2955 2149 3009 mortuis.
2181 2953 2305 3009 Haec

817 3035 1013 3106 quippe
1041 3039 1223 3093 omnia
1254 3041 1464 3096 occulte
1491 3043 1559 3097 ab
1589 3043 1680 3099 illo
1708 3055 1854 3114 gesta
1883 3054 2030 3099 sunt.
2061 3048 2305 3100 Abscon-

2420 1956 2536 1995 σου
2563 1942 2633 1995 ἐν
2654 1942 2819 2011 πάσῃ
2847 1943 2920 2012 τῇ
2942 1943 3020 2013 γῇ
3042 1945 3063 1995 .'
3099 1944 3510 2016 Ἀναλαμϐάνων
3539 1945 3969 2012 ἀναδιπλασιάζει

2417 2032 2479 2084 τὸ
2506 2031 2689 2103 θαῦμα
2711 2033 3162 2105 ἐκπληττόμενος,
3192 2036 3266 2099 ὡς
3296 2036 3450 2107 ἔφην,
3486 2036 3577 2090 ἐπὶ
3608 2039 3674 2107 τῇ
3716 2038 3969 2110 γενομένῃ

2417 2120 2525 2176 τῶν
2556 2123 2651 2177 ἀνθ
2661 2122 2854 2194 ρώπων
2878 2123 3193 2195 θεογνωσίᾳ.

2557 2217 2660 2279 Εὶς
2686 2215 2751 2268 τό
2783 2215 2976 2282 τέλος,
3000 2216 3151 2286 ὑπὲρ
3171 2216 3289 2271 τῶν
3303 2218 3567 2287 κρυφίων
3584 2217 3693 2272 τοῦ
3719 2216 3871 2285 υιοῦ,

2830 2310 3136 2363 ΨΑΛΜΟΣ
3163 2309 3242 2375 τῷ
3265 2309 3461 2363 Δαυτδ.
3496 2312 3570 2363 e'.

3038 2401 3359 2466 Ὑπόθεσις.

2416 2492 2512 2545 Διά
2544 2491 2725 2546 τούτου
2760 2491 2853 2546 τοῦ
2879 2491 3094 2563 ψαλμοῦ
3124 2493 3192 2546 τὰ
3231 2493 3475 2564 κρυφίως
3509 2494 3871 2565 πεπραγμένα
3896 2492 3967 2565 τῷ

2487 2584 2697 2654 Σωτῆρι
2724 2583 2893 2653 δηλοῖ.
2916 2582 3091 2636 Πολλά
3122 2583 3177 2636 δὲ
3202 2579 3270 2654 ἦν
3291 2583 3439 2655 αὐτῷ
3471 2584 3537 2637 τά
3555 2584 3797 2655 κρυφίως
3813 2601 3969 2658 πρατ-

2483 2673 2682 2745 τόμενα
2707 2690 2718 2702 ·
2752 2675 2786 2745 ἦ
2828 2692 2887 2727 τε
2934 2676 2997 2727 ὲκ
3036 2673 3310 2745 Παρθένου
3340 2672 3428 2726 διὰ
3460 2673 3776 2743 Πνεύματος
3820 2674 3965 2741 ἁγία.)

2485 2766 2623 2819 κατὰ
2657 2766 2835 2838 σάρκα
2858 2768 3130 2837 γέννησις,
3159 2766 3219 2819 αἴ
3242 2783 3300 2819 τε
3326 2766 3613 2838 παράδοξοι
3641 2768 3737 2820 καὶ
3760 2766 3964 2838 θαυμα-

2482 2856 2700 2926 τουργοὶ
2720 2856 2973 2925 δυνάμεις
2993 2897 3007 2920 ,
3041 2857 3069 2908 ὂ
3087 2873 3146 2908 τε
3186 2855 3413 2919 θάνατος
3444 2855 3605 2919 αὐτὸς
3630 2897 3647 2922 ,
3692 2857 3789 2909 καὶ
3836 2857 3871 2927 ἡ
3894 2857 3966 2919 είς

2482 2948 2605 3019 ᾅδου
2637 2948 2878 3013 κάθοδος,
2912 2950 3005 3002 καὶ
3035 2950 3147 3019 ήὲκ
3176 2950 3385 3019 νεκρῶν
3427 2949 3741 3013 ἀναδίωσις.
3792 2949 3966 3002 Ταῦτα

2479 3039 2586 3111 γὰρ
2609 3039 2785 3093 πάντα
2819 3039 3060 3109 κρυφίως
3087 3038 3234 3110 αὐτῷ
3274 3038 3603 3109 πέπρακται.
3662 3040 3967 3111 ’Δπέκρυψσ

696 3150 699 3153 ι
812 3127 891 3182 dit
919 3131 1062 3184 enim
1090 3132 1179 3186 illa
1209 3135 1369 3188 etiam
1404 3135 1745 3205 principibus
1776 3137 2173 3207 mundi‘hujus.
2200 3136 2304 3193 Pro

2480 3130 2589 3201 γὰρ
2630 3131 2768 3184 αὐτά
2801 3129 2893 3183 καὶ
2912 3131 3035 3193 τοὺς
3083 3128 3348 3201 ἄρχοντας
3399 3128 3493 3183 τοῦ
3524 3130 3727 3201 κόσμου
3761 3129 3964 3183 τούτου.

817 3219 967 3275 hisce
998 3225 1226 3278 occultis
1264 3224 1530 3295 Propheta
1562 3242 1845 3297 personam
1880 3244 2072 3298 gerens
2103 3231 2298 3285 Imma-

821 3327 904 3365 ηπ
929 3322 1139 3369 naturae
1182 3316 1479 3387 ingreditur
1509 3320 1710 3389 gratias
1749 3336 1915 3392 agens
1964 3339 2027 3379 ac
2072 3324 2297 3379 dicens:

812 3404 1117 3476 Conﬁtebor'
1138 3411 1255 3478 tibi,
1304 3411 1545 3468 Domine.
1592 3414 1939 3471 Occultorum
1985 3434 2149 3488 porro
2183 3420 2301 3475 illo-

812 3512 935 3551 rum
962 3501 1219 3557 revelatio
1251 3518 1400 3558 mors
1421 3515 1524 3569 est,
1557 3514 1719 3576 atque
1755 3523 1817 3562 ea
1848 3524 1968 3577 qua:
2001 3511 2055 3564 in
2089 3510 2302 3567 inferno

814 3598 963 3659 gesta
996 3601 1159 3645 sunt:
1188 3608 1395 3649 necnon
1427 3599 1756 3653 resurrectio
1784 3608 1837 3653 et
1864 3602 2133 3657 ascensio.

824 3769 865 3822 ζ.
898 3764 1195 3836 Conﬁtebor
1245 3770 1359 3835 tibi,
1413 3769 1650 3837 Domine,
1684 3775 1739 3828 in
1785 3784 1892 3829 toto
1938 3778 2090 3831 corde
2120 3794 2231 3831 meo

2486 3222 2654 3293 ’Υπὲρ
2675 3223 2736 3292 δὴ
2753 3222 2956 3276 τούτων
2972 3221 3078 3276 τῶν
3099 3222 3340 3293 κρυφίων
3365 3223 3393 3275 ό
3417 3223 3702 3293 προφήτης
3721 3222 3786 3275 ὲκ
3808 3238 3967 3293 προσ⁴

2473 3312 2622 3365 ώπου
2656 3313 2755 3381 τῆς
2805 3312 3221 3383 ἀνορωπότητος
3272 3313 3577 3385 εἰσέρχεται
3634 3314 3965 3385 εὐχαριστῶν

2474 3402 2565 3455 καὶ
2593 3400 2793 3470 λέγων·
2839 3400 3389 3471 Ἐξομολογήσομαί
3414 3419 3532 3465 σοι,
3562 3403 3757 3471 Κύριε.
3798 3404 3964 3473 (Alius

2472 3501 2647 3546 autem
2671 3492 2861 3560 codex)
2906 3493 3350 3564 Ἐπισφράγισμα
3406 3492 3463 3545 δὲ
3505 3492 3613 3546 τῶν
3653 3493 3899 3565 κρυφίων
3939 3496 3966 3546 ό

2473 3586 2699 3649 θάνατος
2724 3585 2897 3640 καὶτὰ
2927 3586 2984 3640 ὲν
3012 3586 3138 3658 ᾅδου
3165 3585 3495 3656 πραχθέντα,
3526 3586 3559 3657 ἡ
3585 3585 3877 3651 ἀνάστασίς
3907 3602 3963 3639 τε

2471 3678 2564 3729 καὶ
2588 3678 2619 3747 ή
2644 3677 2929 3747 ἀνάληψις.

2483 3765 3023 3837 Ἐξομολογήσομαί
3062 3780 3159 3820 σοι
3184 3805 3200 3827 ,
3248 3768 3454 3836 Κύριε,
3492 3766 3563 3820 ἐν
3592 3767 3707 3836 ὅλῃ
3755 3769 3967 3837 καρδίᾳ

745 3855 812 3909 In
834 3857 1172 3910 convertenda
1205 3858 1475 3913 inimicum
1521 3878 1691 3915 meum
1738 3874 2044 3925 retrorsum,
2086 3875 2190 3919 etc.
2225 3864 2298 3920 De

2413 3873 2511 3910 :tov
2539 3897 2551 3909 .
2581 3894 2595 3910 .
2632 3896 2645 3909 .
2685 3897 2698 3909 .
2734 3857 2802 3909 ἐν
2845 3856 2925 3922 τῷ
2961 3858 3421 3929 ἀποστραφῆναι
3448 3858 3554 3913 τὸν
3583 3860 3801 3929 ἐχθρόν
3846 3878 3963 3931 μου

740 3948 1066 4017 quibusnam
1090 3948 1363 4006 confessio
1393 3952 1461 4007 sit
1502 3952 1759 4010 declarat.
1796 3957 2077 4011 inimicum
2119 3968 2296 4013 autem

738 4038 877 4107 ejus,
907 4051 1139 4095 mortem
1176 4057 1297 4098 esse
1328 4042 1421 4105 ait,
1458 4062 1579 4115 qua:
1610 4056 1911 4101 retrorsum
1944 4050 2294 4116 convertitur,

736 4132 1009 4195 videlicet,
1039 4132 1106 4187 ad
1134 4150 1240 4188 non
1269 4150 1408 4190 esse.

806 4225 859 4279 ι.
891 4223 1313 4295 lnﬁrmabuntur
1335 4237 1383 4281 et
1414 4228 1653 4296 peribunt
1685 4247 1716 4283 a
1747 4232 1880 4300 facie
1904 4242 2015 4287 tua.
2044 4232 2292 4299 Quando,

736 4316 829 4381 ait,
857 4327 1155 4375 retrorsum
1181 4336 1330 4377 mors
1355 4332 1719 4389 convertetur,
1752 4332 1865 4379 tum
1898 4326 2075 4382 omnis
2112 4326 2295 4382 adver-

735 4409 878 4463 saria
920 4422 1159 4480 potestas
1194 4416 1541 4480 destruetur;
1589 4434 1712 4471 nam
1744 4418 1789 4473 si
1825 4419 2013 4474 ultima
2046 4421 2288 4474 omnium

2398 3948 2484 4012 είς
2509 3948 2581 4001 τὰ
2632 3947 2843 4002 ὀπίσω.
2899 3950 3022 4005 Ἐπὶ
3073 3951 3214 4004 τίσιν
3262 3953 3295 4022 ἡ
3354 3950 3737 4023 ἐξομολόγησις
3794 3951 3959 4022 δηλοῖ.

2411 4038 2631 4109 Ἐχθρὸν
2664 4039 2719 4092 δὲ
2754 4040 2916 4094 αὑτοῦ
2958 4040 3049 4095 τὸν
3088 4041 3315 4096 θάνατον
3344 4038 3484 4096 εἶναί
3507 4060 3640 4114 φησι
3667 4043 3759 4098 τὸν
3786 4047 3867 4109 εἰς
3898 4046 3963 4099 τὰ

2396 4129 2571 4183 ὀπίσω
2598 4132 3090 4204 ἀποστρεφόμενον,
3118 4134 3392 4188 τουτέστιν
3418 4137 3497 4199 είς
3534 4135 3596 4188 τὸ
3631 4136 3705 4208 μὴ
3733 4132 3893 4192 εἶναι.

2480 4223 2906 4290 Ἀσθενήσουσι
2932 4225 3029 4279 καὶ
3077 4225 3443 4280 ἀπολοῦνται
3485 4226 3601 4280 ἀπὸ
3639 4227 3961 4295 προσώπου

2395 4326 2531 4365 σου.
2586 4312 2868 4378 Ἐπειδὰν,
2911 4315 3093 4385 φησιν,
3126 4316 3447 4385 ἀποστραφῇ
3500 4318 3579 4379 είς
3623 4317 3693 4370 τὰ
3723 4316 3897 4372 ὀπίσω
3933 4321 3961 4373 ό

2394 4402 2640 4469 θάνατος,
2664 4407 2783 4459 τότε
2810 4406 2873 4477 δὴ
2895 4408 2987 4460 καὶ
3016 4409 3164 4461 πᾶσα
3195 4406 3420 4478 δύναμις
3448 4407 3798 4481 ἀντικειμένη
3831 4426 3958 4464 κατ-

732 4496 949 4553 inimica
973 4514 1121 4555 mors
1148 4502 1448 4561 destruitur
1474 4506 1541 4567 ⁸⁸.
1567 4507 1743 4575 palam
1774 4517 1858 4564 est
1902 4510 2053 4579 prius
2084 4510 2287 4565 destrui

2413 4496 2761 4566 ιργηθήσεται
2786 4512 2800 4526 ⁸
2836 4499 2884 4550 εί
2916 4496 3025 4568 γάρ
3049 4497 3274 4568 ἔσχατος
3315 4497 3505 4569 ἐχθρὸς
3548 4501 3905 4570 καταργεῖται
3932 4501 3959 4551 ὁ

732 4589 1070 4648 adversarias
1103 4604 1411 4664 potestates.

800 4765 853 4819 5.
887 4765 1020 4822 Illud
1054 4788 1066 4823 :
1110 4769 1370 4835 Quoniam
1403 4775 1574 4843 fecisti
1598 4776 1861 4846 judicium
1897 4796 2066 4833 meum
2094 4790 2143 4835 et
2163 4798 2290 4837 cau-

730 4873 843 4911 sam
869 4876 1057 4925 meam,
1105 4878 1324 4920 causam
1357 4865 1511 4922 affert
1540 4870 1835 4938 gratiarum
1882 4874 2148 4941 actionis;
2184 4875 2288 4931 hoc

730 4958 907 5005 autem
941 4970 953 5005 :
992 4952 1185 5006 Sedisti
1217 4973 1371 5027 super
1403 4959 1667 5026 thronum,
1698 4961 1899 5018 indicat
1928 4963 2020 5018 Dei
2064 4965 2117 5018 in
2138 4965 2283 5035 judi-

730 5042 901 5097 cando
936 5042 1347 5113 inspectionem.

800 5133 850 5187 6.
890 5134 1185 5204 lncrepasti
1205 5153 1463 5210 gentes,et
1496 5147 1648 5213 periit
1681 5148 1895 5216 impius.
1920 5148 2286 5221 lntelligiliiles

728 5225 981 5284 inimicos
1004 5230 1228 5287 scilicet.
1258 5232 1461 5290 Nomen
1482 5253 1659 5291 eorum
1679 5240 1865 5293 delesti
1911 5242 1971 5293 in
2011 5242 2283 5295 sceculum.

726 5320 1024 5377 Draconem
1055 5326 1130 5379 ait
1159 5328 1515 5397 spiritualem,
1544 5332 1593 5385 id
1628 5343 1710 5387 est
1739 5334 2035 5389 diabolum.

793 5477 1118 5550 [lncrepasti
1168 5494 1363 5555 gentes.
1404 5498 1453 5541 et
1508 5493 1664 5558 periit
1715 5493 1927 5563 impius.
1981 5494 2279 5550 Draconem

721 5571 799 5623 ait
833 5585 927 5625 aut
981 5575 1281 5645 diabolum,
1316 5582 1442 5651 quia
1502 5583 1799 5653 increpatio
1849 5587 2280 5642 emendationem

720 5661 1008 5730 signiﬁcat.
1042 5663 1171 5720 Jure
1200 5670 1323 5737 quis
1356 5670 1575 5737 dixerit,
1608 5676 1909 5731 emendatis
1939 5693 2035 5747 per
2063 5688 2280 5747 aposto-

798 5804 1015 5865 "Hebr.
1045 5827 1105 5877 ll,
1146 5812 1197 5867 8.
1276 5818 1320 5849 ⁸ο
1342 5818 1486 5875 Psal.
1513 5822 1679 5888 crx,l.
1760 5826 1797 5853 "’
1823 5826 1839 5879 Ι
1869 5825 1993 5879 (lor.
2021 5842 2107 5889 xx,
2130 5824 2212 5879 26.

2401 4585 2648 4651 θάνατος,
2667 4588 2905 4659 δηλονότι
2923 4587 3413 4659 προαναιρεθεισῶν
3435 4587 3543 4642 τῶν
3570 4590 3957 4661 ἀντικειμένων

2397 4676 2699 4747 δυνάμεων.

2470 4768 2589 4820 Ὅτι
2623 4769 2912 4837 ἐποίησας
2951 4767 3065 4837 τὴν
3093 4768 3294 4838 κρίσιν
3342 4787 3461 4839 μου
3512 4767 3610 4823 καί
3636 4767 3751 4837 τὴν
3783 4768 3956 4837 δίκην

2391 4876 2531 4929 μου.
2561 4860 2671 4929 Τὴν
2694 4862 2871 4913 αἰτίαν
2896 4860 2994 4930 τῆς
3015 4860 3363 4931 εὐχαριστίας
3402 4859 3796 4914 ἀνταποδίδωσι
3821 4876 3836 4890 ⁸
3864 4859 3952 4923 τὸ,

2410 4950 2721 5017 Ἐκάθισας
2749 4952 2845 5004 ἐπὶ
2874 4954 3089 5020 θρόνου
3116 4952 3211 5023 τὴν
3238 4955 3317 5016 είς
3342 4952 3402 5005 τὺ
3422 4950 3627 5023 κρίνειν
3652 4950 3953 5022 ἐπισκοπὴν

2391 5040 2539 5112 δηλοί
2560 5041 2654 5094 τοῦ
2680 5042 2838 5099 Θεοῦ.

2474 5134 2873 5203 Ἔπετίμησας
2902 5135 3136 5201 ἔθνεσι,
3177 5136 3275 5190 καί
3318 5136 3585 5191 ἀπώλετο
3624 5139 3658 5191 ό
3705 5136 3948 5203 ἀσεϐής.

2393 5228 2531 5289 Τοὺς
2574 5229 2795 5297 νοητοὺς
2841 5226 3067 5300 ἐχθροὺς
3124 5228 3381 5299 δηλονότι.
3438 5226 3507 5281 Τὸ
3540 5228 3729 5297 ὄνομα
3769 5226 3949 5283 αὑτοῦ

2392 5315 2722 5385 ἑξήλειψας
2764 5322 2848 5384 εἰς
2891 5319 2995 5373 τὸν
3020 5318 3221 5373 αἰῶνα.
3261 5320 3361 5372 Τὸν
3383 5319 3649 5391 δράκοντά
3694 5336 3831 5391 φησι
3865 5318 3951 5371 τὸν

2394 5406 2599 5478 νοητὸν.
2630 5408 2688 5471 ὃς
2722 5410 2869 5461 ἐστιν
2890 5411 2917 5462 ὁ
2950 5408 3212 5473 διάϐολος.

2464 5499 2893 5570 [Ἐπετίμησας
2914 5502 3135 5566 ἔθνεσι,
3182 5502 3276 5555 καί
3316 5501 3582 5556 (indutam
3628 5505 3660 5556 ό
3702 5502 3943 5569 ἀσεϐής.

2390 5590 2492 5643 Τὸν
2519 5588 2783 5660 δράκοντά
2814 5607 2997 5663 φησιν,
3034 5590 3067 5662 ἦ
3091 5592 3179 5645 τὸν
3202 5592 3443 5645 διάϐολον
3464 5608 3478 5621 ·
3507 5591 3692 5662 ἐπειδὴ
3717 5594 3751 5663 ή
3777 5592 3942 5647 ἐπιτί-

2392 5698 2553 5751 μησις
2584 5682 2674 5735 καὶ
2705 5682 2987 5755 διόρθωσιν
3029 5684 3301 5755 σημαίνει.
3337 5683 3491 5737 Εἴποι
3535 5682 3599 5737 ἄν
3630 5699 3715 5747 τις
3738 5722 3753 5748 ,
3804 5682 3917 5754 διορ
