  <div class='ocr_page' id='page_1' title='image "/cluster/home/n/w/nwhite01/storage/ocr_20150623/27/pst.000005712182/050.png"; bbox 0 0 4102 6304; ppageno 0'>
   <div class='ocr_carea' id='block_1_1' title="bbox 154 333 3386 435">
    <p class='ocr_par' dir='ltr' id='par_1_1' title="bbox 154 333 3386 435">
     <span class='ocr_line' id='line_1_1' title="bbox 154 333 3386 435; baseline -0.017 0"><span class='ocrx_word' id='word_1_1' title='bbox 154 376 212 435; x_wconf 75' lang='lat'><strong>85</strong></span> <span class='ocrx_word' id='word_1_2' title='bbox 1271 356 1632 417; x_wconf 77' lang='lat' dir='ltr'><strong>EXPOSITIO</strong></span> <span class='ocrx_word' id='word_1_3' title='bbox 1670 353 1735 408; x_wconf 83' lang='lat' dir='ltr'><strong>IN</strong></span> <span class='ocrx_word' id='word_1_4' title='bbox 1777 349 2106 408; x_wconf 69' lang='lat' dir='ltr'><strong>PSALMUM</strong></span> <span class='ocrx_word' id='word_1_5' title='bbox 2148 346 2237 401; x_wconf 77' lang='lat' dir='ltr'><strong>IX.</strong></span> <span class='ocrx_word' id='word_1_6' title='bbox 3315 333 3386 391; x_wconf 75' lang='lat'><strong><em>86</em></strong></span> 
     </span>
    </p>
   </div>
   <div class='ocr_carea' id='block_1_2' title="bbox 152 454 1701 566">
    <p class='ocr_par' dir='ltr' id='par_1_2' title="bbox 152 475 1701 566">
     <span class='ocr_line' id='line_1_2' title="bbox 152 475 1701 566; baseline -0.014 -19"><span class='ocrx_word' id='word_1_7' title='bbox 152 492 401 563; x_wconf 79' lang='grc' dir='ltr'>θουμένων</span> <span class='ocrx_word' id='word_1_8' title='bbox 433 489 543 543; x_wconf 88' lang='grc' dir='ltr'><strong>τῶν</strong></span> <span class='ocrx_word' id='word_1_9' title='bbox 575 488 747 542; x_wconf 80' lang='grc' dir='ltr'>ἐθνῶν</span> <span class='ocrx_word' id='word_1_10' title='bbox 773 484 877 539; x_wconf 78' lang='grc' dir='ltr'><strong>ὑπὸ</strong></span> <span class='ocrx_word' id='word_1_11' title='bbox 902 483 1009 566; x_wconf 80' lang='grc' dir='ltr'><strong>τῶν</strong></span> <span class='ocrx_word' id='word_1_12' title='bbox 1043 480 1377 542; x_wconf 79' lang='grc' dir='ltr'><strong>ἀποστόλων,</strong></span> <span class='ocrx_word' id='word_1_13' title='bbox 1408 475 1701 532; x_wconf 82' lang='grc' dir='ltr'>ἀπολέσθαι</span> 
     </span>
    </p>
   </div>
   <div class='ocr_carea' id='block_1_3' title="bbox 1804 454 3385 566">
    <p class='ocr_par' dir='ltr' id='par_1_3' title="bbox 1808 454 3385 540">
     <span class='ocr_line' id='line_1_3' title="bbox 1808 454 3385 540; baseline -0.01 -17"><span class='ocrx_word' id='word_1_14' title='bbox 1808 470 1890 524; x_wconf 87' lang='lat' dir='ltr'><strong>los</strong></span> <span class='ocrx_word' id='word_1_15' title='bbox 1930 465 2241 540; x_wconf 72' lang='lat' dir='ltr'><strong>gentilibus,</strong></span> <span class='ocrx_word' id='word_1_16' title='bbox 2285 460 2511 533; x_wconf 84' lang='lat' dir='ltr'><strong>periisse</strong></span> <span class='ocrx_word' id='word_1_17' title='bbox 2546 456 2799 529; x_wconf 89' lang='lat' dir='ltr'><strong>impium,</strong></span> <span class='ocrx_word' id='word_1_18' title='bbox 2837 454 3106 511; x_wconf 73' lang='lat' dir='ltr'><strong>exstincto</strong></span> <span class='ocrx_word' id='word_1_19' title='bbox 3156 468 3385 524; x_wconf 78' lang='lat' dir='ltr'><strong>prorsus</strong></span> 
     </span>
    </p>
   </div>
   <div class='ocr_carea' id='block_1_4' title="bbox 150 571 1710 653">
    <p class='ocr_par' dir='ltr' id='par_1_4' title="bbox 150 571 1710 653">
     <span class='ocr_line' id='line_1_4' title="bbox 150 571 1710 653; baseline -0.011 -15"><span class='ocrx_word' id='word_1_20' title='bbox 150 588 223 639; x_wconf 84' lang='grc' dir='ltr'><strong>τὸν</strong></span> <span class='ocrx_word' id='word_1_21' title='bbox 250 582 442 653; x_wconf 87' lang='grc' dir='ltr'>ἀσεϐῆ,</span> <span class='ocrx_word' id='word_1_22' title='bbox 476 580 799 651; x_wconf 88' lang='grc' dir='ltr'>σϐεσθείσης</span> <span class='ocrx_word' id='word_1_23' title='bbox 822 575 987 632; x_wconf 75' lang='grc' dir='ltr'>αὑτοῦ</span> <span class='ocrx_word' id='word_1_24' title='bbox 1021 576 1117 648; x_wconf 82' lang='grc' dir='ltr'>τῆς</span> <span class='ocrx_word' id='word_1_25' title='bbox 1143 573 1443 644; x_wconf 80' lang='grc' dir='ltr'>ἐπιϐωμίου</span> <span class='ocrx_word' id='word_1_26' title='bbox 1484 571 1710 639; x_wconf 85' lang='grc' dir='ltr'>κνίσσης</span> 
     </span>
    </p>
   </div>
   <div class='ocr_carea' id='block_1_5' title="bbox 151 664 1710 745">
    <p class='ocr_par' dir='ltr' id='par_1_5' title="bbox 151 664 1710 745">
     <span class='ocr_line' id='line_1_5' title="bbox 151 664 1710 745; baseline -0.009 -16"><span class='ocrx_word' id='word_1_27' title='bbox 151 678 228 729; x_wconf 82' lang='grc' dir='ltr'><strong>καί</strong></span> <span class='ocrx_word' id='word_1_28' title='bbox 253 669 577 745; x_wconf 75' lang='grc' dir='ltr'>παυθῖείσης.</span> <span class='ocrx_word' id='word_1_29' title='bbox 627 670 1089 743; x_wconf 83' lang='grc' dir='ltr'>Ἐπιτιμηθέντων</span> <span class='ocrx_word' id='word_1_30' title='bbox 1112 668 1221 739; x_wconf 72' lang='grc' dir='ltr'><strong>γάρ</strong></span> <span class='ocrx_word' id='word_1_31' title='bbox 1254 666 1362 719; x_wconf 87' lang='grc' dir='ltr'><strong>τῶν</strong></span> <span class='ocrx_word' id='word_1_32' title='bbox 1392 664 1581 730; x_wconf 93' lang='grc' dir='ltr'>ἐθνῶν,</span> <span class='ocrx_word' id='word_1_33' title='bbox 1616 664 1710 717; x_wconf 79' lang='grc' dir='ltr'><strong>καὶ</strong></span> 
     </span>
    </p>
   </div>
   <div class='ocr_carea' id='block_1_6' title="bbox 151 754 1704 838">
    <p class='ocr_par' dir='ltr' id='par_1_6' title="bbox 151 754 1704 838">
     <span class='ocr_line' id='line_1_6' title="bbox 151 754 1704 838; baseline -0.008 -19"><span class='ocrx_word' id='word_1_34' title='bbox 151 768 267 838; x_wconf 76' lang='grc' dir='ltr'>πρὸς</span> <span class='ocrx_word' id='word_1_35' title='bbox 297 765 505 836; x_wconf 78' lang='grc' dir='ltr'>Κύριον</span> <span class='ocrx_word' id='word_1_36' title='bbox 530 763 975 836; x_wconf 74' lang='grc' dir='ltr'>ἐπιστρεψάντων</span> <span class='ocrx_word' id='word_1_37' title='bbox 999 803 1013 826; x_wconf 89' lang='grc'><strong>,</strong></span> <span class='ocrx_word' id='word_1_38' title='bbox 1048 762 1076 812; x_wconf 73' lang='grc' dir='ltr'>ὁ</span> <span class='ocrx_word' id='word_1_39' title='bbox 1122 761 1178 813; x_wconf 84' lang='grc' dir='ltr'>ὲν</span> <span class='ocrx_word' id='word_1_40' title='bbox 1213 760 1394 821; x_wconf 78' lang='grc' dir='ltr'>αὐτοῖς</span> <span class='ocrx_word' id='word_1_41' title='bbox 1446 754 1704 826; x_wconf 76' lang='grc' dir='ltr'><strong>ἐνεργῶν,</strong></span> 
     </span>
    </p>
   </div>
   <div class='ocr_carea' id='block_1_7' title="bbox 150 846 1708 919">
    <p class='ocr_par' dir='ltr' id='par_1_7' title="bbox 150 846 1708 919">
     <span class='ocr_line' id='line_1_7' title="bbox 150 846 1708 919; baseline -0.008 -9"><span class='ocrx_word' id='word_1_42' title='bbox 150 858 226 910; x_wconf 71' lang='lat' dir='ltr'><strong>bra</strong></span> <span class='ocrx_word' id='word_1_43' title='bbox 258 858 396 919; x_wconf 82' lang='grc' dir='ltr'>υίοῖς</span> <span class='ocrx_word' id='word_1_44' title='bbox 453 851 604 909; x_wconf 73' lang='grc' dir='ltr'>οὖσιν</span> <span class='ocrx_word' id='word_1_45' title='bbox 632 853 935 916; x_wconf 80' lang='grc' dir='ltr'>ἀπειθείας,</span> <span class='ocrx_word' id='word_1_46' title='bbox 987 851 1252 914; x_wconf 86' lang='grc' dir='ltr'>διάϐολος,</span> <span class='ocrx_word' id='word_1_47' title='bbox 1290 848 1537 903; x_wconf 83' lang='grc' dir='ltr'>ἀπώλετο</span> <span class='ocrx_word' id='word_1_48' title='bbox 1572 846 1708 916; x_wconf 78' lang='grc' dir='ltr'>μετὰ</span> 
     </span>
    </p>
   </div>
   <div class='ocr_carea' id='block_1_8' title="bbox 147 938 1709 1011">
    <p class='ocr_par' dir='ltr' id='par_1_8' title="bbox 147 938 1709 1011">
     <span class='ocr_line' id='line_1_8' title="bbox 147 938 1709 1011; baseline -0.007 -10"><span class='ocrx_word' id='word_1_49' title='bbox 147 949 236 1001; x_wconf 79' lang='grc' dir='ltr'><strong>τῶν</strong></span> <span class='ocrx_word' id='word_1_50' title='bbox 257 948 393 1001; x_wconf 86' lang='grc' dir='ltr'>νεῶν</span> <span class='ocrx_word' id='word_1_51' title='bbox 410 947 518 999; x_wconf 88' lang='grc' dir='ltr'><strong>τῶν</strong></span> <span class='ocrx_word' id='word_1_52' title='bbox 552 945 845 1000; x_wconf 84' lang='grc' dir='ltr'>είδωλικῶν</span> <span class='ocrx_word' id='word_1_53' title='bbox 870 960 885 975; x_wconf 77' lang='grc' dir='ltr'><strong>ο</strong></span> <span class='ocrx_word' id='word_1_54' title='bbox 917 944 966 998; x_wconf 83' lang='grc' dir='ltr'>οἶ</span> <span class='ocrx_word' id='word_1_55' title='bbox 986 944 1063 1007; x_wconf 84' lang='grc' dir='ltr'><strong>ῶς</strong></span> <span class='ocrx_word' id='word_1_56' title='bbox 1090 942 1273 1005; x_wconf 79' lang='grc' dir='ltr'>πόλεις</span> <span class='ocrx_word' id='word_1_57' title='bbox 1313 943 1552 1011; x_wconf 80' lang='grc' dir='ltr'>συνεῖχον</span> <span class='ocrx_word' id='word_1_58' title='bbox 1585 938 1709 1001; x_wconf 78' lang='grc' dir='ltr'>τοὺς</span> 
     </span>
    </p>
   </div>
   <div class='ocr_carea' id='block_1_9' title="bbox 149 1028 1706 1106">
    <p class='ocr_par' dir='ltr' id='par_1_9' title="bbox 149 1028 1706 1106">
     <span class='ocr_line' id='line_1_9' title="bbox 149 1028 1706 1106; baseline -0.004 -19"><span class='ocrx_word' id='word_1_59' title='bbox 149 1036 264 1106; x_wconf 75' lang='grc' dir='ltr'>πρὸς</span> <span class='ocrx_word' id='word_1_60' title='bbox 294 1033 619 1087; x_wconf 81' lang='grc' dir='ltr'>δυσσέϐειαν</span> <span class='ocrx_word' id='word_1_61' title='bbox 661 1032 997 1105; x_wconf 84' lang='grc' dir='ltr'>ἀφορῶντας.</span> <span class='ocrx_word' id='word_1_62' title='bbox 1047 1032 1157 1085; x_wconf 78' lang='grc' dir='ltr'>Καὶ</span> <span class='ocrx_word' id='word_1_63' title='bbox 1202 1030 1375 1093; x_wconf 78' lang='grc' dir='ltr'>οὕτως</span> <span class='ocrx_word' id='word_1_64' title='bbox 1407 1028 1706 1095; x_wconf 86' lang='grc' dir='ltr'>ἀπώλοντο,</span> 
     </span>
    </p>
   </div>
   <div class='ocr_carea' id='block_1_10' title="bbox 147 1121 1709 1198">
    <p class='ocr_par' dir='ltr' id='par_1_10' title="bbox 147 1121 1709 1198">
     <span class='ocr_line' id='line_1_10' title="bbox 147 1121 1709 1198; baseline -0.004 -18"><span class='ocrx_word' id='word_1_65' title='bbox 147 1126 207 1192; x_wconf 81' lang='grc' dir='ltr'>ὡς</span> <span class='ocrx_word' id='word_1_66' title='bbox 232 1126 365 1198; x_wconf 81' lang='grc' dir='ltr'><strong>μηδέ</strong></span> <span class='ocrx_word' id='word_1_67' title='bbox 393 1128 541 1197; x_wconf 73' lang='grc' dir='ltr'>[χνος</span> <span class='ocrx_word' id='word_1_68' title='bbox 573 1123 984 1197; x_wconf 77' lang='grc' dir='ltr'>ὑπολειφθῆναι.</span> <span class='ocrx_word' id='word_1_69' title='bbox 1040 1126 1227 1177; x_wconf 85' lang='grc' dir='ltr'>Ἔστιν</span> <span class='ocrx_word' id='word_1_70' title='bbox 1271 1121 1519 1175; x_wconf 77' lang='grc' dir='ltr'>ἐκλαϐεῖν</span> <span class='ocrx_word' id='word_1_71' title='bbox 1552 1121 1709 1174; x_wconf 79' lang='grc' dir='ltr'>τοῦτο</span> 
     </span>
    </p>
   </div>
   <div class='ocr_carea' id='block_1_11' title="bbox 149 1213 1709 1287">
    <p class='ocr_par' dir='ltr' id='par_1_11' title="bbox 149 1213 1709 1287">
     <span class='ocr_line' id='line_1_11' title="bbox 149 1213 1709 1287; baseline -0.001 -19"><span class='ocrx_word' id='word_1_72' title='bbox 149 1217 227 1270; x_wconf 79' lang='grc' dir='ltr'>καὶ</span> <span class='ocrx_word' id='word_1_73' title='bbox 246 1217 389 1270; x_wconf 84' lang='grc' dir='ltr'><strong>κατά</strong></span> <span class='ocrx_word' id='word_1_74' title='bbox 410 1217 511 1287; x_wconf 81' lang='grc' dir='ltr'><strong>τὴν</strong></span> <span class='ocrx_word' id='word_1_75' title='bbox 535 1216 849 1269; x_wconf 82' lang='grc' dir='ltr'>τελευταίαν</span> <span class='ocrx_word' id='word_1_76' title='bbox 872 1216 1052 1287; x_wconf 82' lang='grc' dir='ltr'>κρίσιν</span> <span class='ocrx_word' id='word_1_77' title='bbox 1072 1231 1085 1245; x_wconf 75' lang='grc'><strong>⁸</strong></span> <span class='ocrx_word' id='word_1_78' title='bbox 1121 1215 1241 1267; x_wconf 86' lang='grc' dir='ltr'>τότε</span> <span class='ocrx_word' id='word_1_79' title='bbox 1261 1214 1369 1283; x_wconf 91' lang='grc' dir='ltr'><strong>γάρ</strong></span> <span class='ocrx_word' id='word_1_80' title='bbox 1395 1213 1502 1267; x_wconf 84' lang='grc' dir='ltr'><strong>τῶν</strong></span> <span class='ocrx_word' id='word_1_81' title='bbox 1532 1214 1709 1283; x_wconf 87' lang='grc' dir='ltr'>ἀμαρ-</span> 
     </span>
    </p>
   </div>
   <div class='ocr_carea' id='block_1_12' title="bbox 146 1306 1705 1380">
    <p class='ocr_par' dir='ltr' id='par_1_12' title="bbox 146 1306 1705 1380">
     <span class='ocr_line' id='line_1_12' title="bbox 146 1306 1705 1380; baseline -0.003 -17"><span class='ocrx_word' id='word_1_82' title='bbox 146 1310 311 1363; x_wconf 80' lang='grc' dir='ltr'>τωλῶν</span> <span class='ocrx_word' id='word_1_83' title='bbox 341 1309 787 1379; x_wconf 80' lang='grc' dir='ltr'>ἐπιτιμωμένων,</span> <span class='ocrx_word' id='word_1_84' title='bbox 812 1310 904 1363; x_wconf 75' lang='grc' dir='ltr'><strong>καὶ</strong></span> <span class='ocrx_word' id='word_1_85' title='bbox 925 1310 953 1361; x_wconf 88' lang='grc' dir='ltr'>ὁ</span> <span class='ocrx_word' id='word_1_86' title='bbox 982 1307 1246 1371; x_wconf 77' lang='grc' dir='ltr'>διάϐολοςο,</span> <span class='ocrx_word' id='word_1_87' title='bbox 1282 1307 1310 1358; x_wconf 88' lang='grc' dir='ltr'>ὀ</span> <span class='ocrx_word' id='word_1_88' title='bbox 1338 1308 1543 1380; x_wconf 79' lang='grc' dir='ltr'>κυρίως</span> <span class='ocrx_word' id='word_1_89' title='bbox 1577 1306 1705 1358; x_wconf 85' lang='grc' dir='ltr'>ἀσε-</span> 
     </span>
    </p>
   </div>
   <div class='ocr_carea' id='block_1_13' title="bbox 149 1399 1707 1473">
    <p class='ocr_par' dir='ltr' id='par_1_13' title="bbox 149 1399 1707 1473">
     <span class='ocr_line' id='line_1_13' title="bbox 149 1399 1707 1473; baseline -0.004 -16"><span class='ocrx_word' id='word_1_90' title='bbox 149 1402 250 1473; x_wconf 72' lang='grc' dir='ltr'>ϐὴς,</span> <span class='ocrx_word' id='word_1_91' title='bbox 282 1400 627 1470; x_wconf 70' lang='grc' dir='ltr'>ἀφανίζεται.</span> <span class='ocrx_word' id='word_1_92' title='bbox 657 1401 722 1453; x_wconf 77' lang='grc' dir='ltr'>Δί</span> <span class='ocrx_word' id='word_1_93' title='bbox 757 1400 960 1463; x_wconf 86' lang='grc' dir='ltr'>πόλεις,</span> <span class='ocrx_word' id='word_1_94' title='bbox 982 1400 1080 1470; x_wconf 82' lang='grc' dir='ltr'>τῆς</span> <span class='ocrx_word' id='word_1_95' title='bbox 1109 1401 1165 1452; x_wconf 75' lang='grc' dir='ltr'><strong>ἐν</strong></span> <span class='ocrx_word' id='word_1_96' title='bbox 1192 1400 1382 1462; x_wconf 81' lang='grc' dir='ltr'>αὐταῖς</span> <span class='ocrx_word' id='word_1_97' title='bbox 1416 1399 1583 1453; x_wconf 86' lang='grc' dir='ltr'>πάλαι</span> <span class='ocrx_word' id='word_1_98' title='bbox 1611 1415 1707 1451; x_wconf 85' lang='grc' dir='ltr'>πο-</span> 
     </span>
    </p>
   </div>
   <div class='ocr_carea' id='block_1_14' title="bbox 148 1490 1705 1563">
    <p class='ocr_par' dir='ltr' id='par_1_14' title="bbox 148 1490 1705 1563">
     <span class='ocr_line' id='line_1_14' title="bbox 148 1490 1705 1563; baseline -0.002 -17"><span class='ocrx_word' id='word_1_99' title='bbox 148 1494 483 1563; x_wconf 81' lang='grc' dir='ltr'>λιτευομένης</span> <span class='ocrx_word' id='word_1_100' title='bbox 516 1493 771 1557; x_wconf 88' lang='grc' dir='ltr'>ἀσεϐείας</span> <span class='ocrx_word' id='word_1_101' title='bbox 796 1491 1189 1562; x_wconf 85' lang='grc' dir='ltr'>καταλυθείσης</span> <span class='ocrx_word' id='word_1_102' title='bbox 1210 1531 1224 1555; x_wconf 87' lang='grc'><strong>,</strong></span> <span class='ocrx_word' id='word_1_103' title='bbox 1257 1490 1353 1562; x_wconf 78' lang='grc' dir='ltr'>τὴν</span> <span class='ocrx_word' id='word_1_104' title='bbox 1392 1490 1705 1560; x_wconf 82' lang='grc' dir='ltr'>οἰκοδομίαν</span> 
     </span>
    </p>
   </div>
   <div class='ocr_carea' id='block_1_15' title="bbox 149 1577 860 1653">
    <p class='ocr_par' dir='ltr' id='par_1_15' title="bbox 149 1577 860 1653">
     <span class='ocr_line' id='line_1_15' title="bbox 149 1577 860 1653; baseline -0.003 -18"><span class='ocrx_word' id='word_1_105' title='bbox 149 1584 231 1652; x_wconf 78' lang='grc' dir='ltr'>τῆς</span> <span class='ocrx_word' id='word_1_106' title='bbox 252 1583 309 1635; x_wconf 80' lang='grc' dir='ltr'><strong>εὑ</strong></span> <span class='ocrx_word' id='word_1_107' title='bbox 317 1582 537 1645; x_wconf 88' lang='grc' dir='ltr'>σεϐείας</span> <span class='ocrx_word' id='word_1_108' title='bbox 570 1577 860 1653; x_wconf 58' lang='grc' dir='ltr'>ἐδέξαντο]</span> 
     </span>
    </p>
   </div>
   <div class='ocr_carea' id='block_1_16' title="bbox 210 1670 1698 1744">
    <p class='ocr_par' dir='ltr' id='par_1_16' title="bbox 210 1670 1698 1744">
     <span class='ocr_line' id='line_1_16' title="bbox 210 1670 1698 1744; baseline -0.004 -15"><span class='ocrx_word' id='word_1_109' title='bbox 210 1676 312 1729; x_wconf 82' lang='grc' dir='ltr'><strong>Τοῦ</strong></span> <span class='ocrx_word' id='word_1_110' title='bbox 336 1673 559 1744; x_wconf 78' lang='grc' dir='ltr'>ἐχθροῦ</span> <span class='ocrx_word' id='word_1_111' title='bbox 608 1673 893 1738; x_wconf 78' lang='grc' dir='ltr'>ἐξέλιπον</span> <span class='ocrx_word' id='word_1_112' title='bbox 941 1675 999 1727; x_wconf 82' lang='grc' dir='ltr'>αὶ</span> <span class='ocrx_word' id='word_1_113' title='bbox 1025 1671 1312 1741; x_wconf 75' lang='grc' dir='ltr'>ρομφαῖαι</span> <span class='ocrx_word' id='word_1_114' title='bbox 1367 1673 1454 1737; x_wconf 82' lang='grc' dir='ltr'><strong>εις</strong></span> <span class='ocrx_word' id='word_1_115' title='bbox 1503 1670 1698 1735; x_wconf 80' lang='grc' dir='ltr'>τέλος.</span> 
     </span>
    </p>
   </div>
   <div class='ocr_carea' id='block_1_17' title="bbox 153 1762 1702 1836">
    <p class='ocr_par' dir='ltr' id='par_1_17' title="bbox 153 1762 1702 1836">
     <span class='ocr_line' id='line_1_17' title="bbox 153 1762 1702 1836; baseline -0.005 -17"><span class='ocrx_word' id='word_1_116' title='bbox 153 1766 439 1836; x_wconf 72' lang='grc' dir='ltr'>Ῥομφαίας</span> <span class='ocrx_word' id='word_1_117' title='bbox 485 1765 580 1818; x_wconf 81' lang='grc' dir='ltr'>τοῦ</span> <span class='ocrx_word' id='word_1_118' title='bbox 610 1764 859 1818; x_wconf 86' lang='grc' dir='ltr'>διαϐόλου</span> <span class='ocrx_word' id='word_1_119' title='bbox 886 1764 984 1827; x_wconf 88' lang='grc' dir='ltr'><strong>τάς</strong></span> <span class='ocrx_word' id='word_1_120' title='bbox 1027 1762 1409 1833; x_wconf 80' lang='grc' dir='ltr'>ἀντικειμένας</span> <span class='ocrx_word' id='word_1_121' title='bbox 1444 1762 1702 1831; x_wconf 85' lang='grc' dir='ltr'>δυνάμεις</span> 
     </span>
    </p>
   </div>
   <div class='ocr_carea' id='block_1_18' title="bbox 148 1856 1701 1931">
    <p class='ocr_par' dir='ltr' id='par_1_18' title="bbox 148 1856 1701 1931">
     <span class='ocr_line' id='line_1_18' title="bbox 148 1856 1701 1931; baseline -0.003 -17"><span class='ocrx_word' id='word_1_122' title='bbox 148 1862 277 1931; x_wconf 76' lang='grc' dir='ltr'>φησι,</span> <span class='ocrx_word' id='word_1_123' title='bbox 300 1862 369 1914; x_wconf 79' lang='grc' dir='ltr'>δι’</span> <span class='ocrx_word' id='word_1_124' title='bbox 403 1856 479 1915; x_wconf 80' lang='grc' dir='ltr'>ὧν</span> <span class='ocrx_word' id='word_1_125' title='bbox 506 1856 574 1931; x_wconf 76' lang='grc' dir='ltr'>ἦν</span> <span class='ocrx_word' id='word_1_126' title='bbox 602 1860 840 1931; x_wconf 83' lang='grc' dir='ltr'>ίσχυρός.</span> <span class='ocrx_word' id='word_1_127' title='bbox 877 1859 982 1931; x_wconf 79' lang='lat' dir='ltr'><strong>[Ai</strong></span> <span class='ocrx_word' id='word_1_128' title='bbox 1022 1859 1205 1921; x_wconf 85' lang='grc' dir='ltr'>πόλεις</span> <span class='ocrx_word' id='word_1_129' title='bbox 1240 1859 1297 1911; x_wconf 83' lang='grc' dir='ltr'>αἱ</span> <span class='ocrx_word' id='word_1_130' title='bbox 1331 1857 1701 1927; x_wconf 86' lang='grc' dir='ltr'>ἀντικείμεναι</span> 
     </span>
    </p>
   </div>
   <div class='ocr_carea' id='block_1_19' title="bbox 144 1947 1700 2021">
    <p class='ocr_par' dir='ltr' id='par_1_19' title="bbox 144 1947 1700 2021">
     <span class='ocr_line' id='line_1_19' title="bbox 144 1947 1700 2021; baseline -0.001 -19"><span class='ocrx_word' id='word_1_131' title='bbox 144 1951 399 2021; x_wconf 73' lang='grc' dir='ltr'>δυνάμεις,</span> <span class='ocrx_word' id='word_1_132' title='bbox 444 1951 533 2017; x_wconf 75' lang='grc' dir='ltr'><strong>αἶ,</strong></span> <span class='ocrx_word' id='word_1_133' title='bbox 562 1951 752 2020; x_wconf 84' lang='grc' dir='ltr'>ὥσπερ</span> <span class='ocrx_word' id='word_1_134' title='bbox 793 1949 973 2013; x_wconf 85' lang='grc' dir='ltr'>πόλεις</span> <span class='ocrx_word' id='word_1_135' title='bbox 1022 1950 1238 2020; x_wconf 76' lang='grc' dir='ltr'>ἰσχυραὶ</span> <span class='ocrx_word' id='word_1_136' title='bbox 1278 1947 1700 2018; x_wconf 84' lang='grc' dir='ltr'>τετειχισμέναι,</span> 
     </span>
    </p>
   </div>
   <div class='ocr_carea' id='block_1_20' title="bbox 144 2038 1702 2111">
    <p class='ocr_par' dir='ltr' id='par_1_20' title="bbox 144 2038 1702 2111">
     <span class='ocr_line' id='line_1_20' title="bbox 144 2038 1702 2111; baseline -0.001 -19"><span class='ocrx_word' id='word_1_137' title='bbox 144 2042 251 2103; x_wconf 72' lang='grc' dir='ltr'>τοὺς</span> <span class='ocrx_word' id='word_1_138' title='bbox 292 2042 521 2104; x_wconf 73' lang='grc' dir='ltr'>ἁλόντας</span> <span class='ocrx_word' id='word_1_139' title='bbox 570 2040 747 2093; x_wconf 74' lang='grc' dir='ltr'>αὐτῶν</span> <span class='ocrx_word' id='word_1_140' title='bbox 777 2041 959 2111; x_wconf 84' lang='grc' dir='ltr'>ἀπάτῃ</span> <span class='ocrx_word' id='word_1_141' title='bbox 1008 2042 1065 2093; x_wconf 82' lang='grc' dir='ltr'>ὲν</span> <span class='ocrx_word' id='word_1_142' title='bbox 1100 2041 1289 2103; x_wconf 75' lang='grc' dir='ltr'>αὑταῖς</span> <span class='ocrx_word' id='word_1_143' title='bbox 1344 2038 1702 2092; x_wconf 80' lang='grc' dir='ltr'>συλλαϐοῦσαι</span> 
     </span>
    </p>
   </div>
   <div class='ocr_carea' id='block_1_21' title="bbox 144 2124 1703 2202">
    <p class='ocr_par' dir='ltr' id='par_1_21' title="bbox 144 2124 1703 2202">
     <span class='ocr_line' id='line_1_21' title="bbox 144 2124 1703 2202; baseline -0.001 -18"><span class='ocrx_word' id='word_1_144' title='bbox 144 2135 389 2202; x_wconf 79' lang='grc' dir='ltr'>κατεῖχον.</span> <span class='ocrx_word' id='word_1_145' title='bbox 424 2132 533 2185; x_wconf 72' lang='grc' dir='ltr'><strong>Καὶ</strong></span> <span class='ocrx_word' id='word_1_146' title='bbox 568 2132 752 2195; x_wconf 83' lang='grc' dir='ltr'>πόλεις</span> <span class='ocrx_word' id='word_1_147' title='bbox 785 2132 943 2193; x_wconf 90' lang='grc' dir='ltr'>ποίας</span> <span class='ocrx_word' id='word_1_148' title='bbox 962 2131 1109 2199; x_wconf 80' lang='grc' dir='ltr'>λέγει</span> <span class='ocrx_word' id='word_1_149' title='bbox 1143 2131 1175 2201; x_wconf 86' lang='grc' dir='ltr'>ἢ</span> <span class='ocrx_word' id='word_1_150' title='bbox 1207 2130 1410 2193; x_wconf 83' lang='grc' dir='ltr'>ταύτας</span> <span class='ocrx_word' id='word_1_151' title='bbox 1457 2132 1585 2201; x_wconf 77' lang='grc' dir='ltr'>περὶ</span> <span class='ocrx_word' id='word_1_152' title='bbox 1629 2124 1703 2182; x_wconf 82' lang='grc' dir='ltr'>ὧν</span> 
     </span>
    </p>
   </div>
   <div class='ocr_carea' id='block_1_22' title="bbox 144 2220 1699 2298">
    <p class='ocr_par' dir='ltr' id='par_1_22' title="bbox 144 2220 1699 2298">
     <span class='ocr_line' id='line_1_22' title="bbox 144 2220 1699 2298; baseline -0.003 -21"><span class='ocrx_word' id='word_1_153' title='bbox 144 2224 354 2294; x_wconf 69' lang='grc' dir='ltr'>ἀλλαχοῦ</span> <span class='ocrx_word' id='word_1_154' title='bbox 384 2224 635 2295; x_wconf 82' lang='grc' dir='ltr'>λέγεται·</span> <span class='ocrx_word' id='word_1_155' title='bbox 657 2225 912 2298; x_wconf 78' lang='grc' dir='ltr'>Ἔθηκας</span> <span class='ocrx_word' id='word_1_156' title='bbox 938 2225 1025 2288; x_wconf 81' lang='grc' dir='ltr'>εὶς</span> <span class='ocrx_word' id='word_1_157' title='bbox 1042 2221 1207 2290; x_wconf 82' lang='grc' dir='ltr'>χῶμα</span> <span class='ocrx_word' id='word_1_158' title='bbox 1227 2222 1437 2286; x_wconf 77' lang='grc' dir='ltr'>πόλεις</span> <span class='ocrx_word' id='word_1_159' title='bbox 1457 2220 1699 2287; x_wconf 67' lang='grc' dir='ltr'>ὀχυρὰς,</span> 
     </span>
    </p>
   </div>
   <div class='ocr_carea' id='block_1_23' title="bbox 142 2310 1700 2381">
    <p class='ocr_par' dir='ltr' id='par_1_23' title="bbox 142 2310 1700 2381">
     <span class='ocr_line' id='line_1_23' title="bbox 142 2310 1700 2381; baseline -0.003 -14"><span class='ocrx_word' id='word_1_160' title='bbox 142 2313 233 2367; x_wconf 84' lang='grc' dir='ltr'>τοῦ</span> <span class='ocrx_word' id='word_1_161' title='bbox 258 2315 469 2368; x_wconf 77' lang='grc' dir='ltr'>πεσεῖν</span> <span class='ocrx_word' id='word_1_162' title='bbox 495 2313 695 2368; x_wconf 79' lang='grc' dir='ltr'>αὐτῶν</span> <span class='ocrx_word' id='word_1_163' title='bbox 724 2314 795 2367; x_wconf 84' lang='grc' dir='ltr'>τὰ</span> <span class='ocrx_word' id='word_1_164' title='bbox 822 2313 1099 2381; x_wconf 76' lang='grc' dir='ltr'>θεμέλια;</span> <span class='ocrx_word' id='word_1_165' title='bbox 1126 2312 1185 2363; x_wconf 85' lang='grc' dir='ltr'>αἴ</span> <span class='ocrx_word' id='word_1_166' title='bbox 1226 2314 1387 2375; x_wconf 73' lang='grc' dir='ltr'>εἰσιν,</span> <span class='ocrx_word' id='word_1_167' title='bbox 1441 2311 1517 2373; x_wconf 89' lang='grc' dir='ltr'><strong>ώς</strong></span> <span class='ocrx_word' id='word_1_168' title='bbox 1545 2310 1700 2380; x_wconf 81' lang='grc' dir='ltr'>δεδή-</span> 
     </span>
    </p>
   </div>
   <div class='ocr_carea' id='block_1_24' title="bbox 143 2402 1703 2474">
    <p class='ocr_par' dir='ltr' id='par_1_24' title="bbox 143 2402 1703 2474">
     <span class='ocr_line' id='line_1_24' title="bbox 143 2402 1703 2474; baseline -0.001 -17"><span class='ocrx_word' id='word_1_169' title='bbox 143 2404 304 2470; x_wconf 83' lang='grc' dir='ltr'>λωται,</span> <span class='ocrx_word' id='word_1_170' title='bbox 329 2408 383 2458; x_wconf 89' lang='grc' dir='ltr'><strong>αί</strong></span> <span class='ocrx_word' id='word_1_171' title='bbox 421 2405 795 2474; x_wconf 83' lang='grc' dir='ltr'>άντικείμεναι</span> <span class='ocrx_word' id='word_1_172' title='bbox 822 2402 1127 2474; x_wconf 60' lang='grc' dir='ltr'>δυνάμεις]</span> <span class='ocrx_word' id='word_1_173' title='bbox 1162 2402 1447 2456; x_wconf 72' lang='grc' dir='ltr'>Ἀπώλετο</span> <span class='ocrx_word' id='word_1_174' title='bbox 1470 2402 1537 2455; x_wconf 85' lang='grc' dir='ltr'>τὸ</span> <span class='ocrx_word' id='word_1_175' title='bbox 1553 2420 1703 2471; x_wconf 85' lang='grc' dir='ltr'>μνη-</span> 
     </span>
    </p>
   </div>
   <div class='ocr_carea' id='block_1_25' title="bbox 135 2493 1700 2569">
    <p class='ocr_par' dir='ltr' id='par_1_25' title="bbox 135 2493 1700 2569">
     <span class='ocr_line' id='line_1_25' title="bbox 135 2493 1700 2569; baseline 0.001 -22"><span class='ocrx_word' id='word_1_176' title='bbox 135 2496 391 2564; x_wconf 66' lang='grc' dir='ltr'>μόσυνον</span> <span class='ocrx_word' id='word_1_177' title='bbox 420 2494 622 2549; x_wconf 72' lang='grc' dir='ltr'>αὐτῶν</span> <span class='ocrx_word' id='word_1_178' title='bbox 635 2497 760 2565; x_wconf 81' lang='grc' dir='ltr'>μετ’</span> <span class='ocrx_word' id='word_1_179' title='bbox 784 2494 959 2564; x_wconf 79' lang='grc' dir='ltr'>ἤχου.</span> <span class='ocrx_word' id='word_1_180' title='bbox 983 2493 1174 2569; x_wconf 80' lang='grc' dir='ltr'>[Ὥστε</span> <span class='ocrx_word' id='word_1_181' title='bbox 1202 2493 1526 2558; x_wconf 77' lang='grc' dir='ltr'>ἐξάκουστον</span> <span class='ocrx_word' id='word_1_182' title='bbox 1546 2496 1700 2563; x_wconf 87' lang='grc' dir='ltr'>γενέ-</span> 
     </span>
    </p>
   </div>
   <div class='ocr_carea' id='block_1_26' title="bbox 141 2586 1698 2658">
    <p class='ocr_par' dir='ltr' id='par_1_26' title="bbox 141 2586 1698 2658">
     <span class='ocr_line' id='line_1_26' title="bbox 141 2586 1698 2658; baseline 0.002 -20"><span class='ocrx_word' id='word_1_183' title='bbox 141 2586 247 2639; x_wconf 85' lang='grc' dir='ltr'>σθαι</span> <span class='ocrx_word' id='word_1_184' title='bbox 268 2587 450 2640; x_wconf 70' lang='grc' dir='ltr'>αὐτῶν</span> <span class='ocrx_word' id='word_1_185' title='bbox 475 2589 572 2658; x_wconf 79' lang='grc' dir='ltr'>τὴν</span> <span class='ocrx_word' id='word_1_186' title='bbox 593 2586 887 2641; x_wconf 86' lang='grc' dir='ltr'>ἀπώλειαν.</span> <span class='ocrx_word' id='word_1_187' title='bbox 925 2589 994 2643; x_wconf 83' lang='grc' dir='ltr'><strong>Ἢ</strong></span> <span class='ocrx_word' id='word_1_188' title='bbox 1009 2588 1107 2658; x_wconf 80' lang='grc' dir='ltr'><strong>τὴν</strong></span> <span class='ocrx_word' id='word_1_189' title='bbox 1132 2586 1359 2640; x_wconf 83' lang='grc' dir='ltr'>πανολεθ</span> <span class='ocrx_word' id='word_1_190' title='bbox 1368 2587 1489 2658; x_wconf 90' lang='grc' dir='ltr'>ρίαν</span> <span class='ocrx_word' id='word_1_191' title='bbox 1514 2588 1698 2656; x_wconf 77' lang='grc' dir='ltr'>φησιν,</span> 
     </span>
    </p>
   </div>
   <div class='ocr_carea' id='block_1_27' title="bbox 139 2676 1701 2748">
    <p class='ocr_par' dir='ltr' id='par_1_27' title="bbox 139 2676 1701 2748">
     <span class='ocr_line' id='line_1_27' title="bbox 139 2676 1701 2748; baseline 0 -19"><span class='ocrx_word' id='word_1_192' title='bbox 139 2676 246 2746; x_wconf 67' lang='grc' dir='ltr'><strong>ἢτὸ</strong></span> <span class='ocrx_word' id='word_1_193' title='bbox 276 2678 564 2746; x_wconf 81' lang='grc' dir='ltr'>διωλύγιον</span> <span class='ocrx_word' id='word_1_194' title='bbox 611 2678 717 2731; x_wconf 83' lang='grc' dir='ltr'><strong>τῶν</strong></span> <span class='ocrx_word' id='word_1_195' title='bbox 764 2678 980 2743; x_wconf 83' lang='grc' dir='ltr'>κακῶν,</span> <span class='ocrx_word' id='word_1_196' title='bbox 1043 2678 1135 2730; x_wconf 80' lang='grc' dir='ltr'><strong>καὶ</strong></span> <span class='ocrx_word' id='word_1_197' title='bbox 1173 2678 1233 2729; x_wconf 81' lang='grc' dir='ltr'>τὸ</span> <span class='ocrx_word' id='word_1_198' title='bbox 1271 2678 1569 2747; x_wconf 76' lang='grc' dir='ltr'>περιφανὲς</span> <span class='ocrx_word' id='word_1_199' title='bbox 1603 2679 1701 2748; x_wconf 81' lang='grc' dir='ltr'>τῆς</span> 
     </span>
    </p>
   </div>
   <div class='ocr_carea' id='block_1_28' title="bbox 138 2769 1698 2843">
    <p class='ocr_par' dir='ltr' id='par_1_28' title="bbox 138 2769 1698 2843">
     <span class='ocr_line' id='line_1_28' title="bbox 138 2769 1698 2843; baseline 0.001 -21"><span class='ocrx_word' id='word_1_200' title='bbox 138 2772 443 2843; x_wconf 72' lang='grc' dir='ltr'>ἀταυλείας.]</span> <span class='ocrx_word' id='word_1_201' title='bbox 462 2771 813 2837; x_wconf 79' lang='grc' dir='ltr'>Ἐξάκουστος</span> <span class='ocrx_word' id='word_1_202' title='bbox 835 2771 943 2841; x_wconf 73' lang='grc' dir='ltr'>γὰρ</span> <span class='ocrx_word' id='word_1_203' title='bbox 959 2771 1135 2823; x_wconf 80' lang='grc' dir='ltr'>αὐτῶν</span> <span class='ocrx_word' id='word_1_204' title='bbox 1157 2769 1375 2837; x_wconf 86' lang='grc' dir='ltr'>γέγονεν</span> <span class='ocrx_word' id='word_1_205' title='bbox 1391 2771 1422 2839; x_wconf 75' lang='grc' dir='ltr'>ἡ</span> <span class='ocrx_word' id='word_1_206' title='bbox 1436 2769 1698 2824; x_wconf 87' lang='grc' dir='ltr'>ἀπώλεια.</span> 
     </span>
    </p>
   </div>
   <div class='ocr_carea' id='block_1_29' title="bbox 197 2861 1697 2934">
    <p class='ocr_par' dir='ltr' id='par_1_29' title="bbox 197 2861 1697 2934">
     <span class='ocr_line' id='line_1_29' title="bbox 197 2861 1697 2934; baseline -0.003 -16"><span class='ocrx_word' id='word_1_207' title='bbox 197 2864 296 2918; x_wconf 78' lang='grc' dir='ltr'><strong>Καὶ</strong></span> <span class='ocrx_word' id='word_1_208' title='bbox 321 2864 565 2932; x_wconf 75' lang='grc' dir='ltr'>ἐγένετο</span> <span class='ocrx_word' id='word_1_209' title='bbox 590 2866 805 2931; x_wconf 78' lang='grc' dir='ltr'>Κύριος</span> <span class='ocrx_word' id='word_1_210' title='bbox 833 2861 1144 2931; x_wconf 56' lang='grc' dir='ltr'>καταφυγὴ</span> <span class='ocrx_word' id='word_1_211' title='bbox 1171 2861 1251 2926; x_wconf 84' lang='grc' dir='ltr'>τῷ</span> <span class='ocrx_word' id='word_1_212' title='bbox 1280 2861 1506 2929; x_wconf 62' lang='grc' dir='ltr'>πένητι.</span> <span class='ocrx_word' id='word_1_213' title='bbox 1544 2861 1697 2934; x_wconf 70' lang='lat' dir='ltr'><strong>[Euv-</strong></span> 
     </span>
    </p>
   </div>
   <div class='ocr_carea' id='block_1_30' title="bbox 136 2955 1701 3026">
    <p class='ocr_par' dir='ltr' id='par_1_30' title="bbox 136 2955 1701 3026">
     <span class='ocr_line' id='line_1_30' title="bbox 136 2955 1701 3026; baseline 0.001 -20"><span class='ocrx_word' id='word_1_214' title='bbox 136 2955 258 3025; x_wconf 81' lang='grc' dir='ltr'>ιχῶς</span> <span class='ocrx_word' id='word_1_215' title='bbox 284 2958 478 3009; x_wconf 84' lang='grc' dir='ltr'>ἐαυτὸν</span> <span class='ocrx_word' id='word_1_216' title='bbox 510 2956 669 3009; x_wconf 86' lang='grc' dir='ltr'>καλεῖ</span> <span class='ocrx_word' id='word_1_217' title='bbox 717 2957 922 3026; x_wconf 76' lang='grc' dir='ltr'>πένητα</span> <span class='ocrx_word' id='word_1_218' title='bbox 960 2956 1054 3008; x_wconf 69' lang='grc' dir='ltr'>καὶ</span> <span class='ocrx_word' id='word_1_219' title='bbox 1085 2955 1318 3025; x_wconf 86' lang='grc' dir='ltr'>πτωχὸν,</span> <span class='ocrx_word' id='word_1_220' title='bbox 1344 2957 1518 3009; x_wconf 81' lang='grc' dir='ltr'>καίτοι</span> <span class='ocrx_word' id='word_1_221' title='bbox 1541 2972 1603 3023; x_wconf 88' lang='grc' dir='ltr'><strong>γε</strong></span> <span class='ocrx_word' id='word_1_222' title='bbox 1644 2958 1701 3008; x_wconf 88' lang='grc' dir='ltr'><strong>ἐν</strong></span> 
     </span>
    </p>
   </div>
   <div class='ocr_carea' id='block_1_31' title="bbox 136 3047 1701 3121">
    <p class='ocr_par' dir='ltr' id='par_1_31' title="bbox 136 3047 1701 3121">
     <span class='ocr_line' id='line_1_31' title="bbox 136 3047 1701 3121; baseline 0.001 -20"><span class='ocrx_word' id='word_1_223' title='bbox 136 3047 430 3117; x_wconf 76' lang='grc' dir='ltr'>βασιλείοις.</span> <span class='ocrx_word' id='word_1_224' title='bbox 498 3049 655 3120; x_wconf 79' lang='grc' dir='ltr'>’ῌδει</span> <span class='ocrx_word' id='word_1_225' title='bbox 689 3049 796 3121; x_wconf 81' lang='grc' dir='ltr'>γὰρ</span> <span class='ocrx_word' id='word_1_226' title='bbox 841 3049 910 3101; x_wconf 82' lang='grc' dir='ltr'><strong>τὰ</strong></span> <span class='ocrx_word' id='word_1_227' title='bbox 959 3048 1272 3119; x_wconf 88' lang='grc' dir='ltr'>ἀνθρώπινα</span> <span class='ocrx_word' id='word_1_228' title='bbox 1323 3050 1501 3109; x_wconf 84' lang='grc' dir='ltr'>πάντα</span> <span class='ocrx_word' id='word_1_229' title='bbox 1543 3050 1701 3112; x_wconf 78' lang='grc' dir='ltr'>σκιᾶς</span> 
     </span>
    </p>
   </div>
   <div class='ocr_carea' id='block_1_32' title="bbox 134 3137 1771 3224">
    <p class='ocr_par' dir='ltr' id='par_1_32' title="bbox 134 3137 1771 3224">
     <span class='ocr_line' id='line_1_32' title="bbox 134 3137 1771 3224; baseline 0.001 -33"><span class='ocrx_word' id='word_1_230' title='bbox 134 3137 512 3211; x_wconf 80' lang='grc' dir='ltr'>ἀδρανέπερα.</span> <span class='ocrx_word' id='word_1_231' title='bbox 538 3142 866 3207; x_wconf 80' lang='grc' dir='ltr'><strong>Εὑχαιρὶαν</strong></span> <span class='ocrx_word' id='word_1_232' title='bbox 898 3140 1044 3209; x_wconf 74' lang='grc' dir='ltr'>λέγει</span> <span class='ocrx_word' id='word_1_233' title='bbox 1071 3140 1161 3192; x_wconf 83' lang='grc' dir='ltr'><strong>τὸν</strong></span> <span class='ocrx_word' id='word_1_234' title='bbox 1194 3141 1294 3210; x_wconf 74' lang='grc' dir='ltr'>τῆς</span> <span class='ocrx_word' id='word_1_235' title='bbox 1316 3140 1701 3210; x_wconf 60' lang='grc' dir='ltr'>Θλίψεωςπκαι-</span> <span class='ocrx_word' id='word_1_236' title='bbox 1730 3166 1771 3224; x_wconf 80' lang='lat' dir='ltr'><strong>C</strong></span> 
     </span>
    </p>
   </div>
   <div class='ocr_carea' id='block_1_33' title="bbox 136 3230 1695 3304">
    <p class='ocr_par' dir='ltr' id='par_1_33' title="bbox 136 3230 1695 3304">
     <span class='ocr_line' id='line_1_33' title="bbox 136 3230 1695 3304; baseline 0.003 -20"><span class='ocrx_word' id='word_1_237' title='bbox 136 3232 246 3302; x_wconf 72' lang='grc' dir='ltr'>ρόνο</span> <span class='ocrx_word' id='word_1_238' title='bbox 277 3235 364 3287; x_wconf 81' lang='grc' dir='ltr'><strong>ἀεὶ</strong></span> <span class='ocrx_word' id='word_1_239' title='bbox 400 3234 503 3303; x_wconf 80' lang='grc' dir='ltr'><strong>μὲν</strong></span> <span class='ocrx_word' id='word_1_240' title='bbox 533 3232 641 3303; x_wconf 80' lang='grc' dir='ltr'>γὰρ</span> <span class='ocrx_word' id='word_1_241' title='bbox 671 3234 769 3302; x_wconf 82' lang='grc' dir='ltr'>τῆς</span> <span class='ocrx_word' id='word_1_242' title='bbox 810 3230 1059 3304; x_wconf 79' lang='grc' dir='ltr'>βοηθείας</span> <span class='ocrx_word' id='word_1_243' title='bbox 1110 3231 1462 3300; x_wconf 83' lang='grc' dir='ltr'>ὲπιδεὸμεθα,</span> <span class='ocrx_word' id='word_1_244' title='bbox 1510 3235 1603 3286; x_wconf 77' lang='grc' dir='ltr'>καὶ</span> <span class='ocrx_word' id='word_1_245' title='bbox 1638 3237 1695 3289; x_wconf 84' lang='grc' dir='ltr'><strong>ἐν</strong></span> 
     </span>
    </p>
   </div>
   <div class='ocr_carea' id='block_1_34' title="bbox 132 3319 1697 3396">
    <p class='ocr_par' dir='ltr' id='par_1_34' title="bbox 132 3319 1697 3396">
     <span class='ocr_line' id='line_1_34' title="bbox 132 3319 1697 3396; baseline 0 -22"><span class='ocrx_word' id='word_1_246' title='bbox 132 3324 477 3396; x_wconf 73' lang='grc' dir='ltr'>εὐημερίαις·</span> <span class='ocrx_word' id='word_1_247' title='bbox 530 3320 665 3373; x_wconf 87' lang='grc' dir='ltr'><strong>ἀλλά</strong></span> <span class='ocrx_word' id='word_1_248' title='bbox 696 3320 855 3373; x_wconf 74' lang='grc' dir='ltr'>πλέον</span> <span class='ocrx_word' id='word_1_249' title='bbox 906 3322 964 3374; x_wconf 83' lang='grc' dir='ltr'>ὲν</span> <span class='ocrx_word' id='word_1_250' title='bbox 1005 3319 1181 3389; x_wconf 73' lang='grc' dir='ltr'>θλίψει</span> <span class='ocrx_word' id='word_1_251' title='bbox 1228 3319 1327 3389; x_wconf 84' lang='grc' dir='ltr'>τῆς</span> <span class='ocrx_word' id='word_1_252' title='bbox 1382 3320 1697 3395; x_wconf 78' lang='grc' dir='ltr'>συμμαχίας</span> 
     </span>
    </p>
   </div>
   <div class='ocr_carea' id='block_1_35' title="bbox 131 3413 1696 3485">
    <p class='ocr_par' dir='ltr' id='par_1_35' title="bbox 131 3413 1696 3485">
     <span class='ocr_line' id='line_1_35' title="bbox 131 3413 1696 3485; baseline -0.001 -19"><span class='ocrx_word' id='word_1_253' title='bbox 131 3413 610 3485; x_wconf 79' lang='grc' dir='ltr'>ἑπαισθανόμεθα.]</span> <span class='ocrx_word' id='word_1_254' title='bbox 643 3413 733 3485; x_wconf 83' lang='grc' dir='ltr'>Τῷ</span> <span class='ocrx_word' id='word_1_255' title='bbox 767 3413 998 3484; x_wconf 76' lang='grc' dir='ltr'>πτωχῷ,</span> <span class='ocrx_word' id='word_1_256' title='bbox 1056 3414 1131 3484; x_wconf 81' lang='grc' dir='ltr'>τῷ</span> <span class='ocrx_word' id='word_1_257' title='bbox 1184 3413 1534 3485; x_wconf 80' lang='grc' dir='ltr'>πνευματικῷ</span> <span class='ocrx_word' id='word_1_258' title='bbox 1582 3413 1696 3485; x_wconf 87' lang='grc' dir='ltr'>λαῷ</span> 
     </span>
    </p>
   </div>
   <div class='ocr_carea' id='block_1_36' title="bbox 131 3505 1696 3578">
    <p class='ocr_par' dir='ltr' id='par_1_36' title="bbox 131 3505 1696 3578">
     <span class='ocr_line' id='line_1_36' title="bbox 131 3505 1696 3578; baseline 0.001 -19"><span class='ocrx_word' id='word_1_259' title='bbox 131 3523 265 3578; x_wconf 72' lang='grc' dir='ltr'>φησι.</span> <span class='ocrx_word' id='word_1_260' title='bbox 298 3506 534 3573; x_wconf 80' lang='grc' dir='ltr'>Βοηθὸς</span> <span class='ocrx_word' id='word_1_261' title='bbox 562 3506 630 3558; x_wconf 84' lang='grc' dir='ltr'>ἐν</span> <span class='ocrx_word' id='word_1_262' title='bbox 655 3506 981 3574; x_wconf 77' lang='grc' dir='ltr'>εὐκαιρίαις</span> <span class='ocrx_word' id='word_1_263' title='bbox 1007 3506 1077 3558; x_wconf 80' lang='grc' dir='ltr'>ἐν</span> <span class='ocrx_word' id='word_1_264' title='bbox 1102 3505 1403 3574; x_wconf 78' lang='grc' dir='ltr'>θλίψεσιν.</span> <span class='ocrx_word' id='word_1_265' title='bbox 1440 3507 1527 3571; x_wconf 88' lang='grc' dir='ltr'>Ὠς</span> <span class='ocrx_word' id='word_1_266' title='bbox 1547 3524 1560 3537; x_wconf 64' lang='grc' dir='ltr'>α</span> <span class='ocrx_word' id='word_1_267' title='bbox 1595 3508 1696 3561; x_wconf 78' lang='grc' dir='ltr'><strong>Ἐν</strong></span> 
     </span>
    </p>
   </div>
   <div class='ocr_carea' id='block_1_37' title="bbox 131 3590 1023 3663">
    <p class='ocr_par' dir='ltr' id='par_1_37' title="bbox 131 3590 1023 3663">
     <span class='ocr_line' id='line_1_37' title="bbox 131 3590 1023 3663; baseline 0.001 -19"><span class='ocrx_word' id='word_1_268' title='bbox 131 3591 292 3662; x_wconf 78' lang='grc' dir='ltr'>καιρῷ</span> <span class='ocrx_word' id='word_1_269' title='bbox 313 3590 511 3657; x_wconf 79' lang='grc' dir='ltr'>δεκτῷ</span> <span class='ocrx_word' id='word_1_270' title='bbox 542 3593 858 3663; x_wconf 79' lang='grc' dir='ltr'>ἐπήκουσά</span> <span class='ocrx_word' id='word_1_271' title='bbox 886 3609 1023 3647; x_wconf 89' lang='grc' dir='ltr'>σου.</span> 
     </span>
    </p>
   </div>
   <div class='ocr_carea' id='block_1_38' title="bbox 192 3767 1690 3837">
    <p class='ocr_par' dir='ltr' id='par_1_38' title="bbox 192 3767 1690 3837">
     <span class='ocr_line' id='line_1_38' title="bbox 192 3767 1690 3837; baseline 0.003 -16"><span class='ocrx_word' id='word_1_272' title='bbox 192 3769 431 3823; x_wconf 59' lang='lat' dir='ltr'><strong>Vitare</strong></span> <span class='ocrx_word' id='word_1_273' title='bbox 494 3767 573 3834; x_wconf 80' lang='grc' dir='ltr'>τῷ</span> <span class='ocrx_word' id='word_1_274' title='bbox 627 3770 821 3837; x_wconf 79' lang='grc' dir='ltr'>Κυρίῳ</span> <span class='ocrx_word' id='word_1_275' title='bbox 872 3768 952 3835; x_wconf 83' lang='grc' dir='ltr'>τῷ</span> <span class='ocrx_word' id='word_1_276' title='bbox 992 3770 1366 3824; x_wconf 77' lang='grc' dir='ltr'>κατοικοῦντι</span> <span class='ocrx_word' id='word_1_277' title='bbox 1418 3771 1487 3824; x_wconf 79' lang='grc' dir='ltr'>ἐν</span> <span class='ocrx_word' id='word_1_278' title='bbox 1521 3771 1690 3826; x_wconf 83' lang='grc' dir='ltr'>Σιών.</span> 
     </span>
    </p>
   </div>
   <div class='ocr_carea' id='block_1_39' title="bbox 128 3860 1696 3933">
    <p class='ocr_par' dir='ltr' id='par_1_39' title="bbox 128 3860 1696 3933">
     <span class='ocr_line' id='line_1_39' title="bbox 128 3860 1696 3933; baseline 0.005 -22"><span class='ocrx_word' id='word_1_279' title='bbox 128 3860 193 3929; x_wconf 76' lang='grc' dir='ltr'><strong>Τῇ</strong></span> <span class='ocrx_word' id='word_1_280' title='bbox 222 3860 563 3932; x_wconf 79' lang='grc' dir='ltr'>ἐπουρανίῳ,</span> <span class='ocrx_word' id='word_1_281' title='bbox 597 3862 750 3932; x_wconf 77' lang='grc' dir='ltr'>φησὶ,</span> <span class='ocrx_word' id='word_1_282' title='bbox 788 3861 1160 3933; x_wconf 79' lang='grc' dir='ltr'>Ἰερουσαλήμ.</span> <span class='ocrx_word' id='word_1_283' title='bbox 1206 3863 1696 3931; x_wconf 74' lang='grc' dir='ltr'>Ἁναγγείλατεέν</span> 
     </span>
    </p>
   </div>
   <div class='ocr_carea' id='block_1_40' title="bbox 126 3949 1695 4023">
    <p class='ocr_par' dir='ltr' id='par_1_40' title="bbox 126 3949 1695 4023">
     <span class='ocr_line' id='line_1_40' title="bbox 126 3949 1695 4023; baseline 0.004 -21"><span class='ocrx_word' id='word_1_284' title='bbox 126 3949 236 4016; x_wconf 74' lang='grc' dir='ltr'>τοῖς</span> <span class='ocrx_word' id='word_1_285' title='bbox 264 3953 483 4007; x_wconf 80' lang='grc' dir='ltr'>ἔθνεσι</span> <span class='ocrx_word' id='word_1_286' title='bbox 520 3952 594 4006; x_wconf 81' lang='grc' dir='ltr'>τὰ</span> <span class='ocrx_word' id='word_1_287' title='bbox 648 3952 1083 4023; x_wconf 77' lang='grc' dir='ltr'>ἐπιτηδεύματα</span> <span class='ocrx_word' id='word_1_288' title='bbox 1139 3954 1345 4008; x_wconf 85' lang='grc' dir='ltr'>αὐτοῦ.</span> <span class='ocrx_word' id='word_1_289' title='bbox 1388 3954 1571 4010; x_wconf 79' lang='grc' dir='ltr'>Ταῦτα</span> <span class='ocrx_word' id='word_1_290' title='bbox 1620 3956 1695 4020; x_wconf 86' lang='grc' dir='ltr'>ὡς</span> 
     </span>
    </p>
   </div>
   <div class='ocr_carea' id='block_1_41' title="bbox 127 4039 1695 4113">
    <p class='ocr_par' dir='ltr' id='par_1_41' title="bbox 127 4039 1695 4113">
     <span class='ocr_line' id='line_1_41' title="bbox 127 4039 1695 4113; baseline 0.005 -21"><span class='ocrx_word' id='word_1_291' title='bbox 127 4039 248 4111; x_wconf 76' lang='grc' dir='ltr'>πρὸς</span> <span class='ocrx_word' id='word_1_292' title='bbox 297 4045 431 4107; x_wconf 73' lang='grc' dir='ltr'>τοὺς</span> <span class='ocrx_word' id='word_1_293' title='bbox 488 4043 817 4107; x_wconf 80' lang='grc' dir='ltr'>ἀποστόλους</span> <span class='ocrx_word' id='word_1_294' title='bbox 854 4045 950 4097; x_wconf 81' lang='grc' dir='ltr'>καὶ</span> <span class='ocrx_word' id='word_1_295' title='bbox 1004 4046 1130 4107; x_wconf 77' lang='grc' dir='ltr'>τοὺς</span> <span class='ocrx_word' id='word_1_296' title='bbox 1188 4045 1294 4098; x_wconf 87' lang='grc' dir='ltr'><strong>τῶν</strong></span> <span class='ocrx_word' id='word_1_297' title='bbox 1349 4046 1695 4113; x_wconf 84' lang='grc' dir='ltr'>Εὑαγγελίων</span> 
     </span>
    </p>
   </div>
   <div class='ocr_carea' id='block_1_42' title="bbox 124 4129 1694 4207">
    <p class='ocr_par' dir='ltr' id='par_1_42' title="bbox 124 4129 1694 4207">
     <span class='ocr_line' id='line_1_42' title="bbox 124 4129 1694 4207; baseline 0.004 -23"><span class='ocrx_word' id='word_1_298' title='bbox 124 4129 357 4201; x_wconf 75' lang='grc' dir='ltr'>κήρυκάς</span> <span class='ocrx_word' id='word_1_299' title='bbox 382 4148 579 4202; x_wconf 82' lang='grc' dir='ltr'>φησιν.</span> <span class='ocrx_word' id='word_1_300' title='bbox 632 4134 764 4186; x_wconf 88' lang='grc' dir='ltr'>Τίνα</span> <span class='ocrx_word' id='word_1_301' title='bbox 794 4132 850 4186; x_wconf 83' lang='grc' dir='ltr'>δὲ</span> <span class='ocrx_word' id='word_1_302' title='bbox 896 4133 966 4187; x_wconf 87' lang='grc' dir='ltr'><strong>τά</strong></span> <span class='ocrx_word' id='word_1_303' title='bbox 1024 4134 1427 4207; x_wconf 84' lang='grc' dir='ltr'>ἐπιτηδεύματα</span> <span class='ocrx_word' id='word_1_304' title='bbox 1466 4136 1552 4190; x_wconf 76' lang='grc' dir='ltr'><strong>διὰ</strong></span> <span class='ocrx_word' id='word_1_305' title='bbox 1587 4136 1694 4191; x_wconf 86' lang='grc' dir='ltr'><strong>τῶν</strong></span> 
     </span>
    </p>
   </div>
   <div class='ocr_carea' id='block_1_43' title="bbox 123 4219 540 4294">
    <p class='ocr_par' dir='ltr' id='par_1_43' title="bbox 123 4219 540 4294">
     <span class='ocr_line' id='line_1_43' title="bbox 123 4219 540 4294; baseline 0.017 -23"><span class='ocrx_word' id='word_1_306' title='bbox 123 4219 234 4292; x_wconf 77' lang='grc' dir='ltr'>ἐξῆς</span> <span class='ocrx_word' id='word_1_307' title='bbox 251 4224 540 4294; x_wconf 81' lang='grc' dir='ltr'>σημαίνει.</span> 
     </span>
    </p>
   </div>
   <div class='ocr_carea' id='block_1_44' title="bbox 183 4313 1696 4391">
    <p class='ocr_par' dir='ltr' id='par_1_44' title="bbox 183 4313 1696 4391">
     <span class='ocr_line' id='line_1_44' title="bbox 183 4313 1696 4391; baseline 0.007 -24"><span class='ocrx_word' id='word_1_308' title='bbox 183 4313 297 4366; x_wconf 82' lang='grc' dir='ltr'>Ὀτι</span> <span class='ocrx_word' id='word_1_309' title='bbox 318 4319 353 4369; x_wconf 88' lang='lat' dir='ltr'><strong>o&#39;</strong></span> <span class='ocrx_word' id='word_1_310' title='bbox 381 4314 654 4383; x_wconf 75' lang='grc' dir='ltr'>ἐκζητῶν</span> <span class='ocrx_word' id='word_1_311' title='bbox 682 4316 753 4369; x_wconf 81' lang='grc' dir='ltr'>τὰ</span> <span class='ocrx_word' id='word_1_312' title='bbox 780 4317 1000 4385; x_wconf 73' lang='grc' dir='ltr'>αἵματα</span> <span class='ocrx_word' id='word_1_313' title='bbox 1034 4315 1234 4373; x_wconf 83' lang='grc' dir='ltr'>αὐτῶν</span> <span class='ocrx_word' id='word_1_314' title='bbox 1259 4320 1549 4391; x_wconf 73' lang='grc' dir='ltr'>ἐμνήσθη.</span> <span class='ocrx_word' id='word_1_315' title='bbox 1614 4323 1696 4377; x_wconf 88' lang='grc' dir='ltr'><strong>Τά</strong></span> 
     </span>
    </p>
   </div>
   <div class='ocr_carea' id='block_1_45' title="bbox 122 4403 1692 4488">
    <p class='ocr_par' dir='ltr' id='par_1_45' title="bbox 122 4403 1692 4488">
     <span class='ocr_line' id='line_1_45' title="bbox 122 4403 1692 4488; baseline 0.011 -35"><span class='ocrx_word' id='word_1_316' title='bbox 122 4403 327 4474; x_wconf 72' lang='grc' dir='ltr'>αἵματα,</span> <span class='ocrx_word' id='word_1_317' title='bbox 363 4408 531 4481; x_wconf 74' lang='grc' dir='ltr'>φησὶ,</span> <span class='ocrx_word' id='word_1_318' title='bbox 562 4408 631 4461; x_wconf 82' lang='grc' dir='ltr'><strong>τά</strong></span> <span class='ocrx_word' id='word_1_319' title='bbox 656 4408 796 4478; x_wconf 78' lang='grc' dir='ltr'>ὑπὲρ</span> <span class='ocrx_word' id='word_1_320' title='bbox 828 4409 992 4463; x_wconf 73' lang='grc' dir='ltr'>αὑτοῦ</span> <span class='ocrx_word' id='word_1_321' title='bbox 1024 4412 1363 4483; x_wconf 81' lang='grc' dir='ltr'>ὲκκεχυμένα</span> <span class='ocrx_word' id='word_1_322' title='bbox 1404 4414 1692 4488; x_wconf 77' lang='grc' dir='ltr'>ὲκζητήσει</span> 
     </span>
    </p>
   </div>
   <div class='ocr_carea' id='block_1_46' title="bbox 121 4492 842 4563">
    <p class='ocr_par' dir='ltr' id='par_1_46' title="bbox 121 4492 842 4563">
     <span class='ocr_line' id='line_1_46' title="bbox 121 4492 842 4563; baseline 0.014 -19"><span class='ocrx_word' id='word_1_323' title='bbox 121 4492 199 4547; x_wconf 69' lang='grc' dir='ltr'><strong>ἐπὶ</strong></span> <span class='ocrx_word' id='word_1_324' title='bbox 227 4497 286 4548; x_wconf 78' lang='grc' dir='ltr'><strong>τὸ</strong></span> <span class='ocrx_word' id='word_1_325' title='bbox 308 4499 569 4561; x_wconf 81' lang='grc' dir='ltr'>ἐκδικίας</span> <span class='ocrx_word' id='word_1_326' title='bbox 594 4499 842 4563; x_wconf 80' lang='grc' dir='ltr'>ἀξιῶσαι.</span> 
     </span>
    </p>
   </div>
   <div class='ocr_carea' id='block_1_47' title="bbox 179 4584 1691 4665">
    <p class='ocr_par' dir='ltr' id='par_1_47' title="bbox 179 4584 1691 4665">
     <span class='ocr_line' id='line_1_47' title="bbox 179 4584 1691 4665; baseline 0.008 -25"><span class='ocrx_word' id='word_1_327' title='bbox 179 4584 331 4659; x_wconf 77' lang='grc' dir='ltr'><strong>[οὐκ</strong></span> <span class='ocrx_word' id='word_1_328' title='bbox 368 4586 712 4642; x_wconf 73' lang='grc' dir='ltr'>ἐπελάθετο</span> <span class='ocrx_word' id='word_1_329' title='bbox 768 4590 879 4658; x_wconf 84' lang='grc' dir='ltr'>τῆς</span> <span class='ocrx_word' id='word_1_330' title='bbox 928 4589 1191 4659; x_wconf 77' lang='grc' dir='ltr'>δεήσεως</span> <span class='ocrx_word' id='word_1_331' title='bbox 1238 4593 1354 4647; x_wconf 82' lang='grc' dir='ltr'>τῶν</span> <span class='ocrx_word' id='word_1_332' title='bbox 1400 4598 1691 4665; x_wconf 73' lang='grc' dir='ltr'>πενήτων.</span> 
     </span>
    </p>
   </div>
   <div class='ocr_carea' id='block_1_48' title="bbox 120 4679 1695 4760">
    <p class='ocr_par' dir='ltr' id='par_1_48' title="bbox 120 4679 1695 4760">
     <span class='ocr_line' id='line_1_48' title="bbox 120 4679 1695 4760; baseline 0.009 -29"><span class='ocrx_word' id='word_1_333' title='bbox 120 4679 347 4749; x_wconf 81' lang='grc' dir='ltr'>Πένητας</span> <span class='ocrx_word' id='word_1_334' title='bbox 370 4680 546 4733; x_wconf 82' lang='grc' dir='ltr'>πάλιν</span> <span class='ocrx_word' id='word_1_335' title='bbox 574 4681 701 4744; x_wconf 74' lang='grc' dir='ltr'>τοὺς</span> <span class='ocrx_word' id='word_1_336' title='bbox 729 4680 795 4734; x_wconf 86' lang='grc' dir='ltr'>δι’</span> <span class='ocrx_word' id='word_1_337' title='bbox 826 4683 987 4735; x_wconf 80' lang='grc' dir='ltr'>αὐτὸν</span> <span class='ocrx_word' id='word_1_338' title='bbox 1013 4685 1392 4754; x_wconf 74' lang='grc' dir='ltr'>πτωχεύοντάς</span> <span class='ocrx_word' id='word_1_339' title='bbox 1430 4707 1613 4760; x_wconf 77' lang='grc' dir='ltr'>φησιν,</span> <span class='ocrx_word' id='word_1_340' title='bbox 1646 4694 1695 4745; x_wconf 78' lang='grc' dir='ltr'>οἳ</span> 
     </span>
    </p>
   </div>
   <div class='ocr_carea' id='block_1_49' title="bbox 120 4769 1692 4848">
    <p class='ocr_par' dir='ltr' id='par_1_49' title="bbox 120 4769 1692 4848">
     <span class='ocr_line' id='line_1_49' title="bbox 120 4769 1692 4848; baseline 0.01 -27"><span class='ocrx_word' id='word_1_341' title='bbox 120 4769 198 4823; x_wconf 74' lang='grc' dir='ltr'>καὶ</span> <span class='ocrx_word' id='word_1_342' title='bbox 228 4770 313 4825; x_wconf 76' lang='grc' dir='ltr'>διὰ</span> <span class='ocrx_word' id='word_1_343' title='bbox 365 4771 585 4835; x_wconf 74' lang='grc' dir='ltr'>παντὸς</span> <span class='ocrx_word' id='word_1_344' title='bbox 640 4771 739 4836; x_wconf 85' lang='grc' dir='ltr'>τὰς</span> <span class='ocrx_word' id='word_1_345' title='bbox 795 4775 930 4844; x_wconf 76' lang='grc' dir='ltr'>πρὸς</span> <span class='ocrx_word' id='word_1_346' title='bbox 953 4774 1113 4829; x_wconf 84' lang='grc' dir='ltr'>αὑτὸν</span> <span class='ocrx_word' id='word_1_347' title='bbox 1159 4778 1364 4842; x_wconf 78' lang='grc' dir='ltr'>ἱκεσίας</span> <span class='ocrx_word' id='word_1_348' title='bbox 1395 4782 1692 4848; x_wconf 79' lang='grc' dir='ltr'>ποιοῦντες,</span> 
     </span>
    </p>
   </div>
   <div class='ocr_carea' id='block_1_50' title="bbox 119 4859 1695 4946">
    <p class='ocr_par' dir='ltr' id='par_1_50' title="bbox 119 4859 1695 4946">
     <span class='ocr_line' id='line_1_50' title="bbox 119 4859 1695 4946; baseline 0.011 -34"><span class='ocrx_word' id='word_1_349' title='bbox 119 4859 378 4933; x_wconf 68' lang='grc' dir='ltr'>ἐκδίκησιν</span> <span class='ocrx_word' id='word_1_350' title='bbox 406 4863 528 4916; x_wconf 88' lang='grc' dir='ltr'><strong>τῶν</strong></span> <span class='ocrx_word' id='word_1_351' title='bbox 570 4865 693 4915; x_wconf 86' lang='grc' dir='ltr'>κατ’</span> <span class='ocrx_word' id='word_1_352' title='bbox 716 4863 895 4917; x_wconf 81' lang='grc' dir='ltr'>αὐτῶν</span> <span class='ocrx_word' id='word_1_353' title='bbox 927 4866 1235 4937; x_wconf 79' lang='grc' dir='ltr'>γενομένων</span> <span class='ocrx_word' id='word_1_354' title='bbox 1285 4870 1505 4927; x_wconf 85' lang='grc' dir='ltr'>ἀδικιῶν</span> <span class='ocrx_word' id='word_1_355' title='bbox 1545 4876 1695 4946; x_wconf 76' lang='grc' dir='ltr'>παρὰ</span> 
     </span>
    </p>
   </div>
   <div class='ocr_carea' id='block_1_51' title="bbox 119 4950 876 5027">
    <p class='ocr_par' dir='ltr' id='par_1_51' title="bbox 119 4950 876 5027">
     <span class='ocr_line' id='line_1_51' title="bbox 119 4950 876 5027; baseline 0.011 -26"><span class='ocrx_word' id='word_1_356' title='bbox 119 4950 208 5004; x_wconf 80' lang='grc' dir='ltr'><strong>τῶν</strong></span> <span class='ocrx_word' id='word_1_357' title='bbox 234 4953 519 5025; x_wconf 76' lang='grc' dir='ltr'>δαιμόνων</span> <span class='ocrx_word' id='word_1_358' title='bbox 548 4952 876 5027; x_wconf 79' lang='grc' dir='ltr'>αἰτοῦντες.]</span> 
     </span>
    </p>
   </div>
   <div class='ocr_carea' id='block_1_52' title="bbox 186 5047 1690 5120">
    <p class='ocr_par' dir='ltr' id='par_1_52' title="bbox 186 5047 1690 5120">
     <span class='ocr_line' id='line_1_52' title="bbox 186 5047 1690 5120; baseline 0.013 -21"><span class='ocrx_word' id='word_1_359' title='bbox 186 5047 242 5099; x_wconf 91' lang='lat'><strong>&#39;0</strong></span> <span class='ocrx_word' id='word_1_360' title='bbox 273 5050 457 5117; x_wconf 69' lang='grc' dir='ltr'><strong>ὑψῶν</strong></span> <span class='ocrx_word' id='word_1_361' title='bbox 484 5066 572 5120; x_wconf 78' lang='grc' dir='ltr'><strong>με</strong></span> <span class='ocrx_word' id='word_1_362' title='bbox 615 5049 683 5102; x_wconf 78' lang='grc' dir='ltr'><strong>ἐκ</strong></span> <span class='ocrx_word' id='word_1_363' title='bbox 712 5049 831 5102; x_wconf 73' lang='grc' dir='ltr'>τῶν</span> <span class='ocrx_word' id='word_1_364' title='bbox 880 5052 1090 5106; x_wconf 76' lang='grc' dir='ltr'>πυλῶν</span> <span class='ocrx_word' id='word_1_365' title='bbox 1134 5055 1241 5109; x_wconf 88' lang='grc' dir='ltr'>τοῦ</span> <span class='ocrx_word' id='word_1_366' title='bbox 1282 5059 1559 5116; x_wconf 80' lang='grc' dir='ltr'>θανάτου.</span> <span class='ocrx_word' id='word_1_367' title='bbox 1593 5065 1690 5119; x_wconf 78' lang='grc' dir='ltr'>Διά</span> 
     </span>
    </p>
   </div>
   <div class='ocr_carea' id='block_1_53' title="bbox 118 5135 1691 5228">
    <p class='ocr_par' dir='ltr' id='par_1_53' title="bbox 118 5135 1691 5228">
     <span class='ocr_line' id='line_1_53' title="bbox 118 5135 1691 5228; baseline 0.012 -38"><span class='ocrx_word' id='word_1_368' title='bbox 118 5135 251 5193; x_wconf 76' lang='grc' dir='ltr'>τοῦτο</span> <span class='ocrx_word' id='word_1_369' title='bbox 279 5140 533 5212; x_wconf 77' lang='grc' dir='ltr'>ἐγείρεις</span> <span class='ocrx_word' id='word_1_370' title='bbox 557 5141 625 5192; x_wconf 82' lang='grc' dir='ltr'><strong>ἐκ</strong></span> <span class='ocrx_word' id='word_1_371' title='bbox 655 5140 758 5212; x_wconf 84' lang='grc' dir='ltr'>γῆς</span> <span class='ocrx_word' id='word_1_372' title='bbox 782 5142 1183 5212; x_wconf 67' lang='grc' dir='ltr'>ταπεινώσεως,</span> <span class='ocrx_word' id='word_1_373' title='bbox 1226 5148 1313 5203; x_wconf 80' lang='grc' dir='ltr'><strong>ἵνα</strong></span> <span class='ocrx_word' id='word_1_374' title='bbox 1339 5154 1405 5222; x_wconf 80' lang='grc' dir='ltr'>τῇ</span> <span class='ocrx_word' id='word_1_375' title='bbox 1455 5155 1691 5228; x_wconf 85' lang='grc' dir='ltr'>ἐπουρα-</span> 
     </span>
    </p>
   </div>
   <div class='ocr_carea' id='block_1_54' title="bbox 119 5230 772 5302">
    <p class='ocr_par' dir='ltr' id='par_1_54' title="bbox 119 5230 772 5302">
     <span class='ocr_line' id='line_1_54' title="bbox 119 5230 772 5302; baseline 0.006 -22"><span class='ocrx_word' id='word_1_376' title='bbox 119 5230 198 5296; x_wconf 73' lang='grc' dir='ltr'>νίῳ</span> <span class='ocrx_word' id='word_1_377' title='bbox 222 5230 591 5302; x_wconf 71' lang='grc' dir='ltr'>συγχορεὺσω</span> <span class='ocrx_word' id='word_1_378' title='bbox 612 5230 772 5285; x_wconf 85' lang='grc' dir='ltr'>Σιών.</span> 
     </span>
    </p>
   </div>
   <div class='ocr_carea' id='block_1_55' title="bbox 178 5318 1688 5404">
    <p class='ocr_par' dir='ltr' id='par_1_55' title="bbox 178 5318 1688 5404">
     <span class='ocr_line' id='line_1_55' title="bbox 178 5318 1688 5404; baseline 0.009 -31"><span class='ocrx_word' id='word_1_379' title='bbox 178 5318 308 5392; x_wconf 71' lang='grc' dir='ltr'><strong>[Ἐν</strong></span> <span class='ocrx_word' id='word_1_380' title='bbox 366 5326 609 5389; x_wconf 66' lang='grc' dir='ltr'>πύλαις</span> <span class='ocrx_word' id='word_1_381' title='bbox 649 5321 758 5390; x_wconf 82' lang='grc' dir='ltr'>τῆς</span> <span class='ocrx_word' id='word_1_382' title='bbox 784 5325 1073 5394; x_wconf 76' lang='grc' dir='ltr'>θυγατρὸς</span> <span class='ocrx_word' id='word_1_383' title='bbox 1100 5327 1269 5382; x_wconf 79' lang='grc' dir='ltr'>Σιών.</span> <span class='ocrx_word' id='word_1_384' title='bbox 1320 5331 1406 5383; x_wconf 86' lang='grc' dir='ltr'>Ἑν</span> <span class='ocrx_word' id='word_1_385' title='bbox 1436 5338 1500 5404; x_wconf 83' lang='grc' dir='ltr'>τῇ</span> <span class='ocrx_word' id='word_1_386' title='bbox 1532 5336 1688 5387; x_wconf 80' lang='grc' dir='ltr'>ἐπου-</span> 
     </span>
    </p>
   </div>
   <div class='ocr_carea' id='block_1_56' title="bbox 123 5415 1693 5498">
    <p class='ocr_par' dir='ltr' id='par_1_56' title="bbox 123 5415 1693 5498">
     <span class='ocr_line' id='line_1_56' title="bbox 123 5415 1693 5498; baseline 0.012 -36"><span class='ocrx_word' id='word_1_387' title='bbox 123 5415 265 5483; x_wconf 77' lang='grc' dir='ltr'>ρανίῳ</span> <span class='ocrx_word' id='word_1_388' title='bbox 298 5415 697 5488; x_wconf 84' lang='grc' dir='ltr'>Ἰερουσαλήμ.</span> <span class='ocrx_word' id='word_1_389' title='bbox 740 5416 831 5485; x_wconf 82' lang='grc' dir='ltr'>Τὸ,</span> <span class='ocrx_word' id='word_1_390' title='bbox 856 5418 1208 5489; x_wconf 70' lang='grc' dir='ltr'>ἐπαγγείλω,</span> <span class='ocrx_word' id='word_1_391' title='bbox 1245 5424 1364 5476; x_wconf 76' lang='grc' dir='ltr'>ἀντὶ</span> <span class='ocrx_word' id='word_1_392' title='bbox 1401 5425 1494 5479; x_wconf 77' lang='grc' dir='ltr'>τοῦ</span> <span class='ocrx_word' id='word_1_393' title='bbox 1517 5468 1531 5492; x_wconf 94' lang='grc'><strong>,</strong></span> <span class='ocrx_word' id='word_1_394' title='bbox 1568 5444 1693 5498; x_wconf 87' lang='grc' dir='ltr'>χρο-</span> 
     </span>
    </p>
   </div>
   <div class='ocr_carea' id='block_1_57' title="bbox 121 5502 523 5581">
    <p class='ocr_par' dir='ltr' id='par_1_57' title="bbox 121 5502 523 5581">
     <span class='ocr_line' id='line_1_57' title="bbox 121 5502 523 5581; baseline 0.027 -29"><span class='ocrx_word' id='word_1_395' title='bbox 121 5502 224 5570; x_wconf 85' lang='grc' dir='ltr'>νίως</span> <span class='ocrx_word' id='word_1_396' title='bbox 262 5506 523 5581; x_wconf 55' lang='grc' dir='ltr'>ᾄσομαι]</span> 
     </span>
    </p>
   </div>
   <div class='ocr_carea' id='block_1_58' title="bbox 176 5599 1691 5685">
    <p class='ocr_par' dir='ltr' id='par_1_58' title="bbox 176 5599 1691 5685">
     <span class='ocr_line' id='line_1_58' title="bbox 176 5599 1691 5685; baseline 0.011 -36"><span class='ocrx_word' id='word_1_397' title='bbox 176 5599 545 5654; x_wconf 63' lang='lat' dir='ltr'><strong>Pis-tinxerat</strong></span> <span class='ocrx_word' id='word_1_398' title='bbox 578 5600 798 5668; x_wconf 82' lang='grc' dir='ltr'>Κύριος</span> <span class='ocrx_word' id='word_1_399' title='bbox 822 5601 1074 5671; x_wconf 79' lang='grc' dir='ltr'>κρίματα</span> <span class='ocrx_word' id='word_1_400' title='bbox 1112 5605 1312 5660; x_wconf 82' lang='grc' dir='ltr'>ποιῶν.</span> <span class='ocrx_word' id='word_1_401' title='bbox 1353 5609 1544 5680; x_wconf 86' lang='grc' dir='ltr'>Κρίμα</span> <span class='ocrx_word' id='word_1_402' title='bbox 1585 5612 1691 5685; x_wconf 89' lang='grc' dir='ltr'><strong>γάρ</strong></span> 
     </span>
    </p>
   </div>
   <div class='ocr_carea' id='block_1_59' title="bbox 121 5685 1692 5769">
    <p class='ocr_par' dir='ltr' id='par_1_59' title="bbox 121 5685 1692 5769">
     <span class='ocr_line' id='line_1_59' title="bbox 121 5685 1692 5769; baseline 0.01 -25"><span class='ocrx_word' id='word_1_403' title='bbox 121 5685 309 5762; x_wconf 67' lang='grc' dir='ltr'>ἀληθῶς</span> <span class='ocrx_word' id='word_1_404' title='bbox 343 5693 571 5748; x_wconf 77' lang='grc' dir='ltr'>δίκαιον</span> <span class='ocrx_word' id='word_1_405' title='bbox 613 5691 677 5744; x_wconf 80' lang='grc' dir='ltr'>τὸ</span> <span class='ocrx_word' id='word_1_406' title='bbox 704 5695 829 5757; x_wconf 79' lang='grc' dir='ltr'>τοὺς</span> <span class='ocrx_word' id='word_1_407' title='bbox 865 5698 1376 5764; x_wconf 81' lang='grc' dir='ltr'>κατασκευάσαντας</span> <span class='ocrx_word' id='word_1_408' title='bbox 1423 5702 1692 5769; x_wconf 82' lang='grc' dir='ltr'>ἀνθρώπω</span> 
     </span>
    </p>
   </div>
   <div class='ocr_carea' id='block_1_60' title="bbox 180 5804 1164 5875">
    <p class='ocr_par' dir='ltr' id='par_1_60' title="bbox 180 5804 1164 5875">
     <span class='ocr_line' id='line_1_60' title="bbox 180 5804 1164 5875; baseline 0.007 -16"><span class='ocrx_word' id='word_1_409' title='bbox 180 5804 331 5861; x_wconf 81' lang='lat' dir='ltr'><strong>&quot;lsa.</strong></span> <span class='ocrx_word' id='word_1_410' title='bbox 377 5824 513 5873; x_wconf 72' lang='lat' dir='ltr'><strong>xxv,</strong></span> <span class='ocrx_word' id='word_1_411' title='bbox 560 5807 621 5863; x_wconf 77' lang='lat'><strong>‘2.</strong></span> <span class='ocrx_word' id='word_1_412' title='bbox 700 5809 768 5842; x_wconf 82' lang='lat'><strong>“‘</strong></span> <span class='ocrx_word' id='word_1_413' title='bbox 802 5806 903 5864; x_wconf 85' lang='lat' dir='ltr'><strong>lsa.</strong></span> <span class='ocrx_word' id='word_1_414' title='bbox 934 5826 1082 5875; x_wconf 77' lang='lat' dir='ltr'><strong>xm.</strong></span> <span class='ocrx_word' id='word_1_415' title='bbox 1112 5813 1164 5867; x_wconf 75' lang='lat'><strong>2.</strong></span> 
     </span>
    </p>
   </div>
   <div class='ocr_carea' id='block_1_61' title="bbox 1814 545 3380 632">
    <p class='ocr_par' dir='ltr' id='par_1_61' title="bbox 1814 545 3380 632">
     <span class='ocr_line' id='line_1_61' title="bbox 1814 545 3380 632; baseline -0.013 -14"><span class='ocrx_word' id='word_1_416' title='bbox 1814 572 1976 632; x_wconf 87' lang='lat' dir='ltr'><strong>atque</strong></span> <span class='ocrx_word' id='word_1_417' title='bbox 2004 558 2180 615; x_wconf 89' lang='lat' dir='ltr'><strong>deleto</strong></span> <span class='ocrx_word' id='word_1_418' title='bbox 2226 556 2478 611; x_wconf 76' lang='lat' dir='ltr'><strong>altarium</strong></span> <span class='ocrx_word' id='word_1_419' title='bbox 2514 553 2634 622; x_wconf 86' lang='lat' dir='ltr'><strong>ejus</strong></span> <span class='ocrx_word' id='word_1_420' title='bbox 2656 549 2866 603; x_wconf 87' lang='lat' dir='ltr'><strong>nidore.</strong></span> <span class='ocrx_word' id='word_1_421' title='bbox 2899 546 3196 617; x_wconf 82' lang='lat' dir='ltr'><strong>Postquam</strong></span> <span class='ocrx_word' id='word_1_422' title='bbox 3234 545 3380 600; x_wconf 89' lang='lat' dir='ltr'><strong>enim</strong></span> 
     </span>
    </p>
   </div>
   <div class='ocr_carea' id='block_1_62' title="bbox 1813 642 3381 726">
    <p class='ocr_par' dir='ltr' id='par_1_62' title="bbox 1813 642 3381 726">
     <span class='ocr_line' id='line_1_62' title="bbox 1813 642 3381 726; baseline -0.009 -18"><span class='ocrx_word' id='word_1_423' title='bbox 1813 664 2002 726; x_wconf 79' lang='lat' dir='ltr'><strong>gentes</strong></span> <span class='ocrx_word' id='word_1_424' title='bbox 2034 653 2345 720; x_wconf 73' lang='lat' dir='ltr'><strong>increpatte,</strong></span> <span class='ocrx_word' id='word_1_425' title='bbox 2380 655 2436 701; x_wconf 86' lang='lat' dir='ltr'><strong>et</strong></span> <span class='ocrx_word' id='word_1_426' title='bbox 2481 644 2547 699; x_wconf 88' lang='lat' dir='ltr'><strong>ad</strong></span> <span class='ocrx_word' id='word_1_427' title='bbox 2582 642 2871 699; x_wconf 88' lang='lat' dir='ltr'><strong>Dominum</strong></span> <span class='ocrx_word' id='word_1_428' title='bbox 2908 654 3183 695; x_wconf 64' lang='lat' dir='ltr'><strong>conversae</strong></span> <span class='ocrx_word' id='word_1_429' title='bbox 3230 648 3381 694; x_wconf 88' lang='lat' dir='ltr'><strong>sunt.</strong></span> 
     </span>
    </p>
   </div>
   <div class='ocr_carea' id='block_1_63' title="bbox 1810 731 3379 816">
    <p class='ocr_par' dir='ltr' id='par_1_63' title="bbox 1810 731 3379 816">
     <span class='ocr_line' id='line_1_63' title="bbox 1810 731 3379 816; baseline -0.011 -17"><span class='ocrx_word' id='word_1_430' title='bbox 1810 746 1901 816; x_wconf 86' lang='lat' dir='ltr'><strong>qui</strong></span> <span class='ocrx_word' id='word_1_431' title='bbox 1942 746 1995 798; x_wconf 89' lang='lat' dir='ltr'><strong>in</strong></span> <span class='ocrx_word' id='word_1_432' title='bbox 2032 743 2167 813; x_wconf 87' lang='lat' dir='ltr'><strong>ipsis</strong></span> <span class='ocrx_word' id='word_1_433' title='bbox 2216 747 2399 809; x_wconf 88' lang='lat' dir='ltr'><strong>utpote</strong></span> <span class='ocrx_word' id='word_1_434' title='bbox 2444 733 2878 805; x_wconf 75' lang='lat' dir='ltr'><strong>inobsequentize</strong></span> <span class='ocrx_word' id='word_1_435' title='bbox 2924 731 3051 785; x_wconf 79' lang='lat' dir='ltr'><strong>[iliis</strong></span> <span class='ocrx_word' id='word_1_436' title='bbox 3084 733 3192 785; x_wconf 88' lang='lat' dir='ltr'><strong>vim</strong></span> <span class='ocrx_word' id='word_1_437' title='bbox 3224 745 3379 785; x_wconf 89' lang='lat' dir='ltr'><strong>suam</strong></span> 
     </span>
    </p>
   </div>
   <div class='ocr_carea' id='block_1_64' title="bbox 1808 824 3378 900">
    <p class='ocr_par' dir='ltr' id='par_1_64' title="bbox 1808 824 3378 900">
     <span class='ocr_line' id='line_1_64' title="bbox 1808 824 3378 900; baseline -0.012 -7"><span class='ocrx_word' id='word_1_438' title='bbox 1808 838 2119 900; x_wconf 78' lang='lat' dir='ltr'><strong>exercebat,</strong></span> <span class='ocrx_word' id='word_1_439' title='bbox 2177 833 2428 889; x_wconf 89' lang='lat' dir='ltr'><strong>diabolus</strong></span> <span class='ocrx_word' id='word_1_440' title='bbox 2485 830 2715 892; x_wconf 84' lang='lat' dir='ltr'><strong>scilicet,</strong></span> <span class='ocrx_word' id='word_1_441' title='bbox 2770 843 2877 881; x_wconf 87' lang='lat' dir='ltr'><strong>una</strong></span> <span class='ocrx_word' id='word_1_442' title='bbox 2934 840 3059 880; x_wconf 89' lang='lat' dir='ltr'><strong>eum</strong></span> <span class='ocrx_word' id='word_1_443' title='bbox 3110 824 3378 879; x_wconf 85' lang='lat' dir='ltr'><strong>idolorum</strong></span> 
     </span>
    </p>
   </div>
   <div class='ocr_carea' id='block_1_65' title="bbox 1810 913 3381 999">
    <p class='ocr_par' dir='ltr' id='par_1_65' title="bbox 1810 913 3381 999">
     <span class='ocr_line' id='line_1_65' title="bbox 1810 913 3381 999; baseline -0.011 -15"><span class='ocrx_word' id='word_1_444' title='bbox 1810 929 2027 999; x_wconf 89' lang='lat' dir='ltr'><strong>templis</strong></span> <span class='ocrx_word' id='word_1_445' title='bbox 2068 926 2248 997; x_wconf 89' lang='lat' dir='ltr'><strong>periit,</strong></span> <span class='ocrx_word' id='word_1_446' title='bbox 2297 939 2419 995; x_wconf 66' lang='lat' dir='ltr'><strong>quae</strong></span> <span class='ocrx_word' id='word_1_447' title='bbox 2459 938 2559 977; x_wconf 90' lang='lat' dir='ltr'><strong>ceu</strong></span> <span class='ocrx_word' id='word_1_448' title='bbox 2605 921 2854 976; x_wconf 84' lang='lat' dir='ltr'><strong>civitates</strong></span> <span class='ocrx_word' id='word_1_449' title='bbox 2884 916 3151 988; x_wconf 61' lang='lat' dir='ltr'><strong>quaedam,</strong></span> <span class='ocrx_word' id='word_1_450' title='bbox 3206 913 3381 969; x_wconf 85' lang='lat' dir='ltr'><strong>conti-</strong></span> 
     </span>
    </p>
   </div>
   <div class='ocr_carea' id='block_1_66' title="bbox 1809 1006 3377 1088">
    <p class='ocr_par' dir='ltr' id='par_1_66' title="bbox 1809 1006 3377 1088">
     <span class='ocr_line' id='line_1_66' title="bbox 1809 1006 3377 1088; baseline -0.012 -12"><span class='ocrx_word' id='word_1_451' title='bbox 1809 1022 2013 1076; x_wconf 89' lang='lat' dir='ltr'><strong>nebant</strong></span> <span class='ocrx_word' id='word_1_452' title='bbox 2044 1035 2140 1074; x_wconf 91' lang='lat' dir='ltr'><strong>eos</strong></span> <span class='ocrx_word' id='word_1_453' title='bbox 2166 1019 2261 1088; x_wconf 87' lang='lat' dir='ltr'><strong>qui</strong></span> <span class='ocrx_word' id='word_1_454' title='bbox 2297 1015 2633 1087; x_wconf 85' lang='lat' dir='ltr'><strong>impietatem</strong></span> <span class='ocrx_word' id='word_1_455' title='bbox 2678 1011 3048 1066; x_wconf 85' lang='lat' dir='ltr'><strong>sectabantur.</strong></span> <span class='ocrx_word' id='word_1_456' title='bbox 3077 1006 3255 1075; x_wconf 83' lang='lat' dir='ltr'><strong>Atque</strong></span> <span class='ocrx_word' id='word_1_457' title='bbox 3304 1006 3377 1057; x_wconf 88' lang='lat' dir='ltr'><strong>ita</strong></span> 
     </span>
    </p>
   </div>
   <div class='ocr_carea' id='block_1_67' title="bbox 1807 1107 3381 1181">
    <p class='ocr_par' dir='ltr' id='par_1_67' title="bbox 1807 1107 3381 1181">
     <span class='ocr_line' id='line_1_67' title="bbox 1807 1107 3381 1181; baseline -0.013 -9"><span class='ocrx_word' id='word_1_458' title='bbox 1807 1117 1983 1172; x_wconf 87' lang='lat' dir='ltr'><strong>deleta</strong></span> <span class='ocrx_word' id='word_1_459' title='bbox 2014 1124 2165 1181; x_wconf 90' lang='lat' dir='ltr'><strong>sunt,</strong></span> <span class='ocrx_word' id='word_1_460' title='bbox 2195 1122 2256 1169; x_wconf 89' lang='lat' dir='ltr'><strong>ut</strong></span> <span class='ocrx_word' id='word_1_461' title='bbox 2283 1128 2350 1167; x_wconf 91' lang='lat' dir='ltr'><strong>ne</strong></span> <span class='ocrx_word' id='word_1_462' title='bbox 2375 1110 2664 1179; x_wconf 74' lang='lat' dir='ltr'><strong>vestigium</strong></span> <span class='ocrx_word' id='word_1_463' title='bbox 2686 1107 2907 1177; x_wconf 86' lang='lat' dir='ltr'><strong>quidem</strong></span> <span class='ocrx_word' id='word_1_464' title='bbox 2940 1117 3129 1158; x_wconf 89' lang='lat' dir='ltr'><strong>eorum</strong></span> <span class='ocrx_word' id='word_1_465' title='bbox 3164 1114 3381 1155; x_wconf 85' lang='lat' dir='ltr'><strong>reman-</strong></span> 
     </span>
    </p>
   </div>
   <div class='ocr_carea' id='block_1_68' title="bbox 1808 1191 3378 1270">
    <p class='ocr_par' dir='ltr' id='par_1_68' title="bbox 1808 1191 3378 1270">
     <span class='ocr_line' id='line_1_68' title="bbox 1808 1191 3378 1270; baseline -0.013 -9"><span class='ocrx_word' id='word_1_466' title='bbox 1808 1208 1960 1261; x_wconf 86' lang='lat' dir='ltr'><strong>serit.</strong></span> <span class='ocrx_word' id='word_1_467' title='bbox 1994 1204 2178 1259; x_wconf 89' lang='lat' dir='ltr'><strong>Potest</strong></span> <span class='ocrx_word' id='word_1_468' title='bbox 2211 1202 2342 1257; x_wconf 91' lang='lat' dir='ltr'><strong>illud</strong></span> <span class='ocrx_word' id='word_1_469' title='bbox 2378 1202 2445 1255; x_wconf 89' lang='lat' dir='ltr'><strong>de</strong></span> <span class='ocrx_word' id='word_1_470' title='bbox 2481 1208 2757 1270; x_wconf 89' lang='lat' dir='ltr'><strong>postremo</strong></span> <span class='ocrx_word' id='word_1_471' title='bbox 2792 1208 3012 1264; x_wconf 88' lang='lat' dir='ltr'><strong>quoque</strong></span> <span class='ocrx_word' id='word_1_472' title='bbox 3039 1191 3247 1262; x_wconf 79' lang='lat' dir='ltr'><strong>judicio</strong></span> <span class='ocrx_word' id='word_1_473' title='bbox 3280 1205 3378 1243; x_wconf 74' lang='lat' dir='ltr'><strong>cx-</strong></span> 
     </span>
    </p>
   </div>
   <div class='ocr_carea' id='block_1_69' title="bbox 1809 1281 3376 1366">
    <p class='ocr_par' dir='ltr' id='par_1_69' title="bbox 1809 1281 3376 1366">
     <span class='ocr_line' id='line_1_69' title="bbox 1809 1281 3376 1366; baseline -0.009 -17"><span class='ocrx_word' id='word_1_474' title='bbox 1809 1297 1995 1366; x_wconf 90' lang='lat' dir='ltr'><strong>plicari</strong></span> <span class='ocrx_word' id='word_1_475' title='bbox 2027 1314 2042 1363; x_wconf 87' lang='lat'>;</span> <span class='ocrx_word' id='word_1_476' title='bbox 2079 1306 2206 1350; x_wconf 91' lang='lat' dir='ltr'><strong>tunc</strong></span> <span class='ocrx_word' id='word_1_477' title='bbox 2237 1296 2382 1348; x_wconf 89' lang='lat' dir='ltr'><strong>enim</strong></span> <span class='ocrx_word' id='word_1_478' title='bbox 2428 1289 2721 1359; x_wconf 85' lang='lat' dir='ltr'><strong>increpatis</strong></span> <span class='ocrx_word' id='word_1_479' title='bbox 2751 1284 3149 1356; x_wconf 84' lang='lat' dir='ltr'><strong>peccatoribus,</strong></span> <span class='ocrx_word' id='word_1_480' title='bbox 3185 1281 3376 1336; x_wconf 82' lang='lat' dir='ltr'><strong>diabo-</strong></span> 
     </span>
    </p>
   </div>
   <div class='ocr_carea' id='block_1_70' title="bbox 1806 1370 3380 1456">
    <p class='ocr_par' dir='ltr' id='par_1_70' title="bbox 1806 1370 3380 1456">
     <span class='ocr_line' id='line_1_70' title="bbox 1806 1370 3380 1456; baseline -0.011 -15"><span class='ocrx_word' id='word_1_481' title='bbox 1806 1389 1917 1451; x_wconf 91' lang='lat' dir='ltr'><strong>lus,</strong></span> <span class='ocrx_word' id='word_1_482' title='bbox 1944 1388 2038 1456; x_wconf 91' lang='lat' dir='ltr'><strong>qui</strong></span> <span class='ocrx_word' id='word_1_483' title='bbox 2067 1385 2285 1456; x_wconf 87' lang='lat' dir='ltr'><strong>proprie</strong></span> <span class='ocrx_word' id='word_1_484' title='bbox 2322 1382 2522 1451; x_wconf 89' lang='lat' dir='ltr'><strong>impius</strong></span> <span class='ocrx_word' id='word_1_485' title='bbox 2562 1379 2734 1443; x_wconf 88' lang='lat' dir='ltr'><strong>audit,</strong></span> <span class='ocrx_word' id='word_1_486' title='bbox 2765 1375 3008 1431; x_wconf 81' lang='lat' dir='ltr'><strong>funditus</strong></span> <span class='ocrx_word' id='word_1_487' title='bbox 3040 1373 3254 1443; x_wconf 86' lang='lat' dir='ltr'><strong>peribit.</strong></span> <span class='ocrx_word' id='word_1_488' title='bbox 3283 1370 3380 1426; x_wconf 70' lang='lat' dir='ltr'><strong>(li-</strong></span> 
     </span>
    </p>
   </div>
   <div class='ocr_carea' id='block_1_71' title="bbox 1806 1462 3380 1545">
    <p class='ocr_par' dir='ltr' id='par_1_71' title="bbox 1806 1462 3380 1545">
     <span class='ocr_line' id='line_1_71' title="bbox 1806 1462 3380 1545; baseline -0.011 -13"><span class='ocrx_word' id='word_1_489' title='bbox 1806 1478 2003 1533; x_wconf 87' lang='lat' dir='ltr'><strong>vitates</strong></span> <span class='ocrx_word' id='word_1_490' title='bbox 2037 1490 2223 1545; x_wconf 90' lang='lat' dir='ltr'><strong>porro,</strong></span> <span class='ocrx_word' id='word_1_491' title='bbox 2258 1473 2546 1537; x_wconf 82' lang='lat' dir='ltr'><strong>exstincta,</strong></span> <span class='ocrx_word' id='word_1_492' title='bbox 2599 1484 2719 1538; x_wconf 64' lang='lat' dir='ltr'><strong>quae</strong></span> <span class='ocrx_word' id='word_1_493' title='bbox 2762 1468 2814 1520; x_wconf 90' lang='lat' dir='ltr'><strong>in</strong></span> <span class='ocrx_word' id='word_1_494' title='bbox 2870 1466 3003 1535; x_wconf 89' lang='lat' dir='ltr'><strong>ipsis</strong></span> <span class='ocrx_word' id='word_1_495' title='bbox 3051 1472 3176 1517; x_wconf 87' lang='lat' dir='ltr'><strong>ante</strong></span> <span class='ocrx_word' id='word_1_496' title='bbox 3200 1462 3380 1518; x_wconf 84' lang='lat' dir='ltr'><strong>domi-</strong></span> 
     </span>
    </p>
   </div>
   <div class='ocr_carea' id='block_1_72' title="bbox 1808 1553 3376 1637">
    <p class='ocr_par' dir='ltr' id='par_1_72' title="bbox 1808 1553 3376 1637">
     <span class='ocr_line' id='line_1_72' title="bbox 1808 1553 3376 1637; baseline -0.011 -11"><span class='ocrx_word' id='word_1_497' title='bbox 1808 1572 2062 1633; x_wconf 87' lang='lat' dir='ltr'><strong>nabatur,</strong></span> <span class='ocrx_word' id='word_1_498' title='bbox 2091 1568 2389 1637; x_wconf 91' lang='lat' dir='ltr'><strong>impietate,</strong></span> <span class='ocrx_word' id='word_1_499' title='bbox 2415 1562 2702 1619; x_wconf 67' lang='lat' dir='ltr'><strong>aediﬁcium</strong></span> <span class='ocrx_word' id='word_1_500' title='bbox 2727 1559 2946 1629; x_wconf 89' lang='lat' dir='ltr'><strong>pietatis</strong></span> <span class='ocrx_word' id='word_1_501' title='bbox 2969 1553 3376 1625; x_wconf 72' lang='lat' dir='ltr'><strong>susceperunt.)</strong></span> 
     </span>
    </p>
   </div>
   <div class='ocr_carea' id='block_1_73' title="bbox 1878 1648 3379 1729">
    <p class='ocr_par' dir='ltr' id='par_1_73' title="bbox 1878 1648 3379 1729">
     <span class='ocr_line' id='line_1_73' title="bbox 1878 1648 3379 1729; baseline -0.008 -13"><span class='ocrx_word' id='word_1_502' title='bbox 1878 1664 1929 1716; x_wconf 86' lang='lat'><strong>7.</strong></span> <span class='ocrx_word' id='word_1_503' title='bbox 1961 1661 2175 1716; x_wconf 80' lang='lat' dir='ltr'><strong>Inimici</strong></span> <span class='ocrx_word' id='word_1_504' title='bbox 2212 1659 2514 1729; x_wconf 85' lang='lat' dir='ltr'><strong>defecerunt</strong></span> <span class='ocrx_word' id='word_1_505' title='bbox 2564 1656 2778 1725; x_wconf 74' lang='lat' dir='ltr'><strong>framea:</strong></span> <span class='ocrx_word' id='word_1_506' title='bbox 2808 1654 2864 1705; x_wconf 87' lang='lat' dir='ltr'><strong>in</strong></span> <span class='ocrx_word' id='word_1_507' title='bbox 2910 1652 3087 1721; x_wconf 74' lang='lat' dir='ltr'><strong>ﬁnem.</strong></span> <span class='ocrx_word' id='word_1_508' title='bbox 3120 1648 3379 1714; x_wconf 75' lang='lat' dir='ltr'><strong>Erameas</strong></span> 
     </span>
    </p>
   </div>
   <div class='ocr_carea' id='block_1_74' title="bbox 1805 1743 3378 1816">
    <p class='ocr_par' dir='ltr' id='par_1_74' title="bbox 1805 1743 3378 1816">
     <span class='ocr_line' id='line_1_74' title="bbox 1805 1743 3378 1816; baseline -0.011 -6"><span class='ocrx_word' id='word_1_509' title='bbox 1805 1755 2007 1810; x_wconf 90' lang='lat' dir='ltr'><strong>diaboli</strong></span> <span class='ocrx_word' id='word_1_510' title='bbox 2035 1752 2380 1808; x_wconf 87' lang='lat' dir='ltr'><strong>adversarias</strong></span> <span class='ocrx_word' id='word_1_511' title='bbox 2409 1748 2542 1803; x_wconf 89' lang='lat' dir='ltr'><strong>dicit</strong></span> <span class='ocrx_word' id='word_1_512' title='bbox 2571 1756 2889 1816; x_wconf 87' lang='lat' dir='ltr'><strong>potestates,</strong></span> <span class='ocrx_word' id='word_1_513' title='bbox 2932 1743 3135 1813; x_wconf 83' lang='lat' dir='ltr'><strong>quibus</strong></span> <span class='ocrx_word' id='word_1_514' title='bbox 3184 1749 3378 1811; x_wconf 85' lang='lat' dir='ltr'><strong>potens</strong></span> 
     </span>
    </p>
   </div>
   <div class='ocr_carea' id='block_1_75' title="bbox 1806 1839 3379 1916">
    <p class='ocr_par' dir='ltr' id='par_1_75' title="bbox 1806 1839 3379 1916">
     <span class='ocr_line' id='line_1_75' title="bbox 1806 1839 3379 1916; baseline -0.008 -18"><span class='ocrx_word' id='word_1_515' title='bbox 1806 1846 1894 1899; x_wconf 94' lang='lat' dir='ltr'><strong>ille</strong></span> <span class='ocrx_word' id='word_1_516' title='bbox 1922 1854 2024 1900; x_wconf 90' lang='lat' dir='ltr'><strong>est.</strong></span> <span class='ocrx_word' id='word_1_517' title='bbox 2060 1843 2342 1916; x_wconf 83' lang='lat' dir='ltr'><strong>[Civitates</strong></span> <span class='ocrx_word' id='word_1_518' title='bbox 2370 1850 2497 1895; x_wconf 90' lang='lat' dir='ltr'><strong>sunt</strong></span> <span class='ocrx_word' id='word_1_519' title='bbox 2522 1839 2848 1893; x_wconf 69' lang='lat' dir='ltr'><strong>adversaria:</strong></span> <span class='ocrx_word' id='word_1_520' title='bbox 2892 1842 3211 1905; x_wconf 87' lang='lat' dir='ltr'><strong>potestates,</strong></span> <span class='ocrx_word' id='word_1_521' title='bbox 3257 1846 3379 1901; x_wconf 61' lang='lat' dir='ltr'><strong>qua</strong></span> 
     </span>
    </p>
   </div>
   <div class='ocr_carea' id='block_1_76' title="bbox 1804 1926 3379 2004">
    <p class='ocr_par' dir='ltr' id='par_1_76' title="bbox 1804 1926 3379 2004">
     <span class='ocr_line' id='line_1_76' title="bbox 1804 1926 3379 2004; baseline -0.008 -17"><span class='ocrx_word' id='word_1_522' title='bbox 1804 1934 1967 2004; x_wconf 89' lang='lat' dir='ltr'><strong>quasi</strong></span> <span class='ocrx_word' id='word_1_523' title='bbox 2005 1932 2259 1986; x_wconf 78' lang='lat' dir='ltr'><strong>civitates</strong></span> <span class='ocrx_word' id='word_1_524' title='bbox 2292 1928 2595 1998; x_wconf 67' lang='lat' dir='ltr'><strong>przcvalidaa</strong></span> <span class='ocrx_word' id='word_1_525' title='bbox 2625 1926 2796 1981; x_wconf 91' lang='lat' dir='ltr'><strong>muris</strong></span> <span class='ocrx_word' id='word_1_526' title='bbox 2846 1926 3144 1986; x_wconf 80' lang='lat' dir='ltr'><strong>instructae,</strong></span> <span class='ocrx_word' id='word_1_527' title='bbox 3192 1936 3379 1977; x_wconf 85' lang='lat' dir='ltr'><strong>errore</strong></span> 
     </span>
    </p>
   </div>
   <div class='ocr_carea' id='block_1_77' title="bbox 1804 2017 3378 2095">
    <p class='ocr_par' dir='ltr' id='par_1_77' title="bbox 1804 2017 3378 2095">
     <span class='ocr_line' id='line_1_77' title="bbox 1804 2017 3378 2095; baseline -0.008 -14"><span class='ocrx_word' id='word_1_528' title='bbox 1804 2028 2061 2095; x_wconf 85' lang='lat' dir='ltr'><strong>deceptos</strong></span> <span class='ocrx_word' id='word_1_529' title='bbox 2123 2024 2648 2093; x_wconf 88' lang='lat' dir='ltr'><strong>complectebantur.</strong></span> <span class='ocrx_word' id='word_1_530' title='bbox 2705 2018 2771 2073; x_wconf 87' lang='lat' dir='ltr'><strong>Et</strong></span> <span class='ocrx_word' id='word_1_531' title='bbox 2826 2017 3132 2088; x_wconf 79' lang='lat' dir='ltr'><strong>cujusmodi</strong></span> <span class='ocrx_word' id='word_1_532' title='bbox 3190 2030 3378 2087; x_wconf 65' lang='lat' dir='ltr'><strong>quaeso</strong></span> 
     </span>
    </p>
   </div>
   <div class='ocr_carea' id='block_1_78' title="bbox 1805 2107 3375 2179">
    <p class='ocr_par' dir='ltr' id='par_1_78' title="bbox 1805 2107 3375 2179">
     <span class='ocr_line' id='line_1_78' title="bbox 1805 2107 3375 2179; baseline -0.006 -11"><span class='ocrx_word' id='word_1_533' title='bbox 1805 2114 2053 2168; x_wconf 83' lang='lat' dir='ltr'><strong>civitates</strong></span> <span class='ocrx_word' id='word_1_534' title='bbox 2108 2113 2205 2176; x_wconf 92' lang='lat' dir='ltr'><strong>ait,</strong></span> <span class='ocrx_word' id='word_1_535' title='bbox 2254 2112 2357 2166; x_wconf 92' lang='lat' dir='ltr'><strong>nisi</strong></span> <span class='ocrx_word' id='word_1_536' title='bbox 2397 2126 2489 2165; x_wconf 89' lang='lat' dir='ltr'><strong>eas</strong></span> <span class='ocrx_word' id='word_1_537' title='bbox 2542 2110 2609 2165; x_wconf 91' lang='lat' dir='ltr'><strong>de</strong></span> <span class='ocrx_word' id='word_1_538' title='bbox 2654 2110 2855 2179; x_wconf 89' lang='lat' dir='ltr'><strong>quibus</strong></span> <span class='ocrx_word' id='word_1_539' title='bbox 2912 2108 3041 2161; x_wconf 87' lang='lat' dir='ltr'><strong>alibi</strong></span> <span class='ocrx_word' id='word_1_540' title='bbox 3086 2107 3286 2162; x_wconf 89' lang='lat' dir='ltr'><strong>dicitur</strong></span> <span class='ocrx_word' id='word_1_541' title='bbox 3309 2107 3375 2171; x_wconf 81' lang='lat'><strong>“,</strong></span> 
     </span>
    </p>
   </div>
   <div class='ocr_carea' id='block_1_79' title="bbox 1810 2198 3379 2272">
    <p class='ocr_par' dir='ltr' id='par_1_79' title="bbox 1810 2198 3379 2272">
     <span class='ocr_line' id='line_1_79' title="bbox 1810 2198 3379 2272; baseline -0.005 -17"><span class='ocrx_word' id='word_1_542' title='bbox 1810 2202 2073 2272; x_wconf 83' lang='lat' dir='ltr'><strong>Redegisti</strong></span> <span class='ocrx_word' id='word_1_543' title='bbox 2109 2203 2164 2256; x_wconf 83' lang='lat' dir='ltr'><strong>in</strong></span> <span class='ocrx_word' id='word_1_544' title='bbox 2196 2202 2465 2271; x_wconf 79' lang='lat' dir='ltr'><strong>pulverem</strong></span> <span class='ocrx_word' id='word_1_545' title='bbox 2509 2200 2746 2253; x_wconf 76' lang='lat' dir='ltr'><strong>civitates</strong></span> <span class='ocrx_word' id='word_1_546' title='bbox 2777 2207 3031 2266; x_wconf 81' lang='lat' dir='ltr'><strong>potentes,</strong></span> <span class='ocrx_word' id='word_1_547' title='bbox 3082 2198 3159 2248; x_wconf 87' lang='lat' dir='ltr'><strong>ita</strong></span> <span class='ocrx_word' id='word_1_548' title='bbox 3203 2206 3260 2248; x_wconf 86' lang='lat' dir='ltr'><strong>ut</strong></span> <span class='ocrx_word' id='word_1_549' title='bbox 3290 2212 3379 2248; x_wconf 88' lang='lat' dir='ltr'><strong>ca-</strong></span> 
     </span>
    </p>
   </div>
   <div class='ocr_carea' id='block_1_80' title="bbox 1804 2286 3374 2361">
    <p class='ocr_par' dir='ltr' id='par_1_80' title="bbox 1804 2286 3374 2361">
     <span class='ocr_line' id='line_1_80' title="bbox 1804 2286 3374 2361; baseline -0.003 -17"><span class='ocrx_word' id='word_1_550' title='bbox 1804 2292 1933 2345; x_wconf 83' lang='lat' dir='ltr'><strong>dant</strong></span> <span class='ocrx_word' id='word_1_551' title='bbox 1966 2294 2205 2361; x_wconf 85' lang='lat' dir='ltr'><strong>ipsarum</strong></span> <span class='ocrx_word' id='word_1_552' title='bbox 2240 2292 2588 2360; x_wconf 81' lang='lat' dir='ltr'><strong>fundamenta</strong></span> <span class='ocrx_word' id='word_1_553' title='bbox 2613 2290 2637 2341; x_wconf 66' lang='lat'><strong>.9</strong></span> <span class='ocrx_word' id='word_1_554' title='bbox 2658 2304 2781 2359; x_wconf 67' lang='lat' dir='ltr'><strong>qua:</strong></span> <span class='ocrx_word' id='word_1_555' title='bbox 2810 2288 2885 2341; x_wconf 85' lang='lat' dir='ltr'><strong>uti</strong></span> <span class='ocrx_word' id='word_1_556' title='bbox 2916 2286 3246 2343; x_wconf 84' lang='lat' dir='ltr'><strong>declaratum</strong></span> <span class='ocrx_word' id='word_1_557' title='bbox 3269 2294 3374 2349; x_wconf 87' lang='lat' dir='ltr'><strong>est,</strong></span> 
     </span>
    </p>
   </div>
   <div class='ocr_carea' id='block_1_81' title="bbox 1805 2364 3377 2452">
    <p class='ocr_par' dir='ltr' id='par_1_81' title="bbox 1805 2364 3377 2452">
     <span class='ocr_line' id='line_1_81' title="bbox 1805 2364 3377 2452; baseline -0.004 -14"><span class='ocrx_word' id='word_1_558' title='bbox 1805 2393 1934 2438; x_wconf 84' lang='lat' dir='ltr'><strong>sunt</strong></span> <span class='ocrx_word' id='word_1_559' title='bbox 1963 2383 2291 2438; x_wconf 70' lang='lat' dir='ltr'><strong>adversaria:</strong></span> <span class='ocrx_word' id='word_1_560' title='bbox 2320 2379 2663 2452; x_wconf 66' lang='lat' dir='ltr'><strong>potestates.)</strong></span> <span class='ocrx_word' id='word_1_561' title='bbox 2703 2378 2872 2433; x_wconf 78' lang='lat' dir='ltr'><strong>Periit</strong></span> <span class='ocrx_word' id='word_1_562' title='bbox 2916 2364 3169 2433; x_wconf 67' lang='lat' dir='ltr'><strong>memorib</strong></span> <span class='ocrx_word' id='word_1_563' title='bbox 3196 2394 3377 2433; x_wconf 83' lang='lat' dir='ltr'><strong>eorum</strong></span> 
     </span>
    </p>
   </div>
   <div class='ocr_carea' id='block_1_82' title="bbox 1806 2470 3375 2545">
    <p class='ocr_par' dir='ltr' id='par_1_82' title="bbox 1806 2470 3375 2545">
     <span class='ocr_line' id='line_1_82' title="bbox 1806 2470 3375 2545; baseline -0.003 -18"><span class='ocrx_word' id='word_1_564' title='bbox 1806 2491 1925 2528; x_wconf 80' lang='lat' dir='ltr'><strong>cum</strong></span> <span class='ocrx_word' id='word_1_565' title='bbox 1968 2476 2165 2527; x_wconf 84' lang='lat' dir='ltr'><strong>sonitu.</strong></span> <span class='ocrx_word' id='word_1_566' title='bbox 2202 2472 2301 2545; x_wconf 91' lang='lat' dir='ltr'><strong>[Ita</strong></span> <span class='ocrx_word' id='word_1_567' title='bbox 2332 2482 2391 2527; x_wconf 93' lang='lat' dir='ltr'><strong>ut</strong></span> <span class='ocrx_word' id='word_1_568' title='bbox 2418 2488 2608 2527; x_wconf 90' lang='lat' dir='ltr'><strong>eorum</strong></span> <span class='ocrx_word' id='word_1_569' title='bbox 2640 2471 2907 2541; x_wconf 79' lang='lat' dir='ltr'><strong>pernicies</strong></span> <span class='ocrx_word' id='word_1_570' title='bbox 2937 2471 3137 2542; x_wconf 88' lang='lat' dir='ltr'><strong>ubique</strong></span> <span class='ocrx_word' id='word_1_571' title='bbox 3161 2470 3375 2540; x_wconf 76' lang='lat' dir='ltr'><strong>pervul—</strong></span> 
     </span>
    </p>
   </div>
   <div class='ocr_carea' id='block_1_83' title="bbox 1804 2564 3378 2637">
    <p class='ocr_par' dir='ltr' id='par_1_83' title="bbox 1804 2564 3378 2637">
     <span class='ocr_line' id='line_1_83' title="bbox 1804 2564 3378 2637; baseline -0.003 -16"><span class='ocrx_word' id='word_1_572' title='bbox 1804 2576 1981 2637; x_wconf 84' lang='lat' dir='ltr'><strong>getur.</strong></span> <span class='ocrx_word' id='word_1_573' title='bbox 2016 2567 2124 2621; x_wconf 81' lang='lat' dir='ltr'><strong>Aut</strong></span> <span class='ocrx_word' id='word_1_574' title='bbox 2149 2568 2374 2621; x_wconf 78' lang='lat' dir='ltr'><strong>exitium</strong></span> <span class='ocrx_word' id='word_1_575' title='bbox 2420 2581 2734 2637; x_wconf 89' lang='lat' dir='ltr'><strong>supremum</strong></span> <span class='ocrx_word' id='word_1_576' title='bbox 2777 2565 2928 2630; x_wconf 89' lang='lat' dir='ltr'><strong>dicit,</strong></span> <span class='ocrx_word' id='word_1_577' title='bbox 2962 2565 3076 2619; x_wconf 87' lang='lat' dir='ltr'><strong>sive</strong></span> <span class='ocrx_word' id='word_1_578' title='bbox 3106 2564 3378 2618; x_wconf 88' lang='lat' dir='ltr'><strong>malorum</strong></span> 
     </span>
    </p>
   </div>
   <div class='ocr_carea' id='block_1_84' title="bbox 1803 2652 3377 2726">
    <p class='ocr_par' dir='ltr' id='par_1_84' title="bbox 1803 2652 3377 2726">
     <span class='ocr_line' id='line_1_84' title="bbox 1803 2652 3377 2726; baseline 0.002 -19"><span class='ocrx_word' id='word_1_579' title='bbox 1803 2658 2226 2722; x_wconf 76' lang='lat' dir='ltr'><strong>vehementiam,</strong></span> <span class='ocrx_word' id='word_1_580' title='bbox 2283 2668 2334 2711; x_wconf 90' lang='lat' dir='ltr'><strong>et</strong></span> <span class='ocrx_word' id='word_1_581' title='bbox 2382 2657 2640 2726; x_wconf 86' lang='lat' dir='ltr'><strong>perniciei</strong></span> <span class='ocrx_word' id='word_1_582' title='bbox 2688 2652 3187 2724; x_wconf 85' lang='lat' dir='ltr'><strong>conspicuitatem.]</strong></span> <span class='ocrx_word' id='word_1_583' title='bbox 3243 2652 3377 2724; x_wconf 84' lang='lat' dir='ltr'><strong>Ejus</strong></span> 
     </span>
    </p>
   </div>
   <div class='ocr_carea' id='block_1_85' title="bbox 1804 2745 3140 2817">
    <p class='ocr_par' dir='ltr' id='par_1_85' title="bbox 1804 2745 3140 2817">
     <span class='ocr_line' id='line_1_85' title="bbox 1804 2745 3140 2817; baseline 0 -18"><span class='ocrx_word' id='word_1_584' title='bbox 1804 2761 2040 2816; x_wconf 84' lang='lat' dir='ltr'><strong>namque</strong></span> <span class='ocrx_word' id='word_1_585' title='bbox 2070 2748 2337 2817; x_wconf 83' lang='lat' dir='ltr'><strong>pernicies</strong></span> <span class='ocrx_word' id='word_1_586' title='bbox 2370 2746 2512 2800; x_wconf 91' lang='lat' dir='ltr'><strong>ultro</strong></span> <span class='ocrx_word' id='word_1_587' title='bbox 2538 2749 2785 2816; x_wconf 77' lang='lat' dir='ltr'><strong>citroque</strong></span> <span class='ocrx_word' id='word_1_588' title='bbox 2810 2747 2993 2800; x_wconf 88' lang='lat' dir='ltr'><strong>audita</strong></span> <span class='ocrx_word' id='word_1_589' title='bbox 3021 2745 3140 2800; x_wconf 80' lang='lat' dir='ltr'><strong>fuit.</strong></span> 
     </span>
    </p>
   </div>
   <div class='ocr_carea' id='block_1_86' title="bbox 1879 2837 3373 2909">
    <p class='ocr_par' dir='ltr' id='par_1_86' title="bbox 1879 2837 3373 2909">
     <span class='ocr_line' id='line_1_86' title="bbox 1879 2837 3373 2909; baseline 0.003 -18"><span class='ocrx_word' id='word_1_590' title='bbox 1879 2837 1964 2892; x_wconf 75' lang='grc'><strong>10.</strong></span> <span class='ocrx_word' id='word_1_591' title='bbox 2009 2840 2077 2892; x_wconf 80' lang='lat' dir='ltr'><strong>Et</strong></span> <span class='ocrx_word' id='word_1_592' title='bbox 2133 2844 2306 2908; x_wconf 78' lang='lat' dir='ltr'><strong>[actus</strong></span> <span class='ocrx_word' id='word_1_593' title='bbox 2365 2849 2443 2893; x_wconf 85' lang='lat' dir='ltr'><strong>est</strong></span> <span class='ocrx_word' id='word_1_594' title='bbox 2504 2838 2761 2892; x_wconf 81' lang='lat' dir='ltr'><strong>Dominus</strong></span> <span class='ocrx_word' id='word_1_595' title='bbox 2811 2839 3076 2909; x_wconf 79' lang='lat' dir='ltr'><strong>refugium</strong></span> <span class='ocrx_word' id='word_1_596' title='bbox 3134 2842 3373 2909; x_wconf 80' lang='lat' dir='ltr'><strong>pauperi.</strong></span> 
     </span>
    </p>
   </div>
   <div class='ocr_carea' id='block_1_87' title="bbox 1805 2931 3373 3003">
    <p class='ocr_par' dir='ltr' id='par_1_87' title="bbox 1805 2931 3373 3003">
     <span class='ocr_line' id='line_1_87' title="bbox 1805 2931 3373 3003; baseline 0.001 -16"><span class='ocrx_word' id='word_1_597' title='bbox 1805 2931 1963 3003; x_wconf 84' lang='lat' dir='ltr'><strong>[Sese</strong></span> <span class='ocrx_word' id='word_1_598' title='bbox 2000 2932 2317 3002; x_wconf 83' lang='lat' dir='ltr'><strong>frequenter</strong></span> <span class='ocrx_word' id='word_1_599' title='bbox 2362 2949 2656 3003; x_wconf 90' lang='lat' dir='ltr'><strong>pauperem</strong></span> <span class='ocrx_word' id='word_1_600' title='bbox 2711 2949 2774 2987; x_wconf 89' lang='lat' dir='ltr'><strong>ac</strong></span> <span class='ocrx_word' id='word_1_601' title='bbox 2811 2934 3118 2987; x_wconf 89' lang='lat' dir='ltr'><strong>mendicum</strong></span> <span class='ocrx_word' id='word_1_602' title='bbox 3174 2944 3373 3001; x_wconf 79' lang='lat' dir='ltr'><strong>vocat,</strong></span> 
     </span>
    </p>
   </div>
   <div class='ocr_carea' id='block_1_88' title="bbox 1802 3025 3375 3096">
    <p class='ocr_par' dir='ltr' id='par_1_88' title="bbox 1802 3025 3375 3096">
     <span class='ocr_line' id='line_1_88' title="bbox 1802 3025 3375 3096; baseline 0.001 -17"><span class='ocrx_word' id='word_1_603' title='bbox 1802 3025 2017 3079; x_wconf 86' lang='lat' dir='ltr'><strong>etiamsi</strong></span> <span class='ocrx_word' id='word_1_604' title='bbox 2047 3026 2101 3079; x_wconf 92' lang='lat' dir='ltr'><strong>in</strong></span> <span class='ocrx_word' id='word_1_605' title='bbox 2130 3027 2276 3096; x_wconf 88' lang='lat' dir='ltr'><strong>regia</strong></span> <span class='ocrx_word' id='word_1_606' title='bbox 2313 3037 2647 3081; x_wconf 84' lang='lat' dir='ltr'><strong>versaretur.</strong></span> <span class='ocrx_word' id='word_1_607' title='bbox 2676 3025 2911 3081; x_wconf 85' lang='lat' dir='ltr'><strong>Noverat</strong></span> <span class='ocrx_word' id='word_1_608' title='bbox 2952 3027 3095 3080; x_wconf 89' lang='lat' dir='ltr'><strong>enim</strong></span> <span class='ocrx_word' id='word_1_609' title='bbox 3136 3027 3375 3082; x_wconf 87' lang='lat' dir='ltr'><strong>humana</strong></span> 
     </span>
    </p>
   </div>
   <div class='ocr_carea' id='block_1_89' title="bbox 1804 3115 3376 3185">
    <p class='ocr_par' dir='ltr' id='par_1_89' title="bbox 1804 3115 3376 3185">
     <span class='ocr_line' id='line_1_89' title="bbox 1804 3115 3376 3185; baseline 0.001 -18"><span class='ocrx_word' id='word_1_610' title='bbox 1804 3115 1991 3169; x_wconf 89' lang='lat' dir='ltr'><strong>omnia</strong></span> <span class='ocrx_word' id='word_1_611' title='bbox 2035 3116 2118 3170; x_wconf 90' lang='lat' dir='ltr'><strong>vel</strong></span> <span class='ocrx_word' id='word_1_612' title='bbox 2160 3115 2371 3169; x_wconf 90' lang='lat' dir='ltr'><strong>umbris</strong></span> <span class='ocrx_word' id='word_1_613' title='bbox 2417 3115 2770 3169; x_wconf 86' lang='lat' dir='ltr'><strong>imbecilliora</strong></span> <span class='ocrx_word' id='word_1_614' title='bbox 2807 3131 2947 3171; x_wconf 89' lang='lat' dir='ltr'><strong>esse.</strong></span> <span class='ocrx_word' id='word_1_615' title='bbox 2994 3116 3376 3185; x_wconf 82' lang='lat' dir='ltr'><strong>Opportunita-</strong></span> 
     </span>
    </p>
   </div>
   <div class='ocr_carea' id='block_1_90' title="bbox 1812 3206 3377 3278">
    <p class='ocr_par' dir='ltr' id='par_1_90' title="bbox 1812 3206 3377 3278">
     <span class='ocr_line' id='line_1_90' title="bbox 1812 3206 3377 3278; baseline -0.001 -17"><span class='ocrx_word' id='word_1_616' title='bbox 1812 3218 1913 3261; x_wconf 81' lang='lat' dir='ltr'><strong>tem</strong></span> <span class='ocrx_word' id='word_1_617' title='bbox 1953 3218 2112 3263; x_wconf 88' lang='lat' dir='ltr'><strong>vocat</strong></span> <span class='ocrx_word' id='word_1_618' title='bbox 2153 3214 2370 3278; x_wconf 84' lang='lat' dir='ltr'><strong>tempus</strong></span> <span class='ocrx_word' id='word_1_619' title='bbox 2398 3206 2812 3261; x_wconf 87' lang='lat' dir='ltr'><strong>tribulationis:</strong></span> <span class='ocrx_word' id='word_1_620' title='bbox 2851 3221 3065 3276; x_wconf 88' lang='lat' dir='ltr'><strong>semper</strong></span> <span class='ocrx_word' id='word_1_621' title='bbox 3103 3206 3246 3261; x_wconf 89' lang='lat' dir='ltr'><strong>enim</strong></span> <span class='ocrx_word' id='word_1_622' title='bbox 3277 3222 3377 3261; x_wconf 84' lang='lat' dir='ltr'><strong>au-</strong></span> 
     </span>
    </p>
   </div>
   <div class='ocr_carea' id='block_1_91' title="bbox 1802 3281 3374 3370">
    <p class='ocr_par' dir='ltr' id='par_1_91' title="bbox 1802 3281 3374 3370">
     <span class='ocr_line' id='line_1_91' title="bbox 1802 3281 3374 3370; baseline 0.001 -18"><span class='ocrx_word' id='word_1_623' title='bbox 1802 3281 1934 3353; x_wconf 71' lang='lat' dir='ltr'><strong>xilio</strong></span> <span class='ocrx_word' id='word_1_624' title='bbox 1986 3315 2231 3370; x_wconf 80' lang='lat' dir='ltr'><strong>egemus,</strong></span> <span class='ocrx_word' id='word_1_625' title='bbox 2285 3300 2450 3354; x_wconf 89' lang='lat' dir='ltr'><strong>etiam</strong></span> <span class='ocrx_word' id='word_1_626' title='bbox 2497 3300 2551 3352; x_wconf 93' lang='lat' dir='ltr'><strong>in</strong></span> <span class='ocrx_word' id='word_1_627' title='bbox 2611 3298 3009 3368; x_wconf 87' lang='lat' dir='ltr'><strong>prosperitate:</strong></span> <span class='ocrx_word' id='word_1_628' title='bbox 3069 3314 3258 3353; x_wconf 89' lang='lat' dir='ltr'><strong>verum</strong></span> <span class='ocrx_word' id='word_1_629' title='bbox 3319 3300 3374 3354; x_wconf 91' lang='lat' dir='ltr'><strong>in</strong></span> 
     </span>
    </p>
   </div>
   <div class='ocr_carea' id='block_1_92' title="bbox 1801 3389 3374 3465">
    <p class='ocr_par' dir='ltr' id='par_1_92' title="bbox 1801 3389 3374 3465">
     <span class='ocr_line' id='line_1_92' title="bbox 1801 3389 3374 3465; baseline 0.001 -18"><span class='ocrx_word' id='word_1_630' title='bbox 1801 3392 2100 3459; x_wconf 60' lang='lat' dir='ltr'><strong>aerumnis,</strong></span> <span class='ocrx_word' id='word_1_631' title='bbox 2168 3392 2498 3446; x_wconf 86' lang='lat' dir='ltr'><strong>auxiliorum</strong></span> <span class='ocrx_word' id='word_1_632' title='bbox 2550 3407 2706 3445; x_wconf 89' lang='lat' dir='ltr'><strong>usum</strong></span> <span class='ocrx_word' id='word_1_633' title='bbox 2784 3394 2957 3462; x_wconf 70' lang='lat' dir='ltr'><strong>magis</strong></span> <span class='ocrx_word' id='word_1_634' title='bbox 3012 3389 3374 3465; x_wconf 75' lang='lat' dir='ltr'><strong>experimur.]</strong></span> 
     </span>
    </p>
   </div>
   <div class='ocr_carea' id='block_1_93' title="bbox 1801 3470 3377 3553">
    <p class='ocr_par' dir='ltr' id='par_1_93' title="bbox 1801 3470 3377 3553">
     <span class='ocr_line' id='line_1_93' title="bbox 1801 3470 3377 3553; baseline 0 -16"><span class='ocrx_word' id='word_1_635' title='bbox 1801 3470 2072 3548; x_wconf 38' lang='lat' dir='ltr'><strong>Me&#39;ndico,</strong></span> <span class='ocrx_word' id='word_1_636' title='bbox 2106 3483 2317 3537; x_wconf 89' lang='lat' dir='ltr'><strong>scilicet</strong></span> <span class='ocrx_word' id='word_1_637' title='bbox 2346 3482 2614 3553; x_wconf 87' lang='lat' dir='ltr'><strong>spirituali</strong></span> <span class='ocrx_word' id='word_1_638' title='bbox 2652 3483 2855 3552; x_wconf 90' lang='lat' dir='ltr'><strong>populo</strong></span> <span class='ocrx_word' id='word_1_639' title='bbox 2897 3484 2993 3537; x_wconf 89' lang='lat' dir='ltr'><strong>ait.</strong></span> <span class='ocrx_word' id='word_1_640' title='bbox 3042 3483 3273 3553; x_wconf 81' lang='lat' dir='ltr'><strong>Adjutor</strong></span> <span class='ocrx_word' id='word_1_641' title='bbox 3321 3484 3377 3537; x_wconf 81' lang='lat' dir='ltr'><strong>in</strong></span> 
     </span>
    </p>
   </div>
   <div class='ocr_carea' id='block_1_94' title="bbox 1801 3576 3376 3648">
    <p class='ocr_par' dir='ltr' id='par_1_94' title="bbox 1801 3576 3376 3648">
     <span class='ocr_line' id='line_1_94' title="bbox 1801 3576 3376 3648; baseline 0.003 -17"><span class='ocrx_word' id='word_1_642' title='bbox 1801 3576 2283 3648; x_wconf 76' lang='lat' dir='ltr'><strong>opportunitatibus</strong></span> <span class='ocrx_word' id='word_1_643' title='bbox 2336 3578 2393 3631; x_wconf 84' lang='lat' dir='ltr'><strong>in</strong></span> <span class='ocrx_word' id='word_1_644' title='bbox 2451 3577 2901 3633; x_wconf 81' lang='lat' dir='ltr'><strong>tribulationibus.</strong></span> <span class='ocrx_word' id='word_1_645' title='bbox 2960 3576 3029 3633; x_wconf 91' lang='lat' dir='ltr'><strong>Ut</strong></span> <span class='ocrx_word' id='word_1_646' title='bbox 3077 3579 3255 3635; x_wconf 89' lang='lat' dir='ltr'><strong>illud:</strong></span> <span class='ocrx_word' id='word_1_647' title='bbox 3308 3576 3376 3635; x_wconf 82' lang='lat' dir='ltr'><strong>[tt</strong></span> 
     </span>
    </p>
   </div>
   <div class='ocr_carea' id='block_1_95' title="bbox 1803 3670 2743 3740">
    <p class='ocr_par' dir='ltr' id='par_1_95' title="bbox 1803 3670 2743 3740">
     <span class='ocr_line' id='line_1_95' title="bbox 1803 3670 2743 3740; baseline 0.001 -16"><span class='ocrx_word' id='word_1_648' title='bbox 1803 3681 2031 3739; x_wconf 79' lang='lat' dir='ltr'><strong>tempore</strong></span> <span class='ocrx_word' id='word_1_649' title='bbox 2054 3680 2265 3740; x_wconf 82' lang='lat' dir='ltr'><strong>accepto</strong></span> <span class='ocrx_word' id='word_1_650' title='bbox 2293 3670 2540 3724; x_wconf 72' lang='lat' dir='ltr'><strong>exaudiui</strong></span> <span class='ocrx_word' id='word_1_651' title='bbox 2572 3682 2619 3725; x_wconf 84' lang='lat' dir='ltr'><strong>te</strong></span> <span class='ocrx_word' id='word_1_652' title='bbox 2656 3672 2743 3725; x_wconf 77' lang='grc'>⁸³⁸.</span> 
     </span>
    </p>
   </div>
   <div class='ocr_carea' id='block_1_96' title="bbox 1870 3762 3370 3833">
    <p class='ocr_par' dir='ltr' id='par_1_96' title="bbox 1870 3762 3370 3833">
     <span class='ocr_line' id='line_1_96' title="bbox 1870 3762 3370 3833; baseline 0.005 -18"><span class='ocrx_word' id='word_1_653' title='bbox 1870 3762 1959 3816; x_wconf 76' lang='grc'><strong>12.</strong></span> <span class='ocrx_word' id='word_1_654' title='bbox 1998 3762 2224 3817; x_wconf 80' lang='lat' dir='ltr'><strong>Psallite</strong></span> <span class='ocrx_word' id='word_1_655' title='bbox 2246 3763 2471 3816; x_wconf 83' lang='lat' dir='ltr'><strong>Domino</strong></span> <span class='ocrx_word' id='word_1_656' title='bbox 2506 3765 2596 3833; x_wconf 78' lang='lat' dir='ltr'><strong>qui</strong></span> <span class='ocrx_word' id='word_1_657' title='bbox 2624 3764 2831 3817; x_wconf 81' lang='lat' dir='ltr'><strong>habitat</strong></span> <span class='ocrx_word' id='word_1_658' title='bbox 2875 3766 2929 3817; x_wconf 87' lang='lat' dir='ltr'><strong>in</strong></span> <span class='ocrx_word' id='word_1_659' title='bbox 2966 3763 3116 3819; x_wconf 86' lang='lat' dir='ltr'><strong>Sion.</strong></span> <span class='ocrx_word' id='word_1_660' title='bbox 3166 3767 3225 3819; x_wconf 82' lang='lat' dir='ltr'><strong>In</strong></span> <span class='ocrx_word' id='word_1_661' title='bbox 3262 3781 3370 3822; x_wconf 68' lang='lat' dir='ltr'><strong>coe-</strong></span> 
     </span>
    </p>
   </div>
   <div class='ocr_carea' id='block_1_97' title="bbox 1800 3854 3373 3929">
    <p class='ocr_par' dir='ltr' id='par_1_97' title="bbox 1800 3854 3373 3929">
     <span class='ocr_line' id='line_1_97' title="bbox 1800 3854 3373 3929; baseline 0.001 -19"><span class='ocrx_word' id='word_1_662' title='bbox 1800 3856 1942 3919; x_wconf 88' lang='lat' dir='ltr'><strong>lesti,</strong></span> <span class='ocrx_word' id='word_1_663' title='bbox 1998 3856 2206 3925; x_wconf 89' lang='lat' dir='ltr'><strong>inquit,</strong></span> <span class='ocrx_word' id='word_1_664' title='bbox 2253 3854 2579 3911; x_wconf 82' lang='lat' dir='ltr'><strong>Jerusalem.</strong></span> <span class='ocrx_word' id='word_1_665' title='bbox 2628 3856 2954 3911; x_wconf 77' lang='lat' dir='ltr'><strong>Annuntiate</strong></span> <span class='ocrx_word' id='word_1_666' title='bbox 3002 3858 3141 3912; x_wconf 84' lang='lat' dir='ltr'><strong>inter</strong></span> <span class='ocrx_word' id='word_1_667' title='bbox 3198 3869 3373 3929; x_wconf 77' lang='lat' dir='ltr'><strong>gentes</strong></span> 
     </span>
    </p>
   </div>
   <div class='ocr_carea' id='block_1_98' title="bbox 1800 3947 3375 4023">
    <p class='ocr_par' dir='ltr' id='par_1_98' title="bbox 1800 3947 3375 4023">
     <span class='ocr_line' id='line_1_98' title="bbox 1800 3947 3375 4023; baseline 0.003 -21"><span class='ocrx_word' id='word_1_668' title='bbox 1800 3948 1979 4002; x_wconf 82' lang='lat' dir='ltr'><strong>studia</strong></span> <span class='ocrx_word' id='word_1_669' title='bbox 2017 3947 2155 4015; x_wconf 82' lang='lat' dir='ltr'><strong>ejus.</strong></span> <span class='ocrx_word' id='word_1_670' title='bbox 2204 3948 2331 4002; x_wconf 70' lang='lat' dir='ltr'><strong>Haec</strong></span> <span class='ocrx_word' id='word_1_671' title='bbox 2363 3948 2520 4018; x_wconf 88' lang='lat' dir='ltr'><strong>quasi</strong></span> <span class='ocrx_word' id='word_1_672' title='bbox 2552 3948 2617 4003; x_wconf 89' lang='lat' dir='ltr'><strong>ad</strong></span> <span class='ocrx_word' id='word_1_673' title='bbox 2662 3952 2938 4020; x_wconf 88' lang='lat' dir='ltr'><strong>apostolos</strong></span> <span class='ocrx_word' id='word_1_674' title='bbox 2972 3959 3023 4005; x_wconf 91' lang='lat' dir='ltr'><strong>et</strong></span> <span class='ocrx_word' id='word_1_675' title='bbox 3052 3949 3375 4023; x_wconf 84' lang='lat' dir='ltr'><strong>Evangelio-</strong></span> 
     </span>
    </p>
   </div>
   <div class='ocr_carea' id='block_1_99' title="bbox 1800 4041 3371 4116">
    <p class='ocr_par' dir='ltr' id='par_1_99' title="bbox 1800 4041 3371 4116">
     <span class='ocr_line' id='line_1_99' title="bbox 1800 4041 3371 4116; baseline 0.004 -23"><span class='ocrx_word' id='word_1_676' title='bbox 1800 4054 1920 4093; x_wconf 91' lang='lat' dir='ltr'><strong>rum</strong></span> <span class='ocrx_word' id='word_1_677' title='bbox 1953 4054 2234 4109; x_wconf 62' lang='lat' dir='ltr'><strong>praecones</strong></span> <span class='ocrx_word' id='word_1_678' title='bbox 2276 4041 2538 4111; x_wconf 91' lang='lat' dir='ltr'><strong>loquitur.</strong></span> <span class='ocrx_word' id='word_1_679' title='bbox 2590 4041 2721 4107; x_wconf 65' lang='lat' dir='ltr'><strong>Qum</strong></span> <span class='ocrx_word' id='word_1_680' title='bbox 2753 4057 2917 4111; x_wconf 87' lang='lat' dir='ltr'><strong>porro</strong></span> <span class='ocrx_word' id='word_1_681' title='bbox 2966 4043 3075 4099; x_wconf 91' lang='lat' dir='ltr'><strong>sint</strong></span> <span class='ocrx_word' id='word_1_682' title='bbox 3104 4045 3371 4116; x_wconf 85' lang='lat' dir='ltr'><strong>ejusmodi</strong></span> 
     </span>
    </p>
   </div>
   <div class='ocr_carea' id='block_1_100' title="bbox 1800 4136 2707 4207">
    <p class='ocr_par' dir='ltr' id='par_1_100' title="bbox 1800 4136 2707 4207">
     <span class='ocr_line' id='line_1_100' title="bbox 1800 4136 2707 4207; baseline 0.004 -18"><span class='ocrx_word' id='word_1_683' title='bbox 1800 4136 1978 4190; x_wconf 88' lang='lat' dir='ltr'><strong>studia</strong></span> <span class='ocrx_word' id='word_1_684' title='bbox 2008 4136 2061 4190; x_wconf 93' lang='lat' dir='ltr'><strong>in</strong></span> <span class='ocrx_word' id='word_1_685' title='bbox 2098 4137 2455 4207; x_wconf 89' lang='lat' dir='ltr'><strong>sequentibus</strong></span> <span class='ocrx_word' id='word_1_686' title='bbox 2483 4138 2707 4193; x_wconf 88' lang='lat' dir='ltr'><strong>indicat.</strong></span> 
     </span>
    </p>
   </div>
   <div class='ocr_carea' id='block_1_101' title="bbox 1872 4320 3374 4392">
    <p class='ocr_par' dir='ltr' id='par_1_101' title="bbox 1872 4320 3374 4392">
     <span class='ocr_line' id='line_1_101' title="bbox 1872 4320 3374 4392; baseline 0.004 -18"><span class='ocrx_word' id='word_1_687' title='bbox 1872 4320 1957 4375; x_wconf 77' lang='grc'><strong>13.</strong></span> <span class='ocrx_word' id='word_1_688' title='bbox 1992 4320 2256 4387; x_wconf 76' lang='lat' dir='ltr'><strong>Quoniam</strong></span> <span class='ocrx_word' id='word_1_689' title='bbox 2290 4322 2557 4392; x_wconf 84' lang='lat' dir='ltr'><strong>requirens</strong></span> <span class='ocrx_word' id='word_1_690' title='bbox 2582 4322 2891 4392; x_wconf 82' lang='lat' dir='ltr'><strong>sanguinem</strong></span> <span class='ocrx_word' id='word_1_691' title='bbox 2918 4340 3097 4378; x_wconf 84' lang='lat' dir='ltr'><strong>eorum</strong></span> <span class='ocrx_word' id='word_1_692' title='bbox 3128 4327 3374 4380; x_wconf 83' lang='lat' dir='ltr'><strong>recorda-</strong></span> 
     </span>
    </p>
   </div>
   <div class='ocr_carea' id='block_1_102' title="bbox 1802 4412 3371 4489">
    <p class='ocr_par' dir='ltr' id='par_1_102' title="bbox 1802 4412 3371 4489">
     <span class='ocr_line' id='line_1_102' title="bbox 1802 4412 3371 4489; baseline 0.005 -23"><span class='ocrx_word' id='word_1_693' title='bbox 1802 4421 1885 4467; x_wconf 87' lang='lat' dir='ltr'><strong>tus</strong></span> <span class='ocrx_word' id='word_1_694' title='bbox 1925 4425 2018 4467; x_wconf 85' lang='lat' dir='ltr'><strong>est.</strong></span> <span class='ocrx_word' id='word_1_695' title='bbox 2055 4412 2412 4485; x_wconf 76' lang='lat' dir='ltr'><strong>Sanguinem,</strong></span> <span class='ocrx_word' id='word_1_696' title='bbox 2445 4415 2540 4480; x_wconf 89' lang='lat' dir='ltr'><strong>ait,</strong></span> <span class='ocrx_word' id='word_1_697' title='bbox 2572 4431 2671 4486; x_wconf 90' lang='lat' dir='ltr'><strong>pro</strong></span> <span class='ocrx_word' id='word_1_698' title='bbox 2705 4416 2797 4471; x_wconf 87' lang='lat' dir='ltr'><strong>illo</strong></span> <span class='ocrx_word' id='word_1_699' title='bbox 2835 4415 3065 4473; x_wconf 77' lang='lat' dir='ltr'><strong>effusum</strong></span> <span class='ocrx_word' id='word_1_700' title='bbox 3096 4418 3371 4489; x_wconf 84' lang='lat' dir='ltr'><strong>requiret,</strong></span> 
     </span>
    </p>
   </div>
   <div class='ocr_carea' id='block_1_103' title="bbox 1728 4503 2479 4583">
    <p class='ocr_par' dir='ltr' id='par_1_103' title="bbox 1728 4503 2479 4583">
     <span class='ocr_line' id='line_1_103' title="bbox 1728 4503 2479 4583; baseline 0 -28"><span class='ocrx_word' id='word_1_701' title='bbox 1728 4530 1771 4583; x_wconf 71' lang='grc' dir='ltr'><strong>ι)</strong></span> <span class='ocrx_word' id='word_1_702' title='bbox 1801 4512 1860 4556; x_wconf 84' lang='grc' dir='ltr'><strong>ιιι</strong></span> <span class='ocrx_word' id='word_1_703' title='bbox 1891 4503 2186 4557; x_wconf 84' lang='lat' dir='ltr'><strong>vindictam</strong></span> <span class='ocrx_word' id='word_1_704' title='bbox 2225 4503 2479 4573; x_wconf 91' lang='lat' dir='ltr'><strong>postulet.</strong></span> 
     </span>
    </p>
   </div>
   <div class='ocr_carea' id='block_1_104' title="bbox 1877 4595 3372 4669">
    <p class='ocr_par' dir='ltr' id='par_1_104' title="bbox 1877 4595 3372 4669">
     <span class='ocr_line' id='line_1_104' title="bbox 1877 4595 3372 4669; baseline 0.003 -20"><span class='ocrx_word' id='word_1_705' title='bbox 1877 4595 2025 4667; x_wconf 84' lang='lat' dir='ltr'><strong>[Non</strong></span> <span class='ocrx_word' id='word_1_706' title='bbox 2063 4607 2139 4650; x_wconf 85' lang='lat' dir='ltr'><strong>est</strong></span> <span class='ocrx_word' id='word_1_707' title='bbox 2176 4596 2369 4649; x_wconf 81' lang='lat' dir='ltr'><strong>oblitus</strong></span> <span class='ocrx_word' id='word_1_708' title='bbox 2416 4596 2701 4650; x_wconf 84' lang='lat' dir='ltr'><strong>clamorem</strong></span> <span class='ocrx_word' id='word_1_709' title='bbox 2738 4612 3047 4667; x_wconf 84' lang='lat' dir='ltr'><strong>pauperum.</strong></span> <span class='ocrx_word' id='word_1_710' title='bbox 3099 4597 3372 4669; x_wconf 86' lang='lat' dir='ltr'><strong>Pauperes</strong></span> 
     </span>
    </p>
   </div>
   <div class='ocr_carea' id='block_1_105' title="bbox 1801 4688 3369 4757">
    <p class='ocr_par' dir='ltr' id='par_1_105' title="bbox 1801 4688 3369 4757">
     <span class='ocr_line' id='line_1_105' title="bbox 1801 4688 3369 4757; baseline 0.003 -17"><span class='ocrx_word' id='word_1_711' title='bbox 1801 4702 2019 4741; x_wconf 92' lang='lat' dir='ltr'><strong>rursum</strong></span> <span class='ocrx_word' id='word_1_712' title='bbox 2070 4696 2235 4742; x_wconf 85' lang='lat' dir='ltr'><strong>vocat</strong></span> <span class='ocrx_word' id='word_1_713' title='bbox 2276 4702 2372 4742; x_wconf 89' lang='lat' dir='ltr'><strong>eos</strong></span> <span class='ocrx_word' id='word_1_714' title='bbox 2406 4688 2499 4757; x_wconf 90' lang='lat' dir='ltr'><strong>qui</strong></span> <span class='ocrx_word' id='word_1_715' title='bbox 2543 4696 2761 4757; x_wconf 79' lang='lat' dir='ltr'><strong>propter</strong></span> <span class='ocrx_word' id='word_1_716' title='bbox 2802 4688 2979 4756; x_wconf 86' lang='lat' dir='ltr'><strong>ipsum</strong></span> <span class='ocrx_word' id='word_1_717' title='bbox 3036 4690 3369 4755; x_wconf 90' lang='lat' dir='ltr'><strong>mendicant,</strong></span> 
     </span>
    </p>
   </div>
   <div class='ocr_carea' id='block_1_106' title="bbox 1799 4781 3372 4853">
    <p class='ocr_par' dir='ltr' id='par_1_106' title="bbox 1799 4781 3372 4853">
     <span class='ocr_line' id='line_1_106' title="bbox 1799 4781 3372 4853; baseline 0.002 -17"><span class='ocrx_word' id='word_1_718' title='bbox 1799 4784 1893 4851; x_wconf 90' lang='lat' dir='ltr'><strong>qui</strong></span> <span class='ocrx_word' id='word_1_719' title='bbox 1944 4781 2164 4836; x_wconf 87' lang='lat' dir='ltr'><strong>assidue</strong></span> <span class='ocrx_word' id='word_1_720' title='bbox 2213 4783 2389 4851; x_wconf 86' lang='lat' dir='ltr'><strong>ipsum</strong></span> <span class='ocrx_word' id='word_1_721' title='bbox 2418 4782 2695 4851; x_wconf 90' lang='lat' dir='ltr'><strong>supplices</strong></span> <span class='ocrx_word' id='word_1_722' title='bbox 2726 4790 2941 4851; x_wconf 79' lang='lat' dir='ltr'><strong>rogant,</strong></span> <span class='ocrx_word' id='word_1_723' title='bbox 2986 4784 3372 4853; x_wconf 81' lang='lat' dir='ltr'><strong>postulantque</strong></span> 
     </span>
    </p>
   </div>
   <div class='ocr_carea' id='block_1_107' title="bbox 1801 4873 3368 4943">
    <p class='ocr_par' dir='ltr' id='par_1_107' title="bbox 1801 4873 3368 4943">
     <span class='ocr_line' id='line_1_107' title="bbox 1801 4873 3368 4943; baseline 0.002 -15"><span class='ocrx_word' id='word_1_724' title='bbox 1801 4874 2067 4928; x_wconf 89' lang='lat' dir='ltr'><strong>ultionem</strong></span> <span class='ocrx_word' id='word_1_725' title='bbox 2121 4873 2446 4943; x_wconf 86' lang='lat' dir='ltr'><strong>injuriarum</strong></span> <span class='ocrx_word' id='word_1_726' title='bbox 2497 4874 2602 4929; x_wconf 87' lang='lat' dir='ltr'><strong>sibi</strong></span> <span class='ocrx_word' id='word_1_727' title='bbox 2666 4874 2734 4928; x_wconf 89' lang='lat' dir='ltr'><strong>ab</strong></span> <span class='ocrx_word' id='word_1_728' title='bbox 2784 4874 3125 4931; x_wconf 65' lang='lat' dir='ltr'><strong>daemonibus</strong></span> <span class='ocrx_word' id='word_1_729' title='bbox 3190 4875 3368 4931; x_wconf 83' lang='lat' dir='ltr'><strong>illata-</strong></span> 
     </span>
    </p>
   </div>
   <div class='ocr_carea' id='block_1_108' title="bbox 1798 4971 1967 5038">
    <p class='ocr_par' dir='ltr' id='par_1_108' title="bbox 1798 4971 1967 5038">
     <span class='ocr_line' id='line_1_108' title="bbox 1798 4971 1967 5038; baseline -0.006 -16"><span class='ocrx_word' id='word_1_730' title='bbox 1798 4971 1967 5038; x_wconf 91' lang='lat' dir='ltr'><strong>rum.]</strong></span> 
     </span>
    </p>
   </div>
   <div class='ocr_carea' id='block_1_109' title="bbox 1875 5060 3368 5129">
    <p class='ocr_par' dir='ltr' id='par_1_109' title="bbox 1875 5060 3368 5129">
     <span class='ocr_line' id='line_1_109' title="bbox 1875 5060 3368 5129; baseline 0.003 -16"><span class='ocrx_word' id='word_1_731' title='bbox 1875 5060 1967 5113; x_wconf 78' lang='grc'><strong>15.</strong></span> <span class='ocrx_word' id='word_1_732' title='bbox 2005 5060 2109 5125; x_wconf 86' lang='lat' dir='ltr'><strong>Qui</strong></span> <span class='ocrx_word' id='word_1_733' title='bbox 2136 5060 2343 5114; x_wconf 68' lang='lat' dir='ltr'><strong>exultas</strong></span> <span class='ocrx_word' id='word_1_734' title='bbox 2367 5076 2445 5113; x_wconf 85' lang='lat' dir='ltr'><strong>me</strong></span> <span class='ocrx_word' id='word_1_735' title='bbox 2478 5061 2541 5114; x_wconf 84' lang='lat' dir='ltr'><strong>de</strong></span> <span class='ocrx_word' id='word_1_736' title='bbox 2572 5062 2738 5129; x_wconf 90' lang='lat' dir='ltr'><strong>portis</strong></span> <span class='ocrx_word' id='word_1_737' title='bbox 2770 5062 2978 5115; x_wconf 89' lang='lat' dir='ltr'><strong>mortis.</strong></span> <span class='ocrx_word' id='word_1_738' title='bbox 3008 5060 3132 5117; x_wconf 83' lang='lat' dir='ltr'><strong>Ideo</strong></span> <span class='ocrx_word' id='word_1_739' title='bbox 3159 5061 3368 5118; x_wconf 75' lang='lat' dir='ltr'><strong>excita:</strong></span> 
     </span>
    </p>
   </div>
   <div class='ocr_carea' id='block_1_110' title="bbox 1798 5153 3367 5225">
    <p class='ocr_par' dir='ltr' id='par_1_110' title="bbox 1798 5153 3367 5225">
     <span class='ocr_line' id='line_1_110' title="bbox 1798 5153 3367 5225; baseline 0.001 -18"><span class='ocrx_word' id='word_1_740' title='bbox 1798 5169 1884 5207; x_wconf 91' lang='lat' dir='ltr'><strong>me</strong></span> <span class='ocrx_word' id='word_1_741' title='bbox 1940 5169 2005 5207; x_wconf 85' lang='lat' dir='ltr'><strong>ex</strong></span> <span class='ocrx_word' id='word_1_742' title='bbox 2041 5163 2181 5209; x_wconf 88' lang='lat' dir='ltr'><strong>terra</strong></span> <span class='ocrx_word' id='word_1_743' title='bbox 2236 5153 2675 5218; x_wconf 87' lang='lat' dir='ltr'><strong>bumiliationis,</strong></span> <span class='ocrx_word' id='word_1_744' title='bbox 2726 5161 2786 5207; x_wconf 92' lang='lat' dir='ltr'><strong>ut</strong></span> <span class='ocrx_word' id='word_1_745' title='bbox 2834 5153 3066 5209; x_wconf 85' lang='lat' dir='ltr'><strong>choreas</strong></span> <span class='ocrx_word' id='word_1_746' title='bbox 3104 5168 3259 5225; x_wconf 76' lang='lat' dir='ltr'><strong>agam</strong></span> <span class='ocrx_word' id='word_1_747' title='bbox 3312 5155 3367 5210; x_wconf 92' lang='lat' dir='ltr'><strong>in</strong></span> 
     </span>
    </p>
   </div>
   <div class='ocr_carea' id='block_1_111' title="bbox 1797 5244 2193 5300">
    <p class='ocr_par' dir='ltr' id='par_1_111' title="bbox 1797 5244 2193 5300">
     <span class='ocr_line' id='line_1_111' title="bbox 1797 5244 2193 5300; baseline 0.008 -3"><span class='ocrx_word' id='word_1_748' title='bbox 1797 5244 2003 5299; x_wconf 74' lang='lat' dir='ltr'><strong>cmlesti</strong></span> <span class='ocrx_word' id='word_1_749' title='bbox 2039 5245 2193 5300; x_wconf 88' lang='lat' dir='ltr'><strong>Sion.</strong></span> 
     </span>
    </p>
   </div>
   <div class='ocr_carea' id='block_1_112' title="bbox 1867 5333 3363 5407">
    <p class='ocr_par' dir='ltr' id='par_1_112' title="bbox 1867 5333 3363 5407">
     <span class='ocr_line' id='line_1_112' title="bbox 1867 5333 3363 5407; baseline 0.003 -18"><span class='ocrx_word' id='word_1_750' title='bbox 1867 5333 1973 5407; x_wconf 89' lang='lat' dir='ltr'><strong>[In</strong></span> <span class='ocrx_word' id='word_1_751' title='bbox 2036 5339 2202 5407; x_wconf 80' lang='lat' dir='ltr'><strong>portis</strong></span> <span class='ocrx_word' id='word_1_752' title='bbox 2265 5339 2392 5407; x_wconf 66' lang='lat' dir='ltr'><strong>ﬁlia</strong></span> <span class='ocrx_word' id='word_1_753' title='bbox 2444 5336 2592 5393; x_wconf 89' lang='lat' dir='ltr'><strong>Sion.</strong></span> <span class='ocrx_word' id='word_1_754' title='bbox 2651 5337 2708 5393; x_wconf 91' lang='lat' dir='ltr'><strong>In</strong></span> <span class='ocrx_word' id='word_1_755' title='bbox 2765 5338 2971 5393; x_wconf 75' lang='lat' dir='ltr'><strong>caelesti</strong></span> <span class='ocrx_word' id='word_1_756' title='bbox 3040 5335 3363 5393; x_wconf 83' lang='lat' dir='ltr'><strong>Jerusalem.</strong></span> 
     </span>
    </p>
   </div>
   <div class='ocr_carea' id='block_1_113' title="bbox 1797 5429 3363 5501">
    <p class='ocr_par' dir='ltr' id='par_1_113' title="bbox 1797 5429 3363 5501">
     <span class='ocr_line' id='line_1_113' title="bbox 1797 5429 3363 5501; baseline 0.003 -19"><span class='ocrx_word' id='word_1_757' title='bbox 1797 5429 1933 5484; x_wconf 92' lang='lat' dir='ltr'><strong>lllud</strong></span> <span class='ocrx_word' id='word_1_758' title='bbox 1990 5446 2187 5501; x_wconf 87' lang='lat' dir='ltr'><strong>porro,</strong></span> <span class='ocrx_word' id='word_1_759' title='bbox 2252 5434 2589 5496; x_wconf 83' lang='lat' dir='ltr'><strong>annuntiem,</strong></span> <span class='ocrx_word' id='word_1_760' title='bbox 2646 5430 2939 5501; x_wconf 78' lang='lat' dir='ltr'><strong>intelligas,</strong></span> <span class='ocrx_word' id='word_1_761' title='bbox 2997 5429 3217 5485; x_wconf 86' lang='lat' dir='ltr'><strong>assidue</strong></span> <span class='ocrx_word' id='word_1_762' title='bbox 3274 5444 3363 5486; x_wconf 84' lang='lat' dir='ltr'><strong>ca-</strong></span> 
     </span>
    </p>
   </div>
   <div class='ocr_carea' id='block_1_114' title="bbox 1801 5521 1975 5597">
    <p class='ocr_par' dir='ltr' id='par_1_114' title="bbox 1801 5521 1975 5597">
     <span class='ocr_line' id='line_1_114' title="bbox 1801 5521 1975 5597; baseline -0.011 -20"><span class='ocrx_word' id='word_1_763' title='bbox 1801 5521 1975 5597; x_wconf 89' lang='lat' dir='ltr'><strong>nam.]</strong></span> 
     </span>
    </p>
   </div>
   <div class='ocr_carea' id='block_1_115' title="bbox 1872 5612 3366 5687">
    <p class='ocr_par' dir='ltr' id='par_1_115' title="bbox 1872 5612 3366 5687">
     <span class='ocr_line' id='line_1_115' title="bbox 1872 5612 3366 5687; baseline -0.001 -18"><span class='ocrx_word' id='word_1_764' title='bbox 1872 5616 1958 5670; x_wconf 78' lang='grc'><strong>17.</strong></span> <span class='ocrx_word' id='word_1_765' title='bbox 1992 5616 2339 5687; x_wconf 81' lang='lat' dir='ltr'><strong>Cognoscitur</strong></span> <span class='ocrx_word' id='word_1_766' title='bbox 2367 5617 2625 5672; x_wconf 85' lang='lat' dir='ltr'><strong>Dominus</strong></span> <span class='ocrx_word' id='word_1_767' title='bbox 2656 5617 2865 5687; x_wconf 82' lang='lat' dir='ltr'><strong>judicia</strong></span> <span class='ocrx_word' id='word_1_768' title='bbox 2895 5616 3113 5685; x_wconf 78' lang='lat' dir='ltr'><strong>faciens,</strong></span> <span class='ocrx_word' id='word_1_769' title='bbox 3138 5622 3242 5670; x_wconf 77' lang='lat' dir='ltr'><strong>etc.</strong></span> <span class='ocrx_word' id='word_1_770' title='bbox 3271 5612 3366 5668; x_wconf 75' lang='lat' dir='ltr'><strong>Ju-</strong></span> 
     </span>
    </p>
   </div>
   <div class='ocr_carea' id='block_1_116' title="bbox 1798 5708 3362 5781">
    <p class='ocr_par' dir='ltr' id='par_1_116' title="bbox 1798 5708 3362 5781">
     <span class='ocr_line' id='line_1_116' title="bbox 1798 5708 3362 5781; baseline -0.002 -17"><span class='ocrx_word' id='word_1_771' title='bbox 1798 5708 2000 5766; x_wconf 88' lang='lat' dir='ltr'><strong>dicium</strong></span> <span class='ocrx_word' id='word_1_772' title='bbox 2036 5726 2272 5781; x_wconf 88' lang='lat' dir='ltr'><strong>namque</strong></span> <span class='ocrx_word' id='word_1_773' title='bbox 2300 5710 2459 5780; x_wconf 86' lang='lat' dir='ltr'><strong>plane</strong></span> <span class='ocrx_word' id='word_1_774' title='bbox 2486 5709 2691 5779; x_wconf 86' lang='lat' dir='ltr'><strong>justum</strong></span> <span class='ocrx_word' id='word_1_775' title='bbox 2726 5715 2838 5772; x_wconf 80' lang='lat' dir='ltr'><strong>est;</strong></span> <span class='ocrx_word' id='word_1_776' title='bbox 2859 5717 2917 5763; x_wconf 91' lang='lat' dir='ltr'><strong>ut</strong></span> <span class='ocrx_word' id='word_1_777' title='bbox 2950 5708 2985 5762; x_wconf 92' lang='lat' dir='ltr'><strong>ii</strong></span> <span class='ocrx_word' id='word_1_778' title='bbox 3018 5708 3111 5777; x_wconf 89' lang='lat' dir='ltr'><strong>qui</strong></span> <span class='ocrx_word' id='word_1_779' title='bbox 3135 5716 3362 5762; x_wconf 89' lang='lat' dir='ltr'><strong>mortem</strong></span> 
     </span>
    </p>
   </div>
  </div>
