4074 6304
702 344 766 399 87
1533 340 1592 396 S.
1631 338 2001 394 ATHANASII
2041 337 2189 394 OPP.
2234 338 2412 391 PARS
2453 338 2538 391 Ill.
2582 371 2642 378 ——
2685 338 3094 396 EXEGETICA.
3839 339 3904 394 88

703 453 910 516 bomini
944 467 1213 522 struxere,
1245 458 1295 511 in
1351 473 1412 512 ea
1468 457 1582 528 ipsa
1616 473 1676 512 re
1710 457 2254 526 comprehendantur.

2375 457 2586 510 Ξάνατον
2626 459 2680 510 ἐν
2713 457 2856 528 αὐτῷ
2891 457 3304 527 περιληφθῆναι.
3352 458 3502 527 Τάχα
3549 456 3671 511 ἐπεὶ
3702 457 3797 511 καὶ
3830 453 3909 520 οἷς

704 547 954 606 Fortasse
981 551 999 618 ί
1027 550 1079 604 id
1113 549 1229 619 ait)
1264 550 1392 617 quia
1427 549 1462 602 ii
1493 549 1548 602 in
1598 563 1736 618 quos
1766 547 1936 602 fertur
1967 548 2251 618 judicium,

704 641 933 708 iudicem
969 651 1297 710 cognoscent
1327 648 1568 709 tempore
1593 639 1804 708 judicii.

2359 549 2418 601 τὸ
2445 549 2616 619 κρίμα
2637 549 2856 617 γίνεται,
2883 549 3176 617 γνώσονται
3202 550 3290 602 τὸν
3333 550 3581 620 κρίνοντα
3632 551 3690 601 ὲν
3738 549 3909 621 καί.ρῷ

2359 641 2609 709 κρίσεως.

772 732 856 786 18.
901 731 1088 784 Daniel
1120 731 1388 785 Barbarus
1416 731 1836 786 :Convertantur
1870 740 2158 800 peccatores
2198 732 2250 783 in
2307 733 2588 800 infernmn.
2629 733 2906 789 Daemones
2948 734 3174 800 scilicet,
3222 741 3276 788 et
3304 734 3615 802 quicunque
3666 731 3774 786 illis
3805 745 3912 785 ser.

703 825 933 878 vierunt.
974 821 1163 877 Omnes
1190 833 1359 892 gentes
1397 839 1510 893 qua:
1547 823 1918 877 obliviscuntur
1962 825 2142 876 Deum.
2184 822 2378 887 Graeci,
2415 824 2674 890 haeretici,
2709 824 2895 879 Judaei.

771 913 861 967 20.
894 913 1150 984 Exsurge,
1183 914 1422 978 Domine,
1453 932 1553 968 non
1578 914 1901 982 confortetur
1927 916 2099 968 homo.
2133 912 2259 968 Pre-

704 1013 855 1058 catur
875 1003 1220 1074 Unigenitum
1247 1006 1298 1059 in
1331 1007 1491 1061 terris
1517 1007 1829 1062 illucescere
1853 1023 1866 1070 ;
1899 1022 1964 1061 ne
1988 1007 2259 1076 superbus

707 1095 794 1148 ille
823 1094 1091 1160 diabolus,
1127 1111 1288 1164 quem
1344 1097 1396 1149 in
1451 1097 1701 1166 praseuti
1755 1109 1912 1151 vocat
1961 1097 2260 1160 hominem,

705 1186 1052 1254 supercilium
1087 1187 1227 1240 ultra
1263 1188 1431 1242 tollat.
1475 1188 1792 1241 Judicentur
1818 1197 1990 1258 gentes
2029 1190 2083 1240 in
2133 1205 2259 1241 con-

705 1285 878 1342 spectu
933 1286 1040 1328 tuo.
1085 1276 1387 1332 Salutarem
1439 1282 1677 1347 gentium
1721 1278 2060 1333 vocationem
2109 1287 2262 1348 rogat

707 1366 871 1421 citius
898 1368 1108 1422 adesse.

777 1546 861 1599 2|.
893 1545 1185 1609 Constitue,
1219 1548 1453 1613 Domine,
1474 1547 1821 1617 legislatorem
1848 1563 1999 1615 super
2029 1564 2133 1600 eos.
2165 1545 2265 1599 Ec-

2441 916 2776 983 Ἀνάστηϐι,
2809 919 3004 984 Κύριε,
3044 918 3129 987 μὴ
3162 917 3564 984 κραταιούσθω
3588 915 3911 982 ἄνθρωπος.

2373 1006 2725 1076 Ἐπιλάμψειν
2774 1010 2885 1070 τοῖς
2933 1008 3024 1058 ἐπὶ
3051 1008 3151 1076 γῆς
3190 1006 3407 1076 εὔχεται
3466 1005 3554 1058 τὸν
3608 1004 3913 1073 Μονογενῆο

2361 1100 2508 1162 ὅπως
2535 1101 2563 1152 6
2585 1099 2906 1170 ὑψηλόφρων
2934 1101 3133 1162 ἐκεῖνος
3156 1099 3417 1161 διάϐολος,
3440 1097 3498 1150 ὃν
3525 1099 3616 1150 καὶ
3637 1097 3918 1169 ἄνθρωπον

2361 1190 2453 1241 ἐπὶ
2477 1189 2570 1241 τοῦ
2601 1192 2861 1261 παρόντος
2907 1190 3076 1251 καλεῖ,
3113 1190 3202 1242 ἐπὶ
3259 1189 3425 1242 πλείω
3463 1187 3535 1259 μὴ
3566 1189 3769 1259 ὲπαίρῃ
3824 1188 3919 1260 τὴν

2364 1277 2552 1349 ὀφρύν.
2579 1277 2957 1346 Κριθήτωσαν
2977 1279 3118 1344 ἔθνη
3138 1277 3391 1330 ἐνώπιόν
3415 1293 3547 1330 σου.
3577 1277 3686 1346 Τὴν
3707 1277 3802 1330 ἐπὶ
3829 1291 3922 1329 σω-

2364 1370 2526 1440 τηρίᾳ
2550 1370 2842 1440 γενομένην
2872 1369 2975 1422 τῶν
3005 1368 3168 1421 ἐθνῶν
3193 1369 3379 1438 κλῆσιν
3408 1367 3743 1421 ἐπισπεύδων
3775 1366 3924 1439 εὔχε-

2367 1479 2470 1512 ται.

2437 1552 2848 1618 Κατὰστησον,
2886 1552 3075 1618 Κύριε,
3100 1552 3426 1619 νομοθέτην
3448 1551 3538 1602 ἐπ’
3560 1551 3800 1616 αὐτούς.
3817 1551 3927 1604 Καὶ

708 1637 831 1705 quis
863 1637 1140 1706 legislator
1174 1639 1282 1701 ille,
1319 1639 1422 1692 nisi
1453 1638 1544 1707 qui
1579 1636 1712 1691 Novi
1734 1636 2062 1692 Testamenti
2095 1639 2263 1706 legem

2375 1643 2448 1706 τίς
2477 1644 2504 1694 6
2527 1643 2820 1712 νομοθέτης
2847 1642 2878 1712 ἢ
2908 1644 2935 1694 ὁ
2965 1643 3053 1694 τὸν
3085 1643 3184 1712 τῆς
3229 1643 3434 1712 Καινῆς
3463 1641 3735 1711 Διαθήκης
3764 1641 3926 1711 νόμον

709 1728 870 1781 nobis
902 1728 1151 1782 induxit?
1177 1729 1358 1782 Sciant
1388 1739 1559 1798 gentes
1589 1731 1832 1799 quoniam
1861 1731 2092 1782 homines
2124 1737 2261 1781 sunt.

710 1816 811 1871 Per
838 1816 1110 1888 ingentem
1136 1818 1442 1872 dremonnm
1486 1818 1779 1881 fallaciam,
1815 1819 1868 1871 in
1896 1818 2266 1887 jumentorum

711 1925 917 1963 morem
972 1912 1285 1965 commutati
1338 1920 1535 1971 erant,
1588 1920 1647 1964 ut
1691 1911 1756 1965 de
1800 1911 1907 1965 illis
1960 1910 2263 1964 diceretur:

715 2001 1064 2069 Comparatus
1110 2013 1188 2056 est
1223 2003 1479 2071 jumentis
1530 2001 1927 2070 insipientibus,
1983 2013 2031 2054 et
2080 2004 2268 2056 similis

715 2092 888 2160 {actus
913 2102 986 2145 est
1019 2093 1128 2145 illis
1159 2093 1226 2145 ⁸³.

987 2202 1325 2259 ΡεΑιΜυδ
1355 2203 1402 2256 Χ
1434 2206 1716 2258 secundum
1755 2204 2022 2258 Hebraeos.

786 2293 838 2347 1.
877 2293 1104 2365 thuid,
1137 2296 1373 2358 Domine,
1409 2296 1670 2349 recessisti
1709 2296 1877 2364 longe.
1913 2293 2084 2365 Rogat
2119 2311 2270 2349 acce-

714 2385 874 2439 lerari
910 2389 1146 2455 gentium
1196 2388 1535 2440 vocationem
1592 2386 1805 2439 modico
1862 2395 1982 2454 post
2031 2396 2271 2454 tempore

717 2474 977 2529 futuram.
1017 2473 1252 2544 ldipsum
1289 2482 1469 2529 autem
1505 2474 1680 2529 clTecit
1718 2475 1921 2529 diaboli
1959 2477 2232 2544 superbia.

782 2649 837 2703 2.
855 2647 993 2702 Dum
1021 2647 1249 2717 superbit
1275 2649 1486 2717 impius,
1504 2648 1800 2701 incenditur
1823 2665 2041 2718 pauper.
2071 2647 2271 2718 Super-

719 2743 828 2806 bia,
864 2739 1062 2809 inquit,
1098 2740 1354 2809 improbi,
1383 2740 1539 2809 quasi
1574 2740 1883 2794 incendium
1918 2749 1999 2795 est
2026 2739 2269 2809 pauperi,

718 2832 920 2902 papulo
967 2833 1174 2888 scilicet
1205 2843 1318 2887 tuo.
1377 2832 1900 2901 Comprehenduntur
1935 2834 1989 2886 in
2037 2832 2269 2885 consiliis

716 2923 903 2994 quibus
964 2925 1215 2994 cogitant.
1275 2923 1328 2977 ld
1386 2933 1488 2987 est,
1539 2923 2085 2992 compreliendentur.
2133 2921 2265 2978 Nam

718 3024 777 3070 tu
796 3029 877 3077 es,
896 3014 1093 3084 inquit,
1123 3014 1216 3083 qui
1244 3013 1661 3084 comprehendis
1693 3017 1963 3085 sapientes
1989 3015 2041 3069 in
2073 3016 2270 3070 astutia

719 3121 906 3162 eorum
929 3106 996 3162 “.

789 3200 843 3254 5.
872 3198 1131 3263 Quoniam
1160 3199 1413 3253 laudatur
1438 3209 1678 3269 peccator
1706 3201 1759 3251 in
1784 3198 2057 3252 desideriis
2085 3198 2273 3252 animi:

720 3305 850 3342 sum.
881 3289 1075 3354 Tanta,
1131 3291 1323 3359 inquit,
1370 3288 1470 3342 fuit
1501 3289 1619 3358 ejus
1671 3288 1978 3350 clementia,
2028 3297 2107 3355 ut,
2148 3292 2272 3359 quia

723 3381 874 3452 impii
906 3381 1152 3452 impuniti
1189 3383 1558 3447 remanebant,
1585 3382 1802 3436 demum
1837 3381 1977 3450 apud
2007 3383 2271 3451 quosdam

722 3475 1076 3530 stultissimos
1125 3476 1372 3531 homines
1411 3490 1599 3530 eorum
1645 3475 1754 3527 vita
1807 3481 2025 3543 accepta
2051 3483 2276 3529 essetet

723 3565 1056 3620 laudaretur.

793 3655 845 3711 4.
890 3654 1236 3710 Exacerbavit
1284 3656 1570 3710 Dominum
1619 3665 1879 3726 peccator.
1923 3654 2279 3710 Exacerbavit

724 3746 940 3815 quidem
973 3746 1247 3802 irridendo
1275 3748 1420 3803 illius
1444 3749 1508 3803 de
1534 3747 1868 3818 providentia
1893 3755 1945 3802 et
1972 3747 2036 3802 de
2073 3746 2277 3815 judicio

723 3838 908 3894 verba.
944 3838 1096 3894 Multi
1123 3856 1356 3910 namque
1396 3857 1519 3895 cum
1568 3840 1944 3910 hujuscemodi
1997 3838 2276 3908 quidpiam

725 3931 976 3998 audiunt,
1001 3932 1186 3986 statim
1204 3933 1400 3986 rident.
1423 3930 1532 3985 Hoc
1561 3943 1744 3985 autem
1771 3930 2149 3998 subjungitur:
2186 3926 2279 3991 Sc-

725 4026 959 4083 cundum
991 4024 1377 4077 multitudinem
1408 4024 1501 4076 ira:
1547 4039 1674 4075 sure.
1733 4020 1804 4075 Ut
1847 4021 1921 4075 ita
1980 4036 2038 4075 se
2085 4021 2280 4074 habeat

727 4129 834 4175 tota
869 4115 1163 4171 sententia:
1197 4112 1551 4167 Exaccrbavit
1584 4112 1893 4175 Dominum,
1927 4109 2118 4179 inquit,
2153 4124 2278 4178 pec-

726 4221 901 4274 cator,
949 4206 1352 4262 multitudinem
1398 4206 1490 4259 irzr
1541 4204 1643 4258 sibi
1693 4204 2089 4257 tlicsaurizans.
2143 4198 2278 4253 Illud

2369 1737 2494 1806 ἡμῖν
2520 1735 2977 1805 εἰσηγησάμενος;
3005 1732 3336 1787 Γιώτωσαν
3363 1733 3506 1801 ἔθνη
3529 1774 3542 1798 ,
3576 1734 3664 1787 ὅτι
3702 1734 3926 1801 ἅνθρω-

2368 1828 2468 1880 ποί
2518 1830 2652 1881 εἰσι.
2679 1828 2755 1897 Τῇ
2803 1827 3071 1898 ὑπερϐολῇ
3102 1829 3198 1896 τῆς
3244 1826 3350 1879 τῶν
3397 1825 3685 1896 δαιμονίων
3711 1826 3928 1895 ἀπάτης

2368 1919 2444 1982 εἰς
2479 1919 2686 1988 κτηνῶν
2723 1917 2861 1989 ἦσαν
2886 1919 3293 1990 μετενεχθέντες
3316 1920 3511 1990 τρόπον
3529 1935 3540 1947 ·
3574 1917 3648 1980 ὼς
3673 1915 3929 1984 λέγεσθαι

2370 2012 2497 2082 περὶ
2532 2011 2742 2064 αὐτῶν·
2782 2010 3289 2078 Παρασυνεϐλήθη
3344 2009 3467 2075 τοῖς
3499 2009 3750 2077 κτήνεσι
3803 2007 3928 2074 τοῖς

2369 2103 2644 2172 ἀνοήτοις
2669 2104 2764 2156 καὶ
2792 2102 3053 2172 ὡμοιώθη
3083 2101 3304 2166 αὐτοῖς.

2956 2191 3259 2242 ΨΑΛΜΟΣ
3295 2191 3358 2243 1'.

2441 2284 2571 2336 Ἵνα
2597 2281 2672 2344 τί,
2695 2283 2888 2347 Κύριε,
2915 2280 3260 2348 ἀφέστηκας
3283 2283 3576 2350 μακρόθεν
3592 2297 3609 2345 ;
3639 2279 3929 2350 Ἐπιταχῦ-

2371 2390 2456 2427 ναι
2487 2372 2580 2441 τὴν
2632 2371 2835 2441 μακρὸν
2896 2371 3118 2441 ὕστερον
3164 2372 3529 2440 γενησομένην
3591 2370 3785 2439 κλῆσιν
3819 2370 3931 2421 τῶν

2371 2463 2537 2515 ἐθνῶν
2576 2461 2811 2531 εὔχεται.
2845 2461 3012 2514 Τοῦτο
3036 2461 3092 2514 δὲ
3130 2461 3259 2515 αὐτὸ
3291 2461 3585 2532 πεποίηκεν
3619 2462 3653 2528 ἡ
3681 2458 3776 2512 τοῦ
3819 2458 3934 2511 δια-

2373 2555 2522 2608 ϐόλου
2565 2555 2661 2605 ὑπε
2671 2553 2847 2624 ροψία.

2455 2651 2547 2702 Ἑν
2573 2646 2648 2713 τῷ
2672 2647 3220 2715 -ὺπερηςτανεύεσθαι
3262 2646 3368 2698 τὸν
3409 2644 3598 2712 ἀσεϐῆ
3627 2642 3935 2713 ἐμπυρίζο-

2372 2758 2464 2795 ται
2485 2745 2516 2794 ό
2544 2741 2811 2809 πτωχός.-
2832 2740 2893 2791 'H
2926 2739 3213 2809 ὑπεροψία,
3241 2737 3393 2808 φησὶ,
3427 2736 3520 2789 τοῦ
3545 2734 3806 2807 πονηροῦ,
3827 2734 3934 2788 πύ-

2379 2850 2536 2906 ρωσις
2568 2833 2644 2904 τῷ
2679 2832 2876 2903 πτωχῷ
2911 2848 3002 2884 σου
3036 2831 3240 2898 γίνεται
3280 2829 3418 2899 λαῷ·
3466 2827 3935 2895 Συλλαμὸἁνον-

2375 2942 2466 2977 ται
2507 2925 2576 2977 ἐν
2607 2924 2983 2987 διαϐουλίοις,
3016 2917 3104 2986 οἷς
3141 2921 3586 2990 διαλογίζονται.
3631 2920 3776 2972 Ἀντὶ
3816 2917 3932 2982 τοῦ,

2375 3014 2855 3086 συλληφθήσονται.
2899 3014 2968 3066 Σὺ
3013 3014 3120 3083 γὰρ
3157 3008 3236 3073 εἷ,
3267 3012 3449 3080 φησὶν,
3493 3011 3520 3062 6
3566 3009 3936 3080 δρασσόμενος

2372 3109 2496 3170 τοὺς
2529 3107 2724 3174 σοιροὺς
2753 3108 2809 3158 ἐν
2830 3108 2893 3175 τῇ
2927 3103 3225 3176 πανουργίᾳ
3250 3103 3446 3157 αὐτῶν.

2447 3196 2563 3248 Ὅτι
2586 3193 2902 3248 ἐπαινεῖται
2919 3197 2950 3247 ὁ
2978 3192 3320 3262 ἁμαρτωλὸς
3344 3193 3412 3246 ἑν
3432 3192 3560 3260 ταῖς
3596 3192 3937 3264 ἐπιθυμίαις

2373 3284 2483 3352 τῆς
2513 3285 2722 3354 ψυχῆς
2749 3284 2952 3337 αὑτοῦ.
2982 3283 3248 3354 Τοσαύτη,
3285 3284 3417 3354 φησὶ
3439 3322 3454 3344 ,
3490 3283 3715 3351 γέγονεν
3763 3283 3939 3355 ή·ἀν-

2373 3377 2642 3444 ιξικακία,
2698 3377 2771 3440 ὼς
2805 3377 2914 3439 καὶ,
2959 3375 3044 3428 διὰ
3075 3375 3131 3427 τὸ
3182 3376 3556 3446 ἀτιμωρήτους
3595 3375 3778 3444 μένειν
3808 3375 3938 3437 τοὺς

2375 3467 2607 3534 ἀσεϐεῖς,
2640 3466 2820 3519 λοιπὸν
2849 3467 2941 3518 καὶ
2971 3465 3119 3536 παρά
3141 3482 3247 3518 τισι
3277 3464 3384 3518 τῶν
3405 3463 3771 3536 ἁνοητοτέρων
3800 3463 3939 3517 ἀπό.

2373 3559 2557 3611 δεκτόν
2588 3558 2766 3620 αὐτοῖς
2793 3553 2930 3609 εἶναι
2955 3556 3042 3608 τὸν
3071 3555 3202 3626 βίον.

2445 3646 2760 3714 Παρώξυνε
2791 3647 2894 3699 τὸν
2919 3649 3133 3713 Κύριον
3159 3650 3190 3698 ό
3222 3644 3584 3714 ἁμαρτωλός.
3633 3644 3935 3715 Παρώξυνε

2381 3741 2477 3812 μὲν
2505 3740 2774 3811 χλευάζων
2815 3738 2938 3801 τοὺς
2967 3739 3093 3808 περὶ
3127 3738 3377 3808 προνοίας
3429 3737 3520 3790 καὶ
3558 3736 3653 3806 τῆς
3698 3737 3941 3807 κρίσεως

2378 3830 2538 3884 αὑτοῦ
2567 3829 2774 3897 λόγους.
2802 3830 2989 3883 Πολλοὶ
3021 3830 3116 3900 μὲν
3140 3830 3246 3900 γὰρ
3270 3828 3559 3891 ἀκούοντες
3600 3827 3845 3881 τοιοῦτόν
3885 3846 3940 3882 τι

2377 3921 2602 3990 γελῶσιν
2636 3921 2832 3982 εὐθέως
2852 3938 2864 3948 ·
2893 3921 3048 3972 τοῦτο
3082 3920 3137 3972 δὲ
3175 3920 3498 3973 συνάπτεται
3521 3959 3536 3978 ,
3579 3918 3638 3971 τὸ
3678 3918 3844 3973 Κατὰ
3870 3919 3940 3973 τὸ

2378 4013 2607 4080 πλῆθος
2653 4010 2760 4078 τῆς
2797 4009 2977 4079 ὀργῆς
3008 4011 3189 4063 αὐτοῦ
3215 4027 3227 4041 ο
3258 4010 3341 4062 ἵνα
3448 4008 3507 4062 τὸ
3555 4008 3674 4062 ὅλον
3728 4007 3938 4072 οὕτως’

2378 4102 2666 4174 Παρώξυνε
2701 4103 2790 4154 τὸν
2815 4101 3035 4171 Κύριον,
3075 4101 3256 4172 φησὶν,
3283 4103 3310 4153 6
3345 4099 3693 4172 ἁμαρτωλὸς,
3729 4098 3942 4168 πλῆθος

2377 4192 2542 4264 ὀργῆς
2596 4191 2769 4262 ἐαυτῷ
2796 4190 3156 4260 θησαυρίζων.
3209 4192 3281 4243 Τὸ
3325 4191 3451 4262 γὰρ,
3483 4191 3688 4253 αὑτοῦ,
3718 4191 3815 4243 ἐπὶ
3841 4188 3941 4242 τοῦ

725 4301 893 4365 enim,
927 4315 1056 4361 sate,
1085 4297 1150 4351 de
1174 4296 1533 4350 exacerbantc
1557 4304 1639 4349 est
1661 4293 2055 4361 accipiendum.
2076 4290 2272 4344 Deinde

2383 4281 2776 4353 παροξύναντος
2805 4280 3056 4350 ληπτέον.
3089 4277 3218 4333 Εἶτα
3241 4281 3300 4333 τὸ
3335 4279 3723 4350 ἐπιφερόμενον
3752 4277 3940 4342 τοῦτο,

725 4391 872 4462 quod
911 4390 1113 4445 dicitur
1144 4408 1154 4441 :
1190 4404 1290 4439 non
1329 4395 1544 4456 qureret,
1577 4401 1701 4437 cum
1739 4382 2172 4451 interpunctione
2207 4381 2280 4435 le-

727 4483 983 4553 gendum,
1006 4491 1064 4534 ut
1093 4480 1164 4532 ita
1207 4479 1650 4546 intelligaturzAn
1688 4476 1774 4529 ille
1801 4476 1961 4528 homo
1987 4473 2154 4526 Deum
2187 4489 2277 4526 ex-

726 4572 964 4630 acerbat,
998 4570 1090 4623 ira:
1121 4569 1223 4622 sibi
1253 4567 1681 4637 magnitudinem
1712 4565 2034 4629 accendens,
2063 4572 2116 4617 et
2141 4561 2280 4616 Deus

727 4678 835 4717 non
877 4663 1116 4731 quaeret?
1143 4660 1277 4714 Cum
1303 4659 1740 4726 interpunCtione
1768 4655 1950 4724 itaque
1973 4653 2278 4724 legendum,

727 4767 786 4811 ut
818 4756 887 4810 sit
913 4755 999 4807 hic
1035 4767 1228 4807 sensus
1256 4769 1270 4804 :
1300 4749 1495 4801 Annon
1530 4755 1732 4816 quaeret
1768 4745 2149 4799 Deus?annon
2182 4743 2280 4797 tri-

726 4849 854 4902 buet
883 4847 982 4915 ipsi
1016 4843 1312 4900 secundum
1347 4842 1505 4903 iram,
1553 4854 1715 4909 quam
1763 4837 1864 4893 sibi
1897 4836 2282 4892 thesaurizavit

727 4941 780 4994 in
813 4940 900 4995 die
927 4938 1019 4992 irae
1045 4952 1156 4992 suae
1186 4935 1209 4988 ?

798 5030 850 5083 5.
889 5026 1008 5080 Non
1037 5037 1111 5079 est
1137 5024 1273 5078 Deus
1302 5024 1355 5075 in
1382 5029 1656 5090 conspectu
1686 5019 1820 5086 ejus.
1858 5017 2072 5071 Initium
2104 5017 2280 5071 omnis

729 5120 954 5188 improbi
1003 5117 1179 5187 operis
1231 5127 1313 5170 est
1357 5112 1523 5167 Deum
1579 5126 1684 5166 non
1737 5111 1973 5180 cogitare
2018 5107 2277 5177 judicem.

729 5213 1055 5280 Aufcruntur
1083 5209 1290 5278 judicia
1323 5217 1413 5259 tua
1450 5224 1481 5258 a
1509 5205 1644 5272 [acie
1680 5203 1812 5271 ejus.
1848 5199 1979 5254 Nam
2006 5200 2096 5269 qui
2126 5200 2279 5267 igno-

729 5317 810 5357 rat
837 5318 954 5358 esse
975 5301 1163 5365 Deum,
1194 5301 1406 5369 ignorat
1438 5298 1562 5350 item
1594 5310 1714 5349 esse
1738 5293 1998 5360 judicent.
2035 5289 2277 5343 Omnium

727 5394 1059 5447 inimicorum
1094 5406 1308 5443 suorum
1357 5384 1735 5440 dominabitur.
1790 5383 1976 5436 Simile
2031 5391 2111 5434 cst
2159 5379 2278 5433 illi:

731 5484 1037 5539 Universum
1085 5480 1257 5534 orbem
1318 5496 1473 5532 manu
1521 5475 1948 5544 comprehendam
1999 5472 2150 5541 quasi
2201 5472 2281 5522 ni-

725 5575 910 5628 dum“
963 5573 1110 5626 Dixit
1140 5573 1278 5624 cnim
1311 5573 1362 5623 in
1403 5569 1555 5623 corde
1582 5583 1708 5622 suo:
1738 5565 1857 5620 Non
1889 5563 2145 5628 movebar,
2173 5571 2275 5618 etc.

2383 4377 2492 4427 οὐκ
2529 4371 2852 4440 ὲκζὴτήσει,
2890 4372 3007 4438 καθ’
3039 4374 3374 4442 ὑποστιγμὴν
3405 4371 3806 4439 ἀναγνωστέον·
3848 4371 3942 4426 ἴνα

2381 4463 2414 4540 ᾖ
2441 4466 2500 4518 τὸ
2529 4465 2808 4534 νοούμενον
2833 4463 3005 4526 οὕτως
3027 4481 3038 4493 ·
3075 4460 3196 4534 'Ap’
3236 4460 3326 4516 οὖν
3357 4465 3384 4516 6
3414 4462 3510 4533 μὲν
3533 4460 3823 4533 παροξύνει
3847 4461 3942 4515 τὸν

2381 4557 2530 4621 Θεὸν,
2561 4556 2735 4609 καίτοι
2767 4555 2966 4624 πλῆθος
3006 4556 3153 4626 αὑτῷ
3182 4555 3414 4609 ἐκκαίων
3449 4554 3650 4625 ὀργῆς,
3689 4554 3718 4606 6
3745 4552 3804 4606 δὲ
3836 4553 3944 4607 οὐκ

2381 4648 2703 4719 summast;
2753 4647 2888 4700 Καθ’
2927 4647 3264 4716 ὑποστιγμὴν
3307 4648 3340 4716 ἡ
3369 4647 3668 4713 ἀνάγνωσις
3690 4684 3704 4708 ,
3745 4645 3836 4696 ἵνα
3925 4660 3940 4673 ·

2382 4740 2493 4793 Οὐκ
2540 4737 2848 4808 ἐκζητήσει,
2893 4738 3075 4807 φησὶν,
3103 4739 3130 4790 6
3157 4736 3305 4799 Θεὸς.
3332 4737 3426 4789 καὶ
3471 4733 3738 4787 ἀποδώσει
3788 4733 3942 4804 αὐτῷ

2382 4831 2519 4886 κατὰ
2548 4831 2644 4901 τὴν
2693 4829 2889 4900 ὀργὴν,
2930 4831 2993 4898 ἢν
3041 4828 3216 4898 ἑαυτῷ
3248 4826 3602 4898 ὲθησαύρισεν
3646 4825 3704 4877 ὲν
3753 4823 3944 4895 ἡμέρᾳ

2380 4924 2547 4994 ὀργῆς
2581 4918 2772 4981 αὐτούς
3468 4906 3476 4915 ’

2445 5018 2565 5068 Οὐκ
2591 5016 2758 5069 ἔστιν
2787 5017 2818 5067 d
2858 5011 2997 5076 Θεὸς
3034 5011 3284 5062 ἐνώπιον
3318 5008 3520 5063 αὑτοῦ.
3558 5005 3722 5077 Ἀρχὴ
3755 5003 3942 5074 πάσης

2383 5108 2620 5179 πονηρᾶς
2648 5107 2892 5177 πράξεως
2931 5104 2991 5156 τὸ
3018 5103 3090 5174 μὴ
3119 5101 3425 5170 λογίζεσθαι
3447 5098 3634 5170 κριτὴν
3663 5095 3904 5150 τὸνθεόν
3922 5110 3940 5127 ο

2394 5199 2811 5264 Ἀντιιναίρεται
2836 5195 2907 5249 τὰ
2933 5191 3180 5263 κρίματὰ
3201 5208 3314 5244 σου
3337 5190 3450 5245 ἀπὸ
3481 5186 3804 5258 προσώπου
3829 5187 3943 5239 ai)-

2383 5291 2505 5345 τοῦ.
2548 5291 2603 5343 Ὁ
2636 5290 2743 5361 γὰρ
2776 5290 2847 5360 μὴ
2875 5287 3251 5356 ἐπιστάμενος,
3281 5285 3360 5337 ὃτι
3383 5283 3495 5336 ἔστι
3528 5281 3677 5345 Θεὸς,
3704 5278 3826 5332 οὐδὲ
3858 5279 3942 5332 ὅτι

2383 5385 2574 5456 κριτής
2610 5385 2750 5435 ἐστιν
2783 5378 2910 5435 οἶδε.
2945 5380 3189 5435 Πάντων
3219 5377 3336 5431 τῶν
3365 5374 3587 5446 ἐχθρῶν
3618 5372 3805 5428 αὑτοῦ
3834 5387 3941 5426 κα-

2382 5475 2773 5542 τακυριεύσει.
2827 5474 3048 5541 Ὅμοιον
3094 5470 3156 5523 τὸ
3183 5509 3197 5532 ,
3254 5469 3378 5537 Τὴν
3405 5463 3760 5535 οἰκουμένην
3788 5463 3943 5532 ὅλην

2383 5563 2799 5633 καταλήψομαι
2821 5562 2892 5633 τῇ
2917 5564 3067 5635 χειρί
3090 5580 3205 5632 μου
3233 5564 3311 5628 ὡς
3338 5557 3615 5615 νοσσιάν.
3659 5551 3807 5611 Ehe
3833 5554 3943 5625 γὰρ

805 5727 1000 5784 "Psal.
1028 5742 1213 5794 xum,
1249 5726 1335 5779 13.
1411 5721 1575 5779 “Job
1606 5739 1660 5786 ν,
1701 5723 1784 5776 15.
1861 5719 2034 5774 "15a.
2068 5737 2118 5781 ι,
2157 5718 2244 5783 Η,
2278 5719 2432 5788 juxta
2464 5716 2624 5772 LXV.
