4074 6304
122 344 182 401 89
1249 335 1610 393 EXPOSITIO
1650 335 1716 390 IN
1756 336 2088 394 PSALMUM
2127 338 2190 395 Χ.
3261 348 3332 405 90

120 468 181 517 ἐν
211 458 283 528 τῇ
315 460 531 528 καρδίᾳ
554 455 740 513 αὐτοῦ
760 473 773 487 ·
811 455 894 510 Οὐ
917 456 1001 526 μὴ
1031 453 1324 510 σαλευθῶ.
1372 455 1514 507 Ἀντί
1539 453 1631 506 τοῦ
1659 469 1672 483 ·

1786 453 1832 507 Id
1862 465 1982 509 est:
2019 454 2136 510 Non
2191 454 2419 510 inducar
2459 455 2510 508 in
2562 471 2825 524 errorem,
2881 473 2986 514 non
3019 469 3231 516 evertar
3277 463 3333 518 in

120 555 184 610 Οὐ
224 554 297 626 μὴ
337 553 543 623 σφάλω,
578 552 638 606 οὐ
684 551 758 622 μὴ
803 550 1282 621 περιτραπήσομαι
1324 550 1400 611 είς
1433 548 1620 617 γενεάν
1649 563 1660 576 ν

119 644 169 699 of.
193 643 299 712 γὰρ
323 641 517 711 ἔσομαι
551 643 609 694 ἐν
640 638 896 693 κακώσει.

1773 548 2191 617 generationem,
2219 564 2320 601 non
2354 548 2404 601 in
2436 549 2594 602 malis
2626 565 2739 604 ero.

187 735 381 802 Adjicit
417 732 547 785 Dan.
601 729 763 784 Barb.
808 728 940 782 Nam
973 727 1280 796 quicunque
1316 726 1426 779 vitii
1464 725 1732 794 particeps
1754 730 1856 783 est,
1893 721 2021 774 nihil
2052 735 2214 791 grave
2245 735 2301 773 se
2328 719 2634 774 subiturum
2672 731 2840 790 putat.

187 827 341 897 [οὐκ
368 826 538 878 ἐστιν
574 826 605 876 ό
646 821 788 886 Θεὸς
832 819 1085 873 ἐνώπιον
1129 819 1337 872 αὑτοῦ.
1401 817 1673 871 Ἐκϐαλὼν

123 920 201 970 τὸν
234 915 376 968 θεῖον
401 913 558 985 φόϐον
588 915 651 966 ὲκ
691 915 787 982 τῆς
845 910 1039 980 ψυχῆς,
1090 910 1378 973 διαπαντὸς
1409 913 1467 963 ὲν
1514 909 1679 980 κακίᾳ

124 1007 396 1079 διατρίϐει.
443 1005 609 1076 Ἀρχὴ
630 1005 806 1073 πάσης
832 1003 1070 1072 πονηρᾶς
1098 1002 1346 1072 πράξεως
1381 1001 1442 1053 τὸ
1470 1000 1543 1071 μὴ
1593 999 1678 1052 λο-

121 1099 356 1167 γίζεσθαι
379 1099 567 1170 κριτὴν
595 1095 840 1148 τὸνθεόν.
873 1094 1309 1160 Ἀντανίιιζρεται
1330 1092 1402 1144 τὰ
1421 1090 1670 1160 κρίματά

120 1209 222 1246 σου
253 1191 374 1245 ἀπὸ
418 1186 736 1258 προσώπου
775 1185 978 1240 αὐτοῦ.
1029 1186 1102 1237 Οὐ
1169 1183 1413 1254 βούλεται
1445 1182 1663 1246 εἰδέναι,

119 1285 186 1336 ὅτι
217 1281 412 1353 κριτὴς
449 1277 496 1333 εἴ
534 1279 759 1340 δίκαιος*
809 1279 838 1329 ὁ
871 1278 978 1347 γὰρ
1035 1277 1108 1346 μὴ
1158 1275 1536 1345 ἐπιστάμενος,
1587 1275 1669 1326 ὅτι

121 1376 222 1427 ἔστι
250 1374 404 1439 Θεὸς,
432 1372 549 1424 οὐδὲ
569 1373 648 1424 ὃτι
677 1373 865 1440 κριτής
911 1370 1054 1420 ἐστιν
1094 1364 1222 1420 οἶδε.
1281 1365 1527 1421 Πάντων
1554 1364 1672 1418 τῶν

120 1464 338 1533 ἐχθρῶν
365 1462 551 1517 αὑτοῦ
605 1461 1076 1527 κατακυριεύσει.
1110 1459 1229 1510 Τῶν
1275 1456 1592 1528 πειρασμῶν
1625 1457 1674 1509 οἱ

126 1556 208 1624 μὲν
237 1555 599 1626 προσάγονται
621 1555 686 1622 τῇ
713 1552 937 1620 ψυχῇ,οί
960 1550 1014 1602 δὲ
1036 1547 1112 1618 τῷ
1138 1547 1366 1618 σώματι,
1400 1549 1448 1600 οἱ
1480 1548 1536 1600 δὲ
1561 1551 1674 1611 τοῖς

123 1643 266 1714 πέριξ
297 1642 394 1696 τοῦ
427 1642 694 1713 σώματος.
717 1641 822 1694 Καὶ
855 1641 904 1692 οἱ
963 1639 1059 1709 μὲν
1089 1640 1232 1708 ψυχῇ
1283 1639 1676 1710 προσαγόμενοι

1849 812 1993 886 [Non
2026 825 2100 866 est
2131 813 2270 866 Deus
2295 815 2347 865 in
2378 824 2654 882 conspectu
2687 815 2818 883 ejus.
2854 815 3090 885 Expulso
3121 835 3183 873 ex
3218 821 3335 873 ani-

1777 923 1865 961 ma
1894 923 1990 962 sua
2027 905 2119 959 Dei
2165 907 2360 960 timore
2384 949 2399 971 ,
2428 923 2643 976 semper
2687 911 2738 961 in
2773 909 2974 962 malitia
3007 920 3333 979 perseverat.

1777 999 2112 1068 Principium
2141 1001 2320 1055 omnis
2360 1001 2513 1054 mala:
2557 1002 2787 1056 actionis
2817 1011 2927 1066 est,
2955 1019 3060 1057 non
3099 1005 3340 1073 cogitare

1775 1090 2012 1159 judicent
2046 1088 2234 1144 Deum.
2287 1091 2610 1158 Λαίδι-ωηατ
2644 1091 2851 1158 judicia
2880 1101 2970 1146 tua
2994 1111 3024 1146 a
3047 1094 3181 1163 [acie
3201 1096 3336 1163 ejus.

1775 1181 1947 1237 Nosse
1981 1197 2091 1235 non
2123 1182 2235 1235 vult
2266 1191 2316 1234 te
2349 1182 2589 1250 judicent
2635 1198 2754 1237 esse
2777 1184 2986 1252 justum
3023 1204 3036 1240 :
3069 1187 3162 1255 qui
3194 1187 3336 1239 enim

1781 1287 1888 1324 non
1934 1271 2084 1325 novit
2122 1286 2242 1325 esse
2283 1269 2452 1323 Deum
2483 1312 2498 1336 ,
2537 1287 2710 1340 neque
2754 1273 2991 1340 jndicem
3022 1289 3143 1328 esse
3170 1275 3338 1330 novit.

1785 1361 2034 1416 Omnium
2058 1361 2390 1414 inimicorum
2421 1377 2634 1414 suorum
2655 1362 3029 1415 dominabitur.
3063 1362 3342 1417 Tentatio-

1781 1466 1876 1504 nes
1908 1449 2024 1502 alite
2057 1450 2241 1503 animo
2266 1489 2280 1514 ,
2327 1451 2542 1517 corpori
2581 1451 2700 1504 aliae
2727 1451 3084 1519 objiciuntur;
3131 1453 3248 1505 alize
3274 1453 3343 1507 iis

1783 1555 1902 1609 quan
1933 1541 2136 1593 circum
2175 1553 2372 1606 corpus
2404 1547 2706 1591 versantur.
2738 1537 2866 1602 Quae
2895 1539 3077 1592 animo
3105 1536 3343 1590 offerun-

1783 1640 1890 1692 tur,
1937 1628 2296 1698 cogitationes
2347 1627 2570 1696 impurae
2616 1636 3020 1696 nuncupantur,
3061 1643 3182 1698 quae
3221 1641 3344 1696 pec-

121 1733 358 1801 λογισμοὶ
416 1731 711 1801 ἀκάθαρτοι
759 1730 1021 1797 λέγονται,
1080 1728 1350 1799 ἁμαρτίας
1376 1727 1672 1795 γεννῶντες

1786 1729 1899 1775 cata
1934 1727 1987 1772 et
2037 1720 2289 1789 dogmata
2326 1717 2461 1772 falsa
2498 1725 2788 1786 generant;
2825 1731 2947 1785 qua:
2994 1716 3209 1784 corpori
3247 1715 3345 1769 ad-

123 1827 200 1876 καὶ
235 1824 484 1895 δόγματα
509 1821 700 1891 ψευδῆ-
755 1821 885 1882 οἱδὲ
929 1819 1005 1889 τῷ
1056 1818 1265 1888 σώματι
1299 1818 1679 1888 προσφερόμε-

122 1932 190 1967 νοι
227 1913 458 1983 πληγῶν
489 1914 579 1966 καὶ
640 1909 1016 1984 στρεϐλώσεων
1041 1910 1132 1961 καὶ
1159 1908 1412 1977 διωγμῶν
1452 1907 1546 1960 καὶ
1577 1923 1672 1976 φυ-

123 2006 291 2058 λακῶν
316 2007 409 2057 καί
454 2004 696 2058 θανάτων
725 2002 881 2055 αἴτιοι
927 2000 1182 2069 γίνονται·
1211 2001 1261 2051 οἱ
1305 1999 1361 2052 δὲ
1400 1999 1506 2052 τῶν
1553 1999 1682 2070 περὶ

123 2092 205 2146 τοῦ
243 2091 495 2163 σώματος
543 2089 835 2161 πειρασμοὶ
868 2087 1177 2158 περιέχουσι
1224 2084 1422 2156 ζημίας
1466 2085 1681 2154 χρημά-

123 2203 217 2238 των
237 2185 336 2238 καὶ
361 2183 654 2254 κτημάτων
683 2181 776 2234 καὶ
800 2177 1070 2240 ἀποϐολάς
1085 2178 1287 2229 τέκνων
1305 2175 1682 2243 καὶγυναικῶν

124 2275 456 2346 ἀφαιρέσεις.
485 2273 650 2343 Δῆλον
695 2267 785 2324 οὖν
809 2272 953 2321 ἐστιν
987 2270 1050 2320 ὲκ
1081 2267 1305 2329 τούτων,
1352 2266 1432 2316 ὅτι
1468 2265 1682 2328 πάντως

122 2367 200 2420 διά
224 2382 372 2428 τινος
401 2363 509 2416 τῶν
562 2362 988 2431 κατειλεγμένων
1035 2358 1351 2428 πειρασμῶν
1405 2357 1684 2426 ἐκυρίευσε

124 2459 313 2519 παντὸς
347 2456 558 2509 δικαίου
588 2456 616 2507 ὁ
641 2455 899 2514 Σατανᾶς·
929 2452 1085 2523 μόνος
1115 2451 1222 2521 γὰρ
1251 2449 1479 2520 Χριστὶς
1513 2449 1688 2517 ἀμαρ-

123 2551 245 2604 τίαν
276 2551 390 2602 οὐκ
444 2550 712 2614 ἐποίησε,
758 2547 855 2600 καί
891 2547 1001 2614 οὐχ
1045 2543 1253 2612 εὑρέθη
1308 2542 1487 2607 δόλος
1511 2541 1579 2593 ἐν
1608 2539 1685 2606 τῷ

123 2645 362 2711 στόματι
393 2638 627 2711 αὐτοῦ]

181 2729 446 2800 οὗὰρᾶς
476 2731 542 2784 τὸ
572 2731 761 2799 στόμα
781 2728 962 2782 αὑτοῦ
990 2727 1166 2796 γέμει.
1206 2724 1544 2794 Παράμονον,
1579 2739 1684 2793 φη-

1779 1818 2103 1874 moventur,
2166 1817 2293 1862 sunt
2351 1824 2533 1862 causa:
2585 1808 2908 1877 plagarum,
2960 1806 3342 1873 cruciatuum,

1779 1899 2218 1970 persecutionum
2246 1937 2260 1960 ,
2291 1913 2594 1961 carcerum,
2626 1899 2853 1964 mortis;
2886 1913 3007 1966 quae
3045 1899 3185 1952 circa
3218 1912 3344 1952 cor-

1779 2006 1881 2061 pus
1938 1997 2222 2045 versantur
2277 1989 2638 2052 tentationes,
2706 2001 2835 2042 sunt
2890 1989 3244 2058 pecuniarum
3291 1998 3348 2044 et

1780 2082 2186 2152 possessionum
2220 2081 2454 2141 mulctze,
2486 2079 2720 2133 ﬁliorum
2752 2089 2805 2132 et
2833 2096 3062 2133 uxorum
3094 2083 3344 2150 jactura.

1781 2173 1965 2226 Palam
1987 2173 2170 2241 itaque
2199 2178 2282 2224 est
2312 2185 2376 2224 ex
2413 2168 2742 2238 supradictis
2779 2167 3034 2222 Satanam
3068 2170 3251 2237 aliquo
3280 2183 3346 2222 ex

1783 2264 2098 2320 memoratis
2130 2262 2492 2316 tentationum
2530 2260 2842 2330 generibus,
2875 2261 2927 2313 in
2956 2259 3135 2330 justos
3159 2275 3350 2314 omnes

1781 2357 2123 2411 dominatum
2171 2353 2427 2407 habuisse
2461 2370 2474 2405 :
2522 2352 2670 2404 solus
2704 2352 2904 2419 quippe
2935 2351 3188 2406 Christus
3229 2366 3350 2422 pec—

1783 2457 1961 2501 catum
2006 2462 2108 2498 non
2155 2445 2321 2514 fecit,
2366 2459 2528 2514 neque
2575 2443 2728 2497 dolus
2775 2444 3012 2496 iuventus
3053 2453 3130 2496 est
3169 2447 3225 2498 iu
3264 2459 3354 2499 ore

1782 2539 1896 2607 ejus
1927 2537 1992 2589 ιε.
2011 2535 2031 2608 ]

1857 2733 1906 2788 7.
1948 2733 2116 2802 Cujus
2160 2734 2522 2788 maledictione
2567 2751 2622 2788 os
2662 2735 2872 2800 plenum
2900 2746 2996 2790 est.
3028 2736 3357 2793 Permanen-

125 2827 219 2885 σὶν,
247 2825 390 2889 ’ἐξειν
414 2821 514 2893 τὴν
541 2819 834 2890 εὐημερίαν
853 2818 1175 2884 λελόγισται.
1206 2816 1297 2868 Διὸ
1338 2816 1430 2868 καὶ
1465 2815 1684 2886 πικρίας

1787 2839 1915 2892 tem,
1944 2827 2225 2896 inquit,se
2255 2827 2562 2881 felicitatem
2597 2827 2904 2880 habiturum
2945 2836 3130 2896 putat,
3161 2841 3354 2896 quam—

124 2916 208 2968 καὶ
241 2915 394 2968 δέλου
416 2913 480 2966 τὸ
507 2912 680 2982 στόμα
734 2911 1104 2982 πεπλήρωται·
1139 2910 1231 2962 καὶ
1279 2909 1382 2978 μὴν
1423 2907 1684 2976 ὲνεδρεύει

1786 2921 1972 2973 ohrem
2018 2929 2070 2971 ct
2125 2919 2486 2974 amaritudine
2512 2930 2566 2973 ct
2598 2919 2724 2972 dolo
2751 2935 2813 2972 os
2841 2919 2958 2988 ejus
2985 2920 3199 2987 plenum
3228 2928 3310 2973 est
3336 2959 3352 2984 ,

124 3008 362 3075 πτωχοὺς
389 3004 529 3076 πρὸς
559 3003 620 3057 τὸ
641 3004 951 3055 ἀποκτεῖναι
983 3001 1069 3055 διὰ
1115 3000 1223 3055 τῶν
1260 3000 1401 3052 ίδίων
1424 2999 1683 3067 παγίδων.

1789 3016 1950 3077 atque
1996 3007 2220 3061 insidias
2269 3017 2421 3076 parat
2453 3008 2821 3076 pauperibus,
2870 3019 2929 3060 ut
2975 3008 3188 3076 laqueis
3239 3011 3354 3064 suis

124 3099 190 3150 Τὸ
210 3099 285 3163 δὲ,
309 3099 464 3168 μετὰ
491 3099 820 3160 πλουσίων,
850 3098 901 3148 τί
950 3095 1014 3149 ἂν
1045 3096 1229 3164 ἕτερον
1273 3092 1489 3164 νοηθείη
1517 3093 1550 3162 ἢ
1580 3092 1684 3146 τῶν

1791 3099 2079 3153 interﬁciat
2103 3114 2219 3154 eos.
2245 3097 2377 3151 Illud
2408 3112 2592 3168 pom-0,
2617 3110 2737 3150 cum
2762 3097 3034 3157 divitibus.
3055 3099 3184 3169 quid
3208 3099 3354 3153 aliud

122 3187 490 3241 πλουτούντων
525 3189 581 3240 ὲν
613 3190 838 3251 κακοῖςς
876 3181 1032 3240 Οὗτοι
1061 3186 1170 3255 γὰρ
1193 3179 1276 3254 τῷ
1299 3183 1526 3254 διαϐόλῳ
1545 3182 1686 3237 κατὰ

122 3277 222 3331 τῶν
268 3277 507 3348 πτωχῶν
537 3275 614 3346 τῷ
645 3276 809 3347 πατρὶ
833 3274 1008 3328 αὐτῶν
1042 3273 1480 3346 συμπράττουσιν

197 3456 556 3526 Ἐτκάθηται
615 3456 681 3509 ἐν
733 3455 942 3524 ἐνέδρᾳ
988 3455 1138 3525 μετὰ
1202 3455 1530 3508 πλουσίων.
1613 3453 1686 3506 Εν

125 3551 398 3618 συλλόγοις
427 3548 485 3601 δὲ
513 3549 606 3603 καὶ
637 3550 694 3601 ὲν
738 3548 1033 3618 συνεδρίοις
1089 3546 1413 3617 καθήμενος,
1467 3545 1687 3616 ἐνέδρας

121 3643 263 3703 τινὰς
297 3643 397 3694 καὶ
440 3641 683 3711 μηχανὰς
705 3642 815 3702 τοῖς
842 3640 1099 3700 ἀναιτίοις
1131 3637 1544 3701 κατασκευάζει.

184 3735 380 3802 Keue;
436 3733 536 3786 καὶ
577 3731 860 3785 πεσεῖται.
897 3731 1062 3783 Ὅταν
1095 3730 1222 3800 εἴπῃ
1257 3729 1461 3801 [Λυκίη.
1501 3729 1625 3783 add.
1659 3732 1688 3783 ὁ

119 3824 356 3888 διάϐολος
457 3823 751 3894 Νενίκηκα,
790 3821 909 3874 τότε
939 3819 1116 3874 πεσὼν
1149 3820 1477 3890 αἰσχύνεται.

181 3911 331 3970 Εϊπε
395 3913 510 3984 τὰρ
572 3915 641 3965 ὲν
687 3911 902 3980 καρδίᾳ
951 3910 1154 3965 αὑτοῦ’
1191 3910 1607 3976 Ἐπιλέλησται
1655 3911 1688 3963 ὁ

121 4007 276 4072 Θεός.
306 4005 477 4074 Λέγει
509 4003 681 4057 ταῦτα
735 4004 764 4055 ὁ
789 4002 1028 4064 διάϐολος
1056 4003 1152 4072 οὐχ
1181 4002 1350 4066 οὕτως
1397 4003 1553 4073 ἔχων,
1576 4001 1689 4056 ἀλλ’

118 4098 256 4168 ἡμᾶς
299 4097 590 4168 ἀπατῆσαι
618 4095 952 4166 βουλόμενος,
998 4095 1084 4148 ἵνα
1124 4094 1508 4165 σκελισθῶμεν,
1557 4097 1692 4166 ἀμε-

119 4189 222 4242 λεῖν
247 4191 340 4243 τὸν
372 4190 513 4242 Θεὸν
543 4188 650 4240 τῶν
682 4187 1034 4258 ἀνθρωπίνων
1071 4186 1397 4258 νομίζοντες.

192 4281 551 4348 Ἀνάστηθι,
580 4281 757 4348 Κύριε
791 4283 823 4333 ὀ
854 4281 996 4345 Θεός
1037 4297 1174 4348 μου.
1203 4278 1432 4349 Εὕχεται
1473 4277 1569 4350 τὴν
1606 4280 1692 4334 ἀν-

118 4375 236 4443 οχὴν
260 4371 357 4426 τοῦ
390 4371 535 4425 Θεοῦ
563 4371 655 4423 καὶ¹
671 4370 769 4439 τὴν
791 4371 1128 4442 χρηστότητα
1160 4372 1395 4442 κινῆσαν
1429 4371 1502 4442 μὴ
1530 4370 1693 4441 ὑψου-

1790 3191 1894 3246 sibi
1945 3192 2209 3254 voluerit,
2247 3207 2443 3262 quam,
2484 3205 2608 3246 cum
2641 3191 2709 3247 iis
2748 3191 2842 3261 qui
2877 3190 3068 3245 divites
3109 3191 3163 3244 in
3195 3191 3354 3244 malis

1789 3284 1956 3338 sunt?
2007 3281 2082 3336 llli
2119 3299 2354 3352 namque
2407 3299 2531 3338 cum
2579 3284 2797 3338 diabolo
2830 3294 2983 3354 patre
3025 3299 3126 3340 suo
3165 3293 3354 3339 contra

1789 3388 2055 3444 pauperes
2084 3390 2187 3427 una
2221 3374 2502 3428 machinas
2536 3383 2750 3443 parant.

1855 3467 1910 3520 8.
1952 3465 2104 3520 Sedet
2140 3466 2192 3518 in
2217 3465 2422 3519 insidiis
2454 3481 2570 3518 cum
2594 3465 2864 3518 divitibus.
2899 3465 2956 3519 In
2984 3467 3347 3522 conventibus

1791 3565 1846 3611 et
1873 3557 2103 3611 cmtibns
2131 3557 2325 3611 sedens
2347 3598 2360 3622 ,
2394 3556 2620 3611 insidias
2653 3565 2707 3610 et
2736 3556 3018 3611 machinas
3047 3555 3356 3612 insontibus

1791 3655 1965 3716 parat.

1862 3737 1949 3789 i0.
1993 3733 2281 3789 Iuctinabit
2306 3751 2358 3787 se
2386 3743 2435 3788 et
2461 3735 2632 3787 cadet.
2668 3733 2961 3804 Postquam
2989 3733 3168 3789 dixit:
3203 3732 3352 3799 Vici,

1794 3837 1923 3883 tunc
1949 3827 2135 3897 lapsus
2171 3827 2461 3882 erubescit.

1864 3918 1950 3971 Η.
1968 3916 2115 3971 Dixit
2136 3919 2269 3971 enim
2293 3919 2347 3970 in
2377 3918 2529 3971 corde
2554 3933 2647 3970 suo
2669 3931 2690 3971 :
2719 3917 2926 3972 Oblitus
2945 3926 3021 3971 est
3046 3916 3207 3971 Deus.
3233 3915 3356 3972 Haec

1792 4011 1923 4066 dicit
1960 4010 2228 4076 diabolus,
2257 4025 2364 4064 non
2390 4010 2533 4079 quod
2577 4010 2652 4062 ita
2683 4024 2742 4063 se
2767 4024 2854 4063 res
2889 4008 3103 4075 habeat,
3128 4009 3219 4062 sed
3245 4022 3355 4077 quo

1793 4119 1896 4160 nos
1926 4104 2181 4174 decipiat,
2217 4113 2378 4171 atque
2431 4110 2488 4154 ut
2541 4100 2971 4170 supplantemur,
3031 4101 3136 4154 rati
3184 4098 3352 4154 Deum

1793 4196 2032 4250 humana
2051 4194 2339 4263 negligere.

1867 4286 1951 4340 12.
2002 4285 2277 4353 Exsurge,
2321 4282 2542 4337 Domine
2588 4281 2726 4336 Deus
2775 4298 2936 4336 meus.
2981 4279 3242 4336 Precatur
3295 4290 3358 4337 ut

1796 4378 1890 4434 Dei
1919 4380 1971 4434 in
2007 4377 2282 4447 puniendo
2312 4391 2463 4430 mora
2493 4385 2546 4429 et
2568 4375 2850 4429 clementia
2883 4383 3196 4428 moveatur:
3226 4388 3356 4427 nam

122 4465 281 4536 μένης
323 4463 444 4533 γὰρ
473 4461 569 4513 ἐπὶ
588 4463 653 4530 τῇ
683 4462 860 4532 μωρίᾳ
889 4462 993 4516 τῶν
1021 4461 1231 4515 ἀσεϐῶν
1264 4463 1362 4533 τῆς
1390 4463 1567 4534 κειρδς
1597 4460 1684 4516 τοῦ

1798 4480 1922 4519 cum
1955 4463 2049 4518 Dei
2100 4477 2292 4517 manus
2339 4470 2528 4514 contra
2570 4458 2858 4527 impiorum
2910 4457 3192 4512 stultitiam
3247 4471 3359 4510 non

119 4555 269 4610 Θεοῦ.
307 4551 749 4624 προπετέστεροι
771 4551 1028 4618 γίνονται.

184 4642 203 4715 [
231 4641 572 4712 ’Υψωθήτω
612 4642 648 4707 ἡ
674 4642 801 4710 χείρ
833 4657 968 4696 σου.
1000 4643 1239 4714 Ἐπαρον
1261 4645 1358 4715 τὴν
1378 4644 1534 4715 χεῖρά
1581 4662 1694 4710 σου,

124 4737 209 4786 καὶ
239 4734 463 4799 δίδαξον
494 4721 711 4796 αὐτοὺς,
749 4733 822 4796 ὠς
844 4734 952 4788 τῶν
974 4734 1338 4805 ἀδικουμένων
1360 4740 1578 4809 προνοῇ·
1607 4738 1699 4792 καὶ

124 4824 190 4888 ὡς
211 4827 267 4893 ἐξ
301 4825 485 4879 ὕπνου
524 4823 778 4888 ἀναστάς,
807 4825 1082 4896 ἀνωτέραν
1136 4824 1304 4892 δεῖξον
1349 4827 1448 4896 τῆς
1480 4829 1699 4882 ἐκείνων

125 4918 342 4988 γνώμης
398 4919 508 4988 τὴν
567 4917 672 4969 ἀπὸ
729 4916 822 4969 σοῦ
869 4919 1150 4989 τιμωρίαν.
1197 4919 1304 4972 Καὶ
1347 4919 1568 4974 κόλασον
1604 4921 1701 4991 μὲν

125 5009 384 5072 ἐκείνους.
424 5011 621 5077 φεῖσαι
669 5007 724 5060 δὲ
785 5007 875 5060 τὸν
928 5008 1300 5078 ἀδικούμενον,
1356 5011 1701 5084 σφοδρότερον

127 5100 409 5168 ἀχθεσθεὶς
464 5102 612 5161 ταῖς
645 5099 864 5154 ἐκείνων
913 5100 1135 5172 τόλμαις
1177 5102 1272 5154 καὶ
1318 5101 1699 5174 βλασφημίαις.

129 5193 377 5248 Ἕνεκεν
423 5193 622 5256 τίνος,
665 5194 818 5263 φησὶ,
845 5193 1212 5263 παρώργισεν
1245 5197 1278 5248 ό
1324 5194 1550 5264 ἀσεϐὴς
1601 5197 1705 5249 τὸν

131 5288 270 5339 Θεόν
291 5302 311 5350 ;
337 5287 358 5358 ]

189 5375 333 5431 Εἶχε
384 5377 505 5447 γὰρ
560 5377 632 5428 ἐν
668 5375 879 5444 καρδίᾳ
931 5377 1136 5431 αὐτοῦ·
1202 5380 1323 5431 Οὐκ
1375 5378 1700 5447 ἐκζητήσει.

133 5468 294 5522 Τοῦτο
340 5471 528 5523 αἴτιον
590 5469 683 5520 καὶ
728 5467 821 5520 τοῦ
873 5468 1175 5539 ἐπαρθῆναι
1225 5470 1315 5525 καὶ
1374 5471 1466 5524 τοῦ
1524 5474 1704 5524 πεσεῖν

134 5559 300 5617 αὐτόν.

197 5723 241 5757 ⁸⁸
269 5723 285 5781 l
313 5722 466 5780 Petr.
511 5737 580 5780 ιι.
616 5719 708 5774 22.

1797 4558 2082 4621 attollitur,
2115 4566 2243 4609 tunc
2279 4552 2669 4624 petulantiores
2699 4552 2954 4606 evadunt.

1873 4648 2179 4722 [Exattetur
2216 4662 2399 4699 manus
2457 4653 2569 4697 tua.
2601 4642 2762 4714 Erige
2814 4656 3035 4696 manum
3093 4650 3241 4694 tuam
3298 4650 3360 4694 ut

1798 4741 1992 4795 doceas
2042 4739 2193 4804 illos,
2250 4746 2301 4791 te
2337 4752 2524 4790 eorum
2565 4737 2655 4805 qui
2692 4735 2906 4803 injuriis
2938 4732 3240 4788 abiciuntur
3262 4747 3356 4787 cu-

1799 4850 1916 4888 ram
1947 4849 2133 4902 gerere
2166 4851 2180 4886 :
2219 4840 2270 4885 et
2315 4830 2469 4900 quasi
2504 4845 2565 4882 ex
2599 4842 2792 4883 somno
2831 4843 3091 4897 surgens,
3131 4825 3357 4880 ostende

1801 4927 2058 4981 ultionem
2109 4934 2253 4978 tuam
2307 4937 2495 4976 eorum
2535 4921 2776 4974 consiliis
2829 4919 3164 4989 superiorem
3215 4934 3355 4973 esse.

1800 5021 1974 5091 Atque
2016 5020 2138 5074 illos
2183 5018 2402 5087 quidem
2458 5015 2738 5085 corrigas,
2803 5014 2894 5067 sed
2939 5012 3136 5081 injuria
3186 5011 3360 5067 aﬂ‘ecti

1802 5106 2230 5163 misericordiam
2276 5106 2498 5174 capias,
2549 5104 2895 5158 vehementer
2943 5110 3250 5156 commotus
3310 5113 3365 5154 ct

1803 5199 2108 5256 concitatus
2137 5213 2323 5252 eorum
2354 5196 2686 5251 facinoribus
2717 5210 2780 5249 ac
2816 5194 3149 5264 blasphemis
3175 5194 3359 5250 dictis.

1807 5288 2030 5358 Propter
2054 5289 2201 5359 quid,
2241 5287 2436 5357 inquit,
2474 5288 2699 5341 irritavit
2725 5287 2917 5355 impius
2955 5285 3120 5340 Deum
3137 5285 3183 5358 1']

1873 5381 1961 5434 15.
1987 5380 2135 5434 Dixit
2160 5381 2295 5433 enim
2320 5381 2371 5433 iu
2403 5380 2554 5432 corde
2579 5395 2714 5434 suo:
2748 5378 2868 5433 Non
2900 5380 3143 5449 requiret.
3185 5378 3361 5449 Atque

1806 5473 1856 5527 id
1883 5473 1934 5526 in
1966 5487 2128 5528 causa
2155 5481 2258 5537 est,
2295 5473 2438 5542 quod
2475 5472 2562 5528 ille
2589 5471 2854 5527 exaltetur
2882 5482 2936 5526 et
2956 5472 3189 5527 labatur.
