4074 6304
691 370 753 426 91
1547 366 1603 420 S.
1637 363 2014 420 ATHANASII
2053 363 2204 419 OPP.
2246 362 2428 419 PARS
2468 362 2559 417 lll.
2600 391 2666 404 —
2704 355 3116 415 EXEGETICA.

3853 359 3920 412 ἥ

762 487 850 542 ll.
882 485 1057 553 Vides,
1080 492 1329 558 quoniam
1352 497 1408 541 tu
1431 489 1659 543 laborem
1685 500 1732 543 et
1759 490 1992 544 dolorem
2016 489 2254 542 conside-

2424 485 2695 550 Βλέπεις,
2739 482 2829 534 ὅτι
2878 479 2962 534 σὺ
2998 480 3189 533 πόνον
3233 477 3351 530 καί
3384 473 3571 544 θυμὸν
3594 473 3918 539 κατανοεῖς.

692 592 802 634 τα.
844 575 947 644 Τυ,
981 577 1177 649 inquit,
1213 593 1245 634 ο
1272 578 1499 634 Domine
1520 622 1534 645 ,
1566 581 1749 635 omnia
1779 581 1952 646 nosti,
1991 580 2120 634 nihil
2158 594 2253 634 eo-

694 683 815 724 rum
864 683 985 738 ουκ
1024 668 1159 722 ﬂunt
1201 669 1440 740 ignoras,
1497 671 1607 724 imo
1651 686 1750 726 nec
1800 686 1988 725 eorum
2035 686 2156 741 qua:
2201 672 2254 724 in

694 769 930 813 mentem
978 767 1034 814 et
1076 760 1459 830 cogitationem
1499 763 1742 817 veniunt.
1777 761 1916 829 Quin
1948 773 2001 817 et
2043 763 2258 819 labores

693 848 978 903 hominum
1007 889 1022 914 ,
1071 849 1312 906 furorem
1359 862 1413 907 et
1457 853 1878 922 indignationem
1929 869 2114 908 eorum
2164 855 2259 923 qui

694 941 942 996 molestia
970 941 1211 998 alliciunt
1232 953 1486 1000 accurate
1514 946 1678 1000 nosti.
1709 944 1976 1011 Quoniam
2013 946 2257 1000 omnium

693 1034 1053 1103 cogitationes
1079 1037 1416 1105 consideras,
1445 1047 1500 1092 et
1529 1047 1584 1091 tu
1617 1054 1676 1093 es
1707 1039 1799 1108 qui
1825 1039 1989 1094 corda
2019 1049 2072 1093 et
2101 1055 2260 1094 renes

693 1125 980 1181 scrutaris.
1016 1125 1076 1180 Et
1101 1143 1223 1181 cum
1255 1128 1367 1182 hinc
1391 1129 1594 1194 rideas,
1624 1129 1950 1198 longanimis
1973 1138 2150 1182 tamen
2179 1144 2258 1195 es,

693 1233 897 1289 gnarus
926 1221 1029 1273 sub
1063 1236 1222 1274 manu
1254 1231 1344 1276 tua
1393 1237 1582 1277 omnes
1611 1236 1763 1288 esse,
1797 1237 1898 1277 nec
1931 1237 2258 1293 quemquam

692 1323 854 1380 posse
879 1311 1063 1380 aliquo
1098 1313 1301 1383 fugere.
1337 1311 1455 1368 Tibi
1481 1315 1762 1369 derelictus
1807 1324 1883 1368 est
1921 1331 2138 1384 pauper,
2176 1331 2260 1367 or-

691 1404 865 1474 phano
890 1413 943 1458 tu
970 1405 1118 1475 fuisti
1141 1407 1373 1476 adjutor.
1408 1405 1522 1463 Hoc
1551 1419 1652 1472 est,
1683 1416 1837 1462 tuum
1868 1407 1958 1462 ille
1986 1415 2263 1478 exspectat

690 1499 979 1552 auxilium.

766 1589 852 1644 15.
894 1590 1112 1644 Contere
1147 1591 1420 1645 brachium
1453 1593 1742 1662 peccatoris
1784 1604 1832 1647 et
1864 1591 2106 1662 maligni.
2148 1589 2264 1647 Hoc

689 1691 798 1743 est,
827 1685 1119 1749 potentiam
1153 1685 1377 1740 inimici.
1417 1685 1699 1751 Quazretur
1729 1697 2000 1756 peccatum
2037 1685 2180 1738 illius
2213 1693 2262 1738 et

694 1788 795 1826 non
848 1776 1154 1830 invenietur.
1213 1776 1436 1846 Propter
1486 1779 1665 1848 ipsum
1701 1779 1907 1833 scilicet
1953 1786 2258 1847 peccatum.

693 1862 829 1919 Tota
858 1868 1126 1922 sententia
1161 1869 1242 1923 sic
1269 1869 1433 1923 habet
1458 1888 1471 1924 :
1504 1870 1560 1922 Si
1589 1870 1892 1939 quaesieris,
1918 1871 2114 1940 inquit,
2140 1885 2266 1938 pec.

691 1969 875 2012 catum
917 1961 1160 2029 maligni,
1191 1978 1299 2015 non
1333 1962 1658 2029 invenietur,
1689 1963 1741 2018 id
1771 1971 1872 2027 est,
1913 1961 2112 2032 peribit
2136 1975 2263 2033 pec-

691 2058 846 2101 cator
876 2056 1098 2117 propter
1123 2049 1298 2119 ipsum
1322 2062 1626 2121 peccatum.

763 2137 1144 2208 [Inveniuntur
1185 2145 1277 2212 qui
1326 2144 1558 2198 salutem
1608 2159 1638 2197 a
1687 2142 1798 2197 Deo
1831 2149 2264 2212 consequuntur,

689 2231 991 2287 secundum
1030 2235 1159 2288 illud
1196 2253 1210 2288 :
1258 2234 1438 2288 Inveni
1472 2235 1640 2289 David
1669 2251 1870 2290 servum
1901 2249 2072 2288 meum
2097 2232 2164 2299 '",
2211 2241 2266 2286 et

694 2326 916 2379 inventa
949 2334 1032 2380 est
1072 2326 1331 2381 drachma
1365 2328 1574 2398 perdita
1607 2329 1688 2394 ⁸³;
1726 2343 1790 2382 ac
1836 2327 1882 2381 si
1912 2327 2130 2380 inventa
2163 2339 2271 2378 non

693 2415 910 2480 fuisset,
943 2418 1213 2487 periisset.
1239 2418 1341 2485 Qui
1387 2429 1633 2489 pereunt,
1666 2434 1777 2472 non
1827 2417 2174 2472 invenientur
2218 2416 2272 2468 in

695 2507 928 2573 saecula;
985 2518 1170 2563 manet
1213 2512 1415 2579 quippe
1461 2511 1665 2579 judex,
1722 2523 1786 2563 ac
1831 2516 2025 2578 regnat
2060 2522 2274 2576 semper

694 2598 750 2652 in
777 2597 964 2654 futuro
989 2617 1052 2655 ac
1080 2617 1223 2655 novo
1253 2602 1500 2676 saecula]

769 2690 856 2745 16.
896 2692 1153 2749 Dominus
1209 2695 1446 2765 regnabit
1489 2697 1545 2750 in
1586 2705 1858 2752 teternum.
1895 2695 1956 2750 ln
1997 2693 2184 2748 futuro
2219 2699 2272 2747 et

699 2797 844 2838 novo
870 2787 1091 2841 saeculo.

2356 579 2451 645 Σὺ,
2488 577 2671 648 φησὶν,
2704 569 2750 629 ὧ
2801 572 2994 642 Κύριε,
3043 569 3221 623 πάντα
3275 567 3583 636 γινώσκεις,
3635 567 3728 618 καὶ
3776 565 3926 619 οὐδέν

2358 688 2417 723 σε
2445 668 2552 721 τῶν
2572 666 2958 745 πραττομένων
2987 661 3262 726 λανθάνει,
3316 659 3436 713 οὐδὲ
3482 658 3592 712 τῶν
3638 659 3696 709 ἐν
3719 656 3928 725 διανοίᾳ

2357 763 2450 815 καὶ
2477 760 2752 829 λογισμοῖς
2778 756 3054 811 ἀνιόντων.
3099 753 3258 806 Ἀλλὰ
3297 751 3388 804 καὶ
3441 751 3566 812 τοὺς
3598 750 3794 808 πόνους
3825 745 3925 798 αύ-

2356 851 2463 904 τῶν
2516 850 2610 902 καὶ¹
2658 848 2784 910 τοὺς
2831 845 3037 917 θυμοὺς
3069 843 3178 897 τῶν
3222 838 3632 912 ἐπηρεαζόντων
3661 836 3752 890 καὶ
3800 836 3926 898 τοὺς

2359 941 2771 1012 παροργισμοὺς
2790 937 2899 991 τῶν
2929 935 3229 1009 ἀνθρώπων
3257 929 3400 997 οἶδας
3419 929 3680 1001 ἀκριϐῶς.
3709 926 3928 998 Ἐπειδὴ

2359 1034 2576 1087 πάντων
2605 1034 2729 1094 τοὺς
2757 1031 3048 1100 λογισμοὺς
3101 1028 3401 1088 κατανοεῖς,
3446 1023 3537 1076 καὶ
3568 1023 3632 1076 σὺ
3662 1023 3692 1074 ό
3724 1017 3932 1082 ὲτάζων

2358 1126 2581 1198 καρδίας
2600 1125 2695 1177 καὶ
2723 1123 2970 1193 νεφρούς.
3023 1119 3134 1173 Καὶ
3162 1117 3334 1172 ταῦτα
3377 1120 3552 1169 πάντα
3587 1111 3801 1183 ἐφορῶν
3826 1127 3932 1180 μα-

2362 1217 2670 1289 κροθυμεῑς,
2701 1213 2875 1278 εἰδὼς,
2906 1214 2986 1266 ὅτι
3021 1211 3125 1264 ὑπὸ
3168 1209 3264 1273 τὰς
3296 1208 3394 1271 σὰς
3440 1211 3623 1278 χεῖρας
3656 1206 3705 1257 οἱ
3731 1202 3934 1266 πάντες

2357 1310 2705 1380 τυγχάνουσι,
2736 1308 2829 1361 καὶ
2854 1307 2952 1359 ούκ
2982 1305 3095 1357 ἔστι
3116 1320 3218 1355 που
3237 1301 3409 1355 οὐδενὶ
3443 1300 3596 1362 ἐκτὸς
3624 1296 3929 1366 διαδράναι.

2361 1403 2458 1456 Σοί
2489 1399 3013 1471 ἐγκαταλέλειπται
3045 1401 3077 1452 ό
3106 1396 3356 1463 πτωχὸς,
3389 1392 3624 1462 ὀρφανῷ
3665 1390 3748 1445 σὺ
3773 1385 3936 1458 ἦσθα

2355 1495 2602 1561 βοηθός.
2658 1493 2916 1545 Τουτέστι
2951 1489 3048 1561 τὴν
3087 1487 3238 1559 παρὰ
3278 1485 3372 1540 σοῦ
3417 1485 3566 1555 μένει
3612 1483 3885 1554 βοήθειαν.

2431 1589 2771 1655 Σύντριψον
2809 1585 2915 1638 τὸν
2937 1583 3237 1651 ,ϐραχίονα
3281 1578 3387 1633 τοῦ
3445 1573 3793 1647 ἀμαρτωλοῦ
3832 1570 3936 1625 καί

2363 1679 2648 1748 πονηροῦ.
2714 1678 2859 1730 Ἀντί
2911 1675 3026 1742 τοῦ,
3075 1675 3173 1746 τὴν
3220 1670 3533 1727 δυναστείαν
3577 1668 3669 1722 τοῦ
3714 1663 3935 1737 ἐχθροῦ.

2363 1769 2769 1840 Ζητηθήσεται
2792 1770 2830 1836 ἡ
2850 1767 3100 1836 ἁμαρτία
3119 1764 3324 1827 αὑτοῦ,
3363 1762 3461 1816 καὶ
3492 1763 3564 1816 οὐ
3578 1760 3664 1830 μὴ
3698 1753 3935 1826 εὑρεθῆ.

2293 1842 2336 1897 Β
2363 1867 2441 1918 Δι’
2464 1863 2634 1934 αὐτὴν
2667 1863 2764 1933 μὲν
2787 1862 2881 1933 τὴν
2905 1860 3196 1932 ἁμαρτίαν.
3231 1858 3302 1910 Τὸ
3327 1857 3382 1909 δὲ
3411 1856 3528 1909 ὅλον
3550 1853 3740 1915 οὕτως·
3786 1849 3938 1916 Ἐὰν,

2366 1957 2550 2028 φησὶν,
2573 1953 2878 2026 ὲκξητήσῃς
2899 1952 2994 2024 τὴν
3025 1949 3296 2022 ἁμαρτίαν
3329 1946 3422 2001 τοῦ
3463 1943 3722 2016 πονηροῦ.
3755 1942 3817 1995 ού
3862 1942 3938 2013 μὴ

2365 2047 2582 2120 εὑρεθῇ·
2613 2046 2907 2108 τουτέστιν,
2939 2043 3217 2097 ἀπολεῖται
3251 2043 3279 2094 ό
3312 2038 3545 2110 πονηρὸς
3572 2037 3637 2090 δι’
3667 2036 3865 2106 αὑτήν.

2437 2139 2830 2214 [Εὑρίσκονται
2855 2138 2904 2190 οἱ
2930 2134 3221 2206 σωζόμενοι
3274 2131 3424 2204 παρὰ
3452 2129 3547 2184 τοῦ
3575 2128 3732 2191 Θεοῦ,
3758 2126 3836 2189 ὡς
3856 2125 3938 2196 τρο

2371 2229 2563 2302 Εὗρον
2585 2230 2764 2285 Δαυῒδ
2796 2229 2900 2283 τὸν
2929 2227 3154 2282 δοῦλόν
3165 2243 3304 2296 μου,
3332 2226 3444 2288 καὶ,
3482 2219 3691 2292 Εὑρέθη
3713 2220 3748 2289 ἠ
3776 2215 3941 2270 ἀπολε-

2367 2326 2572 2397 λυμένη
2601 2324 2837 2395 δραχμή·
2876 2322 2969 2374 καὶ
3007 2321 3128 2372 ἐπεὶ
3182 2319 3257 2390 μὴ
3307 2315 3523 2387 εὑρέθη,
3571 2310 3822 2367 ἀπώλετο
3853 2307 3940 2360 ἄν.

2369 2420 2432 2470 υί
2458 2417 2815 2486 ἀπολλύμενοι
2843 2415 2940 2483 οὐχ
2973 2413 3313 2484 εὑρίσκονται
3336 2411 3416 2473 είς
3437 2407 3527 2460 τὸν
3559 2403 3750 2459 αἰῶνα·
3794 2399 3943 2471 μένει

2367 2510 2474 2582 γὰρ
2496 2512 2524 2563 ὁ
2550 2507 2824 2578 δικαστὴς,
2855 2507 2945 2560 καὶ
2977 2502 3246 2574 βασιλεύει
3301 2498 3588 2561 διαπαντὸς
3617 2498 3674 2550 ὲν
3707 2493 3789 2565 τῷ
3821 2490 3945 2564 μέλε

2368 2601 2512 2656 λοντι
2548 2601 2640 2654 καὶ
2661 2601 2764 2670 νέῳ
2799 2597 3001 2670 uitium]

2448 2697 2660 2762 Κύριος
2685 2692 3045 2757 βασιλεύσει
3094 2691 3181 2755 είς
3214 2686 3320 2741 τὸν
3344 2683 3545 2739 αἰῶνα.
3585 2681 3674 2733 Ἔν
3713 2677 3795 2749 τῷ
3821 2677 3946 2750 μιλ-

2376 2787 2519 2839 λοντι
2541 2787 2635 2839 καὶ
2657 2785 2761 2856 νέῳ
2789 2783 2963 2839 αἰῶνι.

768 2901 961 2959 Daniel
1018 2905 1311 2960 Barbarus.
1365 2905 1491 2962 Haac
1537 2907 1669 2962 dicit
1726 2907 1790 2962 ad
1846 2906 2244 2963 ostendendum
2288 2921 2529 2975 praesens
2580 2914 2637 2958 et
2685 2902 2930 2958 futurum
2963 2915 3190 2972 regnum
3214 2898 3379 2952 illius.
3424 2893 3576 2960 Quod
3628 2890 3677 2946 si
3734 2886 3948 2943 Domini

699 3009 927 3065 regnum
959 2996 1065 3050 lino
1092 3006 1262 3061 caret,
1311 3000 1454 3067 quod
1490 2998 1672 3053 nullus
1696 2999 1846 3068 regni
1880 2998 2026 3053 illius
2067 2996 2192 3052 linis
2219 2995 2437 3050 futurus
2471 2997 2575 3062 sit;
2609 2995 2742 3063 justi
2788 2995 2880 3056 qui
2910 2992 3032 3062 ejus
3087 2989 3377 3060 participes
3423 2993 3584 3050 sunt,
3631 2993 3949 3053 perpetuam

699 3090 853 3159 rcgni
880 3091 1280 3158 possessionem
1308 3090 1690 3162 adipiscentur.

773 3180 1045 3248 Peribitis,
1076 3194 1272 3254 gentes,
1306 3186 1370 3238 de
1413 3195 1551 3238 terra
1577 3186 1746 3237 illius.
1778 3183 1834 3237 In
1866 3195 2108 3254 tempore
2135 3183 2281 3238 enim
2309 3185 2351 3243 C

708 3275 860 3346 regni
886 3277 1006 3345 ejus
1039 3277 1390 3345 projicieutur
1419 3277 1473 3330 in
1509 3275 1685 3346 ignem
1713 3286 1998 3332 aeternum.

785 3364 1011 3439 [Gentes
1053 3375 1210 3420 vocat
1249 3366 1470 3436 iniquos
1504 3365 1756 3422 homines
1779 3409 1794 3433 ,
1830 3376 2014 3437 utpote
2043 3367 2138 3438 qui
2175 3381 2285 3421 non

706 3457 890 3511 vivant
928 3456 1229 3511 secundum
1285 3458 1478 3527 legem,
1510 3459 1603 3512 sed
1636 3459 1958 3527 gentilitiam
2001 3469 2057 3512 et
2083 3458 2276 3512 barba-

707 3565 828 3606 ram
862 3550 1253 3604 immanitatem
1287 3560 1584 3606 sectentur.
1617 3550 1723 3605 Eos
1749 3551 1916 3606 deleri
1949 3560 2150 3620 rogat:
2188 3549 2289 3605 Pe-

713 3640 915 3706 ribitis,
952 3641 1159 3712 inquit,
1195 3650 1248 3695 et
1286 3642 1514 3696 exitium
1558 3642 1691 3711 ipsis
1717 3642 2114 3710 comminatur;
2152 3653 2211 3696 ut
2235 3650 2291 3697 et

714 3734 792 3789 illi
835 3735 1108 3804 respirare
1147 3737 1399 3804 possint,
1427 3744 1481 3788 et
1507 3735 1560 3789 hi
1589 3734 1655 3790 ad
1688 3735 1967 3790 meliorem
1997 3749 2054 3789 se
2083 3734 2290 3805 frugem

720 3827 1013 3899 κείρει-0.]

788 3917 877 3971 17.
924 3916 1254 3971 Desiderium
1281 3933 1567 3986 pauperum
1590 3918 1878 3983 exaudiui,
1908 3915 2143 3970 Domine.
2169 3913 2295 3968 Hau:

719 4023 958 4079 namque
1007 4010 1222 4063 illorum
1269 4021 1386 4064 erat
1432 4009 1913 4079 concupiscentia,
1945 4009 2051 4063 hoc
2079 4005 2293 4062 deside-

720 4103 887 4167 rium,
916 4109 974 4155 ut
1007 4100 1208 4156 futuris
1245 4102 1583 4156 donarentur
1623 4101 1802 4156 bonis.
1847 4099 2296 4169 Prcparationem

722 4194 895 4248 cordis
922 4208 1101 4246 eorum
1140 4194 1340 4246 audivit
1373 4196 1518 4246 auris
1546 4202 1657 4245 tua.
1690 4192 1768 4246 Ad
1803 4193 1907 4246 hoc
1935 4206 2170 4256 namque
2200 4205 2294 4260 pa-

724 4286 850 4352 rati,
871 4284 940 4339 ad
963 4284 1144 4338 omnia
1179 4285 1494 4338 sustinenda
1523 4283 1686 4338 corde
1716 4284 1952 4353 prompti
1985 4291 2135 4337 sunt.

796 4459 1154 4534 [Praeparatio
1206 4461 1389 4516 cordis
1420 4467 1504 4514 est
1538 4459 1698 4529 quasi
1746 4458 2040 4529 promissio
2078 4457 2217 4511 facta
2268 4471 2298 4511 a

2469 3175 2837 3240 Ἀπολεῖσθε,
2862 3171 3031 3239 ἔθνη,
3057 3171 3124 3224 ἐκ
3150 3169 3258 3238 τῆς
3277 3167 3388 3239 τῆς
3404 3164 3608 3220 αὐτοῦ.
3641 3163 3732 3216 Ἑν
3750 3160 3857 3231 γὰρ
3887 3161 3956 3230 τῇ

2388 3271 2633 3345 βασιλείᾳ
2662 3268 2827 3322 αὐτοῦ
2879 3267 3233 3338 βληθήσονται
3283 3264 3363 3324 είς
3384 3260 3443 3314 τὸ
3476 3257 3586 3328 πῦρ
3617 3257 3678 3308 τὸ
3715 3253 3951 3345 αἰώνιον.

2459 3341 2664 3434 [Ἔονη
2714 3357 2868 3412 καλεί
2926 3358 3050 3418 τοὺς
3103 3355 3338 3415 ἀδίκους,
3381 3349 3454 3412 ὡς
3492 3347 3564 3418 μὴ
3607 3343 3749 3397 κατά
3795 3341 3956 3411 νόμον

2389 3454 2617 3520 ζῶντας,
2645 3450 2780 3505 ἀλλὰ
2807 3450 2902 3503 καὶ
2925 3446 3142 3516 ὲϐνικὴν
3167 3444 3261 3498 καὶ
3309 3438 3648 3511 βαρὸαρικὴν
3677 3434 3953 3503 ὠμότητα.

2390 3544 2607 3599 Τούτων
2625 3544 2764 3596 αίτεῖ
2794 3539 3056 3609 ἐκκοπὴν,
3099 3533 3456 3594 Ἀπολεῑσθε,
3474 3529 3668 3598 λέγων,
3700 3525 3795 3579 καὶ
3823 3539 3956 3576 παν-

2389 3632 2652 3706 ωλεθρίαν
2686 3631 2870 3692 αὐτοῖς
2930 3625 3186 3680 ὰπειλῶνο
3245 3622 3383 3676 ὥστε
3431 3621 3525 3673 καὶ
3566 3616 3786 3678 τούτους
3825 3614 3956 3666 ἁνα-

2392 3713 2638 3788 πνεῦσαι,
2664 3721 2948 3783 κάκείνους
2976 3710 3450 3788 σωφρονισθῆναι.]

2470 3900 2589 3968 Τὴν
2603 3897 2919 3966 ἐπιθυμίαν
2942 3893 3062 3948 τῶν
3103 3889 3375 3957 πενήτων
3423 3885 3814 3968 simi-noveno,
3845 3878 3959 3933 Κύ-

2387 4009 2500 4063 ριε.
2533 3965 2681 4061 Ᾰύτη
2711 3965 2820 4060 γάρ
2875 3982 2942 4057 ἦν
2971 3982 3150 4039 αὐτῶν
3196 3985 3230 4053 ή
3275 3978 3560 4049 ἐπιθυμία,
3601 3973 3697 4063 καὶ
3737 3965 3905 4063 οὗτος
3935 3970 3962 4020 ὁ

2395 4057 2558 4146 πόθος
2587 4080 2648 4134 τὸ
2670 4057 2803 4132 ττῶν
2837 4076 3136 4148 μελλόντων
3191 4069 3484 4140 ἀξιωθῆναι
3535 4062 3776 4134 ἀγαθῶν.
3843 4057 3964 4148 Τὴν

2395 4144 2744 4246 ἑτοιμασίαν
2770 4144 2880 4237 nig-
2910 4165 3151 4234 καρδίας
3180 4161 3378 4216 αὐτῶν
3401 4156 3704 4246 προσέσχε
3756 4150 3824 4206 τὸ
3845 4144 3965 4246 ⁸οὖς

2397 4240 2533 4320 σουξ
2559 4265 2651 4324 Εἰς
2683 4259 2840 4314 τοῦτο
2876 4257 2982 4328 γὰρ
3014 4252 3444 4325 ὲτοιμαζόμενοι,
3479 4247 3652 4300 πάντα
3681 4240 3966 4313 ὑπομένειν

2398 4359 2463 4428 τῇ
2503 4353 2700 4426 καρδίᾳ
2727 4347 3154 4420 εύτρεπίζονται.

2472 4422 2840 4521 [Ἑτοιμασία
2898 4441 3126 4512 καρδίας
3173 4432 3348 4509 ὴόἷον
3399 4431 3702 4521 ὑπόσχεσις
3721 4423 3853 4521 τῶν.
3873 4422 3970 4521 τῆς

729 4513 968 4606 motibus
993 4560 1048 4606 et
1090 4551 1372 4607 aﬂ'cctibus
1417 4513 1584 4607 animi
1629 4553 1696 4606 ad
1743 4513 2151 4618 obsequentiam
2189 4545 2272 4600 De:

2369 4539 2374 4572 '
2401 4513 2580 4614 qN‘XﬁC
2627 4513 2937 4610 κινημάτων
2968 4533 3104 4604 πρὸς
3129 4525 3580 4596 συνακολούθησιν
3611 4518 3705 4574 τοῦ
3721 4513 3900 4587 Θεοῦ.]

731 4643 1106 4717 reddendam]

805 4736 893 4792 18.
931 4735 1186 4792 Judicare
1227 4737 1429 4809 pupillo
1467 4747 1517 4792 et
1561 4740 1788 4805 humili;
1831 4745 1888 4792 ut
1933 4753 2036 4790 non
2073 4742 2302 4806 apponat

735 4828 918 4895 ultra,
962 4839 1065 4885 etc.
1104 4806 1264 4894 Cum,
1299 4806 1511 4900 inquit,
1537 4845 1800 4900 pauperes
1834 4830 2146 4897 ulciscetur,
2175 4837 2270 4882 tun

2409 4817 2516 4871 ἔτι.
2547 4815 2698 4876 Ὅτε,
2729 4810 2882 4881 φησὶ,
2913 4806 3010 4877 τὴν

738 4936 850 4977 non
874 4932 1108 4992 apponet
1141 4923 1282 4978 ultra
1309 4923 1658 4991 magniﬁcare
1693 4938 1753 4978 se
1783 4923 1968 4977 homo.

1057 5103 1122 5158 In
1156 5104 1313 5174 ﬁnem
1338 5101 1678 5159 PSALMUS
1719 5102 1908 5158 David.
1940 5101 2014 5156 Χ.

1329 5197 1728 5264 Argumentum.

2479 4723 2683 4793 Κρῖναι
2734 4716 2970 4788 ὀρφανῷ
3024 4713 3120 4769 καί
3173 4705 3449 4773 ταπεινῷ,
3487 4706 3586 4758 ἵνα
3626 4700 3711 4793 μὴ
3742 4693 3973 4793 προσνθῇ

3045 4803 3319 4873 ἐκδίκησιν
3347 4797 3453 4850 τῶν
3484 4791 3711 4862 πτωχῶν
3741 4789 3970 4858 ποιήσει,

2412 4909 2532 4963 τότε
2597 4905 2698 4958 οὐκ
2743 4878 2842 4954 θετι
2910 4896 3209 4970 προσθήσει
3289 4889 3384 4944 τοῦ
3455 4884 3815 4959 μεγαλαυχεῖν
3877 4878 3974 4932 ἂν·

2411 4999 2691 5151 θρωποὲς
2723 5081 2790 5137 τό
2829 5080 3022 5145 τέλος,
3063 5075 3368 5131 ΨΑΛΜΟΣ
3401 5069 3482 5136 τῷ
3512 5065 3710 5122 Δαυῒδ.
3741 5069 3806 5120 1⁷.

3051 5170 3064 5187 ⁹
3078 5169 3386 5230 Υπόθεσις.

747 5279 902 5337 Hunc
951 5297 1169 5353 quoque
1224 5243 1496 5352 psalmum
1536 5282 1683 5336 canit
1732 5289 2022 5351 postquam
2057 5278 2272 5334 inimico

2415 5275 2527 5330 Καὶ
2551 5269 2734 5325 τοῦτον
2772 5265 2908 5338 μετὰ
2952 5261 3013 5313 τὸ
3069 5256 3448 5331 περιγενέσθαι
3498 5252 3606 5306 τῶν
3638 5246 3843 5322 ἐχθρῶν
3865 5243 3977 5345 deft

817 5371 1104 5429 devicerat.
1137 5370 1234 5426 llic
1255 5371 1397 5441 piam
1423 5371 1748 5427 sententiam
1791 5379 2138 5440 mentemque
2173 5385 2313 5440 prmo

823 5463 944 5518 fert.

823 5605 868 5637 ⁸⁷
911 5604 1053 5660 Psal.
1083 5623 1347 5666 Lxxxrtn,
1385 5608 1434 5660 1.
1505 5604 1552 5637 ⁸⁸
1590 5604 1722 5661 Luc.
1758 5621 1849 5668 xv,
1880 5603 1932 5658 9.

837 5762 909 5840 (⁸)
965 5765 1177 5834 Ambr.,
1210 5766 1607 5837 παραστατικός
1640 5762 1869 5827 melius;
1898 5756 2086 5825 supple
2117 5752 2346 5822 ψαλαός.

2489 5366 2579 5420 τὸν
2624 5335 2858 5432 ψαλμόν.
2921 5360 3076 5413 Ἔστι
3127 5353 3185 5405 δὲ
3237 5350 3577 5422 φρονήματος
3623 5335 3979 5412 ἁγιοπρετιοῦς

2493 5449 2893 5527 παραστατικόν
2918 5448 2994 5521 (a)
