4102 6304
173 393 235 452 93
1294 379 1656 437 EXPOSITIO
1694 379 1712 432 I

1811 370 2127 432 PSALMUM
2168 369 2258 426 XI.
3327 359 3396 414 Μ

242 511 365 566 Ἐπὶ
388 510 470 578 τῷ
492 510 688 578 Κυρίῳ
729 506 1000 570 πέποιθα,
1042 503 1167 571 πῶς
1205 503 1389 574 ἐρεῖτε
1432 501 1506 572 τῇ
1561 501 1714 571 ψυχή

1905 500 1964 552 2.
2006 494 2073 550 In
2123 492 2350 548 Domino
2379 485 2624 555 conﬁdo,
2674 481 2932 554 quomodo
2982 481 3161 536 dicitis
3201 483 3396 536 animo

167 623 312 676 μου;
337 603 463 668 Πῶς
491 621 581 674 μοι
608 604 803 672 ἐρεῖτε,
835 599 987 671 φησι,
1021 598 1240 669 φεύγειν
1296 597 1389 650 ἐπὶ
1419 595 1488 649 τά
1516 595 1616 667 ὅρη
1653 593 1728 646 δί-

172 713 264 767 κην
291 694 595 766 στρουθίου,
647 692 820 745 καίτοι
881 689 1157 743 πεποιθότι
1203 689 1296 741 ἐπὶ
1349 686 1500 758 Θεῷς
1533 689 1724 740 Μετα-

170 788 457 842 ναστεύου
481 786 580 839 ἐπὶ
607 787 680 839 τὰ
707 784 812 852 ὄρη
834 784 912 850 ὠς
937 781 1271 851 στρουθίον.
1291 777 1566 843 Μετοίκει,
1597 793 1725 848 μετ-

169 880 340 950 ἐρχου,
371 876 541 948 φεῦγε
578 877 671 929 ἐπὶ
695 874 761 929 τὰ
789 875 911 947 ὅρη,
937 872 1178 925 τουτέστι
1205 870 1304 934 τὰς
1331 869 1547 941 ἀρετάς.

233 973 361 1025 Ὀτι
391 969 521 1026 ἰδοὺ
537 973 591 1024 οἱ
612 969 940 1039 ἁμαρτωλοὶ
955 965 1259 1021 ἐνέτειναν
1279 964 1478 1028 τόξον,
1495 960 1728 1030 ἡτοίμαρ

169 1074 280 1113 σαν
313 1057 472 1125 ,ϐέλη
497 1061 585 1124 εἰς
619 1057 932 1126 φαρέτραν.
985 1054 1204 1117 Τούτοις
1259 1055 1367 1116 τοῖς
1415 1050 1593 1119 λόγοις
1642 1050 1727 1112 ἐἰς

170 1150 336 1222 φυγὴν
384 1149 637 1222 ἠρέθιζον
681 1148 996 1217 φάσκοντες,
1041 1147 1088 1198 εἰ
1147 1145 1221 1216 μὴ
1264 1143 1438 1215 φεύγῃ
1500 1158 1726 1195 κατατο-

172 1241 332 1306 ξεύειν
381 1242 546 1297 αὑτὸν
599 1242 724 1303 τοὺς
791 1235 1164 1310 ἁμαρτωλούς.
1226 1235 1384 1307 Δηλοί
1445 1231 1538 1289 οὖν
1599 1234 1725 1296 τοὺς

172 1335 432 1406 πονηροὺς
484 1332 775 1403 λογισμοὺς
826 1330 954 1402 βέλη
1010 1325 1145 1383 εἶναι
1181 1327 1274 1381 τοῦ
1309 1325 1566 1398 πονηροῦ.
1615 1328 1723 1381 Τοῦ

168 1423 589 1489 κατατοξεῦσαι
603 1424 666 1477 ἐν
683 1420 1028 1492 σκοτομήνη
1051 1420 1190 1488 τοὺς
1202 1417 1394 1484 sonat;
1405 1417 1478 1486 τῇ
1489 1417 1720 1486 καρδίᾳ,

167 1520 276 1574 ἀντὶ
303 1515 624 1588 λεληθὰτως.
654 1513 886 1568 Τοιαῦτα
914 1514 1022 1584 γὰρ
1047 1512 1154 1567 τῶν
1191 1511 1394 1581 νοητῶν
1427 1509 1635 1583 ἐχθρῶν
1657 1509 1725 1563 τά

161 1611 305 1676 τοξεύ
315 1627 483 1680 ματα.

229 1702 347 1755 Ὀτι
396 1699 437 1754 ἀ
485 1701 566 1755 σὺ
631 1701 961 1768 κατηρτίσω
1009 1699 1178 1754 αὐτοὶ
1235 1701 1532 1754 καθεῖλον.
1577 1698 1723 1750 Κατ-

165 1795 372 1866 ήνεγκε,
403 1795 588 1866 φησὶν,
636 1795 664 1846 ὁ
693 1792 883 1864 ἐχθρὸς
921 1793 1010 1848 τὸν
1043 1793 1326 1866 ἄνθρωπον
1383 1795 1460 1857 εἰς
1495 1791 1719 1862 φθοράν,

165 1888 325 1940 καίτοι
346 1886 444 1938 ἐπὶ
464 1885 738 1957 ἀφθαρσίᾳ
791 1886 1234 1956 κατηρτισμένον.
1292 1886 1344 1937 '0
1395 1884 1463 1937 δὲ
1492 1883 1720 1951 ᾃίκαιος

163 1977 562 2043 τί·ἐποίησεν;
625 1977 686 2030 Εἰ
719 1978 809 2030 καὶ
836 1977 886 2030 οἱ
937 1976 1140 2048 ἐχθροὶ,
1171 1975 1323 2047 φησὶ,
1383 1974 1452 2029 τά
1499 1974 1718 2029 τοιαῦτα

161 2067 399 2138 ἔδρασαν,
433 2065 597 2120 more
646 2066 844 2137 Κύριος
889 2067 919 2118 ὁ
973 2067 1098 2119 ναὸν
1155 2066 1294 2137 ἔχων
1346 2065 1436 2119 τὸν
1468 2065 1715 2136 οὐρανὸν,

161 2159 391 2225 ἐξέτασιν
447 2159 554 2214 τῶν
599 2159 820 2213 δικαίων
880 2157 1106 2212 καὶτῶν
1143 2157 1352 2211 άσεὸὧν
1383 2156 1713 2228 ποιούμενος,

160 2255 258 2316 τοῖς
289 2254 389 2322 μὲν
418 2251 684 2323 ἀπονέμει
716 2251 786 2304 τὰ
829 2249 1028 2320 ἀγαθά,
1057 2250 1184 2312 τοὺς
1233 2249 1286 2302 δὲ
1312 2251 1430 2312 ταῖς
1471 2249 1716 2311 αἰωνίαις

161 2345 511 2416 παραπέμπει
539 2343 811 2397 κολάσεσι.
846 2345 1060 2411 Κύριος
1091 2343 1159 2396 ἐν
1186 2340 1309 2406 ναῷ
1331 2341 1474 2411 ἁγίῳ
1505 2340 1711 2395 αὐτοῦ.

219 2435 380 2508 [Ὅτι
412 2436 453 2488 ἃ
497 2434 578 2488 σὺ
636 2435 966 2502 κατηρτίσω
1017 2433 1183 2500 αὐτοὶ
1237 2432 1531 2487 καθεῖλον.
1573 2431 1716 2485 Ἀντὶ

155 2527 258 2592 τοῦ,
282 2527 351 2582 τά
383 2528 457 2582 σὰ
513 2527 651 2600 ἔργα
690 2525 978 2580 καταλύειν
1016 2525 1304 2579 σπεύδουσι
1350 2525 1416 2579 δι’
1446 2524 1600 2596 ὲμοῦο
1655 2525 1714 2579 ὃν

156 2619 254 2692 γάρ
298 2618 525 2692 ἔχρισας
554 2619 775 2691 βασιλέα
836 2619 1219 2683 σπουδάζουσιν
1252 2616 1528 2689 ἀκυρῶσαι
1575 2618 1713 2671 κατὰ

152 2711 242 2782 τῆς
275 2711 377 2781 σῆς
435 2712 774 2784 ὁπλιζόμενοι
809 2711 1009 2782 ψήφου.
1038 2711 1146 2763 Καὶ
1185 2709 1354 2763 ταῦτα
1410 2708 1576 2779 δρῶσι
1616 2707 1712 2772 τὰς

155 2803 285 2857 κατὰ
304 2803 470 2873 φύσιν
500 2803 666 2874 ὀρθάς
684 2803 889 2867 ἑννοίας
946 2801 1261 2865 καθελόντες
1285 2799 1344 2866 ἐξ
1372 2800 1598 2865 ἑαυτῶν,
1646 2799 1712 2864 ἃς

151 2894 301 2966 δῆθεν
333 2895 753 2968 κατηρτίσατοο]

205 3080 268 3132 οι
297 3077 603 3148 ὀφθαλμοὶ
635 3079 821 3134 αὐτοῦ
843 3083 930 3146 εἰς
960 3080 1065 3134 τὸν
1085 3078 1311 3148 πένητα
1336 3078 1709 3134 ἀποϐλέπου-

148 3185 262 3223 σιν.
298 3169 375 3222 To
395 3169 665 3240 άλάθητον
691 3171 942 3241 σημαίνει
987 3168 1080 3224 τοῦ
1119 3170 1273 3223 Θεοῦ·
1304 3169 1611 3240 ὀφθαλμοὺς
1651 3166 1708 3219 δὲ
1735 3197 1778 3255 c

145 3260 236 3331 τήν
282 3260 644 3332 εὖεργετικὴν
697 3262 1019 3334 ἐπισκοπὴν.
1068 3261 1144 3317 Τὰ
1193 3262 1472 3332 βλέφαρα
1523 3260 1708 3315 αὐτοῦ

145 3349 391 3416 ἐξετάζει
418 3349 564 3417 τοὺς
609 3349 775 3419 υἱοὺς
819 3350 938 3406 τῶν
978 3351 1317 3421 ἀνθρώπων.
1373 3350 1623 3422 Βλὲφαρα
1653 3349 1709 3402 δὲ

145 3442 232 3516 τὴν
259 3444 518 3516 κριτικὴν
560 3443 724 3497 αὑτοῦ
768 3446 1020 3517 πρόνοιαν
1072 3447 1162 3498 καὶ
1210 3445 1318 3498 τῶν
1373 3444 1708 3516 πραγμάτων

144 3535 517 3606 ιξεταστικήν.

141 3624 232 3694 Εὶς
285 3627 356 3681 τὸ
413 3625 612 3692 τέλος,
643 3627 793 3696 ὑπὲρ
844 3625 954 3694 τῆς
1003 3626 1240 3696 ὀγδόης,
1292 3628 1596 3680 ΨΑΛΜΟΣ
1627 3623 1708 3690 τῷ

762 3720 959 3775 Δαυΐδ.
987 3723 1098 3776 IA'.

764 3814 777 3834 '
787 3815 1093 3879 Υπόθεσις.

139 3909 358 3980 Ετρηται
382 3908 519 3977 περὶ
542 3907 643 3977 τῆς
674 3904 861 3975 ὀγδόης
883 3906 940 3956 ὲν
961 3903 1037 3974 τῷ
1062 3904 1204 3974 ἕκτῳ
1235 3902 1452 3974 ψαλμῷ.
1479 3901 1706 3974 Εὖχεται

198 4001 253 4055 δὲ
297 4000 573 4073 ῥυσθῆναι
638 3997 737 4069 τῆς
780 3998 972 4066 γενεᾶς
1007 3997 1105 4068 τῆς
1152 3997 1411 4067 πονηρᾶς.
1467 3995 1614 4066 Αὐτὴ
1653 3994 1708 4048 δὲ

198 4094 261 4147 ἂν
293 4093 382 4164 εἴη
428 4089 599 4161 γενεά
625 4091 659 4161 ὴ
681 4089 774 4143 ἐπὶ
793 4087 886 4144 τοῦ
907 4088 1158 4159 Σωτῆρος
1183 4087 1338 4158 ἡμῶν
1371 4086 1543 4158 Ἰησοῦ
1575 4088 1709 4158 Χρι-

199 4186 345 4241 στοῦ·
402 4185 544 4256 περὶ
588 4177 658 4253 ἦς
684 4181 844 4246 αὐτὸς
895 4180 1099 4249 ἔλεγενο
1132 4181 1368 4249 Ἄνδρες
1410 4179 1707 4234 Νινευῖται

195 4276 680 4344 ἀναστήσονται,
721 4273 820 4328 καὶ
863 4273 1287 4343 κατακρινοῦσι
1337 4273 1453 4341 τὴν
1496 4273 1708 4343 madi-

191 4371 444 4437 ταύτην.

192 4462 408 4517 Σῶσόν
445 4477 550 4532 με,
598 4462 802 4529 Κύριε,
851 4459 941 4524 ὅτι
989 4459 1342 4514 ἐκλέλοιπεν
1389 4456 1575 4523 ὅσιος,
1619 4456 1708 4510 ὅτι

130 4555 514 4628 δλιτώθησαν
561 4558 619 4608 at
661 4553 928 4620 ἀνι-ἠθειιιι
960 4553 1077 4609 ἀπὸ
1125 4551 1240 4606 τῶν
1271 4550 1412 4606 υἱῶν
1449 4549 1566 4604 τῶν
1599 4549 1703 4603 ἀνα

128 4651 386 4715 θρὼπων.
419 4648 538 4711 Τὰς
565 4645 704 4700 κατὰ
729 4645 822 4699 τοῦ
851 4646 1098 4716 Σωτῆρος
1125 4644 1281 4715 ἡμῶν
1310 4643 1553 4711 συνάγων
1581 4641 1701 4694 ἐπι-

128 4739 329 4805 ϐωλάς.
369 4740 638 4810 ’Δςρέντες
685 4737 792 4810 γὰρ
819 4738 917 4809 τὴν
946 4737 1201 4810 ἀλήθειαν
1232 4738 1280 4790 οἱ
1324 4735 1560 4789 Ἰουδαῖοι
1579 4733 1702 4805 ψεῦ-

126 4831 203 4895 δος
228 4832 371 4887 κατά
399 4830 506 4885 τοῦ
536 4828 1143 4902 Χριστοῦοέπετέλεσαν.

185 4926 366 4994 Χείλη
410 4923 601 4978 δόλια
629 4921 700 4975 ἐν
725 4919 956 4989 καρδίᾳ.
998 4921 1139 4986 Ὅτι,
1199 4921 1514 4976 διδάσκαλον
1541 4925 1699 4980 αὑτὸν

126 5013 532 5077 ἀποκαλοῦντες
564 5013 662 5066 καὶ⁸
711 5011 931 5079 ἀγαθὸν,
967 5012 1130 5084 ἔτερα
1179 5012 1521 5069 ἐϐουλεύοντο
1571 5017 1698 5088 περὶ

127 5105 296 5162 αὐτοῦ.

199 5197 666 5268 Ἐεολοθρεύσει
696 5201 909 5269 Κύριος
952 5197 1148 5253 πάντα
1187 5200 1261 5253 τὰ
1293 5201 1463 5269 χείλη
1492 5198 1563 5253 τὰ
1606 5198 1698 5253 δό-

124 5294 230 5356 λια,
267 5289 584 5362 γλῶσσαν
609 5289 1112 5360 μεταλορῤήμονα.
1147 5289 1272 5354 Πῶς
1305 5290 1412 5362 γὰρ
1433 5290 1493 5344 οὐ
1527 5307 1696 5361 μεγα-

123 5381 401 5454 λοῤῥήμων
429 5384 467 5452 ἡ
505 5378 732 5448 γλῶσσα
763 5379 943 5453 ἐκείνη
978 5383 1012 5452 ὴ
1054 5379 1364 5453 τολμήσασα
1390 5380 1467 5452 τῷ
1485 5382 1693 5454 Σωτῆρι

123 5468 302 5540 λέγειν·
348 5473 453 5525 Ἐν
484 5469 640 5536 ποίᾳ
660 5469 912 5540 ἐξουσίᾳ
943 5471 1129 5526 ταῦτα
1179 5472 1400 5539 ποιεῑς;
1448 5473 1545 5527 καὶ
1605 5475 1693 5538 τίς

122 5578 206 5617 σοι
235 5564 423 5619 ἔδωκε
445 5561 579 5629 τὴν
597 5560 889 5626 ἐξουσίαν
915 5564 1170 5632 ταύτην;

185 5654 322 5721 Τοὺς
345 5655 668 5718 εἰπόντας·
694 5651 811 5719 Τὴν
838 5652 1125 5723 γλῶσσαν
1146 5655 1311 5724 ἡμῶν
1327 5657 1692 5726 ﬂarent-rm}.

181 5808 220 5841 ⁸⁹
262 5811 461 5868 latth.
497 5826 604 5875 XII,
651 5810 739 5864 Η.
819 5811 867 5842 "
911 5809 1075 5865 Marc.
1126 5827 1200 5877 xi,
1231 5812 1320 5866 εκ.

1833 589 2003 644 mete?
2026 586 2138 642 Cur
2163 582 2297 638 mihi
2328 578 2595 642 suadelis,
2626 576 2821 646 inquit,
2853 582 2913 628 ut
2933 571 3134 644 fugiam
3165 570 3220 625 in
3245 587 3374 626 mon

1830 692 1912 737 tes
1952 681 2095 736 sicut
2125 689 2334 746 passer,
2368 671 2584 726 etiamsi
2613 669 2668 723 in
2709 667 2821 722 Deo
2859 665 3169 720 conﬁdam?
3199 663 3394 716 Trans-

1832 775 2000 843 migra
2027 771 2103 824 in-
2126 776 2323 822 montes
2354 767 2488 820 sicut
2522 777 2725 832 passer.
2784 758 3044 815 Transfer
3068 765 3148 823 te,
3186 754 3390 820 transi,

1830 864 1954 935 fuge
1984 863 2038 915 in
2065 869 2295 920 montes,
2329 857 2381 910 id
2415 864 2498 909 est
2517 854 2771 907 virtutes.

1897 957 1951 1011 5.
1995 954 2255 1019 Quoniam
2294 966 2407 1003 esse
2443 956 2739 1016 peccatores
2793 942 3124 997 intenderunt
3168 955 3390 1005 arcum,

1824 1045 2141 1108 paraverunt
2167 1035 2388 1104 sagittas
2413 1033 2466 1084 in
2497 1031 2760 1100 pharetra.
2787 1026 2885 1081 His
2909 1026 3088 1080 verbis
3116 1025 3181 1079 ad
3207 1024 3387 1093 fugam

1824 1146 1950 1186 eum
1983 1125 2328 1184 concitabant
2363 1123 2638 1182 dicentes,
2679 1119 2724 1174 si
2760 1134 2867 1173 non
2898 1117 3135 1188 fugeret,
3176 1114 3388 1186 sagittis

1826 1223 2138 1280 confossum
2167 1219 2232 1273 iri
2256 1233 2286 1273 a
2317 1214 2715 1287 peccatoribus.
2745 1211 2994 1266 Declarat
3017 1212 3197 1280 itaque
3221 1208 3391 1262 malas

1825 1311 2182 1382 cogitationes
2223 1321 2344 1361 esse
2386 1305 2606 1375 maligni
2647 1303 2771 1356 tela.
2807 1301 2876 1355 Ut
2921 1301 3173 1370 sagittent
3214 1298 3269 1351 in
3293 1295 3388 1349 ob-

1825 1419 1976 1457 scuro
1997 1411 2162 1454 rectos
2185 1398 2360 1453 corde.
2395 1395 2561 1461 Quasi
2591 1395 2756 1454 dicat,
2785 1394 3028 1446 latenter.
3063 1386 3388 1460 liujusmodi

1825 1506 2060 1562 namque
2093 1497 2220 1545 sunt
2252 1485 2614 1558 spiritualium
2649 1484 2993 1538 inimicorum
3023 1481 3148 1536 tela.

1890 1678 1945 1731 ι.
1987 1676 2250 1742 Quoniam
2286 1688 2403 1743 qua:
2431 1670 2695 1741 perfecisti
2724 1669 3120 1721 destruxerunt.
3154 1663 3389 1733 Compu-

1823 1769 1919 1832 lit,
1976 1767 2192 1836 inquit.
2234 1763 2492 1820 inimicus
2537 1761 2810 1816 hominem
2864 1759 2917 1812 in
2961 1757 3385 1826 corruptionem,

1753 1841 1793 1896 Β
1822 1861 1949 1915 licet
1973 1861 2026 1914 in
2053 1857 2514 1926 incorruptionem
2541 1853 2791 1909 conditus
2813 1862 2973 1907 esset.
3001 1849 3186 1904 Justus
3210 1859 3386 1903 autem

1823 1950 1950 2021 quid
1978 1948 2145 2018 fecit?
2181 1947 2440 2011 Etiamsi,
2484 1945 2688 2015 inquit,
2724 1943 2930 1997 inimici
2953 1942 3081 1996 talia
3129 1940 3383 2005 fecerint;

1824 2049 1880 2096 at
1908 2039 2195 2103 Dominus,
2228 2038 2320 2108 qui
2349 2037 2608 2105 templum
2645 2035 2808 2089 liabet
2833 2035 3030 2089 coelum
3050 2073 3064 2098 ,
3100 2033 3242 2087 facto
3263 2032 3382 2101 jus-

1824 2143 2001 2188 torum
2033 2140 2088 2186 et
2123 2131 2414 2200 impiorum
2444 2128 2691 2184 examine
2718 2169 2733 2193 ,
2764 2127 2885 2181 aliis
2908 2126 3123 2195 quidem
3151 2124 3388 2192 impertit

1821 2226 1985 2288 bona,
2018 2222 2154 2276 alios
2184 2221 2238 2274 in
2275 2233 2476 2275 aeterna
2506 2219 2770 2288 supplicia
2799 2216 3000 2286 dejicit.
3044 2213 3300 2268 Dominus
3331 2214 3385 2267 in

1823 2314 2011 2383 templo
2039 2321 2220 2367 sancto
2245 2327 2360 2364 suo.

1895 2403 2182 2477 [Quoniam
2221 2416 2337 2472 qua:
2372 2399 2638 2469 perfecisti
2662 2399 3058 2453 drstruxerunt.
3097 2399 3265 2466 Quasi
3298 2398 3385 2454 di-

1819 2506 1937 2561 cat,
1964 2509 2127 2565 opera
2158 2502 2247 2549 tua
2285 2501 2528 2548 evertere
2570 2501 2824 2562 satagunt
2849 2500 3071 2562 propter
3100 2506 3224 2558 me,
3257 2506 3382 2546 nam

1817 2602 1979 2658 quem
2011 2586 2216 2643 tinxisti
2245 2600 2448 2654 regem,
2471 2590 2659 2638 contra
2683 2584 2954 2639 calculum
2985 2593 3136 2638 tuum
3164 2583 3382 2648 armati,

1818 2677 2036 2735 student
2079 2677 2364 2746 abrogare.
2395 2672 2463 2728 Et
2511 2674 2617 2728 hoc
2661 2683 2829 2744 agunt
2871 2685 3160 2743 postquam
3209 2681 3383 2728 rectas

1816 2771 2125 2843 probasque
2172 2768 2563 2839 cogitationes,
2619 2781 2740 2836 quae
2793 2768 3091 2822 secundum
3132 2775 3380 2821 naturam

1817 2871 1980 2930 sunt,
2016 2861 2395 2926 eliminarunt,
2425 2873 2562 2930 quas
2595 2856 2802 2912 scilicet
2834 2854 3100 2911 Dominus
3136 2854 3382 2926 perfece-

1817 2952 1948 3024 rat.]

1887 3047 1940 3100 5.
1984 3044 2137 3101 Oculi
2178 3045 2291 3113 ejus
2337 3044 2390 3096 in
2422 3056 2701 3112 pauperem
2739 3042 3046 3108 respiciunt.
3104 3035 3382 3109 Significat

1815 3135 1912 3192 Dei
1943 3135 2310 3206 cognitionem
2340 3132 2428 3187 cui
2463 3130 2599 3185 nihil
2636 3130 2804 3183 latere
2830 3137 3025 3197 potest.
3051 3127 3251 3182 Oculos
3281 3143 3381 3181 au-

1812 3237 1918 3284 tem
1964 3226 2096 3282 dicit
2125 3224 2244 3294 ejus
2288 3221 2585 3278 beneficam
2620 3221 3033 3290 inspectionem.
3099 3217 3374 3289 Palpebra

1808 3321 1921 3390 ejus
1976 3320 2306 3387 interrogant
2365 3315 2505 3384 ﬁlios
2561 3314 2852 3369 hominum.
2914 3313 3202 3384 Palpebras
3249 3311 3380 3367 dicit

1808 3410 1928 3479 ejus
1956 3406 2272 3478 judicialem
2305 3419 2597 3474 rerumque
2626 3404 3043 3474 cxploratricem
3088 3403 3377 3473 providen-

1812 3502 1963 3554 tiam.

2052 3593 2103 3647 1.
2148 3591 2213 3645 1η
2247 3592 2426 3662 ﬂuent,
2458 3607 2551 3660 pro
2585 3602 2793 3657 octava,
2829 3589 3071 3645 PSALM
3082 3589 3169 3645 US

2423 3685 2615 3739 David.
2648 3682 2753 3738 XI.

2388 3775 2790 3843 Argumentum.

1808 3869 1883 3925 De
1907 3878 2093 3924 octava
2119 3867 2319 3922 dictum
2353 3863 2531 3920 fuitin
2556 3874 2710 3920 sexto
2752 3865 2980 3935 psalmo.
3011 3863 3186 3936 Rogat
3211 3880 3374 3936 porro

1879 3964 2102 4020 liberari
2143 3977 2174 4017 a
2212 3960 2562 4032 generatione
2600 3960 2758 4014 mala.
2797 3958 2922 4015 Haec
2950 3970 3128 4015 autem
3151 3975 3374 4030 genera-

1882 4057 1954 4112 tio
1986 4057 2075 4111 illa
2107 4069 2238 4111 sane
2276 4052 2478 4119 fuerit,
2512 4068 2634 4122 quae
2661 4062 2900 4122 tempore
2924 4063 3044 4108 erat
3077 4052 3372 4108 Salvatoris

1875 4148 2046 4204 nostri
2075 4145 2420 4202 JesuCltristi
2446 4163 2459 4199 :
2483 4145 2550 4200 de
2572 4161 2678 4211 qua
2711 4147 2823 4214 ipse
2851 4145 2987 4199 dixit
3007 4146 3050 4177 θ’
3077 4164 3091 4199 :
3132 4144 3243 4198 Viri
3265 4143 3361 4197 Ni-

1875 4241 2053 4294 nivitc
2123 4246 2354 4307 surgent,
2399 4247 2449 4291 et
2517 4237 2931 4292 condemnabunt
2990 4238 3369 4307 generationem

1874 4333 2056 4385 istam.

1874 4425 1926 4479 2.
1973 4422 2190 4478 Saluum
2221 4440 2302 4478 me
2326 4425 2431 4495 fac,
2469 4423 2624 4489 Deus,
2649 4424 2898 4494 quoniam
2919 4423 3105 4493 defecit
3130 4434 3364 4489 sanctus,

1733 4537 1776 4590 υ
1804 4517 2054 4588 quoniam
2082 4518 2358 4572 diminuta.-
2395 4525 2516 4572 sunt
2564 4518 2810 4571 veritates
2839 4533 2872 4568 ιι
2907 4515 3037 4584 ﬁliis
3076 4517 3363 4570 hominum.

1808 4607 2040 4664 Insidias
2071 4610 2122 4662 iu
2153 4608 2431 4665 Christum
2455 4618 2670 4678 paratas
2699 4608 2753 4662 in
2783 4622 2947 4660 unum
2971 4605 3366 4675 complectitur.

1807 4698 2041 4757 Dimissa
2069 4715 2305 4770 namque
2338 4702 2588 4764 veritate,
2615 4698 2783 4754 Judaei
2807 4696 3145 4753 mendacium
3176 4707 3364 4753 contra

1806 4790 2085 4845 Christum
2118 4792 2408 4846 commenti
2432 4799 2574 4846 sunt.

1874 4929 1926 4984 3.
1970 4929 2138 4984 Labia
2185 4930 2369 4984 dolosa
2409 4931 2462 4983 in
2507 4930 2685 4983 corde.
2736 4928 3038 4995 Quoniam,
3083 4943 3206 4983 eum
3236 4940 3391 4982 eum‘

1804 5022 2120 5090 magistrum
2149 5036 2215 5076 ac
2249 5022 2449 5076 bonum
2483 5021 2846 5090 appellarent,
2888 5019 3044 5089 longe
3064 5017 3276 5073 diversa
3305 5018 3361 5072 in

1807 5128 1932 5168 eum
1958 5112 2189 5168 consilia
2219 5113 2446 5167 inibant.

1867 5207 1917 5260 4.
1962 5205 2238 5276 Disperdet
2269 5205 2524 5259 Dominus
2557 5206 2799 5258 universa
2828 5202 2972 5255 Iaﬁia
3005 5201 3189 5255 dolosa
3211 5242 3227 5267 ,
3255 5201 3360 5256 lin-

1798 5316 1958 5372 guam
1995 5300 2407 5371 magniloquam.
2434 5297 2718 5364 Quomodo
2744 5309 2852 5350 non
2881 5295 3230 5365 magniloqua
3253 5293 3358 5348 lin-

1798 5407 1902 5464 gua
1930 5391 2040 5458 illa,
2067 5407 2188 5463 quas
2217 5407 2352 5448 ausa
2380 5400 2458 5445 est
2485 5387 2751 5443 Salvatori
2773 5384 2953 5442 dicere
2984 5402 3000 5440 :
3035 5385 3103 5440 In
3140 5401 3244 5456 qua
3267 5400 3356 5454 po-

1798 5493 1984 5538 testate
2029 5485 2138 5538 Iure
2187 5484 2322 5552 facis
2348 5523 2363 5549 ,
2404 5492 2454 5537 et
2480 5481 2596 5552 quis
2628 5480 2724 5534 tibi
2750 5479 2897 5533 dedit
2945 5477 3080 5532 hanc
3119 5485 3352 5546 potesta-

1799 5584 1900 5630 tem
1931 5575 2022 5628 ὀἳ

1866 5669 1918 5723 5.
1961 5667 2065 5733 Qui
2105 5668 2389 5721 dixerunt:
2429 5664 2684 5735 Linguam
2713 5672 2948 5718 nostram
2990 5659 3350 5732 magniﬁca“-
