4074 6304
697 337 766 393 95
1522 331 1578 388 S.
1622 331 1994 387 ATHANASH
2033 330 2183 386 OPP.
2216 329 2396 384 PARS
2438 325 2524 381 ill.
2568 356 2634 366 —
2675 323 3083 381 EXEGETICA.
3846 319 3910 374 96

695 470 810 507 mus
837 494 852 518 ,
879 452 1022 505 labia
1069 462 1248 504 nostra
1281 468 1311 504 a
1353 451 1504 504 nobis
1527 460 1670 504 sunt.
1709 449 1839 516 Quis
1882 459 2055 503 noster
2085 448 2260 501 Domi-

2366 462 2486 512 μεν⁸
2533 444 2602 496 τὰ
2639 445 2810 512 χείλη
2879 440 3045 512 ἡμῶν
3090 441 3223 508 παρ’
3259 441 3402 509 ἡμῖν
3451 441 3599 494 ἐστι.
3632 440 3722 502 Τίς
3760 439 3915 506 ἡμῶν

694 562 790 599 nus
814 545 936 598 est?
965 543 1128 609 Quasi
1155 544 1361 598 scilicet
1391 544 1505 597 haec
1530 559 1713 597 secum
1740 550 2073 612 reputarent,
2099 541 2258 594 facul-

695 645 858 690 tatem
893 651 948 688 se
986 636 1183 688 habere
1215 634 1430 704 quidvis
1459 649 1557 703 pro
1597 634 1818 688 libidine
1847 640 2035 688 contra
2069 631 2259 685 Salva-

696 739 865 780 torcm
897 727 1220 794 proferendi.
1261 725 1394 778 illud
1433 735 1610 779 autem
1649 744 1661 778 :
1696 725 1827 790 Quis
1868 734 2044 778 noster
2079 724 2259 776 Domi-

696 832 794 872 nus
820 821 937 874 est?
987 819 1160 872 simile
1188 826 1272 871 est
1301 818 1374 870 illi
1402 817 1546 872 dicto
1574 837 1586 871 :
1621 815 1776 869 Hunc
1800 827 1975 870 autem
2005 817 2259 870 nescimus

696 909 832 962 unde
854 910 919 961 sit
953 909 1019 961 ".

770 1002 821 1053 ti.
863 997 1086 1067 Propter
1129 999 1393 1052 miseriam
1431 999 1663 1065 inopum,
1688 1007 1792 1052 etc.
1828 997 2017 1067 Inopes
2046 1012 2099 1053 et
2129 1014 2261 1067 pau-

696 1105 851 1158 peres
884 1092 1181 1144 secundum
1211 1091 1460 1160 spiritum
1494 1091 1759 1160 intelligit.
1790 1089 2030 1156 Quorum
2063 1093 2260 1162 gemitu

695 1185 902 1250 audito,
940 1184 1264 1252 Exsurgam,
1300 1184 1394 1236 ait.
1430 1181 1631 1234 Ponam
1670 1184 1721 1234 in
1760 1183 2008 1248 salutari,
2040 1185 2264 1252 ﬁducia-

694 1275 818 1328 titer
850 1293 1002 1345 agam
1044 1276 1098 1328 in
1147 1292 1227 1328 eo.
1269 1274 1322 1328 ld
1364 1284 1479 1337 est,
1540 1273 1723 1327 Palam
1768 1275 2018 1328 omnibus
2067 1273 2262 1328 faciam

698 1368 955 1432 salutare,
980 1369 1121 1437 quod
1148 1369 1309 1421 etiam
1337 1368 1540 1421 curabo
1566 1366 1806 1435 etulgari
1835 1366 1974 1421 ultro
1996 1367 2259 1436 citroque.

703 1455 908 1527 Ubique
941 1462 1082 1512 enim
1110 1468 1375 1512 terrarum
1409 1459 1758 1527 praedicatum
1799 1467 1900 1512 est.

771 1633 821 1689 7.
865 1633 1086 1703 Eloqnia
1115 1633 1352 1688 Domini.
1392 1634 1597 1703 eloquia
1629 1646 1781 1688 casta
1807 1676 1820 1699 ,
1851 1644 2120 1705 argentum
2150 1637 2265 1705 igne

697 1725 1074 1778 examinatum.
1109 1724 1245 1777 Vera
1273 1766 1286 1786 ,
1336 1724 1543 1794 inquit,
1584 1735 1711 1779 sunt
1753 1725 1913 1781 verba
1949 1728 2014 1781 de
2041 1728 2264 1781 salutari

698 1816 978 1870 enuntiata
1020 1825 1073 1868 et
1119 1817 1424 1884 promissa,
1480 1818 1934 1884 quemadmodum
1983 1829 2261 1887 argentum

700 1922 842 1975 saepe
876 1908 928 1960 in
970 1909 1312 1960 crucibulum
1356 1908 1688 1961 immissum.
1739 1907 1873 1962 Illud
1929 1919 2106 1964 autem
2133 1950 2147 1969 .
2182 1928 2264 1964 se-

699 1997 934 2068 ptuplum
961 2039 975 2062 ,
1022 2015 1117 2068 pro
1159 2000 1358 2067 pluries
1383 2001 1599 2068 posuit;
1630 2000 1676 2054 is
1711 2001 1857 2054 enim
1897 2010 1980 2056 est
2031 2018 2146 2058 mos
2175 2019 2263 2056 sa-

699 2105 807 2145 crae
849 2090 1162 2159 Scriptum.

767 2181 822 2236 8.
864 2180 962 2245 Tn,
999 2181 1236 2245 Domine,
1269 2181 1499 2236 servabis
1520 2198 1632 2235 nos.
1667 2183 1810 2249 Ideo,
1845 2185 2042 2254 inquit,
2083 2202 2266 2240 serva-

706 2275 791 2329 bis
819 2289 920 2328 nos
943 2317 955 2339 ,
997 2275 1123 2342 quia
1163 2275 1505 2330 circumdant
1537 2293 1636 2332 nos
1666 2279 1840 2348 impii,
1881 2279 2039 2332 saluti
2068 2290 2268 2335 nostra:

704 2367 1049 2421 insidiantes.
1108 2365 1172 2421 Hi
1198 2375 1380 2422 autem
1417 2377 1545 2422 sunt
1589 2369 1911 2423 adversaria:
1942 2379 1994 2423 et
2023 2370 2269 2437 malignas

703 2469 1016 2530 potestates.

772 2552 824 2606 9.
864 2551 1163 2608 Secundum
1193 2551 1528 2606 altitudinem
1557 2563 1700 2606 tuam
1735 2552 2102 2622 multiplicasti
2129 2554 2266 2622 ﬁlios

702 2644 995 2696 nominum.
1046 2643 1401 2696 Altitudincm
1437 2643 1568 2697 dicit
1607 2645 1856 2698 virtutem
1891 2663 1904 2697 :
1941 2645 2265 2713 multiplica-

706 2738 905 2791 tionem
946 2745 1124 2790 autem
1178 2738 1346 2801 illam,
1396 2738 1660 2805 temporis
1707 2737 2141 2791 diuturnitatem.
2198 2737 2270 2793 Ut

705 2829 820 2886 haec
875 2831 946 2885 sit
996 2829 1268 2885 sententia
1308 2847 1321 2882 :
1366 2828 1471 2883 Per
1524 2829 1777 2884 virtutem
1838 2838 1891 2883 et
1948 2840 2266 2900 potestatem

706 2933 893 2985 tuam,
948 2921 1362 2976 diuturnitatem
1415 2921 1673 2989 temporis
1712 2930 1766 2975 ct
1801 2921 1965 2976 vitam
2013 2931 2267 2976 aiternam

705 3013 900 3068 dedisti
949 3013 1129 3067 nobis.
1174 3011 1306 3066 Nam
1353 3023 1475 3082 post
1527 3014 1818 3066 salutarem
1870 3014 2265 3077 ascensionem,

707 3107 763 3161 in
792 3106 1002 3159 infinita
1027 3106 1225 3160 satcula
1257 3106 1366 3160 vita
1399 3113 1582 3159 nostra
1615 3105 1947 3159 extenditur.
1995 3106 2104 3160 Aut
2148 3107 2268 3159 alti-
2295 3130 2336 3188 ρ

709 3199 948 3253 tudinem
1001 3197 1153 3262 dicit,
1196 3199 1323 3267 quia
1374 3197 1580 3251 scilicet
1629 3196 1835 3252 similes
1885 3197 1980 3251 tibi
2020 3198 2269 3252 homines

708 3288 956 3352 effecisti,
1007 3297 1276 3358 quatenus
1316 3303 1505 3343 eorum
1556 3286 1661 3343 fert
1707 3287 1979 3344 facultas:
2019 3300 2110 3344 aut
2141 3291 2270 3360 quia

709 3381 936 3436 multam
972 3396 1161 3436 eorum
1195 3396 1380 3436 curam
1416 3381 1675 3436 habuisti.

919 3474 971 3527 1.
1013 3473 1076 3526 In
1109 3474 1286 3542 ﬁnem,
1325 3471 1661 3528 PSALMUS
1698 3473 2052 3528 David..XlI.

1289 3567 1688 3636 Argumentum.

710 3652 867 3711 Hunc
909 3656 1057 3711 canit
1107 3657 1419 3726 psalmum,
1479 3658 1606 3712 dum
1661 3659 2036 3727 paenitentiam
2086 3661 2271 3715 delicti

779 3758 995 3817 ageret,
1059 3758 1110 3802 et
1161 3763 1266 3801 una
1320 3749 1559 3803 salutare
1599 3758 1844 3803 nostrum
1904 3750 2269 3805 annuntiarct.

782 3836 938 3894 Unde
979 3841 1287 3908 exemplum
1314 3843 1459 3895 nacti
1494 3857 1685 3896 sumus
1710 3883 1724 3906 ,
1769 3857 1879 3911 quo
1925 3855 2082 3911 pacto
2109 3861 2270 3914 opor-

782 3942 893 3989 teat
927 3950 1050 3995 nos,
1079 3949 1201 3989 cum
1232 3935 1598 4003 peccavimus,
1623 3935 1689 3987 ad
1729 3933 1898 3988 Deum
1928 3936 2210 3992 accedere.

791 4105 1100 4178 Usquequo,
1152 4107 1414 4175 Domine,
1463 4107 1779 4162 Oblivisceris
1834 4125 1913 4163 me
1966 4111 2020 4163 in
2079 4112 2276 4179 ﬁnem?

714 4194 881 4259 Quasi
917 4203 1038 4263 post
1068 4195 1386 4248 diuturnam
1428 4209 1637 4248 moram
1680 4211 1775 4264 per
1808 4197 2183 4266 paenitentiam
2209 4199 2275 4254 ad

715 4283 885 4338 Deum
917 4286 1230 4348 accesserit,
1259 4292 1480 4354 propter
1505 4285 1804 4339 admissum
1836 4299 2138 4356 peccatum.
2176 4289 2276 4344 Us-

714 4390 912 4444 quequo
939 4377 1128 4429 avertis
1161 4375 1352 4444 facient
1380 4385 1528 4430 tuam
1555 4395 1587 4431 a
1616 4377 1735 4430 me?
1773 4376 1927 4434 Hanc
1959 4379 2151 4438 faciem
2181 4398 2276 4438 an-

716 4466 820 4536 geli
843 4481 1055 4537 semper
1077 4468 1279 4522 vident.

784 4643 841 4698 2.
900 4642 1149 4709 Quandiu
1175 4659 1366 4712 ponam
1402 4643 1627 4698 consilia
1666 4644 1930 4699 inanima
1969 4650 2129 4701 mea?
2167 4649 2278 4703 An-

716 4751 848 4806 gore
872 4736 1111 4799 crucior,
1150 4737 1346 4806 inquit,
1377 4737 1502 4790 dum
1540 4737 1726 4791 animo
1753 4753 1965 4793 mecum
1992 4743 2178 4802 volvo.
2212 4758 2279 4798 ne

719 4825 857 4880 forte
881 4825 934 4880 in
963 4836 1182 4895 peccato
1215 4830 1416 4882 moriar
1442 4868 1457 4892 ,
1498 4838 1554 4882 et
1594 4829 1725 4882 illud
1757 4832 1994 4886 maxime
2022 4843 2106 4886 est
2131 4834 2277 4903 quod

717 4919 904 4974 animo
943 4935 1066 4974 meo
1097 4919 1312 4975 dolores
1345 4931 1516 4990 parat.
1573 4920 1817 4975 Dolorem
1871 4923 1924 4976 in
1973 4926 2126 4978 corde
2168 4943 2279 4979 meo

717 5009 803 5066 die
824 5029 885 5065 ac
911 5025 1073 5066 nocte.
1112 5011 1288 5067 Corde
1321 5014 1562 5083 quotidie
1589 5015 1918 5069 meditando.

785 5193 842 5248 5.
891 5194 1163 5265 Usquequo
1197 5196 1519 5250 excitabitur
1545 5197 1788 5251 inimicus
1813 5214 1954 5252 meus
1984 5214 2138 5266 super
2161 5202 2282 5255 me?

719 5285 856 5342 Nam
892 5288 936 5342 si
973 5288 1279 5344 colentibus
1314 5291 1473 5344 nobis
1501 5289 1692 5356 Deum,
1722 5307 1786 5346 ac
1820 5293 2071 5363 religiose
2095 5294 2280 5348 viven-

725 5380 872 5434 tibus
895 5419 909 5442 .
966 5381 1287 5449 deprimitur
1318 5383 1612 5449 inimicus;
1649 5383 1991 5438 manifestum
2022 5394 2106 5440 est
2154 5400 2279 5454 pec-

726 5473 976 5529 cantibus
1007 5475 1161 5529 nobis
1191 5476 1398 5530 extolli.
1455 5474 1723 5531 Exaltatio
1771 5493 2006 5548 namque
2048 5479 2279 5548 Salanze,

725 5573 809 5620 est
841 5566 1118 5621 hominum
1139 5567 1464 5624 liumiliatio.
1495 5569 1796 5640 Siquidem,
1826 5573 2280 5640 quemadmodum

798 5721 844 5755 ”
872 5718 1030 5778 Joan.
1061 5739 1138 5785 ix,
1180 5723 1268 5778 29.

2359 538 2571 604 Κύριός
2603 537 2772 589 ἐστιν
2790 552 2808 599 ;
2847 537 2934 599 Ὠς
2961 535 3117 588 τοῦτο
3144 532 3558 602 διανοουμένων,
3587 530 3648 583 τὺ
3680 531 3910 596 ἐξουσίαι

2359 627 2500 696 ἔχειν
2527 628 2628 678 πᾶν
2650 628 2678 678 ὅ
2708 644 2759 678 τι
2783 627 2847 678 ἂν
2870 626 3138 694 βούλοιντο
3168 626 3338 676 εἰπεῖν
3371 623 3508 676 κατὰ
3530 623 3621 675 τοῦ

2360 718 2529 770 Τοῦτο
2586 717 2662 770 δέ·
2725 719 2817 783 Τίς
2870 715 3036 784 ἡμῶν
3093 715 3305 782 Κύριός
3362 715 3525 777 eam;
3584 713 3766 784 ὅμοιον
3827 713 3901 782 τῷ

2366 808 2582 863 Τοῦτον
2611 807 2679 860 δὲ
2707 809 2817 862 οὐκ
2846 807 3089 876 οἴδαμεν
3121 807 3310 861 πόθεν
3331 806 3515 861 ἐστίν.

2433 986 2637 1036 "Er-ene
2667 982 2776 1050 τῆς
2808 983 3204 1050 ταλαιπωρίας
3238 979 3354 1034 τῶν
3382 980 3651 1049 πτωχῶν.
3675 981 3921 1051 Πτωχοὺς

2361 1077 2416 1129 δὲ
2439 1077 2530 1128 καὶ
2563 1075 2814 1145 πένητας
2858 1074 2982 1136 τους
3027 1073 3169 1127 κατὰ
3232 1072 3445 1144 πνεῦμα
3502 1073 3668 1141 λέγει·
3715 1067 3790 1125 ὧν
3837 1073 3928 1125 καὶ

2361 1166 2452 1219 τοῦ
2486 1165 2786 1235 στεναγμοῦ
2825 1163 3082 1224 ἀκούσας,
3119 1165 3532 1234 Ἀναστήσομαι,
3559 1162 3709 1233 φησί.
3735 1163 3921 1229 Θήσο-

2362 1275 2462 1326 μαι
2489 1259 2558 1310 ἐν
2602 1257 2895 1322 σωτηρίῳ,
2949 1254 3428 1323 παρῤησιάσομαι
3466 1254 3535 1306 ἐν
3556 1250 3733 1318 αὐτῷ.
3767 1253 3926 1305 Τουτ-

2365 1349 2501 1411 έστι,
2556 1348 2791 1416 Φανερὸν
2832 1348 2967 1398 πᾶσι
3017 1347 3345 1416 καταστήσω
3385 1347 3440 1399 τὸ
3477 1348 3758 1417 σωτήριον,
3785 1343 3929 1397 ὂκαὶ

2364 1433 2684 1505 ἐξάκουστον
2710 1437 3112 1510 παρασκευάσω
3143 1438 3411 1507 γενέσθαι.
3460 1437 3769 1510 Ἐκηρύχθη
3823 1435 3930 1508 γὰρ

2364 1535 2442 1596 εἰς
2470 1534 2647 1584 πᾶσαν
2672 1531 2766 1601 τὴν
2797 1529 2918 1599 γῆν.

2439 1624 2511 1678 Τὰ
2539 1625 2710 1691 λόγια
2723 1623 2941 1689 Κυρίου
2973 1623 3144 1690 λόγια
3173 1621 3343 1689 ἁγνὰ,
3360 1621 3643 1690 ἀργύριον
3665 1635 3933 1687 πεπυρω-

2362 1715 2566 1784 μένον.
2606 1713 2868 1782 Ἀληθεῖς,
2906 1713 3088 1781 φησὶν,
3119 1713 3167 1764 οἱ
3198 1711 3341 1779 λόγοι
3367 1712 3415 1763 0!
3455 1712 3581 1780 περὶ
3627 1709 3720 1763 τοῦ
3757 1726 3932 1778 σωτη-

2300 1784 2339 1837 B
2367 1805 2480 1876 ρίου
2515 1803 2932 1876 ἐπηγγελμένα,
2962 1801 3149 1871 ὥσπερ
3200 1802 3293 1854 καὶ
3321 1802 3381 1853 τὸ
3430 1800 3689 1872 ἀργύριον
3717 1798 3779 1852 τὸ
3808 1801 3934 1852 πολ-

2364 1893 2517 1956 λάκις
2547 1892 2833 1963 χωνευθέν.
2881 1891 2953 1943 Τὸ
3012 1889 3102 1950 δὲ,
3160 1889 3610 1953 ἐπταπλασίως,
3663 1885 3783 1939 ἀντὶ
3836 1883 3934 1938 τοῦ

2365 1984 2741 2046 πολυπλασίως
2793 1982 3021 2035 τέθεικε·
3080 1979 3236 2034 τοῦτο
3278 1980 3383 2050 γὰρ
3420 1978 3646 2049 σύνηθες
3699 1979 3767 2047 τῇ
3816 1975 3935 2047 Θεία

2365 2076 2577 2146 Γραφῇ·

2435 2167 2538 2232 Σὺ,
2584 2167 2779 2234 Κύριε,
2813 2165 3103 2234 φυλάξεις
3127 2163 3298 2233 ἡμᾶς.
3332 2164 3428 2216 Διὰ
3449 2162 3623 2227 τοῦτο,
3645 2161 3804 2230 φησὶ,
3834 2179 3934 2230 φυ-

2365 2256 2543 2320 λάξεις
2584 2257 2752 2326 ἡμᾶς,
2803 2255 2987 2325 ἐπειδὴ
3036 2252 3358 2315 κυκλοῦντες
3419 2253 3562 2322 ἡμᾶς
3615 2253 3662 2304 οί
3718 2250 3937 2313 ἀσεϐεῖς

2366 2346 2798 2410 ἐπιϐουλεύοντες
2825 2349 2888 2418 τῇ
2919 2346 3073 2416 ἡμῶν
3099 2345 3355 2416 σωτηρίᾳ.
3417 2337 3573 2397 Οὗτοι
3626 2343 3671 2396 δ’
3728 2344 3798 2396 ἂν
3829 2338 3935 2395 εἶεν

2365 2440 2423 2491 αἱ
2453 2439 2819 2509 ἁντικείμεναι
2865 2439 2956 2490 καὶ
2987 2437 3214 2507 πονηραὶ
3244 2436 3516 2506 δυνάμεις.

2437 2531 2594 2586 Κατὰ
2626 2531 2690 2583 τὸ
2729 2532 2884 2597 ὕψος
2935 2544 3050 2583 σου
3102 2530 3531 2596 ἐπολυώρησας
3583 2525 3724 2590 τοὺς
3768 2524 3939 2589 υἱοὺς

2368 2619 2486 2674 τῶν
2539 2617 2882 2687 ἀνθρώπων.
2940 2618 3107 2687 ’Ὕψος
3171 2618 3268 2688 μὲν
3328 2616 3421 2686 τὴν
3476 2614 3702 2683 δύναμιν
3767 2612 3935 2681 λέγει·

2370 2711 2675 2779 πολυωρίαν
2708 2710 2879 2780 δὲτὴν
2926 2710 3396 2780 πολυχρονιότητα.
3441 2701 3621 2780 Ἴναῇ
3685 2703 3745 2756 τὸ
3788 2703 3939 2770 λεγὸο

2373 2817 2528 2870 μενον
2554 2799 2807 2852 τοιοῦτον·
2844 2798 2940 2851 Διά
2972 2800 3070 2868 τῆς
3111 2799 3209 2868 σῆς
3242 2797 3441 2867 ἰσχύος,
3484 2794 3940 2865 πολυχρονιότητα

2370 2890 2464 2942 καὶ
2509 2889 2725 2941 αἰώνιον
2756 2888 2897 2958 ζωὴν
2931 2889 3061 2957 ἡμῖν
3087 2886 3345 2949 δέδωκας.
3379 2884 3530 2938 Μετά
3552 2883 3659 2952 γὰρ
3709 2883 3811 2950 τὴν
3837 2898 3939 2963 σω-

2369 2981 2554 3051 τήριον
2595 2980 2882 3032 ἀνάστασιν
2943 2977 3021 3039 είς
3085 2976 3420 3044 ἀπεράντους
3470 2971 3668 3033 αἰῶνας
3727 2970 3798 3023 τὰ
3841 2971 3939 3038 τῆς

2371 3072 2514 3142 ζωῆς
2536 3073 2662 3143 ἡμῖν
2687 3071 3005 3124 ἐκτείνεται.
3043 3070 3111 3122 Ἢ
3147 3067 3276 3137 ὕψος
3305 3066 3468 3135 λέγει,
3494 3067 3573 3118 ὅτι
3605 3064 3825 3135 ὁμοίους
3846 3079 3941 3115 σου

2371 3163 2650 3234 ἐποίησας,
2677 3163 2750 3225 ὼς
2783 3161 3049 3233 ἀνθρώπῳ
3097 3159 3338 3212 δυνατόν’
3374 3157 3405 3227 ἢ
3433 3159 3513 3210 ὅτι
3551 3154 3751 3226 πολλῆς
3780 3170 3940 3227 φρον-

2370 3254 2511 3317 τίδος
2537 3252 2792 3322 ⁴ὴξίωσας.

2509 3474 2613 3538 Είς
2643 3470 2708 3523 τὸ
2744 3469 2938 3536 τέλος,
2989 3468 3294 3520 ΨΑΛΜΟΣ
3316 3465 3393 3530 τῷ
3420 3462 3616 3517 Δαυτό.
3650 3462 3766 3517 IB'.

2985 3559 2999 3578 '
3013 3560 3319 3623 Υπόθεσις.

2373 3654 2572 3707 Τοῦτον
2597 3653 2686 3704 τὸν
2712 3651 2922 3721 ψαλμὸν
2948 3651 3060 3721 ᾅδει
3110 3651 3188 3711 εἰς
3243 3649 3525 3718 μετάνοιαν
3568 3646 3662 3698 τοῦ
3693 3645 3941 3716 ἁμαρτή-

2448 3761 2613 3815 ματος
2655 3739 2912 3810 γεγονὼς,
2971 3739 3084 3809 ἅμα
3141 3737 3196 3790 δὲ
3253 3737 3347 3790 καὶ
3389 3735 3450 3787 τὸ
3502 3737 3766 3806 σωτήριον
3807 3735 3944 3805 ἡμῖν

2443 3834 2939 3906 εὐαγγελιζόμενος.
2993 3831 3070 3884 Δι’
3121 3824 3180 3884 οὗ
3228 3828 3488 3898 ὲλάὁομεν
3552 3827 3943 3897 ὑπογραμμὸν,

2446 3925 2560 3989 πῶς
2595 3927 2674 3979 δεῖ
2704 3927 2847 3996 ἡμᾶς
2876 3927 2931 3977 ὲν
2970 3922 3260 3996 ἁμαρτίαις
3298 3919 3617 3991 γενομένους
3663 3918 3943 3990 προσιέναι

2446 4017 2582 4088 Θεῷ.

2447 4107 2603 4174 Ἕως
2639 4109 2802 4170 πότε,
2858 4107 3053 4173 Κύριε,
3107 4103 3370 4170 ἐπιλήσῃ
3423 4117 3539 4170 μου
3590 4101 3676 4167 εις
3732 4099 3943 4167 τέλοςς

2387 4202 2472 4265 Ὠς
2509 4201 2722 4272 μακρᾶς
2751 4198 2915 4270 οὔσης
2937 4197 3035 4268 τῆς
3058 4197 3346 4268 γινομένης
3367 4193 3514 4264 αὐτῷ
3533 4192 3618 4246 διὰ
3642 4193 3740 4264 τὴν
3765 4193 3942 4264 ἁμαρ-

2374 4294 2494 4346 τίαν
2543 4295 2600 4346 ὲν
2640 4295 2706 4362 τῇ
2763 4290 3020 4361 μετανοίᾳ
3067 4289 3198 4358 πρὸς
3260 4288 3391 4341 Θεὸν
3447 4285 3729 4359 προσόδου.
3789 4285 3942 4349 Ἕως

2378 4388 2520 4440 πότε
2550 4384 2933 4453 ἀποστρέφῃς
2989 4383 3053 4436 τὸ
3093 4382 3415 4450 πρόσω-πτειν·
3452 4395 3566 4433 σου
3598 4377 3698 4431 ἀπ’
3755 4377 3944 4446 ὲμοῦ;

2306 4467 2349 4522 Ῑ)
2378 4477 2578 4531 Τούτου
2645 4475 2704 4529 τὺ
2775 4475 3062 4547 πρόσωπον
3125 4476 3172 4526 οἰ
3235 4471 3452 4542 ἄγγελοι
3521 4470 3774 4541 βλέπουσι
3824 4468 3944 4521 δια⁸

2377 4567 2590 4630 παντὸς.

2446 4661 2592 4725 Ἕως
2641 4658 2805 4724 τίνος
2857 4655 3113 4725 θήσομαι
3157 4655 3394 4720 βουλὰς
3444 4653 3513 4705 ὲν
3562 4649 3945 4721 proxim;

2389 4749 2646 4819 Ἀνιῶμαι
2688 4746 2816 4818 γὰρ,
2855 4747 3004 4815 φησὶ,
3038 4746 3418 4816 βουλευόμενος
3451 4742 3590 4796 κατὰ
3643 4740 3819 4811 ψυχὴν
3849 4742 3946 4811 μή-

2378 4859 2493 4905 πως
2524 4841 2631 4911 ἇρα
2678 4840 2746 4892 ἐν
2795 4841 2861 4909 τῇ
2922 4837 3164 4908 ἁμαρτίᾳ
3213 4833 3609 4904 ἀποθανοῦμαι,
3658 4834 3752 4886 καὶ
3782 4832 3944 4887 τοῦτϐ

2377 4934 2568 4988 ἐστινὸ
2611 4932 2841 5004 μάλιστα
2874 4931 3062 4993 ὀδύνας
3099 4947 3196 5001 μου
3221 4932 3287 5000 τῇ
3331 4930 3474 5008 ψυχῇ
3512 4926 3943 4999 παρασκευάζει.

2389 5026 2638 5090 Ὀδύνας
2710 5025 2779 5077 ὲν
2821 5022 3030 5090 καρδίᾳ
3086 5039 3204 5091 μου
3267 5021 3487 5090 ἡμέρας
3537 5019 3637 5073 καὶ
3697 5019 3941 5088 νυκτός.

2379 5114 2655 5183 Μεριμνᾷν
2684 5114 2740 5165 ἐν
2765 5114 2830 5181 τῇ
2867 5110 3060 5182 καρδίᾳ
3098 5109 3217 5163 καθ’
3247 5109 3478 5180 ἡμέραν.

2451 5205 2602 5269 Ἕως
2634 5204 2777 5255 πότε
2811 5200 3191 5269 ὑψωθήσεται
3226 5203 3258 5253 ὁ
3293 5200 3500 5269 ἐχθρός
3527 5216 3646 5269 μου
3680 5197 3774 5252 ἐπ’
3803 5198 3943 5270 ens,-

2379 5298 2441 5351 Εἰ
2471 5295 2577 5367 γὰρ
2608 5293 2999 5346 θεοσεδοὺντων
3050 5291 3205 5361 ἡμῶν
3260 5288 3605 5343 ταπεινοῦται
3664 5291 3694 5342 ὁ
3749 5291 3944 5363 ἐχθρὸς

2380 5386 2534 5458 ήμῶν
2581 5383 2820 5448 διάϐολος
2841 5425 2853 5446 ,
2884 5382 3037 5453 δῆλον
3084 5383 3166 5434 ὃτι
3226 5381 3641 5452 ἁμαρτανόντων
3691 5381 3941 5450 ὑψοῦται.

2381 5477 2552 5546 ’Υψος
2603 5474 2710 5546 γὰρ
2736 5475 2812 5544 τῷ
2839 5475 3049 5544 Σατανᾷ
3077 5475 3110 5545 ἡ
3138 5474 3244 5527 τῶν
3271 5472 3566 5546 ἀνθρώπων
3593 5473 3942 5535 ταπείνωσις*

2381 5568 2590 5640 ἐπειδὴ,
2631 5566 2877 5637 καθάπερ
2905 5567 2934 5621 ὁ
2960 5565 3089 5629 Θεὸς
3118 5567 3175 5621 ὲν
3200 5568 3264 5636 τῇ
3329 5565 3566 5639 σωτηρίᾳ
3591 5563 3855 5635 ὑψοῦσθαι
3875 5564 3942 5636 τῆ
