4074 6304
132 343 194 399 9⁸1
1225 344 1586 402 EXPOSITIO
1619 347 1685 402 IN
1723 347 2057 406 PSALMUM
2097 347 2234 402 XIII.

3276 351 3346 408 98

132 462 381 535 ἡμετέρᾳ,
426 463 597 529 οὕτως
643 465 673 519 6
711 465 951 530 διάϐολος
986 468 1043 521 ἑν
1079 469 1147 540 τῇ
1177 468 1418 540 ἀπωλείᾳ
1457 471 1676 542 ἐπαίρε-

1780 469 1920 526 Deus
1956 470 2158 526 dicitur
2207 470 2260 523 in
2295 466 2467 522 salute
2511 474 2699 522 nostra
2728 464 2994 532 exaltari;
3033 465 3107 521 ita
3143 475 3197 521 et
3222 466 3342 521 dia-

133 554 242 607 σθαι
269 553 508 622 λέγεται.

193 645 456 700 Φώτισον
485 645 624 712 τοὺς
651 647 992 716 ὀφθαλμούς
1011 667 1149 718 μου.
1195 651 1533 724 ὀφθαλμοὺς
1555 654 1679 717 τοὺς

129 738 219 807 τῆς
274 737 511 801 διανοίας
578 737 747 810 δηλοῖ.
804 741 1078 794 Φωτίσατε
1128 742 1235 813 γὰρ
1287 744 1513 808 ἑαυτοὺς
1567 744 1680 812 φῶς

129 828 390 896 γνώσεως.

203 918 345 986 Ἐγὼ
391 918 459 970 δὲ
517 919 614 971 ἐπὶ
668 917 748 984 τῷ
795 919 948 975 ἐλέει
989 936 1104 975 σου
1161 920 1413 990 ἤλπισα.
1460 923 1677 995 6αρρὦ

130 1009 300 1080 φησὶν,
357 1009 626 1080 ἁμαρτίας
654 1009 844 1080 ἄφεσιν
888 1012 1138 1076 δέξασθαι
1174 1013 1252 1084 τῷ
1279 1015 1416 1067 ὲλέει
1446 1032 1680 1086 προσαν-

128 1099 254 1168 ἐχων
316 1098 394 1169 τῷ
437 1099 533 1169 σῷ,
590 1101 656 1153 δι’
715 1096 774 1153 οῦ
815 1104 906 1156 καὶ
932 1103 993 1156 τὸ
1029 1105 1292 1176 σωτήριον
1316 1105 1547 1169 δέδωκας
1575 1108 1680 1160 πᾶ-

131 1207 205 1243 σιν
254 1189 587 1262 ἀνθρώποις·
648 1194 784 1265 ὅπερ
836 1197 1098 1267 σωτήριον
1160 1197 1517 1265 ἀγαλλιᾶσθαι
1576 1217 1682 1251 πα-

130 1284 444 1355 ρασκευάσει
479 1300 577 1352 μου
605 1285 702 1354 τὴν
753 1287 997 1358 καρδίαν,
1027 1290 1124 1360 τὴν
1146 1291 1309 1344 πάλαι
1343 1291 1681 1362 ὀδυνωμέντδν

127 1377 206 1431 διὰ
231 1379 330 1447 τὴν
357 1375 648 1446 ἁμαρτίαν.

247 1469 352 1532 Εἰς
379 1465 443 1518 τὸ
487 1464 678 1533 τέλος,
733 1473 1026 1525 ΨἉΛΜΟΣ
1052 1471 1131 1537 τῷ
1184 1473 1380 1528 Δαόὶδ.
1408 1476 1522 1528 ΙΓ’.

748 1562 760 1577 ’
776 1565 1077 1629 Υπόϐεσις.

127 1653 420 1727 Διαρρήδην
478 1661 535 1713 ὲν
589 1658 667 1729 τῷ
722 1657 945 1728 παρόντι
999 1656 1198 1727 ψαλμῷ
1245 1657 1528 1728 σαφηνίζει
1573 1657 1682 1712 τῶν

187 1747 481 1820 ἀνθρώπων
508 1752 604 1822 τὴν
625 1754 705 1814 εἰς
759 1751 818 1803 τὸ
853 1751 1108 1814 παντελὲς
1153 1752 1261 1804 τῶν
1313 1753 1681 1823 ἐπιτηδευμά-

1781 561 1936 617 holus
1969 561 2021 614 in
2052 559 2291 630 pernicie
2327 568 2513 613 nostra
2544 557 2751 612 extolli.

1849 654 1901 708 4.
1948 651 2202 706 Ittumina
2238 650 2413 705 oculos
2447 667 2606 705 meos.
2654 647 2853 705 Oculos
2886 651 3083 705 mentis
3119 650 3338 706 mdicat.

1777 743 2086 801 Illuminate
2115 747 2236 801 illos
2270 745 2475 799 lumine
2503 745 2852 814 cognitionis.

1851 838 1904 892 6.
1950 837 2061 908 Ego
2094 849 2271 892 autem
2304 841 2356 891 in
2396 837 2760 890 misericordia
2804 845 2893 888 tua
2921 837 3142 904 speravi.
3196 835 3340 891 Con-

1779 928 1907 991 ﬁdo,
1939 928 2132 997 inquit,
2164 929 2369 998 peccati
2405 944 2491 983 tne
2529 928 2905 982 remissionem
2961 936 3340 996 accepturum,

1778 1017 1906 1071 dum
1944 1027 2092 1072 tuam
2132 1020 2409 1089 perpendo
2451 1018 2904 1073 misericordiam.
2963 1017 3096 1082 Tua,
3144 1019 3340 1088 inquit,

1778 1124 1874 1178 per
1914 1125 2077 1179 quam
2109 1111 2347 1165 salutare
2376 1121 2528 1165 tuum
2577 1110 2771 1168 dedisti
2823 1110 3071 1166 minibus
3109 1110 3343 1164 homini-

1781 1200 1902 1254 bus.
1963 1200 2117 1266 Quod
2175 1202 2414 1257 salutat'e
2452 1201 2871 1256 exsultationem
2932 1201 3146 1270 parabit
3187 1199 3340 1254 cogdi

1779 1306 1920 1359 meo,
1957 1293 2085 1346 olim
2111 1293 2179 1347 de
2213 1301 2436 1363 peccato
2466 1293 2692 1348 dolenti.

1977 1471 2029 1525 1.
2062 1469 2128 1523 In
2156 1471 2335 1540 ﬁnem,
2367 1470 2704 1526 PSALMUS
2735 1471 2926 1528 David.
2968 1471 3142 1526 XIII.

2357 1566 2756 1633 Argumentum.

1781 1654 1990 1711 Diserte
2021 1654 2076 1708 in
2123 1656 2376 1725 praesenti
2417 1657 2631 1726 psalmo
2682 1656 2924 1712 declarat
2969 1656 3253 1712 hominum
3283 1656 3338 1712 in

1847 1749 2101 1803 omnibus
2129 1748 2321 1804 studiis
2360 1762 2414 1804 et
2454 1749 2664 1804 actibus
2707 1749 2820 1804 suis
2871 1749 3202 1819 impietatem
3237 1750 3342 1805 ini-

186 1857 289 1894 των
322 1843 576 1897 ἀσέόειαν
625 1845 719 1897 καὶ
757 1844 1120 1916 παρανομίαν,
1165 1845 1250 1897 ἵνα
1303 1847 1363 1898 τὸ
1388 1848 1681 1914 ἀναγκαῖον

1848 1837 2246 1908 quitatemque,
2296 1847 2354 1892 ut
2384 1839 2764 1895 necessitatem
2789 1839 3043 1909 pradicet
3074 1839 3340 1894 adventus

185 1934 279 2004 τῆς
307 1937 620 2006 ἐπιφανείας
651 1937 856 2008 κηρύξῃ
886 1936 1138 2007 Χριστοῦ.

184 2024 366 2081 Εἶπεν
392 2029 593 2097 ἄφρων
623 2030 691 2082 ἐν
723 2029 931 2097 καρδίᾳ
961 2028 1170 2082 αὐτοῦ’
1200 2029 1320 2081 Οὐκ
1344 2029 1474 2083 ἔστι
1518 2031 1679 2095 Θεός.

138 2117 362 2188 Ἐπειδὴ.
421 2119 494 2192 μὴ
543 2120 906 2189 λογισάμενοι,
961 2121 1144 2189 φησὶν,
1203 2117 1340 2173 εἶναι
1394 2122 1526 2175 Θεὸν
1559 2125 1682 2193 ὲφο-

130 2207 294 2277 ρῶντα
333 2212 400 2262 τὰ
427 2210 739 2281 ἀνθρώπινα
791 2212 882 2264 καὶ
939 2211 1189 2281 κρίνοντα
1239 2211 1416 2283 κρίσει
1477 2213 1680 2285 δικαία,

131 2301 296 2352 πᾶσαν
329 2300 753 2373 ἀθεμιτουργίαν
787 2303 1127 2373 εἰργάσαντοο
1159 2302 1433 2374 τούτουβὴ
1469 2304 1626 2375 χάριν
1655 2306 1682 2358 ὁ

131 2391 321 2462 Κύριος
357 2395 421 2446 ἐκ
466 2393 560 2446 τοῦ
592 2394 819 2465 ούρανοῦ
874 2394 1115 2463 διέκυψε.
1157 2394 1326 2447 Τοῦτο
1355 2395 1460 2468 γὰρ
1501 2395 1682 2465 σαφῶς

127 2482 214 2550 τὴν
244 2486 320 2545 είς
374 2483 691 2554 ἀνθρώπους
734 2485 825 2537 τοῦ
869 2485 1070 2555 Κυρίου
1099 2485 1318 2556 πρόοδον
1339 2488 1682 2557 κατασημαί-

127 2591 216 2627 νει.
242 2579 362 2629 Οὐκ
394 2576 527 2630 ἔστι
553 2575 741 2629 ποιῶν
795 2579 1189 2646 χρηστότητα,
1218 2579 1328 2630 οὐκ
1363 2577 1532 2631 ἔστιν
1573 2578 1683 2644 ἓως

127 2664 272 2731 ἑνός.
315 2666 535 2729 Ἐλθὼν,
567 2668 752 2739 φησιν,
809 2671 837 2722 ὁ
886 2669 1087 2739 Κύριος
1116 2671 1223 2723 οὐδ’
1272 2671 1366 2723 ’ἑνα
1398 2665 1523 2743 εὗρε
1550 2688 1683 2742 χρη-

131 2758 368 2827 στότητος
398 2758 654 2830 ἐργάτην,
679 2760 811 2812 ἀλλὰ
839 2761 946 2832 γὰρ
971 2761 1268 2814 ὑπεύθυνον
1297 2763 1442 2833 πάσῃ
1479 2763 1676 2834 πράξει

129 2846 321 2916 ἀτόταρ.
359 2846 576 2916 ,γάρος
642 2847 1011 2917 ἀνεῳγμένος
1065 2853 1097 2903 ό
1155 2848 1387 2918 λάρυγξ
1461 2852 1678 2904 αὐτῶν.

141 2933 366 2987 Ἑαυτῶν
399 2937 507 3005 γάρ
531 2937 606 3007 τῷ
637 2938 875 3010 φάρυγγι
903 2941 949 2992 οἱ
985 2939 1234 3010 δαίμονες
1267 2939 1455 3014 ὥσπερ
1479 2942 1681 3014 βρῶσιν

129 3019 262 3094 εἶχον
289 3025 378 3077 τὸν
415 3026 718 3098 ἄνθρωπον,
757 3027 829 3099 μὴ
876 3023 1013 3081 εἶναι
1066 3029 1330 3093 νοοῦντες,
1380 3032 1461 3085 ὅτι
1489 3034 1516 3086 ὁ
1551 3032 1683 3097 Θεὸς

131 3117 466 3170 ἐπιλαθέσθαι
492 3120 584 3172 τοῦ
613 3120 927 3190 πλάσματος
950 3120 1113 3174 αὐτοῦ
1147 3122 1206 3174 ού
1237 3122 1478 3177 δύναται.

1857 1926 2083 1982 Christi.

1856 2019 2004 2072 Dixit
2030 2020 2279 2089 insipiens
2313 2020 2369 2073 in
2396 2022 2550 2076 corde
2571 2038 2703 2075 suo:
2731 2020 2853 2075 Non
2875 2030 2950 2075 est
2971 2018 3130 2075 Deus.
3165 2019 3342 2086 Quan-

1782 2109 2075 2181 doquidem
2107 2128 2216 2167 non
2245 2113 2544 2183 cogitantes
2573 2112 2742 2168 Deum
2768 2129 2920 2181 esse,
2964 2113 3056 2182 qui
3088 2115 3342 2183 respiciat

1780 2202 1962 2256 omnia
1990 2205 2264 2271 humana,
2306 2221 2371 2260 ac
2393 2207 2486 2274 qui
2521 2205 2672 2275 justo
2699 2204 3168 2274 judiciojudicet,
3220 2205 3343 2259 nul-

1781 2293 1894 2348 lum
1929 2309 2034 2347 non
2064 2297 2242 2350 scelus
2277 2304 2695 2366 pet-petrarum;
2750 2296 2956 2350 idcirco
2987 2295 3250 2350 Dominus
3277 2296 3343 2349 de

1781 2391 1920 2445 cmio
1957 2389 2252 2459 prospexit.
2302 2386 2434 2440 Illud
2471 2387 2613 2441 enim
2654 2395 2838 2456 aperte
2875 2385 3088 2440 Domini
3131 2387 3196 2438 ad
3245 2385 3344 2439 ho-

1780 2485 1953 2538 mines
1974 2483 2261 2537 adventum
2292 2480 2513 2537 indicat.
2563 2479 2685 2534 Non
2705 2491 2782 2535 est
2809 2483 2898 2551 qui
2935 2481 3099 2549 faciat
3124 2480 3339 2541 bonum.

1787 2593 1888 2631 non
1911 2586 1986 2629 est
2013 2591 2173 2644 usque
2200 2575 2268 2627 ad
2296 2591 2478 2628 unum.
2535 2574 2670 2629 Cum
2695 2576 2877 2635 venit,
2914 2575 3118 2644 inquit,
3155 2573 3345 2627 Domi-

1782 2683 1922 2733 nus,
1967 2667 2173 2721 nullum
2225 2667 2626 2720 mansuetudini
2670 2666 2950 2729 deditum;
3004 2666 3097 2719 scd
3150 2680 3343 2720 omnes

1783 2760 1919 2814 nulli
1956 2774 2062 2814 non
2089 2772 2256 2828 pravo
2295 2758 2442 2827 operi
2473 2757 2740 2822 addictos,
2774 2756 2997 2811 invenit.
3031 2755 3342 2826 Sepulcrum

1781 2862 1965 2923 patens
2011 2861 2088 2904 est
2138 2858 2321 2920 guttur
2361 2863 2560 2901 eorum.
2623 2844 2680 2900 ln
2721 2861 2822 2900 suo
2849 2862 3083 2916 namque
3129 2857 3345 2917 gutture

1781 2944 2053 2997 damones
2089 2941 2362 2999 hominem
2408 2937 2566 3007 quasi
2608 2938 2789 2991 cibum
2834 2937 3184 3002 detinebant,
3233 2953 3342 2992 non

1783 3032 2080 3102 cogitantes
2129 3044 2234 3084 non
2286 3043 2444 3098 posse
2492 3026 2659 3082 Deum
2712 3042 2954 3094 unquam
3006 3025 3206 3094 opiticii
3257 3027 3343 3082 sui

1784 3120 2049 3176 oblivisci.

197 3208 341 3275 Οὐχὶ
387 3209 718 3277 γνώσονται
780 3211 998 3277 πάντες
1055 3215 1107 3265 οὶ
1166 3213 1533 3282 ἐργαζόμενοι
1572 3215 1681 3284 τὴν

1855 3213 1907 3266 4.
1943 3209 2128 3263 Nonne
2158 3217 2460 3278 cognoscent
2492 3223 2666 3260 omnes
2709 3209 2796 3276 qui
2838 3213 3123 3273 operantur
3147 3205 3344 3275 iniqui-

131 3297 411 3366 droyiar;
439 3298 576 3352 Καθ’
613 3300 951 3371 ὑποστιγμὴν
1001 3302 1393 3370 ἀναγνωστέον,
1431 3304 1525 3356 καὶ
1549 3303 1682 3367 ἔξω·

133 3384 215 3438 θεν
238 3387 328 3439 τὸν
349 3387 549 3458 Κύριον
575 3389 930 3459 προληπτέον·
967 3386 1104 3464 ῖναῇ
1131 3389 1302 3454 οὕτως
1341 3391 1400 3444 τὸ
1432 3393 1687 3462 σημαινό-

135 3493 304 3544 μενον⁸
330 3480 434 3531 Καὶ
477 3480 678 3544 πάντες
728 3479 1024 3546 ἐξέκλιναν,
1069 3483 1349 3536 καὶτοῦτο
1405 3485 1683 3554 ἐποίησαν.

133 3568 200 3619 Οὐ
229 3568 473 3637 μέλλουσι
499 3569 784 3638 γινώσκειν
804 3573 894 3625 τὸν
923 3573 1142 3643 Κύριον.
1161 3577 1379 3642 Κύριον
1399 3578 1471 3630 οὺ
1499 3593 1685 3643 προσ-

131 3657 485 3710 εκαλέσαντο
538 3661 592 3712 οἱ
638 3659 943 3727 ἐσθίοντες
985 3662 1091 3714 τὸν
1116 3665 1269 3715 ,ιαόν
1292 3681 1409 3730 μου
1434 3665 1504 3716 ἐν
1529 3665 1685 3733 ﬁpdi-

133 3761 222 3799 σει
268 3746 466 3814 ἄρτου.
525 3748 830 3821 Κατήσθιον
877 3751 983 3824 γὰρ
1039 3752 1128 3805 τὸν
1173 3752 1297 3805 λαὸν
1344 3754 1507 3807 αὐτοῦ
1561 3757 1687 3808 ἀνα-

135 3837 395 3902 πείθοντες
423 3843 746 3911 προσκυνεῖν
768 3840 864 3912 τὴν
898 3842 1072 3896 κτίσιν
1100 3843 1249 3914 παρὰ
1279 3844 1368 3898 τὸν
1405 3845 1682 3899 κτίσαντα.

132 3929 234 3982 Καὶ
261 3923 424 3993 οῦτοι,
459 3932 639 4002 φησὶν,
673 3932 899 4004 ιέτέροις
943 3933 1127 3986 κακῶν
1156 3935 1440 4004 εἰσηγηταὶ
1463 3937 1687 4007 γενόμε-

132 4036 224 4082 νοι,
249 4021 332 4074 τὸν
356 4022 557 4092 Κύριον
611 4023 710 4076 οὐκ
756 4023 1184 4078 ὲπικαλέσονται.
1244 4025 1400 4080 Οὕτω
1429 4028 1534 4099 γὰρ
1554 4030 1686 4082 ἀνα-

133 4115 385 4179 γνωστέον
423 4115 683 4184 μέλλοντα
712 4117 829 4170 ἀντὶ
857 4115 948 4170 τοῦ
985 4117 1434 4189 παρεληλυθότος.

209 4205 358 4259 Ἐκεῖ
385 4206 452 4259 δὲ
483 4206 827 4261 ἐδεινιίασαν
883 4211 1059 4278 φόϐῳ,
1090 4207 1162 4267 οὗ
1213 4213 1324 4264 οὐκ
1357 4207 1434 4282 ἦν
1477 4214 1680 4280 φόϐος.

145 4295 199 4348 Ὀ
221 4297 454 4360 Μωσέως
503 4297 683 4368 νόμος,
725 4301 875 4369 (mat,
931 4301 1147 4354 κόλασιν
1194 4303 1384 4356 ἐποίει·
1415 4305 1443 4355 ὁ
1496 4304 1552 4357 δὲ
1591 4305 1682 4358 τοῦ

135 4386 350 4456 Χριστοῦ
385 4388 546 4456 φάεος
575 4391 733 4458 ἁγνός
758 4393 923 4445 ἐστιν·
967 4392 1041 4456 ὡς
1096 4395 1243 4457 υἱοὺς
1265 4394 1373 4464 γάρ
1403 4395 1683 4464 φοϐεῖσθαι

136 4477 335 4550 Πατέρα
363 4482 764 4552 παρεσκεύαζε.
790 4483 947 4536 Κατὰ
962 4484 1050 4536 τὸν
1071 4486 1260 4555 καιρὸν
1280 4488 1506 4551 ἐκεῖνον,
1527 4488 1676 4556 φησὶ,

139 4569 246 4622 καθ’
273 4572 328 4625 ὃν
352 4573 408 4626 δὲ
431 4572 668 4644 δηλονότι
703 4575 734 4643 ἡ
765 4575 1071 4643 ἐπιφάνεια,
1108 4576 1269 4646 φόϐον
1287 4576 1680 4648 φοὸηθήσονται

137 4652 196 4714 οὗ
227 4665 317 4718 οὐκ
349 4664 461 4717 ἐστι
485 4663 666 4733 φόὸος.
685 4666 798 4719 Ούκ
818 4666 881 4718 ἐκ
909 4669 1139 4738 νομικῆς
1170 4668 1396 4738 ἀπειλῆς
1422 4668 1681 4740 δηλονότι,

139 4753 239 4806 ἀλλ’
269 4759 299 4826 ή
337 4757 620 4826 πρέπουσα
643 4758 841 4826 μᾶλλον
882 4757 1181 4829 ἐλευθέροις
1202 4759 1473 4813 εὐλάϐεια.

203 4845 319 4898 Ὀτι
340 4847 555 4914 Κύριος
577 4847 646 4900 ἐν
667 4846 840 4916 γενεᾷ
866 4848 1125 4901 δικαίων.
1146 4848 1267 4902 Τῶν
1293 4851 1502 4903 δικαιου
1510 4850 1684 4919 μένων

141 4934 219 4989 διὰ
234 4940 321 5009 τῆς
343 4942 660 5012 ἐπιφανείας
689 4942 868 4996 αὑτοῦ.
891 4943 1091 5012 Bauli;
1110 4945 1345 5013 πτωχοῦ
1365 4945 1684 5012 καταισχύ-

142 5045 302 5085 rarus.
331 5033 515 5088 Ταῦτα
537 5034 611 5097 ὡς
637 5035 770 5106 πρὸς
798 5037 919 5098 τοὺς
939 5037 1334 5106 ἀπομείναντας
1359 5040 1424 5108 τῇ
1459 5037 1681 5106 ἀπιστίᾳ.

144 5121 225 5173 καὶ
248 5123 532 5189 διώξαντας
562 5127 688 5190 τοὺς
717 5127 1108 5190 πιστεύσαντας
1145 5130 1224 5191 εἰς
1261 5129 1515 5200 Χριστόν.

213 5303 295 5370 τίς
319 5304 491 5360 δώσει
519 5307 588 5360 ὲκ
632 5307 782 5360 Σιὼν
827 5307 890 5361 τὸ
921 5307 1212 5377 σωτήριον
1260 5308 1365 5362 τοῦ
1409 5306 1681 5375 Ἰσραήλ;

147 5394 294 5450 Τοῦτο
314 5398 367 5450 δὲ
387 5397 580 5468 διπλῆν
610 5397 720 5467 ἔχει
760 5397 855 5468 τὴν
883 5400 1236 5470 προφητείαν·
1267 5399 1326 5451 ού
1383 5399 1490 5468 γὰρ
1520 5399 1679 5470 μόνον

146 5487 369 5553 τηνικάδε
397 5487 693 5558 γενομένην
717 5490 825 5552 τοῖς
854 5487 1256 5560 πολιορκηθεῖσι
1287 5490 1679 5561 προσαγορεύει

152 5579 408 5646 σωτηρίαν,
445 5579 579 5632 ἀλλὰ
606 5581 698 5632 καὶ
726 5579 823 5649 τὴν
849 5579 1056 5644 πολλοῖς
1090 5580 1309 5650 ὕστερον
1342 5581 1552 5651 χρόνοις
1585 5580 1678 5634 τοῦ

151 5664 366 5740 Σωτῆρος
393 5671 548 5740 ἡμῶν
595 5671 893 5741 γενομένην
942 5671 1146 5723 ἐκεῖθεν
1186 5673 1447 5743 σωτήριον
1480 5672 1674 5738 ἐπιφά-

153 5771 293 5811 νειαν.
353 5759 796 5825 Ἀγαλλιάσεται
863 5760 1070 5815 Ἰακώϐ.
1128 5762 1265 5824 Τοὺς
1334 5761 1519 5830 ἁγίους
1578 5777 1681 5816 πα-

1787 3303 1987 3356 tatem?
2012 3303 2149 3354 Cum
2179 3300 2618 3366 interpunctione
2651 3296 2956 3361 legendum,
2993 3307 3153 3364 atque
3191 3297 3340 3360 illud,

1786 3391 2086 3452 Dominum,
2109 3395 2262 3443 extra
2290 3386 2657 3456 accipiendum
2682 3401 2696 3450 ;
2724 3394 2783 3438 ut
2805 3384 2919 3438 haec
2933 3386 3002 3439 sit
3031 3386 3295 3440 sententia
3325 3404 3340 3442 :

1786 3481 1854 3536 Et
1872 3493 2081 3546 omnes,
2107 3477 2302 3549 inquit,
2338 3474 2764 3536 declinaverunt,
2793 3484 2956 3544 atque
2987 3473 3037 3527 id
3067 3484 3343 3544 perpetra-

1784 3583 1928 3628 runt.
1973 3571 2324 3640 Nequaquam
2381 3567 2620 3620 futurum
2675 3578 2760 3621 est
2805 3574 2863 3620 ut
2911 3566 3200 3620 Dominum
3247 3582 3344 3622 co-

1785 3668 2063 3734 gnoscant.
2109 3659 2213 3724 Qui
2249 3660 2496 3713 devorant
2547 3656 2742 3725 plebem
2790 3673 2955 3710 meam
2999 3656 3132 3710 sicut
3169 3674 3342 3711 escam

1785 3757 1968 3825 panis,
2033 3753 2317 3807 Dominum
2364 3767 2467 3805 non
2514 3751 2901 3804 invocaverunt.
2967 3748 3340 3807 Comedebaut

1785 3850 1926 3904 enim
1968 3846 2222 3916 populum
2255 3844 2395 3912 ejus,
2444 3843 2731 3896 suadentes
2774 3841 3000 3894 adorare
3033 3850 3336 3894 creaturam

1783 3950 1973 3995 etnon
2020 3945 2343 3991 creatorem.
2399 3935 2573 4004 Atque
2605 3934 2718 4000 illi,
2766 3933 2979 4002 inquit,
3021 3932 3143 3986 aliis
3170 3932 3341 3987 malo-

1784 4044 1903 4084 rum
1943 4036 2191 4082 auctores
2217 4025 2364 4086 facti,
2402 4025 2691 4078 Dominum
2729 4038 2835 4076 non
2869 4023 3221 4078 invocahunt.
3260 4022 3338 4080 Ita

1785 4137 2017 4191 namque
2047 4120 2329 4189 legendum
2357 4116 2598 4171 futurum
2621 4130 2720 4186 pro
2753 4114 3044 4184 praeterito.

1855 4212 1908 4266 5.
1947 4209 2070 4264 Illic
2106 4209 2491 4279 trepidaverunt
2527 4209 2730 4275 timore,
2782 4209 2869 4261 ubi
2899 4226 3001 4264 non
3017 4219 3130 4263 erat
3160 4210 3335 4266 timor.

1783 4302 1981 4374 Moysis
2003 4302 2112 4366 lex,
2139 4301 2338 4371 inquit,
2382 4315 2598 4370 patinam
2628 4301 2895 4356 inferebat
2916 4345 2930 4369 ,
2970 4304 3129 4359 timor
3157 4315 3337 4361 autem

1785 4395 1998 4450 Domini
2032 4405 2213 4449 castus
2251 4404 2370 4448 est:
2413 4409 2536 4447 nant
2568 4409 2669 4448 nos
2714 4405 2972 4463 tauquam
3016 4398 3192 4465 ﬁlios,
3235 4398 3339 4454 Pa-

1712 4521 1755 4576 D
1785 4497 1919 4544 trem
1956 4490 2146 4542 timere
2175 4486 2378 4542 docuit.
2403 4485 2532 4542 Post
2554 4488 2685 4542 illud
2714 4497 2950 4558 tempus,
2993 4505 3100 4560 quo
3134 4492 3340 4547 scilicet

1787 4583 2050 4636 adventus
2079 4579 2184 4634 erit
2215 4579 2355 4648 ejus,
2387 4579 2460 4633 ibi
2490 4579 2757 4634 timebunt
2782 4581 2872 4636 ubi
2910 4597 3017 4636 non
3050 4592 3130 4637 est
3153 4583 3334 4638 timor.

1783 4672 1899 4726 Non
1942 4672 2136 4727 timore
2163 4672 2254 4741 qui
2277 4687 2343 4725 ex
2370 4671 2505 4740 legis
2527 4672 2951 4729 comminatione
2977 4675 3204 4740 oriatur,
3244 4677 3336 4731 sed

1783 4765 2083 4819 reverentia
2116 4778 2237 4832 quas
2269 4762 2469 4817 liberos
2502 4762 2712 4817 deceat.

1852 4855 1903 4909 6.
1940 4854 2197 4919 Quoniam
2229 4855 2477 4908 Dominus
2498 4855 2551 4905 in
2573 4854 2903 4924 generatione
2922 4854 3206 4922 justorum.
3233 4855 3335 4923 Qui

1777 4948 2144 5018 justiﬁcantur
2186 4962 2282 5016 per
2327 4947 2445 5015 ejus
2490 4947 2799 5001 adventum.
2848 4945 3141 5001 Consilium
3167 4949 3336 5015 inopis

1782 5038 2143 5105 confunditur.
2192 5034 2318 5090 Haec
2361 5037 2491 5091 dicit
2526 5036 2591 5089 ad
2627 5049 2721 5089 eos
2755 5035 2847 5104 qui
2897 5044 3244 5104 perseverant
3281 5036 3334 5088 in

1785 5129 2180 5196 incredulitate,
2215 5137 2269 5184 et
2295 5135 2692 5198 persequuntur
2725 5141 2820 5181 eos
2842 5128 2936 5196 qui
2965 5127 3018 5179 in
3053 5126 3332 5181 Christum

1781 5218 2078 5272 Credidere.

1853 5307 1902 5359 7.
1938 5305 2067 5370 Quis
2099 5303 2244 5358 dabit
2263 5320 2327 5358 ea:
2345 5303 2470 5358 Sion
2499 5303 2732 5357 salutare
2765 5301 2976 5357 Israel?
3015 5302 3127 5357 Hoc
3157 5304 3332 5372 dupli-

1781 5413 1896 5452 cem
1928 5397 2166 5451 continct
2192 5395 2531 5465 prophetiam
2567 5413 2579 5448 :
2611 5410 2716 5447 non
2746 5394 2907 5448 modo
2936 5395 3078 5448 enim
3114 5393 3199 5449 hic
3231 5394 3334 5448 ob-

1780 5490 1946 5544 sessis
1973 5497 2182 5557 partam
2210 5486 2440 5542 salutem
2480 5486 2803 5552 annuntiat,
2850 5485 2942 5538 sed
2985 5486 3150 5540 etiam
3186 5486 3336 5538 salu-

1782 5591 1949 5635 tarem
1973 5578 2172 5632 Christi
2208 5579 2497 5633 adventum
2523 5619 2539 5643 ,
2582 5578 2766 5632 multis
2789 5585 2909 5646 post
2936 5577 3148 5632 sarculis
3184 5577 3334 5631 futu—

1779 5684 1926 5723 rum.
1957 5667 2258 5722 Exsultabit
2281 5669 2468 5723 Iacob.
2513 5667 2744 5723 Sanctos
2767 5668 3105 5738 patriarchas
3133 5676 3187 5722 et
3208 5683 3333 5737 pro-

1781 5760 1974 5830 phetas
2003 5761 2286 5830 intelligit,
2329 5763 2424 5829 qui
2466 5774 2814 5827 summopere
2847 5760 2952 5815 laeti
2987 5769 3176 5821 erunt.
3212 5775 3330 5814 com
