4102 6304
708 350 779 408 90
1552 343 1607 399 5.
1650 340 2026 398 ATIIANASII
2058 340 2206 395 OPP.
2250 337 2427 395 PARS
2459 338 2545 393 Ill.
2589 367 2660 380 —
2692 336 3101 396 EXEGE‘HCA.
3837 332 3942 389 ιοο

710 463 993 531 pradicas
1026 459 1094 517 ab
1137 460 1269 531 ipsis
1298 456 1695 528 promissiones
1719 454 1975 510 Christus
2010 456 2269 526 impleve-
2297 463 2330 521 Α

2322 455 2630 525 ιτριάρχας
2651 453 2744 506 καὶ
2779 454 3059 523 προφήτας
3106 448 3271 519 φησι,
3313 448 3437 511 τοὺς
3492 446 3634 519 χαρᾷ
3658 443 3942 516 χαίροντας

707 569 796 612 nt.
834 556 926 610 liae
964 566 1144 610 autem
1173 560 1362 618 erant,
1403 566 1527 622 quae
1559 550 1805 605 omnium
1843 549 2087 621 gentium
2122 549 2271 605 salu-

2370 548 2462 599 ἑπὶ
2494 546 2571 617 τῷ
2594 544 2691 608 τάς
2722 546 3110 616 προλεχθείσας
3138 539 3319 595 αὐτῶν
3344 540 3670 608 ἐπαγγελίας
3702 537 3942 609 ἀποπῙη-

708 656 814 704 tem
844 644 1310 717 praenuntiabant.

2371 638 2538 709 ρῶσαι
2562 639 2652 691 τὸν
2681 638 2931 708 Χριστόν.
2960 631 3129 690 Δῦται
3160 636 3217 689 δέ
3238 630 3378 705 ἦσαν
3416 635 3473 687 al
3513 632 3611 703 τὴν
3631 633 3741 687 τῶν
3770 632 3942 686 ἐθνῶν

2369 731 2624 786 ἀπάντων
2648 730 2921 801 σωτηρίαν
2955 730 3483 800 κατασημαίνουσαι.

900 831 953 885 1.
996 826 1065 884 In
1093 828 1274 898 finem,
1308 822 1645 883 PSALMUS
1676 822 1871 877 David.
1912 821 1997 877 XI
2013 820 2075 881 ν.

2542 825 2645 889 Είς
2683 824 2748 875 τὸ
2774 821 2948 889 τέλος
2978 824 3287 876 ΨΑΛΜΟΣ
3307 819 3387 886 τῷ
3425 819 3623 876 Δαυω.
3652 823 3760 875 1Δ’.

1290 920 1689 989 Argumentum.

2990 915 3003 931 '
3016 915 3322 977 Υπόθεσις.

707 1013 860 1069 Hunc
898 1012 1041 1067 canit
1070 1013 1362 1082 psalmum,
1386 1010 1591 1064 docens
1617 1006 1878 1079 quidnam
1916 1005 2123 1061 aditum
2170 1006 2269 1060 ho-

2367 1005 2566 1059 τοῦτον
2615 1006 2729 1077 ᾄδει
2760 1006 2853 1059 τὸν
2879 1004 3113 1075 ψαλμὸν,
3142 1004 3407 1057 διδάσκων
3434 1001 3486 1056 τί
3540 1001 3606 1057 ἀν
3651 1000 3942 1071 ἄνθρωπον

773 1107 908 1161 mini
967 1106 1207 1176 praebeat
1260 1104 1327 1158 ad
1372 1103 1523 1156 illam
1584 1101 1981 1171 assequendam
2024 1110 2265 1155 sortem;

2437 1098 2826 1168 παρασκευάσῃ
2853 1098 2949 1169 τῆς
2973 1096 3245 1167 μακαρίας
3269 1095 3481 1165 ἐκείνης
3502 1098 3683 1165 τυχεῖν
3706 1093 3938 1166 λήξεως·

774 1210 1107 1267 quaprOpter
1134 1198 1204 1250 ita
1231 1193 1443 1249 orditur
1473 1213 1485 1248 :

1434 1210 1443 1225 '
1473 1213 1485 1248 :
2435 1188 2517 1242 διὸ
2554 1188 2855 1259 ἀρχόμενός
2875 1204 3054 1259 φησιν·

769 1287 1011 1352 Domine,
1042 1288 1157 1356 quis
1192 1284 1457 1338 habitabit
1498 1286 1554 1339 in
1607 1284 1945 1341 tabernaculo
1994 1284 2123 1338 tuo?
2158 1281 2267 1336 ﬂa-

2435 1281 2629 1347 Κύριε,
2663 1279 2755 1345 τίς
2785 1278 3138 1348 παροικήσει
3166 1279 3236 1333 ἐν
3288 1277 3369 1344 τῷ
3412 1276 3760 1348 σκηνώματι
3777 1292 3940 1341 σου;

703 1379 902 1435 bitatio
930 1388 1015 1433 est
1050 1378 1411 1433 commoratio
1446 1384 1828 1445 temporanea,
1872 1390 1982 1429 non
2023 1374 2187 1427 ﬁxam
2214 1383 2269 1428 et

2366 1372 2634 1444 Παροικία
2665 1373 2779 1425 ἐστὶ
2808 1372 3049 1443 διαγωγὴ
3101 1371 3451 1442 πρόσκαιρος,
3515 1371 3612 1440 οὐχ
3643 1369 3941 1442 ἱδρυμένην

701 1481 1109 1545 permanentem
1134 1471 1322 1531 vitam,
1348 1469 1443 1523 sed
1480 1477 1877 1531 transeuntem,
1915 1484 1979 1523 ac
2011 1483 2137 1522 cum
2170 1482 2266 1538 spe

2366 1462 2533 1533 ζωὴν,
2558 1462 2693 1516 ἀλλά
2722 1461 3018 1535 παροδικὴν
3057 1462 3141 1515 ἐπ’
3182 1462 3354 1514 ἐλπίδι
3388 1462 3485 1529 τῆς
3528 1462 3622 1513 ἐπὶ
3645 1461 3713 1514 τά
3752 1461 3941 1530 κρείτ-

700 1563 1197 1635 transmigrationis
1246 1560 1312 1614 ad
1370 1561 1748 1629 praestantiora
1794 1560 2142 1627 coniunctam
2193 1560 2266 1614 si-

2364 1572 2492 1608 τονα
2522 1556 2903 1625 μεταστάσεως
2947 1554 3337 1622 ὑποφαίνουσα.
3379 1555 3557 1622 ’Δγίου
3598 1554 3706 1625 γάρ
3741 1553 3941 1624 ἀνδρὸς

701 1657 981 1728 gniﬁcaus.
1021 1653 1204 1708 Sancti
1229 1652 1426 1721 quippe
1458 1654 1557 1706 viri
1581 1662 1664 1707 est
1688 1654 1829 1706 hanc
1852 1652 2016 1706 vitam
2046 1660 2267 1721 praeter-

2365 1650 2681 1721 παροδεύειν
2714 1647 2806 1701 τὸν
2833 1648 2943 1718 βίον
2990 1645 3198 1710 τοῦτον,
3233 1647 3529 1715 ἐπάγεσθαι
3561 1646 3616 1700 δέ
3651 1646 3788 1717 πρὸς
3820 1645 3942 1699 ἐτι-

699 1750 879 1804 eundo
921 1763 1117 1817 agere,
1157 1756 1318 1815 atque
1364 1745 1431 1799 ad
1474 1745 1634 1798 aliam
1688 1744 2077 1799 transmittere.
2134 1741 2265 1808 Qua:

2368 1759 2466 1812 ραν
2496 1741 2661 1813 ζωήν.
2698 1741 2788 1793 Διὸ
2839 1739 2933 1793 καὶ
2963 1741 2992 1792 ό
3022 1738 3185 1792 Δαυῖδ
3239 1742 3367 1810 περὶ
3400 1740 3564 1793 αὑτοῦ
3597 1756 3750 1810 φησι·
3780 1738 3942 1807 Πάρ-

698 1856 863 1898 causa
891 1850 974 1894 est
1008 1849 1067 1893 ut
1105 1839 1269 1893 David
1301 1838 1369 1893 de
1404 1853 1461 1892 se
1502 1838 1621 1908 ipso
1648 1836 1796 1891 dicat
1818 1838 1862 1869 "
1897 1835 2147 1890 :Adoena
2169 1851 2262 1902 ego
2298 1828 2318 1882 Ι

2323 1829 2341 1882 Ι
2366 1848 2525 1896 amor;
2555 1830 2668 1899 ἐγώ
2690 1833 2805 1900 ειμι
2849 1832 3003 1899 παρὰ
3036 1830 3135 1884 σοι
3166 1830 3262 1884 καί
3293 1828 3716 1898 παρεπίδημος,
3739 1827 3943 1893 καθὼς

699 1950 815 1988 sum
849 1932 989 2001 apud
1033 1939 1080 1983 te
1120 1939 1168 1983 et
1200 1933 1533 2000 peregrinus,
1586 1927 1719 1980 sicut
1744 1942 1917 1980 omnes
1939 1935 2113 1995 patres
2140 1926 2261 1981 mei.

2368 1923 2587 1989 πάντες
2618 1926 2672 1976 oi
2700 1924 2948 1991 πατέρες
2970 1942 3108 1993 μου.
3136 1925 3250 1989 Τίς,
3284 1925 3466 1995 φησιν,
3496 1922 3643 1989 άξιος
3692 1923 3849 1977 ἐσται
3881 1925 3941 1977 ἐν

700 2026 860 2096 Quis,
890 2025 987 2087 ait,
1022 2023 1222 2091 dignus
1248 2023 1351 2075 erit
1378 2022 1433 2074 in
1463 2019 1780 2075 coelestibus
1810 2017 1920 2072 illis
1948 2018 2267 2072 tabernacu-

2368 2014 2603 2077 ἐκείναις
2657 2017 2776 2076 ταῖς
2814 2015 3091 2085 οὐρανίαις
3129 2015 3378 2084 γενέσθαι
3434 2018 3691 2084 σκηναϊςς
3742 2016 3817 2067 Ἦ
3844 2015 3943 2081 τις

700 2122 768 2176 lis
817 2114 1151 2173 consistere?
1215 2115 1320 2167 Aut
1377 2114 1494 2183 quis
1550 2110 1954 2164 tabernaculum
1992 2119 2144 2178 ponet
2210 2108 2265 2161 in

2367 2106 2821 2175 κατασκηνώσει
2852 2107 2921 2158 ἐγ
2954 2106 3073 2173 ὄρει
3112 2107 3257 2176 ἁγίῳ
3284 2123 3431 2172 (γους
3480 2105 3667 2177 ἐπειδὴ
3710 2105 3780 2159 ἀν
3825 2107 3941 2178 γάρ

700 2223 874 2267 monte
901 2219 1083 2265 sancto
1110 2209 1240 2264 tuo?
1270 2207 1563 2276 Postquam
1583 2206 1728 2259 enim
1753 2204 2030 2273 quispiam
2061 2212 2264 2256 mterno

2364 2214 2450 2260 τις
2494 2197 2699 2269 ἀξιωθῇ
2727 2198 2827 2268 τῆς
2860 2200 3134 2269 μακαρίας
3164 2200 3377 2270 ἐκείνης
3411 2199 3636 2271 σκηνῆς,
3679 2199 3763 2262 είς
3794 2198 3940 2253 άπε-

700 2306 793 2360 illo
823 2304 1177 2359 tabernaculo
1220 2300 1478 2369 dignatus
1520 2296 1719 2361 fuerit,
1761 2294 2092 2351 beatitudine
2121 2292 2267 2347 frue-

1886 2294 2092 2348 itudine
2121 2292 2267 2347 frue-
2367 2288 2593 2361 ράντους
2624 2289 2824 2354 αἰῶνας
2850 2290 2961 2356 ἔξει
2988 2291 3085 2361 τὴν
3112 2292 3505 2363 μακαριότητα.

700 2407 789 2453 tur
812 2399 864 2451 in
890 2395 1086 2451 sacula
1117 2392 1347 2446 inﬁnita.

771 2486 887 2541 2-5.
935 2484 1039 2549 Qui
1084 2481 1277 2536 incedit
1324 2481 1439 2535 sine
1478 2478 1710 2544 macula,
1737 2486 1841 2534 etc.
1876 2476 2043 2532 Docet
2065 2474 2267 2546 quibus

2434 2467 2832 2537 Πορευόμενος
2866 2466 3119 2536 ἄμωμος,
3156 2469 3247 2522 καὶ
3282 2468 3350 2522 τά
3386 2468 3531 2540 ἐξῆς.
3569 2469 3820 2524 Διδάσκει
3868 2469 3943 2525 δι’

703 2580 881 2636 modis
906 2580 1119 2632 beatum
1140 2574 1452 2644 huiusmodi
1475 2572 1637 2627 tinem
1664 2570 2010 2625 consecuturi
2040 2583 2263 2623 sumus:

2366 2551 2442 2611 ὧν
2468 2557 2767 2628 τευξόμεθα
2820 2558 2913 2611 τοῦ
2975 2560 3241 2634 μακαρίου
3282 2561 3489 2614 ἐκείνου
3520 2561 3777 2633 πέρατοςο
3842 2565 3944 2618 καὶ

701 2671 883 2743 primo
919 2668 1137 2738 quidem
1179 2668 1226 2721 si
1278 2664 1629 2719 immaculata
1661 2663 1745 2715 via
1786 2660 2103 2714 incedamus
2143 2673 2265 2728 qua:

2368 2647 2581 2720 πρῶτον
2613 2648 2711 2717 μὲν
2763 2651 2810 2702 εί
2868 2650 2966 2719 τὴν
2998 2651 3227 2721 ἄμωμον
3277 2652 3580 2722 ὀδεύσωμεν
3631 2650 3769 2717 ὁδὸν,
3812 2652 3945 2722 ἣτις

698 2737 783 2819 est
812 2759 1233 2833 ipseChristus;
1289 2756 1504 2819 deinde,
1558 2753 1604 2809 si
1647 2767 1934 2822 operemur
1968 2751 2261 2821 iustitiam;

2365 2737 2510 2790 ἐστὶν
2538 2737 2566 2789 ὀ
2596 2738 2846 2806 Χριστόςο
2880 2740 3067 2794 ἔπειτα
3098 2744 3146 2793 εί
3182 2740 3541 2812 ἐργασώμεθά
3565 2742 3942 2812 δικαιοσύνην·

698 2826 892 2923 tertio,
930 2854 974 2909 si
1022 2866 1117 2908 cor
1154 2859 1403 2906 nostrum
1445 2848 1689 2904 veritatis
1733 2846 2070 2902 domicilium
2110 2860 2267 2915 pare-

2364 2828 2564 2899 τρίτον,
2595 2830 2644 2882 εί
2671 2829 2927 2900 ἀληθείας
2982 2826 3129 2886 οἶκον
3174 2835 3273 2903 την
3320 2836 3544 2905 καρδίαν
3594 2838 3942 2907 ποιήσωμεν·

701 2963 823 3003 mus
844 2921 1111 3016 ;-quarto,
1136 2943 1184 2998 si
1210 2942 1397 2997 dolosa
1423 2940 1672 2993 instructi
1707 2938 1890 3007 lingua
1916 2951 2023 2990 non
2057 2936 2262 3001 simus;

2367 2921 2641 2992 τέταρτον,
2697 2924 2747 2975 εί
2804 2921 2979 2975 δολίαν
3012 2922 3259 2991 γλῶσσαν
3303 2924 3377 2994 μὴ
3404 2924 3755 2996 κτησώμεθα·
3790 2927 3943 2998 πέμ-

700 3011 925 3110 quinto;
948 3038 995 3091 si
1038 3036 1239 3089 malum
1278 3032 1527 3110 proximo
1558 3044 1665 3084 non
1706 3026 2038 3091 inferamus;
2088 3034 2262 3090 sexto,

2368 3029 2499 3065 πτον
2534 3012 2595 3065 τὸ
2628 3011 2702 3082 μὴ
2724 3013 2889 3065 κακὸν
2918 3011 2995 3082 τῷ
3026 3011 3248 3084 πλησίον
3288 3014 3631 3085 ἐργάζεσθαι·
3665 3015 3824 3069 ῑκτον
3878 3017 3946 3070 τὸ

700 3099 748 3184 si
786 3099 1080 3197 opprobrio
1139 3099 1447 3193 proximum
1493 3108 1723 3189 superbe
1770 3132 1879 3173 non
1930 3117 2261 3182 adiciamus;

2370 3100 2444 3170 μὴ
2473 3099 2723 3152 ὀνειδίσαι
2749 3101 2838 3153 τὸν
2874 3101 3097 3172 πλησίον
3118 3104 3677 3175 ὑπερηφανευόμενοψ
3708 3104 3950 3176 ἐϐδομον

702 3192 966 3289 septimo,
1016 3216 1061 3272 si
1094 3192 1384 3285 personam
1416 3227 1524 3265 non
1555 3211 1927 3280 accipiamus;
1970 3218 2181 3273 octavo,
2223 3196 2322 3264 εἰ(

2330 3198 2337 3251 ς
2373 3192 2447 3289 μὴ
2482 3193 2765 3264 πρόσωπον
2808 3193 3122 3265 θαυμάζειν·
3156 3197 3339 3265 ὃγδοον
3382 3198 3444 3252 τὺ
3477 3198 3549 3270 μὴ
3583 3198 3950 3270 παραϐαίνειν

698 3284 997 3385 juramenti
1036 3284 1198 3365 tidem
1242 3324 1348 3361 non
1383 3306 1686 3369 violemus;
1725 3319 1905 3371 nono,
1956 3306 2001 3359 si
2043 3320 2151 3360 non
2186 3303 2269 3359 fe-

2369 3284 2531 3355 ὅρκου
2569 3284 2771 3338 πίστιν·
2794 3285 3009 3339 ἔννατον
3059 3286 3119 3339 τὸ
3160 3289 3233 3359 μὴ
3260 3290 3579 3355 ἐκτοκίζειν·
3628 3291 3885 3358 δέκατον,
3917 3292 3952 3345 δ

702 3376 995 3470 ueremur;
1042 3403 1277 3464 decimo,
1317 3400 1463 3470 quod
1502 3407 1586 3454 est
1602 3397 1783 3452 omnis
1810 3398 2265 3466 complementum

2372 3378 2464 3430 καὶ
2491 3376 2639 3440 τέλος
2668 3380 2783 3431 ἐστὶ
2806 3379 3003 3441 παντὸς
3058 3378 3285 3448 ἀγαθοῦ,
3344 3381 3743 3452 ἀδωροδόκητον
3773 3378 3949 3440 εῖναι.

703 3497 856 3559 boni,
887 3495 934 3550 si
962 3468 1283 3549 muneribus
1310 3468 1479 3562 pervii
1508 3505 1615 3543 non
1645 3489 1838 3544 simus.
1867 3487 1972 3554 Qui
2009 3489 2271 3543 horumce

2370 3468 2585 3522 Τούτων
2616 3472 2645 3522 ό
2672 3470 2928 3541 ἐκμαθὼν
2973 3470 3071 3542 τὴν
3125 3471 3459 3542 κατόρθωσιν
3500 3474 3796 3529 ἀσάλευτον
3827 3474 3952 3541 ἕξει

704 3590 1016 3660 aequitatem
1070 3602 1135 3641 ac
1192 3560 1449 3641 meritum
1497 3582 1809 3645 edidicerit,
1862 3579 2074 3635 ﬁrmam
2111 3588 2271 3651 atque

1420 3599 1449 3637 n
1497 3582 1809 3645 edidicerit,
1862 3579 2074 3635 ﬁrmam
2111 3588 2271 3651 atque
2370 3560 2477 3612 τῶν
2509 3560 2727 3630 ἀγαθῶν
2754 3565 2853 3632 τὴν
2878 3562 3040 3619 δόσιν·

707 3682 993 3737 immotam
1029 3679 1297 3733 bonorum
1329 3676 1678 3730 donationem
1705 3674 2071 3727 nanciscetur.

985 3771 1037 3825 1.
1071 3768 1235 3823 Tituli
1262 3768 1559 3835 inscriptio,
1590 3764 1803 3819 Davidi.
1840 3763 1966 3819 XV.

1962 3806 1966 3818 .
2683 3764 3097 3835 Στηλυγραφία
3130 3764 3210 3830 τῷ
3242 3764 3440 3819 Δαυΐδ.
3471 3765 3582 3821 IE'.

1294 3862 1693 3933 Argumentum.

1680 3897 1693 3911 .
2973 3856 3299 3921 Ὑπόθεσις.

707 3955 881 4022 Quam
924 3968 1069 4009 nunc
1108 3960 1412 4007 tractamus
1457 3947 1772 4020 prophetia,
1814 3947 2057 4019 gentium
2110 3964 2273 4005 voca-

2383 3944 2445 3997 Ἠ
2502 3945 2560 3997 ἐν
2616 3946 2772 4016 χερσὶ
2808 3948 3111 4017 προφητεία
3166 3948 3409 4019 περιέχει
3464 3950 3562 4020 τὴν
3606 3948 3715 4003 τῶν
3770 3949 3955 4004 ἐθνῶν

776 4049 981 4103 tionem
1011 4044 1391 4115 complectitur
1410 4082 1425 4107 ,
1455 4056 1554 4096 nec
1577 4055 1684 4094 non
1714 4039 2273 4110 variasinobsequen-

2439 4039 2651 4111 κλῆσιν,
2710 4042 2803 4094 καὶ⁵
2849 4042 2917 4096 τά
2962 4044 3055 4095 ἐπὶ
3102 4047 3222 4108 ταῖς
3250 4046 3551 4111 άπειθείαις
3582 4044 3675 4099 τοῦ
3724 4044 3956 4118 Ἰσραὴλ

779 4139 867 4193 tia:
904 4137 1279 4192 accusationes
1295 4132 1557 4187 adversus
1598 4129 1889 4195 lsraelem;
1923 4130 2161 4200 itemque
2189 4130 2272 4199 ip-

2441 4134 2778 4206 ἐγκλήματα,
2803 4136 2897 4189 καὶ
2925 4135 3030 4207 μὴν
3060 4137 3154 4189 καὶ
3194 4138 3324 4191 αὐτὸ
3348 4139 3409 4192 τὸ
3459 4140 3559 4210 τῆς
3587 4141 3956 4205 ἀναστάσεως

777 4246 899 4286 sum
949 4225 1364 4283 resurrmtiunis
1396 4223 1694 4279 Salvatoris
1726 4223 1971 4277 omnium
2018 4233 2269 4278 nostrum

2441 4224 2534 4278 τοῦ
2570 4225 2783 4279 πάντων
2830 4226 2987 4296 ἡμῶν
3039 4228 3290 4299 Σωτῆρος
3348 4228 3517 4299 Ἰησοῦ
3565 4230 3805 4301 Χριστοῦ
3840 4249 3959 4301 μυ-

777 4322 905 4377 Jesu
934 4320 1135 4374 Christi
1156 4316 1473 4389 mysterium
1508 4333 1521 4370 :
1569 4315 1711 4369 unde
1734 4314 1971 4369 arbitror
1997 4315 2271 4370 canticum

2443 4318 2680 4389 στήριον·
2706 4317 2825 4371 ὅθεν
2848 4318 3000 4388 οἶμαι
3033 4320 3125 4371 καὶ
3170 4320 3566 4392 στηλογραφίαν
3622 4322 3959 4393 ὠνομάσθαι

777 4413 923 4470 istud
950 4422 1196 4466 vocatum
1225 4408 1644 4481 στηλογραφίαν,
1660 4410 1773 4464 sive
1797 4408 1933 4461 tituli
1955 4421 2049 4463 aut
2069 4409 2275 4463 colum-

2439 4407 2538 4477 τὴν
2567 4407 2726 4478 ᾠδὴν,
2782 4409 3067 4471 ἀναθέντος
3117 4410 3285 4482 αὐτὴν
3332 4410 3426 4464 τοῦ
3472 4413 3747 4483 προφήτου
3777 4413 3961 4469 Acut:

780 4521 863 4561 na
915 4504 1321 4574 inscriptionem
1371 4500 1571 4566 fuisse,
1616 4501 1734 4572 ipso
1774 4498 1973 4555 Davide
2011 4500 2269 4570 propheta
2301 4536 2346 4591 υ

2340 4548 2346 4581 ι
2445 4500 2632 4571 ὥσπερ
2665 4502 2720 4553 ἐν
2748 4501 2914 4575 στήλῃ
2940 4506 3053 4567 τοῖς
3097 4505 3212 4574 μετ’
3238 4505 3418 4559 αὐτόν.
3454 4506 3704 4577 ’ᾼδονται
3722 4506 3781 4560 δέ
3805 4509 3857 4561 oi
3886 4510 3960 4561 ἐν

781 4596 911 4651 illud
943 4610 1043 4650 ceu
1097 4596 1150 4648 in
1195 4592 1448 4647 columna
1489 4593 1857 4657 inscribente,
1906 4590 1973 4646 ad
2023 4590 2317 4660 posteros’

2441 4592 2589 4663 αύτῷ
2618 4593 2762 4662 λόγοι
2788 4594 2861 4657 ὡς
2883 4597 2947 4649 ἐκ
2991 4596 3281 4667 προσώπου
3312 4598 3406 4652 τοῦ
3438 4598 3698 4671 Χριστοῦ.
3753 4601 3960 4667 Οὕτως

785 4687 1283 4745 transmittendum.
1354 4682 1485 4755 Ejus
1543 4699 1710 4755 porro
1768 4684 1931 4739 verba
1990 4684 2147 4753 quasi
2204 4698 2273 4737 ex

1901 4700 1931 4738 a
1990 4684 2147 4753 quasi
2204 4698 2273 4737 ex
2443 4683 2550 4755 γὰρ
2572 4686 2993 4757 ήμᾶςόΠέτρος
3034 4687 3235 4754 ἐδίδαξε
3286 4694 3518 4761 φρονεῖν.

780 4779 980 4833 Christi
1014 4791 1245 4847 persona
1278 4784 1571 4832 canuntur.
1604 4774 1847 4845 Namque
1882 4790 1943 4830 ut
1967 4775 2043 4829 ita
2071 4775 2274 4830 sentia-

784 4887 905 4925 mus
934 4878 1121 4924 auctor
1150 4869 1312 4924 uohis
1336 4866 1533 4922 Petrus
1558 4876 1641 4922 est
1669 4868 1737 4923 ".

784 4960 1044 5015 Conserva
1077 4975 1188 5024 me,
1238 4958 1489 5021 Domine,
1531 4961 1780 5027 quoniam
1839 4959 2044 5027 speravi
2092 4958 2145 5011 in
2203 4967 2271 5013 te.

2446 4953 2725 5015 Φύλαξόν
2764 4970 2859 5022 με,
2899 4956 3094 5022 Κύριε,
3144 4956 3231 5010 ὅτι
3283 4958 3381 5011 ἐπὶ
3428 4959 3527 5013 σοι
3575 4958 3830 5025 ἤλπισα.
3870 4962 3966 5021 Τὸ

712 5051 877 5119 Quasi
901 5061 1180 5118 assumpta
1212 5049 1435 5102 humani
1466 5050 1682 5119 generis
1703 5065 1957 5120 persona,
1992 5050 2078 5105 his
2104 5048 2272 5103 Deum

2376 5046 2549 5097 κοινὸν
2572 5045 2757 5117 ὥσπερ
2806 5048 3092 5117 πρόσωπον
3131 5054 3226 5122 τῆς
3279 5052 3690 5123 άνθρωπότητος
3739 5053 3965 5111 ἀνα-λα-

713 5145 767 5191 ει
790 5135 1003 5190 Patrem
1026 5136 1343 5205 alloquitur.
1380 5134 1489 5191 Nec
1513 5146 1724 5192 tantum
1756 5154 1854 5208 pro
1875 5154 1955 5205 se,
1988 5141 2081 5194 sed
2106 5140 2271 5194 etiam

2377 5136 2487 5189 θὼν
2512 5140 2635 5201 τοὺς
2671 5140 2804 5210 πρὸς
2850 5139 2979 5194 Θεὸν
3027 5143 3119 5195 καὶ
3168 5145 3384 5215 Πατέρα
3435 5147 3665 5198 ποιεῖται
3724 5146 3959 5215 λόγους·

714 5236 931 5299 propter
970 5241 1068 5281 nos
1113 5234 1168 5280 et
1197 5241 1296 5296 pro
1340 5227 1519 5292 nobis,
1574 5238 1759 5297 utpote
1790 5245 1883 5298 per
1911 5230 2270 5284 meormmiam

2376 5230 2471 5297 οὺχ
2503 5230 2640 5301 ὑπέρ
2678 5248 2740 5299 γε
2799 5232 2994 5302 μᾶλλον
3024 5234 3235 5301 ἑαυτοῦ,
3275 5236 3340 5289 δι’
3371 5236 3517 5306 ἡμᾶς
3562 5237 3620 5291 δὲ
3673 5240 3766 5292 καὶ
3798 5240 3967 5313 ὑπὲρ

713 5331 768 5373 ει
798 5320 1225 5372 incarnationem
1254 5334 1396 5371 unus
1421 5333 1487 5372 ει
1523 5320 1681 5374 nobis
1705 5320 1951 5375 enectus.
1983 5320 2271 5375 Dominum

2375 5318 2530 5389 ἡμῶν
2553 5320 2625 5383 ὡς
2658 5315 2737 5383 εἷς
2764 5321 2822 5386 ἐξ
2851 5324 3006 5393 ἡμῶν
3041 5325 3129 5378 διά
3149 5327 3245 5397 τὴν
3265 5328 3591 5397 οἰκονομίαν.
3621 5329 3829 5400 Κύριον
3847 5329 3969 5388 οὖν

714 5410 897 5478 itaque
930 5407 1141 5463 Patrem
1180 5418 1359 5473 vocat,
1403 5408 1549 5479 quod
1604 5411 1657 5463 iu
1705 5410 1878 5465 forma
1912 5412 2052 5466 servi
2086 5412 2269 5465 fuerit.

2374 5410 2624 5481 ὀνομάζει
2657 5414 2746 5465 τὸν
2779 5416 2994 5487 Πατέρα
3024 5416 3111 5469 διά
3164 5417 3225 5470 τὸ
3252 5419 3309 5472 ἐν
3335 5422 3399 5490 τῇ
3454 5419 3545 5472 τοῦ
3579 5420 3763 5475 δούλου
3788 5428 3970 5490 γενέ-

711 5500 1035 5559 Conservari
1087 5508 1267 5555 autem
1319 5517 1376 5557 se
1429 5504 1666 5570 postulat
1709 5512 1931 5572 propter
1970 5502 2268 5559 Ecclesiam

2378 5501 2499 5555 σθαι
2566 5508 2766 5576 μορφῇ.
2800 5506 3136 5577 Φυλαχθῆναι
3183 5509 3236 5562 δέ
3298 5512 3459 5564 αὐτὸν
3514 5514 3654 5566 αίτεί
3708 5514 3798 5568 διὰ
3840 5520 3972 5592 τὴν

714 5607 834 5661 quae
858 5605 985 5646 caro
1031 5591 1203 5661 ipsius
1242 5604 1345 5647 est.
1394 5592 1534 5649 Caro
1562 5609 1798 5663 namque
1839 5596 1958 5665 ejus
1985 5606 2069 5651 est
2098 5595 2275 5651 Eccle-

2388 5596 2784 5670 Ἐκκλησία-κῆ
2833 5602 2977 5655 ἐστιν
3025 5604 3058 5672 ἡ
3088 5602 3222 5675 σάρξ
3281 5604 3463 5659 αὑτοῦ.
3518 5607 3580 5660 'ﬂ
3635 5606 3772 5679 σάρξ
3832 5591 3969 5682 γᾶρ

786 5770 832 5801 ⁸·
867 5766 1009 5823 Psal.
1039 5770 1264 5837 xxxvi",
1296 5770 1381 5824 13.
1454 5771 1501 5804 ’³
1533 5772 1647 5827 Act.
1684 5788 1742 5839 ιι,
1772 5772 1861 5827 25.
