4102 6304
160 367 240 427 ποι
1259 356 1618 414 sxrosmo
1655 358 1694 413 ll

1795 357 2087 414 ’SALHUI
2121 358 2238 414 XV.

3256 362 3360 417 102

158 485 296 541 αὐτοῦ
347 487 381 556 ὴ
426 483 740 553 Ἐκκλησία·
791 481 1123 553 φυλαχθῆναι
1179 480 1236 533 δὲ
1281 480 1485 550 ταύτην
1536 482 1694 533 αἰτεῖ.

1800 480 1913 541 sia,
1960 494 2123 547 quam
2175 476 2487 533 conservari
2533 475 2792 545 postulat.
2838 474 2969 542 Qua
3018 479 3360 532 conservatio

159 578 367 640 Εἰκότως
400 571 493 630 οὖν
539 577 633 630 καὶ
682 577 761 638 είς
791 575 850 627 τὸ
882 573 1043 628 αὐτοῦ
1074 573 1363 644 πρόσωπον
1387 572 1697 642 άναφέροιτ*

158 672 213 723 ἂν
234 672 271 739 ,ὴ
300 670 532 739 φυλακή.

214 759 356 816 Εἶπα
384 760 465 825 τῷ
498 760 713 827 Κυρίῳ,
733 758 876 824 Θεός
898 774 1016 827 μου
1035 753 1089 811 εἳ
1106 758 1206 811 σύ.
1241 755 1405 810 Πάλιν
1425 755 1518 807 καὶ
1545 753 1700 807 τοῦτο

156 852 457 923 προτρέπων
481 851 557 917 (ι)
588 853 655 921 τῇ
678 849 771 903 τοῦ
805 849 987 903 δούλου
1044 850 1245 921 μορφῇ·
1305 847 1454 918 δηλοῖ
1494 846 1550 899 δὲ
1583 846 1699 916 ἅμα

157 948 237 1001 καὶ
259 947 351 1016 τὴν
380 945 439 997 tv
483 943 661 997 πίστει
716 942 784 995 δι’
821 940 1106 1011 ὁμολογίας
1157 938 1519 1010 δικαιοσύνην.
1581 939 1699 990 Ὅτι

155 1038 258 1092 τῶν
280 1035 514 1107 ἀγαθῶν
554 1053 670 1105 μου
710 1037 781 1088 οὐ
826 1035 1030 1102 χρείαν
1055 1033 1233 1102 ἔχεις.
1282 1030 1513 1100 Ἀγαθάς
1538 1047 1698 1099 φησιν

155 1132 203 1182 tv
244 1130 445 1189 τούτοις
472 1128 573 1190 τὰς
595 1126 735 1180 κατὰ
782 1128 941 1197 νόμον
996 1125 1438 1197 προσφερομένας
1489 1125 1695 1188 θυσίας’

152 1222 205 1275 τὸ
234 1222 335 1292 γὰρ
363 1221 461 1290 τῆς
493 1219 729 1282 πίστεως
769 1218 925 1288 ,ῥῆμα
971 1218 1146 1271 ἐκεῖνο
1194 1219 1425 1287 ἀναιρεῖ⁸
1461 1216 1555 1283 Μὴ
1590 1214 1699 1283 φά-

152 1329 307 1380 τομαι
333 1312 459 1381 γὰρ,
494 1311 676 1381 φησὶν,
702 1310 843 1377 κρέα
890 1310 1139 1376 ταύρων,
1178 1309 1275 1361 καί
1301 1303 1446 1377 alga
1472 1308 1700 1376 τράγων

153 1406 338 1471 πίομαι
359 1420 377 1466 ;

220 1497 343 1562 Τοῖς
363 1496 554 1563 ἁγίοις
579 1494 701 1561 τοῖς
738 1495 807 1549 ἐν
830 1493 904 1563 τῇ
920 1494 995 1565 γῆ
1034 1494 1217 1549 αὑτοῦ
1238 1493 1699 1563 ἐθαυμάστωσεν

150 1593 179 1642 ό
212 1586 419 1655 Κύριός
441 1585 633 1639 πάντα
684 1586 757 1639 τὰ
806 1586 1105 1655 θελήματα
1149 1585 1333 1639 αὐτοῦ
1382 1587 1451 1638 ἐν
1474 1584 1694 1650 αὐτοῖς.

160 1681 358 1748 Ἀγίους
380 1676 518 1731 εἷναί
559 1695 689 1747 φησι
736 1679 861 1742 τοὺς
907 1679 1271 1749 ἡγιασμένους
1311 1679 1367 1731 tv
1402 1677 1696 1747 Πνεύματι·

150 1766 372 1840 Χριστοῦ
394 1768 451 1821 δὲ
477 1770 576 1837 γῆν
598 1769 693 1839 τὴν
709 1768 1047 1839 Ἐκκλησίαν
1077 1769 1136 1821 τὸ
1158 1768 1212 1822 δὲ
1236 1767 1697 1837 ἐθαυμάστωσεν

148 1862 254 1913 ἀντὶ
288 1859 406 1924 τοῦ,
435 1859 701 1924 ἐδίδαξεν·
732 1860 793 1913 τὸ
824 1861 901 1923 δὲ,
964 1860 1169 1924 αὑτοῦ,
1220 1860 1312 1913 τοῦ
1367 1860 1594 1931 Πατρός·
1632 1860 1696 1913 ἶν’

148 1949 176 2026 ᾗ
206 1955 263 2006 τὸ
291 1954 409 2007 ὅλον
441 1953 628 2016 οὕτως·
660 1952 783 2015 Τοῖς
804 1954 1154 2025 ἡγιασμένοις
1174 1956 1231 2006 tv
1258 1953 1430 2006 πίστει
1463 1953 1699 2021 γνωστὸν

148 2046 358 2114 ἐποίησε
387 2045 447 2097 τὸ
470 2045 677 2115 θέλημα
707 2044 800 2097 τοῦ
836 2045 1063 2116 Πατρός·
1091 2045 1171 2098 διὸ
1197 2045 1289 2097 καὶ
1325 2044 1564 2099 καλεῖται
1603 2046 1699 2116 τῆς

150 2138 378 2206 μεγάλης
411 2137 602 2205 βουλῆς
625 2136 869 2204 ἄγγελος.

208 2228 226 2300 [
251 2230 375 2294 Τοῖς
393 2215 635 2299 urbem
657 2231 728 2283 ἐν
757 2229 832 2297 τῇ
876 2229 956 2299 τῇ
983 2229 1443 2299 ἐθαυμάστωσεν
1471 2233 1503 2282 ό
1535 2229 1696 2294 Θεός.

147 2320 259 2383 Τοῖς
281 2320 629 2390 ἡγιασμένοις
658 2323 714 2373 ὲν
744 2321 922 2373 πίστει
960 2320 1195 2388 γνωστὸν
1242 2321 1461 2389 ἐποίησε
1500 2320 1559 2372 τὸ
1616 2318 1701 2374 θέ-

147 2411 283 2480 λημα
336 2411 431 2463 τοῦ
482 2411 711 2482 Πατρὸς,
767 2413 837 2465 ἐν
878 2412 1101 2478 αὐτοῖς,
1130 2413 1242 2474 τοῖς
1272 2412 1329 2463 tv
1384 2414 1447 2483 τῇ
1482 2413 1551 2481 γῇ
1605 2410 1699 2464 τοῦ

146 2503 289 2566 Θεοῦ,
318 2504 434 2573 ἦτοι
458 2506 524 2573 τῇ
566 2503 878 2574 Ἐκκλησίφ
902 2506 934 2576 ἢ
956 2521 1116 2557 τινων
1138 2503 1244 2556 τῶν
1267 2506 1323 2557 tv
1352 2507 1418 2575 τῇ
1446 2504 1576 2575 ἁγίᾳ
1606 2506 1698 2575 γῇ,

146 2597 175 2666 ἢ
203 2598 297 2652 ὅτι.
326 2598 383 2648 tv
411 2596 623 2667 οὐρανῷ
658 2598 706 2649 οί
738 2596 880 2666 ἅγιοι
932 2598 995 2651 τὸ
1032 2598 1332 2665 πολίτευμα
1359 2597 1593 2667 ἔχοντες,
1640 2597 1701 2649 tv

146 2689 204 2757 τῇ
230 2689 295 2757 γῇ
321 2686 486 2739 αὐτοῦ
522 2686 871 2758 διατρίϐουσι,
901 2687 1001 2741 κᾶν
1030 2690 1085 2741 tv
1128 2688 1302 2760 ταύτῃ
1349 2681 1481 2739 ὦσιν
1526 2686 1602 2738 ετι
1632 2687 1697 2757 τῇ

147 2780 228 2847 γῇ.
284 2778 595 2846 Θελήματα
637 2778 693 2830 δὲ
728 2777 862 2829 Θεοῦ
900 2780 955 2830 at
1018 2780 1138 2831 κατ’
1172 2776 1309 2840 εἶδος
1375 2777 1587 2849 ἀρεταὶ,
1634 2776 1699 2838 ἃς

148 2868 493 2937 θαυμαστοῖό
548 2866 678 2930 Θεὸς
735 2868 793 2918 tv
822 2870 931 2929 τοῖς
980 2866 1157 2935 ἁγίοις
1203 2864 1391 2928 αὐτοῦ,
1448 2866 1607 2919 πλέον
1648 2884 1700 2919 τι

146 2961 332 3013 τούτων
379 2960 609 3030 ἑχόντων
666 2957 774 3011 τῶν
827 2958 999 3012 ἄλλων
1030 2957 1330 3030 ἀνθρώπων
1370 2959 1427 3011 tv
1469 2958 1548 3029 τῷ
1580 2958 1699 3011 κατ’

146 3053 331 3123 ἀρετὴν
368 3053 626 3122 ἐνεργεῖν.
660 3053 734 3105 Οὐ
766 3052 870 3122 γὰρ
925 3054 959 3123 ἡ
990 3051 1126 3122 αὐτὴ
1152 3050 1371 3122 ἀνδρεία
1391 3050 1699 3104 ἀποστόλων

147 3144 229 3195 καὶ
256 3143 545 3215 μαρτύρων
572 3146 637 3213 τῇ
679 3142 786 3194 τῶν
835 3142 1007 3205 άλλως
1057 3141 1475 3212 ἀνδριζομένων,
1503 3142 1621 3193 οὐδὲ
1660 3144 1693 3213 ἡ
1723 3170 1763 3226 C

149 3235 452 3306 σιικρροσύνη
496 3237 690 3304 Ἰωσὴφ
721 3235 859 3287 κατὰ
903 3235 1001 3296 τὰς
1034 3233 1253 3303 ἐτέρων.
1299 3232 1483 3297 Οὕτως
1511 3234 1567 3286 δέ
1610 3251 1694 3297 τις

146 3326 538 3395 θαυμαστωθεὶς
593 3325 903 3378 αἰσθάνεται
940 3325 1038 3395 τῆς
1088 3324 1221 3387 ιδίας
1280 3325 1578 3389 ἀσθενείας,
1619 3326 1695 3389 ὼς

146 3418 383 3488 πολὺτῆς
411 3416 558 3480 θείας
588 3416 765 3487 ίσχύος
795 3418 888 3470 καὶ
928 3417 1020 3470 τοῦ
1064 3417 1325 3488 μεγέθους
1364 3416 1697 3488 ἀπολιπόμε-

147 3528 240 3573 νος.
276 3512 440 3565 Ὅταν
472 3511 581 3581 γὰρ
628 3509 998 3580 πληθυνθῶσιν
1052 3512 1108 3563 αἱ
1154 3510 1425 3565 ἀσθένειαι
1470 3511 1577 3563 τῶν
1621 3511 1696 3564 δι-

142 3603 321 3666 καίων,
345 3602 632 3672 ταχύνουσι
663 3602 797 3671 πρὸς
822 3602 912 3653 τὸν
937 3599 1068 3653 Θεὸν
1092 3598 1519 3671 μετανοοῦντες]

214 3781 717 3849 Ἑπληθύνθησαν
745 3784 805 3834 al
836 3780 1136 3836 ἀσθένειαι
1167 3780 1386 3835 αὐτῶν·
1420 3781 1507 3833 ὅτε
1543 3779 1696 3832 εἰδω-

138 3871 439 3943 λολάτρουν.
475 3874 637 3925 Μετὰ
660 3870 842 3924 ταῦτα
891 3871 1213 3940 ἐτάχυναν.
1259 3871 1378 3924 Κᾶν
1412 3871 1691 3940 ἠσθένουν,

136 3965 287 4034 φησὶ,
347 3962 410 4016 τὸ
462 3962 725 4034 πρότερον
769 3962 827 4012 ὲν
858 3960 1155 4032 ἁμαρτίαις
1203 3960 1373 4027 ὅντες,
1429 3960 1544 4013 ἀλλ’
1602 3957 1694 4017 οὖν

134 4055 460 4117 ἀκούσαντες
514 4054 607 4107 τοῦ
670 4053 1059 4126 κηρύγματος,
1110 4054 1298 4117 ὠκέως
1354 4054 1689 4124 ὑπήκουσαν.

133 4152 299 4205 Τοῦτο
316 4152 427 4221 γάρ
460 4152 576 4203 ἐστι
603 4150 680 4204 τό·
710 4148 1036 4219 Ἐτάχυναν
1057 4150 1210 4219 μετὰ
1227 4149 1431 4214 ταῦτα,
1452 4148 1693 4220 δηλονότι

130 4246 207 4308 είς
233 4245 295 4296 τὸ
328 4242 634 4297 ὑπακοῦσαι
679 4241 755 4313 τῷ
800 4244 1130 4312 κηρύγματι.
1187 4244 1268 4295 Οὑ
1313 4239 1398 4310 μὴ
1454 4240 1694 4309 συνάγω

130 4340 231 4403 τὰς
266 4336 617 4405 συναγωγὰς
642 4335 838 4388 αὐτῶν
860 4335 928 4399 ἐξ
947 4334 1223 4404 αἱμάτων.
1240 4332 1510 4402 Συνάγων,
1538 4334 1691 4404 φησὶ,

131 4427 448 4495 συναγωγάς
500 4429 563 4479 ὲκ
630 4425 736 4479 τῶν
781 4424 969 4489 ἐθνῶν,
1025 4426 1085 4478 οὐ
1140 4424 1206 4477 δι’
1237 4424 1481 4495 αἱμάτων
1525 4425 1691 4487 αὐτὰς

1803 570 1921 624 ideo
1950 570 2071 639 jure
2098 584 2161 624 ac
2193 568 2387 623 merito
2422 567 2487 621 ad
2517 567 2638 636 ejus
2668 581 2957 637 personam
2991 566 3279 622 referatur.

1869 746 1921 799 2.
1984 745 2110 799 ι)ἱωί
2157 745 2403 810 Domino,
2449 744 2592 799 Deus
2634 762 2777 799 meus
2810 762 2863 798 es
2891 754 2966 799 tu.
3003 745 3239 801 Rursum
3275 745 3359 800 bit

1804 837 2103 890 secundum
2148 835 2288 891 servi
2324 835 2556 890 formam
2580 836 2831 890 obsecrat
2861 854 2873 889 :
2902 836 3229 904 exbibetque
3256 851 3359 889 una

1796 926 2063 996 justitiam
2096 943 2219 996 qua:
2267 929 2318 981 in
2352 928 2454 981 tide
2489 943 2585 996 per
2615 926 3017 981 confessionem
3052 936 3360 995 praestatur.

1802 1017 2059 1083 Quoniam
2079 1017 2330 1070 bonorum
2344 1034 2573 1071 meorum
2587 1034 2687 1071 non
2704 1034 2838 1088 eges.
2857 1016 3013 1073 Hisce
3029 1020 3205 1073 verbis
3218 1018 3361 1073 bona

1800 1107 1875 1160 ait
1897 1121 2016 1162 esse
2059 1106 2323 1161 sacriﬁcia
2350 1108 2503 1176 juxta
2546 1107 2715 1176 legem
2743 1107 2923 1161 oblata
2955 1122 3110 1176 :qua:
3137 1109 3363 1163 verbum

1801 1196 1924 1251 ﬁdei
1962 1197 2225 1251 eliminat.
2276 1196 2529 1267 Nunquid
2576 1198 2902 1251 manducabo
2952 1199 3110 1263 enim,
3164 1198 3362 1269 inquit,

1800 1304 1985 1342 carnes
2012 1298 2284 1341 taurorum
2305 1329 2320 1353 ,
2363 1299 2411 1342 et
2444 1292 2753 1359 sanguinem
2780 1290 3044 1344 hircorum
3068 1291 3256 1360 potabo
3282 1291 3366 1345 “?

1869 1494 1920 1547 5.
1955 1492 2163 1547 Sanctis
2196 1495 2286 1563 qui
2308 1503 2430 1548 sunt
2469 1496 2521 1548 in
2549 1505 2691 1548 terra
2716 1495 2829 1565 ejus
2857 1495 3159 1564 miriﬁcavit
3188 1512 3365 1550 omnes

1798 1585 2088 1639 voluntates
2123 1586 2236 1654 ejus
2266 1586 2319 1640 in
2348 1587 2443 1640 eis.
2490 1585 2721 1643 Sanctos
2759 1589 2836 1642 ait
2863 1604 2959 1643 eos
2990 1587 3080 1658 qui
3125 1587 3366 1642 sanctiﬁ-

1798 1678 1905 1731 cati
1933 1686 2057 1733 sunt
2080 1678 2134 1732 in
2163 1677 2403 1748 Spiritu:
2440 1679 2642 1735 Chri’sti
2675 1689 2879 1735 terram
2900 1720 2915 1744 ,
2951 1680 3251 1735 Ecclesiam
3283 1680 3365 1735 di-

1798 1770 1869 1823 rit
1898 1788 1910 1823 :
1942 1771 2096 1838 illud,
2146 1770 2484 1839 miriﬁcavit,
2519 1785 2619 1839 pro
2646 1769 2852 1836 docuit,
2886 1770 3071 1840 jacet:
3101 1771 3233 1825 illud
3269 1785 3367 1826 au-

1803 1871 1931 1925 tem,
1961 1863 2098 1931 ejus,
2142 1864 2194 1916 id
2232 1872 2317 1917 est
2348 1861 2559 1928 Patris;
2592 1872 2652 1917 ut
2672 1872 2783 1917 tota
2816 1864 3081 1918 sententia
3109 1864 3188 1919 sic
3215 1864 3366 1919 intel-

1802 1955 2035 2021 ligatur:
2067 1954 2433 2009 Sanctiﬁcatis
2459 1944 2524 2008 in'
2544 1954 2646 2009 ﬁde
2680 1965 2865 2024 notam
2909 1954 3037 2010 fecit
3065 1954 3243 2010 Patris
3272 1970 3365 2011 vo-

1800 2047 2064 2101 luntatem
2095 2065 2109 2101 :
2146 2062 2314 2117 quare
2340 2059 2566 2103 vocatur
2597 2048 2780 2118 magni
2808 2048 3274 2119 consiliiAngelus
3291 2049 3362 2102 ⁸³.

1873 2224 2109 2297 [Sanctis
2132 2225 2187 2278 in
2213 2232 2351 2277 terra
2382 2223 2685 2292 miriﬁcavit
2714 2221 2872 2277 Deus.
2910 2220 3273 2277 Sanctiﬁcatis
3305 2224 3361 2278 in

1800 2317 1903 2372 ﬁde
1937 2327 2117 2371 notam
2157 2317 2285 2371 fecit
2312 2317 2645 2371 voluntatem
2683 2314 2864 2371 Patris
2889 2357 2904 2381 ,
2944 2316 2998 2369 in
3029 2316 3103 2369 eis
3136 2315 3362 2381 scilicet,

1800 2412 1893 2481 qui
1924 2412 1978 2465 in
2014 2420 2155 2464 terra
2188 2410 2301 2474 Dei,
2328 2410 2440 2463 sive
2465 2410 2518 2462 in
2540 2408 2782 2463 Ecclesia
2804 2417 2989 2471 erant;
3033 2416 3147 2473 aut,
3172 2408 3366 2478 aliqui-

1800 2504 1902 2559 bus
1934 2503 1989 2557 in
2027 2511 2168 2557 terra
2203 2509 2390 2557 sancta
2420 2499 2794 2565 versantibus;
2829 2507 2925 2554 aut
2950 2498 3080 2568 quia
3111 2501 3284 2555 sancti
3310 2502 3365 2555 in

1801 2595 1939 2650 cado
1966 2593 2438 2648 conversationem
2476 2591 2740 2645 habentes
2759 2588 2828 2655 ",
2863 2590 2916 2643 in
2950 2599 3093 2644 terra
3125 2588 3244 2657 ejus
3272 2588 3366 2643 de-

1801 2694 1933 2757 gunt
1954 2728 1969 2751 ,
2001 2686 2103 2739 etsi
2134 2686 2313 2739 adhuc
2341 2686 2395 2737 in
2439 2684 2541 2737 hac
2569 2691 2714 2736 terra
2743 2690 3051 2736 versentur.
3117 2680 3368 2736 Volunta—

1802 2784 1876 2830 tes
1918 2784 2099 2830 autem
2132 2773 2226 2828 Dei
2272 2784 2399 2829 sunt
2442 2774 2675 2827 virtutes
2725 2771 3103 2841 cujuscunque
3143 2773 3366 2842 speciei,

1800 2884 1936 2938 quas
1965 2867 2217 2922 miriﬁeat
2246 2866 2388 2921 Deus
2418 2866 2471 2920 in
2501 2866 2704 2921 sanctis
2726 2864 2865 2925 suis.
2898 2864 3013 2934 qui,
3052 2864 3175 2933 plus
3200 2875 3365 2933 quam

1801 2960 1894 3014 alii
1928 2960 2212 3024 homines,
2264 2959 2318 3013 in
2361 2957 2660 3013 exercenda
2705 2957 2907 3011 virtute
2959 2955 3229 3012 facultatis
3270 2957 3369 3010 lia-

1799 3051 1943 3105 bent.
1996 3048 2114 3104 Non
2147 3052 2294 3105 enim
2332 3050 2517 3104 eadem
2562 3048 2824 3102 fortitudo
2878 3048 3253 3118 apostolorum
3310 3056 3365 3102 et

1799 3152 2097 3213 martyrum
2125 3151 2238 3207 est,
2278 3157 2342 3196 ac
2378 3142 2468 3194 illa
2498 3156 2603 3210 qua
2653 3140 2743 3194 alii
2790 3140 2898 3194 alio
2944 3140 3109 3194 modo
3141 3139 3368 3193 viriliter

1796 3243 1981 3304 agunt,
2015 3249 2189 3303 neque
2225 3232 2562 3288 continentia
2591 3230 2847 3300 Josephi,
2890 3231 3124 3285 aliorum
3166 3231 3366 3287 similis

1793 3334 1898 3382 est.
1933 3328 2110 3394 Atque
2156 3327 2228 3379 ita
2267 3325 2537 3395 quispiam
2574 3321 2899 3378 mitiﬁcatus
2932 3323 3207 3392 pr0priam
3242 3339 3366 3378 sen-

1794 3419 1860 3473 tit
1907 3417 2312 3480 inﬁrmitatem,
2364 3426 2424 3471 ut
2451 3415 2649 3471 divinae
2675 3416 2865 3469 virtuti
2904 3424 2959 3471 et
3002 3417 3365 3488 magnitudini

1794 3510 2091 3580 plurimum
2122 3508 2369 3563 inferior.
2402 3506 2540 3563 Cum
2572 3508 2718 3563 enim
2758 3509 3135 3577 multiplicatae
3161 3510 3365 3568 fuerint

1794 3600 2136 3654 inﬁrmitates
2161 3601 2460 3668 justorum,
2487 3599 2754 3654 accedunt
2780 3598 2858 3654 illi
2888 3598 2955 3653 ad
2982 3597 3155 3657 Deum
3182 3604 3361 3674 paui-

1795 3692 1959 3746 tentia
1984 3689 2163 3763 moti.]

1860 3784 1910 3837 ι.
1942 3782 2314 3852 Multiplicata:
2335 3791 2458 3837 sunt
2480 3783 2817 3853 inﬁrmitates
2842 3802 3044 3852 eorum,
3065 3804 3188 3844 cum
3217 3790 3360 3849 idola

1794 3876 2048 3931 colerent.
2085 3874 2279 3928 Postea
2308 3875 2750 3929 acceleraverunt.
2792 3875 3053 3944 Quamvis
3072 3920 3087 3945 ,
3117 3884 3225 3946 ait,
3256 3899 3358 3938 an-

1793 3976 1873 4021 tea
1905 3953 2347 4027 inﬁrmarentur,
2406 3979 2530 4019 cum
2580 3965 2640 4018 in
2687 3969 2926 4035 pecc‘atis
2972 3970 3268 4041 degerent,
3304 3984 3360 4029 at

1796 4056 1976 4111 audita
2008 4054 2420 4125 praedicatione,
2453 4056 2856 4125 quamprimum
2891 4058 3353 4129 obtemperarunt.

1792 4145 1929 4199 Nam
1960 4145 2011 4200 id
2036 4146 2137 4200 sibi
2164 4146 2275 4200 vult
2300 4144 2429 4197 illud
2463 4161 2475 4197 :
2510 4142 2703 4197 Postea
2722 4145 3173 4215 acceleraverunt,
3208 4151 3357 4207 vide-

1792 4239 1917 4292 licet
1945 4237 2162 4306 quando
2196 4234 2563 4303 prtedicationi
2593 4243 2721 4289 sunt
2749 4236 3021 4292 obsecuti.
3070 4237 3193 4294 Non
3229 4258 3357 4296 con-

1792 4329 2013 4400 gregabo
2037 4326 2386 4382 conventicula
2410 4343 2588 4380 eorum
2607 4327 2669 4380 de
2694 4328 3061 4399 sanguinibus.
3087 4328 3189 4385 Ubi
3224 4349 3356 4387 con-

1793 4419 2048 4488 gregabo,
2089 4417 2295 4485 inquit,
2345 4415 2659 4487 Synagogas
2690 4432 2755 4471 ex
2788 4419 3072 4488 gentibus,
3114 4436 3222 4474 non
3259 4438 3357 4491 per

131 4519 359 4584 συνάξω,
389 4518 661 4571 τουτέστιν
686 4518 745 4569 οὐ
777 4516 1179 4588 παρασκευάσω
1209 4516 1295 4570 διὸ.
1334 4516 1431 4586 τῆς
1459 4516 1688 4586 νομικῆς

1795 4511 2109 4579 sanguinem
2149 4522 2244 4562 eas
2276 4506 2649 4577 congregabo,
2699 4508 2750 4561 id
2782 4518 2886 4573 est,
2919 4524 3025 4564 non
3057 4511 3263 4567 curabo
3298 4523 3357 4568 ut

132 4628 218 4679 μοι
247 4610 643 4682 προσέρχεσθαι
692 4609 966 4680 λατρείας,
1012 4608 1080 4661 δι’
1111 4610 1376 4672 αἰνέσεως
1407 4608 1463 4660 δὲ
1493 4609 1689 4678 μᾶλλον

129 4703 218 4753 καὶ
252 4704 351 4771 τῆς
382 4700 713 4770 ἀναιμάκτου
736 4700 943 4764 θυσίας.
1002 4698 1153 4754 Οὐδὲ
1173 4700 1260 4768 μὴ
1300 4698 1549 4769 μνησθῶ
1575 4698 1691 4752 τῶν

126 4792 435 4862 ὀνομάτων
475 4791 670 4846 αὐτῶν
727 4791 824 4846 διὰ
873 4792 1120 4861 χειλέων
1174 4810 1309 4860 μου.
1337 4791 1531 4845 Οὐκέτι
1561 4792 1691 4861 κλη-

125 4883 404 4956 θήσονται,
424 4887 606 4955 φησὶν,
624 4884 999 4955 εἰδωλολάτραι
1031 4884 1124 4937 καὶ
1148 4883 1314 4949 ἄθεοι,
1338 4884 1472 4937 ἀλλὰ
1503 4884 1688 4955 κλητοὶ

123 4978 214 5029 καὶ
245 4976 511 5029 ἐκλεκτοί.
542 4976 715 5030 Πάλαι
743 4976 859 5046 μὲν,
908 4976 1090 5046 φησιν,
1144 4974 1370 5041 ὲπαξίας
1406 4973 1515 5027 τῶν
1544 4975 1686 5046 πρά-

125 5072 257 5135 ξεων
288 5073 553 5143 ἐπήγοντο
590 5071 975 5142 προσηγορίας,
1003 5068 1398 5141 εἰδωλολάτραι,
1431 5068 1681 5122 πολύθεοι

119 5162 529 5234 ὀνομαζόμενον
560 5162 654 5215 νῦν
680 5162 737 5215 δὲ
756 5161 935 5214 οὐκέτι
961 5160 1338 5232 μνησθήσομαι
1364 5159 1470 5213 τῶν
1491 5160 1687 5231 ὀνομά-

120 5272 224 5307 των
248 5256 495 5317 ἐκείνων,
527 5253 765 5316 εὐσεϐεῖς
815 5254 1008 5317 αὐτοὺς
1064 5254 1156 5306 καὶ
1217 5253 1401 5321 ἁγίους
1454 5254 1684 5315 κλυτοὺς

119 5348 210 5400 καὶ
238 5347 529 5409 ἐκλεκτοὺς
552 5344 850 5416 ὀνομάζων.

157 5458 203 5490 ’⁸
230 5458 548 5520 Psal.xux.
578 5459 663 5513 13.
742 5456 1000 5519 "lsa.lx,
1028 5456 1081 5509 6.
1132 5456 1178 5488 “
1212 5454 1443 5524 Philipp.
1477 5452 1678 5520 "1,20.

186 5575 267 5642 (Ι)
307 5575 363 5628 ln
399 5574 587 5629 codice
614 5569 1197 5642 Ambrosianolegitur
1221 5568 1324 5642 καὶ
1358 5566 1514 5642 τοῦτο
1541 5565 1680 5642 ’πρέ-

120 5637 257 5706 πων,
282 5654 339 5699 et
369 5647 483 5700 hac
507 5652 593 5699 est
620 5658 747 5696 vera
778 5640 937 5695 lectio
968 5641 1096 5694 dum
1129 5638 1353 5707 πρέπων
1378 5637 1678 5707 substitua-

118 5724 222 5769 tur.
261 5716 381 5769 Mox
429 5729 531 5781 pro
565 5710 913 5781 δικαιοσύνην
955 5706 1352 5781 Α111111ῄζὴε1δει
1376 5706 1674 5781 δικαίωσιν.

116 5781 392 5852 Totusque
424 5777 579 5841 locus
603 5777 907 5840 secundum
938 5781 1077 5835 hanc
1126 5777 1411 5834 lectionem
1444 5778 1515 5831 ita
1552 5792 1673 5830 vcr-

1789 4613 1883 4667 per
1913 4596 2134 4667 legalem
2170 4596 2374 4651 cultum
2412 4610 2496 4647 me
2529 4595 2759 4658 adeant,
2815 4612 3002 4652 verum
3038 4599 3222 4667 potius
3260 4617 3355 4671 per

1790 4690 1973 4743 laudes
2004 4696 2059 4741 et
2103 4703 2199 4757 per
2231 4687 2573 4741 incruentum
2606 4688 2956 4743 sacritlcium.
3012 4688 3124 4745 Nec
3157 4709 3355 4749 memor

1788 4797 1875 4834 ero
1906 4781 2171 4833 nominum
2200 4795 2376 4832 eorum
2397 4794 2489 4847 per
2510 4779 2653 4832 labia
2681 4796 2815 4832 mea.
2853 4778 2969 4836 Non
2994 4782 3135 4837 ultra
3166 4787 3351 4857 appel-

1788 4873 2065 4938 labuntur,
2098 4873 2303 4941 inquit,
2340 4872 2634 4927 idololatrm
2663 4882 2717 4926 et
2753 4873 2897 4927 athei
2919 4914 2933 4937 ,
2968 4876 3062 4930 sed
3094 4880 3273 4934 vocati
3297 4890 3352 4936 et

1787 4965 1963 5020 electi.
1990 4962 2153 5028 Olim,
2185 4964 2508 5035 condignam
2539 4967 2705 5035 gestis
2734 4965 2851 5019 suis
2877 4968 3347 5025 nomenclaturam

1787 5058 1927 5112 nacti
1954 5067 2101 5123 sunt,
2126 5056 2422 5111 idololatrae
2453 5066 2505 5111 et
2529 5056 2789 5127 pulytltei,
2826 5058 2881 5113 id
2900 5066 3002 5126 est,
3030 5060 3233 5117 multos
3257 5078 3349 5118 co-

1785 5149 1956 5204 lentes
1985 5151 2138 5214 deos,
2165 5148 2480 5217 nuncupati.
2544 5146 2663 5202 Jam
2687 5164 2819 5203 vero
2848 5163 2957 5203 non
2986 5150 3218 5208 ulterius
3252 5170 3350 5208 no-

1784 5242 1991 5295 minum
2023 5254 2210 5295 eorum
2242 5240 2603 5306 recordabor,
2648 5240 2741 5295 sed
2767 5240 2910 5311 pios,
2959 5252 3200 5308 sanctos,
3250 5260 3347 5300 vo-

1784 5339 1956 5396 catos,
1990 5330 2191 5386 electos
2220 5328 2579 5399 compellabo.

1783 5565 1975 5621 tendus
2001 5584 2013 5617 :
2046 5565 2297 5631 Rursum,
2327 5566 2422 5619 hoc
2451 5566 2584 5621 servi
2624 5566 2849 5635 formam
2880 5572 3023 5620 decet
3048 5606 3063 5631 ,
3101 5566 3340 5621 exhibet-

1779 5652 2009 5760 qzt‘euna
2025 5636 2462 5705 justiﬁcationem
2479 5653 2597 5705 qua:
2626 5639 2679 5689 in
2710 5637 2814 5704 ﬁde
2840 5653 2931 5705 per
2958 5635 3337 5705 confessionem

1781 5723 1810 5761 ο
1868 5722 1951 5760 me
1978 5722 2061 5761 ur.
