4102 6304
748 349 851 403 103

1582 350 1641 405 6.
1685 350 2058 408 ATHANASII
2096 350 2246 408 OPP.
2286 350 2466 407 PARS
2505 351 2590 407 111.
2627 383 2694 394 -
2727 352 3138 411 EXEGETICA.

3864 361 3958 416 4N

820 465 1215 538 [Multiplicattz
1237 479 1357 523 sunt
1383 472 1719 540 inﬁrmitates
1750 491 1951 532 eorum.
1991 476 2126 530 Cum
2151 475 2291 531 idola
2322 512 2329 535 4

2465 473 3009 546 [Ὲπληθύνθησαν
3065 477 3125 529 ai
3185 475 3486 529 ἀσθένειαι
3535 472 3753 528 αὐτῶν.
3829 475 3957 527 Ὀτι

747 558 987 614 colerent
1017 558 1116 632 (2).
1143 560 1377 616 Etiamsi
1403 579 1536 618 vero
1561 567 2006 636 multiplicemur,
2042 584 2147 622 non
2181 581 2301 637 per-

749 661 998 705 severam
1030 669 1042 705 :
1086 668 1205 705 nam
1241 670 1414 723 usque
1442 656 1507 708 ad
1537 656 1767 724 primum
1809 673 2025 710 sensum
2059 667 2112 711 et
2137 674 2301 727 expe-

749 741 1039 796 rimentum
1082 744 1347 799 duntaxat
1378 757 1726 816 permanent;
1770 750 1899 817 quia
1937 749 2070 818 justi
2096 750 2302 803 viribus

748 832 928 886 valent
972 835 1025 886 in
1073 834 1293 890 Christo
1338 836 1698 890 confortante.
1767 841 1873 892 Aut
1926 839 1992 892 de
2041 838 2303 908 apostolis

745 936 908 992 agere
933 923 1164 989 videtur,
1207 941 1418 981 necnon
1452 928 1517 981 de
1551 928 1617 983 iis
1641 929 1734 998 qui
1768 944 1966 997 eorum
1985 944 2148 997 opera
2179 944 2301 984 cre-

749 1015 1034 1082 diderunt;
1079 1017 1130 1070 in
1167 1020 1366 1088 quibus
1396 1021 1689 1090 conspicua
1739 1021 1959 1076 fuerunt
1986 1021 2167 1075 divina
2199 1019 2302 1074 mi-

746 1109 951 1171 racula,
985 1118 1166 1179 utpote
1196 1112 1290 1180 qui
1323 1113 1506 1167 divina
1541 1114 1726 1168 omnia
1759 1123 2021 1185 praecepta
2050 1128 2303 1169 servave-

746 1198 875 1252 rint.
938 1199 1307 1269 Multiplicataz
1359 1216 1536 1258 autem
1577 1217 1698 1260 sunt
1744 1207 2080 1275 inﬁrmitates
2102 1221 2302 1268 eorum,

745 1300 858 1354 aut,
893 1301 948 1346 ut
971 1293 1077 1346 alio
1110 1294 1270 1348 modo
1309 1295 1532 1364 legitur,
1565 1296 1768 1350 labores
1789 1337 1804 1360 ,
1843 1296 2028 1351 multis
2055 1294 2304 1351 instanti-

748 1382 850 1436 bus
880 1383 1111 1451 populis,
1143 1387 1452 1442 oratoribus
1474 1428 1489 1454 ,
1523 1387 1780 1451 ducibus,
1819 1389 2036 1457 regibus
2057 1428 2072 1452 ,
2105 1387 2305 1456 quibus

745 1476 1013 1542 superatis
1047 1478 1337 1540 omnibus,
1380 1494 1599 1533 cursum
1634 1479 1983 1534 confecerunt
2015 1499 2028 1534 :
2064 1480 2150 1534 vel
2181 1480 2305 1533 bre-

746 1563 883 1617 vitas
917 1571 972 1617 et
1015 1566 1340 1633 temporaria
1370 1568 1608 1621 conditio
1642 1568 2054 1622 tribulationum
2080 1611 2093 1635 ,
2129 1567 2309 1621 inﬁni-

745 1665 858 1710 tum
893 1657 1148 1710 smeulum
1195 1657 1481 1726 signiﬁcat.
1533 1658 1655 1713 Non
1693 1660 2014 1730 congregabo
2045 1658 2310 1712 conventi-

746 1747 886 1800 cula.
917 1746 1366 1800 Acceleraverunt
1393 1749 1458 1802 ad
1481 1750 1885 1818 obsequendum
1903 1748 2302 1818 praedicationi:

2398 563 2830 636 εἰδωλολάτρουν.
2856 567 2917 618 Εἰ
2944 567 3038 620 καὶ
3065 564 3439 635 πληθύνονται,
3469 564 3530 617 οὐ
3564 563 3956 636 παραμένουσι·

2403 655 2560 724 μέχρι
2580 655 2683 726 γὰρ
2716 656 3020 727 αἰσθήσεως
3041 656 3133 708 καὶ
3169 656 3324 726 μόνον
3355 650 3495 724 εἶχον
3523 654 3958 726 παραμενοὺσας,

2399 745 2486 799 διά
2517 747 2577 799 τὸ
2603 747 2806 818 ἰσχύειν
2854 747 2930 818 τῷ
2978 746 3356 816 ὲνδυναμοῦντι
3411 745 3647 816 Χριστῷ.
3712 747 3783 798 ’11
3835 746 3962 808 τοὺς

2399 835 2724 901 ἀποστόλους
2754 838 2895 891 ἔοικε
2944 837 3144 906 λέγειν,
3197 838 3292 891 καὶ
3333 837 3458 901 τοὺς
3511 837 3575 889 δι’
3608 837 3830 890 ἐκείνων
3868 853 3963 888 πε-

2401 928 2778 991 πιστευκότας,
2826 931 2883 981 ὲν
2929 923 3008 992 οἷς
3063 930 3156 982 καὶ
3209 928 3438 998 διαφανῆ
3489 928 3677 996 γέγονε
3728 928 3797 981 τὰ
3847 928 3964 981 θεῖα

2403 1014 2698 1086 θαυμάσια,
2727 1017 2801 1081 ὡς
2825 1019 3001 1072 πάντα
3026 1019 3348 1090 τετηρηκόσι
3369 1019 3436 1071 τὰ
3467 1018 3584 1071 θεῖα
3617 1019 3966 1088 προστάγμα·

2401 1123 2490 1160 τα.
2533 1106 2970 1179 Ἐπληθύνθησαν
3017 1109 3072 1161 δὲ
3121 1110 3300 1162 αὐτῶν
3365 1112 3421 1162 αί
3454 1109 3746 1175 ἀσθένειαι,
3791 1110 3823 1180 ἢ
3896 1111 3967 1174 ὡς

2404 1198 2626 1268 ἑτέρως,
2682 1200 2754 1252 τὰ
2801 1199 3230 1271 διαπονήματα,
3280 1201 3489 1255 πολλῶν
3545 1202 3968 1256 ἐπαναστάντων

2402 1287 2606 1358 δήμων,
2629 1290 2976 1362 δημηγὸρων,
3031 1291 3371 1363 στρατηγῶν,
3401 1292 3680 1362 βασιλέων,
3720 1287 3795 1348 ὧν
3829 1294 3968 1347 πάν-

2402 1395 2510 1431 των
2540 1382 2969 1451 περιγενόμενοι,
2996 1384 3086 1436 τὸν
3116 1383 3312 1454 δρόμον
3340 1385 3610 1437 ἐτέλεσαν·
3643 1384 3675 1455 ἢ
3709 1386 3771 1437 τὸ
3794 1386 3969 1458 βραχὺ

2406 1469 2498 1520 καὶ
2527 1469 2858 1542 πρόσκαιρον
2919 1473 3025 1526 τῶν
3076 1472 3324 1542 θλίψεων,
3386 1475 3475 1527 τὸν
3525 1475 3750 1546 ἄπειρον
3797 1477 3972 1530 αἰῶνα

2405 1559 2692 1613 δείκνυσιν.
2727 1565 2808 1616 Οὐ
2860 1562 2945 1631 μὴ
2995 1563 3364 1633 συναγωγάς.
3433 1565 3718 1635 Ἐτάχυνον
3783 1569 3868 1630 είς
3915 1567 3973 1619 τὸ

2407 1651 2707 1707 ὑπακοῦσαι
2762 1654 2838 1724 τῷ
2876 1654 3206 1726 κηρύγματι·
3270 1657 3539 1728 καθαροὺς
3573 1653 3712 1711 εἶναι
3758 1657 3840 1711 δεῖ
3866 1658 3973 1712 ἀπὸ

2409 1743 2581 1811 φόνων
2620 1747 2712 1797 καὶ
2739 1745 2983 1816 αἱμάτων
3013 1748 3135 1811 τοὺς
3173 1747 3460 1816 μέλλοντας
3496 1749 3820 1817 συνάγεσθαι
3871 1749 3975 1802 ὑπὸ

746 1847 958 1906 oportet
977 1854 1005 1890 a
1027 1839 1266 1892 czedibus
1295 1847 1348 1893 et
1382 1841 1644 1910 sanguine
1669 1840 1899 1895 mundos
1939 1855 2060 1894 esse
2087 1855 2182 1894 eos
2214 1839 2305 1908 qui

2412 1835 2660 1907 Χριστοῦ.
2695 1838 2967 1906 Συνάγων,
2997 1840 3148 1909 φησὶ,
3200 1840 3516 1908 συναγωγὰς
3546 1843 3609 1893 ὲκ
3637 1839 3747 1893 τῶν
3779 1840 3972 1907 ἐθνῶν,

748 1945 780 1983 a
811 1930 1027 1984 Christo
1052 1932 1414 2000 congregandi
1455 1941 1600 1986 sunt.
1641 1931 2036 1987 Conventicula
2057 1974 2072 1999 ,
2102 1932 2301 2001 inquit,

749 2036 812 2074 ex
852 2021 1098 2089 gentibus
1120 2061 1134 2082 .
1180 2037 1286 2074 non
1323 2038 1416 2092 per
1452 2024 1770 2092 sanguinem
1799 2032 1852 2078 et
1883 2025 2056 2079 caedes
2081 2038 2310 2094 congre-

751 2113 921 2182 gnbo;
972 2129 1147 2179 neque
1192 2115 1398 2166 curabo
1441 2126 1498 2167 ut
1547 2114 1703 2182 legali
1742 2116 1889 2170 cultu
1927 2114 2213 2170 accedatur
2241 2115 2310 2168 ad

752 2220 859 2268 me,
897 2205 989 2257 sed
1036 2206 1219 2273 potius
1270 2221 1393 2260 cum
1431 2206 1681 2261 laudibus
1724 2223 1787 2261 ac
1834 2223 1924 2278 per
1964 2208 2309 2262 incruentmn

752 2296 1126 2367 sacriﬁcium]

826 2389 879 2444 5.
925 2389 1179 2443 Dominus
1213 2405 1334 2456 pars
1379 2388 1701 2444 hareditatis
1737 2405 1864 2444 mea:
1895 2398 1942 2443 et
1976 2388 2157 2442 calicis
2188 2388 2307 2454 mei,

749 2485 855 2532 etc.
883 2478 962 2532 Ac
1005 2479 1051 2533 si
1097 2479 1335 2548 apertius
1363 2480 1566 2534 diceret
1587 2519 1602 2543 ,
1647 2479 1807 2534 Pater
1846 2495 1999 2534 meus
2028 2481 2080 2532 in
2111 2488 2308 2532 sortem

752 2569 886 2622 mihi
927 2580 979 2622 et
1013 2571 1316 2639 portionem
1342 2580 1526 2639 gentes
1551 2571 1793 2634 donavit,
1835 2571 1923 2623 cui
1949 2569 2206 2623 obediens
2237 2567 2311 2622 lui

754 2674 928 2728 usque
945 2659 1009 2712 ad
1039 2669 1284 2713 mortem.
1319 2659 1468 2714 Calix
1497 2675 1728 2728 namque
1761 2668 1989 2713 mortem
2019 2659 2308 2727 signiﬁcat,

748 2747 903 2818 juxta
948 2749 1114 2802 illud:
1152 2748 1347 2812 Pater,
1383 2750 1427 2801 si
1467 2748 1714 2818 possibile
1744 2758 1854 2814 est,
1894 2756 2126 2802 transeat
2171 2763 2205 2799 α
2235 2762 2312 2799 me

750 2841 896 2895 cali:
926 2841 1023 2894 iste
1042 2840 1108 2893 "’.

824 3010 1105 3086 [Dominus
1126 3030 1248 3082 pars
1281 3013 1603 3068 hwreditatis
1624 3029 1747 3068 mea:
1768 3023 1816 3069 et
1839 3015 2022 3070 salicis
2044 3017 2161 3072 mei.
2196 3016 2314 3074 H2-

2404 1926 2464 1978 οὺ
2497 1926 2562 1978 δι’
2594 1928 2838 1998 αἱμάτων
2893 1929 3063 1992 αὑτὰς
3110 1931 3341 1997 συνάξω,
3398 1933 3517 1985 οὐδὲ
3568 1934 3975 2004 παρασκευάσω

2402 2017 2491 2071 διὰ
2517 2019 2614 2088 τῆς
2632 2021 2857 2090 νομικῆς
2889 2038 2978 2090 μοι
3001 2023 3394 2094 προσέρχεσθαι
3423 2024 3695 2093 λατρείας,
3714 2024 3976 2088 αἰνέσεως

2404 2106 2460 2158 δὲ
2490 2107 2686 2176 μᾶλλον
2719 2110 2814 2161 καὶ
2842 2110 2940 2180 τῆς
2966 2111 3300 2181 ἁναιμάκτου
3337 2113 3572 2185 Bootae.)

2477 2388 2686 2455 Κύριος
2697 2388 2863 2456 μερὶς
2894 2386 3001 2455 τῆς
3031 2391 3432 2459 κληρονομίας
3447 2408 3566 2460 μου
3609 2391 3708 2444 καί
3739 2393 3850 2446 τοῦ
3875 2407 3982 2447 που

2407 2481 2609 2547 τηρίου
2623 2499 2760 2550 μου.
2786 2500 2838 2535 κ.
2860 2499 2909 2534 τ.
2931 2483 2980 2536 λ.
2997 2484 3139 2536 Ὠσεὶ
3155 2484 3691 2555 σαφέστερονξῦεγεν·
3713 2487 3773 2539 ’0
3788 2487 3985 2558 Πατήρ

2411 2589 2512 2641 μου
2547 2575 2626 2634 είς
2655 2572 2854 2644 κλῆρόν
2895 2591 2982 2645 μοι
3033 2577 3126 2629 καὶ
3172 2576 3364 2647 μερίδα
3388 2577 3456 2630 τά
3495 2576 3620 2649 ἔθνη
3645 2577 3982 2650 δεδώρηται,

2405 2655 2450 2729 ᾧ
2476 2663 2568 2715 καὶ
2593 2662 2788 2730 γέγονα
2815 2665 3051 2735 ὑπήκοος
3087 2665 3246 2735 μέχρι
3279 2665 3527 2718 Θανάτου.
3568 2668 3640 2720 Τὸ
3670 2669 3782 2740 γὰρ
3812 2671 3987 2740 ποτή-

2414 2771 2524 2825 ριον
2553 2755 2642 2806 τὸν
2675 2755 2901 2808 θάνατον
2933 2757 3204 2826 σημαίνει,
3233 2757 3372 2810 κατά
3403 2757 3463 2810 τὸ
3519 2758 3830 2829 εἰρημένονο
3860 2760 3986 2814 Πά-

2410 2861 2526 2912 τερ,
2555 2848 2604 2897 εὶ
2629 2844 2908 2909 δυνατὸν,
2943 2847 3279 2916 παρελθέτω
3309 2849 3408 2901 ἀπ’
3427 2847 3570 2917 ἐμοῦ
3595 2849 3660 2902 τὸ
3690 2851 3990 2920 ποτήριον

2410 2953 2607 2988 τουτο.

2483 3027 2726 3100 [Κύριος
2769 3030 2937 3099 μερὶς
2969 3030 3077 3097 τῆς
3120 3032 3516 3101 κληρονομίας
3559 3049 3678 3102 μου
3721 3033 3825 3086 καὶ
3873 3033 3990 3087 τοῦ

755 3104 1040 3158 reditatcm
1069 3112 1224 3158 vocat
1251 3106 1486 3173 gentium
1530 3121 1772 3174 regnum.
1810 3104 2079 3174 Ecclesiae,
2117 3109 2309 3181 inquit,

2414 3122 2698 3188 ποτηρίου
2725 3139 2863 3188 μου.
2912 3121 3286 3192 κληρονομίαν
3337 3122 3488 3176 καλεῖ
3540 3124 3639 3194 τὴν
3676 3123 3786 3176 τῶν
3812 3124 3993 3179 ἐθνῶν

756 3209 912 3258 meat,
951 3207 1174 3264 quaeest
1211 3197 1492 3251 haereditas
1524 3213 1672 3264 mea,
1723 3199 1899 3267 portio
1934 3211 2017 3255 est
2048 3200 2310 3258 Dominus

753 3283 934 3351 Pater,
966 3289 1190 3357 ipseque
1236 3289 1421 3344 calicis
1445 3289 1550 3342 mei
1578 3303 1705 3358 pars
1727 3299 1845 3356 est,
1881 3291 1931 3344 id
1968 3300 2051 3346 est
2098 3294 2305 3349 mortis.

749 3375 993 3433 Ecclesia
1020 3395 1147 3432 vero
1167 3379 1382 3433 Patrem
1414 3379 1725 3434 hareditate
1753 3382 1984 3450 accepit,
2018 3398 2142 3437 cum
2168 3399 2309 3454 pras-

759 3478 910 3539 cepta
941 3469 1059 3538 ejus
1085 3472 1341 3525 servavit.
1392 3470 1617 3541 Ipsaque
1645 3488 1794 3529 mors
1823 3489 1940 3529 mea
1974 3473 2190 3531 Patrem
2218 3477 2309 3532 ha-

754 3560 871 3615 buit
899 3563 952 3615 in
979 3564 1360 3627 hereditatem,
1385 3564 1840 3633 quemadmodum
1858 3567 2091 3623 dicitur:
2119 3568 2304 3624 Heres

755 3651 875 3720 Dei,
915 3653 1138 3708 coheres
1161 3655 1362 3710 Christi
1396 3655 1490 3726 ".]

822 3931 876 3986 6.
911 3930 1084 3986 Funes
1111 3933 1403 3987 ceciderunt
1437 3936 1562 3990 mihi
1601 3937 1656 3991 in
1699 3940 1970 4007 praclaris
2007 3942 2134 3996 meis
2173 3957 2192 3995 :
2230 3953 2310 3998 et-

755 4024 892 4078 enim
934 4022 1214 4077 hereditas
1248 4038 1361 4076 mea
1384 4028 1643 4091 praclara
1668 4037 1746 4080 est
1777 4028 2157 4085 mihi.Vincula
2184 4032 2313 4087 cha-

756 4115 932 4168 ritatis
964 4115 1040 4168 ait
1081 4129 1203 4183 quae
1243 4113 1431 4168 habuit
1477 4131 1602 4182 erga
1641 4115 1968 4187 Ecclesiam',
2022 4136 2145 4191 qua
2173 4138 2314 4194 prae-

756 4208 902 4260 clara
935 4214 1040 4269 est,
1069 4206 1326 4259 nimirum
1357 4205 1459 4275 ipsi
1494 4207 1715 4275 placita.

829 4382 881 4436 7.
913 4381 1225 4435 Beuedicam
1262 4379 1540 4435 Dominum
1583 4384 1672 4453 qui
1714 4386 1894 4440 tribuit
1923 4391 2050 4444 mihi
2098 4391 2305 4448 intelle-

2417 3212 2706 3283 βασιλείαν.
2741 3213 2848 3266 Καὶ
2881 3213 2978 3284 τῆς
3017 3214 3155 3285 ὲμῆς
3197 3214 3543 3286 Ἐκκλησίας,
3575 3216 3694 3284 ἥτις
3748 3216 3907 3269 ἐστὶν
3956 3221 3990 3286 ἡ

2415 3305 2741 3377 κληρονομία
2776 3322 2896 3375 μου,
2941 3305 3096 3378 μερίς
3144 3308 3291 3359 ἐστιν
3339 3310 3366 3361 ὁ
3398 3307 3595 3380 Κύριος
3626 3309 3655 3362 ὁ
3706 3307 3933 3380 Πατὴρ,
3967 3314 3996 3363 ό

2415 3397 2573 3458 αὐτὸς
2605 3397 2661 3448 δὲ
2691 3397 2784 3448 καὶ
2809 3396 2900 3449 τοῦ
2932 3397 3190 3468 ποτηρίου
3224 3415 3323 3467 μου
3367 3397 3520 3468 μερίς
3567 3399 3701 3459 ἐστι,
3730 3402 3996 3453 τουτέστι

2415 3486 2509 3539 τοῦ
2565 3485 2812 3540 θανάτου.
2866 3487 2976 3540 Καὶ
3028 3489 3061 3558 ἡ
3100 3487 3390 3557 Ἐκκλησία
3437 3489 3841 3559 ἐκληρονόμησε
3899 3492 3999 3545 τὸν

2416 3578 2653 3650 Πατέρα,
2696 3577 3089 3650 κατορθώσασα
3123 3579 3221 3642 τὰς
3280 3580 3497 3632 ἐντολὰς
3544 3579 3736 3634 αὑτοῦ·
3766 3583 3866 3635 καὶ
3892 3585 3998 3637 αὑ-

2414 3665 2505 3727 τὸς
2547 3666 2576 3716 ὁ
2628 3664 2855 3728 θάνατος
2903 3669 2932 3718 ὁ
2979 3667 3107 3736 ἐμὸς
3148 3668 3543 3737 ἐκληρονόμησε
3606 3670 3696 3722 τὸν
3759 3672 4002 3743 Πατέρα

2417 3753 2555 3806 κατά
2581 3755 2670 3808 τὸν
2702 3755 2945 3824 λέγοντα·
2969 3759 3312 3828 Κληρονόμε
3329 3759 3496 3824 Θεοῦ,
3521 3764 4003 3836 συγκληροτρόμς

2417 3844 2715 3917 Χριστοῦ.]

2485 3938 2727 4004 Σχοινία
2747 3937 3050 3992 ἐπέπεσὰν
3067 3956 3169 4008 μοι
3214 3938 3283 3993 ὲν
3306 3940 3429 4008 τοῖς
3475 3944 3808 4012 κρατίστοις
3835 3965 3995 4016 μου⁹

2417 4027 2657 4096 καὶγὰρ
2698 4029 2736 4093 ἡ
2780 4031 3142 4097 κληρονομία
3185 4049 3302 4098 μου
3355 4035 3637 4102 κρατίστη
3673 4039 3777 4105 μοί
3824 4039 3998 4094 ἐστι.

2417 4118 2554 4181 Τοὺς
2579 4118 2807 4188 δεσμοὺς
2828 4118 2928 4188 τῆς
2959 4120 3176 4192 ἀγάπης
3201 4123 3380 4193 φησὶν,
3412 4123 3504 4188 οὓς
3535 4126 3687 4194 ἔσχεν
3715 4127 3856 4198 πρὸς
3893 4131 4003 4202 τὴν

2428 4210 2782 4280 Ἐκκλησίαν,
2845 4213 2965 4282 ἥτις
3024 4213 3116 4266 καὶ
3168 4215 3428 4287 κρατίστη
3496 4219 3642 4282 ἐστὶ,
3699 4222 4003 4277 τουτέστιν

2417 4300 2648 4370 ἀρέσκον
2659 4317 2724 4354 σα
2753 4301 2921 4372 αὐτῷ.

2483 4392 2810 4461 Εὑλογήσω
2864 4395 2971 4448 τὸν
3009 4396 3226 4462 Κύριον
3278 4397 3383 4450 τὸν
3433 4401 3836 4458 συνετίσαντὰ
3889 4425 4003 4476 με.

757 4482 919 4528 ctum.
981 4472 1152 4541 Hujus
1199 4473 1328 4527 dicti
1383 4475 1755 4543 interpretatio
1796 4477 1938 4546 jacet
1986 4481 2040 4535 in
2081 4481 2308 4539 Actibus

2417 4484 2615 4538 Τούτου
2650 4487 2681 4556 ή
2713 4486 2974 4556 ἑρμηνεία
3002 4490 3174 4540 κεῖται
3195 4490 3253 4541 ὲν
3285 4491 3403 4552 ταῖς
3436 4491 3670 4562 Πράξεσι
3700 4494 3813 4547 τῶν
3843 4472 4003 4554 ἀστο-

757 4566 1126 4635 apostolorum
1159 4565 1256 4634 (3).
1299 4563 1518 4632 Insuper
1545 4577 1592 4619 et
1620 4584 1781 4636 usque
1812 4569 1880 4622 ad
1907 4583 2107 4626 noctem
2151 4575 2312 4630 incre-

757 4667 978 4725 puerunt
1002 4672 1080 4708 me
1106 4672 1250 4710 renes
1277 4657 1397 4708 mei.
1444 4655 1560 4711 Mos
1601 4657 1893 4727 Scriptura:
1921 4665 2116 4719 divinae
2153 4682 2310 4723 renes

758 4762 950 4801 vocare
999 4747 1243 4801 occultas
1286 4759 1339 4800 et
1377 4748 1481 4802 alte
1521 4749 1724 4817 positas
1760 4754 2116 4822 cogitationes
2147 4774 2163 4813 :
2196 4772 2303 4812 no-

759 4850 900 4894 ctem
933 4853 1080 4900 vero,
1116 4838 1260 4909 quod
1289 4839 1617 4893 absconsum
1649 4851 1752 4895 est.

827 4932 882 4986 8.
923 4930 1260 4984 Providebam
1292 4930 1575 4985 Dominum
1624 4935 1680 4987 in
1721 4946 1993 5003 conspectu
2022 4953 2134 4994 meo
2172 4957 2311 4995 sem-

759 5041 849 5094 per
868 5066 883 5091 ,
919 5025 1165 5093 quoniam
1191 5041 1221 5076 a
1245 5025 1446 5078 dextris
1473 5035 1550 5079 est
1580 5029 1731 5092 mihi,
1761 5046 1823 5082 ne
1853 5048 2195 5090 commovear.
2254 5035 2310 5090 In

761 5122 1026 5182 quantum
1059 5111 1200 5168 Deus
1229 5129 1349 5168 esse
1374 5115 1686 5184 intelligitur
1708 5158 1724 5184 ,
1755 5118 1870 5187 ipse
1892 5130 1975 5176 est
2001 5124 2095 5192 qui
2135 5125 2315 5180 ﬁrmat

761 5213 818 5258 et
850 5203 1081 5258 sustinet
1121 5205 1334 5271 omnia;
1378 5205 1430 5258 in
1476 5215 1738 5275 quantum
1771 5226 1901 5266 vero
1934 5214 2096 5268 homo
2131 5214 2310 5272 factus

763 5300 864 5355 est.
903 5294 1067 5361 probe
1097 5292 1199 5361 ipsi
1239 5297 1494 5349 convenit
1519 5297 1698 5353 dicere
1743 5316 1800 5355 se
1827 5317 1857 5356 a
1893 5303 2097 5360 dextris
2129 5305 2314 5361 Domi-

764 5397 893 5436 num
924 5382 1138 5446 habere,
1165 5398 1231 5436 ne
1258 5395 1679 5442 commoveatur.
1717 5387 1851 5444 Nam
1892 5394 2090 5462 ubique
2124 5396 2317 5450 Imma-

836 5534 879 5564 ”
920 5532 1106 5589 Matth.
1142 5552 1286 5601 xxvi,
1335 5538 1422 5592 59.
1500 5542 1547 5574 ⁸⁸
1592 5541 1748 5597 Rom.
1787 5559 1908 5604 vm.
1950 5546 2036 5599 17.

837 5646 916 5716 (‘2)
953 5647 1130 5716 Locus
1163 5650 1404 5706 vitiatus.

842 5715 920 5787 (3)
951 5715 1069 5774 Non
1107 5719 1268 5790 hujus
1306 5723 1470 5788 dicti.
1503 5723 1595 5778 sed
1625 5737 1811 5777 eorum
1844 5738 1966 5792 quae
1999 5739 2146 5783 vers.
2175 5728 2208 5784 S
2237 5732 2312 5786 lc-

2413 4578 2633 4631 στόλων.
2670 4580 2791 4629 Ἔτι
2819 4576 2887 4630 δὲ
2923 4579 3019 4631 καὶ
3075 4579 3185 4645 ἕως
3239 4580 3457 4648 νυκτὸς
3502 4583 3886 4641 ἑπαίδευσὰν·
3918 4609 4008 4661 με

2410 4671 2464 4722 οἱ
2495 4669 2701 4735 νεφροί
2720 4685 2859 4736 μου.
2878 4668 3036 4732 Ἔθος
3064 4672 3128 4740 τῇ
3153 4672 3491 4739 θεοπνεύστῳ
3538 4675 3723 4747 Γραφῇ
3748 4685 4008 4752 νεφροὺς

2411 4756 2692 4827 ὀνομάζειν
2717 4760 2840 4822 τοὺς
2861 4761 3272 4831 κεκρυμμένους
3294 4765 3384 4816 καὶ
3403 4767 3463 4816 ἐν
3494 4764 3643 4834 βάθει
3662 4768 4004 4840 λογισμούς.

2418 4849 2581 4902 νύκτα
2613 4849 2669 4902 δὲ
2694 4850 2753 4902 τὸ
2774 4851 2995 4919 ἀφανές.

2481 4939 2877 5008 Προεωρώμην
2906 4941 3014 4995 τὸν
3041 4944 3262 5012 Κύριον
3285 4944 3540 4999 ἐνώπιόν
3581 4966 3700 5017 μου
3726 4950 4009 5008 διαπσν-

2412 5029 2642 5095 τὸς-,ὅτι
2683 5031 2749 5082 ἐκ
2805 5030 3016 5095 δεξιῶν
3065 5050 3183 5101 μου
3211 5035 3362 5099 ἐστὶ,
3424 5037 3522 5090 ἵνα
3553 5038 3638 5107 μὴ
3677 5045 4009 5100 σαλευθῶ.

2413 5121 2562 5174 Καθὸ
2597 5121 2693 5190 μὲν
2725 5125 2922 5176 νοεῖται
2949 5123 3102 5189 Θεὸς,
3135 5126 3294 5189 αὐτός
3327 5129 3472 5181 ἐστιν
3502 5132 3530 5182 ὁ
3593 5133 3766 5201 πάντα
3793 5140 4012 5208 στηρί-

2415 5211 2521 5274 ζων
2551 5212 2644 5266 καὶ
2670 5212 2897 5282 ἀνέχων·
2930 5213 3064 5266 καθὸ
3087 5216 3143 5268 δὲ
3164 5216 3383 5284 γέγονεν
3431 5219 3730 5290 ἄνθρωπος,
3776 5229 4010 5296 πρέποι

2416 5305 2481 5358 ἂν
2505 5305 2663 5358 αὑτὸν
2693 5307 2784 5358 καί
2810 5308 2868 5359 τὸ
2892 5307 3073 5377 λέγειν
3094 5310 3157 5362 ὲκ
3189 5310 3376 5375 δεξιῶν
3419 5314 3709 5383 ἐσχηκέναι
3755 5317 3854 5371 τὸν
3882 5322 4015 5377 κύ-

2419 5413 2549 5467 ριον,
2592 5396 2680 5448 ἶνα
2713 5396 2786 5466 μὴ
2835 5397 3084 5468 σαλευθῇ.
3121 5400 3526 5470 Συμπλάττεται
3573 5405 3680 5473 γὰρ
3701 5415 4012 5483 πανταχοῦ

2421 5674 2640 5747 guntur,
2665 5664 3006 5747 Providebain
3033 5669 3330 5738 Dominum,
3362 5685 3490 5741 elc.,
3515 5680 3762 5734 meminit
3789 5682 4016 5747 Petrus

2423 5737 2477 5789 in
2506 5735 2730 5792 Actibus
2763 5739 3155 5810 apostolorum,
3191 5735 3400 5815 capfn,
3429 5735 3571 5803 vers.
3595 5747 3688 5804 25.
3711 5735 3893 5810 Emi;
