4074 6304
131 370 218 418 105

1241 368 1608 424 EXPOSITIO
1645 367 1710 422 IN
1752 368 2081 424 PSALMUM
2115 368 2254 425 XVI.

3255 373 3350 428 106

121 484 222 545 τοίς
254 481 353 552 τῆς
379 483 797 554 ἀνθρωπότητος
833 487 1068 556 μέτροις,
1105 487 1197 539 καί
1243 486 1302 540 τὸ
1347 490 1410 555 τῇ
1461 485 1662 539 κενώσε

1791 500 1871 538 me
1903 495 2111 540 natura:
2152 485 2428 541 mensuris
2470 494 2525 539 et
2566 487 2815 542 terminis
2852 483 3257 554 conformatur,
3307 495 3360 542 et

121 575 315 645 πρέπον
361 575 463 628 οὐκ
508 575 820 645 αἰσχύνεται
868 578 954 630 διὰ
1008 578 1104 648 τὴν
1143 579 1472 648 οίκονομίαν.
1531 577 1672 646 Ὅρα

120 665 238 734 γοζν
266 667 416 730 ὅπως
447 667 668 734 γέγονεν
699 670 731 737 ὴ
756 667 915 737 φύσις
957 671 1114 740 ἡμῶν
1153 671 1435 740 εὐδόκιμος
1476 673 1530 722 ἐν
1553 671 1685 738 Χρι-

122 758 239 827 στῷ.
269 759 378 811 Καὶ
426 759 879 830 προσηνέχθημεν
912 762 992 823 εἰς
1025 761 1311 831 πρόσωπον
1353 761 1446 814 τοῦ
1477 760 1683 830 Πατρὸς

119 849 571 921 οίὲκδεὸλημένοι
605 853 692 905 διὰ
742 853 840 924 τὴν
888 856 946 905 ἐν
1008 854 1173 923 Ἀδὰμ
1222 854 1550 924 παράϐασιν,
1595 855 1688 904 καὶ

118 944 419 1013 ἐσχήκαμεν
449 946 609 996 αὑτὸν
637 947 979 1015 ἐπαμύνοντα
1010 949 1102 999 καὶ
1135 946 1473 1016 στηρίζοντα.

180 1214 198 1288 [
230 1217 321 1269 Ἐκ
351 1215 569 1281 δεξιῶν
596 1220 712 1287 μού
739 1220 888 1273 ἐστι.
917 1221 1171 1292 Προφανῆ
1199 1221 1416 1292 ἔλεγχον
1444 1222 1554 1292 ἔχει
1588 1223 1686 1292 τῆς

127 1310 384 1364 Ἰουδαίων
414 1310 830 1381 ἐμϐροντησίας.
897 1314 1006 1366 Καὶ
1051 1314 1256 1384 Πέτρος
1311 1315 1418 1386 γὰρ
1458 1317 1487 1366 ὁ
1524 1332 1684 1386 κορυ-

117 1406 258 1471 φαῖος
286 1406 342 1455 ἐν
373 1407 494 1465 ταῖς
529 1402 798 1473 Πρὰξεσιν
837 1406 915 1468 εἰς
953 1407 1186 1477 Χριστὸν
1235 1407 1408 1460 ταῦτα
1448 1410 1686 1479 προσήρ-

118 1515 283 1567 μοσεν.
339 1495 495 1549 Καθὸ
544 1497 779 1569 μὲνγὰρ
826 1499 976 1559 Θεὸς,
1036 1499 1198 1562 αὐτὸς
1253 1501 1400 1553 ἐστιν
1430 1503 1457 1553 ὁ
1511 1503 1684 1554 πάντα

115 1587 369 1659 στηρίζων
396 1590 493 1641 καὶ
528 1589 754 1658 ἀνέχων·
789 1590 924 1642 καθὸ
952 1591 1008 1642 δὲ
1037 1591 1344 1662 ἄνθρωπος,
1387 1593 1585 1663 πρέποι
1619 1593 1682 1646 ἂν

114 1679 246 1748 αὐτῷ
301 1681 396 1732 καὶ
442 1680 501 1731 τὸ
529 1681 592 1731 ἐκ
641 1679 831 1742 δεξιῶν
878 1680 1022 1750 ἔχειν
1072 1681 1160 1733 τὸν
1195 1681 1417 1751 Κύριον,
1467 1683 1552 1734 ἵνα
1608 1683 1681 1752 μὴ

115 1773 349 1844 σαλευθῇ.

177 1868 290 1918 Οὐκ
337 1865 799 1932 ἐγκαταλείψεις
835 1863 948 1932 τὴν
977 1864 1188 1933 ψυχήν
1216 1884 1355 1933 μου.
1410 1867 1580 1928 Αὐτὸς
1602 1865 1675 1918 ὣν

113 1957 211 2026 ζωὴ
253 1957 344 2009 καὶ
398 1956 679 2020 ζωοποιὸς,
715 1956 1110 2022 ἐζωοποιῆσθαι
1143 1957 1354 2024 λέγεται
1404 1959 1550 2029 παρὰ
1582 1959 1674 2012 τοῦ

113 2050 306 2120 Πατρὶς
337 2048 427 2101 δια
460 2049 558 2118 τὴν
581 2049 908 2118 οἰκονομίαν.
962 2047 1320 2117 Ἐγνὼρισάς
1352 2068 1452 2119 μοι
1499 2051 1676 2118 ὀδοὺς

112 2141 264 2209 ζωῆς,
291 2145 319 2196 ὁ
351 2143 453 2211 τῆς
490 2141 902 2216 ἀνθρωπὸτητος
936 2143 1070 2213 ἔχων
1100 2146 1404 2214 πρόσωπον,
1448 2147 1522 2208 ὡς
1553 2146 1671 2200 καθ’

110 2237 241 2303 ἡμᾶς
297 2236 557 2303 γεγονὼς,
615 2238 740 2298 τοὺς
789 2238 920 2306 ἡμῖν
974 2238 1172 2307 μᾶλλον
1224 2240 1317 2290 καὶ
1357 2240 1454 2308 οὐχ
1497 2239 1674 2309 ἑαυτῷ

112 2327 422 2399 πρέποντας,
462 2328 598 2381 καθὸ
625 2333 823 2382 νοεῖται
857 2330 1007 2394 Θεὸς.
1045 2333 1356 2402 ἀναπέμπει
1387 2331 1629 2403 λόγους]

174 2422 500 2489 Τερπνότης
552 2419 721 2488 ἐντῇ
753 2419 920 2488 δεξιᾷ
967 2438 1081 2475 σου
1107 2424 1194 2488 εἰς
1260 2422 1454 2488 τέλος.
1503 2422 1673 2475 Τοῦτο

110 2513 367 2581 σημαίνει,
401 2514 460 2564 ἐν
511 2512 735 2584 τέρψεσι
787 2515 880 2566 κα)⁵
942 2513 1301 2585 εὐφροσύναις
1366 2515 1575 2567 ἔσονται
1622 2516 1672 2568 οἱ

111 2605 237 2670 ἇγιοι
267 2605 407 2672 μετά
432 2605 494 2657 τὸ
521 2606 816 2659 ἀναϐιῶναι
867 2607 1006 2658 κατὰ
1034 2607 1124 2658 τὸν
1183 2607 1281 2676 τῆς
1326 2608 1671 2669 ἀναστάσεως

109 2694 298 2764 καιρόν.
338 2696 560 2765 Ταύτην
595 2696 650 2748 δὲ
680 2696 776 2767 τὴν
823 2697 1013 2768 τέρψιν
1046 2696 1140 2752 καὶ
1172 2699 1269 2769 τὴν
1309 2699 1665 2770 εὐφροσύνην,

109 2785 210 2852 ἥτις
268 2785 416 2838 ἐστὶν
464 2789 498 2858 ή
555 2787 846 2858 ἀφθαρσία,
899 2788 1162 2858 λήψεσθαι
1227 2789 1441 2857 λέγουσι
1517 2789 1668 2861 παρὰ

107 2875 346 2947 Χριστοῦ.
375 2879 436 2941 ὃς
477 2880 624 2930 ἐστιν
655 2879 712 2930 ὲν
755 2881 885 2948 ἡμῖν
927 2880 1021 2931 καὶ
1079 2879 1228 2945 δεξιά
1285 2881 1378 2934 τοῦ
1433 2881 1664 2952 Πατρός.

107 2968 202 3020 Καὶ
228 2969 299 3032 ὡς
355 2969 566 3039 ἀληθὴς
621 2971 648 3022 ὁ
699 2970 873 3036 λόγος,
924 2970 1080 3041 δῆλον
1133 2973 1197 3024 ὲκ
1253 2972 1346 3024 τοῦ
1398 2975 1667 3044 φήσαντος

106 3058 283 3126 λογίουο
326 3061 426 3126 Ὃς
463 3064 976 3130 μετασχηματίσει
1028 3064 1091 3117 τὸ
1147 3065 1355 3135 σχῆμα
1410 3065 1519 3133 τῆς
1569 3083 1667 3120 τα-

105 3150 422 3218 πεινώσεως
459 3153 629 3223 ἡμῶν
665 3156 1019 3225 σύμμορφον
1056 3156 1136 3222 τῷ
1177 3161 1400 3228 σώματι
1434 3158 1542 3227 τῆς
1570 3159 1666 3213 δέ·
1693 3185 1735 3242 C

105 3242 203 3311 εης
227 3246 435 3300 αὑτοῦ.

462 3338 783 3407 Προσευχὴ
816 3339 896 3404 τῷ
935 3339 1131 3394 Δαυτδ.
1166 3343 1284 3407 IQ”.

707 3431 718 3447 ⁸
732 3433 1043 3498 Υπόθεσις.

107 3515 304 3586 ’ᾼδεται
370 3521 401 3572 ὁ
459 3517 676 3589 ψαλμὸς
733 3519 799 3571 ὲκ
834 3518 1127 3591 προσώπου
1187 3519 1281 3573 τοῦ
1333 3519 1475 3574 κατά
1529 3518 1662 3573 Θεὸν

729 3613 954 3667 τελείου.

166 3704 562 3767 Εὶσάλιουσον,
601 3705 796 3771 Κίιριε,
832 3704 1230 3772 δικαιοσύνην
1265 3721 1404 3773 μου.
1454 3704 1660 3775 Πολλῆς

105 3796 455 3868 πεποιθήσεως
481 3801 509 3851 ὁ
536 3799 693 3866 λόγος
729 3799 922 3869 μεστός
944 3813 955 3828 ’
1006 3797 1068 3851 τὸ
1099 3799 1208 3870 γὰρ
1245 3799 1343 3868 τῆς
1380 3798 1652 3851 δικαιοσύ-

103 3904 185 3958 νης
218 3889 448 3945 ἐνταῦθα
477 3892 578 3961 οὐχ
620 3891 696 3953 ὡς
742 3889 1091 3961 καυχώμενος
1124 3930 1138 3956 ,
1187 3889 1292 3944 οὐδ’
1330 3889 1405 3953 ὡς
1449 3889 1654 3942 δίκαιον

101 3981 268 4035 ἑαυτὸν
296 3984 618 4052 ἀποφαίνων
668 4001 680 4012 ·
718 3982 830 4035 ἀλλ’
865 3984 985 4036 ἀντὶ
1024 3982 1138 4046 τοῦ,
1185 3982 1420 4044 Δικαίως
1452 3982 1657 4035 αίτοῦνο

103 4091 177 4138 τος
210 4075 304 4148 τὴν
353 4075 508 4147 παρὰ
543 4074 636 4128 σοῦ
674 4074 944 4146 βοήθειαν,
1008 4078 1101 4130 καί
1151 4075 1429 4140 ἀξιοῦντος
1476 4076 1655 4128 ἀπαλ-

102 4163 307 4236 λαγῆναι
335 4161 412 4220 ὧν
451 4167 654 4230 ἀδίκως
692 4167 972 4237 ὑπομένει,
1007 4169 1183 4236 μάτην
1223 4168 1327 4221 ὑπὸ
1356 4168 1446 4221 τοί
1481 4169 1654 4222 Σαοὺλ

101 4238 424 4328 διωκόμενος,
473 4258 568 4310 καὶ
612 4257 900 4321 ὲξάκουσον
943 4259 1038 4310 καὶ
1086 4258 1367 4330 παράσχου
1417 4259 1518 4329 τὴν
1568 4258 1652 4312 αί-

102 4365 251 4418 τησιν.

169 4441 471 4499 Ἐνὼτισαι
504 4441 622 4512 τὴν
645 4445 1002 4513 προσευχήν
1008 4460 1128 4512 μου
1163 4443 1276 4498 οὐκ
1303 4441 1374 4496 ἐν
1419 4442 1651 4510 χείλεσι

1786 587 2002 644 propter
2035 578 2402 632 meonomiam
2438 579 2552 632 sive
2583 578 3011 632 incarnationem
3037 621 3051 644 ,
3091 595 3199 634 tton
3235 594 3358 632 eru-

1787 668 1958 722 bescit
1987 685 2048 722 ea
2080 685 2200 738 qute
2231 670 2292 722 ad
2325 671 2734 723 evacuationcm
2766 677 2820 722 et
2844 670 3204 724 humilitatem
3234 686 3361 740 per-

1786 756 1980 810 tinent.
2036 757 2170 812 \‘ide
2205 773 2333 828 ergo
2372 774 2536 828 quam
2580 759 2835 828 praeclara
2886 761 2938 814 in
2983 759 3202 814 Christo
3257 777 3357 814 na-

1786 858 1906 900 tura
1947 859 2131 903 nostra
2173 851 2429 906 evaserit.
2491 850 2550 904 ln
2590 862 2940 921 conspectum
2987 863 3132 907 certe
3175 837 3354 906 Patris

1789 941 2004 995 adducti
2054 942 2332 1012 oblatique
2369 943 2573 999 fuitnus
2608 944 2700 1014 qui
2738 960 2830 1013 per
2873 944 3001 998 Atla:
3051 955 3356 1014 transgres-

1791 1034 2000 1085 sionem
2033 1034 2189 1102 ejecti
2232 1051 2452 1100 sumus,
2506 1046 2558 1089 ct
2609 1037 2902 1091 habuimus
2933 1053 3056 1089 cum
3085 1039 3354 1091 vindicem

1788 1135 1843 1178 et
1873 1135 2179 1194 patronum.

1860 1217 1923 1289 [Α
1976 1219 2178 1272 dextris
2223 1230 2298 1273 est
2343 1221 2492 1274 nti/ii.
2558 1219 2840 1273 Manifeste
2870 1219 3356 1290 coarguitJudmo—

1787 1325 1907 1363 rum
1941 1312 2334 1381 stupiditatem.
2370 1312 2579 1366 Etenim
2637 1312 2826 1368 Petrus
2862 1315 3232 1383 apostolorum
3261 1329 3355 1368 eo-

1788 1403 2040 1471 ryphzeus
2076 1403 2127 1455 in
2170 1406 2430 1469 Actibus,
2482 1405 2594 1458 haec
2639 1403 2860 1458 Christo
2891 1408 3154 1461 attribuit.
3218 1404 3350 1458 Nam

1786 1505 2053 1564 quatenus
2090 1497 2232 1552 Deus
2283 1500 2396 1567 ipse
2427 1509 2512 1553 est
2550 1502 2643 1568 qui
2667 1501 2850 1553 omnia
2883 1499 3062 1554 firmat
3091 1512 3144 1554 et
3171 1503 3347 1555 conti-

1788 1597 1877 1639 net
1904 1605 1916 1653 ;
1949 1598 2218 1657 quatenus
2250 1601 2425 1642 autent
2459 1591 2639 1654 homo,
2686 1591 2783 1659 ipsi
2811 1592 3064 1644 convenit
3095 1607 3122 1643 a
3147 1592 3352 1645 dextris

1789 1679 2076 1737 Dominum
2103 1694 2370 1738 astantem
2399 1684 2620 1746 habere,
2659 1700 2723 1737 ne
2751 1693 3178 1738 commoveatur.

1711 1830 1748 1882 Β
1788 1872 1797 1884 “
1851 1861 1971 1916 Non
2017 1865 2344 1934 derelinques
2375 1867 2608 1919 animant
2639 1884 2831 1921 meam.
2886 1866 3036 1922 Licet.
3083 1868 3197 1937 ipse
3241 1869 3347 1921 vita

1779 1955 1849 2008 sit
1899 1965 1953 2010 ct
2001 1957 2164 2009 vitam
2224 1957 2495 2026 prmlteat.
2552 1974 2647 2026 per
2691 1959 3051 2011 oeconomiam
3086 1960 3286 2013 dicitur
3320 1977 3346 2012 :t

1777 2043 1936 2099 Patre
1973 2046 2254 2100 vivificari.
2323 2045 2493 2100 Notas
2549 2047 2676 2099 mihi
2715 2049 2885 2116 fecisti
2921 2050 3031 2102 tias
3069 2053 3220 2114 vitm,
3255 2053 3346 2118 qui

1779 2138 2135 2194 humanitatis
2164 2154 2452 2209 personam
2491 2141 2685 2204 habet,
2727 2150 2913 2210 utpote
2937 2142 3000 2195 ad
3035 2143 3346 2196 similitudi-

1776 2245 1898 2283 ne.u
1945 2234 2114 2285 nostri
2169 2233 2386 2297 factus,
2443 2251 2722 2290 sermones
2763 2236 2918 2289 effert
2967 2236 3125 2288 nobis
3172 2237 3349 2304 magis

1774 2336 1936 2390 quam
1959 2323 2084 2384 sibi,
2121 2335 2392 2393 quatenus
2422 2325 2551 2386 Deo,
2577 2326 2995 2399 competentes]

1848 2413 1932 2469 10.
1972 2414 2260 2467 Delectatio
2285 2417 2337 2467 in
2372 2416 2584 2469 dextera
2610 2427 2700 2470 tua
2731 2435 2891 2487 usque
2928 2421 2979 2471 in
3011 2420 3192 2486 ﬁnem.
3230 2419 3344 2473 lloc

1775 2508 2065 2578 signiﬁcat,
2122 2510 2175 2562 in
2212 2511 2586 2579 voluptatibus
2624 2521 2678 2566 et
2706 2512 2919 2581 gaudiis
2948 2512 3120 2567 sancti
3153 2514 3346 2582 degent

1772 2611 2063 2671 postquam
2098 2613 2339 2671 tempore
2370 2605 2801 2658 resurrectionis
2831 2606 3142 2660 t'evixerint.
3181 2604 3341 2660 Istam

1772 2702 1952 2746 autem
1985 2695 2315 2761 voluptatem
2346 2710 2408 2748 ac
2428 2695 2689 2759 laetitiam,
2719 2713 2841 2765 quae
2862 2708 2944 2751 est
2976 2697 3341 2768 ineorruptio,

1772 2799 1872 2838 nos
1913 2794 2226 2853 recepturos
2259 2786 2412 2838 aiunt
2444 2801 2474 2839 a
2513 2786 2768 2852 Christo,
2815 2789 2906 2856 qui
2957 2798 3041 2843 cst
3071 2790 3124 2843 in
3166 2791 3341 2850 nobis.

1769 2885 1824 2928 et
1852 2876 2071 2931 dextera
2119 2886 2201 2930 est
2235 2875 2433 2930 Patris.
2485 2875 2638 2942 Quod
2687 2887 2868 2932 autem
2908 2895 3096 2934 verum
3150 2879 3204 2935 id
3249 2881 3340 2945 sit.

1770 2968 1947 3037 palam
1987 2976 2071 3022 est
2107 2983 2171 3022 ex
2205 2968 2517 3037 ltujusmodi
2555 2969 2744 3024 dicto:
2781 2969 2884 3035 Qui
2932 2972 3339 3041 transformabit

1768 3062 1996 3130 formam
2014 3061 2333 3116 humilitatis
2364 3076 2562 3119 nostra:
2585 3067 2971 3135 can/iguratam
2995 3069 3202 3135 corpori
3231 3066 3343 3120 cla-

1768 3154 1950 3207 ritatis
1977 3154 2090 3223 ejus
2115 3155 2181 3208 ”.

2254 3337 2444 3394 Oratio
2479 3339 2664 3393 David.
2698 3337 2862 3394 XVI.

2346 3433 2750 3503 Argumentum.

1764 3522 1817 3577 1.
1853 3522 2083 3578 Canitur
2117 3525 2209 3580 hic
2235 3525 2483 3595 psalmus
2516 3541 2580 3579 ex
2613 3540 2844 3594 persona
2872 3525 3110 3581 hominis
3142 3542 3340 3582 secun—

2292 3619 2418 3672 dum
2450 3617 2619 3672 Deum
2657 3617 2902 3687 perfecti.

1832 3708 2084 3774 Exaudi,
2120 3709 2360 3777 Domine,
2388 3711 2661 3780 justitiam
2691 3728 2880 3764 meam.
2920 3710 3111 3780 Magna
3143 3713 3336 3782 plenus

1761 3803 1956 3858 fiducia
1994 3819 2174 3856 sermo
2217 3823 2229 3856 :
2265 3819 2386 3856 nam
2417 3804 2562 3872 quod
2599 3805 2684 3856 hic
2713 3804 2982 3871 justitiam
3019 3821 3174 3859 suam
3221 3821 3335 3860 mc—

1761 3906 1969 3960 morat,
2008 3910 2116 3948 non
2157 3895 2560 3963 jactabundus,
2611 3909 2711 3948 nec
2739 3911 2849 3964 quo
2880 3911 2937 3949 se
2964 3895 3176 3964 justum
3207 3913 3330 3952 esse

1759 3988 2044 4056 praedicet,
2088 3987 2159 4039 ita
2193 3985 2473 4054 loquitur;
2527 3986 2618 4041 sed
2649 3985 2800 4055 quasi
2830 3986 3013 4041 dicat:
3043 3984 3197 4041 Justc
3225 3987 3332 4042 im-

1759 4083 2059 4151 plorantem
2095 4082 2357 4134 auxilium
2387 4090 2561 4146 tuum,
2594 4097 2658 4134 ac
2691 4089 2969 4151 rogantem
3005 4083 3122 4135 erui
3152 4083 3221 4137 ab
3251 4084 3333 4136 in-

1752 4176 1916 4245 juriis
1950 4185 2306 4246 persequente
2339 4175 2500 4228 Saule
2545 4175 2745 4238 illatis,
2799 4176 2997 4230 exaudi
3044 4185 3098 4231 et
3134 4188 3326 4247 postu-

1755 4265 1862 4320 lata
1888 4265 2148 4320 concede.

1825 4439 2056 4494 Auribus
2078 4455 2284 4510 ρεγαρδ
2313 4442 2609 4494 orationem
2642 4458 2812 4495 meam
2845 4458 2949 4495 non
2973 4444 3028 4496 in
3056 4444 3212 4499 labiis
3230 4447 3327 4501 do-

103 4529 321 4600 δολίοις.
354 4535 674 4606 Προσευχῆς
707 4534 817 4606 γὰρ
854 4535 915 4586 οὐ
948 4533 1036 4587 διὰ
1067 4532 1288 4605 χειλέων
1321 4532 1533 4596 δολίων,
1561 4533 1648 4587 διὰ

1769 4535 1902 4589 ’osis.
1938 4531 2074 4588 Nam
2102 4533 2400 4588 orationem
2445 4549 2551 4587 non
2604 4534 2764 4589 labiis
2816 4535 3023 4591 dolosis
3061 4537 3325 4605 oblatam,

103 4621 146 4676 δὲ
170 4625 400 4699 γλώττης
434 4627 880 4699 κεκαθαρμένης,
910 4628 1002 4680 καὶ
1034 4626 1103 4680 τὰ
1143 4625 1262 4679 θεῖα
1304 4625 1460 4694 λόγια
1491 4626 1652 4697 μελε-

103 4720 182 4785 τᾷν
216 4720 530 4793 εἰθισμένης
563 4720 875 4786 ὲνωτίζεται
902 4723 930 4775 ὁ
956 4719 1110 4784 Θεός.

170 4812 261 4868 Ἐκ
289 4815 621 4882 προσώπου
652 4832 769 4870 σου
803 4813 868 4867 τὸ
902 4813 1080 4882 κρῖμα
1105 4829 1225 4883 μου
1253 4812 1506 4878 ἐξέλθοι.
1545 4814 1649 4866 Σα-

106 4903 201 4969 ςνῶς
227 4905 438 4976 εὔχεται
473 4907 567 4960 τὸν
608 4906 886 4976 Μονογενῆ
931 4906 1123 4978 κριτὴν
1156 4906 1334 4977 ἑαυτῷ
1381 4907 1652 4978 καταστῆ-

105 5014 193 5052 ναι.
232 5003 293 5054 Ol
335 4999 636 5070 ὀφθαλμοί
668 5013 786 5052 σου
837 4997 1127 5052 ἱδέτωσαν
1176 4999 1527 5064 εὐθύτητας.
1578 4999 1651 5051 Τὸ

104 5087 282 5142 δίκαιον
305 5094 480 5163 κρῖμα
505 5089 706 5155 ἐξαιτεῖ
729 5089 825 5143 τοῦ
856 5089 1006 5154 Υίοῦ,
1033 5088 1062 5142 ὃ
1091 5088 1304 5161 ἔκρινεν
1331 5090 1482 5160 ἡμῖν.

171 5182 556 5252 ἘὄοκΙμασας
589 5182 701 5250 τὴν
727 5182 979 5251 καρδίαν
1004 5200 1144 5252 μου,
1188 5180 1504 5252 ἐπεσκέψω
1542 5201 1648 5236 rv-

106 5272 240 5342 πὸς,
259 5274 578 5344 ἑπύρωσὰς
599 5293 695 5344 με,
727 5275 827 5330 καὶ
863 5277 976 5345 οὐχ
1007 5272 1220 5344 εὑρέθη
1254 5277 1324 5328 ἐν
1349 5275 1479 5346 ἐμοὶ
1519 5276 1647 5330 ἀδι-

106 5365 203 5421 κία.
240 5366 476 5422 ’Δδικίαν
505 5366 696 5420 εἴωθεν
725 5367 902 5437 ήθεία
936 5366 1126 5439 Γραφὴ
1158 5367 1340 5421 καλεῖν
1370 5367 1464 5438 τὴν
1501 5369 1641 5420 κατὰ

104 5457 180 5510 τοῦ
210 5457 337 5513 Θεοῦ
368 5457 722 5528 βλασφημίαν
743 5471 757 5486 ·
800 5457 1063 5512 Ἀδικίαν
1085 5458 1215 5529 γὰρ,
1249 5459 1437 5530 φησιν,
1465 5462 1552 5526 εις
1583 5459 1646 5512 τὸ

106 5549 236 5618 item;
256 5550 595 5618 ἐλάλησαν.

164 5640 346 5708 ὀπως
394 5641 475 5696 ἂν
514 5639 604 5710 μή
641 5639 892 5709 λαλήσῃ
920 5642 988 5697 τὸ
1005 5644 1201 5713 στόμα
1236 5661 1348 5699 αου
1392 5647 1463 5697 τὰ
1506 5645 1648 5714 ἔργα

170 5798 207 5829 ’θ
243 5798 380 5853 Phil.
417 5817 500 5862 ut,
538 5798 630 5852 Ei.
703 5802 720 5834 ⁸
750 5798 895 5854 Psal.
932 5816 1107 5866 Lxxn,
1140 5800 1192 5854 8.

312 5893 586 5954 ΡΑτιιοι..
631 5893 748 5954 Gtt.
797 5894 1062 5972 XXVII.

1755 4628 1849 4683 sed
1877 4628 2060 4699 lingua
2098 4643 2234 4698 pura
2253 4669 2267 4694 ,
2313 4639 2368 4683 et
2401 4631 2730 4685 meditandis
2757 4631 2993 4702 eloquiis
3019 4633 3219 4687 divinis
3247 4651 3330 4691 as-

1753 4733 1929 4787 sueta,
1962 4724 2184 4778 auribus
2217 4725 2446 4794 percipit
2473 4725 2635 4781 Deus.

1823 4817 1876 4871 2.
1923 4817 2001 4872 De
2025 4817 2169 4872 vultu
2211 4828 2299 4871 tuo
2328 4815 2591 4886 iudicium
2624 4837 2795 4874 meum
2822 4824 3061 4892 prodeat.
3107 4826 3325 4900 Perspi-

1753 4923 1854 4962 cue
1897 4917 2148 4977 precatur
2193 4906 2541 4978 Unigeuitum
2601 4911 2703 4966 sibi
2749 4912 2989 4984 judicent
3041 4922 3324 4978 constitui.

1758 5000 1911 5054 Oculi
1944 5000 2021 5054 tui
2050 4999 2260 5054 videant
2296 5003 2593 5071 a’quitates.
2647 5001 2864 5058 Justum
2903 5005 3023 5060 Filii
3055 5010 3324 5077 judicium

1753 5091 2012 5162 postulat.
2049 5106 2160 5160 quo
2179 5090 2443 5161 judicavit
2470 5091 2537 5147 de
2561 5091 2738 5146 nobis.

1823 5184 1876 5238 5.
1912 5181 2164 5237 Probasti
2201 5199 2291 5236 cor
2329 5199 2501 5236 meum
2533 5194 2582 5238 et
2613 5185 2845 5243 visitasti
2877 5199 3058 5255 nocte,
3097 5193 3212 5262 igne
3249 5212 3328 5248 me

1752 5275 2104 5340 examinati,
2138 5283 2189 5329 et
2227 5291 2329 5328 non
2361 5283 2439 5328 est
2470 5276 2682 5331 inventa
2713 5278 2764 5331 in
2788 5295 2866 5332 me
2906 5281 3180 5349 iniquitas.
3221 5283 3328 5338 Int-

1753 5369 2012 5436 quitatem
2059 5369 2198 5422 solet
2235 5367 2419 5422 divina
2451 5369 2728 5439 Scriptura
2759 5386 2956 5427 vocare
3008 5376 3323 5446 Itlaspltema

1753 5458 1807 5514 in
1840 5461 2006 5514 Deum
2036 5459 2218 5514 dicta:
2251 5456 2595 5528 Iniquitatem
2627 5463 2786 5527 enim,
2818 5462 3012 5534 inquit,
3044 5467 3098 5518 in
3120 5469 3324 5522 excelso

1751 5552 1913 5606 locuti
1943 5562 2066 5606 sunt
2093 5554 2132 5607 ¹.

1827 5647 1878 5701 ι.
1916 5643 1982 5698 Ut
2006 5663 2106 5700 non
2136 5646 2384 5704 loquatur
2418 5664 2474 5702 os
2501 5665 2669 5702 meum
2693 5666 2850 5717 opera
2897 5651 3184 5707 hominum.
3222 5653 3324 5710 Do-

3006 5889 3045 5950 li.
