4074 6304
733 393 834 451 107

1535 372 1591 427 S.
1634 369 1999 425 ATHANASH
2038 370 2189 425 OPP.
2230 368 2405 424 PARS
2444 368 2527 421 Ill.
2570 398 2637 409 -ο
2676 367 3082 423 EXEGETICA.

3827 367 3926 422 £08

733 528 819 575 eet
848 516 899 570 id
932 525 1145 584 quoque
1177 504 1474 564 cavendum
1509 513 1649 560 esse,
1672 505 1732 550 ut
1761 495 1895 549 nihil
1923 492 2169 551 mortale,
2201 489 2273 541 ni-
2307 495 2331 548 Α

2408 485 2489 539 ῶν
2519 486 2856 554 ἀνθρώπων.
2892 486 3160 549 Διδάσκει,
3185 485 3258 547 ὡς
3287 484 3379 536 καὶ
3410 485 3564 537 τοῦτο
3586 486 3933 556 παραφυλάτ-

734 611 809 665 hil
838 610 1131 662 humanum
1186 601 1491 669 loquamur.
1553 592 1775 659 Propter
1822 588 1973 642 verba
2018 586 2278 637 labiorum

734 714 944 761 tuorum
968 715 1057 768 ego
1090 692 1346 749 custodivi
1380 690 1490 742 vias
1520 686 1704 739 duras.
1750 682 1829 735 Oh
1857 680 2008 749 jussa
2029 719 2042 738 ,
2084 675 2278 743 inquit,

736 804 849 859 tua,
880 798 1161 860 angustam
1191 794 1245 839 et
1277 793 1477 837 arctam
1505 789 1712 849 portam
1740 774 2016 842 ingressus
2046 780 2187 821 sum.

805 1069 859 1123 5.
902 1064 1099 1133 Perﬁce
1131 1074 1334 1131 gressus
1367 1069 1503 1107 meos
1531 1053 1584 1104 in
1609 1050 1809 1104 semitis
1847 1046 1983 1108 tuis,
2030 1050 2136 1095 etc.
2174 1038 2282 1091 Do-

737 1168 888 1216 cetur
921 1129 1014 1211 his.
1039 1129 1214 1209 verbis
1246 1165 1311 1204 uc
1358 1145 1461 1203 sibi
1504 1142 1789 1213 quisquam
1827 1136 1995 1199 lidat;
2049 1132 2141 1188 sed
2176 1129 2286 1182 Deo

736 1251 1015 1305 innitatur.

810 1340 1051 1416 [Semitas
1084 1344 1263 1390 autem
1295 1325 1507 1384 Domini
1542 1330 1667 1379 sunt
1697 1319 2105 1376 observationes
2143 1334 2288 1373 man-

736 1431 1039 1505 datorum]

808 1526 861 1581 6.
894 1525 1003 1595 Ego
1019 1501 1256 1577 clamavi
1293 1517 1539 1589 quoniam
1563 1510 1829 1568 exaudiui
1860 1523 1936 1561 me
1959 1548 1973 1572 ,
2012 1505 2169 1558 Deus.
2224 1501 2289 1555 ll-

737 1621 850 1685 lud,
876 1614 1161 1676 exaudisti,
1198 1627 1313 1682 pro,
1345 1608 1621 1663 exaudics.
1670 1602 1789 1656 Non
1824 1608 2025 1653 temere
2054 1596 2142 1650 his
2171 1608 2291 1646 ver-

737 1710 820 1764 bis
852 1723 972 1763 sum
999 1719 1150 1767 usus,
1181 1680 1273 1755 sed
1320 1708 1467 1753 tuam
1512 1701 1765 1763 expertus
1796 1686 2164 1743 clementiam.
2209 1680 2291 1734 Me

739 1801 936 1869 quippe
979 1802 1255 1866 rogantem
1318 1804 1457 1859 saepe
1506 1783 1791 1840 exaudisti.
1858 1778 2069 1832 Inclina
2112 1791 2289 1829 aurem

742 1867 886 1943 tuam
914 1886 1062 1940 mihi.
1106 1882 1247 1937 Deus
1272 1887 1414 1935 totus
1444 1878 1592 1932 auris
1620 1884 1702 1931 est
1724 1916 1737 1939 ,
1773 1882 1959 1948 utpote
1989 1870 2081 1926 oui
2112 1867 2291 1923 omnia

741 1976 942 2030 audiat.

854 2067 965 2137 Ego
994 2063 1235 2125 clamavi,
1267 2069 1372 2115 etc.
1412 2056 1527 2109 Non
1572 2054 1773 2109 frustra
1810 2055 2013 2117 clamo,
2041 2049 2133 2106 sed
2169 2049 2296 2119 quia

742 2162 1060 2230 plerumque
1081 2152 1344 2208 exaudisti
1382 2165 1467 2203 me
1487 2188 1500 2211 ,
1528 2155 1652 2215 peto
1672 2146 1833 2200 etiam
1872 2159 2016 2198 nunc
2039 2152 2097 2195 ut
2123 2157 2293 2193 exau-

741 2252 860 2305 dias
894 2263 1000 2303 me.
1034 2246 1253 2301 Clamor
1281 2251 1459 2298 autem
1487 2242 1595 2305 ille,
1630 2250 1715 2296 est
1741 2241 1947 2293 intenta
1972 2249 2095 2302 erga
2128 2231 2295 2285 Deum

743 2337 1049 2409 cogitatio.]

819 2429 1064 2501 [Adipem
1093 2442 1244 2479 suum
1271 2422 1655 2477 concluserunt.
1701 2417 1871 2486 Adipe
1898 2412 2164 2484 signiﬁcat
2196 2410 2297 2464 ini-

750 2524 1018 2576 micorum
1048 2516 1337 2572 maximam
1370 2506 1830 2583 prosperitatem]

822 2612 911 2667 Η.
978 2610 1169 2666 Oculos
1213 2623 1332 2661 suos
1358 2610 1654 2660 statuerunt
1687 2600 1948 2653 declinare
1987 2597 2040 2650 in
2085 2604 2295 2646 terram.

750 2703 926 2767 Unus,
962 2700 1160 2771 inquit,
1194 2713 1392 2768 scopus
1419 2696 1518 2749 fuit
1560 2694 1664 2748 illis
1686 2703 1743 2747 ut
1770 2692 1834 2745 ad
1876 2699 2072 2745 terram
2103 2686 2300 2740 demit-

746 2804 881 2859 tant,
911 2803 965 2849 et
986 2808 1107 2863 quae
1128 2805 1346 2845 carnem
1370 2793 1613 2857 spectant
1641 2784 1841 2839 sentire
1876 2781 2157 2835 suadeant.

818 2888 905 2942 M.
945 2884 1228 2939 Frameam
1253 2892 1401 2935 tuam
1428 2879 1492 2931 ab
1521 2876 1749 2929 inimicis
1782 2888 2032 2925 manuum
2067 2880 2297 2922 tuarum.

742 2980 1007 3049 Quaelibet
1027 2976 1159 3045 justi
1185 2972 1365 3027 anima
1392 2979 1444 3024 et
1474 2968 1816 3037 potissimum
1840 2980 2026 3019 eorum
2060 2962 2152 3031 qui
2178 2977 2301 3031 prc-

744 3078 958 3125 catores
992 3067 1059 3121 ab
1104 3065 1379 3133 impietate
1431 3060 1500 3114 ad
1553 3058 1803 3128 pietatem
1854 3062 2142 3116 revocant,
2201 3066 2299 3105 ceu

746 3162 951 3218 framea
980 3167 1063 3214 est
1090 3165 1275 3211 contra
1307 3154 1573 3223 malignos
1613 3149 1835 3219 spiritus
1857 3156 2102 3201 exacuta.
2154 3142 2302 3195 Hanc

747 3255 912 3325 igitur
948 3251 1233 3310 frameam,
1280 3246 1527 3305 Domine,
1555 3256 1717 3310 quam
1752 3241 1867 3309 ipse
1897 3247 2083 3292 contra
2119 3235 2301 3288 inimi-

747 3360 841 3397 cos
868 3352 991 3396 tuos
1017 3338 1315 3401 exacuisti,
1361 3335 1509 3404 eripe
1556 3333 1624 3386 ab
1671 3330 1909 3385 inimicis
1949 3343 2143 3382 manus
2174 3336 2299 3380 tum.

750 3435 978 3502 Quinam
1014 3440 1191 3486 autem
1238 3436 1365 3484 sunt
1412 3424 1616 3481 inimici
1668 3437 1862 3477 manus
1898 3420 2009 3482 Dei,
2063 3419 2167 3473 nisi
2211 3416 2303 3487 qui

749 3527 872 3582 lidei
918 3526 973 3580 in
1005 3521 1353 3595 Unigenitum
1373 3558 1388 3584 ,
1435 3519 1525 3589 qui
1556 3531 1750 3572 manus
1772 3515 1918 3569 illius
1947 3522 2063 3577 est,
2112 3512 2301 3565 adver—

749 3618 973 3674 santur?

820 3803 1061 3865 Domine,
1094 3817 1127 3854 a
1150 3798 1331 3869 paucis
1364 3796 1426 3849 de
1456 3806 1593 3848 terra
1626 3792 1797 3846 divide
1826 3806 1931 3844 eos.
1961 3787 2215 3841 Precatur
2255 3793 2313 3838 ut

758 3915 787 3952 a
823 3895 1008 3967 paucis
1031 3892 1180 3961 impii
1207 3896 1544 3959 separentur.
1571 3884 1713 3953 quod
1748 3891 1827 3937 est
1852 3896 1914 3935 ac
1943 3881 1985 3933 si
2010 3878 2311 3932 divideren-

752 4001 861 4044 tur.
879 3988 1108 4054 Quinam
1132 3992 1311 4037 autem
1330 3988 1455 4035 sunt
1476 3976 1632 4047 pauci
1653 3977 1750 4036 illi,
1775 3975 1879 4028 nisi
1904 3974 1968 4027 de
1985 3973 2181 4041 quibus
2197 3970 2311 4023 diu—

757 4090 871 4134 tum
900 4084 1011 4133 est:
1033 4073 1189 4128 Multi
1213 4072 1418 4142 quidem
1434 4076 1554 4121 sunt
1577 4066 1743 4121 vocati
1780 4064 1933 4132 pauci
1951 4079 2064 4115 vero
2088 4062 2235 4115 electi
2253 4062 2271 4090 ³
2293 4059 2315 4111 ?

2380 578 2561 632 τεσθαι
2596 582 2727 657 πρὸς
2760 578 2819 629 τὸ
2853 576 3013 646 μηδὲν
3036 575 3223 645 θνητὸν
3251 576 3382 646 μηδὲ
3408 576 3743 646 ἀνθρώπινον
3774 577 3933 646 φθέγ-

2380 670 2585 738 γεσθαι.
2623 670 2722 722 Διά
2760 669 2897 733 τοὺς
2946 670 3166 736 λόγους
3212 666 3329 720 τῶν
3376 668 3623 735 χειλέων
3663 684 3778 723 σου
3821 670 3936 737 ἐγὼ

2379 762 2651 828 ἐφύλαξα
2731 760 2907 824 ὀδοὺς
2965 759 3253 827 σκληράς.
3302 761 3398 812 Διά
3461 760 3528 813 τὰ
3597 761 3665 813 σὰ
3698 764 3934 830 προεῖται

2382 872 2582 923 γματα,
2632 855 2783 923 φησὶ,
2811 855 2905 922 τὴν
2934 853 3120 924 στενὴν
3172 856 3261 906 καὶ
3288 852 3650 924 τεθλιμμένην
3679 853 3939 923 είσήλασα

2382 946 2574 1015 πύλην.

2454 1037 2807 1105 Κιιτιὶρτισαι
2838 1039 2908 1090 τὰ
2953 1036 3281 1106 διαϐήματά
3302 1054 3421 1105 μου
3460 1036 3529 1089 ἐν
3560 1036 3684 1101 τοῖς
3722 1037 3941 1103 τρίϐοις

2386 1144 2521 1181 σου.
2555 1130 2799 1182 Διδάσκει
2830 1131 2856 1181 ὁ
2888 1128 3040 1196 λόγος
3076 1130 3147 1200 μὴ
3203 1127 3519 1181 πεποιθέναι
3564 1127 3646 1197 ἐφ’
3682 1129 3896 1186 ἑαυτοῖς
3927 1164 3940 1189 ,

2386 1222 2477 1272 ἐπὶ
2500 1219 2555 1272 δὲ
2586 1219 2662 1289 τῷ
2694 1220 2809 1290 Θεῷ
2835 1220 3293 1290 ὲπιστηρίζεσθαι.

2470 1309 2695 1381 [Τρίϐοι
2725 1312 2779 1363 δὲ
2814 1313 3013 1382 Κυρίου
3042 1311 3149 1364 τῶν
3178 1313 3405 1365 ἐντολῶν
3436 1312 3490 1365 αἱ
3519 1311 3837 1383 τηρήσεις.]

2469 1491 2614 1561 Ἐγὼ
2646 1492 2954 1561 ἐκέκραξα.
2991 1494 3079 1547 ὅτι
3110 1493 3476 1560 εὶσήκουσάς
3512 1514 3653 1564 μου,
3699 1500 3732 1549 ό
3777 1496 3944 1561 Θεός.

2390 1584 2463 1637 Τὸ
2494 1583 2900 1649 εὶσήκουσας,
2942 1587 3061 1638 ἀντὶ
3110 1585 3237 1647 τοῦ,
3283 1586 3595 1659 είσακούσῃ.
3645 1589 3720 1641 Οὐ
3771 1590 3947 1658 μάτην

2390 1676 2562 1727 τοῖσδε
2596 1678 2706 1738 τοῖς
2736 1675 2911 1743 λόγοις
2939 1678 3276 1748 ἐχρησάμην,
3315 1679 3448 1732 ἀλλά
3494 1683 3685 1751 πεῖραν
3716 1682 3815 1751 τῆς
3852 1683 3949 1750 σῆς

2392 1768 2527 1839 ἔχων
2555 1768 2957 1839 φιλανθρωπίας
2984 1788 2995 1800 ·
3028 1772 3262 1841 ἧκουσας
3294 1774 3399 1845 γάρ
3433 1791 3532 1843 μου
3574 1774 3952 1845 παρακαλοῦν-

2392 1876 2479 1920 τος
2514 1859 2789 1922 πολλάκις.
2831 1860 3052 1914 κλῖνον
3100 1862 3166 1914 τὸ
3206 1859 3315 1927 οὖς
3364 1880 3479 1918 σου
3524 1865 3673 1935 ἐμοί.
3721 1865 3884 1928 ὐλος
3926 1868 3953 1918 ὁ

2394 1948 2522 2011 Θεὸς
2554 1944 2644 2010 οὖς
2677 1951 2843 2015 ἐστιν,
2881 1951 2954 2013 ὡς
2977 1951 3043 2003 τὰ
3078 1952 3253 2005 πάντα
3286 1954 3516 2008 ἀκούων.

2468 2037 2486 2110 [
2521 2040 2665 2107 Ἐγὼ
2691 2042 3001 2109 ἐκέκραξα,
3034 2045 3127 2096 καὶ
3157 2046 3222 2098 τά
3249 2044 3393 2115 ἑξῆς.
3424 2048 3498 2098 υῦ
3536 2049 3712 2119 μάτην
3747 2048 3953 2120 κράζω,

2396 2130 2508 2184 ἀλλ’
2547 2132 2666 2183 ἐπεὶ
2694 2132 2948 2197 πολλάκις
2971 2135 3226 2204 ἤκουσας,
3265 2135 3399 2189 αἰτῶ
3433 2138 3524 2191 καὶ
3559 2138 3651 2191 νῦν
3683 2141 3954 2210 ἀκουσθῆ-

2398 2240 2503 2276 ναι.
2540 2223 2767 2293 Κραυγὴ
2815 2224 2871 2276 δέ
2900 2228 3015 2277 ἐστι
3061 2227 3195 2297 πρὸς
3244 2227 3372 2281 Θεὸν
3402 2230 3495 2282 καὶ
3525 2231 3559 2301 ἡ
3591 2232 3957 2303 ὲπιτεταμένη

2397 2316 2599 2385 νόησις.
2621 2314 2639 2387 ]

2470 2406 2583 2478 [Τὸ
2616 2407 2801 2477 στέαρ
2830 2410 3026 2464 αὐτῶν
3064 2411 3438 2466 συνέκλειον.
3475 2414 3648 2485 Στέαρ
3686 2415 3789 2485 τὴν
3833 2431 3960 2484 σφο-

2398 2496 2656 2568 δροτάτην
2690 2500 2983 2571 εὐημερίαν
3005 2502 3111 2554 τῶν
3141 2502 3348 2573 ἐχθρῶν
3374 2504 3641 2573 σημαίνει.
3665 2504 3684 2576 ]

2476 2590 2618 2655 Τοὺς
2640 2591 2980 2659 ὀφθαλμοὺς
3016 2593 3210 2646 αὐτῶν
3247 2596 3449 2648 ἔθεντο
3476 2595 3748 2649 ἐκκλῖναι
3787 2597 3858 2650 ἐν
3889 2594 3962 2664 τῇ

2399 2679 2497 2750 γῇ.
2536 2678 2628 2743 Εἷς
2661 2684 2879 2746 σκοπὸς,
2908 2684 3058 2751 φησὶ,
3102 2684 3323 2751 γέγονεν
3360 2685 3557 2749 αὐτοῖς,
3601 2686 3763 2737 οἱονεὶ⁵
3804 2702 3964 2738 κατε-

2400 2773 2589 2840 νέγκαι
2623 2775 2701 2835 είς
2731 2772 2851 2842 γῆν,
2882 2774 2975 2824 καὶ
3001 2772 3067 2825 τὰ
3096 2776 3293 2845 σαρκὸς
3334 2778 3515 2828 πεῖσαι
3546 2778 3783 2845 φρονεῖν.

2484 2865 2699 2931 Ῥομφα
2715 2868 2799 2917 ἀν
2838 2883 2953 2920 σου
2995 2866 3112 2920 ἀπὸ
3156 2865 3382 2935 ἐχθρῶν
3420 2866 3536 2919 τῶν
3578 2867 3792 2935 χειρῶν
3823 2884 3963 2922 σου.

2420 2956 2651 3027 Ἐκάστη
2690 2959 2795 3012 τῶν
2831 2960 3051 3013 δικαίων
3080 2959 3221 3031 ψυχὴ
3252 2960 3345 3012 καὶ
3388 2959 3621 3029 μάλιστα
3642 2960 3749 3012 τῶν
3776 2959 3965 3013 ἑλκόνο

2403 3066 2508 3101 των
2537 3049 2661 3110 τοὺς
2710 3049 3062 3119 ἁμαρτωλοὺς
3103 3048 3162 3111 ἐξ
3204 3050 3454 3111 ἀσεϐείας
3500 3052 3578 3113 είς
3620 3050 3963 3110 θεοσέὅειαν,

2403 3139 2562 3192 οἱονεί
2581 3156 2695 3201 πως
2710 3141 2951 3210 ῥομφαία
2968 3140 3111 3192 ἐστὶν
3131 3141 3439 3210 ὴκονημένη
3456 3142 3595 3193 κατὰ
3610 3142 3716 3195 τῶν
3730 3159 3861 3194 πνευ
3871 3143 3965 3212 μά-

2406 3249 2511 3283 των
2536 3231 2634 3301 τῆς
2664 3232 2941 3303 πονηρίας.
2981 3233 3193 3303 Ταύτην
3222 3228 3312 3285 οὖν
3344 3231 3441 3301 τὴν
3477 3231 3770 3301 ῥομφαίαν.
3801 3226 3844 3285 ὦ
3874 3234 3968 3286 Δὲο

2411 3339 2598 3386 σποτα,
2635 3323 2817 3392 φησὶν,
2854 3324 2918 3392 ἣν
2947 3322 3106 3387 αὐτὸς
3136 3322 3277 3377 κατὰ
3315 3322 3422 3376 τῶν
3453 3322 3558 3376 σῶν
3598 3323 3805 3393 ἐχθρῶν
3835 3325 3967 3392 ips/J-

2410 3431 2595 3483 νησας,
2628 3414 2783 3485 ῥῦσαι
2817 3416 2925 3467 ἀπὸ
2957 3416 3061 3467 τῶν
3112 3415 3320 3487 ἐχθρῶν
3355 3416 3451 3485 τῆς
3502 3416 3598 3486 σῆς
3625 3417 3825 3487 χειρός.
3881 3416 3971 3467 Τί-

2411 3524 2497 3568 νες
2518 3506 2560 3558 δ’
2593 3505 2657 3559 ἂν
2680 3504 2787 3558 εἷεν
2816 3509 2864 3559 οἱ
2901 3507 2999 3576 τῆς
3033 3508 3213 3578 χειρὸς
3238 3506 3329 3560 τοῦ
3359 3508 3493 3561 Θεοῦ
3524 3508 3706 3579 ἐχθροὶ
3738 3508 3771 3579 ἢ
3802 3511 3850 3562 οἱ
3888 3511 3973 3563 ἀν-

2412 3596 2719 3667 θιστάμενοι
2749 3599 2813 3667 τῇ
2858 3599 2936 3661 είς
2971 3598 3058 3650 τὸν
3098 3597 3371 3667 Μονογενῆ
3406 3598 3567 3650 αὑτοῦ
3595 3598 3794 3663 πίστει,
3824 3599 3972 3661 ὅστις

2413 3689 2527 3740 εστὶ
2561 3690 2651 3741 καὶ
2679 3691 2800 3760 χεὶρ
2832 3691 3027 3754 αὐτοῦς

2485 3780 2675 3845 Κύριε,
2718 3779 2835 3832 ἀπὸ
2878 3780 3093 3848 ὀλίγων
3131 3780 3248 3834 ἀπὸ
3308 3780 3417 3850 τῆς
3477 3781 3822 3851 διαμέρισον
3868 3786 3973 3837 αὐ-

2418 3871 2574 3935 τούς.
2611 3870 2951 3941 Χωρισθῆναι
2980 3874 3101 3936 τοὺς
3125 3873 3343 3936 ἀσεϐεῖς
3370 3874 3477 3926 τῶν
3502 3874 3696 3941 ὀλίγων
3728 3875 3969 3945 εὔχεται,

2418 3961 2574 4013 οἱονεί
2600 3978 2713 4024 πως
2753 3961 3183 4033 διαμερισθῆναι.
3211 3964 3364 4027 Τίνες
3388 3965 3444 4017 δὲ
3466 3967 3515 4018 oi.
3542 3965 3709 4033 ὀλίγοι
3759 3966 3794 4037 ἢ
3844 3968 3975 4037 περὶ

2419 4047 2493 4105 ὧν
2521 4052 2799 4105 λέλεκταιο
2831 4055 3049 4107 Πολλοὶ
3081 4056 3195 4122 μὲν
3220 4056 3447 4123 κλητοὶ,
3485 4058 3672 4124 ὀλίγοι
3703 4056 3772 4110 δὲ
3801 4058 3973 4111 ἐκλε-

2420 4146 2547 4197 κτοί

828 4325 1015 4379 Daniel
1035 4323 1302 4378 Barbarus
1321 4318 1649 4387 :Prseparata
1663 4323 1765 4382 est,
1790 4315 1984 4385 inquit,
2005 4313 2109 4367 illis
2126 4311 2333 4366 occulta
2352 4327 2507 4382 paena
2526 4328 2645 4381 qua:
2673 4326 2840 4378 usque
2866 4310 2929 4363 ad
2949 4310 3154 4364 viscera
3186 4311 3502 4379 penetrabit,
3514 4312 3664 4381 juxta
3684 4310 3813 4366 illud
3832 4309 3973 4381 quod

761 4419 825 4472 de
852 4418 987 4472 Juda
1008 4418 1211 4471 dictum
1234 4423 1316 4469 est
1342 4432 1354 4466 :
1383 4410 1449 4464 Et
1482 4410 1695 4464 intravit
1719 4408 2019 4462 maledictio
2042 4409 2191 4475 quasi
2228 4422 2364 4474 aqua
2403 4408 2457 4457 iu
2489 4406 2741 4457 interiora
2777 4404 2909 4464 eius,
2934 4415 2980 4455 et
3003 4405 3136 4456 sicut
3162 4404 3331 4456 oleum
3354 4405 3405 4457 in
3429 4404 3630 4457 ossibus
3660 4404 3772 4472 ejus
3804 4405 3842 4456 ³.

832 4572 900 4627 Et
932 4572 993 4627 de
1014 4569 1329 4624 absconditis
1363 4569 1467 4621 tuis
1492 4566 1799 4634 adimpletus
1826 4574 1900 4618 est
1928 4573 2098 4618 venter
2125 4579 2322 4617 eorum.

2498 4563 2604 4615 Kal
2630 4561 2746 4615 τῶν
2784 4563 3197 4632 κεκρυμμένων
3237 4579 3351 4617 σου
3380 4564 3654 4633 ἐπλήσθη
3684 4567 3721 4634 ἡ
3751 4568 3981 4638 γαστὴρ

763 4667 1046 4727 Omnibus,
1076 4664 1266 4732 inquit,
1300 4659 1551 4731 pretiosis
1578 4657 1730 4726 potiti
1769 4664 1897 4711 sunt
1929 4672 1944 4720 ;
1976 4654 2205 4723 ideoque
2246 4654 2319 4707 ita

766 4756 1194 4816 recalcitrarunt,
1229 4768 1287 4806 ut
1328 4748 1825 4819 praevaricarentur.
1875 4744 1992 4796 Alio
2028 4746 2199 4795 modo.
2247 4739 2323 4794 De

767 4847 1081 4901 absconditis
1114 4844 1239 4908 tuis,
1284 4858 1349 4896 ac
1378 4843 1423 4896 si
1458 4841 1678 4903 diceret,
1713 4853 1850 4906 quas
1893 4842 1950 4889 tu
1999 4850 2187 4904 ptenas
2228 4848 2322 4888 oc-

769 4942 906 4995 culte
943 4940 1104 5003 nosti,
1140 4952 1239 5007 ego
1273 4936 1485 5005 ignoro,
1535 4932 1601 4987 iis
1648 4931 1809 4999 imple
1852 4936 2067 4983 ventres
2111 4942 2322 4982 eorum.

766 5035 907 5103 quod
951 5029 1248 5101 periphrasi
1294 5028 1518 5085 dictum.
1570 5040 1689 5093 pro,
1737 5037 1829 5076 eos
1876 5022 2041 5091 ipsos.
2088 5017 2325 5074 Saturati

702 5164 703 5167 η
762 5135 883 5177 sunt
909 5124 1053 5192 ﬁliis,
1083 5131 1131 5176 et
1152 5121 1459 5174 dimiserunt
1487 5116 1731 5185 reliquias
1763 5130 1887 5166 suas
1933 5109 2163 5179 parvulis
2196 5110 2329 5163 suis.

762 5218 921 5272 Omni
955 5215 1138 5284 repleti
1179 5221 1304 5268 sunt
1347 5208 1648 5279 iniquitate,
1683 5215 1735 5262 et
1768 5221 1885 5261 eam
1920 5204 2045 5259 ﬁliis
2075 5204 2329 5258 transmi-

765 5318 972 5364 Scrunt.

836 5396 1031 5468 [Atque
1056 5397 1225 5466 ipsam
1254 5396 1518 5463 reliquere
1544 5392 1781 5463 parvulis
1817 5390 2046 5444 liliorum
2077 5403 2319 5452 suorum,

767 5490 970 5544 scilicet
1003 5502 1170 5556 usque
1191 5486 1257 5539 ad
1283 5484 1621 5555 abnepotes]

840 5582 925 5635 15.
972 5582 1079 5647 Ego
1105 5589 1277 5631 autem
1303 5578 1579 5648 injustitia
1612 5573 1867 5644 apparebo
1891 5575 2184 5642 conspectui
2215 5582 2323 5625 tuo.

832 5763 861 5794 ⁸
902 5756 1064 5813 Matth
1124 5772 1213 5823 ιι,
1248 5755 1331 5808 ib.
1418 5757 1436 5785 ³
1475 5754 1613 5808 Psal.
1652 5768 1796 5818 cvm,
1830 5753 1914 5807 ili.

2426 4652 2637 4707 αὐτῶν.
2678 4653 2919 4715 Πάντων,
2950 4654 3102 4725 φησὶ,
3145 4653 3252 4705 τῶν
3286 4655 3479 4724 τιμίων
3512 4656 3826 4710 ἀπέλαυσαν
3852 4676 3866 4689 ⁸
3903 4660 3981 4712 διὸ

2429 4744 2520 4795 καὶ
2539 4743 2901 4797 ἀπελάκτισιν
2933 4743 3124 4808 οὕτως,
3147 4744 3221 4808 ὡς
3250 4747 3342 4798 καὶ
3374 4749 3725 4817 παρανομεῖν.
3764 4749 3885 4803 Τῶν
3928 4751 3981 4802 δὲ

2430 4832 2849 4901 κεκρυμμένων
2881 4849 2996 4887 σου
3026 4836 3147 4886 ἀντὶ
3172 4833 3286 4897 τοῦ,
3314 4829 3388 4889 ὧν
3408 4840 3466 4890 ὲν
3493 4838 3795 4909 ἀποκρύφῳ
3825 4859 3985 4913 τιμω-

2434 4927 2562 4997 ριῶν
2585 4927 2724 4996 ἔχεις
2749 4927 2844 5025 ⁸τὴν
2869 4927 3087 4995 γνῶσιν,
3126 4924 3235 4995 ἐγὼ
3260 4928 3457 4996 ἀγνοῶ,
3475 4929 3686 4982 ’τούτων
3710 4931 3985 5004 ἔμπλησον

2432 5020 2526 5082 τὰς
2558 5018 2825 5090 γαστέρας
2862 5018 3057 5083 αὐτῶν,
3102 5020 3541 5090 περιφραστικῶς
3574 5023 3725 5087 ἀντὶ,
3770 5024 3981 5089 αὐτούς.

2447 5109 2932 5178 Ἐχορτάσθησαν
2956 5108 3119 5172 υίῶν,
3151 5109 3248 5162 καί
3286 5108 3527 5177 ἀφῆκαν
3556 5110 3627 5162 τὰ
3656 5112 3987 5167 semilauta

2430 5204 2551 5267 τοῖς
2603 5204 2840 5268 νηπίοις
2891 5200 3104 5255 αὐτῶν.
3159 5202 3384 5271 Πάσης,
3444 5206 3597 5273 φησὶ,
3646 5207 3987 5278 παρανομίας

2429 5297 2794 5367 ἐπλήσθησαν,
2819 5299 2910 5351 καὶ
2935 5299 3013 5360 είς
3045 5296 3234 5361 παῖδας
3268 5297 3323 5351 δὲ
3348 5297 3549 5370 ταύτην
3572 5300 3959 5371 παρέπεμψαν.

2497 5388 2640 5461 [Καὶ
2666 5390 2868 5461 ταύτην
2899 5390 3221 5457 κατέλειψαν
3249 5392 3359 5452 τοῖς
3381 5393 3592 5461 νηπίοις
3610 5391 3721 5444 τῶν
3744 5394 3875 5446 υίῶν
3895 5395 3987 5446 αὑ-

2427 5484 2553 5542 τῶν,
2584 5484 2747 5552 ἧγουν
2784 5484 2942 5553 μέχρι
2977 5482 3233 5549 ἐκγόνων.
3262 5480 3280 5552 ]

2514 5572 2654 5640 Ἐγὼ
2690 5572 2756 5624 δὲ
2785 5573 2854 5624 ἑν
2878 5571 3228 5639 δικαιοσύνῃ
3275 5571 3605 5643 ὀφθήσομαι
3648 5573 3727 5638 τῷ
3764 5574 3982 5643 προσώ-
