4074 6304
122 384 204 439 I09

1165 373 1523 428 EXPOSITIO
1567 374 1631 428 IN
1686 375 2013 431 PSALMUM
2054 377 2213 431 XVII.

3210 389 3309 443 HO

116 512 193 558 ,τῳ
219 508 341 546 σου.
372 489 478 559 Οὐχ
516 486 924 558 ὁμοιωθήσομαι
958 486 1204 549 ἐκείνοις,
1232 486 1350 539 οὐδὲ
1401 486 1506 539 τῶν
1550 487 1646 539 αὑ-

1752 488 1862 541 Non
1894 504 1986 542 cro
2012 491 2203 543 similis
2235 490 2365 555 illis,
2397 506 2568 559 neque
2606 494 2795 548 iisdem
2836 496 2985 564 queis
3025 497 3100 550 illi
3138 502 3305 555 satia-

116 586 225 649 τῶν,
251 582 395 651 φησὶ,
420 577 892 649 χορτασθήσομαι·
929 575 1064 627 ἀλλὰ
1095 576 1188 645 τῆς
1226 575 1320 643 σῆς
1354 575 1509 645 δόξης
1553 577 1649 643 ἐμ-

119 673 469 748 πλησθήσομαι
500 670 588 723 διὰ
617 668 841 721 δικαίων
875 667 1069 737 ἔργων.

118 811 205 877 Εἰς
236 810 295 862 τὸ
331 806 502 869 τέλος
544 804 623 869 τῷ
664 804 824 857 παιδὶ
861 805 1077 871 Κυρίου
1116 802 1194 867 τῷ
1228 802 1426 865 Δαυῒδ,
1457 802 1651 857 dixid-

176 906 316 967 λησε
352 895 430 961 τῷ
456 896 652 962 Κυρίῳ
686 895 826 960 τοὺς
852 897 1070 962 λόγους
1107 892 1215 961 τῆς
1248 893 1406 960 ᾠδῆς
1434 895 1651 960 ταύτης

179 994 240 1044 ἐν
268 991 449 1057 ἡμέρᾳ
482 983 521 1057 ᾖ
550 988 843 1055 ἐρρύσατο
869 986 1056 1039 αὑτὸν
1090 987 1303 1052 Κύριος
1346 987 1412 1038 ἐκ
1458 987 1651 1054 χειρὸς

176 1082 396 1137 πάντων
431 1080 552 1133 τῶν
581 1078 808 1147 ἐχθρῶν
852 1078 1034 1131 αὑτοῦ
1079 1080 1175 1130 καὶ
1219 1080 1285 1131 ἐκ
1318 1080 1511 1147 χειρὸς
1544 1081 1653 1132 Σα-

172 1175 290 1237 οὺλ,
326 1171 423 1225 καί
455 1168 645 1224 εἶπεν.
674 1173 779 1223 ΙΖ’.

701 1328 714 1345 ⁸
726 1329 1033 1392 Υπόθεσις.

117 1466 332 1537 Περεέχει
362 1467 387 1517 ὁ
414 1463 626 1533 ψαλμὺς
670 1463 1031 1516 ἐπανάστασιν
1071 1460 1277 1530 ὲχορῶν
1304 1462 1397 1513 καὶ
1425 1461 1651 1531 ἐπίκλη-

175 1574 246 1608 σιν
288 1557 361 1618 είς
399 1554 715 1624 συμμαχίαν
760 1552 913 1615 Θεοῦ,
951 1553 1043 1604 καὶ
1074 1551 1296 1604 κάθοδον
1343 1551 1435 1604 τοῦ
1476 1553 1649 1605 Μονο-

171 1647 340 1715 γενοῦς
382 1650 476 1699 καὶ
516 1645 801 1713 ἀνάληψιν,
843 1646 935 1697 καὶ
982 1644 1118 1714 μετὰ
1160 1643 1253 1714 τὴν
1296 1644 1558 1714 ἀνάληψιν
1584 1645 1652 1697 τὰ

172 1741 295 1792 κατὰ
341 1739 448 1790 τῶν
486 1738 755 1807 δαιμόνων
794 1736 1119 1806 πραχθέντα,
1164 1736 1254 1788 καὶ
1304 1734 1394 1788 τοῦ
1441 1736 1651 1806 Ἰσραὴλ

172 1831 397 1901 ὶκὸολὴν,
434 1831 533 1884 καὶ
562 1828 671 1881 τῶν
706 1825 870 1881 ὲθνῶν
905 1829 1113 1899 κλῆσιν,
1148 1827 1219 1881 Τὸ
1250 1828 1326 1889 δὲ,
1361 1828 1428 1880 ἐκ
1454 1827 1649 1895 χειρὸς
1680 1839 1721 1894 Β

173 1923 279 1975 τῶν
303 1920 533 1990 ἐχθρῶν
560 1921 765 1983 αὐτοῦ,
802 1921 898 1976 καὶ
940 1921 1007 1972 ἐκ
1034 1920 1232 1987 χειρὸς
1264 1920 1483 1982 Σαοὺλ,
1517 1921 1647 1972 ἀνα-

174 2014 357 2087 φέροιτ’
389 2012 453 2066 ἂν
486 2014 567 2076 είς
608 2014 733 2074 τοὺς
766 2011 985 2081 νοητοὺς
1016 2011 1240 2081 ἐχθροὺς
1285 2011 1377 2063 καὶ
1404 2012 1492 2063 τὸν
1526 2008 1645 2062 τοῦ·

173 2123 267 2158 των
293 2106 550 2175 ἄρχοντα.

185 2196 475 2265 Ἀγαπήσω
510 2209 614 2257 σε,
658 2194 851 2261 Κύριε,
890 2193 1065 2260 ἰσχύς
1093 2207 1240 2260 μου·
1279 2193 1491 2258 Κύριος
1518 2207 1650 2244 στε-

109 2285 279 2354 ρέωμὰ
321 2303 435 2353 μου
497 2285 594 2336 καὶ
643 2282 949 2351 καταφυγή
996 2298 1135 2349 μου.
1178 2280 1297 2331 Τῶν
1328 2281 1649 2351 εὐεργεσιῶν

117 2378 401 2447 αἰσθόμενος
458 2375 555 2428 τοῦ
605 2374 760 2436 Θεοῦ,
810 2376 944 2443 ὅπερ
995 2373 1111 2424 ἐστὶ
1151 2373 1404 2442 μέγιστον
1458 2372 1643 2443 δῶρον,

117 2471 398 2542 ἀνατίθησιν
422 2470 593 2539 αὐτῷ,
625 2468 719 2538 τὴν
750 2466 967 2535 ἀγάπην
997 2466 1169 2535 φημί·
1206 2466 1270 2535 ἣν
1304 2467 1394 2517 καὶ
1426 2465 1647 2537 πρώτην

116 2562 322 2632 ὀΣωτὴρ
355 2563 411 2614 ἐν
444 2560 681 2621 ἐντολαῖς
712 2558 917 2623 ἔταξεν.

176 2650 351 2705 Διί-ῶν
377 2649 841 2717 ἐπεκαλοσάμην
894 2649 1004 2700 τὸν
1050 2648 1265 2716 Κύριον
1296 2648 1389 2701 καί
1421 2648 1487 2701 ἐκ
1532 2645 1649 2701 τῶν

114 2743 310 2812 ἐχθρῶν
361 2760 477 2812 μου
538 2741 905 2809 σωθήσομαι.
986 2740 1243 2792 Ἐνταῦθα
1294 2739 1647 2808 διδασκόμεθα

118 2836 249 2906 χάριν
288 2834 379 2904 μὲν
401 2835 686 2904 ὁμολογεῖν
720 2833 857 2902 ὑπὲρ
884 2832 991 2883 τῶν
1021 2830 1383 2900 ὑπηργμένων
1408 2830 1644 2897 ἀγαθῶν·

118 2927 260 2977 αίτεῖν
286 2925 339 2976 δὲ
370 2925 534 2977 πάλιν
567 2923 636 2975 τὰ
661 2923 924 2975 ἐνδέοντα,
952 2917 1083 2973 Εἶτα
1109 2920 1373 2991 διηγεῖται
1404 2921 1499 2986 τὰς
1525 2936 1649 2974 παν-

116 3015 320 3077 τοδαπὰς
350 3015 455 3067 τῶν
491 3013 766 3083 πολεμίων
791 3013 1199 3073 ἐπαναστάσεις.

170 3106 476 3177 Περιέσχον
502 3124 581 3176 με
626 3104 831 3169 ὠδῖνες
869 3103 1144 3159 θανάτου.
1181 3102 1431 3166 Οὐδενὸς,
1464 3103 1643 3172 φησὶν,

1756 579 1888 632 bor:
1924 581 2015 633 sed
2049 590 2136 633 tua
2172 582 2337 650 gloria
2366 597 2457 649 per
2489 584 2626 635 bona
2656 598 2815 651 opera
2852 587 3114 654 replebor.

1752 803 1893 856 LIn
1940 806 2093 872 ﬁnem
2146 824 2301 875 puero
2352 808 2558 862 Domini
2605 811 2793 877 David,
2844 830 2961 883 qua!
2991 816 3191 870 locuttts
3232 830 3305 869 est

1830 894 2052 948 Domino
2104 898 2255 950 verba
2298 902 2491 951 cantici
2540 902 2717 970 hujus,
2775 905 2827 958 in
2856 906 2940 958 die
2980 924 3079 976 qua
3116 910 3304 977 eripuit

1822 1001 1937 1038 eum
1971 985 2224 1040 Dominus
2255 991 2317 1041 de
2343 1006 2500 1042 manu
2538 995 2769 1046 omnium
2808 997 3137 1051 inimicorum
3170 1001 3301 1069 ejus,

1826 1089 1873 1131 et
1901 1080 1964 1133 de
1985 1097 2138 1133 manu
2169 1082 2321 1145 Saul,
2360 1095 2409 1137 et
2435 1085 2590 1139 dixit.
2619 1087 2956 1145 PSALMUS
2985 1090 3177 1149 XVII.

2332 1330 2725 1398 Argumentum.

1750 1452 2001 1514 Continet
2030 1462 2270 1529 psalmus
2316 1465 2667 1534 irruptionem
2702 1467 3070 1532 inimicorum,
3116 1481 3169 1525 et
3206 1471 3304 1525 im.

1830 1550 2181 1617 plorationem
2230 1558 2413 1609 auxilii
2464 1557 2602 1625 Dei;
2645 1561 2959 1615 descensum
3013 1561 3301 1632 Unigenili.

1819 1652 1871 1695 et
1898 1649 2316 1714 assumptionem
2339 1650 2475 1717 ejus,
2501 1659 2551 1705 et
2574 1664 2689 1721 post
2708 1655 3157 1723 assumptionem,
3184 1672 3305 1725 quas

1820 1742 2005 1786 contra
2032 1734 2302 1792 daemones
2334 1750 2449 1793 acta
2476 1750 2624 1805 sunt,
2653 1742 2973 1810 ejectionem
3015 1743 3226 1799 lsraelis
3254 1755 3308 1800 et

1820 1825 2055 1889 gentium
2082 1829 2434 1883 vocationem.
2456 1830 2589 1886 Illud
2610 1843 2807 1895 autem,
2824 1834 2887 1885 de
2908 1849 3063 1887 manu
3078 1837 3307 1891 inimico-

1814 1928 1927 1964 rum
1967 1916 2077 1981 ejus
2114 1930 2160 1969 et
2183 1919 2244 1971 de
2279 1935 2434 1972 manu
2468 1920 2668 1987 Saulis,
2695 1924 2758 1977 ad
2787 1924 3091 1992 spirituales
3117 1928 3301 1983 hostes

1819 2014 1871 2056 et
1902 2005 2093 2059 horum
2128 2011 2424 2079 principem
2460 2013 2650 2069 referri
2683 2025 2879 2085 potest.

1816 2183 1867 2239 2.
1923 2185 2147 2256 Diligam
2199 2200 2263 2255 te,
2305 2190 2549 2254 Domine,
2584 2194 2840 2262 fortitudo
2882 2214 3012 2260 mea,
3054 2198 3305 2254 Dominus

1749 2277 2134 2342 firmamentum
2187 2301 2355 2337 meum
2416 2296 2463 2339 et
2512 2289 2767 2358 refugium
2811 2309 2996 2347 meum.
3035 2292 3167 2348 Cum
3212 2297 3302 2351 Dei

1749 2371 1975 2424 senserit
2008 2372 2283 2439 beneﬁcia,
2310 2377 2452 2444 quod
2470 2380 2709 2432 omnium
2737 2382 2998 2436 donorum
3022 2394 3104 2437 est
3136 2388 3304 2439 maxi-

1750 2474 1895 2511 mum
1937 2459 2092 2513 offert
2131 2463 2253 2531 ipsi,
2286 2480 2475 2534 nempe
2513 2468 2852 2535 cliaritatcm,
2887 2474 2972 2525 cui
3012 2476 3213 2542 primas
3246 2478 3299 2530 in

1749 2551 2028 2619 praeceptis
2060 2550 2306 2607 Salvator
2333 2556 2544 2610 detulit.

1817 2637 1869 2691 3.
1918 2637 2162 2695 Laudans
2214 2644 2445 2696 invocavi
2499 2644 2795 2711 Dominum,
2846 2660 2894 2702 et
2954 2653 3015 2702 ab
3073 2654 3297 2709 inimicts

1748 2730 1872 2783 meis
1919 2731 2092 2785 salvus
2141 2750 2246 2787 ero.
2292 2732 2389 2789 Hic
2435 2735 2693 2792 docemur
2726 2741 2949 2809 gratiam
2987 2744 3185 2798 relerre
3229 2747 3295 2799 de

1748 2822 1905 2876 bonis
1946 2826 2141 2889 quibus
2186 2828 2327 2879 aucti
2378 2842 2564 2883 sumus
2604 2848 2615 2883 :
2656 2840 2709 2884 et
2754 2847 2968 2885 rursum
3026 2836 3299 2902 postulare

1749 2928 1868 2983 qua:
1900 2915 2112 2969 desunt.
2159 2915 2417 2987 Deinceps
2455 2930 2629 2975 autem
2670 2923 2909 2977 diversas
2951 2937 3165 2980 enarrat
3196 2928 3299 2980 ini-

1749 3007 2010 3059 micorum
2050 3010 2395 3079 irruptiones.

1818 3097 1868 3150 5.
1917 3096 2377 3153 Circumdederunt
2417 3118 2496 3156 me
2531 3104 2732 3158 dolores
2778 3110 2979 3163 mortis.
3010 3107 3123 3164 Non
3159 3128 3300 3168 mor-

117 3200 317 3252 ἐνταῦθα
356 3198 597 3270 πολέμου
650 3196 843 3264 θνητοῦ
880 3196 1172 3266 μέμνηται,
1208 3194 1340 3247 ἀλλὰ
1368 3195 1643 3265 δυνάμεων

1752 3188 1855 3243 tale
1883 3190 1966 3244 hic
1987 3191 2182 3245 bellum
2201 3206 2483 3257 memorat,
2513 3196 2602 3249 sed
2648 3196 2941 3253 invisibiles
2985 3211 3297 3269 potestates,

116 3290 325 3357 ἀφανῶν,
355 3292 501 3343 ένδον
528 3292 627 3362 τὴν
652 3290 826 3359 ψυχὴν
849 3288 1010 3341 αὐτοῦ
1038 3286 1364 3339 κυκλουσῶν.
1400 3286 1507 3338 Kal
1527 3286 1645 3353 χεί-

113 3385 292 3449 μαρῤοι
327 3382 579 3451 arcu/aq
610 3378 971 3448 ἐξετάραξάν
994 3394 1087 3447 με.
1135 3376 1355 3440 Ὠδῐνες
1373 3374 1519 3441 ᾅδου
1546 3391 1645 3426 πε-

111 3475 494 3539 ριεκύκλωσὰν
520 3492 600 3544 με
628 3492 642 3504 ·
673 3470 1061 3541 προέφθασάν
1078 3485 1154 3537 με
1194 3467 1437 3537 παγίδες
1469 3465 1645 3521 θανά-

117 3580 219 3619 του.
255 3568 552 3638 Χείμαρροι
597 3565 823 3636 ἀνομίας
873 3564 1009 3617 εἰσὶν
1051 3565 1097 3616 οἱ
1148 3562 1446 3632 παράνομοι
1503 3561 1647 3628 λογι-

118 3656 250 3723 σμοί’
276 3650 414 3710 οὗτοι
447 3658 506 3710 δὲ
541 3656 693 3709 αὐτοὶ
722 3657 813 3707 καὶ
838 3654 1025 3716 ὠδῖνες
1066 3653 1350 3705 καλοῦνται
1385 3652 1648 3722 χρονίζον-

117 3761 187 3807 se;
210 3746 258 3798 ὲν
286 3748 431 3817 ἡμῖν,
476 3747 574 3799 καὶ
620 3744 779 3797 πάλιν
823 3743 1066 3812 παγίδες,
1114 3742 1465 3804 θανατοῦντες
1499 3744 1644 3812 ἡμᾶς

115 3835 185 3887 διὰ
210 3837 296 3907 τῆς
328 3840 441 3891 κατ’
476 3836 758 3909 ἐνέργειαν
793 3834 1084 3907 ἁμαρτίας.

172 3931 266 3982 Kal
282 3931 581 3997 ἐσαλεύθη
624 3928 720 3981 καὶ
751 3928 1033 3996 ἔντρομος
1065 3925 1316 3994 ἐγενήθη
1355 3928 1393 3993 ἠ
1430 3924 1527 3995 γῆ.
1563 3925 1642 3978 Τὰ

118 4021 421 4091 παραχθέντα
465 4022 590 4073 τότε
636 4020 727 4072 ἐπὶ
769 4022 833 4088 τῇ
866 4018 1076 4088 καθόδῳ
1116 4017 1208 4071 τοῦ
1252 4018 1453 4087 Κυρίου
1495 4019 1641 4087 εἰση-

117 4114 291 4175 γεῖται·
325 4112 521 4174 πάντες
552 4110 661 4181 γὰρ
709 4110 757 4161 ol
794 4110 890 4179 τὴν
932 4108 1036 4177 γῆν
1084 4106 1355 4170 οἰκοῦντες
1388 4108 1640 4179 ἐκινήθη-

119 4218 222 4253 σαν*
256 4203 397 4257 πᾶσά
428 4219 485 4255 τε
528 4200 686 4272 χώρα
714 4199 1015 4271 ἐπληροῦτο
1047 4199 1146 4268 τῆς
1181 4198 1307 4269 περὶ
1334 4197 1498 4251 αὐτοῦ
1537 4200 1640 4269 φή-

119 4308 220 4362 μης.
251 4294 350 4347 Kal
392 4292 463 4346 τὰ
517 4290 766 4361 θεμέλια
803 4289 922 4343 τῶν
973 4289 1156 4360 ὀρέων
1204 4288 1639 4359 ἐταράχθησαν.

120 4384 231 4455 Ὀρη
257 4386 503 4456 δυνάμεις
527 4385 637 4437 εισὶ
660 4384 892 4453 πονηραί¹
918 4382 974 4435 αί
1001 4382 1354 4451 ἐπαιρόμεναι
1382 4382 1519 4434 κατὰ
1541 4382 1641 4451 τῆς

118 4473 243 4547 δόξης
268 4477 356 4530 τοῦ
380 4478 537 4531 Θεοῦ.
572 4475 811 4546 Θεμέλια
841 4474 897 4527 δὲ
928 4473 1105 4525 αὐτῶν
1131 4475 1253 4535 τοὺς
1288 4474 1345 4525 ὲν
1378 4472 1530 4542 βάθει
1558 4474 1642 4526 λο-

118 4568 308 4637 γισμούς
340 4585 521 4639 φησιν,
570 4568 683 4624 Kal
735 4566 1190 4631 ἐσαλεύθησαν,
1248 4564 1335 4617 ὄτι
1380 4564 1637 4633 ὠργίσθη

117 4660 281 4726 αὐτοῖς
308 4663 338 4714 ό
369 4662 529 4727 Θεός.
564 4660 706 4713 Διότι
744 4660 801 4712 ὲν
835 4654 1207 4727 μακρῷ-αἰῶνι
1249 4657 1375 4719 τοὺς
1412 4655 1502 4709 ἐπὶ
1541 4655 1637 4727 τῆς

117 4751 196 4820 γῆς
218 4753 489 4822 ἠπάτησαν
519 4751 612 4805 διὰ
640 4750 739 4820 τῆς
766 4748 1025 4802 πολυθέου
1058 4745 1495 4817 δεισιδαιμονίας.

178 4842 359 4911 Ἀνέϐη
383 4843 615 4909 καπνὸς
639 4842 709 4895 ἐν
730 4839 877 4910 ὀργῇ
899 4839 1105 4893 αὐτοῦ.
1140 4838 1462 4909 ὐργισθεὶς,
1482 4838 1633 4908 φησὶ,

116 4934 398 4988 κατέσϐεσεν
430 4934 614 4988 αὐτῶν
652 4932 713 4986 τὸ
746 4932 855 5001 πῦρ
886 4932 953 4984 δι’
987 4928 1047 4986 οὗ
1082 4931 1245 4984 πάλαι
1275 4930 1397 4992 τοὺς
1430 4929 1636 5000 ἀνθρώ-

118 5040 221 5088 πους
245 5028 582 5096 κατέφλεγον.
626 5026 737 5078 Καὶ
783 5022 970 5078 τούτου
1004 5023 1268 5094 σύμϐολον
1308 5023 1397 5075 τὸν
1432 5020 1635 5075 καπνὸν

116 5115 277 5185 τίθησι.
306 5119 406 5174 Kal
449 5118 571 5186 πῦρ
604 5116 724 5171 ἀπὸ
757 5117 1077 5184 προσώπου
1116 5114 1299 5169 αὐτοῦ
1345 5116 1635 5183 καταφλε-

118 5206 338 5275 ﬁderat.
370 5210 556 5264 Ταῦτα
571 5209 679 5278 γὰρ
700 5210 729 5261 ὁ
744 5206 837 5260 τοῦ
860 5207 992 5260 Θεοῦ
1023 5206 1147 5270 Υἱὸς
1178 5207 1389 5277 ἐνεργεῖ
1416 5204 1634 5273 ἀφανῶς

118 5298 229 5351 κατὰ
243 5300 341 5353 τῶν
360 5300 750 5370 ἀντικειμένων
766 5298 1045 5369 δυνάμεων
1069 5297 1129 5350 τὸ
1150 5296 1259 5366 πῦρ
1280 5296 1457 5350 αὐτῶν
1480 5295 1632 5348 σϐεν-

119 5387 189 5451 νὺς
206 5390 357 5462 ἑτέρῳ
379 5409 451 5445 πυ
460 5392 511 5461 p‘t
528 5390 799 5461 κρείττονι
831 5392 921 5443 καὶ
941 5388 1305 5458 δυνατωτέρῳ.
1335 5385 1632 5457 [ὐρῶντες

119 5478 201 5546 γὰρ
219 5483 260 5533 οί
288 5482 528 5552 δαίμονες
571 5483 662 5535 τὸν
702 5482 939 5553 Κύριον,
977 5484 1035 5533 ἐν
1068 5483 1133 5551 τῇ
1173 5480 1441 5550 παρουσίᾳ
1468 5478 1630 5532 αὐτοῦ

121 5567 319 5624 ιλαίοντο
363 5574 467 5627 ἀπὸ
518 5570 811 5644 προσώπου
859 5569 1083 5643 αὑτοῦ]
1120 5571 1442 5636 ’Ἀνθρακες
1488 5566 1630 5632 ἀνή-

122 5661 319 5725 ρθησαν
363 5666 459 5717 ἀπ’
499 5666 707 5719 αὑτοῦ.
754 5665 813 5717 Ol
867 5663 1005 5717 κατὰ
1039 5662 1323 5733 μετουσίαν
1349 5660 1443 5714 τοῦ
1486 5661 1628 5715 θείου

124 5752 255 5823 τυρὺς
278 5756 645 5822 φωτισθέντες.

1747 3281 1891 3333 intus
1920 3283 2153 3336 animam
2182 3284 2349 3352 ipsius
2378 3286 2791 3345 circumdantes.
2824 3289 2887 3343 Et
2926 3302 3177 3349 torrentes
3204 3298 3300 3350 ini.

1744 3372 1957 3438 quitatis
1989 3373 2425 3427 conturbauerunt
2466 3393 2562 3430 me.
2593 3377 2811 3433 Dolores
2850 3382 3045 3451 inferni
3078 3387 3299 3438 circurn-

1744 3461 1992 3513 dedernnt
2046 3480 2145 3525 me,
2194 3480 2681 3535 prwoccupaverunt
2735 3485 2813 3523 me
2868 3472 3041 3543 laquei
3094 3478 3293 3531 mortis.

1746 3550 2033 3609 Torrentes
2075 3554 2373 3625 iniquitatis
2414 3567 2539 3611 sunt
2580 3575 2756 3628 prava:
2801 3562 3189 3631 cogitationes:
3222 3583 3298 3619 em

1745 3645 1886 3697 enim
1914 3646 2041 3715 ipsa:
2067 3647 2282 3704 dolores
2312 3659 2572 3703 vocantur
2598 3666 2718 3703 cum
2760 3652 2848 3705 diu
2900 3653 2952 3705 in
2996 3655 3151 3709 nobis
3176 3671 3298 3724 pcr-

1745 3748 2012 3802 severant,
2058 3749 2110 3792 et
2165 3740 2355 3795 ilerum
2404 3743 2601 3810 laquei,
2656 3744 2779 3811 quia
2807 3758 2904 3800 nos
2948 3761 3042 3813 per
3084 3750 3297 3801 actus-le

1743 3840 2019 3897 peccatum
2047 3842 2289 3887 enecant.

1814 3920 1864 3974 8.
1913 3919 2183 3975 Commota
2209 3934 2284 3976 est
2324 3933 2372 3977 et
2400 3934 2708 3980 contremutt
2744 3936 2901 3984 terra.
2932 3927 3061 3999 Qum
3108 3933 3160 3985 in
3202 3934 3294 3987 de-

1743 4026 1937 4067 scensu
1980 4011 2191 4066 Domini
2217 4028 2441 4069 evenere
2473 4028 2675 4071 narrat.
2708 4017 2907 4075 Omnes
2932 4024 3071 4075 enim
3106 4022 3294 4077 incola:

1744 4108 1899 4154 terra:
1938 4104 2191 4156 commoti
2224 4114 2368 4166 sunt,
2397 4106 2543 4174 regio
2572 4109 2752 4160 omnis
2784 4110 2900 4174 ejus
2922 4109 3062 4164 fama
3092 4114 3295 4181 repleta

1742 4202 1842 4245 est.
1886 4189 2249 4247 Fundamenta
2276 4196 2528 4248 montium
2567 4198 2878 4253 conturbata
2912 4212 3052 4255 sunt.
3084 4201 3260 4259 Monte
3283 4242 3294 4253 .

1742 4291 1870 4336 sunt
1893 4284 2136 4353 malignae
2167 4294 2474 4353 potestates.
2512 4304 2632 4356 qua:
2666 4291 3075 4346 insurrexerunt
3100 4293 3288 4348 advel-

1745 4390 1838 4429 sus
1883 4374 1974 4429 Dei
2025 4376 2268 4447 gloriam.
2326 4377 2694 4435 Fundamenta
2742 4392 2919 4437 autem
2976 4400 3158 4438 eorum
3218 4388 3292 4441 ait

1742 4467 2041 4536 profundas
2075 4471 2446 4540 cogitationes.
2484 4470 2548 4525 Et
2594 4484 2849 4526 commota
2884 4487 3003 4528 sunt
3045 4479 3287 4546 quoniam

1742 4562 1910 4614 iratus
1943 4572 2017 4615 est
2053 4564 2127 4614 eis
2162 4562 2320 4616 Deus.
2354 4561 2490 4628 Quia
2534 4564 2789 4619 diuturno
2819 4570 3073 4637 temporis
3115 4575 3287 4640 spatio

1739 4660 1894 4707 terra:
1920 4654 2124 4708 incolas
2146 4654 2470 4724 deceperunt
2507 4670 2600 4724 per
2630 4660 3062 4727 superstitiosum
3092 4664 3289 4716 multo-

1737 4762 1855 4800 rum
1884 4749 2163 4802 numinum
2196 4750 2417 4804 cultum.

1811 4838 1862 4893 9.
1915 4840 2160 4893 Ascendit
2210 4841 2386 4904 fumus
2430 4841 2485 4893 in
2521 4842 2601 4895 ira
2645 4842 2778 4912 ejus.
2837 4852 3031 4911 iratus,
3090 4845 3283 4915 inquit.

1735 4945 1921 4985 eorum
1976 4932 2149 5001 ignem
2200 4948 2309 5003 quo
2361 4933 2489 4987 olim
2557 4935 2800 4991 homines
2851 4939 3282 5003 eoncremabant,

1734 5021 2002 5074 restinxit.
2036 5020 2285 5091 Ianisque
2323 5022 2533 5092 signum
2566 5023 2771 5079 fumum
2800 5027 2969 5096 ponit.
3008 5025 3076 5080 Et
3099 5030 3230 5097 ignis
3252 5049 3284 5082 τι

1735 5112 1868 5175 facie
1901 5113 2011 5182 ejus
2050 5114 2372 5168 exardescet.
2413 5114 2534 5170 Haec
2583 5117 2725 5171 enim
2774 5117 2863 5173 Dei
2896 5118 3058 5175 Filius
3100 5132 3280 5177 contra

1733 5204 2070 5259 adversarias
2142 5215 2432 5275 potestates
2498 5208 2707 5263 occulte
2782 5220 3036 5278 operatur
3106 5213 3281 5281 ignem

1732 5311 1917 5350 eorum
1951 5298 2298 5366 exstingucns
2329 5302 2447 5366 Igne
2488 5299 2593 5352 alio
2623 5300 2827 5367 potiore
2865 5311 2918 5355 et
2954 5302 3280 5358 ardentiore.

1734 5386 2006 5459 [Videntes
2031 5393 2171 5443 enim
2199 5390 2469 5444 dzemoues
2494 5391 2801 5459 Dominum,
2826 5394 2877 5447 in
2905 5395 3130 5448 adventu
3166 5396 3287 5463 ejus

1732 5479 2187 5533 comburebantur
2240 5496 2267 5533 a
2313 5478 2448 5535 facie
2496 5479 2709 5553 ipsius.]
2744 5482 3001 5537 Carbones
3050 5485 3283 5538 succensi

1730 5577 1851 5623 sunt
1889 5567 1953 5620 ab
1976 5584 2053 5621 eo.
2088 5567 2124 5621 Ii
2152 5569 2355 5624 scilicet
2382 5570 2472 5640 qui
2493 5586 2585 5639 per
2614 5572 3073 5641 participationem
3102 5572 3282 5626 divino

1730 5659 1851 5729 igne
1881 5670 2005 5713 sunt
2030 5660 2330 5713 illuminati.
