4074 6304
734 347 832 402 111

1533 344 1590 401 S.
1632 345 2002 404 ATHANASII
2039 347 2188 404 OPP.
2219 345 2399 404 PARS
2435 347 2531 403 Ill.
2565 377 2636 391 —
2676 347 3086 404 EXEGETlCA.
3851 343 3934 396 li!

804 462 890 516 10.
940 459 1224 516 Inclinavit
1286 461 1460 529 cretes,
1504 473 1553 516 et
1596 465 1883 519 descendit.
1939 466 2294 536 Aperlissime

2471 465 2578 518 Καὶ
2623 466 2862 519 ἔκλινεν
2893 462 3206 532 οίερανοὺς,
3256 465 3351 516 καὶ
3387 463 3621 528 κατέϐη.
3654 461 3930 515 Λευκότατσ

733 554 1014 625 prophetat
1071 554 1392 609 descensum
1444 554 1682 622 Domini,
1734 569 1787 612 et
1837 558 1942 612 hoc
1992 559 2300 627 signiﬁcare

733 645 943 700 videtur
974 663 986 699 :
1022 642 1335 698 Humiliavit
1365 647 1697 716 semetipsum
1718 664 1877 717 usque
1908 648 1977 701 ad
2011 657 2230 702 mortem
2256 648 2295 702 ⁸.

735 738 800 793 Et
831 739 1001 808 caligo
1035 738 1129 792 sub
1159 734 1377 808 pedibus
1409 740 1544 808 ejus.
1569 738 1850 795 Occultum
1895 741 1950 794 in
1995 743 2298 796 teconomia

732 843 829 882 seu
888 828 1259 882 incarnatioae
1323 828 1610 883 adventum
1657 830 1947 898 signiﬁcat,
1993 839 2157 900 atque
2207 829 2299 884 Dei

732 921 1154 977 invisibilitatem
1193 940 1207 987 ;
1236 937 1302 976 ne
1333 923 1475 977 illius
1512 924 1689 978 verbis
1724 925 1791 979 ad
1825 941 2003 979 rerum
2037 939 2296 994 corpora-

732 1013 861 1067 lium
894 1013 1277 1084 c0gitationem
1303 1016 1701 1082 pertrahamur.

801 1105 888 1160 il.
935 1106 1184 1160 Ascendit
1232 1122 1385 1175 super
1429 1107 1694 1160 cherubim
1741 1115 1790 1161 et
1844 1107 2058 1170 volavit,
2108 1106 2297 1162 volarit

730 1212 884 1267 super
917 1213 1113 1266 pennas
1152 1208 1435 1251 uentorum.
1467 1197 1913 1267 Assumptionem
1964 1198 2111 1252 illius
2147 1197 2296 1252 hisce

731 1288 957 1355 indicat,
975 1289 1254 1344 cherubim
1283 1300 1336 1344 et
1365 1305 1570 1359 pennas
1595 1299 1878 1344 ventorum
1909 1290 2104 1344 nubem
2143 1298 2298 1343 vocat

733 1381 878 1457 [quae
918 1383 1092 1452 ipsum
1123 1384 1362 1454 suscepit
1395 1402 1407 1437 :
1447 1394 1538 1438 aut
1567 1384 1830 1439 adventus
1859 1382 2058 1438 Christi
2102 1383 2298 1437 veloci-

729 1483 836 1538 tas,
864 1484 957 1528 aut
997 1474 1297 1543 praesentiae
1321 1482 1375 1527 et
1406 1475 1591 1528 auxilii
1625 1475 1768 1529 illius
1799 1476 2050 1531 celeritas
2092 1473 2298 1545 signiti-

731 1563 931 1637 catur].
977 1565 1051 1620 De
1093 1583 1199 1636 qua
1244 1567 1297 1620 in
1334 1566 1558 1621 Actibus
1602 1569 1858 1637 scriptum
1895 1612 1907 1623 .
1935 1567 2001 1621 Et
2035 1584 2150 1620 cum
2189 1567 2298 1622 lucc

730 1657 970 1724 dixisset,
998 1659 1290 1713 videntibus
1319 1660 1426 1714 illis
1454 1660 1680 1715 eleuatus
1706 1669 1804 1726 est,
1827 1669 1874 1712 et
1896 1662 2052 1714 nubes
2074 1660 2298 1729 suscepit

733 1767 848 1804 eum
869 1752 934 1806 ab
967 1753 1133 1806 oculis
1155 1769 1334 1806 eorum
1361 1754 1404 1807 ⁸.

801 1845 887 1898 12.
935 1842 1003 1896 Et
1032 1846 1208 1914 posuit
1233 1844 1467 1898 tenebras
1515 1843 1796 1897 latibulum
1821 1859 1994 1896 suum.
2023 1840 2300 1897 Oecultam

732 1934 939 1988 scilicet
996 1943 1050 1988 et
1124 1935 1382 1988 latentem
1456 1933 1752 1989 Salvatoris
1811 1950 1934 1988 cum
1992 1935 2300 1988 hominibus

729 2023 1236 2077 commorationem.
1311 2019 1376 2075 In
1447 2025 1668 2076 circuitu
1730 2023 1842 2091 ejus
1903 2022 2300 2076 tabernaculum

727 2113 865 2182 ejus.
911 2112 1340 2169 Tabernaeulum
1381 2124 1622 2169 sanctam
1667 2113 1963 2170 Eeclesiam
2009 2113 2296 2183 signiﬁcat,

732 2207 785 2260 in
829 2222 933 2276 qua
984 2208 1256 2278 pollicitus
1297 2215 1381 2261 est
1427 2222 1485 2262 se
1528 2208 1914 2261 habitaturum.
1961 2205 2023 2259 In
2073 2207 2297 2259 circuitu

726 2297 864 2364 ejus,
898 2297 1009 2361 ait,
1044 2298 1198 2366 juxta
1237 2296 1366 2351 illud
1400 2315 1414 2350 :
1452 2295 1550 2350 Ubi
1596 2296 1700 2350 duo
1731 2296 1806 2349 vel
1850 2306 1953 2349 tres
2001 2297 2298 2364 congregati

732 2385 929 2452 fuerint
977 2385 1029 2438 in
1080 2387 1287 2438 nomine
1327 2401 1457 2446 meo.
1489 2386 1561 2439 ibi
1598 2403 1713 2440 sum
1747 2389 1800 2438 in
1835 2386 2004 2438 medio
2047 2402 2223 2438 eorum
2255 2386 2294 2439 ⁸.

734 2474 1025 2530 Tenebrosa
1053 2491 1190 2545 aqua
1235 2479 1290 2530 in
1319 2477 1540 2530 nubibus
1575 2479 1734 2530 aeris.
1772 2474 1883 2529 lloc
1916 2477 1992 2529 ait
2021 2476 2146 2546 quia
2179 2491 2299 2544 qua:

731 2569 797 2623 de
826 2569 916 2622 illo
945 2569 1377 2638 praenuntiarunt
1403 2570 1678 2638 propheta:
1714 2569 1947 2624 obscure
1969 2568 2168 2639 jaeent.
2193 2567 2294 2632 Qui

730 2658 1006 2728 prophetae
1035 2659 1208 2712 nubes
1238 2668 1364 2713 sunt
1397 2659 1671 2728 appellati.

800 2749 886 2802 15.
937 2747 1059 2801 Pro:
1093 2747 1295 2817 fulgore
1329 2750 1383 2800 in
1426 2759 1702 2815 conspectu
1734 2748 1846 2818 ejus
1878 2749 2037 2804 nubes
2070 2753 2295 2806 transie-

731 2851 874 2893 runt.
926 2838 1155 2903 Lumen,
1202 2841 1397 2909 inquit.
1441 2841 1706 2894 adventus
1768 2842 1934 2899 illius.
1983 2842 2296 2900 uianil‘estas

729 2931 962 2986 reddidit
989 2932 1318 3002 prophetias.
1350 2932 1520 3003 [Quia
1548 2942 1726 2986 autem
1753 2935 2203 2990 connninationes
2242 2936 2295 2990 in

729 3022 1059 3092 prOpheticis
1090 3023 1266 3076 verbis
1293 3023 1577 3086 habentur,
1609 3037 1701 3077 eas
1738 3024 1998 3092 grandine
2023 3038 2076 3079 et
2104 3027 2294 3079 mrbu-

730 3112 891 3166 nibus
917 3113 1276 3166 admnbravit.
1319 3110 1432 3176 Vel,
1467 3112 1569 3167 hoc
1604 3114 1760 3167 modo
1788 3133 1800 3168 :
1841 3130 1870 3168 a
1904 3117 2297 3184 praedicationis
2322 3132 2366 3191 (ς

729 3205 1016 3275 Splendore
1057 3206 1108 3258 in
1153 3216 1445 3274 conspectu
1484 3207 1604 3275 ejus
1653 3216 1995 3263 transeuntes
2041 3214 2293 3278 apostoli,

729 3297 954 3352 nubium
1009 3300 1180 3353 instar
1218 3300 1477 3352 mundum
1514 3299 1826 3368 irrigarunt.
1855 3298 2158 3356 Grandines
2194 3319 2294 3358 au-

729 3400 836 3445 tem
863 3390 1110 3459 supplicii
1135 3406 1301 3460 genus
1330 3399 1476 3454 sunt,
1507 3391 1572 3448 ad
1610 3391 1975 3446 ulciscendum
2006 3386 2294 3468 intideles.]

731 3480 943 3536 Grande
974 3492 1022 3536 et
1049 3485 1297 3536 carbones
1321 3483 1473 3552 ignis.
1521 3482 1614 3537 llis
1646 3499 1705 3536 ea
1739 3485 2004 3554 signiﬁcat
2029 3503 2148 3556 qua:
2177 3498 2298 3555 post

733 3577 1157 3643 assumptioncm
1191 3575 1308 3643 ejus
1348 3574 1582 3629 inimicis
1619 3577 1951 3639 acciderunt,
2000 3580 2295 3646 Spit-iutali-

730 3664 834 3720 bus
866 3665 1006 3719 dico.
1051 3664 1515 3732 Quemadmodum
1561 3677 1739 3721 autem
1782 3684 1904 3722 cum
1941 3669 2187 3725 lsraelem
2229 3687 2292 3726 ex

732 3753 1000 3826 Egyptiis
1021 3756 1291 3819 liberaret,
1323 3758 1635 3827 grandinem
1654 3769 1705 3813 et
1727 3761 1900 3830 ignem
1932 3776 2030 3815 ceu
2060 3764 2292 3832 pluviam

733 3850 955 3904 demisit
988 3866 1002 3916 ;
1035 3849 1105 3902 ita
1151 3859 1204 3903 et
1246 3865 1369 3903 cum
1419 3865 1608 3904 omnes
1647 3860 1834 3921 gentes
1878 3869 1941 3906 ex
1989 3854 2293 3907 ila-menum

731 3942 991 3995 servitute
1024 3941 1298 4006 liberaret,
1332 3941 1642 4010 grandinem
1675 3942 1856 4010 pluere
1886 3943 2082 3998 fecitet
2109 3946 2297 3999 carbo-

731 4045 833 4085 nes
876 4030 1032 4100 ignis.
1077 4030 1265 4085 lsth:ec
1293 4039 1472 4084 autem
1515 4029 1718 4086 fut-rint
1759 4032 1980 4088 ultrices
2016 4034 2244 4088 virtutes
2279 4053 2292 4091 :

732 4123 934 4188 quibus
966 4121 1328 4195 intelligibiles
1371 4123 1493 4179 illas
1521 4121 1803 4195 Egyptias
1844 4133 2136 4194 potestates
2174 4141 2297 4182 sus-

732 4215 877 4271 tulit.

709 4369 723 4387 .
804 4304 892 4360 16.
939 4302 1008 4359 Et
1052 4314 1406 4375 apparuerunt
1445 4305 1615 4376 fontes
1652 4321 1933 4375 aquarum,
1978 4316 2084 4361 etc.
2141 4305 2297 4361 Post-

731 4411 895 4469 quam
952 4395 1146 4451 sublati
1185 4395 1388 4452 inimici
1435 4395 1676 4463 fuerunt,
1714 4409 2084 4468 apparuerunt
2118 4399 2294 4455 fontes

2401 556 2730 627 προφητεύει
2763 555 2860 628 τὴν
2886 556 3184 609 κατάϐασιν
3207 555 3300 607 τοῦ
3331 555 3556 626 Κυρίου.
3590 553 3689 622 Eii;
3713 553 3754 605 δ’
3781 552 3838 604 ἂν
3862 567 3915 619 οη

2403 647 2659 717 μαντικὸν
2690 648 2783 700 τοῦ
2815 665 2828 676 ·
2875 649 3301 701 Ἐταπείνωσεν
3338 646 3555 700 ἑαυτὸν
3573 645 3750 714 μέχρι
3785 643 3930 697 θανά-

2399 751 2524 787 του.
2565 735 2673 788 Καὶ
2706 736 2929 804 γνόφος
2959 735 3076 788 ὑ.τό
3108 736 3246 801 τοὺς
3273 735 3462 800 πόδας
3487 733 3694 787 αὐτοῦ.
3729 732 3797 784 Τὸ
3827 734 3932 800 κρύ-

2398 841 2518 892 φιον
2547 829 2643 895 τῆς
2671 826 2729 878 ἐν
2756 829 2822 897 τῇ
2863 827 3141 897 οἰκονομία
3169 828 3390 898 πορείας
3414 827 3563 897 δηλοῖ
3596 826 3690 879 καί⁷
3712 824 3772 876 τὸ
3796 825 3931 892 ἀόρα-

2398 933 2487 968 τον
2517 916 2610 969 τοῦ
2658 917 2790 970 Θεοῦ
2826 935 2838 947 ο
2873 918 2958 971 ἵνα
3001 919 3074 990 μὴ
3114 917 3181 972 δι’
3221 914 3294 972 ὧν
3333 915 3485 971 εἶπεν
3527 919 3607 980 εἰς
3647 922 3934 987 σωματικὰς

2399 1007 2526 1059 ιλκυ
2536 1005 2746 1078 σθῶμξεν
2772 1009 2999 1073 ἐννοίας.

2483 1100 2696 1168 Ἐπέϐη
2723 1101 2820 1154 ἐπὶ
2849 1103 3129 1171 χερουϐὶμ
3165 1102 3264 1156 καί
3303 1100 3624 1167 ἐπετάσθη,
3662 1097 3932 1167 ἐπετάσθη

2395 1193 2495 1245 ἐπὶ
2535 1194 2845 1262 πτερύγων
2889 1193 3143 1262 ἀνέμων.
3194 1195 3303 1263 Τὴν
3348 1193 3612 1262 ἀνάληψιν
3665 1189 3823 1243 αὑτοῦ
3865 1190 3934 1242 διὰ

2397 1285 2600 1338 τούτων
2631 1285 2820 1356 δηλοῖ·
2862 1287 3127 1358 χερουϐἰμ
3171 1287 3264 1340 καὶ
3299 1287 3572 1357 πτέρυγας
3607 1286 3816 1353 ἀνέμων
3856 1283 3935 1353 τὴν

2397 1377 2623 1448 νεφέλην
2654 1380 2785 1448 φησί
2816 1377 2969 1450 [ἥτις
3011 1380 3171 1432 αὑτῦν
3208 1379 3470 1432 ὑπέλαϐεν
3494 1394 3508 1408 '
3543 1379 3576 1448 ἢ
3619 1377 3681 1430 τὸ
3711 1377 3805 1446 τῆς
3838 1377 3937 1427 ἑπι-

2398 1469 2620 1538 φανείας
2653 1470 2766 1535 ὀξὺ,
2802 1471 2863 1522 τὸ
2887 1472 2986 1540 τῆς
3017 1472 3317 1542 παρουσίας
3341 1472 3433 1524 καὶ
3474 1469 3723 1539 βοηθείας
3765 1464 3936 1536 τάχος]

2399 1564 2526 1630 περὶ
2570 1557 2636 1633 ἧς
2673 1564 2729 1614 ἐν
2761 1566 2880 1626 ταῖς
2927 1564 3163 1634 Ηράξεσι
3220 1563 3528 1634 γέγραπται
3555 1579 3568 1592 ·
3616 1561 3726 1614 Καὶ
3778 1558 3941 1611 ταῦτα

2396 1655 2580 1706 εἰπὼν
2617 1655 2974 1718 ⁸,ξλιίεπόντων
3018 1655 3214 1708 αὐτῶν
3259 1656 3484 1723 ἐπήρθη
3515 1692 3529 1715 ,
3590 1653 3687 1705 καὶ
3740 1649 3941 1719 νεφέλη

2398 1744 2696 1799 ὑπέλαϐεν
2719 1747 2905 1801 αὐτὸν
2942 1748 3060 1801 ἀπὸ
3094 1747 3209 1801 τῶν
3236 1744 3555 1816 ὀφθαλμῶν
3585 1742 3804 1798 αὐτῶν.

2329 1804 2373 1860 Β
2465 1839 2572 1890 Καὶ
2606 1838 2772 1892 ἔθετο
2801 1840 3020 1906 σκότος
3052 1838 3412 1908 ἁποκρυφὴν
3443 1836 3647 1892 αὑτοῦ.
3687 1835 3796 1906 Τὴν
3831 1833 3944 1900 d371-

2401 1931 2464 2000 νῆ
2502 1931 2593 1982 καὶ
2619 1931 2980 1985 λανθάνουσαν
3004 1931 3095 1983 τοῦ
3120 1931 3367 2002 Σωτῆρος
3408 1931 3503 1983 σὺν
3530 1927 3835 1999 ἀνθρώποις
3854 1925 3947 1977 δια·

2399 2016 2612 2087 τριϐήν.
2641 2019 2854 2082 Κύκλῳ
2878 2018 3062 2072 αὐτοῦ
3098 2021 3136 2087 ἡ
3169 2019 3369 2087 σκηνὴ
3400 2019 3604 2073 αὑτοῦ.
3635 2016 3846 2088 Σκηνὴν
3870 2015 3946 2068 αὖ·

2399 2109 2492 2161 τοῦ
2526 2109 2622 2180 τὴν
2646 2111 2806 2178 ἁγίαν
2849 2111 3170 2180 Ἐκκλησίαν
3214 2111 3484 2182 σημαίνει,
3521 2112 3579 2163 ἐν
3686 2125 3944 2178 κατασκη-

2403 2199 2568 2254 νῶσαι
2595 2201 2946 2273 ἐπήγγελται.
2969 2203 3184 2266 Κύκλῳ
3210 2202 3263 2255 δὲ
3291 2203 3496 2267 αὑτοῦ,
3536 2202 3689 2272 φησὶ,
3738 2199 3875 2252 κατὰ
3897 2197 3947 2251 τὺ

2397 2293 2685 2364 εἰρημένον
2706 2311 2718 2323 ·
2741 2295 2931 2348 ’Ὅπου
2957 2295 3064 2348 δύο
3094 2296 3130 2363 ἢ
3162 2295 3317 2362 τρεῖς
3353 2297 3470 2348 εἰσι
3507 2294 3867 2362 συνηῃιέτοι
3890 2291 3948 2342 ἐν

2399 2382 2478 2452 τῷ
2501 2384 2620 2453 ἐμῷ
2647 2387 2908 2455 ὀνόματι,
2943 2387 3072 2441 ἐκεῖ
3113 2391 3229 2456 εἰμι
3276 2389 3344 2442 ἐν
3369 2386 3535 2455 μέσῳ
3565 2383 3785 2438 αὐτῶν.
3819 2386 3946 2436 Σκο-

2401 2477 2597 2530 τεινὸν
2624 2478 2779 2545 ὕδωρ
2798 2480 2867 2531 ἐν
2887 2479 3167 2548 νεφέλαις
3193 2481 3401 2550 ἀέρων.
3431 2478 3598 2532 Τοῦτό
3625 2495 3758 2548 φησι
3787 2474 3870 2528 διὰ
3897 2471 3948 2524 τὸ

2397 2568 2662 2639 ἀμαυρῶς
2689 2570 2814 2633 τοὺς
2845 2571 2970 2640 περὶ
2999 2572 3159 2624 αὐτοῦ
3198 2571 3388 2635 λόγους
3427 2572 3483 2624 ἐν
3516 2573 3627 2633 τοῖς
3663 2569 3947 2641 προφήταις

2398 2661 2627 2727 κεῖσθαι,
2661 2663 2852 2725 οἵτινες
2879 2663 2970 2716 καὶ
2991 2662 3207 2731 νεφέλαι
3240 2663 3776 2734 προσηγορεύθησαν.

2481 2753 2622 2808 Ἀπὸ
2663 2753 2772 2822 τῆς
2807 2753 3231 2824 τηλαυγήσεως
3269 2753 3524 2817 ἑνώςτιον
3552 2753 3737 2806 αὐτοῦ
3771 2755 3830 2806 al
3864 2769 3948 2806 νε-

2398 2844 2572 2910 φέλαι
2601 2843 2869 2912 διῆλθον.
2907 2845 2978 2897 Τὸ
3014 2842 3145 2913 φῶς,
3201 2845 3352 2914 φησὶ,
3397 2845 3495 2913 τῆς
3530 2840 3848 2912 ἐπιφανείας
3873 2841 3952 2894 αὖ·

2398 2934 2492 2987 τοῦ
2527 2936 2761 3005 φανερὰς
2798 2937 2895 3000 τὰς
2930 2936 3260 3008 προφητείας
3292 2938 3565 3008 ἐποίησεν.
3604 2935 3624 3008 [
3659 2937 3872 3008 Ἐπειδὴ
3899 2937 3951 2990 δὲ

2399 3026 2492 3079 καὶ
2528 3026 2748 3079 ἀπειλαὶ
2793 3030 2905 3090 τοῖς
2938 3031 3292 3098 προφητικοίς
3329 3027 3598 3096 ἕγκεινται
3628 3027 3838 3096 λόγοις,
3868 3027 3952 3078 καὶ

2398 3117 2597 3180 ταύτας
2628 3117 2714 3170 διὰ
2749 3119 2846 3188 τῆς
2887 3119 3125 3190 χαλάζης
3163 3122 3254 3174 καὶ
3292 3120 3575 3190 ἀνθράκων
3617 3119 3853 3190 ᾐνίξατο,
3886 3119 3954 3171 Ἣ

2397 3208 2589 3272 οὕτως,
2622 3210 2730 3262 ἀπὸ
2756 3211 2852 3280 τῆς
2884 3211 2977 3263 τοῦ
3011 3211 3362 3283 κηρύγματος
3395 3210 3720 3282 ἐκλάμψεως
3753 3212 3953 3282 ἐμπρο-

2401 3301 2524 3354 σθεν
2575 3301 2740 3355 αὑτοῦ
2769 3302 3087 3366 .διελθόντες
3118 3305 3168 3357 οἱ
3199 3304 3487 3358 ἀπόστολοι
3520 3303 3760 3373 νεφελῶν
3806 3303 3954 3372 δίκην

2396 3393 2489 3446 τὸν
2510 3393 2712 3461 κόσμον
2735 3395 2871 3463 κατή
2883 3395 3126 3465 ρδευσαν.
3147 3397 3211 3448 Αἰ
3233 3395 3287 3448 δὲ
3305 3395 3534 3466 χάλαζαι
3555 3395 3826 3449 κολάσεων
3842 3396 3950 3465 εἴδη

2400 3485 2523 3545 τοὺς
2551 3482 2912 3546 ἀπιστοῦντας
2941 3484 3322 3556 ἀμυνόμεναι.]
3354 3485 3586 3546 Χάλαζα
3618 3485 3715 3539 καὶ
3746 3485 3954 3554 ἄνθρα-

2396 3593 2499 3642 κες
2530 3579 2738 3646 πυρός.
2777 3575 2874 3628 Διὰ
2899 3576 3103 3629 τούτων
3133 3578 3385 3647 σημαίνει
3415 3579 3482 3630 τὰ
3527 3578 3663 3648 μετὰ
3690 3577 3788 3649 τὴν
3828 3579 3952 3632 ἀνά-

2395 3667 2554 3740 ληψιν
2583 3667 2745 3722 αὑτοῦ
2784 3667 3162 3740 συμϐεϐηκότα
3187 3672 3298 3734 τοῖς
3327 3670 3558 3741 ἐχθροῖς,
3612 3674 3722 3735 τοῖς
3747 3674 3949 3743 νοητοῖς

2396 3778 2556 3831 φημι.
2594 3761 2801 3831 Ὥσπερ
2828 3761 2884 3814 δὲ
2912 3761 3002 3814 τὸν
3043 3761 3255 3831 Ἰσραὴλ
3296 3762 3353 3828 ἐξ
3404 3764 3715 3830 Αἰγυπτίων
3750 3764 3953 3817 ἐλευθε-

2398 3851 2508 3921 ρῶν
2561 3849 2797 3919 χάλαζαν
2831 3849 2925 3902 καὶ
2954 3849 3062 3920 πῦρ
3095 3849 3330 3918 ἔϐρεξεν,
3364 3849 3504 3903 οὕτω
3542 3851 3634 3904 καὶ
3685 3853 3860 3905 πάντα
3890 3853 3954 3906 τὰ

2397 3940 2520 4012 ἔθνη
2552 3942 2651 4010 τῆς
2682 3940 2788 3992 τῶν
2814 3940 3082 4011 δαιμόνων
3115 3940 3356 4004 δουλείας
3384 3940 3686 4013 ἐλευθερῶν
3717 3943 3953 4014 χάλαζαν

2396 4031 2580 4103 ἔϐρεξε
2611 4031 2703 4086 καὶ
2736 4031 3010 4104 ἄνθρακας
3042 4032 3232 4104 πυρός.
3273 4031 3455 4086 Ταῦτα
3483 4033 3540 4087 δὲ
3562 4030 3670 4087 εἷεν
3694 4033 3759 4088 ἂν
3788 4052 3953 4107 τιμωη

2397 4125 2616 4196 ρητικαί
2643 4124 2917 4196 δυνάμεις,
2965 4123 3030 4178 δι’
3069 4116 3143 4177 ὧν
3176 4123 3274 4188 τὰς
3301 4125 3498 4197 νοητὰς
3529 4125 3826 4194 αἰγυπτίας
3863 4142 3955 4178 κα-

2395 4214 2590 4272 θεῖλεν.

2463 4308 2572 4362 Kal
2601 4306 2888 4376 ὤφθησαν
2915 4309 2974 4362 at
3005 4307 3188 4377 πηγαὶ
3224 4306 3346 4362 τῶν
3375 4305 3635 4362 ὑδάτων.
3680 4307 3835 4362 Μετὰ
3862 4308 3956 4378 τὴν

2396 4398 2711 4471 καθαίρεσιν
2735 4399 2841 4453 τῶν
2865 4398 3090 4480 ⁸ἐχθρῶν
3121 4397 3381 4470 ὤφθησαν
3407 4401 3462 4453 αἰ
3495 4400 3667 4471 πηγαὶ
3696 4400 3804 4454 τῶν
3835 4399 3956 4454 ὑδά-

733 4467 1021 4560 aquarum,
1042 4488 1280 4544 salutare
1307 4487 1556 4544 videlicet
1581 4467 1858 4560 Evangelii
1884 4490 2131 4554 verbum,
2151 4492 2292 4561 quod

2395 4508 2501 4545 των
2523 4507 2535 4520 ’
2566 4467 2764 4563 δηλαδὴ
2822 4467 2884 4542 ὁ.
2907 4467 3190 4562 σωτήριος
3227 4467 3322 4544 τοῦ
3382 4467 3710 4559 Εὐαγνελίου
3771 4491 3953 4560 λόγος,

733 4597 858 4635 vere.
900 4578 1000 4635 luit
1041 4579 1189 4634 orbis
1241 4579 1651 4635 fundamentum
1696 4597 1904 4650 :super
1947 4597 2014 4637 eo
2060 4598 2296 4653 namque

732 4671 939 4727 fundati
966 4682 1020 4728 et
1045 4673 1342 4727 constructi
1371 4687 1582 4728 sumus.
1616 4671 1710 4728 Vel
1748 4672 1852 4727 hoc
1879 4672 2039 4728 modo
2070 4693 2084 4728 :
2118 4673 2295 4730 fontes

733 4765 968 4836 intellige
1005 4774 1222 4821 sanctos
1263 4763 1572 4836 pmphetas,
1626 4772 1811 4834 utpote
1851 4767 1946 4835 qui
1999 4767 2291 4822 salutarem

733 4870 1036 4912 sermonem
1066 4857 1384 4911 scaturiant.
1415 4854 1490 4911 Ita
1526 4871 1761 4922 namque
1800 4856 1866 4911 de
1895 4857 2000 4912 illis
2031 4858 2290 4926 scriptum

731 4959 854 5006 est:
887 4947 953 5003 Et
985 4949 1237 5004 Itaurietis
1262 4965 1425 5021 aquas
1451 4965 1568 5002 cum
1595 4950 1786 5019 gaudio
1821 4951 1883 5003 de
1913 4949 2143 5018 fontibus
2175 4949 2295 5004 Sal-

734 5044 926 5095 uatoris
976 5043 1016 5096 '.
1077 5040 1445 5095 Fundamenta
1498 5041 1623 5094 item
1667 5041 1814 5096 orbis
1869 5051 2043 5107 terrae,
2099 5042 2295 5114 Moysis

733 5132 1118 5202 sapientissimi
1163 5131 1496 5199 Scripturam
1544 5131 1778 5202 accipias
1827 5151 1841 5186 :
1887 5133 1939 5185 in
1993 5148 2057 5186 ea
2098 5134 2294 5203 quippe

736 5227 906 5295 prima
939 5225 1107 5279 basim
1136 5225 1257 5280 tiJei
1301 5235 1354 5279 et
1384 5225 1578 5280 divinae
1619 5226 1941 5292 cognitionis
1989 5225 2294 5280 invenimus

735 5317 1049 5387 repositam,
1091 5319 1402 5389 mysterium
1444 5317 1642 5373 Christi
1675 5322 1726 5372 in
1768 5319 1934 5388 tigura
1971 5327 2291 5387 gestantem,

729 5419 788 5461 ct
827 5410 1027 5477 pariter
1061 5408 1117 5465 in
1158 5409 1448 5479 prolihetis.
1491 5413 1857 5480 Apparuerunt
1905 5409 2086 5479 igitur,
2137 5409 2294 5478 quasi

737 5498 906 5559 dicas.
930 5499 1134 5555 ostensi
1167 5509 1314 5555 sunt.
1353 5499 1458 5553 Aut
1500 5499 1675 5556 fontes
1715 5499 1981 5571 intelligas
2010 5508 2065 5554 et
2096 5497 2293 5554 funda-

816 5733 841 5764 δ
869 5728 1103 5802 Philipp.
1129 5745 1186 5796 ιι,
1208 5729 1260 5784 8.
1337 5732 1357 5762 '
1397 5729 1515 5786 Aet.
1552 5745 1586 5794 ι,
1622 5729 1672 5782 9.
1751 5730 1770 5758 '
1808 5727 1996 5784 Matth.
2027 5723 2289 5793 “111,28.

2401 4583 2551 4646 ὅστις
2588 4582 2681 4636 καὶ
2711 4582 2959 4652 θεμέλιος
2983 4583 3082 4652 τῆς
3111 4582 3434 4654 οἰκουμένης
3463 4584 3685 4651 γέγονεν
3709 4599 3722 4613 ·
3757 4583 3845 4635 ἐπ’
3872 4583 3957 4635 ab-

2394 4674 2484 4728 τὸν
2536 4673 2642 4744 γὰρ
2686 4673 3216 4745 ἐπῳκοδομήθημεν.
3253 4674 3320 4726 Ἦ
3375 4675 3465 4727 καὶ
3519 4673 3726 4738 οὕτως’
3779 4675 3956 4744 πηγὰς

2393 4765 2603 4836 νοήσεις
2622 4765 2746 4827 τοὺς
2775 4765 2961 4834 ἁγίους
2994 4766 3297 4836 προφήτας,
3338 4765 3432 4818 ἆτε
3466 4764 3529 4836 δὴ
3563 4764 3654 4817 τὸν
3692 4767 3956 4836 σωτήριον

2393 4855 2792 4921 ἀναϐλύζοντας
2820 4855 2996 4924 λόγον.
3025 4856 3179 4912 Οὕτω
3211 4856 3318 4929 γὰρ
3367 4857 3672 4930 γέγραπται
3701 4857 3832 4928 περὶ
3861 4857 3956 4911 αὖ·

2392 4946 2531 5000 τῶνο
2574 4946 2683 5000 Καὶ
2728 4945 3058 5011 ἀντλήσετε
3100 4947 3256 5016 ὕδωρ
3295 4947 3421 5016 μετ’
3468 4948 3856 5016 εὐφροσύνης
3890 4948 3956 5001 ἐκ

2394 5055 2599 5107 πηγων
2639 5038 2746 5092 τοῦ
2788 5039 3102 5105 σωτηρίου.
3149 5039 3383 5110 Θεμέλια
3407 5038 3463 5092 δὲ
3505 5038 3604 5109 τῆς
3635 5041 3955 5110 οἰκουμένης

2392 5133 2490 5201 τὴν
2519 5129 2792 5193 Μωῦσέως
2824 5128 2918 5182 τοῦ
2963 5130 3237 5200 πανσόφου
3283 5131 3526 5202 Γραφήν.
3555 5131 3811 5203 Κρηπίδα
3855 5132 3956 5203 γὰρ

2395 5224 2628 5286 πίστεως
2657 5223 2749 5275 καὶ
2771 5221 3100 5291 θεογνωσίας
3130 5224 3185 5274 ὲν
3225 5223 3359 5292 αὖτῇ
3407 5225 3498 5275 καὶ
3553 5223 3743 5294 πρώτῃ
3788 5221 3954 5276 τεθει-

2398 5311 2564 5383 μένην
2607 5313 2918 5382 εὑρήκαμεν
2951 5310 3010 5364 τὸ
3045 5310 3279 5383 Χριστοῦ
3328 5314 3624 5383 μυστήριον
3669 5313 3727 5364 ἐν
3772 5313 3959 5375 τύποις

2393 5403 2686 5458 ὠδίνουσαν
2741 5402 2855 5473 ἄρα
2897 5407 3009 5466 τοῖς
3045 5406 3369 5476 προφήταις.
3423 5406 3736 5472 Ὠφθησαν
3785 5407 3959 5460 τοίνυν

2393 5496 2516 5552 ἀντὶ
2550 5493 2665 5560 τοῦ,
2702 5494 3142 5569 ἐφανερώθησαν.
3183 5497 3390 5567 ’Ἡγουν
3417 5496 3601 5569 πηγὰς
3629 5499 3846 5570 νοήσεις
3873 5499 3960 5553 καὶ

2395 5722 2417 5756 τ
2456 5718 2561 5778 lsa.
2595 5735 2669 5774 xu
2717 5720 2770 5776 5.
