4074 6304
121 375 200 428 115
1161 361 1523 420 EXPOSLTIO
1563 360 1628 416 IN
1668 358 2003 416 PSALMUM
2043 356 2203 412 XVII.

3229 355 3328 410 1H

121 488 314 559 θεμέλια
351 485 453 555 τῆς
485 486 577 538 ὑπ’
619 485 868 556 οὐρανὸν,
902 484 1026 546 τοὺς
1055 482 1242 549 ἁγίους
1283 480 1612 541 ἀποστόλους
1649 495 1662 509 ο

1780 489 1950 531 menta
1981 476 2151 542 orbis,
2181 484 2398 531 sanctos
2433 473 2710 544 apestolos
2743 490 2757 528 :
2789 487 2914 527 nam
2949 478 3002 526 et
3046 471 3148 542 ipsi
3182 473 3330 527 salu-

124 577 510 646 ἀναπῃγὰςονσι
548 577 659 646 γὰρ
694 575 786 628 καὶ
809 575 957 628 αὐτοὶ
978 575 1068 626 τὸν
1096 574 1356 642 σωτήριον
1389 569 1542 637 λόγον
1577 569 1671 621 καὶ

123 674 335 746 κρηπίδα
392 675 462 742 τῇ
515 672 607 725 ὑπ’
654 671 880 742 οὐρανὸν
925 669 1280 723 κατεεὰλοντο
1336 665 1433 735 τὴν
1468 665 1670 718 πίστιν.

124 764 287 834 Πηγὰς
315 763 373 816 δὲ
417 763 628 816 ὑδάτων
673 763 764 816 καὶ
795 762 1016 831 Οεμέλια
1054 761 1150 830 τῆς
1182 761 1502 831 οἰκουμένης
1551 757 1675 826 νοή-

123 872 214 919 σεις
245 853 408 906 πάλιν
433 853 494 904 τὸ
530 855 794 922 σωτήριον
820 851 1116 920 βάπτισμα.

196 946 320 999 Από
376 943 771 1012 ἐπιτιμήσεως
821 960 976 1006 σου,
1035 943 1229 1007 Κύριε.
1287 942 1676 1011 Προσυπακου-

125 1038 256 1091 στέον
289 1037 370 1099 τὸ,
397 1036 738 1108 ἀνῃρέθησαν
776 1037 823 1087 οἱ
863 1033 1248 1105 προλεχοὲντες
1282 1032 1483 1103 ἐχθροί.
1537 1028 1672 1083 Ἀπὸ

123 1129 491 1196 ἐμεινεύσεως
516 1128 853 1195 πνεύματος
890 1123 1072 1194 ὀργῆς
1124 1140 1260 1177 σου.
1297 1124 1371 1176 Ub
1427 1121 1678 1192 παραυτὰ

123 1219 230 1281 θεὸς
260 1219 482 1282 κολάζει
510 1220 633 1282 τοὺς
665 1217 1072 1287 ἁμαρτάνοντας
1099 1233 1112 1245 ·
1173 1216 1206 1285 ἢ
1258 1214 1368 1286 γὰρ
1420 1214 1485 1267 ἂν
1509 1212 1676 1284 ἄρδην

123 1309 387 1365 ἀπώλοντο
413 1328 426 1340 ·
462 1312 841 1380 προαναφωνεῐ
864 1309 920 1362 δὲ
945 1308 1042 1378 τῆς
1066 1307 1236 1378 ὀργῆς
1259 1305 1356 1370 τὰς
1387 1304 1632 1367 κολάσεις
1659 1318 1674 1334 ⁶

125 1400 423 1455 Παιδεύσω
467 1402 578 1470 γὰρ
608 1402 829 1468 αὐτοὺς
871 1402 941 1454 ἐν
983 1399 1058 1468 τῇ
1097 1399 1246 1468 ἀργῇ
1275 1400 1386 1467 τῆς
1418 1399 1676 1466 θλίψεως

123 1487 327 1542 αὐτῶν.
367 1492 477 1543 Καὶ
524 1489 680 1543 τοῦτό
723 1493 835 1542 ἐστι
867 1489 926 1542 τὸ
955 1489 1213 1542 ὲιιπνέειν
1263 1487 1440 1540 αὐτὸν·
1464 1483 1677 1556 πνεῦμα

125 1582 203 1651 τῆς
233 1583 408 1652 ὀργῆς
443 1583 630 1637 αὑτοῦ.

1775 576 1890 623 tare
1943 568 2164 622 verbum
2218 565 2550 630 seaturiunt,
2606 575 2659 620 et
2723 563 3131 619 fundamentum
3183 565 3331 621 orbis

1778 671 2093 733 posuerunt.
2139 660 2295 715 [idem
2345 659 2613 714 videlicet.
2648 657 2848 712 Fontes
2891 659 3015 714 item
3053 666 3107 713 et
3139 658 3332 715 funda-

1773 765 1951 808 menta
1991 752 2140 806 orbis
2180 753 2473 807 salutarem
2517 750 2840 821 baptismum
2868 749 3326 821 interpretaberis.

1846 937 1931 990 17.
1978 934 2052 989 Ab
2103 935 2452 1004 increpatione
2499 942 2611 999 tua,
2652 931 2886 986 Domute.
2939 929 3330 1000 Subintellige,

1775 1029 1971 1083 sublati
2009 1037 2136 1083 sunt
2168 1027 2408 1096 praedicti
2443 1026 2649 1082 hostes.
2681 1026 2758 1081 Ab
2797 1025 3136 1094 inspirmione
3170 1023 3332 1092 spiri-

1775 1135 1857 1176 tus
1877 1124 1968 1175 ira:
1993 1131 2115 1175 tum.
2146 1119 2260 1174 Non
2293 1130 2468 1175 autem
2493 1120 2670 1176 statim
2696 1135 2818 1174 cum
2849 1127 3070 1188 peccant
3087 1117 3334 1171 homines

1771 1229 1866 1268 eos
1899 1211 2039 1265 Deus
2073 1213 2257 1281 punit;
2286 1226 2409 1264 nam
2445 1210 2489 1265 si
2516 1212 2615 1264 hoc
2644 1210 2812 1275 fieret,
2839 1209 2938 1278 ipsi
2978 1208 3133 1280 plane
3171 1207 3336 1261 inter-

1773 1305 1914 1358 irent
1967 1323 1980 1358 :
2023 1319 2146 1356 nam
2197 1303 2289 1356 ine
2317 1301 2585 1372 supplicia
2629 1302 2786 1370 longe
2835 1311 2963 1355 ante
3010 1297 3337 1370 praenuntiat

1772 1410 1933 1464 quam
1974 1394 2198 1464 inﬂigat.
2228 1393 2315 1448 Ait
2342 1395 2487 1448 enim
2537 1413 2551 1449 :
2595 1392 2893 1461 Corripiam
2927 1408 3013 1445 eos
3042 1392 3096 1444 in
3126 1392 3207 1444 ira
3240 1391 3337 1443 tri-

1774 1485 2060 1540 bulationis
2094 1501 2272 1540 eorum
2306 1485 2348 1538 ⁸.
2380 1483 2445 1540 Et
2474 1485 2528 1539 in
2566 1485 2669 1540 hoc
2698 1484 2901 1539 dicitur
2929 1481 3198 1552 inspirare
3235 1480 3341 1550 spi-

1773 1576 1938 1630 ritum
1967 1577 2060 1630 ira:
2090 1590 2220 1630 suae.

186 1714 372 1769 Daniel
409 1715 719 1769 Barbarus:
751 1715 894 1769 Misit
926 1715 988 1770 de
1034 1719 1159 1770 caelo
1205 1726 1252 1771 et
1295 1716 1494 1784 accepit
1529 1732 1626 1769 me.
1661 1712 1797 1766 Vere
1836 1711 2133 1765 humanum
2179 1726 2348 1782 genus
2388 1710 2640 1777 servavit,
2677 1709 2745 1765 de
2786 1709 2925 1765 caelo
2971 1708 3132 1765 nobis
3167 1706 3342 1764 sancti

127 1804 348 1874 Spiritus
371 1808 576 1860 donum
606 1807 917 1862 dentittens.
941 1807 1242 1862 Theodotio
1277 1826 1288 1862 :
1320 1807 1398 1861 De
1419 1807 1544 1861 calo
1575 1805 1799 1860 salutem
1830 1803 1958 1856 mihi
1986 1803 2192 1857 tribuit.

187 1917 600 1986 Προσελάϐετό
627 1936 706 1988 με
758 1921 828 1984 ἐξ
884 1921 1120 1976 ὑδάτων
1164 1921 1430 1976 πολλῶν.
1469 1921 1678 1974 ’Υδατα

1854 1919 2148 1988 Assumpsit
2177 1935 2255 1972 me
2289 1935 2352 1972 ae
2380 1919 2531 1988 aquis
2561 1917 2764 1973 multis.
2792 1915 2980 1988 Aquas
3000 1915 3134 1974 dicit
3166 1924 3343 1975 tenta-

125 2011 233 2072 τοὺς
267 2011 609 2080 πειρασμοὺς
645 2029 798 2082 φησι.

187 2098 311 2170 [Ἐξ
356 2101 594 2155 ὑδάτων
628 2103 894 2158 πολλῶν.
940 2105 1146 2158 ’Υδατα
1196 2107 1319 2169 τοὺς
1346 2103 1679 2176 πειρασμούς

130 2207 267 2260 φησι.
297 2193 462 2260 Λέγε.
505 2198 534 2248 ὁ
575 2197 765 2248 Δαυῖδο
797 2195 1008 2250 Ἕλαϐἐ
1028 2215 1124 2265 με,
1165 2199 1284 2268 ἤτοι
1333 2199 1430 2268 τὴν
1474 2197 1680 2268 ἀνορω-

133 2282 273 2335 πεέαν
305 2283 501 2352 φύσινο
537 2285 939 2356 ἐϐαπτίσθησαν
990 2286 1098 2358 γὰρ
1149 2289 1206 2340 ἐν
1251 2290 1316 2358 τῇ
1351 2287 1531 2359 ἡμέρᾳ
1582 2287 1680 2357 τῆς

131 2371 495 2446 Πεντηκοστῆς
528 2377 656 2430 ὡσεὶ
685 2377 853 2447 ψυχαὶ
884 2379 1176 2450 τρισχίλιαι
1224 2380 1328 2433 ὑπὸ
1379 2379 1487 2437 τῶν
1543 2381 1680 2434 ἁπο-

129 2464 335 2518 ετόλων.
361 2466 376 2537 Ι

199 2557 472 2609 Ῥὐσεταί
489 2575 566 2626 με
591 2559 658 2612 ἐκ
708 2558 826 2613 τῶν
851 2561 1077 2631 ἐχθρῶν
1115 2579 1228 2630 μου
1261 2561 1550 2626 δυνατῶν,
1581 2563 1679 2617 καὶ

127 2645 185 2697 ἐκ
212 2645 330 2698 τῶν
358 2651 704 2716 μισούντων
745 2670 841 2721 με.
892 2655 983 2717 Εἰς
1026 2654 1094 2707 τὰ
1123 2654 1482 2724 πεπραγμένα
1536 2653 1682 2723 αὺτῷ

126 2737 209 2792 ἐπὶ
234 2741 296 2808 τῇ
328 2741 570 2813 ἁμαρτίᾳ
602 2745 695 2796 καὶ
731 2749 796 2816 τῇ
837 2747 1090 2816 μετανοὶᾳ
1123 2744 1340 2814 μετέϐη.
1376 2747 1440 2798 Ὃ
1455 2745 1510 2798 δὲ
1533 2745 1681 2814 λέγει

126 2827 353 2882 τοιοῦτόν
402 2834 569 2888 ἐστιν.
610 2835 748 2905 Ἤδη
800 2837 915 2904 μὲν,
955 2836 1054 2904 τῆς
1091 2834 1529 2906 ὲξομολογήσεὼς
1583 2853 1680 2906 μου

127 2918 424 2983 ἐπακούσας
447 2921 474 2972 ὁ
509 2919 730 2989 Κύριος,
763 2921 951 2989 γέγονέ
984 2940 1073 2994 μοι
1093 2925 1515 2994 ἀντιστήριγμα,
1559 2924 1684 2993 μὲλ-

125 3006 299 3073 λοντός
354 3028 452 3081 μου
483 3013 903 3084 περιτρέπεσθαι
934 3017 1027 3069 καὶ
1055 3017 1196 3086 μέγα
1231 3015 1430 3086 πτῶμα
1479 3018 1683 3086 ὑπομέ-

127 3114 247 3162 νειν,
301 3102 351 3152 εξ
390 3101 526 3169 μετὰ
561 3101 659 3174 τὴν
687 3105 958 3174 ἁμαρτίαν
987 3109 1066 3169 εἰς
1110 3107 1345 3176 παντελῆ
1395 3105 1680 3172 ἐξέπιπτον

125 3191 467 3246 ἀποστασίαν.
531 3194 675 3263 Πλὴν
724 3196 858 3248 ἀλλὰ
902 3197 995 3248 καὶ
1040 3197 1314 3260 παντελῶς
1345 3197 1566 3265 ρύσεταξ
1611 3215 1679 3268 με

125 3279 289 3346 διδοὺς
335 3283 524 3352 ἄφεσιν
556 3286 655 3354 τῆς
695 3287 965 3357 ἁμαρτίας
988 3287 1126 3341 κατὰ
1155 3289 1245 3340 τὸν
1272 3290 1680 3360 προφητευόμε-

125 3387 205 3424 νον
236 3373 425 3442 καιρὸν
453 3375 554 3442 τῆς
581 3375 744 3427 αὑτοῦ
775 3377 1091 3448 παρουσίας.
1137 3379 1230 3431 καὶ
1280 3379 1436 3433 τοῦτο
1465 3381 1680 3444 ποιήσει

124 3459 419 3529 εὐεργετῶν
449 3479 516 3532 με
544 3464 572 3515 ὁ
617 3465 838 3534 Κύριος,
873 3465 999 3518 ’Ὁτι
1046 3465 1312 3534 ἠθέλησέ
1352 3483 1447 3540 με.
1503 3467 1566 3519 El
1607 3466 1681 3536 μὴ

123 3553 224 3620 γὰρ
251 3551 480 3622 ἠθέλησὲ
512 3569 602 3622 με,
646 3556 746 3608 οὐκ
789 3555 855 3608 ἂν
887 3557 977 3609 τὸν
1026 3557 1308 3627 nocui}th
1337 3555 1496 3610 αὑτοῦ
1546 3555 1683 3628 πρὸς

128 3641 189 3709 μὲ
213 3642 523 3697 ἀπέστειλε.

187 3729 301 3781 Kal
325 3731 729 3786 ἀνταποδώσει
755 3741 855 3801 μοι
883 3736 1114 3802 Κύριος.
1149 3736 1473 3805 Πέπεισμαι,
1496 3736 1683 3807 φησιν,

124 3818 200 3870 ὅτι
219 3821 359 3873 κατὰ
379 3823 468 3874 τὶν
495 3824 683 3893 καιρὸν
708 3825 804 3893 τῆς
831 3825 1224 3898 δικαιοκρισίας
1248 3827 1434 3891 αὐτοῦ,
1463 3827 1524 3880 οὐ
1550 3844 1683 3897 μνη-

127 3911 387 3976 μονεύσας
416 3931 517 3983 μου
545 3921 644 3982 τὰς
677 3917 950 3986 ἁμαρτίας
978 3957 992 3981 ,
1025 3917 1167 3971 κατὰ
1211 3918 1309 3988 τὴν
1341 3917 1683 3988 δικαιοσύνην

127 4017 221 4068 μου
251 4002 636 4060 ἁνταποδώσει,
688 4008 730 4058 Τ
737 4007 799 4070 ὰς
828 4007 933 4078 γὰρ
982 4009 1144 4070 ἄλλας
1177 4026 1276 4079 μου
1321 4009 1548 4080 πράξεις
1586 4011 1685 4075 τὰς

122 4089 178 4139 ὲν
206 4088 519 4165 δικαιοσύνῃ
544 4093 730 4165 ὥσπερ
764 4095 914 4164 ζυγῴ
949 4095 1432 4166 ἀντιπαραϐάλλων
1465 4097 1560 4149 καὶ
1591 4099 1684 4150 ἀν·

123 4184 378 4249 τιστήσας
424 4183 502 4252 τῷ
539 4184 888 4255 ἁμαρτήματί
937 4202 1061 4255 μου,
1096 4186 1239 4239 κατὰ
1290 4186 1422 4239 πολὺ
1462 4187 1686 4240 πλεονα-

125 4267 320 4336 ζοὺσας
366 4274 590 4345 εὑρήσει
633 4274 727 4328 τοῦ
786 4277 1072 4346 γενομένου
1129 4295 1218 4347 μοι
1270 4277 1680 4348 ἁμαρτήματος.

126 4362 369 4416 Διδάσκει
402 4364 459 4416 δὲ
483 4367 512 4418 ὁ
545 4365 699 4434 λόγος
731 4366 792 4419 τὸ
817 4366 1072 4420 δύνασθαι
1103 4368 1192 4420 τὸν
1223 4369 1367 4421 κατά
1391 4385 1510 4422 τινα
1535 4369 1688 4422 ἀσθέ-

125 4468 270 4507 νειαν
302 4455 639 4526 ὼλισθιςκότα
663 4458 1063 4529 ἀναλαμϐάνειν
1088 4459 1277 4513 ἑαυτὸν
1297 4458 1386 4513 διὰ
1421 4460 1685 4532 δευτέρων

126 4545 579 4616 κατορθωμάτων.

191 4631 212 4706 [
234 4639 589 4710 Δικαιοσύνην
617 4637 716 4708 τὴν
736 4637 970 4693 καθόλου
995 4639 1194 4712 ἀρετὴν
1219 4640 1368 4708 λέγει
1390 4658 1405 4674 ο
1431 4641 1529 4711 τὴν
1556 4659 1695 4714 πρα-
1725 4636 1770 4692 D

125 4725 317 4795 κτικὴν
346 4726 687 4798 καθαρότητα
712 4728 908 4800 χειρῶν
934 4732 1033 4792 τὰς
1059 4732 1368 4802 πρακτικὰς
1415 4732 1695 4804 ἐνεργείας

127 4815 451 4882 ἀμολύντους
481 4818 778 4887 γενομένας
807 4818 870 4871 τὸ
907 4819 1015 4873 ἀπὸ
1044 4819 1326 4892 βελτίστης
1361 4820 1526 4886 ἕξεως
1549 4823 1688 4876 ἀπο-

126 4904 407 4962 τελεῖσθαι.
432 4907 452 4981 ]

1783 2009 1982 2064 tiones.

1851 2101 1872 2174 [
1905 2102 1978 2156 De
2021 2103 2172 2173 aquis
2221 2104 2426 2160 multis.
2455 2105 2639 2175 Aquas
2670 2111 2829 2160 vocat
2869 2104 3212 2160 mutationes.
3253 2101 3349 2162 Δίι

1783 2193 1948 2246 David
1984 2211 1997 2247 :
2034 2196 2244 2263 Accepit
2290 2212 2391 2258 me,
2444 2195 2547 2250 hoc
2589 2205 2670 2250 est
2712 2195 3004 2249 humanam
3054 2203 3344 2250 naturam:

1781 2284 2047 2353 baptizata
2080 2299 2314 2353 namque
2338 2293 2466 2338 sunt
2492 2285 2544 2338 in
2571 2284 2658 2338 die
2682 2283 3027 2339 Pentecostes
3055 2283 3213 2354 quasi
3239 2283 3345 2339 tria

1782 2375 1948 2429 millia
1971 2375 2275 2428 animarum
2306 2374 2374 2428 ab
2393 2372 2700 2445 apostolis.]

1853 2554 1938 2608 18.
1983 2551 2185 2622 Eripiet
2211 2567 2291 2605 me
2321 2551 2385 2605 de
2422 2551 2648 2604 inimicis
2676 2551 2806 2605 meis
2840 2549 3167 2620 fortissimis,
3191 2558 3242 2604 et
3279 2549 3345 2604 ab

1781 2645 1848 2696 iis
1873 2645 1962 2713 qui
1985 2644 2204 2697 oderunt
2240 2659 2338 2705 me,
2360 2653 2461 2696 etc.
2484 2642 2700 2696 Transit
2723 2643 2788 2696 ad
2819 2657 2881 2696 ea
2908 2642 3209 2696 enarranda
3225 2656 3348 2712 qua:

1783 2733 1986 2804 peccati
2032 2741 2085 2785 et
2136 2732 2466 2800 pmnitentia:
2499 2747 2661 2786 causa
2703 2731 2831 2802 egit.
2871 2730 3027 2798 Quod
3061 2740 3240 2787 autem
3272 2732 3350 2786 ait

1782 2825 1862 2879 sic
1905 2821 2205 2890 intelligito.
2255 2819 2372 2874 Jam
2415 2836 2534 2875 mea
2568 2822 2819 2876 exaudita
2854 2819 3194 2877 confessione
3238 2819 3348 2876 Do-

1785 2914 1964 2968 minus
2005 2913 2180 2967 faetus
2220 2921 2302 2967 est
2338 2912 2468 2966 tnihi
2511 2912 2566 2966 in
2627 2911 2885 2980 fulcrum,
2931 2927 3054 2972 cum
3103 2912 3349 2982 proxime

1783 3015 1928 3059 esset
1955 3015 2010 3058 ut
2035 3019 2132 3073 ego
2168 3005 2529 3068 subvertet-er,
2561 3008 2688 3059 etin
2723 3010 3194 3076 magnum‘casum
3224 3021 3352 3060 rue-

1786 3111 1894 3149 rem
1929 3137 1944 3160 ,
1977 3096 2021 3151 si
2051 3103 2172 3164 post
2214 3103 2494 3164 peccatum
2533 3095 2586 3149 in
2627 3095 2871 3150 ultimam
2900 3095 3218 3152 decidissent
3255 3098 3352 3152 de-

1786 3186 2094 3243 fectionem.
2130 3187 2395 3242 Caeterum
2419 3203 2645 3258 prorsus
2676 3187 2765 3242 ille
2787 3188 2982 3258 eripiet
3002 3203 3109 3252 me,
3131 3197 3184 3244 et
3201 3187 3353 3243 dabit

1709 3281 1750 3338 C
1785 3277 1986 3348 peccati
2015 3277 2250 3341 veniam,
2281 3286 2521 3346 tempore
2554 3277 2818 3331 adventus
2847 3277 2967 3345 ejus
3012 3291 3040 3331 a
3073 3276 3351 3348 prophetis

1791 3369 2167 3438 prmnuntiato.
2207 3367 2371 3436 quue
2413 3376 2534 3432 aget
2565 3367 2828 3422 Dominus
2859 3367 3180 3426 beneﬁcium
3217 3369 3352 3425 mihi

1789 3460 2049 3525 tribuens,
2077 3458 2341 3524 Quoniam
2375 3460 2534 3513 coluit
2575 3476 2676 3514 me.
2705 3460 2839 3516 Nam
2876 3461 2920 3517 si
2951 3477 3036 3516 me
3071 3461 3348 3530 noluisset,

1789 3565 2130 3621 nequaquam
2155 3553 2470 3621 prophetam
2502 3567 2661 3608 suum
2687 3551 2756 3608 ad
2791 3568 2877 3608 me
2903 3553 3165 3610 misisset.

1859 3727 1948 3782 2i.
1994 3727 2061 3782 Et
2095 3729 2341 3785 retribuet
2383 3730 2508 3782 mihi
2551 3728 2830 3796 Dominus,
2873 3736 2978 3785 etc.
3021 3728 3353 3787 Persuasum

1791 3820 1945 3884 mihi,
1971 3820 2168 3890 inquit,
2205 3829 2306 3883 est,
2336 3835 2460 3874 eum
2488 3829 2731 3890 tempore
2766 3821 2900 3892 justi
2932 3821 3125 3892 judicii
3161 3837 3355 3894 pecea-

1793 3921 1969 3966 torum
2015 3929 2259 3967 meorum
2307 3913 2705 3979 immemorem,
2751 3915 3048 3970 secundum
3086 3914 3352 3986 justitiam

1791 4021 1966 4060 meam
2017 4006 2151 4060 mihi
2207 4006 2623 4062 retributurum.
2679 4006 2814 4062 Cum
2864 4006 3016 4061 enim.
3073 4007 3178 4062 alia
3233 4022 3354 4066 mea

1789 4111 1953 4165 Opera
1978 4096 2030 4150 in
2051 4096 2264 4164 justitia
2295 4098 2438 4153 edita
2463 4098 2515 4152 iu
2553 4098 2709 4153 lance
2739 4097 3151 4167 comparabitet
3181 4113 3354 4169 oppo-

1790 4197 1880 4242 net
1910 4198 2131 4259 peccato
2169 4203 2309 4252 meo,
2356 4190 2585 4243 multum
2625 4204 2688 4244 ea
2731 4198 2950 4260 peccato
2977 4205 3008 4244 a
3039 4204 3125 4245 me
3159 4205 3354 4261 perpe-

1791 4288 1929 4334 trato
1981 4279 2393 4348 praeponderare
2439 4281 2692 4336 inveniet.
2736 4280 2971 4337 Doeetur
3009 4291 3187 4338 autem
3228 4297 3352 4337 eum

1790 4371 1882 4439 qui
1944 4368 2257 4422 inﬁrmitate
2319 4370 2555 4439 quadam
2625 4371 2822 4440 lapsus
2872 4371 2978 4434 sit,
3039 4383 3202 4441 posse
3259 4385 3355 4441 per

1789 4460 2026 4515 secunda
2050 4462 2190 4518 bona
2222 4475 2388 4532 opera
2415 4463 2470 4516 in
2505 4461 2798 4532 pristinum
2839 4477 2898 4519 se
2937 4463 3162 4535 gradum
3197 4462 3357 4519 resti-

1791 4560 1963 4610 tuere.

1870 4642 2164 4714 [Justitiam
2235 4659 2454 4700 omnem
2511 4645 2769 4702 virtutem
2825 4646 3004 4713 dicit;
3066 4647 3355 4718 puritatem

1798 4750 2058 4791 manuum
2104 4737 2160 4791 in
2212 4737 2440 4808 agendo,
2489 4739 2791 4808 ineulpatas
2843 4741 3207 4810 operationes,
3236 4755 3359 4811 qua:

1801 4829 1870 4884 ab
1897 4827 2105 4899 optimo
2132 4829 2319 4884 habitu
2345 4838 2400 4885 et
2426 4828 2628 4885 affectu
2657 4828 2996 4904 procedant.]

197 5068 382 5125 Daniel
417 5072 690 5128 Barbarus
719 5090 737 5129 :
762 5072 1031 5129 Caeterum
1055 5076 1149 5144 qui
1173 5075 1288 5131 haec
1317 5075 1557 5147 loquitur
1580 5074 1716 5131 nihil
1747 5075 1849 5130 sibi
1878 5074 2069 5130 tribuit
2100 5093 2116 5142 ;
2145 5090 2313 5146 quare
2341 5075 2408 5131 ad
2442 5073 2783 5134 Salvatorem
2813 5080 2967 5134 aiunt
3003 5080 3118 5136 haec
3143 5079 3354 5146 referri,

130 5166 218 5232 qui
247 5181 319 5218 ex
337 5168 451 5236 ejus
483 5183 718 5237 persona
748 5169 894 5224 hunc
919 5169 1187 5239 psalmum
1226 5171 1418 5225 dictari
1442 5172 1632 5226 dicunt
1660 5189 1674 5224 :
1709 5168 1987 5224 Teutatum
2017 5186 2111 5239 per
2143 5171 2322 5226 omnia
2347 5172 2634 5226 secundum
2665 5172 3072 5228 similitudinem
3093 5175 3141 5228 si
3159 5187 3206 5230 ιε
3235 5191 3357 5244 pec-

132 5265 246 5309 cato
271 5262 316 5311 '.
344 5258 614 5316 Justitiam
638 5278 766 5316 vero
789 5273 944 5317 vocat
966 5261 1020 5316 in
1061 5263 1375 5320 universum
1414 5265 1670 5320 aetricem
1692 5265 1948 5320 virtutem
1981 5283 1995 5331 ;
2031 5267 2320 5336 puritatem
2349 5275 2530 5321 autem
2563 5281 2844 5330 manuum,
2875 5266 3104 5332 actrices
3125 5264 3381 5322 faculta-‘

131 5341 211 5403 tes
245 5358 303 5403 et
324 5355 562 5410 actiones
595 5356 842 5411 sordium
877 5356 1166 5422 immunes,
1192 5368 1247 5412 et
1269 5359 1338 5414 ab
1369 5359 1577 5429 optimo
1610 5359 1797 5413 habitu
1827 5358 2255 5430 proﬁciscentes.
2290 5359 2557 5416 Caeterum
2584 5361 2653 5416 ab
2677 5360 2826 5416 omni
2859 5359 3121 5431 jactantia
3150 5360 3358 5417 alienas

132 5444 532 5504 benefactorum
557 5467 781 5507 suorum
812 5466 1008 5507 causas
1047 5451 1156 5506 Deo
1186 5455 1392 5510 tribuit.
1426 5452 1553 5510 Vias
1588 5463 1769 5509 autem
1799 5455 2054 5510 mandata
2077 5455 2348 5519 intelligit.
2369 5455 2485 5514 Non
2516 5457 2679 5529 impie
2709 5467 2890 5515 autem
2927 5472 2986 5514 se
3016 5459 3155 5528 gerit
3176 5455 3246 5514 ab
3267 5469 3355 5527 eo,

134 5533 436 5605 ftuicunque
472 5542 720 5598 veritatis
750 5543 1003 5615 dogmata
1038 5559 1094 5606 et
1123 5553 1455 5608 assertiones
1486 5554 1650 5611 probe
1678 5563 1911 5634 acrecte
1948 5552 2199 5622 explicat.

195 5704 222 5737 ⁸
256 5705 380 5765 05c.
414 5729 506 5778 VII,
541 5716 625 5770 l2.
707 5722 727 5749 ’
766 5719 925 5777 Hebr.
967 5740 1034 5790 tv,
1074 5726 1156 5782 i5.
