4074 6304
762 382 869 433 H5
1575 373 1629 426 ὃ.
1671 371 2038 427 ATHANASII
2077 370 2227 431 OPP.
2270 370 2450 425 PARS
2487 371 2575 427 lll.
2620 402 2685 412 —
2724 369 3133 425 EXEGETICA.
3856 368 3938 423 “6

823 544 911 597 22.
932 543 1119 597 Daniel
1138 542 1405 597 Barbarus
1424 556 1442 595 .°
1462 540 1571 594 Nec
1599 541 1750 608 impie
1768 546 1899 609 gessi
1932 559 1963 595 ιι
1997 541 2098 594 Deo
2123 557 2251 593 meo.
2279 540 2445 594 Justis
2465 540 2611 594 enim
2634 541 2726 605 qui
2754 549 2999 610 prompte
3027 538 3101 593 illi
3124 547 3316 609 parent
3346 537 3645 594 mercedem
3674 539 3934 608 rependit:

757 638 845 692 ille
873 648 1051 691 autem
1084 652 1187 689 non
1221 652 1277 691 se
1306 636 1467 706 impie
1491 638 1625 707 gerit
1655 639 1744 705 qui
1772 652 1896 690 vera
1929 638 2176 707 dogmata
2207 636 2448 704 suscipit.

827 731 1111 804 [Quoniam
1135 734 1551 803 omniajudicia,
1577 743 1680 788 ctc.
1702 732 1804 799 Qui
1835 734 1968 801 lapsi
1994 742 2123 788 sunt
2145 749 2305 801 opor-

2479 730 2647 803 [Ὅτι
2673 747 2866 784 παντα
2896 734 2968 785 τὰ
2998 730 3266 798 κρίματα,
3296 727 3387 779 καὶ
3420 724 3489 777 τά
3520 724 3667 795 ἐξῆς.
3717 724 3938 793 mm,

758 832 833 878 tet
864 833 917 878 ut
950 825 1187 893 repetitis
1219 826 1376 879 bonis
1408 827 1661 894 operibus
1698 827 1762 879 ad
1791 826 2067 880 meliorem
2103 840 2160 878 se
2190 824 2301 877 fru—

2417 823 2566 885 ιιότας
2592 821 2987 892 ἀναλαμϐάνειν
3018 822 3098 874 δεῖ
3127 821 3347 881 ἐαυτοὺς
3367 817 3454 871 διὰ
3481 817 3745 887 δευτέρων
3776 831 3941 885 κατορ-

755 930 872 984 gem
918 916 1195 985 recipiant.
1232 914 1343 970 Etsi
1390 924 1569 971 autem
1605 916 1914 985 investigari
1961 931 2067 969 non
2106 926 2304 984 queant

2417 916 2691 986 θωμάτων.
2735 916 2796 968 Ei
2830 915 2923 967 καὶ
2973 912 3361 985 ἀνεξερεύνητα
3402 910 3458 963 δὲ
3487 910 3579 962 καὶ
3619 908 3688 960 τά
3724 907 3942 979 κρίματα

751 1002 952 1072 judicia
998 1006 1138 1075 ejus,
1192 1020 1353 1074 atque
1402 1008 1596 1076 abysso
1652 1007 1953 1062 consimilia
1997 1007 2137 1071 sint,
2178 1006 2304 1075 quia

2417 1010 2501 1061 καὶ
2530 1007 2750 1077 άδύσσῳ
2796 1006 3009 1059 ἐοικότα
3039 1004 3125 1057 διὰ
3159 1003 3217 1056 τὸ
3263 1001 3640 1073 ἀκατάληπτον
3670 1048 3683 1065 ,
3734 1000 3838 1053 ἀλλ’
3865 993 3943 1054 οὖν

756 1095 961 1149 scilicet
1034 1096 1597 1164 incomprehensibilia
1667 1110 1840 1161 sunt;
1932 1106 2302 1152 verumtamen

2417 1101 2588 1154 πάντα
2615 1099 2841 1152 ἐνώπιόν
2874 1100 2989 1150 ἐστι
3016 1096 3109 1150 τοῦ
3143 1095 3436 1165 θεοφιλοῦς.
3462 1092 3483 1166 ]

752 1188 937 1241 omnia
965 1190 1219 1258 religioso
1249 1190 1364 1244 viro
1390 1192 1672 1259 prmsentia
1706 1190 1879 1263 sunt.]

820 1298 909 1353 25.
956 1300 1141 1354 Daniel
1182 1302 1453 1356 Barbarus
1487 1319 1503 1353 .·
1541 1304 1799 1367 Quoniam
1843 1305 2019 1357 omnia
2041 1304 2248 1373 judicia
2284 1303 2396 1371 ejus
2424 1304 2479 1356 in
2526 1309 2805 1368 conspectu
2843 1314 2975 1352 meo.
3003 1296 3106 1363 Qui
3140 1298 3433 1352 secundum
3465 1296 3632 1350 Deum
3665 1296 3830 1349 homo
3858 1282 3944 1361 cit,

752 1391 994 1446 divinum
1028 1393 1276 1446 timorem
1313 1405 1437 1449 ante
1465 1397 1654 1451 oculos
1682 1399 2018 1452 continenter
2049 1399 2278 1464 habens,
2320 1412 2440 1451 cum
2481 1396 2678 1451 ﬁducia
2720 1403 2775 1449 et
2820 1393 3067 1447 libertate
3104 1406 3289 1446 coram
3326 1391 3435 1447 Deo
3477 1394 3606 1463 agit.
3629 1390 3838 1447 Iudicia
3868 1390 3945 1445 Dei

755 1486 801 1540 si
831 1486 1192 1556 inquirantur,
1223 1490 1592 1545 inscrutahilia
1625 1501 1821 1546 suntet
1857 1493 2088 1561 abyssus
2112 1494 2305 1556 multa,
2326 1492 2583 1563 quoniam
2616 1498 2831 1561 propter
2858 1487 3241 1543 obscuritatem
3268 1488 3648 1557 comprehendi
3670 1497 3943 1556 nequeunt.

753 1581 893 1637 Fieri
918 1595 1092 1639 tamen
1127 1587 1269 1640 haud
1300 1596 1493 1655 potest,
1527 1598 1583 1642 ut
1616 1590 1924 1660 quijudicia
1962 1590 2053 1645 Dei
2082 1606 2192 1660 prae
2225 1590 2397 1645 oculis
2423 1589 2605 1654 habet,
2646 1602 2787 1657 aegre
2819 1584 2957 1640 lerat
2986 1584 3077 1639 Dei
3111 1580 3523 1654 providentiam,
3559 1578 3831 1647 etjudicio
3866 1574 3947 1629 Dei

753 1684 947 1730 cuncta
985 1675 1195 1745 disponi
1229 1698 1241 1732 :
1278 1696 1399 1734 nam
1442 1686 1525 1737 vel
1563 1701 1625 1738 ex
1658 1688 1773 1754 ipso
1799 1687 1988 1755 judicii
2031 1687 2249 1741 nomine
2293 1687 2497 1756 iustum
2531 1700 2651 1741 esse
2688 1683 2954 1753 judicium
2999 1680 3383 1751 cognoscitur:
3416 1679 3506 1749 jus
3537 1676 3682 1731 enim
3728 1674 3837 1728 dat.
3868 1672 3947 1727 Vel

752 1767 1017 1835 justitiam
1058 1772 1207 1837 dicit,
1235 1789 1358 1828 cum
1391 1780 1571 1833 omnia
1598 1779 1797 1848 judicia
1830 1797 1948 1851 qua:
1977 1783 2112 1837 citra
2133 1783 2399 1852 justitiam
2439 1782 2588 1847 tiant,
2616 1794 2681 1835 eo
2710 1780 3074 1833 additamento
3107 1774 3473 1835 nominentur,
3505 1777 3563 1822 ut
3600 1782 3708 1821 non
3741 1764 3945 1835 judicia,

755 1866 848 1918 sed
872 1866 1074 1934 judicia
1103 1884 1354 1938 perversa
1376 1872 1643 1928 dicantur.
1676 1873 1962 1945 Propterea
1991 1877 2192 1931 dictum
2222 1888 2326 1941 est,
2358 1877 2677 1946 Egrediatur
2703 1876 2967 1945 judicium
2989 1886 3282 1942 perversum
3304 1869 3368 1922 ¹⁰.
3391 1866 3455 1920 Et
3472 1866 3714 1934 justitias
3732 1862 3840 1931 ejus
3861 1876 3947 1913 non

754 1961 921 2027 repuli
948 1979 979 2014 a
1008 1979 1103 2017 me.
1146 1966 1424 2034 Adhaeren,
1458 1968 1651 2038 inquit,
1680 1971 1906 2042 justitiis
1952 1973 2064 2028 Dei.
2115 1974 2194 2030 Ab
2240 1975 2347 2029 illis
2384 1975 2527 2027 enim
2566 1974 2843 2034 recedunt,
2879 1971 2969 2041 qui
3016 1986 3106 2025 eas
3144 1984 3250 2023 non
3286 1964 3702 2032 amplectuntur.
3739 1955 3949 2011 Justiti:

755 2064 880 2103 vero
904 2052 1006 2105 hoc
1036 2055 1156 2109 loco
1192 2056 1463 2123 dicuntur,
1498 2077 1617 2130 quae
1644 2064 1864 2129 justitiae
1890 2080 2051 2119 causa
2081 2075 2134 2119 et
2178 2064 2447 2130 aequitatis
2483 2065 2597 2135 lege
2638 2063 2845 2117 sancita
2884 2073 3028 2124 sunt,
3062 2070 3120 2114 ut
3153 2060 3281 2113 illud
3319 2074 3333 2111 :
3367 2054 3425 2109 Si
3447 2070 3586 2108 emas
3624 2069 3825 2107 servum
3857 2050 3949 2105 He-

753 2141 945 2197 braeum
966 2144 1029 2209 ι’,
1060 2155 1112 2200 et
1149 2148 1350 2218 reliqua
1388 2168 1403 2210 ;
1440 2166 1562 2205 nam
1604 2154 1753 2221 prius
1774 2154 1980 2208 dixerat
2013 2176 2025 2211 :
2068 2156 2196 2211 Haec
2227 2168 2342 2210 sunt
2364 2156 2571 2224 judicia
2599 2173 2715 2226 qua:
2742 2170 2993 2224 propones
3019 2154 3093 2206 eis
3119 2153 3183 2204 ¹¹.
3215 2148 3412 2204 Verum
3440 2161 3561 2201 cum
3588 2144 3829 2213 justitias
3857 2159 3950 2199 una

753 2248 876 2293 cum
898 2235 1115 2304 judiciis
1146 2240 1405 2301 nominet,
1438 2255 1694 2309 purgatos
1717 2259 1779 2297 ac
1810 2246 2062 2314 probatos
2102 2247 2194 2301 Dei
2239 2263 2520 2302 sermones
2549 2247 2630 2300 bze
2655 2246 2879 2316 jnstitiae
2916 2243 3222 2313 signiﬁcare
3261 2248 3508 2310 possunt.
3546 2235 3650 2303 Qui
3687 2250 3952 2290 sermones

753 2342 875 2380 cum
922 2326 1267 2395 judicantur,
1326 2349 1421 2389 nec
1471 2335 1621 2403 argui
1684 2350 1782 2389 nec
1844 2338 2075 2405 perverti
2140 2339 2385 2406 possint,
2430 2337 2634 2406 judicia
2703 2344 3105 2404 nuncupantur.
3165 2331 3441 2385 Justnrum
3502 2341 3719 2397 quoque
3768 2325 3954 2397 cogita-

756 2422 926 2476 tiones
955 2426 1260 2491 ponderatze
1291 2438 1341 2481 ct
1364 2430 1597 2496 probatae
1623 2430 1923 2499 diligenter,
1961 2447 2083 2485 cum
2122 2433 2325 2487 similes
2352 2431 2657 2502 mquilibrio
2682 2432 2811 2496 sint,
2838 2429 3041 2499 judicia
3072 2428 3264 2482 merito
3289 2424 3395 2479 dici
3428 2432 3674 2492 possunt.

823 2512 1013 2567 Daniel
1044 2514 1313 2569 Barbarus
1338 2533 1356 2570 :
1388 2517 1456 2570 Et
1476 2518 1881 2587 justi/icationes
1916 2523 2027 2589 ejus
2059 2539 2157 2577 non
2192 2532 2511 2582 recesserunt
2556 2540 2587 2576 a
2630 2537 2730 2576 me.
2762 2519 3010 2577 Mandata
3045 2519 3289 2589 intelligit
3322 2530 3418 2585 per
3447 2511 3875 2583 justiﬁcationes,
3907 2521 3959 2565 et

755 2603 1108 2661 deceduntab
1146 2608 1251 2663 illis
1281 2610 1372 2678 qui
1402 2626 1464 2663 ea
1495 2626 1600 2663 non
1626 2611 1935 2669 admittunt.

821 2723 910 2779 26.
954 2724 1086 2780 Cum
1111 2739 1291 2781 sancto
1314 2741 1525 2784 sanctus
1548 2733 1669 2785 eris.
1697 2731 1886 2786 Merito
1919 2734 2024 2788 tuis
2045 2750 2130 2787 me
2149 2733 2311 2788 benc-

2481 2731 2639 2786 Μετὰ
2676 2731 2851 2785 ὁσίου
2880 2728 3046 2795 ὅσιος
3083 2728 3219 2795 ἔσῃ.
3251 2728 3489 2789 Εἰκότως
3531 2724 3871 2795 κατηξίωσάς
3899 2744 3959 2794 με

756 2818 893 2873 liciis
939 2819 1191 2887 dignatus
1242 2836 1299 2874 es
1338 2840 1352 2874 :
1401 2838 1523 2874 nam
1569 2834 1788 2877 sanctus
1837 2840 1958 2878 cum
2008 2825 2104 2889 sis,
2164 2826 2305 2879 nosti

2417 2823 2507 2893 τῆς
2542 2824 2638 2893 σῆς
2673 2822 2984 2894 εὐεργεσίας
3016 2839 3027 2851 ⁸
3065 2821 3356 2892 ἐπειδήπερ
3381 2861 3395 2885 ,
3426 2820 3628 2883 δίκαιος
3682 2820 3757 2871 ὢν
3784 2862 3797 2884 ,
3825 2815 3961 2882 οἶδας

756 2924 881 2963 cum
914 2918 1104 2962 sancto
1136 2911 1479 2965 sanctiﬁcari.
1522 2911 1579 2966 Si
1614 2914 1756 2967 enim
1786 2914 1839 2968 in
1877 2926 2096 2983 peccato
2128 2930 2309 2984 perse-

2417 2916 2553 2987 μετά
2580 2917 2725 2969 ὁσίου
2754 2916 3048 2969 ὁσιοῦσθαι.
3076 2917 3140 2968 Εί
3176 2915 3283 2986 γὰρ
3328 2917 3476 2987 ἥμην
3515 2916 3871 2986 ἐναπομείνας
3902 2918 3961 2985 τῇ

756 3015 1053 3064 verassem,
1081 3012 1134 3056 et
1156 3003 1209 3056 in
1240 3002 1452 3056 ruinam
1476 3002 1718 3059 funditus
1746 3006 1929 3075 lapsus
1953 3022 2152 3073 essem,
2184 3008 2307 3061 novi

2417 3009 2658 3078 ἁμαρτίᾳ
2690 3008 2783 3060 καὶ
2813 3008 3046 3077 παντελῆ
3079 3006 3404 3077 διαστροφὴν
3452 3008 3749 3077 ὑπομείνας
3776 3048 3790 3071 ,
3834 3002 3961 3069 οἶδα,

757 3102 810 3146 te
832 3107 1046 3162 quoque
1075 3108 1329 3163 magnum
1351 3094 1606 3163 judicem,
1634 3098 1699 3149 de
1716 3106 1932 3165 peccato
1958 3112 2077 3150 meo
2097 3112 2308 3166 aequum

2417 3100 2495 3152 ὅτι
2520 3100 2611 3151 καὶ
2643 3101 2707 3152 σὺ
2733 3100 2889 3162 αὐτὸς
2913 3099 2941 3150 ὁ
2974 3099 3145 3170 μέγας
3168 3099 3361 3169 κριτὴς
3388 3101 3453 3169 τῇ
3479 3100 3581 3169 ἐμῇ
3611 3101 3854 3172 ἁμαρτία
3876 3118 3964 3153 κα-

754 3184 1017 3255 Ῐυᾱίοἰυῐιι
1044 3186 1517 3255 pronuntiaturum
1555 3185 1743 3240 fuisse.
1776 3187 1845 3239 At
1880 3187 2099 3256 quando
2129 3197 2313 3241 custo-

758 3277 868 3332 divi
906 3277 1019 3332 vias
1049 3288 1188 3343 tuas,
1234 3277 1355 3332 ideo
1384 3287 1439 3332 tu
1477 3278 1569 3348 qui
1610 3294 1732 3333 cum
1767 3288 1955 3334 sancto
2003 3290 2222 3335 sanctus
2255 3295 2314 3335 es

759 3380 962 3426 etcum
998 3372 1282 3427 innocente
1326 3372 1606 3439 innocens,
1654 3388 1996 3444 nequaquam
2049 3390 2161 3428 rem
2197 3374 2313 3429 dis-

761 3464 986 3532 posuisti
1031 3465 1328 3519 secundum
1384 3464 1533 3517 illum
1590 3466 1950 3534 perniciosum
2011 3476 2208 3519 statum
2259 3467 2313 3521 in

761 3571 871 3625 quo
913 3564 1061 3610 certo
1116 3563 1354 3624 tempore
1393 3566 1640 3609 versatus
1690 3570 1831 3619 sum,
1885 3556 1977 3609 sed
2017 3557 2314 3611 secundum

761 3648 925 3700 vitam
958 3661 1075 3718 quae
1090 3647 1284 3702 exinde
1313 3646 1596 3702 subsecuta
1625 3656 1725 3711 est,
1750 3656 1801 3701 et
1834 3648 2000 3705 vitam
2025 3649 2077 3701 in
2105 3648 2314 3717 justitia

762 3748 959 3806 actam,
990 3740 1338 3809 promeritam
1370 3739 1500 3794 mihi
1537 3742 1943 3797 retributionem
1974 3741 2026 3795 in
2063 3742 2316 3798 tribunali

761 3830 854 3888 illo
884 3840 976 3886 tuo
998 3831 1261 3901 largieris.

830 3918 921 3973 ΞΒ.
964 3920 1223 3982 Quoniam
1256 3930 1309 3973 tu
1340 3922 1587 3990 populum
1628 3923 1872 3977 humilem
1901 3924 2100 3978 salvum
2132 3925 2313 3991 facies.
2344 3940 2387 3997 ο

762 4011 841 4064 Ad
865 4011 1091 4064 chorum
1128 4013 1296 4067 mittit
1338 4014 1724 4083 apostolorum.
1760 4014 1827 4066 Et
1868 4015 2042 4067 oculos
2075 4019 2322 4083 superbo-

766 4120 880 4157 rum
900 4103 1220 4160 humiliabis.
1250 4102 1361 4159 Hoc
1384 4105 1553 4160 tendit
1587 4105 1639 4159 in
1667 4103 1881 4160 Scribas
1915 4117 1968 4159 et
1994 4106 2315 4160 Pharisacs.

833 4281 921 4335 29.
959 4280 1218 4345 Quoniam
1250 4292 1304 4335 tu
1332 4284 1650 4337 illuminabis
1695 4283 1959 4336 lucernam
1993 4298 2180 4347 meam,
2212 4280 2317 4333 Do-

767 4374 922 4425 mine.
950 4371 1180 4426 Mentem
1209 4374 1303 4429 ait.
1346 4374 1483 4427 Deus
1524 4391 1686 4438 meus,
1719 4374 2041 4427 illuminabis
2081 4374 2312 4426 tenebras

769 4483 950 4530 nscas;
983 4467 1360 4536 ignorantiam,
1386 4467 1579 4537 inquit,
1612 4482 1782 4519 meam
1812 4465 2119 4534 dissipabis.

841 4557 926 4611 30.
967 4558 1222 4621 Quoniam
1259 4561 1311 4611 in
1347 4570 1393 4612 te
1428 4560 1625 4628 eripiar
1658 4576 1688 4611 a
1714 4559 2012 4618 tentatione.
2039 4568 2086 4610 et
2118 4559 2171 4609 in
2212 4556 2317 4610 Deo

770 4664 880 4701 meo
934 4650 1285 4717 transgrediur
1333 4665 1557 4701 murum.
1612 4648 1746 4714 Quia
1803 4648 2319 4715 comprehenderunt

770 4753 876 4801 me,
911 4738 1104 4807 inquit,
1136 4738 1337 4792 inimici
1370 4738 1492 4802 mei,
1516 4748 1574 4792 ut
1606 4754 1691 4792 me
1727 4738 2210 4794 circumsisterent.

840 4827 1234 4899 [Tentationem
1282 4830 1443 4883 etiam
1484 4838 1642 4882 vocat
1684 4830 2030 4899 voluptatem,
2092 4836 2144 4881 et
2198 4844 2317 4881 mu-

769 4936 910 4983 rum,
934 4919 1255 4991 diabolum]

839 5016 926 5069 51.
968 5014 1107 5069 Deus
1168 5031 1332 5079 meus,
1388 5014 1669 5083 impolluta
1720 5016 1803 5068 uia
1852 5015 1984 5082 ejus,
2037 5023 2139 5067 etc.
2200 5011 2320 5065 Haec

770 5108 974 5172 dicens,
1032 5106 1488 5177 ingratitudinem,
1552 5106 1864 5176 perﬁdiam,
1923 5106 2320 5174 immorigerum

773 5196 1034 5261 animum,
1062 5204 1117 5249 et
1142 5195 1389 5250 duritiem
1432 5196 1610 5249 cordis
1645 5196 1977 5264 ingratorum
2008 5203 2060 5249 et
2094 5194 2324 5248 scelera-

774 5296 949 5341 torum
981 5285 1289 5344 Judaaorum
1331 5287 1520 5355 carpit.
1546 5285 1809 5351 Quoniam
1849 5284 2180 5338 Salvatorem
2221 5296 2322 5335 no-

2410 3190 2666 3260 τάλληλον
2714 3192 2995 3260 ἐπήγαγες
3041 3190 3102 3242 τὸ
3153 3188 3347 3242 σαυτοῦ
3405 3193 3599 3261 κρῖμα.
3666 3191 3881 3261 Ἐπειδὴ
3912 3192 3963 3243 δὲ

2414 3279 2651 3347 ἐφύλαξα
2696 3280 2794 3342 τὰς
2825 3280 2974 3342 ὁδούς
3015 3297 3126 3343 σου,
3162 3280 3346 3333 τούτου
3389 3281 3546 3350 χάριν
3572 3282 3599 3333 ὁ
3637 3282 3773 3351 μετά
3825 3283 3966 3334 ὁσίου

2413 3372 2723 3441 ὁσιούμενος
2778 3372 2870 3424 καὶ
2931 3373 3065 3442 μετά
3095 3371 3269 3423 ἀθώου
3314 3371 3674 3442 ἀθωούμενος,
3724 3374 3783 3424 ού
3834 3375 3967 3427 κατὰ

2415 3464 2512 3534 τὴν
2539 3466 2595 3517 ἐν
2628 3463 2801 3535 καιρῴ
2826 3481 2928 3528 τιγι
2970 3462 3337 3532 γεγενημένην
3374 3480 3462 3532 μοι
3504 3465 3833 3536 διαστροφὴν
3875 3468 3967 3536 ἠρ-

2421 3555 2587 3623 μόσω,
2623 3555 2760 3607 κατὰ
2809 3555 2865 3607 δέ
2898 3554 2993 3625 τὴν
3049 3553 3184 3624 μετά
3232 3554 3405 3607 ταῦτα
3438 3554 3611 3624 ζωὴν,
3657 3556 3750 3607 καὶ
3783 3556 3880 3610 τὸν
3916 3560 3966 3608 ἐν

2416 3644 2727 3715 δικαιοσύνῃ
2756 3661 2855 3713 μου
2888 3643 2998 3714 βίον
3030 3644 3125 3713 τὴν
3152 3644 3381 3715 ἀμοιϐήν
3410 3662 3497 3716 μοι
3528 3645 3782 3717 παρέξεις
3815 3650 3873 3700 ἐν
3900 3647 3967 3716 τῷ

2419 3732 2496 3803 σῷ
2526 3734 2854 3807 δικαστηρίῳ

2489 3936 2615 3987 Ὀτι
2653 3935 2733 3987 σὺ
2761 3935 2913 3987 λαὸν
2944 3936 3221 3988 taxata-Cr
3252 3936 3489 4000 σώσεις.
3536 3936 3656 3988 Ἐπὶ
3694 3936 3786 3989 τὸν
3816 3938 3966 4007 χορὸν

2418 4024 2724 4091 ἀναπέμπει
2758 4024 2863 4076 τῶν
2897 4025 3225 4079 ἀποστόλων,
3258 4025 3366 4080 Καὶ
3397 4025 3737 4094 ὀφθαλμοὺς
3766 4028 3970 4094 ὐπερη·

2417 4113 2620 4183 φάνων
2654 4114 3052 4180 ταπεινώσεις.
3087 4116 3256 4168 Τοῦτο
3278 4118 3355 4180 εἰς
3381 4116 3506 4179 τοὺς
3533 4114 3861 4186 Φαρισαίους
3884 4115 3969 4167 καὶ

2422 4201 2759 4268 γραμματεῖς
2787 4214 2843 4249 τε
2853 4199 2970 4252 ίνει.

2491 4286 2609 4338 ’Ότι
2656 4286 2735 4339 σὺ
2767 4285 2999 4354 φωτιεῖς
3040 4290 3272 4355 λύχνον
3295 4305 3437 4358 μου,
3472 4289 3660 4356 Κύριε.
3708 4289 3817 4343 Τὸν
3856 4289 3968 4342 νοῦν

2422 4393 2605 4447 φησιν.
2657 4379 2717 4433 Ὀ
2746 4380 2887 4443 Θεός
2910 4396 3049 4447 μου,
3083 4384 3312 4448 φωτιεῖς
3340 4381 3403 4433 τὸ
3432 4382 3650 4445 σκότος
3687 4398 3833 4449 μου.
3868 4382 3969 4452 Τὴν

2421 4465 2657 4532 ἄγνοιαν,
2692 4470 2822 4538 φησὶ
2842 4512 2854 4532 ,
2882 4469 2980 4536 τὴν
3005 4470 3063 4520 ἐν
3089 4470 3209 4539 ἐμοὶ
3239 4470 3623 4533 διασκεδάσεις.

2492 4560 2617 4611 Ὀτι
2644 4561 2713 4613 ἐν
2739 4560 2834 4613 σοὶ
2859 4559 3241 4629 ρυσθήσομαι
3273 4561 3388 4615 ἀπὸ
3432 4563 3838 4631 πειρατηρίου,
3878 4563 3967 4616 καί

2419 4651 2487 4703 ἐν
2519 4652 2598 4716 τῷ
2632 4652 2752 4717 Θεῴ
2786 4670 2901 4721 μου
2945 4654 3348 4723 ὑπερϐήσομαι
3384 4655 3592 4723 τεῖχος.
3632 4657 3751 4709 Ὀτι
3800 4656 3968 4727 περιέ-

2419 4739 2579 4794 λαόόν
2613 4760 2677 4811 με
2706 4744 2755 4794 οί
2785 4743 2963 4814 ἐχθροί
3001 4761 3120 4813 μου,
3159 4746 3339 4813 φησὶν,
3372 4747 3449 4808 εἰς
3478 4746 3535 4798 τὸ
3562 4745 3902 4799 ἀποκλεῖσαι.

2491 4831 2509 4899 [
2534 4833 2886 4904 Πειρατήριον
2914 4834 2969 4885 δὲ
3004 4834 3094 4886 καὶ
3125 4834 3266 4902 λέγει
3309 4836 3405 4897 τὰς
3435 4835 3642 4904 ἡδονὰς,
3676 4837 3774 4887 καὶ
3802 4840 3967 4905 τεῖχος

2422 4920 2510 4973 τὸν
2542 4921 2801 4975 διάϐολον.
2821 4920 2840 4992 ]

2504 5012 2565 5064 '0
2595 5016 2735 5079 Θεός
2775 5031 2891 5081 μου
2929 5013 3162 5082 ἄμωμος
3178 5017 3214 5081 ὴ
3255 5014 3392 5078 ὁδὸς
3433 5014 3639 5069 αὐτοῦ.
3688 5014 3964 5075 Ἐνταῦθα,

2421 5106 2574 5172 φησὶ,
2596 5104 2693 5175 τὴν
2722 5104 3105 5174 ἀγνωμοσύνην
3126 5106 3218 5157 καὶ
3242 5105 3335 5175 τὴν
3360 5105 3554 5157 κακίαν
3578 5105 3669 5157 καὶ
3696 5105 3799 5175 τὴν
3831 5107 3948 5157 dmi

2421 5195 2485 5265 θῆ
2520 5195 2743 5265 γνώμην
2779 5196 2869 5251 καὶ
2894 5196 2990 5266 τὴν
3023 5196 3359 5266 σκληρότητα
3391 5195 3497 5249 τῶν
3525 5197 3855 5266 ἀγνωμόνων
3884 5196 3966 5247 καὶ

2422 5286 2730 5355 ἀχαρίστων
2774 5287 2865 5338 καὶ
2900 5285 3334 5356 σκληροκαρδίων
3377 5288 3639 5343 Ἰουδαίων
3687 5288 3963 5356 καταμέμ-

771 5387 945 5432 strum
973 5376 1245 5431 Christum
1289 5376 1767 5444 reprehenderunt,
1795 5375 1946 5441 quasi
1972 5381 2157 5427 contra
2189 5371 2320 5425 divi-

2425 5394 2600 5446 φεται.
2642 5376 2857 5446 Ἐπειδὴ
2889 5377 3319 5447 ἐπελαμϐάνοντο
3378 5378 3467 5430 τοῦ
3521 5380 3769 5449 Σωτῆρος
3820 5376 3966 5449 ἡμῶν

775 5485 898 5523 nam
927 5469 1095 5537 legem
1126 5478 1325 5539 ageret.
1352 5466 1501 5522 Dicta
1531 5483 1759 5536 namque
1787 5466 1929 5520 illius
1952 5507 1965 5526 .
2000 5465 2153 5533 quasi
2199 5464 2315 5517 bla-

2425 5469 2677 5541 Χριστοῦ,
2717 5469 2791 5532 ὼς
2816 5470 2965 5540 παρὰ
2992 5470 3084 5522 τὸν
3119 5469 3256 5523 θεῖον
3301 5471 3627 5541 πράττοντος
3650 5472 3833 5540 νόμον.
3863 5468 3962 5523 Καὶ

776 5561 994 5626 sphema
1028 5560 1283 5614 conviciis
1320 5569 1373 5614 et
1411 5559 1695 5615 calumniis
1746 5558 2093 5626 impetebant,
2140 5565 2320 5610 mutuo

2426 5561 2529 5634 μὴν
2570 5560 2661 5613 καὶ
2688 5560 2793 5613 τῶν
2823 5560 2995 5628 λόγων
3022 5559 3183 5613 αὑτοῦ
3228 5560 3522 5631 ἐλοιδόρουν
3569 5561 3660 5614 καὶ
3697 5556 3961 5614 διέϐαλλον

850 5740 891 5776 ¹⁶
929 5738 1126 5795 Habac.
1161 5758 1195 5799 l.
1231 5742 1280 5794 4.
1387 5742 1423 5771 ¹¹
1464 5741 1632 5797 Exod.
1661 5755 1769 5804 nt,
1799 5738 1849 5792 Ξ.
1931 5741 1967 5769 "
2008 5737 2130 5792 ibid.
2172 5738 2216 5791 Ι.
