4074 6304
108 325 202 381 ii‘l

1229 342 1589 403 EXPOSITIO
1627 345 1693 402 IN
1733 344 2065 404 PSALMUM
2102 347 2259 403 XVII.

3213 351 3315 404 ΗΒ

105 441 177 505 ὡς
201 440 553 536 βλασφημῶν,
584 446 829 517 λέγοντες
861 454 992 525 πρὸς
1030 455 1308 527 ἀλλήλους,
1353 460 1433 513 ὅτι
1466 463 1687 523 Black,

1769 465 1999 520 dicentes
2035 483 2047 519 :
2079 463 2181 518 Hic
2221 464 2584 533 blasphemat:
2611 466 2725 535 quis
2766 467 2901 520 enim
2940 475 3105 536 potest
3136 466 3317 522 dimit-

261 533 283 545 α

107 537 299 602 mysi.
343 537 437 601 Τίς
481 539 590 607 γὰρ
620 541 865 598 δύναται
906 548 1143 616 ἀφιέναι
1180 548 1504 620 ἀμαρτίας;
1566 555 1660 608 Ἐκ

108 626 344 713 πονηρᾶς
369 628 720 698 συνειδήσεως
746 635 837 687 καὶ
863 636 1031 690 κακοῦ
1054 638 1310 708 λογισμοῦ
1331 639 1502 694 ταῦτα
1526 642 1660 713 πρὸς

106 712 194 765 τὸν
222 714 331 769 τῶν
359 716 495 771 ὅλων
524 720 725 791 Κύριον
758 725 852 779 καὶ
881 725 1011 780 Θεὸν
1042 727 1428 799 διανοούμενοι,
1456 731 1549 785 καὶ
1576 733 1661 785 λο-

108 801 381 871 γιζόμενοι
409 804 444 858 ἃ
472 806 839 877 διελογίζοντο.

174 891 195 963 [
224 893 301 947 Τὰ
330 895 503 963 λόγια
529 900 713 953 αὐτοῦ
739 902 1146 973 πεπυρωμένα.
1174 906 1283 959 Καὶ
1307 906 1372 959 τὰ
1394 923 1457 959 πε
1465 908 1519 978 pl
1540 924 1661 961 του-

106 1000 196 1035 του
228 984 386 1054 λόγια
423 988 587 1042 αὐτοῦ
623 992 698 1055 ὡς
737 993 796 1046 τὸ
829 997 1220 1067 πεπυρωμένον
1250 998 1530 1069 ἀργύριον,
1572 1018 1660 1053 κα-

108 1074 246 1147 θαρὰ
280 1078 461 1151 πάσης
515 1081 771 1152 μέμψεως
794 1128 809 1152 ,
859 1087 1295 1159 βεϐασανισμένα
1320 1127 1334 1153 ,
1380 1089 1660 1145 δεδοκιιια-

108 1168 296 1237 σμένα.

171 1259 304 1313 Ὀτι
351 1263 443 1329 τίς
498 1264 641 1331 Θεὸς
693 1268 857 1337 πλὴν
888 1271 993 1323 τοῦ
1029 1275 1276 1342 Κυρίου;
1310 1276 1347 1344 ἣ
1380 1277 1472 1341 τίς
1519 1273 1661 1339 Θεὸς

108 1348 271 1417 πλὴν
296 1354 403 1407 τοῦ
435 1356 581 1410 Θεοῦ
612 1357 781 1426 ἡμῶν
799 1377 816 1424 ;
860 1363 917 1415 '0
949 1362 1056 1434 γὰρ
1085 1364 1177 1417 τοῦ
1202 1364 1337 1419 Θεοῦ
1368 1366 1537 1433 Λόγος
1562 1366 1659 1436 μό-

109 1456 189 1526 νος
216 1441 352 1506 Θεὸς
397 1445 621 1518 ἀληθὴς,
652 1449 732 1503 διὸ
776 1453 869 1504 καὶ
903 1455 1228 1526 Μονογενὴς,
1262 1457 1347 1510 διὰ
1386 1456 1446 1509 τὸ
1505 1457 1661 1526 μόνος

110 1524 241 1584 εἶναι
273 1532 409 1596 Θεὸς
437 1536 510 1600 ὡς
536 1540 563 1590 ὁ
597 1541 803 1610 Πατήρ.
839 1543 1022 1597 Εἰπὼν
1065 1546 1120 1598 δὲ
1155 1524 1281 1619 ἰπερὶ
1306 1524 1560 1619 Χριστοῦ,
1588 1548 1663 1611 ὼς

110 1621 260 1689 φύσει
297 1626 453 1689 Θεὸς,
484 1627 577 1682 νῦν
605 1628 771 1698 λέγει,
800 1635 876 1687 ’Ἡ
896 1636 985 1701 τίς
1011 1638 1189 1703 Θεός;
1228 1638 1383 1707 μόνον
1419 1634 1555 1691 εἶναι
1586 1638 1663 1690 λέ-

109 1731 233 1781 γων,
253 1720 558 1784 κατάὑτὸν,
572 1722 662 1774 τὸν
676 1723 912 1796 Πατέρα.
929 1727 1086 1798 Ἡμῖν
1102 1729 1157 1781 δὲ
1174 1724 1252 1793 εἷς
1268 1730 1396 1793 Θεὸς
1410 1732 1437 1781 6
1452 1731 1599 1799 Πατή
1610 1745 1659 1800 ρ·

1766 565 1870 610 tere
1910 566 2124 626 peccata
2159 556 2246 611 ⁸³2
2288 555 2366 612 Ex
2392 572 2556 628 prava
2607 556 2813 612 scilicet
2861 559 3213 624 conscientia,
3262 568 3317 613 et

1765 648 1903 702 mala
1938 646 2263 719 cogitatione
2306 649 2423 704 hac
2472 656 2661 704 contra
2697 647 2984 704 Dominum
3043 664 3106 704 ac
3146 649 3313 704 Deum

1764 739 2143 794 universorum
2178 739 2234 794 in
2260 746 2437 794 mente
2454 738 2744 794 versabant
2777 748 2829 793 et
2860 738 3186 810 cogitabant.

1835 912 2086 984 [Eloquia
2118 913 2231 981 ejus
2267 911 2382 982 igne
2410 912 2730 966 exaininata.
2760 909 2825 966 Et
2858 911 3072 981 eloquia
3102 912 3219 980 ejus
3250 927 3316 965 aa

1764 1020 1879 1060 rem
1907 1004 2085 1069 istam,
2118 1004 2183 1059 de
2221 1018 2328 1073 qua
2372 1003 2603 1073 agimus,
2633 1004 2975 1073 pertinentia,
3023 1003 3177 1072 quasi
3225 1017 3314 1056 ar-

1765 1105 1982 1167 gentum
2002 1096 2124 1166 igne
2151 1104 2456 1165 purgatum.
2485 1095 2614 1150 nulli
2636 1094 3040 1165 reprehensioni
3061 1093 3314 1159 obnoxia,

1765 1186 1988 1256 probata
2016 1194 2067 1239 et
2095 1185 2419 1238 examinata.

1834 1277 1923 1332 σε.
1972 1276 2231 1341 Quoniam
2279 1277 2395 1345 quis
2438 1274 2574 1330 Deus
2608 1284 2797 1344 preter
2838 1274 3177 1330 Dominum?
3226 1284 3316 1327 aut

1764 1367 1880 1436 quis
1903 1365 2040 1420 Deus
2067 1374 2256 1434 praater
2292 1365 2455 1417 Deum
2485 1372 2719 1417 nostrum
2749 1365 2773 1417 2
2800 1361 2933 1416 Nam
2965 1361 3057 1417 Dei
3087 1361 3316 1417 Verbum

1767 1456 1917 1511 solus
1970 1453 2111 1509 Deus
2159 1469 2319 1509 verus
2363 1462 2477 1517 est,
2529 1462 2917 1523 proptereaque
2962 1450 3316 1521 Unigenitus,

1767 1550 1894 1620 quia
1930 1548 2077 1603 solus
2116 1547 2257 1602 Deus
2287 1556 2369 1602 est
2397 1546 2555 1601 sicuti
2586 1555 2641 1600 et
2682 1545 2860 1600 Pater.
2899 1543 3188 1613 Postquam
3223 1560 3320 1598 au-

1768 1654 1873 1698 tem
1913 1642 1980 1697 de
2005 1640 2243 1707 Christo,
2276 1649 2334 1693 ut
2374 1650 2564 1693 natura
2600 1638 2727 1701 Deo,
2765 1639 2977 1692 locutus
3014 1646 3134 1701 est;
3177 1650 3318 1689 nunc

1769 1735 1862 1799 ait,
1896 1733 1997 1786 Aut
2020 1733 2133 1802 quis
2172 1730 2307 1783 Deus
2341 1728 2575 1783 ?Solum
2612 1728 2761 1781 aiens
2801 1728 2965 1781 Deum
3001 1724 3214 1779 Patrem
3236 1741 3323 1780 se-

110 1809 161 1858 οὖ
176 1808 289 1878 γάρ
318 1811 431 1862 ἐστι
455 1810 584 1874 Θεὸς
612 1813 815 1884 ἕτερος,
836 1818 963 1870 ἵναὸ
998 1820 1094 1889 μὲν
1124 1822 1316 1892 τούτῳ,
1335 1825 1363 1874 6
1394 1822 1448 1874 δὲ
1470 1823 1663 1892 ἐκείνῳ

1769 1822 1999 1877 eundum
2052 1822 2310 1889 seipsum.
2363 1817 2529 1873 Nobis
2587 1826 2767 1873 autem
2828 1833 2970 1871 unus
3037 1815 3180 1871 Deus
3238 1828 3323 1873 est

112 1897 362 1969 παράσχῃ
394 1900 492 1969 τὴν
524 1900 757 1973 αἴτησιν.
795 1908 951 1971 Ἴσως
982 1909 1035 1962 δὲ
1071 1912 1164 1963 καὶ
1211 1914 1273 1964 ἐκ
1322 1913 1660 1983 παραλλήλου

113 1987 224 2050 τοὺς
252 1987 345 2039 δύο
368 1991 743 2061 προηνέγκατο
772 1998 981 2067 στίχους
1006 2014 1018 2027 ·
1052 1999 1213 2062 οὕτω,
1248 2003 1431 2070 φησιν,
1472 2006 1499 2055 6
1536 2003 1664 2074 ἀλη-

112 2075 202 2146 θὴς
234 2076 389 2141 Θεὸς,
432 2079 509 2143 ὡς
559 2082 883 2151 ἐπεποίθειν,
920 2090 976 2142 ἐν
1011 2089 1105 2160 μὲν
1153 2089 1227 2159 τῷ
1259 2094 1412 2162 νικᾷν
1437 2092 1663 2162 δύναμιν

114 2166 488 2236 περιεζώννυε,
523 2175 614 2226 καὶ
647 2174 856 2248 ἀδλαὸἧ
901 2196 987 2249 μοι
1022 2179 1117 2250 τὴν
1153 2182 1278 2244 περὶ
1310 2184 1375 2236 τὰ
1416 2187 1662 2239 πρακτέα

114 2258 269 2311 ἐτίθει
293 2260 430 2314 ὁδόν.
455 2261 475 2333 ]

192 2348 251 2401 '0
284 2351 427 2417 Θεὸς
460 2356 493 2405 ό
520 2355 921 2422 περιζωννύων
931 2378 1007 2428 με
1034 2360 1305 2431 δύναμιν.
1341 2366 1562 2437 Ὅμοιον
1603 2369 1664 2422 τὸ

114 2441 391 2510 εἰρημένον
420 2461 433 2473 -
472 2445 618 2513 Ἕως
660 2445 738 2504 οὗ-
776 2451 1113 2519 ἐνδύσησθε
1147 2457 1214 2521 ἐξ
1258 2459 1453 2526 ὕψους
1483 2459 1663 2514 δύνα-

114 2546 227 2593 μιν.
266 2532 373 2585 Καὶ
418 2533 581 2588 ἔθετο
622 2536 862 2607 ἄμωμον
909 2541 1023 2608 τὴν
1052 2543 1194 2597 ὀδόν
1234 2563 1371 2613 μου.
1410 2548 1671 2602 Τουτέστι

114 2621 197 2673 διὰ
227 2622 331 2675 τῶν
362 2625 727 2695 εὐαγγελικῶν
769 2629 1147 2703 θεσπισμάτων
1195 2636 1421 2707 ἂμωμόν
1455 2656 1521 2708 με
1563 2658 1664 2693 πα-

118 2712 407 2767 οεσκεύασε
431 2717 641 2787 τρέχειν
669 2719 805 2773 ὁδόν.

184 2805 286 2856 Kal
332 2806 431 2858 ἐπὶ
462 2808 533 2860 τὰ
561 2811 769 2877 ὑψηλὰ
795 2811 978 2866 ἱστῶν
1002 2832 1098 2883 με.
1131 2816 1386 2873 Τουτέστι
1435 2820 1505 2873 τὰ
1555 2821 1666 2878 ἄνω

115 2892 347 2946 διδάσκει
387 2900 620 2967 φρονεῖν.

190 2984 716 3059 [Καταρτιζόμενος
762 2995 900 3063 τοὺς
945 2997 1133 3065 πόδας
1178 3018 1319 3069 μου.
1382 3002 1667 3057 Ἀναλωτι-

118 3076 203 3127 κοῒ
231 3076 335 3148 γὰρ
367 3080 413 3131 οἱ
462 3079 606 3147 ἅγιοι
643 3082 750 3135 τῶν
796 3085 1012 3140 ίοὸόλων
1057 3088 1243 3144 παθῶν
1269 3107 1284 3123 ο
1324 3092 1513 3146 ἔλαϐον
1559 3094 1668 3164 γὰρ

115 3168 335 3239 δύναμιν
365 3171 504 3223 κατὰ
530 3173 634 3225 τῶν
667 3177 871 3247 νοητῶν
902 3178 1096 3247 ὄφεων,
1132 3183 1225 3235 καὶ
1251 3183 1337 3238 διὰ
1369 3186 1526 3239 τοῦτο
1548 3156 1667 3241 ἐλάζ
1699 3156 1741 3216 C

117 3276 234 3325 φοις
266 3262 716 3330 παρεικάζονταιο
750 3267 845 3319 καὶ
872 3270 1032 3323 αὐτιῆ⁵
1060 3272 1168 3343 γὰρ
1202 3276 1532 3332 ἀναλωτικαὶ
1555 3277 1671 3332 τῶν.

121 3350 388 3421 αἰσθητῶν
434 3354 765 3425 ὑπάρχουσιν
806 3357 983 3429 ὄφεων
1010 3379 1024 3392 ο
1076 3363 1232 3419 Ὡσεί
1259 3367 1488 3437 ἐλάφου
1508 3388 1521 3400 ⁸
1552 3369 1669 3424 ἔλα-

120 3440 209 3534 ϐον
237 3442 343 3514 γὰρ
398 3443 641 3510 ἐξουσίαν
670 3452 860 3504 πατεῖν
906 3455 1091 3509 ἐπάνω
1134 3456 1308 3528 δφεων
1362 3462 1453 3514 καὶ
1506 3480 1669 3534 σκορ-

124 3532 381 3627 πίωνῗκαὶ
410 3538 502 3589 ἐπὶ
534 3542 711 3593 πᾶσαν
748 3542 844 3613 τὴν
877 3544 1103 3617 δύναμιν
1138 3550 1231 3602 τοῦ
1268 3552 1483 3625 ἐχθροῦ.
1511 3554 1529 3627 ]

187 3626 489 3721 Διδασκων
516 3631 717 3699 χεῖράς
760 3653 878 3703 μου
914 3640 999 3704 είς
1042 3643 1321 3713 πόλεμον.
1378 3648 1471 3710 El;
1509 3626 1671 3721 εὐχὴν

123 3714 227 3807 γὰρ
253 3717 419 3782 αὐτὰς
448 3722 701 3776 ἐκτείνων
734 3727 1081 3800 περιγίνομαι
1100 3733 1207 3787 τῶν
1237 3735 1535 3807 δυσμενῶν.
1561 3714 1669 3795 ιὲάι

121 3805 256 3898 ξθου
286 3810 463 3874 τόξον
508 3815 780 3881 χαλκοῦν
827 3819 967 3887 τοὺς
1005 3805 1499 3898 βραχίονάς-μου.
1559 3833 1670 3897 Τὰς

121 3895 367 3967 δυνάμεις
398 3902 501 3992 τῆς
544 3904 721 3976 ψυχῆς
753 3909 1010 3981 ἀνδρικὰς
1060 3914 1213 3988 δίκην
1265 3895 1418 3986 τόξου
1470 3895 1668 3992 χαλκοῦ

122 3991 548 4055 κατασκευάσας.
579 3994 676 4047 Διὰ
721 3997 819 4066 μὲν
860 4000 954 4053 τοῦ
988 4003 1186 4071 χαλκοῦ
1229 4009 1290 4060 τὸ
1319 3991 1532 4065 εὔτονον
1565 4014 1673 4066 δεί-

124 4092 274 4130 κνυσι
302 4081 393 4133 καὶ
424 4082 484 4135 τὸ
509 4084 767 4156 ἄτρωτον,
806 4088 894 4143 διὰ
926 4090 981 4144 δὲ
1013 4092 1105 4147 τοῦ
1138 4096 1290 4160 τόξου
1336 4100 1395 4152 τὸ
1432 4103 1535 4155 ὑπὸ
1561 4103 1668 4157 τῶν

123 4169 397 4265 ἡμετέρων
432 4176 773 4245 συμϐολικῶς
802 4180 1098 4253 βραχιόνων
1129 4187 1377 4256 ἀφίεσθαι
1413 4193 1560 4265 βέλη.

195 4257 534 4329 [Διδάσκων
574 4268 774 4337 χεῖράς
808 4290 925 4340 μου
957 4277 1044 4342 είς
1091 4279 1371 4348 πόλεμον.
1413 4257 1673 4339 "Exi-csu-

123 4351 301 4406 κτικὸν
322 4352 458 4409 εἶναι
509 4358 647 4411 κατὰ
679 4360 775 4431 τὴν
811 4363 987 4434 μάχην
1036 4366 1315 4435 διδάσκων,
1372 4376 1465 4427 καὶ
1509 4376 1675 4441 τιθεὶς

124 4442 245 4505 τοὺς
272 4444 561 4516 βραχίονας
582 4450 656 4514 ὠς
677 4452 847 4517 τόξον,
870 4455 1067 4510 ὡσανεὶ
1093 4460 1327 4528 χαλκοῦς
1349 4466 1513 4520 ποιῶν
1537 4469 1677 4522 κατὰ

124 4532 221 4630 τὴν
242 4538 668 4630 ίσχὺνᾲτούτους.
700 4544 770 4596 ’Ἡ
786 4544 930 4613 λέγει
955 4547 1053 4612 τὰς
1083 4549 1339 4623 δυνάμεις
1360 4556 1460 4625 τῆς
1493 4558 1673 4630 ψυχῆς

125 4624 372 4720 ἀνδρικὰς
393 4628 545 4700 δίκην
566 4631 719 4697 τόξου
744 4634 942 4703 χαλκοῦ
970 4642 1383 4699 κατεσκεύασεν,

126 4713 385 4812 σῦμδολὸν
433 4724 548 4775 ἐστι
600 4728 938 4798 πρακτικῆς·
991 4732 1280 4801 Διέφθειρε
1331 4713 1672 4812 γὰρ,”φησὶ,

127 4806 233 4861 τὸν
257 4814 490 4879 χαλκόν
533 4832 670 4880 σου,
724 4820 885 4888 φησὶν
911 4823 939 4875 6
983 4825 1238 4898 Ἰεζεκιὴλ
1272 4806 1543 4903 πρὸς-τὴν.
1579 4806 1672 4889 ile-

129 4904 349 4975 ρουσαλή
362 4923 417 4974 μ.
442 4904 461 4977 ]

1762 1914 1956 1980 Pater;
1988 1928 2096 1968 non
2117 1913 2259 1967 enim
2282 1921 2367 1966 est
2393 1912 2534 1965 alius
2563 1910 2724 1973 Deus,
2758 1919 2817 1963 ut
2848 1911 2949 1965 iste
2976 1909 3189 1978 quidem
3219 1910 3319 1976 illi,

1762 2006 1900 2060 alius
1927 2004 2004 2057 illi
2032 2012 2156 2057 vota
2186 2001 2463 2056 concedat.
2485 2000 2752 2055 Fortassis
2787 2000 3151 2068 comparative
3182 2000 3322 2054 duos

1761 2111 1949 2151 versus
1990 2094 2215 2164 protulit
2258 2111 2271 2146 :
2337 2093 2438 2156 sic,
2476 2091 2671 2160 inquit,
2710 2098 2796 2144 est
2838 2104 3000 2143 verus
3042 2088 3206 2153 Deus,
3244 2091 3323 2143 uti

1760 2187 2113 2251 conﬁdebam,
2160 2186 2422 2240 vincendo
2475 2184 2844 2239 fortitudinem
2905 2181 3097 2248 induit,
3136 2191 3191 2236 et
3236 2197 3322 2236 se-

1761 2292 1945 2333 curam
1978 2275 2106 2330 mihi
2135 2275 2199 2329 ad
2234 2282 2373 2328 recte
2409 2272 2673 2341 agendum
2707 2272 2847 2326 viam
2888 2268 3162 2341 munivit.]

1829 2369 1917 2422 '55.
1964 2366 2103 2421 Deus
2130 2368 2219 2436 qui
2248 2364 2521 2434 precinxit
2550 2378 2628 2415 me
2654 2363 2864 2415 uirtute.
2894 2360 3069 2416 Simili
3092 2361 3219 2415 huic
3239 2370 3323 2417 est

1761 2460 1963 2515 dictum
2015 2458 2143 2513 illud
2178 2478 2190 2513 :
2230 2456 2402 2511 Donec
2445 2456 2741 2510 induamini
2787 2455 2976 2508 virtute
3012 2469 3075 2508 es
3112 2453 3222 2508 alta
3256 2454 3320 2507 “.

1764 2551 1831 2604 Et
1879 2551 2050 2620 posuit
2107 2549 2505 2603 immaculatum
2548 2552 2684 2601 viam
2736 2562 2924 2599 meam.
2969 2544 3026 2599 ια
3072 2556 3176 2606 est.
3229 2560 3323 2613 per

1762 2641 2069 2712 evangelica
2107 2647 2370 2709 praecepta
2400 2637 2800 2693 immaculatam
2824 2636 2965 2691 viam
3000 2635 3320 2691 currendam

1764 2732 1896 2786 mihi
1926 2730 2172 2784 munivit.

1831 2826 1918 2880 54.
1961 2824 2030 2878 Et
2051 2839 2203 2893 super
2227 2820 2428 2877 excelsa
2452 2829 2684 2876 statuens
2712 2836 2810 2873 me.
2834 2818 2889 2875 Id
2914 2826 3021 2887 est,
3047 2818 3204 2874 docet
3236 2835 3323 2876 me

1766 2928 1998 2983 superna
2025 2913 2249 2967 sentire.

1838 3004 1965 3078 [Qui
1998 3004 2213 3073 perfecit
2244 3002 2394 3072 pedes
2414 3018 2571 3055 meos.
2598 3000 2782 3056 Sancti
2804 3001 3003 3071 quippe
3025 3015 3324 3055 venenosas

1772 3096 2051 3165 passiones
2085 3094 2396 3157 absumunt,
2424 3101 2643 3161 accepta
2682 3090 2887 3145 scilicet
2920 3090 3118 3143 virtute
3137 3098 3322 3142 contra

1774 3186 2134 3257 intelligibiles
2166 3194 2460 3254 selpentes,
2494 3195 2662 3253 quare
2691 3180 2865 3236 cervis
2898 3186 3322 3248 comparantur;

1773 3294 1896 3332 nam
1928 3279 2002 3331 illi
2034 3290 2248 3346 quoque
2278 3284 2574 3344 serpentes,
2607 3273 2699 3344 qui
2727 3271 2828 3327 sub
2850 3285 3068 3326 sensum
3104 3269 3322 3334 cadunt,

1772 3371 2104 3432 absumunt,
2156 3378 2405 3436 tanquam
2451 3366 2586 3417 cervi
2624 3379 2643 3416 :
2694 3362 2959 3432 siquidem
3007 3368 3324 3430 potestatem

1773 3468 2092 3529 acceperant
2114 3458 2259 3512 calca
2269 3456 2358 3510 ndi
2382 3470 2544 3524 super
2561 3462 2835 3524 serpentes
2866 3460 2918 3507 et
2943 3450 3253 3521 scorpiones
3273 3458 3327 3504 et

1773 3567 1987 3607 omnem
2020 3551 2270 3605 virtutem
2298 3547 2502 3603 inimici
2534 3546 2631 3619 ¹³.]

1840 3644 1926 3697 35.
1970 3642 2073 3707 Qui
2093 3642 2238 3695 docet
2269 3656 2454 3693 manus
2488 3656 2627 3693 meas
2664 3639 2732 3692 ad
2760 3638 3020 3708 pretium.
3056 3636 3161 3692 Eas
3184 3632 3327 3695 enim

1775 3735 1839 3787 ad
1865 3734 2126 3788 orandum
2159 3731 2453 3785 extendens
2496 3729 2820 3788 adversariis
2863 3729 3107 3798 superior
3134 3729 3324 3781 evado.

1777 3826 1844 3880 Et
1868 3824 2086 3896 posuisti
2110 3839 2291 3876 arcum
2326 3838 2514 3877 (ereum
2542 3820 2756 3875 brachia
2787 3837 2921 3876 mea.
2957 3818 3190 3875 Virtutes
3210 3820 3328 3874 illas

1778 3918 1972 3972 anima:
2008 3915 2281 3978 robustas,
2320 3930 2417 3969 ceu
2458 3927 2643 3968 arcum
2677 3927 2876 3969 aereum
2906 3911 3199 3967 adornasti.
3226 3908 3327 3965 Per

1777 4027 1850 4065 ars
1882 4018 2059 4063 autem
2095 4006 2261 4061 robur
2308 4015 2361 4060 et
2404 4004 2965 4074 impenetrabilitatem
3011 4002 3278 4071 signillcat
3312 4020 3326 4066 ;

1776 4116 1871 4172 per
1896 4113 2081 4153 arcum
2116 4112 2262 4162 vero,
2293 4095 2495 4151 iudicat
2520 4109 2614 4164 per
2640 4093 2857 4149 brachia
2894 4101 3075 4148 nostra
3110 4093 3328 4163 symbo-

1772 4195 1876 4249 lice
1905 4190 2074 4247 emitti
2106 4189 2228 4244 tela.

1852 4282 1978 4355 [Qui
2026 4282 2172 4335 docet
2200 4295 2384 4333 manus
2422 4295 2563 4333 meas
2598 4279 2667 4332 ad
2700 4277 2965 4348 pra'lium.
3006 4275 3063 4331 ιιι
3105 4286 3206 4342 est,
3236 4276 3328 4345 qui

1777 4374 1933 4429 docet
1964 4385 2074 4442 quo
2111 4377 2267 4440 pacto
2305 4369 2371 4423 ad
2403 4383 2637 4438 pugnam
2680 4369 3005 4423 instructum
3047 4380 3166 4421 esse
3192 4381 3329 4433 opus

1777 4468 1870 4531 sit,
1917 4473 1972 4518 et
2030 4461 2253 4517 brachia
2295 4460 2441 4516 velut
2488 4475 2672 4515 arcum
2720 4459 3021 4526 constituit,
3072 4468 3125 4512 et
3176 4455 3327 4525 quasi

1776 4572 1923 4613 aenea
1955 4554 2130 4626 quoad
2166 4552 2329 4607 robur
2357 4550 2533 4606 edicit.
2575 4549 2665 4605 Vel
2720 4550 3007 4621 signiﬁcat,
3048 4548 3331 4603 facultates

1777 4650 1942 4707 animi
1982 4649 2165 4703 viriles
2196 4645 2352 4715 quasi
2398 4660 2584 4699 arcum
2628 4658 2835 4700 aeneum
2884 4642 3185 4697 adornavit.
3233 4638 3330 4693 Ais

1778 4741 2080 4812 symbolum
2117 4747 2201 4793 est
2236 4736 2448 4790 virtutis
2489 4736 2726 4805 agendi:
2764 4732 2861 4790 {Es
2902 4742 3048 4786 tuum
3075 4731 3325 4799 corrupit,

1780 4829 2122 4911 ait’Ezecbiel
2159 4828 2224 4883 ad
2256 4826 2553 4883 Jerusalem
2579 4823 2669 4896 “.]

205 5030 382 5089 Daniel
416 5035 688 5090 Barbarus
715 5054 733 5091 :
767 5039 990 5095 Brachia
1015 5061 1146 5100 mea.
1191 5047 1384 5105 Manus
1414 5061 1467 5106 et
1494 5051 1713 5109 brachia
1743 5060 1869 5108 sunt
1898 5050 2143 5111 virtutes,
2176 5060 2296 5116 quae
2329 5042 2716 5099 intellectuales
2744 5041 2926 5095 hostes
2952 5037 3260 5108 jaculantur
3279 5047 3333 5092 et

125 5136 452 5198 expugnant.
487 5127 722 5184 Maxima
747 5146 876 5186 vero
904 5148 1099 5191 manus
1128 5147 1211 5192 est
1241 5141 1607 5212 eleemosyna,
1639 5161 1757 5216 quae
1785 5154 2083 5209 pauperum
2110 5145 2381 5192 amatores
2408 5135 2557 5190 omni
2584 5132 2810 5188 materia
2841 5129 3092 5187 fortiores
3116 5127 3290 5183 reddit
3314 5145 3327 5181 :

129 5234 395 5289 nunquam
435 5220 581 5275 enim
617 5222 960 5281 inﬁrmantur
993 5229 1210 5286 brachia
1240 5235 1564 5292 miserentis.

197 5336 302 5389 Kal
317 5336 541 5405 ἔδωκάς
554 5356 656 5407 μοι
674 5341 1133 5409 ὑπερασπισμὸν
1157 5345 1468 5413 σωτηρίας.
1488 5346 1683 5418 ’Υπερ-

128 5426 358 5493 ήσπισάς
400 5446 523 5499 μου,
565 5432 719 5502 φησι,
764 5432 851 5485 διὰ
892 5432 984 5486 τοῦ
1036 5435 1301 5506 σωτηρίου
1348 5454 1462 5491 σου.
1511 5439 1679 5492 Τοῦτο

223 5519 353 5571 ἐστιν
378 5524 411 5591 ἠ
446 5522 543 5591 τῆς
583 5525 892 5594 οἰκονομίας
924 5525 1182 5596 ἐπιδημία

205 5692 248 5724 ⁸³
283 5693 433 5755 Marc.
467 5715 527 5765 υ,
557 5698 609 5753 7.

1850 5345 1939 5400 36.
1975 5343 2041 5397 Et
2070 5342 2265 5397 dedisti
2288 5341 2417 5395 mihi
2443 5338 2816 5410 protectionem
2852 5335 3059 5389 salutis.
3081 5332 3329 5389 Protexi-

1776 5440 1845 5493 sti
1880 5452 1985 5501 me,
2014 5435 2207 5504 inquit,
2231 5450 2324 5504 per
2349 5433 2583 5488 salutare
2605 5444 2777 5486 tuum.
2816 5427 2928 5484 Hoc
2960 5438 3137 5482 autem
3170 5426 3330 5497 signi-

1778 5527 1900 5583 ﬁcat
1936 5526 2249 5583 oeconomia:
2273 5526 2583 5579 adventum.
2614 5527 2726 5579 sive
2759 5521 3204 5578 incarnationem.

704 5698 749 5733 "
791 5700 920 5757 Luc.
957 5718 1102 5772 xnv,
1135 5704 1222 5760 49.
1294 5706 1331 5737 ι’
1374 5704 1500 5759 Luc.
1545 5721 1596 5771 χ,
1636 5705 1717 5759 i9.
1799 5707 1839 5737 ¹⁶
1881 5704 2075 5761 Ezech.
2102 5718 2211 5767 xvi,
2239 5700 2323 5757 56.
