4102 6304
718 347 818 402 H9

718 552 939 620 gelicam
967 547 1128 610 dicit;
1153 556 1244 600 aut
1264 545 1629 614 disciplinam,
1648 542 2039 596 institutionem
2071 539 2277 593 scilicet

719 657 838 710 qua:
867 654 932 694 ex
965 639 1081 707 lege
1116 638 1378 704 accipitur:
1415 653 1428 690 :
1457 635 1549 696 qui
1583 634 1731 697 mihi,
1769 632 1964 702 inquit,
1999 630 2146 684 nulla
2168 643 2276 680 non

720 730 975 784 beneticia
1001 728 1294 790 contulisti,
1323 725 1745 794 dedistiquoque
1770 724 1933 794 leges;
1966 722 2186 791 quibus,
2218 728 2278 772 ut

718 829 950 890 oportet,
981 819 1333 872 instituimur.
1375 817 1510 872 Cum
1556 817 1721 881 enim,
1748 815 1843 879 ait,
1887 815 2003 884 lege
2041 811 2277 866 edidice—

721 916 844 975 rim,
869 928 974 966 non
1004 923 1250 982 oportere
1289 910 1542 979 injuriam
1571 907 1768 972 facere,
1806 907 1875 961 ab
1910 922 1974 960 ea
2016 903 2278 958 abstinui.

722 1005 918 1060 Verum
977 1022 1044 1059 ne
1090 1005 1161 1058 ob
1211 1006 1514 1072 wquitatem
1573 1000 1912 1070 lmjusmodi,
1963 996 2090 1066 quid
2149 995 2282 1047 mihi

721 1096 844 1150 mali
876 1097 1108 1160 eveniat,
1135 1094 1385 1149 idoneum
1421 1095 1553 1149 mihi
1592 1093 1717 1147 mali
1760 1090 2024 1146 auxilium
2069 1087 2282 1148 aderas,

718 1185 1054 1240 latitudinem
1102 1187 1362 1249 tribuens,
1415 1186 1500 1239 vel
1546 1184 1887 1252 disciplinam
1929 1179 2283 1234 institutionis

722 1296 884 1332 causa
921 1281 1099 1332 datam
1126 1279 1273 1338 dicit.
1307 1276 1605 1332 secundum
1641 1276 1794 1336 illud,
1829 1274 2016 1341 Accipe
2040 1268 2282 1336 discipli-

723 1388 839 1422 nam
876 1371 952 1435 ‘7;
986 1372 1064 1423 vel
1113 1370 1445 1423 laboriosum
1478 1369 1688 1420 vivendi
1719 1361 2049 1427 institutum,
2083 1377 2280 1416 secun-

723 1466 846 1514 dum
876 1461 1024 1525 illud,
1060 1459 1139 1514 Ne
1157 1459 1507 1530 paruipendas
1534 1457 1868 1526 disciplinam
1896 1454 2110 1508 Domini
2146 1451 2233 1504 “.1

1536 337 1592 393 δ.
1634 296 2003 392 arnmssu
2043 336 2190 392 opp.
2232 336 2413 393 PARS
2451 336 2536 391 In.
2578 366 2647 377 -
2682 338 3089 394 EXEGETICA.

795 456 888 530 [Et
918 454 1196 523 disciplina
1222 463 1313 505 tua
1337 452 1558 505 correxit
1584 467 1686 505 me.
1719 448 2065 518 Disciplinam
2091 464 2262 501 evan-
2305 457 2348 509 Α

3833 341 3927 396 120

2448 449 2588 520 [Kal
2610 452 2646 516 ἡ
2672 449 2905 503 παιδεία
2934 467 3050 505 σου
3080 451 3392 517 ἀνόψθωσέ
3423 469 3516 521 με.
3561 452 3810 505 Παιδείαν
3837 457 3928 525 τὴν

2382 540 2738 611 εὑαγγελικὴν
2771 541 2917 610 λέγει
2951 559 2963 571 ·
2999 543 3032 614 ἢ
3074 542 3319 596 παιδείαν
3352 542 3448 613 τὴν
3496 545 3558 596 ὲκ
3605 545 3772 612 νόμου
3808 545 3930 614 φησί

2383 631 2664 684 παίδευσιν
2688 647 2701 659 ε
2729 626 2837 684 οἷον
2867 632 2954 685 διὰ
2995 633 3209 686 πάντων
3262 637 3349 701 με,
3401 633 3583 703 φησιν,
3637 635 3932 702 εὐεργετῶν

2383 723 2618 784 δέδωκας
2664 725 2757 775 καὶ
2806 724 3021 792 νόμους,
3061 722 3127 775 δι’
3171 716 3244 774 ὧν
3289 723 3649 793 ἐπαιδευόμην
3696 723 3757 774 τὸ
3801 722 3931 775 δέον.

2383 815 2674 868 Μανθάνων
2723 816 2831 885 γάρ
2873 816 3077 868 ἐκεῖθεν
3125 815 3200 878 ὡς
3249 818 3307 868 οὐ
3342 816 3422 868 δεῖ
3465 816 3684 879 ἀδικεῖν,
3723 815 3933 885 ἀπειχό-

2388 927 2492 979 μην
2518 909 2728 979 τούτου.
2774 909 2910 960 Ἀλλ’
2957 910 3042 961 ἵνα
3086 909 3159 979 μὴ
3202 909 3519 979 βλάπτωμαι
3552 909 3708 962 πάλιν
3751 910 3812 960 ἐκ
3846 908 3935 977 τῆς

2384 999 2636 1068 τοιαύτης
2659 999 2975 1061 ἐπιεικείας.
3013 1000 3200 1070 ἱκανὴν
3235 1001 3492 1072 περιέχης
3520 998 3787 1070 βοήθειαν,
3819 999 3932 1052 πλαο

2383 1090 2586 1159 τυσμὸν
2646 1089 3037 1160 παρεχόμενος,
3080 1091 3111 1160 ἢ
3165 1092 3410 1144 παιδείαν
3461 1092 3558 1160 τὴν
3593 1091 3936 1160 παιδευτικὴν

2385 1179 2532 1247 λέγει
2566 1179 2929 1244 διδασκαλίαν,
2971 1182 3109 1234 κατά
3142 1181 3231 1233 τό·
3284 1180 3600 1234 Ἐπιλὰϐου
3643 1179 3937 1244 παιδείας·

2389 1275 2421 1343 ἢ
2449 1274 2546 1344 τὴν
2565 1273 2814 1325 ἐπίπονον
2842 1274 3084 1344 ἀγωγὴν,
3109 1274 3249 1327 κατὰ
3278 1273 3338 1326 τό
3361 1291 3373 1302 ·
3404 1271 3500 1341 Μὴ
3529 1270 3793 1341 ὀλιγώρει
3825 1285 3939 1323 παι-

2390 1363 2554 1429 δείας
2585 1362 2857 1435 Κυριόυ.]

795 1624 982 1678 Daniel
1014 1625 1288 1679 Barbarus
1323 1643 1339 1679 :
1374 1625 1486 1679 Hoc
1516 1635 1694 1678 autem
1736 1633 1818 1676 est
1843 1621 2109 1674 adventus
2142 1613 2516 1685 previdentize,
2549 1629 2612 1667 ac
2641 1613 3086 1682 dispensationis,
3122 1628 3233 1681 quo
3266 1631 3352 1669 me
3380 1614 3674 1683 collapsum
3706 1611 3942 1673 erexisti,

725 1732 776 1772 et
820 1736 983 1787 quam
1026 1737 1279 1788 magnum
1324 1721 1525 1774 malum
1583 1720 1652 1772 sit
1689 1726 1969 1786 peccatum
2017 1710 2324 1774 ostendisti,
2362 1717 2416 1762 et
2463 1709 2636 1764 salute
2688 1710 2911 1780 dignum
2955 1710 3151 1766 fecisti.
3197 1707 3440 1762 Salutare
3482 1715 3657 1759 autem
3705 1711 3759 1756 ct
3803 1700 3947 1755 salus

725 1813 972 1868 Christus
995 1823 1098 1879 est,
1121 1830 1282 1884 quem
1306 1828 1403 1882 pro
1423 1813 1578 1867 nobis
1601 1820 1966 1881 pugnaturum
1990 1809 2148 1862 Pater
2177 1805 2507 1859 amandavit.

798 1955 864 2008 Et
886 1955 1098 2007 dextera
1122 1962 1214 2004 tua
1244 1952 1465 2020 suscepit
1501 1967 1600 2004 me.
1630 1951 1858 2004 Dextera
1883 1947 2062 2002 Patris
2083 1946 2280 1999 Filius.
2316 1947 2326 2003 J

2459 1946 2563 1997 Kal
2596 1944 2764 2008 δεξιά
2792 1961 2908 1998 σου
2936 1940 3294 1998 ἀντελάϐετό
3335 1954 3473 2006 μου.
3520 1930 3677 1996 Δεξιὰ
3709 1928 3801 1981 τοῦ
3845 1928 3949 1980 Πα-

731 2052 796 2105 Et
841 2048 1121 2117 disciplina
1152 2059 1244 2100 ttta
1295 2048 1522 2100 correxit
1563 2063 1640 2098 me
1679 2046 1734 2098 in
1773 2045 1949 2111 ﬁnem.
1977 2039 2294 2110 Evangelica

729 2141 931 2194 scilicet
957 2136 1223 2191 doctrina.
1254 2136 1320 2190 Et
1352 2135 1636 2204 disciplina
1675 2145 1766 2186 tua
1803 2136 1915 2206 ipsa
1957 2149 2036 2184 me
2070 2127 2292 2182 docebit.

730 2233 862 2286 Illud
899 2251 912 2285 :
950 2231 1019 2285 Et
1054 2230 1339 2296 disciplina
1378 2239 1468 2280 tua
1503 2229 1618 2296 ipsa
1660 2242 1736 2280 me
1783 2225 2005 2284 docebit,
2043 2219 2296 2276 Theodo-

731 2326 895 2377 tionis
925 2336 1026 2377 est.
1054 2322 1222 2389 Cujus
1254 2322 1376 2374 loco
1419 2318 1772 2388 Septuaginta
1807 2316 2008 2378 habent
2055 2331 2067 2365 :
2111 2310 2174 2364 Et
2217 2310 2300 2362 di-

729 2418 955 2486 sciplina
982 2425 1072 2468 tua
1095 2414 1320 2474 correxit
1348 2429 1427 2466 me
1453 2413 1506 2465 in
1528 2412 1706 2480 ﬁnem.

801 2601 889 2656 57.
926 2599 1179 2653 Dilatasti
1207 2612 1414 2667 gressus
1441 2611 1599 2656 meos,
1623 2602 1727 2647 etc.
1759 2589 2005 2644 Statuisti
2034 2587 2174 2643 enim
2205 2601 2300 2642 Su-

737 2713 830 2766 pra
874 2705 1078 2766 petram
1124 2695 1286 2765 pedes
1317 2708 1490 2752 meos.
1532 2707 1653 2760 qua:
1687 2697 1770 2742 est
1818 2689 1950 2741 iides
1988 2693 2194 2738 nostra.
2234 2681 2302 2733 Et

734 2804 835 2840 non
876 2796 997 2839 sunt
1048 2786 1321 2854 infirmata
1352 2783 1570 2851 vestigia
1607 2796 1740 2831 utea.
1783 2776 2022 2830 Sublatis
2069 2787 2302 2840 namque

736 2877 1074 2934 offendiculis
1126 2887 1179 2930 et
1220 2875 1452 2942 laqueis,
1509 2886 1629 2939 qua:
1684 2875 2016 2940 paraverunt
2064 2862 2298 2928 inimici,

738 2975 878 3025 viam
905 2980 957 3024 et
983 2970 1184 3022 aditum
1217 2955 1375 3020 nobis
1411 2964 1664 3016 munivit.

810 3061 1088 3135 [Dilatasti
1105 3075 1312 3126 gressus
1333 3072 1490 3108 meos.
1514 3049 1772 3115 Remotis,
1797 3050 1990 3117 inquit,
2006 3046 2273 3100 oﬂ‘emlieu
2291 3073 2302 3082 -

742 3154 804 3207 lis
833 3163 886 3206 et
907 3151 1134 3220 laqueis,
1155 3165 1277 3218 qum
1306 3146 1438 3200 milii
1470 3151 1783 3198 struxerant
1817 3138 2046 3198 inimici,
2079 3137 2303 3188 liberam

743 3245 872 3298 mibi
909 3245 1048 3296 viam
1084 3239 1304 3309 parasti.
1339 3237 1574 3290 Gressus
1609 3243 1787 3286 autem
1827 3237 2002 3289 vocat,
2039 3238 2306 3296 quatenus

2395 2039 2522 2108 τρὸς
2551 2039 2578 2090 ὁ
2620 2037 2762 2100 Υἱός.
2801 2037 2907 2091 Kal
2945 2036 2981 2104 ἦ
3016 2034 3249 2087 παιδεία
3271 2047 3385 2084 σου
3411 2022 3720 2093 ἀνώρθωσέ
3758 2038 3838 2090 με
3873 2023 3952 2083 είς

2397 2130 2588 2194 τέλος.
2640 2131 2701 2181 Ἡ
2735 2127 3061 2197 εὑαγγελικὴ
3107 2122 3345 2193 δηλονότι
3389 2115 3720 2172 διδασκαλία.
3755 2114 3870 2166 Kal
3917 2112 3952 2178 ὴ

2400 2222 2635 2276 παιδεία
2663 2237 2779 2276 σου
2812 2224 2962 2285 αὐτή
2988 2236 3062 2287 με
3094 2215 3339 2279 διδάξει.
3377 2212 3471 2273 Τὸ,
3504 2207 3612 2263 Kal
3639 2207 3677 2272 ή
3722 2203 3956 2258 παιδεία

2400 2331 2516 2366 σου
2545 2315 2696 2380 αὐτή
2733 2330 2808 2381 με
2839 2311 3085 2375 διδάξει,
3125 2303 3473 2365 Θεοδοτίωνός
3502 2303 3667 2362 ἐστιν,
3694 2296 3818 2349 ἀντὶ
3847 2292 3956 2356 τοῦ,

2413 2407 2483 2459 Ἦ
2503 2405 2737 2458 παιδεία
2760 2420 2873 2455 σου
2902 2398 3214 2468 ἀνώρθωσέ
3234 2414 3309 2468 με
3331 2399 3417 2461 εις
3444 2393 3635 2456 τέλος,
3669 2386 3958 2459 εἰρημένου

2399 2501 2510 2561 τοῖς
2557 2498 2609 2549 Ἐ
2618 2497 2705 2548 εδο
2715 2498 2785 2566 μή
2795 2513 2954 2548 κοντα
2963 2534 2974 2545 .

2484 2587 2854 2651 Ἐπλάτυνας
2903 2585 2972 2636 τὰ
3016 2577 3344 2648 διαδήματὰ
3369 2593 3507 2645 μου.
3550 2574 3826 2639 Ἕστησας
3858 2566 3961 2637 γὰρ

2404 2682 2493 2735 ἐπὶ
2546 2680 2748 2752 πέτραν
2781 2678 2906 2739 τοὺς
2955 2675 3120 2736 πόδας
3177 2689 3298 2742 μου,
3369 2669 3487 2737 ἣτις
3539 2665 3684 2717 ἐστὶν
3718 2665 3750 2732 ἡ
3782 2661 3963 2721 πίστις

2402 2772 2579 2840 ἡμῶν.
2613 2771 2719 2823 Kal
2771 2772 2878 2823 οὐκ
2931 2765 3280 2834 ἠσθένησαν
3310 2761 3379 2814 τὰ
3408 2761 3544 2827 ἴχνη
3569 2772 3707 2825 μου.
3768 2752 3962 2820 Περιε-

2405 2862 2508 2914 λὼν
2540 2865 2645 2931 γάρ
2679 2861 2744 2912 τὰ
2791 2860 3057 2912 σκάνδαλα
3114 2857 3204 2909 καὶ
3240 2855 3337 2916 τὰς
3384 2849 3613 2916 παγίδας
3643 2887 3657 2910 ,
3712 2845 3776 2907 ἃς
3840 2857 3968 2894 κατι

2406 2951 2698 3014 εσκεύαζον
2731 2952 2777 3001 οἱ
2807 2949 3008 3019 ἐχθροὶ,
3038 2948 3360 3016 κατήρτισεν
3383 2943 3513 3010 ἡμῖν
3550 2938 3645 3007 τὴν
3686 2934 3940 3002 πορείαν.

2478 3042 2886 3115 [Ὲῖτλάτυγας
2912 3039 2981 3091 τὰ
3010 3032 3335 3103 διαϐήματά
3355 3049 3490 3100 μου.
3526 3024 3796 3098 Περιελιῖιν
3842 3037 3972 3090 φησι

2405 3137 2474 3189 τά
2507 3134 2773 3188 σκάνδαλα
2827 3133 2917 3184 καὶ
2967 3128 3064 3191 τὰς
3116 3125 3343 3194 παγίδας
3371 3123 3435 3184 ἃς
3487 3114 3893 3176 κατεσκεύαζον
3927 3110 3974 3163 οι

2411 3227 2610 3298 ἐχθροὶ,
2644 3224 2931 3295 ἐλευθέραν
2964 3238 3051 3292 μοι
3084 3218 3178 3287 τὴν
3214 3214 3434 3287 πορείαν
3465 3208 3740 3276 ἐποίησας.
3774 3201 3976 3270 Διαδή-

743 3356 773 3392 a
797 3337 996 3391 malitia
1021 3335 1085 3388 ad
1121 3335 1373 3386 virtutem
1415 3329 1538 3399 quis
1571 3326 1886 3397 pertransit,
1917 3323 2061 3394 quod
2091 3323 2306 3394 quidem

2417 3336 2557 3390 ματα
2596 3317 2741 3382 λέγει
2775 3314 2907 3366 καθὸ
2938 3314 2999 3362 ὲκ
3043 3308 3237 3369 κακίας
3288 3303 3422 3374 πρὸς
3457 3299 3654 3370 ἀρετὴν
3709 3292 3977 3349 διαϐαίνει

746 3429 847 3484 sub
888 3427 1100 3480 initium
1136 3423 1469 3478 laboriosum
1505 3436 1557 3474 et
1595 3436 1849 3489 asperum
1884 3420 1949 3472 iis
1977 3428 2080 3481 est,
2111 3418 2212 3486 qui
2250 3417 2305 3469 in

745 3519 832 3575 via
877 3529 1103 3586 augusta
1148 3517 1513 3585 gradiuntur;
1556 3523 1610 3566 at
1652 3513 1704 3564 in
1743 3509 1985 3582 profectu
2035 3510 2307 3563 dilatatur.

747 3612 880 3666 Nam
931 3611 1058 3680 quia
1098 3619 1217 3679 post
1251 3608 1467 3662 virtutis
1508 3605 1743 3668 labores,
1775 3603 2011 3673 quietem
2054 3614 2312 3654 naeturus

751 3721 892 3766 sum,
927 3703 975 3756 id
1024 3717 1154 3756 sane
1181 3700 1404 3770 vestigia
1435 3698 1720 3753 conﬁrmat
1755 3710 1896 3751 mea.
1927 3695 2124 3749 Statuit
2160 3709 2315 3748 nam-

749 3810 855 3864 que
885 3808 1047 3862 super
1077 3801 1283 3862 petram
1310 3791 1470 3858 pedes
1493 3786 1756 3860 nostros]

823 3885 910 3940 38.
961 3885 1256 3952 Persequar
1302 3882 1541 3934 inimicos
1590 3895 1750 3931 meos.
1803 3877 2083 3944 Tanquam
2135 3873 2315 3926 divina

754 3979 924 4049 gratia
974 3976 1040 4030 ad
1081 3989 1303 4029 cursum
1341 3972 1658 4034 adornatus,
1699 3970 1761 4023 de
1800 3967 2026 4021 victoria
2074 3964 2314 4019 conlidit.

825 4164 912 4218 39.
945 4162 1287 4230 Confringam
1319 4159 1468 4218 illos.
1521 4173 1609 4210 nec
1640 4161 2065 4222 poteruntstare.
2097 4149 2321 4220 Frangit

759 4257 1010 4310 inimicos
1033 4254 1252 4305 animus
1281 4249 1636 4322 passionibus
1663 4261 1884 4299 vacuus.

827 4346 916 4401 40.
949 4344 1016 4397 Et
1042 4342 1368 4413 pra'cinxisti
1394 4356 1473 4392 me
1513 4340 1719 4392 virtute.
1767 4333 2044 4389 Summam
2082 4331 2322 4386 victoriae

759 4452 976 4492 rursum
1012 4433 1381 4488 fortitudinem
1419 4430 1675 4485 tribuenti
1712 4428 1819 4481 Deo
1850 4425 2090 4480 ascribit.

830 4529 919 4582 4|.
966 4526 1034 4580 Et
1063 4524 1304 4580 inimicos
1333 4540 1469 4576 meos
1497 4523 1688 4577 dedisti
1714 4521 1838 4576 mihi
1871 4517 2105 4579 dorsum.
2136 4515 2191 4568 Id
2222 4522 2322 4580 est,

761 4622 813 4675 in
862 4619 1044 4688 l‘ugam
1087 4617 1320 4671 vertisti.
1366 4614 1664 4684 Proprium
1716 4626 1952 4684 namque
2001 4609 2320 4679 fugientium

761 4722 843 4765 est
877 4721 1022 4778 terga
1053 4710 1226 4764 dare:
1272 4717 1327 4762 et
1368 4723 1498 4763 sane
1540 4717 1687 4776 terga
1736 4705 1866 4767 (lant
1908 4701 2113 4757 inimici
2152 4699 2323 4754 nostri

762 4806 1056 4878 dwmones,
1087 4817 1212 4855 cum
1254 4817 1362 4855 non
1394 4799 1619 4854 ulterius
1654 4796 2011 4866 cogitationes
2044 4793 2327 4846 turbulen-

766 4904 847 4946 tas
877 4892 1072 4944 animae
1102 4890 1392 4944 immittere
1423 4890 1621 4942 valent.
1647 4887 1711 4940 Et
1741 4886 1972 4939 odientes
2004 4900 2083 4936 me
2117 4884 2323 4951 disper-

764 4983 949 5037 didisti
991 4998 1008 5034 :
1043 4982 1285 5045 Saulem,
1348 4981 1782 5052 Acltitophelem,
1832 4977 2220 5037 Abessalonem
2273 4983 2326 5029 et

767 5083 1050 5132 sexcentos
1078 5074 1234 5126 alios.

837 5165 925 5219 42.
960 5165 1355 5230 Clamaverunt,
1395 5180 1483 5219 nec
1511 5170 1625 5216 erat
1648 5161 1736 5231 qui
1762 5161 1934 5214 salvos
1972 5158 2326 5228 [προτείνειε.

770 5255 894 5310 Haec
922 5258 988 5309 de
1021 5256 1264 5320 inimicis
1305 5256 1654 5310 seusibilibus
1688 5255 1784 5318 ait,
1819 5253 1974 5323 quasi
2007 5269 2070 5306 ex
2101 5265 2331 5320 persona

774 5347 1004 5400 Domini.
1027 5346 1214 5416 Neque
1234 5346 1380 5402 enim
1415 5347 1729 5417 alienigenae
1754 5344 1885 5398 deos
1907 5359 2039 5398 suos
2066 5344 2118 5395 iu
2150 5341 2331 5395 subsi-

772 5441 921 5492 dium
969 5450 1243 5503 vocantes,
1291 5453 1481 5493 eorum
1525 5438 1862 5508 providentia
1898 5446 1951 5490 et
1991 5450 2119 5490 cura
2165 5434 2330 5502 adjuti

775 5538 944 5583 sunt:
992 5544 1166 5598 neque
1213 5528 1364 5596 Saul,
1417 5530 1754 5592 Abessalon),
1811 5528 1986 5586 Semei
2032 5536 2085 5582 et
2137 5526 2327 5595 reliqui

871 5729 888 5759 τ
937 5725 1092 5795 Prov.
1122 5743 1236 5792 xix,
1268 5728 1356 5782 20.
1457 5729 1496 5760 “‘
1540 5727 1697 5782 Prov.
1734 5743 1810 5789 ιιι,
1850 5727 1932 5780 ll.

2411 3431 2514 3476 τις,
2548 3413 2580 3465 ἂ
2613 3412 2731 3464 κατ’
2761 3409 2934 3480 ἀρχάς
2972 3407 3069 3476 μὲν
3095 3401 3325 3456 ἐπίπονά
3350 3402 3461 3450 ἐστι
3487 3395 3563 3464 τῷ
3608 3392 3705 3462 τὴν
3757 3389 3978 3456 τεθλιμ-

2416 3506 2579 3576 μένην
2605 3502 2866 3557 ὁδεύοντι·
2898 3502 2963 3570 τῇ
2997 3499 3052 3550 δὲ
3088 3497 3334 3567 προκοπῇ
3371 3489 3713 3545 πλατύνεται.
3750 3484 3845 3555 Τῷ
3873 3483 3981 3553 γάρ

2417 3599 2552 3672 μετά
2597 3599 2720 3661 τοὺς
2767 3596 2861 3665 τῆς
2909 3591 3106 3664 ἀρετῆς
3142 3590 3332 3650 πόνους
3365 3583 3678 3640 ἀνάπαυλαν
3723 3576 3979 3648 δέχεσθαι

2417 3693 2839 3764 ίσχυροποιεῖται
2868 3687 2934 3740 τὰ
2965 3688 3087 3758 ἴχνη
3106 3702 3117 3714 -
3153 3683 3345 3750 ἔστησε
3375 3679 3482 3748 γάρ
3504 3676 3595 3728 ἐπὶ
3622 3673 3832 3744 πέτραν
3856 3671 3980 3732 τοὺς

2417 3785 2580 3844 πόδας
2616 3784 2647 3851 ἡ
2657 3779 2790 3850 μῶν.

2485 3871 2834 3932 Καταδιώξω
2863 3867 3002 3930 τοὺς
3050 3861 3297 3931 ἐχθρούς
3338 3875 3478 3926 μου.
3517 3855 3604 3918 Ὠς
3647 3864 3987 3906 κατεσκευα-

2420 3963 2612 4032 σμένος
2643 3949 2729 4011 δῖά
2766 3958 2861 4026 τῆς
2895 3955 3042 4017 Θείας
3081 3954 3300 4024 χάριτος
3342 3952 3420 4012 εἰς
3462 3945 3680 4016 δρόμον,
3718 3942 3854 4013 περί
3886 3938 3988 4006 τῆς

2418 4055 2571 4122 νίκης
2601 4051 2806 4123 θαῤῥεῐ.

2505 4121 2798 4212 Talai—idco
2829 4139 3066 4204 αὐτοὺς,
3119 4137 3214 4190 καὶ
3260 4133 3345 4203 μὴ
3397 4130 3685 4183 δύνωνται
3741 4121 3991 4189 στῆναι.

2424 4236 2705 4305 Ἔκθλιψιν
2727 4234 2832 4286 τῶν
2862 4232 3067 4302 ἐχθρῶν
3098 4232 3130 4296 ἡ
3166 4225 3401 4279 ἀπάθεια
3425 4215 3855 4288 κατεργάζεται.

2491 4327 2600 4380 Καὶ
2629 4302 2990 4393 ⁷ειτεριιέζιυσίίς
3015 4337 3088 4388 με
3139 4320 3412 4386 δύναμιν.
3461 4310 3624 4364 Πάλιν
3655 4306 3716 4359 τὸ
3749 4307 3866 4359 πᾶν
3892 4302 3992 4372 τῆς

2423 4419 2578 4488 νίκης
2614 4416 2692 4487 τίς)
2720 4413 2970 4476 δεδωκότι
3001 4411 3094 4481 τὴν
3120 4410 3270 4480 ἰσχὺν
3296 4401 3598 4473 ἀνατίθησι.

2495 4486 2602 4564 Kal
2630 4486 2768 4571 τοὺς
2798 4503 3048 4573 ἐχθρούς
3065 4517 3183 4570 μου
3213 4493 3437 4560 ἔδωκάς
3459 4510 3560 4562 μοι
3591 4489 3810 4543 νῶτον.
3853 4486 4003 4540 Ἀντὶ

2425 4601 2519 4656 τοῦ
2554 4601 2629 4662 εἰς
2665 4595 2838 4667 φυγὴν
2877 4593 3124 4666 ἕτρειξας.
3167 4589 3322 4642 Ἰδιον
3375 4585 3482 4655 γὰρ
3530 4581 3637 4634 τῶν
3680 4576 4005 4649 φευγόντων

2428 4692 2570 4748 νῶτα
2599 4663 2812 4742 etiam;
2851 4663 3015 4736 Νῶτα
3043 4683 3098 4735 δὲ
3123 4681 3353 4733 διδόασιν
3386 4678 3433 4728 οἱ
3473 4672 3655 4744 ἐχθροὶ
3685 4670 3856 4739 ἡμῶν
3888 4663 4002 4721 δαί-

2431 4799 2585 4854 μονες
2619 4778 2809 4852 μηκέτι
2833 4774 3122 4844 λογισμοὺς
3148 4769 3405 4841 ἐμπαθεῖς
3427 4763 3679 4842 ἐμϐαλεῖν
3701 4761 4004 4831 δυνάμενοι

2425 4853 2492 4944 τῇ
2515 4874 2679 4943 ψυχῇ.
2734 4870 2840 4923 Kal
2872 4866 3013 4930 τοὺς
3041 4860 3369 4932 μισοῦντάς
3393 4874 3468 4926 με
3514 4853 4002 4920 ἐξωλόθρευσας.

2428 4968 2530 5020 Τὸν
2576 4961 2765 5023 Σαοὺλ,
2795 4960 2884 5012 τὸν
2921 4955 3220 5027 Ἀχιτόφελ,
3243 4953 3332 5004 τὸν
3372 4945 3747 5016 Ἀϐεσσα).ὼμ,
3775 4947 3878 4998 καὶ
3903 4962 4004 5016 μυ⁵

2432 5065 2576 5136 ρίους
2607 5060 2842 5129 ἐτέρους.

2513 5150 2895 5218 Ἐκέκραξαν,
2934 5145 3030 5198 καὶ
3062 5143 3172 5196 οὑκ
3203 5136 3282 5210 ἦν
3327 5142 3360 5193 ό
3396 5135 3613 5197 σώζων.
3646 5134 3850 5189 Ταῦτα
3880 5134 4010 5204 περὶ

2431 5247 2536 5302 τῶν
2567 5241 2837 5312 αἰσθητῶν
2878 5235 3084 5308 ἐχθρῶν
3132 5249 3293 5302 φησιν
3324 5231 3398 5294 ὡς
3443 5231 3506 5282 ἐκ
3557 5226 3868 5299 προσώπου
3919 5225 4012 5279 τοῦ

2432 5339 2656 5408 Κυρίου.
2694 5333 2826 5385 Οὔτε
2861 5331 2969 5400 γάρ
2995 5326 3276 5394 ἀλλόφυλοι
3314 5324 3440 5386 τοὺς
3492 5320 3723 5383 οἰκείους
3777 5318 4019 5372 καλοῦν-

2433 5449 2523 5493 τες
2552 5432 2630 5490 εἰς
2663 5423 2978 5494 ἐπικουρίαν
3022 5419 3174 5481 θεοὺς
3210 5418 3307 5486 τῆς
3342 5417 3468 5483 παρ’
3514 5411 3692 5465 αὐτῶν
3742 5414 4017 5483 προνοίας

2439 5522 2768 5582 ἀπέλαυσαν,
2799 5517 2918 5571 οὔτε
2945 5516 2972 5567 ὀ
3007 5510 3176 5565 Σαοὺλ
3204 5510 3297 5564 καὶ
3327 5504 3684 5576 Ἀὃεσσαλὼμ
3713 5506 3820 5558 καὶ
3850 5507 3882 5558 ὁ
3924 5506 4018 5556 Σε-
