4074 6304
112 375 190 426 ιει
1191 364 1553 422 EXPOSITIO
1591 364 1658 416 IN
1699 362 2026 417 PSALMUM
2069 360 2230 415 XVII.

3222 369 3322 425 ιες

109 486 208 553 μεεὶ
259 501 354 537 και
383 486 433 536 ol
485 484 662 536 λοιποὶ
714 483 822 535 τῶν
882 483 1228 554 Ἰσραηλιτῶν
1267 480 1512 549 πολέμιοι
1568 477 1658 529 τὸν

1764 474 2131 530 lsraelitarum
2193 476 2400 536 hostes,
2458 472 2624 528 Deum
2685 474 3064 545 opitulatorem
3118 478 3323 535 habue-

105 577 220 628 Θεὲν
247 576 521 645 ἐσχήκασι
552 575 857 644 σύμμαχον.

165 666 268 722 Καὶ
289 666 568 720 λεπτυνῶ
597 667 818 732 αὐτοὺς
853 667 992 719 ὡσεὶ
1034 664 1202 733 χοῦν.
1245 663 1486 734 Φροῦδοι,
1509 661 1660 732 φησὶ,

109 760 412 828 γενήσονται
483 757 762 820 παντελῶς
803 757 900 820 τῆς
938 758 1035 826 σῆς
1074 773 1163 826 μοι
1216 757 1432 827 χάριτος
1479 771 1662 826 συνερ-

109 848 318 917 γούσης.

179 939 390 994 Ῥὗσαι
438 957 516 1007 με
548 940 616 1004 ἐξ
647 938 1001 1008 ἀντιλογιῶν
1044 939 1219 993 λαοῦ.
1259 940 1376 990 Ἔτι
1428 937 1519 989 τοῦ
1559 938 1661 988 Ku-

112 1031 211 1103 ρίου
240 1030 305 1083 τὸ
331 1031 620 1102 πρόσωπον
646 1029 1120 1100 ἀποστρεφομένου
1159 1030 1257 1100 μὲν
1287 1029 1351 1082 δι’
1379 1029 1662 1082 ἀπείθειαν

110 1124 204 1176 τῶν
235 1124 525 1184 Ἰουδαίων,
557 1124 829 1186 αἰτοῦντος
853 1124 908 1175 δὲ
945 1123 1012 1174 τά
1046 1123 1171 1192 ἔθνη
1197 1125 1274 1184 είς
1299 1122 1660 1192 κληρονομίαν

112 1215 279 1270 αὐτοῦ.
316 1217 732 1283 Κιιταστήσεις
759 1234 827 1282 με
856 1219 943 1281 εις
974 1215 1243 1284 κεφαλὴν
1278 1214 1484 1268 ἐθνῶν.
1524 1215 1658 1266 Ἀλλ’

112 1309 197 1360 οῦκ
222 1305 379 1376 ἴσμεν
408 1309 499 1360 τὸν
532 1308 696 1360 Δαυῖδ
735 1308 842 1360 τῶν
884 1308 1050 1359 ἐθνῶν
1108 1307 1531 1376 βασιλεύσανταο
1565 1307 1659 1360 οὐ-

112 1397 224 1450 κοῦν
241 1397 328 1450 διὰ
350 1398 442 1450 τοῦ
473 1399 532 1462 ἐξ
552 1399 712 1451 αὑτοῦ
741 1401 878 1452 κατὰ
904 1400 1078 1468 σάρκα
1103 1399 1379 1468 τεχθέντος
1401 1401 1432 1469 ἡ
1462 1416 1662 1469 προφη-

114 1489 215 1540 τεία
241 1486 562 1557 πληροῦται.
583 1490 640 1540 '0
668 1489 773 1559 γὰρ
794 1491 854 1540 ἐκ
881 1489 1041 1540 Δαυῖδ
1058 1488 1195 1540 κατά
1221 1488 1399 1558 σάρκα
1428 1488 1658 1557 τεχθεὶς,

115 1580 257 1633 Δαυῒδ
287 1583 379 1633 καὶ
410 1581 568 1640 αὐτὸς
598 1580 990 1650 ὀνομαζόμενος
1029 1581 1166 1633 κατά
1207 1581 1295 1631 τὸν
1323 1580 1462 1632 θεῖον
1505 1579 1660 1643 Ἰεζε-

115 1673 242 1742 χιὴλ,
296 1674 323 1723 ό
361 1674 660 1741 Δεσπότης,
692 1673 836 1738 λέγω
862 1713 874 1734 ,
924 1672 1156 1742 Χριστὸς
1178 1713 1191 1734 ,
1226 1673 1439 1725 πάντων
1484 1673 1662 1724 ἐδασί-

115 1763 252 1814 λευσε
307 1762 414 1814 τῶν
472 1761 674 1813 ἐθνῶν·
728 1761 814 1812 ἀεὶ
862 1761 959 1830 μὲν
997 1762 1070 1825 ὡς
1105 1762 1233 1825 Θεὸς
1260 1761 1368 1814 τῶν
1409 1763 1658 1814 ἁπάντων

1769 579 1912 622 runt.

1833 662 1921 716 45.
1955 661 2025 717 Et
2060 663 2414 718 comminuam
2451 678 2536 716 eos
2583 671 2640 714 ut
2687 661 2970 729 pulverem.
3007 661 3197 730 Vacui,
3239 664 3323 720 in-

1762 757 1899 826 quit,
1938 764 2122 819 erunt,
2163 765 2250 809 tua
2283 755 2414 809 mihi
2448 753 2616 826 gratia
2646 752 2856 809 fortiter
2891 756 3205 812 auxiliante.

1832 938 1922 991 44.
1958 938 2117 998 Eripe
2138 954 2218 990 me
2247 953 2309 989 ae
2336 939 2836 991 contradictionibus
2867 937 3064 1006 populi.
3094 937 3324 993 Domino

1763 1030 1968 1083 scilicet
1998 1031 2174 1082 adhuc
2207 1029 2397 1085 faciem
2427 1039 2702 1083 avet-lente
2738 1031 2805 1084 ob
2827 1029 3134 1083 Judzeorum
3169 1029 3325 1083 inob-

1762 1124 2122 1192 sequentiam,
2151 1123 2455 1192 postulante
2472 1129 2651 1175 autem
2671 1131 2855 1192 gentes
2877 1122 2927 1173 iu
2961 1121 3323 1174 han-editatem

1762 1231 1938 1270 suam.
1961 1215 2254 1268 Constitues
2288 1231 2366 1267 me
2389 1217 2438 1267 in
2465 1223 2620 1282 caput
2643 1215 2871 1282 gentium
2902 1213 3000 1282 (ι).
3035 1211 3119 1281 (Et
3145 1222 3324 1266 tamen

1762 1309 2034 1362 nescimus
2080 1307 2332 1360 Davidem
2382 1307 2634 1374 gentibus
2670 1307 3012 1374 imperasse.)
3063 1303 3164 1359 Per
3197 1320 3321 1358 eum

1763 1400 1963 1467 itaque,
2007 1399 2099 1466 qui
2127 1413 2189 1450 ex
2227 1397 2425 1452 Davide
2460 1399 2758 1452 secundum
2786 1412 3004 1451 carnem
3030 1407 3182 1450 ortus
3217 1407 3320 1460 est,

1763 1493 2017 1561 impletur
2044 1493 2346 1561 prOphetia.
2390 1491 2524 1544 Nam
2554 1494 2647 1560 qui
2673 1507 2737 1544 ex
2784 1491 2987 1544 Davide
3021 1490 3322 1543 secundum

1763 1599 1977 1637 carnem
2014 1593 2173 1637 natus
2204 1593 2306 1649 est,
2337 1592 2391 1638 et
2421 1585 2534 1652 ipse
2559 1581 2727 1636 David
2756 1592 2982 1635 vocatus
3008 1581 3160 1650 juxta
3193 1579 3325 1633 divi-

1763 1694 1891 1731 num
1919 1676 2278 1738 Ezechielem,
2314 1691 2507 1742 nempe
2547 1675 2809 1728 Dominus
2832 1672 3104 1736 Christus,
3141 1671 3322 1724 omni-

1767 1773 1866 1826 bus
1890 1772 2139 1842 gentibus
2180 1767 2482 1839 imperavit.
2515 1766 2581 1820 Et
2618 1766 2836 1836 quidem
2879 1774 2936 1818 ut
2977 1763 3116 1816 Deus
3147 1761 3324 1815 omni-

113 1854 393 1918 δεσπόζων,
429 1854 568 1922 μετά
611 1853 666 1905 δὲ
701 1854 796 1924 τὴν
821 1855 1230 1924 ἑνανθρῶπησιν
1282 1856 1374 1908 καὶ
1403 1855 1500 1925 τὴν
1539 1854 1655 1907 ἑθε-

1763 1865 1862 1918 bus
1893 1879 2104 1931 semper
2133 1864 2360 1932 imperat
2388 1880 2400 1928 ;
2428 1869 2710 1931 postquam
2743 1864 2921 1910 autem
2957 1855 3119 1908 homo
3147 1853 3322 1908 factus

115 1945 309 1998 λούσιον
341 1947 444 1996 τῶν
473 1947 552 2007 εἰς
584 1945 743 1998 αὐτὸν
768 1948 1200 1999 πεπιστευκότων
1236 1946 1476 1999 δουλείαν
1505 1948 1658 2014 δεξά-

119 2054 279 2104 μενος.

174 2130 324 2192 Ααὸς
348 2127 418 2179 ὃν
443 2131 551 2182 οὐκ
580 2129 769 2197 ἔγνων
805 2128 1131 2183 ἐδούλευσε
1156 2147 1276 2198 μοι.
1329 2130 1457 2202 [Τοῦ
1496 2129 1657 2182 αὑτοῦ

116 2217 194 2270 τοῦ
233 2220 463 2291 Χριστοῦ
491 2239 502 2248 ο
551 2221 1021 2292 ἀποστρεφόμενος
1093 2221 1200 2291 γὰρ
1245 2222 1371 2283 τοὺς
1419 2221 1658 2282 ἀπειθεῖς

127 2311 413 2374 Ἰουδαίους,
432 2315 572 2365 αἰτεῖ
594 2314 660 2365 τά
677 2313 799 2382 ἔθνη
820 2315 898 2374 είς
915 2311 1014 2382 κλη
1025 2310 1322 2381 ρονομίαν.]
1346 2312 1458 2364 Οῦκ
1479 2313 1658 2378 ἀγνοί-

117 2419 172 2465 ας
199 2404 311 2456 ἐστὶ
336 2405 688 2474 σημαντικὸν,
720 2403 892 2456 πάντα
918 2403 1027 2471 γὰρ
1055 2398 1194 2454 οἶδεν
1232 2402 1307 2465 ὡς
1333 2403 1463 2465 Θεός
1488 2421 1500 2432 ι
1545 2401 1657 2456 ἀλλ’

117 2495 186 2544 ὅτι
213 2495 260 2546 οἱ
287 2494 424 2546 κατὰ
452 2497 679 2565 καιροὺς
705 2496 803 2565 τὴν
830 2493 1136 2565 οἰκειότητα
1160 2494 1259 2564 τὴν
1282 2493 1414 2565 πρὸς
1444 2494 1544 2564 ἐμὲ
1583 2495 1657 2564 μὴ

119 2585 350 2654 λαχόντες
386 2586 654 2658 ἀλλότριοι
685 2586 750 2639 ἂν
780 2583 889 2639 εἶεν
917 2587 1011 2639 καὶ
1056 2584 1192 2650 ξένοι
1225 2585 1317 2640 κοιλ⁸
1343 2585 1528 2656 πόρρω
1561 2585 1659 2653 τῆς

119 2677 241 2746 ἐμῆς
260 2678 554 2747 ἀπέχοντες
576 2678 925 2746 οἰκειότητος.

187 2854 297 2905 Υἱοὶ
342 2855 650 2921 ἀλλότριοι¹
689 2852 1032 2921 ἐψεύσαντό
1071 2869 1164 2920 με.
1203 2851 1260 2904 Ὀ
1295 2850 1515 2922 κληθεὶς
1545 2850 1660 2914 υίὸς

121 2943 441 3012 πρωτότοκος
482 2942 697 3013 Ἰσραὴλ
723 2942 1000 3013 ἀλλότριος
1039 2941 1238 3013 ἐκλήθη
1267 2941 1354 2994 διὰ
1394 2941 1492 3012 τὴν
1531 2942 1658 2994 ἀπι-

121 3034 257 3086 στίαν
284 3035 412 3094 υἱός.
456 3035 572 3087 Υἱοὶ
605 3035 909 3102 ἀλλότριοι
932 3032 1412 3101 ἐπαλαιώθησαν.
1455 3034 1570 3087 Πᾶν
1599 3031 1660 3084 τὸ

121 3126 492 3196 παλαιούμενον
525 3127 688 3195 ἐγγὺς
711 3125 1039 3196 ἀφανισμοῦ.

179 3214 260 3283 lii
295 3219 524 3283 Κύριος,
567 3216 667 3269 καὶ
710 3215 1033 3282 εὐλογητὸς
1059 3217 1092 3267 ό
1124 3214 1266 3279 Θεός
1289 3231 1427 3283 μου.
1469 3213 1660 3266 Εὑκαί-
1686 3199 1731 3228 υ

122 3323 215 3374 ρως
249 3309 328 3368 τὸ,
357 3307 442 3376 Ζῇ
489 3311 700 3376 Κύριος
745 3308 1111 3379 ἐπεφώνησεν.
1174 3307 1387 3378 Ἐπειδὴ
1423 3307 1660 3377 ἐμνημό-

120 3415 288 3451 νευσεν
313 3402 408 3469 τῆς
432 3402 737 3467 ἀντιλογίας
764 3401 855 3453 τοῦ
891 3401 1041 3464 λαοῦ,
1064 3401 1120 3452 ἐν
1211 3400 1378 3454 ἐϐόων
1413 3400 1659 3468 λέγοντες

120 3485 261 3556 Αἶρε,
307 3493 470 3558 αἶρεο
524 3495 875 3559 σταύρωσον
906 3495 1109 3546 αὐτόν.
1155 3494 1260 3546 Καὶ
1302 3493 1589 3560 eumeum
1627 3496 1660 3547 ὁ

122 3579 251 3645 Θεὸς
273 3581 376 3648 τῆς
403 3583 697 3649 σωτηρίας
719 3600 855 3650 μου.
893 3584 954 3636 El
985 3585 1077 3635 καὶ
1101 3584 1499 3637 ἐταπείνωσεν
1527 3585 1660 3637 ἐαυ-

121 3670 233 3733 τὸν,
265 3673 415 3740 φησὶ,
445 3671 647 3725 λαϐὼν
675 3671 789 3739 τὴν
833 3672 937 3726 τοῦ
988 3671 1210 3726 δούλου
1247 3673 1507 3740 μορφὴν,
1546 3673 1656 3725 ἀλλ’

121 3763 304 3834 ὑψηλός
332 3766 497 3817 ἐστιν.
524 3766 744 3836 Ὅμοιον
787 3765 842 3817 δὲ
886 3764 963 3834 τῷ
995 3765 1267 3836 εἰρημένῳ
1309 3765 1389 3828 τὸ,
1431 3766 1483 3817 Ὀ
1517 3764 1660 3830 Θεὸς

121 3857 291 3909 αὑτὸν
320 3860 694 3926 ὐπερύψωσε,
730 3857 827 3910 καὶ
854 3857 1171 3926 ἐχαρίσατο
1197 3855 1355 3922 αὐτῷ
1384 3856 1568 3926 ὄνομα
1593 3855 1660 3909 τὸ

122 3949 257 4014 ὑπὲρ
285 3948 405 4001 πᾶν
439 3950 644 4015 ὄνομα.

192 4040 241 4092 Ὀ
267 4040 404 4105 Θεὸς
434 4043 466 4093 ό
489 4039 691 4104 διδοὺς
716 4038 1051 4105 ἐκδικήσεις
1091 4039 1239 4108 ἐμοί.
1282 4040 1374 4092 Ἐκ
1405 4040 1496 4092 τοῦ
1535 4038 1661 4092 ἀπί-

124 4147 234 4183 στου
270 4130 392 4183 λαοῦ
440 4131 546 4184 τῶν
603 4129 866 4183 Ἰουδαίων
899 4130 1155 4200 δηλονότι.
1198 4129 1306 4184 Καὶ
1357 4131 1659 4196 ὑποτάξας

122 4222 292 4288 λαοὺς
319 4225 417 4277 ὑπ’
463 4222 588 4292 ἐμὲ.
637 4222 716 4275 Τὰ
749 4222 895 4292 ἔθνη,
953 4223 1138 4292 φησιν,
1187 4222 1532 4290 ὑπετάγησαν
1583 4222 1658 4292 τῷ

125 4313 342 4383 Χριστῷ.
381 4317 433 4366 Ὀ
456 4317 690 4382 ρὐτης
716 4332 834 4382 μου
875 4314 943 4378 ἐξ
986 4313 1216 4382 ἐχθρῶν
1242 4333 1381 4382 μου.
1415 4315 1532 4367 Τῶν
1564 4318 1660 4386 ἀρ-

125 4405 305 4470 χόντων
325 4405 414 4458 τοῦ
440 4406 500 4470 ἐξ
535 4405 745 4476 Ἰσραὴλ
774 4405 901 4458 λαοῦ
943 4423 1122 4476 φησιν.

1758 1965 1861 2020 est,
1905 1955 2264 2009 voluntariam
2309 1953 2645 2008 credentium
2696 1950 2752 2002 in
2793 1949 2966 2018 ipsqu
3004 1947 3318 2001 servitutem

1759 2045 1942 2100 subiit.

1829 2135 1916 2188 45.
1969 2132 2202 2200 Populus
2272 2147 2420 2201 quem
2482 2146 2584 2182 non
2647 2129 2861 2199 cognovi
2905 2129 3112 2182 servivit
3168 2127 3319 2180 mihi.

1769 2226 1970 2298 [Ipsius
2028 2223 2251 2288 Christi,
2292 2223 2407 2291 qui,
2449 2222 2680 2292 repulsis
2729 2219 2932 2275 Juda‘is
2990 2229 3048 2273 ut
3103 2218 3320 2272 inobse-

1759 2317 2094 2386 quentibus,
2180 2313 2414 2383 postulat
2495 2321 2682 2382 gentes
2756 2311 2810 2364 in
2902 2304 3318 2380 hmreditatemJ

1759 2409 1835 2479 (5)
1863 2407 1979 2461 Non
2007 2417 2090 2461 est
2119 2407 2233 2459 haec
2259 2405 2575 2474 ignorantia:
2597 2413 2720 2458 nota
2746 2421 2757 2457 :
2779 2414 2971 2456 cuneta
3005 2402 3146 2456 enim
3175 2400 3321 2454 novit

1760 2509 1946 2569 utpote
1988 2499 2149 2553 Deus.
2201 2497 2306 2552 Sed
2353 2496 2635 2566 quoniam,
2683 2495 2776 2557 ait,
2824 2493 2916 2564 qui
2970 2509 3064 2562 per
3105 2492 3317 2545 diversa

1759 2601 2000 2661 tempora
2052 2592 2198 2643 nulla
2259 2591 2392 2643 mihi
2450 2588 2848 2643 necessitudine
2901 2585 3075 2656 juncti
3129 2592 3317 2649 erant,

1757 2684 1918 2738 alieni
1949 2691 2002 2736 et
2036 2683 2276 2736 extranei
2311 2681 2434 2749 jure
2459 2680 2731 2744 dicantur,
2769 2689 2930 2747 atque
2963 2693 2991 2730 a
3015 2691 3130 2729 mea
3161 2674 3316 2727 fami-

1761 2773 1996 2826 liaritate
2025 2772 2180 2840 longe
2206 2771 2420 2824 remeti.

1829 2863 1918 2916 46.
1949 2861 2079 2914 Filii
2107 2861 2264 2913 alieni
2297 2860 2498 2913 mentiti
2537 2869 2658 2912 sunt
2691 2859 2838 2912 mihi.
2870 2857 3056 2921 Israel,
3080 2858 3171 2928 qui
3210 2862 3318 2928 pri-

1759 2952 2062 3021 mogenitus
2100 2952 2415 3016 vocabatur,
2450 2951 2661 3005 alienus
2693 2951 2834 3004 ﬁlius
2871 2951 2940 3005 ob
2971 2950 3319 3004 incredulita-

1759 3053 1865 3100 tem
1909 3044 2085 3097 dictus
2119 3051 2222 3096 est.
2270 3041 2401 3094 Filii
2442 3043 2602 3094 alieni
2633 3042 2906 3094 inveterati
2956 3051 3096 3096 sunt.
3146 3042 3319 3096 Omne

1761 3139 2140 3196 inveteratum,
2165 3134 2471 3204 proximum
2507 3133 2747 3187 iuterilui
2776 3141 2878 3188 est.

1829 3228 1916 3281 47.
1977 3226 2113 3278 Vivit
2148 3226 2421 3286 Dominus,
2445 3233 2493 3277 et
2523 3223 2819 3276 benedictus
2858 3222 2996 3276 Deus
3025 3239 3189 3277 meus.
3217 3223 3321 3292 Op-

1759 3327 1989 3388 portune
2021 3316 2174 3378 illud,
2215 3313 2348 3366 Vivit
2381 3313 2658 3375 Dominus,
2686 3310 3015 3365 vociferatus
3047 3322 3149 3365 est.
3179 3310 3316 3375 Quia

1759 3408 2204 3465 commemoravit
2234 3405 2711 3471 contradictionem
2747 3403 2952 3471 populi,
2982 3418 3088 3470 qua
3121 3402 3320 3454 clama-

1760 3505 1889 3556 bant
1924 3519 1937 3554 :
1979 3499 2139 3564 Tolle,
2189 3498 2332 3561 tolle,
2377 3496 2623 3565 cruci/iga
2661 3511 2777 3548 eum
2823 3496 2885 3546 ¹⁹.
2940 3492 3008 3546 Et
3055 3494 3319 3546 exaltetur

1761 3596 1898 3647 Deus
1923 3593 2113 3646 salutis
2147 3608 2292 3644 mear.
2345 3591 2590 3655 Etiamsi,
2629 3588 2925 3642 Ituniiliat'it
2964 3587 3316 3654 semetipsum,

1760 3684 1954 3753 inquit,
1977 3684 2147 3751 forma
2171 3683 2304 3735 servi
2345 3692 2560 3749 accepta
2582 3681 2646 3746 ",
2681 3681 2928 3734 excelsus
2964 3676 3317 3730 nihilominus

1757 3787 1860 3830 est.
1892 3774 2079 3828 Simile
2111 3783 2290 3828 autem
2323 3773 2451 3826 huic
2482 3772 2686 3825 dictum
2717 3778 2841 3824 est:
2881 3768 3019 3820 Deus
3060 3767 3319 3820 exaltabit

1759 3867 1934 3931 illum,
1987 3877 2035 3920 et
2073 3867 2216 3920 dedit
2264 3865 2344 3918 illi
2389 3879 2574 3918 nomen
2628 3862 2765 3932 quod
2827 3869 2904 3914 est
2949 3876 3106 3929 super
3167 3874 3318 3913 omne

1830 3978 1943 4014 men
1969 3961 2034 4014 ¹¹.

1830 3978 1943 4014 men
1971 3978 2034 4014 ".

1758 3980 1913 4105 η048.
1959 4050 2096 4103 Deus
2151 4050 2240 4118 qui
2282 4045 2377 4099 das
2424 4046 2680 4098 vindictas
2727 4043 2874 4093 mihi.
2922 4042 3184 4095 Videlicet
3221 4045 3315 4096 ad-

1757 4159 1950 4198 versus
2010 4141 2278 4196 inﬁdelem
2326 4138 2582 4206 populqu
2633 4134 2969 4188 Juilzeorum.
3026 4133 3089 4187 Et
3135 4134 3315 4186 subdis

1759 4235 1977 4304 populos
2027 4232 2119 4285 sub
2157 4248 2253 4283 me.
2297 4231 2516 4292 Gentes,
2570 4226 2765 4295 inquit,
2816 4225 3038 4279 Christo
3089 4223 3317 4278 subditae

1761 4329 1997 4380 fuerunt.
2031 4323 2304 4376 Liberator
2341 4337 2479 4374 meus
2509 4318 2572 4372 de
2601 4319 2830 4372 inimicis
2870 4318 3019 4369 meis.
3055 4315 3128 4370 De
3168 4316 3317 4384 priu-

1761 4419 1974 4488 cipihus
2007 4413 2286 4469 Israclitici
2320 4411 2524 4481 pepuli.

171 4497 295 4549 Ἀπὸ
310 4496 421 4561 τῶν
437 4496 923 4566 ἐπανισταμένων
938 4497 1028 4549 ἐπ’
1046 4496 1166 4563 ἐμέ.
1184 4496 1288 4549 Τοῦ
1307 4497 1470 4550 Ἰούδα
1484 4497 1651 4565 λέγει.

1831 4509 1907 4562 Ab
1936 4507 2318 4575 insurgentibus
2343 4505 2396 4556 in
2423 4521 2512 4555 me,
2545 4501 2738 4554 Iudam
2766 4502 2860 4555 ait.

184 4584 201 4659 [
232 4588 284 4640 Ὀ
304 4591 537 4656 ρύστης
559 4606 678 4657 μου
723 4589 790 4643 ἐκ
821 4588 934 4641 τῶν
964 4588 1192 4657 ἐχθρῶν
1231 4606 1349 4657 μου
1383 4590 1654 4657 ὀργίλων.

135 4679 216 4731 Ἐκ
247 4681 334 4734 τοῦ
361 4681 490 4734 λαοῦ
525 4681 776 4734 ἀπίστου.
818 4680 1054 4751 Ὀργίλοι
1097 4680 1279 4750 ἐχθροὶ
1319 4683 1346 4732 ό
1373 4681 1658 4744 Ἰουδαῖκὸς

126 4765 233 4829 λαδς
263 4767 600 4840 Σαμαρείτην
634 4767 794 4820 αὑτὸν
816 4767 1227 4838 κερτομοῦντες.
1278 4768 1440 4838 Ἀνὴρ
1460 4767 1516 4820 δὲ
1547 4769 1659 4822 ἀδι-

129 4875 205 4921 κος
245 4861 272 4912 ὁ
318 4860 532 4923 Ἰούδας,
579 4861 610 4930 ἢ
672 4859 918 4922 Πιλᾶτος,
973 4859 1226 4921 ἀναιτίως
1259 4858 1510 4922 κολάσας.
1563 4859 1660 4913 Διά

126 4951 312 5022 τοῦτοῆ
341 4954 426 5006 διὰ
453 4954 550 5016 τὰς
586 4953 664 5014 είς
704 4952 804 5021 ἐμὲ
833 4952 1144 5023 εὐεργεσίας
1171 4953 1547 5022 εὐχαριστήσω
1578 4969 1658 5004 σοι

130 5045 207 5096 ἐπὶ
239 5044 444 5098 πάντων
477 5045 586 5098 εἴτε
623 5044 886 5098 Ἰουδαίων
907 5043 1016 5098 εἴτε
1048 5043 1238 5108 ἐθνῶν,
1275 5044 1368 5097 καὶ
1394 5047 1452 5098 ὲν
1473 5045 1659 5115 ὕμνοις

129 5133 219 5197 ῑΞω
247 5136 306 5190 τὸ
327 5137 495 5210 ὄνομά
523 5135 676 5208 σου.]

192 5341 283 5394 Διὰ
306 5357 472 5395 τουτο
494 5335 1012 5406 ἑξομολογήσομαί
1053 5347 1152 5388 σοι
1192 5334 1261 5387 ἐν
1296 5333 1514 5394 ἔθνεσι,
1545 5335 1656 5388 K1}-

131 5446 220 5495 ριε.
264 5431 468 5501 Ἐπειδὴ
494 5431 563 5484 τὰ
599 5429 692 5482 καὶ
717 5427 783 5479 τὰ
815 5427 1072 5498 είργάσω,
1122 5424 1250 5492 ἐγὼ,
1289 5425 1448 5491 φησὶν
1479 5427 1506 5477 ό
1537 5435 1659 5495 προ-

135 5519 306 5588 ςήτης,
335 5517 544 5572 ἐπειδὰν
579 5519 642 5571 σὺ
671 5515 830 5578 αὐτὸς
857 5517 886 5567 ὁ
916 5514 1119 5585 Κύριος
1145 5513 1210 5566 τὰ
1251 5513 1374 5582 ἔθνη
1404 5513 1653 5586 καλέσῃς,

196 5652 235 5684 ¹⁹
268 5648 416 5706 Joan.
445 5669 559 5716 six,
592 5650 680 5704 15.
760 5648 806 5681 ’⁸
840 5648 1072 5718 Philipp.
1107 5663 1167 5711 ll,
1205 5648 1259 5704 8.
1337 5648 1379 5678 “
1429 5646 1560 5701 ibid.
1600 5647 1650 5703 9.

197 5762 262 5830 (⁵)
296 5763 410 5821 Haec
439 5764 654 5837 Origeni
680 5764 988 5819 tribuuntur
1012 5764 1060 5816 in
1097 5759 1223 5832 Reg.
1254 5760 1300 5813 l.
1519 5790 1525 5817 ι

1831 4600 2129 4672 [Liberator
2178 4613 2320 4650 incus
2367 4595 2431 4648 de
2483 4595 2712 4649 inimicis
2757 4596 2883 4649 meis
2932 4594 3220 4659 iracundis.
3272 4594 3315 4646 Α

1760 4695 1960 4766 populo
2013 4691 2235 4746 iulideli.
2289 4688 2494 4741 Inimici
2565 4687 2810 4742 iracundi
2869 4697 2995 4741 sunt
3055 4683 3314 4739 Judaicus

1759 4787 2015 4855 populus,
2057 4785 2148 4854 qui
2193 4783 2347 4852 quasi
2393 4781 2735 4836 Samaritano
2777 4778 2850 4831 illi
2898 4778 3312 4832 maledicebaut.

1765 4877 1856 4932 Vir
1886 4887 2066 4931 autem
2107 4877 2327 4944 iniquus
2356 4882 2438 4928 est
2476 4871 2662 4934 Judas,
2698 4880 2790 4924 aut
2825 4869 3032 4922 Pilatus
3067 4868 3158 4936 qui
3197 4867 3316 4921 sine

1760 4983 1922 5023 causa
1951 4967 2126 5036 ipsum
2159 4964 2427 5032 supplicio
2454 4957 2999 5027 aﬂeeit.-Propterea,
3049 4965 3143 5008 aut
3189 4971 3314 5023 pro-

1758 5070 1879 5130 pter
1909 5067 1999 5111 tua
2029 5072 2153 5126 erga
2182 5071 2265 5108 me
2297 5051 2790 5121 beueiicia,gratias
2817 5063 2969 5118 agam
2991 5048 3081 5101 tibi
3116 5049 3166 5100 in
3196 5063 3314 5102 om-

1761 5152 1918 5205 nibus
1969 5149 2318 5211 nationibus,
2379 5146 2494 5200 sive
2543 5142 2742 5197 Iudaeis
2799 5142 2914 5196 sive
2962 5141 3230 5211 gentibus,
3260 5147 3315 5193 et

1760 5244 1973 5314 hymnis
2004 5239 2287 5295 celebrabo
2315 5252 2510 5290 nomen
2547 5231 2745 5304 qum.]

1828 5331 2116 5398 Propterea
2159 5328 2441 5396 conﬁtebor
2481 5325 2572 5378 tibi
2609 5324 2662 5376 in
2703 5322 3019 5388 nationibus,
3073 5320 3309 5374 Domine.

1757 5425 1892 5480 Cum
1934 5433 2012 5484 tu,
2066 5421 2312 5484 Domine,
2353 5421 2428 5473 ait
2471 5419 2757 5487 Pmpheta,
2797 5420 2910 5472 hzec
2953 5426 3004 5472 et
3045 5416 3130 5469 illa
3180 5414 3310 5467 mihi

1758 5516 2092 5588 priestiteris,
2117 5514 2332 5582 quando
2358 5522 2409 5565 tu
2447 5513 2561 5581 ipse
2593 5512 2854 5567 Dominus
2877 5519 3059 5581 gentes
3087 5522 3308 5565 vocave-

1827 5757 1904 5827 (5)
1931 5756 1985 5811 In
2015 5754 2167 5810 Colb.
2201 5754 2253 5820 5,
2285 5755 2398 5812 hinc
2430 5755 2734 5812 tribuuntur
2759 5753 2976 5824 Cyrillo.
