4074 6304
734 321 838 378 125

1566 322 1623 377 S.
1658 324 2021 382 ATHANASII
2055 328 2204 386 OPP.
2245 330 2306 384 Pl

2414 332 2426 385 ἱ
2463 331 2548 386 ΙΙΙ.
2588 363 2654 375 -
2695 333 3106 391 EXEGETICA.
3840 336 3917 392 l‘ll

733 438 828 497 ris,
875 448 969 502 per
1009 448 1103 487 eas
1151 432 1448 487 conﬁtebor
1500 449 1601 503 ego
1649 436 1766 498 tibi,
1815 439 2134 495 canentibus
2184 442 2290 496 illis

2414 445 2457 495 ῖι⁹
2512 445 2687 497 αὐτῶν
2732 464 2811 499 σοι
2861 446 3347 518 ὲξομολογήσομαι,
3382 449 3613 519 ᾀδόντων
3646 448 3817 503 αὑτων
3847 454 3919 515 οὖς

730 527 961 595 hymnos
983 540 1123 593 quos
1153 524 1315 578 edidi.
1353 522 1471 578 Non
1502 525 1663 580 modo
1692 536 1869 582 autem
1914 529 2016 585 hoc
2043 532 2163 596 erit,
2197 534 2288 587 sed

730 618 894 670 etiam
953 616 1314 685 magnih‘cabo
1374 617 1576 672 salutes
1626 620 1770 689 regis
1822 636 2034 687 eorum,
2089 624 2293 678 scilicet

731 708 994 777 gentium.
1051 706 1224 773 Quam
1282 710 1512 763 salutem
1561 720 1818 780 operatus
1873 722 1957 768 est
2007 715 2060 769 in
2116 716 2293 770 medio

733 810 910 853 terrae.
974 799 1362 870 Magniﬁcabo,
1428 802 1481 855 id
1543 811 1646 869 est,
1694 805 1980 875 perspicue
2041 807 2292 861 omnibus

731 890 1062 944 acclamaho.
1090 888 1225 944 Nam
1253 908 1393 957 eam,
1422 893 1618 962 inquit,
1646 894 1875 949 salutem
1910 908 2162 966 operatus
2186 908 2289 961 est,

732 997 854 1037 cum
906 982 1282 1037 misericordia
1336 986 1388 1038 in
1445 987 1546 1041 sibi
1608 996 1835 1042 unctum
1891 990 2153 1058 populum
2212 1000 2295 1045 est

734 1090 898 1129 usus:
921 1074 1189 1144 siquidem
1216 1076 1268 1129 in
1299 1077 1478 1147 regale
1504 1080 1869 1134 sacerdotium
1903 1082 2051 1136 uncti
2080 1098 2290 1137 sumus.

734 1166 835 1223 Ubi
869 1178 1050 1224 autem
1096 1185 1213 1224 eam
1250 1173 1452 1241 populo
1477 1188 1641 1241 quam
1679 1174 1811 1227 mihi
1848 1172 2042 1227 Davidi
2082 1173 2295 1227 miscri-

734 1261 973 1315 cordiam
1014 1260 1229 1329 feceris,
1264 1263 1502 1331 idipsutn
1534 1279 1749 1333 quoque
1787 1265 1851 1318 ad
1895 1280 2077 1319 semen
2115 1280 2292 1318 meum

732 1352 1017 1420 pervenire
1046 1352 1334 1407 concedes.
1370 1351 1563 1406 Semen
1589 1355 1787 1423 quippe
1822 1352 1985 1407 David
2021 1362 2102 1407 est
2133 1354 2294 1406 etiam

735 1444 973 1509 gentium
1002 1444 1259 1513 populus,
1290 1444 1487 1512 quippe
1512 1446 1607 1513 qui
1641 1446 1785 1499 lilius
1810 1446 1927 1513 eius
1961 1444 2182 1499 effectus
2204 1444 2292 1505 sit.

733 1534 825 1605 qui
854 1550 919 1591 ex
957 1536 1164 1591 semine
1203 1535 1364 1589 David
1404 1537 1702 1590 secundum
1749 1550 1966 1589 carnem
2003 1544 2161 1588 natus
2190 1545 2291 1588 est.

927 1626 967 1681 1.
1002 1626 1067 1683 In
1089 1628 1245 1697 ﬁnem
1277 1626 1619 1682 PSALMUS
1643 1628 1854 1686 Davidi.
1886 1625 2113 1681 XVIII.

1318 1724 1719 1792 Argumentum.

2392 536 2662 605 πεποίηκα
2710 537 2929 607 ὕμνους.
2962 540 3035 591 Οὐ
3070 539 3227 609 μόνον
3272 540 3326 593 δὲ
3353 540 3528 607 τοῦτο,
3557 539 3698 593 ἀλλὰ
3725 543 3814 593 καὶ
3848 560 3901 611 με

2390 627 2624 697 γαλυνῶ,
2676 632 2828 700 φησὶ,
2878 631 2975 695 τὰς
3013 632 3280 702 σωτηρίας
3326 633 3419 684 τοῦ
3466 632 3729 703 βασιλέως
3772 634 3922 686 αὐτῶν

2392 720 2499 774 τῶν
2524 722 2689 776 ὲθνῶν
2709 740 2721 752 ’
2749 725 2813 795 ἢν
2844 724 3064 795 ἐποίησε
3095 725 3365 795 σωτηρίαν
3395 727 3449 777 ὲν
3494 728 3644 796 μέσῳ
3673 726 3772 795 τῆς
3815 726 3919 795 γῆς.

2392 814 2736 883 Μεγαλυνῶ,
2764 815 3003 868 τουτέστι
3036 821 3147 880 τοῖς
3196 818 3327 870 πᾶσι
3353 817 3622 887 διαϐοήσω
3659 816 3919 886 λαμπρῶς.

2407 906 2619 975 Ἐπειδὴ
2670 906 2762 958 καὶ
2794 906 2993 976 ταύτην
3043 908 3349 977 εἰργάσατο,
3377 909 3541 977 φησὶ,
3588 909 3761 960 ποιῶν
3794 908 3921 960 ἔλεον

2397 996 2483 1047 ἐπὶ
2506 996 2594 1048 τὸν
2627 996 2914 1066 χρισθέντα
2941 997 3103 1050 αὑτοῦ
3127 996 3249 1051 λαόν
3270 1016 3282 1027 ·
3316 999 3394 1061 εἰς
3430 997 3699 1066 βασίλειον
3740 996 3845 1067 γὰρ
3869 1000 3924 1049 ιε-

2395 1085 2639 1155 ράτευμα
2668 1086 3016 1156 ἐχρίσθημεν.
3049 1088 3222 1140 Ποιῶν
3250 1088 3305 1140 δὲ
3338 1088 3413 1159 τῷ
3446 1087 3558 1157 λαῷ
3581 1088 3643 1139 τὸ
3668 1086 3813 1148 ἔλεος
3849 1088 3925 1139 καί

2397 1193 2485 1244 μοι
2518 1175 2594 1244 τῷ
2622 1175 2801 1239 Δαυῒδ,
2831 1179 3265 1247 παρασκευάσεις
3287 1178 3535 1245 γενέσθαι
3560 1176 3709 1247 αὐτῷ
3740 1178 3825 1229 καὶ
3862 1177 3927 1246 τῷ

2397 1261 2667 1331 σπέρματί
2700 1280 2819 1331 μου.
2849 1265 3072 1335 Σπέρμα
3100 1266 3206 1335 γὰρ
3231 1266 3323 1318 τοῦ
3349 1265 3508 1319 Δαυῒδ
3536 1267 3629 1320 καὶ⁵
3653 1268 3681 1318 ὁ
3706 1265 3764 1329 ἐξ
3782 1264 3925 1318 ἐθνῶν

2394 1352 2519 1415 λαός
2536 1369 2551 1384 ·
2585 1354 2679 1406 ἆτε
2707 1353 2769 1424 δὴ
2804 1353 3041 1424 γεγονὼς
3060 1357 3245 1410 τέκνον
3267 1356 3358 1410 τοῦ
3382 1360 3443 1411 ὲκ
3470 1359 3781 1430 σπέρματος
3807 1358 3926 1411 κατὰ

2399 1444 2571 1514 σάρκα
2606 1444 2954 1517 γεννηθέντος
2984 1448 3165 1505 Aquilo.

2603 1620 2704 1683 Εὶς
2733 1618 2924 1683 τέλος,
2951 1620 3253 1672 vannos
3282 1615 3357 1682 τῷ
3392 1615 3590 1669 Δαυΐδ.
3622 1618 3739 1670 1H.

3006 1712 3018 1729 '
3031 1712 3334 1775 Υπόθεσις.

736 1807 1005 1866 lnitialem
1052 1811 1435 1880 complectitur
1484 1813 1784 1868 doctrinam
1832 1812 1918 1867 hic
1950 1812 2192 1880 psalmus
2231 1827 2293 1866 ex

2414 1802 2773 1873 Ξὶσαγωγικὴν
2804 1802 3145 1855 διδασκαλίαν
3179 1801 3417 1871 περιέχει
3449 1814 3477 1852 ο
3511 1801 3698 1871 παρὼν
3738 1799 3932 1870 ψαλμδς

807 1920 1039 1974 persona
1068 1905 1439 1973 apostolorum
1465 1905 1530 1959 ad
1562 1916 1767 1975 gentes.
1800 1902 2163 1969 Quamobrem
2188 1919 2297 1958 cte-

804 1998 916 2052 lum
951 2008 1003 2053 et
1037 1999 1205 2053 solem
1240 2010 1292 2053 et
1330 1999 1538 2069 reliqua
1574 2001 1861 2064 elementa,
1906 2015 2042 2067 quos
2074 2014 2299 2066 magnos

808 2088 912 2142 illa:
960 2088 1092 2143 deos
1132 2104 1253 2144 esse
1310 2090 1738 2154 arbitrabantur,
1786 2089 2033 2159 opiﬁcem
2083 2088 2300 2142 laudare

808 2196 968 2235 suum
1002 2182 1279 2235 dicuntur.

806 2274 859 2327 2.
912 2273 1040 2327 Caeli
1060 2283 1311 2327 enarrant
1341 2274 1566 2343 gloriam
1597 2268 1709 2326 Det.
1732 2265 1920 2327 Simile
1944 2281 2027 2327 est
2054 2272 2157 2326 hoc
2187 2272 2297 2326 illi:

740 2362 1037 2417 Invisibilia
1064 2367 1201 2420 enim
1228 2366 1393 2435 ipsius
1426 2383 1457 2418 a
1496 2374 1739 2418 creatura
1770 2365 1949 2417 mundi
1980 2381 2071 2432 per
2100 2380 2159 2418 ea
2188 2381 2302 2433 qua:

740 2456 882 2523 facta
911 2465 1030 2510 sunt
1064 2456 1328 2510 intellecta
1356 2456 1750 2521 conspiciuntur
1778 2471 1796 2508 :
1831 2455 2145 2523 sempiterna
2168 2473 2301 2526 quo-

739 2565 836 2621 que
864 2550 976 2618 ejus
1004 2549 1169 2603 virtus
1196 2556 1245 2600 et
1284 2548 1530 2600 divinitas
1563 2547 1628 2599 ".

814 2642 869 2695 3.
912 2639 1033 2693 Dies
1071 2640 1178 2693 diei
1212 2648 1414 2692 eructat
1452 2639 1693 2707 verbum,
1729 2647 1778 2692 et
1826 2654 1962 2705 nox,
2006 2647 2109 2693 etc.
2150 2638 2301 2703 Dies,

741 2733 939 2803 inquit,
999 2743 1051 2787 et
1105 2748 1235 2797 nox,
1290 2741 1480 2786 mutuo
1522 2733 1622 2786 sibi
1672 2733 1907 2801 spatium
1950 2732 2219 2785 concinne
2252 2740 2305 2785 et

742 2826 1065 2896 congruenti
1120 2825 1311 2880 ordine
1358 2825 1424 2877 ad
1474 2839 1697 2878 cursum
1744 2821 2121 2887 concedentes,
2169 2824 2301 2892 ipsis

744 2919 904 2973 rebus
931 2926 1230 2971 creatorem
1264 2930 1422 2970 suum
1459 2915 1774 2984 przedicant.

811 3012 864 3065 4.
918 3008 1039 3063 Νοη
1075 3019 1195 3062 sunt
1230 3006 1447 3077 loquela:
1489 3022 1648 3076 neque
1686 3021 1980 3068 sermones,
2024 3012 2126 3056 etc.
2167 3002 2300 3056 Cum

2468 1896 2531 1945 ὲκ
2565 1894 2849 1964 προσώπου
2883 1893 2991 1946 τῶν
3038 1893 3346 1946 ἀποστόλων
3382 1892 3513 1961 πρὸς
3566 1892 3633 1944 τὰ
3666 1890 3808 1961 ἔθνη.
3850 1891 3933 1944 Διδ

2469 1988 2561 2039 καὶ
2600 1987 2844 2055 οὐρανὸν,
2880 1986 2971 2038 καὶ
3000 1985 3168 2055 ἥλιον,
3227 1983 3320 2037 καὶ
3376 1984 3441 2037 τὰ
3492 1983 3657 2054 ἕτερα
3689 1985 3931 2052 στοιχεῖα,

2468 2076 2559 2139 οὓς
2591 2078 2684 2129 καὶ
2715 2076 2980 2147 μεγάλους
3024 2074 3236 2145 ἐνόμιζε
3282 2076 3435 2138 θεοὺς
3471 2073 3640 2127 ταῦτα
3696 2074 3935 2145 ἀνυμνείν

2466 2169 2556 2220 τὸν
2586 2169 2810 2238 ποιητὴν
2838 2166 3013 2218 αὐτῶν
3051 2166 3315 2233 λέγουσιν.

2474 2262 2535 2311 οι
2564 2259 2799 2326 οὐρανοὶ
2852 2257 3191 2327 διηγοῦνται
3234 2255 3419 2320 δόξαν
3444 2256 3609 2310 Θεοῦ.
3646 2256 3858 2326 Ὅμοιον
3881 2258 3937 2309 τὸ

2401 2351 2681 2422 εἰρημένον
2706 2366 2718 2379 ·
2764 2347 2837 2402 Τὰ
2896 2352 3003 2418 γὰρ
3060 2348 3280 2416 ἀόρατα
3321 2347 3504 2401 αὐτοῦ
3550 2346 3666 2401 ἀπὸ
3706 2347 3941 2412 κτίσεως

2401 2446 2628 2513 κόσμου
2655 2443 2776 2509 τοῖς
2803 2442 3087 2512 ποιήμασι
3107 2442 3399 2510 νοούμενα
3423 2439 3759 2511 καθορᾶται,
3800 2440 3836 2510 ἦ
3884 2457 3941 2493 τε

2401 2537 2589 2603 ἀΐδιος
2620 2536 2804 2589 αὐτοῦ
2825 2535 3073 2605 δύναμις
3097 2536 3192 2588 καὶ
3221 2536 3464 2601 θειότης.

2485 2627 2688 2695 Ἡμέρα
2722 2626 2792 2694 τῇ
2820 2626 3006 2695 ἡμέρᾳ
3041 2628 3333 2695 ἐρεύγεται
3356 2626 3519 2695 ῥῆμα
3543 2626 3641 2679 καὶ
3666 2626 3844 2690 νύξ...
3886 2627 3943 2677 'H

2403 2720 2604 2789 ἡμέρα,
2625 2719 2775 2788 φησὶ,
2790 2719 2929 2787 καὶὴ
2951 2716 3044 2781 νὺξ
3061 2717 3331 2779 εὐτάκτως
3347 2716 3438 2768 καὶ
3456 2715 3801 2787 εὐαρμόστως
3817 2716 3944 2769 ἀντι-

2405 2808 2822 2881 παραχωροῦσαι
2852 2810 2975 2871 τοὺς
3001 2809 3231 2878 δρόμους
3257 2807 3529 2877 ἀλλήλαις,
3556 2808 3622 2860 δι’
3653 2805 3943 2860 αὐτῶντῶν

2406 2901 2741 2971 πραγμάτων
2784 2899 2874 2951 τὸν
2899 2898 3220 2968 δημιουργὸν
3247 2897 3424 2951 αὐτῶν
3453 2897 3919 2967 ἀνακηρύττουσιν.

2470 2993 2589 3042 Οὺκ
2616 2990 2731 3041 εἰσὶ
2757 2988 2961 3043 λαλιαὶ
2999 2986 3139 3040 οὐδὲ
3170 2989 3356 3056 λόγοι.
3394 2988 3525 3040 Καθ’
3555 2986 3887 3055 ὑποστιγμὴν
3913 2988 3941 3054 ἡ

746 3100 1177 3171 interpunctione
1227 3097 1534 3168 legendum.
1596 3095 1727 3150 Nam
1786 3111 1848 3149 ex
1923 3094 2149 3148 adverso
2224 3093 2305 3145 in-

2414 3080 2727 3147 άνάγνωσις.
2775 3078 3131 3130 Ἀντιπίπτων
3164 3076 3238 3139 δὲ,
3276 3078 3662 3146 ὑποτέμνεται·
3703 3077 3763 3129 τὸ
3789 3077 3843 3129 δὲ
3870 3078 3947 3129 ἁν-

747 3206 1028 3262 terrogans
1086 3190 1386 3246 clausulam
1448 3187 1751 3256 distinguit,
1796 3185 1938 3254 quod
1991 3194 2169 3239 autem
2214 3198 2306 3252 per

747 3282 1220 3350 interrogationem
1267 3277 1557 3347 opponitur
1601 3285 1684 3329 est
1741 3275 1871 3328 illud
1927 3291 1941 3328 :
2001 3284 2055 3328 et
2101 3273 2306 3327 nihilne

747 3372 1090 3443 loquuntur?
1136 3369 1474 3438 Quapropter
1521 3367 1697 3420 dicit:
1750 3366 1945 3417 Annon
1990 3364 2184 3431 aliqua:
2222 3376 2308 3415 res

749 3475 895 3530 sunt,
928 3479 1047 3534 quae
1085 3464 1211 3517 licet
1250 3461 1452 3514 nullam
1500 3459 1753 3513 emittant
1788 3470 1973 3509 vocem
1996 3495 2011 3520 ,
2049 3454 2306 3507 artitlcem

749 3556 1115 3611 denuntiant?
1162 3553 1450 3606 Enimvero
1500 3567 1564 3605 ex
1592 3549 1816 3619 pulchre
1852 3547 2112 3601 adornata
2163 3545 2307 3609 navi,

750 3648 889 3702 fabri
934 3646 1121 3717 peritia
1153 3643 1490 3715 dignoscitur
1525 3657 1539 3694 :
1576 3651 1629 3696 et
1668 3641 1918 3695 similiter
1954 3640 2021 3693 de
2065 3638 2307 3707 reliquis.

751 3735 1014 3792 Praedicta
1046 3734 1227 3802 itaque
1256 3731 1468 3801 opiﬁcia
1503 3746 1533 3784 a
1573 3729 1966 3799 magnitudine,
2013 3729 2312 3798 pulchritu-

751 3832 895 3893 dine,
943 3826 1312 3882 concinnitate
1376 3822 1621 3892 opiﬁcem
1689 3822 1987 3889 przedicant
2052 3838 2065 3871 :
2128 3820 2200 3872 ita
2256 3829 2315 3873 ut

752 3935 941 3975 eorum
972 3917 1281 3987 praedicatio
1306 3930 1519 3969 omnem
1543 3914 1799 3981 pervadat
1826 3912 2033 3964 orbem.

823 4012 875 4067 6.
898 4011 962 4065 In
980 4009 1087 4065 sole
1109 4009 1281 4079 posuit
1305 4004 1696 4061 tabernaculum
1713 4020 1885 4057 suum.
1907 4002 1962 4056 In
1981 4003 2092 4057 sole
2112 4010 2316 4071 posurt,

754 4107 951 4177 inquit,
985 4104 1391 4158 tabernaculum
1438 4103 1553 4156 sive
1586 4100 1831 4155 domum.
1869 4097 2098 4151 Ubinam
2135 4106 2315 4150 autem

756 4198 939 4267 posuit
967 4195 1072 4250 uisi
1107 4196 1161 4247 in
1196 4193 1335 4247 caelo
1367 4201 1420 4245 et
1455 4190 1508 4243 in
1545 4192 1882 4243 ﬁrmamento
1916 4204 2077 4257 supra
2110 4202 2316 4240 memo—

756 4288 891 4341 ratis
924 4287 947 4339 ?
979 4283 1130 4337 Hanc
1172 4298 1331 4352 porro
1368 4280 1589 4334 domum
1613 4321 1627 4345 ,
1674 4278 1872 4331 lectum
1922 4293 2047 4330 item
2084 4279 2315 4331 vocavit.

760 4379 1026 4433 Utautem
1054 4375 1170 4430 dies
1193 4385 1243 4429 et
1269 4389 1372 4427 nox
1399 4372 1624 4442 pulchro
1649 4371 1739 4424 illo
1768 4369 1957 4423 ordine
1980 4378 2314 4422 etconsensu

2408 3174 2657 3225 τιπῖπτον
2684 3170 2797 3223 ἐστί
2818 3186 2832 3198 ·
2880 3172 2987 3224 Καὶ
3022 3170 3126 3239 μὴν
3180 3170 3238 3221 οὐ
3285 3169 3642 3238 φθέγγονταις
3675 3169 3765 3221 Διὸ
3792 3168 3942 3235 λέγει·

2408 3261 2551 3337 ’Δρα
2584 3265 2681 3316 οὐκ
2712 3264 2816 3315 εἰσὶ
2849 3263 2968 3315 τινὰ
3023 3261 3317 3331 πράγματα
3372 3261 3437 3324 ἃ,
3474 3261 3567 3313 καὶ
3614 3261 3687 3329 μὴ
3737 3259 3949 3326 ἀφιέντα

2410 3360 2611 3429 φωνὴν,
2630 3358 2719 3409 τὸν
2739 3354 2983 3424 τεχνίτην
3000 3347 3446 3422 ἀνακηρύττουσις
3477 3350 3581 3403 Ναὶ
3610 3351 3715 3419 μὴν
3740 3350 3831 3404 καὶ
3854 3350 3951 3418 γὰρ

2411 3451 2475 3503 ὲκ
2506 3448 2604 3518 τῆς
2633 3444 2809 3508 καλῶς
2842 3442 3189 3514 ἡρμοσμένης
3225 3442 3349 3511 νηὸς
3376 3446 3407 3511 η
3441 3441 3599 3510 τέχνη
3624 3439 3717 3492 τοῦ
3755 3453 3951 3505 vuum,-

2412 3539 2508 3609 γοῦ
2539 3538 2811 3606 φαίνεται⁶
2847 3535 2937 3587 καὶ
2964 3534 3054 3585 ἐπὶ
3078 3531 3184 3584 τῶν
3218 3531 3390 3584 ἄλλων
3421 3531 3476 3582 δὲ
3509 3529 3787 3593 ὡσαύτως.
3825 3530 3950 3581 00x-

2413 3629 2503 3682 οὖν
2547 3628 2640 3680 καὶ
2676 3625 2743 3679 τὰ
2788 3625 3064 3694 ποιήματα
3088 3622 3155 3674 τὰ
3187 3620 3558 3691 προειρημένα
3587 3618 3728 3671 οὕτω
3774 3618 3955 3688 κηρύτ-

2412 3738 2491 3773 τει
2520 3720 2625 3772 ἀπὸ
2660 3716 2917 3788 μεγέθους
2944 3714 3033 3766 καὶ
3064 3712 3327 3781 καλλονῆς
3368 3712 3462 3763 καὶ
3488 3712 3851 3780 εὐαρμοστὶας
3876 3710 3956 3762 τὸν

2413 3809 2780 3881 δημιουργόνο
2827 3805 2901 3868 ὡς
2949 3806 3029 3866 εἰς
3058 3804 3234 3855 πᾶσαν
3277 3801 3453 3861 αὐτῶν
3499 3802 3594 3871 τὴν
3642 3801 3955 3872 οἰκουμένην

2415 3901 2726 3971 διαδραμεῖν
2754 3896 2812 3949 τὸ
2846 3896 3123 3965 κήρυγμα.

2499 3992 2600 4043 Ἐν
2631 3985 2708 4052 τῷ
2732 3986 2880 4053 ἡλίῳ
2906 3985 3069 4038 ἔθετο
3097 3982 3166 4036 τὸ
3211 3979 3497 4049 σκήνωμα
3543 3978 3748 4032 αὐτοῦ.
3796 3977 3885 4047 Τῷ
3911 3977 3958 4045 ἡ·

2416 4083 2532 4152 λίῳ,
2567 4081 2747 4149 φησὶν,
2785 4077 2933 4129 ἔθετο
2965 4075 3024 4126 τὸ
3054 4074 3316 4143 σκήνωμα
3344 4110 3359 4133 ,
3405 4071 3521 4139 ἦτοι
3552 4063 3717 4121 οἷκον.
3771 4067 3879 4122 Ποῦ
3909 4066 3957 4118 δὲ

2420 4174 2567 4226 ἔθετο
2594 4172 2625 4241 ἥ
2652 4172 2706 4221 ὲν
2738 4167 2814 4236 τῷ
2840 4164 3215 4235 προειρημένῳ
3240 4159 3452 4232 οὐρανῷ
3479 4161 3569 4213 καὶ
3598 4158 3957 4229 στερεώματις

2420 4262 2615 4315 Τοῦτον
2647 4259 2702 4311 δὲ
2736 4258 2824 4309 τὸν
2854 4252 2999 4307 οἷκον
3041 4252 3133 4305 καὶ¹
3177 4250 3377 4310 παστδν
3422 4250 3717 4319 ῳνὸμασεν.
3769 4248 3961 4313 Ὠσπερ

2420 4354 2475 4406 δὲ
2506 4351 2683 4422 ἡμέρα
2726 4348 2815 4399 καὶ
2859 4344 2953 4408 νὺξ
2978 4346 3041 4415 τῇ
3077 4342 3318 4412 εὐτάκτῳ
3346 4338 3626 4410 συμφωνίᾳ
3649 4337 3961 4409 κηρύττουσι

759 4429 1057 4543 [interii—eant
1099 4468 1367 4538 opiﬁcem,
1399 4429 1487 4519 lita
1523 4473 1576 4519 et
1602 4464 1681 4518 sol
1722 4460 1866 4529 quod
1910 4459 2141 4527 quadam
2186 4474 2306 4513 cou-

2419 4445 2508 4497 τὸν
2553 4438 2895 4511 δημιουργὸν,
2927 4435 3067 4487 οὕτω
3099 4433 3192 4486 καὶ
3242 4433 3269 4485 ὁ
3319 4430 3489 4499 ἥλιος,
3550 4430 3608 4482 τὸ
3658 4429 3749 4481 τὸν
3781 4430 3962 4499 δρόμον

2544 4536 2553 4543 .
2780 4531 2791 4543 .
3026 4526 3036 4541 .
3091 4541 3104 4543 Α
3138 4518 3388 4543 ,ωηεν
3444 4517 3688 4543 »ΑΛ---π
3720 4516 3943 4543 _--...--

762 4565 1024 4619 ciunitate
1098 4574 1318 4615 cursum
1349 4559 1359 4587 '
1390 4556 1644 4612 conﬁciat
1734 4552 1968 4607 iubentis
2021 4550 2314 4619 potentiam

762 4656 1023 4712 declarat.

831 4751 888 4804 8.
932 4746 1041 4801 Lex
1079 4743 1293 4797 Domini
1342 4741 1687 4793 immaculata
1745 4747 2041 4789 convertens
2094 4735 2316 4787 animas.

768 4840 1089 4911 Evangelica
1113 4836 1340 4889 scilicet.
1376 4828 1586 4884 Ethnici
1618 4836 1807 4896 utpote
1840 4827 1929 4896 qui
1956 4826 2064 4894 jam
2092 4841 2157 4880 ex
2186 4841 2322 4893 pra:-

766 4935 926 4989 tlictis
972 4927 1257 4985 elementis
1286 4920 1607 4977 edidicerint
1660 4933 1829 4972 unum
1885 4918 2126 4985 cpitieem
2181 4930 2321 4981 esse,

770 5026 1034 5078 docentur
1077 5018 1295 5071 demum
1345 5011 1710 5080 evangelicum
1753 5010 1921 5077 legem
1956 5022 1969 5071 ;
2006 5007 2073 5059 ita
2118 5016 2174 5060 ut
2210 5022 2326 5059 om—

772 5119 921 5169 nium
973 5110 1211 5182 gentium
1258 5106 1451 5161 animae
1501 5105 1565 5157 ad
1609 5101 1891 5155 veritatem
1929 5109 2326 5152 convertamur.

778 5202 1153 5258 Testimonium
1228 5196 1441 5250 Domini
1515 5193 1665 5263 ﬁdele
1686 5191 2000 5260 sapientiam
2078 5198 2331 5256 privatum

773 5295 1026 5361 parvulis.
1079 5290 1469 5345 Testimonium
1529 5288 1733 5341 scilicet
1782 5286 1925 5353 quod
1982 5282 2046 5335 de
2105 5297 2163 5335 se
2219 5282 2306 5350 ipsi

2424 5275 2559 5343 ρίου
2630 5266 2811 5332 πιστὴ
2893 5259 3223 5329 σοφίζοινσα
3295 5253 3507 5320 νήπια.

780 5386 1026 5439 Salvator
1054 5380 1323 5445 reddidit;
1356 5388 1406 5432 et
1439 5398 1449 5431 :
1486 5376 1595 5447 Ego
1618 5375 1712 5429 lux
1752 5375 1805 5427 in
1847 5371 2096 5424 mundum
2126 5371 2236 5427 veni
2259 5371 2332 5435 ¹³;

779 5486 833 5529 et
871 5492 884 5527 :
916 5470 1024 5540 Ego
1052 5485 1115 5522 ex
1155 5468 1317 5523 Patre
1351 5468 1487 5522 exivi
1533 5476 1580 5519 et
1624 5464 1769 5518 venio
1803 5462 1885 5526 “;
1932 5469 1985 5514 et
2019 5477 2031 5512 :
2075 5458 2182 5528 Ego
2216 5475 2327 5511 sum

782 5566 890 5619 vita
937 5562 999 5611 ’⁸.

853 5697 896 5727 ²¹
948 5691 1103 5747 Rom.
1138 5709 1174 5761 ι,
1212 5691 1300 5746 20.

1396 5692 1439 5723 ³³
1485 5688 1637 5743 Joan.
1677 5702 1773 5751 λιι,
1803 5684 1889 5740 46.
1968 5683 2014 5714 ’⁵
2055 5680 2207 5737 Joan.
2238 5698 2345 5748 xu,
2380 5680 2468 5735 ‘28.

2428 4536 2564 4607 μετά
2583 4549 2725 4593 τινος
2742 4526 3104 4595 εὐαρμοστεας
3130 4518 3415 4586 ποιεῖσθαι,
3441 4520 3586 4590 δηλοῖ
3598 4517 3690 4571 τοῦ
3719 4516 3962 4589 προστάτ-

2423 4645 2603 4690 τοντος
2634 4625 2731 4694 τὴν
2764 4621 3006 4690 δύναμιν.

2507 4722 2558 4773 Ὀ
2581 4723 2761 4787 νόμος
2790 4716 3005 4782 Kvplov
3021 4713 3251 4781 ἄμωμος
3272 4706 3637 4775 ἐπιστρέφων
3664 4703 3883 4772 ψυχάς.
3915 4702 3961 4751 Ὀ

2427 4809 2775 4879 εὐαγγελικὸς
2794 4805 3052 4875 δηλονότι.
3097 4804 3183 4865 Ὠς
3212 4801 3308 4871 ἠδη
3352 4799 3409 4851 δὲ
3453 4796 3558 4851 ἀπὸ
3589 4795 3692 4848 τῶν
3728 4807 3963 4864 προειρη-

2434 4906 2607 4977 μένων
2644 4899 2918 4970 στοιχείων
2945 4892 3452 4964 παιδαγωγηθέντες
3479 4890 3527 4941 οἱ
3556 4886 3614 4950 ἐξ
3652 4886 3838 4977 ὲθνῶν,
3882 4885 3963 4977 ἕνα

2432 4973 2566 5049 εἶναι
2594 4992 2684 5045 τὸν
2718 4987 3043 5060 δημιουργὸν
3076 5026 3090 5050 ,
3139 4983 3479 5037 διδάσκονται
3522 4976 3703 5031 λοιπὸν
3752 4976 3842 5029 καὶ
3888 4973 3963 5024 τὸν

2430 5084 2780 5156 εὐαγγελικδν
2808 5082 2991 5150 νόμον,
3038 5079 3111 5139 ὼς
3167 5074 3259 5127 καὶ
3307 5070 3626 5141 ἐπιστρέψαι
3674 5068 3780 5119 τῶν
3818 5063 3964 5118 ἐθνῶν

2430 5182 2680 5236 ἀπάντων
2707 5174 2802 5235 τὰς
2835 5170 3007 5241 ψυχὰς
3039 5172 3116 5230 εἰς
3139 5164 3411 5235 ἀληθειαν.
3454 5161 3516 5215 Ἠ
3531 5159 3821 5230 μαρτυρία
3865 5158 3963 5208 Κυ-

3582 5253 3682 5302 ’Ὴν
3744 5252 3766 5302 ὲ
3777 5266 3846 5319 μα
3855 5244 3965 5316 ρτύ-

2438 5336 2599 5436 ρησεν
2635 5360 2760 5429 περὶ
2793 5353 2983 5409 ἑαυτοῦ
3017 5352 3043 5401 ὁ
3073 5346 3391 5417 Μονογενὴς
3414 5343 3474 5396 τό
3498 5358 3512 5372 ·
3571 5338 3716 5409 Ἐγὼ
3761 5337 3879 5436 gibt;
3897 5336 3967 5391 εἷς

2436 5429 2540 5508 τόν
2590 5453 2819 5518 κόσμον
2872 5444 3174 5510 ἐλήλυθα’
3239 5438 3351 5500 καὶ,
3399 5434 3547 5504 Ἐγὼ
3610 5434 3677 5485 ἐκ
3718 5429 3822 5483 τοῦ
3866 5433 3964 5518 Πα-

2436 5546 2570 5613 τρός
2607 5516 2884 5609 ἐξῆλθον,
2916 5538 3007 5589 καὶ
3049 5534 3203 5602 ἥκω·
3260 5531 3375 5594 καὶ,
3436 5525 3574 5595 Ἐγώ
3616 5527 3725 5593 ειμι
3761 5524 3797 5588 ἡ
3850 5516 3966 5588 ζου-ᾗ.

2568 5678 2608 5709 ’⁸
2650 5674 2801 5729 Joan.
2834 5688 2941 5737 xw,
2972 5669 3024 5724 6.
