4102 6304
178 348 276 403 125
1324 355 1684 413 EXl’OSlTIO
1721 358 1786 412 IN

1784 359 1786 409 ζ
1826 358 2152 417 PSALMUM
2188 360 2324 415 MS.
3302 361 3404 423 126

246 465 586 540 [Σοφίζουσα
618 472 808 541 νήπια,
848 470 1137 541 βεϐαιοῦσα
1172 472 1296 535 τοὺς
1324 475 1681 541 ἀποστόλους,
1711 478 1741 547 ἦ
1774 483 1817 536 Α

1786 483 1817 536 Α
1921 480 2073 551 [Quae
2104 481 2401 535 infantibus
2420 481 2737 550 sapientiam
2764 481 2967 545 tribuo,
2985 480 3260 550 apostolos
3276 497 3406 537 con-

178 556 339 625 νήπια
366 559 492 622 τοὺς
520 561 577 611 ὲν
611 560 831 630 Χριστῷ
864 562 1186 631 γενομένους
1212 562 1436 631 νηπίους
1478 565 1610 631 φησὶ
1645 565 1737 614 καὶ

1848 576 2027 636 flrmo,
2062 586 2153 629 aut
2193 592 2288 645 per
2319 573 2554 630 infantes
2590 572 2836 642 intelligit
2856 588 2953 628 eos
2982 574 3074 643 qui
3104 575 3154 626 in
3184 572 3401 627 Christo

176 648 431 718 σφῳνας,
458 651 553 703 καὶ
578 653 705 715 τοὺς
732 651 1051 723 ἀνθρώπους
1083 651 1273 721 σοφίας
1307 654 1582 723 ἀπείρους.
1614 652 1632 724 ]

1847 666 2085 721 infantes
2110 667 2364 731 evadunt,
2390 673 2485 718 aut
2525 665 2768 729 insanos,
2803 664 3158 733 hominesque
3190 664 3409 732 sapien-

1851 755 1935 809 tiw
1959 776 1988 809 e
2028 766 2227 825 pcrtes.
2252 751 2271 825 ]

246 865 429 920 Daniel
459 866 728 924 Barbarus
753 884 771 921 :
803 868 1190 924 Testimonium
1218 869 1320 924 hoc
1353 868 1694 939 imperfectos
1718 873 1978 941 parvulos
2012 881 2066 927 et
2089 869 2251 925 rudes
2276 868 2493 923 instruit
2516 875 2571 921 et
2596 866 2867 936 sapientes
2896 866 3089 921 reddit.

246 980 326 1034 Τὰ
352 977 707 1048 δικαιώματα
730 982 946 1049 Κυρίου
970 981 1143 1035 εὐθέα
1163 982 1557 1050 εὐφραίνοντα
1596 1000 1737 1049 καρ-

1910 988 1963 1041 9.
2008 983 2429 1051 Justiﬁcationes
2456 978 2668 1033 Domini
2694 992 2844 1033 recta:
2869 978 3191 1047 lmti/icantes
3215 980 3397 1034 corda.

174 1071 325 1125 δίαν.
374 1073 520 1124 Ἀντὶ
546 1071 661 1133 τοῦ,
694 1072 1030 1142 ήδικαίωσις
1064 1075 1096 1143 ὴ
1128 1074 1392 1143 γενομένη
1421 1075 1477 1125 ὲν
1511 1078 1575 1143 τῇ
1608 1076 1735 1143 ὴμε⁹

1837 1079 1891 1133 ld
1918 1089 2021 1145 est,
2056 1075 2371 1147 justificatio
2396 1074 2447 1126 in
2473 1072 2681 1141 judicio
2703 1081 2893 1125 nostro
2924 1070 3081 1124 facta.
3117 1068 3249 1123 Nam
3272 1086 3397 1125 cum

173 1160 301 1230 τέρᾳ
330 1158 528 1229 κρίσει.
570 1158 774 1226 Κρίνας
802 1158 909 1229 γὰρ
947 1159 1101 1229 ἡμῶν
1127 1159 1224 1229 τὴν
1267 1159 1467 1229 κρίσιν,
1515 1158 1735 1223 ἐξέϐαλε

1836 1170 1903 1223 de
1941 1183 2105 1222 causa
2141 1165 2410 1235 judicaret
2439 1170 2644 1224 nostra,
2677 1160 2834 1228 ejecit
2868 1160 3164 1229 principem
3194 1158 3397 1226 szeculi,

175 1251 258 1303 τὸν
288 1251 520 1320 ἄρχοντα
556 1249 648 1301 τοῦ
692 1249 905 1315 αἰῶνος,
940 1250 1115 1313 διδοὺς
1160 1252 1289 1320 ἡμῖν
1318 1250 1653 1321 εὐφροσύνην
1678 1252 1734 1301 ἐν

1838 1257 2080 1312 tribuens
2111 1252 2269 1307 nobis
2313 1250 2553 1305 laetitiam
2596 1249 2661 1302 in.
2695 1248 2877 1302 corde.
2923 1247 3251 1318 Prwceptum
3296 1247 3399 1301 Do-

176 1341 382 1411 καρδίᾳ.
438 1343 497 1396 Ἠ
530 1342 747 1409 ἐντολὴ
796 1343 1013 1408 Κυρίου
1057 1340 1355 1409 τηλαυγὴς
1402 1339 1736 1410 φωτίζουσα

1838 1348 1967 1399 mini
2014 1344 2245 1397 lucidum
2288 1340 2592 1394 illuminam
2630 1339 2854 1405 oculos;
2900 1340 3097 1395 mentis
3140 1340 3394 1394 nimirum

174 1434 531 1501 ὀφθαλμούς.
588 1434 723 1495 Τοὺς
767 1434 865 1503 τῆς
914 1433 1150 1495 διανοίας
1202 1435 1362 1502 φησιν
1420 1432 1727 1501 ὀφθαλμοὺς

1207 1435 1362 1502 φησὶν
1420 1432 1727 1501 ὀφθαλμοὺς
1833 1440 2041 1504 oculos,
2066 1437 2279 1491 eminus
2308 1433 2489 1487 radios
2512 1431 2827 1486 immittens.

175 1523 446 1594 πόρρωθεν
474 1524 569 1594 τὴν
604 1523 774 1594 αὐγὴν
811 1524 1224 1594 ἀναπέμπουσα.

230 1638 424 1692 Daniel
445 1639 713 1693 Barbarus
743 1658 759 1693 :
784 1640 979 1696 Mentis
1007 1643 1288 1707 nimirum,
1321 1643 1521 1697 docens
1549 1643 1825 1710 quomodo
1866 1639 2246 1692 universorum
2277 1634 2388 1688 Deo
2420 1633 2703 1689 serviatur.

248 1733 309 1787 '0
358 1737 541 1803 φόϐος
578 1736 795 1802 Κυρίου
840 1734 1022 1803 ἁγνὸς
1069 1736 1360 1806 διαμένων
1402 1740 1489 1801 είς
1536 1736 1725 1790 αἰῶνα
1758 1749 1798 1803 Β

1772 1749 1798 1801 3
1907 1735 2000 1788 10.
2045 1731 2224 1785 Timor
2261 1729 2474 1783 Domini
2506 1740 2684 1782 castus
2717 1742 3022 1796 permanens
3060 1728 3113 1779 in
3143 1726 3392 1781 saxulum

172 1822 393 1890 αἰῶνος.
439 1827 527 1888 Ὠς
560 1828 694 1897 πρὸς
725 1824 1123 1897 ἀντιδιαστολὴν
1158 1828 1249 1879 τοῦ
1298 1827 1518 1897 νομικοῦ
1560 1826 1723 1896 φόϐου

1831 1824 2038 1880 δαισαίί.
2072 1821 2237 1887 Quasi
2271 1822 2337 1875 ad
2360 1819 2716 1873 differentiam
2746 1818 2933 1889 legalis
2963 1818 3172 1873 timoris
3212 1828 3395 1874 castus

170 1915 223 1966 τὸ
254 1920 530 1969 τοιοῦτονο
581 1918 785 1979 ἐκεῖνος
833 1917 940 1986 γὰρ
982 1916 1268 1987 κολαστής.
1316 1916 1500 1987 Ἦμῶν
1536 1918 1725 1983 ἁγνεία

1829 1918 2061 1972 dicitur:
2095 1914 2183 1969 ille
2201 1912 2344 1967 enim
2381 1926 2596 1981 pinnam
2630 1911 2924 1980 spectabat.
2946 1910 3019 1980 (6)
3045 1910 3277 1966 Castitas
3292 1928 3392 1967 au-

172 2007 307 2058 ἰστὶν
340 2007 752 2077 ἁμαρτημάτων
789 2009 989 2078 ἀποχὴ.
1027 2007 1117 2059 Διὸ
1150 2009 1240 2060 καὶ
1273 2009 1433 2075 ἁγνὸς
1459 2007 1669 2077 εἴρηται
1698 2011 1725 2060 ό

1831 2017 1936 2061 tem
1962 2016 2045 2061 est
2078 2005 2403 2060 abstinentia
2444 2019 2473 2056 a
2511 2004 2763 2072 peccatis.
2792 2001 2971 2068 Quare
3010 2013 3194 2058 castus
3233 2007 3394 2059 timor

171 2096 346 2162 φόϐος,
374 2097 449 2159 ὼς
479 2098 676 2163 ἁγνοὺς
708 2097 874 2150 ποιῶν
899 2114 912 2128 ⁸
947 2097 1026 2167 τῷ
1061 2097 1168 2169 γὰρ
1194 2098 1341 2167 φόϐῳ
1374 2100 1596 2168 Κυρίου,
1623 2116 1725 2168 φη-

1828 2099 2049 2165 dicitur,
2084 2097 2231 2167 quod
2254 2106 2434 2152 castos
2476 2095 2671 2150 efIiciat
2703 2112 2716 2149 :
2752 2110 2874 2148 nam
2910 2111 3019 2163 pra:
3054 2096 3249 2150 timore
3286 2096 3394 2151 Do-

171 2186 263 2249 ci‘tv,
287 2185 521 2238 ἐκκλίνει
548 2204 629 2249 τις
662 2188 767 2240 ἀπὸ
806 2187 994 2242 κακοῦ.
1027 2190 1250 2251 Αξώνιος
1280 2189 1334 2241 δὲ
1378 2189 1451 2241 ὣν
1481 2191 1509 2240 ό
1542 2188 1723 2258 φόϐος,

1836 2190 1969 2244 mini
2008 2188 2242 2243 declinat
2279 2188 2403 2257 quis
2450 2202 2481 2241 a
2526 2187 2689 2240 malo.
2736 2183 2995 2241 Eternus
3041 2196 3222 2242 autem
3265 2204 3390 2243 cum

169 2279 219 2328 ὲν
247 2272 328 2340 οἷς
362 2276 426 2329 ἂν
452 2278 673 2348 γένηται
707 2282 801 2333 καὶ
837 2282 1029 2344 αὐτοὺς
1058 2282 1307 2344 αἰωνίους
1342 2282 1503 2335 ποιεῖ.

1832 2283 1905 2338 sit
1931 2281 2111 2347 timor,
2144 2288 2373 2335 aeternos
2397 2280 2526 2334 item
2562 2278 2723 2333 efﬁcit
2754 2294 2895 2348 quos
2930 2280 3245 2351 ingreditur.

239 2370 342 2420 Ἐν
369 2366 448 2432 τῷ
480 2370 823 2438 φυλάσσειν
855 2373 1006 2427 αὐτὰ
1051 2376 1453 2442 ἀνταπόδοσις
1499 2376 1719 2443 πολλή.

1904 2378 1992 2430 12.
2024 2375 2089 2431 In
2116 2375 2472 2429 custodiendis
2516 2372 2623 2427 illis
2652 2374 2927 2425 retributio
2970 2374 3158 2426 multa.
3187 2373 3391 2429 Merccs

166 2456 362 2519 Μισθὸς
400 2457 509 2528 γὰρ
543 2458 785 2529 φυλακῆς
803 2462 1010 2528 γίνεται
1050 2462 1087 2516 ἂ
1115 2465 1417 2533 ὀφθαλμὸς
1442 2469 1551 2519 οὐκ
1574 2463 1716 2529 οἶδε,

1826 2471 2025 2541 quippe
2055 2470 2414 2524 observantiae
2437 2476 2564 2521 sunt
2586 2483 2707 2536 qua:
2738 2466 2930 2521 oculus
2970 2482 3076 2521 non
3102 2468 3253 2532 vidit,
3292 2483 3392 2521 nec

165 2546 255 2599 καὶ
279 2542 390 2614 οὖς
432 2550 544 2601 οὐκ
574 2548 823 2615 ἤκουσε,
854 2554 951 2606 καὶ
985 2554 1081 2608 ἐπὶ
1113 2555 1365 2624 καρδίαν
1407 2557 1717 2625 ἀνθρώπου

1660 2575 1717 2610 νυ
1823 2564 1971 2617 auris
2002 2562 2344 2624 audivit,nec
2377 2560 2429 2613 in
2451 2576 2545 2614 eor
2576 2560 2811 2615 hominis
2834 2561 3195 2615 ascenderunt
3217 2562 3280 2613 ".

164 2640 266 2692 οὺκ
299 2640 505 2708 ἀνέϐη.

228 2758 427 2826 Adjicit
460 2760 648 2814 Daniel
674 2760 942 2814 Barbarus
966 2777 982 2813 :
1008 2760 1121 2816 Non
1154 2772 1234 2817 est
1255 2763 1414 2831 igitur
1444 2764 1561 2818 sine
1588 2763 1741 2818 lucro
1774 2761 1987 2815 illorum
2002 2758 2379 2818 observantia:
2408 2759 2606 2813 etenim
2636 2759 2837 2813 multas
2866 2768 2919 2813 et
2948 2760 3203 2830 pulchras
3226 2764 3353 2817 retri

163 2846 405 2903 butiones
433 2849 613 2904 habet.
653 2848 919 2906 Hactenus
948 2861 1124 2906 autem
1159 2851 1224 2906 de
1259 2853 1459 2921 pietate
1504 2852 1783 2907 disseruit.
1814 2848 1950 2903 llinc
1980 2848 2251 2917 percurrit
2277 2862 2398 2916 qua:
2427 2847 2491 2901 ad
2517 2847 2740 2916 justitia'
2774 2848 3299 2905 administrationem
3329 2853 3383 2906 in

163 2942 423 3007 homines,
447 2952 499 2997 et
520 2943 658 3012 juris
694 2947 957 3000 actionem
1000 2955 1266 3017 spectant,
1304 2947 1478 3018 deque
1524 2948 1777 3002 humanis
1807 2945 2017 3000 delictis
2051 2945 2159 3011 agit
2188 2961 2201 2997 :
2234 2954 2453 3011 peccata
2492 2944 2684 2998 dividit
2710 2945 2762 2999 in
2799 2961 2861 3000 ea
2892 2962 3014 3015 qua:
3036 2948 3303 3015 consulto,
3332 2959 3386 3003 et

160 3035 209 3086 in
239 3050 299 3089 ea
326 3052 447 3106 qua:
479 3054 585 3093 non
620 3051 811 3110 sponte
841 3043 995 3108 fiunt,
1029 3052 1085 3098 et
1115 3058 1182 3097 ex
1211 3042 1296 3097 his
1324 3043 1428 3097 alia
1450 3060 1513 3097 ex
1546 3041 1932 3105 imbecillitate,
1966 3038 2069 3091 alia
2101 3052 2165 3090 ex
2186 3038 2527 3102 necessitate,
2558 3038 2662 3092 alia
2691 3053 2755 3093 ex
2784 3054 2966 3094 errore
2998 3040 3152 3094 fiunt.

221 3148 367 3222 [Kal
399 3155 509 3222 γὰρ
538 3158 570 3208 ό
590 3154 806 3222 δοῦλός
834 3173 948 3210 σου
969 3158 1271 3225 φυλάσσει
1317 3157 1490 3213 αὑτά.
1534 3158 1590 3211 '0
1622 3176 1714 3227 μυ-
1740 3162 1780 3218 C

1763 3162 1780 3218 ς
1896 3153 2133 3226 [Etenim
2170 3170 2346 3207 serrus
2381 3164 2500 3205 tuus
2547 3154 2778 3206 custodit
2815 3171 2896 3207 ea.
2937 3153 3038 3220 Qui
3073 3157 3383 3223 evangelica

158 3243 524 3313 σταγωγηθεὶς
556 3245 631 3315 τῷ
664 3246 999 3317 εὐαγγελικῷ
1027 3247 1173 3317 νόμῳ
1201 3248 1318 3311 νέος
1355 3248 1503 3311 λαὸς,
1532 3249 1625 3300 καὶ
1646 3247 1712 3300 τὰ

1812 3245 1928 3315 lege
1956 3245 2199 3299 imbutus
2223 3254 2308 3298 est
2339 3243 2571 3312 populus
2594 3259 2791 3307 novus,
2816 3246 2906 3314 qui
2932 3246 3136 3315 judicia
3173 3264 3299 3305 vera
3323 3267 3381 3306 se

155 3336 391 3407 κρίματα
418 3339 647 3407 ἀληθινὰ
678 3340 959 3407 φυλάττειν
1008 3342 1195 3408 εἰπὼν,
1249 3342 1415 3413 εὐχὴν
1468 3343 1712 3413 ἀναπέμ-

1812 3336 2085 3391 custodire
2120 3335 2272 3396 dicit,
2316 3347 2507 3403 preces
2554 3333 2752 3399 fundit,
2785 3349 2842 3389 ut
2881 3346 2931 3390 et
2964 3340 3133 3395 animi
3169 3343 3375 3413 cogita-

154 3444 260 3489 πει,
283 3430 377 3480 καὶ
409 3430 501 3480 τὸν
548 3429 689 3481 κατά
716 3430 952 3485 διάνοιαν
983 3432 1239 3503 λογισμὸν
1269 3433 1506 3504 καθαρὸς
1554 3436 1707 3505 εὑρε-

1813 3427 2049 3480 tionibus
2075 3441 2244 3495 purns
2277 3424 2738 3493 deprehendatur,
2763 3426 2828 3482 ab
2852 3432 3204 3501 externisque
3228 3433 3380 3488 simi-

152 3518 306 3571 Oiwat
333 3519 593 3583 ὡσαύτως
621 3525 712 3574 καὶ
734 3522 841 3575 τῶν
864 3524 1019 3586 ἐκτὸς
1063 3525 1322 3595 ρυσθῆναι
1356 3526 1639 3595 δαιμόνων.
1664 3525 1685 3597 ]

1063 3525 1322 3595 ρυσθῆναι
1356 3525 1685 3597 δαιμόνιοι]
1813 3519 1933 3572 liter
1966 3516 2308 3571 dzemonibus
2347 3513 2656 3587 liberetur.]

314 3614 419 3678 εις
445 3612 511 3664 τὸ
553 3612 744 3679 τέλος,
779 3617 1083 3668 rumor
1113 3616 1191 3680 τῷ
1226 3616 1423 3668 Δαυτδ.
1456 3616 1565 3669 ιε’.

1534 3616 1565 3669 ’,
2017 3606 2055 3660 l.
2089 3606 2148 3660 In
2178 3607 2363 3673 ﬁnem,
2398 3605 2738 3663 PSALMUS
2764 3609 3154 3666 Davidi.XIX.

781 3706 793 3722 '
809 3706 1115 3772 Υπόθεσις.

2409 3699 2813 3767 Argumentum.

145 3793 374 3861 Λέγεται
410 3794 509 3864 μὲν
534 3797 562 3847 ὁ
584 3795 794 3866 ψαλμδς
818 3797 891 3860 ὡς
924 3800 986 3851 ἐκ
1013 3796 1302 3869 προσώπου
1331 3798 1438 3851 τῶν
1470 3800 1596 3870 περὶ
1616 3799 1707 3854 τὸν

1808 3780 2017 3837 Dicitur
2044 3785 2131 3839 hic
2166 3787 2409 3855 psalmus
2460 3799 2718 3859 tanquam
2764 3807 2827 3846 ex
2869 3808 3102 3861 persona
3140 3793 3374 3849 familia-

209 3885 374 3938 Δαυῖδ
398 3886 645 3956 ἑταίρων,
682 3888 828 3958 αὑτῷ
870 3888 947 3959 τῷ
994 3888 1152 3942 Δαυῖδ
1177 3890 1557 3960 ἐπευχομένων
1588 3908 1706 3943 ποι-

1876 3875 2015 3927 rium
2047 3876 2216 3944 ipsius
2248 3875 2462 3932 Davidis
2485 3920 2500 3944 ,
2536 3881 2629 3949 qui
2671 3882 2773 3950 ipsi
2825 3881 3009 3937 Davidi
3042 3886 3371 3939 sacrificium

205 3973 357 4025 οὖντι
404 3973 615 4027 θυσίαν.
670 3975 1021 4046 Ἀναφέρεται
1063 3976 1119 4027 δὲ
1171 3978 1264 4029 καὶ
1294 3980 1371 4040 είς
1419 3979 1705 4049 πρόσωπον

1876 3963 2121 4018 offerenti
2171 3964 2307 4019 bene
2362 3980 2673 4034 precantur.
2726 3970 2981 4025 Refertur
3039 3989 3256 4042 quoque
3302 3977 3368 4027 ad

204 4062 316 4114 τῶν
363 4063 694 4131 ἀποστόλων,
742 4067 815 4129 ὠς
867 4068 923 4119 ὲν
970 4067 1153 4138 ἡμέρᾳ
1190 4068 1284 4120 τοῦ
1336 4070 1565 4140 σταυροῦ
1610 4074 1704 4142 ρη-

1877 4071 2163 4124 personam
2226 4058 2616 4125 apostolorum,
2653 4062 2810 4129 quasi
2851 4078 2913 4115 ea
2962 4064 3078 4132 ipsa
3124 4065 3211 4118 die
3240 4080 3368 4134 pro-

205 4151 410 4214 θέντος,
1881 4150 2160 4203 nuntiatus
2185 4166 2293 4218 qua
2325 4152 2474 4205 cruci
2512 4150 2775 4207 Dominus
2812 4156 3001 4209 aflixus
3032 4167 3134 4210 est.

214 4244 588 4298 Ἐπακούσαι
626 4262 739 4299 σου
788 4250 820 4299 ό
850 4249 1065 4314 Κύριος
1092 4250 1161 4303 ἐν
1204 4249 1390 4318 ἡμέρᾳ
1422 4253 1695 4319 θλίψεως.

1867 4240 1921 4294 9..
1982 4239 2253 4293 Exaudiat
2306 4252 2355 4294 te
2416 4242 2672 4298 Dominus
2730 4247 2783 4299 in
2832 4247 2915 4300 die
2961 4249 3367 4305 tribulationis:

136 4332 473 4404 Προστεθείη
515 4350 626 4387 σοι’
657 4335 961 4390 Examinat
996 4353 1090 4401 σε,
1130 4339 1358 4406 φυλάξαι
1393 4356 1470 4392 σε.
1529 4341 1697 4405 Ἐξα-

1529 4341 1697 4405 Ὲξα-
1802 4331 1941 4385 adsit
1970 4333 2067 4385 tibi
2099 4349 2112 4385 :
2142 4342 2380 4403 protegat
2410 4345 2478 4401 te,
2522 4336 2573 4391 id
2601 4348 2703 4402 est,
2734 4340 3005 4395 custodiat
3044 4350 3116 4397 te.

133 4427 453 4478 ποστείλαι
492 4441 590 4478 σοι
622 4426 911 4493 ,βοήθειαν
964 4428 1030 4491 ἐξ
1079 4429 1269 4497 ἁγίου,
1319 4431 1414 4483 καὶ
1449 4431 1515 4483 ἐκ
1548 4431 1699 4485 Σιὼν

1883 4424 1937 4478 3.
1984 4423 2162 4477 Millal
2192 4425 2285 4480 tibi
2313 4430 2575 4481 auxilium
2595 4430 2657 4482 de
2681 4442 2943 4495 sancto,“
2972 4435 3034 4485 de
3068 4435 3194 4488 Sion
3218 4445 3366 4489 tuea-

130 4516 511 4570 ἀντιλάϐοιτό
535 4532 669 4571 σου.
702 4518 860 4585 Λέγοι
901 4518 944 4571 δ’
984 4518 1048 4571 ἂν
1085 4518 1253 4573 ταῦτα
1300 4522 1435 4592 πρὸς
1471 4521 1567 4592 τὴν
1605 4522 1697 4575 τοῦ
1734 4509 1750 4563 1

1742 4509 1776 4562 η
1804 4524 1891 4565 tur
1930 4523 1996 4567 te.
2032 4512 2156 4569 Haec
2228 4516 2293 4570 ad
2356 4518 2783 4573 consolationem
2846 4522 3024 4574 animo
3068 4524 3362 4581 deficientis

129 4605 475 4677 ἀθυμοῦντος
517 4607 865 4678 παραμυθίαν
911 4608 943 4679 ἢ
994 4611 1022 4662 ὁ
1065 4611 1383 4681 ἐνυπάρχων
1438 4614 1504 4681 τῇ
1552 4610 1695 4683 ψυχῇ

1796 4604 2026 4660 fortasse
2052 4605 2250 4661 dixerit
2272 4606 2504 4662 Verbum
2542 4612 2761 4680 quodin
2793 4614 2970 4669 anima
3002 4617 3231 4683 exsistit,
3268 4628 3362 4673 aut

130 4698 325 4765 Λόγος,
365 4699 399 4768 ἢ
430 4699 491 4750 τὸ
524 4700 675 4766 ἆγιον
712 4698 951 4769 Πνεῦμα.
998 4700 1174 4771 Εὒχῆς
1201 4701 1257 4754 δὲ
1284 4702 1365 4753 δεῖ
1402 4701 1481 4771 τῷ
1522 4702 1697 4755 θλιϐο-

1800 4695 2036 4765 Spiritus
2085 4709 2329 4754 sanctus.
2386 4699 2708 4759 Precatione
2758 4716 2939 4760 autem
2983 4725 3122 4777 opus
3169 4712 3217 4763 ei
3264 4714 3357 4781 qui

130 4789 297 4858 μένῳ.
336 4791 435 4842 καὶ
457 4790 549 4842 τοῦ
580 4791 652 4861 μὴ
682 4790 1001 4845 καταϐαλεῖν
1025 4792 1120 4855 τὰς
1146 4792 1362 4856 ἐλπίδας
1387 4810 1399 4822 ·
1424 4792 1563 4845 οὕτω
1587 4794 1695 4863 γὰρ

1795 4790 2033 4858 angitur,
2092 4806 2192 4845 nec
2246 4793 2546 4849 amittenda
2595 4813 2740 4867 spes,
2791 4800 2872 4853 sic
2936 4815 3169 4872 namque
3218 4802 3358 4859 Deus

125 4875 254 4940 Θεὸς
290 4881 530 4949 ἐπήκοος
564 4880 791 4946 γίνεται.
870 4871 914 4883 ““

719 4897 791 4934 αι.
870 4871 874 4875 “
900 4877 914 4883 “
1793 4880 2024 4934 efIicitur
2051 4884 2339 4952 propitius.

204 4971 716 5041 ‘Aralltaadpcﬂa
751 4973 848 5025 ἐπὶ
888 4972 965 5037 τῷ
1007 4973 1274 5041 σωτηρίῳ
1315 4987 1449 5028 σου.
1510 4974 1685 5044 Σωτή-

1861 4970 1913 5023 6.
1943 4969 2261 5025 Laztabimui
2296 4978 2350 5027 in
2398 4975 2629 5029 salutari
2663 4986 2770 5031 tuo.
2807 4977 3055 5034 Salutare
3092 4980 3267 5037 Patris
3300 4985 3351 5037 in

126 5082 233 5131 ριος
255 5064 360 5117 τοῦ
391 5066 599 5136 Πατρὸς
620 5069 677 5118 ὲν
706 5068 891 5137 κόσμῳ
917 5070 943 5120 ό
975 5066 1116 5130 Υἱός·
1144 5068 1405 5139 σωτήριον
1432 5068 1526 5124 τοῦ
1554 5068 1681 5135 Υἱοῦ

1554 5068 1681 5135 Υῑρῦ
1793 5062 1996 5117 mundo
2022 5062 2191 5118 Filius
2225 5084 2239 5119 :
2271 5066 2511 5123 salutare
2546 5067 2666 5123 Filii
2696 5071 2747 5123 in
2774 5073 2978 5126 mundo
3004 5090 3155 5128 crux.

120 5156 174 5204 ἐν
202 5156 408 5225 κόσμῳ
437 5157 465 5207 ὁ
502 5157 749 5223 σταυρός.

188 5241 208 5313 [
234 5244 751 5313 Ἁταλλιασόμεθα
803 5247 871 5299 ἐν
904 5246 981 5312 τῷ
1007 5249 1275 5315 σωτηρίῳ
1306 5262 1441 5303 σου.
1475 5250 1547 5303 Τὸ
1576 5266 1680 5303 σω-

1865 5243 2291 5315 [Exsultabimur
2334 5250 2389 5303 in
2429 5251 2654 5305 salutari
2688 5263 2795 5307 tuo.
2840 5253 3117 5321 Salutare,
3152 5258 3346 5327 inquit,

120 5332 330 5401 τήριον,
376 5334 558 5402 φησὶν,
594 5332 621 5384 ὃ
654 5332 882 5397 δέδωκας
917 5335 993 5406 τῷ
1037 5335 1356 5408 ἀνθρωπίνῳ
1388 5339 1551 5409 γένει,
1594 5340 1681 5395 διὰ

1788 5336 1931 5406 quod
1948 5339 2138 5394 dedisti
2152 5340 2387 5395 humano
2404 5344 2603 5411 generi,
2624 5360 2717 5412 per
2736 5355 2881 5399 tuam
2898 5352 3345 5406 resurrectionem

117 5427 212 5492 τῆς
239 5425 347 5493 σῆς
382 5424 727 5487 ἀναστάσεως
758 5428 886 5477 πᾶσι
916 5428 1144 5498 φανερὸν
1182 5428 1577 5503 κατέστησας.]

1789 5427 2041 5485 omnibus
2081 5431 2424 5491 manifestum
2454 5434 2648 5491 fecisti.
2674 5434 2762 5491 Sic
2794 5437 2984 5493 Daniel
3020 5440 3341 5510 Barbarus.)

183 5562 229 5593 "
276 5558 457 5616 lCor.
488 5577 524 5615 Il
582 5562 635 5614 9.

190 5694 267 5766 (6)
306 5694 435 5753 Haec
475 5699 659 5752 Daniel
694 5699 957 5757 Barbarus
983 5706 1066 5760 tril
1092 5706 1167 5761 uit
1195 5704 1433 5779 Origeni.
