4102 6304
708 338 807 392 127

778 451 829 505 7.
860 449 1080 518 Impleat
1115 450 1364 505 Dominus
1397 467 1572 505 omnes
1612 453 1884 521 petitiones
1943 461 2082 506 tuas.
2133 451 2263 518 Qua:
2292 458 2339 515 Α

707 552 861 598 erant
890 544 1174 611 petitiones
1200 582 1215 607 ,
1247 544 1371 608 nisi,
1430 543 1597 597 Pater
1641 553 1841 605 sancte,
1891 561 2040 597 serva
2069 560 2155 598 eos
2204 544 2267 598 de

710 641 903 688 mundo
929 635 971 666 ⁸⁷
996 634 1018 687 ?
1044 633 1226 687 Palam
1258 644 1435 688 autem
1462 645 1544 688 est
1576 635 1643 689 de
1669 636 2015 689 credentibus
2056 634 2110 688 in
2141 651 2265 689 eum

708 727 836 780 dici.
869 724 998 796 [Aut
1036 724 1288 778 Davitlem
1347 734 1441 779 aut
1487 725 1773 780 Ezechiam
1827 727 1980 789 dicit,
2029 736 2267 797 tempore

710 817 916 870 scilicet
950 815 1294 870 sacerdotum
1335 824 1389 869 et
1416 832 1624 885 regum,
1662 825 1756 869 aut
1788 826 2006 885 propter
2048 831 2268 871 meono-

711 907 871 959 thiam
913 904 1124 957 Domini
1160 906 1457 959 secundum
1481 921 1720 967 carnem,
1755 916 1809 958 et
1838 914 2054 974 propter
2089 921 2268 958 resur-

711 996 999 1050 rectionem
1031 1014 1045 1061 ;
1079 1004 1173 1049 aut
1204 996 1329 1066 quia
1363 996 1521 1050 nobis
1546 996 1771 1051 salutem
1799 1000 2127 1061 consecutis,
2154 998 2267 1065 ipse

711 1088 937 1141 salutem
977 1089 1221 1141 obtinere
1244 1088 1462 1149 dicitur,
1496 1090 1589 1157 qui
1628 1098 1682 1142 et
1705 1104 1891 1143 curam
1922 1090 2150 1157 hujusce
2179 1090 2270 1143 ha-

710 1177 878 1241 bebit,
912 1194 1034 1231 cum
1073 1195 1238 1231 unum
1277 1194 1477 1247 corpus
1507 1180 1697 1233 simus.
1732 1178 2095 1245 Quamobrem
2124 1195 2267 1233 nunc

711 1272 874 1325 dicit:
928 1269 985 1323 lu
1038 1271 1290 1341 prmsenti
1334 1272 1532 1340 quippe
1576 1271 1957 1341 cognoscimus
1989 1271 2265 1325 Christum

710 1364 937 1417 salutem
971 1372 1209 1427 nactum,
1241 1363 1369 1431 quia
1404 1363 1527 1417 inde
1559 1378 1658 1417 nos
1706 1373 1905 1415 nostra:
1955 1362 2149 1431 pignus
2182 1376 2269 1415 sa-

711 1456 840 1509 ltttis
871 1457 1191 1525 accipimus.
1226 1454 1416 1509 Salvos
1445 1463 1626 1509 autem
1662 1454 1843 1508 iecisti
1891 1469 1989 1507 nos
2032 1469 2127 1522 per
2161 1453 2271 1506 vir—

710 1558 876 1601 tutam
892 1550 1123 1601 dexterar
1141 1547 1553 1601 tua}.De\'tcram
1573 1547 1709 1599 dixit
1726 1548 2143 1615 opcra,virtutcs
2166 1562 2272 1599 tua-

714 1653 871 1707 guas,
898 1640 1161 1691 auxilium
1191 1657 1204 1692 :
1231 1649 1325 1692 aut
1348 1638 1529 1691 divina
1560 1637 1713 1706 signa
1740 1637 1983 1705 praadicit
2007 1652 2035 1689 a
2054 1636 2270 1691 Christo

712 1729 1125 1801 etlcnzla.]Ntmc
1148 1731 1357 1800 cognori
1378 1731 1627 1799 quoniam
1649 1730 1849 1782 salvum
1874 1730 1996 1798 fecit
2018 1728 2269 1782 Dominus

713 1823 981 1876 Christum
1010 1840 1184 1886 suum,
1213 1832 1398 1892 utpote
1416 1825 1527 1891 jam
1552 1821 1888 1875 illuminatus
1903 1837 1995 1891 per
2014 1821 2271 1889 Spiritum

714 1922 958 1968 sanctum
973 1915 1116 1969 circa
1132 1930 1192 1967 ea
1211 1930 1332 1984 qua:
1356 1913 1810 1968 resurrectionem
1841 1921 2107 1982 spectant.

2310 1809 2349 1862 Β

787 2088 855 2145 In
886 2092 1239 2159 potentatibus
1270 2092 1459 2146 salutis
1482 2093 1711 2146 dextera:
1736 2106 1872 2160 ejus.
1901 2088 2163 2150 Salutem,
2199 2087 2278 2141 itt-

716 2185 855 2252 quit,
890 2183 1051 2237 nobis
1080 2184 1270 2237 tribuit
1297 2199 1522 2253 magnas
1548 2183 1775 2236 virtutes
1800 2192 2074 2251 operatus.
2104 2181 2277 2251 Opera

719 2290 955 2344 namque
1007 2274 1096 2329 hic
1150 2274 1422 2342 signiﬁcat
1466 2289 1533 2329 eo
1566 2273 1713 2343 quod
1769 2274 1998 2328 virtutes
2046 2274 2279 2327 dexterae

722 2367 1113 2422 accedentibus
1145 2368 1404 2437 porrigat.
1433 2364 1559 2438 [Il|i,
1592 2366 1788 2434 inquit,
1818 2366 1903 2419 his
1925 2364 2113 2418 conﬁsi
2138 2365 2279 2418 ceci-

719 2460 959 2513 derunt:
999 2473 1099 2511 nos
1149 2466 1327 2511 autem
1368 2458 1421 2509 in
1455 2456 1676 2510 nomine
1716 2455 1927 2509 Domini
1978 2455 2145 2509 armis
2194 2455 2278 2507 in-

720 2550 933 2612 structi,
953 2550 1179 2604 salutent
1208 2548 1350 2601 nacti
1380 2546 1619 2619 sttmus.]
1645 2546 1927 2600 Dexteram
1957 2547 2043 2600 hic
2065 2561 2280 2615 quoque

724 2644 962 2696 humano
1008 2656 1159 2695 more
1198 2640 1468 2711 loquendo
1512 2648 1671 2694 vocat.
1711 2640 1950 2695 divinam
2001 2640 2277 2708 operatio-

722 2748 869 2786 nem.

792 2825 844 2879 8.
874 2823 947 2878 Hi
974 2825 1027 2878 in
1056 2825 1320 2886 curribus,
1351 2832 1399 2876 et
1425 2824 1479 2875 Ιιὶ
1518 2823 1571 2874 in
1598 2822 1761 2891 equis.
1787 2820 2276 2886 Quemadmodum,

723 2936 845 2979 cum
879 2918 1128 2972 lsi-uelem
1161 2918 1391 2985 eriperet
1422 2932 1451 2969 a
1475 2915 1820 2969 sensihilibus
1851 2914 2117 2985 Aﬂgypt'u's
2155 2930 2279 2968 cur-

715 3029 818 3067 ‘tus
851 3012 1153 3066 Pharaonis
1200 3020 1254 3064 ct
1284 3012 1534 3064 virtutem
1576 3008 1693 3077 ejus
1720 3008 1947 3077 projeeit
1989 3008 2041 3060 in
2088 3022 2274 3060 mare:

725 3106 799 3159 ita
826 3122 947 3161 cum
978 3115 1144 3159 totmn
1176 3104 1454 3158 hominum
1492 3119 1661 3172 genus
1690 3102 1940 3155 liberaret
1971 3114 1999 3152 a
2028 3099 2280 3167 spiritua-
2306 3141 2347 3197 Ο

724 3198 868 3253 libus
907 3198 1192 3270 Egyptiis,
1223 3211 1417 3251 currus
1444 3195 1717 3248 contrivit.

796 3292 879 3346 10.
918 3290 1159 3354 Domine,
1195 3289 1397 3341 soluunt
1438 3287 1524 3356 [ac
1552 3301 1740 3355 regem.
1797 3281 2029 3336 Proinde
2073 3290 2279 3335 tantum

728 3385 870 3438 nacti
928 3384 1332 3454 patrocinium,
1388 3380 1761 3448 supplicamus
1819 3376 1959 3438 tibi,
2018 3374 2280 3437 Domine,

726 3487 787 3530 ut
816 3492 939 3532 Clllll
993 3490 1123 3537 nos,
1181 3484 1293 3528 tum
1352 3489 1442 3527 rex
1480 3481 1665 3527 noster
1723 3485 1788 3523 (ΞΟ
1847 3468 2092 3522 fruantur
2144 3466 2303 3541 assi-.

727 3569 851 3622 due.
914 3656 938 3710 1
983 3653 1061 3717 In
1094 3656 1269 3720 linem,
1312 3649 1648 3709 PSALJIIUS
1682 3649 1892 3703 Davidi.
1926 3645 2031 3701 XX

1307 3750 1343 3801 Α
1356 3755 1702 3816 rgumentum.

729 3839 885 3896 Hunc
907 3854 1123 3910 quoque
1148 3840 1414 3908 psalmum
1454 3838 1604 3907 prius
1635 3833 1923 3888 memorati
1954 3830 2115 3886 amici
2144 3830 2287 3899 regis

799 3932 1075 3986 offerunt:
1120 3940 1375 3997 tauquam
1410 3930 1622 3980 Isctaute
1661 3926 1753 3978 illo
1784 3925 1928 3993 quod
1974 3939 2041 3977 ex
2082 3922 2290 3976 semine

800 4025 973 4095 ipsius
1026 4032 1275 4076 exortum
1334 4020 1538 4073 mundo
1596 4018 1667 4071 sit
1713 4017 1967 4070 salutare.
2017 4012 2130 4065 lloc
2176 4020 2292 4064 erat;

800 4118 944 4172 enim
982 4115 1225 4184 quodex
1277 4114 1460 4166 animo
1510 4109 1871 4179 peroptabat,
1915 4106 2143 4173 darique
2189 4102 2291 4156 sibi

800 4212 1033 4265 maxime
1054 4208 1410 4276 supplicabat.
1440 4203 1594 4269 Quod
1624 4202 1712 4255 uhi
1740 4214 2059 4254 concessum
2082 4196 2290 4257 luisset,

803 4303 1007 4356 factum
1051 4300 1152 4368 ipsi
1195 4306 1279 4352 est
1318 4312 1416 4351 ceu
1460 4309 1658 4349 corona
1684 4292 1928 4361 quaedam
1958 4305 2022 4343 ex
2058 4287 2293 4358 pretioso

810 4393 985 4462 lapide
1003 4390 1269 4453 couiccm,
1289 4404 1393 4459 qua
1419 4395 1581 4455 caput
1603 4391 1894 4437 exornaret
1920 4397 2098 4435 suum.
2125 4378 2292 4431 David

801 4489 945 4540 cnim
988 4484 1127 4553 apud
1161 4498 1351 4536 omnes
1376 4489 1559 4550 gentes
1585 4492 1708 4531 cum
1736 4473 1965 4529 Domino
2001 4485 2102 4525 suo
2127 4479 2289 4537 atque
2321 4478 2365 4532 ο

806 4579 913 4632 lilio
947 4576 1243 4631 secundum
1271 4587 1512 4636 carnem,
1547 4568 1801 4622 laudibus
1834 4564 2157 4618 celebratur.
2185 4558 2291 4615 Ne-

801 4683 907 4737 que
957 4680 1157 4721 coroua
1210 4671 1418 4717 tantum
1460 4661 1563 4713 fuit
1602 4659 1676 4711 illi
1709 4658 1813 4711 hoc
1846 4655 2129 4716 salutare;
2182 4653 2292 4704 imo

799 4761 962 4815 etiam
1008 4760 1135 4813 vita.
1175 4766 1229 4811 et
1258 4754 1589 4810 diuturnitas
1634 4746 2059 4810 incolumitatis,
2096 4745 2289 4815 gloria,

803 4850 1224 4919 magniﬁcentia,
1255 4848 1457 4908 hctitia,
1493 4843 1773 4914 gaudium,
1820 4856 1943 4910 spes
1973 4847 2028 4894 et
2078 4838 2294 4892 miseri-

803 4942 989 4997 cordia
1020 4954 1294 5007 nunquam
1326 4946 1547 4989 nutans.

802 5036 857 5088 2.
887 5032 1123 5093 Domine,
1153 5032 1204 5083 in
1229 5030 1419 5083 rirtute
1457 5036 1547 5079 tua
1584 5024 1855 5078 (relabitur
1888 5037 1998 5077 rex.

807 5183 858 5235 7.
890 5182 1153 5247 Quoniam
1189 5178 1337 5233 dabis
1370 5193 1487 5231 eum
1517 5178 1571 5228 in
1615 5175 2023 5229 benedictionem
2053 5172 2108 5224 in
2137 5187 2299 5226 saecu-

738 5278 845 5329 lum
885 5275 1086 5329 swculi.
1119 5271 1175 5325 In
1204 5272 1478 5334 outnihus,
1505 5269 1702 5338 inquit,
1736 5265 2175 5336 generationibus
2216 5278 2297 5317 cc-

738 5370 905 5425 lebris
937 5379 989 5421 et
1014 5366 1308 5437 praeclarus
1337 5365 1458 5425 erit,
1494 5363 1635 5431 quod
1675 5370 1877 5413 tantam
1909 5368 2015 5412 ate
2044 5356 2296 5411 ﬁduciam

741 5460 1030 5531 acceperit.
1082 5456 1214 5511 Nam
1268 5457 1419 5519 illttd,
1453 5472 1570 5508 cum
1605 5452 1749 5507 vultu
1795 5461 1883 5504 tuo
1906 5492 1919 5514 ,
1955 5449 2115 5502 vertit
2150 5446 2301 5518 Sym-

743 5555 991 5613 machus,
1028 5550 1167 5619 apud
1200 5549 1396 5603 cultum
1428 5557 1594 5600 tuum.
1636 5543 1843 5599 Lcetitia
1888 5542 2087 5611 itaque,
2119 5539 2215 5601 ait,
2248 5546 2299 5592 et

816 5730 858 5762 ³⁷
882 5726 1033 5782 Joan.
1069 5744 1197 5793 xrtt,
1238 5727 1315 5779 Η.

1507 338 1564 392 S.
1607 335 1980 392 ATHANASII
2026 336 2177 393 OPP.
2227 338 2407 393 PARS
2449 338 2540 393 Ill.
2572 371 2638 382 --
2675 339 3085 396 EXEGETICA.

3816 339 3905 398 128

2434 456 2745 523 Πληρὼσαι
2774 457 2985 524 Κύριος
3006 453 3201 509 πάντα
3231 453 3299 507 τὰ
3322 452 3610 520 αἰτήματά
3632 468 3769 508 σου.
3796 453 3912 508 Τίνα

2372 540 2440 614 ἦν
2460 545 2527 598 τὰ
2553 546 2840 615 αἰτήματα,
2864 547 2896 615 ἢ
2925 546 3003 608 τὸ,
3035 544 3223 612 Πάτερ
3255 543 3400 612 ἅγιε,
3425 543 3692 609 τήρησον
3709 545 3912 607 αὐτοὺς

2371 636 2439 689 ὲκ
2472 637 2576 689 τοῦ
2608 640 2873 705 necuim);
2904 637 3068 706 Δῆλον
3094 636 3179 699 δὲ,
3208 637 3289 688 ὃτι
3316 636 3440 698 τους
3466 635 3816 698 πεττεύοντας
3850 639 3911 695 εἰς

2372 727 2551 779 αὐτόν.
2594 725 2699 797 [Ἢ
2727 729 2814 780 τὸν
2836 728 3047 798 Δαυῖδῆ
3076 728 3165 780 τὸν
3198 727 3441 791 Ἐζεκίαν
3461 744 3473 755 ·
3501 729 3583 795 ἐφ’
3615 727 3803 797 ἱερέων
3825 728 3915 797 γὰρ

2371 821 2464 873 καί
2493 820 2781 889 βασιλέων,
2816 819 2847 889 ἢ
2880 820 2965 873 διὰ
2993 821 3089 889 τὴν
3120 819 3257 871 κατὰ
3293 818 3467 888 σάρκα
3498 818 3588 870 τοῦ
3623 819 3826 890 Κυρίου
3852 821 3915 870 οἱ·

2372 911 2621 979 κονομίαε.
2650 912 2739 963 καὶ
2768 912 3084 965 ἁνάστασιψ
3118 909 3149 979 ἢ
3186 910 3279 961 καὶ
3303 912 3381 962 ὅτι
3411 908 3727 978 σωζομένων
3755 909 3913 978 ἡμῶν,

2374 1000 2533 1065 αύτὶις
2565 1004 2709 1070 λέγει
2736 1001 3034 1064 σώζεσθαι,
3073 995 3133 1053 οὗ
3174 1002 3265 1053 καὶ
3298 1000 3515 1071 μελήσει
3559 1001 3653 1069 μὲν
3690 999 3919 1069 σώματος

2372 1095 2518 1157 ὄντες
2556 1094 2690 1157 ἑνός.
2746 1094 2836 1147 Διό
2863 1096 2954 1147 καὶ
2981 1095 3074 1147 νῦν
3107 1091 3283 1147 εἶπεν·
3352 1095 3439 1145 Ἐν
3470 1094 3574 1165 γάρ
3606 1092 3683 1162 τῷ
3712 1094 3919 1163 παρόντι

2373 1186 2707 1255 γινώσκομεν
2756 1185 3057 1253 σωζόμενον
3088 1184 3176 1237 τὸν
3206 1184 3437 1255 Χριστὸν
3457 1224 3470 1247 ,
3506 1185 3581 1251 τῷ
3613 1183 3920 1236 άπεντεῦθεν

2374 1277 2664 1349 oppansa»):
2692 1280 2836 1347 ἡμᾶς
2864 1276 3108 1345 δέχεσθαι
3144 1276 3434 1347 σωτηρίας.
3490 1277 3737 1338 Ἔσωσας
3771 1275 3825 1328 δὲ
3848 1275 3921 1327 διὰ

2372 1370 2471 1438 τῆς
2495 1369 2807 1431 δυναστείας
2841 1369 2936 1437 τῆς
2960 1368 3138 1431 δεξιᾶς
3173 1386 3285 1420 σου.
3350 1366 3538 1431 Δεξιὶιν
3565 1368 3662 1431 τὰς
3693 1367 3921 1437 πράξεις,

2373 1459 2471 1521 τὰς
2522 1457 2758 1528 μεγάλας
2799 1457 3089 1526 δυνάμεις,
3134 1456 3229 1527 τὴν
3264 1456 3508 1527 βοήθειαν
3542 1456 3741 1508 εἰπών.
3787 1456 3923 1527 ﬁt“

2378 1548 2700 1620 θεοσημείας
2754 1551 3133 1619 προαναφωνεῖ
3182 1548 3274 1600 τοῦ
3324 1546 3624 1620 Χριστοῦ.]
3690 1548 3818 1602 Νῦν
3844 1548 3925 1615 ἑγ-

2374 1658 2526 1704 νων,
2580 1642 2667 1692 ὅτι
2719 1643 2911 1694 ἔσωσε
2941 1642 3152 1717 Κύριος
3182 1640 3289 1693 τὸν
3319 1641 3573 1708 Χριστὸν
3612 1641 3829 1704 αὑτοῦ,
3863 1641 3927 1703 ὡς

2376 1732 2475 1801 ήδη
2528 1732 2952 1803 φωταγωγηθεὶς
2983 1733 3068 1785 διὰ
3108 1732 3201 1784 τοῦ
3236 1731 3546 1803 Πνεύματος
3576 1733 3648 1785 τὰ
3685 1731 3929 1803 περὶτῆς

2375 1821 2741 1884 ἀναστάσεως.

2444 2094 2539 2147 Ἐν
2557 2094 2935 2160 δυναστείαις
2958 2092 3062 2162 τῆς
3079 2094 3372 2160 σωτηρίας
3395 2092 3503 2159 τῆς
3515 2091 3719 2158 δεξιᾶς
3736 2092 3933 2147 αὑτοῦ.

2378 2182 2621 2237 Ἔσωσεν
2651 2187 2832 2255 ἡμᾶς,
2865 2186 2995 2255 φησὶ
3020 2224 3035 2247 ,
3070 2184 3327 2254 δυνάμεις
3359 2183 3598 2254 μεγάλας
3631 2183 3936 2253 ἐργασάμε-

2375 2292 2482 2337 νος.
2554 2274 2663 2337 Τὰς
2693 2274 2919 2345 πράξεις
2947 2274 3054 2346 γὰρ
3082 2275 3315 2329 ἐνταῦθα
3349 2274 3601 2345 σημαίνει
3625 2273 3715 2327 διὰ
3738 2273 3837 2336 τὰς
3860 2273 3939 2326 δε-

2377 2362 2495 2429 ξιὰς
2536 2364 2792 2434 δυνάμεις
2828 2367 2939 2427 τοῖς
2978 2364 3291 2436 προσιοῦσιν
3345 2364 3575 2434 ὀρέγειν.
3667 2363 3686 2436 [
3724 2365 3941 2417 Ἐκεῖνοι

2379 2456 2495 2525 μὲν,
2529 2457 2680 2525 φησι,
2714 2456 3027 2519 πεποιθότες
3054 2456 3146 2507 ἐπὶ
3172 2454 3399 2519 τούτοις,
3435 2456 3656 2507 ἔπεσον·
3685 2458 3847 2525 ἡμεῖς
3867 2454 3941 2517 δὲ,

2377 2548 2434 2599 ὲν
2470 2547 2689 2617 ὀνόματι
2716 2547 2917 2617 Κυρίου
2948 2545 3420 2616 καθωπλισμένοι,
3450 2545 3757 2615 ἐσώθημεν.
3857 2548 3944 2597 Δε-

2377 2637 2495 2703 eam
2529 2638 2586 2690 δὲ
2618 2638 2781 2691 πάλιν
2812 2637 3046 2690 ἐνταῦθα
3077 2637 3429 2707 ἀνθρωπίνως
3469 2631 3589 2688 εἶπε
3612 2676 3627 2700 ,
3674 2636 3774 2706 τὴν
3803 2636 3945 2689 θείαν

2377 2727 2545 2790 οὕτως
2570 2728 2850 2799 ὀνομάζων
2878 2729 3173 2800 ἐνέργειαν.

2458 2818 2631 2887 οὗτοι
2662 2821 2731 2872 ἐν
2759 2820 3001 2887 ἅρμασι,
3042 2818 3139 2871 καὶ
3170 2813 3335 2873 οὗτοι
3373 2816 3443 2871 ἐν
3484 2817 3707 2883 ἵπποις.
3741 2820 3949 2889 ’Ὠσπερ

2376 2914 2482 2968 τῶν
2508 2911 2776 2982 αἰσθητῶν
2805 2912 3114 2980 Αἰγυπτίων
3149 2909 3335 2973 σώζων
3362 2908 3453 2962 τὸν
3494 2908 3708 2980 Ἰσραὴλ
3727 2952 3741 2972 ,
3782 2912 3952 2981 ἅρμα-

2376 3022 2445 3057 τα
2469 3001 2665 3074 Φαραὼ
2698 3004 2791 3054 καὶ
2824 3002 2921 3072 τὴν
2951 3001 3176 3070 δύναμιν
3208 3002 3371 3053 αὑτοῦ
3400 3003 3618 3074 ἔρριψεν
3650 3005 3730 3065 εἰς
3759 3002 3953 3056 θάλασ-

2382 3113 2513 3159 σαν,
2564 3094 2705 3147 οὔτω
2734 3093 2827 3145 καὶ
2872 3092 3087 3145 πάντων
3120 3092 3418 3163 ἀνθρώπων
3469 3093 3654 3157 σώζων
3691 3092 3756 3146 τὸ
3804 3093 3956 3162 γένος

2380 3188 2488 3240 τῶν
2520 3186 2723 3257 νοητῶν
2754 3185 3084 3253 Αἰγυπτίων,
3122 3184 3405 3256 συνέτριψε
3438 3184 3506 3237 τὰ
3538 3185 3783 3255 ἅρματα.

2453 3280 2648 3345 Κύριε,
2682 3278 2888 3331 σῶσον
2917 3276 3021 3329 τὸν
3056 3277 3338 3341 βασιλέα.
3374 3276 3657 3346 Τοιγάρτοι
3686 3274 3957 3342 τοσαύτης

2382 3370 2785 3431 ἀπολαύσαντες
2817 3368 3149 3437 ἀντιλήψεως
3176 3368 3505 3438 ἱκετεύομεν,
3543 3368 3793 3420 Δέσποτα
3816 3407 3832 3432 ,
3866 3366 3958 3417 καὶ

2384 3465 2528 3533 ἡμᾶς
2556 3462 2748 3522 αὐτοὺς
2776 3460 2868 3512 καὶ
2893 3460 2983 3512 τὸν
3007 3461 3271 3530 ἡμέτερον
3298 3459 3517 3529 βασιλέα
3542 3458 3747 3530 ταύτης
3789 3474 3959 3529 μετα-

2384 3552 2670 3622 λαγχάνειν
2698 3549 2979 3619 διηνεκῶς.

2596 3644 2697 3705 Εὶς
2724 3637 2895 3702 τέλος
2914 3678 2929 3702 ,
2970 3640 3273 3691 ΨΑΛΜΟΣ
3300 3634 3379 3700 τῷ
3408 3634 3605 3689 Δαυΐδ.
3645 3638 3701 3689 Κ
3712 3634 3747 3687 ’.

3008 3728 3021 3747 '
3034 3728 3337 3791 Υπόθεσις.

2388 3823 2495 3876 Καὶ
2529 3821 2715 3901 τοῦτον
2740 3822 2831 3875 τὸν
2868 3820 3082 3892 ψαλμὸν
3107 3823 3155 3873 οἱ
3189 3817 3618 3892 προδηλωθέντες
3641 3818 3855 3891 ἑταῖροι
3876 3816 3967 3871 τοῦ

2460 3914 2721 3984 βασιλέως
2752 3914 3193 3983 ἁναπέμπουσιν,
3228 3912 3301 3974 ὡς
3340 3910 3438 3981 ἤδη
3471 3908 3633 3963 αὑτοῦ
3671 3911 3968 3981 εὐφραινο-

2465 4006 2623 4075 μένου
2654 4006 2740 4058 διὰ
2771 4008 2827 4058 τὸ
2854 4008 2916 4058 ἐκ
2939 4005 3248 4075 σπέρματος
3274 4001 3436 4054 αὑτοῦ
3462 4002 3869 4069 γεγεννημένον
3893 4000 3971 4069 τῷ

2461 4099 2647 4168 κόσμῳ
2683 4100 2965 4170 σωτήριον.
3019 4097 3187 4149 Τοῦτο
3232 4094 3339 4165 γὰρ
3376 4089 3441 4164 ἦν
3464 4094 3491 4146 ὃ
3520 4093 3801 4164 ,ἐπεθύμει
3832 4094 3973 4148 κατᾶ

2460 4189 2656 4260 ψυχὴν,
2683 4191 2775 4241 καὶ
2805 4190 2979 4241 ἐδέετο
3012 4188 3213 4240 λαϐεῖν.
3248 4188 3422 4257 Ὅπερ
3447 4186 3537 4239 καὶ
3564 4185 3719 4238 δοθὲν
3744 4186 3975 4254 γέγονεν

2460 4282 2606 4351 αύτῴ
2630 4276 2718 4333 οἷά
2740 4298 2821 4342 τις
2858 4280 3115 4347 στέφανος
3143 4282 3204 4330 ἐκ
3228 4276 3375 4331 λίθου
3401 4278 3577 4347 τιμίου
3602 4277 3703 4347 τὴν
3726 4278 3975 4346 κεᾳαλὴν

2459 4371 2693 4437 δοξάζων
2718 4388 2730 4399 ·
2791 4369 3069 4434 δοξάζεται
3121 4368 3227 4439 γὰρ
3264 4369 3318 4419 ἐν
3354 4370 3485 4420 πᾶσι
3518 4370 3627 4429 τοῖς
3686 4368 3905 4420 ἔθνεσιν
3951 4371 3978 4418 ὁ

2458 4462 2620 4516 Δαυῖδ
2666 4462 2802 4533 μετὰ
2843 4462 2934 4513 τοῦ
2980 4460 3185 4530 Κυρίου
3231 4458 3423 4511 ἑαυτοῦ
3468 4459 3557 4511 καὶ
3591 4459 3711 4511 υἱοῦ
3739 4462 3805 4513 τὸ
3840 4460 3979 4512 κατα

2465 4555 2664 4618 σάρκα.
2725 4554 2799 4605 Οὐ
2836 4552 2991 4622 μόνον
3021 4551 3076 4603 δὲ
3103 4551 3358 4619 στέφανος
3386 4550 3531 4619 αύτῴ
3559 4551 3753 4617 γέγονε
3783 4550 3847 4602 τὸ
3878 4567 3980 4602 σω-

2462 4648 2677 4715 τήριον,
2714 4645 2847 4698 ἀλλὰ
2882 4644 2975 4696 καὶ
3008 4643 3151 4711 ζωὴ,
3182 4643 3275 4695 καὶ
3313 4642 3801 4713 μακροημέρευσις
3824 4683 3839 4704 ,
3889 4642 3984 4695 καὶ

2466 4735 2614 4798 δόξα,
2638 4735 2731 4787 καὶ
2768 4732 3226 4803 μεγαλοπρέπεια,
3256 4730 3349 4784 καὶ
3382 4730 3713 4801 εὐφροσύνη.
3756 4734 3857 4786 καὶ
3885 4751 3982 4803 χει-

2469 4827 2557 4897 ρὰ,
2594 4827 2686 4880 καὶ
2721 4825 2896 4888 ἐλπὶς,
2924 4825 3018 4877 καὶ
3050 4823 3195 4886 ἕλεος
3226 4823 3283 4875 οὐ
3317 4821 3698 4892 σαλευρμενον.

2463 4998 2678 5063 Κύριε,
2733 4996 2803 5048 ἐν
2832 4994 2909 5062 τῇ
2963 4993 3207 5062 δυνάμει
3260 5010 3375 5047 σου
3415 4993 3911 5061 εὐφρανθήσεται
3957 4997 3990 5047 ό

2389 5089 2540 5151 βασι
2560 5086 2706 5150 ἱεύς.

2468 5180 2586 5229 Ὅτι
2616 5176 2770 5243 eum
2796 5174 2954 5240 αὐτῷ
2979 5173 3261 5241 εὐλογίαν
3285 5174 3369 5237 εἰς
3387 5170 3569 5225 αἰῶνα
3602 5172 3859 5238 αἰῶνος.
3904 5174 3995 5228 ’ἓν

2396 5270 2655 5331 άπάσαις,
2676 5268 2963 5337 φησ“ι,ταῖς
2994 5266 3203 5332 γενεαῖς
3237 5263 3475 5333 ἀοίδιμος
3509 5262 3657 5315 ἔσται
3688 5262 3794 5315 καὶ
3823 5264 3992 5316 πολυ-

2397 5360 2720 5431 θρύλλητος,
2749 5357 3016 5426 τοσαύτην
3053 5353 3297 5424 ἐσχηκὼς
3330 5355 3479 5425 παρὰ
3513 5352 3606 5405 σοῦ
3637 5355 3994 5427 παρρησίαν.

2397 5453 2469 5505 Τὸ
2502 5452 2610 5522 γὰρ
2638 5453 2787 5519 μετὰ
2810 5450 2914 5503 τοῦ
2956 5447 3278 5517 προσώπου
3307 5464 3444 5509 σου,
3480 5442 3640 5511 παρὰ
3671 5444 3761 5509 τῷ
3798 5459 3997 5512 προσ-

2396 5542 2533 5607 ώπῳ
2576 5557 2691 5596 σου
2719 5580 2733 5606 ,
2792 5540 3035 5594 τέθεικεν
3067 5541 3093 5591 ὁ
3124 5538 3431 5608 Σύμμαχος.
3479 5534 3853 5607 Εὐφροσύνην
3886 5537 4001 5591 τοί-
