4102 6304
163 359 246 411 129

1245 353 1602 409 EXPOSITIO
1640 352 1705 408 lN
1746 352 2075 411 PSALMUM
2103 355 2220 410 XX.

3276 360 3376 414 130

160 491 234 526 νυν
257 471 386 538 ἔξει,
422 473 574 542 φησὶ,
612 473 704 524 καὶ
736 473 954 542 διηνεκῆ
989 471 1250 542 θυμηδίαν
1277 472 1370 524 τοῦ
1400 472 1687 545 προσώπου

1815 473 2088 542 voluptate
2119 473 2376 526 aliieietur
2409 474 2589 528 vultus
2616 473 2716 536 lui,
2753 474 2804 527 id
2839 483 2944 537 est,
2984 485 3131 527 tuam
3183 476 3373 528 nactus

155 563 382 617 τουτέῖτι
405 565 504 632 τῆς
541 563 641 631 σῆς
667 563 949 630 εὐμενείας
970 564 1266 634 τυγχάνων.
1302 565 1481 617 Αἴτιον
1509 565 1565 618 δὲ
1588 564 1707 616 τού-

152 673 240 708 των
265 654 414 724 αύτῴ
447 655 636 721 γέγονε
666 656 726 707 τὸ
757 657 846 708 ἐπὶ
874 657 954 707 σοὶ
985 655 1316 708 πεποιθέναι.
1377 655 1707 723 Εὑρρανεῖς

150 748 318 800 αὑτὸν
351 749 419 799 ἐν
448 745 601 815 χαρᾷ
626 748 774 815 μετὰ
803 747 906 800 τοῦ
939 748 1258 815 προσώπου
1284 766 1419 802 σου.
1485 749 1703 817 Προσω-

153 855 233 891 πον
259 837 352 890 τού
378 840 590 908 [ἰατρὸς
621 839 648 888 ὁ
677 839 816 900 Υἱός.
846 839 905 890 '0
924 837 1427 906 ἐ;·)ρα)ιὼς,.φησ“ιν,
1457 838 1579 901 ἑιιὲ,
1606 837 1707 890 ἑώ-

149 947 271 994 ρακε
300 931 405 981 τὼ·
439 930 688 997 Πατέρα.
752 929 901 982 Μετὰ
938 930 1126 982 τούτου
1159 930 1544 1001 εὐφραίνεσθαι
1584 930 1704 983 κατ’

148 1022 354 1090 ούρινὸν
384 1022 460 1084 ὼς
485 1023 844 1091 νυμφαγωγοὶ
872 1021 1005 1092 μετὰ
1037 1021 1128 1073 τού
1157 1022 1388 1090 νυμφίου
1421 1022 1699 1092 μέλλομεν.

209 1112 331 1165 Ὀτι
363 1117 395 1166 ό
434 1114 734 1177 βασιλεὺς
761 1111 976 1172 ἐλπίζει
1004 1112 1104 1165 ἐπὶ
1131 1114 1379 1180 Κύριον,
1403 1114 1498 1164 καὶ
1527 1113 1594 1164 ἑν
1627 1111 1705 1176 τῷ

151 1203 300 1257 ἐλέει.
353 1205 632 1274 Κρείττων
664 1204 780 1255 ἐστὶ
808 1205 911 1256 τῶν
941 1204 1316 1272 πολεμούντων
1350 1204 1446 1272 τῆς
1483 1203 1580 1272 σῆς
1611 1205 1702 1272 χὰ-

151 1309 274 1362 ριτος
307 1291 613 1344 ἀπολαύων.
664 1291 944 1345 Ἀπολαύει
970 1291 1024 1344 δὲ
1049 1291 1252 1362 ταύτης
1276 1291 1574 1361 ἀνθρώπων
1607 1292 1699 1360 μὲν

149 1385 301 1437 οὐδενὶ
328 1383 545 1454 θαρρῶν
565 1424 578 1445 ,
613 1387 676 1453 τῇ
709 1384 762 1436 δὲ
801 1386 864 1454 σῇ
907 1383 1078 1436 ἐλπίδι
1108 1383 1384 1453 χρώμενος
1422 1382 1576 1454 μόνῃ.

207 1476 484 1540 [ἐρ’-μεθείη
535 1475 572 1540 ἠ
622 1474 750 1542 χείρ
787 1489 902 1526 σου
936 1472 1082 1525 πᾶσι
1131 1472 1252 1537 τοῖς
1300 1471 1532 1540 ἐχθροῖς
1564 1487 1697 1524 σου.

156 1567 229 1627 'ﬂ;
263 1565 396 1635 πρὸς
439 1564 599 1616 αὺτὸν
632 1564 721 1616 τὸν
752 1565 951 1635 Κύριον
983 1566 1010 1615 6
1050 1563 1206 1630 λόγος
1233 1562 1320 1615 διὰ
1350 1562 1420 1615 τὰ
1448 1563 1702 1631 γεγονότα

149 1661 246 1711 κατ’
277 1656 439 1709 αὑτοῦ
477 1656 627 1726 παρὰ
656 1656 747 1708 τού
796 1655 1060 1709 Ἰουδαίων
1093 1654 1244 1708 λαοῦ.

205 1747 386 1819 [Λέγει
412 1747 488 1810 δὲ,
512 1748 594 1799 ὃτι
616 1745 869 1817 θηρεύσει
897 1747 1022 1808 τοὺς
1045 1745 1486 1816 ἁμαρτήσαντας.
1510 1745 1570 1797 Εἰ
1591 1747 1699 1815 γὰρ

1811 567 2264 620 benevolentiam.
2292 564 2496 619 Horum
2533 581 2661 620 vero
2695 567 2745 619 in
2777 583 2941 620 causa
2975 566 3073 620 fuit
3101 567 3202 634 ipsi
3229 567 3371 635 quod

1810 657 1903 711 tibi
1939 657 2241 710 conﬁderit.
2273 655 2597 724 Lmti/icabis
2628 672 2744 710 eum
2779 658 2830 708 in
2857 658 3050 726 gaudio
3080 673 3192 708 cum
3229 654 3375 708 cultu

1810 757 1918 802 tuo.
1954 748 2143 802 Vultus
2166 748 2340 802 l'atris
2363 760 2445 802 est
2477 748 2645 801 Filius
2674 768 2686 802 :
2716 749 2816 812 Qui
2845 749 2972 800 vidit
3000 765 3098 806 me.
3120 748 3214 809 ait,
3244 746 3372 800 vidit

1806 852 1852 895 et
1885 841 2098 894 Patrem
2148 858 2316 894 meum
2342 842 2404 894 ’⁸.
2435 841 2570 895 Cum
2606 842 2696 895 illo
2726 841 2965 895 futurum
3017 851 3073 894 ut
3119 841 3172 892 in
3233 839 3372 893 caelo

1807 934 2068 999 laetemur,
2103 934 2250 987 velut
2280 934 2468 1003 sponsi
2499 935 2815 987 deducturos
2853 949 2972 987 cum
3001 934 3118 999 ipso
3149 948 3367 1001 sponso.

1877 1026 1928 1078 8.
1957 1025 2218 1091 Quoniam
2245 1042 2333 1078 rex
2369 1037 2541 1092 sperat
2567 1027 2618 1077 in
2654 1024 2894 1088 Domino,
2927 1033 2972 1076 et
3000 1025 3051 1075 in
3084 1024 3371 1076 misericor-

1805 1119 1916 1182 dia,
1951 1129 2055 1171 etc.
2090 1118 2349 1186 Superior
2366 1119 2572 1172 scilicet
2595 1127 2677 1171 est
2706 1118 2974 1179 hostihus,
2999 1127 3146 1168 tuam
3179 1125 3368 1170 nactus

1806 1212 2055 1277 gratiam.
2078 1207 2146 1261 lia
2175 1219 2354 1261 autem
2377 1209 2573 1260 h'uitur
2598 1208 2729 1260 nulli
2757 1209 3040 1261 hominum
3067 1206 3365 1269 conlidens,

1805 1301 1900 1353 sed
1931 1300 1984 1353 in
2027 1309 2079 1354 te
2120 1302 2296 1354 solum
2331 1314 2480 1368 spem
2513 1299 2808 1351 collocans.

1873 1470 1924 1524 9.
1969 1468 2278 1522 Inveniatur
2321 1482 2506 1519 manus
2550 1477 2642 1518 tua
2685 1465 2924 1517 omnibus
2968 1464 3199 1518 inimicis
3237 1464 3361 1517 tuis.

1804 1559 1929 1616 Haec
1980 1563 2044 1614 ad
2100 1562 2274 1629 ipsum
2319 1558 2607 1610 Dominum
2661 1559 2929 1626 pertinere
2979 1557 3251 1625 videntur,
3296 1555 3366 1612 ob

1803 1655 1941 1708 mala
1979 1669 2007 1707 a
2032 1652 2262 1706 Judaieo
2287 1651 2485 1720 populo
2519 1650 2660 1703 illata
2694 1649 2816 1718 ipsi.

1872 1747 1984 1817 [Ait
2021 1757 2199 1801 autem
2235 1761 2292 1798 se
2339 1743 2494 1813 quasi
2531 1752 2726 1796 venatu
2785 1752 3070 1810 capturum
3125 1751 3364 1812 peccato-

147 1840 194 1890 ἐν
221 1839 292 1908 τῷ
320 1838 572 1910 τηροῦντι
599 1838 698 1900 τὰς
727 1837 943 1900 ἐντολὰς
974 1838 1006 1908 ἡ
1034 1837 1219 1906 ἀγάπη
1250 1835 1344 1888 τοῦ
1373 1835 1506 1888 Θεοῦ
1532 1837 1693 1888 τελει-

1804 1855 1911 1892 res.
1944 1837 1998 1890 Si
2025 1853 2257 1906 namque
2281 1840 2332 1892 in
2364 1855 2449 1901 eo,
2479 1838 2568 1907 qui
2602 1835 2852 1890 mandata
2884 1845 3084 1898 servat,
3123 1834 3364 1888 Charitas

145 1931 298 1987 οἱται,
323 1930 500 2000 δῆλον,
528 1929 603 1992 ὡς
630 1932 658 1982 6
693 1929 767 2000 μὴ
793 1928 973 1999 τηρῶν
1010 1930 1187 1998 μισεῖ·
1221 1927 1281 1991 ὃς
1313 1928 1407 1979 καὶ
1438 1927 1703 1980 ἀπολωλε-

145 2021 278 2075 κέναι
307 2022 542 2089 λέγεται.
570 2018 590 2092 ]

204 2203 318 2254 Ὅτι
349 2201 557 2268 θήσεις
580 2199 802 2265 αὐτοὺς
826 2200 905 2265 ὡς
929 2198 1219 2252 κλίϐανον
1247 2197 1435 2265 πυρῦς
1462 2198 1548 2261 είς
1577 2213 1703 2248 και-

141 2293 234 2356 ρόν
263 2295 368 2346 τοῦ
396 2290 719 2360 προσώπου
740 2308 877 2345 σου.
952 2290 1096 2342 Ἀντί
1120 2287 1213 2341 τοῦ
1235 2330 1250 2353 ,
1285 2288 1462 2357 Πυρὸς
1487 2287 1702 2340 ἀποδεί-

143 2384 237 2446 ξεις
268 2384 544 2454 μετόχους.
582 2382 751 2434 Τοῦτο
775 2384 881 2452 γὰρ
913 2382 1122 2442 ἑαυτοῖς
1156 2377 1521 2448 ὲθησαύρισαν
1553 2379 1609 2429 ἐν
1632 2380 1698 2448 τῇ

139 2473 348 2544 δευτέρᾳ
397 2489 489 2524 σου
536 2470 825 2541 ἐπιφανείᾳ
849 2509 863 2532 ,
893 2471 1021 2523 ὅταν
1068 2470 1162 2521 καὶ
1190 2466 1452 2537 ἀποδιδῷς
1486 2467 1701 2535 ἑκάστῳ

138 2565 266 2616 κατὰ
296 2565 364 2616 τὰ
391 2564 526 2634 ἔργα
553 2563 737 2616 αὐτοῦ.
768 2564 977 2629 Κύριος·
1007 2563 1076 2615 ἐν
1095 2560 1241 2631 ὀργῇ
1268 2560 1451 2613 αὑτοῦ
1484 2576 1701 2612 συντα-

137 2655 286 2719 ράξει
310 2654 529 2718 αὐτοὺς
552 2693 567 2718 ,
595 2655 690 2707 καὶ
715 2652 1107 2721 καταφάγεται
1145 2651 1364 2715 αὐτοὺς
1396 2649 1533 2716 πῦρ.
1582 2650 1701 2717 Ὀρο

138 2747 231 2812 γὴν
263 2763 393 2816 φησι
421 2746 518 2815 τὴν
556 2745 826 2814 τιμωρίαν
864 2744 961 2813 τὴν
992 2744 1362 2814 γενησομένην
1404 2741 1584 2802 αὐτοῖς
1613 2739 1700 2791 διὰ

137 2833 222 2903 τὴν
257 2838 335 2897 είς
365 2836 523 2888 αὑτὸν
556 2835 732 2904 ὓϐριν.

203 2924 309 2976 Τὸν
330 2925 564 2991 καρπὸν
589 2923 788 2978 αὐτῶν
818 2923 934 2977 ἀπὸ
975 2923 1088 2992 γῆς
1124 2921 1392 2988 ἀπολεῖς.
1449 2922 1588 2983 Τοὺς
1614 2922 1698 2974 λό-

134 3030 252 3079 γους
279 3017 404 3079 τοὺς
449 3018 718 3087 πονηροὺς
762 3016 853 3069 καὶ
884 3015 952 3068 τὰ
985 3015 1361 3086 ἐνθυμήματα.
1424 3014 1607 3067 Ταῦτα
1640 3013 1697 3066 δέ

134 3109 258 3159 εἰσιν
291 3107 573 3159 ἐπιδουλαὶ
604 3108 660 3160 αἱ
695 3107 823 3177 παρ’
855 3106 1062 3167 αὐτῶν,
1093 3106 1147 3158 αἳ
1171 3106 1264 3158 καὶ
1289 3102 1584 3174 ἀνῄρηνται
1611 3104 1697 3156 διὰ

131 3196 222 3266 τῆς
248 3199 615 3260 ἀναστάσεως.
653 3196 672 3269 [
695 3198 804 3260 Τὰς
826 3196 1173 3258 διδασκαλίας
1206 3195 1296 3247 καὶ
1319 3195 1385 3246 τὰ
1413 3194 1547 3247 ἄθεα
1576 3194 1696 3262 δόγ-

135 3308 289 3358 ματα,
313 3291 348 3344 ἃ
379 3292 512 3361 μετὰ
538 3291 636 3361 τὴν
663 3290 915 3360 τελευτὴν
941 3288 1140 3348 αὐτῶν,
1178 3287 1252 3350 ὡς
1281 3285 1482 3354 ἀγαθὸς
1513 3287 1540 3339 6
1567 3285 1697 3349 Θεὸς

132 3381 368 3449 ἀπωλείᾳ
398 3377 790 3450 παραδίδωσι.]
818 3378 928 3433 Kal
972 3376 1036 3430 τὸ
1075 3375 1311 3444 σπέρμα
1351 3372 1549 3428 αὐτῶν
1580 3375 1696 3427 ἀπὸ

128 3471 264 3523 υἱῶν
301 3470 646 3538 ἀνθρώπων.
710 3469 1007 3541 Εὐεργεσία
1043 3469 1187 3521 ἐστὶν
1223 3466 1503 3536 ἁμαρτιῶν
1535 3466 1697 3516 ἐκπε-

132 3565 233 3612 σεῖν
285 3564 382 3614 καὶ
427 3562 644 3614 ἐννοιῶν
679 3561 948 3632 πονηρῶν.
1022 3559 1250 3628 Σπέρμα
1282 3558 1389 3626 γὰρ
1422 3557 1694 3626 ἁμαρτίας

128 3650 381 3721 λογισμὸς
413 3670 546 3720 πονη
559 3653 669 3721 ρὸς.

200 3741 328 3793 Ὅτι
363 3740 572 3806 θήσεις
602 3739 820 3804 αὐτοὺς
848 3737 1056 3791 νῶτον.
1123 3739 1179 3790 Ὀ
1201 3737 1256 3790 δὲ
1287 3736 1574 3808 Σύμμαχος
1605 3737 1694 3789 οὖ-

124 3846 218 3894 τως
235 3834 582 3903 ἡρμήνευε-εν
598 3849 610 3860 “
632 3833 759 3884 Ὅτι
783 3829 990 3896 θήσεις
1009 3830 1230 3895 αὐτοὺς
1252 3830 1688 3897 ἁποστρόφους,

123 3925 393 3976 τουτέστιν
424 3924 597 3976 ὀπίσω
619 3923 713 3976 καὶ
742 3920 1200 3992 παρακολούθημα
1230 3919 1334 3972 τῶν
1362 3917 1548 3969 ἐθνῶν.
1596 3918 1692 3968 Ἐν

123 4013 236 4079 τοῖς
289 4015 663 4082 περιλοίποις
717 4029 831 4066 σου
879 4011 1211 4079 ἑτοιμάσας
1247 4010 1312 4062 τὸ
1370 4010 1691 4074 πρόσωπον

120 4103 329 4158 αὐτῶν.
397 4104 805 4166 Καταλέλοιπας
853 4103 1070 4164 αὐτοῖς,
1104 4101 1306 4171 φησὶν,
1355 4099 1686 4169 ἐπιστροφῆς

119 4199 300 4270 καιρὸν
346 4197 486 4268 πρὸς
528 4197 589 4249 τὸ
622 4195 967 4266 μετανοῆσαι.
1043 4193 1189 4264 Αὕτη
1225 4193 1281 4246 δέ
1312 4195 1426 4245 ἐστι
1459 4193 1595 4263 μετὰ
1626 4192 1686 4244 τὸ

119 4287 389 4359 πλήρωμα
417 4287 523 4339 τῶν
551 4287 718 4340 ἐθνῶν
748 4286 937 4356 κλῆσις
965 4286 1056 4339 καὶ
1082 4286 1404 4356 ἐπιστροφή.

180 4378 483 4451 [Ποιήσεις
522 4380 644 4443 τοὺς
683 4379 1084 4447 ἀπιστήσαντας
1130 4377 1430 4439 Ἰουδαίους.
1490 4375 1596 4440 Οὓς
1627 4377 1683 4430 δὲ

1804 1927 1896 1979 Dei
1943 1927 2258 1996 perﬁcitur,
2313 1929 2490 1996 palam
2541 1936 2626 1980 est
2678 1940 2801 1979 cum
2857 1925 2948 1993 qui
2999 1940 3102 1976 non
3146 1933 3362 1986 servat,

1802 2017 1970 2072 Deum
2031 2019 2155 2073 odio
2226 2018 2422 2073 habere
2449 2038 2470 2057 ··
2535 2019 2628 2088 qui
2695 2018 2892 2071 dicitur
2952 2015 3005 2068 in
3069 2016 3361 2084 perniciem

1801 2113 1928 2185 ιτα]
2899 2108 2905 2114 ‘

1868 2208 1953 2259 10.
1989 2206 2156 2262 Penes
2179 2224 2266 2261 eos
2298 2217 2352 2260 ut
2380 2207 2641 2261 clibanum
2669 2207 2805 2275 ignis
2837 2208 2892 2258 in
2915 2215 3140 2273 tempore
3190 2205 3362 2260 uultus

1803 2299 1899 2351 tui.
1936 2301 2012 2354 Ac
2037 2300 2082 2353 si
2117 2302 2322 2354 diceret
2347 2320 2358 2353 :
2397 2301 2537 2369 ignis
2567 2309 2851 2354 consortes
2883 2297 3102 2354 emcies.
3132 2297 3186 2351 ld
3213 2299 3358 2353 enim

1799 2392 1877 2445 illi
1907 2409 2001 2447 ceu
2035 2394 2352 2446 thesaurum
2381 2404 2742 2462 reposuerunt
2772 2393 2826 2446 in
2856 2394 3096 2447 secundo
3127 2393 3360 2446 adventu

1802 2491 1914 2546 tuo,
1971 2484 2188 2552 quando
2250 2484 2442 2538 reddes
2479 2484 2772 2551 unicuique
2820 2485 2975 2553 juxta
3031 2499 3192 2554 Opera
3238 2499 3356 2539 sua.

1800 2577 2057 2630 Dominus
2091 2579 2144 2630 in
2184 2579 2267 2629 ira
2315 2594 2412 2630 sua
2459 2576 2789 2630 conturbabit
2838 2593 2946 2639 eos,
2994 2587 3042 2630 et
3091 2577 3359 2629 deuorabi:

1798 2683 1882 2718 eos
1912 2668 2069 2734 ignis.
2105 2665 2245 2719 Iram
2280 2675 2436 2719 vocat
2465 2666 2788 2735 supplicium
2825 2682 2934 2735 quo
2965 2677 3112 2733 sunt,
3161 2678 3356 2719 contu-

1799 2758 1971 2811 melia:
2001 2759 2102 2827 ipsi
2138 2759 2333 2812 oblata:
2357 2773 2542 2824 causa,
2581 2758 2873 2813 multandi.

1870 2929 1955 2983 Η.
1987 2928 2244 2983 Fructum
2273 2947 2450 2985 eorum
2479 2933 2542 2984 de
2567 2940 2708 2985 terra
2735 2931 2936 2999 perdes.
2967 2930 3104 2985 Mala
3148 2933 3362 2988 scilicet

1798 3023 1957 3075 verba
1985 3032 2038 3076 et
2077 3026 2247 3078 malas
2290 3025 2667 3094 cogitationes.
2715 3022 2809 3078 lla:
2858 3035 2986 3078 sunt
3035 3025 3244 3078 insidiae
3287 3023 3359 3083 ab

1725 3147 1767 3205 ε
1801 3111 1904 3163 illis
1936 3121 2139 3178 paratae
2174 3127 2294 3180 quae
2316 3128 2412 3182 per
2437 3113 2890 3168 resurrectionem
2923 3115 3206 3169 tolluntur.
3237 3110 3340 3188 [Do

1799 3204 2002 3255 ctrinas
2029 3218 2083 3256 et
2118 3203 2283 3272 impia
2315 3204 2590 3274 dogmata,
2623 3221 2744 3274 quae
2778 3215 2900 3273 post
2932 3207 3172 3273 ipsorum
3216 3221 3336 3260 mor

1799 3299 1904 3343 tem
1937 3289 2100 3356 Deus,
2134 3301 2318 3360 utpote
2347 3293 2543 3357 bonus,
2575 3293 2855 3365 destruit.]
2886 3292 2954 3345 Et
2978 3310 3149 3346 semen
3176 3310 3353 3348 eorum

1797 3401 1830 3436 a
1863 3384 1990 3453 [iliis
2014 3384 2302 3440 hominum.
2347 3385 2673 3440 Beneﬁcium
2711 3386 3014 3441 habendum
3044 3395 3128 3439 est
3154 3401 3184 3441 a
3234 3401 3352 3456 pee-

1797 3473 1933 3526 catis
1965 3475 2214 3527 excidere
2250 3485 2304 3528 et
2331 3489 2362 3527 a
2394 3476 2576 3542 pravis
2615 3476 3060 3546 cogitationibus.
3108 3473 3242 3529 Nam
3275 3490 3350 3529 se-

1795 3579 1916 3616 men
1949 3564 2152 3631 peccati
2182 3565 2323 3616 mala
2346 3565 2628 3634 cogitatio.

1866 3743 1951 3797 15.
1983 3744 2245 3807 Quoniam
2271 3762 2426 3814 pones
2457 3761 2540 3799 eos
2571 3747 2805 3800 dorsum.
2851 3745 3212 3818 Symmachus
3261 3765 3352 3803 au-

1795 3847 1900 3890 tem
1928 3839 2008 3891 sic
2033 3838 2414 3905 interpretatus
2446 3848 2567 3892 est:
2601 3838 2863 3902 Quoniam
2904 3855 3058 3906 pones
3080 3855 3165 3892 eos
3210 3857 3349 3893 aver-

1790 3944 1895 3990 sos,
1922 3930 1970 3980 id
1997 3939 2079 3981 est
2103 3939 2399 3981 retrorsum
2428 3938 2481 3982 et
2503 3930 2851 3998 appendicem
2881 3931 3136 3997 gentium.
3172 3930 3237 3984 In
3267 3949 3346 3985 re-

1789 4019 1964 4087 liquiis
2023 4021 2125 4073 tuis
2165 4020 2489 4088 prwparabis
2538 4022 2740 4075 vultum
2786 4037 2983 4075 eorum.
3039 4023 3346 4092 lieliquisti,

1788 4111 1884 4170 ait,
1917 4110 2025 4163 illis
2052 4111 2424 4165 conversionis
2457 4121 2668 4180 tempus
2697 4115 2762 4164 ad
2795 4114 3190 4180 pmnitentiam.
3221 4111 3346 4167 Haec

1787 4211 1967 4255 autem
2002 4212 2085 4255 est
2135 4202 2346 4256 vocatio
2376 4210 2430 4254 et
2475 4205 2760 4256 conversio
2795 4213 2917 4270 post
2955 4204 3341 4273 plenitudinem

1822 4304 2048 4346 enttum.

1822 4308 2048 4346 ennum.

1785 4308 1818 4363 8
1857 4381 2212 4454 [lncredulos
2257 4381 2472 4438 Judzros
2514 4383 2734 4439 eﬂicies.
2787 4388 2932 4452 Quos
2977 4394 3156 4440 autem
3200 4385 3343 4440 Deus

116 4472 140 4522 6
166 4470 298 4534 Θεὸς
327 4471 768 4542 ἀποστρέφεται,
805 4471 1005 4536 τίθησι
1036 4468 1226 4522 νῶτον
1256 4466 1330 4538 μὴ
1357 4468 1682 4536 δυναμένους

1791 4473 2087 4538 aversatur,
2123 4490 2215 4530 eos
2242 4479 2387 4543 ponit
2414 4477 2650 4541 dorsum,
2685 4477 2810 4546 quia
2834 4493 2940 4531 non
2972 4487 3198 4547 possunt
3222 4494 3343 4533 esse

114 4557 242 4618 εἶναι
277 4563 575 4634 πρόσωπον
600 4603 614 4626 ,
664 4562 801 4634 πρὸς
832 4561 891 4614 τὸ
918 4561 984 4614 τὰ
1031 4560 1248 4614 ὀπίσθια
1293 4558 1682 4623 κατανοοῦντας

112 4655 190 4708 διὰ
211 4655 323 4709 τῶν
361 4653 684 4724 ποιημάτων
728 4653 890 4707 πάλιν
935 4652 1070 4724 πρὸς
1105 4653 1265 4707 αὐτὸν
1297 4652 1679 4723 ἀναφέρεσθαι.

113 4747 238 4812 Τοὺς
267 4748 390 4819 τὰρ
415 4749 488 4818 μὴ
518 4748 659 4810 οἵους
679 4763 737 4799 τε
763 4747 895 4818 ὀρᾷν
921 4745 980 4799 τὺ
1000 4745 1307 4817 πρόσωπον,
1335 4744 1411 4815 τῷ
1440 4745 1513 4816 μὴ
1540 4744 1682 4814 ἔχειν

110 4840 326 4910 καρδίαν
350 4839 625 4910 καθαρὰν,
641 4838 847 4892 τίθεται
870 4839 1147 4892 κατανοεῖν
1166 4837 1232 4890 τὰ
1251 4836 1469 4890 ὀπίσθια
1494 4836 1678 4900 αὑτοῦ,

108 4928 167 4978 τέι
205 4929 327 4999 μετ’
364 4928 531 4983 αὑτὸν
583 4928 712 4982 ὄντα
749 4927 1230 4999 δημιουργήματα·
1271 4927 1357 4980 ἵνα
1384 4927 1481 4996 τὴν
1508 4927 1680 4980 κτίσιν

107 5018 441 5091 θεωροῦντες
474 5019 678 5073 ἔννοιαν
707 5018 868 5073 αὐτοῦ
895 5018 1096 5072 λάϐωσι
1116 5061 1128 5081 ,
1163 5020 1255 5073 καὶ
1289 5019 1678 5090 προσϐαλόντες

108 5111 172 5180 τῷ
192 5113 312 5183 Θεῷ
345 5110 552 5174 αὐτῶν,
583 5111 644 5164 τὸ
675 5110 767 5163 τοῦ
792 5111 925 5165 Θεοῦ
951 5112 1237 5181 πρόσωπον
1272 5111 1439 5165 ἴδωσι.
1518 5113 1678 5180 Περί-

106 5203 254 5259 λςιπα
280 5205 341 5259 δὲ
374 5204 476 5257 τοῦ
505 5203 640 5258 Θεοῦ
671 5203 740 5257 τὰ
783 5204 1037 5276 ἀνωτέρω
1075 5205 1183 5257 τῶν
1211 5205 1521 5275 κτισμάτων
1568 5203 1675 5258 τῶν

107 5294 404 5365 αἰσθητῶν.

171 5489 497 5558 ’Υψώθητμ
532 5491 732 5557 Κύριε,
770 5490 840 5543 ὲν
869 5488 942 5558 τῇ
966 5489 1212 5559 δυνάμει
1241 5504 1381 5544 σου.
1444 5489 1669 5560 Ὅμοιον

101 5578 165 5649 τῷ
183 5597 196 5610 ·
234 5578 501 5635 ἐλθέτω
530 5582 570 5643 ἡ
598 5579 887 5644 ,βασιλεία
910 5594 1046 5633 σου.
1080 5580 1189 5649 Τὴν
1211 5579 1464 5650 δευτέραν
1488 5580 1543 5632 δὲ
1574 5596 1668 5634 σα-

157 5757 195 5788 ί·
218 5755 387 5812 Joan.
443 5771 554 5822 xw,
582 5754 636 5809 9.
716 5755 760 5784 "
784 5752 970 5808 Matth.
997 5768 1068 5820 vt,
1111 5753 1197 5810 10.

1785 4568 1986 4634 vultus,
2018 4579 2075 4623 ut
2121 4569 2425 4637 posteriora
2460 4569 2629 4640 (Dei)
2662 4571 3067 4624 considerantes
3098 4586 3192 4638 per
3224 4569 3339 4636 ejus

1783 4663 1996 4730 Opiﬂcia
2033 4662 2101 4717 ad
2153 4663 2329 4731 ipsum
2378 4664 2728 4718 reducantur.
2767 4661 3045 4732 Siquidem
3085 4662 3337 4728 inlirmis,

1781 4756 1871 4822 qui
1901 4755 2046 4824 quod
2094 4770 2187 4809 cor
2231 4771 2427 4825 purum
2485 4770 2592 4808 non
2641 4755 2906 4815 habeant.
2958 4770 3064 4808 non
3110 4764 3340 4824 possunt

1781 4848 1986 4900 vultum
2019 4847 2137 4916 ejus
2195 4848 2412 4911 videre,
2459 4848 2755 4914 posteriora
2805 4861 2902 4900 sua
2945 4847 3336 4900 consideranda

1779 4939 1952 5003 oﬂ'ert,
1997 4940 2198 4995 scilicet
2237 4939 2450 5009 upiﬁeia
2481 4955 2600 5008 quae
2637 4947 2753 5007 post
2807 4940 2986 5008 ipsum
3024 4950 3190 5004 sunt;
3252 4949 3331 5004 ut,

1777 5033 2081 5100 conspectis
2143 5033 2304 5086 rebus
2351 5032 2592 5092 creatis,
2642 5032 2696 5083 in
2750 5032 3114 5099 cognitionem
3190 5031 3333 5084 illius

1775 5128 2080 5187 deveniam,
2118 5135 2171 5179 et
2203 5124 2312 5177 Deo
2352 5140 2452 5179 suo
2501 5140 2617 5178 sese
2662 5124 3012 5193 applicantes,
3058 5123 3175 5189 ejus
3224 5124 3334 5175 vul-

1775 5231 1888 5276 tum
1961 5222 2198 5275 videant.
2269 5218 2529 5288 Reliquiae
2591 5228 2770 5271 autem
2845 5216 2933 5268 Dei
3001 5227 3127 5269 sunt
3197 5215 3328 5280 iila,

1773 5329 1894 5382 qua:
1946 5314 2106 5367 relms
2151 5311 2385 5366 conditis
2415 5325 2635 5364 sensum
2666 5309 3007 5363 moventibus
3048 5309 3328 5375 superiora

1772 5415 1918 5461 sunt.

1842 5497 1927 5549 M.
1965 5496 2239 5558 Exaltare,
2276 5495 2516 5560 Domine,
2545 5495 2598 5547 in
2628 5494 2817 5547 virtute
2850 5502 2960 5545 tua.
2999 5489 3187 5545 Simile
3212 5491 3323 5544 illi:

1768 5588 2020 5641 Adveniat
2074 5603 2287 5657 regnum
2346 5598 2512 5641 tuum.
2575 5585 2732 5642 Hisce
2791 5594 2970 5641 autem
3022 5585 3322 5640 secundum
