  <div class='ocr_page' id='page_1' title='image "/cluster/home/n/w/nwhite01/storage/ocr_20150623/27/pst.000005712182/073.png"; bbox 0 0 4102 6304; ppageno 0'>
   <div class='ocr_carea' id='block_1_1' title="bbox 726 341 819 396">
    <p class='ocr_par' dir='ltr' id='par_1_1' title="bbox 726 341 819 396">
     <span class='ocr_line' id='line_1_1' title="bbox 726 341 819 396; baseline -0.032 1"><span class='ocrx_word' id='word_1_1' title='bbox 726 341 819 396; x_wconf 75' lang='grc'><strong>151</strong></span> 
     </span>
    </p>
   </div>
   <div class='ocr_carea' id='block_1_2' title="bbox 1531 331 3928 392">
    <p class='ocr_par' dir='ltr' id='par_1_2' title="bbox 1531 331 3928 392">
     <span class='ocr_line' id='line_1_2' title="bbox 1531 331 3928 392; baseline 0 -2"><span class='ocrx_word' id='word_1_2' title='bbox 1531 337 1587 392; x_wconf 83' lang='lat' dir='ltr'><strong>S.</strong></span> <span class='ocrx_word' id='word_1_3' title='bbox 1633 334 2005 390; x_wconf 63' lang='lat' dir='ltr'><strong>ATHANASH</strong></span> <span class='ocrx_word' id='word_1_4' title='bbox 2047 334 2197 387; x_wconf 84' lang='lat' dir='ltr'><strong>OPP.</strong></span> <span class='ocrx_word' id='word_1_5' title='bbox 2241 331 2417 385; x_wconf 73' lang='lat' dir='ltr'><strong>PARS</strong></span> <span class='ocrx_word' id='word_1_6' title='bbox 2457 331 2543 385; x_wconf 85' lang='lat' dir='ltr'><strong>Ill.</strong></span> <span class='ocrx_word' id='word_1_7' title='bbox 2584 360 2651 371; x_wconf 93' lang='lat'><em>—</em></span> <span class='ocrx_word' id='word_1_8' title='bbox 2691 332 3101 389; x_wconf 70' lang='lat' dir='ltr'><strong>EXEGETICA.</strong></span> <span class='ocrx_word' id='word_1_9' title='bbox 3854 335 3928 390; x_wconf 70' lang='lat'><strong>13!</strong></span> 
     </span>
    </p>
   </div>
   <div class='ocr_carea' id='block_1_3' title="bbox 729 452 2298 531">
    <p class='ocr_par' dir='ltr' id='par_1_3' title="bbox 729 454 2286 531">
     <span class='ocr_line' id='line_1_3' title="bbox 729 454 2286 531; baseline -0.007 -17"><span class='ocrx_word' id='word_1_10' title='bbox 729 463 846 531; x_wconf 83' lang='lat' dir='ltr'><strong>ejus</strong></span> <span class='ocrx_word' id='word_1_11' title='bbox 894 458 1177 512; x_wconf 87' lang='lat' dir='ltr'><strong>adventum</strong></span> <span class='ocrx_word' id='word_1_12' title='bbox 1230 466 1382 525; x_wconf 75' lang='lat' dir='ltr'><strong>rogat</strong></span> <span class='ocrx_word' id='word_1_13' title='bbox 1443 456 1773 510; x_wconf 81' lang='lat' dir='ltr'><strong>accelerari:</strong></span> <span class='ocrx_word' id='word_1_14' title='bbox 1842 454 2185 509; x_wconf 81' lang='lat' dir='ltr'><strong>Cantabintus</strong></span> <span class='ocrx_word' id='word_1_15' title='bbox 2238 464 2286 504; x_wconf 81' lang='lat' dir='ltr'><strong>et</strong></span> 
     </span>
    </p>
   </div>
   <div class='ocr_carea' id='block_1_4' title="bbox 2397 452 3923 531">
    <p class='ocr_par' dir='ltr' id='par_1_4' title="bbox 2397 452 3923 524">
     <span class='ocr_line' id='line_1_4' title="bbox 2397 452 3923 524; baseline 0.004 -21"><span class='ocrx_word' id='word_1_16' title='bbox 2397 452 2502 519; x_wconf 80' lang='grc' dir='ltr'>φῶς</span> <span class='ocrx_word' id='word_1_17' title='bbox 2534 455 2830 524; x_wconf 81' lang='grc' dir='ltr'>παρουσίαν</span> <span class='ocrx_word' id='word_1_18' title='bbox 2863 453 3076 523; x_wconf 76' lang='grc' dir='ltr'><strong>εὔχεται</strong></span> <span class='ocrx_word' id='word_1_19' title='bbox 3125 453 3210 506; x_wconf 76' lang='grc' dir='ltr'><strong>διὰ</strong></span> <span class='ocrx_word' id='word_1_20' title='bbox 3243 456 3399 507; x_wconf 86' lang='grc' dir='ltr'>τοῦτο</span> <span class='ocrx_word' id='word_1_21' title='bbox 3446 454 3734 523; x_wconf 85' lang='grc' dir='ltr'>γενέσθαι·</span> <span class='ocrx_word' id='word_1_22' title='bbox 3776 455 3923 509; x_wconf 76' lang='grc' dir='ltr'>Ἀσοι</span> 
     </span>
    </p>
   </div>
   <div class='ocr_carea' id='block_1_5' title="bbox 729 547 2288 622">
    <p class='ocr_par' dir='ltr' id='par_1_5' title="bbox 729 547 2288 622">
     <span class='ocr_line' id='line_1_5' title="bbox 729 547 2288 622; baseline -0.005 -16"><span class='ocrx_word' id='word_1_23' title='bbox 729 553 1013 622; x_wconf 77' lang='lat' dir='ltr'><strong>psallemus</strong></span> <span class='ocrx_word' id='word_1_24' title='bbox 1043 553 1259 604; x_wconf 77' lang='lat' dir='ltr'><strong>virtutes</strong></span> <span class='ocrx_word' id='word_1_25' title='bbox 1288 558 1423 602; x_wconf 87' lang='lat' dir='ltr'><strong>tuas.</strong></span> <span class='ocrx_word' id='word_1_26' title='bbox 1451 547 1603 602; x_wconf 89' lang='lat' dir='ltr'><strong>Tunc</strong></span> <span class='ocrx_word' id='word_1_27' title='bbox 1632 548 1777 600; x_wconf 87' lang='lat' dir='ltr'><strong>enim</strong></span> <span class='ocrx_word' id='word_1_28' title='bbox 1802 563 1991 599; x_wconf 85' lang='lat' dir='ltr'><strong>omnes</strong></span> <span class='ocrx_word' id='word_1_29' title='bbox 2016 547 2288 614; x_wconf 81' lang='lat' dir='ltr'><strong>justorum</strong></span> 
     </span>
    </p>
   </div>
   <div class='ocr_carea' id='block_1_6' title="bbox 732 637 2287 709">
    <p class='ocr_par' dir='ltr' id='par_1_6' title="bbox 732 637 2287 709">
     <span class='ocr_line' id='line_1_6' title="bbox 732 637 2287 709; baseline -0.005 -12"><span class='ocrx_word' id='word_1_30' title='bbox 732 644 945 705; x_wconf 70' lang='lat' dir='ltr'><strong>animm,</strong></span> <span class='ocrx_word' id='word_1_31' title='bbox 983 642 1036 694; x_wconf 89' lang='lat' dir='ltr'><strong>in</strong></span> <span class='ocrx_word' id='word_1_32' title='bbox 1068 642 1317 709; x_wconf 73' lang='lat' dir='ltr'><strong>supernis</strong></span> <span class='ocrx_word' id='word_1_33' title='bbox 1363 640 1741 692; x_wconf 77' lang='lat' dir='ltr'><strong>mansionibus</strong></span> <span class='ocrx_word' id='word_1_34' title='bbox 1772 638 2079 691; x_wconf 75' lang='lat' dir='ltr'><strong>constituta:</strong></span> <span class='ocrx_word' id='word_1_35' title='bbox 2127 637 2287 705; x_wconf 73' lang='lat' dir='ltr'><strong>spiri-</strong></span> 
     </span>
    </p>
   </div>
   <div class='ocr_carea' id='block_1_7' title="bbox 732 729 1437 801">
    <p class='ocr_par' dir='ltr' id='par_1_7' title="bbox 732 729 1437 801">
     <span class='ocr_line' id='line_1_7' title="bbox 732 729 1437 801; baseline -0.007 -14"><span class='ocrx_word' id='word_1_36' title='bbox 732 735 929 788; x_wconf 84' lang='lat' dir='ltr'><strong>tualem</strong></span> <span class='ocrx_word' id='word_1_37' title='bbox 956 733 1159 786; x_wconf 92' lang='lat' dir='ltr'><strong>cultum</strong></span> <span class='ocrx_word' id='word_1_38' title='bbox 1192 729 1437 801; x_wconf 88' lang='lat' dir='ltr'><strong>obeunt.]</strong></span> 
     </span>
    </p>
   </div>
   <div class='ocr_carea' id='block_1_8' title="bbox 924 820 2112 890">
    <p class='ocr_par' dir='ltr' id='par_1_8' title="bbox 924 820 2112 890">
     <span class='ocr_line' id='line_1_8' title="bbox 924 820 2112 890; baseline -0.005 -15"><span class='ocrx_word' id='word_1_39' title='bbox 924 822 973 876; x_wconf 80' lang='grc'>1.</span> <span class='ocrx_word' id='word_1_40' title='bbox 1016 820 1081 876; x_wconf 80' lang='lat' dir='ltr'><strong>In</strong></span> <span class='ocrx_word' id='word_1_41' title='bbox 1112 823 1288 890; x_wconf 76' lang='lat' dir='ltr'><strong>linem,</strong></span> <span class='ocrx_word' id='word_1_42' title='bbox 1322 837 1415 889; x_wconf 89' lang='lat' dir='ltr'><strong>pro</strong></span> <span class='ocrx_word' id='word_1_43' title='bbox 1458 820 1781 887; x_wconf 72' lang='lat' dir='ltr'><strong>susceptione</strong></span> <span class='ocrx_word' id='word_1_44' title='bbox 1811 820 2112 878; x_wconf 83' lang='lat' dir='ltr'><strong>matutina,</strong></span> 
     </span>
    </p>
   </div>
   <div class='ocr_carea' id='block_1_9' title="bbox 1150 908 1901 967">
    <p class='ocr_par' dir='ltr' id='par_1_9' title="bbox 1150 908 1901 967">
     <span class='ocr_line' id='line_1_9' title="bbox 1150 908 1901 967; baseline -0.005 -2"><span class='ocrx_word' id='word_1_45' title='bbox 1150 909 1489 967; x_wconf 67' lang='lat' dir='ltr'><strong>PSALMUS</strong></span> <span class='ocrx_word' id='word_1_46' title='bbox 1519 909 1707 962; x_wconf 80' lang='lat' dir='ltr'><strong>David.</strong></span> <span class='ocrx_word' id='word_1_47' title='bbox 1742 908 1901 962; x_wconf 79' lang='lat' dir='ltr'><strong>XXI.</strong></span> 
     </span>
    </p>
   </div>
   <div class='ocr_carea' id='block_1_10' title="bbox 1312 1004 1707 1072">
    <p class='ocr_par' dir='ltr' id='par_1_10' title="bbox 1312 1004 1707 1072">
     <span class='ocr_line' id='line_1_10' title="bbox 1312 1004 1707 1072; baseline 0.005 -18"><span class='ocrx_word' id='word_1_48' title='bbox 1312 1004 1707 1072; x_wconf 82' lang='lat' dir='ltr'><strong>Argumentum.</strong></span> 
     </span>
    </p>
   </div>
   <div class='ocr_carea' id='block_1_11' title="bbox 733 1092 2288 1163">
    <p class='ocr_par' dir='ltr' id='par_1_11' title="bbox 733 1092 2288 1163">
     <span class='ocr_line' id='line_1_11' title="bbox 733 1092 2288 1163; baseline -0.003 -14"><span class='ocrx_word' id='word_1_49' title='bbox 733 1094 959 1149; x_wconf 88' lang='lat' dir='ltr'><strong>Canitur</strong></span> <span class='ocrx_word' id='word_1_50' title='bbox 989 1094 1079 1148; x_wconf 92' lang='lat' dir='ltr'><strong>hic</strong></span> <span class='ocrx_word' id='word_1_51' title='bbox 1117 1094 1363 1163; x_wconf 79' lang='lat' dir='ltr'><strong>psalmus</strong></span> <span class='ocrx_word' id='word_1_52' title='bbox 1395 1108 1493 1162; x_wconf 90' lang='lat' dir='ltr'><strong>pro</strong></span> <span class='ocrx_word' id='word_1_53' title='bbox 1538 1092 1879 1160; x_wconf 81' lang='lat' dir='ltr'><strong>susceptione</strong></span> <span class='ocrx_word' id='word_1_54' title='bbox 1926 1093 2208 1153; x_wconf 85' lang='lat' dir='ltr'><strong>matutina,</strong></span> <span class='ocrx_word' id='word_1_55' title='bbox 2240 1092 2288 1144; x_wconf 84' lang='lat' dir='ltr'><strong>id</strong></span> 
     </span>
    </p>
   </div>
   <div class='ocr_carea' id='block_1_12' title="bbox 796 1182 2293 1255">
    <p class='ocr_par' dir='ltr' id='par_1_12' title="bbox 796 1182 2293 1255">
     <span class='ocr_line' id='line_1_12' title="bbox 796 1182 2293 1255; baseline -0.001 -16"><span class='ocrx_word' id='word_1_56' title='bbox 796 1195 898 1252; x_wconf 90' lang='lat' dir='ltr'><strong>est,</strong></span> <span class='ocrx_word' id='word_1_57' title='bbox 939 1186 1065 1255; x_wconf 89' lang='lat' dir='ltr'><strong>quia</strong></span> <span class='ocrx_word' id='word_1_58' title='bbox 1091 1194 1247 1239; x_wconf 88' lang='lat' dir='ltr'><strong>nocte</strong></span> <span class='ocrx_word' id='word_1_59' title='bbox 1274 1194 1327 1238; x_wconf 86' lang='lat' dir='ltr'><strong>et</strong></span> <span class='ocrx_word' id='word_1_60' title='bbox 1357 1185 1585 1251; x_wconf 74' lang='lat' dir='ltr'><strong>caligine</strong></span> <span class='ocrx_word' id='word_1_61' title='bbox 1610 1186 1876 1238; x_wconf 83' lang='lat' dir='ltr'><strong>diabolica</strong></span> <span class='ocrx_word' id='word_1_62' title='bbox 1912 1199 2012 1237; x_wconf 90' lang='lat' dir='ltr'><strong>nos</strong></span> <span class='ocrx_word' id='word_1_63' title='bbox 2044 1182 2293 1237; x_wconf 84' lang='lat' dir='ltr'><strong>liberavit</strong></span> 
     </span>
    </p>
   </div>
   <div class='ocr_carea' id='block_1_13' title="bbox 796 1277 2289 1345">
    <p class='ocr_par' dir='ltr' id='par_1_13' title="bbox 796 1277 2289 1345">
     <span class='ocr_line' id='line_1_13' title="bbox 796 1277 2289 1345; baseline -0.003 -13"><span class='ocrx_word' id='word_1_64' title='bbox 796 1278 1040 1332; x_wconf 78' lang='lat' dir='ltr'><strong>emicans</strong></span> <span class='ocrx_word' id='word_1_65' title='bbox 1070 1278 1407 1345; x_wconf 78' lang='lat' dir='ltr'><strong>unigenitum</strong></span> <span class='ocrx_word' id='word_1_66' title='bbox 1445 1277 1535 1329; x_wconf 86' lang='lat' dir='ltr'><strong>Dei</strong></span> <span class='ocrx_word' id='word_1_67' title='bbox 1570 1277 1827 1337; x_wconf 83' lang='lat' dir='ltr'><strong>Verbum,</strong></span> <span class='ocrx_word' id='word_1_68' title='bbox 1860 1278 2040 1331; x_wconf 90' lang='lat' dir='ltr'><strong>oriens</strong></span> <span class='ocrx_word' id='word_1_69' title='bbox 2064 1292 2129 1329; x_wconf 80' lang='lat' dir='ltr'><strong>ex</strong></span> <span class='ocrx_word' id='word_1_70' title='bbox 2161 1278 2289 1340; x_wconf 85' lang='lat' dir='ltr'><strong>alto,</strong></span> 
     </span>
    </p>
   </div>
   <div class='ocr_carea' id='block_1_14' title="bbox 802 1369 2289 1437">
    <p class='ocr_par' dir='ltr' id='par_1_14' title="bbox 802 1369 2289 1437">
     <span class='ocr_line' id='line_1_14' title="bbox 802 1369 2289 1437; baseline -0.002 -13"><span class='ocrx_word' id='word_1_71' title='bbox 802 1378 862 1424; x_wconf 93' lang='lat' dir='ltr'><strong>ut</strong></span> <span class='ocrx_word' id='word_1_72' title='bbox 894 1370 1153 1436; x_wconf 86' lang='lat' dir='ltr'><strong>scriptum</strong></span> <span class='ocrx_word' id='word_1_73' title='bbox 1186 1378 1268 1422; x_wconf 81' lang='lat' dir='ltr'><strong>est</strong></span> <span class='ocrx_word' id='word_1_74' title='bbox 1292 1369 1357 1421; x_wconf 79' lang='grc' dir='ltr'><strong>³ο.</strong></span> <span class='ocrx_word' id='word_1_75' title='bbox 1392 1369 1495 1421; x_wconf 83' lang='lat' dir='ltr'><strong>Aut</strong></span> <span class='ocrx_word' id='word_1_76' title='bbox 1533 1369 1935 1437; x_wconf 75' lang='lat' dir='ltr'><strong>susceptionem</strong></span> <span class='ocrx_word' id='word_1_77' title='bbox 1972 1369 2289 1422; x_wconf 89' lang='lat' dir='ltr'><strong>matutinam</strong></span> 
     </span>
    </p>
   </div>
   <div class='ocr_carea' id='block_1_15' title="bbox 800 1458 2293 1531">
    <p class='ocr_par' dir='ltr' id='par_1_15' title="bbox 800 1458 2293 1531">
     <span class='ocr_line' id='line_1_15' title="bbox 800 1458 2293 1531; baseline -0.001 -16"><span class='ocrx_word' id='word_1_78' title='bbox 800 1460 1034 1531; x_wconf 90' lang='lat' dir='ltr'><strong>appellat</strong></span> <span class='ocrx_word' id='word_1_79' title='bbox 1081 1460 1504 1513; x_wconf 78' lang='lat' dir='ltr'><strong>resurrectionis</strong></span> <span class='ocrx_word' id='word_1_80' title='bbox 1563 1458 1862 1512; x_wconf 84' lang='lat' dir='ltr'><strong>Salvatoris</strong></span> <span class='ocrx_word' id='word_1_81' title='bbox 1910 1469 2140 1528; x_wconf 83' lang='lat' dir='ltr'><strong>tempus.</strong></span> <span class='ocrx_word' id='word_1_82' title='bbox 2196 1459 2293 1513; x_wconf 81' lang='lat' dir='ltr'><strong>Be-</strong></span> 
     </span>
    </p>
   </div>
   <div class='ocr_carea' id='block_1_16' title="bbox 798 1551 2290 1620">
    <p class='ocr_par' dir='ltr' id='par_1_16' title="bbox 798 1551 2290 1620">
     <span class='ocr_line' id='line_1_16' title="bbox 798 1551 2290 1620; baseline -0.001 -13"><span class='ocrx_word' id='word_1_83' title='bbox 798 1552 1034 1607; x_wconf 84' lang='lat' dir='ltr'><strong>surrexit</strong></span> <span class='ocrx_word' id='word_1_84' title='bbox 1067 1553 1209 1605; x_wconf 89' lang='lat' dir='ltr'><strong>enim</strong></span> <span class='ocrx_word' id='word_1_85' title='bbox 1252 1553 1427 1620; x_wconf 89' lang='lat' dir='ltr'><strong>primo</strong></span> <span class='ocrx_word' id='word_1_86' title='bbox 1474 1552 1732 1613; x_wconf 89' lang='lat' dir='ltr'><strong>diluculo,</strong></span> <span class='ocrx_word' id='word_1_87' title='bbox 1767 1560 1821 1604; x_wconf 89' lang='lat' dir='ltr'><strong>et</strong></span> <span class='ocrx_word' id='word_1_88' title='bbox 1862 1551 2004 1604; x_wconf 82' lang='lat' dir='ltr'><strong>viam</strong></span> <span class='ocrx_word' id='word_1_89' title='bbox 2040 1551 2290 1605; x_wconf 73' lang='lat' dir='ltr'><strong>humana:</strong></span> 
     </span>
    </p>
   </div>
   <div class='ocr_carea' id='block_1_17' title="bbox 805 1643 2290 1712">
    <p class='ocr_par' dir='ltr' id='par_1_17' title="bbox 805 1643 2290 1712">
     <span class='ocr_line' id='line_1_17' title="bbox 805 1643 2290 1712; baseline -0.001 -14"><span class='ocrx_word' id='word_1_90' title='bbox 805 1654 1012 1698; x_wconf 63' lang='lat' dir='ltr'><strong>natura:</strong></span> <span class='ocrx_word' id='word_1_91' title='bbox 1052 1644 1280 1697; x_wconf 81' lang='lat' dir='ltr'><strong>munivit</strong></span> <span class='ocrx_word' id='word_1_92' title='bbox 1325 1645 1390 1698; x_wconf 86' lang='lat' dir='ltr'><strong>ad</strong></span> <span class='ocrx_word' id='word_1_93' title='bbox 1428 1644 1913 1712; x_wconf 74' lang='lat' dir='ltr'><strong>incorruptionem.</strong></span> <span class='ocrx_word' id='word_1_94' title='bbox 1964 1643 2123 1696; x_wconf 85' lang='lat' dir='ltr'><strong>Canit</strong></span> <span class='ocrx_word' id='word_1_95' title='bbox 2162 1658 2290 1696; x_wconf 89' lang='lat' dir='ltr'><strong>vero</strong></span> 
     </span>
    </p>
   </div>
   <div class='ocr_carea' id='block_1_18' title="bbox 807 1734 2290 1806">
    <p class='ocr_par' dir='ltr' id='par_1_18' title="bbox 807 1734 2290 1806">
     <span class='ocr_line' id='line_1_18' title="bbox 807 1734 2290 1806; baseline -0.002 -15"><span class='ocrx_word' id='word_1_96' title='bbox 807 1737 1075 1806; x_wconf 86' lang='lat' dir='ltr'><strong>psalmum</strong></span> <span class='ocrx_word' id='word_1_97' title='bbox 1112 1735 1365 1789; x_wconf 83' lang='lat' dir='ltr'><strong>Christus</strong></span> <span class='ocrx_word' id='word_1_98' title='bbox 1416 1751 1479 1788; x_wconf 84' lang='lat' dir='ltr'><strong>ex</strong></span> <span class='ocrx_word' id='word_1_99' title='bbox 1535 1750 1766 1803; x_wconf 83' lang='lat' dir='ltr'><strong>persona</strong></span> <span class='ocrx_word' id='word_1_100' title='bbox 1824 1734 2196 1789; x_wconf 90' lang='lat' dir='ltr'><strong>humanitatis.</strong></span> <span class='ocrx_word' id='word_1_101' title='bbox 2228 1738 2290 1788; x_wconf 83' lang='grc' dir='ltr'><strong>Α·</strong></span> 
     </span>
    </p>
   </div>
   <div class='ocr_carea' id='block_1_19' title="bbox 794 1824 2293 1896">
    <p class='ocr_par' dir='ltr' id='par_1_19' title="bbox 794 1824 2293 1896">
     <span class='ocr_line' id='line_1_19' title="bbox 794 1824 2293 1896; baseline -0.001 -17"><span class='ocrx_word' id='word_1_102' title='bbox 794 1838 943 1896; x_wconf 85' lang='lat' dir='ltr'><strong>perte</strong></span> <span class='ocrx_word' id='word_1_103' title='bbox 972 1837 1149 1881; x_wconf 87' lang='lat' dir='ltr'><strong>autem</strong></span> <span class='ocrx_word' id='word_1_104' title='bbox 1184 1842 1244 1880; x_wconf 90' lang='lat' dir='ltr'><strong>ea</strong></span> <span class='ocrx_word' id='word_1_105' title='bbox 1277 1834 1465 1879; x_wconf 85' lang='lat' dir='ltr'><strong>narrat</strong></span> <span class='ocrx_word' id='word_1_106' title='bbox 1490 1842 1612 1896; x_wconf 68' lang='lat' dir='ltr'><strong>qua:</strong></span> <span class='ocrx_word' id='word_1_107' title='bbox 1647 1826 1828 1882; x_wconf 85' lang='lat' dir='ltr'><strong>crucis</strong></span> <span class='ocrx_word' id='word_1_108' title='bbox 1869 1834 2107 1895; x_wconf 89' lang='lat' dir='ltr'><strong>tempore</strong></span> <span class='ocrx_word' id='word_1_109' title='bbox 2145 1840 2172 1879; x_wconf 83' lang='lat' dir='ltr'><strong>a</strong></span> <span class='ocrx_word' id='word_1_110' title='bbox 2206 1824 2293 1879; x_wconf 86' lang='lat' dir='ltr'><strong>Ju-</strong></span> 
     </span>
    </p>
   </div>
   <div class='ocr_carea' id='block_1_20' title="bbox 806 1919 1428 1988">
    <p class='ocr_par' dir='ltr' id='par_1_20' title="bbox 806 1919 1428 1988">
     <span class='ocr_line' id='line_1_20' title="bbox 806 1919 1428 1988; baseline -0.01 -13"><span class='ocrx_word' id='word_1_111' title='bbox 806 1920 937 1975; x_wconf 75' lang='lat' dir='ltr'><strong>dazis</strong></span> <span class='ocrx_word' id='word_1_112' title='bbox 966 1920 1114 1974; x_wconf 90' lang='lat' dir='ltr'><strong>illata</strong></span> <span class='ocrx_word' id='word_1_113' title='bbox 1148 1919 1249 1988; x_wconf 91' lang='lat' dir='ltr'><strong>ipsi</strong></span> <span class='ocrx_word' id='word_1_114' title='bbox 1282 1927 1428 1972; x_wconf 84' lang='lat' dir='ltr'><strong>sunt.</strong></span> 
     </span>
    </p>
   </div>
   <div class='ocr_carea' id='block_1_21' title="bbox 802 2115 2295 2183">
    <p class='ocr_par' dir='ltr' id='par_1_21' title="bbox 802 2115 2295 2183">
     <span class='ocr_line' id='line_1_21' title="bbox 802 2115 2295 2183; baseline -0.003 -11"><span class='ocrx_word' id='word_1_115' title='bbox 802 2117 858 2172; x_wconf 64' lang='grc' dir='ltr'>Ξ.</span> <span class='ocrx_word' id='word_1_116' title='bbox 892 2116 1050 2179; x_wconf 82' lang='lat' dir='ltr'><strong>Deus,</strong></span> <span class='ocrx_word' id='word_1_117' title='bbox 1078 2115 1215 2170; x_wconf 90' lang='lat' dir='ltr'><strong>Deus</strong></span> <span class='ocrx_word' id='word_1_118' title='bbox 1245 2133 1409 2180; x_wconf 81' lang='lat' dir='ltr'><strong>meus,</strong></span> <span class='ocrx_word' id='word_1_119' title='bbox 1449 2116 1644 2183; x_wconf 81' lang='lat' dir='ltr'><strong>respice</strong></span> <span class='ocrx_word' id='word_1_120' title='bbox 1681 2116 1734 2167; x_wconf 86' lang='lat' dir='ltr'><strong>in</strong></span> <span class='ocrx_word' id='word_1_121' title='bbox 1759 2133 1878 2168; x_wconf 88' lang='lat' dir='ltr'><strong>me:</strong></span> <span class='ocrx_word' id='word_1_122' title='bbox 1909 2132 2071 2183; x_wconf 85' lang='lat' dir='ltr'><strong>quare</strong></span> <span class='ocrx_word' id='word_1_123' title='bbox 2101 2131 2176 2167; x_wconf 87' lang='lat' dir='ltr'><strong>me</strong></span> <span class='ocrx_word' id='word_1_124' title='bbox 2205 2115 2295 2167; x_wconf 84' lang='lat' dir='ltr'><strong>de-</strong></span> 
     </span>
    </p>
   </div>
   <div class='ocr_carea' id='block_1_22' title="bbox 734 2206 2292 2278">
    <p class='ocr_par' dir='ltr' id='par_1_22' title="bbox 734 2206 2292 2278">
     <span class='ocr_line' id='line_1_22' title="bbox 734 2206 2292 2278; baseline -0.004 -15"><span class='ocrx_word' id='word_1_125' title='bbox 734 2208 993 2278; x_wconf 72' lang='lat' dir='ltr'><strong>reliquisti</strong></span> <span class='ocrx_word' id='word_1_126' title='bbox 1026 2211 1049 2262; x_wconf 72' lang='grc'><strong><em>7</em></strong></span> <span class='ocrx_word' id='word_1_127' title='bbox 1080 2209 1325 2263; x_wconf 87' lang='lat' dir='ltr'><strong>Postulat</strong></span> <span class='ocrx_word' id='word_1_128' title='bbox 1356 2210 1745 2276; x_wconf 86' lang='lat' dir='ltr'><strong>inspectiouem</strong></span> <span class='ocrx_word' id='word_1_129' title='bbox 1786 2207 1986 2268; x_wconf 84' lang='lat' dir='ltr'><strong>Patris,</strong></span> <span class='ocrx_word' id='word_1_130' title='bbox 2023 2217 2207 2259; x_wconf 78' lang='lat' dir='ltr'><strong>nostra</strong></span> <span class='ocrx_word' id='word_1_131' title='bbox 2240 2206 2292 2257; x_wconf 91' lang='lat' dir='ltr'><strong>in</strong></span> 
     </span>
    </p>
   </div>
   <div class='ocr_carea' id='block_1_23' title="bbox 734 2294 2292 2370">
    <p class='ocr_par' dir='ltr' id='par_1_23' title="bbox 734 2294 2292 2370">
     <span class='ocr_line' id='line_1_23' title="bbox 734 2294 2292 2370; baseline -0.006 -14"><span class='ocrx_word' id='word_1_132' title='bbox 734 2315 855 2356; x_wconf 79' lang='lat' dir='ltr'><strong>sese</strong></span> <span class='ocrx_word' id='word_1_133' title='bbox 892 2300 1249 2363; x_wconf 82' lang='lat' dir='ltr'><strong>transferens,</strong></span> <span class='ocrx_word' id='word_1_134' title='bbox 1299 2310 1357 2351; x_wconf 93' lang='lat' dir='ltr'><strong>ut</strong></span> <span class='ocrx_word' id='word_1_135' title='bbox 1405 2301 1693 2369; x_wconf 78' lang='lat' dir='ltr'><strong>abrogaret</strong></span> <span class='ocrx_word' id='word_1_136' title='bbox 1740 2298 1865 2370; x_wconf 91' lang='lat' dir='ltr'><strong>[nos</strong></span> <span class='ocrx_word' id='word_1_137' title='bbox 1905 2298 2006 2366; x_wconf 88' lang='lat' dir='ltr'><strong>ipsi</strong></span> <span class='ocrx_word' id='word_1_138' title='bbox 2051 2294 2292 2349; x_wconf 87' lang='lat' dir='ltr'><strong>derelicti</strong></span> 
     </span>
    </p>
   </div>
   <div class='ocr_carea' id='block_1_24' title="bbox 733 2388 2298 2463">
    <p class='ocr_par' dir='ltr' id='par_1_24' title="bbox 733 2388 2298 2463">
     <span class='ocr_line' id='line_1_24' title="bbox 733 2388 2298 2463; baseline -0.005 -16"><span class='ocrx_word' id='word_1_139' title='bbox 733 2393 910 2463; x_wconf 88' lang='lat' dir='ltr'><strong>prius,</strong></span> <span class='ocrx_word' id='word_1_140' title='bbox 953 2406 1099 2445; x_wconf 88' lang='lat' dir='ltr'><strong>nunc</strong></span> <span class='ocrx_word' id='word_1_141' title='bbox 1126 2399 1304 2444; x_wconf 90' lang='lat' dir='ltr'><strong>autem</strong></span> <span class='ocrx_word' id='word_1_142' title='bbox 1351 2392 1617 2461; x_wconf 90' lang='lat' dir='ltr'><strong>assumpli</strong></span> <span class='ocrx_word' id='word_1_143' title='bbox 1649 2406 1711 2445; x_wconf 89' lang='lat' dir='ltr'><strong>ac</strong></span> <span class='ocrx_word' id='word_1_144' title='bbox 1759 2390 1933 2443; x_wconf 88' lang='lat' dir='ltr'><strong>salute</strong></span> <span class='ocrx_word' id='word_1_145' title='bbox 1977 2388 2162 2441; x_wconf 80' lang='lat' dir='ltr'><strong>donati</strong></span> <span class='ocrx_word' id='word_1_146' title='bbox 2210 2402 2298 2441; x_wconf 83' lang='lat' dir='ltr'><strong>su-</strong></span> 
     </span>
    </p>
   </div>
   <div class='ocr_carea' id='block_1_25' title="bbox 735 2479 2290 2551">
    <p class='ocr_par' dir='ltr' id='par_1_25' title="bbox 735 2479 2290 2551">
     <span class='ocr_line' id='line_1_25' title="bbox 735 2479 2290 2551; baseline -0.005 -13"><span class='ocrx_word' id='word_1_147' title='bbox 735 2499 879 2538; x_wconf 86' lang='lat' dir='ltr'><strong>mus.</strong></span> <span class='ocrx_word' id='word_1_148' title='bbox 916 2481 1041 2538; x_wconf 66' lang='lat' dir='ltr'><strong>Han:</strong></span> <span class='ocrx_word' id='word_1_149' title='bbox 1070 2483 1198 2537; x_wconf 91' lang='lat' dir='ltr'><strong>dicit</strong></span> <span class='ocrx_word' id='word_1_150' title='bbox 1223 2492 1279 2536; x_wconf 87' lang='lat' dir='ltr'><strong>ut</strong></span> <span class='ocrx_word' id='word_1_151' title='bbox 1311 2483 1616 2551; x_wconf 80' lang='lat' dir='ltr'><strong>abrogaret,</strong></span> <span class='ocrx_word' id='word_1_152' title='bbox 1658 2480 1809 2549; x_wconf 74' lang='lat' dir='ltr'><strong>etc.]</strong></span> <span class='ocrx_word' id='word_1_153' title='bbox 1838 2479 2290 2540; x_wconf 89' lang='lat' dir='ltr'><strong>maledictionem,</strong></span> 
     </span>
    </p>
   </div>
   <div class='ocr_carea' id='block_1_26' title="bbox 735 2569 2296 2631">
    <p class='ocr_par' dir='ltr' id='par_1_26' title="bbox 735 2569 2296 2631">
     <span class='ocr_line' id='line_1_26' title="bbox 735 2569 2296 2631; baseline -0.005 0"><span class='ocrx_word' id='word_1_154' title='bbox 735 2584 791 2631; x_wconf 81' lang='lat' dir='ltr'><strong>et</strong></span> <span class='ocrx_word' id='word_1_155' title='bbox 827 2576 895 2630; x_wconf 89' lang='lat' dir='ltr'><strong>ad</strong></span> <span class='ocrx_word' id='word_1_156' title='bbox 929 2591 1027 2631; x_wconf 92' lang='lat' dir='ltr'><strong>nos</strong></span> <span class='ocrx_word' id='word_1_157' title='bbox 1062 2575 1269 2629; x_wconf 83' lang='lat' dir='ltr'><strong>vultum</strong></span> <span class='ocrx_word' id='word_1_158' title='bbox 1315 2572 1495 2627; x_wconf 87' lang='lat' dir='ltr'><strong>Patris</strong></span> <span class='ocrx_word' id='word_1_159' title='bbox 1545 2573 1856 2627; x_wconf 87' lang='lat' dir='ltr'><strong>adduceret.</strong></span> <span class='ocrx_word' id='word_1_160' title='bbox 1905 2569 2015 2625; x_wconf 84' lang='lat' dir='ltr'><strong>Nos</strong></span> <span class='ocrx_word' id='word_1_161' title='bbox 2049 2572 2191 2625; x_wconf 90' lang='lat' dir='ltr'><strong>enim</strong></span> <span class='ocrx_word' id='word_1_162' title='bbox 2224 2570 2296 2624; x_wconf 92' lang='lat' dir='ltr'><strong>ob</strong></span> 
     </span>
    </p>
   </div>
   <div class='ocr_carea' id='block_1_27' title="bbox 733 2663 2295 2739">
    <p class='ocr_par' dir='ltr' id='par_1_27' title="bbox 733 2663 2295 2739">
     <span class='ocr_line' id='line_1_27' title="bbox 733 2663 2295 2739; baseline -0.003 -18"><span class='ocrx_word' id='word_1_163' title='bbox 733 2671 863 2724; x_wconf 75' lang='lat' dir='ltr'><strong>Atla:</strong></span> <span class='ocrx_word' id='word_1_164' title='bbox 888 2668 1385 2739; x_wconf 77' lang='lat' dir='ltr'><strong>przevaricationem</strong></span> <span class='ocrx_word' id='word_1_165' title='bbox 1436 2666 1489 2718; x_wconf 91' lang='lat' dir='ltr'><strong>in</strong></span> <span class='ocrx_word' id='word_1_166' title='bbox 1525 2666 1860 2719; x_wconf 84' lang='lat' dir='ltr'><strong>aversionem</strong></span> <span class='ocrx_word' id='word_1_167' title='bbox 1914 2674 1967 2719; x_wconf 90' lang='lat' dir='ltr'><strong>et</strong></span> <span class='ocrx_word' id='word_1_168' title='bbox 1996 2663 2295 2718; x_wconf 84' lang='lat' dir='ltr'><strong>derelictio-</strong></span> 
     </span>
    </p>
   </div>
   <div class='ocr_carea' id='block_1_28' title="bbox 737 2755 2295 2829">
    <p class='ocr_par' dir='ltr' id='par_1_28' title="bbox 737 2755 2295 2829">
     <span class='ocr_line' id='line_1_28' title="bbox 737 2755 2295 2829; baseline -0.007 -13"><span class='ocrx_word' id='word_1_169' title='bbox 737 2778 859 2816; x_wconf 87' lang='lat' dir='ltr'><strong>nem</strong></span> <span class='ocrx_word' id='word_1_170' title='bbox 889 2762 1015 2816; x_wconf 80' lang='lat' dir='ltr'><strong>facti</strong></span> <span class='ocrx_word' id='word_1_171' title='bbox 1044 2777 1252 2815; x_wconf 92' lang='lat' dir='ltr'><strong>sumus.</strong></span> <span class='ocrx_word' id='word_1_172' title='bbox 1286 2759 1459 2829; x_wconf 87' lang='lat' dir='ltr'><strong>Longe</strong></span> <span class='ocrx_word' id='word_1_173' title='bbox 1488 2775 1519 2811; x_wconf 91' lang='lat' dir='ltr'><strong>a</strong></span> <span class='ocrx_word' id='word_1_174' title='bbox 1554 2758 1725 2811; x_wconf 86' lang='lat' dir='ltr'><strong>salute</strong></span> <span class='ocrx_word' id='word_1_175' title='bbox 1756 2774 1872 2811; x_wconf 84' lang='lat' dir='ltr'><strong>mea</strong></span> <span class='ocrx_word' id='word_1_176' title='bbox 1896 2758 2047 2809; x_wconf 79' lang='lat' dir='ltr'><strong>verba</strong></span> <span class='ocrx_word' id='word_1_177' title='bbox 2074 2755 2295 2809; x_wconf 82' lang='lat' dir='ltr'><strong>delicto-</strong></span> 
     </span>
    </p>
   </div>
   <div class='ocr_carea' id='block_1_29' title="bbox 735 2842 2293 2918">
    <p class='ocr_par' dir='ltr' id='par_1_29' title="bbox 735 2842 2293 2918">
     <span class='ocr_line' id='line_1_29' title="bbox 735 2842 2293 2918; baseline -0.008 -14"><span class='ocrx_word' id='word_1_178' title='bbox 735 2868 854 2906; x_wconf 72' lang='lat' dir='ltr'><strong>rum</strong></span> <span class='ocrx_word' id='word_1_179' title='bbox 888 2867 1138 2905; x_wconf 85' lang='lat' dir='ltr'><strong>meorum.</strong></span> <span class='ocrx_word' id='word_1_180' title='bbox 1174 2848 1324 2914; x_wconf 82' lang='lat' dir='ltr'><strong>Mihi,</strong></span> <span class='ocrx_word' id='word_1_181' title='bbox 1354 2864 1562 2918; x_wconf 66' lang='lat' dir='ltr'><strong>quaeso,</strong></span> <span class='ocrx_word' id='word_1_182' title='bbox 1590 2847 1957 2901; x_wconf 85' lang='lat' dir='ltr'><strong>animadverte</strong></span> <span class='ocrx_word' id='word_1_183' title='bbox 1982 2842 2293 2897; x_wconf 86' lang='lat' dir='ltr'><strong>humanita-</strong></span> 
     </span>
    </p>
   </div>
   <div class='ocr_carea' id='block_1_30' title="bbox 736 2934 2294 3009">
    <p class='ocr_par' dir='ltr' id='par_1_30' title="bbox 736 2934 2294 3009">
     <span class='ocr_line' id='line_1_30' title="bbox 736 2934 2294 3009; baseline -0.008 -12"><span class='ocrx_word' id='word_1_184' title='bbox 736 2944 807 2997; x_wconf 85' lang='lat' dir='ltr'><strong>tis</strong></span> <span class='ocrx_word' id='word_1_185' title='bbox 846 2944 901 2996; x_wconf 88' lang='lat' dir='ltr'><strong>in</strong></span> <span class='ocrx_word' id='word_1_186' title='bbox 954 2942 1173 2997; x_wconf 88' lang='lat' dir='ltr'><strong>Christo</strong></span> <span class='ocrx_word' id='word_1_187' title='bbox 1219 2954 1533 3009; x_wconf 89' lang='lat' dir='ltr'><strong>personam,</strong></span> <span class='ocrx_word' id='word_1_188' title='bbox 1595 2937 1954 3007; x_wconf 88' lang='lat' dir='ltr'><strong>postulantem</strong></span> <span class='ocrx_word' id='word_1_189' title='bbox 2004 2934 2219 2987; x_wconf 87' lang='lat' dir='ltr'><strong>liberari</strong></span> <span class='ocrx_word' id='word_1_190' title='bbox 2265 2949 2294 2986; x_wconf 88' lang='lat' dir='ltr'><strong>a</strong></span> 
     </span>
    </p>
   </div>
   <div class='ocr_carea' id='block_1_31' title="bbox 738 3028 2296 3103">
    <p class='ocr_par' dir='ltr' id='par_1_31' title="bbox 738 3028 2296 3103">
     <span class='ocr_line' id='line_1_31' title="bbox 738 3028 2296 3103; baseline -0.006 -17"><span class='ocrx_word' id='word_1_191' title='bbox 738 3033 980 3103; x_wconf 86' lang='lat' dir='ltr'><strong>lapsibus</strong></span> <span class='ocrx_word' id='word_1_192' title='bbox 1018 3046 1112 3086; x_wconf 89' lang='lat' dir='ltr'><strong>seu</strong></span> <span class='ocrx_word' id='word_1_193' title='bbox 1140 3045 1169 3083; x_wconf 85' lang='lat' dir='ltr'><strong>a</strong></span> <span class='ocrx_word' id='word_1_194' title='bbox 1197 3029 1427 3091; x_wconf 85' lang='lat' dir='ltr'><strong>delictis.</strong></span> <span class='ocrx_word' id='word_1_195' title='bbox 1450 3038 1504 3082; x_wconf 91' lang='lat' dir='ltr'><strong>et</strong></span> <span class='ocrx_word' id='word_1_196' title='bbox 1534 3045 1562 3081; x_wconf 91' lang='lat' dir='ltr'><strong>a</strong></span> <span class='ocrx_word' id='word_1_197' title='bbox 1586 3028 1929 3083; x_wconf 78' lang='lat' dir='ltr'><strong>sermonibus</strong></span> <span class='ocrx_word' id='word_1_198' title='bbox 1962 3042 2019 3080; x_wconf 88' lang='lat' dir='ltr'><strong>ea</strong></span> <span class='ocrx_word' id='word_1_199' title='bbox 2056 3036 2296 3095; x_wconf 89' lang='lat' dir='ltr'><strong>spectan-</strong></span> 
     </span>
    </p>
   </div>
   <div class='ocr_carea' id='block_1_32' title="bbox 2384 545 3928 621">
    <p class='ocr_par' dir='ltr' id='par_1_32' title="bbox 2384 545 3928 621">
     <span class='ocr_line' id='line_1_32' title="bbox 2384 545 3928 621; baseline 0.003 -25"><span class='ocrx_word' id='word_1_200' title='bbox 2384 561 2499 611; x_wconf 82' lang='grc' dir='ltr'><strong>μεν</strong></span> <span class='ocrx_word' id='word_1_201' title='bbox 2531 545 2627 599; x_wconf 83' lang='grc' dir='ltr'><strong>καί</strong></span> <span class='ocrx_word' id='word_1_202' title='bbox 2656 547 2969 614; x_wconf 67' lang='grc' dir='ltr'>ψαλοῦμεν</span> <span class='ocrx_word' id='word_1_203' title='bbox 2993 546 3098 610; x_wconf 85' lang='grc' dir='ltr'>τὰς</span> <span class='ocrx_word' id='word_1_204' title='bbox 3125 545 3482 613; x_wconf 76' lang='grc' dir='ltr'><strong>δυναστείας</strong></span> <span class='ocrx_word' id='word_1_205' title='bbox 3513 562 3649 601; x_wconf 89' lang='grc' dir='ltr'>σου.</span> <span class='ocrx_word' id='word_1_206' title='bbox 3684 546 3813 599; x_wconf 87' lang='grc' dir='ltr'>Τότε</span> <span class='ocrx_word' id='word_1_207' title='bbox 3845 549 3928 621; x_wconf 67' lang='grc' dir='ltr'>γὰρ</span> 
     </span>
    </p>
   </div>
   <div class='ocr_carea' id='block_1_33' title="bbox 2389 637 3927 709">
    <p class='ocr_par' dir='ltr' id='par_1_33' title="bbox 2389 637 3927 709">
     <span class='ocr_line' id='line_1_33' title="bbox 2389 637 3927 709; baseline 0.002 -19"><span class='ocrx_word' id='word_1_208' title='bbox 2389 640 2537 690; x_wconf 73' lang='grc' dir='ltr'>πᾶσα</span> <span class='ocrx_word' id='word_1_209' title='bbox 2565 637 2785 691; x_wconf 85' lang='grc' dir='ltr'>δικαίων</span> <span class='ocrx_word' id='word_1_210' title='bbox 2814 638 2989 709; x_wconf 69' lang='grc' dir='ltr'>ψυχὴ,</span> <span class='ocrx_word' id='word_1_211' title='bbox 3027 641 3083 691; x_wconf 83' lang='grc' dir='ltr'><strong>ἐν</strong></span> <span class='ocrx_word' id='word_1_212' title='bbox 3131 642 3249 701; x_wconf 77' lang='grc' dir='ltr'>ταῖς</span> <span class='ocrx_word' id='word_1_213' title='bbox 3293 639 3404 692; x_wconf 82' lang='grc' dir='ltr'>ἄνω</span> <span class='ocrx_word' id='word_1_214' title='bbox 3439 638 3705 708; x_wconf 82' lang='grc' dir='ltr'><strong>γενομένη</strong></span> <span class='ocrx_word' id='word_1_215' title='bbox 3747 643 3927 707; x_wconf 81' lang='grc' dir='ltr'>μοναῑς,</span> 
     </span>
    </p>
   </div>
   <div class='ocr_carea' id='block_1_34' title="bbox 2388 727 3576 800">
    <p class='ocr_par' dir='ltr' id='par_1_34' title="bbox 2388 727 3576 800">
     <span class='ocr_line' id='line_1_34' title="bbox 2388 727 3576 800; baseline 0.004 -22"><span class='ocrx_word' id='word_1_216' title='bbox 2388 727 2483 789; x_wconf 68' lang='grc' dir='ltr'><strong>τὰς</strong></span> <span class='ocrx_word' id='word_1_217' title='bbox 2516 728 2880 796; x_wconf 76' lang='grc' dir='ltr'><strong>πνευματικὰς</strong></span> <span class='ocrx_word' id='word_1_218' title='bbox 2922 730 3230 799; x_wconf 78' lang='grc' dir='ltr'>ἀναπέμπει</span> <span class='ocrx_word' id='word_1_219' title='bbox 3261 729 3526 799; x_wconf 82' lang='grc' dir='ltr'><strong>λατρείας.</strong></span> <span class='ocrx_word' id='word_1_220' title='bbox 3556 728 3576 800; x_wconf 94' lang='grc'>]</span> 
     </span>
    </p>
   </div>
   <div class='ocr_carea' id='block_1_35' title="bbox 2383 818 3925 889">
    <p class='ocr_par' dir='ltr' id='par_1_35' title="bbox 2383 818 3925 889">
     <span class='ocr_line' id='line_1_35' title="bbox 2383 818 3925 889; baseline 0.003 -20"><span class='ocrx_word' id='word_1_221' title='bbox 2383 818 2485 882; x_wconf 80' lang='grc' dir='ltr'><strong>Εἰς</strong></span> <span class='ocrx_word' id='word_1_222' title='bbox 2517 819 2581 871; x_wconf 85' lang='grc' dir='ltr'>τὸ</span> <span class='ocrx_word' id='word_1_223' title='bbox 2615 820 2808 884; x_wconf 77' lang='grc' dir='ltr'>τέλος,</span> <span class='ocrx_word' id='word_1_224' title='bbox 2843 820 2993 888; x_wconf 81' lang='grc' dir='ltr'>ὑπὲρ</span> <span class='ocrx_word' id='word_1_225' title='bbox 3019 820 3136 888; x_wconf 75' lang='grc' dir='ltr'>τῆς</span> <span class='ocrx_word' id='word_1_226' title='bbox 3152 820 3527 888; x_wconf 71' lang='grc' dir='ltr'><strong>ἀντιλήψεως</strong></span> <span class='ocrx_word' id='word_1_227' title='bbox 3554 819 3661 889; x_wconf 82' lang='grc' dir='ltr'>τῆς</span> <span class='ocrx_word' id='word_1_228' title='bbox 3684 818 3925 889; x_wconf 78' lang='grc' dir='ltr'>ἑωθινῆς,</span> 
     </span>
    </p>
   </div>
   <div class='ocr_carea' id='block_1_36' title="bbox 2769 912 3580 977">
    <p class='ocr_par' dir='ltr' id='par_1_36' title="bbox 2769 912 3580 977">
     <span class='ocr_line' id='line_1_36' title="bbox 2769 912 3580 977; baseline 0.001 -12"><span class='ocrx_word' id='word_1_229' title='bbox 2769 914 3065 965; x_wconf 84' lang='grc' dir='ltr'><strong>ΨΑΛΜΟΣ</strong></span> <span class='ocrx_word' id='word_1_230' title='bbox 3096 912 3175 977; x_wconf 86' lang='grc' dir='ltr'>τῷ</span> <span class='ocrx_word' id='word_1_231' title='bbox 3207 913 3403 967; x_wconf 84' lang='grc' dir='ltr'>Δαυΐδ.</span> <span class='ocrx_word' id='word_1_232' title='bbox 3452 916 3580 969; x_wconf 78' lang='lat' dir='ltr'><strong>KA&#39;.</strong></span> 
     </span>
    </p>
   </div>
   <div class='ocr_carea' id='block_1_37' title="bbox 3023 1004 3346 1070">
    <p class='ocr_par' dir='ltr' id='par_1_37' title="bbox 3023 1004 3346 1070">
     <span class='ocr_line' id='line_1_37' title="bbox 3023 1004 3346 1070; baseline 0.006 -15"><span class='ocrx_word' id='word_1_233' title='bbox 3023 1004 3346 1070; x_wconf 80' lang='grc' dir='ltr'>Ὑπόθεσις.</span> 
     </span>
    </p>
   </div>
   <div class='ocr_carea' id='block_1_38' title="bbox 2393 1092 3931 1171">
    <p class='ocr_par' dir='ltr' id='par_1_38' title="bbox 2393 1092 3931 1171">
     <span class='ocr_line' id='line_1_38' title="bbox 2393 1092 3931 1171; baseline 0.006 -28"><span class='ocrx_word' id='word_1_234' title='bbox 2393 1092 2608 1163; x_wconf 78' lang='grc' dir='ltr'>’ᾼδεται</span> <span class='ocrx_word' id='word_1_235' title='bbox 2647 1095 2675 1145; x_wconf 90' lang='grc' dir='ltr'>ὁ</span> <span class='ocrx_word' id='word_1_236' title='bbox 2714 1096 3067 1165; x_wconf 77' lang='grc' dir='ltr'><strong>προκείμενος</strong></span> <span class='ocrx_word' id='word_1_237' title='bbox 3093 1095 3305 1166; x_wconf 80' lang='grc' dir='ltr'>ψαλμὸς</span> <span class='ocrx_word' id='word_1_238' title='bbox 3337 1098 3474 1170; x_wconf 81' lang='grc' dir='ltr'>ὑπὲρ</span> <span class='ocrx_word' id='word_1_239' title='bbox 3501 1098 3598 1169; x_wconf 85' lang='grc' dir='ltr'><strong>τῆς</strong></span> <span class='ocrx_word' id='word_1_240' title='bbox 3625 1099 3931 1171; x_wconf 73' lang='grc' dir='ltr'><strong>ἀντιλήψεως</strong></span> 
     </span>
    </p>
   </div>
   <div class='ocr_carea' id='block_1_39' title="bbox 2459 1186 3933 1261">
    <p class='ocr_par' dir='ltr' id='par_1_39' title="bbox 2459 1186 3933 1261">
     <span class='ocr_line' id='line_1_39' title="bbox 2459 1186 3933 1261; baseline 0.007 -25"><span class='ocrx_word' id='word_1_241' title='bbox 2459 1187 2557 1254; x_wconf 77' lang='grc' dir='ltr'>τῆς</span> <span class='ocrx_word' id='word_1_242' title='bbox 2586 1186 2828 1256; x_wconf 77' lang='grc' dir='ltr'>ἑωθινῆς.</span> <span class='ocrx_word' id='word_1_243' title='bbox 2865 1189 3149 1241; x_wconf 87' lang='grc' dir='ltr'>Τουτέστιν</span> <span class='ocrx_word' id='word_1_244' title='bbox 3172 1190 3251 1242; x_wconf 82' lang='grc' dir='ltr'>ὅτι</span> <span class='ocrx_word' id='word_1_245' title='bbox 3283 1190 3474 1253; x_wconf 86' lang='grc' dir='ltr'>νυκτὸς</span> <span class='ocrx_word' id='word_1_246' title='bbox 3498 1193 3590 1243; x_wconf 83' lang='grc' dir='ltr'>καὶ</span> <span class='ocrx_word' id='word_1_247' title='bbox 3616 1192 3813 1261; x_wconf 77' lang='grc' dir='ltr'>ἀχλύος</span> <span class='ocrx_word' id='word_1_248' title='bbox 3844 1195 3933 1247; x_wconf 81' lang='grc' dir='ltr'>δια·</span> 
     </span>
    </p>
   </div>
   <div class='ocr_carea' id='block_1_40' title="bbox 2460 1274 3930 1355">
    <p class='ocr_par' dir='ltr' id='par_1_40' title="bbox 2460 1274 3930 1355">
     <span class='ocr_line' id='line_1_40' title="bbox 2460 1274 3930 1355; baseline 0.008 -29"><span class='ocrx_word' id='word_1_249' title='bbox 2460 1274 2679 1347; x_wconf 82' lang='grc' dir='ltr'>ϐολικῆς</span> <span class='ocrx_word' id='word_1_250' title='bbox 2705 1277 3074 1349; x_wconf 74' lang='grc' dir='ltr'>ἠλευθέρωσεν</span> <span class='ocrx_word' id='word_1_251' title='bbox 3117 1282 3263 1350; x_wconf 77' lang='grc' dir='ltr'>ἡμᾶς</span> <span class='ocrx_word' id='word_1_252' title='bbox 3283 1321 3297 1343; x_wconf 92' lang='grc'><strong>,</strong></span> <span class='ocrx_word' id='word_1_253' title='bbox 3332 1282 3641 1352; x_wconf 78' lang='grc' dir='ltr'>ἐπιλάμψας</span> <span class='ocrx_word' id='word_1_254' title='bbox 3667 1286 3696 1336; x_wconf 97' lang='lat'><strong>6</strong></span> <span class='ocrx_word' id='word_1_255' title='bbox 3730 1302 3930 1355; x_wconf 72' lang='grc' dir='ltr'>μονογεο</span> 
     </span>
    </p>
   </div>
   <div class='ocr_carea' id='block_1_41' title="bbox 2458 1368 3935 1446">
    <p class='ocr_par' dir='ltr' id='par_1_41' title="bbox 2458 1368 3935 1446">
     <span class='ocr_line' id='line_1_41' title="bbox 2458 1368 3935 1446; baseline 0.007 -26"><span class='ocrx_word' id='word_1_256' title='bbox 2458 1369 2553 1439; x_wconf 77' lang='grc' dir='ltr'>νὴς</span> <span class='ocrx_word' id='word_1_257' title='bbox 2586 1368 2679 1421; x_wconf 90' lang='grc' dir='ltr'><strong>τοῦ</strong></span> <span class='ocrx_word' id='word_1_258' title='bbox 2708 1369 2841 1422; x_wconf 85' lang='grc' dir='ltr'>Θεοῦ</span> <span class='ocrx_word' id='word_1_259' title='bbox 2877 1372 3045 1439; x_wconf 80' lang='grc' dir='ltr'>Λόγος</span> <span class='ocrx_word' id='word_1_260' title='bbox 3073 1372 3299 1443; x_wconf 77' lang='grc' dir='ltr'><strong>ἀνατολὴ</strong></span> <span class='ocrx_word' id='word_1_261' title='bbox 3341 1374 3399 1438; x_wconf 82' lang='grc' dir='ltr'>ἐξ</span> <span class='ocrx_word' id='word_1_262' title='bbox 3432 1374 3597 1444; x_wconf 77' lang='grc' dir='ltr'>ῦψους</span> <span class='ocrx_word' id='word_1_263' title='bbox 3619 1376 3759 1431; x_wconf 81' lang='grc' dir='ltr'>κατὰ</span> <span class='ocrx_word' id='word_1_264' title='bbox 3784 1378 3935 1446; x_wconf 65' lang='lat' dir='ltr'><strong>167e-</strong></span> 
     </span>
    </p>
   </div>
   <div class='ocr_carea' id='block_1_42' title="bbox 2462 1461 3933 1537">
    <p class='ocr_par' dir='ltr' id='par_1_42' title="bbox 2462 1461 3933 1537">
     <span class='ocr_line' id='line_1_42' title="bbox 2462 1461 3933 1537; baseline 0.007 -23"><span class='ocrx_word' id='word_1_265' title='bbox 2462 1461 2795 1531; x_wconf 86' lang='grc' dir='ltr'>γραμμένον,</span> <span class='ocrx_word' id='word_1_266' title='bbox 2830 1463 2898 1514; x_wconf 86' lang='grc' dir='ltr'><strong>Ἦ</strong></span> <span class='ocrx_word' id='word_1_267' title='bbox 2921 1464 3013 1515; x_wconf 64' lang='grc' dir='ltr'><strong>κα)⁵</strong></span> <span class='ocrx_word' id='word_1_268' title='bbox 3042 1463 3320 1534; x_wconf 76' lang='grc' dir='ltr'><strong>ἀντίληψιν</strong></span> <span class='ocrx_word' id='word_1_269' title='bbox 3343 1466 3569 1535; x_wconf 78' lang='grc' dir='ltr'>ἑωθινὴν</span> <span class='ocrx_word' id='word_1_270' title='bbox 3595 1469 3682 1521; x_wconf 82' lang='grc' dir='ltr'>τὸν</span> <span class='ocrx_word' id='word_1_271' title='bbox 3706 1469 3805 1537; x_wconf 75' lang='grc' dir='ltr'>τῆς</span> <span class='ocrx_word' id='word_1_272' title='bbox 3821 1472 3933 1524; x_wconf 86' lang='grc' dir='ltr'>άνα-</span> 
     </span>
    </p>
   </div>
   <div class='ocr_carea' id='block_1_43' title="bbox 2460 1550 3935 1632">
    <p class='ocr_par' dir='ltr' id='par_1_43' title="bbox 2460 1550 3935 1632">
     <span class='ocr_line' id='line_1_43' title="bbox 2460 1550 3935 1632; baseline 0.008 -30"><span class='ocrx_word' id='word_1_273' title='bbox 2460 1552 2698 1614; x_wconf 88' lang='grc' dir='ltr'>στάσεως</span> <span class='ocrx_word' id='word_1_274' title='bbox 2728 1550 2822 1604; x_wconf 90' lang='grc' dir='ltr'><strong>τοῦ</strong></span> <span class='ocrx_word' id='word_1_275' title='bbox 2846 1553 3092 1623; x_wconf 82' lang='grc' dir='ltr'><strong>Σωτῆρος</strong></span> <span class='ocrx_word' id='word_1_276' title='bbox 3118 1555 3366 1622; x_wconf 75' lang='grc' dir='ltr'><strong>ὀνομάζει</strong></span> <span class='ocrx_word' id='word_1_277' title='bbox 3390 1558 3595 1628; x_wconf 86' lang='grc' dir='ltr'>καιρόν.</span> <span class='ocrx_word' id='word_1_278' title='bbox 3634 1559 3935 1632; x_wconf 83' lang='grc' dir='ltr'>Ἐγήγερτσι</span> 
     </span>
    </p>
   </div>
   <div class='ocr_carea' id='block_1_44' title="bbox 2465 1639 3936 1721">
    <p class='ocr_par' dir='ltr' id='par_1_44' title="bbox 2465 1639 3936 1721">
     <span class='ocr_line' id='line_1_44' title="bbox 2465 1639 3936 1721; baseline 0.009 -29"><span class='ocrx_word' id='word_1_279' title='bbox 2465 1639 2570 1713; x_wconf 78' lang='grc' dir='ltr'><strong>γὰρ</strong></span> <span class='ocrx_word' id='word_1_280' title='bbox 2609 1641 2804 1713; x_wconf 75' lang='grc' dir='ltr'>ὄρθρου</span> <span class='ocrx_word' id='word_1_281' title='bbox 2839 1642 3059 1712; x_wconf 84' lang='grc' dir='ltr'>βαθέος,</span> <span class='ocrx_word' id='word_1_282' title='bbox 3084 1644 3401 1717; x_wconf 83' lang='grc' dir='ltr'>ὁδοποιὴσας</span> <span class='ocrx_word' id='word_1_283' title='bbox 3428 1650 3492 1717; x_wconf 81' lang='grc' dir='ltr'>τῇ</span> <span class='ocrx_word' id='word_1_284' title='bbox 3530 1648 3826 1721; x_wconf 85' lang='grc' dir='ltr'>ἀνθρώπων</span> <span class='ocrx_word' id='word_1_285' title='bbox 3853 1652 3936 1720; x_wconf 81' lang='grc' dir='ltr'><strong>φύ-</strong></span> 
     </span>
    </p>
   </div>
   <div class='ocr_carea' id='block_1_45' title="bbox 2463 1737 3937 1820">
    <p class='ocr_par' dir='ltr' id='par_1_45' title="bbox 2463 1737 3937 1820">
     <span class='ocr_line' id='line_1_45' title="bbox 2463 1737 3937 1820; baseline 0.009 -32"><span class='ocrx_word' id='word_1_286' title='bbox 2463 1754 2545 1789; x_wconf 88' lang='grc' dir='ltr'><strong>σει</strong></span> <span class='ocrx_word' id='word_1_287' title='bbox 2573 1737 2670 1809; x_wconf 78' lang='grc' dir='ltr'>τὴν</span> <span class='ocrx_word' id='word_1_288' title='bbox 2696 1740 2775 1802; x_wconf 86' lang='grc' dir='ltr'><strong>εἰς</strong></span> <span class='ocrx_word' id='word_1_289' title='bbox 2804 1738 3110 1809; x_wconf 73' lang='grc' dir='ltr'>ἀφθαρσίαν</span> <span class='ocrx_word' id='word_1_290' title='bbox 3144 1741 3279 1797; x_wconf 83' lang='grc' dir='ltr'>ὁδόν.</span> <span class='ocrx_word' id='word_1_291' title='bbox 3337 1743 3485 1813; x_wconf 79' lang='grc' dir='ltr'>’ᾼδει</span> <span class='ocrx_word' id='word_1_292' title='bbox 3529 1745 3585 1798; x_wconf 87' lang='grc' dir='ltr'>δὲ</span> <span class='ocrx_word' id='word_1_293' title='bbox 3626 1746 3715 1801; x_wconf 88' lang='grc' dir='ltr'>τὸν</span> <span class='ocrx_word' id='word_1_294' title='bbox 3745 1748 3937 1820; x_wconf 80' lang='grc' dir='ltr'>ψαλμὸν</span> 
     </span>
    </p>
   </div>
   <div class='ocr_carea' id='block_1_46' title="bbox 2463 1831 3939 1911">
    <p class='ocr_par' dir='ltr' id='par_1_46' title="bbox 2463 1831 3939 1911">
     <span class='ocr_line' id='line_1_46' title="bbox 2463 1831 3939 1911; baseline 0.009 -28"><span class='ocrx_word' id='word_1_295' title='bbox 2463 1832 2491 1883; x_wconf 90' lang='lat'><strong>6</strong></span> <span class='ocrx_word' id='word_1_296' title='bbox 2519 1831 2749 1900; x_wconf 72' lang='grc' dir='ltr'>Χριστὸς</span> <span class='ocrx_word' id='word_1_297' title='bbox 2772 1832 2835 1884; x_wconf 86' lang='grc' dir='ltr'><strong>ἐκ</strong></span> <span class='ocrx_word' id='word_1_298' title='bbox 2854 1832 3143 1901; x_wconf 85' lang='grc' dir='ltr'>προσώπου</span> <span class='ocrx_word' id='word_1_299' title='bbox 3171 1835 3271 1904; x_wconf 81' lang='grc' dir='ltr'>τῆς</span> <span class='ocrx_word' id='word_1_300' title='bbox 3296 1836 3730 1911; x_wconf 84' lang='grc' dir='ltr'>ἀνθρωπότητος.</span> <span class='ocrx_word' id='word_1_301' title='bbox 3764 1844 3939 1911; x_wconf 82' lang='grc' dir='ltr'>Σαφῶς</span> 
     </span>
    </p>
   </div>
   <div class='ocr_carea' id='block_1_47' title="bbox 2462 1921 3940 1999">
    <p class='ocr_par' dir='ltr' id='par_1_47' title="bbox 2462 1921 3940 1999">
     <span class='ocr_line' id='line_1_47' title="bbox 2462 1921 3940 1999; baseline 0.012 -27"><span class='ocrx_word' id='word_1_302' title='bbox 2462 1921 2518 1973; x_wconf 83' lang='grc' dir='ltr'>δὲ</span> <span class='ocrx_word' id='word_1_303' title='bbox 2552 1923 2643 1973; x_wconf 73' lang='grc' dir='ltr'>καὶ</span> <span class='ocrx_word' id='word_1_304' title='bbox 2672 1922 2741 1975; x_wconf 77' lang='grc' dir='ltr'><strong>τὰ</strong></span> <span class='ocrx_word' id='word_1_305' title='bbox 2785 1923 3146 1993; x_wconf 79' lang='grc' dir='ltr'>συμϐαίνοντα</span> <span class='ocrx_word' id='word_1_306' title='bbox 3173 1926 3319 1996; x_wconf 80' lang='grc' dir='ltr'>αὐτῷ</span> <span class='ocrx_word' id='word_1_307' title='bbox 3357 1931 3507 1999; x_wconf 66' lang='grc' dir='ltr'>παρὰ</span> <span class='ocrx_word' id='word_1_308' title='bbox 3542 1933 3648 1985; x_wconf 84' lang='grc' dir='ltr'>τῶν</span> <span class='ocrx_word' id='word_1_309' title='bbox 3692 1934 3940 1988; x_wconf 83' lang='grc' dir='ltr'>Ἰουδαίων</span> 
     </span>
    </p>
   </div>
   <div class='ocr_carea' id='block_1_48' title="bbox 2464 2012 3680 2094">
    <p class='ocr_par' dir='ltr' id='par_1_48' title="bbox 2464 2012 3680 2094">
     <span class='ocr_line' id='line_1_48' title="bbox 2464 2012 3680 2094; baseline 0.01 -29"><span class='ocrx_word' id='word_1_310' title='bbox 2464 2014 2521 2065; x_wconf 90' lang='grc' dir='ltr'><strong>ἐν</strong></span> <span class='ocrx_word' id='word_1_311' title='bbox 2553 2012 2629 2082; x_wconf 82' lang='grc' dir='ltr'>τῷ</span> <span class='ocrx_word' id='word_1_312' title='bbox 2662 2014 2835 2084; x_wconf 82' lang='grc' dir='ltr'>καιρῷ</span> <span class='ocrx_word' id='word_1_313' title='bbox 2872 2014 2963 2067; x_wconf 90' lang='grc' dir='ltr'><strong>τοῦ</strong></span> <span class='ocrx_word' id='word_1_314' title='bbox 2996 2016 3225 2084; x_wconf 83' lang='grc' dir='ltr'>σταυροῦ</span> <span class='ocrx_word' id='word_1_315' title='bbox 3252 2017 3521 2090; x_wconf 79' lang='grc' dir='ltr'>ἐξηγεῖται</span> <span class='ocrx_word' id='word_1_316' title='bbox 3550 2024 3680 2094; x_wconf 75' lang='grc' dir='ltr'>ἡμῖν</span> 
     </span>
    </p>
   </div>
   <div class='ocr_carea' id='block_1_49' title="bbox 2477 2106 3942 2185">
    <p class='ocr_par' dir='ltr' id='par_1_49' title="bbox 2477 2106 3942 2185">
     <span class='ocr_line' id='line_1_49' title="bbox 2477 2106 3942 2185; baseline 0.01 -29"><span class='ocrx_word' id='word_1_317' title='bbox 2477 2106 2538 2156; x_wconf 88' lang='lat' dir='ltr'><strong>&#39;U</strong></span> <span class='ocrx_word' id='word_1_318' title='bbox 2556 2107 2697 2170; x_wconf 81' lang='grc' dir='ltr'>Θεὸς</span> <span class='ocrx_word' id='word_1_319' title='bbox 2731 2110 2761 2159; x_wconf 87' lang='grc' dir='ltr'><em>ὀ</em></span> <span class='ocrx_word' id='word_1_320' title='bbox 2781 2110 2923 2173; x_wconf 84' lang='grc' dir='ltr'>Θεός</span> <span class='ocrx_word' id='word_1_321' title='bbox 2946 2126 3087 2176; x_wconf 83' lang='grc' dir='ltr'>μου,</span> <span class='ocrx_word' id='word_1_322' title='bbox 3109 2112 3368 2178; x_wconf 83' lang='grc' dir='ltr'>πρόσχες</span> <span class='ocrx_word' id='word_1_323' title='bbox 3383 2129 3484 2181; x_wconf 87' lang='grc' dir='ltr'><strong>μοι</strong></span> <span class='ocrx_word' id='word_1_324' title='bbox 3502 2129 3517 2145; x_wconf 87' lang='grc'><strong>·</strong></span> <span class='ocrx_word' id='word_1_325' title='bbox 3534 2115 3633 2167; x_wconf 77' lang='grc' dir='ltr'>ἵνα</span> <span class='ocrx_word' id='word_1_326' title='bbox 3655 2116 3714 2169; x_wconf 84' lang='grc' dir='ltr'><strong>τί</strong></span> <span class='ocrx_word' id='word_1_327' title='bbox 3726 2116 3942 2185; x_wconf 77' lang='grc' dir='ltr'>ἐγκατέ-</span> 
     </span>
    </p>
   </div>
   <div class='ocr_carea' id='block_1_50' title="bbox 2394 2198 3941 2278">
    <p class='ocr_par' dir='ltr' id='par_1_50' title="bbox 2394 2198 3941 2278">
     <span class='ocr_line' id='line_1_50' title="bbox 2394 2198 3941 2278; baseline 0.007 -26"><span class='ocrx_word' id='word_1_328' title='bbox 2394 2198 2564 2263; x_wconf 74' lang='grc' dir='ltr'>λιπές</span> <span class='ocrx_word' id='word_1_329' title='bbox 2590 2216 2705 2267; x_wconf 61' lang='lat' dir='ltr'><strong>pe;</strong></span> <span class='ocrx_word' id='word_1_330' title='bbox 2742 2199 2891 2253; x_wconf 81' lang='grc' dir='ltr'>Δίτεί</span> <span class='ocrx_word' id='word_1_331' title='bbox 2922 2201 3018 2272; x_wconf 83' lang='grc' dir='ltr'>τὴν</span> <span class='ocrx_word' id='word_1_332' title='bbox 3068 2204 3363 2256; x_wconf 77' lang='grc' dir='ltr'>ἐποπτείαν</span> <span class='ocrx_word' id='word_1_333' title='bbox 3393 2205 3491 2276; x_wconf 75' lang='grc' dir='ltr'>τὴν</span> <span class='ocrx_word' id='word_1_334' title='bbox 3524 2208 3673 2278; x_wconf 76' lang='grc' dir='ltr'>παρὰ</span> <span class='ocrx_word' id='word_1_335' title='bbox 3717 2210 3809 2262; x_wconf 87' lang='grc' dir='ltr'><strong>τοῦ</strong></span> <span class='ocrx_word' id='word_1_336' title='bbox 3841 2212 3941 2262; x_wconf 86' lang='grc' dir='ltr'><strong>Πα-</strong></span> 
     </span>
    </p>
   </div>
   <div class='ocr_carea' id='block_1_51' title="bbox 2394 2290 3942 2372">
    <p class='ocr_par' dir='ltr' id='par_1_51' title="bbox 2394 2290 3942 2372">
     <span class='ocr_line' id='line_1_51' title="bbox 2394 2290 3942 2372; baseline 0.01 -31"><span class='ocrx_word' id='word_1_337' title='bbox 2394 2290 2518 2361; x_wconf 85' lang='grc' dir='ltr'>τρὸς</span> <span class='ocrx_word' id='word_1_338' title='bbox 2539 2330 2552 2351; x_wconf 92' lang='grc'><strong>,</strong></span> <span class='ocrx_word' id='word_1_339' title='bbox 2596 2290 2661 2343; x_wconf 84' lang='grc' dir='ltr'>τὰ</span> <span class='ocrx_word' id='word_1_340' title='bbox 2710 2293 2867 2362; x_wconf 79' lang='grc' dir='ltr'>ἡμῶν</span> <span class='ocrx_word' id='word_1_341' title='bbox 2899 2295 2977 2357; x_wconf 89' lang='grc' dir='ltr'><strong>εἰς</strong></span> <span class='ocrx_word' id='word_1_342' title='bbox 3010 2295 3198 2347; x_wconf 82' lang='grc' dir='ltr'>ἐαυτὸν</span> <span class='ocrx_word' id='word_1_343' title='bbox 3234 2296 3540 2366; x_wconf 76' lang='grc' dir='ltr'>μετατιθεὶς</span> <span class='ocrx_word' id='word_1_344' title='bbox 3574 2299 3659 2352; x_wconf 82' lang='grc' dir='ltr'>ἵνα</span> <span class='ocrx_word' id='word_1_345' title='bbox 3714 2300 3942 2372; x_wconf 74' lang='lat' dir='ltr'><strong>[Ambr..</strong></span> 
     </span>
    </p>
   </div>
   <div class='ocr_carea' id='block_1_52' title="bbox 2395 2382 3944 2462">
    <p class='ocr_par' dir='ltr' id='par_1_52' title="bbox 2395 2382 3944 2462">
     <span class='ocr_line' id='line_1_52' title="bbox 2395 2382 3944 2462; baseline 0.007 -28"><span class='ocrx_word' id='word_1_346' title='bbox 2395 2385 2551 2453; x_wconf 73' lang='grc' dir='ltr'>ἡμεῖς</span> <span class='ocrx_word' id='word_1_347' title='bbox 2584 2385 2688 2455; x_wconf 82' lang='grc' dir='ltr'>γὰρ</span> <span class='ocrx_word' id='word_1_348' title='bbox 2716 2382 2856 2454; x_wconf 77' lang='grc' dir='ltr'>ἦμεν</span> <span class='ocrx_word' id='word_1_349' title='bbox 2887 2387 2933 2438; x_wconf 80' lang='lat' dir='ltr'><strong>oi</strong></span> <span class='ocrx_word' id='word_1_350' title='bbox 2962 2386 3514 2458; x_wconf 67' lang='grc' dir='ltr'>ἐγκαταλελειμμένα</span> <span class='ocrx_word' id='word_1_351' title='bbox 3546 2392 3834 2462; x_wconf 88' lang='grc' dir='ltr'>πρότερον,</span> <span class='ocrx_word' id='word_1_352' title='bbox 3862 2394 3944 2445; x_wconf 78' lang='grc' dir='ltr'><strong>νῦν</strong></span> 
     </span>
    </p>
   </div>
   <div class='ocr_carea' id='block_1_53' title="bbox 2393 2474 3945 2550">
    <p class='ocr_par' dir='ltr' id='par_1_53' title="bbox 2393 2474 3945 2550">
     <span class='ocr_line' id='line_1_53' title="bbox 2393 2474 3945 2550; baseline 0.008 -24"><span class='ocrx_word' id='word_1_353' title='bbox 2393 2474 2447 2527; x_wconf 81' lang='grc' dir='ltr'>δὲ</span> <span class='ocrx_word' id='word_1_354' title='bbox 2469 2474 2925 2545; x_wconf 77' lang='grc' dir='ltr'>προσειλημμένοι</span> <span class='ocrx_word' id='word_1_355' title='bbox 2957 2478 3049 2530; x_wconf 66' lang='grc' dir='ltr'><strong>καί⁵</strong></span> <span class='ocrx_word' id='word_1_356' title='bbox 3100 2480 3451 2550; x_wconf 80' lang='grc' dir='ltr'>σεσωσμένοι.</span> <span class='ocrx_word' id='word_1_357' title='bbox 3476 2481 3657 2535; x_wconf 87' lang='grc' dir='ltr'>Ταῦτα</span> <span class='ocrx_word' id='word_1_358' title='bbox 3684 2483 3829 2550; x_wconf 89' lang='grc' dir='ltr'>λέγει</span> <span class='ocrx_word' id='word_1_359' title='bbox 3849 2484 3945 2544; x_wconf 83' lang='grc' dir='ltr'>ἵνα.</span> 
     </span>
    </p>
   </div>
   <div class='ocr_carea' id='block_1_54' title="bbox 2397 2566 3946 2646">
    <p class='ocr_par' dir='ltr' id='par_1_54' title="bbox 2397 2566 3946 2646">
     <span class='ocr_line' id='line_1_54' title="bbox 2397 2566 3946 2646; baseline 0.008 -28"><span class='ocrx_word' id='word_1_360' title='bbox 2397 2566 2488 2619; x_wconf 77' lang='grc' dir='ltr'>καὶ</span> <span class='ocrx_word' id='word_1_361' title='bbox 2513 2566 2582 2618; x_wconf 74' lang='grc' dir='ltr'>τὰ</span> <span class='ocrx_word' id='word_1_362' title='bbox 2616 2566 2769 2639; x_wconf 75' lang='grc' dir='ltr'><strong>ἑξῆς]</strong></span> <span class='ocrx_word' id='word_1_363' title='bbox 2786 2568 2968 2640; x_wconf 79' lang='grc' dir='ltr'>παύσῃ</span> <span class='ocrx_word' id='word_1_364' title='bbox 2988 2570 3084 2639; x_wconf 84' lang='grc' dir='ltr'>τὴν</span> <span class='ocrx_word' id='word_1_365' title='bbox 3098 2571 3255 2641; x_wconf 80' lang='grc' dir='ltr'>ἀρὰν,</span> <span class='ocrx_word' id='word_1_366' title='bbox 3280 2573 3372 2625; x_wconf 74' lang='grc' dir='ltr'>καὶ</span> <span class='ocrx_word' id='word_1_367' title='bbox 3404 2572 3486 2640; x_wconf 81' lang='grc' dir='ltr'>ἐφ’</span> <span class='ocrx_word' id='word_1_368' title='bbox 3512 2576 3656 2642; x_wconf 75' lang='grc' dir='ltr'>ἡμᾶς</span> <span class='ocrx_word' id='word_1_369' title='bbox 3682 2576 3946 2646; x_wconf 80' lang='grc' dir='ltr'>μεταγάγῃ</span> 
     </span>
    </p>
   </div>
   <div class='ocr_carea' id='block_1_55' title="bbox 2394 2659 3952 2735">
    <p class='ocr_par' dir='ltr' id='par_1_55' title="bbox 2394 2659 3952 2735">
     <span class='ocr_line' id='line_1_55' title="bbox 2394 2659 3952 2735; baseline 0.005 -23"><span class='ocrx_word' id='word_1_370' title='bbox 2394 2659 2453 2712; x_wconf 73' lang='grc' dir='ltr'><strong>τὸ</strong></span> <span class='ocrx_word' id='word_1_371' title='bbox 2478 2660 2763 2731; x_wconf 80' lang='grc' dir='ltr'>πρόσωπον</span> <span class='ocrx_word' id='word_1_372' title='bbox 2794 2660 2887 2711; x_wconf 87' lang='grc' dir='ltr'><strong>τοῦ</strong></span> <span class='ocrx_word' id='word_1_373' title='bbox 2915 2662 3145 2733; x_wconf 85' lang='grc' dir='ltr'>Πατρός.</span> <span class='ocrx_word' id='word_1_374' title='bbox 3176 2663 3363 2732; x_wconf 82' lang='grc' dir='ltr'>Ἡμεῖς</span> <span class='ocrx_word' id='word_1_375' title='bbox 3392 2664 3497 2733; x_wconf 90' lang='grc' dir='ltr'><strong>γάρ</strong></span> <span class='ocrx_word' id='word_1_376' title='bbox 3540 2667 3707 2735; x_wconf 88' lang='grc' dir='ltr'>ἐσμεν</span> <span class='ocrx_word' id='word_1_377' title='bbox 3736 2670 3783 2720; x_wconf 85' lang='grc' dir='ltr'>οἱ</span> <span class='ocrx_word' id='word_1_378' title='bbox 3811 2685 3952 2735; x_wconf 84' lang='grc' dir='ltr'>γεγο-</span> 
     </span>
    </p>
   </div>
   <div class='ocr_carea' id='block_1_56' title="bbox 2394 2752 3951 2828">
    <p class='ocr_par' dir='ltr' id='par_1_56' title="bbox 2394 2752 3951 2828">
     <span class='ocr_line' id='line_1_56' title="bbox 2394 2752 3951 2828; baseline 0.005 -25"><span class='ocrx_word' id='word_1_379' title='bbox 2394 2752 2543 2814; x_wconf 86' lang='grc' dir='ltr'>νότες</span> <span class='ocrx_word' id='word_1_380' title='bbox 2588 2753 2906 2825; x_wconf 81' lang='grc' dir='ltr'>ἀποστροφὴ</span> <span class='ocrx_word' id='word_1_381' title='bbox 2939 2754 3031 2806; x_wconf 71' lang='grc' dir='ltr'><strong>καὶ</strong></span> <span class='ocrx_word' id='word_1_382' title='bbox 3064 2754 3441 2821; x_wconf 64' lang='grc' dir='ltr'>ἐγκατάλιιψις</span> <span class='ocrx_word' id='word_1_383' title='bbox 3460 2756 3547 2807; x_wconf 84' lang='grc' dir='ltr'>διὰ</span> <span class='ocrx_word' id='word_1_384' title='bbox 3578 2757 3674 2826; x_wconf 79' lang='grc' dir='ltr'><strong>τὴν</strong></span> <span class='ocrx_word' id='word_1_385' title='bbox 3698 2760 3754 2809; x_wconf 81' lang='grc' dir='ltr'><strong>ἐν</strong></span> <span class='ocrx_word' id='word_1_386' title='bbox 3797 2759 3951 2828; x_wconf 77' lang='grc' dir='ltr'>Ἀδὰμ</span> 
     </span>
    </p>
   </div>
   <div class='ocr_carea' id='block_1_57' title="bbox 2394 2843 3953 2919">
    <p class='ocr_par' dir='ltr' id='par_1_57' title="bbox 2394 2843 3953 2919">
     <span class='ocr_line' id='line_1_57' title="bbox 2394 2843 3953 2919; baseline 0.006 -24"><span class='ocrx_word' id='word_1_387' title='bbox 2394 2843 2721 2913; x_wconf 76' lang='grc' dir='ltr'>παράϐασιν.</span> <span class='ocrx_word' id='word_1_388' title='bbox 2798 2847 3045 2915; x_wconf 74' lang='grc' dir='ltr'>Μακρὸν</span> <span class='ocrx_word' id='word_1_389' title='bbox 3079 2847 3196 2901; x_wconf 79' lang='grc' dir='ltr'><strong>ἀπὸ</strong></span> <span class='ocrx_word' id='word_1_390' title='bbox 3230 2844 3334 2912; x_wconf 73' lang='grc' dir='ltr'>τῆς</span> <span class='ocrx_word' id='word_1_391' title='bbox 3384 2851 3678 2914; x_wconf 80' lang='grc' dir='ltr'>σωτηρίας</span> <span class='ocrx_word' id='word_1_392' title='bbox 3712 2853 3765 2902; x_wconf 80' lang='lat'><strong>01</strong></span> <span class='ocrx_word' id='word_1_393' title='bbox 3799 2852 3953 2919; x_wconf 75' lang='grc' dir='ltr'>λόγοι</span> 
     </span>
    </p>
   </div>
   <div class='ocr_carea' id='block_1_58' title="bbox 2394 2931 3955 3009">
    <p class='ocr_par' dir='ltr' id='par_1_58' title="bbox 2394 2931 3955 3009">
     <span class='ocr_line' id='line_1_58' title="bbox 2394 2931 3955 3009; baseline 0.008 -27"><span class='ocrx_word' id='word_1_394' title='bbox 2394 2931 2512 2984; x_wconf 83' lang='grc' dir='ltr'>τῶν</span> <span class='ocrx_word' id='word_1_395' title='bbox 2536 2936 3017 3002; x_wconf 78' lang='grc' dir='ltr'>παραπτωμάτων</span> <span class='ocrx_word' id='word_1_396' title='bbox 3043 2954 3180 3005; x_wconf 81' lang='grc' dir='ltr'>μου.</span> <span class='ocrx_word' id='word_1_397' title='bbox 3238 2936 3433 2989; x_wconf 80' lang='grc' dir='ltr'>Σκόπει</span> <span class='ocrx_word' id='word_1_398' title='bbox 3466 2955 3553 3007; x_wconf 90' lang='grc' dir='ltr'><strong>μοι</strong></span> <span class='ocrx_word' id='word_1_399' title='bbox 3596 2939 3760 2993; x_wconf 86' lang='grc' dir='ltr'>πάλιν</span> <span class='ocrx_word' id='word_1_400' title='bbox 3790 2942 3849 2993; x_wconf 85' lang='grc' dir='ltr'>τὸ</span> <span class='ocrx_word' id='word_1_401' title='bbox 3868 2942 3955 3009; x_wconf 80' lang='grc' dir='ltr'>τῆς</span> 
     </span>
    </p>
   </div>
   <div class='ocr_carea' id='block_1_59' title="bbox 2394 3021 3959 3100">
    <p class='ocr_par' dir='ltr' id='par_1_59' title="bbox 2394 3021 3959 3100">
     <span class='ocr_line' id='line_1_59' title="bbox 2394 3021 3959 3100; baseline 0.006 -27"><span class='ocrx_word' id='word_1_402' title='bbox 2394 3021 2489 3074; x_wconf 86' lang='grc' dir='ltr'>ἀνθ</span> <span class='ocrx_word' id='word_1_403' title='bbox 2497 3024 2806 3093; x_wconf 88' lang='grc' dir='ltr'>ρωπότητος</span> <span class='ocrx_word' id='word_1_404' title='bbox 2825 3026 3113 3095; x_wconf 90' lang='grc' dir='ltr'>πρόσωπον</span> <span class='ocrx_word' id='word_1_405' title='bbox 3129 3029 3183 3079; x_wconf 89' lang='grc' dir='ltr'><strong>ἐν</strong></span> <span class='ocrx_word' id='word_1_406' title='bbox 3198 3027 3416 3098; x_wconf 79' lang='grc' dir='ltr'>Χριστῷ</span> <span class='ocrx_word' id='word_1_407' title='bbox 3434 3030 3784 3100; x_wconf 78' lang='grc' dir='ltr'>παρακαλοῦν</span> <span class='ocrx_word' id='word_1_408' title='bbox 3806 3032 3959 3085; x_wconf 80' lang='grc' dir='ltr'>ἀπαλ-</span> 
     </span>
    </p>
   </div>
   <div class='ocr_carea' id='block_1_60' title="bbox 741 3113 2298 3206">
    <p class='ocr_par' dir='ltr' id='par_1_60' title="bbox 741 3120 2294 3193">
     <span class='ocr_line' id='line_1_60' title="bbox 741 3120 2294 3193; baseline -0.003 -16"><span class='ocrx_word' id='word_1_409' title='bbox 741 3125 905 3179; x_wconf 87' lang='lat' dir='ltr'><strong>tibus.</strong></span> <span class='ocrx_word' id='word_1_410' title='bbox 938 3123 1123 3177; x_wconf 88' lang='lat' dir='ltr'><strong>Palam</strong></span> <span class='ocrx_word' id='word_1_411' title='bbox 1152 3130 1236 3177; x_wconf 89' lang='lat' dir='ltr'><strong>est</strong></span> <span class='ocrx_word' id='word_1_412' title='bbox 1280 3130 1458 3177; x_wconf 88' lang='lat' dir='ltr'><strong>autem</strong></span> <span class='ocrx_word' id='word_1_413' title='bbox 1498 3122 1607 3193; x_wconf 87' lang='lat' dir='ltr'><strong>peti</strong></span> <span class='ocrx_word' id='word_1_414' title='bbox 1650 3122 1913 3191; x_wconf 86' lang='lat' dir='ltr'><strong>justitiam</strong></span> <span class='ocrx_word' id='word_1_415' title='bbox 1956 3121 2151 3191; x_wconf 87' lang='lat' dir='ltr'><strong>cuique</strong></span> <span class='ocrx_word' id='word_1_416' title='bbox 2204 3120 2294 3173; x_wconf 83' lang='lat' dir='ltr'><strong>ho-</strong></span> 
     </span>
    </p>
   </div>
   <div class='ocr_carea' id='block_1_61' title="bbox 2397 3113 3958 3206">
    <p class='ocr_par' dir='ltr' id='par_1_61' title="bbox 2397 3113 3958 3195">
     <span class='ocr_line' id='line_1_61' title="bbox 2397 3113 3958 3195; baseline 0.005 -29"><span class='ocrx_word' id='word_1_417' title='bbox 2397 3113 2682 3168; x_wconf 85' lang='grc' dir='ltr'>λάττεσθαι</span> <span class='ocrx_word' id='word_1_418' title='bbox 2708 3116 2815 3168; x_wconf 83' lang='grc' dir='ltr'><strong>τῶν</strong></span> <span class='ocrx_word' id='word_1_419' title='bbox 2842 3120 3195 3188; x_wconf 85' lang='grc' dir='ltr'>πταισμάτων</span> <span class='ocrx_word' id='word_1_420' title='bbox 3226 3120 3341 3190; x_wconf 74' lang='grc' dir='ltr'>ἦτοι</span> <span class='ocrx_word' id='word_1_421' title='bbox 3370 3121 3477 3173; x_wconf 83' lang='grc' dir='ltr'>τῶν</span> <span class='ocrx_word' id='word_1_422' title='bbox 3511 3126 3958 3195; x_wconf 81' lang='grc' dir='ltr'>παραπτωμάτων</span> 
     </span>
    </p>
   </div>
   <div class='ocr_carea' id='block_1_62' title="bbox 739 3217 1312 3286">
    <p class='ocr_par' dir='ltr' id='par_1_62' title="bbox 739 3217 1312 3286">
     <span class='ocr_line' id='line_1_62' title="bbox 739 3217 1312 3286; baseline -0.003 -15"><span class='ocrx_word' id='word_1_423' title='bbox 739 3217 875 3275; x_wconf 78' lang='lat' dir='ltr'><strong>mini</strong></span> <span class='ocrx_word' id='word_1_424' title='bbox 902 3223 1312 3286; x_wconf 81' lang='lat' dir='ltr'><strong>congruentem.</strong></span> 
     </span>
    </p>
   </div>
   <div class='ocr_carea' id='block_1_63' title="bbox 815 3389 2300 3472">
    <p class='ocr_par' dir='ltr' id='par_1_63' title="bbox 815 3389 2300 3472">
     <span class='ocr_line' id='line_1_63' title="bbox 815 3389 2300 3472; baseline -0.01 -18"><span class='ocrx_word' id='word_1_425' title='bbox 815 3398 1001 3472; x_wconf 81' lang='lat' dir='ltr'><strong>[Deus,</strong></span> <span class='ocrx_word' id='word_1_426' title='bbox 1033 3397 1172 3450; x_wconf 88' lang='lat' dir='ltr'><strong>Deus</strong></span> <span class='ocrx_word' id='word_1_427' title='bbox 1198 3412 1363 3449; x_wconf 83' lang='lat' dir='ltr'><strong>meus.</strong></span> <span class='ocrx_word' id='word_1_428' title='bbox 1394 3392 1519 3448; x_wconf 68' lang='lat' dir='ltr'><strong>Haec</strong></span> <span class='ocrx_word' id='word_1_429' title='bbox 1548 3390 1796 3446; x_wconf 83' lang='lat' dir='ltr'><strong>Salvator</strong></span> <span class='ocrx_word' id='word_1_430' title='bbox 1824 3389 2065 3458; x_wconf 90' lang='lat' dir='ltr'><strong>loquitur</strong></span> <span class='ocrx_word' id='word_1_431' title='bbox 2092 3402 2157 3441; x_wconf 80' lang='lat' dir='ltr'><strong>ex</strong></span> <span class='ocrx_word' id='word_1_432' title='bbox 2186 3402 2300 3455; x_wconf 89' lang='lat' dir='ltr'><strong>per-</strong></span> 
     </span>
    </p>
   </div>
   <div class='ocr_carea' id='block_1_64' title="bbox 742 3478 2297 3555">
    <p class='ocr_par' dir='ltr' id='par_1_64' title="bbox 742 3478 2297 3555">
     <span class='ocr_line' id='line_1_64' title="bbox 742 3478 2297 3555; baseline -0.006 -12"><span class='ocrx_word' id='word_1_433' title='bbox 742 3506 875 3543; x_wconf 85' lang='lat' dir='ltr'><strong>sona</strong></span> <span class='ocrx_word' id='word_1_434' title='bbox 904 3487 1277 3551; x_wconf 84' lang='lat' dir='ltr'><strong>humanitatis,</strong></span> <span class='ocrx_word' id='word_1_435' title='bbox 1311 3483 1468 3555; x_wconf 89' lang='lat' dir='ltr'><strong>quasi</strong></span> <span class='ocrx_word' id='word_1_436' title='bbox 1506 3482 1672 3549; x_wconf 85' lang='lat' dir='ltr'><strong>dicat,</strong></span> <span class='ocrx_word' id='word_1_437' title='bbox 1700 3482 1775 3535; x_wconf 90' lang='lat' dir='ltr'><strong>mi</strong></span> <span class='ocrx_word' id='word_1_438' title='bbox 1827 3480 1991 3546; x_wconf 87' lang='lat' dir='ltr'><strong>Deus,</strong></span> <span class='ocrx_word' id='word_1_439' title='bbox 2023 3480 2096 3534; x_wconf 92' lang='lat' dir='ltr'><strong>mi</strong></span> <span class='ocrx_word' id='word_1_440' title='bbox 2137 3478 2297 3543; x_wconf 88' lang='lat' dir='ltr'><strong>Deus,</strong></span> 
     </span>
    </p>
   </div>
   <div class='ocr_carea' id='block_1_65' title="bbox 744 3577 1372 3651">
    <p class='ocr_par' dir='ltr' id='par_1_65' title="bbox 744 3577 1372 3651">
     <span class='ocr_line' id='line_1_65' title="bbox 744 3577 1372 3651; baseline 0.01 -19"><span class='ocrx_word' id='word_1_441' title='bbox 744 3581 795 3633; x_wconf 90' lang='lat' dir='ltr'><strong>in</strong></span> <span class='ocrx_word' id='word_1_442' title='bbox 822 3579 1068 3635; x_wconf 88' lang='lat' dir='ltr'><strong>vocativo</strong></span> <span class='ocrx_word' id='word_1_443' title='bbox 1098 3580 1325 3637; x_wconf 90' lang='lat' dir='ltr'><strong>scilicet.</strong></span> <span class='ocrx_word' id='word_1_444' title='bbox 1351 3577 1372 3651; x_wconf 95' lang='lat'>]</span> 
     </span>
    </p>
   </div>
   <div class='ocr_carea' id='block_1_66' title="bbox 812 3664 2299 3737">
    <p class='ocr_par' dir='ltr' id='par_1_66' title="bbox 812 3664 2299 3737">
     <span class='ocr_line' id='line_1_66' title="bbox 812 3664 2299 3737; baseline -0.008 -12"><span class='ocrx_word' id='word_1_445' title='bbox 812 3672 865 3726; x_wconf 79' lang='lat'><strong>5.</strong></span> <span class='ocrx_word' id='word_1_446' title='bbox 895 3670 1030 3725; x_wconf 81' lang='lat' dir='ltr'><strong>Deus</strong></span> <span class='ocrx_word' id='word_1_447' title='bbox 1068 3685 1235 3732; x_wconf 77' lang='lat' dir='ltr'><strong>meas,</strong></span> <span class='ocrx_word' id='word_1_448' title='bbox 1264 3668 1506 3722; x_wconf 86' lang='lat' dir='ltr'><strong>clamabo</strong></span> <span class='ocrx_word' id='word_1_449' title='bbox 1528 3684 1618 3737; x_wconf 90' lang='lat' dir='ltr'><strong>per</strong></span> <span class='ocrx_word' id='word_1_450' title='bbox 1642 3668 1803 3727; x_wconf 86' lang='lat' dir='ltr'><strong>diem,</strong></span> <span class='ocrx_word' id='word_1_451' title='bbox 1827 3677 1874 3719; x_wconf 91' lang='lat' dir='ltr'><strong>et</strong></span> <span class='ocrx_word' id='word_1_452' title='bbox 1902 3682 2003 3717; x_wconf 87' lang='lat' dir='ltr'><strong>non</strong></span> <span class='ocrx_word' id='word_1_453' title='bbox 2030 3664 2299 3723; x_wconf 76' lang='lat' dir='ltr'><strong>exandies,</strong></span> 
     </span>
    </p>
   </div>
   <div class='ocr_carea' id='block_1_67' title="bbox 742 3755 2304 3827">
    <p class='ocr_par' dir='ltr' id='par_1_67' title="bbox 742 3755 2304 3827">
     <span class='ocr_line' id='line_1_67' title="bbox 742 3755 2304 3827; baseline -0.008 -9"><span class='ocrx_word' id='word_1_454' title='bbox 742 3773 792 3818; x_wconf 70' lang='lat' dir='ltr'><strong>et</strong></span> <span class='ocrx_word' id='word_1_455' title='bbox 823 3773 989 3827; x_wconf 81' lang='lat' dir='ltr'><strong>nocte,</strong></span> <span class='ocrx_word' id='word_1_456' title='bbox 1026 3773 1075 3816; x_wconf 86' lang='lat' dir='ltr'><strong>et</strong></span> <span class='ocrx_word' id='word_1_457' title='bbox 1114 3778 1216 3815; x_wconf 85' lang='lat' dir='ltr'><strong>non</strong></span> <span class='ocrx_word' id='word_1_458' title='bbox 1250 3761 1318 3813; x_wconf 89' lang='lat' dir='ltr'><strong>ad</strong></span> <span class='ocrx_word' id='word_1_459' title='bbox 1363 3760 1722 3827; x_wconf 83' lang='lat' dir='ltr'><strong>insipientiam</strong></span> <span class='ocrx_word' id='word_1_460' title='bbox 1760 3758 1909 3809; x_wconf 79' lang='lat' dir='ltr'><strong>mihi.</strong></span> <span class='ocrx_word' id='word_1_461' title='bbox 1962 3755 2097 3809; x_wconf 89' lang='lat' dir='ltr'><strong>Cum</strong></span> <span class='ocrx_word' id='word_1_462' title='bbox 2145 3756 2304 3807; x_wconf 84' lang='lat' dir='ltr'><strong>inter-</strong></span> 
     </span>
    </p>
   </div>
   <div class='ocr_carea' id='block_1_68' title="bbox 742 3847 2299 3927">
    <p class='ocr_par' dir='ltr' id='par_1_68' title="bbox 742 3847 2299 3927">
     <span class='ocr_line' id='line_1_68' title="bbox 742 3847 2299 3927; baseline -0.008 -17"><span class='ocrx_word' id='word_1_463' title='bbox 742 3857 1037 3927; x_wconf 84' lang='lat' dir='ltr'><strong>punctione</strong></span> <span class='ocrx_word' id='word_1_464' title='bbox 1074 3852 1402 3923; x_wconf 78' lang='lat' dir='ltr'><strong>legendum:</strong></span> <span class='ocrx_word' id='word_1_465' title='bbox 1451 3850 1723 3919; x_wconf 81' lang='lat' dir='ltr'><strong>signiﬁcat</strong></span> <span class='ocrx_word' id='word_1_466' title='bbox 1764 3857 1942 3902; x_wconf 83' lang='lat' dir='ltr'><strong>autem</strong></span> <span class='ocrx_word' id='word_1_467' title='bbox 1995 3847 2149 3900; x_wconf 90' lang='lat' dir='ltr'><strong>nobis</strong></span> <span class='ocrx_word' id='word_1_468' title='bbox 2194 3862 2299 3899; x_wconf 90' lang='lat' dir='ltr'><strong>non</strong></span> 
     </span>
    </p>
   </div>
   <div class='ocr_carea' id='block_1_69' title="bbox 744 3938 2302 4001">
    <p class='ocr_par' dir='ltr' id='par_1_69' title="bbox 744 3938 2302 4001">
     <span class='ocr_line' id='line_1_69' title="bbox 744 3938 2302 4001; baseline -0.008 1"><span class='ocrx_word' id='word_1_469' title='bbox 744 3947 993 4001; x_wconf 84' lang='lat' dir='ltr'><strong>inutilem</strong></span> <span class='ocrx_word' id='word_1_470' title='bbox 1027 3961 1148 4001; x_wconf 83' lang='lat' dir='ltr'><strong>esse</strong></span> <span class='ocrx_word' id='word_1_471' title='bbox 1174 3944 1435 3999; x_wconf 88' lang='lat' dir='ltr'><strong>orationis</strong></span> <span class='ocrx_word' id='word_1_472' title='bbox 1464 3942 1721 3996; x_wconf 81' lang='lat' dir='ltr'><strong>fructum.</strong></span> <span class='ocrx_word' id='word_1_473' title='bbox 1758 3942 1847 3995; x_wconf 85' lang='lat' dir='ltr'><strong>Ait</strong></span> <span class='ocrx_word' id='word_1_474' title='bbox 1876 3940 2016 3994; x_wconf 89' lang='lat' dir='ltr'><strong>enim</strong></span> <span class='ocrx_word' id='word_1_475' title='bbox 2045 3957 2057 3991; x_wconf 92' lang='lat'><strong><em>:</em></strong></span> <span class='ocrx_word' id='word_1_476' title='bbox 2086 3938 2206 3992; x_wconf 81' lang='lat' dir='ltr'><strong>Non</strong></span> <span class='ocrx_word' id='word_1_477' title='bbox 2235 3939 2302 3990; x_wconf 83' lang='lat' dir='ltr'><strong>ad</strong></span> 
     </span>
    </p>
   </div>
   <div class='ocr_carea' id='block_1_70' title="bbox 745 4030 2300 4108">
    <p class='ocr_par' dir='ltr' id='par_1_70' title="bbox 745 4030 2300 4108">
     <span class='ocr_line' id='line_1_70' title="bbox 745 4030 2300 4108; baseline -0.008 -15"><span class='ocrx_word' id='word_1_478' title='bbox 745 4038 1103 4108; x_wconf 82' lang='lat' dir='ltr'><strong>insipientiam</strong></span> <span class='ocrx_word' id='word_1_479' title='bbox 1135 4036 1283 4088; x_wconf 85' lang='lat' dir='ltr'><strong>mihi.</strong></span> <span class='ocrx_word' id='word_1_480' title='bbox 1320 4036 1377 4088; x_wconf 86' lang='lat' dir='ltr'><strong>Id</strong></span> <span class='ocrx_word' id='word_1_481' title='bbox 1407 4042 1509 4096; x_wconf 89' lang='lat' dir='ltr'><strong>est,</strong></span> <span class='ocrx_word' id='word_1_482' title='bbox 1552 4034 1837 4101; x_wconf 89' lang='lat' dir='ltr'><strong>perspicue</strong></span> <span class='ocrx_word' id='word_1_483' title='bbox 1877 4033 2025 4097; x_wconf 86' lang='lat' dir='ltr'><strong>novi,</strong></span> <span class='ocrx_word' id='word_1_484' title='bbox 2065 4030 2300 4084; x_wconf 80' lang='lat' dir='ltr'><strong>futurum</strong></span> 
     </span>
    </p>
   </div>
   <div class='ocr_carea' id='block_1_71' title="bbox 744 4120 2302 4192">
    <p class='ocr_par' dir='ltr' id='par_1_71' title="bbox 744 4120 2302 4192">
     <span class='ocr_line' id='line_1_71' title="bbox 744 4120 2302 4192; baseline -0.007 -10"><span class='ocrx_word' id='word_1_485' title='bbox 744 4144 867 4184; x_wconf 79' lang='lat' dir='ltr'><strong>esse</strong></span> <span class='ocrx_word' id='word_1_486' title='bbox 897 4136 953 4183; x_wconf 92' lang='lat' dir='ltr'><strong>ut</strong></span> <span class='ocrx_word' id='word_1_487' title='bbox 986 4128 1214 4183; x_wconf 90' lang='lat' dir='ltr'><strong>clamem</strong></span> <span class='ocrx_word' id='word_1_488' title='bbox 1253 4140 1373 4191; x_wconf 73' lang='lat' dir='ltr'><strong>ego,</strong></span> <span class='ocrx_word' id='word_1_489' title='bbox 1408 4124 1521 4192; x_wconf 88' lang='lat' dir='ltr'><strong>ipse</strong></span> <span class='ocrx_word' id='word_1_490' title='bbox 1565 4123 1840 4176; x_wconf 78' lang='lat' dir='ltr'><strong>exaudiat.</strong></span> <span class='ocrx_word' id='word_1_491' title='bbox 1891 4120 2027 4187; x_wconf 88' lang='lat' dir='ltr'><strong>Quia</strong></span> <span class='ocrx_word' id='word_1_492' title='bbox 2079 4137 2201 4173; x_wconf 89' lang='lat' dir='ltr'><strong>cum</strong></span> <span class='ocrx_word' id='word_1_493' title='bbox 2251 4121 2302 4172; x_wconf 90' lang='lat' dir='ltr'><strong>in</strong></span> 
     </span>
    </p>
   </div>
   <div class='ocr_carea' id='block_1_72' title="bbox 746 4213 2300 4286">
    <p class='ocr_par' dir='ltr' id='par_1_72' title="bbox 746 4213 2300 4286">
     <span class='ocr_line' id='line_1_72' title="bbox 746 4213 2300 4286; baseline -0.007 -10"><span class='ocrx_word' id='word_1_494' title='bbox 746 4221 951 4276; x_wconf 82' lang='lat' dir='ltr'><strong>sanctis</strong></span> <span class='ocrx_word' id='word_1_495' title='bbox 981 4218 1192 4273; x_wconf 86' lang='lat' dir='ltr'><strong>habites</strong></span> <span class='ocrx_word' id='word_1_496' title='bbox 1225 4216 1317 4286; x_wconf 90' lang='lat' dir='ltr'><strong>qui</strong></span> <span class='ocrx_word' id='word_1_497' title='bbox 1363 4223 1599 4270; x_wconf 88' lang='lat' dir='ltr'><strong>mentem</strong></span> <span class='ocrx_word' id='word_1_498' title='bbox 1631 4216 1681 4268; x_wconf 90' lang='lat' dir='ltr'><strong>in</strong></span> <span class='ocrx_word' id='word_1_499' title='bbox 1719 4222 1771 4267; x_wconf 89' lang='lat' dir='ltr'><strong>te</strong></span> <span class='ocrx_word' id='word_1_500' title='bbox 1811 4214 2043 4284; x_wconf 90' lang='lat' dir='ltr'><strong>positam</strong></span> <span class='ocrx_word' id='word_1_501' title='bbox 2074 4213 2300 4277; x_wconf 88' lang='lat' dir='ltr'><strong>habent,</strong></span> 
     </span>
    </p>
   </div>
   <div class='ocr_carea' id='block_1_73' title="bbox 744 4309 1413 4384">
    <p class='ocr_par' dir='ltr' id='par_1_73' title="bbox 744 4309 1413 4384">
     <span class='ocr_line' id='line_1_73' title="bbox 744 4309 1413 4384; baseline -0.007 -18"><span class='ocrx_word' id='word_1_502' title='bbox 744 4313 867 4384; x_wconf 59' lang='lat' dir='ltr'><strong>lpus</strong></span> <span class='ocrx_word' id='word_1_503' title='bbox 893 4321 947 4365; x_wconf 88' lang='lat' dir='ltr'><strong>et</strong></span> <span class='ocrx_word' id='word_1_504' title='bbox 978 4310 1149 4381; x_wconf 77' lang='lat' dir='ltr'><strong>gloria</strong></span> <span class='ocrx_word' id='word_1_505' title='bbox 1179 4309 1310 4377; x_wconf 89' lang='lat' dir='ltr'><strong>ipsis</strong></span> <span class='ocrx_word' id='word_1_506' title='bbox 1334 4323 1413 4362; x_wconf 86' lang='lat' dir='ltr'><strong>es.</strong></span> 
     </span>
    </p>
   </div>
   <div class='ocr_carea' id='block_1_74' title="bbox 818 4394 2304 4467">
    <p class='ocr_par' dir='ltr' id='par_1_74' title="bbox 818 4394 2304 4467">
     <span class='ocr_line' id='line_1_74' title="bbox 818 4394 2304 4467; baseline -0.008 -8"><span class='ocrx_word' id='word_1_507' title='bbox 818 4405 873 4459; x_wconf 78' lang='grc'>4.</span> <span class='ocrx_word' id='word_1_508' title='bbox 905 4402 982 4456; x_wconf 86' lang='lat' dir='ltr'><strong>&#39;Iu</strong></span> <span class='ocrx_word' id='word_1_509' title='bbox 1014 4410 1188 4455; x_wconf 85' lang='lat' dir='ltr'><strong>autem</strong></span> <span class='ocrx_word' id='word_1_510' title='bbox 1236 4401 1289 4452; x_wconf 88' lang='lat' dir='ltr'><strong>in</strong></span> <span class='ocrx_word' id='word_1_511' title='bbox 1331 4408 1513 4452; x_wconf 86' lang='lat' dir='ltr'><strong>sancto</strong></span> <span class='ocrx_word' id='word_1_512' title='bbox 1564 4399 1793 4459; x_wconf 81' lang='lat' dir='ltr'><strong>habitas,</strong></span> <span class='ocrx_word' id='word_1_513' title='bbox 1828 4397 1945 4449; x_wconf 84' lang='lat' dir='ltr'><strong>laus</strong></span> <span class='ocrx_word' id='word_1_514' title='bbox 1979 4395 2171 4451; x_wconf 78' lang='lat' dir='ltr'><strong>Israel.</strong></span> <span class='ocrx_word' id='word_1_515' title='bbox 2227 4394 2304 4467; x_wconf 88' lang='lat'><strong>(7)</strong></span> 
     </span>
    </p>
   </div>
   <div class='ocr_carea' id='block_1_75' title="bbox 747 4490 1951 4563">
    <p class='ocr_par' dir='ltr' id='par_1_75' title="bbox 747 4490 1951 4563">
     <span class='ocr_line' id='line_1_75' title="bbox 747 4490 1951 4563; baseline -0.008 -12"><span class='ocrx_word' id='word_1_516' title='bbox 747 4496 851 4563; x_wconf 83' lang='lat' dir='ltr'><strong>Qui</strong></span> <span class='ocrx_word' id='word_1_517' title='bbox 882 4494 1122 4549; x_wconf 89' lang='lat' dir='ltr'><strong>laudaris</strong></span> <span class='ocrx_word' id='word_1_518' title='bbox 1148 4493 1216 4546; x_wconf 91' lang='lat' dir='ltr'><strong>ab</strong></span> <span class='ocrx_word' id='word_1_519' title='bbox 1244 4491 1439 4547; x_wconf 89' lang='lat' dir='ltr'><strong>lsraele</strong></span> <span class='ocrx_word' id='word_1_520' title='bbox 1466 4500 1560 4544; x_wconf 89' lang='lat' dir='ltr'><strong>aut</strong></span> <span class='ocrx_word' id='word_1_521' title='bbox 1589 4490 1705 4559; x_wconf 85' lang='lat' dir='ltr'><strong>ipse</strong></span> <span class='ocrx_word' id='word_1_522' title='bbox 1728 4490 1848 4543; x_wconf 92' lang='lat' dir='ltr'><strong>laus</strong></span> <span class='ocrx_word' id='word_1_523' title='bbox 1870 4504 1951 4543; x_wconf 88' lang='lat' dir='ltr'><strong>es.</strong></span> 
     </span>
    </p>
   </div>
   <div class='ocr_carea' id='block_1_76' title="bbox 819 4662 2309 4735">
    <p class='ocr_par' dir='ltr' id='par_1_76' title="bbox 819 4662 2309 4735">
     <span class='ocr_line' id='line_1_76' title="bbox 819 4662 2309 4735; baseline -0.007 -12"><span class='ocrx_word' id='word_1_524' title='bbox 819 4670 872 4723; x_wconf 81' lang='lat'><strong>5.</strong></span> <span class='ocrx_word' id='word_1_525' title='bbox 907 4670 973 4723; x_wconf 81' lang='lat' dir='ltr'><strong>In</strong></span> <span class='ocrx_word' id='word_1_526' title='bbox 1005 4678 1053 4722; x_wconf 90' lang='lat' dir='ltr'><strong>te</strong></span> <span class='ocrx_word' id='word_1_527' title='bbox 1082 4674 1419 4735; x_wconf 75' lang='lat' dir='ltr'><strong>speraverant</strong></span> <span class='ocrx_word' id='word_1_528' title='bbox 1448 4675 1625 4733; x_wconf 84' lang='lat' dir='ltr'><strong>patres</strong></span> <span class='ocrx_word' id='word_1_529' title='bbox 1670 4662 1860 4725; x_wconf 84' lang='lat' dir='ltr'><strong>nostri,</strong></span> <span class='ocrx_word' id='word_1_530' title='bbox 1892 4670 2229 4731; x_wconf 76' lang='lat' dir='ltr'><strong>speraverant</strong></span> <span class='ocrx_word' id='word_1_531' title='bbox 2261 4670 2309 4713; x_wconf 89' lang='lat' dir='ltr'><strong>et</strong></span> 
     </span>
    </p>
   </div>
   <div class='ocr_carea' id='block_1_77' title="bbox 751 4755 2306 4818">
    <p class='ocr_par' dir='ltr' id='par_1_77' title="bbox 751 4755 2306 4818">
     <span class='ocr_line' id='line_1_77' title="bbox 751 4755 2306 4818; baseline -0.008 0"><span class='ocrx_word' id='word_1_532' title='bbox 751 4762 987 4818; x_wconf 77' lang='lat' dir='ltr'><strong>liberaui</strong></span> <span class='ocrx_word' id='word_1_533' title='bbox 1017 4777 1122 4814; x_wconf 88' lang='lat' dir='ltr'><strong>eos.</strong></span> <span class='ocrx_word' id='word_1_534' title='bbox 1161 4758 1351 4812; x_wconf 86' lang='lat' dir='ltr'><strong>Patres</strong></span> <span class='ocrx_word' id='word_1_535' title='bbox 1386 4772 1517 4811; x_wconf 88' lang='lat' dir='ltr'><strong>suos</strong></span> <span class='ocrx_word' id='word_1_536' title='bbox 1556 4756 1857 4812; x_wconf 84' lang='lat' dir='ltr'><strong>secundum</strong></span> <span class='ocrx_word' id='word_1_537' title='bbox 1896 4769 2113 4809; x_wconf 71' lang='lat' dir='ltr'><strong>carnem</strong></span> <span class='ocrx_word' id='word_1_538' title='bbox 2154 4755 2306 4817; x_wconf 82' lang='lat' dir='ltr'><strong>dicit,</strong></span> 
     </span>
    </p>
   </div>
   <div class='ocr_carea' id='block_1_78' title="bbox 748 4843 2305 4926">
    <p class='ocr_par' dir='ltr' id='par_1_78' title="bbox 748 4843 2305 4926">
     <span class='ocr_line' id='line_1_78' title="bbox 748 4843 2305 4926; baseline -0.008 -17"><span class='ocrx_word' id='word_1_539' title='bbox 748 4851 1088 4926; x_wconf 86' lang='lat' dir='ltr'><strong>patriarchas</strong></span> <span class='ocrx_word' id='word_1_540' title='bbox 1136 4850 1343 4904; x_wconf 87' lang='lat' dir='ltr'><strong>scilicet</strong></span> <span class='ocrx_word' id='word_1_541' title='bbox 1388 4856 1443 4900; x_wconf 87' lang='lat' dir='ltr'><strong>et</strong></span> <span class='ocrx_word' id='word_1_542' title='bbox 1479 4848 1793 4917; x_wconf 88' lang='lat' dir='ltr'><strong>prophetas.</strong></span> <span class='ocrx_word' id='word_1_543' title='bbox 1846 4843 2076 4897; x_wconf 78' lang='lat' dir='ltr'><strong>Exhibet</strong></span> <span class='ocrx_word' id='word_1_544' title='bbox 2126 4853 2305 4896; x_wconf 86' lang='lat' dir='ltr'><strong>autem</strong></span> 
     </span>
    </p>
   </div>
   <div class='ocr_carea' id='block_1_79' title="bbox 752 4942 1129 5013">
    <p class='ocr_par' dir='ltr' id='par_1_79' title="bbox 752 4942 1129 5013">
     <span class='ocr_line' id='line_1_79' title="bbox 752 4942 1129 5013; baseline -0.021 -13"><span class='ocrx_word' id='word_1_545' title='bbox 752 4943 865 5013; x_wconf 79' lang='lat' dir='ltr'><strong>spei</strong></span> <span class='ocrx_word' id='word_1_546' title='bbox 896 4942 1129 4996; x_wconf 90' lang='lat' dir='ltr'><strong>lucrum.</strong></span> 
     </span>
    </p>
   </div>
   <div class='ocr_carea' id='block_1_80' title="bbox 818 5022 2308 5102">
    <p class='ocr_par' dir='ltr' id='par_1_80' title="bbox 818 5022 2308 5102">
     <span class='ocr_line' id='line_1_80' title="bbox 818 5022 2308 5102; baseline -0.003 -20"><span class='ocrx_word' id='word_1_547' title='bbox 818 5027 911 5102; x_wconf 86' lang='lat' dir='ltr'><strong>[In</strong></span> <span class='ocrx_word' id='word_1_548' title='bbox 948 5038 995 5082; x_wconf 89' lang='lat' dir='ltr'><strong>te</strong></span> <span class='ocrx_word' id='word_1_549' title='bbox 1020 5034 1357 5097; x_wconf 73' lang='lat' dir='ltr'><strong>speraeerunt</strong></span> <span class='ocrx_word' id='word_1_550' title='bbox 1387 5034 1561 5096; x_wconf 87' lang='lat' dir='ltr'><strong>patres</strong></span> <span class='ocrx_word' id='word_1_551' title='bbox 1593 5024 1784 5079; x_wconf 85' lang='lat' dir='ltr'><strong>nostri.</strong></span> <span class='ocrx_word' id='word_1_552' title='bbox 1825 5022 1966 5088; x_wconf 85' lang='lat' dir='ltr'><strong>Quin</strong></span> <span class='ocrx_word' id='word_1_553' title='bbox 1998 5024 2181 5088; x_wconf 88' lang='lat' dir='ltr'><strong>etiam,</strong></span> <span class='ocrx_word' id='word_1_554' title='bbox 2214 5025 2308 5093; x_wconf 87' lang='lat' dir='ltr'><strong>qui</strong></span> 
     </span>
    </p>
   </div>
   <div class='ocr_carea' id='block_1_81' title="bbox 752 5110 2314 5179">
    <p class='ocr_par' dir='ltr' id='par_1_81' title="bbox 752 5110 2314 5179">
     <span class='ocr_line' id='line_1_81' title="bbox 752 5110 2314 5179; baseline -0.006 -6"><span class='ocrx_word' id='word_1_555' title='bbox 752 5126 878 5173; x_wconf 87' lang='lat' dir='ltr'><strong>ante</strong></span> <span class='ocrx_word' id='word_1_556' title='bbox 914 5134 999 5171; x_wconf 89' lang='lat' dir='ltr'><strong>me</strong></span> <span class='ocrx_word' id='word_1_557' title='bbox 1031 5116 1329 5172; x_wconf 80' lang='lat' dir='ltr'><strong>secundum</strong></span> <span class='ocrx_word' id='word_1_558' title='bbox 1376 5128 1594 5168; x_wconf 87' lang='lat' dir='ltr'><strong>carnem</strong></span> <span class='ocrx_word' id='word_1_559' title='bbox 1638 5114 1878 5172; x_wconf 78' lang='lat' dir='ltr'><strong>fuerunt,</strong></span> <span class='ocrx_word' id='word_1_560' title='bbox 1928 5110 2138 5164; x_wconf 90' lang='lat' dir='ltr'><strong>scilicet</strong></span> <span class='ocrx_word' id='word_1_561' title='bbox 2193 5127 2314 5179; x_wconf 80' lang='lat' dir='ltr'><strong>pro-</strong></span> 
     </span>
    </p>
   </div>
   <div class='ocr_carea' id='block_1_82' title="bbox 753 5197 2315 5278">
    <p class='ocr_par' dir='ltr' id='par_1_82' title="bbox 753 5197 2315 5278">
     <span class='ocr_line' id='line_1_82' title="bbox 753 5197 2315 5278; baseline -0.009 -16"><span class='ocrx_word' id='word_1_562' title='bbox 753 5208 948 5278; x_wconf 71' lang='lat' dir='ltr'><strong>phetae.</strong></span> <span class='ocrx_word' id='word_1_563' title='bbox 972 5205 1025 5259; x_wconf 91' lang='lat' dir='ltr'><strong>in</strong></span> <span class='ocrx_word' id='word_1_564' title='bbox 1049 5215 1100 5258; x_wconf 87' lang='lat' dir='ltr'><strong>te</strong></span> <span class='ocrx_word' id='word_1_565' title='bbox 1117 5202 1459 5259; x_wconf 81' lang='lat' dir='ltr'><strong>conﬁdebant</strong></span> <span class='ocrx_word' id='word_1_566' title='bbox 1483 5215 1655 5255; x_wconf 88' lang='lat' dir='ltr'><strong>meam</strong></span> <span class='ocrx_word' id='word_1_567' title='bbox 1687 5205 2062 5268; x_wconf 79' lang='lat' dir='ltr'><strong>exspectantes</strong></span> <span class='ocrx_word' id='word_1_568' title='bbox 2081 5197 2315 5249; x_wconf 87' lang='lat' dir='ltr'><strong>illustra-</strong></span> 
     </span>
    </p>
   </div>
   <div class='ocr_carea' id='block_1_83' title="bbox 753 5290 2315 5365">
    <p class='ocr_par' dir='ltr' id='par_1_83' title="bbox 753 5290 2315 5365">
     <span class='ocr_line' id='line_1_83' title="bbox 753 5290 2315 5365; baseline -0.008 -13"><span class='ocrx_word' id='word_1_569' title='bbox 753 5300 979 5361; x_wconf 83' lang='lat' dir='ltr'><strong>tionem,</strong></span> <span class='ocrx_word' id='word_1_570' title='bbox 1014 5310 1189 5365; x_wconf 86' lang='lat' dir='ltr'><strong>neque</strong></span> <span class='ocrx_word' id='word_1_571' title='bbox 1212 5310 1306 5364; x_wconf 87' lang='lat' dir='ltr'><strong>spe</strong></span> <span class='ocrx_word' id='word_1_572' title='bbox 1329 5292 1463 5360; x_wconf 90' lang='lat' dir='ltr'><strong>lapsi</strong></span> <span class='ocrx_word' id='word_1_573' title='bbox 1509 5302 1656 5357; x_wconf 89' lang='lat' dir='ltr'><strong>sunt,</strong></span> <span class='ocrx_word' id='word_1_574' title='bbox 1702 5290 2061 5359; x_wconf 89' lang='lat' dir='ltr'><strong>similiterque</strong></span> <span class='ocrx_word' id='word_1_575' title='bbox 2094 5290 2315 5349; x_wconf 83' lang='lat' dir='ltr'><strong>patriar-</strong></span> 
     </span>
    </p>
   </div>
   <div class='ocr_carea' id='block_1_84' title="bbox 754 5388 891 5444">
    <p class='ocr_par' dir='ltr' id='par_1_84' title="bbox 754 5388 891 5444">
     <span class='ocr_line' id='line_1_84' title="bbox 754 5388 891 5444; baseline -0.029 0"><span class='ocrx_word' id='word_1_576' title='bbox 754 5388 891 5444; x_wconf 66' lang='grc' dir='ltr'>οδε.</span> 
     </span>
    </p>
   </div>
   <div class='ocr_carea' id='block_1_85' title="bbox 827 5385 2309 5548">
    <p class='ocr_par' dir='ltr' id='par_1_85' title="bbox 827 5385 2309 5548">
     <span class='ocr_line' id='line_1_85' title="bbox 827 5404 891 5441; baseline -0.016 0"><span class='ocrx_word' id='word_1_577' title='bbox 827 5404 891 5441; x_wconf 74' lang='lat' dir='ltr'><strong>te.</strong></span> 
     </span>
     <span class='ocr_line' id='line_1_86' title="bbox 827 5385 2309 5548; baseline -0.002 -18"><span class='ocrx_word' id='word_1_578' title='bbox 827 5385 1033 5548; x_wconf 78' lang='lat' dir='ltr'><strong>7.]Ego</strong></span> <span class='ocrx_word' id='word_1_579' title='bbox 1071 5487 1245 5533; x_wconf 82' lang='lat' dir='ltr'><strong>autem</strong></span> <span class='ocrx_word' id='word_1_580' title='bbox 1277 5496 1391 5532; x_wconf 82' lang='lat' dir='ltr'><strong>sum</strong></span> <span class='ocrx_word' id='word_1_581' title='bbox 1442 5480 1627 5531; x_wconf 77' lang='lat' dir='ltr'><strong>vermis</strong></span> <span class='ocrx_word' id='word_1_582' title='bbox 1666 5487 1713 5531; x_wconf 92' lang='lat' dir='ltr'><strong>et</strong></span> <span class='ocrx_word' id='word_1_583' title='bbox 1763 5492 1866 5529; x_wconf 86' lang='lat' dir='ltr'><strong>non</strong></span> <span class='ocrx_word' id='word_1_584' title='bbox 1917 5476 2088 5531; x_wconf 77' lang='lat' dir='ltr'><strong>homo.</strong></span> <span class='ocrx_word' id='word_1_585' title='bbox 2148 5476 2309 5529; x_wconf 87' lang='lat' dir='ltr'><strong>Docet</strong></span> 
     </span>
    </p>
   </div>
   <div class='ocr_carea' id='block_1_86' title="bbox 825 5633 1223 5705">
    <p class='ocr_par' dir='ltr' id='par_1_86' title="bbox 825 5633 1223 5705">
     <span class='ocr_line' id='line_1_87' title="bbox 825 5633 1223 5705; baseline 0.003 -13"><span class='ocrx_word' id='word_1_586' title='bbox 825 5633 870 5669; x_wconf 81' lang='grc'><strong>³⁸</strong></span> <span class='ocrx_word' id='word_1_587' title='bbox 891 5634 1023 5693; x_wconf 88' lang='lat' dir='ltr'><strong>Luc.</strong></span> <span class='ocrx_word' id='word_1_588' title='bbox 1067 5654 1104 5705; x_wconf 82' lang='grc' dir='ltr'><strong>ι,</strong></span> <span class='ocrx_word' id='word_1_589' title='bbox 1135 5638 1223 5694; x_wconf 84' lang='grc'><strong>78.</strong></span> 
     </span>
    </p>
   </div>
   <div class='ocr_carea' id='block_1_87' title="bbox 824 5726 2357 5801">
    <p class='ocr_par' dir='ltr' id='par_1_87' title="bbox 824 5726 2357 5801">
     <span class='ocr_line' id='line_1_88' title="bbox 824 5726 2357 5801; baseline 0.001 -18"><span class='ocrx_word' id='word_1_590' title='bbox 824 5729 902 5801; x_wconf 75' lang='grc' dir='ltr'><strong>(Ἰ)</strong></span> <span class='ocrx_word' id='word_1_591' title='bbox 955 5728 1078 5785; x_wconf 63' lang='lat' dir='ltr'><strong>Hac</strong></span> <span class='ocrx_word' id='word_1_592' title='bbox 1127 5746 1157 5784; x_wconf 82' lang='lat' dir='ltr'><strong>a</strong></span> <span class='ocrx_word' id='word_1_593' title='bbox 1213 5726 1429 5784; x_wconf 88' lang='lat' dir='ltr'><strong>Daniele</strong></span> <span class='ocrx_word' id='word_1_594' title='bbox 1474 5729 1712 5783; x_wconf 83' lang='lat' dir='ltr'><strong>Barbare</strong></span> <span class='ocrx_word' id='word_1_595' title='bbox 1769 5728 2077 5783; x_wconf 88' lang='lat' dir='ltr'><strong>tribuuntur</strong></span> <span class='ocrx_word' id='word_1_596' title='bbox 2120 5728 2357 5801; x_wconf 72' lang='lat' dir='ltr'><strong>(trigeni.</strong></span> 
     </span>
    </p>
   </div>
   <div class='ocr_carea' id='block_1_88' title="bbox 2398 3207 3961 3285">
    <p class='ocr_par' dir='ltr' id='par_1_88' title="bbox 2398 3207 3961 3285">
     <span class='ocr_line' id='line_1_89' title="bbox 2398 3207 3961 3285; baseline 0.006 -26"><span class='ocrx_word' id='word_1_597' title='bbox 2398 3208 2491 3259; x_wconf 78' lang='grc' dir='ltr'>καὶ</span> <span class='ocrx_word' id='word_1_598' title='bbox 2520 3207 2628 3259; x_wconf 81' lang='grc' dir='ltr'>τῶν</span> <span class='ocrx_word' id='word_1_599' title='bbox 2661 3209 2747 3260; x_wconf 79' lang='grc' dir='ltr'>ἐπ’</span> <span class='ocrx_word' id='word_1_600' title='bbox 2776 3208 2955 3272; x_wconf 75' lang='grc' dir='ltr'>αὐτοῖς</span> <span class='ocrx_word' id='word_1_601' title='bbox 2984 3209 3174 3279; x_wconf 88' lang='grc' dir='ltr'>λόγων.</span> <span class='ocrx_word' id='word_1_602' title='bbox 3211 3211 3377 3282; x_wconf 80' lang='grc' dir='ltr'>Δῆλον</span> <span class='ocrx_word' id='word_1_603' title='bbox 3410 3212 3486 3277; x_wconf 80' lang='grc' dir='ltr'>δὲ,</span> <span class='ocrx_word' id='word_1_604' title='bbox 3516 3215 3595 3265; x_wconf 81' lang='grc' dir='ltr'>ὅτι</span> <span class='ocrx_word' id='word_1_605' title='bbox 3624 3216 3724 3284; x_wconf 80' lang='grc' dir='ltr'>τῆς</span> <span class='ocrx_word' id='word_1_606' title='bbox 3760 3216 3961 3285; x_wconf 77' lang='grc' dir='ltr'>ἑκάστῳ</span> 
     </span>
    </p>
   </div>
   <div class='ocr_carea' id='block_1_89' title="bbox 2400 3299 3104 3371">
    <p class='ocr_par' dir='ltr' id='par_1_89' title="bbox 2400 3299 3104 3371">
     <span class='ocr_line' id='line_1_90' title="bbox 2400 3299 3104 3371; baseline 0.01 -24"><span class='ocrx_word' id='word_1_607' title='bbox 2400 3299 2711 3369; x_wconf 79' lang='grc' dir='ltr'>πρεπούσης</span> <span class='ocrx_word' id='word_1_608' title='bbox 2741 3299 3104 3371; x_wconf 74' lang='grc' dir='ltr'>δικαιοσύνης.</span> 
     </span>
    </p>
   </div>
   <div class='ocr_carea' id='block_1_90' title="bbox 2473 3388 3965 3469">
    <p class='ocr_par' dir='ltr' id='par_1_90' title="bbox 2473 3388 3965 3469">
     <span class='ocr_line' id='line_1_91' title="bbox 2473 3388 3965 3469; baseline 0.005 -29"><span class='ocrx_word' id='word_1_609' title='bbox 2473 3388 2569 3460; x_wconf 72' lang='grc' dir='ltr'><strong>[Ὀ</strong></span> <span class='ocrx_word' id='word_1_610' title='bbox 2596 3390 2771 3454; x_wconf 82' lang='grc' dir='ltr'>Θεὸς,</span> <span class='ocrx_word' id='word_1_611' title='bbox 2803 3394 2835 3443; x_wconf 85' lang='grc' dir='ltr'><em>ὀ</em></span> <span class='ocrx_word' id='word_1_612' title='bbox 2869 3394 3012 3456; x_wconf 79' lang='grc' dir='ltr'>Θεός</span> <span class='ocrx_word' id='word_1_613' title='bbox 3038 3410 3175 3461; x_wconf 85' lang='grc' dir='ltr'>μου.</span> <span class='ocrx_word' id='word_1_614' title='bbox 3211 3394 3392 3447; x_wconf 87' lang='grc' dir='ltr'>Ταῦτα</span> <span class='ocrx_word' id='word_1_615' title='bbox 3425 3396 3568 3463; x_wconf 83' lang='grc' dir='ltr'>λέγει</span> <span class='ocrx_word' id='word_1_616' title='bbox 3609 3399 3636 3449; x_wconf 88' lang='lat'><strong>6</strong></span> <span class='ocrx_word' id='word_1_617' title='bbox 3680 3398 3872 3469; x_wconf 79' lang='grc' dir='ltr'>Σωτὴρ</span> <span class='ocrx_word' id='word_1_618' title='bbox 3908 3398 3965 3449; x_wconf 75' lang='grc' dir='ltr'>ἑκ</span> 
     </span>
    </p>
   </div>
   <div class='ocr_carea' id='block_1_91' title="bbox 2401 3473 3964 3559">
    <p class='ocr_par' dir='ltr' id='par_1_91' title="bbox 2401 3473 3964 3559">
     <span class='ocr_line' id='line_1_92' title="bbox 2401 3473 3964 3559; baseline 0.007 -29"><span class='ocrx_word' id='word_1_619' title='bbox 2401 3478 2689 3548; x_wconf 81' lang='grc' dir='ltr'>προσώπου</span> <span class='ocrx_word' id='word_1_620' title='bbox 2748 3482 2845 3551; x_wconf 85' lang='grc' dir='ltr'>τῆς</span> <span class='ocrx_word' id='word_1_621' title='bbox 2897 3473 3310 3555; x_wconf 70' lang='grc' dir='ltr'>ἀνθ’ρωπότητος</span> <span class='ocrx_word' id='word_1_622' title='bbox 3366 3487 3487 3539; x_wconf 76' lang='grc' dir='ltr'>ἀντὶ</span> <span class='ocrx_word' id='word_1_623' title='bbox 3528 3486 3657 3539; x_wconf 84' lang='grc' dir='ltr'>τοῦ·</span> <span class='ocrx_word' id='word_1_624' title='bbox 3694 3488 3798 3541; x_wconf 90' lang='grc' dir='ltr'><strong>Θεέ</strong></span> <span class='ocrx_word' id='word_1_625' title='bbox 3852 3506 3964 3559; x_wconf 84' lang='grc' dir='ltr'>μου.</span> 
     </span>
    </p>
   </div>
   <div class='ocr_carea' id='block_1_92' title="bbox 2399 3571 2704 3645">
    <p class='ocr_par' dir='ltr' id='par_1_92' title="bbox 2399 3571 2704 3645">
     <span class='ocr_line' id='line_1_93' title="bbox 2399 3571 2704 3645; baseline 0.007 -21"><span class='ocrx_word' id='word_1_626' title='bbox 2399 3572 2500 3624; x_wconf 87' lang='grc' dir='ltr'><strong>Θεέ</strong></span> <span class='ocrx_word' id='word_1_627' title='bbox 2543 3590 2663 3643; x_wconf 82' lang='grc' dir='ltr'>μου.</span> <span class='ocrx_word' id='word_1_628' title='bbox 2684 3571 2704 3645; x_wconf 80' lang='lat'><strong>]</strong></span> 
     </span>
    </p>
   </div>
   <div class='ocr_carea' id='block_1_93' title="bbox 2485 3664 3971 3740">
    <p class='ocr_par' dir='ltr' id='par_1_93' title="bbox 2485 3664 3971 3740">
     <span class='ocr_line' id='line_1_94' title="bbox 2485 3664 3971 3740; baseline 0.005 -23"><span class='ocrx_word' id='word_1_629' title='bbox 2485 3664 2544 3717; x_wconf 86' lang='grc' dir='ltr'><strong>Ὀ</strong></span> <span class='ocrx_word' id='word_1_630' title='bbox 2578 3668 2720 3732; x_wconf 87' lang='grc' dir='ltr'>Θεός</span> <span class='ocrx_word' id='word_1_631' title='bbox 2736 3684 2875 3735; x_wconf 84' lang='grc' dir='ltr'>μου,</span> <span class='ocrx_word' id='word_1_632' title='bbox 2902 3667 3256 3737; x_wconf 76' lang='grc' dir='ltr'>κεκράξομαι</span> <span class='ocrx_word' id='word_1_633' title='bbox 3281 3670 3523 3740; x_wconf 74' lang='grc' dir='ltr'>ἡμέρας,</span> <span class='ocrx_word' id='word_1_634' title='bbox 3549 3672 3645 3725; x_wconf 80' lang='grc' dir='ltr'><strong>καί</strong></span> <span class='ocrx_word' id='word_1_635' title='bbox 3676 3675 3792 3726; x_wconf 84' lang='grc' dir='ltr'>οὐκ</span> <span class='ocrx_word' id='word_1_636' title='bbox 3822 3675 3971 3727; x_wconf 57' lang='lat' dir='ltr'><strong>sicae</strong></span> 
     </span>
    </p>
   </div>
   <div class='ocr_carea' id='block_1_94' title="bbox 2402 3757 3969 3833">
    <p class='ocr_par' dir='ltr' id='par_1_94' title="bbox 2402 3757 3969 3833">
     <span class='ocr_line' id='line_1_95' title="bbox 2402 3757 3969 3833; baseline 0.006 -26"><span class='ocrx_word' id='word_1_637' title='bbox 2402 3757 2618 3824; x_wconf 77' lang='grc' dir='ltr'>κούσῃ,</span> <span class='ocrx_word' id='word_1_638' title='bbox 2644 3760 2738 3810; x_wconf 81' lang='grc' dir='ltr'><strong>καί</strong></span> <span class='ocrx_word' id='word_1_639' title='bbox 2762 3760 3001 3823; x_wconf 83' lang='grc' dir='ltr'>νυκτὸς,</span> <span class='ocrx_word' id='word_1_640' title='bbox 3035 3762 3132 3813; x_wconf 78' lang='grc' dir='ltr'><strong>καί</strong></span> <span class='ocrx_word' id='word_1_641' title='bbox 3158 3764 3268 3815; x_wconf 86' lang='grc' dir='ltr'>οὐκ</span> <span class='ocrx_word' id='word_1_642' title='bbox 3295 3765 3381 3827; x_wconf 83' lang='grc' dir='ltr'><strong>είς</strong></span> <span class='ocrx_word' id='word_1_643' title='bbox 3409 3762 3619 3815; x_wconf 77' lang='grc' dir='ltr'>ἄνοιαν</span> <span class='ocrx_word' id='word_1_644' title='bbox 3646 3765 3803 3833; x_wconf 84' lang='grc' dir='ltr'>ἐμοί.</span> <span class='ocrx_word' id='word_1_645' title='bbox 3841 3765 3969 3817; x_wconf 82' lang='grc' dir='ltr'>Καθ’</span> 
     </span>
    </p>
   </div>
   <div class='ocr_carea' id='block_1_95' title="bbox 2404 3848 3973 3924">
    <p class='ocr_par' dir='ltr' id='par_1_95' title="bbox 2404 3848 3973 3924">
     <span class='ocr_line' id='line_1_96' title="bbox 2404 3848 3973 3924; baseline 0.004 -25"><span class='ocrx_word' id='word_1_646' title='bbox 2404 3848 2743 3919; x_wconf 81' lang='grc' dir='ltr'>ὑποστιγμὴν</span> <span class='ocrx_word' id='word_1_647' title='bbox 2779 3850 3167 3917; x_wconf 83' lang='grc' dir='ltr'>ἀναγνωστέον.</span> <span class='ocrx_word' id='word_1_648' title='bbox 3204 3853 3463 3922; x_wconf 85' lang='grc' dir='ltr'>Σημσίνει</span> <span class='ocrx_word' id='word_1_649' title='bbox 3492 3854 3547 3906; x_wconf 74' lang='grc' dir='ltr'>δὲ</span> <span class='ocrx_word' id='word_1_650' title='bbox 3582 3856 3738 3924; x_wconf 80' lang='grc' dir='ltr'>ἡμῖν,</span> <span class='ocrx_word' id='word_1_651' title='bbox 3774 3858 3856 3908; x_wconf 83' lang='grc' dir='ltr'>ὅτι</span> <span class='ocrx_word' id='word_1_652' title='bbox 3882 3857 3973 3907; x_wconf 70' lang='grc' dir='ltr'>οὐκ</span> 
     </span>
    </p>
   </div>
   <div class='ocr_carea' id='block_1_96' title="bbox 2404 3938 3974 4016">
    <p class='ocr_par' dir='ltr' id='par_1_96' title="bbox 2404 3938 3974 4016">
     <span class='ocr_line' id='line_1_97' title="bbox 2404 3938 3974 4016; baseline 0.005 -27"><span class='ocrx_word' id='word_1_653' title='bbox 2404 3938 2656 4005; x_wconf 85' lang='grc' dir='ltr'>ἀνόνητος</span> <span class='ocrx_word' id='word_1_654' title='bbox 2675 3940 2770 4009; x_wconf 83' lang='grc' dir='ltr'>τῆς</span> <span class='ocrx_word' id='word_1_655' title='bbox 2797 3940 3104 4009; x_wconf 81' lang='grc' dir='ltr'>προσευχῆς</span> <span class='ocrx_word' id='word_1_656' title='bbox 3123 3944 3150 3994; x_wconf 90' lang='lat'><strong>6</strong></span> <span class='ocrx_word' id='word_1_657' title='bbox 3170 3943 3399 4012; x_wconf 82' lang='grc' dir='ltr'>καρπός.</span> <span class='ocrx_word' id='word_1_658' title='bbox 3430 3945 3565 4014; x_wconf 76' lang='grc' dir='ltr'>Φησὶ</span> <span class='ocrx_word' id='word_1_659' title='bbox 3587 3947 3696 4016; x_wconf 88' lang='grc' dir='ltr'><strong>γάρ</strong></span> <span class='ocrx_word' id='word_1_660' title='bbox 3717 3962 3729 3974; x_wconf 93' lang='grc'>·</span> <span class='ocrx_word' id='word_1_661' title='bbox 3753 3949 3875 3999; x_wconf 82' lang='grc' dir='ltr'><strong>Οὐχ</strong></span> <span class='ocrx_word' id='word_1_662' title='bbox 3896 3948 3974 4009; x_wconf 81' lang='grc' dir='ltr'>εἰς</span> 
     </span>
    </p>
   </div>
   <div class='ocr_carea' id='block_1_97' title="bbox 2404 4030 3976 4109">
    <p class='ocr_par' dir='ltr' id='par_1_97' title="bbox 2404 4030 3976 4109">
     <span class='ocr_line' id='line_1_98' title="bbox 2404 4030 3976 4109; baseline 0.003 -26"><span class='ocrx_word' id='word_1_663' title='bbox 2404 4030 2614 4084; x_wconf 78' lang='grc' dir='ltr'>ἄνοιαν</span> <span class='ocrx_word' id='word_1_664' title='bbox 2644 4032 2789 4100; x_wconf 81' lang='grc' dir='ltr'>ἐμοί.</span> <span class='ocrx_word' id='word_1_665' title='bbox 2821 4034 3127 4098; x_wconf 85' lang='grc' dir='ltr'>Τουτέστιν,</span> <span class='ocrx_word' id='word_1_666' title='bbox 3158 4030 3271 4086; x_wconf 76' lang='grc' dir='ltr'>οἶδα</span> <span class='ocrx_word' id='word_1_667' title='bbox 3304 4036 3511 4103; x_wconf 80' lang='grc' dir='ltr'>σαφῶς,</span> <span class='ocrx_word' id='word_1_668' title='bbox 3544 4036 3618 4099; x_wconf 83' lang='grc' dir='ltr'>ὡς</span> <span class='ocrx_word' id='word_1_669' title='bbox 3641 4038 3976 4109; x_wconf 75' lang='grc' dir='ltr'>κεκράξομαι</span> 
     </span>
    </p>
   </div>
   <div class='ocr_carea' id='block_1_98' title="bbox 2409 4119 3977 4189">
    <p class='ocr_par' dir='ltr' id='par_1_98' title="bbox 2409 4119 3977 4189">
     <span class='ocr_line' id='line_1_99' title="bbox 2409 4119 3977 4189; baseline 0.003 -19"><span class='ocrx_word' id='word_1_670' title='bbox 2409 4121 2505 4188; x_wconf 84' lang='grc' dir='ltr'>μὲν</span> <span class='ocrx_word' id='word_1_671' title='bbox 2539 4119 2667 4187; x_wconf 80' lang='grc' dir='ltr'>ἐγὼ,</span> <span class='ocrx_word' id='word_1_672' title='bbox 2697 4120 2999 4173; x_wconf 77' lang='grc' dir='ltr'>είσακούσει</span> <span class='ocrx_word' id='word_1_673' title='bbox 3028 4121 3083 4172; x_wconf 80' lang='grc' dir='ltr'>δὲ</span> <span class='ocrx_word' id='word_1_674' title='bbox 3113 4122 3292 4184; x_wconf 77' lang='grc' dir='ltr'>αὐτός.</span> <span class='ocrx_word' id='word_1_675' title='bbox 3328 4123 3449 4175; x_wconf 89' lang='grc' dir='ltr'>Ὅτι</span> <span class='ocrx_word' id='word_1_676' title='bbox 3480 4139 3540 4189; x_wconf 87' lang='grc' dir='ltr'><strong>γε</strong></span> <span class='ocrx_word' id='word_1_677' title='bbox 3572 4123 3689 4184; x_wconf 76' lang='grc' dir='ltr'>καὶ,</span> <span class='ocrx_word' id='word_1_678' title='bbox 3715 4122 3977 4176; x_wconf 82' lang='grc' dir='ltr'>κατοικῶν</span> 
     </span>
    </p>
   </div>
   <div class='ocr_carea' id='block_1_99' title="bbox 2407 4211 3981 4282">
    <p class='ocr_par' dir='ltr' id='par_1_99' title="bbox 2407 4211 3981 4282">
     <span class='ocr_line' id='line_1_100' title="bbox 2407 4211 3981 4282; baseline 0.002 -20"><span class='ocrx_word' id='word_1_679' title='bbox 2407 4212 2463 4262; x_wconf 83' lang='grc' dir='ltr'><strong>ἐν</strong></span> <span class='ocrx_word' id='word_1_680' title='bbox 2501 4211 2673 4277; x_wconf 88' lang='grc' dir='ltr'>ἁγίοις</span> <span class='ocrx_word' id='word_1_681' title='bbox 2706 4216 2814 4273; x_wconf 87' lang='grc' dir='ltr'>τοῖς</span> <span class='ocrx_word' id='word_1_682' title='bbox 2848 4213 2927 4273; x_wconf 80' lang='grc' dir='ltr'><strong>είς</strong></span> <span class='ocrx_word' id='word_1_683' title='bbox 2963 4212 3019 4263; x_wconf 81' lang='grc' dir='ltr'>σὲ</span> <span class='ocrx_word' id='word_1_684' title='bbox 3053 4212 3142 4264; x_wconf 82' lang='grc' dir='ltr'>τὸν</span> <span class='ocrx_word' id='word_1_685' title='bbox 3171 4212 3297 4265; x_wconf 84' lang='grc' dir='ltr'>νοῦν</span> <span class='ocrx_word' id='word_1_686' title='bbox 3330 4212 3542 4282; x_wconf 74' lang='grc' dir='ltr'>ἔχουσιν</span> <span class='ocrx_word' id='word_1_687' title='bbox 3565 4251 3579 4277; x_wconf 87' lang='grc'><strong>,</strong></span> <span class='ocrx_word' id='word_1_688' title='bbox 3625 4214 3861 4277; x_wconf 75' lang='grc' dir='ltr'>ἔπαινος</span> <span class='ocrx_word' id='word_1_689' title='bbox 3895 4214 3981 4265; x_wconf 74' lang='grc' dir='ltr'>καὶ</span> 
     </span>
    </p>
   </div>
   <div class='ocr_carea' id='block_1_100' title="bbox 2405 4299 2948 4372">
    <p class='ocr_par' dir='ltr' id='par_1_100' title="bbox 2405 4299 2948 4372">
     <span class='ocr_line' id='line_1_101' title="bbox 2405 4299 2948 4372; baseline 0.002 -21"><span class='ocrx_word' id='word_1_690' title='bbox 2405 4299 2530 4363; x_wconf 78' lang='grc' dir='ltr'>δόξα</span> <span class='ocrx_word' id='word_1_691' title='bbox 2561 4300 2737 4352; x_wconf 78' lang='grc' dir='ltr'>αὐτῶν</span> <span class='ocrx_word' id='word_1_692' title='bbox 2766 4301 2948 4372; x_wconf 82' lang='grc' dir='ltr'>γίγνῃ.</span> 
     </span>
    </p>
   </div>
   <div class='ocr_carea' id='block_1_101' title="bbox 2478 4390 3980 4461">
    <p class='ocr_par' dir='ltr' id='par_1_101' title="bbox 2478 4390 3980 4461">
     <span class='ocr_line' id='line_1_102' title="bbox 2478 4390 3980 4461; baseline -0.001 -17"><span class='ocrx_word' id='word_1_693' title='bbox 2478 4390 2561 4444; x_wconf 89' lang='grc' dir='ltr'><strong>Σὺ</strong></span> <span class='ocrx_word' id='word_1_694' title='bbox 2580 4390 2647 4442; x_wconf 81' lang='grc' dir='ltr'>δὲ</span> <span class='ocrx_word' id='word_1_695' title='bbox 2666 4392 2733 4443; x_wconf 76' lang='grc' dir='ltr'>ἐν</span> <span class='ocrx_word' id='word_1_696' title='bbox 2755 4392 2899 4460; x_wconf 78' lang='grc' dir='ltr'>ἁγίῳ</span> <span class='ocrx_word' id='word_1_697' title='bbox 2918 4391 3232 4457; x_wconf 83' lang='grc' dir='ltr'>κατοικεῖς,</span> <span class='ocrx_word' id='word_1_698' title='bbox 3261 4394 3293 4445; x_wconf 83' lang='grc' dir='ltr'><strong>ό</strong></span> <span class='ocrx_word' id='word_1_699' title='bbox 3314 4392 3557 4458; x_wconf 79' lang='grc' dir='ltr'>ἔπαινος</span> <span class='ocrx_word' id='word_1_700' title='bbox 3582 4392 3690 4445; x_wconf 83' lang='grc' dir='ltr'><strong>τοῦ</strong></span> <span class='ocrx_word' id='word_1_701' title='bbox 3725 4390 3980 4461; x_wconf 69' lang='grc' dir='ltr'>Ἰσραήλ.</span> 
     </span>
    </p>
   </div>
   <div class='ocr_carea' id='block_1_102' title="bbox 2337 4479 3981 4553">
    <p class='ocr_par' dir='ltr' id='par_1_102' title="bbox 2337 4479 3981 4553">
     <span class='ocr_line' id='line_1_103' title="bbox 2337 4479 3981 4553; baseline -0.002 -19"><span class='ocrx_word' id='word_1_702' title='bbox 2337 4481 2379 4534; x_wconf 93' lang='lat' dir='ltr'><strong>D</strong></span> <span class='ocrx_word' id='word_1_703' title='bbox 2420 4479 2476 4533; x_wconf 87' lang='lat'><strong>&#39;0</strong></span> <span class='ocrx_word' id='word_1_704' title='bbox 2514 4480 2899 4552; x_wconf 79' lang='grc' dir='ltr'>ἐπαινούμενος</span> <span class='ocrx_word' id='word_1_705' title='bbox 2929 4482 3031 4534; x_wconf 77' lang='grc' dir='ltr'><strong>ὑπὸ</strong></span> <span class='ocrx_word' id='word_1_706' title='bbox 3060 4481 3151 4534; x_wconf 92' lang='grc' dir='ltr'><strong>τοῦ</strong></span> <span class='ocrx_word' id='word_1_707' title='bbox 3196 4483 3410 4553; x_wconf 79' lang='grc' dir='ltr'>Ἰσραήλ</span> <span class='ocrx_word' id='word_1_708' title='bbox 3431 4499 3443 4511; x_wconf 72' lang='grc'><strong><em>⁸</em></strong></span> <span class='ocrx_word' id='word_1_709' title='bbox 3490 4482 3521 4552; x_wconf 82' lang='grc' dir='ltr'>ἢ</span> <span class='ocrx_word' id='word_1_710' title='bbox 3565 4485 3594 4535; x_wconf 92' lang='lat'><strong>6</strong></span> <span class='ocrx_word' id='word_1_711' title='bbox 3626 4483 3800 4545; x_wconf 72' lang='grc' dir='ltr'>αὐτὸς</span> <span class='ocrx_word' id='word_1_712' title='bbox 3832 4483 3981 4534; x_wconf 63' lang='grc' dir='ltr'>ἔπαιε</span> 
     </span>
    </p>
   </div>
   <div class='ocr_carea' id='block_1_103' title="bbox 2411 4571 2619 4636">
    <p class='ocr_par' dir='ltr' id='par_1_103' title="bbox 2411 4571 2619 4636">
     <span class='ocr_line' id='line_1_104' title="bbox 2411 4571 2619 4636; baseline 0 -12"><span class='ocrx_word' id='word_1_713' title='bbox 2411 4589 2498 4636; x_wconf 88' lang='grc' dir='ltr'><strong>νος</strong></span> <span class='ocrx_word' id='word_1_714' title='bbox 2528 4571 2619 4624; x_wconf 83' lang='grc' dir='ltr'>ὧν.</span> 
     </span>
    </p>
   </div>
   <div class='ocr_carea' id='block_1_104' title="bbox 2495 4663 3987 4732">
    <p class='ocr_par' dir='ltr' id='par_1_104' title="bbox 2495 4663 3987 4732">
     <span class='ocr_line' id='line_1_105' title="bbox 2495 4663 3987 4732; baseline 0 -18"><span class='ocrx_word' id='word_1_715' title='bbox 2495 4664 2617 4717; x_wconf 78' lang='grc' dir='ltr'><strong>Ἐπὶ</strong></span> <span class='ocrx_word' id='word_1_716' title='bbox 2652 4665 2749 4717; x_wconf 79' lang='grc' dir='ltr'><strong>σοί</strong></span> <span class='ocrx_word' id='word_1_717' title='bbox 2801 4665 3069 4732; x_wconf 72' lang='grc' dir='ltr'>ἤλπισαν</span> <span class='ocrx_word' id='word_1_718' title='bbox 3119 4668 3170 4717; x_wconf 80' lang='grc' dir='ltr'>οὶ</span> <span class='ocrx_word' id='word_1_719' title='bbox 3205 4663 3453 4730; x_wconf 82' lang='grc' dir='ltr'>πατέρες</span> <span class='ocrx_word' id='word_1_720' title='bbox 3484 4663 3679 4732; x_wconf 77' lang='grc' dir='ltr'>ἡμῶν,</span> <span class='ocrx_word' id='word_1_721' title='bbox 3720 4665 3987 4731; x_wconf 75' lang='grc' dir='ltr'>ἤλπισαν</span> 
     </span>
    </p>
   </div>
   <div class='ocr_carea' id='block_1_105' title="bbox 2413 4754 3987 4827">
    <p class='ocr_par' dir='ltr' id='par_1_105' title="bbox 2413 4754 3987 4827">
     <span class='ocr_line' id='line_1_106' title="bbox 2413 4754 3987 4827; baseline -0.002 -20"><span class='ocrx_word' id='word_1_722' title='bbox 2413 4756 2507 4807; x_wconf 82' lang='grc' dir='ltr'><strong>καί</strong></span> <span class='ocrx_word' id='word_1_723' title='bbox 2537 4757 2767 4825; x_wconf 80' lang='grc' dir='ltr'>ὲρῤὐσω</span> <span class='ocrx_word' id='word_1_724' title='bbox 2799 4759 3038 4821; x_wconf 78' lang='grc' dir='ltr'>αὐτούς.</span> <span class='ocrx_word' id='word_1_725' title='bbox 3100 4756 3347 4827; x_wconf 83' lang='grc' dir='ltr'>Πατέρας</span> <span class='ocrx_word' id='word_1_726' title='bbox 3391 4755 3581 4809; x_wconf 76' lang='grc' dir='ltr'>ἑαυτοῦ</span> <span class='ocrx_word' id='word_1_727' title='bbox 3631 4756 3784 4809; x_wconf 73' lang='grc' dir='ltr'>κατὰ</span> <span class='ocrx_word' id='word_1_728' title='bbox 3820 4754 3987 4826; x_wconf 80' lang='grc' dir='ltr'>σάρκα</span> 
     </span>
    </p>
   </div>
   <div class='ocr_carea' id='block_1_106' title="bbox 2411 4848 3987 4920">
    <p class='ocr_par' dir='ltr' id='par_1_106' title="bbox 2411 4848 3987 4920">
     <span class='ocr_line' id='line_1_107' title="bbox 2411 4848 3987 4920; baseline 0 -22"><span class='ocrx_word' id='word_1_729' title='bbox 2411 4848 2535 4909; x_wconf 79' lang='grc' dir='ltr'>τοὺς</span> <span class='ocrx_word' id='word_1_730' title='bbox 2564 4848 2906 4918; x_wconf 82' lang='grc' dir='ltr'>πατριάρχας</span> <span class='ocrx_word' id='word_1_731' title='bbox 2931 4850 3023 4902; x_wconf 69' lang='grc' dir='ltr'>καὶ</span> <span class='ocrx_word' id='word_1_732' title='bbox 3062 4848 3188 4911; x_wconf 77' lang='grc' dir='ltr'>τοὺς</span> <span class='ocrx_word' id='word_1_733' title='bbox 3223 4849 3503 4920; x_wconf 80' lang='grc' dir='ltr'>προφήτας</span> <span class='ocrx_word' id='word_1_734' title='bbox 3529 4848 3685 4919; x_wconf 86' lang='grc' dir='ltr'>φησί.</span> <span class='ocrx_word' id='word_1_735' title='bbox 3744 4849 3987 4902; x_wconf 86' lang='grc' dir='ltr'>Δείκνυσι</span> 
     </span>
    </p>
   </div>
   <div class='ocr_carea' id='block_1_107' title="bbox 2409 4940 3284 5011">
    <p class='ocr_par' dir='ltr' id='par_1_107' title="bbox 2409 4940 3284 5011">
     <span class='ocr_line' id='line_1_108' title="bbox 2409 4940 3284 5011; baseline 0.001 -20"><span class='ocrx_word' id='word_1_736' title='bbox 2409 4940 2463 4991; x_wconf 86' lang='grc' dir='ltr'>δὲ</span> <span class='ocrx_word' id='word_1_737' title='bbox 2489 4941 2581 4991; x_wconf 68' lang='grc' dir='ltr'>καὶ</span> <span class='ocrx_word' id='word_1_738' title='bbox 2610 4941 2707 5009; x_wconf 83' lang='grc' dir='ltr'>τῆς</span> <span class='ocrx_word' id='word_1_739' title='bbox 2737 4940 2947 5002; x_wconf 78' lang='grc' dir='ltr'>ἐλπίδος</span> <span class='ocrx_word' id='word_1_740' title='bbox 2984 4940 3043 4992; x_wconf 79' lang='grc' dir='ltr'>τὸ</span> <span class='ocrx_word' id='word_1_741' title='bbox 3079 4941 3284 5011; x_wconf 81' lang='grc' dir='ltr'>κέρδος.</span> 
     </span>
    </p>
   </div>
   <div class='ocr_carea' id='block_1_108' title="bbox 2478 5029 3989 5100">
    <p class='ocr_par' dir='ltr' id='par_1_108' title="bbox 2478 5029 3989 5100">
     <span class='ocr_line' id='line_1_109' title="bbox 2478 5029 3989 5100; baseline 0 -19"><span class='ocrx_word' id='word_1_742' title='bbox 2478 5029 2496 5100; x_wconf 88' lang='grc'>[</span> <span class='ocrx_word' id='word_1_743' title='bbox 2531 5030 2652 5081; x_wconf 82' lang='grc' dir='ltr'>Ἐπί</span> <span class='ocrx_word' id='word_1_744' title='bbox 2681 5031 2781 5083; x_wconf 85' lang='grc' dir='ltr'>σοὶ</span> <span class='ocrx_word' id='word_1_745' title='bbox 2808 5030 3080 5097; x_wconf 74' lang='grc' dir='ltr'>ἤλπισαν</span> <span class='ocrx_word' id='word_1_746' title='bbox 3116 5035 3168 5085; x_wconf 87' lang='grc' dir='ltr'>οἱ</span> <span class='ocrx_word' id='word_1_747' title='bbox 3198 5032 3447 5098; x_wconf 83' lang='grc' dir='ltr'>πατέρες</span> <span class='ocrx_word' id='word_1_748' title='bbox 3476 5030 3665 5098; x_wconf 74' lang='grc' dir='ltr'>ἡμῶν.</span> <span class='ocrx_word' id='word_1_749' title='bbox 3717 5032 3884 5086; x_wconf 81' lang='grc' dir='ltr'>Ἀλλὰ</span> <span class='ocrx_word' id='word_1_750' title='bbox 3906 5033 3989 5085; x_wconf 77' lang='grc' dir='ltr'>καὶ</span> 
     </span>
    </p>
   </div>
   <div class='ocr_carea' id='block_1_109' title="bbox 2405 5117 3989 5193">
    <p class='ocr_par' dir='ltr' id='par_1_109' title="bbox 2405 5117 3989 5193">
     <span class='ocr_line' id='line_1_110' title="bbox 2405 5117 3989 5193; baseline -0.001 -19"><span class='ocrx_word' id='word_1_751' title='bbox 2405 5125 2452 5174; x_wconf 86' lang='grc' dir='ltr'>οἱ</span> <span class='ocrx_word' id='word_1_752' title='bbox 2476 5122 2615 5174; x_wconf 82' lang='grc' dir='ltr'>κατὰ</span> <span class='ocrx_word' id='word_1_753' title='bbox 2646 5120 2823 5192; x_wconf 85' lang='grc' dir='ltr'>σάρκα</span> <span class='ocrx_word' id='word_1_754' title='bbox 2855 5123 2960 5193; x_wconf 83' lang='grc' dir='ltr'>πρὸ</span> <span class='ocrx_word' id='word_1_755' title='bbox 2986 5117 3119 5193; x_wconf 82' lang='grc' dir='ltr'>ἐμοῦ</span> <span class='ocrx_word' id='word_1_756' title='bbox 3140 5166 3153 5186; x_wconf 90' lang='grc'><strong>,</strong></span> <span class='ocrx_word' id='word_1_757' title='bbox 3180 5122 3459 5175; x_wconf 84' lang='grc' dir='ltr'>τουτέστιν</span> <span class='ocrx_word' id='word_1_758' title='bbox 3484 5124 3531 5174; x_wconf 90' lang='grc' dir='ltr'><strong>οί</strong></span> <span class='ocrx_word' id='word_1_759' title='bbox 3562 5124 3875 5193; x_wconf 78' lang='grc' dir='ltr'>προφῆται,</span> <span class='ocrx_word' id='word_1_760' title='bbox 3906 5120 3989 5176; x_wconf 69' lang='grc' dir='ltr'><strong>ἐπὶ</strong></span> 
     </span>
    </p>
   </div>
   <div class='ocr_carea' id='block_1_110' title="bbox 2410 5214 3989 5287">
    <p class='ocr_par' dir='ltr' id='par_1_110' title="bbox 2410 5214 3989 5287">
     <span class='ocr_line' id='line_1_111' title="bbox 2410 5214 3989 5287; baseline 0.003 -20"><span class='ocrx_word' id='word_1_761' title='bbox 2410 5216 2491 5267; x_wconf 70' lang='grc' dir='ltr'>σοὶ</span> <span class='ocrx_word' id='word_1_762' title='bbox 2525 5214 2896 5283; x_wconf 89' lang='grc' dir='ltr'>προσεδόκων,</span> <span class='ocrx_word' id='word_1_763' title='bbox 2943 5217 3040 5286; x_wconf 80' lang='grc' dir='ltr'>τὴν</span> <span class='ocrx_word' id='word_1_764' title='bbox 3089 5216 3226 5285; x_wconf 82' lang='grc' dir='ltr'>ἐμὴν</span> <span class='ocrx_word' id='word_1_765' title='bbox 3270 5215 3568 5284; x_wconf 67' lang='grc' dir='ltr'>ὲπίλαμψιν</span> <span class='ocrx_word' id='word_1_766' title='bbox 3602 5217 3989 5287; x_wconf 72' lang='grc' dir='ltr'>ἀναμένοντες,</span> 
     </span>
    </p>
   </div>
   <div class='ocr_carea' id='block_1_111' title="bbox 2409 5304 4061 5376">
    <p class='ocr_par' dir='ltr' id='par_1_111' title="bbox 2409 5304 4061 5376">
     <span class='ocr_line' id='line_1_112' title="bbox 2409 5304 4061 5376; baseline -0.002 -19"><span class='ocrx_word' id='word_1_767' title='bbox 2409 5306 2501 5357; x_wconf 72' lang='grc' dir='ltr'>καὶ</span> <span class='ocrx_word' id='word_1_768' title='bbox 2544 5304 2643 5373; x_wconf 80' lang='grc' dir='ltr'>τῆς</span> <span class='ocrx_word' id='word_1_769' title='bbox 2674 5305 2883 5367; x_wconf 81' lang='grc' dir='ltr'>ἐλπίδος</span> <span class='ocrx_word' id='word_1_770' title='bbox 2919 5306 2980 5357; x_wconf 74' lang='grc' dir='ltr'>οὐ</span> <span class='ocrx_word' id='word_1_771' title='bbox 3015 5305 3437 5376; x_wconf 75' lang='grc' dir='ltr'>διεψεύσθησαν·</span> <span class='ocrx_word' id='word_1_772' title='bbox 3503 5306 3781 5370; x_wconf 79' lang='grc' dir='ltr'>ὡσαύτως</span> <span class='ocrx_word' id='word_1_773' title='bbox 3818 5305 3912 5358; x_wconf 69' lang='grc' dir='ltr'>καὶ</span> <span class='ocrx_word' id='word_1_774' title='bbox 3947 5304 3992 5355; x_wconf 70' lang='grc' dir='ltr'>οἱ</span> <span class='ocrx_word' id='word_1_775' title='bbox 4054 5352 4061 5355; x_wconf 30' lang='grc' dir='ltr'><strong>ν</strong></span> 
     </span>
    </p>
   </div>
   <div class='ocr_carea' id='block_1_112' title="bbox 2418 5376 4029 5468">
    <p class='ocr_par' dir='ltr' id='par_1_112' title="bbox 2418 5376 4029 5468">
     <span class='ocr_line' id='line_1_113' title="bbox 2418 5376 4029 5468; baseline 0.006 -20"><span class='ocrx_word' id='word_1_776' title='bbox 2418 5396 2763 5465; x_wconf 81' lang='grc' dir='ltr'>πατριάρχαι.</span> <span class='ocrx_word' id='word_1_777' title='bbox 2791 5395 2811 5468; x_wconf 86' lang='grc'>]</span> <span class='ocrx_word' id='word_1_778' title='bbox 4024 5376 4029 5381; x_wconf 31' lang='grc' dir='ltr'><strong><em>Ι</em></strong></span> 
     </span>
    </p>
   </div>
   <div class='ocr_carea' id='block_1_113' title="bbox 2500 5483 3994 5557">
    <p class='ocr_par' dir='ltr' id='par_1_113' title="bbox 2500 5483 3994 5557">
     <span class='ocr_line' id='line_1_114' title="bbox 2500 5483 3994 5557; baseline -0.001 -17"><span class='ocrx_word' id='word_1_779' title='bbox 2500 5486 2643 5555; x_wconf 75' lang='grc' dir='ltr'><strong>Ἐγὼ</strong></span> <span class='ocrx_word' id='word_1_780' title='bbox 2676 5486 2743 5540; x_wconf 81' lang='grc' dir='ltr'><strong>δέ</strong></span> <span class='ocrx_word' id='word_1_781' title='bbox 2766 5490 2880 5557; x_wconf 76' lang='grc' dir='ltr'>ειμι</span> <span class='ocrx_word' id='word_1_782' title='bbox 2911 5487 3158 5555; x_wconf 75' lang='grc' dir='ltr'>σκώληξ</span> <span class='ocrx_word' id='word_1_783' title='bbox 3164 5528 3177 5551; x_wconf 85' lang='grc'><strong>,</strong></span> <span class='ocrx_word' id='word_1_784' title='bbox 3218 5487 3315 5542; x_wconf 81' lang='grc' dir='ltr'><strong>καί</strong></span> <span class='ocrx_word' id='word_1_785' title='bbox 3344 5491 3453 5543; x_wconf 82' lang='grc' dir='ltr'>οὐκ</span> <span class='ocrx_word' id='word_1_786' title='bbox 3489 5488 3837 5557; x_wconf 76' lang='grc' dir='ltr'>ἄνθρωπος.</span> <span class='ocrx_word' id='word_1_787' title='bbox 3894 5483 3994 5539; x_wconf 77' lang='lat' dir='ltr'><strong>Ta-</strong></span> 
     </span>
    </p>
   </div>
  </div>
