4102 6304
152 391 240 444 133

1249 379 1608 436 ΕΧΡΟΞΙΤῙΟ
1648 379 1711 432 IN
1752 379 2078 435 PSALMUM
2119 377 2252 432 XXI.

3259 386 3363 440 lu

149 501 488 570 πεινόφρσνας
519 495 657 555 εἶναι
689 499 957 560 διδάσκει,
990 499 1079 550 καὶ
1115 496 1344 566 μάλιστα
1379 497 1697 566 προσιόντας

1815 509 1918 548 esse
1956 495 2185 549 humiles
2243 504 2509 561 oportere,
2559 497 2902 565 maximeque
2950 499 3268 554 accedentes
3299 506 3362 555 ait

145 593 269 662 θεῷ.
324 591 615 662 Ὄνειδος
641 589 962 659 ἀνθρώπων
989 589 1082 642 καὶ
1121 589 1494 658 ἐξουδένωμα
1532 587 1702 641 λαοῦ.

1807 585 1994 641 Deum.
2036 585 2386 654 Opprobrium
2412 586 2677 640 hominum
2702 598 2749 639 et
2779 587 3002 656 abjectio
3025 591 3207 657 plebis.
3242 591 3365 645 l'lzec

147 684 317 736 ταῦτα
351 682 540 750 σαφῶς
575 684 603 734 ὁ
647 681 1030 752 εὐαγγελιστὴς
1079 681 1392 751 πεπρᾶχθαι
1435 682 1511 743 είς
1546 679 1705 731 αὑτὸν

1815 678 2131 746 eratigelista
2168 679 2218 731 in
2251 687 2493 747 tempore
2518 680 2695 732 crucis
2733 680 2937 734 factum
2975 682 3076 750 ipsi
3126 694 3364 746 enarrat,

147 775 274 827 κατὰ
302 774 392 826 τὸν
423 773 610 843 καιρὸν
631 772 722 825 τοῦ
750 771 978 844 σταυροῦ
1007 789 1167 840 φησιν
1191 790 1203 803 ο
1232 773 1351 826 καθ’
1373 771 1432 824 ὃν
1461 771 1706 823 ἐπέσειον

147 864 284 934 αὖτῷ
304 867 353 914 οί
379 863 884 934 παραπορευόμενοι
912 863 1006 924 τὰς
1035 863 1293 931 κεφαλὰς,
1319 863 1414 915 καὶ
1440 863 1706 930 ὲϐἳασφή-

151 974 272 1024 μουν
303 955 382 1019 εἰς
416 956 574 1007 αὐτόν
597 956 842 1023 λέγοντες
861 973 873 985 ·
908 957 974 1009 El
1008 956 1136 1021 Υἱὸς
1164 952 1220 1008 εἴ
1243 955 1345 1009 τοῦ
1376 954 1523 1009 Θεοῦ
1544 995 1556 1017 ,
1589 953 1704 1007 σῶ-

148 1063 203 1098 σί
217 1062 253 1096 ν
274 1046 558 1098 σεαυτόν.

212 1137 338 1188 Ὅτι
365 1135 447 1188 σὺ
471 1131 532 1188 εἷ
551 1139 582 1188 ό
612 1135 926 1200 ἑκσπάσας
971 1152 1048 1202 με
1079 1135 1147 1187 ἐκ
1200 1134 1477 1203 γαστρός.
1539 1130 1708 1185 Τοῦτό

149 1242 338 1291 φησιν,
375 1225 562 1295 ἐπειδὴ
602 1227 719 1277 κατ’
763 1225 1006 1278 εὐδοκίαν
1037 1224 1130 1278 τοῦ
1171 1226 1381 1294 Πατρδς
1435 1221 1706 1294 ὲνηνθρὼ-

150 1332 330 1385 πηοεν.
365 1317 504 1368 Ὀτε
525 1315 652 1387 γὰρ,
674 1315 854 1385 φησὶν,
875 1312 1021 1382 ἦλθε
1046 1317 1110 1367 τὸ
1141 1313 1430 1382 πλήρωμα
1449 1313 1554 1367 τοῦ
1581 1313 1709 1381 χρόα

148 1422 268 1465 νου,
298 1405 727 1469 ἐξαπέστειλεν
754 1410 786 1459 ὀ
821 1406 962 1471 Θεὸς
986 1405 1088 1458 τὸν
1121 1405 1252 1458 Υὶύν
1279 1403 1466 1458 αὑτοῦ
1497 1403 1709 1472 γεννώ-

147 1513 321 1564 μενον
350 1496 420 1550 ἐκ
451 1498 750 1565 γυναικός.
805 1498 1193 1567 Ἐπιγράφεται
1231 1497 1337 1567 γὰρ
1381 1498 1476 1548 καὶ
1520 1495 1708 1548 ἐλπίδα

150 1591 228 1642 τόν
259 1589 455 1642 ἑαυτοῦ
488 1591 704 1663 Πατέρα
723 1632 737 1654 ,
765 1594 857 1644 καὶ
881 1591 1033 1644 τοῦτο
1056 1591 1226 1660 λέγων
1277 1591 1350 1654 ὡς
1382 1589 1668 1660 ἄνθρωπος
1690 1607 1704 1618 ·

153 1680 326 1749 ἐπειδὴ
359 1681 470 1752 γὰρ
501 1682 591 1734 τὸν
643 1684 870 1751 Χριστὸν
918 1685 1074 1755 μόνον
1107 1687 1168 1738 ὲκ
1219 1685 1318 1756 τῆς
1351 1685 1566 1756 Μαρίας
1595 1685 1709 1749 ἐξέ-

155 1787 346 1823 σπασεν
374 1774 404 1824 ό
432 1773 594 1836 Θεὸς,
620 1774 729 1827 τῶν
761 1774 931 1828 ἄλλων
957 1775 1256 1848 ἀνθρώπων
1290 1777 1390 1829 οὐκ
1418 1776 1704 1846 ὲκσπωμέ-

1806 785 1929 823 cum
1953 771 2044 838 qui
2069 772 2434 839 prmteribant,
2469 773 2644 841 capita
2670 784 2947 828 moverent
2970 783 3024 827 et
3051 773 3364 844 blasphema

1807 860 2114 929 hujusmodi
2145 862 2304 914 verba
2342 862 2646 931 proferrent
2677 864 2728 917 in
2764 879 2923 919 eum:
2960 863 3019 918 Si
3048 864 3222 918 Filius
3272 865 3368 918 Dei

1806 969 1879 1015 es,
1913 953 2108 1006 salvum
2134 955 2219 1022 fac
2251 956 2578 1022 temetipsum
2598 955 2664 1009 ³¹.

1877 1130 1960 1184 10.
1985 1129 2242 1194 Quoniam
2261 1141 2315 1182 tu
2343 1148 2394 1183 es
2425 1132 2514 1200 qui
2543 1134 2824 1188 extruxisti
2845 1151 2920 1187 me
2951 1134 3014 1187 de
3044 1144 3235 1187 uentre.
3259 1133 3370 1188 Hoc

1807 1223 1902 1286 ait,
1934 1225 2059 1292 quia
2094 1226 2391 1278 secundum
2435 1223 2610 1278 Patris
2656 1226 3050 1295 beueplacitum
3081 1225 3258 1280 lactus
3289 1237 3372 1280 cst

1809 1313 1988 1367 homo.
2027 1312 2126 1366 Ubi
2163 1329 2418 1384 namque,
2467 1317 2563 1376 ait,
2618 1317 2753 1368 venit
2800 1316 3070 1384 plenitudo
3104 1318 3348 1385 temporis

1810 1403 1950 1455 misit
1970 1402 2104 1455 Deus
2132 1401 2331 1456 Filium
2352 1421 2504 1458 suum
2550 1420 2729 1458 uatum
2761 1420 2823 1458 ex
2865 1407 3082 1460 muliere
3107 1405 3172 1462 ³⁸.
3227 1405 3344 1460 Scri

1809 1503 1958 1563 ptum
1973 1495 2168 1565 quippe
2185 1505 2266 1549 est
2281 1497 2458 1564 ipsum
2483 1497 2535 1550 in
2559 1497 2717 1550 Patre
2739 1512 2887 1566 spem
2909 1497 3162 1551 habuisse
3180 1515 3193 1563 ;
3211 1505 3372 1566 atque

1811 1586 1862 1639 id
1919 1587 1994 1640 ait
2029 1596 2296 1656 quatenus
2348 1588 2552 1651 homo;
2586 1590 2713 1656 quia
2763 1591 2936 1644 solum
2986 1589 3265 1644 Christum
3306 1605 3370 1643 ex

1809 1675 1976 1731 Maria
2005 1676 2145 1731 Deus
2183 1679 2442 1740 extraxit,
2463 1682 2675 1735 czeteris
2699 1682 3015 1735 hominibus
3052 1697 3156 1735 non
3197 1691 3372 1736 extra-

1810 1767 1913 1820 ctis
1944 1768 2034 1820 sed
2059 1771 2295 1838 egressis
2323 1788 2334 1823 :
2373 1769 2518 1824 Exiit
2547 1774 2751 1842 quippe,
2787 1773 2882 1839 ait,
2914 1772 3079 1840 Esau,
3107 1774 3194 1827 cui
3221 1773 3373 1842 pellis

152 1877 264 1923 νων,
287 1862 402 1915 ἀλλ’
426 1863 814 1935 ἐξερχομένων.
856 1835 1106 1934 Ἐξῆλάε
1127 1866 1256 1936 γὰρ,
1280 1868 1461 1937 φησὶν,
1497 1835 1703 1931 Ἡσαῦ,
1738 1835 1782 1892 Β
1811 1858 1977 1925 Pilosa
1998 1858 2063 1911 ³³.

151 1945 192 2016 ᾧ
223 1955 257 2020 ἠ
292 1953 440 2024 δορὰ
463 1954 675 2022 δασύς.

210 2044 338 2097 Ἐπὶ
354 2044 430 2098 σὲ
441 2046 839 2114 ἐπεῤῥίφηνὲκ
848 2046 1074 2115 μήτρας
1090 2047 1494 2116 ἀπόταστρὸς,
1513 2065 1567 2102 κ.
1590 2065 1639 2102 τ.
1658 2047 1706 2100 λ.

155 2133 373 2204 Εὖχεται
424 2137 585 2189 πάλιν
616 2137 690 2200 ὼς
733 2139 797 2192 ὲκ
831 2139 1117 2210 προσώπου
1150 2139 1248 2209 τῆς
1275 2139 1709 2212 ἀνθρωπότητος.

154 2225 250 2277 Καὶ
277 2226 385 2298 γὰρ
418 2230 448 2281 ὁ
487 2229 593 2282 τῶν
629 2231 880 2300 μαθητῶν
928 2231 1087 2285 αὐτὸν
1138 2231 1486 2286 καταλέλοιπε
1534 2231 1709 2302 χορός,

153 2310 275 2368 Εἶτα
301 2316 557 2388 προλέγει
589 2318 658 2372 τὰ
690 2320 786 2390 τῆς
811 2319 1038 2390 θλίψεως
1064 2322 1198 2393 εἴδη.

215 2406 708 2474 Περιεκύκλωσὰν
720 2425 796 2478 με
808 2411 1027 2482 μόσχοι
1042 2412 1278 2467 πολλοί.
1302 2411 1421 2467 Τῶν
1450 2411 1714 2468 Ἰουδαίων

151 2497 266 2560 τοὺς
293 2499 564 2569 ἄρχοντάς
590 2517 774 2570 φησιν.

220 2589 377 2643 Ὠσει
405 2589 564 2658 ὕδωρ
588 2592 900 2661 ἐξεχύθην,
933 2596 1032 2648 καὶ
1058 2595 1489 2666 διεσκορπίσαη
1520 2612 1716 2652 παντα

151 2678 220 2733 τὰ
242 2678 392 2734 ὀστᾶ
413 2697 554 2748 μου.
601 2683 762 2735 Ὀστᾶ
790 2684 953 2736 αὐτοῦ
979 2702 1110 2754 φησι
1138 2688 1261 2750 τοὺς
1289 2688 1474 2755 ἁγίους
1513 2705 1718 2758 μυστα-

150 2769 352 2839 γωγοὺς
376 2788 389 2800 ·
445 2774 494 2824 εἰ
533 2772 641 2845 γὰρ
669 2775 823 2846 σῶμα
843 2777 1005 2831 αὑτοῦ
1038 2780 1066 2848 ἡ
1117 2779 1407 2848 Ἐκκλησία
1428 2819 1442 2843 ,
1493 2780 1716 2844 είκότως

150 2866 239 2918 καὶ
258 2867 305 2919 οἱ
336 2866 651 2937 συνέχοντες
679 2869 849 2939 αὐτὴν
881 2871 1120 2941 νοηθεῖεν
1153 2871 1217 2924 ἂν
1244 2873 1394 2926 ὀστᾶ.
1450 2873 1717 2927 Ἠκούσα-

151 2973 246 3025 μεν
267 2959 321 3011 δὲ
345 2959 440 3010 τοῦ
468 2960 868 3026 εὐαγγελιστοῦ,
894 2962 988 3024 ὡς,
1018 2961 1410 3034 συλληφθέντας
1430 2965 1592 3018 αὐτοῦ
1615 2983 1718 3018 πα·

148 3048 216 3118 ρὰ
239 3048 336 3119 τῆς
362 3050 590 3120 σπείρας
618 3051 725 3103 τῶν
758 3054 1122 3124 στρατιωτῶν,
1147 3055 1634 3128 διεσκορπίσθησαν
1665 3060 1716 3111 ol

1883 2035 1967 2089 ll.
2001 2034 2067 2089 In
2111 2047 2157 2090 te
2185 2036 2444 2105 projectus
2482 2055 2596 2091 sum
2625 2054 2689 2091 ex
2728 2050 2873 2092 utero
2917 2039 2980 2092 de
3021 2047 3210 2103 ventre,
3262 2046 3365 2090 etc.

1812 2125 2072 2182 Precatur
2095 2144 2313 2183 rursum
2345 2143 2440 2183 ceu
2474 2144 2540 2184 ex
2566 2143 2795 2198 persona
2829 2129 3200 2184 humanitatis.
3235 2127 3371 2184 Nam

1813 2221 2017 2274 chorus
2041 2220 2432 2290 discipulorum
2461 2222 2636 2290 ipsum
2658 2221 2990 2277 deseruerat.
3009 2220 3217 2277 Exinde
3239 2237 3376 2291 pra:-

1813 2312 1947 2366 dicit
1977 2311 2173 2366 futura:
2202 2312 2532 2368 calamitatis
2556 2315 2789 2383 species.

1886 2406 1970 2460 15.
2025 2403 2487 2461 Circumdederunt
2536 2422 2616 2458 me
2652 2408 2804 2459 uituli
2839 2407 3009 2461 multi.
3062 2403 3374 2461 Judaaorum

1815 2498 2088 2567 principes
2119 2499 2214 2550 ait.

1889 2588 1973 2642 15.
2007 2586 2153 2641 Sicut
2179 2603 2316 2651 aqua
2341 2587 2538 2654 effusus
2565 2601 2704 2649 sum,
2722 2595 2769 2638 et
2793 2583 3028 2653 dispersa
3057 2595 3179 2638 sunt
3202 2586 3378 2638 omnia

1816 2697 1934 2734 ossa
1959 2696 2092 2732 mea.
2111 2678 2248 2732 Ossa
2277 2679 2397 2748 ejus
2427 2688 2585 2732 vocat
2611 2687 2828 2733 sanctos
2858 2677 3236 2749 mysteriorum
3260 2679 3377 2746 ejus

1817 2773 2138 2826 initiatores.
2199 2769 2253 2824 Si
2305 2785 2541 2840 namque
2570 2785 2769 2839 corpus
2825 2770 2945 2839 ejus
2994 2768 3234 2824 Ecclesia
3270 2780 3376 2833 est,

1811 2863 1936 2931 jure
1976 2864 2069 2932 qui
2104 2863 2482 2917 administrant
2515 2862 2660 2914 illam
2703 2876 2829 2916 ossa
2879 2862 3238 2930 appellentur.
3274 2862 3380 2916 Au-

1821 2955 2058 3009 divimus
2099 2965 2278 3009 autem
2318 2954 2704 3024 evangelistam
2736 2963 3068 3019 narrantem,
3109 2954 3253 3023 quod
3287 2954 3376 3007 ubi

1819 3062 1849 3100 a
1875 3047 2099 3101 cohorte
2123 3047 2353 3100 militum
2385 3056 2576 3114 captus
2627 3043 2838 3110 fuisset,
2887 3045 3118 3114 dispersi
3176 3043 3382 3098 fuerint

149 3139 400 3209 μαθηταί.
463 3142 573 3194 Καὶ
604 3142 804 3206 ἄλλως·
844 3145 924 3198 Τὰ
950 3145 1082 3199 ὀστᾶ
1108 3147 1205 3216 τῆς
1236 3148 1446 3218 σοφίας,
1482 3149 1550 3202 τὰ
1584 3150 1712 3218 am

1820 3138 2091 3206 discipuli.
2143 3137 2264 3192 Alio
2317 3138 2512 3190 modo:
2549 3135 2840 3205 Sapientia:
2891 3150 3016 3191 ossa
3052 3145 3181 3191 sunt
3225 3152 3380 3191 saera

148 3231 388 3301 δόγματα
432 3233 530 3303 τῆς
576 3234 896 3306 Ἐκκλησίας
929 3237 1074 3289 ἐστὶν
1098 3277 1112 3300 ,
1147 3237 1292 3308 ἅπερ
1324 3241 1381 3291 ὲν
1407 3239 1483 3308 τῷ
1527 3240 1718 3308 Πάσχα

145 3321 220 3392 μὴ
241 3323 542 3395 συντρίϐειν
563 3329 674 3388 τοῖς
703 3327 974 3390 Ἰουδαίοις
993 3327 1430 3398 νενομοθέτηται·
1467 3329 1719 3383 Ὀστοῦν

145 3415 250 3487 γὰρ
274 3417 482 3479 αὑτοῦ,
514 3417 696 3488 φησὶν,
749 3419 822 3471 οὐ
847 3419 1290 3487 συντριϐήσετε.
1358 3420 1638 3488 Ἐτενήθη
1677 3423 1716 3490 ἡ

144 3508 356 3575 καρδία
391 3526 512 3578 μου
557 3508 702 3562 ὡσεὶ
740 3508 925 3578 κηρὸς
955 3514 1298 3581 τηκόμενος.
1359 3513 1516 3565 Ἰδιον
1544 3512 1716 3584 λύπης

143 3599 202 3652 τὺ
228 3600 549 3670 είρημένον’
584 3601 890 3672 γέγραπται
925 3604 1033 3674 γάρ
1056 3620 1068 3633 ·
1116 3605 1370 3672 Ἠρξατο
1398 3604 1717 3659 λυπεῖσθαι

142 3689 237 3741 καὶ
267 3688 613 3758 ἀδημονεῖν.
657 3689 934 3744 Ἐλυπεῖτο
962 3690 1018 3743 δὲ
1052 3690 1193 3761 ὑπέρ
1232 3707 1290 3743 τε
1318 3689 1411 3742 τοῦ
1460 3689 1716 3743 Ἰουδαίων

142 3778 328 3844 ἔθνους
361 3783 458 3834 καὶ
498 3781 593 3834 τοῦ
635 3782 891 3851 προδότου
913 3822 926 3847 ,
954 3783 1037 3834 ὅτι
1069 3781 1133 3852 δὴ
1164 3781 1404 3851 ἀπωλείᾳ
1435 3781 1716 3853 παρελαμο

141 3865 369 3920 ϐάνοντο
391 3869 482 3922 διὰ
507 3870 608 3939 τὴν
632 3872 712 3932 εἰς
741 3871 900 3923 αὑτὸν
931 3869 1205 3924 ἀσέϐειαν.

210 3957 230 4030 [
250 3961 363 4014 Kal
390 3960 820 4028 διεσκορπίσθη
850 3961 1045 4015 πάντα
1059 3961 1127 4015 τὰ
1142 3959 1294 4014 ὀστᾶ
1306 3979 1444 4030 μου.
1479 3962 1716 4016 Εσκέδα-

140 4065 286 4112 σται,
307 4049 579 4120 φησὶ,καὶ
598 4050 976 4122 διεσκορπίσθη
1004 4050 1072 4104 τὰ
1109 4050 1246 4114 τέως
1284 4053 1339 4104 ἐν
1369 4050 1539 4104 ὀστῶν
1568 4051 1717 4118 τάξει

136 4138 232 4210 τὴν
287 4140 516 4209 περὶτὸν
577 4140 891 4196 διδάσκαλον
944 4142 1364 4213 συμπληροῦντα
1435 4142 1713 4207 σύνταξιν·

134 4233 369 4301 ἀφέντες
414 4233 526 4305 γὰρ
567 4235 728 4287 αὑτὸν
786 4236 833 4288 οἱ
894 4233 1131 4305 μαθηταὶ
1183 4234 1420 4304 ἔφυγον,
1467 4234 1528 4287 τὸ
1578 4236 1718 4290 κατὰ

134 4323 318 4376 πεδίον
347 4323 643 4392 ἀφιέμενον
672 4323 813 4393 ὕδωρ
845 4321 1266 4394 μιμησάμενοι.1

216 4411 557 4481 Ἐξηράνθη
599 4413 677 4478 ὠς
727 4411 1021 4480 ὄστρακον
1050 4414 1087 4480 ἠ
1131 4412 1310 4480 ίσχύς
1336 4429 1489 4480 μου,
1541 4413 1640 4465 καὶ
1677 4414 1715 4481 ἠ

1824 3229 2076 3283 Ecclesia:
2101 3228 2375 3298 dogmata,
2425 3242 2546 3296 quae
2589 3227 2642 3280 in
2691 3225 2957 3281 Paschate
3007 3243 3116 3281 non
3151 3231 3381 3283 commi-

1821 3335 1986 3374 nuere
2026 3320 2227 3374 Judmis
2266 3318 2379 3388 lege
2414 3330 2633 3372 cautum
2684 3326 2786 3372 est.
2815 3316 2906 3371 Ait
2947 3318 3131 3372 enim:
3166 3318 3238 3373 Os
3279 3335 3380 3372 non

1819 3411 2183 3464 comminuetis
2210 3425 2272 3463 ea:
2303 3425 2360 3462 eo
2379 3407 2442 3461 ".
2469 3406 2694 3461 Factum
2720 3418 2796 3462 est
2821 3424 2912 3461 cor
2936 3425 3104 3462 meum
3132 3417 3382 3478 tanquam

1820 3517 1941 3554 cera
1964 3500 2273 3569 liquescens.
2304 3496 2593 3568 Proprium
2621 3497 2826 3552 doloris
2851 3506 2933 3552 est
2967 3499 3111 3567 quod
3139 3497 3337 3554 dicitur
3365 3518 3379 3565 ;

1819 3593 2080 3662 scriptum
2112 3592 2253 3646 enim
2283 3600 2367 3645 est
2393 3591 2436 3622 ³³
2459 3607 2470 3641 :
2495 3589 2657 3659 Carpit
2684 3607 2866 3660 parere
2896 3599 2946 3644 et
2988 3590 3193 3644 ta'dere.
3225 3591 3382 3647 Indo-

1818 3685 1918 3739 luit
1978 3694 2156 3739 autem
2219 3684 2471 3738 Christus
2521 3683 2588 3738 de
2639 3683 2947 3738 Judaeorum
2989 3692 3042 3738 et
3091 3683 3383 3752 proditoris

1818 3779 2095 3847 pernicie,
2167 3778 2235 3831 ob
2290 3778 2529 3844 ipsorum
2593 3777 2645 3828 in
2709 3775 2986 3830 Christum
3053 3776 3378 3845 impietatem

1818 3870 1984 3923 illata.

1889 3959 1984 4032 [Et
2026 3959 2263 4029 dispersa
2294 3970 2415 4014 sunt
2445 3961 2620 4014 omnia
2645 3975 2763 4013 ossa
2809 3975 2942 4012 mea.
2984 3958 3273 4028 Dissipata.
3306 3959 3384 4012 in-

1818 4054 1956 4124 quit,
1986 4061 2038 4107 et
2063 4054 2308 4123 dispersa
2330 4063 2476 4118 sunt,
2505 4069 2626 4123 quas
2653 4052 2792 4122 apud
2826 4051 3144 4122 magistrum
3172 4052 3376 4106 ossium

1819 4161 2019 4199 munus
2046 4154 2100 4201 et
2141 4147 2386 4201 ordinem
2437 4145 2766 4214 implebant:
2802 4145 2986 4199 relicto
3028 4159 3265 4212 namque
3307 4159 3374 4197 eo

1818 4237 2068 4306 discipuli
2110 4237 2364 4306 fugerunt
2389 4236 2455 4300 ",
2493 4236 2664 4289 instar
2696 4250 2870 4304 aqum,
2907 4249 3027 4303 quae
3074 4235 3128 4289 in
3162 4234 3383 4303 planitie

1819 4324 2154 4397 eﬂ‘unditur.]

1891 4417 1978 4472 lii.
2008 4417 2166 4470 Aruit
2190 4427 2439 4486 tanquam
2469 4424 2602 4469 testa
2627 4417 2790 4470 virtus
2820 4433 2954 4480 mea,
2983 4425 3033 4470 et
3057 4416 3237 4486 lingua
3265 4432 3379 4470 mea

131 4502 398 4569 γλῶσσα
417 4503 776 4568 κεκόλληται
802 4501 883 4566 τῷ
906 4501 1158 4571 λάρυτγί
1180 4520 1319 4570 μου.
1352 4503 1425 4568 Ση
1433 4501 1610 4572 μαίνει
1631 4502 1712 4555 διὰ

1820 4509 2042 4564 adhaesit
2085 4510 2328 4576 faucibus
2377 4509 2524 4562 meis.
2561 4506 2656 4562 His
2699 4508 2844 4563 sitim
2877 4507 3146 4575 signiﬁcat
3173 4522 3279 4576 qua
3326 4507 3378 4559 in

130 4595 344 4648 τούτων
387 4593 485 4662 τὴν
519 4592 614 4644 ἐπὶ
653 4592 732 4663 τῷ
779 4593 945 4664 τιμίῳ
979 4593 1193 4665 σταυρῷ
1243 4594 1524 4664 συμϐᾶσαν
1570 4594 1715 4664 αὐτῷ

129 4688 293 4758 δίψαν
313 4729 334 4756 ,
397 4687 485 4740 ὅτε
534 4687 628 4739 καὶ
667 4687 944 4757 αίτήσαντι
977 4690 1118 4740 πιεῖν
1140 4729 1154 4752 ,
1188 4687 1305 4751 ὅξος
1342 4689 1715 4759 προσήνεγκαν

131 4780 283 4850 αὑτῷ
317 4779 466 4850 μετὰ
513 4777 694 4848 χολῆς.
752 4777 881 4849 [Διὸ
912 4778 1083 4847 λέγει’
1118 4781 1224 4833 Kal
1259 4782 1294 4845 ἡ
1325 4778 1574 4848 γλῶσσά
1596 4799 1714 4850 μου

131 4873 511 4937 κεκόλληται
540 4869 620 4934 τῷ
639 4868 891 4939 λάρυγτί
915 4870 1081 4941 μου.]
1117 4872 1224 4925 Kal
1255 4874 1340 4937 εις
1361 4869 1512 4938 χοῦν
1540 4873 1715 4926 θανά-

130 4979 236 5017 του
273 4961 621 5030 κατήτατές
647 4978 739 5030 με.
811 4961 1005 5033 Χάριτι
1038 4961 1143 5033 γὰρ
1180 4961 1314 5015 Θεοῦ
1347 4962 1483 5032 ὑπὲρ
1518 4963 1716 5026 παντὸς

129 5053 414 5120 ἐγεύσατο
437 5051 688 5105 θανάτου.
723 5051 796 5103 Οὐ
822 5050 928 5122 γὰρ
954 5053 1030 5113 είς
1063 5049 1315 5113 θάνατον,
1353 5049 1464 5101 ἀλλ’
1486 5052 1564 5112 εἰς
1588 5049 1714 5119 χοῦν

131 5142 378 5198 θανάτου
425 5141 672 5212 κατήχθη
699 5143 727 5194 ό
757 5141 1015 5212 Χριστός·
1058 5142 1156 5194 οὐκ
1186 5139 1574 5211 ἐγκατελείφθη
1609 5141 1713 5211 γὰρ

127 5239 160 5307 ἡ
190 5236 354 5306 ψυχὴ
378 5233 549 5286 αὑτοῦ
574 5235 653 5290 εἰς
675 5235 764 5287 τὸν
793 5234 944 5305 ᾅδην,
974 5232 1092 5286 οὐδὲ
1124 5231 1259 5303 σὰρξ
1278 5231 1441 5284 αὑτοῦ
1472 5227 1576 5284 εἶδε
1603 5232 1715 5285 δια-

127 5330 371 5402 φθοράν.

197 5421 340 5476 ὀτι
377 5417 740 5473 ἐκύκλωσὰν
777 5436 852 5488 με
891 5419 1068 5484 κύνες
1094 5417 1328 5472 πολλοί.
1388 5415 1555 5470 Πάλιν
1596 5420 1719 5479 τοὺς

128 5511 414 5582 ἄρχοντας
448 5507 727 5580 σημαίνει.
763 5509 1022 5576 Ὠρυξαν
1044 5507 1241 5577 χεζρὰς
1261 5524 1379 5576 μου
1409 5506 1506 5560 xal
1531 5505 1719 5572 πόδας

122 5622 258 5671 μου.
295 5597 413 5654 Διά
435 5598 562 5661 τοὺς
599 5599 660 5650 ὲν
684 5597 901 5668 σταυρῷ
923 5598 1082 5669 ἥλους
1114 5597 1296 5667 φησίν.

192 5735 235 5765 ³¹
263 5732 448 5801 lare.
486 5745 574 5790 xv.
603 5729 692 5784 30.
771 5730 816 5801 ξ’
841 5730 1171 5799 Galat.tv,l.
1250 5732 1292 5763 ”
1315 5731 1448 5787 Gen.
1481 5748 1606 5801 xxv,
1641 5733 1729 5787 25.

129 5806 212 5859 56.
326 5804 374 5834 ³⁷
410 5799 556 5854 Ρεειι.
591 5817 680 5862 )v,
739 5799 825 5855 l0,

1820 4615 1982 4656 cruce
2022 4600 2308 4665 laboravit,
2360 4614 2483 4653 cum
2531 4599 2740 4668 rcganti
2774 4608 2952 4666 potum
3006 4609 3216 4652 acetum
3254 4613 3376 4652 cum

1820 4693 1941 4747 felle
1971 4692 2299 4746 obtulerunt.
2342 4689 2729 4762 [Quamobrem
2762 4691 2922 4744 dicit:
2956 4689 3020 4743 Et
3054 4690 3234 4762 lingua
3265 4707 3379 4744 mea

1820 4785 2038 4837 adhaesit
2075 4782 2313 4851 faucibus
2341 4780 2517 4852 meis.]
2546 4779 2613 4834 Et
2646 4782 2702 4834 in
2723 4782 2980 4848 puluerem
3012 4783 3194 4841 morti;
3216 4781 3380 4835 dedu-

1819 4877 1946 4930 xisti
1979 4891 2074 4928 me.
2114 4872 2246 4928 Nam
2276 4873 2370 4936 Dei
2403 4873 2573 4943 gratia
2607 4887 2704 4941 pro
2753 4873 3007 4927 universo
3037 4873 3239 4928 mundo
3280 4889 3380 4943 ευρ

1820 4970 1984 5023 stavit
2019 4977 2263 5021 mortem.
2301 4964 2419 5019 Non
2445 4964 2588 5018 enim
2623 4963 2676 5016 in
2706 4975 2954 5028 mortem,
2994 4965 3086 5019 sed
3118 4965 3171 5017 in
3200 4964 3382 5032 pulve-

1819 5077 1931 5114 rem
1995 5060 2186 5114 mortis
2237 5058 2502 5112 deductus
2551 5064 2637 5110 est
2691 5055 2977 5110 Christus:
3035 5071 3375 5126 nequaquam

1817 5153 1958 5206 enim
1981 5152 2234 5206 derelicta
2262 5159 2344 5203 est
2363 5149 2540 5202 anima
2566 5147 2685 5216 ejus
2715 5147 2769 5200 in
2801 5145 3032 5210 inferno,
3059 5163 3233 5218 neque
3250 5163 3378 5202 caro

1821 5245 1940 5314 ejus
1971 5243 2101 5296 vidit
2134 5241 2530 5310 corruptionem
2548 5238 2612 5291 ⁸⁷.

1891 5405 1977 5459 Π.
2044 5403 2306 5470 Quoniam
2362 5403 2813 5456 circumdederunt
2864 5418 2944 5454 me
2993 5417 3146 5453 canes
3203 5400 3372 5453 multi.

1822 5497 2055 5552 Rursum
2091 5497 2364 5566 principes
2391 5494 2680 5566 signiﬁcat.
2718 5494 2767 5548 F
2772 5496 2989 5547 oderunt
3017 5508 3205 5545 manus
3233 5509 3373 5546 meas

1824 5598 1874 5644 et
1897 5587 2049 5656 pedes
2086 5602 2245 5640 nicas.
2289 5585 2363 5640 De
2398 5584 2643 5639 cruciﬁxi
2671 5584 2839 5638 clavis
2867 5584 2936 5635 ita
2972 5580 3229 5649 loquitur.

1809 5733 1853 5764 ”
1883 5727 2052 5783 Exod.
2089 5741 2185 5790 xu,
2215 5723 2302 5778 46.
2380 5724 2422 5762 ³⁵
2451 5721 2614 5776 Marc.
2650 5735 2760 5789 χιιι,
2791 5720 2880 5774 53.
2942 5718 2986 5748 ³⁸
3008 5712 3195 5770 Matth.
3220 5727 3371 5784 xm,
