4102 6304
726 369 824 423 135

796 483 879 536 18.
920 483 1388 535 Dlnumeravernnt
1412 484 1586 533 omnia
1610 497 1729 533 ossa
1755 497 1890 533 mea.
1918 482 2279 534 Attreclantcs
2311 484 2354 538 Α

722 577 932 632 scilicet
979 585 1149 628 totum
1204 590 1400 644 corpus
1451 573 1642 642 ipsius,
1691 582 1743 624 et
1793 573 2107 626 emetientes
2157 587 2281 625 ossa

725 667 936 734 singula
960 675 1016 719 ut
1047 665 1391 733 explorarent
1422 663 1510 715 ubi
1544 665 1766 732 ligerent
1796 662 1997 715 clavos.
2033 660 2144 727 Ipsi
2168 678 2283 714 vero

724 758 1180 810 considcrnvernnt
1217 766 1263 808 et
1313 757 1649 822 inspexerunt
1700 771 1797 808 me.
1849 756 1904 809 ld
1948 765 2051 815 e51,
2104 755 2286 808 irrise-

723 859 871 902 runt.
915 849 970 901 ld
1005 858 1180 902 autem
1218 849 1292 900 ait
1341 849 1410 899 oh
1440 848 1780 917 chlamydem
1810 848 2141 907 coccineam,
2170 847 2282 916 spi-

725 953 882 991 neam
912 954 1189 1002 coronam,
1219 951 1270 992 et
1303 940 1571 992 calamum
1601 954 1699 1007 pro
1732 947 1945 1006 sceptro
1967 938 2177 991 datum.

795 1109 881 1163 19.
947 1109 1236 1162 Diviserunt
1282 1109 1382 1163 sibi
1437 1110 1741 1162 vestimenta
1799 1125 1930 1162 mea.
1994 1108 2181 1164 Isthzec
2231 1110 2282 1162 in

724 1199 1027 1270 Evangeliis
1057 1202 1337 1270 perspicue
1371 1203 1636 1270 explicata
1670 1211 1816 1254 sunt.

790 1293 878 1346 20.
933 1293 1005 1346 Tu
1038 1306 1231 1356 autent,
1277 1293 1515 1355 Domine,
1565 1311 1626 1346 ne
1659 1293 1976 1362 elongaveris
2026 1293 2286 1346 auxilium

726 1400 874 1442 tuum
907 1407 939 1442 a
981 1407 1078 1446 me.
1115 1388 1232 1442 Jam
1286 1390 1337 1443 in
1383 1407 1568 1459 preces
1617 1407 1919 1444 sermonem
1966 1401 2284 1446 commutat.

728 1477 844 1550 [Te,
883 1481 1076 1550 inquit,
1124 1482 1421 1549 opitulante
1471 1490 1524 1535 et
1569 1484 1961 1552 patrocinante,
1998 1499 2122 1536 cum
2167 1493 2286 1552 post

726 1574 966 1626 triduum
1005 1589 1372 1637 resurrexcro,
1405 1590 1572 1628 vanas
1605 1575 1820 1628 illorum
1852 1575 2072 1628 insidias
2101 1585 2284 1628 osten-

724 1664 896 1736 dam.]
931 1665 1352 1733 Exemplumque
1389 1667 1544 1718 nobis
1567 1675 1670 1725 est.
1702 1682 1810 1735 quo
1852 1675 2006 1732 pacto
2034 1674 2286 1735 oporteat

723 1755 778 1808 in
817 1757 1201 1809 tentationilnw
1233 1756 1399 1809 Deum
1435 1758 1706 1822 invocare,
1743 1772 1838 1810 nec
1867 1757 1918 1809 in
1951 1772 2204 1825 angorem
2232 1767 2284 1809 ct

1563 364 1616 416 S.
1652 361 2018 415 ATHANASII
2053 361 2198 414 OPP.
2239 357 2418 412 PARS
2454 356 2540 410 lll.
2585 387 2651 397 ——
2688 355 3098 410 EXEGETICA.
3845 354 3934 405 136

2467 476 2902 542 Ἔξηρὶθμησαν
2931 472 3124 525 πάντα
3147 471 3215 524 τὰ
3237 468 3386 523 ὀστᾶ
3409 487 3546 538 μου.
3576 467 3937 537 Ψηλαφῶντες

2383 566 2520 620 κατὰ
2542 567 2601 618 τὸ
2625 565 2770 627 εἰκὸς
2797 565 2940 618 ἆπαν
2967 562 3130 617 αὑτοῦ
3160 563 3221 614 τὸ
3254 561 3430 630 σῶμα,
3461 561 3553 613 καὶ
3583 557 3933 629 ἀναμετροῦνς

2380 676 2470 720 τες
2502 659 2727 711 ’ἑκαστον
2751 657 2856 707 τῶν
2889 656 3107 716 ὀστέων,
3144 655 3227 706 ἵνα
3255 653 3409 705 ἴδοιεν
3432 646 3492 704 οὗ
3516 653 3641 712 τοὺς
3667 650 3826 718 ἥλους
3851 650 3931 716 πῆ-

2385 749 2468 812 ξαι
2510 751 2630 819 χρή.
2693 748 2871 802 Αὐτοὶ
2915 747 2980 798 δὲ
3017 748 3392 809 κατενόησαν
3436 744 3531 795 καὶ
3571 740 3810 794 ἐπεῖδόν
3849 756 3938 807 με.

2396 841 2538 891 Ἀντι
2565 840 2679 902 τοῦ,
2713 839 3062 906 ἐπεγέλασαν.
3121 837 3304 889 Ταῦτα
3337 835 3393 887 δέ
3422 851 3552 907 φησι
3583 832 3670 885 δια
3697 831 3791 900 τὴν
3825 848 3942 882 κοκο

2384 934 2537 1001 κίνην
2561 932 2804 1001 χλαμύδα
2826 931 2918 982 καὶ
2949 931 3035 982 τὸν
3064 927 3123 994 ἐξ
3151 928 3397 982 ἀκανθῶν
3427 926 3682 994 στέφανον
3705 964 3718 983 ,
3745 923 3838 974 καὶ
3862 923 3944 974 τὸν

2385 1025 2503 1076 ἀντὶ
2539 1026 2814 1094 σκήπτρου
2848 1024 3107 1092 κάλαμον.

2457 1119 2864 1184 Διεμερίσαντο
2891 1117 2961 1167 τὰ
2983 1112 3177 1181 ἱμάτιά
3200 1130 3317 1181 μου
3337 1109 3586 1174 ἑαυτοῖς.
3617 1105 3809 1174 Σαφῶς
3831 1104 3936 1157 ταῦ

2384 1226 2451 1261 τα
2480 1209 2535 1258 ἐν
2562 1211 2670 1269 τοῖς
2704 1207 3046 1274 Εὑαγγελίοις
3074 1206 3306 1275 ἐγράφη.

2454 1299 2536 1351 Σὺ
2576 1297 2660 1359 δὲ,
2697 1299 2900 1363 Κύριε,
2927 1296 3010 1364 μὴ
3038 1295 3346 1364 μακρύνῃς
3368 1292 3480 1358 τὴν
3501 1288 3790 1356 ,ϐοήθειάν
3837 1304 3948 1341 σου

2385 1388 2484 1440 ἀπ’
2515 1386 2678 1455 ἐμοῦ.
2745 1386 3043 1454 Μεθίστησι
3098 1386 3222 1446 τοὺς
3267 1383 3454 1450 λόγους
3500 1384 3579 1444 εἰς
3623 1379 3947 1450 προσευχήν.

2388 1478 2532 1549 [Σοῧ,
2573 1478 2731 1546 φησι,
2765 1477 3081 1547 βοηθοῦντος
3117 1476 3208 1528 καὶ
3239 1473 3762 1543 ἀντιλαμϐανομένου
3784 1511 3797 1533 ,
3837 1487 3949 1540 τρι-

2385 1573 2532 1632 ταῖος
2563 1571 2826 1632 ἀναστὰς,
2880 1569 3108 1638 ματαίαν
3155 1567 3330 1620 αὐτῶν
3363 1567 3462 1636 τὴν
3493 1565 3780 1635 ἐπιϐουλὴν
3824 1565 3951 1616 ἁπο-

2385 1661 2596 1731 δείξω.]
2644 1661 3016 1722 ’Υποτύπωσις
3047 1661 3176 1728 ἡμῖν
3215 1657 3523 1726 γενόμενος,
3551 1656 3624 1717 ὡς
3654 1656 3733 1706 δεῖ
3758 1657 3813 1705 ἐν
3844 1656 3951 1716 τοῖς

2390 1755 2709 1822 πειρασμοῖς
2744 1749 3114 1803 ἐπικαλεῖσθαι
3141 1749 3301 1810 Θεὸν,
3337 1749 3429 1800 καὶ
3482 1747 3555 1816 μὴ
3589 1745 3952 1797 καταπίπτειν

723 1847 938 1901 consilii
977 1849 1212 1918 inopiam
1241 1851 1509 1915 decidere,
1548 1868 1722 1920 neque
1776 1852 1949 1918 frangi
2006 1851 2281 1904 calamitav

2392 1845 2465 1906 εἰς
2494 1844 2737 1915 ἀκηδίαν,
2766 1844 2896 1915 μηδέ
2925 1841 3205 1895 ἐκλύεσθαι
3231 1841 3332 1893 ὑπὸ
3364 1839 3472 1892 τῶν
3506 1838 3756 1906 θλίψεων.

727 1937 892 1991 libus.

791 2029 880 2082 21.
917 2029 1108 2084 Eruea
1131 2032 1355 2098 framea,
1388 2032 1548 2098 Deus,
1577 2036 1810 2088 animam
1844 2051 2027 2088 meam.
2053 2033 2149 2087 His
2181 2049 2288 2087 ma-

722 2120 893 2175 litiam
935 2133 988 2178 et
1043 2125 1308 2178 insaniam
1354 2125 1662 2180 Judzeornm
1706 2127 1996 2194 significat,
2037 2143 2128 2195 per
2181 2127 2286 2179 fra-

723 2231 898 2268 meam
952 2218 1180 2272 scilicet.
1235 2234 1456 2270 niannm
1503 2219 1677 2278 canis,
1732 2234 1792 2271 os
1842 2219 2036 2282 leonis,
2083 2233 2286 2272 cornua

722 2309 1088 2361 unieorninm.
1130 2307 1194 2359 Et
1221 2310 1282 2361 de
1323 2327 1478 2362 manu
1525 2312 1672 2362 canis
1722 2312 1930 2363 unicam
1957 2327 2144 2363 meam.
2177 2309 2287 2362 Ma-

723 2411 854 2448 num
880 2411 940 2448 ea
967 2408 1251 2464 vocatque
1271 2415 1365 2466 per
1393 2402 1536 2453 hunc
1555 2416 1742 2454 canem
1769 2409 1916 2470 gesta
1936 2409 2090 2452 sunt:
2111 2401 2286 2468 ipsum

724 2495 905 2539 autem
957 2503 1142 2540 canem
1196 2491 1447 2557 appellat.
1504 2489 1626 2541 Non
1674 2493 1839 2553 enim,
1899 2491 2155 2557 inquit”,
2198 2491 2288 2542 bo-

723 2596 848 2633 num
880 2588 955 2633 est
988 2581 1216 2648 accipere
1263 2597 1446 2646 panem
1508 2582 1761 2648 ﬁliorum,
1800 2589 1849 2633 et
1895 2581 2146 2649 projicere
2199 2598 2289 2634 ca-

724 2671 886 2725 tellis.

797 2761 1058 2832 [Framca
1121 2777 1249 2815 vero
1305 2760 1467 2816 fuerit
1533 2762 1824 2828 diabolus,
1890 2765 1985 2833 qui
2051 2779 2288 2834 pungere

723 2861 778 2906 et
849 2851 1136 2906 confodere
1199 2869 1413 2922 semper
1488 2864 1736 2908 conatur.
1807 2854 2030 2908 Unicum
2108 2865 2286 2908 autem

725 2953 882 2998 vocat
915 2945 1149 2998 animam
1204 2960 1383 3006 suam,
1436 2947 1563 3014 quia
1621 2947 1736 3000 sola
1795 2946 1982 3000 relicta
2039 2945 2182 3009 fuit,
2236 2956 2290 3001 et

725 3037 795 3090 ab
859 3038 980 3089 aliis
1034 3037 1319 3090 animabus
1379 3047 1699 3107 segregata:
1759 3039 2026 3094 universa:
2090 3041 2289 3110 quippe

2470 2031 2673 2083 Ῥῡσιιι
2703 2029 2819 2082 ἀπὸ
2842 2030 3137 2097 ῥομφαίας
3164 2028 3277 2096 τὴν
3305 2027 3515 2096 ψυχήν
3532 2047 3669 2098 μου.
3720 2029 3836 2098 Τὴν
3859 2045 3954 2080 και

2389 2123 2512 2176 κίαν
2536 2122 2642 2174 τῶν
2685 2121 2948 2173 Ἰουδαίων
2973 2124 3067 2172 καὶ
3089 2121 3182 2190 τὴν
3207 2121 3387 2172 ἄνοιαν
3415 2121 3503 2174 διὰ
3530 2121 3732 2174 τούτων
3756 2119 3958 2189 σημαί-

2389 2232 2467 2266 νει
2507 2215 2592 2267 διὰ
2641 2213 2906 2283 ρομλςαίας
2949 2213 3038 2264 καὶ
3089 2213 3267 2282 χειρὸς
3300 2214 3454 2274 κυνὸς
3486 2213 3579 2266 καὶ
3607 2214 3818 2276 λέοντος
3869 2214 3959 2266 καὶ

2389 2309 2628 2377 κεράτων
2659 2304 3056 2376 μονοκερὼτων.
3118 2305 3223 2358 Καὶ
3257 2305 3322 2356 ἐκ
3372 2304 3568 2372 χειρὸς
3613 2305 3799 2372 κυνὸς
3847 2306 3961 2370 τὴν

2383 2397 2678 2466 μονογενῆ
2734 2415 2871 2465 μου.
2919 2397 2998 2448 Τὰ
3043 2399 3104 2448 ἐκ
3153 2396 3341 2448 τούτου
3390 2397 3484 2449 τοῦ
3529 2397 3688 2459 κυνὸς
3731 2399 3962 2465 γενόμεο

2389 2506 2454 2540 να
2486 2492 2660 2559 χεῖρα,
2694 2490 2786 2541 καὶ
2816 2488 2972 2542 αὐτὸν
2999 2489 3133 2541 κύνα
3160 2488 3443 2559 ὀνομάζει·
3489 2492 3568 2543 Οὐ
3609 2492 3799 2543 καλὸν
3828 2494 3960 2559 γὰρ,

2390 2580 2571 2648 φησὶν,
2620 2581 2750 2633 ἐστὶ
2801 2580 3007 2634 λαϐεῖν
3041 2582 3145 2633 τὸν
3181 2580 3362 2648 ἄρτον
3409 2580 3527 2635 τῶν
3581 2582 3806 2636 τέκνων
3867 2582 3962 2635 καὶ

2382 2672 2601 2735 βαλεῖν
2645 2672 2769 2738 τοῖς
2809 2675 3127 2742 κυναρίοις.

2461 2762 2775 2834 [Ῥομφαία
2805 2765 2858 2817 δὲ
2893 2769 2976 2836 εἴη
3010 2766 3073 2818 ἂν
3129 2766 3222 2818 καὶ
3265 2767 3293 2817 ὁ
3330 2766 3601 2829 διάϐολος,
3639 2767 3724 2819 ἀεὶ
3763 2767 3965 2837 τιτρὼο

2392 2867 2540 2904 σκειν
2603 2855 2910 2925 ἐπιχειρῶν.
3005 2855 3315 2925 Μονογενῆ
3355 2857 3411 2909 δὲ
3459 2858 3606 2926 λέγει
3645 2857 3806 2910 αὑτοῦ
3868 2860 3968 2927 τὴν

2388 2941 2582 3014 ψυχὴν,
2604 2944 2690 2996 διὰ
2712 2946 2771 2998 τὸ
2803 2945 3142 3016 μεμονῶσθαι
3169 2949 3262 3001 καὶ
3286 2949 3613 3019 κεχωρίσθαι
3647 2949 3755 3002 τῶν
3785 2948 3968 3003 ἄλλων

2389 3034 2604 3104 ψυχῶν·
2639 3038 2806 3088 πᾶσαι
2870 3037 2966 3106 μὲν
3000 3038 3104 3108 γὰρ
3135 3041 3337 3091 ἐκεῖναι
3389 3039 3626 3106 ἔγνωσαν
3663 3039 3968 3110 ἁμαρτίαν,

727 3136 1008 3195 peccatum
1070 3136 1355 3190 noverunt.
1414 3128 1503 3182 illa
1553 3145 1677 3182 vero
1740 3130 2008 3185 minime:
2059 3142 2113 3187 et
2163 3135 2286 3200 quia

2398 3125 2578 3194 ἐκείνη
2608 3125 2662 3178 δὲ
2687 3126 2745 3178 οὔ
2766 3144 2778 3156 ο
2821 3128 2913 3180 καὶ
2951 3128 3038 3182 διὰ
3068 3127 3127 3181 τὸ
3163 3129 3328 3199 μόνην
3371 3130 3457 3183 ἀεὶ
3492 3131 3584 3183 τοῦ
3616 3132 3751 3185 Θεοῦ
3788 3133 3970 3200 Λόγου

727 3231 940 3286 semper
968 3218 1080 3272 sola
1112 3235 1236 3273 cum
1275 3234 1438 3274 carne
1489 3221 1780 3289 conjuncta
1813 3237 1936 3276 cum
1973 3222 2080 3278 Deo
2118 3224 2290 3279 Verbo

726 3315 812 3360 est
860 3308 1159 3362 secundum
1198 3309 1538 3378 hypostasin.
1579 3309 1728 3364 Unus
1764 3327 2000 3381 namque
2041 3313 2292 3369 Christus

725 3407 811 3452 est
837 3413 904 3452 ex
938 3400 1152 3453 duobus
1200 3400 1445 3454 adversis
1475 3410 1753 3465 constans,
1807 3404 2079 3473 perfectus
2128 3405 2289 3469 Deus,

730 3490 1002 3560 perfecuis
1031 3493 1212 3547 homo.
1248 3493 1368 3547 Illas
1395 3505 1574 3549 autem
1607 3498 1818 3551 animas
1847 3514 1968 3566 quae
1998 3500 2166 3552 multo
2218 3501 2294 3552 in-

729 3585 953 3638 tervallo
979 3585 1251 3638 distabant
1278 3586 1429 3638 adiit.
1459 3584 1622 3638 Forte
1660 3588 1824 3639 etiam
1861 3589 2156 3643 Ecclesiam
2189 3592 2290 3644 sibi

731 3684 998 3729 astantem
1041 3683 1201 3728 vocat
1250 3675 1485 3740 unicam,
1539 3677 1683 3744 quod
1731 3679 1997 3731 maculam
2048 3681 2292 3745 nullam,

729 3767 907 3820 nullas
935 3767 1124 3820 sordes
1155 3766 1368 3830 haheat,
1407 3776 1570 3835 atque
1603 3783 1668 3821 ex
1703 3767 1947 3836 profectu
1994 3770 2044 3822 in
2099 3772 2294 3826 melius

730 3859 930 3927 repleta
985 3859 1055 3911 sit
1112 3857 1398 3924 inculpatis
1450 3859 1557 3913 illis
1611 3861 1892 3930 sexaginta
1945 3862 2181 3932 reginis,
2243 3873 2294 3917 ct

731 3950 1004 4016 octoginta
1056 3950 1425 4021 concubinis.]

801 4039 892 4093 22..
925 4036 1083 4091 Salva
1113 4053 1189 4089 me
1214 4054 1277 4090 ex
1309 4055 1395 4090 ore
1427 4038 1611 4099 leonis,
1643 4049 1692 4090 et
1731 4055 1763 4090 α
1791 4041 2033 4093 cornibus
2085 4045 2294 4096 unicor—

733 4134 880 4186 nium
920 4130 1268 4184 humilitatem
1306 4147 1492 4182 meam.
1524 4129 1771 4182 Narrabo
1807 4141 2156 4184 nomentuum
2182 4135 2291 4202 {ra-

735 4225 902 4278 tribus
938 4225 1084 4288 meis,
1117 4224 1169 4276 in
1204 4224 1372 4276 medio
1423 4222 1673 4277 Ecclesiae
1724 4224 1951 4277 laudabo
1986 4235 2052 4278 le.
2105 4226 2298 4280 Docuit

734 4318 877 4371 enim
913 4332 1011 4369 nos
1039 4331 1162 4369 eum
1199 4317 1290 4384 qui
1326 4327 1518 4368 natura
1545 4326 1600 4370 et
1631 4333 1753 4370 vere
1783 4315 1923 4370 Deus
1953 4326 2056 4383 est,
2081 4328 2136 4371 et
2163 4334 2296 4371 con-

738 4408 1150 4463 substantialem
1183 4409 1283 4476 ipsi
1338 4407 1570 4462 Patrem.
1616 4407 1826 4463 Rursus
1868 4419 1926 4464 ut
1972 4411 2137 4465 homo
2169 4427 2299 4466 con-

737 4502 959 4572 junctus
992 4511 1073 4552 est
1106 4515 1198 4568 per
1229 4499 1547 4554 Ecclesiam.

810 4593 898 4647 24.
923 4591 1024 4657 Qui
1054 4594 1244 4645 timetis
1272 4592 1568 4658 Dominum,
1593 4594 1807 4648 laudate
1827 4608 1977 4654 eum;
2004 4595 2298 4649 universum

740 4699 910 4738 semen
932 4682 1117 4745 Jacob,
1142 4682 1431 4750 gloriﬁcate
1455 4699 1589 4735 eum.
1633 4683 2076 4751 Quandoquidem
2113 4682 2297 4738 Eccle-

743 4777 824 4832 sia
863 4777 1381 4847 cx-gentibnsjnxta
1417 4786 1577 4845 atque
1601 4792 1666 4831 ex
1696 4775 1898 4830 Judaeis
1928 4785 2161 4838 constat,
2201 4777 2299 4831 hos

746 4878 908 4939 atque
941 4869 1059 4923 illos
1098 4869 1163 4922 ad
1213 4870 1468 4938 hymnum
1505 4869 1902 4921 concinendum
1935 4868 2154 4921 excitat.
2193 4867 2300 4922 llos

743 4961 960 5030 quidem
985 4976 1013 5012 a
1044 4975 1242 5030 proavo
1268 4976 1368 5014 suo
1413 4959 1580 5014 ,Ιοοοῦ
1627 4970 1790 5029 atque
1840 4962 2002 5015 Israel
2050 4976 2254 5015 vocans
2279 4999 2294 5022 ,

745 5051 868 5105 illos
913 5050 1125 5104 virtutis
1158 5051 1374 5104 nomine
1402 5051 1713 5120 compellat,
1757 5067 1876 5120 quae
1907 5051 2123 5120 quidem
2157 5051 2297 5104 valet

745 5143 955 5213 generis
987 5143 1104 5196 loco
1137 5143 1382 5195 homines
1409 5158 1693 5196 exornare.
1727 5142 1797 5196 Ita
1828 5141 2046 5197 Judaeos
2084 5159 2177 5197 eos
2207 5143 2299 5210 qni

745 5249 807 5286 ex
837 5233 1085 5301 gentibus
1115 5234 1178 5285 ad
1227 5234 1394 5301 legem
1427 5236 1745 5288 accederent
1794 5251 1910 5289 mos
1958 5244 2075 5288 erat
2114 5235 2302 5304 appel-

745 5321 878 5374 lare.
907 5323 1066 5388 quue
1107 5336 1200 5374 nos
1230 5323 1418 5374 edocet
1449 5322 1681 5375 Actunm
1725 5324 1968 5376 historia.
2000 5322 2134 5375 Cum
2179 5339 2302 5376 ora-

748 5421 823 5464 ret
848 5413 990 5464 enim
1022 5413 1209 5466 beatus
1241 5411 1459 5472 Paulus.
1483 5415 1559 5466 sic
1587 5415 1656 5467 ait
1681 5415 1724 5444 ³³
1753 5433 1763 5466 :
1807 5413 1914 5466 Viri
1939 5412 2220 5476 Israelita,
2255 5425 2303 5469 et

747 5503 836 5572 qui
865 5504 999 5555 inter
1027 5520 1112 5556 vos
1144 5505 1333 5557 timetis
1366 5504 1673 5559 Dominum.

823 5724 867 5756 ³⁸
890 5725 1077 5784 Matth.
1105 5745 1192 5795 xv,
1222 5730 1308 5785 26.
1385 5731 1429 5760 "
1453 5731 1568 5784 Act.
1606 5745 1724 5792 xm,
1763 5730 1847 5783 16.

2398 3216 2586 3268 ἕνωσιν
2617 3217 2758 3287 ἔχειν
2789 3219 2908 3271 καθ’
2947 3220 3239 3273 ὑπόστασιν
3287 3222 3422 3292 μετὰ
3455 3224 3552 3293 τῆς
3588 3223 3805 3294 σαρκός.
3877 3216 3973 3286 Εἷς

2393 3309 2499 3379 γάρ
2533 3309 2676 3361 ἐστιν
2709 3312 2736 3362 ὁ
2786 3311 3016 3381 Χριστὸς
3047 3314 3109 3364 ἐκ
3158 3313 3252 3366 δύο
3292 3313 3399 3366 τῶν
3434 3315 3720 3378 ἐναντίων,
3759 3315 3974 3378 τέλειος

2391 3398 2522 3461 Θεὸς
2560 3403 2652 3453 καὶ
2675 3403 2878 3464 τέλειος
2905 3403 3206 3474 ἅνθρωπος.
3252 3407 3514 3470 Ἐκείναις
3541 3407 3594 3460 δὲ
3624 3409 3690 3461 ὲκ
3720 3409 3974 3478 διαλειμ-

2396 3491 2577 3560 ματων
2593 3493 2863 3563 ἐπιφοιτᾷ.
2885 3496 3036 3563 Τάχα
3051 3496 3105 3548 δέ
3126 3497 3219 3549 καὶ⁷
3241 3499 3337 3566 τὴν
3354 3501 3709 3569 παραστᾶσαν
3738 3502 3978 3572 Ἐκκλη-

2395 3582 2510 3632 σίαν
2552 3583 2697 3652 αὐτῷ
2724 3583 2870 3650 λέγει
2905 3588 3197 3657 μονογενῆ,
3233 3587 3318 3640 διὰ
3347 3589 3404 3640 τδ
3436 3590 3509 3659 μὴ
3541 3589 3681 3659 ἔχειν
3715 3594 3912 3646 σπῖλον
3943 3595 3975 3663 ἢ

2397 3674 2580 3743 ῥυτίδα
2608 3677 2669 3727 ἐκ
2707 3677 2812 3728 τῶν
2839 3677 3084 3748 ἀμώμων
3119 3681 3608 3753 συμπληρουμένην
3653 3685 3795 3737 κατὰ
3834 3705 3977 3757 προ-

2395 3767 2567 3836 κοπὴν
2605 3769 2667 3819 ἐκ
2715 3770 2822 3821 τῶν
2869 3771 3128 3840 ἐξήκοντα
3176 3773 3460 3842 βασιλίδων
3505 3779 3598 3828 καὶ
3638 3778 3977 3849 ὀγδοήκοντα

2395 3859 2697 3913 παλλακῶν.

2466 4039 2673 4094 Σῶσόν
2700 4060 2774 4110 με
2808 4045 2874 4096 ἐκ
2913 4048 3206 4113 στόματος
3229 4047 3496 4113 λέοντος,
3519 4051 3611 4101 καὶ
3644 4049 3764 4103 ἀπὸ
3803 4050 3981 4118 κερά-

2395 4148 2512 4182 των
2538 4135 2954 4201 μονοκερώτων
2984 4138 3097 4203 τὴν
3127 4140 3486 4194 ταπείνωσίν
3510 4158 3647 4208 μου.
3675 4143 3985 4210 Διηγήσοο

2390 4241 2495 4291 μαι
2546 4223 2609 4275 τὸ
2641 4224 2824 4292 ὄνομά
2864 4243 2978 4279 σου
3027 4227 3147 4292 τοῖς
3203 4228 3485 4295 ἀδελφοῖς
3503 4243 3656 4297 μου·
3686 4229 3762 4280 ἐν
3800 4228 3986 4296 μέσῳ

2409 4315 2763 4381 Ἐκκλησίας
2797 4316 3045 4383 ὑμνήσω
3092 4334 3183 4370 σε.
3235 4317 3509 4371 Ἐδίδασκε
3556 4317 3661 4391 γὰρ
3699 4320 3856 4388 ἡμᾶς
3887 4321 3984 4374 τὸν

2399 4404 2555 4472 φύσει
2589 4405 2680 4457 καὶ
2705 4405 2927 4475 ἀληθείᾳ
2947 4405 3076 4458 Θεὸν
3107 4407 3199 4458 καὶ
3223 4407 3502 4476 ὀμοούσιον
3528 4407 3691 4461 αὑτοῦ
3723 4409 3982 4481 Πατέρα.

2333 4515 2375 4568 ι)
2405 4497 2568 4549 Πάλιν
2605 4496 2676 4558 ὡς
2714 4496 2992 4566 ἄνθρωπος
3029 4499 3228 4565 ἥνωται
3258 4499 3344 4551 διὰ
3380 4499 3481 4568 τῆς
3519 4500 3879 4571 Ἐκκλησίας.

2475 4589 2537 4638 Ol
2575 4587 2925 4654 φοϐούμενοι
2971 4588 3077 4639 τὸν
3122 4589 3336 4656 Κύριον
3362 4629 3375 4652 ,
3423 4589 3700 4644 αὶνέσιιτε
3746 4597 3984 4647 αὐτόν·

2401 4677 2563 4731 ἁπαν
2594 4678 2658 4730 τὸ
2687 4677 2921 4746 σπέρμα
2961 4679 3185 4744 Ἰακὼϐ,
3219 4679 3515 4744 δοξάσατε
3543 4684 3748 4736 αὐτόν.
3806 4686 3995 4738 Ἐπευ-

2402 4770 2465 4838 δὴ
2511 4769 2676 4840 γὰρὴ
2733 4769 3024 4840 Ἐκκλησία
3060 4773 3150 4824 καὶ
3191 4772 3248 4835 ἐξ
3280 4771 3445 4825 ἐθνῶν
3475 4774 3566 4826 καὶ
3595 4773 3652 4840 ἐξ
3701 4774 3991 4830 Ἰουδαίων

2405 4862 2728 4931 συνέστηκε,
2782 4863 2874 4914 καὶ
2920 4862 3137 4925 τούτους
3183 4865 3273 4916 καὶ
3304 4863 3540 4926 ἐκείνους
3573 4868 3650 4928 εἰς
3681 4866 3778 4918 τὸν
3814 4867 3994 4938 ὕμνον

2404 4955 2601 5022 ἐγείρει
2624 4969 2636 4984 ·
2667 4957 2790 5017 τοὺς
2817 4955 2914 5024 μὲν
2938 4955 3044 5007 ἀπὸ
3069 4956 3162 5008 τοῦ
3189 4957 3526 5026 προπάτορος
3548 4957 3840 5026 ὀνομάζων
3888 4963 3997 5017 Ἰα-

2404 5045 2519 5097 κώό
2549 5062 2605 5097 τε
2637 5047 2730 5097 καὶ
2769 5045 3000 5116 Ἰσραὴλ,
3031 5048 3157 5110 τοὺς
3184 5047 3239 5099 δέ
3269 5049 3376 5100 ἀπὺ
3404 5049 3500 5117 τῆς
3528 5049 3750 5118 ἀρετῆς,
3781 5051 3868 5114 ὡς
3895 5055 3999 5125 ἀρ-

2405 5137 2605 5206 κούσης
2641 5137 2758 5188 ἀντὶ
2789 5138 2978 5204 γένους
3011 5140 3304 5208 κοσμῆσαι..
3368 5139 3524 5192 Οὕτω
3557 5140 3650 5193 καλ⁵
3687 5143 4000 5210 Ἰουδαίους

2404 5230 2528 5291 τοὺς
2553 5228 2611 5293 ἐξ
2639 5229 2806 5281 ἐθνῶν
2826 5229 2902 5299 τῷ
2925 5231 3071 5300 νόμῳ
3094 5233 3413 5300 προσιόντας
3431 5232 3549 5297 ἔθος
3572 5229 3638 5304 ἦν
3665 5235 3998 5305 ὀνομάζειν.

2405 5321 2514 5372 Καὶ
2551 5320 2713 5373 τοῦτο
2748 5323 2893 5392 ἡμᾶς
2925 5325 2957 5391 η
2993 5322 3100 5375 τῶν
3129 5323 3386 5395 Πραξεων
3439 5325 3643 5396 ἱστορία
3691 5325 3961 5383 διδάσκει

2405 5413 2728 5486 δημηγορῶν
2751 5414 2856 5484 γὰρ
2887 5417 2914 5466 ὁ
2947 5415 3088 5477 θεῖος
3125 5416 3445 5480 Ἀπὸστολος
3472 5417 3642 5479 οὕτως
3666 5415 3777 5487 ἔφη
3809 5438 3824 5450 ·
3863 5423 3992 5475 Ἅνο

2407 5502 2544 5569 δρες
2585 5505 2963 5573 Ἰσραηλῖται,
3001 5510 3096 5562 καὶ
3129 5513 3181 5564 oi
3220 5511 3289 5563 ἐν
3315 5511 3455 5580 ὑμῖν
3482 5513 3854 5580 φοϐούμενοι
3895 5517 4002 5568 τὸν

2413 5593 2645 5658 Κύριον.
