4102 6304
143 355 218 408 137
1201 349 1559 405 1·ΣΧΡο51ΤΙΟ
1598 350 1661 403 IN

1777 349 2029 404 LALMUM
2071 350 2207 402 XXI.

194 469 301 517 Ὀτι
329 468 436 518 οὐκ
463 464 890 528 ἐξουδένωσεν.
961 465 1025 514 Ἀ
1054 462 1410 533 κατώρθωσεν
1442 466 1571 534 ἡμῖν
1606 463 1669 515 δι’
1699 472 1745 528 Α

138 557 297 611 ἑαυτοῦ
325 559 351 608 ὸ
380 557 687 626 Μονογενὴς
718 556 1014 608 ἐκδιδάσκει
1050 555 1250 622 σαφῶς.

195 652 336 717 Παρὰ
361 650 475 703 σοῦ
502 654 532 702 ὀ
551 651 794 714 ἔπαινός
815 668 933 718 μου
976 651 1234 700 Ἐπαινον
1256 649 1351 717 τὴν
1369 648 1672 716 δοξολογίαν

137 743 300 812 φησίν·
332 743 444 793 ἔστι
488 741 544 794 δὲ
573 740 776 810 ταύτην
819 740 968 810 παρὰ
995 740 1086 792 τοῦ
1127 740 1333 810 Ματρὸς
1381 741 1674 809 γενομένην

141 835 262 895 ζῐέῖν,
289 835 371 886 ὅτε
401 829 532 902 ἦλθε
558 832 708 902 φωνὴ
739 832 937 885 ἄνωθεν
959 831 1188 898 λέγουσα
1213 848 1225 857 ·
1253 833 1357 884 Καὶ
1386 831 1670 893 ἐδόξασα,

135 928 218 979 καὶ
240 926 416 978 πάλιν
442 925 696 988 δοξάσω.
735 923 746 994 ι
774 925 840 975 Ἢ
860 925 939 975 ὅτι
967 923 1150 995 ὥσπερ
1172 924 1280 990 ἐγώ
1302 941 1356 975 σε
1383 923 1537 991 δῆλον
1566 926 1675 985 τοῖς

139 1014 409 1085 ἀνθρώποις
441 1015 670 1085 ἐποίησα
692 1053 704 1076 ,
731 1014 870 1065 οὕτω
905 1013 994 1064 καὶ
1031 1014 1092 1065 ab
1128 1013 1343 1074 παντως
1379 1014 1475 1083 τὴν
1506 1014 1675 1082 αὐτὴν

139 1123 211 1175 μοι
251 1107 536 1176 προσάγεις
567 1105 730 1174 τιμὴν
751 1149 763 1165 ,
799 1104 890 1157 νῦν
927 1106 1022 1174 μὲν
1049 1105 1218 1172 λέγων
1241 1123 1253 1136 ο
1286 1101 1470 1170 Οὗτός
1508 1105 1676 1156 ἐστιν

137 1200 162 1248 ό
197 1198 312 1262 Υἱός
335 1215 488 1265 μου·
527 1196 619 1248 νῦν
666 1196 721 1248 δὲ
766 1196 1161 1248 ἀποκαλύπτων
1208 1197 1397 1266 Πέτρῳ
1443 1198 1536 1248 καὶ
1565 1199 1673 1257 τοῖς

144 1287 336 1348 λοιποῖς.
361 1286 376 1356 j
435 1287 543 1351 Τὰς
566 1285 752 1354 εὐχάς
772 1305 846 1354 με
859 1305 889 1339 υ
923 1285 1228 1340 ἀποδώσω,
1263 1286 1406 1355 Eam
1433 1288 1464 1354 ἡ
1503 1286 1674 1352 ἐπαγο

135 1378 265 1445 γελία
290 1377 436 1448 παρὰ
466 1380 532 1446 τῇ
568 1377 685 1445 θεία
712 1378 1032 1448 ὀνομάζεται
1068 1379 1276 1449 Γραφῇ.
1343 1377 1549 1428 Οὐκοῦν
1574 1377 1673 1445 τῆς

137 1467 349 1536 ὑπακοῆς
374 1466 720 1535 ἐκπλήρωσις
832 1467 1094 1536 γενομένη
1136 1467 1280 1537 παρὰ
1311 1465 1403 1517 τοῦ
1435 1465 1561 1517 Υἱοῠ
1599 1465 1674 1534 τῷ

136 1561 282 1628 Πατρὶ
323 1559 482 1628 μέχρι
509 1558 736 1611 θανάτου
761 1559 1020 1622 ὡσαύτως
1053 1559 1117 1610 ἂν
1156 1558 1367 1628 νοηθείη
1392 1600 1405 1618 ,
1481 1559 1674 1610 ἀποδο-

137 1653 292 1722 θείσης
323 1652 420 1720 τῆς
451 1652 614 1720 εὐχῆς
645 1652 770 1721 παρ’
797 1651 956 1704 αὐτοῦ
992 1650 1064 1720 τῷ
1099 1651 1289 1721 "arpi.
1353 1649 1537 1722 [Εὐχὴ
1580 1651 1677 1719 μὲν

135 1744 457 1812 ήὲπαγγελία
482 1743 628 1813 παρὰ
651 1747 716 1812 τῇ
744 1744 861 1814 θεία
882 1744 1204 1814 ὀνομάζεται
1229 1744 1413 1812 Γραψῇ
1433 1758 1444 1769 ’
1471 1741 1677 1792 Οὐκοῦν

134 1833 266 1901 ἡτῆς
286 1834 526 1901 ὑπακοῆς
547 1833 889 1904 ἐκπλήρωσις
912 1835 944 1904 ἡ
967 1835 1230 1904 γενομένη
1260 1833 1408 1903 παρὰ
1429 1832 1518 1884 τοῦ
1546 1831 1674 1884 Tia?)

3236 353 3332 406 138

1839 465 1930 518 25.
1967 465 2227 529 Quoniam
2259 481 2358 516 non
2393 464 2602 531 sprevit,
2638 475 2744 518 etc.
2777 464 2909 530 Quae
2946 469 3115 520 nostri
3161 473 3334 539 gratia

1777 553 2091 625 Unigenitus
2125 571 2286 624 opera
2315 555 2474 608 edidit
2511 556 2796 624 perspicue
2819 556 2995 610 docet.

1846 649 1936 702 26.
1969 649 2120 718 Apud
2149 659 2196 702 te
2223 649 2339 701 laus
2372 664 2507 711 mea,
2569 658 2671 701 etc.
2705 647 2941 703 Laudem
2976 659 3128 703 vocat
3170 651 3333 720 glori-

1777 739 2120 801 ﬁcationem;
2165 739 2410 792 videmus
2461 747 2640 792 autem
2688 739 2831 792 illam
2867 755 2896 792 a
2945 739 3104 794 Patre
3135 740 3331 794 editam

1775 843 1898 881 cum
1930 843 2030 881 vox
2064 827 2292 896 desuper
2324 827 2506 881 audita
2537 838 2618 883 est
2642 869 2656 881 .
2693 828 2757 880 Et
2806 829 3098 897 gloriﬁcavi
3145 841 3194 883 et
3239 832 3338 885 ite—

1777 938 1892 974 rum
1925 922 2227 992 gloriﬁcubo
2251 920 2316 972 ⁸ο.
2351 919 2482 991 [Aut
2509 921 2636 989 quia
2669 923 2810 975 sicut
2837 937 2936 989 ego
2992 931 3043 976 te
3095 922 3332 976 homini-

1778 1014 1878 1067 bus
1909 1013 2256 1067 manifestum
2286 1011 2409 1076 feci,
2441 1012 2628 1067 eodem
2659 1029 2886 1080 prorsus
2915 1013 3073 1066 modo
3118 1023 3172 1066 tu
3202 1014 3334 1067 mihi

1777 1121 1961 1175 parem
1994 1106 2252 1159 honorem
2284 1105 2641 1172 conciliabis;
2679 1106 2841 1160 modo
2869 1106 3054 1160 dicens
3080 1124 3092 1158 :
3129 1104 3230 1158 llic
3260 1116 3336 1160 est

1775 1199 1917 1265 ﬁlius
1948 1213 2090 1250 meus
2111 1198 2179 1260 “,
2213 1196 2376 1250 modo
2407 1197 2640 1265 idipsum
2681 1197 2839 1251 Petro
2887 1198 3132 1252 revelans
3178 1207 3337 1266 atque

1777 1288 2034 1360 caeteris]
2064 1288 2194 1342 Vota
2227 1307 2339 1342 mea
2370 1290 2608 1353 reddam,
2637 1299 2739 1343 etc.
2773 1287 3018 1343 Precatio
3067 1289 3119 1342 in
3158 1288 3334 1342 divina

1779 1380 2057 1451 Scriptura
2087 1392 2271 1436 votum
2306 1397 2400 1436 seu
2435 1382 2724 1451 promissio
2750 1391 2993 1436 vocatur.
3027 1379 3212 1450 Itaque
3245 1382 3339 1435 ob-

1777 1473 2070 1541 sequentia:
2089 1471 2211 1526 Filii
2242 1488 2369 1542 erga
2401 1471 2615 1526 Patrem
2642 1488 2812 1542 usque
2843 1473 2909 1526 ad
2941 1483 3167 1526 mortem
3200 1489 3338 1542 pra:-

1777 1566 1916 1620 stitze
1967 1567 2367 1620 consummatio
2404 1575 2506 1628 est,
2561 1582 2682 1634 qua:
2724 1576 2855 1621 tunc
2903 1565 3043 1621 facta
3092 1566 3339 1636 intelligi-

1777 1667 2032 1719 tur,cum
2073 1655 2219 1711 Patri
2263 1658 2621 1728 precationem
2666 1657 2880 1712 obtulit.
2925 1657 3195 1729 [Precatio
3242 1675 3335 1712 seu

1777 1758 1959 1802 votum
1994 1748 2283 1817 promissio
2311 1759 2533 1803 vocatur
2559 1750 2612 1802 in
2642 1749 2821 1803 divina
2855 1750 3130 1820 Scriptura
3160 1774 3171 1804 :
3213 1767 3336 1803 eum

1778 1839 1960 1908 itaque
1989 1841 2043 1892 in
2079 1840 2333 1894 omnibus
2357 1839 2506 1893 Patri
2535 1840 2827 1895 obsecutus
2852 1840 3021 1896 Filius
3053 1841 3139 1904 sit,
3173 1841 3336 1895 etiam

136 1924 302 1994 Πατρὶ,
329 1927 422 1978 καί
448 1924 603 1977 τοῦτο
634 1926 792 1996 μέχρι
824 1925 916 1978 τοῦ
946 1927 1174 1979 θανάτου
1204 1925 1423 1994 σαρκός.
1489 1924 1675 1976 Ὠσαύ-

1778 1946 1951 2000 usque
1989 1931 2054 1985 ad
2082 1939 2309 1984 mortem
2339 1930 2637 1994 carnalem,
2671 1946 2767 2000 pro
2797 1939 2921 1984 voto
2950 1930 3098 1985 Patri
3131 1930 3339 1986 reddito

135 2033 221 2079 τως
244 2018 301 2069 ἂν
322 2017 537 2088 νοηθείη
563 2018 914 2087 ἀποδοθείσης
937 2019 1035 2089 τῆς
1062 2018 1225 2087 εὐχῆς
1252 2019 1378 2087 παρ’
1406 2015 1568 2068 αὐτοῦ
1597 2016 1673 2085 τῷ

137 2109 329 2182 lingat]

1780 2024 1946 2092 probe
1975 2022 2317 2094 aceipiatur.]

200 2206 367 2261 Daniel
406 2207 673 2261 Barbarus
699 2225 717 2260 :
755 2206 885 2260 Vota
910 2223 1046 2260 mea.
1073 2205 1318 2260 Precatio
1353 2205 1436 2260 vel
1469 2216 1672 2265 votum.
1708 2205 1998 2273 promissio
2033 2216 2116 2259 est
2148 2205 2375 2272 alicujus
2402 2223 2588 2261 eorum
2617 2223 2737 2276 qum
2765 2207 3005 2277 religioni
3032 2215 3336 2260 sacrantur.

137 2300 424 2371 ilcprecatio
452 2319 584 2358 vero
614 2315 698 2359 est
725 2304 950 2373 supplex
980 2303 1246 2355 bonorum
1280 2302 1468 2370 petitio
1496 2316 1525 2354 a
1567 2301 1695 2355 Deo.
1735 2300 1900 2356 Docet
1928 2311 2108 2354 autem
2138 2316 2318 2355 sermo
2346 2317 2412 2355 ne
2445 2303 2596 2370 prius
2628 2318 2655 2354 a
2686 2302 2796 2354 Deo
2840 2303 3137 2371 quidquam
3184 2309 3336 2368 peta-

137 2412 257 2462 mus,
285 2414 444 2467 quam
477 2399 680 2452 donum
711 2414 809 2468 pro
845 2395 1155 2466 accipienda
1187 2395 1356 2465 gratia
1387 2395 1701 2450 offeramus.
1733 2395 1972 2460 Preeari,
2006 2398 2108 2450 hoc
2136 2406 2238 2460 est,
2269 2411 2465 2450 vovere
2495 2397 2646 2464 prius
2671 2405 2904 2464 oportet,
2941 2410 3104 2464 quam
3150 2393 3338 2462 depre-

137 2488 252 2540 cari.
287 2488 755 2553 Quemadmodum
792 2488 930 2542 satio
957 2485 1232 2540 fructuum
1261 2484 1631 2540 collectionem
1685 2485 1956 2556 praecedit.
1993 2483 2216 2556 Oportet
2245 2486 2391 2538 enim
2447 2485 2597 2554 prius
2629 2485 2809 2552 jacere
2843 2483 3220 2552 promissionis
3250 2500 3338 2537 sc—

138 2577 281 2638 mina.
307 2584 358 2629 et
384 2577 464 2630 sic
501 2575 626 2630 inde
665 2575 874 2630 lructus
901 2574 1063 2628 ferre.

189 2693 465 2762 Φάγονται
503 2691 880 2759 aeratae-mal
912 2689 1466 2760 ἐμπλησοήσονται.
1502 2685 1672 2752 Προσ-

134 2789 389 2858 αγὸρευσις
437 2788 539 2859 τῆς
579 2787 684 2841 τῶν
713 2785 879 2840 ὲθνῶν
909 2785 1150 2856 κλήσεως
1211 2780 1298 2835 διὰ
1338 2780 1538 2832 τούτων
1581 2797 1675 2849 ση-

136 2881 373 2947 μαίνεται.

191 2973 284 3024 Kal
310 2971 858 3040 προσκυνήσουσιν
899 2968 1156 3023 ἐνώπιον
1183 2967 1369 3023 αὐτοῦ
1395 2968 1578 3021 πᾶσαι
1619 2972 1677 3021 αὶ

1846 2682 1935 2735 27.
1980 2681 2148 2734 Edent
2196 2698 2444 2750 pauperes
2472 2691 2522 2734 et
2567 2682 2967 2738 saturabantur.
3005 2683 3162 2741 Hisce
3204 2703 3336 2757 gen-

1781 2775 1912 2828 tium
1944 2775 2152 2828 vacatio
2166 2773 2633 2844 przesigniﬁcatur.

1847 2952 1936 3006 28.
1971 2951 2037 3004 Et
2073 2955 2367 3009 adorabunt
2413 2953 2466 3005 in
2507 2963 2781 3022 conspectu
2809 2955 2924 3023 ejus
2955 2958 3212 3010 universa:
3252 2958 3337 3017 fd-

133 3066 338 3131 πιιτριαὶ
356 3064 477 3117 τῶν
495 3061 705 3117 ἐθνῶν.
731 3059 1061 3115 Βασιλεῖωαι.
1074 3061 1287 3130 λέγεται
1312 3062 1418 3115 τῶν
1440 3063 1530 3114 ἐπὶ
1553 3063 1672 3130 γῆς,

1783 3044 1946 3097 milite
1991 3047 2242 3114 gentium.
2299 3043 2544 3114 Regnare
2576 3046 2773 3100 dicitur
2803 3048 2856 3119 in
2910 3057 3050 3101 terra
3081 3050 3181 3102 etsi
3215 3065 3341 3116 qua-

131 3157 278 3209 καίτοι
300 3156 552 3226 βασιλεὺς
577 3155 792 3209 πάντων
815 3154 889 3207 ὣν
913 3154 1048 3207 καθὸ
1068 3155 1218 3217 Θεὸς,
1248 3155 1334 3207 διὰ
1356 3155 1414 3206 τὸ
1436 3154 1677 3222 ἐπιστρέ-

129 3247 208 3313 ψαι
233 3250 416 3313 αὐτοὺς
448 3250 516 3301 ἐκ
546 3251 644 3318 τῆς
674 3247 780 3298 τῶν
813 3246 1080 3314 δαιμόνων
1114 3246 1320 3316 πλάνης
1354 3247 1432 3307 εἰς
1461 3245 1558 3315 τὴν
1584 3246 1678 3296 αὐ-

129 3335 204 3392 τοῖο
236 3341 428 3403 πίστιν,
461 3341 558 3393 καὶ
587 3337 999 3408 εὐγνωμοσύνην
1029 3339 1124 3390 καὶ
1147 3337 1506 3408 δικαιοσύνην.

188 3430 292 3483 Ὀτι
316 3430 421 3483 τοῦ
454 3429 682 3497 Κυρίου
710 3430 747 3495 ἡ
769 3428 1056 3493 ,ϐασιλεία
1079 3470 1092 3491 ,
1129 3428 1227 3481 καὶ
1256 3429 1437 3494 αὐτὸς
1463 3428 1679 3482 δεσπό-

129 3519 188 3576 ῖει
209 3521 317 3572 τῶν
340 3520 556 3575 ἐθνῶν.
589 3521 663 3574 Οὐ
687 3519 796 3592 γὰρ
826 3521 985 3590 μόνον
1018 3521 1286 3572 Ἰουδαίων
1317 3520 1446 3582 Θεὸς
1469 3522 1495 3572 ὁ
1524 3521 1675 3583 Θεὸς,

129 3612 190 3674 ὡς
215 3614 398 3666 ἐκεῖνοι
431 3613 778 3684 νομίζουσιν,
824 3611 957 3664 ἀλλὰ
1000 3611 1177 3681 πάσης
1210 3611 1307 3680 τῆς
1336 3611 1678 3682 ἀνθρωπίνης

128 3704 311 3769 φύσεως
335 3709 592 3777 ποιητής.
626 3704 795 3757 τοῦτο
829 3705 922 3756 καὶ
961 3704 989 3755 ὁ
1029 3703 1344 3766 Ἀπόστολὲς
1382 3719 1543 3774 φησιν
1565 3721 1577 3732 ·
1611 3700 1680 3755 Ἦ

137 3795 411 3849 Ἰουδαίων
430 3799 465 3850 ό
492 3796 640 3860 Θεὸς
655 3799 883 3864 μόνως
916 3795 1061 3864 Οὐχὶ
1083 3800 1176 3848 καὶ
1198 3795 1418 3858 ἐθνῶν;
1449 3795 1559 3851 Ναὶ
1580 3795 1675 3848 καὶ

126 3887 305 3940 ἐθνῶν.
357 3889 640 3956 Ἐπείπερ
666 3883 752 3953 εἷς
772 3890 803 3940 ὀ
830 3887 972 3953 Θεὸς
991 3927 1006 3944 .
1035 3885 1425 3952 ὃς·δικαιώοέι
1448 3903 1675 3954 περιτο-

123 3977 225 4044 μὴν
235 3979 295 4031 ἐκ
311 3981 599 4045 πίστεως.
623 3980 718 4032 καὶ
741 3979 1140 4046 ἀκροσυστίαν
1158 3979 1255 4032 διὰ
1275 3977 1381 4046 τῆς
1401 3979 1674 4044 πίστεως.

184 4071 458 4138 'Egaror,
503 4070 606 4123 καὶ
644 4069 1108 4135 προσεκύνησαν
1140 4067 1359 4134 πάντες
1385 4070 1439 4120 οι
1473 4069 1677 4133 πίονες

126 4155 214 4222 τῆς
239 4157 364 4226 γῆς.
400 4159 516 4228 Τὴν
551 4156 924 4229 πνευματικὴν
951 4157 1190 4228 δηλονότι
1216 4159 1438 4229 τροφήν.
1480 4157 1676 4222 Πίονας

125 4245 168 4295 δὲ
192 4247 371 4310 αὐτοὺς
409 4247 576 4300 καλεῖ
600 4245 687 4299 διὰ
716 4246 776 4298 τὸ
813 4247 1077 4317 εὐτραφὲς
1117 4246 1225 4299 τῶν
1255 4245 1414 4299 θείων
1460 4245 1672 4314 λογίων,

137 4334 394 4390 Ἐιπώπιον
429 4336 626 4391 αὐτοῦ
680 4335 1004 4392 πεσοῦνται
1043 4335 1265 4402 πάντες
1300 4340 1353 4390 οὶ
1398 4337 1675 4390 καταϐαί-

1783 3146 1940 3193 ιεηυε
1967 3147 2049 3192 εει
2081 3137 2221 3192 Deus
2254 3153 2347 3192 rex
2393 3148 2477 3193 est
2509 3139 2914 3204 universorum,
2967 3140 3093 3208 quia
3128 3140 3339 3194 scilicet

1780 3231 2046 3283 convertit
2095 3240 2282 3299 gentes
2328 3247 2391 3284 ex
2453 3246 2639 3286 errore
2699 3231 3007 3284 daamonum
3053 3231 3125 3288 ad
3177 3232 3336 3286 ﬁdem

1780 3336 1956 3388 suam,
1995 3331 2048 3375 et
2077 3323 2142 3374 ad
2171 3322 2552 3390 gratitudinem
2583 3333 2635 3376 et
2665 3322 2928 3390 justitiam

1849 3413 1940 3467 ει).
1966 3411 2228 3476 Quoniam
2267 3409 2474 3464 Domini
2505 3423 2577 3467 cst
2616 3427 2829 3479 regnum
2861 3420 2910 3466 et
2954 3412 3060 3482 ipse
3097 3413 3339 3468 dominu-

1781 3509 1920 3560 bitur
1943 3507 2196 3576 gentium.
2228 3505 2370 3561 Deus
2391 3523 2496 3560 non
2523 3508 2833 3560 Iudaeorum
2867 3508 3036 3563 solum
3061 3519 3143 3564 est
3175 3509 3340 3576 Deus,

1780 3612 1840 3654 ut
1873 3601 2206 3653 arbitrantur
2257 3599 2382 3668 ipsi.
2418 3599 2509 3653 sed
2545 3600 2710 3654 totius
2751 3599 2999 3653 humana:
3029 3601 3208 3668 opifex
3243 3618 3340 3655 na-

1782 3702 1934 3746 tunc.
1978 3693 2034 3743 ιιι
2083 3692 2372 3760 Apostolus
2417 3707 2634 3760 quoque
2675 3692 2747 3745 ait
2769 3694 2854 3746 "z
2907 3695 2989 3747 An
3030 3691 3340 3747 Iudaeorum

1782 3783 1917 3836 Deus
1945 3783 2163 3834 solum?
2195 3781 2379 3835 Nonne
2424 3791 2472 3835 et
2521 3785 2800 3853 gentium?
2831 3783 2947 3838 Iino
2992 3797 3041 3838 et
3088 3789 3338 3856 gentium.

1779 3875 2039 3940 Quoniam
2074 3892 2205 3928 unus
2234 3883 2310 3927 est
2339 3875 2478 3928 Deus
2511 3878 2599 3947 qui
2623 3876 2945 3946 justi/icabit
2984 3881 3342 3933 circumcisio-

1777 3984 1889 4020 nem
1922 3982 1984 4019 ea“.
2011 3967 2132 4034 ﬁde.
2157 3976 2204 4019 et
2241 3968 2557 4035 prwputiunt
2578 3985 2669 4036 per
2689 3969 2868 4036 ﬁdem.

1846 4059 1933 4111 50.
1974 4058 2423 4111 Manducaverunt
2464 4069 2511 4110 et
2555 4059 3098 4113 adoraveruntomnes
3129 4061 3340 4129 pingues

1780 4158 1952 4201 terra'.
1993 4147 2340 4218 Spiritualem
2373 4150 2622 4202 videlicet
2653 4151 2855 4203 cibum.
2885 4149 3120 4220 Pingues
3163 4162 3339 4204 autem

1779 4250 1960 4304 vocat,
1996 4242 2064 4294 ob
2092 4241 2395 4296 divinorum
2426 4243 2768 4311 eloquiorum
2817 4258 3062 4298 succum.
3111 4242 3176 4297 In
3220 4262 3342 4297 cou-

1778 4344 1952 4400 ενοι-ιιι
1983 4335 2096 4403 ejus
2133 4336 2318 4387 cadent
2360 4351 2535 4388 omnes
2583 4337 2671 4406 qui
2701 4337 3014 4391 descendunt
3043 4340 3094 4390 in
3125 4347 3337 4390 terram.

126 4443 303 4494 rcrtec
323 4433 400 4495 εις
431 4428 576 4498 γῆν.
609 4429 778 4481 Τοῦτό
806 4445 958 4498 φησι,
989 4428 1076 4480 διὰ
1098 4429 1157 4480 τὸ
1183 4428 1383 4481 κλίνειν
1411 4427 1556 4498 αὐτῷ
1583 4430 1674 4496 γό-

1779 4425 1889 4479 Hoe
1927 4427 2001 4479 ait
2029 4428 2156 4496 quia
2185 4427 2366 4480 Iideles
2395 4441 2570 4494 genua
2616 4427 2718 4495 ipsi
2752 4427 2966 4483 ﬂectere
2995 4431 3169 4483 solent
3198 4444 3210 4480 :
3239 4429 3339 4481 hu-

127 4532 173 4564 νυ
199 4519 312 4580 τοὺς
335 4517 720 4579 πιστεύοντας.
752 4513 907 4570 Οὗτοι
934 4517 990 4571 δὲ
1019 4519 1067 4570 οε
1092 4518 1472 4579 πιστεύσαντες
1506 4518 1670 4572 πάλαι

124 4599 254 4673 ἦσαν.
300 4612 362 4661 ul
392 4607 860 4673 καταϐαίνοντες
883 4611 970 4674 εὶς
997 4607 1111 4675 τὴν
1140 4608 1252 4676 γῆν
1282 4627 1297 4640 ·
1328 4610 1600 4664 τουτέστιν
1623 4614 1669 4664 0!

127 4698 348 4761 πεσόντες
372 4701 453 4762 εἰς
481 4697 708 4768 ὄλεθρον
737 4699 828 4750 καὶ
867 4698 1098 4770 φθορὰν,
1138 4698 1224 4752 διὰ
1259 4699 1320 4751 τὸ
1360 4699 1433 4769 μὴ
1478 4698 1670 4751 εἰδέναι

125 4789 287 4854 αὐτοὺς
309 4791 398 4844 τὸν
426 4790 664 4860 Κύριον.

179 4882 272 4934 Kal
300 4885 337 4950 ἠ
369 4881 548 4952 ψυχή
573 4899 698 4950 μου
726 4878 884 4944 αὐτῷ
927 4877 1022 4945 ζῆ,
1053 4879 1149 4932 καὶ
1178 4880 1241 4932 τὸ
1280 4880 1515 4949 σπέρμα
1551 4898 1670 4950 μου

124 4971 402 5030 δουλεύσει
423 4971 615 5038 αὐτῷ.
685 4972 836 5038 Ἀγία
863 4971 970 5042 γὰρ
997 4972 1091 5023 καὶ
1122 4973 1347 5042 ἄμωμος
1373 4975 1404 5042 ὴ
1438 4973 1670 5044 Χριστοῦ

125 5067 280 5133 γέγονε
312 5069 446 5140 ζωὴ,
474 5069 546 5138 ἢν
575 5063 870 5132 πεποίηται
896 5063 1031 5132 μετὰ
1066 5065 1265 5135 σαρκὸς
1293 5064 1384 5118 ἐπὶ
1409 5070 1526 5135 γῆς.
1554 5068 1667 5120 M6-

127 5175 192 5220 νας
221 5160 319 5232 γὰρ
344 5159 510 5222 αὐτὸς
565 5157 674 5210 οὐκ
702 5155 953 5225 ἐποίησεν
986 5155 1258 5225 ἁμαρτίαν
1277 5196 1292 5218 ,
1338 5157 1512 5209 καίτοι
1546 5157 1667 5210 καθ’

125 5249 240 5314 ἡμᾶς
258 5249 515 5318 γεγονὼς,
543 5248 648 5301 καὶ
673 5247 847 5318 σάρκα
868 5244 1044 5298 λαῦὼν
1069 5246 1166 5313 τὴν
1193 5245 1667 5317 φιλαμαρτήμονα.

125 5338 313 5411 Σπέρμα
343 5341 400 5395 δὲ
431 5338 578 5395 Θεοῦ
622 5337 864 5408 νοηθετεν
893 5339 958 5393 ἂν
988 5338 1036 5390 οἱ
1064 5337 1130 5390 δι’
1156 5337 1317 5390 αὐτοῦ
1347 5338 1667 5408 κεκλημένοι

125 5426 188 5481 is":
211 5434 297 5502 τῆς
328 5433 592 5494 πίστεως.
643 5429 1137 5496 Ἀναττελήσεται
1167 5425 1247 5491 τῷ
1275 5427 1468 5494 Κυρίῳ
1498 5430 1672 5498 γενεὰ

125 5519 152 5584 ἡ
202 5521 505 5596 ἐρχομένη.
573 5522 693 5578 Καὶ
753 5519 921 5576 ταῦτα
973 5520 1104 5590 περὶ
1170 5518 1277 5572 τῶν
1332 5518 1499 5572 ἐθνῶν
1570 5537 1669 5590 aq-

131 5614 293 5677 μαίνει.

179 5749 376 5806 “Joan.
427 5767 532 5814 xit,
574 5748 676 5803 ‘28.
750 5748 790 5778 "
819 5745 1004 5802 Matth.
1044 5762 1125 5810 tu,
1161 5746 1262 5811 l7;
1299 5762 1433 5805 τιτι.
1467 5747 1514 5799 ῖὶ.

369 5851 665 5908 ΡΑιΊιυι..
707 5846 824 5903 (in.
867 5845 1122 5903 XXVII.

1774 4521 2010 4588 jusmodi
2045 4529 2222 4572 autem
2251 4519 2380 4571 olim
2425 4518 2608 4572 Iideles
2653 4529 2827 4573 erant.
2876 4520 2981 4585 Qui
3027 4523 3342 4573 descendunt

1778 4611 1832 4662 in
1867 4621 2096 4675 terram;
2132 4610 2384 4665 nimirum
2409 4611 2500 4680 qui
2531 4611 2582 4664 in
2623 4612 2918 4681 perniciem
2973 4625 3140 4667 ruunt
3186 4625 3239 4669 ct
3286 4615 3339 4668 in

1778 4706 2203 4772 corruptionem,
2236 4703 2383 4772 quod
2413 4703 2702 4757 Dominum
2741 4719 2846 4758 non
2878 4705 3143 4759 noverint.

1849 4873 1937 4925 51.
1975 4870 2039 4924 Et
2065 4871 2244 4923 anima
2274 4886 2386 4922 mea
2413 4870 2496 4922 illi
2528 4871 2680 4932 vivet,
2701 4879 2750 4922 et
2767 4886 2937 4923 semen
2961 4886 3130 4922 meum
3158 4872 3340 4924 serviet

1778 4966 1898 5032 ipsi.
1936 4963 2132 5017 Sancta
2175 4963 2370 5030 quippe
2409 4971 2463 5014 et
2495 4961 2766 5030 inculpata
2810 4961 3012 5015 Christi
3059 4962 3166 5015 vita
3215 4961 3336 5024 fuit,

1776 5072 1940 5124 quam
1977 5071 2100 5110 cum
2130 5056 2316 5110 labore
2355 5065 2409 5109 et
2436 5070 2678 5109 aerumna
2707 5070 2868 5109 carne
2909 5054 3129 5108 indutus
3159 5063 3339 5108 trans-

1774 5151 1883 5219 egit
1915 5149 1965 5202 in
2009 5158 2172 5202 terra.
2203 5147 2320 5216 Ipse
2349 5163 2584 5217 namque
2614 5149 2765 5203 solus
2796 5156 3076 5217 peceatum
3121 5162 3228 5200 non
3267 5145 3341 5200 fe-

1777 5243 1872 5304 cit,
1913 5242 2012 5296 etsi
2058 5242 2125 5294 ad
2159 5241 2567 5295 similitudinem
2609 5250 2851 5294 nostram
2908 5238 3084 5293 factus
3137 5239 3227 5302 sit,
3285 5248 3340 5292 et

1775 5349 1990 5387 carnem
2025 5334 2402 5401 assumpserit.
2436 5348 2558 5401 qua:
2594 5348 2688 5397 per
2733 5348 2790 5386 se
2827 5332 3060 5399 peccatis
3100 5331 3334 5384 obnoxia

1773 5437 1892 5482 est:
1928 5442 2112 5481 semen
2150 5435 2330 5479 autem
2363 5424 2456 5479 Dei
2491 5425 2835 5479 existimandi
2870 5425 2963 5493 qui
3020 5423 3089 5476 ab
3133 5438 3198 5477 eo
3243 5438 3336 5491 per

1776 5522 1932 5574 ﬁdem
1962 5531 2092 5573 sunt
2119 5518 2294 5572 vocati
2319 5535 2334 5569 :
2372 5517 2787 5571 Annuntiabitur
2815 5516 3038 5570 Domino
3072 5518 3336 5585 generatio

1778 5617 2012 5661 ventura.
2050 5606 2110 5659 Et
2144 5606 2257 5659 han:
2281 5622 2497 5676 quoque
2526 5607 2592 5661 de
2625 5607 2873 5677 gentibus
2907 5607 3171 5674 intelligit.

1595 5743 1812 5797 "Rom.
1851 5757 1930 5804 ut,
1969 5741 2059 5808 ‘29,
2097 5741 2182 5796 50.

3025 5837 3063 5897 5
