4074 6304
764 349 863 405 139

1616 344 1672 398 S.
1713 341 2081 396 ATHAN‘ASH
2124 341 2272 396 OPP.
2315 340 2494 395 PARS
2534 341 2620 395 111.
2661 369 2728 379 -—
2768 338 3175 396 EXEGETICA.
3873 344 3949 395 140

832 463 920 518 32.
959 461 1158 515 Povulo
1195 463 1283 532 qui
1336 469 1597 523 nascetur,
1643 476 1792 530 quem
1860 460 1983 528 fecit
2040 459 2318 512 Dominus.

2496 458 2628 523 Λαῷ
2656 457 2731 523 τῷ
2758 457 3197 527 τεχθησομένφ,
3249 455 3318 508 ὃν
3342 457 3628 522 ἐποίησεν
3679 456 3710 508 ὁ
3756 457 3948 524 Κύριος.

761 557 900 612 11ιιίο
927 556 1101 612 simile
1120 563 1207 610 est
1233 555 1397 609 illud:
1433 553 1553 606 Non
1583 570 1647 607 ea:
1672 552 2035 622 sanguinibus,
2070 569 2228 622 neque
2255 569 2318 606 ex

762 649 1023 703 voluntate
1050 648 1248 711 carnis,
1282 646 1370 700 sed
1397 661 1461 699 ea:
1495 644 1597 698 Deo
1622 647 1733 697 nati
1755 654 1873 697 sunt
1892 644 1958 696 ".

1111 738 1160 792 1.
1197 735 1535 793 PSALMUS
1569 735 1758 789 David.
1791 733 1987 789 XXII.

1322 831 1718 899 Argumentum.

763 922 985 978 Canitur
1011 937 1253 993 praesens
1282 922 1529 990 psalmus
1572 936 1637 974 ex
1667 935 1897 990 persona
1948 918 2182 988 gentium
2226 934 2321 972 ex-

837 1016 1154 1070 sultantium
1185 1014 1327 1083 quod
1383 1013 1643 1066 Dominus
1688 1014 1802 1082 ipse
1839 1014 1904 1067 ad
1962 1027 2160 1082 pascua
2206 1011 2325 1064 illas

836 1104 1172 1176 perduceret.
1193 1102 1256 1156 Et
1271 1117 1401 1156 sane
1419 1103 1705 1172 mysticum
1723 1110 1978 1156 enarrant
1994 1100 2323 1163 convivium,

836 1195 981 1265 quod
1013 1195 1115 1249 illis
1144 1203 1330 1265 pastor
1361 1193 1622 1249 Dominus
1653 1193 1921 1263 apposuit.

2425 553 2645 621 ’Ὅμοιον
2681 552 2770 614 τὸ,
2798 553 2919 605 Οὐκ
2955 551 3022 613 ἐξ
3053 548 3311 618 αἱμάτων
3334 589 3348 610 ,
3383 548 3523 601 οὐδὲ
3563 549 3632 601 ἐκ
3664 548 3951 617 Οελήματος

2420 642 2666 710 σαρκὸς,
2692 642 2850 695 ἀλλὰ
2880 642 2947 693 ἐκ
2988 641 3134 693 Θεοῦ
3160 639 3594 708 ἐγγενήθησαν.

2795 736 3096 788 ΨΑΛΜΟΣ
3142 731 3220 796 τῷ
3253 729 3450 785 Δαυΐδ.
3491 734 3620 785 KB'.

3041 824 3052 840 '
3068 825 3375 887 Υπόθεσιςι

2424 916 2638 987 ’ᾼδεται
2659 917 2688 967 ὁ
2709 913 3063 984 προκείμενος
3077 913 3285 983 ψαλμὺς
3312 915 3374 966 ὲκ
3391 911 3678 983 προσώπου
3695 913 3797 965 τῶν
3819 914 3952 965 ἐθνῶι

2493 988 2866 1077 ἁγαλλομένων
2899 1007 2992 1058 ἐπὶ
3027 1006 3086 1058 τὸ
3127 1008 3388 1076 ποιμᾶναι
3429 1006 3624 1068 αὐτοὺς
3652 1004 3739 1057 τὸν
3767 1006 3955 1076 Κύριον.

2493 1101 2602 1154 Καὶ
2632 1099 2736 1170 μὴν
2761 1100 2852 1152 καὶ
2880 1096 3142 1168 μυστικὴν
3165 1097 3483 1168 ἐξηγοῦνται
3503 1096 3831 1167 εὐωχίαν,ἣν
3850 1114 3958 1168 παρ-

2496 1192 2687 1262 έθηκεν
2719 1193 2898 1256 αὑτοίς
2930 1193 3088 1256 αὐτὸς
3120 1193 3147 1242 ὁ
3177 1191 3475 1261 ποιμαίνων
3509 1189 3722 1253 αὐτούς.

835 1289 1027 1343 Daniel
1060 1288 1352 1342 Barbarus.
1380 1286 1632 1342 Psalmus
1659 1296 1741 1342 est
1763 1287 2102 1341 redeuntium
2135 1301 2163 1339 a
2198 1284 2490 1355 Babylonia
2526 1286 2802 1349 servitute,
2832 1287 3092 1355 quoniam
3133 1294 3421 1353 postquam
3458 1283 3632 1353 Cyrus
3661 1298 3747 1337 rex
3779 1297 3866 1335 cos
3895 1283 3960 1332 di-

763 1386 930 1451 misit,
957 1400 1080 1440 cum
1120 1399 1310 1454 magna
1343 1384 1526 1438 laetitia
1560 1391 1614 1437 ct
1645 1383 1797 1452 copia
1837 1397 2014 1436 rerum
2044 1381 2113 1435 ad
2143 1397 2272 1437 suos
2317 1382 2517 1436 reversi
2561 1391 2706 1436 sunt.
2753 1381 2859 1436 Sed
2901 1391 2955 1434 ct
2991 1381 3090 1434 hoc
3128 1379 3321 1433 beatus
3365 1377 3531 1432 David
3562 1387 3684 1431 ante
3730 1376 3871 1431 dicit.
3904 1373 3962 1426 Ει

761 1494 989 1549 persona
1019 1478 1180 1548 igitur
1212 1478 1453 1547 ipsorum
1478 1478 1530 1532 in
1565 1478 1792 1548 patriam
1829 1477 2212 1532 revertentium
2246 1477 2340 1531 ait.

829 1569 1086 1624 Dominus
1116 1570 1287 1640 pascit
1319 1587 1421 1634 me,
1459 1579 1510 1623 et
1555 1570 1684 1623 nihil
1739 1570 1864 1624 mihi
1898 1571 2086 1624 deerit.
2115 1570 2318 1641 Magni-

761 1663 859 1717 lice
889 1663 942 1716 in
969 1661 1197 1716 Domino
1223 1663 1463 1716 sentiunt
1500 1664 1592 1732 qui
1625 1664 1692 1717 ab
1725 1663 1818 1716 illo
1858 1673 2175 1733 pascuntur.

829 1754 882 1808 2.
923 1753 986 1807 In
1011 1755 1122 1808 loco
1149 1771 1358 1824 pascua:
1387 1755 1458 1808 ibi
1498 1771 1575 1808 me
1608 1754 1901 1808 collocavit.
1937 1756 1994 1809 In
2029 1755 2210 1809 herba:
2244 1754 2318 1809 lu-
2349 1792 2391 1846 Β

759 1848 1027 1902 xuriantis
1074 1849 1194 1902 loco
1241 1864 1326 1902 me
1360 1847 1668 1913 collocavit,
1709 1847 2045 1917 spiritualem
2095 1848 2316 1902 herbam

759 1940 909 1994 dicit.
957 1940 1124 2010 Super
1162 1958 1353 2010 aquam
1398 1941 1694 2009 refectionis
1745 1941 1986 1994 educavit
2034 1957 2134 1994 me.
2167 1940 2319 2009 Aqua
2422 1937 2602 2008 φησίν.

760 2031 1073 2087 relectiouis
1132 2049 1348 2088 sacrum
1419 2033 1554 2088 forte
1608 2034 1878 2102 baptisma
1955 2032 2319 2102 intelligatur,

762 2127 958 2196 quippe
986 2125 1131 2196 quod
1157 2134 1499 2195 peccatorum
1527 2125 1723 2179 molem
1753 2124 2044 2190 abstergat.

835 2217 1002 2290 [ll-.cc,
1038 2219 1232 2287 inquit,
1271 2217 1448 2285 praebe
1488 2215 1642 2278 mihi,
1694 2214 1850 2284 prius
1895 2214 2088 2267 anima:
2136 2228 2322 2267 curam

765 2326 996 2381 gerens:
1050 2319 1211 2378 atque
1250 2325 1316 2362 ex
1364 2308 1522 2363 devio
1569 2322 1655 2361 me
1695 2316 2017 2371 convertas,
2071 2312 2129 2359 ut
2176 2314 2323 2359 recta

765 2403 976 2473 gradiar
1005 2399 1137 2472 via.]

835 2496 887 2549 5.
914 2495 1157 2547 Animam
1198 2509 1360 2546 meam
1389 2492 1655 2546 convertit.
1683 2489 1761 2544 Ex
1794 2489 2100 2560 captivitate
2127 2488 2325 2543 diaboli

767 2584 1002 2639 animam
1047 2595 1220 2635 meam
1260 2580 1327 2634 ad
1361 2595 1417 2635 se
1446 2589 1790 2646 convertens,
1820 2579 1889 2632 ad
1931 2595 2028 2634 sua
2059 2588 2325 2648 pratcepta

767 2676 989 2732 deduxit
1023 2675 1168 2728 illam
1199 2689 1267 2728 ex
1302 2683 1476 2727 morte
1505 2673 1572 2726 ad
1612 2673 1798 2725 vitam.
1829 2669 1924 2743 [Ut
1948 2670 2041 2740 qui
2071 2671 2199 2725 olim
2235 2686 2330 2725 ne-

767 2768 938 2836 glccta
968 2766 1147 2819 anima
1175 2779 1272 2818 sua
1309 2761 1589 2826 defecerit,
1620 2778 1683 2817 ac
1713 2779 1807 2831 per
1839 2770 2198 2816 memoratum
2236 2760 2330 2814 de-

767 2858 894 2911 inde
941 2857 1120 2911 cibum
1173 2864 1449 2909 recreatus
1498 2853 1590 2918 sit,
1619 2869 1847 2908 aversus
1895 2861 1950 2906 et
1994 2852 2258 2907 abductus
2299 2867 2328 2905 a

768 2955 972 3011 morte,
1003 2949 1114 2998 ait:
1140 2944 1386 2996 Animam
1428 2958 1595 2994 meam
1627 2943 1873 2995 convertit
1906 2943 1958 2994 in
1994 2942 2130 2995 viam
2165 2941 2330 3010 justi-

772 3040 881 3104 tiw,
907 3037 958 3090 in
1005 3035 1311 3106 evangelica
1351 3034 1556 3090 scilicet
1599 3035 1868 3106 dogmata.
1899 3034 1957 3089 Si
1999 3035 2330 3089 ambulavero

2493 1571 2702 1636 Κύριος
2736 1568 3030 1636 ποιμαίνει
3065 1582 3158 1634 με.
3225 1564 3384 1632 Μέγα
3418 1563 3509 1617 ἐπὶ
3536 1563 3614 1633 τῷ
3647 1562 3829 1632 Κυρίῳ
3861 1580 3962 1634 φρο-

2419 1661 2600 1715 νοῦσιν
2630 1662 2678 1712 οί
2709 1662 2833 1730 παρ’
2869 1660 3032 1712 αὑτοῦ
3065 1659 3496 1729 ποιμαινόμενοι.

2492 1758 2593 1819 Εἰς
2620 1753 2804 1805 τόπον
2834 1754 3022 1820 χλόης
3053 1750 3182 1804 ἐκεῖ
3223 1768 3298 1819 με
3351 1747 3828 1814 κατεσκήνωσεν.
3897 1747 3966 1798 Ἐν

2422 1844 2711 1918 ὼραιότητι
2755 1843 2889 1905 πόας
2937 1841 3316 1910 κατεσκήνωσέ
3348 1858 3447 1909 με,
3500 1840 3598 1910 τὴν
3641 1837 3832 1909 νοητὴν
3855 1838 3966 1889 :c'uv

2684 1934 2813 1988 Ἐπὶ
2857 1933 3072 1999 ὓδατος
3122 1934 3519 1997 ἀναπαύσεως
3565 1931 3847 1999 ἐξέθρεψέ
3887 1946 3964 1998 με.

2424 2029 2605 2100 ’Υδωρ
2643 2027 3000 2090 ἀναπαύσεως
3029 2025 3241 2097 νοηθείη
3273 2024 3337 2078 ἂν
3383 2027 3443 2077 τὸ
3468 2023 3563 2077 τοῦ
3595 2025 3750 2092 ἁγίου
3798 2024 3966 2090 βαπτί-

2425 2139 2660 2192 σματος,
2693 2122 2786 2174 ac:
2812 2119 2874 2190 δὴ
2907 2119 2968 2170 τὸ
2995 2119 3210 2188 φορτίον
3249 2116 3524 2185 ἐξαλεῖφον
3555 2116 3662 2170 τῶν
3693 2117 3965 2187 ἁμαρτιῶν.

2497 2211 2702 2284 [Ταῦτα
2727 2210 2965 2280 παρέσχε
2987 2225 3095 2277 μοι,
3117 2208 3271 2277 φησὶ,
3291 2208 3549 2278 πρότερον
3571 2208 3668 2278 τῆς
3687 2207 3857 2278 ψυχῆς
3879 2208 3970 2257 ἐπι-

2429 2301 2700 2372 μεληθεὶς,
2737 2301 2830 2353 καὶ
2849 2302 2912 2352 ὲκ
2939 2300 3036 2369 τῆς
3068 2298 3278 2363 ἀνοδίας
3300 2299 3630 2369 ἐπιστρέψας
3659 2298 3792 2368 πρὸς
3820 2298 3873 2349 τὸ
3891 2300 3970 2366 τὴν

2427 2394 2638 2448 εὐθεῖαν
2668 2395 2781 2449 ὁδὸν
2813 2395 3034 2448 ὁδεύειν.
3053 2393 3074 2465 ]

2502 2488 2620 2557 Τὴν
2648 2487 2859 2557 ψυχήν
2878 2507 2996 2557 μου
3035 2489 3424 2557 ἐπέστρεψεν.
3475 2489 3567 2540 Ἐκ
3597 2487 3695 2556 τῆς
3725 2485 3971 2557 αἰχμαλω-

2429 2581 2546 2646 σίας
2572 2581 2666 2634 τοῦ
2691 2581 2936 2634 διαϐόλου
2964 2581 3296 2653 ἐπιστρέψας
3327 2581 3462 2652 πρὸς
3489 2580 3677 2632 ἑαυτὸν
3698 2581 3795 2648 τὴν
3819 2579 3971 2647 ψυχήν

2432 2691 2553 2745 μου,
2576 2675 2853 2745 ὡδήγησεν
2881 2675 2973 2725 ἐπὶ
3004 2673 3099 2736 τὰς
3127 2674 3346 2737 ἐντολὰς
3377 2672 3540 2727 αὑτοῦ
3571 2675 3636 2724 ὲκ
3659 2673 3883 2725 θανάτου
3909 2673 3972 2731 εἰς

2430 2769 2591 2839 ζωήν.
2627 2766 2748 2838 [Ὡς
2783 2766 3162 2838 παρεκλείπων
3192 2765 3356 2818 πάλαι
3381 2765 3478 2836 τὴν
3520 2765 3654 2818 ίδίαν
3688 2765 3878 2834 ψυχὴν,
3901 2763 3974 2815 διὰ.

2429 2860 2527 2929 τῆς
2579 2859 2870 2930 εἰρημένης
2905 2857 3111 2927 τροφῆς
3147 2855 3428 2910 ἀναλαϐὼν
3467 2857 3687 2920 ἑαυτὸν,
3735 2856 3825 2908 καὶ
3868 2855 3973 2905 ἑπι-

2432 2953 2676 3023 στρέφων
2728 2953 2791 3004 ὲκ
2833 2951 3093 3015 Θανάτου,
3131 2950 3294 3020 φησί·
3337 2949 3454 3016 Τὴν
3506 2948 3718 3016 ψυχήν
3748 2965 3862 3015 μου
3891 2946 3976 2997 ἐπ-

2431 3044 2684 3111 έστρεψε
2714 3043 2811 3095 ἐπὶ
2851 3043 3086 3109 τρίϐους
3121 3041 3509 3106 δικαιοσύνης
3528 3057 3542 3071 ο
3574 3040 3642 3092 τὰ
3674 3038 3978 3107 εὐαγγελικα

769 3131 827 3184 in
867 3127 1032 3182 medio
1073 3128 1270 3184 umbra:
1316 3129 1520 3194 mortis,
1565 3129 1720 3199 quasi
1770 3127 1987 3183 Patrem
2028 3130 2326 3198 all0qnens.

2435 3148 2565 3201 φησι
2593 3131 2853 3200 δόγματα.
2883 3130 3016 3183 Ἐὰν
3041 3129 3306 3198 πορευθῶ
3329 3131 3397 3182 ἐν
3415 3129 3583 3198 μέσῳ
3610 3129 3787 3194 σκιᾶς
3818 3130 3976 3184 θανά-

770 3219 954 3292 Ipsum
1004 3230 1183 3274 autem
1217 3220 1496 3274 Christum
1531 3229 1689 3274 vocat
1719 3218 1928 3290 virgam
1960 3218 2196 3282 virtutis,
2225 3220 2332 3275 vir-

2438 3241 2563 3288 tov,
2609 3223 2683 3287 ὡς
2733 3224 2868 3294 πρὸς
2912 3223 3000 3276 τὸν
3035 3223 3270 3294 Πατέρα.
3315 3221 3484 3274 Αὑτὸν
3524 3221 3580 3274 δὲ
3624 3222 3717 3274 τὸν
3766 3221 3978 3292 Χριστόν

773 3329 893 3384 gain
926 3313 1234 3382 gloriosam,
1267 3323 1320 3367 et
1350 3313 1552 3382 virgam
1581 3312 1984 3382 magnitudinis.
2006 3313 2156 3369 Sicut
2187 3315 2332 3384 virga

2437 3333 2567 3385 φησι
2620 3315 2809 3387 ῥὰσδον
2854 3315 3170 3385 δυνάμεως,
3223 3313 3316 3367 καὶ
3366 3312 3558 3385 ῥάϐδον
3608 3313 3806 3382 εὐκλεῆ
3831 3353 3843 3374 ,
3901 3313 3980 3364 καὶ

770 3405 1015 3475 corripit,
1052 3404 1125 3458 ita
1167 3413 1219 3458 ct
1259 3405 1337 3459 vis
1375 3403 1710 3474 facultasque
1773 3404 1967 3474 agendi
2023 3405 2179 3459 docet
2224 3418 2332 3475 quo

2438 3405 2629 3476 ῥάϐδον
2667 3404 3048 3474 μεγαλότητος.
3074 3404 3283 3474 Ὥσπερ
3319 3402 3513 3472 ῥάϐδος
3567 3401 3828 3462 παιδεύει,
3853 3400 3978 3452 οὕτω

773 3505 930 3566 pacto
957 3496 1233 3551 moderate
1255 3496 1395 3549 mala
1426 3495 1714 3567 leramus.]
1739 3494 2060 3566 Evangelica
2093 3512 2218 3550 vero
2243 3497 2335 3550 do-

774 3596 952 3657 gmata
987 3586 1212 3640 indicat.

850 3674 904 3728 4.
941 3673 1100 3745 Virga
1144 3685 1236 3728 tua
1277 3684 1325 3728 et
1371 3674 1587 3730 baculus
1638 3685 1757 3730 tuus
1808 3677 1921 3746 ipsa
1953 3693 2031 3730 me
2067 3678 2336 3732 consolata

777 3776 919 3820 sunt.
957 3766 1132 3836 Ipsum
1180 3766 1256 3820 ait
1281 3766 1581 3821 Christum.
1616 3765 1681 3820 Et
1713 3768 1881 3822 illud:
1925 3765 2137 3838 Virgam
2169 3769 2333 3822 virtu-

777 3859 844 3911 tis
873 3858 1070 3911 emittet
1095 3857 1188 3910 tibi
1215 3857 1467 3910 Dominus
1488 3873 1551 3910 ex
1574 3856 1702 3912 Sion
1721 3859 1783 3911 “.
1809 3859 2052 3929 Et,virga
2083 3858 2333 3928 gloriosa,

776 3949 921 4018 uirga
956 3947 1192 3999 maxima
1216 3947 1282 3999 ".
1316 3947 1475 4017 Virga
1517 3958 1600 4002 est
1623 3949 1903 4002 erudiendi
1945 3951 2338 4018 potestas;ba-

776 4038 954 4102 culus,
983 4037 1344 4107 patrocinium
1371 4038 1422 4090 in
1462 4039 1794 4093 consolando
1821 4039 2006 4093 situm.

858 4131 911 4185 5.
950 4128 1303 4200 Impinguasti
1347 4130 1399 4183 in
1446 4129 1556 4182 oleo
1621 4139 1776 4199 caput
1821 4147 2010 4184 meum.
2041 4130 2107 4186 Et
2138 4134 2239 4188 hoc
2264 4133 2339 4187 si-

780 4221 996 4292 gnillcat
1029 4221 1316 4291 mysticum
1345 4221 1605 4275 chrisma.
1643 4219 1711 4274 Et
1743 4221 1885 4276 calin;
1922 4233 2039 4276 tuus
2073 4224 2336 4278 inebrians

2438 3496 2530 3548 καὶ
2557 3495 2832 3567 πρακτικὴ
2864 3494 3246 3566 μετριοπαθεῖν
3275 3492 3627 3564 ὲκδιδὰσκει.]
3662 3493 3743 3546 Τὰ
3769 3494 3976 3560 εὐαγγε-

2436 3586 2561 3638 λικὰ
2594 3603 2724 3655 φησι
2753 3586 3015 3656 δόγματα.

2517 3678 2574 3730 Ἡ
2605 3675 2828 3743 ῥάϐδος
2859 3693 2975 3730 σου
3009 3677 3107 3730 καὶ
3151 3677 3189 3744 ἡ
3218 3675 3519 3744 βακτήρια
3559 3691 3698 3742 σου,
3741 3675 3884 3730 αἱ·τὰ
3919 3690 3982 3743 με

2437 3767 2878 3838 παρεκάλεσαν.
2924 3770 3094 3824 Αὐτὸν
3129 3769 3220 3822 τὸν
3262 3770 3495 3841 Χριστόν
3530 3787 3715 3839 φησιν.
3768 3768 3869 3821 Καὶ
3907 3767 3957 3818 τό

2448 3859 2688 3914 Ῥάϐδον
2734 3858 3038 3928 δυνάμεως
3083 3858 3482 3923 ἐξαποστελεῖ
3533 3875 3634 3912 σοι
3683 3861 3888 3926 Κύριος
3926 3857 3982 3908 ἐκ

2438 3951 2605 4006 Σιών.
2629 3953 2736 4004 Καὶ
2757 3950 2978 4018 ῥάϐδος
3005 3951 3284 4020 εὐκλεὴς,
3303 3952 3396 4004 καὶ
3418 3949 3639 4018 ῥάϐδος
3669 3949 3984 4021 “maluita-

2439 4061 2560 4109 τος.
2603 4043 2820 4106 Ῥάὸδος
2847 4046 2880 4114 ἡ
2925 4041 3246 4112 παιδευτικὴ
3287 4041 3515 4111 δύναμις
3537 4057 3550 4069 ·
3582 4040 3851 4113 βακτηρία
3879 4041 3927 4093 δὲ
3955 4043 3980 4107 ἠ

2438 4133 2525 4185 διὰ
2551 4133 2647 4203 τῆς
2680 4135 3069 4206 παρακλήσεως
3099 4133 3401 4204 ἀντίληψις.

2523 4226 2838 4292 Ἐλίπανας
2887 4227 2955 4279 ἐν
3001 4228 3181 4292 ἐλαίῳ
3225 4227 3342 4296 τὴν
3393 4226 3669 4297 κεφαλήν
3705 4245 3840 4295 μου.
3891 4224 3986 4276 Καὶ

777 4328 878 4365 me.
904 4310 1141 4364 Rursum
1169 4311 1235 4364 de
1264 4312 1487 4380 mystica
1512 4313 1621 4381 agit
1646 4312 1849 4365 laetitia.
1878 4311 1942 4366 Et
1978 4314 2332 4368 misericordia

2441 4315 2596 4369 τοῦτο
2626 4318 2686 4370 τὸ
2713 4318 2915 4388 χρίσμα
2945 4319 3004 4371 τὸ
3033 4319 3312 4389 μυστικόν.
3345 4319 3454 4373 Καὶ
3482 4317 3548 4372 τὸ
3579 4317 3861 4384 ποτήριόν
3885 4331 3984 4367 σου

781 4411 871 4452 tua
912 4397 1250 4469 subsequetur
1283 4416 1361 4453 me
1384 4399 1624 4454 onmibus
1667 4400 1870 4453 diebus.
1900 4400 2030 4480 Nam
2074 4406 2164 4473 qui
2197 4420 2330 4474 prte-

2435 4410 2740 4476 μεθύσκον
2767 4427 2862 4478 με.
2903 4410 3068 4463 Πάλιν
3093 4410 3192 4480 τὴν
3229 4411 3494 4482 μυστικὴν
3526 4409 3859 4480 εὐφροσύνην
3899 4423 3986 4475 φη-

778 4491 921 4547 dicta
974 4491 1154 4544 omnia
1193 4492 1334 4546 nacti
1361 4502 1510 4555 sunt,
1544 4493 1598 4546 in
1643 4494 2019 4548 misericordia
2052 4494 2141 4548 Dci
2173 4499 2286 4566 pos;
2309 4498 2332 4550 .i

2447 4502 2545 4556 σίν,
2585 4502 2694 4554 Καὶ
2730 4501 2794 4554 τὸ
2837 4503 3006 4566 ἔλεός
3043 4517 3158 4556 σου
3200 4480 3543 4568 καταδιώξει
3566 4520 3642 4571 με
3669 4502 3866 4567 πάσας
3894 4499 3984 4562 τὰς

779 4595 991 4649 semper
1009 4589 1188 4647 erunt,
1225 4582 1552 4652 insuperque
1586 4583 1903 4638 habitabant
1928 4585 1980 4638 in
2014 4585 2174 4639 domo
2195 4588 2332 4657 ejus.

849 4665 1088 4738 [Parasti
1130 4669 1184 4721 in
1211 4679 1484 4737 conspectu
1519 4687 1628 4724 meo
1663 4688 1912 4725 mensam.
1959 4671 2194 4729 Mensam
2224 4692 2337 4745 my—

2445 4592 2685 4662 ὴμέρας.
2729 4594 2789 4646 Oi
2832 4595 2937 4664 γὰρ
2968 4593 3077 4647 τῶν
3111 4594 3511 4665 προλεχθέντων
3552 4594 3808 4648 ἁπάντων
3837 4608 3986 4663 μετα-

2445 4685 2696 4748 λαϐόντες
2731 4685 2939 4740 ἔσονται
2981 4687 3268 4752 διαπαντὸς
3301 4690 3358 4740 ὲν
3395 4686 3472 4758 τῷ
3509 4687 3647 4740 ὲλέει
3689 4686 3785 4739 τοῦ
3833 4684 3982 4738 Θεοῦ·

780 4759 969 4812 sticam
1014 4758 1232 4825 indicat,
1268 4761 1445 4814 oleum
1498 4777 1626 4816 vero
1671 4762 1907 4818 chrisma
1943 4765 2248 4834 mysticum,
2285 4778 2332 4821 et

2447 4778 2540 4830 ua‘.
2579 4779 2683 4848 μὴν
2713 4781 2804 4832 καὶ
2837 4783 3247 4852 κατοικήσουσιν
3276 4783 3332 4835 ὲν
3361 4780 3438 4852 τῷ
3469 4783 3600 4847 οἴκῳ
3630 4780 3812 4834 αὑτοῦ.

780 4854 1004 4909 calicem
1034 4851 1231 4908 ibidem
1257 4854 1566 4926 memorat.]

858 5137 902 5190 1.
934 5134 997 5189 In
1023 5136 1177 5204 ﬁnem
1207 5132 1448 5189 ΡςΑιΜ
1459 5134 1544 5190 US
1569 5134 1737 5190 Dauid
1773 5152 1876 5190 una
1901 5133 2266 5189 Sabbatorum.

1452 5225 1680 5280 XXIII.

1371 5319 1768 5387 Argumentum.

782 5404 977 5460 Daniel
1005 5403 1294 5458 Barbarus.
1334 5406 1630 5461 Ascensum
1658 5405 1872 5462 Domini
1910 5423 2145 5476 praesens
2190 5411 2337 5480 psal-

853 5511 972 5550 mus
991 5495 1145 5550 nobis
1167 5500 1507 5565 praznuntiat,
1529 5514 1738 5552 necnon
1761 5501 1997 5567 gentium
2016 5501 2337 5567 doctrinam,

849 5601 899 5644 ct
921 5591 1374 5657 quemsdmodum
1406 5591 1608 5647 caelesti
1636 5592 1909 5648 domicilio
1935 5594 2165 5664 dignata:
2189 5606 2335 5649 sunt.

851 5768 894 5799 “
919 5767 1073 5822 Joau.
1100 5785 1140 5831 ι,
1182 5771 1259 5826 15.
1344 5771 1383 5801 ⁸⁷⁸
1424 5770 1565 5828 Psnl.
1601 5790 1707 5840 cnx,
1748 5775 1792 5828 5.

1879 5778 1920 5810 ⁸⁵
1951 5777 2058 5832 Jcr.
2099 5797 2286 5839 χιι-ιιι.
2330 5785 2408 5838 17.

2515 4871 2895 4944 [Ἡτοίμασας
2928 4875 3185 4930 ἐνώπιόν
3211 4896 3331 4947 μου
3373 4876 3678 4947 τράπεζαν.
3719 4874 3987 4949 Τράπεζαν

2445 4965 2543 5034 τὴν
2579 4966 2843 5038 μυστικὴν
2870 4967 3046 5035 λέγει,
3077 4969 3169 5021 καὶ
3198 4970 3257 5022 τὺ
3284 4968 3459 5024 ἔλαιον
3488 4970 3548 5023 τὸ
3583 4970 3791 5041 χρίσμα
3820 4985 3987 5040 μυστι-

2448 5055 2560 5120 κὸν,
2590 5059 2682 5110 καὶ
2706 5057 2765 5110 τὸ
2799 5061 3057 5129 ποτήριον
3090 5061 3283 5133 λέγει.]

2449 5149 2551 5211 Εἰς
2584 5146 2755 5212 τέλος
2790 5152 3093 5205 ΨΑΛΜΟΣ
3120 5151 3199 5217 τῷ
3220 5152 3398 5207 Aac-i6
3424 5152 3498 5219 τῇ
3521 5151 3629 5221 μιᾷ
3658 5151 3775 5206 τῶν
3797 5151 3989 5207 Σαϐϐά-

3072 5261 3206 5299 των.
3240 5247 3370 5300 Kl".

3052 5335 3368 5404 Ὺπόθεσις.

2448 5421 2556 5494 Τὴν
2586 5422 2848 5494 ἀνάληψιν
2894 5427 2985 5479 τοῦ
3021 5429 3224 5498 Κυρίου
3263 5433 3291 5484 ὁ
3340 5432 3529 5504 παρὼν
3564 5436 3695 5506 ἡμῖν
3755 5435 3987 5507 κηρύττει

2519 5512 2730 5583 ψαλμὺς
2770 5518 2862 5569 καὶ
2897 5517 3005 5571 τῶν
3045 5518 3214 5572 ἐθνῶν
3259 5522 3601 5579 διδασκαλίαν
3623 5544 3634 5556 ο
3677 5527 3788 5590 πῶς
3822 5527 3883 5581 ἂν
3913 5527 3989 5579 καὶ

2517 5608 2667 5660 αὐτοὶ
2696 5608 2832 5673 ἄξιοι
2863 5610 3120 5678 γένωνται
3149 5613 3255 5669 τῶν
3290 5616 3626 5686 ἐπουρανίων
3657 5618 3882 5689 σκηνῶν.
